3918 6132
262 228 271 236 ·
363 219 462 287 iis?

2398 164 2453 171 ._.—

1765 237 1822 294 S.
1866 239 1942 295 EF

2058 236 2218 295 mm
3474 308 3479 311 .
3523 236 3613 293 εδδ

360 353 714 412 illucescente
738 355 969 428 gerititr,
1007 371 1058 411 vi
1082 355 1203 411 dies
1226 356 1440 427 jejunio
1467 359 1747 414 tribuendi
1777 368 1938 424 sunt;

2058 360 2107 413 τὸ
2128 359 2388 431 Πάσχα,ή
2420 359 2557 432 αὐτὴ
2578 358 3145 431 τεσσαρεσκαιδεκάτη
3170 356 3547 428 ἓπιφώσκουσα
3562 357 3609 424 ἒξ

360 460 460 502 nec
480 446 593 517 jam
623 446 1168 519 unusprazlluietur;
1199 450 1389 521 sicque
1417 452 1598 507 omnis
1625 452 1714 505 illa
1747 453 1815 507 de
1839 468 1947 507 una

357 538 447 593 die
471 540 703 609 quaestio
726 555 823 609 per
855 555 914 595 se
945 541 1063 611 ipsa
1088 542 1319 607 corruit,
1353 558 1475 613 quae
1505 558 1629 599 esse
1658 545 1823 598 unica
1856 546 1950 599 dc-

358 632 512 686 sinit.
543 632 681 685 Nam
731 639 787 686 et
821 632 889 688 ad
926 634 1050 689 illas
1083 634 1385 705 ﬁgurarqu
1431 637 1678 699 umbras,
1722 653 1843 706 qua:
1878 639 1948 692 iis

355 722 493 792 ipsis
563 723 947 796 signiﬁcantur
1028 727 1369 783 adamussim
1466 710 1819 799 congruunt;
1889 739 1944 786 et

355 816 493 871 istos
537 831 767 873 necesse
790 826 875 874 est
924 818 1070 874 haud
1118 820 1450 876 mediocrem
1486 821 1799 877 divinorum
1832 839 1949 895 my-

355 907 652 962 steriorum
681 909 959 977 jacturam
995 911 1193 968 facere.
1216 913 1513 969 ~Christum
1542 916 1689 970 enim
1731 931 1823 970 xlv
1860 916 1949 970 die

311 1008 319 1077 ξ
359 999 590 1052 mactari
645 1017 710 1054 ex
750 1003 1075 1073 prmscripto
1109 1003 1246 1073 legis
1294 1006 1561 1077 oportuit,
1605 1016 1664 1061 ut
1708 1008 1829 1076 ejus
1872 1008 1948 1061 lu-

356 1105 505 1154 men,
544 1092 688 1161 quod
720 1092 941 1150 Iudaeos
976 1096 1358 1162 collustrabat,
1391 1098 1602 1154 oriente
1634 1100 1749 1154 sole
1783 1115 1845 1152 ac
1875 1101 1948 1152 lu-

358 1197 486 1237 nam
514 1185 912 1252 abscondente,
938 1188 1236 1244 desineret.
1263 1188 1477 1246 Etenim
1504 1207 1539 1245 ιι
1572 1208 1663 1246 xiv
1686 1192 1774 1247 die
1797 1193 1949 1246 duiu-

359 1290 490 1346 ceps
520 1276 664 1331 lunae
693 1278 957 1348 splendor
987 1279 1356 1335 imminuitur.
1398 1278 1491 1336 Sic
1524 1282 1577 1336 in
1601 1284 1773 1337 veteri
1807 1283 1942 1352 lege,

358 1374 485 1437 post
529 1367 819 1423 adventum
874 1385 938 1425 ac
992 1372 1307 1442 passionem
1353 1370 1593 1435 Domini.
1629 1373 1943 1429 Judaeorum

357 1457 651 1515 obscurata
694 1459 1000 1532 Synagoga,
1050 1464 1426 1534 evangelicum
1478 1466 1657 1520 lumen
1712 1465 1947 1532 all'ulsit,

359 1565 469 1606 non
517 1559 577 1606 ut
613 1555 791 1608 soluta
835 1555 927 1608 lex
979 1557 1071 1620 sit,
1114 1555 1207 1611 sed
1266 1556 1520 1626 impleta;
1560 1574 1738 1628 neque
1793 1568 1851 1613 ut
1891 1560 1942 1614 in

357 1643 594 1699 nihilum
632 1644 805 1717 ﬁgura
844 1647 1067 1703 redacta
1103 1650 1194 1712 sit,
1228 1649 1325 1705 sed
1368 1656 1425 1703 ut
1458 1650 1742 1705 veritatem
1792 1652 1945 1706 exhi-

2055 451 2289 505 διατελεῖ
2309 451 2525 523 ἡμέρας
2560 454 2616 504 ἐν
2648 454 2720 523 τῇ
2743 450 2993 522 νηστείᾳ·
3025 452 3120 504 καὶ
3145 448 3329 503 οὐκέτι
3361 449 3458 519 μία
3484 448 3611 502 ἔσται

2054 544 2155 614 τῆς
2203 545 2498 615 νηστείας·
2552 544 2647 598 καὶ
2699 543 2946 597 διέπεσεν
2992 544 3026 613 ἡ
3077 543 3206 614 περὶ
3251 543 3381 612 μιᾶς
3429 542 3612 611 ἡμέρας

2056 633 2236 687 αὐτῶν
2274 634 2523 705 ζήτησις,
2558 634 2619 687 οὐ
2653 634 2752 705 μία
2784 650 2867 696 τις
2894 626 3045 686 οὖσα.
3078 630 3365 702 Ἔχειγὰρ
3392 630 3461 684 τά
3494 647 3601 702 πρω

2054 723 2263 777 τότυπα
2313 724 2752 795 συνεζευγμέναο
2798 724 2893 777 καὶ
2944 721 3278 795 ὲζημίωνται
3316 723 3418 775 οὐκ
3451 723 3614 790 ὀλίγην

2056 816 2197 870 κατὰ.
2239 817 2372 870 Θεὸν
2405 817 2808 889 πραγματείαν.
2845 816 3003 870 Ἔδει
3039 816 3148 887 γάρ
3180 816 3271 870 τὸν
3314 815 3538 887 Χριστὸν
3568 816 3616 867 ἐν

2054 911 2625 983 τεσσαρεσκαιδεκάτῃ
2658 910 2841 982 ἡμέρᾳ
2867 908 3095 963 θύεσθαι
3131 908 3273 964 κατὰ
3317 908 3410 962 τῦν
3450 910 3613 980 νόμον,

2054 1000 2202 1062 ὅπως
2228 1000 2363 1071 λήξῃ
2396 1003 2525 1071 παρ’
2552 1001 2737 1065 αὐτοῖς
2763 999 2826 1054 τὸ
2860 1000 3093 1070 φωτίζον
3127 1002 3325 1063 αὐτοὺς
3356 998 3467 1069 φῶς
3493 998 3615 1052 κατά

2055 1091 2145 1144 τὸν
2175 1093 2357 1162 νόμον,
2393 1091 2486 1145 τοῦ
2519 1092 2671 1163 ἡλίου
2701 1092 3101 1156 ἀνατείλαντος,
3133 1092 3231 1144 καὶ
3265 1093 3617 1154 σκεπάσαντος

2054 1184 2152 1253 τῆς
2181 1183 2410 1257 σελήνης
2434 1183 2494 1237 τὸ
2526 1183 2704 1247 σέλας.
2741 1183 2873 1236 ’Λπὸ
2899 1184 3008 1256 γὰρ
3034 1183 3617 1255 τεσσαρεσκαιδεκάτης

2056 1278 2150 1329 καὶ
2187 1278 2337 1331 κάτω
2366 1277 2541 1346 φθίνει
2577 1277 2638 1331 τὸ
2686 1277 2903 1346 φαεινὸν
2932 1278 3030 1348 τῆς
3069 1277 3320 1348 σελήνης.
3349 1276 3499 1329 Οὕτω
3536 1277 3618 1329 καί

2054 1370 2111 1419 ὲν
2158 1368 2237 1438 τῷ
2269 1368 2417 1440 νόμῳ
2460 1369 2568 1422 ἀπὸ
2616 1369 2718 1440 τῆς
2759 1368 2851 1422 τοῦ
2910 1369 3147 1440 Χριστοῦ
3192 1368 3492 1439 παρουσίας
3537 1367 3619 1420 καὶ

2054 1460 2262 1520 πάθους
2284 1458 2610 1531 ἠμαύρωται
2642 1462 2673 1531 ἡ
2713 1459 2975 1530 Ἰουδαῖκὴ
2996 1460 3307 1532 συναγωγὴ,
3326 1460 3619 1531 κατηύγασε

2052 1550 2109 1603 δὲ
2167 1551 2227 1604 τὸ
2280 1552 2647 1620 Εὑαγγέλιον·
2718 1553 2793 1624 μὴ
2853 1552 3247 1617 καταλυθέντος
3304 1553 3399 1607 τοῦ
3451 1553 3617 1623 νόμον,

2053 1643 2190 1696 ἀλλὰ
2236 1644 2644 1715 πληρωθέντοςο
2688 1645 2763 1715 μὴ
2825 1645 3267 1716 καταργηθέντος
3312 1645 3408 1699 τοῦ
3444 1646 3617 1710 τύπου,

356 1736 561 1792 huerit.
604 1737 682 1792 ita
710 1747 835 1809 post
863 1738 1076 1795 Pascha
1109 1742 1176 1796 ad
1226 1739 1638 1797 Hierichuntcm
1666 1752 1942 1813 peractum

2058 1736 2191 1789 ἀλλὰ
2222 1738 2675 1813 παραπήσαντος
2700 1736 2796 1809 τὴν
2829 1737 3110 1809 ἀληθειαν.
3138 1737 3297 1792 Οὕτω
3318 1737 3428 1810 γὰρ
3455 1737 3544 1792 ml.
3570 1739 3619 1789 ἐν

360 1828 645 1901 Scriptura
675 1832 865 1887 statim
896 1834 1098 1904 adjecit
1126 1852 1137 1887 :
1176 1833 1244 1887 Et
1277 1834 1611 1889 comederunt
1654 1836 1709 1889 in
1745 1834 1943 1906 Calga-

361 1921 449 1984 lis,
489 1931 540 1975 et
573 1922 762 1992 defecit
791 1940 990 1978 manna
1021 1927 1060 1980 ί.
1106 1926 1316 1991 Quibus
1352 1927 1537 1983 verbis
1577 1927 1811 1999 idipsum
1860 1944 1947 1983 sa-

361 2029 469 2069 crae
518 2013 740 2071 Litterae
808 2016 1162 2072 vaticinando
1220 2026 1431 2075 testata:
1471 2026 1621 2083 sunt,
1664 2018 1945 2075 Dominica

360 2121 514 2174 nece,
556 2114 781 2179 propter
821 2110 1151 2181 adnegatum
1198 2109 1268 2165 ab
1314 2111 1423 2165 illis
1471 2127 1694 2175 numen,
1746 2111 1948 2181 angeli-

358 2214 506 2265 cum,
531 2216 595 2255 ac
616 2201 839 2258 caaleste
860 2202 1138 2273 pabulum,
1168 2202 1315 2275 quod
1347 2204 1695 2275 appellabant
1720 2219 1943 2271 manna,

357 2292 688 2350 desiturum.

426 2476 515 2532 lli.
560 2478 803 2534 Ecclesia
835 2494 1001 2549 porro
1029 2479 1336 2553 Catholica,
1373 2497 1493 2551 qna:
1527 2481 1594 2536 ad
1632 2480 1683 2534 id
1739 2490 1945 2553 mystc-

359 2570 500 2625 rium
542 2570 930 2639 celebrandum
984 2573 1300 2627 necessaria
1358 2580 1486 2628 sunt
1523 2574 1764 2645 undique
1814 2588 1947 2628 con-

357 2662 604 2728 trahens,
640 2670 694 2718 et
725 2664 777 2717 in
816 2678 986 2717 unum
1026 2662 1351 2732 conferens,
1408 2666 1692 2722 veritatem
1725 2666 1940 2721 retinet.

355 2750 495 2806 Nam
521 2768 630 2808 non
662 2753 839 2809 solum
879 2769 971 2807 xrv
1008 2753 1153 2808 diem
1177 2755 1471 2823 observat;
1509 2755 1605 2812 sed
1640 2762 1695 2812 et
1740 2755 1947 2811 hebdo-

355 2843 611 2912 madam;
652 2843 757 2900 hoc
794 2851 879 2901 est
927 2854 1180 2917 septenos
1243 2846 1369 2901 illos
1407 2846 1631 2903 Sabbati
1660 2846 1779 2904 dies
1804 2889 1818 2915 ,
1849 2848 1944 2920 qui

358 2943 623 3005 perpetuo
681 2938 918 2993 circuitu
967 2951 1031 2992 ac
1081 2939 1420 2996 revolutione
1459 2938 1723 3008 redeunt,
1776 2949 1835 2996 ut
1877 2943 1946 2997 ad

357 3041 549 3080 corum
580 3028 861 3100 exemplar
892 3046 1014 3101 qure
1054 3039 1183 3087 sunt
1219 3045 1252 3085 a
1286 3030 1518 3086 Domino
1545 3039 1727 3102 gesta,
1759 3047 1947 3089 resur-

356 3117 530 3172 rectio
564 3120 845 3191 epulaeque
885 3121 1251 3177 celebrentur.
1309 3122 1512 3178 Deinde
1564 3134 1763 3195 praeter
1802 3126 1946 3181 lunae

2048 1829 2127 1900 τῷ
2180 1828 2541 1899 πεποιηκέναι
2588 1808 2650 1881 ετὸ
2703 1830 2895 1900 Πάσχα
2951 1831 3008 1881 ὲν
3061 1832 3127 1901 τῇ
3186 1829 3421 1903 Ἱεριχὼ,
3478 1827 3620 1892 εὐθὺς

2049 1923 2353 1993 ἐπήνεγκεν
2393 1923 2424 1992 ἡ
2457 1920 2577 1975 θεία
2616 1921 2830 1993 Γραφὴ,
2867 1921 3133 1991 λέγουσα·
3168 1922 3281 1976 Καὶ
3312 1922 3537 1992 ἔφαγον
3560 1921 3621 1975 ἐν

2047 2012 2390 2082 Γαλγάλοις
2421 2012 2520 2066 καὶ
2548 2013 2791 2076 ἐξέλιπε
2813 2014 2878 2067 τὸ
2902 2014 3137 2082 μίίιννιν
3172 2011 3618 2086 προμαρτυροῦσα

2048 2104 2233 2168 αὐτοῖς
2285 2106 2319 2175 ἡ
2355 2104 2476 2158 θεία
2515 2103 2739 2176 Γραφὴ,
2788 2106 2881 2158 καὶ
2927 2104 3392 2176 προφητεύουσα,
3443 2106 3520 2159 ὅτι
3550 2104 3618 2174 τῷ

2048 2196 2212 2251 πάθει
2246 2195 2452 2268 Κυρίου
2499 2195 2589 2249 διὰ
2637 2195 2735 2268 τὴν
2778 2196 2958 2251 αὐτῶν
3009 2198 3443 2269 ἐπαρνησιθεῖαν
3486 2197 3617 2269 λήξει

2048 2290 2178 2361 παρ’
2208 2288 2390 2351 αὐτοῖς
2423 2288 2456 2359 ἡ
2488 2287 2692 2359 βρῶσις
2719 2289 3111 2361 ήεύαγγελικὴ,
3129 2286 3270 2344 ’καὶ
3293 2290 3617 2362 ἐπουράνιος,

2047 2379 2187 2447 ὅπερ
2226 2377 2403 2448 μάννα
2431 2378 2565 2448 παρ’
2599 2378 2783 2441 αὐτοῖς
2822 2379 3106 2450 κέκληται.

2118 2470 2192 2523 Γ’.
2234 2468 2578 2539 Πανταχόθεν
2623 2468 2680 2520 δὲ
2736 2471 2768 2540 ἠ
2819 2470 2949 2538 ἁγία
2986 2469 3099 2541 (ll)
3147 2469 3287 2523 Θεοῦ
3344 2470 3618 2542 Ἐκκλησία

2047 2561 2176 2634 περὶ
2206 2562 2305 2633 τῆς
2329 2561 2519 2633 χρείας
2550 2560 2754 2632 ταύτης
2784 2561 2881 2632 τῆς
2920 2562 3313 2632 μυσταγωγίας
3349 2562 3617 2631 συλλέγου-

2050 2672 2117 2708 σα
2155 2653 2245 2708 τὺν
2279 2652 2573 2725 σύνδεσμον
2595 2695 2609 2719 ,
2634 2654 2695 2706 οὐ
2728 2654 3008 2708 διαπίπτει
3052 2659 3152 2727 τῆς
3200 2656 3480 2728 ἀληθείας.
3519 2655 3618 2709 Κέ-

2047 2765 2251 2820 χρηται
2276 2748 2385 2819 γὰρ
2408 2748 2468 2801 οὐ
2503 2747 2662 2818 μόνον
2680 2750 2745 2820 τῇ
2760 2749 3333 2822 τεσσαρεσκαιδεκάτῃ
3353 2791 3366 2814 ,
3394 2749 3522 2804 ἀλλὰ
3537 2749 3618 2803 καὶ

2046 2843 2112 2912 τῇ
2150 2839 2405 2912 ἑϐδομάδι
2430 2842 2495 2911 τῇ
2531 2838 2673 2894 κατὰ
2708 2840 2957 2913 περίοδον
2997 2841 3455 2915 ἀνακυκλουμένῃ
3485 2840 3618 2907 τάξει

2045 2933 2155 2987 τῶν
2196 2931 2291 2986 τοῦ
2342 2931 2621 2986 Σαὸὃάτου
2652 2932 2793 2987 ἑπτα
2827 2933 3051 3005 ἡμερῶν
3075 2952 3086 2963 ·
3120 2935 3208 2988 ἵνα
3241 2935 3387 2990 κατὰ
3437 2935 3502 2989 τά
3530 2933 3619 2987 ὑπὸ

2049 3026 2143 3083 τοῦ
2168 3027 2376 3100 Κυρίου
2409 3025 2681 3097 ⁴γενόμενα
2710 3027 2852 3081 κατὰ
2883 3026 2943 3080 τὸ
2976 3028 3359 3100 πρωτότυπον,
3392 3029 3474 3100 είη
3499 3027 3619 3082 ἀνά-

2052 3122 2241 3194 στασίς
2278 3137 2339 3173 τε
2385 3120 2480 3174 καὶ
2525 3120 2748 3190 εὐωχία.
2785 3120 2896 3175 Καὶ
2936 3121 3203 3195 κέχρηται
3247 3123 3310 3177 οὐ
3368 3123 3522 3195 μόνον
3561 3123 3617 3191 τῇ

356 3226 449 3265 xlv
480 3211 653 3278 diem,
698 3215 863 3270 etiam
899 3229 1125 3271 cursum
1174 3215 1309 3271 solis
1342 3216 1600 3281 adhibet,
1641 3233 1711 3273 ne
1748 3218 1942 3289 duplex

2058 3213 2623 3288 τεσσαρεσκαιδεκάτῃ
2646 3214 2744 3286 τῆς
2780 3215 3009 3289 σελήνης
3030 3256 3046 3280 ,
3099 3216 3235 3271 ἀλλὰ
3271 3218 3370 3271 καὶ
3399 3216 3477 3287 τῷ
3515 3213 3622 3287 δρό-

356 3305 411 3355 iu
470 3306 722 3361 eumdem
776 3322 981 3362 annum
1020 3306 1232 3364 Pascha
1290 3309 1365 3364 ita
1418 3311 1828 3379 committatur,
1888 3325 1949 3369 ut

359 3396 531 3451 altero
570 3411 717 3452 anno
771 3415 841 3454 ne
875 3415 1048 3454 unum
1080 3401 1301 3470 quidem
1359 3402 1653 3459 habeatur.
1675 3404 1945 3471 Quocirca

357 3503 451 3542 xxv
482 3488 629 3543 illam
665 3489 807 3545 diem
842 3492 925 3547 sic
962 3501 1210 3551 tenemus
1236 3536 1251 3561 ,
1296 3503 1356 3550 ut
1388 3496 1779 3566 aequinoctium
1810 3514 1947 3569 prae-

358 3574 798 3645 tergrediamur;
857 3593 922 3635 ac
963 3579 1184 3637 demum
1224 3584 1280 3639 in
1328 3592 1575 3641 sanctam
1606 3586 1945 3644 Dominicam

358 3664 758 3734 religiosissimi
777 3672 1039 3741 temporis
1066 3674 1228 3730 ﬁnem
1253 3675 1600 3745 conjicimus,
1626 3677 1722 3733 sed
1746 3693 1945 3749 agnum

353 3754 469 3839 jam
510 3766 624 3812 tum
657 3774 688 3814 a
730 3760 945 3819 decimo
974 3764 1061 3821 die
1101 3767 1409 3833 sumimus,
1444 3769 1705 3839 quoniam
1739 3770 1795 3825 in
1830 3770 1942 3825 lota

357 3851 539 3907 littera
591 3849 721 3909 Jesu
763 3869 963 3912 nomen
1004 3858 1386 3929 agnoscimus;
1428 3875 1498 3916 ne
1543 3860 1676 3933 quid
1721 3863 1947 3920 omnino

357 3944 694 4015 diligentiam
737 3955 978 4004 nostram
1019 3948 1262 4022 ell'ugiat,
1299 3954 1444 4024 quod
1501 3953 1570 4009 ad
1606 3956 1948 4013 ecclesiasti-

357 4052 480 4091 cam
514 4045 566 4093 et
600 4056 917 4112 germanam
939 4084 953 4109 ,
987 4058 1052 4100 ac
1088 4046 1217 4101 vita:
1274 4047 1576 4119 salutisque
1609 4050 1945 4105 conciliatri.

359 4145 477 4184 cem
510 4128 800 4190 Paschatis
839 4135 1262 4195 celebrationem
1302 4141 1577 4210 pertinere
1601 4143 1872 4199 videatur.

428 4222 591 4297 422
623 4225 727 4281 Sed
756 4226 869 4297 jam
905 4229 1225 4298 pestiferum
1258 4232 1477 4289 bul‘onis
1505 4234 1671 4304 hujus
1704 4237 1942 4293 afﬂatum

358 4312 565 4369 Christi
598 4316 839 4385 potentia
871 4317 1367 4390 velutlobsignatus
1412 4324 1763 4396 munitusque
1802 4342 1943 4397 prm-

2054 3324 2140 3379 μῳ
2190 3306 2516 3378 τοῦ,ήλίουο
2578 3308 2664 3360 ἵνα
2715 3308 2822 3380 μὴ,
2860 3308 2939 3361 ἐνὶ
3001 3308 3236 3379 ἐνιαυτῷ
3292 3309 3389 3363 δύο
3446 3308 3620 3378 Πάσχα

2051 3398 2358 3461 ποιοῦντες,
2390 3398 2448 3451 ἐν
2484 3396 2563 3468 τῷ
2606 3398 2776 3470 ἑτέρῳ
2825 3398 2958 3470 μηδὲ
2990 3398 3048 3453 ἓν
3080 3399 3273 3469 Πάσχα
3305 3399 3619 3469 τελέσωμεν.

2048 3490 2140 3544 Διὸ
2189 3488 2660 3561 παρατηρούμεθα
2707 3490 2805 3560 μὲν
2856 3493 2953 3561 τὴν
3008 3490 3619 3563 τεσσαρεσκαιδεκάτην,

2052 3581 2453 3654 ὑπερϐαίνομεν
2488 3580 2542 3634 δὲ
2571 3580 2668 3654 τὴν
2706 3581 3017 3653 ἰσημερίαν,
3051 3582 3291 3654 φέρομεν
3325 3584 3383 3638 δὲ
3423 3585 3511 3638 ἐπὶ
3535 3582 3620 3653 τὴν

2050 3674 2212 3744 ἁγίαν
2240 3673 2526 3745 Κυριακὴν
2563 3672 2624 3725 τὸ
2655 3672 2810 3737 τέλος
2848 3673 2948 3744 τῆς
2981 3674 3459 3746 συμπληρώσεως·
3492 3676 3621 3745 λαμ-

2049 3767 2284 3838 ϐάνομεν
2309 3766 2365 3820 δὲ
2390 3767 2451 3821 τὸ
2475 3765 2745 3839 πρόϐατον
2773 3766 2881 3821 άπὸ
2904 3766 3167 3839 δεκάτης,
3196 3768 3371 3840 ὄνομα
3401 3768 3492 3824 τοῦ
3528 3770 3621 3838 ’1η-

2051 3860 2147 3915 σοῦ
2178 3861 2492 3931 ἐπιγνόντες
2521 3861 2609 3916 διὰ
2633 3862 2694 3915 τὸ
2722 3860 2860 3915 ἰῶτα
2879 3877 2894 3894 ·
2934 3861 3021 3915 ἵνα
3057 3862 3132 3932 μὴ
3172 3860 3315 3935 λάθῃ
3350 3863 3496 3933 ἡμᾶς
3529 3876 3622 3930 pr,-

2046 3955 2134 4009 δὲν
2163 3953 2273 4009 τῶν
2309 3954 2454 4010 κατὰ
2483 3954 2581 4025 τὴν
2612 3954 2875 4025 ἀλήθειαν
2899 3956 3079 4008 πᾶσαν
3104 3955 3205 4027 τῆς
3235 3954 3476 4025 ζωτικῆς
3501 3950 3616 4006 ταύ-

2046 4065 2147 4120 της
2187 4046 2281 4101 τοῢ
2324 4046 2519 4118 Πάσχα
2569 4046 2672 4118 τῆς
2718 4046 3178 4119 ὲκκλησιαστικῆς
3229 4049 3326 4102 καὶ
3380 4045 3623 4119 ἀληθινῆς

2051 4139 2453 4213 πραγματείας.

2130 4230 2545 4303 ’Υπερϐήσομαι
2604 4231 2661 4283 δὲ
2712 4232 2804 4284 καὶ
2855 4230 3014 4284 τοῦτο
3065 4231 3128 4283 τὸ
3185 4230 3490 4302 ἐμφύσημα
3535 4226 3621 4282 τοῦ

2050 4322 2248 4395 βέωνος
2297 4324 2439 4396 (12),
2484 4324 2659 4377 εἷτουν
2699 4323 2938 4393 φυσαλοῦ
2989 4324 3205 4394 ὅψεως,
3258 4324 3349 4378 διὰ
3392 4328 3491 4397 τῆς
3534 4320 3619 4376 τοῦ

358 4406 570 4472 teribo;
609 4420 674 4462 ac
712 4406 807 4463 Dei
853 4424 956 4479 ope
999 4412 1292 4481 postulata,
1333 4414 1572 4469 animum
1609 4417 1674 4472 ad
1709 4420 1942 4491 reliquas

2058 4417 2288 4490 Χριστοῦ
2325 4416 2607 4487 δυνάμεως
2638 4416 3179 4488 ἐπισφραγισάμενος
3201 4457 3215 4480 ,
3253 4418 3347 4470 καὶ
3389 4417 3482 4471 ἐπὶ
3533 4414 3623 4489 τὰς.

360 4508 702 4554 convertam.

624 4703 996 4764 ADVERSUS
1035 4706 1365 4764 H/ERESIN
1414 4708 1617 4764 ILLAM
1642 4752 1657 4775 ,

360 4818 494 4886 Qum
547 4819 782 4896 Joannis
832 4821 1176 4894 Evangeh'um
1226 4834 1276 4880 et
1327 4826 1687 4895 Apocalypsin
1745 4828 1939 4896 rejicit,

390 4907 548 4959 quam
572 4892 874 4948 Amentium
901 4892 1155 4964 appellat,
1186 4892 1403 4952 [tmesis
1428 4892 1644 4965 XXXI,
1677 4892 1911 4953 sire'IJ.

425 5067 469 5126 Ι.
514 5068 647 5128 Post
678 5071 1106 5146 Cataphrygum,
1140 5074 1646 5143 Quintillianorum,
1685 5086 1739 5132 et
1774 5078 1945 5143 Quar-

351 5163 828 5219 tidecimanorum
857 5175 1057 5230 sectas,
1084 5181 1225 5222 nova
1255 5166 1504 5237 quaedam
1535 5168 1588 5223 in
1617 5170 1802 5224 orbem
1835 5179 1945 5225 ter-

351 5270 540 5311 rarum
599 5256 781 5327 erupit
837 5256 1062 5314 haeresis
1089 5299 1104 5321 ,
1146 5259 1293 5315 velut
1345 5260 1655 5317 imbecillus
1694 5277 1946 5333 serpens,

2047 4507 2176 4579 ἑξῆς
2206 4508 2295 4561 τὸν
2323 4506 2449 4561 νοῦν
2481 4506 2800 4577 προτείνων,
2831 4507 2962 4561 Θεὸν
2999 4506 3245 4579 συνήθως
3273 4507 3621 4577 ἐπικαλούμεο

2048 4618 2137 4664 νος
2170 4602 2249 4664 είς
2276 4600 2546 4672 βοήθειαν.

2473 4716 2664 4769 ΚΑΤΑ
2703 4716 2839 4770 ΤΗΣ
2874 4714 3217 4779 ΑΙΡΕΣΕΩΣ,

2050 4828 2169 4899 Τῆς
2192 4831 2278 4899 μὴ
2300 4828 2630 4900 δεχομένης
2657 4828 2723 4883 τὸ
2754 4829 2903 4900 κατὰ
2940 4828 3218 4900 Ἰωάννην
3239 4829 3614 4900 Edam-aiter.

2107 4895 2207 4954 aut
2238 4895 2803 4968 τὴνδλὲτοκὰλυψιν,
2825 4898 2905 4965 ἦν
2930 4895 3229 4953 ἐκάιεσεν
3274 4895 3554 4968 Ἀνοῆτων
3578 4895 3617 4957 ³,

2096 4970 2421 5041 τριακοστὴ
2452 4967 2692 5040 πρώτη,
2726 4970 2763 5038 ἢ
2796 4969 2894 5023 καί
2926 4971 3313 5039 πεντηκοστὴ
3352 4967 3567 5040 πρώτη.

2112 5081 2190 5137 Α’.
2222 5081 2473 5152 Καθεξῆς
2522 5082 2579 5136 δὲ
2626 5081 2831 5135 τούτων
2876 5081 2987 5134 τῶν
3014 5081 3315 5154 αἱρέσεων,
3349 5079 3486 5151 μετὰ
3529 5077 3617 5147 τὴν

2044 5172 2185 5227 κατὰ
2237 5172 2456 5246 Φρύγας
2511 5191 2570 5227 τε
2624 5175 2718 5229 καὶ
2766 5174 3255 5239 Κυϊντιλλιανοῦς,
3297 5173 3391 5228 καὶ
3417 5173 3617 5225 Τεσσα-

2050 5266 2530 5336 ρεσκαιδεκατίτας
2562 5266 2705 5321 οὕτω
2746 5266 3150 5338 καλουμένους,
3180 5264 3386 5336 άνεφύη
3418 5262 3494 5334 τῷ
3527 5261 3616 5333 βίῳ

354 5458 389 5473 ..
428 5417 440 5444 '
477 5413 594 5471 Jos.
629 5431 685 5483 v,
722 5414 789 5469 18
865 5416 885 5447 ⁸
915 5414 978 5471 F.
1007 5417 1293 5490 ἁγγελική.
1370 5418 1526 5475 ³1ωο
1568 5420 1748 5489 potius
1796 5421 2055 5491 Ἀλόγων.

426 5530 538 5600 (ll)
570 5532 969 5606 _Harta_xdt?er
999 5532 1069 5587 ὃς
1104 5535 1142 5603 ἡ
1178 5536 1334 5606 ἁγία.
1389 5536 1520 5603 Quae
1568 5537 1633 5590 ad
1669 5537 1818 5593 hunc
1854 5539 1937 5594 lo-

354 5611 485 5678 cura
520 5600 833 5678 adnotanda
862 5600 1235 5678 erant._ea'_ad'
1262 5600 1538 5663 haerfux
1571 5624 1692 5678 qua:
1724 5616 1808 5663 est
1836 5608 1944 5664 Au-

360 5670 511 5746 diam
554 5669 904 5746 digeremus,
969 5675 1057 5732 ubi
1107 5675 1264 5746 plura
1327 5678 1394 5734 ad
1458 5669 1938 5736 hoc-institutum

361 5736 554 5809 Epiph.
592 5739 857 5808 disputat.

2120 5542 2232 5614 (li)
2281 5543 2347 5596 Τὸ
2392 5543 2720 5614 ἐμφύσημα
2752 5545 2857 5600 τοῦ
2896 5545 3149 5611 βέωνος.
3194 5542 3310 5599 Vox
3343 5544 3446 5599 ista

2048 5606 2321 5685 nusquam
2376 5606 2536 5670 a'tiie
2595 5606 2752 5671 le'cta.
2800 5606 2978 5685 Atque
3022 5606 3164 5685 haud
3225 5615 3340 5671 scio
3380 5629 3449 5669 an
3485 5606 3608 5683 ’βού-

2050 5700 2227 5753 φωνος
2252 5681 2449 5742 Latino
2476 5686 2744 5745 vocabulo
2774 5681 3064 5758 scripserit
3091 5684 3285 5759 Epiph.
