3952 6178
306 318 411 373 839

976 321 1346 381 ADVERSUS
1384 325 1732 385 HERESES
1768 330 1893 389 LIB.

1997 373 2003 388 .
2044 335 2209 391 TOM.
2249 335 2293 391 1.
2327 368 2400 382 -
2429 335 2701 396 ΗιΕΒΕΒ.
2744 339 2833 397 LI.

3383 310 3556 403 'sao

306 441 515 513 αἵρεσις
550 438 711 512 ἑτέρα
736 478 751 503 ,
777 438 963 512 ὥσπερ
1002 442 1241 512 ἑρπετὸν
1256 443 1506 509 ἀσθενὲς,
1544 447 1619 519 μὴ
1647 447 1876 519 δυνάμε-

1997 453 2078 523 lui
2105 452 2391 519 dictamni,
2421 457 2503 511 vel
2535 458 2789 527 styracis,
2817 465 2908 512 aut
2927 456 3263 521 libanitidis;
3279 465 3372 512 aut
3401 459 3559 513 abro-

305 548 394 586 νον
423 532 695 602 ἀντισχεῖν
730 531 866 602 πρὸς
894 533 991 603 τὴν
1034 532 1209 606 ὀσμὴν
1244 537 1337 607 τῆς
1384 536 1681 607 δικτάμνου
1709 579 1725 603 ,
1762 542 1881 611 ἢτοι

308 624 612 695 στύρακος,
656 622 689 693 ἢ
736 622 1087 688 λιϐανίτιδος,
1130 626 1163 695 ἢ
1203 628 1301 697 τῆς
1354 627 1646 699 ἁϐροτόνου
1677 669 1690 694 ,
1721 631 1753 701 ἢ
1783 632 1882 702 τῆς

306 715 485 786 ὀσμῆς
512 714 606 768 τοῦ
636 714 910 784 ἀσφάλτου
931 755 948 782 ,
999 717 1031 787 ἢ
1067 716 1158 770 τοῦ
1191 717 1573 790 θυμιάματος,
1616 722 1649 792 ἢ
1681 723 1774 775 τοῦ
1804 722 1883 776 λί-

310 808 403 861 θου
456 806 551 860 τοῦ
583 807 826 877 γαγάτου
875 808 987 879 (l3)
1009 847 1024 872 ,
1057 808 1090 879 ἢ
1144 809 1237 863 τοῦ
1272 811 1501 882 κέρατος
1531 814 1628 883 τῆς
1660 814 1878 883 ἐλάφου.

307 899 442 952 Φασὶ
471 899 579 971 7&9
624 899 675 951 οί
714 901 772 952 ἐν
802 897 1057 970 συνηθείᾳ
1107 902 1394 969 γεγονότες
1426 903 1645 957 καὶδιά
1687 906 1883 976 πείρας

308 989 511 1044 τούτων
530 988 705 1043 ταῦτα
732 989 801 1043 τά
832 990 1318 1061 εἴδησὰπελαστικά
1349 989 1486 1047 εἶναι
1514 995 1757 1065 ἑρπετῶν
1787 996 1883 1049 καὶ

312 1079 550 1134 ἰοϐόλων.
585 1080 694 1133 Καὶ
728 1079 828 1150 τὴν
864 1082 962 1151 μὲν
982 1081 1271 1152 δίκταμνόν
1313 1100 1458 1147 τινες
1492 1085 1746 1139 καλοῦσιν
1776 1086 1883 1139 ἀπὸ

306 1174 401 1228 τοῦ
453 1174 579 1237 τοὺς
624 1174 817 1236 παῖδας
851 1173 960 1228 τῶν
1003 1174 1203 1246 ἰατρῶν
1248 1176 1545 1247 κεχρῆσθαι
1583 1177 1753 1248 ταύτῃ
1803 1180 1882 1242 εἰς

308 1266 406 1338 τὴν
439 1265 549 1319 τῶν
587 1265 887 1318 τικτουοῶν
939 1267 1212 1335 γυναικῶν
1263 1267 1535 1338 βοήθειαν.
1576 1270 1738 1322 Ὥστε
1788 1271 1882 1340 ἀφ’

307 1355 467 1426 ἡμῶν
494 1355 717 1419 εἰκότως
748 1355 1141 1419 ἀπεικάζεσθαι
1178 1358 1258 1420 είς
1301 1359 1391 1411 τὸν
1420 1358 1624 1412 ἀνωθεν
1663 1358 1883 1412 ἐλθόντα

310 1447 503 1514 Λόγον,
534 1446 665 1499 Θεὸν
712 1446 818 1500 ἀπὸ
845 1447 953 1500 τῶν
982 1448 1318 1516 ἐπουρανίων
1338 1487 1352 1513 ,
1379 1450 1443 1501 ἐκ
1483 1449 1694 1517 [ἰατρὸς
1724 1449 1886 1520 ἀχρό-

310 1554 416 1601 νως
449 1538 540 1590 καὶ
579 1538 827 1608 ἁνάρχως
858 1539 1272 1611 γεγεννημένον.
1331 1539 1468 1609 Φησὶ
1512 1539 1620 1611 γὰρ
1652 1541 1681 1593 ό
1731 1539 1886 1593 Σολο-

314 1627 431 1696 μὼν
484 1627 610 1699 περὶ
661 1628 757 1699 τῆς
796 1629 1026 1697 ἄφρονος
1083 1632 1178 1683 καὶ
1223 1629 1432 1699 φαύλης
1480 1630 1771 1697 γυναικὸς,
1804 1631 1884 1683 ὅτι

311 1718 493 1772 Μισεῖ
523 1720 710 1788 λόγον
740 1720 1097 1788 ἀσφαλείας.
1133 1719 1318 1784 Οὕτως
1351 1720 1444 1774 καὶ
1474 1714 1619 1774 οὗτοι
1660 1719 1729 1773 τὰ
1768 1737 1886 1773 στε-

314 1811 412 1881 ρεὰ
445 1810 539 1862 τοῦ
577 1810 931 1881 κηρύγματος
985 1811 1358 1880 μεμισήκασιν
1384 1849 1399 1873 ,
1450 1810 1679 1877 ἐπίγειοι
1711 1809 1884 1874 ὄντες,

312 1904 405 1955 καὶ
434 1902 569 1973 πρὸς
602 1901 671 1954 τὰ
700 1902 997 1973 ἐπουράνια
1035 1900 1483 1972 ἀπεχθανόμενοι.
1516 1900 1677 1953 Ὅθεν
1725 1899 1887 1953 δεδιό-

311 2012 403 2058 τες
426 1995 523 2065 τὴν
553 1994 736 2065 φωνὴν
761 1993 855 2047 τοῦ
889 1994 1043 2061 ἁγίου
1076 1994 1393 2065 Ιῐνεύματος
1414 2034 1427 2058 ,
1458 1993 1553 2064 τὴν
1588 1992 1850 2061 λέγουσαν
1870 2008 1882 2022 ·

312 2085 485 2154 Φωνὴ
511 2085 731 2153 Κυρίου
761 2082 1216 2154 καταρτιζομένη
1253 2083 1521 2152 ἐλάφους
1539 2099 1555 2115 σ
1593 2082 1686 2136 τοῦ
1711 2084 1890 2135 εἰπόν-

316 2197 404 2243 τος
434 2181 547 2242 τοῖς
570 2176 734 2232 αὐτοῦ
772 2177 976 2241 δούλοις
1002 2178 1097 2230 καὶ
1123 2175 1438 2241 ἀποστόλοις
1459 2193 1472 2207 ·
1520 2175 1679 2230 Ἰδοὺ
1712 2174 1890 2228 δέδω-

314 2286 390 2323 κα
442 2269 583 2338 ὑμῖν
637 2269 750 2338 τὴν
785 2267 1078 2332 ἐξουσίαν
1114 2264 1325 2319 πατεῖν
1371 2265 1465 2319 ἐπὶ
1530 2264 1729 2333 ἕρεις,
1790 2262 1889 2316 καί

314 2361 646 2431 σκορπίους
676 2399 692 2425 ,
749 2359 857 2417 καὶ
908 2360 1008 2412 ἐπὶ
1067 2358 1275 2414 πᾶσαν
1318 2358 1433 2427 τὴν
1482 2356 1737 2424 δύναμιν
1784 2355 1890 2409 τοῦ

317 2452 550 2522 ἐχθροῦ.
578 2450 726 2522 Αὕτη
748 2450 862 2523 γὰρ
897 2446 965 2521 ἦν
990 2451 1023 2521 ἡ
1054 2450 1261 2521 φωνὴὴ
1296 2446 1732 2521 καταρτιζομένη
1764 2446 1889 2500 ἐλά-

314 2562 448 2613 ,ρους
470 2588 487 2609 ,
519 2545 552 2615 ἡ
579 2543 790 2597 δοθεῖσα
838 2544 917 2606 εἰς
946 2543 1038 2596 τὸν
1062 2541 1265 2612 κόσμον
1301 2541 1390 2594 διὰ
1417 2540 1524 2593 τῶν
1558 2539 1726 2609 ἁγίων
1756 2540 1894 2593 ἀποσ

315 2634 518 2689 στόλων
545 2633 638 2687 καὶ
664 2631 1084 2701 εὐαγγελιστῶν,
1116 2631 1501 2702 καταπατῆσαι
1529 2628 1628 2700 τὴν
1656 2627 1750 2682 τοῦ
1776 2628 1891 2682 δια-

316 2724 471 2777 ϐόλου
515 2722 886 2794 ἐναντιότητα.
933 2721 1023 2788 Ἐξ
1076 2715 1152 2775 ὧν
1183 2722 1386 2790 όᾶγιος
1422 2719 1676 2786 Ἰωάννης
1724 2718 1892 2790 ἀκρό-

314 2830 455 2868 τατα
500 2814 801 2884 ἐπέστησε,
837 2812 931 2866 καὶ
961 2811 1208 2882 διήλεγξε
1258 2810 1352 2881 τὴν
1384 2810 1611 2880 δύναμιν
1642 2804 1750 2860 τῶν
1798 2823 1896 2859 περ

317 2908 697 2977 πλανημένων,
731 2906 825 2958 καὶ
854 2904 1226 2976 ὀφὶομόρερων.

389 3001 464 3052 B'.
519 2997 677 3051 Ἀλλά
703 2999 803 3051 οὐκ
841 2995 1112 3067 ἰσχύουσιν
1143 2996 1201 3048 ὲν
1226 2995 1289 3065 τῇ
1330 2991 1547 3062 κιϐωτῷ
1568 2992 1617 3046 οἱ
1640 2992 1890 3047 τοιοῦτοι.

1985 545 2124 610 toni,
2145 554 2239 600 aut
2273 545 2580 612 bituminis,
2608 558 2704 603 aut
2731 548 2961 612 suﬂilus,
2991 558 3084 604 aut
3109 558 3312 620 gagatae
3337 549 3555 619 lapidis,

1983 644 2078 691 aut
2121 638 2355 708 denique
2402 639 2608 693 cervini
2648 655 2820 695 cornu
2855 641 3075 696 odorem
3131 657 3241 696 non
3297 641 3554 696 sustinet.

1984 726 2081 783 llis
2108 729 2254 783 enim
2283 729 2446 784 rebus
2474 738 2753 800 serpentes
2785 747 2847 786 ac
2888 739 3179 787 venenatas
3210 732 3417 787 bestias
3438 732 3556 785 abi-

1981 821 2035 890 gi
2084 820 2361 890 proditum
2406 822 2474 875 ab
2523 822 2592 877 iis
2624 828 2729 885 est,
2761 824 2853 891 qui
2890 824 2941 877 id
2977 840 3077 878 usu
3114 823 3558 894 experientiaque

1982 910 2312 965 didicerunt.
2336 908 2489 976 Quod
2520 926 2650 966 vero
2681 912 2748 965 ad
2778 911 3113 966 dictamnum
3145 913 3398 982 pertinet,
3430 912 3558 967 inde

1982 1013 2105 1053 esse
2147 997 2351 1052 dictum
2400 998 2644 1068 plerique
2679 1007 2938 1063 censent,
2978 999 3123 1070 quod
3158 1000 3224 1053 ad
3254 1001 3559 1070 parturienq

1982 1091 2118 1144 tium
2170 1088 2409 1144 remedia
2447 1104 2477 1142 a
2514 1090 2742 1146 medicis
2788 1090 3096 1145 adhibetur.
3138 1090 3318 1155 Quare
3365 1092 3563 1145 merito

1984 1179 2038 1233 id
2065 1177 2249 1233 divino
2281 1176 2480 1243 Verbo,
2514 1177 2645 1242 Deo,
2664 1178 2905 1247 inquam,
2927 1178 3018 1249 qui
3047 1179 3113 1232 de
3138 1179 3277 1233 caelo
3301 1178 3559 1247 delapsus

1983 1276 2068 1325 est
2086 1309 2101 1333 ,
2130 1275 2185 1325 et
2216 1284 2248 1323 a
2277 1268 2439 1325 Patre
2463 1269 2581 1324 sine
2606 1270 2720 1324 ullo
2749 1278 2991 1338 tempore
3013 1278 3119 1333 est,
3160 1276 3253 1322 aut
3281 1268 3439 1322 initio
3466 1283 3559 1338 ge-

1984 1359 2153 1425 nitus,
2188 1374 2221 1413 a
2259 1352 2419 1416 nobis
2441 1361 2906 1416 accommodatur.
2941 1359 3098 1427 Quod
3129 1377 3257 1417 vero
3297 1361 3559 1416 Salomon

1984 1450 2052 1506 de
2092 1451 2295 1506 stolida.
2333 1466 2398 1507 ac
2446 1467 2685 1521 nequam
2713 1452 2939 1508 muliere
2971 1453 3105 1506 dicit
3130 1492 3146 1517 ,
3192 1452 3375 1508 odisse
3410 1452 3561 1505 illam

1986 1544 2301 1601 securitatis
2351 1559 2694 1611 sermonem;
2726 1545 2831 1602 hoc
2858 1544 2925 1599 ad
2966 1545 3105 1600 istos
3151 1545 3435 1600 transferri
3468 1558 3561 1613 po-

1986 1642 2114 1701 test,
2154 1634 2248 1704 qui
2285 1635 2515 1691 solidam
2542 1650 2607 1689 ae
2633 1643 2975 1691 constantem
3008 1635 3312 1689 doctrinam
3341 1635 3564 1704 penitus

1986 1724 2240 1780 oderunt.
2271 1723 2452 1779 Terra:
2475 1724 2744 1793 siquidem
2779 1724 2918 1779 anisi
2958 1731 3124 1789 sunt,
3151 1732 3207 1779 et
3243 1739 3272 1777 a
3320 1723 3554 1778 cmlesti-

1986 1816 2091 1871 bus
2115 1816 2431 1872 abhorrent.
2457 1815 2692 1885 Ideoque
2729 1831 2918 1870 vocem
2946 1815 3092 1869 illam
3124 1815 3296 1869 sancti
3323 1812 3562 1883 Spiritus

1986 1908 2451 1977 perhorrescunt:
2504 1906 2618 1961 Vox
2662 1906 2879 1960 Domini
2922 1907 3274 1975 pra’pamntis
3311 1922 3485 1958 cervos
3517 1906 3559 1967 ’ς

1988 1999 2081 2069 qui
2113 1988 2338 2068 quidem
2365 1998 2539 2055 servis
2567 1999 2685 2054 suis
2714 2006 2769 2054 et
2797 1999 3058 2069 apostolis
3079 1999 3251 2053 dixit:
3280 1997 3414 2051 Ecce
3441 1996 3569 2052 dedi

1988 2088 2131 2143 vobis
2163 2097 2475 2158 potestatem
2504 2088 2749 2143 calcandi
2778 2103 2934 2156 super
2961 2098 3223 2157 serpentes
3252 2097 3301 2142 et
3332 2089 3573 2157 scorpio-

1989 2195 2078 2234 nes
2098 2217 2114 2242 ,
2158 2190 2207 2232 et
2248 2196 2406 2249 super
2432 2196 2636 2233 omnem
2663 2180 2907 2233 virtutem
2938 2180 3141 2233 inimici
3170 2180 3212 2232 ’.
3255 2176 3381 2233 I-Iaac
3417 2179 3562 2232 enim

1991 2270 2082 2325 illa
2123 2285 2227 2324 vox
2258 2279 2376 2326 erat
2414 2285 2606 2325 cervos
2639 2285 2953 2340 pmparans
2975 2311 2991 2336 ,
3037 2285 3162 2340 qua:
3197 2284 3294 2339 per
3341 2276 3571 2324 sanctos

1990 2363 2272 2433 apostolos
2300 2370 2357 2418 et
2404 2362 2769 2431 evangelistas
2810 2375 2906 2430 per
2932 2358 3119 2415 orbem
3149 2367 3233 2414 est
3274 2358 3572 2428 dissipata,

1992 2454 2071 2509 nti
2109 2454 2313 2509 diaboli
2347 2453 2563 2509 hostilis
2593 2450 3111 2521 adre-pugnandum
3143 2449 3226 2505 vis
3253 2456 3308 2504 et
3336 2449 3565 2505 audacia

1991 2546 2423 2618 proculcaretur.
2461 2541 2568 2598 Sed
2606 2558 2673 2598 ex
2729 2541 3099 2613 apostolorum
3152 2555 3380 2595 numero
3429 2554 3572 2610 prae-

1993 2639 2153 2709 cipue
2186 2636 2426 2693 Joannes
2463 2634 2673 2691 exstitit
2698 2675 2713 2701 ,
2744 2633 2840 2704 qui
2872 2633 3113 2688 animum
3143 2631 3432 2688 intendens
3460 2644 3573 2687 ea-

1993 2741 2183 2793 corum
2217 2726 2472 2788 istorum,
2503 2738 2574 2780 ac
2597 2722 2944 2795 serpentibus
2974 2721 3235 2779 similium
3270 2721 3575 2791 potentiam

1995 2816 2337 2889 reprimeret.

2064 2988 2227 3061 523
2265 2987 2332 3045 11.
2370 2988 2691 3058 Quanquam
2708 2980 2852 3042 'nihil
2881 2986 3145 3042 adversus
3177 3001 3360 3041 arcam
3400 3001 3573 3041 cona-

329 3089 714 3160 Ἐπιτρέπεται
749 3089 857 3159 γὰρ
888 3088 916 3140 ὁ
958 3086 1110 3154 ἅγιος
1143 3084 1265 3137 Νῶε
1316 3083 1452 3140 κατὰ
1496 3084 1558 3137 τὸ
1594 3083 1745 3155 ῥῆμα
1778 3085 1893 3138 Κυ-

1997 3086 2085 3135 tus
2117 3081 2346 3135 istorum
2380 3078 2610 3148 prolicit.
2643 3077 2817 3144 Quam
2855 3078 2976 3133 ideo
3022 3077 3235 3133 munire
3263 3093 3325 3130 ac
3352 3076 3573 3133 ﬁrmare

321 3182 438 3254 ρίου
484 3178 957 3249 ἐπασφαλίσασθαι
996 3178 1092 3247 τὴν
1132 3177 1416 3246 τοιαύτην,
1465 3175 1541 3238 ὡς
1583 3176 1716 3244 φησι⁷
1758 3173 1896 3246 πρὸς

319 3274 511 3329 αὐτόν·
564 3270 1008 3340 ’Λσςςαλτώσεις
1036 3269 1230 3337 αὐτὴν
1254 3268 1503 3333 ἔσωθεν,
1528 3266 1627 3321 καὶ
1654 3267 1895 3331 ἔξωθενο

228 3369 236 3375 “
268 3430 273 3433 _
319 3368 408 3420 ἵνα
436 3366 586 3439 δείξῃ
615 3366 675 3418 τὸ
704 3361 841 3426 εἶδος
870 3364 968 3433 τῆς
1008 3360 1170 3429 ἁγίας
1220 3359 1328 3431 (id)
1366 3360 1460 3413 τοῦ
1490 3357 1623 3412 Θεοῦ
1669 3358 1899 3429 Ἐκκλη-

321 3460 445 3521 σξας
466 3496 481 3521 ,
511 3455 741 3529 ἐχούσης
773 3457 874 3526 τῆς
907 3452 1178 3522 ἀσερὰλτου
1206 3452 1306 3522 τὴν
1343 3451 1571 3521 δύναμιν
1590 3493 1605 3517 ,
1632 3450 1731 3521 τὴν
1768 3449 1903 3502 ἀπο-

320 3550 621 3603 διῶκουσαν
649 3548 715 3602 τὰ
743 3545 889 3600 δεινὰ
919 3547 1013 3599 καὶ
1041 3544 1297 3615 ὀλετήρια
1322 3542 1602 3614 ἐρπετώδη
1636 3540 1901 3611 διδάγμα-

320 3660 408 3696 τα.
451 3642 624 3696 Ὅπου
673 3640 782 3711 γάρ
820 3639 1079 3708 θυμιᾶται
1124 3638 1159 3705 ὴ
1196 3635 1501 3705 ἄσφαλτος,
1551 3633 1653 3688 οὐκ
1696 3631 1903 3703 ἰσχύσει

323 3735 515 3805 στῆναι
559 3735 701 3803 ὄφις.
744 3731 1021 3802 Ἐκάρωσε
1050 3729 1228 3784 τοίνυν
1263 3730 1486 3790 τούτους
1525 3726 1587 3779 τὸ
1624 3725 1778 3793 ἁγιον
1809 3722 1903 3777 θυτ

325 3826 504 3897 μίαμα
547 3824 642 3878 τοῦ
679 3823 976 3896 στύρακος,
1012 3822 1107 3875 καὶ
1138 3817 1531 3892 παραιτοῦνται
1571 3815 1761 3868 τούτου
1803 3813 1902 3884 τὴν

322 3916 489 3986 ὀδμὴν
510 3955 525 3979 ,
556 3915 651 3968 καὶ
690 3915 789 3986 τῆς
820 3912 1113 3984 ἀϐροτὸνου
1139 3952 1154 3976 ,
1190 3910 1364 3963 είτουν
1397 3905 1719 3968 λιϐανίτιδος
1752 3906 1786 3975 ὴ
1815 3903 1903 3983 Su"-

325 4024 519 4077 ναμις,
549 4007 670 4060 κατ’
698 4005 863 4059 αὐτοῦ
896 4004 989 4057 τοῦ
1022 4004 1197 4073 ὄφεως
1226 4000 1563 4069 ἐπιφύσασα,
1594 3994 1903 4075 καὶέπὰνω

323 4099 416 4153 τοῦ
469 4097 677 4168 φωλεοῦ
732 4095 896 4150 αὐτοῦ
950 4094 1382 4164 ἐκϐλαστῆσασα.
1440 4087 1609 4143 Ἔνθα
1660 4087 1768 4158 7&9
1812 4086 1903 4140 τὸν

324 4191 557 4259 Χριστὸν
587 4193 651 4244 ἐκ
681 4188 1023 4260 παρατριϐἧς
1054 4186 1206 4256 ψιλὸν
1237 4183 1520 4253 ἄνθρωπον
1549 4181 1844 4251 ἐκήρυττεν
1876 4179 1904 4230 ὁ

337 4280 531 4334 Ἐϐίων
560 4281 655 4333 καὶ
683 4281 711 4332 ὁ
741 4278 1042 4350 Κήρινθος,
1097 4276 1191 4329 καί¹
1234 4275 1287 4327 οἱ
1323 4274 1460 4344 ἀμφ’
1495 4271 1727 4333 αὐτοὺς,
1762 4269 1904 4338 φημὶ

323 4372 383 4426 δὲ
422 4372 479 4423 ἐν
521 4374 588 4442 τῇ
632 4369 824 4440 Ἀσίᾳ,
862 4369 978 4421 ἐκεῖ
1013 4366 1074 4418 τὸ
1118 4361 1342 4434 Πνεῦμα
1386 4361 1449 4414 τὸ
1483 4361 1635 4427 ἆγιον
1665 4356 1904 4411 ἀνέτειλε

2000 3176 2223 3225 sanctus
2269 3164 2382 3221 Noe
2430 3165 2616 3219 divina
2664 3180 2799 3221 voce
2845 3172 3243 3221 commonctur.
3286 3164 3377 3219 Sic
3422 3167 3568 3219 enim

2000 3258 2141 3314 Deus
2171 3258 2444 3329 praecipit:
2479 3257 2658 3312 Liuies
2688 3273 2804 3311 eam
2833 3257 3085 3311 bitumine
3118 3259 3259 3332 intus
3289 3267 3341 3312 et
3370 3258 3502 3325 faris
3524 3259 3573 3313 ⁸.
3594 3314 3607 3319 ι

1999 3347 2071 3405 Ut
2091 3358 2294 3407 sanctae
2327 3348 2421 3405 Dei
2446 3348 2703 3405 Ecclesiae
2732 3349 2969 3420 speciem
3006 3350 3288 3420 praeberet,
3340 3364 3460 3419 qua:
3487 3350 3574 3405 bi-

2000 3444 2226 3499 tuminis
2252 3443 2361 3499 vim
2413 3443 2611 3507 habet,
2640 3457 2747 3512 qua
2777 3442 3088 3513 perniciosa
3116 3456 3181 3497 ac
3213 3440 3421 3497 letifera
3454 3457 3572 3496 ser-

2000 3541 2223 3605 pentum
2282 3534 2532 3603 dogmata
2588 3534 2997 3603 propulsantur.
3057 3530 3378 3602 Ubicunque
3427 3531 3577 3585 enim

2000 3627 2244 3682 bitumen
2279 3623 2519 3688 sulliunt,
2547 3624 2733 3678 nullus
2757 3623 2831 3677 ibi
2858 3637 3082 3693 serpens
3130 3631 3398 3678 moratur.
3426 3621 3576 3695 .Quin

2001 3718 2163 3772 etiam
2187 3725 2377 3771 sancto
2413 3714 2647 3786 styracis
2674 3713 2866 3769 nidore
2900 3714 3211 3783 sopiunlur,
3251 3714 3409 3783 cujus
3442 3713 3578 3766 odo-

2001 3825 2117 3864 rem
2151 3807 2398 3878 fugiunt,
2435 3816 2494 3861 ut
2530 3814 2583 3861 et
2624 3805 2913 3870 abrotoni,
2950 3806 3069 3860 sive
3105 3804 3407 3861 libanitidis
3444 3804 3579 3868 vim,

2002 3899 2049 3954 si
2080 3913 2243 3968 supra
2273 3896 2543 3968 serpentis
2581 3896 2865 3949 latibulum
2915 3896 3125 3950 consita
3170 3897 3371 3959 fuerit,
3417 3904 3579 3964 atque

2002 3979 2301 4060 pullularit.
2334 3984 2549 4040 Etenim
2588 3984 2781 4040 iisdem
2821 3983 2929 4039 illis
2981 3984 3036 4038 in
3068 3984 3204 4039 locis
3226 4022 3242 4048 ,
3295 3986 3349 4039 in
3378 3984 3579 4055 quibus

2002 4079 2210 4134 nudum
2241 4076 2551 4139 hominem,
2607 4083 2662 4130 et
2706 4091 2773 4130 ex
2825 4077 3112 4145 utriusque
3151 4091 3315 4131 sexus
3345 4076 3578 4145 conjun-

2005 4170 2185 4223 ctione
2234 4175 2411 4221 satum
2469 4178 2594 4219 esse
2636 4162 2914 4218 Christum
2947 4162 3121 4220 Ebion
3170 4175 3227 4220 et
3280 4164 3581 4221 Cerinthus

2005 4275 2130 4316 cum
2148 4257 2276 4313 suis
2304 4270 2549 4312 asserere
2580 4254 2701 4331 ausi
2736 4261 2902 4321 sunt,
2942 4257 3047 4311 hoc
3075 4263 3159 4310 est
3202 4255 3257 4309 in
3294 4254 3444 4319 Asia,
3472 4256 3580 4319 ibi-

2007 4352 2130 4407 dem
2162 4348 2398 4420 Spiritus
2424 4353 2651 4403 sanctus
2685 4345 2833 4400 illam
2865 4346 3013 4401 velut
3043 4345 3268 4400 herbam
3297 4344 3583 4401 sanctissi-

325 4464 404 4537 τῷ
431 4464 616 4535 κόσμῳ
643 4463 845 4534 ταύτην
875 4460 974 4533 τὴν
1007 4458 1165 4527 ἁγίαν
1187 4456 1439 4528 βοτάνην,
1480 4453 1654 4506 είτουν
1683 4449 1893 4519 θάμνον,

2012 4458 2185 4511 mam,
2217 4450 2310 4496 aut
2361 4438 2613 4495 fruticem
2664 4439 2719 4492 in
2758 4439 2946 4493 orbem
2975 4439 3205 4505 extulit,
3242 4452 3351 4509 quo
3382 4444 3435 4492 et
3464 4452 3584 4493 ser-

325 4556 425 4626 τὴν
462 4554 837 4621 ἁποδιώξασαν
863 4552 952 4605 τὸν
981 4550 1124 4619 ὄφιν,
1161 4547 1256 4601 καὶ
1278 4545 1518 4598 λύσασαν
1542 4540 1640 4612 τὴν
1668 4538 1762 4593 τοῦ
1792 4538 1905 4590 δια-

325 4650 483 4703 ϐόλου
519 4646 829 4720 τυραννίδα.
882 4643 1030 4697 Ἐκεῖ
1059 4641 1167 4712 γὰρ
1215 4640 1243 4692 ὁ
1284 4637 1439 4706 ἁγιος
1492 4633 1744 4703 Ἰωάννης
1785 4628 1911 4705 μεθ’.

2008 4550 2144 4607 pens
2182 4533 2492 4604 abigeretur
2523 4573 2538 4600 ,
2592 4541 2645 4586 el.
2683 4531 3001 4601 tyrannicus
3040 4529 3241 4584 diaboli
3270 4530 3583 4584 dominatus

2009 4634 2362 4683 everteretur.
2422 4621 2537 4677 Illic
2583 4621 2852 4693 siquidem
2890 4623 3080 4677 beatus
3108 4621 3348 4677 Joannes
3390 4621 3582 4676 aﬂ'ecta

326 4740 545 4813 ἡλικίαν
587 4737 866 4810 γηραλέαν
910 4732 1261 4804 ἐπιτρέπεται
1313 4728 1418 4782 ὑπὸ
1445 4725 1540 4779 τοῦ
1586 4722 1893 4793 Πνεύματος

2006 4718 2122 4789 jam
2137 4724 2294 4772 aetate
2322 4713 2619 4785 praedicare
2644 4715 2819 4768 sancti
2841 4712 3077 4782 Spiritus
3102 4712 3317 4766 hortatu
3336 4710 3582 4781 iubetur,

326 4802 421 4883 τοῦ
450 4802 612 4898 ἁγίου
642 4802 913 4898 κηρύξαι,
958 4802 1053 4876 καί
1080 4818 1401 4890 ἀνακάμψαι
1430 4816 1556 4876 τοὺς
1584 4814 1642 4865 ἐν
1684 4813 1749 4882 τῇ
1799 4808 1893 4880 ὁδῷ

2009 4816 2061 4864 et
2083 4814 2327 4862 errantes
2359 4822 2387 4859 a
2413 4808 2499 4860 via
2527 4820 2787 4862 revocare
2805 4842 2821 4868 ,
2862 4818 2969 4857 non
3004 4810 3063 4857 ul
3089 4802 3141 4856 vi
3167 4817 3231 4857 ac
3258 4802 3584 4858 necessitate

329 4891 820 4991 πεπλανημένους,
893 4915 954 4969 οὐ
1027 4914 1164 4985 μετὰ
1219 4910 1466 4979 ἀνάγκης
1493 4948 1508 4973 ,
1571 4902 1709 4958 ἁλλὰ
1771 4900 1893 4972 μετὰ

2010 4905 2264 4969 cogeret,
2292 4896 2386 4953 sed
2419 4905 2477 4952 ut
2514 4903 2709 4966 sponte
2760 4910 2824 4949 ac
2857 4894 3102 4949 volentes
3143 4891 3454 4955 induceret,
3490 4892 3586 4948 iis-

330 4982 721 5088 προαιρέσεως,
747 5015 863 5077 τοῖς
900 4982 1241 5081 πειθομένοις
1274 5001 1627 5072 ἀποκαλύψας
1672 4996 1806 5052 Θεοῦ
1847 4995 1893 5050 τί

2011 4993 2244 5060 demque
2281 4997 2472 5062 postea
2518 4988 2763 5043 divinum
2821 4985 3061 5041 caelestis
3096 4982 3358 5039 doctrina:
3401 4983 3585 5040 lumen

408 5169 428 5200 ‘
454 5167 599 5224 Psal.
633 5181 823 5239 xsvnl,
855 5163 909 5219 9.
981 5165 1003 5197 ⁸
1029 5161 1161 5217 Luc.
1200 5177 1255 5226 ι,
1290 5158 1377 5213 16.
1406 5228 1417 5231 _
1455 5158 1476 5189 ³
1502 5155 1637 5211 Gen.
1668 5169 1747 5219 τι,
1780 5152 1875 5207 id.

405 5326 522 5395 (ιω
569 5327 630 5382 Ἡ
674 5325 783 5379 τοῦ
1547 5312 1749 5395 eccm
1802 5308 1915 5395 rere
2017 5306 2119 5395 es
2150 5303 2357 5395 sese
2387 5293 2952 5395 ξξδ.ιίσιξίξ.ῖεξέ-τέε.ξὲ
3219 5287 3389 5395 πδὲιγ
3420 5282 3584 5395 εδτιν

333 5360 650 5465 εριῖβέιςιιῖἶιι
679 5360 1016 5466 ἀλεξητήρια
1050 5360 1252 5446 cecinit
1283 5360 1573 5444 l‘llicander.
1617 5383 1691 5438 De
1719 5388 1893 5453 gagatc

2150 5360 2378 5435 Λυκίας,
2399 5360 2495 5422 κάκ
2523 5366 2764 5435 Γαγγίδα
2787 5364 2969 5433 φασίν.
2988 5360 3131 5417 Plin.
3160 5363 3199 5415 Ι.
3219 5374 3403 5416 xxxvr,
3423 5360 3579 5413 ε.19.

2022 5445 2254 5466 υ---ι--
2305 5440 2441 5466 ιλιι..
2490 5452 2684 5466 “nn”...
2730 5436 2889 5466 ιιηιιιιι
2935 5434 3037 5466 lnni
3079 5439 3126 5466 nl
3175 5430 3348 5466 nnnnic
3382 5426 3579 5466 Cincia

334 5426 650 5538 ἱϊιὲίιῗιξωη
680 5426 1016 5466 “Ni-“HW”
1050 5426 1252 5446 ww."
1283 5426 1573 5444 “unum.
1618 5426 1691 5438 ’ν
1720 5426 1914 5453 rw"
2021 5426 2444 5538 illaagatesnlapis
2468 5426 2895 5538 lnoni'ciit(Il‘i]:i'lJel.
2935 5434 3039 5488 loci
3079 5439 3131 5488 et
3174 5430 3349 5485 amnis
3382 5426 3583 5498 Gangis

2024 5506 2225 5585 Lyciae,
2252 5506 2515 5585 Diosc._l._
2528 5525 2588 5585 χι,
2617 5522 2665 5560 c.
2688 5506 2840 5585 ’θελοι
2989 5571 3013 5582 η

2096 5565 2383 5652 (ηδ’έινα
2424 5565 2593 5652 δείξῄ
2640 5575 2706 5652 τό
2750 5570 2909 5652 εἶδος
2944 5571 3049 5652 τ-ῆς
3092 5571 3279 5652 ἁγίας.
3326 5565 3583 5652 Eamdem

2028 5642 2624 5777 ii'éae'similiitpdinem
2674 5645 2914 5701 declarat
2959 5645 3095 5714 Aug.
3138 5642 3231 5697 lib.
3283 5654 3355 5695 xu
3398 5648 3584 5693 contra

2081 5731 2247 5791 aust.,
2277 5735 2328 5777 c.
2437 5757 2451 5771 .

417 5584 673 5637 Ἀλλοτε
699 5579 752 5633 δ’
784 5576 1042 5641 ἀζαλέην
1075 5576 1261 5628 καίων
1284 5570 1602 5641 ἑγγιὶγγιδα
1631 5567 1875 5634 πέτρην,

738 5633 1042 5719 κρατεροῖο
1073 5645 1261 5713 πυρὸς
1301 5633 1712 5710 ἀὲριὲιὶιίνυται
1738 5633 1914 5705 ίόρμή.

337 5742 445 5802 Ubi
489 5742 677 5800 Schol.
712 5759 726 5794 :
760 5740 876 5808 Τὴν
919 5739 1171 5808 γαγγῖτιν
1210 5734 1389 5789 λίθον·
1441 5734 1498 5786 ἐν
1533 5732 1772 5801 Γάγγαις
1813 5726 1921 5797 7&9
