3918 6144
384 912 396 959 γι

422 288 531 346 89l~

1824 294 1887 353 5.
1926 295 2271 357 EPIPHANII

3551 305 3635 364 899.

424 397 750 474 impertiret.
799 397 1001 458 Verum
1039 402 1171 474 quid
1207 418 1310 476 ego
1353 403 1423 462 de
1456 419 1523 462 ea
1570 420 1631 462 re
1656 403 1869 464 diutius
1898 407 2017 465 dis-

2128 411 2273 482 ρῶς,
2302 410 2365 467 τδ
2392 378 2458 466 ἰν
2475 413 2544 485 τῇ
2568 411 2700 485 ἁγίᾳ
2727 410 2861 469 Θεοῦ
2889 403 3222 487 διδασκαλίᾳ.
3261 413 3392 470 var
3412 414 3508 481 ιως
3531 419 3634 474 πότι

425 491 601 562 puto?
662 491 989 566 Quicunque
1043 496 1190 553 enim
1239 499 1298 552 in
1348 511 1418 554 eo
1478 497 1601 555 loco
1648 507 1872 565 manet,
1916 500 2009 557 ubi

424 583 756 640 abrotonum
782 587 1058 643 consitum
1086 596 1190 652 est,
1219 589 1407 646 nullus
1436 588 1512 646 ibi
1543 590 1785 646 manebit
1806 591 2015 647 latebit’

423 689 532 745 que
559 690 805 747 serpens.
844 676 938 733 Sic
973 678 1066 735 ubi
1120 695 1249 736 vera
1290 690 1377 737 est
1407 679 1504 738 Dei
1531 681 1783 738 doctrina
1807 702 1833 750 ε
1862 683 2013 739 nulla

424 776 706 824 venenatas
757 769 1024 827 doctrinm
1075 772 1284 829 latebra
1338 776 1450 830 vim
1483 774 1706 831 habebit
1751 775 2014 846 aliquam,

422 858 519 915 sed
550 857 802 917 funditus
831 863 1070 919 occidet.

492 948 584 1006 Ill.
624 950 750 1008 Haec
788 953 955 1024 igitur
976 957 1272 1029 Alogorum
1312 964 1398 1013 est
1439 955 1665 1028 opinio:
1709 971 1836 1012 nam
1868 955 2017 1029 ejus-

424 1043 575 1098 modi
612 1045 695 1101 eis
727 1061 926 1102 nomen
962 1050 1320 1119 imponimus,
1356 1064 1457 1106 nec
1497 1064 1529 1104 a
1567 1050 1729 1107 nobis
1755 1050 2017 1122 deinceps

426 1135 588 1190 aliter
615 1140 848 1195 vocandi
898 1150 1047 1198 sunt.
1083 1141 1150 1197 Et
1181 1158 1280 1198 vos
1335 1156 1574 1206 mecum,
1621 1158 1655 1197 o
1679 1142 2015 1208 charissimi,

426 1224 632 1296 Alogos
689 1228 815 1286 illos
869 1232 1168 1288 nominate.
1221 1232 1468 1300 Quorum
1526 1231 1754 1287 haeresis
1789 1229 2017 1287 Joannis

428 1317 601 1374 libros
631 1322 900 1392 repudiat.
930 1324 1297 1391 Quamobrem
1322 1340 1448 1380 cum
1474 1322 1713 1379 Verbum
1748 1340 1779 1379 a
1805 1322 2017 1380 Joanne

428 1411 785 1480 praedicatum
816 1423 1095 1487 respuant,
1130 1417 1310 1488 Alogi,
1347 1412 1453 1472 hoc
1475 1423 1560 1472 est
1589 1430 1619 1469 a
1646 1413 1828 1471 Verbo
1853 1415 2016 1471 alieni

429 1504 784 1572 nuncnpandi
816 1514 969 1562 sunt.
1000 1508 1143 1580 Ergo
1165 1508 1241 1564 illi
1277 1523 1308 1563 a
1333 1507 1584 1563 doctrina
1620 1506 1869 1562 veritatis
1895 1505 2019 1562 fun-

429 1593 580 1650 ditus
609 1596 970 1655 abhorrentes
1024 1599 1299 1656 sinceram
1345 1599 1505 1654 lldem
1551 1598 1861 1669 abnegant,
1916 1612 2018 1654 nec

429 1685 657 1743 Joannis
701 1690 1091 1762 Evangelinm,
1126 1701 1222 1747 aut
1272 1691 1642 1762 Apocalypsin
1688 1691 2012 1762 approbant.

427 1782 594 1850 Atqui
636 1782 682 1836 si
728 1781 1055 1861 Apocalypsi
1113 1786 1381 1839 duntaxat
1427 1784 1629 1854 rejecta
1669 1781 2019 1853 Evangelium
2052 1767 2095 1824 Β

431 1871 807 1939 admitterent,
849 1873 961 1929 dici
994 1875 1046 1929 id
1083 1883 1310 1946 possent
1347 1874 1537 1930 subtili
1567 1873 1805 1945 quodam
1838 1880 1893 1956 et
1931 1887 2021 1928 ac-

432 1972 627 2019 curato
660 1965 871 2034 judicio
919 1965 1151 2031 fecisse,
1194 1973 1256 2021 ut
1299 1966 1610 2037 apocrypha
1659 1972 2017 2035 respuerent;

434 2057 581 2129 quod
630 2050 886 2128 pleraq’ue
937 2058 992 2112 in
1054 2058 1383 2130 Apocalypsi
1424 2057 1726 2114 altissimos
1766 2064 1820 2112 et
1857 2054 2022 2128 424

433 2148 702 2206 obscuros
731 2166 929 2208 sensus
957 2152 1216 2207 habeant.
1249 2150 1355 2206 Sed
1385 2165 1510 2205 cum
1541 2150 1828 2205 universos
1852 2146 2023 2202 Joan-

433 2241 522 2297 nis
562 2242 736 2298 libros
767 2244 990 2315 proprie
1022 2243 1298 2314 rejiciant,
1341 2242 1596 2299 dubitare
1626 2258 1786 2299 nemo
1819 2249 2018 2312 potest,

432 2335 565 2404 quin
592 2334 657 2401 ii,
698 2351 1003 2408 eorumque
1029 2337 1276 2402 similes,
1338 2338 1418 2393 illi
1450 2335 1557 2407 ipsi
1590 2335 1702 2390 sint
1728 2376 1742 2398 ,
1780 2349 2020 2406 quorum

433 2426 490 2481 in
538 2426 834 2484 Catholicis
878 2424 1141 2499 Epistolis
1176 2426 1417 2484 Joannes
1484 2428 1772 2483 meminit:
1826 2425 2022 2482 Novis-

433 2518 574 2572 sima
605 2518 735 2573 hora
782 2528 859 2574 est
880 2560 894 2585 ,
933 2521 1113 2591 inquit
1134 2561 1148 2584 ,
1180 2531 1231 2576 et
1282 2520 1509 2576 audistis
1536 2561 1550 2586 ,
1579 2521 1829 2591 quoniam
1859 2519 2020 2574 Anti-

436 2608 665 2664 christus
696 2612 832 2665 venit
858 2628 875 2674 ;
902 2620 951 2665 et
983 2629 1120 2666 nunc
1146 2629 1261 2667 cccc
1302 2613 1610 2667 antichristi
1640 2613 1796 2667 multi
1830 2614 1871 2677 ί,
1910 2623 2018 2669 etc.

436 2700 764 2771 Quanquam
807 2704 885 2757 illi
922 2704 1171 2758 nonnihil
1206 2707 1272 2759 ad
1312 2704 1683 2761 excusandam
1719 2720 1875 2761 suam
1922 2720 2021 2759 an-

437 2794 651 2848 daciam
687 2803 959 2851 conantur
1013 2796 1226 2853 aﬂ‘erre.
1260 2796 1433 2853 Pudet
1461 2797 1605 2852 enim
1644 2799 1820 2869 palam
1853 2798 2015 2855 beato

434 2883 635 2939 Joanni
662 2887 1060 2956 contradicere,
1089 2889 1233 2959 quod
1267 2898 1322 2943 et
1358 2890 1535 2960 ipsum
1563 2890 1705 2947 inter
1742 2894 2022 2964 apostolos

438 2977 609 3033 fuisse
640 2987 985 3035 numeratum
1019 3020 1035 3044 ,
1059 2989 1113 3035 et
1143 2996 1172 3035 a
1196 2980 1426 3037 Domino
1453 2983 1727 3054 praecipue
1763 2984 2021 3040 dilectum

437 3085 547 3124 non
577 3067 869 3137 dubitent;
905 3072 999 3143 qui
1030 3080 1083 3128 et
1105 3088 1264 3128 sacra
1301 3076 1559 3145 mysteria
1597 3091 1697 3145 pro
1721 3075 1798 3130 rei
1837 3076 2017 3148 digni-

436 3170 549 3218 tate
590 3163 888 3233 patefecit,
924 3176 979 3221 et
1027 3181 1192 3234 supra
1250 3165 1463 3221 Domini
1516 3176 1706 3238 pectus
1752 3168 2019 3224 incubuit.

439 3253 621 3320 Quare
679 3255 839 3309 aliam
895 3256 1333 3311 damnandorum
1400 3259 1629 3328 apostoli
1691 3260 2024 3331 scriptorum

438 3358 664 3399 causam
710 3346 1005 3400 commenti
1039 3354 1189 3401 sunt.
1242 3346 1453 3419 Negant
1485 3348 1599 3403 haec
1626 3348 1857 3406 Joannis
1881 3366 2024 3417 esse,

439 3443 493 3489 et
521 3433 784 3489 Cerintho
811 3434 1095 3501 tribuunt;
1129 3451 1229 3492 nec
1257 3452 1379 3494 esse
1414 3437 1576 3511 digna
1617 3446 1853 3511 putant,
1905 3457 2027 3512 qua:

441 3524 511 3580 ab
534 3524 779 3581 Ecclesia
814 3528 1138 3598 probentur.

517 3618 606 3674 IV.
633 3617 836 3675 Verum
875 3620 959 3677 vel
1013 3621 1117 3676 hoc
1157 3620 1278 3693 ipso
1307 3623 1394 3679 sui
1425 3631 1658 3680 conatus
1693 3622 1854 3680 initio
1891 3640 2026 3682 con-

437 3711 771 3781 vincuntur,
818 3727 920 3768 nec
976 3710 1108 3784 quid
1164 3713 1355 3769 dicant
1415 3714 1763 3786 intelligere,
1801 3728 1903 3772 nec
1960 3715 2029 3772 de

439 3803 643 3876 quibus
671 3802 939 3861 allirment
964 3806 1005 3862 '.
1055 3805 1161 3875 Qui
1189 3805 1338 3865 enim
1374 3805 1488 3863 ﬂeri
1518 3814 1698 3879 potest
1723 3848 1738 3871 ,
1769 3817 1827 3862 ut
1857 3808 1970 3864 haec
1998 3826 2028 3863 a

437 3895 704 3954 Cerintho
742 3899 949 3970 scripta
984 3900 1137 3965 sint,
1192 3915 1316 3971 quae
1367 3899 1629 3956 Cerintho
1678 3901 2025 3972 potissimum

438 3988 777 4057 repugnent?
810 3986 908 4044 ilic
931 3989 1076 4044 enim
1107 3998 1383 4046 recentem
1414 4004 1477 4045 ac
1507 3990 1715 4045 nudum
1752 3991 2028 4046 hominem

439 4091 564 4133 esse
606 4077 885 4136 Christum
941 4080 1199 4138 asseruit.
1241 4081 1448 4141 Contra
1474 4079 1715 4138 Joannes
1766 4090 2029 4153 perpetuo

439 4165 614 4226 fuisse
643 4169 905 4238 Verbum,
941 4178 1106 4242 atque
1138 4187 1168 4228 e
1201 4172 1342 4227 cmlo
1379 4172 1686 4243 delapsum,
1719 4174 1773 4227 et'
1806 4188 2026 4245 carnem

440 4276 563 4318 esse
602 4263 805 4317 factum
829 4264 1165 4333 pronuntiat.
1196 4262 1469 4330 Quocirca
1501 4265 1683 4319 statim
1712 4263 1862 4320 aditu
1906 4266 2029 4336 ipso

441 4352 900 4424 deprehenditur.
936 4370 1131 4410 vanam
1164 4357 1399 4411 istorum
1440 4356 1821 4412 calumniandi
1859 4358 2029 4414 licen-

442 4445 574 4501 tiam
598 4460 803 4501 meram
835 4461 956 4502 esse
978 4448 1289 4513 stultitiam,
1320 4464 1421 4504 nec
1446 4449 1589 4506 unde
1618 4449 1870 4524 redargui
1896 4469 2025 4525 pos-
2058 4485 2103 4541 ι)

445 4538 517 4593 sit
545 4539 682 4595 satis
721 4539 1191 4607 animadvertere;
1230 4555 1355 4595 nam
1393 4540 1471 4596 illi
1504 4542 1788 4599 nobiscum
1826 4546 2028 4618 alioqui

444 4632 632 4687 eadem
668 4648 731 4688 ac
763 4634 916 4704 paria
955 4634 1159 4691 sentire
1189 4634 1462 4691 videntur.
1501 4633 1608 4692 Sed
1640 4651 1764 4692 cum
1798 4637 1869 4693 ad
1902 4640 2023 4710 ejus

443 4720 730 4786 doctrinae,
769 4739 932 4793 quam
975 4738 1070 4795 per
1092 4723 1314 4779 beatum
1348 4712 1613 4780 Joannem
1654 4726 1837 4782 divina
1871 4729 2030 4786 nobis

445 4813 711 4884 sapientia
741 4812 1001 4882 providit,
1046 4813 1374 4871 soliditatem
1418 4831 1763 4887 nequaquam
1791 4815 2033 4873 adhaere-

446 4914 620 4967 scant,
646 4907 700 4959 in
723 4905 790 4961 iis
817 4922 939 4976 qua:
964 4905 1219 4962 nesciunt
1248 4915 1440 4964 contra
1464 4910 1711 4965 veritatis
1735 4911 2021 4967 scientiam

446 4991 745 5049 insolenter
768 4994 891 5050 illos
923 4993 1103 5050 eﬂ'erri
1135 4997 1542 5068 cognoscimus.
1571 5001 1749 5070 Atque
1772 5001 1876 5057 hoc
1904 5002 2031 5074 ipsi-

445 5093 558 5140 mct
606 5085 906 5157 intelligere
944 5095 1244 5158 poterunt,
1287 5090 1334 5145 si
1369 5091 1694 5162 resipiscere
1726 5093 1888 5148 modo
1918 5134 1932 5159 ,
1965 5110 2029 5150 ac

446 5185 685 5231 mentem
743 5178 1025 5236 advertere
1071 5181 1365 5238 voluerint.
1406 5181 1519 5239 Nos
1560 5184 1706 5238 enim
1746 5200 1810 5240 ea
1846 5186 2026 5240 moni-

449 5276 629 5323 menta
660 5269 860 5340 quibus
892 5269 1131 5341 Spiritus
1182 5274 1358 5331 sancti
1410 5274 1659 5329 doctrina
1695 5277 2027 5345 continetur,

448 5377 568 5431 qua!
596 5362 815 5434 quidem
840 5363 944 5421 ﬁde
973 5365 1156 5439 digna,
1189 5367 1526 5438 probataque
1557 5368 1690 5435 sint,
1725 5368 1877 5425 nullo
1908 5383 2026 5425 mo-

409 5488 416 5565 ί
519 5517 537 5551 ³
565 5517 586 5572 ι
613 5518 772 5576 Joan.
803 5536 863 5587 ιι,
905 5521 993 5579 18.
1068 5524 1088 5555 ²
1119 5524 1141 5576 l
1172 5521 1312 5578 Tim.
1346 5540 1386 5587 ι,
1425 5523 1477 5577 7.

2116 504 2345 575 μηκύνω
2376 502 2468 559 τὸν
2494 502 2687 576 λόγον;
2736 504 2847 561 Καὶ
2879 503 2989 578 7&9
3033 502 3111 577 τῷ
3141 504 3348 576 μένοντι
3379 506 3499 561 ὃπου
3530 509 3634 563 ἀνα-

2114 597 2221 667 φυῇ
2248 594 2571 668 ἀϐρότονος,
2603 596 2721 650 basi
2752 594 2874 665 ϐφις
2904 594 3087 649 οὐκέτι
3130 594 3507 667 ἔγκαταμένιι,
3537 595 3636 651 οὔτε

2113 686 2446 757 ὲμφωλεύει.
2476 688 2587 743 Καὶ
2631 689 2766 742 ὅπου
2813 686 2949 742 Θεοῦ
2995 686 3199 759 ἀληθὴς
3237 686 3558 751 διδασκαλία,
3588 690 3636 742 οὐ

2114 779 2433 850 κατισχύσει
2468 781 2889 852 κατοικητήριον
2935 776 3274 850 ἑρπετώδους
3323 779 3637 847 διδασκαλίας,

2114 871 2253 926 ἀλλά
2288 872 2574 928 διόλλυται.

2187 966 2263 1020 Γ¹.
2292 963 2565 1019 Φάσκουσι
2596 964 2775 1019 τοίνυν
2804 964 2853 1017 οί
2881 962 3118 1033 Ἀλογογ
3143 964 3344 1036 ταύτην
3368 964 3469 1035 γάρ
3490 964 3638 1026 αὐτοῖς

2116 1056 2307 1129 τίθημι
2338 1056 2436 1130 τὴν
2476 1056 2814 1127 ἐπωνυμίαν.
2859 1055 2993 1109 Ἀπὸ
3040 1055 3145 1127 γὰρ
3187 1056 3286 1126 τῆς
3320 1053 3468 1127 δεῦρο
3503 1054 3639 1117 οὕτως

2118 1149 2484 1223 κληθήσονται
2511 1168 2524 1182 ·
2554 1151 2650 1204 καὶ
2674 1148 2882 1213 οὕτως,
2936 1148 3244 1221 ἀγαπητοὶ,
3295 1147 3546 1218 ἐπιθῶμεν
3568 1146 3642 1199 αὑ-

2117 1246 2229 1307 τοῖς
2263 1242 2441 1314 ὄνομα
2465 1283 2478 1305 ,
2516 1243 2792 1297 τουτέστιν
2830 1242 3070 1311 Ἀλογοι.
3094 1239 3254 1313 Είχον
3286 1240 3390 1314 γὰρ
3414 1241 3504 1311 τὴν
3526 1240 3642 1311 αἶρε-

2120 1352 2204 1390 σιν
2227 1335 2395 1390 καλου
2404 1336 2593 1407 μένην,
2616 1335 3027 1390 ἀποϐάλλουσαν
3065 1336 3312 1389 Ἰωάννου
3332 1334 3426 1399 τὰς
3448 1332 3639 1404 βίϐλους.

2129 1429 2285 1484 Ἐπεὶ
2312 1426 2406 1483 οὖν
2448 1430 2539 1483 τὸν
2571 1429 2743 1499 Λόγον
2773 1429 2835 1482 ού
2864 1428 3108 1500 δέχονται
3146 1428 3237 1482 τὸν
3267 1428 3411 1498 παρά
3441 1426 3643 1479 Ἰωάννου

2117 1518 2555 1591 κεκηρυγμένον,
2595 1517 2813 1586 Ἀλογοι
2837 1516 3220 1590 κληθήσονται.
3260 1515 3535 1588 ’Λλλότριοι
3562 1512 3647 1566 τοί-

2117 1626 2212 1662 νυν
2267 1606 2614 1661 παντάπασιν
2667 1606 3003 1678 ὑπάρχοντες
3046 1604 3140 1659 τοῦ
3194 1604 3528 1677 κηρύγματος
3571 1600 3647 1670 τῆς

2124 1699 2412 1771 ἀληθείας,
2460 1698 2750 1771 ἀρνοῦνται
2794 1698 2855 1752 τὸ
2893 1698 3130 1772 καθαρὸν
3174 1696 3266 1752 τοῦ
3324 1696 3646 1767 κηρύγματος,

2125 1796 2219 1849 καὶ
2239 1792 2364 1849 οὔτε
2393 1792 2455 1848 τὸ
2483 1793 2576 1848 τοῦ
2618 1794 2863 1847 Ἰωάννου
2896 1791 3230 1861 Εὑαγγέλιον
3266 1790 3528 1861 δέχονται,
3555 1784 3648 1839 οὔτε

2126 1888 2223 1959 τὴν
2274 1885 2439 1941 αὐτοῦ
2499 1884 2883 1956 Ἀποκάλυψιν.
2944 1886 3055 1940 Καὶ
3111 1885 3160 1938 εί
3210 1884 3310 1955 μὲν
3347 1883 3565 1952 ἐδέχοντο
3605 1878 3651 1931 τὸ

2130 1980 2460 2050 Εὐαγγέλιον
2492 1978 2603 2048 (15)
2627 2019 2641 2044 ,
2677 1979 2778 2051 τὴν
2816 1977 2874 2032 δὲ
2918 1975 3286 2046 Ἀποκάλυψιν
3315 1972 3649 2033 ἀπεϐἀλλοντο,

2128 2072 2387 2143 ἐλέγομεν
2413 2071 2502 2137 ἃν,
2545 2072 2623 2143 μὴ
2679 2071 2756 2142 πῆ
2800 2072 2911 2142 ἀρα
2955 2070 3095 2124 κατά
3126 2066 3499 2141 ἀκριϐολογίαν
3529 2062 3653 2117 τοῦτο

2127 2163 2441 2226 ποιοῦνται,
2509 2163 2825 2236 ἀπόκρυφον
2873 2162 2947 2235 μὴ
2980 2161 3291 2233 δεχόμενοι,
3320 2159 3407 2213 διὰ
3442 2158 3503 2212 τὰ
3534 2156 3650 2225 ὲντῇ

2141 2253 2505 2325 Ἀποκαλύψει
2538 2252 2748 2326 βαθέως
2781 2253 2874 2308 καὶ
2899 2251 3187 2316 σκοτεινῶς
3215 2249 3472 2323 εἰρημένα
3492 2265 3504 2278 ·
3528 2248 3653 2300 ὁπότε

2127 2348 2189 2404 δὲ
2225 2349 2287 2402 οὐ
2343 2347 2607 2420 δέχονται·
2627 2346 2786 2417 φύσει
2828 2344 2898 2400 τά
2927 2345 3108 2419 βιϐλία
3155 2343 3224 2398 τὰ
3276 2342 3381 2398 ἀπὸ
3415 2340 3499 2394 τοῦ
3532 2336 3652 2406 ἁγίου

2140 2440 2387 2495 Ἰωάννου
2427 2440 2812 2512 κεκηρυγμένα
2839 2482 2854 2507 ,
2897 2438 3060 2494 παντί
3112 2456 3191 2510 τῳ
3236 2435 3395 2509 δῆλον
3440 2433 3549 2503 εἴη.
3593 2430 3654 2483 ὅτι

2128 2523 2274 2586 οῦτοί
2329 2533 2436 2585 είσι
2491 2533 2584 2585 καὶ
2622 2534 2670 2585 οἱ
2700 2532 2876 2604 ὅμοιοι
2923 2529 3162 2593 τούτοις,
3200 2526 3330 2598 περὶ
3365 2518 3434 2577 ὧν
3486 2517 3653 2578 sine”

2130 2623 2283 2692 ἅγιος
2324 2623 2578 2695 Ἰωάννης
2631 2624 2689 2677 ὲν
2725 2626 2844 2688 ταῖς
2874 2621 3189 2684 καθολικαῖς
3220 2616 3572 2678 Ἐπιστολαῖς,
3595 2612 3654 2666 ὅτι

2141 2713 2404 2786 Ἐσχάτη
2429 2714 2551 2785 ὥρα
2592 2715 2746 2791 ἐστὶ,
2802 2715 2903 2770 καὶ
2932 2714 3254 2783 ἠκούσατε,
3289 2712 3378 2766 ὅτι
3415 2708 3654 2774 Ἀπ’χρι-

2129 2822 2277 2874 στος
2305 2804 2570 2876 ἔρχεταιι
2593 2807 2692 2861 καί
2723 2806 2841 2861 νῦν
2873 2805 3000 2860 ἰδοὺ
3037 2804 3410 2873 ἀντίχριστοι
3459 2791 3651 2854 πολλῶν

2130 2898 2223 2953 καὶ
2249 2899 2316 2952 τά
2345 2898 2494 2969 ἑξῆς.
2527 2897 2961 2971 Προφασίζονται
2994 2896 3101 2969 γάρ
3128 2890 3299 2959 οὗτοι,
3334 2891 3654 2962 αἰσχυνόμενοι

2130 2988 2430 3059 ἀντιλέγειν
2473 2989 2552 3060 τῷ
2584 2990 2723 3062 ἁγίῳ
2773 2989 2989 3060 Ἰωάννῃ
3038 2986 3127 3041 διὰ
3173 2986 3234 3039 τὸ
3289 2984 3476 3039 είδέναι
3504 2976 3658 3037 αὐτοὺς

2131 3080 2225 3134 καὶ
2263 3080 2424 3135 αὐτὸν
2453 3082 2510 3134 ὲν
2537 3080 2756 3153 ἀριθμῷ
2780 3079 2887 3134 τῶν
2918 3077 3231 3134 ἀποστόλων
3264 3077 3414 3140 ὄντα,
3446 3072 3529 3127 καὶ
3551 3070 3657 3136 ἠγα-

2130 3172 2374 3244 πημένον
2413 3172 2518 3226 ὑπὸ
2563 3171 2657 3226 τοῦ
2697 3171 2904 3242 Κυρίου
2937 3188 2951 3202 ο
2991 3170 3050 3233 ὃς
3091 3167 3259 3234 ἀξίως
3312 3166 3382 3222 τὰ
3438 3161 3659 3237 μυστήρια

2128 3263 2444 3335 ἀπεκάλυψε
2471 3304 2486 3328 ,
2522 3265 2617 3319 καὶ
2650 3264 2740 3319 ἐπὶ
2777 3264 2838 3317 τὸ
2871 3262 3064 3335 στῆθος
3109 3260 3279 3316 αὐτοῦ
3319 3260 3551 3316 ἀνέπεσε.
3579 3249 3660 3306 Καὶ

2132 3357 2335 3429 ἑτέρως
2387 3357 2528 3411 αὐτὰ
2579 3356 2905 3429 ἀνατρέπειν
2958 3353 3283 3427 πειρῶνται.
3325 3352 3541 3421 Λέγουσι
3580 3343 3663 3413 γὰρ

2133 3449 2209 3521 μὴ
2243 3444 2382 3503 εἶναι
2433 3448 2574 3504 αύτά
2612 3447 2859 3503 Ἰωάννου
2886 3488 2901 3513 ,
2935 3445 3073 3500 ἀλλά
3121 3444 3402 3518 Κηρίνθου
3425 3458 3439 3473 ·
3478 3439 3561 3493 καὶ
3589 3435 3661 3488 οὐκ

2128 3539 2257 3606 ἄξια
2296 3540 2436 3595 αύτά
2464 3557 2628 3610 φασιν
2660 3534 2798 3594 εἶναι
2830 3540 2889 3592 ὲν
2938 3537 3256 3610 Ἐκκλησία.

2199 3631 2276 3685 Δ’.
2318 3630 2430 3685 Καὶ
2453 3630 2547 3684 ἀπ’
2580 3630 2752 3701 αὐτῆς
2776 3629 2872 3702 τῆς
2902 3629 3157 3701 ἐπιϐολῆς
3189 3627 3356 3693 εὐθὺς
3382 3626 3666 3696 ἐλέγχονται.

2134 3724 2273 3797 μήτε
2312 3722 2347 3778 ἀ
2378 3723 2629 3793 λέγουσιν
2662 3721 2941 3787 νοοῦντες,
2973 3723 3111 3795 μήτε
3151 3722 3285 3794 περὶ
3332 3721 3485 3776 τίνων
3521 3712 3665 3772 διαϐιο

2132 3809 2428 3864 ϐαιοῦνται.
2461 3809 2587 3874 Πῶς
2611 3809 2720 3883 γάρ
2747 3808 2901 3864 ἔσται
2935 3809 3210 3882 Κηρίνθου
3240 3811 3314 3865 τὰ
3342 3809 3479 3865 κατά
3506 3802 3667 3875 K1392“)-

2131 3900 2224 3955 θου
2281 3901 2547 3971 λέγοντας
2593 3901 2868 3975 Κήρινθος
2912 3902 3022 3976 γάρ
3070 3903 3385 3976 πρόσφατον
3434 3899 3521 3956 καὶ
3546 3892 3669 3966 om»

2127 3994 2220 4047 τὸν
2248 3993 2484 4067 Χριστὸν
2517 3993 2629 4066 ἔχει
2662 3994 2970 4068 ἄνθρωπον.
3012 3995 3071 4049 '0
3112 3995 3168 4049 δὲ
3217 3995 3468 4064 Ἰωάννης
3502 3988 3576 4045 ἀεὶ
3600 3987 3665 4039 liv-

2130 4102 2198 4140 τα
2237 4085 2329 4138 τδν
2375 4085 2547 4156 Λόγον
2591 4086 2896 4158 κεκήρυχε,
2947 4085 3042 4140 καὶ
3086 4086 3295 4142 ἀνωθεν
3333 4087 3523 4158 ἥκοντα
3548 4119 3560 4143 ,
3598 4074 3667 4131 καὶ

2132 4177 2505 4250 σαρκωθέντα.
2548 4178 2668 4232 ’Λπ’
2693 4179 2862 4251 αὐτῆς
2885 4178 3066 4233 τοίνυν
3089 4178 3192 4249 τῆς
3219 4177 3466 4248 είσϐολῆς
3490 4171 3668 4243 ἐλήλετ·

2133 4283 2258 4321 κται
2298 4268 2332 4339 ἡ
2385 4266 2592 4321 τούτων
2642 4268 3180 4339 ματαιοσυκοφαντία
3220 4268 3403 4340 μωρία
3430 4281 3508 4329 τις
3545 4255 3669 4316 οὖσαν

2133 4357 2228 4409 καὶ
2267 4355 2341 4427 μὴ
2389 4354 2587 4411 νοοῦσα
2626 4355 2789 4410 πόθεν
2825 4344 3180 4427 διελέγχεται.
3213 4354 3441 4410 Δοκοῦσι
3466 4352 3563 4421 γὰρ
3597 4344 3668 4400 καὶ

2134 4448 2287 4502 αὐτοὶ
2317 4447 2389 4502 τὰ
2437 4447 2528 4502 ίσα
2575 4450 2707 4520 ἡμῖν
2741 4448 3050 4503 πιστεύειν·
3096 4450 3170 4520 μὴ
3204 4448 3516 4519 κατέχοντες
3537 4442 3583 4495 δὲ
3618 4435 3672 4490 τὲ

2135 4540 2350 4612 ἀσφαλῆ
2398 4539 2493 4594 τοῦ
2544 4541 2608 4594 ὲκ
2653 4540 2788 4595 Θεοῦ
2837 4541 3280 4614 οίκονομηθέντος
3320 4543 3449 4612 ἡμῖν
3497 4535 3574 4590 διὰ
3598 4529 3667 4584 τοῦ

2124 4633 2292 4702 ἀγίου
2361 4634 2608 4688 Ἰωάννου
2646 4634 3032 4707 κηρύγματος,
3074 4634 3460 4706 εὑρεθήσονται
3505 4627 3667 4691 διελεγ-

2135 4725 2356 4798 χόμενοι
2378 4727 2434 4779 ὲν
2471 4720 2552 4791 οἷς
2576 4726 2851 4797 ἀγνοοῦσι,
2880 4726 2998 4791 πῶς
3028 4726 3167 4782 κατά
3193 4726 3294 4799 τὴν
3318 4725 3419 4795 τῆς
3459 4715 3669 4790 ἀληθείας

2138 4818 2455 4891 ἐπαίρονται
2485 4818 2705 4887 γνῶσιν.
2739 4819 2851 4873 Καὶ
2880 4819 2975 4873 ὲάν
3002 4836 3065 4889 γε
3096 4818 3395 4891 θελήσωσιν
3424 4809 3666 4901 ἀνανῆψαιῖ

2135 4909 2230 4965 καὶ
2261 4911 2616 4982 κατανοῆσαι,
2646 4909 2967 4982 γνώσονται.
3005 4910 3197 4982 Ἡμεῖς
3222 4908 3333 4980 γὰρ
3359 4909 3456 4971 τὰς
3482 4900 3577 4957 ἀπὸ
3601 4900 3668 4948 τοο

2134 5002 2291 5072 ἁγίου
2336 5002 2651 5075 Πνεύματος
2689 5004 3041 5069 διδασκαλίας
3088 5001 3383 5069 ἀξιολόγως
3412 4997 3501 5051 καὶ
3528 4994 3665 5075 ila”

2134 5092 2403 5165 λισμένως
2428 5073 2595 5159 ού-σας
2615 5096 2717 5149 οὐκ
2745 5092 3430 5190 ἀποϐάλοιμείν.-Φάσκουσι
3456 5086 3556 5190 γάρ

2134 5187 2342 5239 ἑαυτῶν
2363 5226 2376 5248 ,
2427 5189 2488 5241 ού
2537 5187 2643 5259 γὰρ
2676 5187 2885 5259 εἴποιμι
2921 5176 3197 5257 κατά’τῆς
3223 5181 3503 5255 ἀληθείας,
3533 5176 3666 5227 ὅτιού

2136 5279 2416 5349 συμφωνεῖ
2456 5279 2524 5333 τὰ
2556 5279 2720 5335 αὐτοῦ
2757 5280 2940 5352 βιϐλία
2989 5282 3103 5343 τοῖς
3133 5277 3342 5339 λοιποῖς
3375 5265 3664 5352 ἀποστόλοις-

2136 5348 2269 5425 Ka‘t
2294 5370 2508 5426 δοκοῦσι
2544 5372 2731 5428 λοιπὸν
2759 5348 3245 5446 ⁷ἐπιλαμϐάνεσθαι
3281 5368 3385 5439 τῆς
3429 5348 3667 5433 ἁγίαςμώ

532 5674 642 5738 (l5)
680 5661 892 5753 Καιεὶ-
910 5677 1025 5753 μὲι·
1050 5677 1330 5753 ἐδέχοντο
1361 5678 1425 5753 το
1462 5680 1851 5753 Επςιιιγγξέιιιοικ
1891 5679 2027 5735 Nam
2058 5681 2123 5738 de
2150 5681 2471 5753 Apocalypsi
2531 5680 2777 5736 nonnihil
2830 5695 2856 5734 ο
2884 5678 3215 5750 quibusdam
3269 5673 3581 5733 dubitatum.
3617 5659 3665 5713 dt

455 5756 563 5811 quo
596 5752 848 5800 accurate
884 5748 936 5801 in
968 5750 1105 5800 Ann.
1140 5748 1364 5814 Baron,
1398 5749 1460 5802 A.
1493 5748 1553 5802 (ἶ.
1595 5751 1682 5805 97.
