3918 6126
300 288 411 348 897

1026 272 1389 360 antensus
1432 278 1771 335 unaneses
1810 278 1934 333 LIB.
1982 277 2044 333 tt.
2085 277 2245 333 TOM.
2289 276 2327 333 ι.
2369 310 2435 319 -
2498 278 2767 337 ιιιειιεδ.
2809 280 2892 338 ω.

3445 285 3561 344 ’898

297 402 358 468 ἐξ
381 402 550 473 αὐτῆς
592 403 690 473 τῆς
720 402 900 474 πηγῆς
942 402 1225 472 ὥρμηνται
1243 418 1260 436 ο
1281 402 1351 454 τὰ
1378 401 1435 454 δὲ
1462 400 1675 469 ἑκάστῳ
1700 415 1856 471 παρα

1985 412 2090 452 nus
2134 396 2432 452 haberent?
2454 396 2541 452 ita
2589 397 2834 468 quidem,
2887 408 2944 455 ut
2995 401 3260 456 nonnulla
3296 403 3561 459 concordi

297 492 592 565 ληφθέντα,
621 492 779 556 ἄλλος
798 492 1219 564 διηγήσεται,,δς
1240 493 1395 546 ἔλαϐε
1417 492 1568 564 παρὰ
1589 490 1681 545 τοῦ
1707 489 1878 543 Ilvati-

198 628 205 631 .
298 603 466 659 ματος
500 586 667 656 μέρος
695 586 798 656 τῆς
830 585 1144 653 ἀναλογίας.
1175 585 1241 638 Τί
1280 586 1342 639 δὲ
1378 586 1693 655 ποιήσομεν,
1724 584 1877 637 Ματ-

293 677 446 730 θαίου
480 678 578 754 μὲν
608 675 968 748 κηρύττοντος
1001 679 1058 730 ὲν
1092 677 1341 748 Βηθλεὲμ
1392 676 1492 747 τὴν
1521 674 1754 746 Μαριὰμ
1779 691 1875 743 γε-

292 765 633 835 γεννηκέναι,
679 763 821 818 κατὰ
865 763 964 828 τὰς
1015 765 1145 836 παρ’
1170 764 1320 836 αὐτῷ
1359 762 1730 832 γενεαλογίας,
1757 762 1865 815 άπὸ

306 857 556 929 Ἀϐραὰμ
579 858 675 912 καὶ
701 853 864 911 Δάσιδ
884 858 983 929 τὴν
1007 857 1268 928 ἔνσαρκον
1288 854 1522 927 Χριστοῦ
1545 853 1870 925 παρουσίαν,

292 946 368 1010 ὡς
419 948 518 1018 οὐχ
566 949 881 1021 εὑρίσκεται
926 951 956 1004 ὁ
1002 949 1157 1017 ἆγιος
1188 948 1414 1019 Μάρκος
1441 946 1613 1000 ταῦτα
1662 945 1867 1013 λέγων’

291 1039 429 1094 ἀλλὰ
460 1040 569 1095 ἀπὸ
593 1041 695 1112 τῆς
726 1043 784 1095 ὲν
812 1040 890 1112 τῷ
922 1042 1164 1112 Ἰορδάνῃ
1210 1040 1594 1112 πραγματείας
1638 1040 1872 1091 ποιεῖται

291 1132 390 1204 τὴν
422 1133 732 1203 εἰσαγωγὴν
784 1134 877 1188 τοῦ
920 1133 1278 1202 Εὐαγγελίου,
1313 1132 1408 1187 καὶ
1452 1131 1646 1202 φησίν’
1698 1129 1870 1199 Ἀρχὴ

293 1224 398 1278 τοῦ
424 1225 794 1294 Εὺαττελίου
815 1242 829 1257 ο
852 1227 934 1292 ὡς
956 1224 1277 1295 γέγραπται
1299 1225 1369 1278 ἐν
1392 1223 1597 1289 Ἡσαΐᾳ
1622 1220 1705 1285 τῷ
1729 1237 1871 1288 προ-

291 1315 473 1385 φήτῃ.
507 1315 678 1385 Φωνὴ
703 1317 975 1382 βοῶντος
1016 1317 1086 1371 ἐν
1131 1316 1206 1385 τῇ
1239 1315 1454 1385 ἐρήμῳ.
1483 1313 1639 1368 Οὕτω
1679 1313 1776 1367 καὶ
1803 1312 1872 1365 τὰ

290 1405 367 1475 τῷ
416 1408 555 1476 ἁγίῳ
606 1407 827 1479 Ἰωάννῃ
873 1407 1440 1480 πεπραγματευμένα,
1488 1407 1582 1460 καὶ
1626 1406 1685 1460 ὲν
1730 1404 1871 1474 ἁγίῳ

290 1497 567 1566 Πνεύματι
611 1499 990 1569 ὴσφαλισμένα
1026 1498 1125 1570 τὴν
1171 1498 1426 1570 φροντίδα
1460 1497 1614 1569 ἔσχεν
1647 1496 1708 1551 οὐ
1739 1493 1870 1565 περὶ

288 1582 395 1635 τῶν
427 1583 527 1654 ἤδη
569 1587 994 1657 κεκηρυγμένων
1023 1587 1279 1650 πολλάκις
1318 1587 1476 1657 μόνον
1502 1584 1700 1653 λέγειν,
1732 1581 1870 1637 ἀλλὰ

290 1673 550 1744 περὶτῶν
583 1676 897 1743 ἀναγκαίων
925 1677 1027 1731 ὑπὸ
1057 1677 1163 1731 τῶν
1195 1678 1370 1732 ἄλλων
1396 1679 1475 1740 εἰς
1501 1676 1699 1739 αὐτοὺς
1719 1677 1734 1707 ³
1769 1691 1869 1745 κη-

1978 501 2043 541 ac
2077 496 2449 544 consentanea
2498 504 2630 544 νοοο
2667 498 2987 556 narrarent,
3027 506 3138 563 quo
3168 508 3227 549 se
3254 509 3320 550 ex
3363 493 3559 550 eodem

1976 576 2228 632 hausisse
2258 576 2410 633 fonte
2455 585 2824 635 monstrarent
2854 597 2870 646 ;
2905 582 3151 651 quaedam
3186 599 3316 639 vero
3347 584 3416 639 ab
3443 585 3559 641 sin-

1975 669 2116 739 gulis
2171 669 2538 738 praetermissa
2585 670 2728 727 alius
2774 681 3106 742 exponeret,
3157 675 3247 730 cui
3300 675 3557 745 privatim

1975 757 2111 813 illud
2134 765 2282 814 esset
2313 773 2344 813 a
2373 758 2579 830 Spiritu
2608 770 2803 816 sancto
2852 778 2950 832 pro
2980 772 3101 819 rata
3136 766 3390 834 portione
3421 781 3555 822 con—

1974 864 2211 905 cessum.
2237 848 2382 916 Quid
2416 851 2584 921 igitur
2615 850 2902 919 faciemus,
2941 869 3066 909 cum
3115 854 3406 913 Matthaeus
3437 857 3555 911 Maa

1973 941 2113 996 riam
2144 942 2481 999 Bethlehemi
2514 944 2795 1014 peperisse
2840 946 3066 1012 scribat,
3099 948 3401 1003 secundum
3432 964 3557 1019 per-

1973 1032 2233 1102 scriptam
2303 1034 2378 1089 ab
2433 1033 2628 1090 eodem
2687 1037 3096 1108 genealogiam,
3163 1054 3270 1109 qua
3344 1039 3555 1094 Christi

1972 1138 2096 1179 cum
2127 1139 2292 1181 carne
2318 1126 2590 1183 venientis
2619 1128 2888 1199 originem
2920 1129 2989 1183 ab
3011 1130 3325 1187 Abrahamo
3354 1146 3419 1188 ac
3446 1132 3554 1186 Da-

1971 1213 2094 1270 vide
2125 1217 2426 1285 pertexuit;
2468 1216 2685 1275 Marcus
2718 1234 2850 1275 vero
2875 1221 3012 1276 nihil
3037 1221 3235 1277 habeat
3255 1221 3551 1293 ejusmodi,

1971 1306 2068 1362 sed
2102 1307 2171 1361 ab
2198 1322 2266 1362 eo
2294 1308 2441 1377 quod
2486 1309 2554 1363 ad
2595 1307 2890 1364 Jordanem
2919 1319 3132 1382 gestum
3165 1322 3270 1376 est,
3304 1315 3552 1385 Evange-

1970 1393 2103 1449 lium
2157 1396 2429 1458 ordiatur,
2484 1397 2561 1452 ita
2609 1392 2904 1455 scribens:
2954 1399 3180 1455 Initium
3224 1402 3497 1475 Evangelii
3530 1420 3597 1459 ε.

1970 1486 2106 1541 sicut
2134 1488 2386 1556 scriptum
2410 1498 2488 1544 ut
2512 1490 2567 1543 in
2585 1488 2753 1546 .Isaia
2781 1492 3035 1560 propheta
3063 1509 3082 1547 :
3122 1493 3233 1547 Vox
3267 1496 3551 1550 clamantis

1968 1578 2025 1632 in
2061 1577 2267 1633 deserto
2296 1578 2353 1633 ‘?
2387 1578 2479 1635 Sic
2526 1581 2582 1635 in
2623 1582 2691 1637 iis
2736 1599 2857 1651 qua:
2890 1584 3082 1640 beatus
3113 1583 3353 1642 Joannes
3390 1603 3552 1641 man-

1970 1666 2121 1722 davit
2151 1670 2448 1737 memoriae,
2477 1687 2709 1741 qumque
2744 1672 2949 1743 Spiritu
2981 1686 3175 1731 sancto
3206 1679 3551 1748 gubernante

294 1765 585 1835 ρυγμάτων
620 1768 1110 1835 καταλειφθέντων.
1128 1771 1192 1823 Ἡ
1230 1769 1338 1840 γὰρ
1380 1769 1530 1822 πᾶσα
1556 1766 1662 1821 τῶν
1687 1765 1856 1835 Εὐαγ-

1969 1760 2076 1816 tide
2107 1762 2256 1816 omni
2308 1778 2374 1818 ac
2417 1765 2649 1821 veritate
2701 1767 2943 1820 stabilita
2983 1776 3135 1828 sunt,
3189 1746 3242 1823 id
3294 1770 3547 1825 videlicrt

289 1859 484 1927 γελίων
509 1860 762 1925 ὑπόθεσις
781 1861 1022 1915 τοιοῦτον
1051 1857 1162 1932 εἶχε
1189 1860 1411 1932 τρόπον.

1973 1859 2157 1910 actum
2188 1862 2299 1919 est,
2346 1861 2409 1908 ut
2450 1871 2561 1910 non
2604 1857 2779 1912 solum
2816 1872 2879 1911 ea
2921 1872 3043 1927 qua:
3071 1859 3270 1928 sacpius
3300 1863 3550 1919 nuntiata

290 1950 525 2016 fuerant,
560 1962 1029 2022 proponerentur;
1062 1953 1156 2008 sed
1196 1961 1251 2007 et
1278 1953 1589 2009 necessaria
1614 1948 1863 2022 quaedam
1898 1945 2230 2002 adderentur
2254 1947 2529 2018 dogmata,
2562 1964 2683 2018 quae
2708 1949 2891 2005 caeteri
2941 1957 3069 2006 ante
3117 1952 3269 2006 illum
3327 1954 3551 2009 minime

296 2046 520 2117 scriptis
551 2047 884 2118 attigissent.
914 2045 1193 2116 Ejusmodi
1237 2060 1433 2114 nempe
1476 2051 1650 2098 totum
1687 2037 2105 2111 Evangeliorum
2136 2046 2521 2108 argumentum
2551 2038 2673 2095 fuit.

358 2138 637 2193 Ματθαίου
667 2139 765 2209 μὲν
796 2140 906 2212 γὰρ
933 2138 1299 2210 κεκηρυχότος
1328 2136 1418 2189 τὸν
1462 2134 1694 2205 Χριστὸν
1742 2148 1865 2201 γεν-

289 2229 542 2300 νηθέντα,
569 2231 663 2285 καὶ
711 2230 1125 2301 ὲκ’Πνεύματος
1165 2228 1320 2298 ἁγίου
1374 2225 1763 2296 συλληφθέντα,
1796 2223 1863 2277 ὲκ

288 2322 601 2393 σπέρματος
634 2321 796 2375 Δαὸὶδ
840 2322 933 2376 καὶ
979 2320 1229 2395 Ἀϐρααμ
1256 2318 1399 2373 κατὰ
1444 2318 1623 2389 σάρκα
1655 2318 1861 2370 οἰκονο-

290 2411 552 2483 μηθέντα,
584 2410 761 2482 πλάνη
787 2410 898 2465 τισὶ
922 2410 1213 2481 γεγένηται
1235 2412 1348 2473 τοῖς
1395 2409 1469 2480 μὴ
1512 2405 1822 2479 νενοηκόσιν
1843 2422 1857 2436 ·

284 2506 345 2558 οὐ
377 2503 471 2558 τοῦ
503 2494 840 2572 Εὐαγγελίου
870 2503 1043 2556 αίτίου
1077 2502 1227 2567 ὄντος
1252 2502 1434 2563 αὐτοῖς
1459 2501 1538 2563 είς
1560 2499 1621 2551 τὸ
1652 2497 1862 2566 πλανη-

286 2596 466 2668 θῆναι,
496 2596 632 2651 ἀλλὰ
672 2596 771 2667 τῆς
814 2596 993 2650 αὐτῶν
1034 2596 1272 2659 διανοίας
1315 2589 1863 2664 πεπλανημένης,είς

283 2688 626 2759 παράστασιν
668 2686 770 2755 τῆς
815 2686 944 2758 περὶ
991 2686 1100 2739 τῶν
1151 2683 1331 2741 αὐτῶν
1373 2680 1767 2755 πληροφορίας,
1794 2678 1888 2762 τίὶι⁵

283 2778 390 2832 ἀπὸ
440 2777 533 2831 τοῦ
573 2777 910 2845 Εὐαγγελίου
957 2780 1101 2848 κακῇ
1137 2779 1363 2849 ὑπονοίᾳ
1410 2780 1861 2852 ⁸ὲπινενοημένα.

289 2868 480 2923 Ἔνθεν
506 2867 613 2940 γὰρ
646 2870 696 2921 οἱ
723 2869 852 2940 περὶ
896 2868 1168 2940 Κήρινθον
1199 2870 1295 2924 καί¹
1326 2870 1556 2926 Ἐὁίωνα
1588 2871 1743 2941 ψιλὸν
1768 2872 1859 2927 τὸν

285 2959 568 3031 ἄνθρωπον
625 2959 910 3030 κατέσχον,
963 2959 1058 3014 καὶ
1099 2961 1396 3032 Μήρινθον,
1443 2963 1537 3016 καὶ
1578 2962 1852 3030 Κλεόόιον,

2039 2127 2175 2183 Cum
2208 2128 2496 2186 Matthaaus
2523 2131 2765 2201 genitum
2792 2131 3072 2188 Christum
3106 2141 3271 2204 atque
3294 2150 3325 2190 e
3356 2147 3552 2191 sancto

1970 2216 2179 2288 Spiritu
2224 2228 2590 2291 conceptum,
2642 2236 2706 2277 ac
2751 2223 2821 2277 de
2850 2222 3072 2279 Davidis
3119 2234 3174 2279 et
3222 2225 3545 2292 Abrahami,

1968 2311 2112 2381 quod
2157 2309 2225 2365 ad
2270 2321 2492 2368 carnem
2540 2313 2769 2378 attinet,
2812 2330 3013 2385 genere
3064 2324 3395 2385 prognatum
3444 2332 3548 2373 sua

1967 2404 2283 2458 narratione
2307 2402 2715 2474 descripsisset,
2748 2407 3028 2461 nonnullis
3054 2407 3434 2477 ignorantibus
3459 2424 3547 2463 er-

1966 2493 2108 2548 roris
2145 2494 2293 2549 istud
2321 2496 2670 2551 occasionem
2717 2496 2887 2552 dedit.
2917 2498 3089 2566 Cujus
3127 2499 3345 2568 quidem
3376 2515 3545 2556 causa

1965 2598 2077 2638 non
2103 2583 2396 2655 Evangelio
2427 2585 2530 2656 ipsi
2560 2586 2884 2649 tribuenda;
2914 2588 3009 2641 sed
3045 2586 3182 2642 falsa
3210 2589 3423 2643 illorum
3456 2604 3546 2642 ac-

1964 2675 2209 2759 cusanda
2239 2691 2418 2741 mens,
2443 2677 2536 2747 qui
2570 2677 2634 2731 ad
2662 2675 2716 2731 id
2752 2676 2896 2747 quod
2935 2686 3085 2733 certo
3118 2680 3220 2734 sibi
3253 2695 3543 2750 persuase-

1964 2773 2108 2831 rant,
2138 2782 2422 2837 perperam
2453 2776 2707 2837 acceptas
2750 2785 2815 2824 ex
2859 2769 3156 2841 Evangi-Iio
3188 2773 3545 2828 auctoritates

1965 2858 2474 2912 accommodabant.
2535 2857 2674 2914 llinc
2725 2859 2868 2913 enim
2919 2860 3255 2926 Cerinthus,
3305 2871 3359 2916 et
3409 2861 3543 2916 Ehio

1960 2948 2166 3004 nudum
2216 2947 2495 3004 hominem
2552 2949 2726 3005 fuisse
2759 2948 3035 3005 Christum
3088 2952 3347 3019 asseruit,
3390 2961 3449 3005 ut
3491 2960 3542 3007 ct

284 3049 458 3103 είτουν
507 3048 839 3102 Κλεόϐουλον
873 3049 1006 3119 (l9),
1054 3051 1148 3104 mi.
1195 3051 1478 3117 Κλαύδιον,
1511 3054 1607 3106 καὶ
1650 3057 1856 3125 Δημᾶν,

1966 3039 2288 3108 Merinthus,
2315 3049 2369 3097 et
2387 3041 2670 3107 Clcohius,
2696 3042 2811 3098 sive
2832 3042 3148 3109 Cleobulus,
3179 3050 3234 3098 et
3257 3044 3541 3108 Claudius,

285 3141 378 3192 καὶ
419 3138 751 3210 Ἑρμογένην
784 3137 917 3207 (20),
950 3141 1075 3203 τοὺς
1097 3141 1489 3212 ἀγαπήσαντας
1512 3143 1603 3197 τὸν
1631 3142 1863 3198 ἐνταῦθα

284 3228 477 3293 αἰῶνα,
510 3232 604 3284 καὶ
650 3230 1082 3301 καταλείψαντας
1128 3232 1228 3304 τὴν
1274 3232 1391 3290 ὁδὸν
1432 3234 1533 3305 τῆς
1581 3234 1859 3307 ἀληθείας.

297 3320 695 3390 Ἀντιλέγοντες
745 3323 855 3393 γὰρ
901 3325 1011 3387 τοῖς
1055 3322 1151 3376 τοῦ
1197 3325 1401 3396 Κυρίου
1448 3325 1717 3397 μαθηταῖς
1739 3330 1859 3381 κατ’

284 3416 460 3469 ἐκεῖνο
490 3415 705 3487 καιροῦ,
740 3416 849 3469 ἀπὸ
878 3416 977 3486 τῆς
1007 3416 1148 3471 κατὰ
1174 3417 1266 3471 τὸν
1291 3418 1543 3490 Ἀϐραὰμ
1568 3419 1665 3473 καὶ
1694 3419 1861 3473 Δασὶδ

282 3504 631 3573 γενεαλογίας
677 3504 780 3576 τὴν
804 3505 984 3560 αὐτῶν
1011 3507 1194 3561 ἄνοιαν
1229 3511 1507 3580 παριστᾷ,
1526 3509 1849 3582 ὲπειρῶντο’

282 3596 341 3649 οὐ
375 3594 554 3659 καλῶς
600 3595 699 3666 μὲν
723 3596 979 3667 οἰόμενοι,
1012 3598 1153 3670 πλὴν
1177 3599 1426 3655 ἐντεῦθεν
1452 3600 1551 3672 τὴν
1587 3602 1859 3674 πρόφασιν

284 3686 611 3758 θηρώμενοι.
629 3688 969 3758 Ἀντέλεγον³
1000 3690 1105 3762 γὰρ
1136 3692 1395 3758 πολλάκις
1429 3693 1535 3748 ὑπὸ
1575 3692 1671 3747 τοῦ
1702 3695 1858 3764 ἁγίου

295 3778 538 3833 Ἰωάννου
578 3781 673 3834 καὶ
713 3780 819 3834 τῶν
860 3783 996 3853 ἀμφ’
1026 3783 1228 3848 αὐτῶν,
1256 3785 1490 3839 Λευκίου
1546 3788 1641 3840 καὶ
1686 3786 1859 3842 ἄλλων

283 3870 511 3927 πολλῶν.
540 3855 936 3944 Παρατρίψασα
960 3875 1018 3929 δὲ
1045 3876 1243 3946 ἑαυτῆς
1264 3877 1325 3931 τὸ
1348 3877 1616 3948 μετώπιον
1644 3880 1678 3950 ἡ
1705 3880 1858 3935 ἀναιο

284 3962 528 4031 σχυντία,
558 3965 724 4035 ἑαυτῇ
760 3964 905 4019 κακὰ
935 3965 1342 4020 ἐπισπάσασθαι
1372 3967 1818 4039 ἐφιλοτιμήσατο.

351 4221 526 4287 Εὐθὺς
557 4224 613 4277 δὲ
643 4225 781 4295 μετὰ
811 4225 900 4279 τὸν
932 4224 1210 4279 Ματθαίον
1238 4222 1348 4295 (21)
1388 4223 1678 4290 ἀκόλουθος
1704 4227 1856 4295 γενό-

1957 3148 2023 3189 ac
2052 3131 2268 3199 Demas,
2312 3141 2367 3189 et
2408 3133 2796 3205 Hermogenes,
2832 3136 2924 3205 qui
2968 3135 3278 3190 dilexerunt
3307 3136 3410 3191 hoc
3437 3153 3541 3192 sm-

1922 3224 2162 3289 .culum,
2245 3232 2299 3279 et
2341 3224 2485 3280 viam
2534 3225 2787 3303 veritatis
2840 3212 3181 3297 reliquerunt
3223 3229 3266 3283 ⁸.
3325 3227 3539 3299 Quippe

1960 3315 2175 3373 Domini
2198 3318 2487 3389 discipulis
2511 3333 2608 3389 per
2631 3318 2685 3373 id
2711 3325 2925 3389 tempus
2965 3320 3408 3375 contradicentes
3433 3320 3536 3381 illi,

1955 3424 2023 3466 ex
2048 3409 2249 3465 Christi
2293 3410 2608 3480 genealogia
2645 3410 2714 3465 ab
2753 3409 3065 3465 Abrahamo
3097 3418 3149 3465 et
3180 3410 3387 3466 Davide
3418 3426 3539 3481 per-

1956 3502 2119 3558 ducta
2140 3500 2410 3557 insaniam
2437 3516 2595 3556 suam
2618 3502 2976 3579 corroborare
3001 3501 3349 3558 studuerunt.
3380 3502 3539 3569 Quod

1956 3593 2060 3648 etsi
2091 3605 2374 3661 perperam
2419 3591 2475 3645 in
2518 3591 2764 3646 animum
2797 3591 3148 3658 induxerant,
3178 3593 3538 3648 nihilominus

1956 3682 2108 3737 illinc
2135 3681 2481 3736 occasionem
2526 3680 2674 3735 nacti
2716 3688 2863 3736 sunt.
2908 3681 2974 3735 Et
3005 3680 3244 3737 Joannes
3299 3683 3535 3751 quidem,

1955 3772 2184 3842 ejusque
2227 3769 2514 3840 discipuli,
2547 3768 2891 3840 maximeque
2933 3769 3167 3836 Lucius,
3201 3779 3256 3825 et
3294 3771 3387 3825 alii
3419 3772 3536 3841 ple-

1955 3859 2113 3930 rique
2155 3859 2384 3914 istorum
2429 3859 2722 3914 conatibus
2747 3859 2948 3929 saepius
2989 3858 3157 3930 428
3183 3861 3533 3916 obstiterant.

1958 3949 2065 4004 Sed
2101 3947 2363 4003 nimirum
2396 3948 2491 4002 ubi
2519 3947 2688 4003 semel
2736 3946 2970 4002 frontem
3004 3963 3159 4002 suam
3196 3949 3533 4019 impudentia

1956 4036 2277 4110 perfricuit,
2313 4038 2456 4092 mala
2503 4037 2609 4093 sibi
2660 4037 2828 4092 multa
2869 4037 3129 4109 deinceps
3183 4039 3534 4096 accumulare
3599 4028 3607 4035 ’

1957 4146 2067 4185 non
2097 4130 2321 4186 destitit.

2025 4223 2212 4296 Itaque
2240 4232 2364 4295 post
2403 4223 2715 4280 Mattbmum
2757 4227 2939 4282 statim
2985 4224 3190 4292 Marco,
3224 4227 3316 4297 qui
3350 4221 3541 4281 Romae

356 4409 371 4438 ¹
408 4405 466 4461 F.
502 4406 711 4477 αὐτόν.Δ
760 4406 779 4436 ²
815 4404 1013 4462 Deesse
1071 4405 1285 4460 videtur
1340 4404 1608 4459 nonnihil.
1686 4404 1708 4435 ³
1741 4401 1802 4457 F.
1839 4402 1856 4456 ὲ

1962 4400 2205 4470 λέγοντο,
2245 4413 2300 4459 et
2344 4415 2490 4465 mox,
2547 4401 2682 4472 ἀμφ·
2717 4402 2894 4455 αὐτόν.
2975 4402 2997 4433 ⁴
3028 4366 3194 4460 Marc.
3228 4419 3241 4457 ι
3271 4444 3285 4468 ,
3330 4405 3353 4458 1
3409 4420 3543 4477 sqq;

278 4477 300 4508 '
328 4476 373 4531 ll
406 4477 545 4531 Tim.
582 4493 655 4541 tv,
688 4474 741 4530 9.

354 4634 483 4706 (19),
505 4635 616 4706 Kal
650 4620 963 4706 Κλεόϐιονξ,
996 4632 1198 4706 εἵτουν
1244 4627 1643 4706 Κλεᾴϐουαξον.
1680 4625 1840 4706 lgna:

1962 4632 2164 4706 totest,
2214 4629 2292 4706 uti
2339 4627 2450 4706 duo
2497 4628 2742 4706 ejusdem
2786 4630 3024 4706 nominis
3069 4629 3250 4706 Demea
3303 4630 3528 4706 fuerint.

280 4710 386 4764 tius
418 4694 486 4760 a'd
528 4705 831 4778 Trallianos
862 4694 1312 4778 :_¢De_dys-Es,_xa1
1351 4696 1421 4778 τὰ
1462 4695 1568 4778 τοὶξ.
1599 4694 1837 4766 πονηροῦ

278 4779 496 4846 ἔγγονα,
524 4776 811 4846 Θεόδοτον,’
828 4774 932 4846 καί
955 4768 1381 4846 Κλεόβουλον-τὰ
1406 4768 1680 4836 γεννῶντα
1705 4782 1841 4846 no.9-

279 4796 305 4832 ε
344 4796 496 4846 γονα,
524 4796 798 4837 σεοοοτον,
828 4796 922 4827 και
956 4796 1285 4825 ΑΛευυυυΛυν
1313 4796 1381 4822 ἰιι
1416 4796 1680 4836 ιιννιυνιιυι
1706 4796 1840 4847 ιξυιμ-

279 4796 379 4903 nini
415 4845 806 4918 θανατηφρρον.
834 4841 935 4899 Ubi
964 4839 1482 4918 non_Nic_olaitarum
1505 4851 1840 4918 propagines

278 4906 617 4988 istosl‘uisse'
636 4906 797 4988 docet
816 4955 832 4980 ,
863 4920 921 4968 ut
961 4923 1046 4988 est
1072 4912 1126 4964 in
1161 4910 1361 4988 ᾼιιιιαι.
1381 4947 1396 4972 ,
1426 4906 1523 4988 sed
1549 4906 1841 4988 1:063:qu-

279 4990 376 5059 ροῦ
405 4987 626 5059 ἔγγονα,
680 4986 784 5059 hoc
800 4977 914 5059 ,εει
942 4983 1206 5059 daemonis
1241 4980 1403 5035 fetus.
1435 4977 1705 5059 Imposuit
1728 4979 1840 5059 n-

276 5046 493 5113 naliui'n'
515 5046 772 5125 scriptori
800 5052 1026 5125 Latinus
1065 5051 1355 5120 interpres,
1391 5047 1485 5119 qui
1511 5048 1585 5100 ita
1615 5046 1792 5102 reddit
1820 5062 1836 5102 :

281 5128 493 5195 Fugite,
530 5124 759 5194 perversi
793 5124 941 5195 illius
975 5130 1204 5195 nepotes.
1347 5133 1421 5195 __‘

232 5192 251 5199 “
349 5184 723 5266 (ἒο)’Ᾰημᾶν,
776 5193 875 5248 καὶ
899 5184 1293 5266 Δ⁹1‹;’,ι),ιις)γέικ·ηζ·.
1347 5184 1839 5266 Theodoretusad

276 5266 319 5322 ll
348 5260 490 5323 Tim.
541 5260 595 5321 οἷ
623 5260 715 5330 iv,
751 5263 1005 5318 eumdem
1042 5263 1227 5330 illum;
1244 5260 1460 5313 Demam
1501 5272 1624 5330 esse
1658 5262 1836 5330 putat,

275 5339 366 5407 qui
420 5336 592 5406 Epist.
648 5327 716 5408 ad
775 5333 1004 5408 Philem.
1065 5327 1400 5408 ett__Colo_sS.
1434 5343 1486 5408 tv
1548 5327 1836 5408 laudatur;

274 5395 479 5478 quique
513 5407 774 5461 saeculum
797 5404 1058 5478 diligens,
1093 5399 1284 5478 relicto
1323 5398 1527 5478 Paulo,
1559 5395 1835 5478 discessit.

278 5466 628 5532 Sedbnutato
657 5474 887 5548 c_onsilio
907 5466 983 5527 ad
1013 5470 1241 5525 Paulum
1286 5468 1576 5548 revertisse
1610 5466 1832 5548 quidam

273 5550 605 5603 existimant.
659 5545 940 5616 Chrysost.
968 5557 1097 5616 vero
1134 5548 1253 5616 post
1286 5538 1657 5616 honorificam
1684 5538 1829 5616 illam

274 5617 342 5687 de
368 5634 432 5673 eo
465 5611 791 5671 intentionem
827 5631 854 5667 a
884 5613 1051 5687 Paulo
1082 5611 1541 5687 sejunctunressc
1568 5614 1744 5687 putat,
1775 5614 1832 5687 ut
1866 5622 1877 5625 '

275 5686 369 5745 illa
412 5688 477 5743 ad
524 5687 749 5741 Philem.
790 5691 913 5742 ante
957 5682 995 5737 ll
1031 5683 1097 5739 ad
1128 5680 1268 5737 Tim.
1303 5678 1507 5751 scripta
1555 5679 1646 5735 sit.
1690 5676 1831 5734 Fieri

1942 4695 2102 4769 Apud
2132 4697 2303 4765 lgnat.
2332 4695 2607 4769 Epist.'ad
2642 4698 2948 4769 Magnesios
2976 4700 3298 4754 nominatur
3324 4702 3528 4756 Dantas

1942 4764 2344 4836 Magnesiorum
2379 4764 2695 4836 episcopus.

2013 4783 2026 4819 I
2068 4783 2344 4821 nesrorum
2379 4783 2695 4836 episcopus.

2013 4783 2125 4905 (ξι)
2156 4835 2366 4908 ,Εὺθὺς
2414 4835 2481 4888 δὲ
2516 4838 2669 4908 μετὰ
2710 4837 2819 4890 τὸν
2857 4836 3179 4892 Ματθαῶν.
3229 4837 3308 4891 Ex
3360 4855 3525 4908 prava

1939 4904 2189 4960 Cornarii
2225 4904 2675 4975 interpretatione
2721 4914 2812 4961 aut
2843 4908 2981 4963 falsa
3011 4915 3104 4961 aut
3130 4909 3299 4962 dubia
3329 4904 3394 4963 ei:
3439 4911 3524 4966 his

1938 4976 2131 5048 verbis
2157 4976 2386 5048 historia
2415 4977 2715 5048 Colligitur,
2742 4978 2961 5047 jussum
2994 4993 3046 5048 Aa
3086 4977 3248 5033 Petro
3281 4977 3525 5032 Marcum

1938 5047 2225 5101 historiam
2276 5046 2588 5115 scripsisse.
2639 5046 2923 5103 Sic'enim
2965 5046 3274 5103 Cornarius
3328 5067 3341 5102 :
3394 5048 3522 5103 Post

1937 5116 2252 5188 blatthtetrm
2297 5128 2522 5173 secutus
2575 5125 2659 5172 est
2692 5117 2925 5188 Marcus,
2964 5118 3156 5188 jussus
3192 5133 3222 5171 a
3260 5117 3318 5172 S.
3359 5116 3523 5173 Petro

1942 5185 2129 5241 Romae
2172 5185 2525 5255 Evangelium
2574 5188 2755 5243 edere.
2814 5185 3075 5242 Neutrum
3130 5189 3328 5243 horum
3387 5188 3522 5243 dicit

1939 5257 2133 5328 Epiph.
2182 5266 2276 5329 aut
2307 5257 2449 5310 Petri
2475 5256 2637 5324 jussu
2660 5299 2675 5321 ,
2706 5265 2799 5312 aut
2838 5258 3028 5313 Romae
3056 5257 3524 5329 scripsisseMar-

1938 5327 2085 5399 eum,
2119 5327 2214 5383 sed
2238 5328 2357 5399 hoc
2389 5329 2917 5399 t_antu_m,_comitem
2948 5330 3101 5383 illum
3136 5327 3523 5399 Rom-.el‘uisse
3587 5345 3591 5350 '

1939 5397 2110 5462 Petri,
2144 5408 2198 5452 et
2232 5397 2624 5466 ἐπιτρέπεσθαι
2667 5397 2728 5451 τὸ
2778 5399 3108 5467 Εὑαγγὲλιον
3150 5398 3431 5453 ἐκθέσθαι.
3472 5399 3519 5453 Α

1940 5468 2217 5538 quonam?
2266 5468 2312 5519 A
2356 5467 2566 5536 Spiritu
2614 5476 2828 5525 sancto.
2860 5468 3039 5524 [nscio
3071 5471 3215 5524 enim
3249 5468 3419 5524 Petro
3450 5469 3521 5523 ad

1941 5537 2293 5608 scribendum
2345 5552 2635 5608 aggressus
2692 5538 3129 5608 cst,ﬂRomanis
3181 5539 3235 5594 id
3286 5541 3355 5595 ab
3397 5540 3519 5607 ipso

1940 5606 2362 5678 postulantibus,
2390 5606 2458 5661 ut
2480 5616 2671 5663 auctor
2702 5616 2788 5663 est
2822 5607 3047 5666 Hieron.
3096 5610 3193 5665 lib.
3226 5609 3302 5664 De
3332 5606 3517 5678 script.

1941 5677 2149 5747 ποίεε..
2176 5684 2230 5734 et
2276 5677 2473 5736 Euseb.
2505 5679 2599 5735 lib.
2635 5694 2696 5746 ιι,
2724 5695 2755 5736 c
2807 5679 2894 5735 14.
2924 5678 3079 5747 Quod
3108 5696 3238 5736 cum
3272 5681 3520 5738 audisset
