3918 6122
365 279 473 337 8⁵99

1762 268 1826 324 S.
1867 254 2214 331 ΕΡΙΡΙΙΑΝΠ

3526 264 3641 318 500

369 395 552 453 sancti
571 394 720 451 Petri
737 407 920 450 comes
937 389 1419 459 fuerat,scrihendi
1432 386 1713 462 Evangelii
1730 391 1951 461 provin-

2064 405 2217 461 μενος
2242 390 2272 442 ὁ
2298 388 2523 457 Μάρκος
2554 385 2634 457 τῷ
2664 385 2807 456 ἀγίῳ
2838 384 3032 454 Πέτρῳ
3074 382 3133 435 ἓν
3166 378 3381 453 Ῥώμῃ,
3417 380 3643 452 ἐπιτρέ-

369 486 463 542 cia
496 485 877 541 committitur.
908 482 1064 549 Quod
1097 497 1225 537 cum
1257 480 1497 548 fecisset,
1531 496 1563 534 a
1599 482 1759 537 beato
1786 479 1951 535 Petro

376 582 433 633 in
463 575 761 648 Egyptum
791 575 1050 630 mittitur.
1080 572 1213 628 Erat
1246 573 1336 629 hic
1369 588 1515 628 unus
1547 587 1578 628 e
1607 587 1758 627 Lxxu
1789 572 1954 627 disci-

370 670 541 740 pulis,
575 668 669 739 qui
706 668 780 725 ob
820 681 1133 723 sermonem
1162 666 1315 719 illum
1346 664 1582 735 dispersi
1612 672 1758 729 sunt,
1789 678 1952 734 quem

376 760 642 816 Dominus
671 762 921 816 elocutus
971 756 1190 815 fuerat:
1236 755 1361 811 Nisi
1398 758 1514 827 quis
1558 754 1953 809 manducauerit

370 870 591 911 carnem
617 869 811 919 meam,
842 862 892 907 et
930 851 1119 906 biberit
1145 851 1485 921 sanguinem,
1519 864 1621 902 non
1653 857 1732 902 est
1758 864 1837 901 me
1869 847 1954 900 di-

373 962 507 1018 gnus
536 945 579 1011 ί,
613 946 690 1000 uti
723 945 908 999 sciunt
948 945 1040 1014 qui
1072 942 1427 1011 Evangeliuni
1471 941 1717 1010 legerint.
1749 937 1953 994 Verum

374 1037 467 1090 ille
499 1037 646 1092 Petri
681 1051 846 1106 opera
880 1050 1155 1099 reversus,
1187 1049 1252 1088 ac
1294 1033 1499 1103 Spiritu
1545 1039 1740 1086 sancto
1777 1030 1954 1099 reple-

380 1137 465 1184 tus
518 1128 905 1183 conscribendi
970 1125 1246 1198 Evangelii
1291 1139 1495 1180 munus
1544 1123 1773 1194 accepit.
1824 1122 1956 1180 inde

377 1235 539 1291 porro
567 1219 699 1274 illud
728 1234 957 1275 exorsus
988 1226 1094 1282 est,
1130 1217 1275 1273 unde
1302 1214 1546 1286 Spiritus
1567 1231 1694 1272 eum
1727 1223 1954 1271 sanctus

375 1312 617 1382 impulit,
643 1318 698 1367 et
733 1326 765 1365 a
807 1326 878 1366 xv
904 1310 1108 1366 Tiberii
1150 1310 1384 1365 Caesaris
1414 1324 1559 1365 anno
1591 1308 1825 1379 sumpsit
1852 1308 1957 1364 ini-

370 1402 545 1469 tium;
580 1402 674 1474 qui
708 1410 792 1458 est
814 1419 922 1457 xxx
950 1402 1018 1457 ab
1043 1415 1140 1466 eo,
1183 1400 1329 1456 unde
1362 1398 1652 1456 Mattbmus
1681 1401 1957 1455 narratio-

374 1509 498 1551 nem
517 1494 811 1549 inchoavit.
830 1491 1199 1560 Quamobrem
1221 1508 1347 1548 cum
1373 1490 1650 1549 secundus
1672 1477 1762 1547 hic
1783 1492 1958 1549 Evan-

372 1587 496 1659 gelii
529 1586 766 1657 scriptor
796 1585 1130 1654 exstitisset;
1160 1601 1261 1641 nec
1288 1586 1358 1641 de
1376 1584 1542 1641 Verbi
1565 1584 1660 1642 Dei
1691 1587 1747 1640 in
1777 1593 1955 1645 terras

372 1693 405 1734 e
439 1677 581 1733 coelo
626 1677 851 1748 delapso
895 1676 1187 1748 perspicue
1220 1676 1605 1749 signiﬁcasset,
1638 1693 1954 1749 quanquam

379 1782 637 1840 expresse
666 1769 718 1824 id
745 1769 970 1824 omnino
1005 1768 1306 1825 declaravit
1344 1786 1360 1824 :
1394 1783 1583 1824 verum
1609 1784 1736 1823 cum
1773 1768 1956 1824 minus

375 1858 431 1915 id
463 1866 724 1915 accurate
757 1865 1172 1929 pertractasset,
1208 1858 1341 1914 hinc
1383 1872 1539 1914 novae
1578 1858 1829 1930 quaedam
1875 1866 1957 1915 te-

377 1952 561 2007 nebrae
589 1952 832 2018 illorum,
861 1965 1002 2021 quos
1039 1951 1204 2021 paulo
1235 1959 1363 2008 ante
1386 1953 1831 2018 commemoravi,
1870 1951 1957 2007 in~

380 2043 552 2112 geniis
589 2043 796 2098 oborta:
826 2050 991 2111 sunt;
1022 2057 1092 2098 ne
1133 2057 1232 2100 eos
1275 2044 1625 2113 evangelicus
1654 2044 1744 2099 ille
1774 2044 1960 2116 splen-

374 2137 479 2191 dor
521 2135 839 2190 illustraret.
885 2132 978 2190 Sic
1014 2135 1159 2190 enim
1205 2135 1285 2190 illi
1322 2136 1606 2207 iactabant
1638 2152 1652 2189 :
1685 2135 1827 2192 Ecce
1858 2136 1959 2193 tibi

375 2240 579 2281 novum
603 2225 672 2281 de
697 2225 919 2281 Christo
945 2226 1220 2297 proditum
1248 2238 1333 2284 est
1362 2226 1736 2299 Evangelium,
1767 2228 1820 2283 in
1849 2244 1960 2299 quo

375 2318 527 2373 nulla
555 2318 624 2374 de
660 2317 871 2375 caelesti
916 2318 1009 2373 illa
1050 2319 1400 2389 generatione
1443 2321 1684 2388 mentio;
1723 2320 1819 2377 sed
1852 2321 1959 2376 hoc

379 2423 550 2465 unum
590 2417 898 2464 memorat:
949 2407 1016 2463 In
1048 2407 1291 2464 Jordane
1321 2410 1593 2464 descendit
1633 2410 1871 2478 Spiritus
1905 2413 1962 2466 in

377 2501 566 2565 illum;
597 2510 648 2555 et
676 2516 775 2556 vos:
802 2502 942 2555 :Hic
974 2509 1053 2555 est
1078 2499 1259 2555 Filius
1299 2517 1445 2557 meus
1477 2502 1725 2569 dilectus,
1767 2505 1823 2558 in
1853 2520 1961 2575 quo

381 2594 510 2647 mihi
538 2593 832 2662 complacui
855 2596 898 2646 ³.

457 2683 565 2737 Vll.
597 2686 731 2739 Cum
764 2685 932 2754 igitur
956 2684 1025 2740 iis
1054 2685 1110 2739 in
1138 2686 1302 2742 rebus
1333 2694 1441 2741 tam
1469 2686 1809 2745 incredibilis
1842 2689 1962 2744 illo-

377 2792 501 2834 rum
515 2784 826 2832 versaretur
843 2779 1101 2843 amentia,
1134 2777 1370 2848 Spiritus
1390 2789 1613 2836 sanctus
1625 2781 1841 2836 beatum
1859 2780 1967 2835 Lu-

380 2884 500 2924 cam
531 2870 764 2925 occultis
799 2869 1127 2940 quibusdam
1174 2871 1412 2927 stimulis
1455 2871 1623 2943 cogit,
1655 2881 1705 2928 et
1735 2874 1959 2941 excitat,

381 2970 442 3016 ut
482 2977 548 3017 ex
593 2962 860 3017 altissima
910 2963 1002 3016 illa
1047 2963 1307 3034 voragine
1355 2978 1627 3019 caecorum
1675 2964 1961 3020 hominum

380 3064 591 3110 mentes
633 3055 924 3121 educeret,
971 3062 1026 3109 et
1062 3071 1184 3126 qua:
1226 3055 1444 3110 fuerant
1488 3055 1557 3110 ab
1591 3057 1714 3112 aliis
1743 3066 1965 3127 prater—
1989 3083 2035 3145 α

380 3145 550 3200 missa
604 3145 826 3216 scriptis
877 3145 1323 3211 commendaret,
1370 3160 1439 3199 ne
1483 3145 1608 3215 quis
1656 3160 1685 3198 a
1731 3147 1963 3203 veritate

380 3234 600 3304 longius
651 3235 917 3289 aberrans
966 3232 1251 3298 crederet,
1297 3233 1502 3289 Christi
1552 3236 1963 3305 generationem

380 3327 452 3379 ab
487 3340 553 3379 eo
580 3326 728 3380 velut
760 3324 940 3378 [ictam
975 3323 1216 3379 fabulam
1250 3323 1422 3380 fuisse
1453 3328 1812 3395 propositam.
1857 3326 1965 3385 Sed

376 3416 690 3471 orationem
722 3415 812 3471 ille
852 3430 1007 3471 suam
1040 3414 1298 3486 deinceps
1329 3415 1481 3472 eil'ert
1516 3419 1701 3483 altius,
1738 3433 1803 3475 ac
1839 3435 1966 3476 cum

383 3508 642 3563 subtilius
667 3516 907 3578 exponat
942 3508 1147 3573 omnia,
1173 3508 1253 3567 rei
1295 3519 1461 3579 gestae
1490 3510 1686 3565 seriem
1712 3522 1968 3568 accurate

384 3598 759 3669 prosequitur,
791 3605 844 3652 et
876 3596 944 3651 ad
986 3598 1202 3652 veritati
1239 3597 1543 3653 faciendam
1588 3598 1748 3654 ﬁdem
1799 3609 1967 3657 testes

387 3690 511 3745 illos
550 3690 807 3760 proponit
839 3687 894 3742 in
942 3688 1204 3753 medium,
1237 3691 1330 3761 qui
1361 3689 1531 3744 divini
1562 3691 1712 3745 verbi
1748 3690 1967 3747 fuerant

389 3781 719 3836 administri.
766 3779 859 3835 Sic
900 3781 1045 3836 enim
1090 3780 1335 3851 loquitur
1363 3782 1384 3814 ³
1411 3798 1424 3833 :
1455 3782 1723 3849 Quoniam
1755 3783 1966 3854 quidem

386 3873 542 3926 multi
571 3872 747 3925 conati
770 3880 892 3926 sunt
920 3872 1002 3941 (ut
1032 3872 1349 3937 nonnullos,
1389 3873 1482 3944 qui
1529 3873 1581 3929 id
1621 3877 1804 3929 conati
1850 3876 1968 3933 fue-

387 3971 533 4033 tant,
582 3962 872 4027 indicaret,
918 3962 1239 4018 Cerinthum
1286 3964 1572 4030 videlicet,
1611 3965 1964 4036 Merinthum,

384 4063 439 4109 et
466 4054 651 4123 alios).
676 4054 857 4125 Pergit
881 4069 1011 4110 vero
1041 4055 1254 4110 :Visum
1273 4065 1351 4110 est
1382 4056 1510 4110 mihi
1537 4056 1775 4127 deinceps
1803 4057 1979 4131 429

388 4163 628 4203 assecuta
653 4164 686 4201 a
731 4150 991 4217 principio
1022 4148 1301 4218 diligenter
1333 4163 1421 4203 eos
1454 4148 1543 4218 qui
1577 4148 1677 4217 ipsi
1706 4150 1964 4216 viderunt,

384 4246 434 4291 et
472 4237 707 4290 ministri
741 4237 999 4290 sermonis
1046 4236 1282 4305 fuerunt,
1329 4236 1558 4290 scribere
1604 4236 1733 4305 tibi,
1778 4240 1968 4307 optime

392 4327 671 4397 Theophila
711 4342 731 4380 :
772 4327 886 4382 sive
928 4327 996 4381 ad
1051 4325 1413 4397 TheOphilum
1473 4329 1781 4398 quempiam
1831 4330 1969 4384 scri-

2053 498 2215 535 πεται
2238 481 2300 535 τὸ
2331 478 2662 549 Εὐαγγέλιον
2686 477 2980 548 ἑκθέσθαιι
3008 476 3102 530 καὶ
3134 474 3347 548 γράψας
3370 474 3645 529 ἀποστέλ-

2053 576 2203 629 λεται
2236 575 2341 628 ὑπὸ
2369 573 2465 627 τοῦ
2496 574 2655 643 ἁγίου
2686 572 2893 643 Πέτρου
2940 572 3023 634 είς
3066 568 3165 641 τὴν
3189 568 3298 623 τῶν
3323 567 3646 636 Αἰγυπτίαν

2053 667 2255 739 χώραν.
2284 658 2452 731 Οὗτος
2481 667 2537 720 δὲ
2570 663 2651 730 εἷς
2685 666 2981 738 ἐτύγχανεν
3016 663 3128 734 (‘22)
3170 664 3236 716 ἐκ
3267 662 3375 716 τῶν
3403 661 3646 731 ἑϐδομη-

2054 756 2311 811 κονταδύο
2357 757 2468 809 τῶν
2508 755 3040 829 διασκορπισθὼτων
3088 753 3181 806 ἐπὶ
3222 750 3302 821 τῷ
3336 753 3570 821 ῥήματι,
3600 743 3649 819 ᾧ

2053 843 2207 902 εἶπεν
2230 851 2260 901 ὁ
2288 847 2514 919 Κύριος·
2562 847 2698 901 Ἐὰν
2718 846 2805 915 μή
2831 847 2925 911 τίς
2947 861 3067 914 μου
3092 843 3252 913 φάγῃ
3270 840 3387 908 τὴν
3416 840 3649 908 σάρκα,

2054 942 2153 995 καὶ
2188 942 2293 1009 πίῃ
2335 941 2401 995 τὸ
2450 936 2612 1009 αἷμα,
2638 942 2749 993 οὐκ
2779 939 2907 991 ἔστι
2937 955 3056 1007 μου
3096 936 3293 1000 ἄξιος·
3324 935 3401 997 ὡς
3422 938 3540 995 τοῖς
3576 934 3650 986 τά

2054 1034 2365 1103 Εὐαγγέλια
2412 1032 2706 1102 ἀναγνοῦσι
2760 1031 2936 1102 σαφὴς
2978 1032 3012 1101 ἡ
3063 1030 3426 1099 παράστασις.
3442 1024 3652 1097 Ὅμως

2053 1126 2143 1180 διὰ
2192 1126 2398 1198 Πέτρου
2440 1123 2768 1197 ἀνακάμψας
2798 1119 3240 1191 εὐαγγελίζεσθαι
3264 1116 3654 1183 καταξιοῦται,

2054 1217 2334 1290 Πνεύματι
2376 1217 2517 1289 ἀγίῳ
2558 1214 3304 1289 ὲμπεφορημὲνος.⁹Δρχεται
3339 1211 3397 1265 δὲ
3435 1210 3655 1282 κηρύτ-

2054 1326 2190 1373 τειν,
2225 1309 2347 1365 ὅθεν
2371 1310 2432 1365 τὸ
2457 1309 2686 1381 Πνεῦμα
2712 1308 2862 1380 αὐτῷ
2903 1304 3365 1379 παρεκελεύσατο,
3394 1303 3499 1374 τὴν
3539 1304 3656 1375 ἀρ-

2056 1402 2158 1473 χὴν
2210 1402 2420 1457 τάττων
2474 1401 2583 1457 ἀπὸ
2637 1398 3128 1455 πεντεκαιδεκάτου
3175 1398 3331 1460 ἔτους
3386 1395 3655 1464 Τιϐερίου

2057 1492 2336 1566 Καίσαρος
2390 1491 2529 1565 μετά
2574 1492 2671 1564 ἔτη
2711 1492 3008 1564 τριάκοντα
3057 1492 3157 1563 τῆς
3209 1493 3307 1546 τοῦ
3356 1492 3656 1548 Ματθαὶου

2058 1582 2465 1655 πραγματείας.
2500 1583 2766 1654 Δευτέρου
2808 1583 2868 1637 δὲ
2907 1582 3202 1653 γενομένου
3233 1583 3655 1652 εὐαγγελιστοῦ,

2058 1676 2153 1729 καὶ
2180 1676 2255 1747 μὴ
2293 1676 2422 1748 περὶ
2448 1672 2547 1747 τῆς
2572 1675 2778 1730 ἀνωθεν
2822 1675 3155 1744 καταγωγῆς
3177 1674 3314 1729 Θεοῦ
3343 1676 3521 1744 Λόγου
3549 1694 3659 1748 τη-

1987 1737 2031 1798 B
2056 1737 2277 1835 λαυγῶς
2724 1764 2863 1819 ἀλλὰ
2903 1737 3080 1836 πάντη
3111 1737 3226 1836 ⁷μὲν
3265 1737 3656 1838 ἐμφαντικῶς,

2057 1857 2121 1912 οὐ
2178 1857 2284 1928 μὴν
2331 1856 2472 1912 κατά
2518 1855 2907 1926 ἀκριϐολογίαν
2948 1854 3239 1928 τοσαύτην,
3290 1857 3486 1927 γέγονε
3531 1861 3658 1921 τοῖς

2060 1948 2504 2021 προειρημένοις,
2536 1950 2618 2012 είς
2641 1947 2893 2021 δεύτερον
2928 1949 3194 2002 σκότωσιν
3215 1949 3325 2002 τῶν
3350 1949 3537 2020 διανοῇ
3548 1952 3660 2020 μά-

2057 2058 2195 2108 τωνς
2219 2040 2315 2094 τοῦ
2346 2041 2419 2113 μὴ
2446 2041 2850 2113 καταξιωθῆναι
2872 2042 3013 2113 πρὸς
3041 2042 3321 2112 φωτισμὸν
3342 2042 3438 2097 τοῦ
3468 2045 3662 2113 Εὐαγ-

2059 2132 2264 2203 γελίου,
2299 2132 2568 2202 λεγόντων
2608 2131 2811 2195 αὐτῶν,
2841 2133 2926 2186 δτι
2950 2132 3372 2206 Ἰδού¹δεύτερον
3399 2134 3662 2203 Εὐαγγέ-

2060 2224 2174 2279 λιον
2206 2224 2336 2297 περὶ
2361 2223 2406 2277 X
2415 2222 2602 2296 ριστοῦ
2635 2226 2916 2295 σημαῖνον,
2940 2224 3037 2279 καὶ
3064 2223 3303 2294 οὐδαμοῦ
3330 2225 3540 2279 ἄνωθεν
3565 2225 3662 2279 λέ-

2062 2334 2176 2387 γων
2223 2316 2322 2389 τὴν
2367 2316 2621 2387 γέννησιν
2641 2332 2655 2347 ·
2695 2315 2834 2370 ἀλλά
2874 2332 3040 2386 φησιν
3059 2333 3073 2348 ο
3114 2316 3212 2369 Ἐν
3246 2313 3328 2381 τῷ
3366 2315 3658 2385 Ἰορδάνῃ

2063 2405 2328 2478 κατῆλθε
2357 2408 2423 2462 τὸ
2458 2407 2699 2477 Πνεῦμα
2724 2407 2816 2460 ἐπ’
2848 2407 3056 2474 αὐτὸν,
3091 2408 3192 2462 καὶ
3228 2408 3399 2478 φωνή
3418 2424 3433 2437 ·
3458 2405 3664 2478 Οὗτός

2062 2500 2235 2553 ἐστιν
2270 2502 2304 2554 ό
2343 2500 2478 2566 Υἱὸς
2511 2503 2545 2554 ό
2576 2496 2903 2569 ἀγαπητὸς,
2934 2497 3028 2570 ἐφ’
3058 2498 3131 2554 ὃν
3158 2500 3499 2569 ηὐδόκησα.

2136 2683 2208 2735 Z'.
2250 2680 2468 2752 Ἐπειδὴ
2491 2681 2549 2734 δὲ
2582 2678 2756 2733 ταῦτα
2782 2679 2952 2744 οὕτως
2977 2681 3035 2734 ὲν
3062 2683 3179 2745 τοίς
3205 2681 3469 2746 τοιούτοις
3492 2683 3664 2756 ἀνοή-

2063 2787 2173 2834 τως
2201 2771 2456 2835 ἐτελεῖτο,
2483 2770 2783 2839 ἀναγκάζει
2823 2770 2887 2824 τδ
2930 2770 3086 2839 ἀγιον
3118 2770 3367 2841 Πνεῦμα,
3399 2773 3499 2825 καὶ
3534 2774 3665 2827 ἔπιε

2066 2862 2247 2916 νύττει
2289 2862 2381 2917 τὸν
2423 2862 2577 2932 ἅγιον
2601 2864 2837 2927 Λουκᾶν,
2870 2862 2947 2926 ὡς
2969 2863 3080 2916 ἀπὸ
3109 2862 3306 2933 βάθους
3335 2856 3662 2918 κατωτάτω

2069 2951 2255 3024 (κατὰ)
2289 2953 2389 3025 τὴν
2417 2952 2656 3007 διάνοιαν
2684 2952 2793 3013 τῶν
2821 2952 3193 3024 ἠπατημένων
3217 2955 3536 3022 ἀνενέγκαι,
3562 2957 3664 3010 καὶ

2065 3044 2136 3098 τὰ
2181 3044 2288 3098 ὐπὸ
2330 3044 2439 3098 τῶν
2485 3043 2661 3099 ἄλλων
2703 3043 3133 3113 καταλειφθέντα
3175 3041 3335 3109 αὖθις
3369 3046 3666 3102 ἐπιϐάλλε-

2069 3137 2220 3191 σθαι·
2257 3137 2344 3192 ἴνα
2372 3139 2444 3209 μή
2472 3154 2558 3200 τις
2585 3137 2696 3191 τῶν
2717 3136 3150 3209 πεπλανημένων
3173 3138 3439 3210 ἡγήσεται
3473 3139 3666 3210 μυθωο

2065 3228 2172 3294 δῶς
2200 3228 2363 3283 αὐτὸν
2392 3230 2665 3302 ἐκφράσαι
2692 3229 2792 3302 τὴν
2829 3231 3343 3302 γέννησιν.Ἔπειτα
3395 3234 3661 3306 ἀνωφερῆ

2065 3320 2157 3374 τὸν
2181 3319 2337 3390 λόγον
2384 3320 2700 3392 ὲργάζεταν
2731 3320 2822 3374 διὰ
2847 3322 2905 3375 δὲ
2937 3322 3036 3392 τὴν
3065 3322 3350 3391 ἀκρίϐειαν
3383 3323 3661 3396 λεπτομε-

2070 3413 2182 3486 ρῶς
2212 3413 2311 3485 τὴν
2343 3416 2525 3469 πᾶσαν
2552 3415 2936 3486 πραγματείαν
2959 3413 3205 3482 διέξεισι,
3239 3417 3334 3471 καὶ
3363 3408 3446 3480 είς
3479 3416 3664 3488 παρά-

2070 3520 2261 3560 στασιν
2295 3505 2554 3578 ἀληθείας
2584 3506 2944 3579 ὲμμάρτυρας
2976 3507 3104 3570 τοὺς
3134 3508 3417 3578 ὑπηρέτας
3442 3508 3540 3562 τοῦ
3572 3508 3663 3564 λό-

2067 3612 2164 3665 γου
2228 3596 2554 3667 γενομένους
2593 3598 2937 3667 παρεισάγει,
2993 3597 3247 3667 φάσκωνι
3306 3599 3662 3670 ἐπειδήπερ

2067 3686 2286 3741 πολλοὶ
2336 3685 2769 3755 ἐπεχείρησαν·
2821 3687 2909 3740 ἵνα
2953 3686 3106 3750 τινὰς
3157 3688 3255 3758 μὲν
3301 3689 3663 3763 ὲπιχειρψεάς

2068 3778 2238 3851 δείξῃ,
2264 3778 2410 3850 φημὶ
2457 3776 2517 3830 δὲ
2563 3777 2690 3841 τοὺς
2725 3778 2853 3851 περὶ
2889 3778 3185 3850 Κήρινθον,
3213 3780 3309 3833 καὶ
3351 3781 3658 3852 Μήρινθον,

2068 3870 2164 3923 καὶ
2190 3870 2318 3935 τοὺς
2334 3870 2551 3935 ἄλλους.
2585 3866 2720 3925 Εἶτα
2741 3870 2796 3923 τί
2827 3887 3025 3942 φησιν;
3063 3870 3278 3935 Ἔδοξε
3305 3873 3484 3941 κάμοὶ
3519 3877 3663 3928 καθ-

2066 3962 2216 4031 εξῆς
2271 3962 2830 4032 παρηκολουθηκότι
2880 3961 3108 4017 ἄνωθεν
3157 3962 3283 4029 τοῖς
3330 3966 3663 4032 αὺτόπταις

2068 4057 2167 4112 καί
2196 4056 2520 4126 ὑπηρέταις
2550 4055 2657 4110 τοῦ
2686 4055 2874 4126 ,λόγου
2901 4055 3248 4126 γενομένοις
3278 4056 3503 4126 γράψαι
3535 4076 3657 4123 σοι,

2068 4148 2344 4217 κράτιστε
2362 4149 2637 4218 Θεόφιλε.
2659 4149 2850 4203 Εῐτουν
2880 4149 2987 4202 τινὶ
3016 4147 3259 4219 Θεοφίλῳ
3280 4149 3403 4202 τότε
3431 4151 3661 4222 γράφων

2068 4238 2227 4293 τοῦτο
2271 4239 2476 4309 ἔλεγεν,
2527 4239 2560 4311 ἢ
2611 4240 2773 4294 παντὶ
2827 4240 3098 4312 ἀνθρώπῳ
3143 4240 3276 4295 Θεὸν
3323 4243 3617 4311 ἀγαπῶντι
3640 4262 3654 4276 °

2069 4331 2207 4399 Περὶ
2234 4324 2339 4395 ὧν,
2373 4333 2526 4402 φησὶ,
2558 4330 2906 4401 κατηχήθης
2926 4332 3124 4403 λόγων
3154 4333 3271 4401 τὴν
3288 4334 3654 4403 ἀσφάλειαν.

391 4421 528 4475 hens
554 4421 628 4473 ita
661 4418 879 4485 dixerit,
915 4419 1030 4474 sive
1057 4428 1330 4474 amantem
1375 4418 1469 4475 Dei
1502 4422 1799 4490 quemlibet
1825 4423 1962 4478 allo-

2068 4420 2176 4474 Kai
2208 4421 2307 4492 τὴν
2346 4421 2445 4492 μὲν
2473 4423 2776 4494 κατήχησιν
2808 4423 3257 4495 προτεταγμένην
3285 4423 3552 4494 ἔφασκεν,
3584 4429 3661 4493 ὡς

386 4520 590 4582 quatur
622 4527 636 4563 :
679 4525 885 4574 eorum,
916 4510 1114 4581 inquit,
1142 4510 1415 4567 verborum
1459 4512 1523 4569 de
1559 4514 1746 4584 quibus
1789 4516 1969 4571 erudi-

388 4613 476 4659 tus
496 4619 577 4685 ~es
624 4604 920 4658 ueritatem.
999 4600 1101 4659 Ubi
1178 4606 1495 4660 nonnullam
1567 4607 1967 4664 institutionem

388 4698 758 4752 antecessisse
786 4694 1075 4767 signiﬁcat,
1105 4711 1211 4767 qua
1242 4696 1311 4752 ab
1340 4697 1465 4754 aliis
1496 4697 1611 4768 jam
1639 4709 1756 4755 erat
1784 4699 1967 4755 imbu-

388 4795 517 4853 tus;
550 4789 645 4844 sed
679 4790 747 4843 ab
776 4788 968 4845 iisdem
1012 4790 1149 4846 certi
1194 4789 1331 4844 nihil
1361 4790 1664 4861 accepisse.
1695 4789 1826 4847 Post
1853 4792 1991 4847 haec,

391 4881 471 4937 rei
508 4881 796 4937 veritatem
827 4882 1084 4953 exponit:
1120 4881 1250 4937 Fuit
1279 4883 1337 4937 in
1366 4883 1547 4939 diebus
1565 4884 1798 4940 Herodis
1826 4885 1968 4955 regis

389 4970 456 5027 de
487 4971 595 5028 vice
623 4971 759 5027 Abia
787 4974 1056 5043 pontiﬁcis
1081 4973 1327 5028 sacerdos
1364 4974 1583 5045 quidam
1612 4976 1824 5030 nomine
1863 4972 1968 5027 Za-

2065 4513 2166 4584 ῆδη
2200 4512 2306 4566 ὑπὸ
2333 4513 2508 4569 ἄλλων
2545 4515 2644 4586 μὲν
2691 4514 3122 4586 κεκατηχῆσθαι,
3157 4515 3256 4569 οὐκ
3299 4517 3567 4585 ἀσφαλῶς
3602 4519 3659 4575 δὲ

2064 4605 2196 4677 παρ’
2223 4605 2404 4659 αὐτῶν
2431 4606 2828 4678 μεμαθηκέναι.
2878 4602 3013 4660 Εἶτα
3027 4605 3125 4677 τὴν
3146 4605 3436 4678 ἀκρίϐειαν
3470 4627 3654 4682 φησιν·

2077 4697 2346 4767 Ἐγένετο
2393 4698 2456 4752 ἐν
2516 4698 2763 4769 ἡμέραις
2803 4698 3052 4766 Ἡρώδου
3103 4696 3211 4753 τοῦ
3243 4698 3560 4768 ,βασιλέως
3589 4702 3661 4767 ἐξ

2064 4788 2387 4860 ἐφημερίας
2442 4788 2595 4847 Ἁὸιᾶ
2641 4791 2747 4845 τοῦ
2792 4788 3108 4860 ἀρχιερέως
3153 4791 3346 4858 ἱερεύς
3388 4810 3481 4859 τις
3529 4792 3661 4848 ὀνό-

2070 4903 2214 4955 yart
2252 4885 2569 4955 Ζαχαρίας,
2600 4883 2700 4937 καὶ
2728 4882 2883 4952 γυνὴ
2924 4883 3110 4938 αὐτοῦ
3142 4883 3213 4939 ἐκ
3256 4882 3376 4938 τῶν
3414 4868 3670 4956 avg-ate:

2067 4993 2194 5045 ρων
2235 4976 2466 5045 Ἀαρὼν,
2498 4969 2538 5047 ᾗ
2572 4974 2758 5044 ἄνομα
2797 4973 3129 5030 Ἔλισάόετ.
3162 4976 3275 5031 Καὶ
3297 4975 3528 5048 ἄρχεται
3566 4980 3667 5050 πρὸ

467 5127 483 5158 ⁸
515 5124 678 5182 Joan.
712 5141 786 5195 vi,
818 5127 908 5184 54.
984 5130 1005 5161 ¹
1029 5126 1196 5183 Marc.
1233 5143 1271 5194 ι,
1313 5127 1404 5193 10,
1432 5129 1522 5184 il.
1598 5128 1776 5186 'Luc.
1819 5145 1860 5197 ι,
1893 5129 1912 5186 l
1955 5144 2111 5202 seqq.

390 5284 609 5348 Petrus,
641 5280 790 5354 quod
807 5281 1035 5354 iactum
1070 5292 1186 5336 erat
1210 5281 1557 5354 approbavit.
1586 5279 1774 5354 Romae
1796 5295 1962 5354 porro

391 5350 683 5426 scripsisse
706 5352 1005 5426 verisimile
1032 5360 1119 5408 est
1148 5367 1162 5405 :
1193 5350 1267 5408 de
1286 5350 1402 5425 quo
1427 5353 1486 5409 in
1515 5354 1654 5412 Ann.
1677 5350 1835 5426 plura
1869 5352 1967 5408 Ba-

390 5422 536 5487 ronf.
571 5440 661 5479 an.
693 5423 787 5491 45,
812 5439 871 5478 ιι.
894 5422 984 5478 99.
1308 5422 1328 5425 “
1680 5422 1699 5426 ⁷

615 5490 808 5576 οὗτος
841 5488 1037 5576 ιξιέῆετς⁹
1073 5492 1423 5576 ετύτχαεεν.
1471 5490 1740 5576 Disseruit
1767 5490 1965 5576 ξενίη

391 5561 536 5648 apud
555 5561 793 5648 Euseb:
832 5573 888 5648 et
909 5561 1475 5648 Christuutiayarqo
1505 5561 1962 5648 negatiauditiim.

393 5631 618 5714 literon.
652 5637 707 5690 in
741 5634 903 5691 Praei.
934 5634 1002 5714 ad
1034 5632 1239 5714 Evang.
1264 5631 1457 5714 Mat-ci.
1493 5631 1744 5714 eumdem
1769 5634 1847 5714 ait
1871 5632 1967 5714 be-

393 5701 621 5758 vitieum
655 5717 877 5773 genere,
906 5713 960 5761 et
985 5700 1328 5760 sacerdotem
1355 5700 1547 5763 fuisse.
1573 5700 1680 5757 Sed
1712 5701 1855 5761 [also
1877 5703 1965 5760 hic

2068 5282 2208 5340 liber
2237 5282 2464 5340 Hieron.
2490 5283 2771 5341 tribuitur.
2808 5282 2965 5351 Quod
2995 5295 3175 5341 autem
3210 5294 3474 5342 asserunt
3511 5300 3658 5343 non-

2067 5355 2227 5419 nulli,
2254 5352 2502 5410 Marcum
2532 5370 2643 5411 non
2671 5355 2877 5413 vidisse
2900 5354 3215 5420 Deminum,
3247 5357 3452 5413 viderit
3478 5371 3659 5413 necne

2069 5424 2208 5506 nihil
2243 5423 2499 5507 atilrmo:
2539 5425 2728 5507 videre
2772 5424 2996 5507 quidem
3043 5426 3293 5507 potuisse
3340 5435 3657 5507 temporum

2070 5504 2380 5636 Εξῗρδὶῗέῗ
2405 5495 3660 5641 sﬁiii‘iiﬁef’aiéqi‘iiudeéﬁffﬂ‘$231631

2067 5649 2193 5710 [um
2235 5648 2471 5710 numero
2510 5636 2685 5699 fuisse
2732 5645 2949 5710 narrat,
3001 5637 3108 5698 etsi
3152 5636 3516 5710 contrarium
3543 5638 3665 5710 alii

2070 5703 2262 5761 Patres
2291 5706 2556 5785 sentiant.
2932 5703 2944 5710 '
3390 5704 3405 5715 ‘
3542 5708 3558 5716 '
