3918 6130
299 278 392 337 931
1001 272 1372 331 ADVERSUS
1412 273 1754 332 HERESES
1792 276 1872 332 ιιι

1975 277 2219 335 [1.Ἱ“οΜ.
2262 279 2303 337 1.
2327 312 2396 323 -—
2436 282 2706 341 HIERES.
2749 283 2835 341 LI.
3451 283 3561 341 902

290 397 388 453 τοῦ
417 391 794 450 Ματθαίου.’0
843 391 944 461 μὲν
987 390 1097 463 γὰρ
1135 392 1414 456 Ματθαῖος
1460 394 1698 466 ἐσήμανε
1726 410 1872 465 τρια.

1977 399 2214 461 chorios,
2230 408 2278 453 et
2295 414 2432 454 uxor
2458 399 2570 467 ejus
2596 400 2661 454 de
2676 399 2890 469 ﬁliabus
2916 401 3125 465 Aaron,
3141 401 3350 458 nomine
3377 400 3559 458 Elisu-

261 480 559 555 ’κονταετῆ
593 481 781 555 χρόνον
810 481 909 535 ’ἀπ’
938 482 1140 557 ἀρχῆςς
1191 484 1221 534 ὁ
1270 482 1327 536 δὲ
1359 483 1584 556 Μάρκος
1629 484 1698 540 τὰ
1740 487 1872 557 μετά

1981 489 2121 544 beth.
2140 489 2320 547 Altius
2348 505 2477 561 ergo
2503 506 2670 561 quam
2702 490 2986 549 Matthaeus
3006 508 3239 551 exorsus
3271 505 3376 551 est.
3417 494 3556 551 Mat-

296 579 590 653 ·ιριάκοντα
622 575 845 629 ἔταττεν
876 573 994 644 ἔτη,
1017 575 1115 644 τὴν
1145 576 1202 627 ἐν
1226 574 1304 647 τῷ
1325 575 1562 650 Ἰορδάνῃ
1584 579 1872 652 γενομένην

1980 583 2157 637 thaeus
2176 581 2320 637 enim
2348 582 2690 638 tricesimum
2717 587 2893 641 astatis
2914 600 3116 641 annum
3144 588 3303 642 initio
3317 587 3562 643 declaran

297 668 356 725 ἐν
384 666 612 738 ἀληθείᾳ
639 665 1047 738 πραγματείαν,
1079 667 1240 736 ὅμοια
1272 667 1351 738 τῷ
1382 669 1649 742 Ματθαίῳ
1679 672 1775 728 καὶ
1802 672 1881 744 τῷ

254 740 261 749 ἴ
297 761 513 830 Δουκᾷο
548 761 577 813 ὁ
623 758 681 811 δὲ
725 756 1002 822 Ματθαῖος
1038 758 1148 811 ἀπὸ
1196 740 1646 830 τριακονταέτους
1685 740 1879 835 χρόνου

301 850 405 922 πρδ
431 851 529 920 τῆς
552 852 609 903 ἐν
634 847 713 919 τῷ
728 847 970 921 Ἰορδάνῃ
989 849 1085 902 καὶ
1099 849 1196 903 τοῦ
1218 850 1594 923 βαπτίσματος
1619 872 1881 927 πραγμα-

292 944 448 1006 ’τείας
480 942 541 996 τὸ
579 940 827 1012 διήγημα
865 941 1131 994 ἐποιεῖτοο
1168 941 1384 1006 Λουκᾶς
1417 943 1475 997 δὲ
1495 945 1602 1016 πρὸ
1625 946 1719 999 τοῦ
1748 948 1880 1019 χρό.

296 1053 390 1091 νου
425 1034 521 1088 τοῦ
561 1032 931 1103 συλληφθῆναι
972 1032 1066 1085 τὸν
1098 1031 1331 1105 Σωτῆρα
1359 1038 1417 1090 ἐν
1450 1039 1652 1110 γαστρὶ
1679 1041 1788 1094 ἀπὸ
1821 1041 1882 1108 ἒξ

301 1130 486 1204 μηνῶν
526 1130 622 1184 τὸν
668 1129 860 1202 χρόνον
905 1127 1118 1199 ἐδήλου,
1150 1128 1245 1181 καὶ
1284 1129 1441 1184 ἐννέα
1482 1132 1668 1202 μηνῶν
1696 1134 1875 1203 πάλιν,

297 1223 392 1278 καὶ
419 1222 614 1291 ὀλίγων
642 1218 864 1292 ἡμερῶν
911 1219 1012 1290 τῆς
1057 1219 1373 1291 συλλήψεως
1401 1222 1497 1276 τοῦ
1527 1224 1733 1295 Κυρίου
1755 1243 1769 1257 ο
1802 1228 1878 1292 ὡς

296 1310 435 1368 εἶναι
486 1314 578 1366 τὸν
622 1311 800 1365 πάντα
825 1310 1014 1383 χρόνον
1045 1309 1158 1382 (23)
1207 1312 1501 1383 τριάκοντα
1526 1314 1582 1368 ἐν
1609 1315 1749 1382 ἔτος,
1782 1319 1877 1372 καὶ

298 1407 576 1464 ἐπέκεινα.
597 1407 874 1476 Διηγεῖται
901 1404 959 1458 δέ
989 1403 1084 1458 καὶ
1111 1404 1211 1474 τὴν
1233 1404 1343 1459 τῶν
1368 1409 1641 1478 ποιμένων
1664 1409 1752 1464 διά
1767 1410 1878 1467 τῶν

297 1496 806 1568 εὐαγγελισαμένων
837 1495 1084 1564 ἀγγέλων
1109 1493 1393 1550 θεοπτίαν’
1425 1498 1522 1553 καὶ
1550 1496 1627 1565 ὦς
1658 1501 1879 1575 ἐγεννή-

296 1586 362 1657 θη
392 1590 449 1641 ἐν
482 1587 752 1659 Βηθλεὲμ,
785 1587 882 1641 καὶ
904 1586 1304 1659 ἐσωργανὼθη
1350 1590 1410 1642 ἐν
1458 1590 1656 1664 φάτνῃ,
1687 1594 1783 1646 καὶ
1807 1595 1875 1665 τῇ

294 1678 455 1753 ὀγδόῃ
481 1678 848 1752 περιετμήθη,
877 1680 972 1732 καὶ
1010 1679 1068 1732 ἐν
1102 1679 1514 1751 τεσσαράκοντα
1543 1682 1780 1754 ἡμέραις
1805 1683 1877 1738 τά

1978 674 2302 732 vit.Marcus
2316 692 2445 732 vero
2458 691 2578 747 quae
2590 686 2713 746 post
2729 678 3066 734 tricesimum
3083 690 3235 751 gesta
3253 689 3381 736 sunt
3397 697 3461 735 ex
3470 695 3561 751 po-

1977 770 2122 825 suit:
2143 777 2196 824 et
2226 765 2575 840 iniiSquaead
2597 769 2892 823 .lordanem
2925 774 3269 843 contigerunt
3295 788 3559 827 enarran-

1979 862 2065 917 dis
2089 860 2344 915 Matthazo
2369 876 2432 915 ac
2453 860 2615 928 Lucae
2631 846 3026 917 consentaneus
3045 872 3147 917 est.
3161 863 3556 921 SedMattlurus

1979 951 2050 1006 ab
2079 966 2224 1006 anno
2259 952 2379 1022 ipso
2421 952 2719 1014 tricesimo,
2766 960 2894 1007 ante
2936 952 3084 1006 illam
3128 968 3344 1009 omnem
3380 955 3561 1025 bapti-

1979 1042 2104 1108 smi,
2135 1057 2198 1096 ac
2229 1056 2414 1097 rerum
2462 1040 2533 1096 ad
2574 1040 2871 1097 Jordanem
2912 1051 3190 1113 gestarum
3242 1044 3549 1110 historiam,

1977 1129 2349 1184 narrationem
2389 1130 2686 1186 inchoavit.
2725 1129 2906 1187 Lucas
2945 1147 3109 1203 porro
3146 1147 3177 1186 a
3220 1141 3374 1188 sexto
3402 1149 3551 1190 men-

1978 1234 2058 1283 se,
2100 1228 2227 1275 ante
2271 1220 2570 1276 Salvatoris
2612 1221 2668 1276 in
2713 1229 2870 1277 utero
2893 1223 3319 1293 generationem,
3353 1225 3557 1295 princi-

1977 1311 2126 1381 pium
2151 1310 2375 1367 deddxit
2399 1329 2413 1366 :
2437 1312 2639 1382 quibus
2666 1328 2857 1368 novem
2895 1314 3093 1370 deinde
3122 1330 3339 1371 menses
3383 1317 3555 1382 addit,

1976 1418 2085 1480 una
2111 1419 2236 1459 cum
2268 1405 2459 1475 paucis
2489 1405 2689 1480 quibus
2710 1407 2929 1477 genitus
2957 1414 3044 1462 est
3066 1408 3280 1473 diebus,
3304 1416 3364 1463 ut
3389 1424 3557 1480 supra

1978 1478 2142 1553 unius
2171 1512 2233 1552 ac
2261 1474 2485 1569 triginta
2504 1474 2785 1554 annorum
2812 1499 3049 1570 spatium
3076 1500 3387 1570 colligatur.
3414 1474 3555 1555 μὲν-

1976 1593 2062 1637 rat
2088 1592 2347 1653 praeterea
2386 1586 2847 1665 quemadmodum
2879 1595 3131 1659 pastores
3161 1589 3232 1643 ab
3267 1589 3555 1644 internun-

1977 1672 2069 1729 tiis
2110 1676 2318 1745 angelis
2358 1676 2619 1731 admoniti
2653 1678 2824 1733 Deum
2855 1680 3279 1749 eonspexerint;
3307 1689 3476 1752 utque
3506 1683 3559 1737 is

295 1771 435 1826 κατά
479 1772 569 1825 τὸν
617 1771 780 1842 νόμον
831 1771 1137 1844 προσφόρια
1166 1771 1309 1844 ὑπὲρ
1349 1772 1515 1827 αὐτοῦ
1548 1774 1835 1829 ἐπετέλουν
1856 1792 1871 1808 ο

1981 1763 2316 1822 Bethlehemi
2349 1768 2405 1823 in
2434 1768 2613 1825 lucem
2644 1770 2848 1836 editus,
2874 1785 2940 1825 ac
2963 1772 3164 1841 pannis
3194 1773 3475 1830 involutus
3497 1774 3553 1828 in

294 1863 390 1919 καὶ
431 1864 508 1928 ὡς
571 1866 601 1919 ό
647 1862 873 1935 Συμεὼν
917 1864 977 1917 ἐν
1015 1863 1287 1933 ἀγκάλαις
1331 1863 1544 1935 ἐδέχετο
1566 1880 1583 1897 ο
1644 1866 1739 1919 καὶ
1802 1865 1879 1930 ὠς

299 1959 469 2012 Ἄννα
503 1956 932 2028 ἀνθωμολογεῖτο
977 1956 1225 2030 θυγάτηρ
1260 1958 1507 2028 Φανουήλ
1526 1972 1542 1989 ο
1585 1958 1681 2012 καὶ
1709 1959 1785 2023 ὡς
1813 1960 1877 2014 ἐκ

294 2050 547 2120 Ναζαρὲτ
576 2049 742 2121 ἀπῄει
760 2051 842 2114 είς
881 2050 1236 2122 Ἰερουσαλὴμ
1263 2050 1379 2121 άμα
1408 2054 1522 2116 τοῖς
1544 2051 1758 2121 γονεῦσι
1789 2070 1879 2107 τε-

294 2141 475 2197 λοῦσιν
504 2142 644 2213 ὑπὲρ
664 2140 829 2196 αὑτοῦ
852 2140 995 2196 κατὰ
1018 2140 1109 2195 τὸν
1138 2142 1319 2213 νόμον.
1329 2134 1430 2196 Ὧν
1453 2141 1603 2195 οὐδὲν
1624 2140 1703 2213 τῷ
1724 2142 1877 2197 Ματ-

295 2233 432 2305 θαίῳ
480 2233 860 2304 ἐπείργασται,
892 2232 1015 2287 οὐδὲ
1052 2231 1132 2306 τῷ
1161 2232 1398 2306 Μάρκῳ,
1427 2231 1566 2287 ἀλλά
1609 2232 1716 2305 μὴν
1755 2232 1876 2287 οὐδὲ

293 2326 372 2399 τῷ
398 2326 641 2400 Ἰωάννῃ.

361 2505 443 2559 Η’.
485 2503 648 2557 Ὅθεν
697 2503 790 2558 καί
832 2521 975 2567 τινες
1022 2503 1171 2558 ἄλλοι
1223 2502 1282 2568 ἐξ
1337 2502 1606 2576 Ἐλλήνων
1656 2502 1873 2573 φιλοσό-

293 2614 435 2665 φων,
479 2595 620 2668 φημὶ
648 2594 704 2649 δέ
733 2594 1060 2666 Πορφὺριος,
1092 2596 1186 2648 καὶ
1217 2595 1447 2661 Κέλσος,
1477 2595 1572 2648 καὶ
1610 2595 1875 2649 Ιιιλοσαὸο

292 2686 475 2750 6άτιος
507 2685 641 2757 (24),
685 2687 714 2739 ὁ
763 2688 827 2739 ἐκ
867 2685 978 2739 τῶν
1018 2685 1286 2739 Ἰουδαίων
1329 2685 1670 2757 ὁρμώμενος,
1703 2685 1872 2750 δεινὸς

292 2778 388 2834 καὶ
441 2777 695 2833 ἀπατεὼν
738 2778 895 2848 δφις,
941 2780 1020 2842 εἰς
1060 2777 1156 2847 τὴν
1191 2778 1329 2832 κατά
1366 2777 1469 2847 τῆς
1515 2777 1874 2850 εὐαγγελικῆς

292 2870 674 2943 πραγματείας
699 2868 982 2935 διεξιόντες
1007 2867 1337 2940 ἀνατροπὴν,
1359 2867 1468 2922 τῶν
1512 2869 1680 2938 ἁγίων
1709 2869 1872 2938 εὐαγ-

292 2960 555 3030 γελιστῶν
586 2957 973 3033 κατηγοροῦσι,
1001 2959 1223 3031 ψυχικώ⁸
1264 2960 1359 3013 καὶ
1406 2959 1660 3033 σαρκικοί
1694 2960 1870 3033 ὑπάρο

294 3070 496 3126 χοντες,
532 3053 672 3108 κατά
696 3052 874 3125 σάρκα
905 3053 962 3105 δέ
992 3052 1428 3124 στρατευόμενοι,
1478 3052 1572 3105 καὶ
1596 3052 1732 3106 Θεοῦ
1778 3053 1871 3107 εὑ-

1979 1856 2230 1928 ρηέεθρί,
2258 1864 2314 1912 et
2345 1865 2540 1913 octavo
2568 1858 2658 1915 die
2685 1859 3047 1918 circumcisus
3078 1860 3266 1929 tuerit,
3295 1878 3399 1918 nec
3443 1878 3556 1918 non

1977 1955 2101 2018 post
2126 1948 2246 2005 dies
2291 1964 2362 2005 ιι.
2408 1965 2508 2021 pro
2537 1949 2728 2006 eodem
2757 1952 2940 2008 oblata
2984 1953 3116 2017 sint,
3147 1970 3270 2025 qua
3300 1956 3384 2012 lex
3419 1971 3558 2027 pra:-

1978 2040 2296 2111 scripserat.
2343 2040 2483 2097 Tum
2533 2050 2593 2097 ut
2625 2058 2752 2099 eum
2784 2041 3023 2117 Symeon
3054 2046 3109 2101 in
3141 2047 3304 2102 ulnas
3333 2063 3557 2119 accepe-

1978 2133 2082 2196 rit,
2133 2130 2426 2191 Phanuelis
2458 2135 2567 2189 tllia
2614 2136 2869 2193 confessa
2918 2137 3028 2205 sit;
3077 2146 3246 2209 utque
3288 2140 3558 2198 Naaareto

1976 2238 2101 2277 cum
2149 2225 2468 2294 parentibus
2511 2225 2947 2300 Hierosolymam
2993 2230 3212 2296 abierit,
3265 2233 3357 2303 qui
3406 2234 3553 2304 quod

1977 2314 2063 2371 lex
2106 2312 2350 2385 iusserat
2392 2318 2541 2374 illius
2580 2321 2804 2375 nomine
2852 2318 3253 2392 dependerunt.
3287 2323 3419 2390 Quae
3451 2340 3557 2382 nec

1977 2402 2288 2473 Mattheus,
2320 2423 2422 2465 nec
2453 2408 2691 2475 Marcus,
2716 2426 2819 2467 nec
2843 2410 3086 2469 Joannes
3111 2416 3430 2484 attigerunt.

2049 2496 2190 2554 VIII.
2235 2500 2318 2556 Ex
2351 2517 2461 2572 quo
2490 2502 2689 2558 factum
2722 2514 2825 2570 est,
2857 2513 2918 2560 ut
2939 2507 3167 2577 gentiles
3191 2509 3410 2578 quidam
3433 2509 3557 2580 phi-

1976 2587 2211 2659 losophi,
2259 2590 2597 2663 Porphyrius
2628 2594 2859 2659 scilicet,
2909 2610 2973 2649 ac
3020 2596 3236 2661 Celsus,
3275 2607 3330 2655 et
3370 2598 3556 2654 Philo-

1976 2682 2323 2750 sabbathius,
2371 2700 2571 2755 genere
2610 2683 2854 2752 Iudaeus,
2886 2696 3159 2743 veterator
3182 2705 3244 2744 ac
3274 2691 3552 2761 nequissi-

1975 2791 2098 2831 mus
2130 2776 2376 2840 coluber,
2410 2793 2533 2833 cum
2562 2778 2828 2834 adversus
2855 2782 3223 2851 evangelicam
3260 2770 3556 2838 historiam

1976 2867 2302 2935 scriberent,
2324 2883 2513 2925 sacros
2546 2871 2911 2939 evangelistas
2937 2874 3217 2942 arguerint
3241 2892 3254 2929 :
3287 2860 3555 2930 animales

1975 2956 2055 3012 illi
2106 2959 2350 3029 quidem,
2408 2966 2462 3015 et
2511 2961 2764 3016 carnales
2804 2961 3080 3025 homines.
3134 2977 3199 3017 ac
3247 2966 3554 3020 secundum

1975 3063 2195 3105 carnem
2243 3050 2564 3117 militantes,
2614 3052 2709 3123 qui
2739 3067 2840 3107 nec
2872 3052 2981 3109 Deo
3014 3055 3235 3123 placere
3274 3066 3553 3127 poterant,

297 3145 596 3217 αρέστησιν
639 3145 914 3209 ἀδυνάτως
943 3143 1180 3215 ἔχοντες,
1221 3142 1315 3197 καὶ
1340 3144 1408 3198 τά
1436 3141 1530 3197 τοῦ
1563 3143 1872 3216 Πνεῦματος

1986 3157 2086 3197 nec
2113 3158 2177 3199 ea
2204 3159 2325 3214 qua:
2352 3151 2482 3201 sunt
2514 3144 2749 3214 Spiritus
2778 3147 2954 3201 sancti
2992 3160 3383 3217 cognoverant.
3414 3149 3554 3206 Nam

298 3235 372 3308 μὴ
396 3235 751 3308 υνενοηκότες.
807 3236 1077 3298 Ἕκαστος
1107 3234 1219 3307 γὰρ
1261 3235 1618 3307 προσκόπτων
1651 3239 1762 3301 τοῖς
1792 3236 1874 3291 λό-

292 3343 408 3397 γοις
457 3328 556 3395 τῆς
596 3326 854 3397 ἀληθείας
899 3325 987 3379 διὰ
1031 3325 1130 3397 τὴν
1173 3326 1232 3378 ἐν
1277 3324 1427 3397 αὐτῴ
1456 3326 1730 3398 τύφλωσιν
1773 3328 1874 3400 τῆς

294 3419 582 3489 ἀγνωσίας,
610 3420 693 3482 είς
732 3417 888 3472 τοῦτο
921 3418 1287 3489 ἐμπίπτοντες
1311 3417 1495 3488 ἔλεγον
1514 3434 1529 3448 ο
1564 3418 1690 3483 Πῶς
1719 3418 1874 3473 δύνα-

292 3528 378 3565 ται
410 3514 444 3583 ή
476 3510 613 3580 αὑτὴ
648 3511 831 3583 ἡμέρα
860 3506 997 3564 εἶναι
1037 3512 1138 3582 τῆς
1170 3513 1229 3565 ἐν
1257 3510 1506 3582 Βηθλεὲμ
1542 3512 1869 3583 γεννήσεως,

291 3600 429 3676 αὑτὴ
455 3603 551 3657 καὶ
584 3602 887 3675 περιτομὴν
919 3601 1062 3673 ἔχειν
1089 3603 1456 3673 όκταήμερον,
1509 3601 1603 3655 καὶ
1638 3602 1727 3656 διὰ
1755 3620 1872 3658 τεσ-

293 3696 600 3767 σαράκοντα
631 3693 855 3765 ήμερῶν
890 3695 949 3747 ἐν
992 3692 1384 3766 Ἰεροσολύμοις
1433 3693 1639 3758 ἄνοδον,
1679 3694 1772 3748 καὶ
1802 3692 1871 3748 τά

282 3789 405 3845 ,ἀπὸ
451 3787 735 3858 Συμεῶνος
785 3788 880 3840 καὶ
924 3788 1122 3849 Ἅννας
1164 3789 1243 3851 είς
1282 3786 1444 3840 αὐτὸν
1486 3787 1868 3857 τετελεσμένα,

290 3881 450 3935 ὁπότε
486 3882 545 3934 ἐν
568 3881 636 3951 τῇ
664 3878 819 3933 νυκτὶ
908 3878 1194 3949 ἐγεννήθη,
1226 3878 1468 3949 πέφηνεν
1491 3877 1659 3949 αὐτῷ,
1682 3878 1867 3949 φησὶν,

289 3970 539 4040 ἄγγελος,
586 3971 722 4041 μετά
747 3970 844 4042 τὴν
866 3969 976 4023 τῶν
1009 3969 1197 4041 μάγων
1238 3968 1447 4023 ἔλευσιν
1475 3969 1583 4024 τῶν
1609 3969 1869 4025 ἐλθόντων

292 4062 664 4134 προσκυνῆσαι
704 4058 873 4131 αὐτῷ,
906 4060 1001 4112 καὶ
1036 4058 1363 4125 ἀνοιξάντων
1398 4057 1496 4121 τὰς
1544 4059 1744 4131 πήρας,
1774 4059 1869 4112 καὶ

290 4156 803 4227 προσενεγκάντωνς
852 4153 928 4216 ὡς
978 4151 1150 4221 λέγει,
1206 4150 1405 4223 φησίνσ
1464 4152 1652 4221 Ὤρθη
1709 4148 1868 4217 αὺτῷ

290 4246 544 4315 ἄγγελος
573 4244 768 4314 λέγων
792 4261 806 4275 ·
848 4241 1136 4307 Ἀναστὰς
1180 4241 1327 4295 λάϐε
1355 4242 1421 4295 τὸ
1454 4240 1726 4295 παιδίονο
1769 4242 1868 4296 καί
1904 4316 1913 4319 ι

287 4337 404 4405 τὴν
437 4335 691 4406 γυναῖκά
739 4350 881 4400 σου,
925 4334 1021 4388 καὶ
1074 4332 1336 4402 πορεύου
1385 4333 1474 4397 εἰς
1524 4331 1865 4402 Αἴγυπτονο

288 4429 375 4483 ὅτι
419 4428 577 4498 ζητεῖ
633 4426 892 4498 Ἡρώδης
923 4425 1041 4494 τὴν
1075 4424 1288 4494 ψυχὴν
1333 4423 1443 4478 τοῦ
1490 4424 1751 4479 παιδίου.
1802 4426 1866 4478 Ei

1979 3248 2173 3289 omnes
2199 3233 2364 3307 5.30
2402 3236 2480 3291 illi
2511 3238 2577 3290 ad
2605 3252 2888 3294 sermones
2921 3239 3169 3294 veritatis
3187 3239 3549 3302 otl‘endentee.

1974 3339 2086 3396 prae
2110 3326 2345 3381 inscitiae
2379 3327 2650 3392 caecitate,
2693 3334 2859 3399 atque
2893 3330 2960 3384 ad
3004 3345 3068 3385 ea
3111 3330 3318 3402 delapsi
3348 3333 3551 3403 jactare

1975 3415 2272 3473 identidem
2310 3419 2558 3474 solebant
2585 3438 2598 3474 :
2628 3419 2842 3476 Fierine
2868 3431 3070 3493 potest,
3107 3432 3168 3477 ut
3199 3425 3387 3479 eadem
3434 3425 3555 3482 dies

1973 3516 2028 3563 et
2053 3508 2388 3566 Bethlehemi
2423 3519 2613 3567 natum
2655 3514 2874 3583 viderit,
2920 3526 2995 3579 et,
3051 3517 3198 3586 quod
3240 3528 3364 3588 post
3410 3521 3553 3575 octi-

1972 3600 2142 3656 duum
2199 3603 2408 3660 solebat
2457 3604 2596 3671 ﬁeri,
2640 3607 3055 3674 circumcisum,
3087 3616 3141 3663 et
3176 3620 3299 3678 post
3333 3611 3449 3665 dies
3483 3626 3553 3667 ιι.

1973 3689 2348 3765 Hierosolyma
2409 3695 2800 3766 deportatum;
2859 3708 2920 3752 ut
2974 3700 3103 3753 item
3151 3698 3428 3757 Simeonis
3497 3712 3551 3756 et

1971 3783 2143 3840 Annae
2186 3795 2306 3840 acta
2340 3788 2431 3841 illa
2467 3789 2521 3842 in
2572 3789 2819 3844 eamdem
2861 3790 3005 3845 diem
3051 3791 3377 3858 inciderint;
3415 3808 3551 3862 prae-

1972 3877 2163 3930 sertim
2193 3893 2318 3932 cum
2354 3894 2461 3947 qua
2491 3887 2651 3935 nocte
2681 3878 2841 3936 Iesus
2889 3888 2974 3936 est
3020 3881 3073 3934 in
3126 3881 3301 3935 lucem
3346 3881 3548 3944 editus,

1970 3965 2209 4039 Josepho
2261 3972 2492 4041 angelus
2546 3972 2887 4043 apparuerit,
2950 3981 3071 4043 post
3121 3987 3406 4044 magorum
3457 3973 3552 4028 ad~

1970 4069 2219 4127 ventum,
2272 4061 2364 4130 qui
2404 4060 2553 4117 illius
2602 4062 2865 4116 adorandi
2900 4078 3069 4119 causa
3102 4074 3390 4128 venerant,
3421 4065 3550 4135 qui-

1972 4166 2080 4221 que
2140 4166 2369 4207 munera
2407 4168 2507 4209 sua
2535 4155 2739 4226 apertis
2769 4156 3008 4212 sacculis
3039 4156 3389 4212 obtulerant?
3412 4155 3550 4210 Tum

1969 4242 2113 4295 enim
2149 4243 2421 4311 apparuit,
2452 4242 2650 4314 inquit,
2674 4244 2723 4298 ei
2748 4244 2967 4315 angelus
3004 4244 3220 4301 dicens:
3248 4244 3439 4316 Surge,
3465 4262 3551 4300 ae-

1970 4333 2082 4400 cipe
2114 4346 2356 4399 puerum,
2398 4341 2449 4387 et
2490 4333 2763 4404 conjugem
2803 4344 2971 4399 tuam,
3016 4344 3067 4389 et
3108 4335 3235 4390 uade
3276 4337 3333 4391 in
3375 4334 3551 4415 Egy-

1969 4431 2149 4490 ptum;
2181 4423 2431 4494 quoniam
2488 4426 2683 4498 qumrit
2742 4423 2976 4482 Herodes
3028 4428 3267 4482 animam
3333 4429 3548 4498 pucri'.

285 4522 467 4576 τοίνυν
499 4522 557 4573 ἐν
594 4520 767 4591 ταύτῃ
807 4517 962 4576 νυκτὶ
1044 4516 1389 4587 γεγέννηται,
1427 4515 1757 4586 παρελήφθη
1788 4516 1869 4579 είς

1975 4511 2340 4579 Quamobrem
2409 4515 2456 4571 si
2520 4518 2712 4572 eadem
2773 4534 2882 4588 qua
2945 4526 3108 4574 natus
3153 4528 3239 4575 est
3282 4528 3443 4574 nocte
3494 4521 3551 4574 in

285 4612 561 4683 Αἴγυπτον
592 4612 684 4665 καὶ
718 4612 837 4664 ἐκεῖ
862 4606 952 4681 ἦν,
984 4610 1090 4674 ἕως
1120 4610 1244 4663 ὅτου
1275 4607 1545 4662 ἀπέθανεν
1584 4608 1830 4681 Ἡρώδης
1849 4626 1865 4641 ·

288 4703 450 4758 πόθεν
478 4703 539 4756 τὸ
572 4705 873 4774 ἐπιμεῖναι,
902 4701 997 4755 καὶ
1039 4702 1382 4774 όκταήμερον
1427 4698 1865 4773 περιτμηθῆναι;

284 4799 319 4870 ἢ
362 4798 481 4862 πῶς
534 4797 596 4851 τὸ
650 4794 791 4867 μετά
847 4794 1257 4867 τεσσαράκοντα
1297 4793 1609 4866 εὑρίσκεται
1650 4793 1869 4855 Λουκᾶς

282 4888 647 4959 ψευδόμενος;
717 4884 858 4956 (Ὦς
917 4886 1051 4954 φασὶ
1104 4881 1556 4957 βλασφημοῦντες
1594 4880 1737 4936 κατά
1766 4882 1867 4954 τῆς

284 4978 495 5034 ἐαυτῶν
538 4976 782 5048 κεφαλῆς
804 4974 846 5047 ·)
889 4974 971 5028 ὅτι
1019 4974 1183 5045 φησιν
1234 4974 1292 5027 ἐν
1337 4975 1406 5045 τῇ
1451 4974 1864 5045 τεσσαρακοστῇ

283 5071 469 5143 ήμέρᾳ
506 5071 812 5141 ἀνήνεγκαν
855 5066 1019 5121 αὑτὸν
1054 5069 1135 5130 είς
1180 5063 1557 5139 Ἰερουσαλὴμ,
1607 5063 1863 5119 κάκεῖθεν

282 5166 364 5227 είς
402 5159 678 5234 Ναζαρέτ.
712 5159 821 5213 Καὶ
866 5158 967 5212 οὐκ
995 5157 1202 5212 οῐδασιν
1249 5159 1300 5210 oi
1342 5156 1591 5228 ἀγνωσία
1642 5156 1865 5230 κατεγό.

287 5270 438 5327 μενοι
465 5251 563 5308 τοῦ
600 5251 757 5323 ἁγίου
788 5248 1102 5322 Πνεῦματος
1131 5248 1232 5319 τὴν
1256 5245 1504 5319 δύναμιν.

358 5456 376 5487 ⁸
400 5451 594 5512 Iattb.
627 5468 689 5517 tt,
727 5453 817 5509 15.
890 5454 913 5485 ¹
950 5452 1079 5507 Luc.
1113 5468 1175 5516 ιι,
1211 5450 1285 5505 22
1316 5465 1437 5521 sqq.

358 5544 470 5625 (ἓξ)
502 5545 599 5612 Ὡς
617 5541 771 5602 εἶναι
789 5546 896 5601 τὸν
918 5546 1114 5601 πάντα
1134 5546 1375 5625 χρόνον,
1393 5539 1632 5625 Tempus
1654 5543 1855 5625 ipsum,

283 5629 393 5681 quo
418 5613 660 5673 Joannes
694 5628 992 5687 conceptus
1016 5631 1079 5687 ac
1112 5613 1277 5687 natus
1295 5623 1401 5687 est,
1456 5619 1513 5667 et
1532 5613 1858 5687 incarnatus

285 5699 451 5757 atque
484 5687 564 5743 ‘ln
606 5688 783 5744 lucem
822 5683 1004 5744 editus
1033 5686 1307 5754 Christus,
1332 5683 1508 5742 Lucas
1538 5684 1857 5757 complecti-

1963 5552 2054 5600 llll'
2085 5563 2098 5599 ἶ

1971 4602 2267 4680 Egyptum
2301 4604 2519 4661 delatus
2557 4614 2665 4671 est,
2695 4618 2750 4663 et
2782 4608 2897 4663 illic
2933 4608 3058 4674 fuit,
3092 4608 3268 4664 donec
3303 4607 3551 4665 Herodes

1969 4705 2223 4752 mortuus
2245 4699 2642 4767 est,quomodo
2672 4715 2998 4769 permanere
3024 4701 3081 4754 in
3122 4699 3313 4755 Judsea
3345 4701 3550 4771 potuit,

1970 4795 2026 4840 et
2039 4794 2239 4841 octavo
2255 4786 2342 4841 die
2357 4786 2718 4842 circumcidi?
2736 4788 2845 4843 Aut
2864 4788 2997 4859 quid
3021 4789 3243 4845 tandem
3272 4799 3398 4861 post
3431 4790 3551 4847 dies

1970 4893 2041 4932 ιι.
2073 4877 2282 4933 factum
2321 4893 2448 4934 esse
2488 4864 2669 4936 Lucas
2699 4879 2965 4937 mentitus
2991 4881 3110 4938 est?
3139 4880 3254 4951 (Sic
3284 4882 3428 4937 enim
3454 4897 3553 4952 per

1971 4986 2243 5028 summam
2272 4971 2351 5026 illi
2377 4972 2796 5044 blasphemiam,
2823 4973 2878 5029 id
2909 4972 3059 5044 quod
3086 4973 3144 5028 in
3166 4988 3359 5030 eorum
3386 4981 3551 5043 caput

1970 5071 2169 5127 vertat,
2217 5062 2536 5135 objiciunt.)
2572 5062 2709 5119 Nam
2741 5065 3172 5137 quadragesimo
3213 5064 3315 5136 (ait
3345 5063 3550 5136 Lucas)

1972 5152 2064 5208 die
2092 5153 2343 5209 tulerunt
2368 5155 2522 5211 illum
2561 5156 2615 5211 in
2645 5154 3010 5221 Hierusalem,
3041 5163 3095 5213 et
3123 5156 3255 5214 inde
3284 5157 3339 5213 in
3371 5155 3549 5212 Naza-

1971 5245 2094 5300 retb
2112 5245 2155 5300 '.
2195 5243 2305 5302 Sed
2345 5246 2523 5318 ignari
2584 5247 2841 5307 videlicet
2891 5248 3147 5307 homines
3186 5265 3312 5323 qua
3344 5249 3432 5309 vis
3478 5250 3553 5306 sit

1928 5312 1941 5315 _
1973 5337 2150 5394 sancti
2182 5312 2423 5411 Spiritus
2451 5356 2799 5415 nequaquam
2826 5342 3164 5418 intelligunt.

2132 5546 2279 5634 quod
2308 5555 2526 5634 tempus
2556 5550 2828 5634 menmium
2860 5508 3089 5634 estnfere;
3119 5566 3207 5606 xv.
3295 5621 3307 5634 .

2034 5615 2166 5687 (24y
2216 5617 2327 5672 Kal
2390 5615 2875 5687 Φιλοσασσάτιος.
2939 5618 3015 5675 De
3072 5620 3177 5677 hoc
3252 5620 3392 5679 nihil
3447 5618 3553 5680 ha-

1964 5693 2161 5744 ctenus
2192 5685 2318 5761 legi.
