3918 6118
361 279 473 342 905

1732 271 1808 330 ‘8.
1840 268 2191 325 ΕΡΙΡΗᾹΝΙΙ

3510 274 3621 330 901

369 382 375 388 ’
437 390 530 447 IX.
593 387 801 446 Etenim
849 387 1150 458 unicuique
1194 385 1658 457 evangelistarum
1712 400 1939 441 conces-

2064 357 2188 438 ’Θ’.
2260 384 2508 454 Ἐκάστῳ
2581 382 2685 455 γὰρ
2754 384 2862 437 τῶν
2916 383 3314 453 εὐαγγελιστῶν
3372 386 3626 459 ἐδωρήθη

366 497 489 538 sum
523 492 630 546 est,
684 489 907 550 ut\qua:
942 479 1177 550 singulis
1201 488 1255 534 et
1286 478 1627 550 temporibus
1661 484 1715 533 et
1737 492 1934 548 Oppor-

368 568 695 624 tunitatibus
725 575 877 638 gesta
913 576 1072 622 erant
1098 568 1383 623 verissime
1411 566 1795 638 perscriberet.
1830 566 1936 620 Ita-

363 672 475 729 que
500 658 814 725 Matthzeus,
845 673 970 713 cum
1002 658 1056 714 id
1091 673 1262 713 unum
1295 659 1662 729 exposuisset,
1690 655 1775 725 λάε
1806 654 1934 726 Spi—

370 750 481 805 ritu
525 760 716 805 sancto
766 757 1081 820 susceptum
1120 750 1273 804 illum
1311 764 1376 803 ac
1407 750 1672 821 genitum,
1712 747 1780 804 de
1828 749 1937 803 cir-

369 840 709 896 cumcisione
746 842 949 909 tacuit;
982 855 1087 895 nec
1112 840 1276 895 ullam
1304 856 1493 896 earum
1521 855 1703 896 rerum
1733 838 1933 909 attigit,

369 947 492 1003 qua:
512 940 648 987 aute
676 932 959 987 biennium
992 931 1336 998 acciderunt;
1375 931 1469 987 sed
1515 945 1799 1002 magorum
1844 931 1939 985 de-

369 1038 518 1077 mum
546 1024 827 1079 enarravit
868 1022 1182 1085 adventum,
1217 1021 1677 1093 quemadmodum
1717 1022 1934 1078 verissi-

368 1130 498 1172 mus
543 1115 635 1171 Dei
687 1129 869 1170 sermo
915 1121 1149 1170 testatur
1181 1116 1221 1180 ¹,
1268 1129 1393 1169 cum
1424 1114 1635 1171 scilicet
1660 1122 1877 1186 tempus
1906 1128 1940 1168 a

372 1206 549 1276 magis
585 1206 882 1276 exquisivit
926 1204 1195 1272 Herodes,
1241 1220 1306 1261 ac
1337 1205 1405 1261 de
1435 1206 1593 1261 stella
1617 1221 1739 1276 qua:
1768 1220 1938 1277 appa—

372 1306 564 1352 ruerat
611 1306 868 1353 accurate
909 1297 1225 1354 sciscitatus
1258 1305 1363 1354 est.
1397 1298 1477 1353 Ad
1513 1298 1628 1354 haec
1660 1314 1940 1369 magorum

367 1396 801 1444 commemorata
824 1390 1134 1459 responsio,
1160 1389 1227 1444 de
1249 1389 1465 1445 duobus
1488 1390 1672 1455 annis,
1699 1397 1753 1443 et
1775 1389 1937 1454 infra,

372 1489 430 1535 ut
464 1480 738 1536 diversum
800 1481 870 1535 ab
898 1496 966 1536 eo
1004 1489 1217 1552 tempus
1249 1497 1373 1538 esse
1397 1489 1629 1546 constet,
1665 1480 1809 1551 quod
1836 1481 1945 1534 Ln-

372 1586 466 1627 cas
513 1552 829 1628 narratione
863 1586 964 1628 sua
999 1573 1322 1643 complexus
1354 1581 1459 1628 est.
1492 1573 1592 1627 Hie
1630 1572 1778 1627 enim
1818 1586 1944 1642 quae

367 1670 502 1717 ante
560 1662 845 1718 biennium
894 1663 1031 1717 illud
1074 1672 1226 1733 gesta
1268 1664 1382 1720 sint
1424 1664 1665 1734 exponit.
1709 1665 1777 1717 At
1816 1663 1947 1717 Mat-

2040 474 2273 528 ἑκάστου
2301 475 2494 545 χρόνον
2525 475 2620 528 καὶ
2656 473 2849 546 καιροῦ
2877 474 3179 545 διηγεῖσθαι
3211 474 3282 529 τά
3313 478 3371 530 ἐν
3399 477 3629 550 ἀληθείᾳ

2041 564 2421 634 πληρωθέντα.
2475 565 2587 618 Καὶ
2627 565 2657 617 ό
2730 566 2827 635 μὲν
2869 565 3174 631 Ματθαῖος,
3218 567 3628 639 διηγησάμενος

2045 656 2235 724 μόνον,
2289 657 2373 710 ὅτι
2428 655 2692 727 ἐγεννήθη
2732 658 2791 709 ὲν
2854 655 3133 725 Πνεύματι
3184 659 3343 730 ἁγίῳ,
3397 661 3489 713 καὶ
3542 660 3626 713 ὅτι

2045 746 2349 819 συνελήφθη
2395 748 2523 801 ἀνευ
2572 746 2881 819 σπέρματος
2925 747 3139 817 ἀνδρὸς,
3176 748 3328 802 οὐδὲν
3362 750 3629 819 περὶτῆς

2043 839 2345 910 περιτομῆς
2376 834 2550 903 εἶπεν,
2582 838 2702 892 οὐδὲ
2733 838 2839 909 πρὸ
2865 838 2974 892 τῶν
3010 837 3105 891 δύο
3147 840 3282 893 ἐτῶν
3310 857 3363 893 τι
3400 836 3514 894 τῶν
3546 843 3629 903 εἱς

2043 928 2206 981 αὑτὸν
2233 928 2613 997 γεγενημένων
2630 943 2644 957 ο
2680 926 2816 980 ἀλλά
2841 927 3109 997 διηγεῖται
3136 927 3236 999 τὴν
3267 927 3476 981 ἔλευσιν
3508 929 3629 981 τῶν

2046 1018 2272 1088 μάγωνο
2321 1019 2397 1081 ὡς
2441 1020 2806 1090 ἐπιμαρτυρεῖ
2853 1018 2983 1088 ὑμῖν
3022 1020 3053 1070 ό
3099 1017 3303 1090 ἀληθὴς
3341 1018 3437 1072 τοῦ
3482 1019 3627 1072 Θεοῦ

2043 1108 2220 1178 λόγος,
2248 1107 2559 1179 ἐρωτῶντος
2588 1105 2682 1160 τοῦ
2712 1105 2953 1178 Ἡρώδου
2983 1104 3133 1177 παρὰ
3158 1106 3267 1165 τῶν
3314 1108 3503 1177 μάγων
3533 1106 3629 1159 τὸν

2045 1200 2257 1272 χρόνον.
2307 1200 2416 1254 Καὶ
2458 1199 2734 1271 ὴκρίϐωτο
2760 1198 2855 1252 τοῦ
2893 1198 3184 1269 γενομένου
3234 1198 3482 1269 ἀστέρος,
3529 1200 3630 1253 καὶ

2044 1291 2152 1345 τῶν
2201 1291 2391 1361 μάγων
2456 1291 2489 1361 ἡ
2554 1289 2868 1363 ἀπόκρισις,
2912 1290 2997 1343 ὅτι
3053 1289 3161 1342 ἀπὸ
3205 1290 3298 1343 δύο
3346 1290 3482 1344 ἐτῶν
3526 1293 3633 1345 καὶ

2046 1380 2370 1451 κατωτέρω·
2415 1379 2491 1443 ὡς
2531 1381 2606 1451 μὴ
2648 1375 2788 1434 εἶναι
2830 1380 2921 1433 τὸν
2951 1380 3142 1451 χρόνον
3182 1380 3387 1446 τοῦτον,
3424 1381 3517 1436 τὸν
3550 1383 3634 1453 τῷ

2047 1473 2232 1543 Λουκᾷ
2278 1471 2866 1542 πεπραγματευμένον.
2924 1470 3064 1524 Ἀλλ’
3087 1473 3116 1524 ὁ
3170 1471 3267 1541 μὲν
3295 1473 3511 1538 Λουκᾶς
3560 1475 3635 1528 τὰ

2049 1564 2155 1635 πρὸ
2199 1562 2293 1617 δύο
2339 1564 2476 1617 ὲτῶν
2520 1564 2823 1634 διηγεῖταιθ
2872 1562 3149 1629 Ματθαῖος
3197 1566 3275 1630 δὲ,
3307 1565 3477 1619 είπὼν
3524 1566 3637 1637 τὴν

2048 1656 2327 1725 γέννησιν,
2354 1656 2704 1727 ἀπεπήδησεν
2726 1658 2806 1720 είς
2833 1656 2923 1710 τὸν
2960 1657 3109 1728 διετῆ
3140 1656 3351 1727 χρόνον,
3380 1657 3477 1710 καὶ
3509 1657 3640 1728 ἐδή-

377 1755 549 1812 tbteus
574 1770 603 1808 a
634 1754 922 1810 nativitate
956 1754 1141 1809 statim
1180 1754 1250 1808 ad
1297 1755 1599 1810 secundum
1650 1769 1854 1809 annum
1888 1770 1948 1810 se

2055 1743 2189 1798 λωσε
2220 1744 2289 1798 τὰ
2318 1745 2588 1815 γενόμενα
2628 1745 2766 1816 μετά
2790 1743 2883 1798 δύο
2906 1745 3022 1815 ἐτη.
3050 1744 3141 1797 Διὸ
3165 1744 3260 1798 καὶ
3288 1746 3318 1798 ό
3356 1744 3635 1816 Ἡρώδης,

370 1845 626 1912 contulit,
655 1853 709 1899 et
740 1859 862 1914 quae
892 1851 1015 1913 post
1031 1844 1322 1899 biennium
1350 1844 1653 1900 acciderint
1692 1844 1951 1899 declarat.

374 1934 531 2000 Quod
598 1933 846 1989 Herodes
898 1937 1082 1989 animo
1134 1941 1417 2004 reputans,
1476 1944 1765 2006 postquam
1813 1936 1955 2005 magi

375 2025 483 2080 alia
531 2025 616 2079 via
665 2024 1066 2091 discesserunt,
1103 2027 1170 2095 .in
1199 2028 1290 2080 illa
1330 2026 1621 2081 infantium
1662 2027 1820 2082 turba
1870 2026 1956 2082 de-

338 2138 349 2149 κ
373 2113 647 2187 prehendi
674 2115 964 2185 puerulum
990 2116 1175 2180 illum,
1199 2122 1363 2185 atque
1388 2114 1621 2171 interfici
1654 2130 1817 2187 posse
1843 2130 1957 2171 ere

374 2208 613 2263 diderat.
673 2206 923 2266 infantes
972 2209 1117 2264 enim
1165 2223 1379 2270 omnes.
1429 2216 1693 2280 quotquot
1738 2209 1794 2263 in
1822 2222 1954 2279 agro

374 2297 832 2355 Bethlebemitico
889 2298 1092 2363 forent,
1149 2312 1178 2351 a
1225 2298 1435 2353 bimatu
1489 2305 1544 2354 et
1597 2296 1740 2353 infra
1788 2297 1948 2369 431

371 2388 543 2460 jussit
576 2390 777 2455 occidi,
824 2388 893 2444 ad
941 2388 1092 2443 illam
1140 2404 1311 2459 usque
1351 2388 1517 2454 diem,
1558 2403 1667 2460 qua
1710 2388 1857 2460 apud
1890 2402 1952 2444 se

373 2476 520 2547 magi
553 2474 808 2532 fuissent.

449 2565 528 2618 Ex
551 2581 662 2635 quo
704 2566 829 2634 quis
870 2582 981 2620 non
1025 2566 1228 2630 videat,
1272 2575 1389 2620 tum
1436 2580 1565 2621 cum
1605 2566 1750 2637 magi
1784 2581 1952 2623 vene-

378 2656 533 2713 runt,
590 2649 857 2702 bimulum
912 2648 1082 2704 fuisse
1133 2650 1401 2720 puerum?
1455 2650 1725 2721 siquidem
1774 2665 1838 2706 ea
1874 2652 1952 2707 rei

375 2747 547 2811 gestae
615 2740 859 2795 narratio
931 2742 1218 2796 veritatem
1294 2743 1468 2813 ipsam
1533 2742 1953 2800 accuratissime

379 2822 737 2885 demonstrat.
795 2829 1008 2885 Etenim
1036 2829 1212 2886 Lucas
1234 2847 1483 2902 puerum,
1508 2833 1671 2890 simul
1702 2848 1767 2887 ac
1792 2840 1952 2889 natus

375 2925 483 2982 est,
520 2918 703 2975 fasciis
734 2920 1039 2975 involutum
1090 2936 1213 2976 esse
1257 2921 1488 2988 scribit;
1551 2931 1606 2977 et
1636 2922 1691 2975 in
1720 2922 1950 2992 praesepi

380 3023 442 3062 ac
493 3010 748 3080 spelunca
796 3011 1059 3081 jacuisse,
1110 3011 1256 3082 quod
1300 3013 1485 3069 nullus
1539 3014 1597 3067 in
1645 3012 1951 3069 diversorio

2051 1835 2356 1907 διανοηθεὶς
2377 1836 2533 1889 τοῦτο
2558 1837 2698 1906 μετά
2728 1837 2789 1890 τὸ
2817 1836 3114 1891 ἀπονεῦσαι
3155 1837 3280 1900 τοὺς
3321 1837 3530 1907 μάγους
3564 1839 3639 1892 δι’

2052 1925 2243 1998 ἑτέρας
2269 1926 2413 1989 ὀδοῦ,
2442 1926 2596 1998 ᾠήθη
2622 1928 2680 1979 ἐν
2712 1925 2791 1997 τῷ
2816 1926 3010 1999 πλήθει
3036 1928 3146 1981 τῶν
3174 1928 3377 1982 παίδων
3400 1928 3501 1981 καὶ
3528 1930 3641 1983 αὖα

2052 2018 2141 2071 τὸν
2180 2018 2510 2089 γεννηθέντα
2554 2018 2970 2091 εὑρεθήσεσθαι,
3009 2020 3105 2074 καὶ
3146 2021 3242 2075 σὺν
3269 2021 3456 2085 αὐτοῖς
3499 2021 3642 2074 ἀπο-

2053 2108 2387 2165 κτίννυσθαι.
2442 2108 2722 2165 Ἐκέλευσε
2769 2110 2877 2183 γὰρ
2917 2113 3040 2176 τοὺς
3070 2114 3127 2166 ὲν
3154 2114 3266 2176 τοῖς
3303 2112 3475 2183 ὁρίοις
3522 2113 3643 2184 Br:

2052 2199 2218 2272 θλεέμ
2254 2201 2451 2265 παῖδας
2485 2202 2914 2273 ἀποκτανθῆναι,
2943 2204 3071 2268 τοὺς
3100 2204 3209 2257 ἀπὸ
3244 2203 3339 2257 δύο
3365 2204 3507 2257 ἐτῶν
3534 2206 3641 2259 καὶ

2052 2293 2345 2364 κατωτέρω
2380 2291 2485 2357 ἕως
2512 2293 2682 2365 αὐτῆς
2707 2293 2808 2365 τῆς
2850 2292 3079 2365 ἡμέρας,
3116 2289 3185 2365 ἦς
3215 2295 3264 2347 οί
3299 2294 3463 2366 μάγοι
3495 2298 3639 2367 παρ’

2051 2382 2200 2455 αὐτῷ
2232 2383 2497 2452 ἐγένοντο.

2124 2558 2317 2612 Ἔνθεν
2363 2556 2468 2611 τίνι
2507 2558 2568 2611 οὐ
2622 2559 2867 2627 φανεῖται
2898 2556 3047 2629 (25),
3095 2559 3199 2621 ὅτι,
3235 2558 3325 2611 ὅτε
3368 2553 3538 2629 ἦλθον
3582 2560 3639 2613 οἱ

2054 2651 2238 2722 μάγοι,
2272 2649 2365 2703 δύο
2402 2646 2471 2722 ἦν
2510 2649 2647 2705 ἐτῶν
2687 2654 2716 2705 ὁ
2752 2655 2881 2716 παῖς
2925 2651 3320 2723 γεγενημένοςς
3374 2654 3489 2705 Καὶ
3521 2654 3641 2725 γὰρ

2010 2766 2015 2769 ·
2051 2742 2146 2795 καὶ
2187 2743 2220 2813 ἡ
2255 2740 2391 2812 αὑτὴ
2426 2742 2780 2813 πραγματεία
2807 2742 2904 2814 τὴν
2932 2744 3114 2797 πᾶσαν
3143 2742 3427 2814 ἀκρίϐειαν
3460 2760 3643 2814 σαφη-

2052 2831 2214 2897 νίζει.
2257 2832 2315 2885 '0
2347 2834 2446 2904 μὲν
2480 2833 2588 2905 γὰρ
2616 2834 2831 2898 Ἀουκᾶς
2866 2834 3013 2902 λέγει
3051 2834 3511 2905 ὲσπαργανῶσθαι
3540 2837 3639 2888 τὶν

2052 2922 2225 2975 Παίδα
2261 2921 2422 2986 εὐθὺς
2451 2923 2792 2993 τετεγμένον,
2825 2923 2922 2976 καὶ
2954 2924 3163 2978 κεῖσθαι
3194 2926 3251 2979 ἐν
3297 2925 3501 2999 φάτνῃ,
3536 2928 3638 2980 καὶ

2052 3014 2110 3067 ἐν
2143 3014 2409 3085 σπηλαίῳ,
2457 3014 2545 3068 διὰ
2579 3015 2640 3068 τὸ
2692 3017 2765 3089 μὴ
2815 3010 2955 3070 εἶναι
2983 3017 3148 3070 τόπον
3176 3018 3233 3070 ὲν
3268 3016 3348 3088 τῷ
3394 3016 3642 3070 καταλύο

379 3098 534 3154 locus
564 3109 729 3157 esset.
767 3101 905 3156 Tum
938 3102 1085 3157 enim
1136 3117 1336 3159 census
1388 3103 1729 3173 habebatur;
1771 3115 1826 3160 et
1856 3104 1950 3176 qui

2057 3121 2218 3175 ματι·
2265 3105 2558 3178 ἀπογραφὴ
2609 3105 2718 3178 γὰρ
2767 3102 2835 3177 ἦν
2872 3106 3016 3163 τότε.
3059 3107 3170 3162 Καὶ
3214 3108 3263 3160 οἱ
3310 3107 3638 3178 διασκορπι-

381 3189 647 3246 bellorum
681 3193 1041 3262 temporibus,
1082 3209 1204 3263 qua;
1234 3194 1336 3249 sub
1370 3193 1697 3253 Machabaeis
1726 3197 1955 3253 exstite-

380 3287 527 3345 rant,
587 3282 821 3351 dispersi
878 3283 1119 3350 fuerant,
1160 3285 1358 3356 quovis
1403 3294 1676 3343 terrarum
1708 3302 1958 3359 pervase-

382 3379 544 3438 rant;
601 3371 740 3427 adeo
784 3380 844 3428 ut
888 3375 1050 3445 pauci
1090 3376 1316 3433 omnino
1343 3376 1680 3435 Bethlebemi
1709 3395 1957 3436 remane-

382 3468 528 3516 rent.
566 3462 749 3527 Quare
783 3463 839 3518 in
875 3465 1114 3535 quodam
1158 3469 1622 3540 evangelistarum
1660 3473 1956 3544 exemplari

385 3550 606 3610 Davidis
636 3554 770 3610 urbs
800 3555 1038 3625 dicitur;
1068 3558 1121 3612 in
1156 3559 1265 3614 alio
1292 3575 1424 3617 vero
1452 3561 1954 3633 vicus’appellatur,

311 3685 320 3693 .
384 3644 533 3716 quod
579 3660 773 3718 agrum
825 3648 1053 3705 haberet
1107 3652 1580 3722 angustissimum.
1615 3652 1752 3709 Cum
1792 3653 1957 3726 igitur

385 3732 620 3802 Augusti
678 3733 1027 3803 imperatoris
1079 3739 1319 3795 edictum
1368 3748 1514 3797 esset
1566 3743 1813 3808 allatum,
1861 3745 1955 3816 qui

384 3821 493 3877 huc
530 3823 771 3897 illucque
815 3827 1064 3900 dissipati
1103 3840 1281 3899 erant,
1323 3848 1445 3889 cum
1477 3834 1697 3892 familiis
1730 3836 1848 3894 suis
1880 3838 1949 3893 ad

386 3913 538 3968 illum
572 3915 750 3971 locum
802 3921 1061 3975 censendi
1102 3923 1275 3992 gratia
1325 3924 1511 3981 venire
1555 3926 1748 3991 coacti,
1796 3927 1959 3984 facile

384 4004 820 4075 compleverunt,
874 4018 933 4063 ut
988 4018 1213 4081 pr0pter
1260 4012 1545 4068 hominum
1593 4014 1956 4086 frequentiam

386 4094 523 4148 nihil
569 4105 717 4153 esset
767 4098 823 4152 in
868 4096 1175 4156 diversorio
1221 4102 1327 4157 loci
1366 4103 1639 4160 relictum.
1674 4105 1805 4163 Post
1840 4123 1959 4163 cen-

387 4198 509 4238 sum
541 4201 672 4239 vero
711 4189 1090 4259 unusquisque
1143 4204 1230 4256 eo,
1279 4192 1373 4247 ubi
1417 4193 1752 4250 domicilium
1790 4198 1959 4253 collo-

384 4283 563 4340 carat,
617 4292 872 4333 reversus
924 4287 1028 4335 est.
1064 4279 1220 4337 Unde
1262 4282 1442 4339 laxius
1488 4284 1557 4338 ad
1603 4286 1956 4343 habitandum

390 4368 628 4432 spatlum
658 4363 777 4420 fuit.
803 4365 991 4435 Itaque
1027 4369 1209 4436 priore
1242 4370 1358 4440 jam
1404 4386 1549 4428 anno
1580 4373 1755 4442 ﬁnito,
1791 4384 1846 4431 et
1877 4378 1958 4431 al-

391 4464 507 4511 tero
553 4455 799 4525 insuper,
846 4458 916 4513 ob
941 4472 1129 4513 eorum
1156 4476 1277 4531 quae
1303 4472 1457 4533 gesta
1486 4465 1599 4521 illic
1627 4475 1804 4535 erant,
1840 4484 1952 4525 me-

462 4610 475 4641 '
508 4608 697 4665 Matth.
731 4626 791 4677 ιι,
821 4614 851 4667 7
873 4628 998 4684 sqq.
1072 4615 1093 4645 ¹
1120 4611 1181 4670 F.
1204 4617 1360 4671 κατὰ.

460 4765 573 4835 (25)
607 4768 827 4840 Ἔνθεν
863 4769 982 4822 τίνι
1017 4772 1089 4824 οὐ
1142 4770 1430 4840 φανεῖται.
1464 4769 1701 4830 Tametsi
1729 4777 1954 4832 nihilex

387 4833 678 4917 Evangelia
711 4838 800 4917 _de_
824 4852 1117 4917 n'tagorurn
1143 4833 1420 4896 'adventus
1453 4852 1690 4913 tempore
1750 4847 1956 4917 liquido

388 4906 827 4975 possitexprimi,
853 4906 1185 4980 prebabilior
1219 4918 1396 4965 tamen
1427 4921 1510 4965 est
1535 4906 1867 4980 communis,
1891 4932 1955 4970 ac

389 4979 929 5051 receptasententia,
958 4980 1249 5051 quam_illa
1286 4997 1354 5035 ex
1396 4980 1678 5051 Epiphauii
1735 5000 1798 5040 ac
1846 4979 1957 5040 Eu-

388 5046 525 5120 sebii
561 5045 836 5120 Chronicis
895 5045 1113 5120 hausta,
1137 5049 1356 5104 biennio
1408 5045 1528 5120 post
1570 5053 1847 5109 Christum
1899 5060 1955 5111 in

389 5114 566 5186 lucem
597 5115 801 5169 editum
838 5132 1024 5185 magos
1051 5118 1356 5175 advenisse.
1392 5114 1546 5186 Quod
1577 5138 1643 5177 ex
1679 5124 1785 5180 illis
1815 5124 1954 5179 Mat-

387 5184 509 5257 ttnei
542 5186 721 5239 verbis
742 5186 919 5257 colligi
936 5184 1223 5257 putabant,
1252 5184 1451 5257 quibus
1475 5189 1737 5247 Herodem
1772 5203 1956 5249 narrat

387 5269 421 5306 α
442 5253 643 5333 bimatu
671 5264 720 5333 et
738 5253 896 5333 ινφ-α’
920 5253 1405 5333 puerosoccjﬂisse,
1437 5263 1719 5315 secundum
1753 5274 1954 5333 tempus

387 5325 524 5400 quod
545 5326 874 5400 ρεατιιιιίιιὶενιιι⁸
909 5343 942 5379 a
978 5328 1145 5400 magis
1176 5327 1391 5400 (Matth.
1432 5345 1494 5394 ιι,
1528 5333 1639 5400 16).
1677 5333 1780 5388 Sed
1812 5325 1956 5389 hunc

389 5397 593 5464 nodum
640 5395 966 5464 jampridem
1023 5395 1388 5453 dissolverunt
1430 5395 1628 5456 eruditi
1672 5418 1954 5459 sacrarum

387 5459 721 5519 Litterarum
757 5459 1109 5533 interpretes.

462 5535 570 5602 (26)
608 5534 719 5587 Καὶ
776 5534 1047 5612 (ir-dram-
1088 5535 1277 5607 ἔσχον
1299 5542 1374 5612 Δοι
1413 5538 1952 5612 διεσκορπισμένα.

391 5602 666 5681 Quantum
700 5602 1017 5681 verba__i_psa
1056 5602 1268 5681 praise
1294 5607 1494 5681 ferunt,
1527 5602 1779 5681 ind'icare'
1802 5616 1951 5669 vidc-

390 5680 485 5729 tur
520 5670 734 5727 Judmos
758 5670 997 5739 quolibet
1030 5670 1293 5731 terrarum
1323 5670 1597 5747 dispersos
1629 5682 1685 5738 in
1715 5680 1953 5739 Palaesti-

2057 3193 2275 3259 σθέντες
2308 3194 2416 3249 ἀπὸ
2456 3195 2551 3248 τοῦ
2591 3196 2783 3268 χρόνου
2812 3195 2921 3252 τῶν
2952 3196 3200 3268 πολέμων
3236 3196 3344 3250 τῶν
3383 3199 3477 3251 ἐπὶ
3519 3202 3637 3261 τοῖς

2055 3287 2434 3351 Μακκαὸαίοις
2476 3287 2778 3357 γεγονότων
2805 3290 2899 3342 ἐπὶ
2967 3289 3036 3344 τὰ
3086 3288 3360 3360 πανταχοῦ
3408 3290 3517 3360 γῆς
3562 3291 3632 3343 δι-

2055 3378 2518 3451 εσκορπίσθησαν,
2575 3380 2669 3434 καὶ
2726 3382 2895 3450 ὀλίγοι
2956 3382 3232 3446 παντελῶς
3296 3383 3517 3454 ἔμειναν
3573 3386 3637 3438 ἐν

2056 3469 2302 3541 Βηθλεὲμ
2342 3471 2742 3536 κατοικοῦντες.
2787 3472 2878 3526 Διὸ
2924 3473 2981 3528 ἐν
3027 3491 3134 3527 τινι
3173 3475 3492 3546 ἀντιγράφω
3523 3476 3639 3528 τῶν

2014 3595 2018 3598 ~
2057 3562 2461 3632 εὐαγγελιστῶν
2492 3563 2735 3619 καλεῖται
2774 3566 2929 3631 πόλις
2951 3567 3043 3621 τοῦ
3074 3567 3267 3621 Δαϐίδ·
3301 3570 3357 3621 ὲν
3403 3566 3551 3638 ἄλλῳ
3577 3568 3645 3621 δὲ

2056 3651 2250 3724 κώμην
2277 3652 2446 3724 αὐτὴν
2490 3655 2733 3721 καλοῦσι,
2760 3656 2847 3711 διὰ
2887 3658 2947 3711 τὸ
2979 3660 3056 3721 εἰς
3095 3658 3283 3731 ὀλίγην
3314 3659 3416 3729 γῆν
3461 3659 3638 3729 αὐτὴν

2056 3742 2272 3813 ήκέναι.
2320 3743 2449 3797 Ὅτε
2491 3743 2549 3797 δὲ
2581 3746 2771 3814 γέγονε
2819 3747 2879 3800 τὸ
2914 3748 3187 3819 κέλευσμα
3225 3750 3318 3803 τοῦ
3368 3748 3636 3819 βασιλέως

2056 3833 2410 3902 Αὐγούστου,
2466 3835 2561 3889 καὶ
2607 3836 2853 3909 ἀνάγκην
2909 3838 3064 3910 ἔσχον
3112 3841 3161 3892 oi
3216 3840 3621 3912 διεσκορπισμέο

2056 3941 2136 3978 νοι
2159 3924 2291 3997 (26),
2326 3926 2421 3980 καὶ
2454 3925 2523 3979 τὰ
2549 3927 2570 3958 ²
2599 3927 2778 3983 αὐτῶν
2807 3929 2960 4002 γένη,
2993 3925 3154 4001 ἦλθεν
3194 3931 3274 3995 είς
3308 3932 3400 3986 τὸν
3443 3933 3637 3997 τόπον,

2058 4016 2145 4071 ἵνα
2193 4017 2588 4089 ἀπογραφῶσιν
2631 4020 2953 4093 ἐπιρρέοντα
3004 4021 3073 4076 τὰ
3115 4022 3329 4095 πλήθη,
3405 4026 3503 4079 καὶ
3556 4028 3652 4080 ὲν⁴

2063 4105 2269 4179 έπλησε
2308 4110 2400 4163 τὸν
2421 4111 2604 4179 τόπον,
2642 4112 2737 4166 καὶ
2767 4113 2867 4166 οὐκ
2899 4108 2968 4184 ἦν
3006 4114 3170 4177 τόπος
3198 4116 3255 4170 ἐν
3282 4114 3360 4186 τῷ
3401 4116 3636 4171 καταλύ-

2061 4214 2190 4268 ματι
2224 4198 2311 4253 διὰ
2358 4200 2454 4272 τὴν
2498 4202 2797 4273 συνέχειαν.
2837 4205 3041 4260 Λοιπὸν
3083 4206 3140 4259 δὲ
3176 4206 3317 4277 μετά
3362 4208 3463 4281 τὴν
3495 4210 3637 4263 ἀπο-

2058 4292 2273 4364 γραφὴν
2313 4294 2552 4365 ἀπῆλθεν
2590 4295 2841 4361 ἕκαστος,
2870 4297 2992 4352 ὅποι
3040 4299 3143 4370 γῆς
3182 4299 3280 4370 τὴν
3321 4304 3641 4373 καταμονὴν

2059 4383 2158 4451 τῆς
2186 4384 2557 4455 κατοικήσεως
2590 4380 2726 4454 εἷχε.
2772 4386 2864 4439 Διὸ
2893 4386 2988 4441 καὶ
3018 4387 3217 4452 πλάτος
3244 4390 3544 4460 ἐτύγχανεν
3580 4394 3640 4443 ἐν

2060 4475 2123 4543 τῇ
2156 4476 2248 4543 γῇ.
2303 4476 2616 4547 Ἐρχόμενοι
2639 4476 2718 4544 δὲ,
2747 4478 2822 4542 ὡς
2849 4481 3023 4534 εἰπεῖν
3051 4479 3184 4551 (27),
3230 4481 3453 4553 μνήμης
3474 4482 3640 4538 ἕνεκα

2060 4794 2184 4833 nam
2247 4785 2466 4851 coactos
2521 4791 2663 4851 esse.
2698 4776 2804 4833 Sed
2843 4778 3148 4851 commode,
3171 4777 3283 4836 haec
3318 4782 3634 4851 accipienda

2060 4855 2211 4921 sunt,
2254 4855 2308 4921 ut
2332 4849 2399 4901 de
2430 4848 2497 4901 iis
2536 4848 2806 4921 loquatur,
2833 4850 2924 4921 qui
2975 4849 3029 4902 in
3060 4848 3352 4914 Palaestina
3388 4848 3530 4921 ipsa,
3554 4856 3634 4908 vel

2060 4916 2225 4988 Syria
2264 4920 2540 4988 degerent.
2599 4916 2808 4988 Neque,
2840 4916 2982 4973 enim
3037 4927 3166 4987 puto
3216 4921 3269 4973 in
3323 4916 3523 4985 Italia,
3555 4926 3632 4977 vel

2057 4985 2286 5061 graecia,
2326 4985 2419 5040 aut
2452 4985 2709 5061 Egypto—
2741 4987 2905 5042 etiam
2951 4985 3279 5055 habitarent,
3311 4991 3440 5044 alibi
3470 5008 3634 5061 quam

2056 5057 2151 5115 ibi.
2182 5057 2275 5111 ubi
2304 5066 2476 5118 erant,
2515 5058 2681 5111 fuisse
2717 5072 2932 5112 censos.

2128 5126 2241 5195 (27)
2286 5126 2625 5195 Ἐρχόμενοι
2669 5126 2760 5189 δὲ,
2794 5128 2876 5194 ὡς
2903 5127 3114 5181 εἰπεῖν.
3150 5127 3361 5184 Nollem
3415 5131 3635 5186 erudito

2056 5194 2465 5269 Maldo'nato’id
2517 5196 2584 5269 in_
2628 5207 2861 5269 mentem
2919 5200 3161 5253 venisset
3198 5198 3504 5269 Epiphanio
3536 5205 3635 5255 tri-

2057 5266 2223 5320 buere
2280 5266 2426 5335 quod
2459 5274 2511 5321 et
2536 5263 2990 5321 absurdissimum
3034 5278 3138 5332 est,
3198 5263 3403 5323 nec—ab
3436 5286 3504 5325 eo
3549 5272 3633 5324 vel

2059 5335 2332 5410 levissime
2382 5338 2699 5410 cogitatum.
2732 5336 2934 5410 §cribit
2980 5339 3125 5391 enim
3146 5338 3337 5410 mirari
3369 5354 3449 5403 se,
3484 5343 3632 5410 quod

2059 5404 2394 5480 Epiphanius
2423 5404 2697 5480 existimet
2734 5404 3635 5480 Joseplmmet_Mariamsingulis

2057 5473 2216 5529 annis
2249 5491 2313 5529 co
2344 5476 2431 5529 die
2468 5491 2533 5529 ex
2565 5473 2797 5546 {Egypto
2833 5473 2886 5528 in
2932 5475 3241 5531 Bethlchem
3270 5478 3460 5534 venire
3490 5473 3631 5533 Eon-

2058 5546 2302 5617 suevisse
2325 5561 2595 5617 ;rcumq_t_te
2621 5556 2741 5614 post
2759 5546 2895 5601 duos
2913 5561 3085 5599 annos
3103 5546 3416 5617 rediissem,
3439 5564 3633 5617 magos

2058 5630 2153 5688 eos
2184 5614 2625 5688 invenissc.i_lloc
2661 5631 2789 5671 vero
2821 5630 3100 5688 nunquam
3137 5616 3356 5688 scripsit
3389 5614 3633 5688 Epipha-

2056 5685 2203 5739 nius.
2224 5685 2400 5751 Quarc
2417 5686 2783 5743 hallucinatus
2801 5697 2882 5743 est
2907 5685 3313 5744 eruditissimus
3342 5685 3630 5745 illc‘E'vau-
