3918 6140
293 268 398 322 905

1067 260 1436 319 ADVERSUS
1470 258 1812 317 ll/ERESES
1851 257 1977 314 LIB.
2014 258 2080 314 11.
2121 255 2285 312 ΤΟΜ.
2326 258 2367 312 1.
2410 255 2681 312 ll/ERES.
2730 255 2812 312 LI.

3440 256 3544 312 906

291 376 400 430 τῶν
432 374 547 427 ἐκεῖ
576 370 1006 442 γεγεννημένων,
1050 370 1264 442 πρώτου
1299 370 1544 426 ἐνιαυτοῦ
1590 369 1865 424 τελεσθέν-

1979 369 2196 423 moriam
2229 383 2295 425 eo
2321 384 2380 424 se
2413 377 2668 440 parentes
2704 368 2991 437 Nazaroto,
3033 370 3179 427 velut
3204 371 3269 425 ad
3295 373 3542 431 eamdem

291 485 403 530 τος,
440 465 534 519 καὶ
570 463 664 517 τοῦ
696 463 950 534 δευτέρου
985 462 1385 534 πληρωθέντος,
1414 458 1577 535 ἦλθον
1614 465 1662 518 oi
1697 466 1870 533 γονεῖς

290 560 472 611 ὲκεῖσε
522 554 631 610 ἀπὸ
681 553 955 626 Ναζαρὲτ,
997 554 1073 618 ὡς
1114 556 1194 617 είς
1250 553 1348 625 τὴν
1395 556 1701 626 πανήγυριν
1741 554 1872 608 ταύ-

291 665 391 719 την
427 646 562 718 (28).
597 646 688 699 Διὸ
716 646 808 699 καὶ
852 647 886 717 ἡ
934 644 1142 709 έλευσις
1174 645 1282 699 τῶν
1340 647 1529 718 μάγων
1582 646 1871 717 γεγένηται

293 739 387 792 καὶ
422 735 562 791 κατά
604 736 702 808 τὴν
749 736 1004 806 τοιαύτην
1055 738 1375 809 συγκυρίαν.
1413 738 1610 793 Οὐκέτι
1642 737 1775 803 ἴσως
1802 741 1868 810 τῇ

292 827 585 882 καταλύσει
641 827 761 881 τότε
814 828 912 898 τῆς
974 828 1194 901 Μαρίας
1245 830 1337 883 καὶ
1401 829 1596 901 Ἰωσὴφ
1644 828 1733 884 διὰ
1772 830 1870 901 τὴν

291 920 621 992 ἀπογραφὴν
670 921 737 989 τῇ
789 919 895 973 ὑπὸ
946 918 1040 973 τού
1080 922 1265 974 Λουκᾶ
1307 921 1590 994 εἰρημένῃ.
1641 922 1717 975 Οὐ
1762 922 1869 994 γὰρ

290 1004 463 1081 ηῧραν
490 998 846 1083 τήνἨαριάμ
874 1011 933 1064 ἑν
960 1011 1042 1082 τῷ
1078 1013 1347 1083 σπηλαίῳ,
1375 1015 1511 1068 ὅπου
1541 1013 1831 1087 ἐγέννησεν
1851 1032 1867 1047 ³

292 1103 428 1158 ἀλλὰ
476 1103 552 1167 ὡς
604 1101 716 1174 ἔχει
763 1102 825 1155 τὸ
872 1103 1224 1177 Εύαγγέλιον,
1274 1105 1356 1157 ὅτι
1409 1104 1631 1176 ὡδήγει,
1682 1106 1867 1175 φησιν,

292 1195 489 1256 αὐτοὺς
544 1194 572 1246 ὀ
616 1193 792 1265 ἀστὴρ
829 1194 956 1265 άχρι
1007 1193 1100 1247 τοῦ
1150 1194 1337 1265 τόπου,
1378 1190 1448 1249 οὗ
1505 1194 1585 1263 ἦν
1630 1194 1761 1248 ἐκεῖ
1806 1195 1871 1249 τὸ

293 1285 554 1340 παιδίον.
591 1285 702 1340 Καὶ
732 1286 1109 1352 εἰσελθόντες
1131 1288 1216 1353 εἰς
1246 1286 1355 1341 τὸν
1380 1282 1565 1353 οἷκον,
1593 1283 1775 1355 εὗρον
1804 1286 1870 1341 τὸ

287 1377 516 1446 ,ϐρέφος
550 1376 701 1446 μετὰ
732 1378 981 1445 Μαρίας,
1027 1376 1210 1431 οὐκέτι
1244 1378 1304 1431 ἑν
1355 1378 1551 1450 φάτνῃ,
1598 1378 1781 1432 ούκέτι
1813 1381 1870 1433 ἑν

294 1468 568 1539 σπηλαίῳ,
594 1466 710 1521 ἀλλ’
742 1468 801 1520 ἑν
839 1466 972 1537 οἴκῳ
992 1483 1007 1497 ο
1053 1466 1142 1521 ἵνα
1170 1467 1383 1540 γνωσθῇ
1417 1470 1515 1539 τῆς
1554 1467 1807 1539 ἀληθείας
1834 1470 1867 1540 ἡ

291 1559 567 1630 ἀκρίϐεια,
601 1558 695 1613 καὶ
724 1558 818 1612 τοῦ
848 1558 1039 1630 χρόνου
1060 1558 1169 1611 τῶν
1199 1558 1292 1613 δύο
1325 1560 1460 1613 ἑτῶν
1485 1560 1545 1613 τὸ
1574 1561 1866 1631 διάστημα,

291 1651 569 1705 τουτέστιν
614 1649 797 1716 ἑξότου
848 1652 1133 1723 ἐγεννήθη,
1160 1653 1264 1714 ἑως
1300 1653 1388 1705 ὅτε
1424 1652 1784 1722 παρεγένοντο
1820 1653 1868 1704 οἱ

1970 461 2368 524 celebritatem,
2416 461 2787 517 contulerunt.
2838 461 2958 530 Quo
2981 469 3228 533 tempore
3261 477 3543 532 magorum

1969 551 2236 606 adventus
2267 550 2539 623 ejusmodi
2569 552 2807 621 quadam
2843 553 3257 624 opportunitate
3292 553 3540 623 contigit.

1971 641 2215 699 Tametsi
2247 659 2357 699 non
2388 643 2442 698 in
2473 644 2664 699 eodem
2694 644 2789 700 illo
2818 644 3069 702 fortassis
3098 645 3400 702 diversorio
3428 662 3546 702 ver-

1971 734 2256 800 sabantur,
2308 736 2363 789 in
2390 749 2500 806 quo
2547 734 2774 791 Hariam
2802 751 2865 792 ac
2886 734 3180 809 Josephum
3221 738 3543 809 descriptio-

1970 824 2058 880 nis
2105 832 2352 896 tempore
2378 826 2650 882 mansisse
2706 825 2886 883 Lucas
2936 835 3167 885 testatus
3209 839 3311 885 est.
3358 828 3543 898 Neque

1970 917 2114 972 enim
2159 915 2385 972 Mariam
2424 918 2478 972 in
2510 919 2798 988 spelunca,
2838 919 2930 975 ubi
2964 928 3271 990 pepererat,
3326 935 3546 990 repere-

1970 1014 2134 1076 runt;
2204 1009 2321 1075 sed,
2357 1015 2419 1064 ut
2475 1008 2826 1083 Evangelium
2880 1020 3090 1074 narrat,
3131 1011 3288 1067 stella
3313 1010 3438 1067 illos
3475 1011 3544 1066 ad

1969 1116 2093 1157 eum
2125 1102 2301 1158 locum
2330 1104 2620 1174 perduxit,
2654 1104 2743 1158 ubi
2766 1102 2880 1159 erat
2902 1120 3052 1174 puer.
3078 1102 3145 1157 Et
3170 1105 3428 1159 intrantes
3457 1104 3545 1159 do-

1970 1208 2114 1245 mum
2144 1193 2449 1248 invenertmt
2472 1196 2692 1263 puer‘um
2736 1211 2857 1250 cum
2893 1195 3078 1252 Maria
3104 1198 3144 1262 ',
3184 1212 3290 1252 non
3321 1197 3376 1252 in
3405 1212 3544 1267 pra:-

1971 1284 2107 1354 sepi,
2143 1285 2225 1340 vel
2248 1285 2302 1340 in
2334 1287 2617 1356 spelunca,
2644 1287 2744 1343 sed
2778 1288 2832 1342 in
2861 1289 3025 1344 domo
3075 1291 3310 1353 scilicet,
3358 1297 3419 1345 ut
3448 1304 3545 1346 ac-

1970 1380 2160 1428 curata
2200 1374 2277 1429 rei
2312 1377 2539 1442 veritas,
2572 1392 2632 1454 ac
2657 1377 2865 1432 biennii
2894 1378 3239 1435 intervallum
3268 1382 3544 1453 exprime-

1971 1470 2140 1530 retur,
2180 1463 2326 1535 quod
2354 1465 2423 1521 ab
2444 1466 2564 1539 ejus
2603 1469 2772 1523 natali
2818 1468 2885 1523 ad
2926 1484 3208 1540 magorum
3254 1472 3544 1527 adventum

1970 1551 2270 1610 ellluxerat.
2323 1555 2524 1613 Eadem
2561 1558 2651 1613 illa
2686 1574 2816 1615 vero
2854 1569 3034 1627 nocte,
3083 1562 3297 1618 duobus
3333 1580 3363 1618 a
3405 1565 3548 1618 nati~

1973 1645 2140 1702 vitate
2193 1648 2354 1703 annis
2383 1650 2609 1721 elapsis,
2650 1654 2877 1723 angelus
2912 1656 3185 1725 apparuit,
3222 1670 3284 1711 ac
3315 1672 3546 1728 puerum

297 1741 479 1812 μάγοι.
518 1741 630 1796 Καὶ
660 1743 779 1795 κατ’
808 1741 1020 1813 ἐκείνην
1050 1741 1147 1813 τὴν
1177 1742 1347 1796 νύκτα
1378 1742 1516 1814 μετὰ
1536 1740 1627 1796 δύο
1650 1742 1741 1813 έτη
1768 1742 1867 1811 τῆς

1979 1752 2097 1792 cum
2129 1746 2304 1796 matre
2330 1740 2385 1796 in
2417 1750 2619 1797 terram
2669 1743 2889 1816 ,Ἑωριί
2932 1746 3099 1816 jussit
3128 1748 3418 1804 abducere.
3460 1747 3547 1802 ld-

292 1834 598 1904 γεννήσεως
626 1831 781 1905 ὤφθη
813 1834 841 1885 ὁ
883 1832 1131 1902 ἄγγελος,
1166 1833 1258 1887 καὶ
1296 1830 1417 1888 εἶπε
1450 1834 1783 1906 παραλαϐεῖν
1811 1835 1870 1888 τὸ

294 1926 503 1979 παιδίον
537 1925 632 1980 καὶ
656 1924 754 1996 τὴν
790 1924 1002 1997 μητέρα
1035 1926 1114 1989 είς
1141 1924 1244 1996 γῆν
1286 1924 1581 1995 Αἰγύπτου.
1618 1926 1709 1979 Atb
1744 1925 1870 1979 ούκ-

294 2021 374 2074 έτι
416 2016 615 2090 Ἰωσὴφ
659 2016 1008 2088 ἀνακάμπτει
1049 2017 1129 2082 είς
1173 2016 1452 2088 Ναζαρὲτ,
1505 2017 1639 2071 ἀλλά
1687 2018 1869 2073 ἀποει-

292 2110 519 2181 δράσκει
548 2109 664 2179 ἅμα
698 2108 775 2179 τῷ
818 2109 988 2172 παιδὶ,
1024 2110 1119 2164 καὶ
1164 2112 1230 2180 τῇ
1270 2111 1440 2181 μητρὶ
1472 2109 1635 2163 αύτοῦ
1666 2113 1745 2174 είς
1771 2110 1868 2163 Δία

293 2218 518 2270 γυπτον,
552 2202 647 2255 καὶ
680 2201 816 2255 ἄλλα
856 2202 950 2255 δύο
995 2201 1089 2273 ἐτη
1121 2205 1266 2255 ποιεῖ
1304 2203 1483 2256 ἐκεῖσε
1507 2220 1519 2232 ο
1557 2204 1653 2256 καὶ
1700 2202 1871 2268 οὕτως

297 2293 454 2349 πάλιν
486 2295 514 2346 ὁ
558 2292 785 2362 ἄγγελος
829 2293 965 2364 μετά
1022 2293 1121 2364 τὴν
1168 2293 1261 2347 τοῦ
1327 2293 1570 2367 Ἡρώδου
1616 2293 1873 2365 τελευτὴν

294 2383 608 2455 ἐπιστρέφει
645 2383 735 2437 τὸν
765 2383 927 2437 αὑτὸν
968 2386 1024 2437 έν
1057 2387 1122 2455 τῇ
1166 2383 1413 2456 Ἰουδαίᾳ.

364 2478 421 2530 l'.
464 2476 553 2547 Τῷ
586 2474 694 2547 γάρ
725 2474 1032 2547 τριακοστῷ
1065 2476 1234 2545 τρίτῳ
1272 2475 1382 2547 (29)
1424 2477 1532 2529 ἑτει
1562 2474 1657 2529 τοῦ
1696 2474 1873 2548 Ἠρώ-

294 2567 383 2621 δου
431 2569 686 2636 γεννᾶται
733 2568 760 2619 ὁ
815 2566 1050 2639 Κύριος·
1098 2566 1405 2638 τριακοστῷ
1437 2568 1673 2639 πέμπτῳ
1713 2562 1874 2638 ἦλθον

294 2661 345 2713 οἱ
383 2659 578 2730 μάγοι⁸
614 2656 918 2730 τριακοστῷ
962 2658 1176 2731 ἑϐδόμῳ
1222 2658 1330 2712 ἔτει
1362 2658 1588 2730 τελευτᾷ
1631 2661 1661 2712 ὁ
1703 2657 1877 2731 Ἡρώο

295 2751 425 2822 δηςσ
465 2750 560 2804 καὶ
586 2749 887 2821 διαδέχεται
938 2750 1227 2822 Ἀρχέλαος
1275 2751 1389 2816 υίὸς
1438 2751 1602 2805 αὑτοῦ
1631 2751 1692 2804 τὸ
1723 2751 1877 2823 βασί-

297 2842 459 2903 λειον,
493 2844 724 2914 ποιήσας
776 2842 871 2915 ἐτη
920 2843 1076 2898 ἐννέα
1126 2842 1446 2914 βασιλεύων,
1487 2843 1738 2915 καθάπερ
1787 2861 1876 2916 μοι

300 2936 359 2987 ὲν
409 2933 586 2996 ἄλλοις
632 2935 818 2998 τόποις
862 2934 1094 3007 εἴρηται.
1146 2933 1529 3006 ·Ἀνεχώρησεν
1571 2931 1664 2990 οὖν
1714 2935 1878 2989 ἀκού-

299 3041 397 3088 σας
426 3018 555 3097 περὶ
593 3025 905 3096 Ἀρχελάου,
942 3027 1036 3080 καὶ
1068 3024 1239 3079 ἐλθὼν
1271 3024 1592 3097 κατῴκησεν
1641 3028 1721 3089 είς
1762 3027 1874 3080 Να-

299 3112 483 3184 ζαρέτ.
537 3113 644 3167 Καὶ
691 3113 899 3167 ἐκεῖθεν
943 3114 1105 3168 πάλιν
1148 3116 1265 3169 κατ’
1297 3115 1415 3178 ετος
1452 3114 1605 3186 ἀνῄει
1639 3116 1717 3178 είς
1779 3114 1874 3168 Ἰε-

300 3197 601 3278 ρουσαλήμ.
665 3205 829 3275 Ὁρᾷς
886 3205 985 3275 ὅση
1031 3205 1289 3277 τυγχάνει
1350 3204 1604 3274 ἀκρίϐεια
1653 3206 1712 3258 ἐν
1762 3206 1875 3267 τοῖς

299 3293 461 3358 θείοις
494 3292 846 3363 Εὐαγγελίοις
893 3294 1019 3364 περὶ
1062 3294 1298 3365 ἑκάστης
1344 3292 1765 3364 πραγματείας;
1810 3292 1873 3343 Ol.

299 3385 355 3439 δὲ
386 3387 579 3457 ἀγνοίᾳ
616 3386 925 3457 φερόμενοι,
957 3385 1047 3439 τὸν
1085 3384 1294 3439 ἑαυτῶν
1325 3383 1449 3438 νοῦν
1483 3382 1871 3447 σκοτώσαντες,

297 3479 396 3531 οὐκ
428 3479 574 3531 ἴσασι
600 3476 661 3530 τὸ
691 3476 842 3540 τέλος
875 3477 1105 3531 ἑκάστου
1138 3477 1297 3545 λόγου
1317 3492 1330 3506 '
1359 3475 1495 3531 ἀλλά
1524 3474 1708 3538 ἁπλῶς
1733 3473 1874 3527 κατά

297 3569 404 3624 τῶν
454 3568 625 3637 ἁγίων
683 3568 967 3640 ἐπαίρουσι
1015 3567 1076 3621 τὸ
1132 3568 1326 3638 στόμα,
1377 3567 1472 3622 καὶ¹
1520 3564 1725 3638 χαλῶσι
1750 3556 1873 3637 ’τὴν

297 3660 563 3729 γλῶτταν,
605 3660 771 3732 μηδὲν
813 3660 912 3730 μὲν
957 3659 1206 3727 λέγοντες
1246 3660 1304 3713 ὲν
1352 3658 1599 3732 ἀληθείᾳ,
1650 3657 1873 3717 ἑαυτοὺς

297 3750 355 3805 δὲ
383 3752 481 3824 τῆς
512 3751 654 3824 ζωῆς
684 3750 1104 3822 ἀλλοτριοῦντες.

373 3933 564 3987 Ἔνθεν
612 3931 705 3987 οὖν
748 3937 776 3988 ὁ
818 3935 1053 3996 Λουκᾶς,
1122 3933 1258 4002 μετά
1305 3931 1366 3986 τὸ
1408 3931 1766 4003 διηγησασθαι
1805 3931 1873 3984 τά

299 4024 524 4095 πρῶτα,
580 4025 742 4079 πάλιν
793 4025 973 4094 λέγει,
1035 4024 1150 4088 πῶς
1206 4024 1263 4076 ἑν
1309 4022 1389 4094 τῷ
1437 4022 1723 4095 δωδεκάτῳ
1764 4022 1873 4077 ἔτει

300 4116 528 4187 ἀνῆλθεν
555 4117 634 4181 είς
677 4116 1062 4188 Ἰερουσαλήμ·
1114 4115 1200 4169 ἵνα
1252 4115 1327 4186 μὴ
1359 4113 1670 4187 παραλείψει
1711 4114 1875 4168 τόπον

300 4211 411 4272 τοῖς
449 4208 730 4279 νομίσασιν
757 4207 916 4260 αὑτὸν
946 4206 1131 4269 άπλῶς
1157 4205 1323 4275 ἄνδρα
1351 4205 1552 4258 τέλειον
1591 4207 1649 4259 ἐν
1686 4205 1875 4277 κόσμῳ

302 4300 618 4370 πεφηνέναι,
655 4299 749 4355 καὶ
781 4299 859 4363 είς
888 4298 977 4352 τὸν
1024 4297 1293 4369 Ἰορδάνην
1325 4296 1461 4367 πρὸς
1487 4296 1577 4349 τὸν
1623 4297 1874 4364 Ἰωάννην

1972 1826 2121 1881 circo
2149 1844 2257 1883 non
2317 1830 2432 1900 jam
2490 1830 2821 1888 Nazaretum
2870 1833 3543 1911 Josephusregreditur;

1972 1920 2069 1975 sed
2118 1937 2245 1976 cum
2301 1939 2473 1994 puero
2505 1939 2569 1981 ac
2596 1934 2770 1983 matre
2806 1926 2941 1998 fugit
2992 1929 3048 1983 in
3098 1928 3413 2003 Aigyptum,
3454 1933 3544 1986 ubi

1972 2011 2195 2068 biennio
2224 2014 2393 2072 altero
2424 2025 2801 2075 commoratus
2834 2028 2962 2088 est;
3020 2030 3183 2093 atque
3216 2023 3290 2077 ita
3326 2038 3547 2080 rursum

1973 2113 2097 2173 post
2122 2102 2351 2162 llerodis
2368 2107 2575 2163 obitum
2602 2112 2828 2181 angelus
2850 2112 3124 2177 eumdem,
3148 2122 3207 2169 ut
3231 2116 3284 2170 in
3307 2114 3546 2171 Judaeam

1974 2196 2197 2265 rediret,
2228 2199 2527 2256 admonuit.

2044 2456 2206 2529 432
2241 2456 2309 2512 X.
2342 2458 2554 2530 Quippe
2580 2475 2754 2516 χχχιιι
2787 2460 3020 2521 Herodis
3050 2481 3196 2521 anno
3248 2477 3410 2524 natus
3462 2481 3548 2527 est

1976 2547 2258 2619 Dominus,
2292 2552 2648 2623 ejusdemque
2687 2571 2831 2610 xxxv
2856 2558 2995 2627 magi
3026 2568 3313 2615 venerunt.
3347 2560 3551 2620 Deinde

1976 2657 2164 2696 xxxvu
2209 2642 2425 2712 imperii
2465 2660 2610 2701 anno
2648 2647 2883 2702 moritur
2914 2647 3178 2714 Herodes,
3209 2654 3296 2707 cui
3329 2670 3547 2712 succes-

1979 2732 2049 2787 sit
2084 2732 2412 2800 Archelaus,
2448 2735 2606 2805 isque
2634 2751 2827 2791 novem
2860 2741 3104 2810 regnavit
3132 2746 3311 2808 amis,
3351 2754 3409 2798 ut
3443 2746 3546 2801 alio

1978 2835 2007 2874 a
2041 2836 2125 2875 me
2154 2822 2274 2876 loco
2303 2822 2508 2877 dictum
2550 2825 2790 2880 memini.
2827 2825 3007 2893 Quare
3039 2844 3164 2885 cum
3189 2832 3256 2888 de
3282 2834 3545 2893 Archelao

1980 2913 2306 2982 accepisset,
2361 2916 2592 2971 recessit
2635 2915 2947 2989 Iosephus,
3001 2937 3066 2976 ac
3114 2939 3174 2978 se
3223 2923 3541 2982 Nazaretum

1979 3004 2263 3059 habitandi
2296 3020 2463 3062 causa
2485 3008 2740 3064 contulit.
2774 3010 2932 3067 Unde
2962 3016 3261 3083 quotannis
3292 3016 3547 3076 Hieroso-

1901 3065 1944 3124 (ἶ
1978 3095 2175 3167 lymam
2209 3096 2483 3167 proﬁcisci
2511 3108 2890 3155 consueverat.
2933 3065 3093 3161 Vides
3134 3116 3338 3177 quanta
3377 3111 3449 3165 sit
3492 3114 3545 3166 in

1978 3187 2158 3243 sacris
2184 3185 2494 3258 Evangeliis
2526 3189 2819 3260 cujuslibet
2851 3192 2929 3248 rei
2960 3197 3245 3253 narranda
3274 3215 3548 3273 quamque

1976 3288 2234 3334 accurata
2265 3279 2594 3350 diligentia?
2624 3281 2694 3337 At
2743 3283 2836 3340 isti
2881 3286 3186 3357 ignorantia
3217 3291 3369 3357 caeci,
3409 3309 3550 3361 quo-

1975 3384 2097 3423 rum
2147 3377 2232 3425 est
2279 3371 2523 3428 tenebris
2575 3373 2817 3429 obducta
2875 3392 3061 3444 mens,
3115 3381 3550 3455 uniuscujusque

1974 3460 2312 3517 narrationis
2353 3462 2558 3518 exitum
2595 3464 2883 3535 ignorant;
2936 3469 3031 3524 sed
3067 3469 3329 3529 adversus
3369 3490 3549 3529 sacru-

1974 3561 2166 3610 sancta
2207 3568 2438 3624 quaeque
2481 3569 2544 3612 os
2586 3571 2745 3611 suum
2785 3568 3110 3631 arroganter
3146 3565 3436 3633 extollunt,
3485 3581 3550 3622 ac

1974 3646 2217 3717 linguam
2269 3646 2554 3711 relaxant,
2588 3648 2727 3705 adeo
2768 3659 2825 3704 nt
2868 3668 3043 3722 neque
3088 3656 3201 3710 veri
3250 3657 3547 3728 quidquam

1975 3738 2224 3802 allerant,
2257 3744 2312 3792 et
2342 3753 2370 3790 a
2400 3738 2507 3791 vita
2542 3739 2899 3799 nihilominus
2928 3758 2990 3798 ac
3025 3745 3200 3801 salute
3228 3752 3549 3821 semetipsos

1975 3831 2232 3885 alienent.

2045 3920 2174 3977 Post
2200 3922 2314 3977 haec
2344 3921 2524 3979 Lucas
2561 3922 2653 3977 ubi
2697 3938 2880 3994 priora
2924 3937 3248 3995 persecutus
3292 3936 3397 3994 est,
3449 3945 3544 3985 ex-

1975 4014 2128 4084 ponit
2177 4014 2636 4085 quemadmodum
2688 4031 2836 4070 anno
2878 4033 2952 4071 xn
3006 4016 3383 4092 Hierosolyma
3426 4038 3550 4092 per-

1976 4104 2201 4169 rexerit,
2237 4121 2305 4160 ne
2330 4121 2493 4175 quem
2526 4106 2743 4162 illorum
2775 4109 2952 4164 errori
2987 4109 3164 4163 locum
3192 4111 3546 4183 relinqueret,

1975 4199 2068 4267 qui
2102 4198 2253 4253 illum
2284 4199 2534 4254 arbitrati
2563 4209 2692 4255 sunt
2719 4200 2955 4271 perfecta
2989 4218 3051 4256 ac
3080 4203 3222 4258 virili
3249 4203 3361 4274 jam
3392 4211 3549 4259 aetate
3584 4266 3587 4273 η

1977 4290 2031 4343 in
2069 4290 2275 4345 mundo
2314 4299 2536 4361 repente
2564 4290 2736 4347 fuisse
2767 4302 3123 4364 conspectum
3159 4314 3172 4350 :
3203 4296 3384 4368 itaque
3414 4313 3549 4353 con-

256 4448 263 4451 ‘
302 4388 491 4459 ἡκέναι
515 4406 529 4419 ⁸
564 4389 640 4453 ὡς
667 4386 945 4459 ὑπεϐλήθη
980 4386 1085 4441 ὑπὸ
1113 4386 1408 4458 Κηρίνθου,
1459 4385 1551 4439 καὶ
1601 4385 1870 4450 Ἐϐίωνος,

1979 4382 2235 4438 veniendi
2282 4382 2509 4440 Joannis
2541 4384 2715 4456 gratia
2771 4385 2838 4439 ad
2895 4384 3187 4443 Iordanem
3225 4391 3548 4457 accessisse,

302 4479 525 4534 καὶτῶν
558 4479 752 4534 ἀλλων.
782 4478 963 4541 Δεινὸς
994 4478 1102 4551 γάρ
1133 4477 1255 4546 ὄφις
1286 4477 1565 4549 σκαληνῶς
1586 4477 1876 4532 διαϐαίνων

302 4576 360 4628 ὲν
394 4575 493 4645 μιᾷ
524 4573 718 4646 γνώμῃ
748 4572 849 4645 οὐχ
892 4572 1103 4626 ἵσταται
1129 4589 1142 4602 ·
1180 4570 1315 4625 ἀλλὰ
1350 4573 1459 4635 τοῖς
1500 4571 1599 4640 μὲν
1629 4572 1776 4625 δοκεί
1816 4574 1881 4626 ἑκ

305 4665 650 4738 παρατριϐἦς
683 4667 777 4718 καὶ
827 4664 1139 4735 σπέρματος
1169 4663 1359 4735 ἀνδρὸς
1391 4662 1736 4735 γεγενῆσθαι,
1767 4667 1882 4730 τοῖς

302 4757 347 4811 δ’
386 4758 564 4823 ἄλλοις
597 4757 783 4820 ἁπλῶς
824 4757 1108 4828 ἄνθρωπος
1153 4756 1469 4828 πεφηνέναι.
1511 4757 1602 4809 Διὸ
1646 4756 1787 4811 κατά
1821 4757 1883 4810 τὸ

302 4846 494 4901 λεπτὸν
523 4848 592 4902 τά
624 4848 802 4901 πάντα
834 4846 1177 4918 διηγούμενοι
1222 4848 1270 4899 oi
1314 4846 1456 4915 άγιοι
1488 4847 1872 4916 εὐαγγελισταὶ

303 4937 657 5012 ἀκριϐολογοῦ
674 4955 738 4991 τι.
768 4937 893 5001 ,Καὶ
928 4937 1086 5006 φύσει
1115 4939 1144 4990 ό
1186 4938 1400 5000 Λουκᾶς
1443 4936 1519 4998 ὡς
1548 4937 1655 4991 ἀπὸ
1696 4937 1875 4991 κάτω·

304 5030 395 5084 θεν
424 5032 514 5084 ἐπὶ
537 5030 605 5084 τὰ
637 5030 749 5085 ἄνω
777 5029 1061 5100 ἀναφέρων
1089 5029 1188 5098 τὴν
1216 5028 1449 5082 διάνοιαν
1475 5027 1675 5099 φάσκει
1697 5042 1710 5056 '
1755 5022 1876 5082 Ἦν

374 5190 391 5219 ⁸
424 5187 612 5243 Matth.
635 5204 694 5250 ιι,
725 5186 777 5253 9,
804 5185 891 5239 il.
972 5157 981 5165 ⁸

303 5342 567 5414 geliorum
596 5344 899 5414 interpres;
933 5353 1030 5393 nec
1062 5335 1182 5414 ideo
1198 5343 1376 5414 tamen
1406 5338 1612 5414 tantum
1630 5347 1868 5414 comme-

303 5405 433 5477 ruit.
471 5423 530 5469 ut
578 5428 608 5467 a
659 5405 982 5468 Casaubono
1014 5416 1121 5461 tam
1168 5405 1522 5477 inclementer
1568 5405 1869 5477 ac_puti.le

304 5473 609 5547 notaretur,
636 5492 689 5537 et
720 5478 1199 5537 virulentissimus.
1224 5490 1287 5528 ac
1314 5473 1869 5547 maledicentis’simus

303 5558 553 5625 scriptor
569 5543 935 5625 appellaretur
983 5549 1039 5625 in
1080 5547 1174 5599 illo
1195 5558 1388 5625 opere,
1416 5543 1770 5625 qu_od_ipsum
1801 5558 1866 5597 ex

306 5613 915 5679 viru'lentis'éalumniis
944 5629 994 5674 et
1024 5615 1296 5671 hmreticis
1348 5613 1701 5683 opinionibus
1733 5627 1866 5669 con-

307 5700 513 5751 textum
541 5694 805 5755 adversus
835 5689 1174 5744 Baronianos
1196 5682 1427 5740 Annales
1450 5682 1661 5742 elludit.

633 5782 907 5844 ΡΑτιιοι..
952 5778 1072 5841 Gn.
1112 5772 1284 5839 XLI.

1978 4490 2101 4544 quae
2131 4474 2236 4529 fuit
2290 4473 2563 4540 Cerintbi,
2621 4473 2871 4543 Ebionis,
2946 4486 2999 4533 et
3058 4480 3292 4534 aliorum
3341 4481 3548 4552 Opinio.

1981 4564 2268 4631 Siquidem
2296 4566 2531 4621 callidus
2567 4567 2658 4622 ille
2680 4582 2907 4638 serpens
2933 4571 3171 4642 obliquis
3196 4572 3421 4629 ﬂexibus
3451 4575 3550 4629 ad-

1980 4673 2198 4728 repens,
2263 4658 2400 4713 nihil
2443 4672 2610 4711 unum
2642 4674 2705 4713 ac
2739 4668 3002 4716 constans
3029 4663 3249 4716 asserit.
3293 4663 3399 4720 Sed
3426 4652 3549 4723 aliis

1978 4750 2156 4819 placet
2176 4764 2243 4803 ex
2279 4750 2566 4818 utriusque
2616 4748 3003 4817 conjunctione
3057 4767 3243 4817 sexus,
3292 4768 3356 4808 ac
3400 4755 3547 4812 virili

1980 4842 2189 4897 semine
2214 4834 2492 4895 Christum
2534 4854 2657 4895 esse
2683 4850 3050 4909 procreatum.
3094 4843 3197 4896 Alii
3231 4845 3553 4915 simpliciter

1982 4931 2257 4986 hominem
2292 4931 2615 5001 apparuisse
2644 4938 2914 4986 statuunt.
2947 4934 3077 5000 Quae
3103 4951 3271 4991 causa
3318 4940 3421 4993 fuit
3452 4958 3552 4995 cur

1983 5023 2263 5080 subtiliter
2318 5031 2686 5095 accurateque
2740 5024 2922 5079 omnia
2972 5028 3150 5081 sancti
3204 5032 3556 5102 evangelista:

2006 5401 2017 5412 .
2039 5330 2151 5400 (28)
2182 5333 2274 5412 ᾮς
2290 5335 2376 5400 εὶς
2394 5333 2508 5412 τῂν
2525 5340 3124 5412 πξιινήτυρινλταιξζην.
3145 5339 3327 5412 Quam,
3338 5339 3556 5412 tandem

1965 5401 2056 5477 hic
2092 5407 2401 5475 πανήγυριν
2436 5401 2711 5477 intelligat
2735 5401 2938 5464 nescio.
2972 5401 3203 5466 Videtur
3228 5410 3332 5465 loci
3380 5401 3554 5475 illius,

1965 5473 2021 5526 in
2050 5487 2158 5545 quo
2183 5473 2348 5530 natus
2370 5483 2487 5529 erat
2546 5473 2830 5545 Dominus,
2865 5481 3193 5538 celebratam
3236 5473 3557 5535 memoriam

1964 5546 2275 5616 πανήγυριν
2310 5546 2607 5616 appellare.

2035 5612 2148 5690 (29)
2189 5612 2273 5680 Τῷ
2305 5612 2415 5686 γὰρ
2446 5617 2779 5686 τριακοστῷ
2801 5619 2993 5690 τρίτῳ.
3022 5617 3096 5676 Dc
3131 5620 3215 5675 his
3243 5621 3557 5679 accuratius

1966 5686 2129 5757 paulo
2161 5693 2287 5757 post
2322 5701 2565 5758 agemus.

3151 5781 3230 5843 29
