3952 6218
356 244 458 297 907

1766 248 1823 306 S.
1864 248 2211 310 EPIPIIANII

3538 258 3639 316 903

351 355 631 411 narrando
670 354 940 428 complexi
988 355 1119 412 sint.
1169 355 1449 427 Praecipue
1479 356 1656 414 Lucas
1687 361 1930 415 animum

2038 366 2106 419 δὲ
2161 368 2391 436 Ἰησοῦς
2425 370 2759 442 ἀρχόμενος
2791 316 3062 436 sirm/(bc
3106 368 3258 424 ἐτῶν
3291 367 3637 440 τριάκοντα,

352 448 422 502 ab
468 446 821 504 inferioribus
878 447 946 504 ad
994 449 1284 520 superiora
1324 449 1570 506 referens
1603 451 1676 505 ita
1702 453 1931 508 scribit:

356 536 423 591 Et
465 548 580 592 erat
620 537 779 593 Iesus
824 539 1076 609 incipiens
1128 557 1241 596 esse
1287 542 1443 613 quasi
1492 558 1754 597 annorum
1788 560 1934 612 xxx;

353 628 518 697 filius,
547 639 604 682 ut
632 629 947 697 putabatur,
995 624 1189 701 ,ΙοδῷΙι
1215 632 1255 685 ⁸.
1296 630 1451 698 Quod
1496 641 1676 688 autem
1732 634 1938 690 solum-

356 719 517 774 nodo
554 729 801 789 putatur,
836 721 1066 777 minime
1113 729 1199 778 est
1243 722 1447 793 reipsa.
1498 721 1605 778 Sed
1642 725 1816 796 patris
1850 724 1935 778 vi-

352 824 469 866 cem
501 809 768 881 Josephus
807 812 1032 884 gerebat
1077 814 1167 869 ille
1211 814 1451 885 quidem,
1496 814 1641 885 quod
1690 815 1764 870 ita
1826 813 1939 871 Deo

350 901 671 971 placuerat:
700 914 861 974 pater
907 919 1039 961 vero
1090 920 1202 983 non
1241 913 1395 974 erat;
1428 914 1487 962 ut
1525 906 1619 978 qui
1654 922 1937 978 nunquam

349 1012 408 1052 se
432 1011 557 1051 cum
606 995 779 1051 Maria
833 998 1156 1067 copularat;
1210 997 1315 1054 nisi
1358 997 1504 1068 quod
1549 997 1697 1054 illius
1725 998 1806 1052 vir
1843 1013 1939 1070 ap-

348 1088 585 1159 pellatus
612 1099 717 1156 est,
757 1089 906 1160 quod
940 1104 1060 1145 eam
1088 1104 1255 1145 senex
1285 1088 1556 1157 duxisset,
1589 1105 1732 1145 anno
1757 1091 1935 1146 aetatis

349 1177 474 1247 plus
524 1178 708 1235 minus
755 1194 920 1244 Lxxx,
971 1194 1097 1234 cum
1149 1178 1263 1250 jam
1320 1179 1525 1236 liberos
1568 1194 1663 1235 sex
1701 1179 1933 1250 e‘priori

354 1270 587 1341 conjuge
616 1271 961 1337 sustulisset;
991 1270 1130 1326 hanc
1162 1285 1291 1326 vero
1331 1271 1689 1342 posteriorem
1732 1272 1921 1342 singu-

348 1367 453 1422 lari
489 1366 579 1423 Dei
614 1368 957 1438 providentia
989 1368 1117 1434 sibi,
1160 1375 1222 1422 ut
1248 1368 1357 1424 alio
1392 1368 1513 1423 loco
1544 1366 1724 1423 fusius
1747 1367 1937 1437 dispu-

2042 456 2128 511 ῶν
2178 459 2329 525 υἱὸς,
2369 460 2450 527 ὡς
2487 459 2806 531 ἐνομίζετο,
2848 462 2954 516 τοῦ
2997 462 3240 532 Ἰωσήφ.
3284 463 3360 517 Τὸ
3388 464 3448 517 δὲ
3488 472 3641 537 νομι-

2045 544 2232 609 ζεσθαι
2265 547 2365 602 οὐκ
2391 549 2607 622 ἀληθῶς
2637 552 2784 606 ἐστιν
2805 566 2819 581 ⁸
2857 551 2993 605 ἀλλὰ
3027 552 3085 606 ἐν
3111 551 3263 619 τάξει
3299 553 3403 624 μὲν
3434 555 3642 624 πατρὸς

1984 618 1987 625 λ
2042 636 2339 708 ἐτύγχανεν
2368 642 2396 695 6
2442 618 2660 713 'ltooijcp,
2690 641 2779 696 διὰ
2806 643 2867 697 τὸ
2893 642 3067 708 οὕτως
3099 618 3329 716 «post;
3355 618 3638 718 δεδόχθαι·

2043 730 2144 784 οὐκ
2169 726 2238 803 ἦν
2268 732 2326 786 δὲ
2368 734 2572 806 πατὴρ,
2605 737 2634 789 6
2688 736 2762 809 μὴ
2807 736 2945 808 πρὸς
2977 736 3075 809 τὴν
3106 737 3348 810 Μαριὰμ
3386 737 3643 810 ἐσχηκὼς

2043 822 2360 891 συνάφειαν,
2390 824 2424 896 ἢ
2469 825 2630 895 μόνον
2667 828 2752 880 ὃτι
2779 826 2919 899 ἀνὴρ
2947 826 3173 900 ἐκλήθη,
3207 827 3298 882 διὰ
3328 828 3394 881 τὸ
3424 844 3644 898 μεμνη-

2042 910 2262 967 στεῦθαι
2310 915 2620 988 πρεσϐύτης
2653 918 2788 989 ('50),
2823 918 2964 974 ἐτῶν
2994 920 3328 993 ὀγδοήκοντα
3350 920 3646 991 τυγχάνων

2039 1003 2269 1076 πλείωῆ
2303 1006 2538 1072 ἐλάσσω,
2574 1010 2669 1064 καὶ
2711 1009 2852 1081 έχων
2897 1012 3046 1076 υἱοὺς
3092 1011 3155 1077 ἐξ
3189 1012 3297 1066 ἀπὸ
3337 1012 3441 1083 τῆς
3472 1011 3645 1075 ὅντως

2036 1095 2203 1149 αὐτοῦ
2235 1098 2485 1170 γαμετῆς
2515 1099 2763 1174 πρώτης,
2797 1102 2897 1174 τὴν
2918 1102 2974 1156 δὲ
3003 1102 3072 1157 δι’
3098 1103 3414 1175 οἰκονομίαν
3446 1119 3647 1174 παρει-

2036 1185 2244 1257 ληφὼς,
2277 1189 2353 1254 ὡς
2397 1190 2493 1245 mi.
2518 1191 2656 1266 ἄλλῃ
2691 1210 2795 1247 που
2840 1193 3232 1266 ἀκριϐέστερον
3280 1196 3415 1268 περὶ
3445 1194 3645 1248 τούτου

2047 1277 2278 1349 διῆλθον.
2312 1281 2439 1346 Πῶς
2467 1278 2560 1337 οὖν
2589 1285 2618 1336 ὁ
2658 1284 2733 1356 μὴ
2755 1284 2893 1355 ἔχων
2927 1286 3225 1356 συνάφειαν
3252 1287 3440 1360 πατὴρ
3470 1284 3646 1340 αὐτοῦ

2040 1370 2283 1444 ὑπῆρχεν
2304 1390 2319 1440 ;
2351 1374 2490 1448 ὅπερ
2532 1376 2810 1433 ἀδύνατον.

348 1467 550 1523 tamus,
596 1459 901 1515 ascivisset.
952 1458 1057 1526 Qui
1099 1458 1272 1529 igitur
1316 1459 1525 1514 nullum
1562 1473 1685 1515 cum
1751 1465 1929 1514 matre
1976 1464 2436 1520 consuetudinem
2482 1466 2773 1534 habuerat,
2814 1471 2910 1540 qui
2979 1469 3075 1526 ﬁlii
3135 1480 3291 1542 pater
3349 1488 3481 1529 esse
3536 1486 3613 1542 ρο

348 1550 488 1605 tuit?
524 1549 668 1606 Fieri
700 1550 846 1606 istud
873 1548 1100 1611 omnino
1137 1565 1247 1605 non
1276 1559 1478 1621 potest.
2344 1557 2360 1571 ‘
2846 1626 2851 1630 ἥ

413 1646 619 1703 ΧΙ.Ἀι
647 1648 793 1703 enim
828 1647 981 1703 dices
1016 1665 1029 1702 :
1066 1645 1179 1703 Cur
1208 1662 1340 1717 ergo
1367 1648 1452 1701 vir
1490 1647 1640 1702 illius
1692 1646 1928 1718 appella-

2109 1648 2212 1700 IA'.
2268 1646 2428 1702 Ἀλλὰ
2475 1649 2623 1720 ἐρεῖς
2658 1666 2783 1720 μοι⁸
2835 1649 2960 1714 Πῶς
3002 1646 3096 1705 οὖν
3124 1650 3268 1726 ἀνὴρ
3300 1655 3486 1729 αὐτῆς
3512 1659 3641 1712 ἐκέ-

343 1747 433 1795 tus
457 1746 564 1801 est,
610 1738 717 1794 nisi
744 1753 865 1795 eam
912 1738 1228 1801 obtineret?
1265 1737 1372 1805 Qui
1406 1739 1489 1795 sic
1532 1738 1768 1805 dubitat,
1801 1738 1931 1809 quid

2036 1735 2221 1806 κλητο,
2289 1738 2338 1790 εἰ
2397 1736 2471 1809 μὴ
2520 1737 2647 1809 ἔσχε
2700 1739 2938 1810 ταύτην;
2994 1739 3055 1793 '0
3115 1740 3172 1794 δὲ
3230 1741 3409 1797 ταῦτα
3461 1746 3641 1817 ἀμφι-

345 1832 431 1886 lex
477 1839 639 1887 vetus
666 1829 832 1887 ferret
860 1830 1077 1901 ignorat
1106 1848 1120 1884 :
1150 1829 1313 1902 5.33
1348 1830 1608 1885 nimirum
1664 1832 1813 1886 enim
1864 1846 1931 1888 ex

2036 1825 2246 1881 ϐάλλων
2290 1828 2477 1897 ἀγνοεῖ
2525 1829 2597 1884 τὰ
2641 1830 2783 1883 κατὰ
2808 1829 2900 1883 τὸν
2946 1829 3133 1902 νόμον,
3184 1831 3267 1886 ὅτι
3318 1833 3479 1900 ἐξότε
3520 1837 3643 1892 ὀνο-

344 1938 456 1993 quo
499 1923 624 1977 viro
657 1921 864 1977 femina
895 1922 1169 1992 desponsa
1195 1921 1397 1987 fuerat;
1426 1922 1544 1978 sive
1578 1922 1734 1994 virgo
1762 1930 1930 1987 esset,

345 2015 463 2069 sive
496 2022 720 2088 paterna
748 2012 930 2070 adhuc
953 2015 1008 2068 in
1042 2013 1207 2069 domo
1250 2013 1490 2085 degeret,
1524 2015 1742 2071 nomine
1769 2022 1932 2072 tenus

318 2121 485 2162 .uxor
532 2105 842 2160 dicebatur.
891 2104 1074 2172 Quare
1107 2107 1336 2177 angelus
1361 2105 1443 2161 sic
1472 2104 1767 2177 Josephum
1797 2108 1931 2162 allo-

342 2199 572 2270 quitur:
609 2197 739 2252 Noli
774 2200 957 2253 timere
998 2198 1236 2267 accipere
1275 2198 1549 2269 conjugem
1584 2207 1731 2253 tuam
1756 2201 1798 2254 '.
1852 2202 1930 2254 Ac

342 2310 412 2351 ne
436 2294 561 2365 quis
592 2309 837 2350 errorem
883 2294 941 2349 in
991 2292 1302 2364 Evangeliis
1330 2293 1501 2349 ullum
1530 2309 1653 2350 esse
1679 2291 1928 2362 suspice.

342 2397 431 2442 tur
459 2405 471 2442 :
504 2394 591 2441 est
622 2385 768 2441 enim
808 2384 968 2455 plane
992 2384 1322 2455 stupendum
1350 2382 1455 2438 hoc
1486 2383 1830 2455 mysterium,
1862 2395 1929 2437 ac

341 2491 508 2547 supra
553 2476 855 2530 humanum
887 2481 1109 2545 captum
1147 2480 1263 2527 tota
1293 2473 1397 2527 ista
1421 2472 1689 2535 narratio,
1721 2480 1776 2527 et
1804 2485 1928 2541 quae

341 2569 478 2624 solis
528 2567 771 2638 Spiritus
817 2564 997 2622 sancti
1053 2564 1181 2620 ﬁliis
1235 2564 1385 2619 clara
1433 2564 1505 2619 sit
1551 2571 1605 2618 et
1653 2562 1923 2634 exposita.

338 2660 481 2715 Erat
519 2659 704 2730 igitur,
746 2656 946 2728 inquit,
1001 2657 1153 2728 quasi
1194 2671 1456 2710 annorum
1491 2670 1636 2722 xxx;
1674 2655 1844 2724 filius,
1866 2664 1924 2709 ut

338 2751 649 2821 putabatur,
686 2746 924 2817 Ioseph;
966 2748 1059 2820 qui
1091 2746 1192 2817 fuit
1226 2747 1333 2813 Eli,
1364 2746 1455 2819 qui
1484 2744 1587 2816 [uit
1608 2742 1857 2800 Matthan
1880 2745 1920 2800 ³.

340 2840 479 2896 Tum
538 2839 607 2894 ad
658 2837 1030 2893 Ahrahamum
1086 2851 1263 2908 usque
1310 2834 1683 2908 generationis
1726 2837 1922 2891 seriem

339 2932 571 3001 retexit;
602 2947 633 2987 a
662 2946 774 3004 quo
807 2930 1093 2988 Matthaaus
1130 2945 1365 2987 exorsus
1410 2938 1514 2985 est.
1563 2927 1669 2984 Sed
1695 2935 1750 2984 et
1783 2925 1922 2984 Noe-

340 3040 487 3079 mum
519 3032 764 3094 superat,
803 3028 858 3078 et
886 3021 955 3076 ad
984 3020 1254 3077 Adamum
1286 3021 1555 3092 pervenit,
1593 3027 1650 3075 ut
1675 3014 1800 3075 eum
1827 3020 1920 3091 qui

2036 1919 2267 1991 μάζεται
2297 1920 2433 1993 γυνὴ
2465 1921 2643 1993 ἀνδρὶ,
2679 1922 2781 1976 κάν
2823 1939 2884 1975 τε
2932 1922 3201 1994 παρθένος
3227 1920 3285 1997 ᾗ,
3331 1926 3441 1981 κᾶν
3468 1946 3534 1983 τε
3575 1931 3643 1983 ἐν

2031 2011 2167 2081 οἴκῳ
2202 2013 2409 2086 πατρὸς
2447 2012 2528 2067 ἔτι
2563 2014 2819 2085 ὑπάρχει,
2847 2014 2986 2087 γυνὴ
3019 2015 3113 2070 τοῦ
3161 2018 3431 2089 ὀνόματος
3463 2022 3637 2093 μόνου

2032 2102 2249 2173 λέγεται
2281 2107 2314 2176 ή
2344 2103 2591 2176 τοιαύτη.
2643 2104 2848 2159 Τούτου
2903 2106 3068 2161 ἕνεκα
3115 2109 3144 2161 6
3188 2108 3345 2179 ἅγιος
3392 2112 3638 2182 ἄγγελός

2034 2211 2167 2267 φησι
2193 2211 2206 2226 ⁸
2259 2193 2359 2265 Μὴ
2427 2194 2697 2266 φοϐηθῇς
2755 2198 3127 2267 παραλαϐεῖν
3188 2201 3303 2270 τὴν
3369 2205 3641 2275 γυναῖκά

2033 2302 2171 2343 σου.
2220 2289 2331 2342 Καὶ
2363 2289 2452 2343 ἵνα
2488 2289 2565 2360 μή
2610 2306 2697 2354 τις
2725 2290 2941 2365 νομίσῃ,
2978 2292 3061 2347 ὅτι
3100 2293 3278 2365 πλάνη
3303 2313 3391 2361 τις
3426 2298 3489 2353 ἐν
3515 2300 3638 2364 τοῖς

2029 2377 2384 2450 Εὐαγγελεοις
2404 2396 2418 2410 ·
2477 2379 2780 2452 ἔκπληκτον
2825 2382 2933 2454 γὰρ
2983 2384 3045 2437 τὸ
3095 2387 3413 2458 μυστήριον,
3466 2389 3566 2444 καὶ
3594 2392 3631 2461 ἡ

2027 2469 2283 2540 διήγησις
2321 2469 2464 2541 ὑπὲρ
2507 2467 2794 2541 ἄνθρωπον
2818 2487 2831 2500 ·
2869 2471 3053 2540 μόνοις
3097 2473 3155 2528 δέ
3194 2466 3310 2538 τοῖς
3339 2476 3485 2540 υἱοῖς
3510 2478 3629 2532 λ’εοῦ

2031 2557 2191 2628 ἁγίου
2236 2559 2557 2631 Πνεύματός
2607 2563 2725 2616 ἐστι
2781 2561 2902 2618 λεία
2948 2565 3099 2619 πᾶσά
3146 2582 3204 2620 τε
3249 2567 3344 2620 καὶ
3382 2585 3633 2639 πφωτι-

2040 2649 2362 2724 σμένηῘΗν
2380 2651 2494 2711 οὖν
2511 2655 2594 2722 ὡς
2618 2656 2770 2711 ἐτῶν
2795 2660 2869 2723 λ’,
2888 2658 2969 2726 ὡς
3009 2659 3327 2729 ἐνομίζετο,
3357 2662 3497 2729 υἱὸς
3520 2662 3631 2717 τοῦ

2041 2746 2277 2817 Ἰωσὴφ,
2300 2747 2408 2804 τοῦ
2452 2748 2607 2819 Ἠλὶ,
2640 2750 2747 2807 τοῦ
2772 2751 3036 2808 Ματθάν.
3071 2753 3182 2806 Καὶ
3209 2754 3478 2826 ἀναφέρει
3525 2754 3632 2826 τὴν

2028 2842 2285 2914 γέννησιν
2315 2845 2409 2899 ἐπὶ
2435 2845 2527 2900 τὸν
2541 2846 2822 2919 Ἀϐραάμ·
2852 2848 2975 2901 ὅθεν
2996 2849 3089 2901 καὶ
3110 2849 3138 2901 6
3154 2848 3438 2915 Ματθαῖος
3463 2853 3629 2924 ἐνήρ-

2029 2929 2177 2997 ξατο.
2221 2934 2573 3007 Ὑπερὸαίνει
2621 2937 2678 2992 δὲ
2707 2936 2801 2992 τὸν
2848 2937 2995 3003 Νῶε,
3031 2938 3127 2992 καὶ
3167 2939 3360 3009 φθάνει
3390 2942 3488 2997 ἐπὶ
3532 2942 3628 2998 τὸν

1950 2989 1996 3051 C
2039 2989 2230 3097 ζἈδὰμ,
2265 2989 2477 3081 ἴναιτὸν
2509 2989 2873 3101 ἀποπριθτης
2905 2989 3498 3106 πλὲιέόὲντξιξῆᾉάξνέι,

338 3118 553 3189 primus
580 3117 824 3172 omnium
871 3114 1143 3172 formatus
1175 3123 1294 3170 erat
1338 3116 1407 3170 ab
1441 3129 1508 3171 eo
1544 3114 1636 3185 qui
1676 3129 1740 3169 ex
1776 3112 1922 3170 illius

2036 3114 2286 3187 τούμενον
2314 3117 2405 3171 διὰ
2429 3118 2523 3172 τοῦ
2568 3119 2678 3173 άπὸ
2725 3118 2818 3174 τοῦ
2866 3121 3190 3192 φυράματος
3224 3123 3394 3177 αὐτοῦ
3445 3122 3626 3180 ἐλθόν-

336 3224 543 3275 massa,
577 3208 638 3265 Β.
673 3207 934 3263 nimirum
971 3205 1211 3278 Virgine,
1246 3215 1579 3279 propagatus
1612 3205 1811 3272 fuerat,
1853 3206 1921 3262 ad

2036 3225 2137 3273 τος,
2191 3209 2471 3264 τουτέστιν
2512 3210 2622 3265 ἀπὸ
2676 3212 2779 3283 τῆς
2838 3212 3000 3281 ἁγίας
3048 3213 3331 3286 Παρθένου
3373 3217 3625 3289 Μαρίας.

338 3301 574 3355 salutem
620 3306 959 3354 monstraret
997 3313 1120 3354 esse
1158 3297 1473 3368 qumsitum.
1508 3297 1643 3353 Nam
1675 3306 1728 3353 et
1757 3297 1921 3368 hujus

2036 3297 2198 3355 Ἦλθε
2228 3302 2339 3373 γὰρ
2368 3302 2435 3357 δι’
2478 3303 2683 3356 ἐκεῖνον
2713 3304 2803 3357 τὸν
2835 3305 2965 3357 ποτὲ
2989 3304 3318 3371 πλασθέντα,
3355 3309 3455 3361 καὶ
3500 3309 3627 3372 τοὺς

336 3392 536 3464 ipsius,
598 3391 692 3461 qui
758 3390 919 3446 ﬁctus
977 3397 1063 3445 est
1107 3388 1417 3460 quondam,
1470 3396 1524 3444 et
1574 3396 1922 3459 posterorum

2036 3394 2120 3448 in’
2174 3394 2339 3451 αὐτοῦ
2392 3395 2853 3466 γεγεννημένους,
2911 3395 3162 3460 θέλοντας
3202 3397 3348 3469 ζωὴν
3402 3397 3625 3454 αἰώνιον

338 3484 516 3554 ipsius
547 3498 714 3539 causa
747 3481 1070 3550 descendit;
1101 3497 1291 3538 eorum
1323 3481 1609 3547 duntaxat,
1644 3480 1738 3553 qui
1772 3498 1920 3539 sem-

2036 3485 2452 3557 κληρονομῆσαι.
2501 3486 2774 3558 Ὑπερσὰς
2825 3488 2881 3541 δὲ
2923 3489 3016 3543 τὸν
3060 3488 3253 3561 Ἀδὰμ,
3296 3489 3471 3561 λέγει,
3517 3490 3625 3547 τοῦ

342 3576 573 3646 piternae
608 3573 731 3629 vitae
761 3572 1137 3629 haereditatem
1167 3573 1385 3644 assequi
1413 3572 1656 3630 student.
1696 3571 1922 3630 Demum
2028 3579 2193 3634 Θεοῦ.

338 3680 467 3719 vero
525 3663 795 3718 Adamum
849 3678 1070 3733 quoque
1115 3671 1537 3734 praetergressus
1566 3663 1669 3730 ait,
1695 3663 1787 3734 qui
1819 3663 1921 3734 fuit

342 3757 434 3812 Dei
462 3758 500 3809 ⁵.

406 3847 535 3905 Inde
564 3863 728 3921 porro
761 3847 1052 3904 manifesto
1083 3857 1299 3903 constat
1331 3845 1424 3904 Dei
1460 3846 1610 3902 illum
1643 3847 1923 3905 exstitisse

2110 3838 2391 3893 Ἐντεῦθεν
2419 3839 2605 3893 λοιπὸν
2642 3839 2754 3911 (3|)
2790 3834 2859 3911 ἦν
2899 3838 3227 3911 φανέρωσις,
3262 3841 3344 3894 ὅτι
3384 3839 3484 3894 τοῦ
3522 3841 3626 3911 μὲν

334 3939 553 4006 Filium,
572 3940 665 4011 qui
690 3955 753 3996 ex
777 3938 968 3995 Adami
998 3939 1206 3995 semine
1225 3938 1543 3993 continuata
1573 3939 1922 3994 successione

2036 3931 2161 3986 θεοῦ
2184 3928 2253 4004 ἦν
2284 3932 2432 3996 Υἱὸς,
2460 3932 2549 3987 διὰ
2578 3933 2635 3987 δὲ
2664 3932 2758 3986 τοῦ
2792 3932 3103 4005 σπέρματος
3132 3931 3228 3986 τοῦ
3270 3932 3444 4004 Ἀδὰμ
3477 3933 3627 3988 κατὰ

332 4048 502 4088 carne
531 4032 794 4104 praeditus
826 4031 1066 4088 advenit.
1102 4029 1305 4086 Verum
1342 4047 1410 4085 ne
1437 4031 1518 4086 sic
1548 4032 1765 4101 quidem
1790 4031 1920 4085 caeci

2036 4024 2277 4097 διαδοχὴν
2308 4027 2367 4079 ἐν
2403 4026 2565 4096 σαρκὶ
2598 4024 2947 4096 παρεγένετο.
2993 4023 3155 4078 Ἀλλὰ
3192 4024 3294 4078 οὐκ
3328 4024 3490 4095 ἔσχον
3514 4026 3627 4079 σιτά-

332 4124 583 4180 hmnines
630 4132 837 4179 tantam
889 4122 1066 4177 lucem
1120 4121 1402 4191 percipere
1445 4127 1775 4189 potuerunt;
1825 4120 1921 4176 sed

2036 4117 2108 4169 λιν
2131 4115 2410 4186 φωτισμὸν
2425 4117 2473 4168 οἱ
2490 4115 2738 4188 πεπλανη
2748 4115 2916 4187 μένοι.
2943 4115 3257 4184 Ἀντέλεγον
3276 4114 3334 4168 δὲ
3354 4114 3433 4186 τῷ
3451 4114 3621 4186 λόγῳ,

332 4215 479 4272 ultro
507 4231 537 4270 a
570 4217 801 4272 veritate
831 4216 1169 4273 aberrantes.
1205 4221 1258 4266 et
1296 4226 1536 4267 errorem
1562 4213 1918 4277 asciscentes,

2036 4208 2255 4271 ἑαυτοὺς
2277 4206 2589 4271 πλανῶντες
2612 4206 2755 4279 ὑπὲρ
2782 4207 2882 4279 τὴν
2911 4206 3193 4278 ἀλήθειαν.
3230 4207 3515 4276 Ἐφασκον
3540 4207 3621 4272 δέ,

330 4307 618 4362 catholica:
654 4307 918 4361 doctrinm
964 4302 1437 4358 contradicebant.
1485 4300 1577 4357 Sic
1610 4307 1755 4358 enim
1790 4304 1925 4373 obji-

2036 4296 2110 4350 5tt
2151 4295 2281 4351 Ἰδοὺ
2316 4297 2499 4370 τρίτον
2541 4296 2873 4367 Εὑαγγέλιον
2903 4298 2965 4351 τὸ
3003 4296 3147 4351 κατὰ
3175 4298 3413 4351 Λουκᾶν.
3447 4299 3623 4352 Τοῦτο

331 4394 549 4450 ciebant
598 4413 612 4448 :
662 4394 803 4448 Ecce
855 4392 1072 4447 tertium
1114 4392 1229 4461 jam
1282 4389 1635 4460 Evangelium
1694 4406 1724 4445 a
1772 4391 1920 4448 Luca

2036 4390 2140 4462 γὰρ
2165 4390 2452 4464 ἐπετράπη
2477 4388 2556 4461 τῷ
2581 4390 2784 4462 Λουκᾷ,
2812 4389 2923 4444 ὄντι
2950 4390 3043 4445 καὶ
3072 4390 3223 4462 αὐτῷ
3240 4390 3352 4463 (52)
3374 4393 3486 4447 ἀπὸ
3511 4393 3622 4447 τῶν

332 4485 725 4556 conscriptum.
772 4481 845 4538 Ea
880 4481 1079 4553 quippe
1118 4480 1398 4550 provincia
1432 4479 1592 4535 Lucae
1629 4481 1921 4538 commissa

2041 4479 2444 4552 Ἐὁδομήκοντα
2476 4479 2569 4534 δύο
2600 4478 2706 4534 τῶν
2737 4479 3271 4552 διασκορπισθέντων
3297 4483 3391 4534 ἐπὶ
3414 4482 3496 4553 τῷ
3522 4484 3620 4537 τοῦ

332 4580 427 4633 uni
484 4594 549 4635 ex
600 4594 745 4633 Lxxn
785 4576 1097 4647 discipulis,
1155 4588 1294 4644 quos
1338 4570 1541 4629 Christi
1591 4574 1682 4629 ille
1741 4590 1921 4630 sermo

2036 4576 2279 4647 Σωτῆρος
2319 4576 2493 4648 λόγῳ,
2527 4576 2613 4630 διὰ
2646 4577 2704 4630 δὲ
2738 4575 2951 4631 Παύλου
2980 4575 3075 4630 τοῦ
3108 4574 3267 4644 ἁγίου
3309 4576 3475 4653 πάλιν
3515 4579 3619 4634 ἐπι

333 4671 649 4735 dissiparat,
681 4684 844 4741 quem
892 4668 1091 4724 deinde
1127 4666 1332 4722 Paulus
1374 4667 1656 4736 apostolus
1701 4681 1920 4722 revoca-

2036 4666 2446 4738 ιινακάμψαντος
2480 4667 2616 4740 πρὸς
2641 4669 2733 4721 τδν
2762 4667 2986 4739 Κύριον,
3020 4665 3419 4738 ἐπιτραπέντος
3439 4668 3500 4721 δὲ
3520 4670 3623 4723 αὐ-

906 4832 925 4859 ¹
963 4827 1151 4882 Malth.
1191 4842 1230 4889 ι,
1263 4825 1351 4882 20.
1427 4828 1447 4857 ³
1480 4825 1613 4880 Luc.
1649 4843 1731 4889 ιιι,
1760 4825 1831 4880 2‘5
1865 4841 1987 4889 sqq.
2065 4827 2085 4857 ⁸
2110 4826 2239 4882 ibid.
2273 4827 2360 4882 58.

404 4835 418 4863 ¹
451 4829 587 4884 Luc.
627 4845 705 4889 ιιι.
738 4830 827 4884 25.
906 4832 925 4859 ¹
963 4827 1151 4882 Matth.
1191 4842 1230 4889 ι,
1263 4825 1351 4882 20.
1427 4828 1447 4857 ³
1480 4825 1613 4880 Luc.
1649 4843 1731 4890 ιιι,
1760 4825 1831 4880 2‘5
1865 4841 1987 4898 sqq.

396 4986 622 5057 (ΖΜΔιά
639 4985 705 5039 τὸ
721 4983 1181 5057 μεμνηστεῦθαι-
1193 4985 1555 5057 πρεσϐύτης.
1577 4979 1734 5057 Quod
1762 4980 1911 5038 Jose-

2036 4981 2324 5057 scripserit.
2381 4982 2498 5057 Sed
2526 4994 2741 5057 contra
2782 4984 3028 5041 sentiunt
3056 4983 3328 5057 plerique.
3364 4995 3419 5057 et
3458 4984 3513 5057 id
3548 5001 3617 5041 ex

328 5051 471 5128 phus
494 5051 773 5128 decrepita
797 5051 916 5123 jam
932 5064 1136 5128 __a3tate
1163 5051 1390 5128 Mariam
1410 5053 1629 5128 duxerit
1653 5060 1807 5128 vetus
1826 5062 1911 5108 est
2017 5051 2153 5121 ipsis
2183 5052 2352 5128 [ιιιοειξΔ
2389 5054 2579 5128 verbis
2593 5056 2878 5128 colligunt,
2916 5069 3040 5128 cum
3057 5051 3196 5128 'ait_:
3214 5051 3618 5128 Ἔδοξελιὰμοὶ

327 5122 534 5198 opinio.
554 5122 710 5198 Quod
724 5122 1224 5198 autenLliberosex
1250 5123 1433 5198 priore
1460 5122 1645 5191 aliqua
1675 5123 1909 5193 conjuge

2036 5123 2525 5198 παρηκολουθηκότι
2549 5122 2755 5198 ἄνωθεν
2787 5127 2951 5198 πᾶσιν
2982 5124 3229 5198 ἁκριϐῷς
3264 5124 3505 5198 καθεξῆς
3525 5122 3616 5198 ξσοι

328 5192 651 5267 susceperit,
682 5195 785 5267 etsi
817 5193 870 5248 id
896 5193 1233 5267 Epiphanius
1248 5192 1450 5262 aliique
1471 5198 1682 5267 veteres
1703 5192 1909 5267 memor
2015 5192 2247 5267 γράψαι.
2277 5192 2620 5267 δειιιειιιιιιιιι
2640 5196 2816 5256 abest,
2835 5206 2893 5250 ut
2917 5197 3031 5249 haec
3052 5192 3386 5267 discipulum
3406 5192 3615 5251 Christi

327 5270 422 5323 riae
453 5260 825 5338 prodiderint,
892 5260 1413 5338 reclamant‘tamén
1466 5260 1667 5316 merito
1723 5262 1907 5317 caeteri
2015 5260 2208 5338 fuisse,
2260 5279 2324 5318 ac
2382 5280 2490 5320 nou
2533 5265 2812 5336 pleraque.
2843 5281 2969 5321 cum
3018 5265 3088 5318 ab
3117 5260 3213 5338 Δου’
3258 5273 3609 5338 gererentur,

324 5332 538 5393 omnés.
564 5335 647 5406 De
675 5348 789 5406 qua
820 5348 881 5387 rc
903 5332 1171 5406 Baconius
1200 5332 1265 5406 _i_n
1296 5333 1492 5406 Appar.
1690 5400 1704 5406 Δ
1885 5401 1913 5406 _
2013 5334 2190 5406 oculis
2219 5349 2518 5406 usurpasse
2534 5332 2767 5406 fnegent,
2798 5344 2860 5391 ut
2889 5335 3229 5406 contrarium
3266 5332 3457 5404 potius
3487 5336 3614 5389 hinc

399 5407 509 5479 (ξι)
559 5400 868 5479 Ἐντεῦθεν
916 5402 1144 5479 τοίνυν.
1200 5400 1567 5479 Hzec_;i_gittl_r_
1591 5400 1758 5479 verba
1821 5401 1913 5479 τοᾷ

2036 5403 2141 5458 :lici
2181 5400 2373 5479 possit.
2432 5400 2669 5479 Verbum
2701 5400 3315 5479 enim_mpauo).ou0&iv
3351 5421 3613 5479 nonnun-

327 5470 463 5547 Θεοῦ
490 5470 500 5478 ’
528 5475 596 5529 ad
654 5472 843 5530 Jesum
885 5471 1162 5543 pertinere
1209 5470 1440 5526 credidit
1472 5470 1667 5541 Epiph.
1704 5485 1812 5526 non
1844 5472 1911 5525 ad
2016 5470 2196 5543 quam‘
2215 5474 2293 5547 ad!
2316 5490 2435 5529 eam
2487 5477 2738 5547 notitiam
2793 5470 3049 5539 refertur,
3081 5490 3204 5545 quae
3236 5477 3417 5531 oculis
3452 5476 3611 5547 ipsis.

329 5546 621 5619 Adagium;
832 5611 856 5619 Α
942 5612 965 5619 _
1190 5609 1201 5619 .
1287 5610 1300 5619 _
1362 5609 1385 5619 _
1457 5610 1491 5619 ⁸
1652 5610 1674 5619 _
2018 5558 2083 5596 ac
2113 5545 2333 5619 propria
2387 5546 2755 5619 intelligentia
2808 5556 3338 5619 comparatur,_non
3375 5545 3613 5619 aliorum

400 5613 511 5686 ('62)
546 5611 632 5686 Τῷ
653 5611 880 5679 Λουκᾷ,
933 5612 1060 5686 ὄντι
1108 5609 1206 5686 καὶ
1234 5609 1412 5686 αὐτῷ.
1452 5610 1607 5686 ριιρο
1652 5610 1829 5686 Lucas
1855 5627 1910 5686 _e

2036 5609 2380 5671 sermonibus.
2451 5609 2668 5686 Ubii-lim
2729 5609 2997 5682 Demost.,
3045 5618 3103 5669 ἐν
3136 5615 3215 5686 τῷ
3250 5618 3391 5684 Περὶ
3421 5620 3615 5685 Παρει-

329 5679 726 5756 aliscipulorum
748 5696 974 5756 numch
1007 5680 1412 5756 fuerit._asscr?*
1450 5690 1493 5727 ιιι
1530 5679 1908 5756 Dorotheusin

2036 5686 2358 5750 πρεσϐείας,
2388 5686 2456 5743 de
2481 5684 2765 5744 Escltine.
2808 5679 2991 5756 cujus'
3014 5687 3079 5756 in,
3102 5679 3377 5755 legatione
3424 5679 3610 5741 comes

326 5751 579 5825 Synopsi,
609 5753 856 5820 quamvis
878 5752 930 5807 id
956 5752 1137 5820 ipsum
1164 5750 1229 5803 ab
1568 5750 1609 5789 η
1632 5750 1905 5807 ιιιιοιιιιιιιε

2036 5756 2222 5820 uerat,
2275 5758 2354 5812 sic
2409 5756 2651 5827 loquitur
2684 5774 2697 5811 :
2735 5758 2845 5819 Καὶ
2878 5750 2930 5811 ⁷ο
2988 5750 3183 5811 τούτοῦ
3219 5757 3603 5828 πονηρεύματα
