3918 6140
325 278 429 338 909

1005 271 1375 332 ADVERSUS
1413 272 1758 332 HERESES
1795 267 1915 330 LIB.

2023 308 2030 326 .
2075 266 2237 326 ΤΟΜ.
2277 269 2298 325 1
2337 299 2409 313 -
2446 267 2721 325 ΗΕΒΕΞ.
2763 268 2849 325 LI.

3491 266 3598 324 910

328 394 417 450 τοῦ
438 391 673 467 κηρύξαι
695 391 755 447 τὸ
774 387 1122 459 Εύαγγὲλιον·
1149 388 1244 443 καὶ
1266 388 1527 461 κηρύττει
1556 389 1772 462 πρῶτον
1790 386 1900 459 (3'5)

2023 386 2102 438 rit.
2162 381 2304 439 Huic
2348 383 2515 454 igitur
2558 382 2890 452 praedicandi
2946 381 3223 452 Evangelii
3267 398 3467 440 munus
3511 387 3598 440 εει

324 490 382 540 ὲν
404 485 704 557 Δαλματίᾳ,
736 485 830 539 καὶ
855 481 1077 553 Γαλλίᾳ,
1109 481 1204 534 καὶ
1233 481 1293 534 ὲν
1331 482 1552 554 Ἰταλίᾳ,
1589 483 1684 535 καὶ
1716 482 1904 536 Μακε-

322 579 490 650 δονίᾳ.
533 577 701 650 Ἀρχὴ
732 577 787 630 δὲ
812 579 869 630 ὲν
899 576 963 644 τῇ
995 571 1215 643 Γαλλία-
1251 573 1329 636 ὼς
1356 572 1451 625 καὶ
1470 571 1597 642 περί
1618 587 1778 625 τινων
1795 568 1905 622 τῶν

322 670 488 725 αὐτοῦ
519 669 828 737 ἀκολούθων
867 669 1013 738 λέγει
1043 669 1101 721 ὲν
1137 668 1257 728 ταῖς
1292 663 1459 718 αὑτοῦ
1507 662 1844 725 Ἐπιστολαῖς
1877 663 1906 715 ὁ

323 761 486 823 αὐτὸς
516 761 748 825 Παῦλος
781 761 1070 829 Κρίσκης,
1101 757 1289 828 φησὶν,
1319 757 1389 810 ἐν
1419 754 1493 824 τῇ
1518 754 1752 821 Γαλλίᾳ
1769 752 1900 822 (54).

324 853 398 917 Ού
434 851 544 925 γὰρ
578 853 634 905 ἐν
662 850 728 921 τῇ
762 850 1020 921 Γαλατίᾳ,
1056 848 1132 912 ὥς
1170 864 1317 911 τινες
1356 830 1721 917 πλανηθέντες
1753 844 1905 916 νομί-

326 944 531 1009 ζουσιν,
553 943 689 998 ἀλλὰ
722 945 780 997 ἐν
805 940 874 1014 τῇ
911 941 1128 1013 Γαλλίᾳ.

399 1036 500 1089 ΙΒ’.
532 1034 678 1105 Πλὴν
713 1029 807 1086 ἐπὶ
832 1033 893 1086 τὸ
927 1030 1287 1103 προκείμενον
1315 1028 1625 1098 ἐλεύσομαι.
1665 1024 1908 1094 Ἂνενέγ-

330 1146 526 1193 καντος
548 1127 656 1199 γὰρ
679 1124 773 1179 τοῦ
799 1124 987 1179 Λουκᾶ
1003 1123 1102 1185 τὰς
1118 1120 1471 1191 γενεαλογίας
1495 1119 1605 1172 ἀπὸ
1627 1118 1735 1172 τῶν
1760 1117 1908 1171 κάτω

331 1220 424 1273 ἐπὶ
452 1218 521 1272 τὰ
550 1217 681 1280 ἄνω,
714 1214 808 1269 καὶ
842 1210 1146 1284 φθάσαντος
1183 1212 1282 1276 τὴν
1314 1210 1551 1282 ἔμφασιν
1582 1207 1907 1280 ποιήσασθαι

324 1312 424 1382 τῆς
458 1309 663 1364 ἄνωθεν
689 1307 782 1362 τοῦ
807 1306 942 1360 Θεοῦ
971 1305 1144 1374 Λόγου
1170 1302 1492 1375 παρουσίας,
1523 1299 1660 1371 ὁμοῦ
1690 1317 1748 1353 τε
1779 1317 1906 1352 συν-

325 1397 590 1467 αφθέντος
620 1398 688 1467 τῇ
727 1395 977 1466 ὲνσάρκῳ
1014 1390 1178 1446 αὑτοῦ
1209 1388 1510 1462 οἰκονομίᾳ,
1551 1390 1641 1442 ἵνα
1676 1386 1913 1473 ιὶποκιεριέτ⁸

322 1491 491 1560 ψηται
535 1488 644 1542 ἀπὸ
674 1486 783 1540 τῶν
817 1483 1247 1555 πεπλανημένων
1286 1478 1384 1555 τὴν
1422 1481 1652 1551 πλάνην,
1685 1476 1786 1534 ούκ
1825 1481 1910 1532 ὲν-

323 1579 575 1650 ενὸησαν.
603 1576 694 1630 Διδ
723 1575 947 1647 ὕστερον
976 1572 1277 1643 ἀναγκάζει
1306 1572 1368 1628 τὸ
1395 1573 1548 1643 ἅγιον
1571 1571 1796 1642 Πνεῦμα
1816 1569 1909 1625 τὸν

336 1670 590 1739 Ἰωάννην
635 1666 1072 1739 παραιτούμενον
1122 1663 1580 1733 εὐαγγελίσασθαι
1626 1663 1691 1716 δι’
1746 1660 1906 1715 εὐλά-

324 1761 476 1814 ϐειαν
515 1760 609 1814 καὶ
652 1756 1153 1829 ταπεινοφροσύνην
1195 1756 1289 1809 ἐπὶ
1328 1757 1395 1825 τῇ
1450 1753 1695 1825 γηραλέα
1742 1751 1910 1806 αὐτοῦ

325 1851 531 1923 ἡλικίᾳ,
567 1849 708 1922 μετὰ
729 1849 825 1920 ἐτη
858 1850 1183 1919 ἐνενήκοντα
1211 1847 1309 1918 τῆς
1335 1843 1530 1899 ἑαυτοῦ
1565 1844 1732 1914 ζωῆς,
1772 1844 1909 1914 μετὰ

323 1945 423 2015 τὴν
454 1936 630 1997 αὑτοῦ
673 1941 781 1995 ἀπὸ
812 1943 912 2013 τῆς
948 1942 1172 2011 Πάτμου
1201 1938 1315 2010 (55)
1361 1935 1638 2000 ἐπάνοδον,
1686 1935 1785 2006 τὴν
1818 1934 1912 1987 ἐπὶ

326 2035 596 2089 Κλαυδίου
629 2032 927 2104 γενομένην
962 2031 1257 2103 Καίσαρος.
1293 2030 1402 2084 Καὶ
1445 2027 1582 2099 μετὰ
1616 2026 1776 2081 ἱκανά
1816 2025 1911 2097 ἔτη

323 2124 416 2178 τοῦ
447 2123 726 2195 διατρίψαι
760 2122 923 2176 αὐτὸν
951 2121 1059 2175 ἀπὸ
1085 2120 1182 2190 τῆς
1223 2118 1405 2183 Ἀσίας
1428 2116 1795 2185 ἀναγκάζεται
1816 2116 1909 2191 ὲκ-

326 2215 516 2269 θέσθαι
555 2214 617 2268 τὸ
648 2213 1001 2282 Εὑαγγέλιον.
1040 2211 1151 2264 Καὶ
1181 2210 1281 2263 οὐκ
1308 2205 1377 2281 ἦν
1409 2207 1560 2279 αὐτῷ
1594 2207 1753 2280 χρεία
1783 2207 1912 2279 περὶ

327 2308 426 2379 τῆς
477 2306 746 2378 ὲνσάρκου
792 2303 1173 2376 πραγματείας
1224 2300 1586 2370 λεπτολογεῖν·
1645 2300 1744 2372 ἥδη
1802 2301 1912 2371 γὰρ

328 2399 650 2469 ⁴ἣσφάλιστο.
694 2397 855 2452 Ἀλλὰ
880 2397 956 2460 ὡς
981 2395 1209 2449 κατόπιν
1228 2393 1392 2449 τινῶν
1415 2392 1635 2464 βαίνων,
1659 2393 1751 2446 καὶ
1770 2392 1912 2464 ὁρῶν

329 2478 533 2554 αύτοὺξ
564 2491 657 2544 ἐπὶ
693 2489 762 2544 τὰ
806 2488 1114 2561 ἔμπροσθεν
1149 2487 1327 2552 ὄντας,
1372 2486 1465 2540 καὶ
1493 2470 1588 2539 ἐπὶ
1616 2485 1683 2539 τὰ
1709 2483 1913 2558 τραχύ-

328 2601 464 2656 τερα
497 2583 723 2647 ἑαυτοὺς
747 2580 1113 2644 ἐκδεδωκότας
1172 2581 1268 2634 καὶ
1296 2579 1506 2644 πλάνας
1538 2579 1631 2633 καὶ
1668 2576 1914 2633 ἀκανθώ-

326 2674 414 2744 δη,
449 2672 889 2727 ἀνακαλέσασθαι
919 2671 1117 2736 αὐτοὺς
1141 2672 1221 2735 είς
1249 2668 1462 2723 εὐθεῖαν
1486 2669 1604 2724 όδὸν
1626 2668 1915 2740 προνοοῦν-

325 2782 439 2832 τος,
488 2765 581 2819 καὶ
629 2763 1062 2835 ἁσφαλιζομένου
1120 2762 1657 2834 ἐπικηρυκεύσασθαι
1708 2762 1910 2827 αὐτοῖς·

327 2857 422 2910 καὶ
454 2850 596 2910 εἶπε
630 2856 697 2908 Τί
727 2854 999 2909 πλανᾶσθε
1019 2871 1033 2919 ;
1057 2853 1464 2926 ποῖτρέπεσθες
1494 2856 1587 2907 ποῖ
1615 2852 1912 2917 πλανᾶσθε,

330 2946 592 3020 Κήρινθε,
622 2948 717 3002 καὶ
756 2947 969 3015 Ἑϐίων,
995 2949 1088 3001 καὶ
1115 2948 1164 3001 oi
1199 2947 1378 3013 ἄλλοι;
1408 2947 1522 3001 Ούκ
1550 2945 1696 2999 ἔστιν
1720 2944 1913 3008 οὕτως,

329 3040 407 3104 ὡς
442 3040 711 3111 νομίζετε.
753 3040 862 3093 Ναὶ
901 3039 1165 3111 ἐγεννήθη
1196 3041 1224 3092 ὁ
1259 3040 1493 3113 Χριστὸς
1533 3038 1687 3093 κατὰ
1712 3038 1914 3111 σάρκα,

328 3133 507 3206 δῆλον.
551 3132 682 3187 Ἰδοὺ
711 3114 822 3203 {ap
848 3130 1011 3195 αὐτὸς
1039 3130 1308 3202 ὁμολογῶ,
1339 3132 1422 3185 ὅτι
1464 3131 1519 3182 '0
1541 3130 1733 3200 Λόγος
1761 3128 1918 3200 σὰρξ

328 3225 585 3296 ἐγένετο.
631 3223 791 3278 Ἀλλὰ
818 3224 912 3296 μὴ,
939 3223 1087 3289 ἐξότε
1111 3223 1330 3293 ἐγένετο
1358 3224 1516 3296 σὰρξ,
1545 3225 1803 3296 νομίσητε
1829 3224 1920 3278 τὸν

330 3316 492 3371 αὑτὸν
520 3312 681 3371 εἶναι.
709 3318 824 3371 Οὐκ
845 3315 960 3370 ἔστι
987 3315 1098 3387 γὰρ
1127 3316 1236 3370 ἀπὸ
1257 3315 1465 3387 χρόνων
1489 3315 1710 3389 Μαρίας
1735 3316 1919 3387 μόνον,

332 3409 409 3473 ὡς
433 3409 663 3473 ἕκαστος
693 3408 853 3480 ἡμῶν
880 3409 975 3478 ἀφ’
995 3407 1119 3461 ὅτου
1146 3407 1400 3477 γεννᾶται
1426 3407 1682 3481 ὑπάρχει·
1710 3408 1839 3480 πρὶν
1863 3407 1920 3461 δὲ

328 3500 426 3556 τοῦ
451 3500 797 3573 γεννηθῆναι,
826 3500 928 3553 οὐκ
955 3495 1119 3553 εἶναι.

2007 476 2308 543 creditura;
2345 476 2508 546 idque
2532 476 2649 546 ipse
2693 476 2928 545 primum
2981 476 3034 530 in
3069 475 3358 542 Dalmatia,
3399 475 3597 539 Gallia,

2006 566 2159 623 italia
2201 579 2254 623 et
2304 565 2620 625 Macedonia
2671 566 2964 636 praestitit;
3014 566 3110 622 sed
3166 567 3219 623 in
3263 567 3442 623 Gallia
3488 583 3599 637 prae

2006 660 2259 726 caeteris;
2297 667 2354 714 ut
2386 659 2454 714 de
2495 660 2774 713 nonnullis
2819 659 3115 715 comitibus
3154 659 3270 716 suis
3312 658 3517 714 Paulus
3545 662 3599 714 in
3692 654 3701 671 '

2007 751 2270 822 Epistolis
2325 758 2603 806 testatur:
2647 749 2937 813 Crescens,
2990 752 3199 820 inquit,
3243 754 3299 806 in
3349 751 3527 807 Gallia
3556 754 3597 806 ¹.

2005 844 2125 899 Non
2159 844 2302 899 enim
2339 843 2394 897 in
2427 840 2638 898 Galatia
2670 843 2955 913 legendum
2996 852 3115 907 est,
3165 852 3224 898 ut
3271 835 3600 916 quibusdam

2008 935 2288 991 immerito
2325 935 2550 1005 placuit,
2587 933 2680 990 sed
2714 933 2772 987 in
2807 930 3003 987 Gallia.

2080 1028 2194 1085 XII.
2229 1028 2338 1083 Sed
2381 1035 2442 1083 ut
2488 1028 2556 1082 ad
2597 1026 2909 1083 institutum
2947 1026 3165 1083 redeam
3198 1045 3211 1080 :
3249 1043 3374 1082 cum
3424 1027 3603 1083 Lucas

2009 1120 2079 1173 ab
2126 1117 2485 1174 inferioribus
2534 1118 2599 1173 ad
2656 1120 2946 1188 superiora
2991 1119 3372 1190 generationes
3412 1119 3612 1189 perdus

2008 1211 2202 1273 sisset,
2252 1224 2317 1264 ac
2361 1210 2605 1265 divinum
2640 1208 2880 1265 Verbum
2913 1224 2943 1265 e
2977 1210 3117 1264 coelo
3155 1209 3439 1280 delapsum
3481 1225 3605 1265 esse

2011 1301 2412 1373 signiﬁcasset;
2463 1302 2740 1372 simulque
2785 1312 3054 1372 susceptae
3089 1301 3275 1357 carnis
3314 1301 3385 1357 ab
3412 1301 3604 1357 eodem

2009 1393 2329 1464 mysterium
2373 1394 2671 1464 attigisset,
2706 1402 2764 1448 ut
2802 1407 2978 1448 caecos
3021 1392 3271 1449 homines
3309 1392 3379 1448 ab
3421 1400 3608 1447 errore

2009 1492 2310 1550 revocaret,
2346 1484 2451 1540 hoc
2492 1484 2570 1539 illi
2617 1490 2801 1539 tamen
2841 1482 3059 1553 assequi
3109 1483 3492 1552 nequiverunt.
3523 1480 3607 1539 Ob

2018 1575 2071 1629 id
2106 1575 2305 1631 deinde
2340 1574 2580 1647 Spiritus
2609 1581 2835 1631 sanctus
2860 1573 3151 1638 Joannem,
3181 1575 3602 1641 invitum-licet,

2011 1681 2075 1721 ac
2115 1666 2376 1737 religione
2405 1666 2643 1737 quadam
2699 1674 2754 1719 et
2808 1664 2979 1720 animi
3031 1664 3405 1721 moderatione
3457 1665 3606 1721 defu-

1946 1740 1985 1797 Β
2015 1758 2273 1828 gientem,
2305 1758 2372 1812 ad
2404 1757 2760 1814 scribendum
2790 1755 3146 1826 Evangelium
3178 1758 3412 1828 impulit,
3442 1757 3610 1831 434

2015 1849 2207 1905 alii-cta
2248 1850 2360 1921 jam
2407 1856 2589 1916 aetate,
2643 1857 2831 1918 utpote
2882 1849 2975 1919 qui
3027 1849 3139 1918 jam
3192 1851 3606 1921 nonagesimum

2013 1953 2217 1993 annum
2268 1937 2589 2002 excederet,
2643 1945 2933 2007 postquam
2972 1951 3002 1990 a
3058 1930 3249 1991 Patmo
3297 1938 3477 1992 insula
3530 1952 3609 1993 re-

2017 2045 2205 2085 versus
2234 2037 2338 2095 est,
2388 2030 2534 2101 quod
2561 2029 2782 2100 quidem
2820 2027 3048 2082 Claudio
3098 2028 3402 2098 imperante
3439 2029 3613 2084 conti-

2012 2122 2110 2193 git.
2142 2120 2509 2188 Quamobrem
2543 2138 2667 2179 cum
2711 2122 2911 2175 multos
2943 2120 3056 2190 jam
3098 2135 3274 2177 annos
3315 2123 3610 2179 mansisset

2015 2215 2066 2267 iu
2100 2214 2251 2277 Asia,
2290 2212 2640 2284 Evangelium
2682 2208 2924 2269 scribere
2964 2220 3192 2277 coactus
3234 2222 3340 2269 est.
3390 2215 3450 2268 lu
3500 2230 3610 2285 quo

2013 2304 2148 2358 nihil
2184 2318 2325 2375 opus
2362 2304 2550 2360 habuit
2601 2304 2915 2360 accuratius
2961 2319 3025 2360 ea
3071 2305 3335 2362 mandare
3386 2306 3608 2370 litteris,

2008 2396 2133 2468 quae
2168 2396 2444 2462 Christus,
2476 2404 2748 2467 quatenus
2791 2394 2959 2454 carne
3005 2407 3124 2453 erat
3185 2397 3469 2468 praeditus,
3499 2398 3611 2454 edi-

2013 2486 2204 2543 disset.
2245 2485 2373 2543 Haec
2417 2488 2563 2542 enim
2609 2488 2849 2543 stabilita
2883 2488 2998 2559 jam
3040 2503 3106 2543 ac
3153 2489 3449 2544 constituta
3501 2489 3610 2544 lue-

2015 2585 2160 2632 rant.
2198 2576 2306 2633 Sed
2335 2577 2559 2648 perinde
2582 2579 2713 2650 egit,
2746 2594 2813 2635 ac
2847 2579 2892 2636 si
2939 2588 3064 2651 post
3107 2580 3245 2635 alios
3283 2578 3609 2647 ambularet,

2015 2686 2155 2742 quos
2183 2682 2238 2727 et
2266 2671 2649 2729 antecedentes
2677 2680 2950 2738 cerneret,
2982 2681 3163 2744 et_per
3190 2673 3516 2744 confragosa
3547 2688 3612 2730 ac

2015 2765 2190 2835 spinis
2224 2763 2404 2820 obsita
2435 2764 2575 2829 loca,
2610 2771 2665 2819 et
2690 2765 3012 2821 diverticula
3042 2764 3353 2836 gradientes
3385 2766 3441 2820 in
3469 2766 3610 2820 viam

2015 2871 2277 2914 revocare
2331 2866 2576 2929 cuperet,
2616 2867 2671 2913 et
2717 2859 2771 2913 in
2819 2866 2997 2913 tutum
3037 2859 3322 2923 reducere,
3377 2860 3452 2913 ita
3503 2859 3611 2915 illis

2016 2948 2351 3003 denuntians
2406 2955 2460 3003 et
2513 2950 2870 3005 exclamans:
2901 2948 3046 3016 Quid
3084 2949 3318 3005 erratis?
3359 2964 3470 3021 quo
3514 2965 3610 3006 vos
3692 3010 3699 3015 ,

2021 3039 2385 3096 convertitis?
2421 3054 2561 3110 quos
2612 3040 2895 3096 anfractus
2925 3040 3193 3112 quzeritis,
3240 3048 3297 3096 tu
3332 3040 3611 3107 Cerinthe,

2025 3139 2080 3187 tu
2115 3131 2338 3197 Marcio,
2376 3147 2582 3203 vosque
2616 3135 2832 3189 caeteri?
2870 3132 2987 3189 Non
3022 3135 3095 3188 ita
3130 3150 3190 3191 se
3220 3150 3309 3191 res
3342 3135 3526 3200 habet,
3554 3143 3609 3190 ut

2024 3224 2268 3280 creditis.
2298 3224 2552 3280 Christus
2586 3224 2805 3296 quidem
2854 3227 3155 3282 secundum
3188 3242 3409 3283 carnem
3451 3236 3611 3284 natus

2025 3308 2127 3377 est.
2159 3331 2335 3386 neque
2370 3316 2475 3372 hoc
2507 3317 2803 3373 obscurum
2842 3327 2947 3375 est.
2984 3318 3139 3375 Ultro
3175 3321 3225 3376 id
3257 3336 3360 3392 ego
3398 3320 3610 3375 fateor:

2037 3406 2283 3473 Verbum,
2331 3407 2575 3478 inquam,
2610 3424 2738 3463 caro
2789 3408 2988 3479 factum
3033 3420 3109 3465 est
3139 3411 3181 3463 ².
3212 3408 3414 3466 Verum
3448 3426 3518 3466 ne
3548 3411 3618 3467 ab

2025 3512 2091 3553 eo
2120 3500 2298 3555 solum
2329 3506 2575 3571 tempore
2623 3516 2733 3571 quo
2785 3517 2916 3558 caro
2966 3501 3169 3559 factum
3214 3513 3317 3569 est,
3364 3503 3620 3560 eumdem

332 3593 505 3650 fuisse
567 3599 829 3664 putatote.
889 3590 1073 3662 Neque
1129 3591 1275 3646 enim
1337 3606 1367 3644 a
1432 3590 1616 3645 Mariae
1669 3598 1912 3663 tempore
1947 3591 2212 3646 duntaxat
2267 3593 2518 3661 exstitit;
2582 3593 3040 3685 quemadmodum
3108 3596 3335 3666 quilibet
3367 3602 3617 3651 nostrum

331 3692 445 3740 tum
479 3701 603 3741 cum
634 3694 797 3740 natus
824 3693 928 3750 est,
959 3701 1082 3741 esse
1125 3685 1327 3754 cmpit;
1370 3699 1471 3739 nec
1507 3691 1797 3756 antequam
1829 3692 2146 3740 nasceretur
2178 3684 2289 3739 ullo
2323 3686 2485 3741 modo
2525 3685 2646 3741 fuit.

415 3783 474 3836 '0
517 3782 572 3835 δὲ
611 3781 767 3850 ἅγιος
795 3781 925 3845 Θεὸς
969 3780 1163 3849 Λόγος,
1193 3780 1324 3843 Υἱὸς
1350 3779 1443 3833 τοῦ
1485 3777 1644 3846 Θεοῦ,
1686 3780 1953 3851 Χριστὸς’

332 3870 539 3943 Κύριος
567 3871 726 3943 ἡμῶν
764 3869 991 3942 Ἰησοῦς,
1027 3870 1127 3923 οὐκ
1160 3868 1307 3922 ἐστιν
1338 3868 1446 3924 άπὸ
1467 3868 1675 3940 χρόνων
1700 3869 1921 3937 Μαρίας

337 3965 496 4037 μόνον
572 3962 696 4017 οὔτε
744 3963 853 4017 ἀπὸ
885 3963 1092 4036 χρόνων
1151 3963 1348 4034 Ἰωσὴφ
1384 3960 1563 4032 μόνον,
1611 3960 1736 4014 οὔτε
1781 3960 1920 4024 Ἠλὶ,

333 4054 460 4109 οὔτε
493 4054 645 4120 Λευῒ,
675 4053 801 4108 οὕτε
826 4053 1152 4126 Ζοροϐάϐελ,
1183 4052 1305 4107 οὔτε
1337 4050 1627 4123 Σαλαθιὴλ,
1661 4051 1784 4104 οὔτε
1811 4052 1923 4105 Νά-

409 4210 425 4242 ¹
455 4208 499 4265 Π
528 4208 670 4265 Tim.
702 4224 777 4276 Iv,
818 4207 903 4263 lO.
979 4209 999 4239 ³
1028 4205 1186 4261 Joau.
1222 4223 1261 4271 ι,
1292 4207 1377 4261 Η.

334 4365 511 4430 εἰδὼς.
572 4368 666 4422 καὶ
718 4363 1220 4490 παριὶκολουθηκὼς
1257 4364 1430 4420 ἅπασι
1480 4363 1795 4437 κατηγορῶ.
1829 4362 1921 4419 Sic

335 4436 502 4490 initur
528 4437 706 4490 Lucas
738 4437 851 4490 ἄνω
887 4455 945 4490 εν
985 4435 1525 4490 παρηκολουθηκέναι
1558 4438 1724 4489 πᾶσιν
1763 4436 1921 4490 ἀκρι-

335 4436 502 4510 igjtur
528 4437 706 4493 Lucas
738 4435 945 4510 ἄνωθεν
985 4435 1525 4510 παρηκολουθηκέναι
1558 4435 1724 4489 πᾶσιν
1763 4436 1924 4507 ἀκρι-

375 4507 451 4572 ῶς
498 4510 723 4575 dicitur,
779 4509 883 4562 hoc
933 4516 1016 4564 est
1050 4507 1809 4577 coinperta,'exp|orataque,
1856 4520 1921 4560 ac

340 4587 584 4648 spectata
618 4580 782 4635 etiam
823 4579 1103 4634 habuisse.
1143 4577 1222 4631 Ac
1251 4577 1426 4633 videri
1461 4584 1663 4648 potest,
1698 4585 1755 4633 et
1784 4590 1923 4631 nou-

338 4649 489 4703 nulla
518 4650 606 4704 hic
640 4648 932 4706 antithesis
978 4664 1120 4713 esse,
1155 4655 1214 4702 ut
1257 4663 1382 4703 cum
1415 4648 1700 4713 superiore
1755 4662 1919 4701 versu

338 4720 537 4775 dixerit
564 4736 578 4771 :
606 4719 1058 4790 Quandoquidem
1099 4719 1258 4790 multi
1286 4733 1378 4774 res
1407 4733 1437 4771 a
1462 4718 1685 4790 Christo
1736 4724 1922 4790 gestas

218 4852 235 4863 ὀ
335 4791 591 4863 scribere
631 4787 874 4863 aggressi
934 4797 1084 4863 sunt,
1130 4787 1665 4863 καθᾉῲςμπαρέδοσαν
1705 4790 1840 4863 ἡμίν
1870 4787 1919 4840 oi

333 4860 428 4932 ᾁπ*
456 4861 651 4932 άρχῆςς
669 4857 868 4915 statim
885 4861 1140 4930 subiiciat
1166 4859 1374 4926 ι”Εδοξε
1390 4857 1570 4931 κάμοὶ
1580 4857 1923 4932 παρηκολου-

334 4929 560 5001 onum,
577 4929 683 4986 hoc
720 4938 826 5002 est,
860 4933 963 5002 qui
994 4929 1148 4994 non,
1180 4939 1240 4985 ut
1269 4931 1368 4994 illi,
1429 4929 1511 5002 ea,
1544 4929 1918 5002 παραδόσεως,

335 5000 432 5056 sed
461 5017 531 5056 ex
562 5002 784 5073 propria
819 5000 897 5055 id‘
932 5002 1163 5057 scientia
1211 5000 1596 5073 compererim.
1627 5000 1920 5073 Ceterum

310 5069 811 5139 tametsi'ad'eum
844 5087 1065 5127 sensum
1111 5069 1514 5127 accommodari
1556 5070 1719 5126 Luca;
1753 5069 1921 5124 verba

334 5142 781 5218 nihilAprohibet,
823 5157 933 5196 non
970 5142 1178 5218 idcirco
1212 5150 1393 5218 tamen
1431 5139 1638 5197 Christi
1658 5141 1921 5218 _discipu-

336 5211 449 5267 lum
480 5209 653 5269 fuisse
677 5220 831 5269 certo
876 5209 1231 5282 pronuntiare
1259 5212 1459 5282 ausim,
1494 5226 1621 5266 cum
1658 5212 1785 5266 huic
1818 5209 1920 5282 ad:

334 5284 546 5354 versari
569 5284 856 5343 sententiae
879 5279 1048 5354 longe
1087 5282 1269 5354 plures
1313 5281 1417 5354 PP.
1441 5282 1776 5354 intelligam.
1808 5279 1919 5354 Sed

335 5351 441 5407 ista
476 5353 925 5420 commemoravi,
958 5351 1018 5407 ut
1050 5351 1118 5407 ne
1158 5351 1320 5408 Luca:
1346 5353 1451 5422 ipsi
1498 5352 1566 5408 de
1599 5351 1659 5408 se
1692 5351 1919 5407 testanti

339 5422 606 5495 refragari
630 5425 922 5495 quisquam
955 5422 1316 5495 Epiphaniqu
1350 5421 1669 5495 arbitretur.

411 5490 524 5564 (55)
544 5490 663 5549 Καϊ
683 5490 956 5564 κηρύττει
989 5490 1243 5563 πρῶτον.
1275 5490 1554 5564 Lucamin
1581 5492 1754 5549 Gallia
1776 5506 1920 5564 praef

339 5562 575 5632 dicasse,
610 5562 815 5629 nullus,
855 5564 1001 5636 quod
1033 5565 1245 5636 _sciam.
1274 5562 1535 5636 prodidit.
1560 5567 1738 5634 Atque
1771 5562 1916 5618 haud

338 5636 458 5715 scio
491 5651 566 5715 an
582 5636 811 5715 Galliam
844 5633 1179 5715 Cisalpinam
1211 5633 1500 5715 intelligat,
1537 5633 1823 5707 perquam
1860 5636 1917 5688 in

337 5702 683 5769 Dalmatiam,
707 5702 1081 5777 Graeciamque
1103 5702 1463 5761 contenderit.

1952 4403 2000 4463 η
2027 4436 2066 4488 Γ
2100 4366 2215 4438 (54)
2242 4367 2534 4437 Κρισκης,
2565 4366 2788 4453 moly.
2840 4367 2911 4421 ἐν
2967 4366 3044 4455 τῇ
3080 4369 3103 4421 I

2068 4437 2277 4509 αλλίαν.
2305 4437 2440 4493 Nam
2480 4439 2643 4509 vulgo
2689 4454 2769 4503 εις
2814 4438 3103 4492 Γαλατιαν.

2091 3781 2162 3834 At
2217 3791 2607 3836 sacrosanctus
2664 3781 2807 3836 Deus
2863 3780 3124 3848 Verbum,
3154 3771 3241 3836 ‘ac.
3292 3780 3387 3837 Dei
3419 3781 3610 3839 Filius.

2018 3862 2270 3927 Christus
2294 3870 2456 3927 Jesus
2483 3871 2748 3928 Dominus
2773 3881 2984 3940 noster,
3028 3889 3136 3928 non
3162 3889 3191 3927 a
3222 3873 3406 3929 Marize
3436 3875 3614 3930 solum

2019 3969 2263 4032 tempore
2290 3977 2413 4017 esse
2444 3964 2631 4034 coepit,
2658 3979 2837 4035 neque
2859 3963 3084 4035 Joseph,
3114 3965 3194 4019 vel
3226 3963 3328 4028 Eli,
3354 3966 3437 4019 vel
3460 3964 3612 4031 Levi,

2020 4052 2455 4122 velZorobabel,
2491 4056 2573 4110 vel
2601 4053 2882 4121 Salathiel,
2912 4055 2997 4110 vel
3032 4053 3268 4116 Nathan,
3298 4055 3380 4109 vel
3407 4054 3613 4123 David;

2100 4365 2215 4438 (54)
2242 4367 2534 4437 Κρισκης,
2565 4365 2788 4437 φησιν.
2840 4367 2911 4421 ἐν
2967 4365 3044 4436 τῇ
3080 4366 3335 4435 Γαλλίᾳ.
3380 4365 3496 4422 lmo
3536 4370 3616 4435 είς

2100 4437 2277 4492 λλίαν.
2305 4437 2440 4493 Nam
2480 4439 2643 4505 vulgo
2689 4439 2769 4503 εἰς
2814 4438 3103 4492 Γαλατίαν.
3149 4437 3284 4505 Quae
3326 4448 3411 4494 est
3460 4448 3616 4495 vetu-

3202 4452 3284 4493 uae
3326 4448 3411 4494 est
3460 4448 3619 4495 vetu-

2025 4507 2270 4578 stissima
2326 4518 2382 4564 et
2425 4507 2736 4564 certissima
2809 4508 2993 4568 lectio.
3056 4509 3326 4578 quidquid
3386 4507 3618 4565 affirmet

2026 4576 2382 4648 Epiphanius.
2441 4578 2615 4645 Quam
2651 4580 3021 4634 et’Eusebius
3078 4576 3120 4632 l.
3166 4576 3225 4632 ui
3277 4577 3448 4648 Ηίειη
3484 4595 3534 4633 ε.
3559 4581 3613 4642 4,

2023 4646 2335 4720 Glirysost.,
2375 4650 2720 4709 Ambrosius,
2765 4648 3165 4720 Theodoretus.
3223 4662 3286 4702 ac
3331 4646 3527 4720 Graeci,
3561 4660 3618 4705 et

2024 4717 2205 4773 Latini
2268 4734 2471 4789 omnes
2513 4725 2843 4789 agnoscunt.
2874 4717 3199 4789 Quanquam
3247 4733 3357 4771 nou
3388 4718 3611 4781 desunt,

2022 4788 2118 4858 qui
2206 4804 2250 4843 .r
2272 4786 2599 4858 Γαλατίανξε
2642 4787 2714 4841 ud
2747 4787 2976 4842 Paulum
3016 4786 3247 4843 Galliam
3286 4789 3612 4859 intelligant,

2025 4867 2084 4912 ut
2136 4804 2536 4913 ﬁeodoretus.
2596 4804 2950 4913 Crescentem
3008 4872 3138 4912 vero
3212 4854 3515 4912 Galliarum
3560 4869 3612 4913 et

2025 4854 2084 4912 ut
2136 4854 2551 4915 Theodoretus.
2596 4854 2950 4913 Crescentem
3008 4872 3138 4912 vero
3212 4854 3515 4912 Galliarum
3560 4869 3615 4914 et

2022 4926 2249 5000 Galatia:
2301 4929 2860 5000 paritergapostulum
2905 4929 3099 4989 fuisse,
3135 4926 3253 4981 Ado
3273 4929 3348 5000 _in
3377 4927 3607 5000 Martyr.

2023 5016 2055 5053 v
2091 4998 2212 5055 Kal.
2244 4996 2355 5055 Jul.
2413 5000 2470 5054 in
2501 4996 2760 5054 Chronico
2790 5006 3043 5060 testatur,
3076 5006 3134 5051 ut
3173 5006 3229 5053 et
3273 4996 3434 5054 Rom.
3470 4996 3617 5053 Mar-

2022 5077 2130 5140 tyr.
2157 5086 2380 5127 novum.
2414 5068 2586 5127 Vetus
2608 5070 2754 5124 enim
2786 5068 3016 5125 Galatiae
3043 5068 3313 5140 duntaxat
3331 5069 3613 5140 meminit.

2021 5137 2090 5195 Et
2107 5149 2269 5212 certe
2292 5140 2530 5197 dubitari
2551 5149 2751 5212 potest,
2781 5149 2962 5194 utrum
2995 5154 3105 5212 non
3128 5138 3291 5194 modo
3318 5137 3611 5212 Crescens,

2023 5211 2120 5282 sed
2174 5213 2259 5268 vel
2318 5212 2465 5268 alius
2507 5208 2797 5282 quisquam
2855 5225 2952 5281 per
3004 5209 3096 5263 illa
3127 5216 3377 5280 tempora
3414 5208 3614 5265 Galliis

2022 5280 2304 5352 Evangelii
2329 5285 2505 5337 lucem
2529 5280 2871 5352 'importarit.

2092 5348 2202 5422 (55}
2230 5353 2392 5409 Μετὰ
2411 5352 2528 5422 τὴν
2558 5348 2745 5407 αὑτοῦ
2772 5351 2891 5422 ἀπὸ
2927 5350 3039 5420 τῆς
3066 5351 3329 5422 Πάφου,
3357 5348 3481 5422 N_on_
3511 5350 3610 5421 igi-

2020 5419 2114 5494 tur
2161 5419 2217 5479 iu
2270 5419 2483 5478 Patmo'
2525 5419 3205 5494 seijpsitdEvangeliumj;
3238 5421 3333 5477 sed
3384 5419 3608 5494 Ephesi.

2020 5493 2208 5564 Neque
2248 5510 2378 5550 vero
2432 5494 2537 5550 sub
2590 5490 2843 5556 Claudio,
2887 5490 2981 5548 sed
3031 5492 3135 5549 sub
3164 5490 3338 5548 Nerva
3374 5491 3615 5564 Cocceio

2021 5565 2090 5635 ab
2118 5561 2320 5621 exsilio
2346 5580 2599 5620 reversus
2633 5571 2739 5626 est,
2769 5563 3022 5635 quamvis
3052 5565 3250 5620 iterum
3283 5569 3475 5635 postea
3508 5561 3615 5620 sub

2019 5634 2252 5692 Claudio
2294 5643 2608 5693 revocatum
2654 5634 2874 5691 asserit.
