3918 6166
200 2112 210 2121 .
311 2064 432 2133 ﬁeri
462 2077 481 2117 :
519 2062 608 2132 qui
638 2077 738 2115 non
779 2058 843 2113 ex
875 2056 1221 2129 sanguinibus
1261 2066 1309 2112 et
1355 2072 1535 2133 carne,
1578 2057 1668 2122 sed
1708 2071 1772 2109 ex
1788 2055 1899 2111 Deo

288 295 397 350 ‘9II
1540 320 1545 326 -
1708 290 1769 349 S.
1818 289 2167 348 ΕΡῘΡῙῙΑΝΠ
3182 322 3185 327 -
3490 291 3601 349 9ιὲ

301 423 478 480 neque
518 407 585 463 ab
608 404 799 471 Jacob,
833 412 926 460 aut
953 403 1125 472 Isaac,
1154 411 1247 461 aut
1281 405 1351 462 ab
1379 403 1571 462 Adami
1606 418 1670 460 ac
1702 404 1891 462 Noemi

2001 405 2117 472 Βαν,
2150 401 2273 457 οὔτε
2300 400 2483 468 Δαϐὶδ,
2520 400 2643 456 οὔτε
2671 401 2780 457 ἀπὸ
2823 402 3041 471 Ἰακὼϐ,
3070 401 3191 457 οὔτε
3225 402 3335 458 ἀπὸ
3380 405 3596 470 Ἰσαὰκ,

302 503 705 572 Abrahamique
735 501 1071 571 temporibus
1098 517 1113 567 ;
1156 500 1251 557 sed
1275 515 1374 556 nec
1408 514 1437 554 ει
1462 500 1552 555 die
1569 498 1778 570 quinta.
1806 501 1892 554 vel

2001 495 2116 550 oti-re
2140 494 2248 551 ἀπὸ
2274 495 2482 567 χρόνων
2504 494 2597 548 τοῦ
2635 494 2830 565 Ἀδὰμ,
2852 494 2977 548 οὔτε
2997 495 3145 561 Νῶε,
3167 495 3291 549 οὔτε
3307 497 3596 569 Ἀϐραὰμ,

302 608 518 665 quarta,
542 596 624 650 vel
655 594 833 657 tertia,
864 592 949 649 vel
970 592 1209 648 secunda
1236 610 1250 659 ;
1276 593 1384 647 imo
1406 607 1474 647 ne
1492 608 1561 647 ex
1580 608 1645 648 eo
1670 592 1890 663 quidem

2001 588 2117 642 οὔτε
2148 588 2259 642 ἀπὸ
2292 588 2393 659 τῆς
2418 587 2678 658 πέμπτης
2703 588 2937 659 ἡμέρας,
2970 586 3093 642 οὔτε
3122 587 3231 642 ἀπὸ
3261 589 3364 659 τῆς
3393 590 3601 661 τετάρ-

304 698 565 757 tempore,
598 701 709 756 quo
737 686 933 741 cmlum
959 699 1023 739 ac
1048 692 1199 739 terra
1222 683 1568 754 mundusque
1593 682 1891 738 fabricatus

2001 695 2094 750 της
2119 677 2355 749 ἡμέρας,
2383 676 2507 730 οἵ)τέ
2536 676 2645 731 ἀπὸ
2677 679 2776 749 τῆς
2808 677 3019 750 τρίτης,
3054 677 3177 732 οὕτε
3207 679 3315 732 ἀπὸ
3344 680 3447 751 τῆς
3475 680 3602 734 δευ-

1992 772 2179 845 τέρας,
2206 769 2329 825 οὕτε
2359 768 2544 835 ὲξότου
2576 768 2807 840 οὐρανὸς
2835 770 2985 841 καὶὴ
3015 771 3087 842 γῆ
3118 771 3433 843 γεγένηται,
3469 772 3601 826 οὔτε

1994 865 2179 932 ὲξότου
2201 865 2230 916 ὁ
2258 862 2483 931 κόσμος*
2521 860 2656 915 ἀλλὰ
2693 862 2799 915 Ἐν
2826 860 2986 931 ἀρχῇ
3014 857 3095 933 ἦν
3124 865 3158 917 ό
3181 864 3396 934 Λόγος,
3425 865 3533 918 καὶ
3558 867 3597 918 δ

1996 957 2187 1025 Λόγος
2212 951 2292 1025 ἦν
2315 952 2467 1023 πρὸς
2499 952 2607 1006 τόν
2637 952 2808 1017 Θεὸν,
2856 953 2954 1006 καὶ
2991 954 3131 1022 Θεὸς
3180 951 3261 1025 ἦν
3302 959 3338 1010 ό
3375 958 3599 1026 Λόγος.

1998 1047 2202 1103 Πάντα
2222 1046 2296 1100 δι’
2320 1046 2510 1101 αὑτοῦ
2533 1045 2796 1115 ἐγένετο,
2825 1045 2923 1099 καὶ
2944 1046 3123 1117 χωρὶς
3146 1048 3333 1103 αὑτοῦ
3352 1049 3604 1120 ἐγένετο

1997 1137 2140 1193 οὐδὲ
2168 1138 2322 1206 ἐν,.ὃ
2354 1139 2585 1209 γέγονε,
2626 1138 2721 1191 καὶ
2746 1138 2815 1191 τὰ
2848 1137 2994 1210 ἑξῆς.
3020 1141 3130 1193 Kal
3160 1144 3193 1195 ό
3217 1143 3411 1212 Λόγος
3433 1142 3605 1212 σὰρξ

1999 1231 2259 1302 ἐγένετο,
2290 1232 2389 1285 καὶ
2419 1230 2778 1297 ἐσκήνωσεν
2796 1232 2866 1285 ἐν
2889 1231 3055 1302 ήμῖν,
3097 1233 3196 1287 καὶ
3222 1234 3470 1305 εἴδομεν
3500 1239 3611 1290 αὑ-

1996 1325 2120 1378 τόν.
2156 1320 2309 1377 Εἶτα·
2360 1323 2624 1393 Ἐγένετο
2656 1321 2967 1390 ἅνθρωπος
2996 1324 3458 1396 ἀπεσταλμένος
3489 1342 3609 1379 πα-

1987 1416 2069 1486 ρὰ
2104 1415 2273 1477 Θεοῦ.
2306 1416 2493 1484 ὄνομα
2530 1415 2692 1481 αὐτῷ
2732 1417 3026 1484 Ἰωάννης.
3071 1412 3260 1483 Οὗτος
3290 1413 3485 1488 ἦλθεν
3514 1422 3609 1485 εἰς

1991 1505 2342 1575 μαρτυρίαν,
2380 1505 2481 1558 ἵνα
2525 1506 2885 1575 μαρτυρήσῃ
2924 1508 3055 1575 περὶ
3093 1508 3197 1561 τοῦ
3237 1509 3459 1577 φωτὸς,
3500 1513 3612 1565 ἵνα

1996 1596 2221 1660 πάντες
2245 1598 2623 1651 πιστεύσωσι
2658 1588 2733 1650 δι’
2758 1598 2966 1652 αὐτοῦ.
3003 1601 3124 1653 Οὐκ
3154 1595 3234 1670 ἦν
3265 1600 3511 1669 ἐκεῖνος
3536 1603 3611 1655 τό

303 791 387 835 est
421 801 432 834 :
467 778 561 834 sed
597 777 662 833 In
689 776 950 849 principio
983 785 1097 830 erat
1144 775 1395 843 Verbum,
1433 786 1483 830 et
1521 776 1739 830 Verbum
1772 781 1894 829 erat

301 870 442 940 apud
473 868 661 933 Deum,
699 877 750 923 et
779 867 919 921 Deus
947 876 1065 922 erat
1097 864 1342 920 Verbum.
1378 863 1570 920 Omnia
1609 879 1700 940 per
1722 864 1893 932 ipsum

301 936 450 1034 facta
475 970 620 1023 sunt,
654 970 704 1015 et
731 960 844 1013 sine
862 959 973 1027 ipso
996 957 1197 1027 factum
1229 966 1307 1011 est
1337 954 1490 1021 nihil,
1520 936 1895 1027 quod\factum

303 1064 404 1114 est.
434 1062 543 1109 etc.
570 1050 635 1105 Et
675 1050 893 1105 Verbum
917 1066 1042 1103 caro
1076 1050 1278 1119 factum
1309 1057 1415 1111 est,
1444 1056 1500 1102 et
1544 1046 1799 1100 habitavit
1841 1046 1895 1099 in

306 1145 479 1208 nobis,
522 1154 572 1199 et
615 1143 838 1198 vidimus
890 1141 1045 1196 illud.
1083 1138 1501 1195 DeindeuFuit
1526 1137 1680 1192 homo
1700 1137 1894 1190 missus

303 1253 342 1289 a
388 1235 528 1302 Deo,
570 1236 658 1289 cui
681 1250 866 1288 nomen
893 1242 1006 1286 erat
1028 1231 1284 1286 Joannes.
1331 1228 1433 1283 Hic
1476 1230 1610 1284 venit
1645 1230 1700 1283 in
1756 1230 1897 1283 testi-

308 1330 563 1390 monium,
617 1336 672 1380 ut
707 1326 1059 1380 testimonium
1107 1322 1394 1393 perhiberet
1450 1321 1514 1375 de
1569 1320 1786 1385 lumine,
1837 1329 1895 1373 ut

310 1438 486 1476 omnes
538 1422 802 1475 crederent
850 1430 942 1488 per
992 1417 1167 1471 illum.
1224 1414 1346 1470 Non
1392 1425 1508 1470 erat
1549 1415 1675 1477 tux,
1719 1414 1807 1468 sed
1835 1423 1895 1467 ut

306 1513 664 1567 testimonium
702 1509 991 1579 perhiberet
1037 1508 1102 1562 de
1142 1507 1359 1561 lumine.
1419 1505 1552 1560 Erat
1593 1506 1688 1559 lux
1735 1522 1892 1570 vera,

304 1618 426 1671 qute
457 1601 728 1655 illuminat
773 1617 976 1656 omnem
1013 1598 1275 1653 hominem
1323 1597 1607 1653 venientem
1650 1598 1705 1651 in
1760 1596 1896 1650 hunc

309 1693 583 1748 mundum.
644 1691 711 1747 In
770 1691 967 1745 mundo
1028 1700 1165 1755 erat,
1209 1698 1258 1745 et
1316 1688 1543 1743 mundus
1583 1704 1674 1757 per
1722 1689 1894 1759 ipsum

2001 1688 2142 1757 φῶς·
2188 1689 2327 1743 ἀλλ’
2369 1689 2471 1742 ἵνα
2510 1689 2873 1758 μαρτυρήσῃ
2915 1691 3047 1759 περὶ
3084 1691 3190 1745 τοῦ
3222 1695 3444 1761 φωτός.
3488 1691 3615 1751 Ἦν

308 1784 481 1853 factus
507 1792 608 1847 est,
647 1793 695 1836 et
721 1781 946 1836 mundus
973 1796 1093 1835 eum
1143 1796 1246 1833 non
1285 1781 1543 1850 cognovit.
1583 1778 1648 1832 In
1679 1779 1896 1847 prapria

2001 1780 2063 1834 τὸ
2100 1778 2227 1849 φῶς
2260 1780 2324 1833 τὸ
2352 1780 2669 1848 ἀληθινὸν,
2706 1780 2737 1834 ὃ
2780 1781 3011 1851 φωτίζει
3051 1782 3247 1837 πάντα
3274 1783 3616 1854 ἄνθρωπον

307 1878 466 1942 venit,
519 1884 569 1930 et
623 1876 707 1930 sui
734 1890 852 1928 eum
900 1890 1004 1927 non
1049 1882 1371 1940 receperunt.
1419 1871 1581 1944 435
1629 1872 1897 1942 Quotquot

2001 1872 2327 1941 ἐρχόμενον
2357 1874 2444 1937 είς
2474 1871 2584 1925 τὸν
2606 1873 2861 1942 κόσμον.
2898 1874 2994 1927 Ἐν
3019 1871 3100 1940 τῷ
3129 1879 3335 1947 κόσμῳ
3363 1875 3466 1949 ἦν,
3500 1881 3613 1933 καὶ

310 1978 488 2023 autem
514 1976 813 2037 receperunt
841 1982 980 2031 eum,
1013 1964 1155 2019 dedit
1189 1966 1263 2019 eis
1293 1973 1603 2033 potestatem
1628 1962 1768 2033 ﬁlios
1803 1961 1898 2017 Dei

2001 1966 2033 2019 ό
2065 1964 2294 2034 κόσμος
2326 1962 2401 2018 δι’
2433 1964 2622 2020 αὐτοῦ
2654 1964 2915 2035 ἐγένετο,
2951 1968 3050 2022 καὶ
3084 1970 3117 2022 ό
3149 1970 3377 2038 κόσμος
3406 1974 3616 2028 αὐτὸν

2000 2058 2111 2111 οὐκ
2131 2057 2304 2127 ἔγνω.
2339 2059 2445 2123 Εἰς
2470 2056 2542 2111 τὰ
2573 2056 2694 2111 ῖδια
2723 2053 2894 2128 ἦλθε,
2930 2058 3031 2112 καὶ
3066 2062 3120 2113 οἱ
3144 2059 3282 2115 ἴδιοι
3303 2062 3502 2115 αὐτὸν
3532 2066 3612 2118 οὐ

2000 2148 2363 2218 παρέλαϐον.
2391 2150 2558 2204 Ὅσοι
2580 2149 2648 2203 δὲ
2670 2151 2893 2205 ἔλαϐον
2914 2152 3124 2216 αὑτὸν,
3143 2152 3367 2208 ἔδωκεν
3390 2154 3615 2222 αὐτοῖς

2002 2238 2296 2304 ἐξουσίαν
2325 2239 2509 2293 τέκνα
2544 2240 2692 2295 Θεοῦ
2737 2241 3036 2311 γενέσθαι·
3072 2242 3131 2296 οἲ
3159 2246 3270 2298 οὐκ
3312 2245 3385 2310 ἐξ
3426 2247 3616 2316 αἱμά-

2002 2347 2122 2384 των
2148 2330 2247 2384 καὶ
2274 2330 2527 2400 σαρκὸς,
2559 2332 2700 2386 ἀλλ’
2726 2332 2795 2386 ἐκ
2835 2333 2983 2387 Θεοῦ
3010 2333 3459 2405 ἐγεννήθησαν.
3488 2338 3617 2392 Καὶ

309 2429 423 2494 ejus
467 2443 560 2481 nos
599 2443 774 2480 omnes
817 2425 1131 2495 accepimus.
1181 2424 1248 2477 Et
1297 2423 1472 2477 dicit:
1509 2421 1617 2494 Ego
1645 2440 1745 2478 non
1778 2439 1895 2478 sum

2003 2426 2037 2477 ὁ
2074 2422 2266 2492 Λόγος
2294 2422 2453 2493 σὰρξ
2481 2423 2741 2494 ἐγένετο,
2785 2421 2939 2496 φησὶ,
2986 2424 3086 2479 καὶ
3126 2426 3619 2495 κατεσκήνωσεν

312 2516 577 2581 Christus,
606 2518 695 2573 sed
723 2532 822 2572 vox
852 2517 1131 2571 clamantis
1156 2518 1209 2569 in
1248 2520 1453 2569 deserto
1487 2515 1526 2570 ¹.

2001 2514 2075 2568 ἐν.
2103 2513 2267 2584 ήμῖν.
2309 2514 2583 2583 Ἰωάννης
2606 2515 2913 2585 μαρτυρεῖ,
2952 2516 3050 2572 καὶ
3090 2517 3344 2589 κέκραγε
3371 2520 3605 2585 λέγων·

314 2606 504 2680 ὀῦτος
536 2609 636 2684 ἦν.
671 2613 743 2666 ὃν
769 2608 945 2666 εἶπον
970 2610 1129 2681 ὑμῖν·
1163 2612 1262 2665 καὶ
1302 2611 1393 2666 ὅτι
1433 2611 1499 2665 ἐκ
1534 2608 1641 2664 τοῦ
1697 2608 2091 2681 πληρώματος
2144 2610 2330 2667 αὐτοῦ
2370 2611 2539 2681 ἡμεῖς
2583 2612 2808 2680 πάντες
2857 2612 3168 2685 ἐλάϐομεν.
3229 2616 3339 2670 Kai
3409 2620 3609 2686 λέγει·

315 2713 438 2764 Οίοκ
469 2707 583 2777 εἰμὶ
613 2705 728 2775 ἐγὼ
763 2710 794 2761 ό
827 2705 1104 2775 Χριστὸς,
1137 2704 1299 2761 ἀλλὰ
1330 2706 1500 2776 φωνὴ
1525 2703 1802 2771 ,βοῶντος
1832 2705 1901 2759 έν
1936 2704 2010 2775 τῇ
2037 2703 2254 2775 ἐρήμῳ.
3224 2712 3229 2717 ’

384 2799 522 2855 XIII.
553 2799 764 2866 Quibus
796 2800 1082 2870 expositis,
1121 2799 1196 2853 ita
1253 2798 1447 2854 deinde
1490 2798 1844 2869 prosequitur
1876 2817 1889 2852 :

2081 2797 2178 2851 II".
2209 2795 2315 2850 Καὶ
2339 2796 2427 2863 ὅτε
2456 2797 2724 2870 διηγεῖται
2755 2797 2930 2852 ταῦτα
2963 2798 3161 2862 πάντα,
3195 2798 3365 2868 λέγει·
3407 2800 3613 2857 Ταῦτα

316 2893 448 2949 Ha'c
473 2893 527 2946 in
550 2891 852 2946 Bethabara
882 2890 1027 2961 facta
1058 2899 1179 2944 sunt
1199 2892 1240 2942 ².
1271 2888 1325 2945 In
1358 2890 1480 2946 aliis
1500 2889 1898 2961 exemplaribus

2008 2888 2080 2944 έν
2093 2888 2410 2960 Βηθαὸαρᾷ
2429 2889 2537 2961 (56)
2556 2889 2814 2961 ἐγένετο.
2839 2891 2930 2944 Ἐν
2950 2890 3130 2955 ἄλλοις
3148 2889 3203 2944 δὲ
3220 2892 3607 2965 ἀντιγράφοις,

312 2993 442 3040 est:
478 2982 760 3047 Bethania,
810 2991 956 3037 trans
992 2981 1305 3037 Iordanem.
1351 2979 1482 3036 Post
1534 2981 1648 3036 haec
1710 2987 1898 3036 narrat

2009 2983 2080 3036 ὲν
2100 2984 2387 3052 Βηθανίᾳ,
2419 2983 2610 3051 πέραν
2635 2982 2741 3037 τοῦ
2775 2982 3092 3052 Ἰορδάνου.
3125 2984 3235 3037 Καὶ
3261 2985 3398 3055 μετὰ
3426 2986 3611 3040 ταῦτα

310 3064 540 3133 Joannis
579 3074 882 3146 discipulos
935 3075 1300 3144 interrogasse
1334 3093 1348 3128 :
1394 3071 1583 3158 Rabbi,
1619 3072 1710 3126 ubi
1750 3071 1898 3126 habi-

2004 3075 2295 3137 δείκνυσιν,
2328 3074 2412 3129 ὅτι
2444 3070 2598 3128 εἶπον
2631 3074 2779 3145 αὐτῷ
2805 3077 2852 3128 oi
2884 3075 2992 3128 ἀπὸ
3015 3074 3109 3128 τοῦ
3140 3074 3390 3129 Ἰωάννου
3420 3077 3609 3149 μαθης-

317 3172 442 3226 tas?
470 3168 682 3236 Quibus
730 3166 821 3222 ille
870 3166 1192 3237 respondit:
1235 3164 1435 3231 Venite,
1481 3172 1530 3219 et
1588 3166 1774 3220 videte.
1834 3163 1898 3218 Et

2005 3166 2116 3219 ταί·
2160 3166 2370 3227 Ῥαϐϐὶ,
2424 3166 2543 3220 ποῦ
2590 3166 2829 3234 μένεις;
2869 3167 2926 3219 'O
2959 3165 3016 3219 δὲ
3058 3160 3199 3219 εἶπε·
3247 3165 3449 3234 Δεῦτε,
3502 3170 3613 3223 καὶ

314 3250 577 3323 abierunt,
606 3269 656 3313 et
685 3257 823 3327 apud
851 3274 968 3311 eum
1000 3265 1307 3311 manserunt
1334 3255 1417 3309 die
1452 3256 1565 3310 illa.
1601 3254 1668 3309 Et
1693 3265 1898 3324 postera

2007 3258 2181 3313 ἴδετε.
2224 3259 2335 3313 Καὶ
2374 3258 2675 3327 ἀπῆλθον,
2720 3259 2818 3312 καὶ
2851 3259 2986 3329 παρ’
3013 3258 3175 3325 αὐτῷ
3206 3259 3459 3329 ἔμειναν
3488 3261 3611 3330 τὴν

313 3355 420 3417 die,
462 3352 597 3405 hora
636 3360 754 3405 erat
799 3351 952 3422 quasi
996 3349 1246 3414 decima;
1290 3358 1402 3403 erat
1445 3348 1683 3403 Andreas
1734 3349 1898 3415 frater

2004 3347 2235 3419 ἡμέραν
2249 3349 2509 3416 ἐκείνην.
2533 3348 2644 3402 Καὶ
2669 3346 2743 3416 τῇ
2758 3346 2987 3415 αὔριον,
3013 3345 3134 3414 ὥρα
3155 3343 3233 3417 ἦν
3247 3347 3325 3412 ὡς
3349 3346 3605 3417 δεκάτηο

318 3446 551 3502 Simonis
603 3446 749 3499 Petri
801 3461 936 3498 unus
979 3459 1044 3497 ex
1091 3441 1294 3497 duobus
1340 3444 1428 3512 qui
1483 3442 1649 3496 secuti
1691 3441 1898 3511 fuerant

2004 3437 2084 3512 ἦν
2123 3440 2395 3509 Ἀνδρέας
2439 3442 2471 3494 ό
2515 3438 2780 3509 ἁδελφὸς
2829 3438 3096 3508 Σίμωνος
3127 3437 3378 3508 Πέτρου,
3413 3435 3507 3506 εἷς
3531 3439 3608 3494 ἐκ

311 2154 427 2207 nati
458 2162 601 2207 sunt.
635 2151 702 2205 Et
736 2150 961 2205 Verbum
990 2167 1115 2206 caro
1138 2150 1340 2220 factum
1364 2158 1462 2211 est,
1493 2148 1586 2212 ait,
1614 2161 1663 2203 et
1691 2148 1900 2203 habita-

310 2245 382 2296 vit
406 2244 459 2296 in
483 2241 653 2297 nobis.
680 2242 913 2295 Joannes
939 2241 1295 2296 testimonium
1320 2238 1573 2308 perhibet,
1595 2247 1643 2292 et
1675 2239 1895 2305 clamat,

309 2336 487 2390 dicens
517 2351 534 2388 :
569 2332 672 2387 Hic
705 2343 818 2387 erat
847 2350 996 2405 quem
1035 2333 1150 2387 dixi
1173 2333 1354 2393 vobis;
1385 2344 1435 2387 et
1471 2331 1534 2387 de
1571 2331 1898 2402 plenitudine

2004 3532 2126 3588 τῶν
2162 3532 2273 3588 δύο
2318 3531 2439 3587 τῶν
2482 3530 3036 3599 ἀκολουθησάντων
3080 3530 3263 3597 αὐτῷ.
3310 3534 3609 3600 Εὐρίσκει

2005 3622 2184 3692 οὗτος
2207 3623 2439 3694 πρῶτος
2467 3626 2577 3678 τὸν
2598 3622 2866 3693 ἀδελφὸν
2889 3624 2997 3678 τὸν
3027 3622 3181 3679 ἴδιον
3214 3624 3473 3694 Σίμωνα,
3499 3626 3605 3681 καὶ

2002 3720 2167 3787 λέγει
2214 3714 2394 3781 αὐτῷ’
2435 3714 2793 3786 Εὑρήκαμεν
2829 3717 3131 3783 Μεσσίαν,
3171 3716 3281 3771 τὸν
3310 3720 3611 3787 μεθερμη-

2003 3808 2337 3878 νευόμενον
2390 3807 2673 3877 Χριστόν.
2721 3803 2909 3873 Οὗτος
2939 3806 3167 3877 ἤγαγεν
3208 3807 3398 3861 αὑτὸν
3446 3808 3607 3878 πρὸς

2004 3902 2114 3956 τὸν
2148 3901 2400 3970 Ἰησοῦν.
2448 3899 2779 3971 Ἐμϐλέψας
2809 3898 2878 3953 δὲ
2905 3899 3066 3966 αὐτῷ
3092 3903 3125 3955 ό
3164 3900 3417 3969 Ἰησοῦς,
3440 3899 3599 3957 εἶπε·

316 3557 457 3595 eum.
492 3537 694 3592 Invenit
734 3535 818 3590 hic
852 3537 1055 3605 primus
1084 3535 1306 3604 fratrem
1344 3550 1500 3589 suum
1540 3532 1830 3600 Simonem,
1854 3542 1902 3587 et

317 3631 447 3685 dicit
492 3630 541 3685 ei
586 3644 605 3683 .°
661 3626 963 3683 Invenimus
1022 3624 1315 3690 Messium,
1371 3626 1462 3698 qui
1521 3625 1904 3695 interpretatur

319 3718 584 3778 Christus.
627 3720 733 3774 Ilie
760 3719 985 3774 adduxit
1020 3736 1140 3775 eum
1178 3719 1247 3774 ad
1284 3716 1489 3773 Iesum.
1540 3717 1777 3773 Intuitus
1804 3733 1895 3771 au-

319 3824 418 3868 tem
443 3829 562 3867 eum
592 3809 747 3868 Iesus
792 3811 928 3865 dixit
958 3825 976 3864 :
1015 3808 1094 3865 Tu
1131 3826 1184 3865 es
1227 3808 1411 3866 Simon
1447 3809 1593 3880 filius
1631 3807 1809 3873 Iona;
1845 3819 1898 3863 tu

317 3902 587 3958 vocaberis
613 3901 838 3971 Cephas,
863 3900 1002 3973 quod
1033 3902 1411 3972 interpretatur
1445 3899 1654 3955 Petrus.
1686 3899 1754 3954 In
1788 3915 1902 3954 cra-

314 3994 517 4047 stinum
548 3993 711 4046 voluit
740 3991 884 4046 exire
922 3991 974 4045 in
1019 3989 1323 4055 Calilwam,
1364 3998 1413 4045 et
1454 3989 1646 4044 invenit
1696 3988 1901 4060 Philip-

315 4100 463 4153 pum,
489 4092 542 4138 et
576 4083 702 4138 dicit
724 4085 773 4139 ei
793 4082 950 4138 Iesus
971 4098 989 4135 :
1018 4081 1240 4154 Sequere
1270 4098 1369 4137 me.
1395 4080 1531 4136 Erat
1566 4089 1743 4136 autem
1772 4080 1904 4135 Phi-

2005 3996 2089 4050 Σὺ
2143 3991 2202 4049 εἴ
2250 3995 2447 4064 Σίμων
2495 3992 2625 4059 υἱὸς
2685 3992 2866 4048 Ἰωνᾶθ
2916 3992 2998 4046 σὺ
3043 3990 3324 4061 κληθήσῃ
3363 3993 3599 4062 Κηφᾶς,

2004 4088 2036 4143 ὃ
2083 4089 2470 4158 ἑρμηνεύεται
2521 4087 2764 4154 Πέτρος.
2824 4084 2903 4155 Τῇ
2950 4086 3241 4154 ἐπαύριον
3288 4084 3604 4154 ἠθέλησεν

319 4177 490 4247 lippus
519 4192 551 4231 a
582 4176 890 4239 Bethsaida,
926 4176 1133 4230 civitate
1168 4174 1394 4229 Atter
1425 4183 1475 4228 et
1498 4172 1667 4228 Petri.
1695 4172 1901 4228 Invenit

318 4269 598 4340 Philippus
665 4267 1008 4330 Nathanael,
1061 4276 1110 4321 et
1159 4267 1287 4320 dicit
1336 4269 1435 4320 ei:
1477 4266 1644 4332 Quem
1687 4266 1901 4336 scripsit

317 4359 531 4430 Moyses
557 4360 612 4412 in
641 4358 768 4427 lege,
805 4368 853 4412 et
887 4357 1169 4425 prophetw,
1194 4358 1484 4412 invenimus
1513 4358 1697 4411 Iesum
1729 4357 1900 4426 [ilium

2002 4177 2274 4245 ἐξελθεῖν
2301 4181 2389 4243 είς
2416 4178 2531 4247 τὴν
2559 4177 2918 4241 Γαλιλαίαν,
2950 4177 3049 4232 καὶ
3081 4178 3349 4247 εἰιρίσκει
3379 4179 3600 4233 Φίλιπ-

2003 4287 2143 4333 πον,
2194 4269 2289 4325 καὶ
2330 4269 2496 4340 λέγει
2537 4268 2702 4334 αὐτῷ
2735 4273 2767 4324 ὁ
2808 4269 3061 4337 ἰησοῦςο
3108 4270 3443 4324 Ἀκολούθει
3471 4288 3597 4340 μοι.

2003 4357 2113 4417 Ἦν
2138 4360 2207 4415 δὲ
2231 4361 2529 4427 Φίλιππος
2572 4359 2691 4415 ἀπὸ
2735 4357 3065 4428 Βηθσαὶδᾶ,
3110 4360 3179 4414 ἐκ
3219 4359 3330 4429 τῆς
3361 4361 3599 4429 πόλεως

313 4451 512 4519 Ioseph
538 4466 572 4502 a
607 4448 901 4503 Nazareth.
934 4448 999 4502 Et
1030 4449 1167 4502 dixit
1189 4450 1238 4502 ei
1266 4447 1570 4503 Nathanael
1594 4464 1612 4501 :
1644 4451 1683 4502 Α
1718 4447 1898 4502 Naza-

2018 4452 2287 4522 Ἆνδρέου
2342 4452 2438 4506 καὶ
2492 4450 2738 4520 Πέτρου.
2792 4452 3079 4521 Εὑρίσκει
3131 4453 3433 4520 Φίλιππος
3490 4453 3599 4508 τὸν

318 4544 432 4599 reth
469 4552 639 4613 potest
672 4542 876 4612 aliquid
920 4543 1040 4596 boni
1087 4545 1239 4598 esse?
1290 4541 1431 4596 Dicit
1482 4543 1532 4596 ei
1580 4534 1901 4611 Philippus:

329 4635 458 4690 Veni
495 4645 544 4690 et
596 4634 729 4689 vide.
771 4633 962 4689 Videns
1037 4645 1210 4689 autem
1254 4631 1412 4689 Iesus
1461 4632 1766 4688 Nathanael
1815 4650 1899 4689 ve-

317 4730 543 4784 nientem
573 4727 644 4782 ad
682 4743 736 4782 se
768 4726 909 4782 dixit
946 4727 1011 4781 de
1036 4728 1148 4796 ipso
1177 4743 1194 4782 :
1229 4726 1361 4781 Ecce
1384 4742 1498 4781 vere
1537 4725 1809 4785 Israelita.
1846 4727 1901 4778 in

317 4836 418 4892 quo
448 4818 605 4874 dolus
657 4835 761 4873 non
814 4829 913 4874 est.
967 4817 1110 4873 Dicit
1152 4822 1202 4874 ei
1251 4817 1605 4873 Nathanael:
1641 4818 1788 4873 Unde
1821 4835 1900 4872 me

319 4913 501 4968 nosti?
534 4910 820 4981 Respondit
851 4909 1033 4975 Iesus,
1084 4920 1134 4966 et
1177 4912 1318 4965 dixit
1363 4912 1412 4966 ei
1440 4928 1457 4965 :
1495 4910 1818 4982 Priusquam
1852 4922 1899 4965 te

320 5003 599 5073 Philippus
630 5013 857 5068 vocaret,
898 5019 1017 5057 cum
1058 5019 1197 5058 esses
1238 5002 1334 5058 sub
1373 5003 1479 5074 ﬁcu
1529 5004 1636 5057 vidi
1678 5012 1743 5057 te.
1795 5001 1898 5056 Re-

315 5096 526 5166 spondit
549 5098 597 5150 ei
629 5094 955 5158 Nathanael,
989 5105 1038 5149 et
1078 5094 1213 5150 dixit
1245 5110 1265 5149 :
1294 5094 1481 5161 Rabbi,
1525 5105 1581 5149 tu
1621 5112 1676 5150 es
1724 5094 1899 5150 Filius

314 5188 436 5253 Dei,
468 5198 523 5242 tu
553 5205 605 5243 es
645 5204 737 5243 rex
768 5187 963 5243 Israel.
995 5186 1280 5257 Respondit
1330 5185 1509 5245 Iesus.
1539 5195 1589 5241 et
1630 5185 1765 5240 dixit
1806 5189 1854 5242 ei
1881 5204 1898 5242 :

317 5282 457 5349 Quia
490 5281 605 5334 dixi
634 5280 767 5335 tibi:
810 5280 929 5334 Vidi
977 5288 1025 5334 te
1072 5279 1166 5335 sub
1208 5281 1332 5349 ﬁcu,
1371 5279 1581 5334 credis?
1608 5277 1788 5349 Hujus
1818 5280 1899 5334 his

315 5373 534 5429 videbis.
567 5372 635 5427 Et
664 5374 803 5427 dixit
832 5373 880 5427 ei
909 5389 926 5427 :
958 5372 1144 5437 Amen,
1177 5389 1328 5427 amen
1364 5371 1483 5426 dico
1513 5369 1677 5437 vobis,
1707 5369 1893 5425 videbi-

390 5533 406 5564 '
432 5531 591 5588 Joan.
625 5548 664 5595 ι,
698 5533 719 5585 I
754 5548 877 5602 sqq.
953 5532 974 5562 ³
1008 5530 1139 5586 ibid.
1171 5529 1242 5586 28
1266 5538 1387 5601 Sqq.

387 5686 502 5753 (‘56)
539 5687 730 5739 Ταῦτα
753 5688 821 5740 ἐν
846 5685 1178 5755 Βηθαϐαρᾷ.
1212 5685 1454 5754 Utraque
1481 5699 1580 5738 vox
1622 5692 1676 5738 et
1707 5682 1904 5755 Bethe-

315 5752 563 5823 bara,ret
596 5755 855 5810 Bethania
917 5752 1376 5825 epud'autiquos
1420 5755 1710 5824 reperitur.
1763 5752 1902 5808 Vide

2003 4544 2352 4613 Ναθαναὴλ,
2394 4543 2493 4598 καὶ
2519 4542 2681 4614 λέγει
2712 4543 2890 4609 αὐτῷ·
2935 4545 3033 4598 Ὃν
3067 4545 3295 4615 ἕῖὶραψε
3331 4542 3598 4613 Μωθσῆς

2003 4638 2072 4692 ἐν
2098 4635 2178 4704 τῷ
2201 4635 2383 4707 νόμῳ,
2409 4636 2508 4690 καὶ
2533 4638 2587 4690 oi
2618 4637 2939 4706 προφῆται,
2971 4636 3311 4707 εὑρήκαμεν
3351 4638 3600 4705 Ἰησοῦν

2003 4733 2139 4784 υἱόν
2183 4728 2291 4783 τοῦ
2348 4726 2562 4798 Ἰωσὴφ
2612 4729 2720 4783 τὸν
2769 4728 2887 4782 ἀπὸ
2936 4728 3214 4798 Ναζαρέτ.
3262 4729 3375 4784 Kal
3428 4726 3599 4785 εἷπεν

2002 4822 2163 4889 αὐτῷ
2192 4822 2542 4893 Ναθαναήλ·
2583 4822 2679 4875 Ἐκ
2713 4822 2976 4891 Ναζαρὲτ
3008 4821 3262 4883 δύναταί
3286 4840 3343 4878 τι
3369 4824 3600 4894 ἀγαθὸν

2005 4911 2194 4978 εἷναι;
2225 4914 2396 4982 Λέγει
2424 4912 2585 4979 αὐτῷ
2605 4916 2638 4967 ό
2656 4913 2974 4978 Φίλιππος·
3005 4915 3244 4981 Ἔρχου,
3280 4911 3393 4968 ἴδε.
3439 4913 3601 4969 Ἰδὼν

2006 5004 2074 5058 δὲ
2107 5008 2140 5060 ὀ
2181 5003 2553 5073 Ἰησοῦς,τὸν
2585 5001 2913 5070 Ναθαναὴλ
2951 5003 3282 5072 ἐρχόμενον
3309 5003 3465 5071 πρὸς
3486 5005 3600 5058 αὐ·

2006 5096 2134 5160 τὸν,
2156 5096 2321 5168 λέγει
2349 5095 2481 5165 περὶ
2507 5094 2714 5150 αὐτοῦ·
2774 5094 2888 5148 Ἴδε
2915 5094 3157 5162 άληθῶς
3197 5095 3596 5164 Ἰσραηλίτης,

2005 5189 2076 5243 ἐν
2100 5181 2149 5255 ᾧ
2180 5187 2362 5254 δόλος
2394 5190 2507 5242 οὐκ
2534 5176 2893 5256 ἐστιΪΛέγει
2922 5186 3083 5252 αὐτῷ
3107 5186 3461 5252 Ναθαναήλ³
3484 5186 3601 5241 Hd.

2006 5283 2113 5335 θεν
2137 5296 2215 5349 με
2242 5279 2594 5350 γινώσκεις;
2645 5278 2951 5347 Ἀπεκρίθη
2995 5276 3248 5346 Ἰησοῦς,
3294 5278 3397 5331 καὶ
3425 5274 3601 5332 εἶπεν

2006 5371 2183 5437 αὐτῷ·
2228 5372 2347 5441 Πρό
2375 5371 2481 5425 τοῦ
2510 5385 2584 5425 σε
2600 5370 2898 5423 Φίλιππον
2927 5368 3276 5442 [somniant],
3303 5369 3455 5424 ὄντα
3482 5371 3599 5424 ὑπὸ

2012 5697 2134 5751 qure
2154 5681 2223 5737 de
2254 5681 2363 5751 hoe
2387 5679 2510 5749 loco
2557 5679 2839 5751 scripsere
2878 5675 3080 5751 lipsius
3114 5687 3167 5734 et
3197 5676 3494 5738 Serrarius
3540 5684 3598 5737 in

2005 5747 2191 5808 Iosue.
2227 5747 2471 5805 Maldon.
2492 5759 2539 5804 et
2570 5747 2791 5804 Toletus
2825 5750 2876 5801 in
2901 5747 3103 5819 Evang.
