3918 6150
309 353 419 410 915

1714 354 1775 411 S.
1830 350 2177 409 EPIPHANII

3489 335 3600 393 916

311 484 438 541 quae
485 468 651 541 paulo
696 475 824 524 ante
875 468 1427 524 commemoravimus
1458 486 1471 522 :
1501 465 1642 535 Quia
1699 466 1904 523 inveni—

2029 464 2070 518 τὰ
2100 459 2498 537 προειρημέναο
2534 459 2660 516 Ὅτι
2692 456 3009 531 εὑρήκαμεν
3034 453 3301 512 Μεσσίαν·
3335 452 3430 505 καὶ
3459 452 3601 541 ἀγα-

315 576 442 616 ums
474 559 752 626 Messiam;
786 560 977 631 sicque
1010 559 1165 615 illum
1214 558 1283 613 ad
1323 557 1605 614 Christum
1641 558 1906 629 ρει-ἀνω-

315 659 419 717 ret,
452 659 556 708 etc.
592 650 793 707 Secuta
818 662 949 708 sunt
991 653 1083 708 illa
1122 653 1404 725 deinceps,
1458 662 1519 710 ut
1566 653 1617 711 ei
1646 652 1854 709 diceret
1886 670 1901 708 :

319 743 399 799 Tu
429 744 698 801 vocaberis
748 744 972 815 Cephas.
1022 744 1089 800 In
1140 749 1435 803 crastinum
1473 748 1659 813 voluit,
1704 746 1902 817 inquit,

314 835 461 889 asin
511 837 566 891 in
608 835 925 903 Galilazam,
964 847 1013 892 et
1069 839 1265 893 invenit
1301 838 1641 909 Philippum,
1679 849 1731 893 et
1772 837 1905 890 dicit

315 929 367 983 ei
386 926 547 985 Iesus
575 947 596 985 :
621 929 847 1001 Sequere
876 947 977 987 me.
1008 930 1143 986 Erat
1167 942 1343 986 autem
1362 929 1655 1001 Philippus
1684 947 1718 984 a
1748 929 1908 984 Beth-

318 1021 499 1088 saida,
524 1024 737 1078 civitate
772 1024 1000 1079 Andrea:
1026 1034 1077 1079 et
1110 1024 1260 1079 Petri
1281 1027 1321 1079 ι.
1350 1023 1520 1082 Vides
1559 1024 1910 1096 quemadmo-

320 1111 454 1170 dum
481 1115 834 1186 cogitandum
881 1117 1041 1173 nobis
1079 1117 1211 1172 illud
1247 1117 1524 1189 relinquat
1550 1133 1567 1184 ;
1597 1132 1665 1173 ex
1690 1115 1909 1172 duobus

322 1205 434 1262 illis
460 1205 689 1265 Joannis
730 1208 1036 1280 discipulis,
1061 1210 1159 1280 qui
1201 1208 1484 1266 Christum
1527 1209 1702 1265 secuti
1743 1214 1907 1272 sunt;

323 1314 558 1372 quorum
590 1300 758 1357 unius
805 1317 1026 1368 nomen,
1064 1302 1299 1360 Andreae
1351 1303 1583 1368 scilicet,
1615 1302 1908 1373 expressit,

325 1392 552 1449 alterius
589 1393 782 1460 tacuit,
816 1393 964 1449 hunc
998 1396 1177 1464 ipsum
1214 1409 1340 1452 esse
1384 1394 1720 1466 Philippum,
1749 1394 1912 1463 cujus

324 1497 525 1538 nomen
566 1491 654 1539 est
700 1486 990 1549 omissum,
1016 1483 1164 1555 quod
1193 1493 1248 1540 et
1277 1485 1559 1557 popularis
1593 1485 1719 1554 ejus
1740 1491 1908 1548 esset,

322 1575 487 1648 437
522 1585 578 1633 et
627 1578 1062 1645 contubernalis,
1111 1586 1168 1634 et
1224 1579 1474 1635 eamdem
1523 1586 1697 1634 artem
1746 1585 1913 1649 atque

323 1668 601 1739 opificium
627 1677 928 1725 exerceret.
959 1669 1073 1727 Nisi
1107 1670 1247 1727 forte
1284 1668 1552 1727 Joannem
1590 1671 1787 1738 mavis,
1818 1680 1914 1725 aut

324 1758 588 1815 Jacohum
619 1760 867 1817 Zebedzei
901 1759 1092 1816 lilium.
1138 1760 1357 1817 Primos
1385 1762 1532 1816 enim
1566 1762 1751 1816 vocari
1789 1761 1914 1816 illos

2004 561 2122 626 γείν
2146 554 2309 610 αὑτὸν
2334 554 2473 625 πρὸς
2492 551 2584 606 τὸν
2605 550 2831 623 Κΰριον,
2855 549 2952 603 καὶ
2973 549 3042 601 τά
3064 546 3209 625 ἑξῆς.
3238 544 3351 598 Καὶ
3380 547 3458 605 ὡς
3481 540 3602 611 ἔχει

2004 654 2038 722 ἡ
2074 646 2389 713 ἀκολουθία,
2423 646 2507 700 ὅτι
2548 640 2702 699 εἶπεν
2740 641 2910 713 αὐτῷ·
2940 642 3025 695 Σὺ
3052 637 3333 706 κληθήσῃ
3358 632 3599 704 Κηςνὰς.

2004 741 2115 798 Kal
2137 739 2211 809 τῇ
2237 740 2529 810 ἐπαύριον
2554 736 2839 806 ἠθέλησε,
2876 732 3064 805 φησὶν,
3085 728 3356 796 ἐξελθεῖν
3370 727 3460 793 εις
3481 724 3604 793 τὴν

2007 833 2373 895 Γαλιλαίαν,
2433 830 2533 885 καὶ
2584 829 2857 898 εὑρίσκει
2910 823 3232 887 Φίλιππον,
3285 822 3383 876 καὶ
3430 819 3603 889 λέγει

2006 924 2171 989 αὐτῷ
2193 926 2228 978 ό
2267 922 2520 990 Ἰησοῦς
2562 920 2899 975 Ἀκολούθει
2923 935 3047 988 μοι.
3077 913 3192 974 Ἦν
3211 915 3280 969 δὲ
3297 914 3606 977 Φίλιππος

2008 1016 2129 1071 ἀπὸ
2154 1013 2485 1084 Βηθσατδᾶ,
2527 1013 2597 1067 ἐκ
2625 1014 2861 1077 πόλεως
2906 993 3179 1079 Ἀνδρέου
3214 1007 3312 1062 καὶ
3347 1004 3601 1073 Πέτρου.

2009 1112 2119 1166 Καὶ
2146 1110 2301 1181 ὁρᾷς,
2344 1108 2427 1162 ὃτι
2468 1108 2533 1161 τὸ
2566 1104 2918 1178 διανοηθῆναι
2951 1104 3086 1173 ἡμῖν
3112 1101 3346 1162 δίδωσιν,
3374 1099 3459 1151 ὅτι
3491 1095 3609 1148 τῶν

2008 1199 2104 1254 δύο
2151 1199 2261 1253 τῶν
2317 1197 2806 1269 ἀκολουθησάντων
2865 1191 3322 1266 μαθητευομένων
3375 1190 3476 1259 μὲν
3528 1186 3611 1257 τῷ

2010 1290 2256 1364 Ἰωάννῃ,
2288 1290 2348 1358 ἐξ
2373 1284 2449 1345 ὧν
2479 1289 2601 1352 ἑνὸς
2628 1289 2691 1342 τὸ
2725 1288 2897 1358 ὄνομα
2935 1286 3179 1361 εἴρηκεν,
3219 1280 3611 1352 ὃτιῘΑνδρέας

2010 1380 2098 1456 ἦν,
2136 1382 2233 1436 τοῦ
2260 1383 2319 1436 δὲ
2346 1382 2509 1436 ἀλλου
2554 1382 2656 1435 οὐκ
2698 1379 2941 1452 εἴρηκενο
2969 1376 3047 1440 ὡς
3088 1372 3414 1429 διανοεῖσθαι
3450 1372 3614 1442 ἡμᾶς

2010 1476 2201 1530 τοῦτον
2221 1471 2383 1539 εἶναι,
2403 1467 2467 1527 οὗ
2483 1471 2547 1526 τὸ
2566 1472 2740 1542 ὄνομα
2757 1470 2858 1523 οὐκ
2877 1467 3091 1540 εἴρηκε,
3113 1464 3203 1520 διά
3220 1464 3282 1517 τὺ
3298 1464 3611 1534 ὀμόχωρον,

2011 1568 2102 1622 διά
2136 1568 2198 1622 τὺ
2227 1565 2518 1636 σύσκηνον,
2554 1563 2645 1617 διά
2673 1563 2734 1615 τὸ
2762 1561 3076 1631 ὁμότεχνον,
3105 1556 3195 1610 διὰ
3226 1554 3289 1609 τὸ
3314 1553 3610 1630 όμοεργές·

2013 1659 2047 1728 ἢ
2088 1659 2181 1712 τὸν
2209 1657 2464 1726 Ἰωάννην
2505 1649 2668 1717 εἶναι,
2701 1652 2735 1723 ἢ
2769 1651 2861 1704 τὸν
2897 1648 3175 1712 Ἰάκωὸον,
3216 1647 3315 1700 ἕνα
3338 1645 3451 1698 τῶν
3475 1644 3618 1698 υἱῶν

2015 1749 2325 1804 Ζεϐεδαίου.
2388 1746 2539 1800 Ἔδει
2599 1743 2709 1814 γάρ
2758 1740 2986 1804 τούτους
3043 1740 3261 1810 πρῶτον
3311 1736 3614 1807 κληθῆναι·

327 1852 608 1921 oportuit;
638 1861 754 1907 tum
783 1852 1045 1923 deinceps
1078 1850 1415 1923 Philippum,
1452 1870 1564 1924 quo
1596 1853 1654 1907 in
1675 1851 1919 1924 Evange-

2029 1841 2212 1895 ἔπειτα
2243 1839 2335 1894 τὸν
2358 1838 2647 1899 Φίλιππον,
2685 1833 2831 1889 κατά
2852 1833 2953 1904 τὴν
2986 1829 3327 1894 ἀκολουθίαν,
3351 1828 3431 1891 ὡς
3451 1829 3622 1881 τέτα-

329 1941 420 1997 liis
465 1942 658 1997 ordine
711 1951 1092 1998 numerantur.
1168 1941 1367 1999 Petrus
1416 1945 1627 2015 primus
1657 1984 1672 2008 ,
1720 1943 1918 1999 deinde

332 2032 601 2101 Andreas,
631 2042 744 2089 tum
784 2033 1056 2101 Jacohus,
1098 2035 1224 2091 inde
1271 2033 1534 2101 Joannes,
1573 2043 1762 2108 postea
1801 2033 1923 2089 Phi-

331 2126 532 2197 lippus.
584 2125 691 2183 Sed
731 2128 797 2184 de
838 2128 907 2184 iis
952 2129 1243 2184 hactenus.
1288 2127 1535 2218 Longius
1577 2128 1725 2184 enim
1770 2134 1921 2198 patet

332 2218 438 2274 ista
466 2218 789 2290 disputatio.

404 2398 521 2453 XV.
556 2398 715 2457 Nunc
746 2400 814 2457 ad
851 2402 907 2458 id
932 2402 1080 2474 quod
1106 2409 1226 2459 erat
1257 2402 1312 2457 in
1341 2402 1647 2472 quaestione
1678 2400 1917 2456 redeun-

334 2489 465 2545 dum
495 2502 601 2558 εει,
625 2494 909 2559 nimirum,
945 2495 1351 2553 observandum
1386 2494 1522 2549 illud
1549 2509 1693 2560 esse,
1724 2507 1918 2564 quent-

338 2581 634 2639 admodum
674 2585 755 2641 illi
786 2588 910 2642 ctim
946 2586 1178 2643 Joannis
1221 2598 1413 2644 essent
1449 2585 1732 2656 discipuli,
1760 2585 1923 2655 eique

336 2684 605 2732 navarent
650 2691 899 2748 operam,
932 2678 1079 2749 apud
1120 2676 1309 2734 Iesum
1346 2677 1525 2749 prima
1568 2677 1660 2732 die
1697 2690 1921 2732 manse-

340 2774 490 2822 runt.
525 2767 571 2822 A
603 2782 712 2839 quo
746 2770 1012 2841 postridie
1039 2769 1296 2843 digressi,
1339 2770 1540 2825 iterum
1586 2768 1654 2823 ad
1702 2769 1923 2838 piscan-

336 2859 468 2915 dum
512 2861 719 2918 reversi
766 2870 919 2929 sunt,
955 2863 1037 2918 uti
1080 2871 1411 2918 ceterorum
1460 2862 1923 2933 evangelistarum

339 2954 586 3010 narratio
629 2954 897 3010 continet.
934 2953 1149 3010 Etenim
1193 2954 1289 3010 ubi
1338 2952 1502 3010 Jesus
1543 2961 1763 3025 postera
1805 2954 1927 3008 luce

338 3046 624 3111 discessit,
661 3048 847 3104 statim
877 3047 1195 3119 evangelica
1225 3047 1361 3103 illud
1396 3047 1628 3103 historia
1659 3047 1884 3118 subiicit
1910 3064 1924 3101 :

2019 1935 2220 1988 κταιὲν
2236 1935 2347 1996 τοῖς
2377 1927 2749 1999 Εὑαγγελίοις·
2780 1924 2988 1995 Πέτρος
3014 1921 3248 1994 πρῶτος,
3274 1920 3469 1974 ἔπειτα
3492 1920 3621 1971 ‘Av—

2017 2027 2201 2098 δρέας,
2250 2021 2371 2080 εἶτα
2420 2020 2703 2084 Ἰάκωϐος,
2743 2013 2865 2071 εἶτα
2901 2015 3178 2085 Ἰωάννηςσ
3215 2011 3356 2084 μετὰ
3382 2010 3624 2073 τούτους

2019 2118 2307 2180 Φίλιππος.
2340 2114 2507 2168 Ἀλλά
2549 2111 2680 2181 περὶ
2718 2109 2925 2163 τούτων
2955 2105 3026 2160 τά
3065 2104 3162 2160 νῦν
3198 2103 3380 2158 ὲάσθω
3409 2100 3621 2169 λέγειν.

2021 2209 2198 2281 Πολλὴ
2243 2209 2353 2280 γάρ
2395 2210 2542 2261 ἐστιν
2589 2206 2624 2275 ἠ
2670 2203 2772 2273 τῆς
2817 2197 3205 2273 πραγματείας
3246 2194 3457 2264 ταύτης
3486 2193 3629 2246 ἀκο-

2020 2303 2227 2358 λουθία.

2092 2421 2194 2474 lE'.
2227 2419 2322 2482 Εἰς
2348 2416 2404 2470 δὲ
2430 2415 2493 2469 τὸ
2522 2411 2857 2485 ζητούμενον
2887 2404 3297 2477 ἀνακαμπτέον,
3333 2403 3477 2473 ὅπερ
3501 2403 3630 2455 ἐστὶ

2018 2514 2382 2582 κατανοῆσαι,
2422 2509 2526 2571 ὅτι,
2584 2505 2838 2574 καθάπερ
2888 2501 2967 2571 τῷ
3028 2499 3253 2569 Ἰωάννῃ
3289 2494 3391 2567 ήδη
3447 2494 3632 2564 μαθηο

2022 2604 2323 2674 τευόμενοι,
2359 2601 2455 2653 καὶ
2484 2601 2552 2670 τῇ
2586 2595 2853 2669 μαθητείᾳ
2878 2591 3323 2664 προσανέχοντες,
3352 2587 3633 2651 (beati-.1»;

2025 2698 2118 2752 καὶ
2147 2696 2295 2767 παρά
2324 2692 2403 2765 τῷ
2440 2690 2618 2763 Ἰησοῦ
2665 2689 2992 2760 ποιήσαντες
3023 2682 3247 2755 πρώτην
3290 2680 3540 2751 ἡμέραν,
3560 2681 3633 2751 τῇ

2025 2788 2153 2858 ἑξῆς
2197 2785 2547 2847 ἀπελθόντες,
2596 2780 2759 2835 πάλιν
2802 2781 2861 2832 ὲν
2922 2779 2988 2848 τῇ
3034 2775 3162 2847 ἁλίᾳ
3199 2772 3521 2844 ἐσχόλαζον,
3553 2770 3634 2836 ὡς

2027 2868 2245 2948 ἔχουσιν
2308 2876 2364 2928 αἱ
2435 2869 2747 2927 ἀκολουθίαι
2804 2867 2913 2921 τῶν
2993 2866 3197 2936 ἐτέρων
3246 2861 3632 2931 Εὐαγγελίων.

2028 2970 2185 3025 Μετά
2215 2968 2325 3038 γὰρ
2357 2967 2418 3020 τὸ
2448 2965 2547 3036 τὴν
2572 2962 2763 3035 αὔριον
2802 2958 3039 3027 ἐξελθεῖν
3062 2957 3153 3011 τὸν
3194 2954 3428 3026 Ἰησοῦν,
3462 2954 3638 3018 εὐθὺς

2031 3063 2066 3134 ὴ
2108 3058 2399 3116 ἀκολουθία
2445 3057 2680 3126 φάσκει,
2718 3054 2800 3108 ὅτι
2858 3049 2938 3119 Τῇ
2984 3049 3155 3118 τρίτῃ
3192 3047 3383 3116 ἡμέρᾳ
3672 3080 3685 3091 .

340 3139 440 3195 Die
474 3142 631 3194 tertia
666 3140 864 3208 nuptia:
909 3140 1071 3209 facta:
1115 3149 1240 3195 sunt
1287 3140 1345 3194 in
1381 3137 1534 3195 Cana
1571 3138 1847 3202 Galitww;
1878 3147 1926 3193 et

2031 3152 2269 3225 ἐγένετο
2322 3151 2391 3204 ἐν
2434 3146 2600 3214 Κανᾷ
2644 3145 2757 3213 τῆς
2787 3141 3155 3206 Γαλιλαίας·
3193 3138 3292 3193 καὶ
3327 3135 3408 3209 ἦν
3433 3138 3572 3192 ἐκεῖ
3596 3139 3638 3205 ή

339 3242 455 3285 erat
494 3241 665 3287 mater
693 3232 824 3288 Iesu
853 3232 950 3287 ibi.
992 3233 1221 3289 Vocatus
1253 3242 1333 3288 est
1372 3241 1551 3287 autem
1585 3242 1637 3287 et
1667 3231 1847 3298 Iesus,
1877 3242 1926 3287 et

2032 3246 2229 3318 μήτηρ
2263 3242 2369 3296 τοῦ
2418 3239 2628 3308 Ἰησοῦ.
2671 3236 2932 3302 Ἐκλήθη
2950 3231 3020 3287 δὲ
3060 3230 3162 3285 καὶ
3194 3233 3227 3283 ό
3272 3227 3513 3298 Ἰησοῦς
3532 3228 3636 3284 καὶ

342 3322 595 3393 discipuli
614 3324 729 3393 ejus
758 3326 830 3378 ad
861 3327 1077 3394 nuptias
1099 3326 1141 3378 ⁸.
1167 3324 1273 3380 Ubi
1299 3319 1376 3381 'ex
1407 3324 1715 3381 enUcleatis
1749 3326 1925 3379 utrin-

344 3429 455 3484 que
512 3414 854 3483 minutisque
909 3415 1096 3471 verbis
1151 3430 1220 3470 ac
1273 3414 1563 3470 sententiis
1618 3415 1927 3487 colligitur,

343 3505 627 3562 Christum
677 3506 818 3562 alios
865 3522 1057 3562 secum
1104 3506 1405 3562 adduxisse
1453 3504 1780 3577 discipulos,
1838 3510 1931 3578 qui

346 3609 476 3650 cum
515 3609 584 3650 eo
629 3605 1032 3651 remanserant.
1074 3595 1402 3667 Cujusmodi
1451 3594 1594 3652 forte
1633 3594 1935 3653 Natbanael

346 3685 474 3751 fuit,
503 3693 560 3741 et
597 3684 908 3758 Philippus,
950 3687 1157 3760 aliique
1191 3687 1481 3756 nonnulli;
1522 3703 1650 3743 nam
1682 3688 1935 3746 Andreas

344 3791 473 3835 cum
507 3779 627 3836 suis
668 3788 995 3837 recesserat.
1029 3779 1137 3848 Qui
1167 3797 1300 3838 vero
1336 3782 1483 3853 apud
1521 3782 1677 3838 illum
1717 3799 1939 3841 manse-

346 3880 496 3941 rant,
535 3888 663 3930 cum
695 3889 763 3931 eo
792 3874 862 3929 ad
899 3875 1126 3947 nuptias
1156 3874 1376 3931 invitati
1406 3883 1557 3931 sunt.
1586 3874 1787 3933 Postea
1808 3891 1937 3932 cum

347 3967 592 4038 primum
621 3967 757 4023 illud
786 3969 1101 4041 prodigium
1148 3967 1395 4035 fecisset,
1445 3969 1503 4024 in
1553 3968 1943 4041 Capharnaiti—

350 4074 477 4114 cum
527 4074 719 4131 agrum
757 4060 1040 4132 profectus
1089 4060 1294 4116 ibidem
1344 4060 1613 4117 habitavit
1658 4080 1673 4121 :
1714 4078 1784 4118 ex
1830 4077 1942 4133 quo

350 4157 603 4221 tempore
653 4152 762 4206 alia
813 4152 1076 4223 deinceps
1122 4152 1393 4208 miracula
1444 4154 1613 4224 coepit
1652 4154 1837 4218 edere,
1884 4161 1943 4209 ut

353 4257 482 4295 cum
505 4241 717 4296 aridam
741 4242 981 4299 hominis
1007 4259 1231 4298 manum
1256 4244 1482 4300 sanitati
1511 4245 1774 4299 restituit.
1802 4245 1941 4300 Tum

2038 3341 2092 3392 oi
2115 3334 2367 3404 μαθηταὶ
2390 3331 2576 3386 αὐτοῦ
2595 3332 2682 3396 εὶς
2711 3329 2821 3381 τὸν
2852 3326 3062 3396 γάμον.
3105 3320 3239 3374 ’Δπδ
3260 3321 3317 3373 δὲ
3349 3319 3640 3390 ἑκατέρων

2037 3428 2147 3484 τῶν
2172 3429 2274 3496 τῆς
2294 3424 2650 3492 λεπτολογίας
2687 3420 2949 3493 ῥημάτων
2989 3417 3086 3471 καὶ
3113 3412 3430 3467 ὑποθέσεων
3458 3411 3641 3465 ἰστέον

2040 3522 2211 3585 ἐστὶν,
2242 3521 2325 3574 ὃτι
2355 3519 2449 3571 καὶ
2477 3517 2700 3588 ἑτέρους
2736 3510 3158 3585 συμπαρείληφε
3198 3505 3477 3579 μαθητὰς,
3499 3505 3639 3557 οἵτι-

2042 3634 2131 3680 νες
2162 3615 2261 3668 σὺν
2313 3609 2460 3680 αὑτῷ
2489 3609 2733 3681 ἔμειναν.
2785 3605 2939 3675 Τάχα
2984 3603 3043 3656 δὲ
3077 3602 3127 3655 οἱ
3156 3600 3287 3671 περὶ
3309 3595 3643 3668 Ναθαναὴλ,

2044 3705 2140 3759 καὶ
2163 3703 2449 3764 Φίλιππον,
2469 3701 2564 3753 καὶ
2594 3697 2743 3753 ἄλλοι
2766 3695 2932 3759 τινές.
2972 3694 3036 3747 Οἱ
3058 3691 3168 3764 γάρ
3208 3687 3337 3763 περὶ
3375 3686 3647 3757 Ἀνδρέαν

2045 3793 2424 3868 ἀνεχώρησαν.
2448 3793 2512 3846 Οἱ
2536 3791 2592 3844 δὲ
2611 3807 2687 3843 πα
2696 3789 2742 3862 ρ’
2767 3785 2915 3857 αὐτῷ
2934 3782 3305 3858 μεμενηκότες
3322 3779 3647 3851 ἐκλήθησαν

2047 3895 2143 3949 καὶ
2200 3892 2352 3946 αὐτοὶ
2411 3890 2492 3952 εἰς
2531 3888 2659 3949 τοὺς
2705 3884 2940 3954 γάμους.
2980 3880 3092 3934 Καὶ
3130 3876 3269 3950 μετά
3308 3875 3373 3928 τὸ
3411 3874 3648 3945 ποιῆσαι

2047 3987 2206 4042 τοῦτο
2246 3984 2459 4055 πρῶτον
2518 3981 2763 4050 σημεῖον,
2816 3971 3093 4029 κατελθὼν
3147 3972 3227 4032 εἰς
3259 3967 3330 4021 τά
3371 3966 3519 4039 μέρη
3542 3966 3651 4035 τῆς

2049 4074 2431 4148 Καφαρναοὺμ
2457 4069 2626 4124 ἐλθὼν
2678 4066 2989 4137 κατῴκησε*
3025 4064 3120 4117 καὶ
3171 4058 3358 4115 λοιπὸν
3434 4060 3651 4128 σημεῖα

2050 4170 2169 4224 ἐκεῖ
2209 4166 2322 4240 (58)
2366 4165 2596 4237 ἄρχεται
2645 4158 2974 4233 ἐργάζεσθαι
3016 4156 3209 4227 ἔτερα·
3255 4155 3347 4207 ὅτε
3389 4150 3493 4222 τὴν
3548 4149 3649 4203 τοῦ

2054 4258 2226 4331 ξηρὰν
2259 4255 2475 4327 ἔχοντος
2508 4255 2667 4324 χεῖρα
2694 4251 2899 4305 ἰάσατο.
2937 4247 3097 4301 Ἀλλά
3119 4246 3216 4300 καὶ
3238 4244 3338 4315 τὴν
3368 4242 3654 4315 πενθεράν

353 4331 504 4387 Petri
535 4346 758 4388 socrum
786 4335 1024 4390 curavit.
1060 4334 1159 4390 Hic
1187 4337 1336 4392 enim
1359 4334 1651 4392 Bethsaida
1674 4338 1926 4393 oriunda:

2052 4350 2147 4406 τοῦ
2180 4349 2408 4419 Πέτρου,
2444 4345 2540 4400 τοῦ
2573 4345 2672 4416 μὲν
2712 4342 2823 4398 ἀπὸ
2859 4340 3135 4412 Βηθσαῖδᾶ
3160 4338 3335 4403 ὄντος,
3358 4340 3651 4408 γήμαντος

356 4442 424 4483 ex
458 4425 663 4496 oppido
701 4425 1089 4498 Capharnaum
1132 4445 1363 4485 uxorem
1396 4429 1650 4497 duxerat,
1684 4447 1807 4502 quae
1835 4431 1926 4486 dm

2053 4441 2110 4495 δὲ
2126 4438 2234 4493 ἀπὸ
2263 4436 2665 4506 Καφαρναοὺμ,
2699 4433 2918 4505 μακρὰν
2939 4432 2959 4463 ³
2978 4430 3155 4485 ὄντων
3174 4428 3283 4483 τῶν
3312 4427 3501 4481 τόπων
3523 4425 3653 4480 τοὺ·-

357 4521 561 4594 oppida
596 4522 742 4578 haud
778 4524 970 4594 procul
1001 4539 1031 4579 a
1067 4540 1127 4580 se
1161 4524 1398 4579 invicem
1432 4524 1632 4581 dissita
1666 4533 1816 4583 sunt.
1844 4525 1919 4582 So

2048 4548 2158 4586 των
2173 4528 2252 4599 τῷ
2283 4527 2633 4598 διαστήματι,
2667 4523 2870 4594 ταύτην
2905 4521 3014 4576 ἀπὸ
3040 4519 3135 4574 τοῦ
3171 4517 3411 4591 πυρετοῦ
3442 4515 3649 4571 διασώ-

355 4631 492 4673 crus
525 4615 696 4686 igitur
726 4613 874 4672 Petri
906 4630 938 4670 a
972 4614 1222 4672 febribus
1252 4616 1484 4672 liberata
1513 4624 1740 4687 repente
1774 4616 1926 4671 mini-

2055 4620 2160 4685 ζει,
2193 4617 2289 4671 καὶ
2338 4614 2737 4687 θεραπευθείσα
2773 4611 3011 4682 διηκόνει
3035 4627 3049 4641 ·
3077 4609 3220 4662 ὥστε
3257 4603 3401 4660 εἶναι
3439 4606 3651 4677 ταύτην

357 4706 579 4762 stravit.
615 4705 711 4763 Sic
748 4706 895 4763 enim
932 4707 1274 4762 narrationis
1315 4706 1456 4763 ordo
1487 4709 1815 4778 pertexitur.
1852 4707 1926 4762 Hi:

2052 4707 2395 4766 ἀκολουθίαν.
2447 4706 2557 4760 Καὶ
2602 4703 2738 4773 μετά
2769 4700 2943 4755 ταῦτα
2978 4700 3139 4753 πάλιν
3184 4695 3352 4751 αὑτοῦ
3382 4695 3653 4767 ἀναστρὲ-

360 4801 435 4855 ita
474 4800 646 4871 gestis
683 4799 1039 4865 Nazaretum,
1091 4801 1184 4856 ubi
1227 4800 1499 4858 educatus
1533 4801 1737 4865 fuerat,
1768 4801 1926 4857 denm

2051 4800 2254 4873 ψαντος
2299 4800 2379 4864 εἰς
2422 4799 2521 4869 τὴν
2553 4795 2835 4867 Ναζαρὲτ,
2870 4794 3004 4847 ὅπου
3036 4788 3102 4863 ἦν
3136 4788 3651 4861 ἀνατεθραμμένος.

359 4894 676 4950 revertitur.
711 4893 850 4948 Tum
882 4894 1110 4956 demum.
1144 4894 1300 4949 Isaiae
1326 4894 1606 4964 prophetae
1636 4894 1839 4950 librum
1873 4894 1926 4950 le

2054 4893 2190 4947 Τότε
2220 4891 2431 4961 ἀνέγνω
2458 4890 2521 4942 τὸ
2556 4888 2757 4959 βιϐλίον
2783 4886 3003 4939 Ἡσαΐου
3027 4883 3122 4937 τοῦ
3148 4882 3456 4953 προφήτου,
3482 4880 3653 4934 αὐτοῦ

359 4984 460 5054 git,
483 4986 707 5055 quando
736 4996 791 5043 et
819 4986 1183 5057 occupatione
1210 4986 1451 5057 quadam
1484 4987 1567 5043 sic
1592 4987 1719 5042 illos
1740 4988 1926 5043 allocu'

2054 4985 2242 5039 λοιπὸν
2264 4982 2630 5056 προλαϐόντος
2649 4979 2870 5043 αὐτοὺς,
2897 4978 2993 5031 καὶ
3002 4975 3275 5045 λέγοντος,
3299 4975 3384 5027 ὅτι
3401 4972 3654 5035 Πάντως

360 5083 454 5133 tus
484 5084 572 5134 est
600 5096 615 5133 :
648 5077 839 5150 Utique
873 5078 1061 5135 dicetis
1093 5077 1226 5134 mihi
1262 5078 1399 5133 hanc
1434 5078 1751 5147 parabolam
1786 5093 1805 5132 :
1835 5076 1926 5132 Me

2056 5074 2243 5146 ἐρεῖτέ
2276 5092 2380 5145 μοι
2420 5073 2536 5143 τὴν
2565 5069 2920 5142 παραϐολήν
2938 5086 2951 5098 ·
3010 5066 3216 5134 Ἰατρέ,
3270 5064 3656 5134 θεράπευσον

436 5281 451 5310 ¹
486 5279 647 5335 Joan.
679 5294 717 5344 ι,
743 5278 814 5333 42
843 5293 965 5349 sqq.
1040 5279 1061 5309 '
1086 5274 1245 5331 Joan.
1280 5276 1391 5342 tt,l
1435 5292 1536 5348 sqq
1636 5276 1658 5308 ³
1698 5275 1860 5332 Deest
1893 5291 1926 5330 ο

2029 5290 2087 5331 or
2112 5275 2176 5328 οὐ
2211 5291 2323 5346 μακ
2332 5292 2379 5347 ρ.

435 5452 549 5525 βε)
580 5453 690 5525 Καὶ
742 5449 1219 5525 λοιπὸνῌσημεῖα
1284 5449 1427 5521 ἐκεῖ.
1459 5447 1593 5505 Post
1638 5449 1955 5525 nuptiarum

365 5519 604 5578 ofﬁcium
654 5524 911 5580 Christus
950 5519 1343 5591 Capharnau_m
1398 5535 1527 5591 sese
1560 5521 1815 5585 contulit,
1864 5519 1958 5575 ubi

369 5594 615 5660 prodigia
639 5595 807 5648 multa
832 5588 1047 5661 patrata
1069 5591 1243 5645 credit
1262 5588 1628 5661 Epiphanius,
1656 5592 1805 5646 velut
1832 5604 1959 5661 cum

372 5659 594 5714 Sacrum
621 5661 765 5717 Petri
796 5659 1118 5717 febrientem
1133 5659 1382 5725 curavit,
1399 5668 1453 5715 et
1479 5661 1690 5715 aridam
1717 5659 1960 5715 hominis

381 5742 606 5799 manum
636 5731 898 5786 restituit.
958 5729 1064 5785 Sed
1096 5744 1376 5799 perperam
1406 5731 1524 5785 haec
1551 5732 1662 5783 duo
1694 5733 1960 5784 miracula

380 5801 436 5855 in
498 5797 641 5854 idem
697 5804 911 5871 tempus
954 5797 1225 5870 conjecta.
1283 5799 1417 5854 Nam
1448 5800 1703 5867 alterum,
1738 5800 1842 5855 hoc
1873 5807 1959 5854 est

2059 5448 2229 5505 aridae
2264 5464 2460 5503 manus
2489 5445 2785 5506 restitutio.
2824 5444 2983 5515 longe
3010 5448 3135 5513 post
3168 5441 3326 5515 prius
3360 5440 3497 5494 illud
3516 5457 3663 5515 Acon-

2059 5519 2204 5590 tigit,
2267 5521 2529 5590 nimirum
2584 5525 2707 5587 post
2738 5510 3348 5590 Pasclia;:_secu_ndu_m
3379 5511 3531 5581 quod
3567 5527 3665 5590 per

2060 5581 2335 5660 sa'ta'cu'm
2379 5581 2678 5660 discipulis
2721 5584 2961 5660 transiit.
3011 5581 3118 5660 _Sed
3150 5582 3237 5660 de_
3265 5582 3343 5660 iis
3366 5581 3663 5660 posteaad

2060 5676 2120 5716 n.
2158 5659 2411 5733 XXVIIZ
2442 5652 2708 5733 Imposuit
2768 5654 3075 5733 Epiphanio
3115 5652 3417 5733 multiplex
3460 5667 3531 5709 ac
3581 5653 3665 5709 di-

2062 5746 2257 5789 versus
2286 5732 2351 5787 ad
2378 5724 2762 5802 Capharnaum
2790 5724 2971 5783 aditus
2996 5724 3227 5779 Christi.
