3918 6192
294 447 399 503 017

1006 422 1379 539 Αονειξευε
1420 446 1761 503 1ιῶΙίεὸΕὸ
1802 445 1891 502 ut

1997 445 2027 505 Ι.
2068 445 2231 503 TOM.
2267 447 2308 502 1.
2335 445 2698 502 -ΗΑΞΒΕ5,
2732 444 2792 500 Ll

3456 433 3565 493 918

296 570 578 626 σεαυτόν.
626 567 777 623 Ὅσα
834 566 1187 637 ἠκούσαμεν
1231 568 1447 637 σημεῖα
1494 569 1787 638 γενόμενα
1814 568 1891 622 ἐκ

1997 568 2121 633 dice,
2149 583 2278 623 cura
2308 569 2552 638 teipsum.
2588 566 2804 634 Quanta
2831 562 3132 617 audivimus
3156 561 3307 632 signa
3339 560 3485 628 facta
3510 558 3566 612 in

296 661 723 732 Καφαρναοὺμ,
748 659 1012 726 ποίησον
1031 658 1128 712 καί
1146 652 1264 711 ὦδε
1290 658 1360 711 ἐν
1390 657 1461 726 τῇ
1486 657 1722 728 πατριδι
1742 675 1880 713 σου.

367 753 481 809 Καὶ
505 754 660 824 ὁρᾷς,
689 751 763 815 ὡς
799 749 917 804 ἐστι
947 750 1046 821 τῆς
1067 748 1327 820 ἀληθείας
1358 751 1391 821 ὴ
1420 748 1748 815 ἀκολουθίας
1773 749 1885 803 Καὶ

295 845 398 898 οὐκ
429 841 653 913 ἐποίησε
684 840 775 895 διὰ
813 839 914 911 τὴν
955 839 1213 893 ἀπιστίαν
1245 838 1424 893 αὐτῶν
1443 880 1459 905 ,
1491 839 1679 910 φησὶν,
1709 838 1882 893 οὐδέν.

298 932 565 989 Κάκεῖθεν
597 929 883 1004 παρελθὼν
906 932 986 995 είς
1023 931 1122 1002 τὴν
1142 931 1523 1002 Καφαρναοὺμ
1546 929 1720 997 πόλιν,
1757 947 1886 984 κατ-

296 1026 501 1099 ῲκησε.
557 1023 664 1079 Καὶ
707 1021 877 1077 ὲλθὼν
920 1023 1003 1087 είς
1041 1022 1111 1076 τά
1155 1021 1294 1094 μέρη
1329 1021 1432 1092 τῆς
1478 1020 1783 1093 θαλάσσης,
1810 1021 1887 1087 ὥς

300 1129 463 1184 φησι)
488 1115 518 1167 ὀ
550 1111 850 1176 Ματθαῖος,
890 1106 1014 1166 εἶδε
1046 1112 1284 1182 Σίμωνα
1318 1111 1568 1180 Πέτρον,
1610 1110 1711 1165 καί
1760 1112 1889 1167 Ἀν-

297 1203 479 1272 δρέαν
504 1203 610 1258 τὸν
636 1203 908 1273 ἀδελφὸν
947 1203 1135 1258 αὐτοῦ
1157 1201 1511 1270 βάλλοντας
1541 1203 1613 1258 τὰ
1638 1203 1852 1258 δίκτυα
1872 1223 1885 1236 ο

301 1301 396 1351 καὶ
441 1297 604 1352 πάλιν
664 1295 922 1352 Ἰάκωϐον
968 1297 1063 1350 καὶ
1105 1297 1360 1369 Ἰωάννην
1393 1298 1544 1361 υἱοὺς
1576 1296 1885 1363 Ζεϐεδαίου,

300 1389 395 1443 καὶ
421 1389 483 1443 τὸ
526 1388 706 1443 τέλεον
751 1388 949 1452 αὐτοὺς
977 1388 1226 1443 ἐκάλεσε.
1270 1390 1384 1444 Καὶ
1418 1389 1674 1460 ῥίψαντες
1696 1388 1889 1443 ’λοιπὸν

297 1478 367 1533 τὰ
397 1477 609 1544 δίκτυα,
642 1476 1017 1550 ἠκολούθησαν
1049 1476 1220 1549 αὐτῷ.
1264 1476 1326 1534 ’0
1349 1478 1409 1532 δὲ
1433 1474 1648 1543 ιῖουκᾶς
1671 1480 1766 1533 καὶ
1789 1479 1890 1549 τὴν

298 1570 585 1644 ἀκρίϐειαν
614 1572 873 1643 σημαίνει
897 1570 993 1625 τοῦ
1023 1571 1373 1643 πράγματος,
1401 1571 1483 1625 διὸ
1506 1573 1522 1603 ¹
1548 1573 1643 1627 καὶ
1663 1572 1889 1644 ἠκολού-

300 1662 474 1734 θησαν
512 1662 700 1716 λοιπὸν
734 1661 1161 1734 ἀμετάτρεπτοι,
1200 1662 1400 1733 μηκέτι
1460 1661 1889 1734 ἀναϐαλλόμενοι

298 1756 399 1827 τῆς
447 1756 712 1828 κλήσεως,
767 1756 968 1827 φήσας,
1023 1756 1107 1828 δτι
1154 1754 1434 1820 Ἐλθόντος
1464 1754 1631 1809 αὐτοῦ
1662 1755 1757 1809 ἐπὶ
1790 1754 1889 1827 τὴν

297 1825 494 1923 λίμνην
526 1825 887 1923 Γεννησαρὲθ,
922 1825 1292 1921 εἷδέΣίμωνα
1326 1850 1421 1903 καὶ
1471 1849 1725 1921 ’Δνδρέαν
1757 1825 1890 1904 κατ-

297 1909 620 2013 αρτίέοντας
677 1909 748 1997 τὰ
771 1909 984 2006 δίκτυα,
1024 1909 1323 2013 καὶ-ἀνέϐη
1371 1943 1451 2006 είς
1512 1941 1574 1995 τὸ
1599 1909 1818 2008 πλοῖον,
1860 1941 1889 1995 δ
1922 1909 1964 1967 Β

295 2031 365 2106 ἦν
411 2035 672 2106 Σίμωνος,
737 2036 891 2106 φησὶ,
946 2035 1156 2106 Πέτρου
1189 2035 1285 2089 καὶ
1329 2033 1600 2104 Ἀνδρέου.
1625 2032 1800 2087 Τοῦτο
1822 2032 1880 2092 δὲ

300 2127 579 2198 σημαίνει,
627 2127 702 2191 ὡς
760 2127 860 2199 ἤδη
894 2127 1045 2192 ὄντος
1078 2126 1246 2180 αὑτοῦ
1288 2127 1346 2179 ὲν
1382 2128 1494 2189 τοῖς
1517 2127 1537 2158 ⁸
1571 2125 1631 2178 ὲν
1665 2124 1885 2195 γνώσει.

299 2219 394 2272 Διὸ
420 2218 510 2272 διὰ
539 2220 640 2290 τὴν
674 2217 963 2289 συνήθειαν
986 2218 1081 2271 καὶ
1114 2218 1463 2289 προσήκαντο
1485 2231 1501 2249 °
1532 2217 1628 2271 καὶ
1653 2215 1889 2271 ἀνελθὼν

300 2309 574 2364 ἐκάθισεν.
622 2305 758 2363 Εἶτα
803 2308 949 2378 λέγει
988 2307 1067 2380 τῷ
1100 2308 1293 2383 Πέτρῳ
1327 2308 1467 2380 μετά
1505 2306 1607 2381 τὴν
1631 2309 1890 2364 διδασκα-

299 2401 450 2456 λίανο
486 2400 863 2471 Ἐπανάγαγε
883 2403 970 2468 είς
994 2400 1059 2455 τὸ
1083 2402 1300 2468 βάθος,
1332 2401 1431 2458 καί
1475 2401 1791 2472 χαλάσατε
1816 2405 1890 2458 τὰ

294 2493 534 2549 δίκτυα.
579 2495 644 2547 Οἱ
677 2491 745 2547 δὲ
773 2489 945 2547 εἷπον
964 2509 978 2523 ³
1027 2491 1372 2548 Ἐπιστάτα.
1400 2492 1535 2565 Ἤδη
1553 2493 1660 2566 γάρ
1681 2493 1769 2549 διὰ
1790 2495 1890 2567 τὴν

300 2584 395 2637 τοῦ
439 2584 686 2639 Ἰωάννου
721 2583 1028 2654 μαρτυρίαν
1063 2583 1363 2653 ἐπιστάτην
1393 2583 1554 2637 αὐτὸν
1584 2584 1813 2638 ἐκάλουν
1839 2586 1889 2638 οἱ
1928 2580 1933 2587 ⁸

306 2674 571 2748 πρότερον
598 2674 762 2730 αὐτοῦ
786 2674 1139 2740 ἀκούσαντες,
1169 2676 1250 2728 ὅτι
1288 2674 1443 2729 Ἰδοὺ
1483 2677 1515 2729 ὁ
1550 2676 1755 2745 Ἀμνύς
1782 2676 1889 2730 τοῦ

308 2766 477 2829 Θεοῦ,
500 2769 534 2820 ὀ
549 2766 733 2835 αἴρων
759 2766 875 2834 τὴν
902 2767 1197 2836 ἁμαρτίαν
1214 2766 1321 2821 τοῦ
1342 2767 1576 2837 κόσμου
1599 2783 1610 2796 ·
1646 2769 1743 2822 καὶ
1806 2769 1889 2822 ὅτι

303 2857 433 2929 παρ’
479 2856 627 2928 αὑτῷ
661 2856 882 2929 ἔμειναν
907 2856 1004 2929 τὴν
1025 2857 1270 2929 ἡμέραν,
1294 2859 1389 2912 καὶ
1411 2859 1490 2921 είς
1516 2857 1614 2930 τὴν
1634 2858 1890 2932 δευτέραν

304 2946 548 3020 ἐξῆλθον.

372 3038 686 3094 Μετὲπειτα
747 3041 806 3095 ὲν
848 3043 914 3111 τῇ
941 3039 1088 3112 ἄγρᾳ
1114 3038 1224 3092 τῶν
1262 3038 1458 3111 ἰχθύων
1493 3039 1889 3112 θαυμασάντων

304 3130 504 3195 αὐτῶν,
526 3132 618 3184 καὶ
645 3132 856 3204 Πέτρου
880 3131 1127 3201 λέγοντος
1145 3148 1160 3163 ο
1196 3131 1449 3196 Ἔξελθε
1471 3132 1572 3187 ἀπ’
1598 3131 1764 3202 ἐμοῦ,
1802 3131 1891 3186 ὅτι

1986 660 2392 730 Capharnaum,
2421 658 2510 729 fac
2537 658 2621 712 hic
2649 659 2703 710 in
2730 657 2909 725 patria
2946 664 3039 710 tua
3060 654 3101 708 ³.

2060 750 2249 808 Viden’
2276 765 2442 823 quam
2473 750 2546 807 sit
2576 749 2827 805 veritatis
2856 754 3113 804 conserta
3135 745 3569 812 continuataque

1986 841 2193 899 series?
2224 840 2492 897 Caeterum
2532 839 2744 894 nullum
2782 837 2856 892 ibi
2887 844 3107 908 propter
3139 837 3359 891 illorum
3388 837 3568 892 incre-

1986 933 2273 989 dulitatem
2323 932 2542 1003 signum
2596 929 2789 987 edidit.
2839 928 2970 985 Inde
3014 928 3397 1000 Capharnaum
3442 941 3570 998 pro-

1989 1025 2185 1091 tectus,
2216 1025 2273 1079 in
2298 1039 2365 1080 eo
2391 1021 2596 1094 oppido
2626 1020 2850 1078 resedit.
2886 1018 3019 1077 Post
3041 1020 3109 1075 ad
3138 1018 3414 1073 maritima
3445 1020 3569 1074 loca

1987 1117 2324 1188 digrediens,
2358 1116 2526 1189 5,38
2562 1122 2792 1169 auctore
2826 1110 3105 1176 Matthaeo,
3137 1110 3267 1165 vidit
3303 1108 3567 1165 Simonem

1990 1207 2231 1274 Petrum,
2270 1216 2321 1263 et
2354 1206 2621 1261 Andream
2653 1203 2876 1273 fratrem
2906 1201 3023 1272 ejus
3064 1202 3331 1255 mittentes
3372 1199 3508 1253 retia
3526 1198 3566 1250 ⁵.

1989 1298 2128 1354 Tum
2164 1298 2431 1355 Jacobum
2464 1308 2521 1354 et
2553 1296 2821 1352 Joannem
2869 1294 3013 1350 ﬁlios
3055 1291 3324 1356 Zebedaai,
3359 1306 3422 1344 ac
3448 1304 3572 1360 per—

1992 1391 2134 1448 fecte
2173 1391 2396 1447 demum
2445 1391 2571 1446 illos
2615 1387 2886 1445 evocavit.
2924 1386 3026 1453 Qui
3082 1386 3294 1441 retibus
3344 1384 3574 1454 abiectis

1989 1484 2163 1540 secuti
2199 1492 2328 1540 sunt
2356 1484 2538 1555 ipsum
2562 1483 2605 1538 '.
2637 1481 2811 1549 Quam
2850 1495 2964 1536 rem
3007 1477 3425 1535 accuratissime
3461 1474 3571 1529 Lu-

1989 1590 2084 1631 cas
2108 1576 2403 1646 expressit,
2438 1589 2538 1630 cur
2567 1574 2642 1628 ita
2673 1572 2848 1631 secuti
2880 1572 3014 1638 sint,
3050 1585 3336 1642 nunquam
3369 1578 3430 1624 ut
3455 1583 3572 1622 am-

1991 1668 2136 1740 plius
2158 1667 2551 1734 discesserint;
2578 1681 2681 1721 nee
2702 1665 2882 1721 vocati
2902 1662 3347 1721 distulerint.~lta
3371 1662 3574 1732 quippe

1991 1760 2219 1832 scripsit
2251 1780 2266 1816 :
2297 1760 2437 1815 Cum
2465 1758 2533 1813 ad
2566 1759 2745 1812 lacum
2776 1756 3113 1816 Genesareth
3140 1756 3401 1820 venisset,
3427 1754 3575 1822 vidit

1994 1850 2277 1907 Simonem
2308 1859 2363 1907 et
2392 1850 2668 1907 Andream
2698 1850 3007 1906 reficientes
3035 1849 3170 1904 retia
3196 1865 3211 1916 ;
3246 1857 3301 1903 et
3325 1844 3576 1901 ascendit

1994 1945 2050 1999 in
2093 1944 2299 2009 navim,
2351 1957 2474 2014 qua:
2520 1949 2641 1998 erat
2690 1940 2933 1998 Simonis
2977 1940 3144 2001 Petri,
3185 1946 3241 1994 et
3272 1936 3503 1993 Andreae
3529 1937 3573 1992 ⁸.

1993 2035 2150 2103 Quod
2182 2034 2401 2107 quidem
2433 2035 2698 2099 declarat,
2726 2033 2841 2104 jam
2874 2033 3017 2089 inter
3048 2031 3201 2103 ipsos
3230 2030 3470 2102 aliquam
3499 2029 3578 2084 in-

1991 2128 2317 2184 tercessisse
2347 2127 2622 2183 notitiam.
2654 2125 2815 2181 Hunc
2844 2125 3014 2196 igitur
3042 2132 3267 2195 propter
3290 2121 3578 2177 familiari-

1992 2227 2157 2274 tatem
2210 2219 2513 2290 accipiunt,
2569 2228 2624 2275 et
2669 2219 2716 2274 is
2769 2232 3076 2274 conscenso
3129 2216 3349 2287 navigio
3412 2215 3575 2271 sedit.

1993 2309 2131 2366 Tum
2162 2317 2220 2364 ut
2251 2296 2450 2366 docere
2479 2311 2738 2381 populum
2768 2310 2953 2375 desiit,
2980 2308 3201 2365 Petrum
3233 2308 3308 2363 ita
3336 2309 3577 2378 compel-

1992 2403 2068 2457 lat
2102 2420 2116 2459 :
2150 2402 2327 2457 Reduc
2365 2405 2420 2458 in
2453 2403 2645 2469 altum,
2675 2413 2725 2456 et
2767 2403 2948 2458 laxate
2995 2403 3155 2457 retia.
3207 2402 3275 2455 At
3311 2401 3399 2467 illi.
3423 2401 3575 2455 dixe-

1991 2506 2143 2549 runt:
2160 2493 2460 2566 Pratceptor
2479 2503 2521 2550 τ,
2538 2493 2657 2549 Jam
2682 2494 2828 2549 enim
2852 2495 2923 2550 ob
2944 2493 3172 2550 Joannis
3200 2492 3575 2549 testimonium

1993 2596 2383 2659 praeceptorem
2429 2588 2583 2642 illum
2616 2588 2918 2653 vocabant;
2967 2601 3093 2641 cum
3138 2586 3207 2640 ab
3238 2600 3304 2640 eo
3338 2585 3575 2655 primum

1992 2680 2343 2738 audiissent:
2387 2678 2523 2735 Ecce
2566 2680 2742 2750 Agnus
2794 2678 2914 2744 Dei,
2970 2679 3061 2748 qui
3117 2677 3257 2733 tollit
3306 2686 3577 2745 peccatum

1993 2772 2249 2840 mundi";
2280 2779 2336 2827 et
2360 2770 2550 2827 eadem
2586 2771 2675 2827 die
2703 2786 2830 2827 cum
2862 2786 2928 2827 eo
2955 2769 3278 2827 commorati
3312 2768 3581 2840 postridie

1968 2864 2370 2921 ‘recessissent.

2064 3040 2196 3097 Post
2227 3040 2344 3098 haec
2384 3042 2439 3096 in
2485 3041 2695 3113 piscatu
2729 3040 3081 3096 vehementer
3112 3040 3263 3095 illum
3299 3039 3580 3094 admiran-

1995 3133 2163 3197 tibus,
2211 3147 2278 3188 ac
2313 3132 2530 3190 dicente
2560 3133 2723 3190 Petro
2757 3151 2770 3187 :
2803 3131 3026 3187 Discede
3063 3149 3097 3186 α
3127 3148 3229 3195 me,
3262 3134 3389 3202 quia
3423 3132 3579 3187 homo

304 3220 459 3291 ἀνὴρ
475 3221 820 3292 ἁμαρτωλός
839 3223 975 3291 εἰμι,
1022 3223 1201 3290 Κύριε
1239 3221 1404 3292 (τάχα
1414 3220 1524 3293 γάρ
1544 3221 1639 3275 καὶ
1667 3222 1891 3293 μετεμέ-

1997 3237 2235 3297 peccator
2281 3229 2442 3282 sum'
2474 3226 2754 3300 (fortassis
2813 3228 2961 3283 enim
3014 3225 3316 3298 paenitebat
3374 3228 3576 3296 ipsum.

304 3316 425 3368 λετο
448 3308 536 3368 διὰ
588 3314 650 3367 τὸ
694 3315 960 3385 πρότερον
986 3313 1148 3367 αὐτὸν
1184 3312 1504 3385 κεκλῆσθαι,
1536 3314 1632 3366 καὶ
1666 3313 1892 3385 στρέψαι

305 3407 398 3459 ἐπὶ
416 3407 543 3469 τοὺς
562 3404 772 3476 ἰχθύας,
795 3405 890 3459 καὶ
911 3405 1010 3477 τὴν
1032 3403 1368 3476 ἀνεργασίαν
1396 3405 1495 3476 τῆς
1526 3403 1732 3475 ἁλείας)
1757 3421 1769 3434 ·
1794 3407 1822 3459 ὁ
1838 3405 1896 3459 δὲ

306 3494 426 3550 εἷπε
449 3515 461 3528 ’
484 3495 582 3564 Μὴ
601 3495 789 3565 φοϐοῦ
807 3512 823 3528 ο
855 3494 1290 3568 παραθαρσύνων
1316 3494 1499 3559 αὑτὸν,
1535 3496 1617 3549 ὅτι
1658 3495 1759 3549 οὐκ
1794 3497 1899 3550 ἀπ-

306 3589 600 3662 ηγορεύοη,
629 3588 743 3643 ἀλλ’
766 3589 847 3645 ὅτι
858 3588 1079 3643 δύναται
1104 3588 1201 3658 τῆς
1237 3587 1482 3659 κλήσεως
1504 3587 1893 3659 ἕχεσθαι.⁶’οτι,

220 3746 227 3753 ι
307 3683 494 3753 φησὶν,
520 3681 640 3737 ἀπὸ
668 3680 776 3736 τοῦ
809 3681 929 3735 νῦν
959 3680 1313 3748 ἀνθρώπους
1356 3677 1471 3748 ἔσῃ
1510 3677 1741 3750 ζωγρῶν
1760 3696 1773 3709 ·
1808 3679 1897 3732 ὅτε

307 3776 400 3827 καὶ
424 3774 520 3828 σὺν
540 3777 652 3838 τοῖς
687 3774 933 3846 μετόχοις
962 3774 1076 3836 τοῖς
1095 3774 1152 3824 ὲν
1182 3771 1262 3842 τῷ
1280 3770 1453 3842 ἑτέρῳ
1478 3770 1648 3841 πλοίῳ
1672 3770 1896 3824 ξνευσαν

305 3864 386 3927 εἰς
440 3862 702 3935 σύλληψιν
760 3863 916 3934 ἥκειν
975 3860 1075 3931 τῆς
1107 3860 1281 3930 αὐτῆς
1323 3858 1520 3933 ἄγρας.
1557 3855 1739 3914 Ἦσαν
1786 3859 1899 3930 γὰρ

307 3957 576 4021 κοινωνοὶ,
595 3954 671 4020 ὥς
713 3971 867 4027 φησι,
907 3951 986 4023 τῷ
1015 3952 1244 4023 Σίμωνι,
1287 3951 1540 4023 καθάπερ
1571 3952 1684 4006 ἅνω
1726 3952 1898 4022 κάμοὶ

307 4047 704 4119 προδεδήλωται
727 4049 790 4100 ἐκ
809 4047 906 4118 τῆς
922 4045 1230 4109 ὑποθέσεως
1251 4044 1455 4117 ταύτης
1474 4061 1488 4076 ο
1516 4042 1621 4097 Δύο
1642 4045 1742 4115 μὲν
1765 4045 1896 4098 axo-

306 4139 685 4211 λουθησάντων
736 4139 885 4211 αὐτῷ
944 4139 1097 4210 παρὰ
1129 4139 1378 4193 Ἰωάννου
1430 4138 1770 4209 ἀκηκοότων,
1823 4131 1897 4191 ὧν

266 4262 275 4269 ι
304 4232 400 4286 δύο
434 4227 515 4297 εἷς
574 4229 642 4304 ἦν
677 4236 706 4287 ό
762 4231 1037 4303 Ἀνδρέας.
1080 4232 1195 4300 Ἐφ’
1238 4234 1369 4303 ἡμῖν
1403 4230 1460 4285 δὲ
1496 4230 1897 4303 διανενοημένοι

306 4323 610 4389 καλλίστως
636 4324 728 4378 τὸν
749 4324 936 4397 ἕτερον
969 4320 1108 4379 εἶναι
1140 4324 1283 4395 τάχα
1304 4324 1402 4378 ἕνα
1438 4323 1546 4376 τῶν
1570 4322 1703 4377 υίῶν
1735 4322 1898 4379 Ζεϐε-

304 4416 477 4482 δαίου,
504 4416 592 4471 διὰ
634 4417 698 4471 τὸ
738 4417 1003 4489 συνεργὸν
1036 4418 1131 4472 καὶ
1160 4418 1391 4487 μέτοχον
1419 4417 1514 4469 καὶ
1556 4415 1894 4471 κοινωνικόν.

306 4510 419 4564 Καὶ
440 4509 624 4564 λοιπὸν
660 4510 798 4581 μετά
835 4500 1008 4564 ταῢτα
1031 4510 1211 4563 πάντα
1242 4509 1671 4577 καταλείψαντες
1698 4508 1748 4560 οἱ
1776 4507 1899 4564 τέσ-

1998 3321 2145 3392 quod
2177 3320 2246 3375 ab
2281 3320 2375 3375 illo
2423 3329 2650 3377 vocatus
2698 3319 2858 3375 initio
2897 3319 2966 3374 ad
3011 3319 3349 3390 piscaturam
3395 3318 3579 3373 denuo

1997 3414 2299 3485 rediisset),
2333 3412 2406 3467 ita
2440 3409 2708 3467 Dominus
2733 3411 3065 3482 alloquitur:
3094 3408 3225 3464 Noli
3265 3409 3483 3472 timere;
3521 3423 3583 3466 ut

1997 3507 2151 3562 illum
2184 3505 2254 3562 ab
2288 3520 2355 3560 eo
2392 3513 2539 3560 metu
2570 3503 2958 3570 conﬁrmaret;
2998 3516 3101 3557 nec
3141 3516 3203 3557 se
3233 3502 3580 3572 repudiatum

1997 3597 2225 3653 omnino
2251 3603 2471 3668 putaret
2502 3611 2659 3663 esse;
2690 3595 2785 3651 sed
2821 3595 3068 3666 pristina:
3099 3594 3376 3649 vocatioui
3410 3594 3581 3649 inhae-

1998 3703 2121 3744 rere
2151 3704 2315 3758 posse
2357 3689 2679 3744 conﬁderet.
2723 3687 2927 3754 Quare,
2974 3702 3039 3741 ea:
3080 3685 3198 3750 hoc,
3237 3686 3436 3756 inquit,
3475 3685 3582 3740 eris

1988 3782 2109 3849 jam
2138 3779 2371 3834 homines
2402 3780 2611 3848 capiens
2634 3779 2699 3832 ¹⁰.
2734 3780 2855 3844 Quo
2892 3787 3136 3847 tempore
3167 3777 3369 3849 sociis,
3397 3780 3489 3846 qui
3525 3776 3580 3831 in

1998 3875 2170 3927 altera
2222 3871 2347 3926 navi
2397 3879 2578 3935 erant,
2618 3871 2935 3935 innuerunt,
2971 3877 3029 3923 ut
3068 3869 3135 3923 ad
3166 3869 3580 3925 convehendum

1999 3964 2272 4035 piscatum
2305 3963 2413 4019 sibi
2443 3962 2709 4017 auxilium
2747 3961 2972 4017 ferrent.
3002 3960 3171 4015 Erant
3193 3962 3339 4015 enim
3367 3960 3577 4015 Simoni

1999 4056 2158 4123 socii,
2191 4054 2654 4127 quemadmodum
2692 4054 2857 4124 paulo
2895 4060 3022 4108 ante
3050 4053 3316 4115 diximus,
3348 4066 3473 4107 cum
3505 4052 3580 4105 ita

1998 4149 2407 4221 disputavimus
2438 4166 2451 4203 :
2478 4145 2629 4202 Duos
2652 4147 2777 4202 illos
2804 4144 3035 4201 Joannis
3056 4145 3242 4200 audita
3269 4157 3401 4199 voce
3419 4143 3580 4198 Chri-

2000 4252 2147 4299 stum
2181 4253 2438 4309 secutos;
2463 4255 2700 4312 quorum
2725 4255 2870 4295 unus
2892 4246 3014 4293 erat
3038 4236 3307 4309 Andreas.
3333 4236 3580 4291 Alterum

2002 4348 2189 4390 verum
2214 4348 2384 4388 unum
2416 4346 2447 4387 e
2473 4329 2724 4388 Zebedzci
2757 4327 2948 4384 liberis
2981 4326 3174 4391 fuisse,
3202 4333 3424 4398 propter
3446 4325 3583 4381 artis

2000 4423 2343 4488 societatem,
2375 4436 2443 4477 ac
2480 4421 2924 4478 communionem
2958 4417 3267 4475 rectissima
3300 4416 3585 4488 conjectu-

1998 4528 2062 4569 ra
2100 4512 2368 4583 suspicati
2400 4526 2617 4568 sumus.
2651 4508 3024 4576 Quamobrem
3075 4505 3287 4562 relictis
3320 4505 3583 4573 deinceps

310 4618 497 4674 σαρες,
523 4602 594 4658 τά
611 4620 669 4657 τε
697 4603 877 4667 πλοῖα,
905 4605 984 4667 είς
1005 4601 1104 4673 τὴν
1129 4602 1235 4672 γῆν
1263 4600 1660 4672 ἠκολούθησαν,
1682 4599 1759 4663 ὡς
1787 4599 1891 4670 ἔχει

2005 4605 2286 4670 omnibus,
2319 4603 2568 4674 adeoque
2603 4601 2839 4671 navigiis
2887 4600 3045 4670 ipsis,
3094 4597 3164 4652 ad
3206 4604 3410 4652 terram
3439 4610 3582 4666 qua-

306 4698 339 4766 ἡ
376 4695 470 4749 τοῦ
497 4697 683 4750 Δουκᾶ
714 4696 1011 4768 μαρτυρία.
1038 4696 1201 4748 ’Ὥστε
1231 4692 1533 4759 ὲξάπαντος
1566 4693 1899 4759 δείκνυσθαι,

306 4787 390 4840 ὅτι
414 4786 643 4858 οὐδεμία
666 4786 969 4858 σκολιότης,
1003 4784 1126 4839 οὔτε
1153 4785 1465 4856 ἐναντιότης
1495 4787 1552 4837 ὲν
1578 4788 1690 4848 τοῖς
1724 4785 1901 4853 ἁγίοις

306 4878 681 4947 Εὑαγγελίοις,
742 4876 867 4931 οὔτε
914 4878 1066 4950 παρά
1123 4879 1234 4942 τοῖς
1273 4866 1452 4946 ἁγίοις
1489 4877 1901 4946 εύαγγελισταῖς

305 4969 644 5040 εὑρίσκεται,
674 4969 809 5023 ἀλλά
827 4968 1002 5023 πάντα
1032 4969 1199 5041 σαφῆ,
1223 4968 1432 5041 χρόνων
1457 4968 1513 5022 δέ
1548 4970 1655 5022 είσι
1681 4967 1900 5023 διαστά-

306 5076 442 5123 σεις.
502 5059 780 5115 Ἐντεῦθεν
832 5061 942 5132 γὰρ
981 5060 1076 5115 καὶ
1130 5059 1390 5114 ἐπέκεινα
1440 5058 1574 5130 (59),
1616 5057 1725 5112 τῶν
1767 5058 1897 5130 περὶ

307 5150 516 5222 Πέτρον
567 5152 662 5205 καὶ
707 5151 960 5222 Ἰωάννην
986 5150 1173 5204 λοιπδν
1211 5148 1615 5220 συναφθέντων,
1647 5148 1743 5202 καὶ
1770 5148 1896 5202 ἀκο-

306 5242 658 5310 λουθούντων,
699 5244 916 5314 ἐγένετο
938 5242 1203 5296 διδάσκων
1233 5242 1291 5295 ὲν
1348 5241 1499 5315 πάσῃ
1525 5243 1593 5313 τῇ
1636 5239 1898 5311 Γαλιλαίᾳ

306 5337 403 5390 κα)⁸
450 5338 509 5390 ἐν
541 5339 607 5408 τῇ
659 5336 913 5407 Ἰουδαίᾳ.
968 5335 1078 5389 Καὶ
1127 5334 1312 5390 λοιπὸν
1366 5333 1770 5404 πλατυνομένου
1799 5332 1893 5386 τοῦ

378 5500 393 5531 ¹
427 5494 489 5554 F.‘
522 5500 589 5556 δι’
617 5502 665 5555 ὅ.
770 5503 789 5533 ²
819 5499 879 5555 F.
916 5501 1117 5564 αὐτοῖς.
1219 5500 1239 5532 ³
1274 5499 1402 5554 Luc.
1436 5516 1509 5565 tv,
1543 5499 1634 5556 23.

307 5570 329 5599 ’⁸
358 5569 517 5626 Joan.
551 5590 587 5638 I,
628 5571 720 5627 29.
798 5573 817 5604 ⁹
852 5570 986 5626 Luc.
1019 5589 1070 5637 ν,
1108 5571 1163 5628 8.
1241 5571 1285 5602 ¹⁰
1320 5571 1454 5628 ibid.
1482 5572 1571 5627 10.

381 5686 830 5759 (5g9)r’EYféfﬁB€V
844 5688 953 5759 γάρ
968 5686 1067 5741 καί
1081 5685 1379 5759 ἐπέκεινα.
1396 5686 1473 5741 Ex
1498 5687 1564 5744 iis
1577 5688 1886 5759 quiedisse-

312 5758 383 5813 rit
421 5757 779 5827 Epiphanius,
804 5757 1035 5811 eﬂicitur
1060 5758 1221 5827 paulo
1247 5766 1371 5827 post
1408 5757 1608 5813 ultimo
1637 5768 1882 5822 vocatos,

309 5843 376 5883 ac
407 5828 506 5884 sibi
541 5827 834 5897 adjunctus
862 5827 1137 5896 apostolos
1158 5871 1172 5895 ,
1209 5828 1449 5892 Petrum,
1493 5829 1765 5883 Andream
1834 5838 1888 5884 et

312 5907 541 5957 cancros
566 5896 633 5954 ad
665 5896 1105 5969 praedicationem
1153 5915 1495 5972 aggressum,
1536 5902 1697 5958 etiam
1731 5907 1887 5955 antc-

1742 5502 1762 5534 ⁶
1795 5499 1985 5557 Matth.
2023 5517 2098 5569 tv,
2139 5503 2222 5574 18.

1999 4706 2125 4754 ιυοι·
2166 4697 2245 4751 illi
2275 4694 2449 4753 secuti
2486 4703 2651 4759 sunt;
2685 4692 2830 4764 quod
2862 4690 3025 4746 Lucae
3058 4696 3294 4746 testatur
3327 4689 3581 4744 historia.

1998 4792 2075 4846 Ex
2101 4788 2302 4861 quibus
2329 4786 2591 4843 omnibus
2619 4784 2852 4841 eﬁicitur
2873 4824 2890 4849 ,
2926 4783 3066 4839 nihil
3098 4782 3155 4836 in
3187 4780 3365 4837 sacris
3402 4779 3583 4835 Evan-

1997 4881 2177 4951 geliis,
2216 4893 2517 4949 eorumque
2565 4876 2931 4946 scriptoribus
2978 4874 3299 4945 perplexum
3339 4888 3465 4929 esse
3493 4873 3581 4928 vel

1997 4985 2347 5041 repugnans;
2397 4969 2495 5025 sed
2545 4968 2706 5039 plana
2750 4974 2805 5022 et
2842 4964 3098 5036 expedita
3131 4981 3256 5022 esse
3287 4966 3495 5030 omnia,
3531 4965 3580 5018 si

2003 5071 2310 5133 temporum
2334 5060 2622 5117 intervalla
2645 5058 2975 5130 distinguas.
3009 5057 3107 5114 His
3134 5057 3210 5112 ita
3237 5058 3432 5129 gestis,
3453 5071 3578 5111 cum

1998 5154 2112 5225 jam
2144 5152 2342 5211 Petrus
2373 5168 2438 5208 ac
2469 5152 2712 5209 Joannes
2741 5151 3034 5222 caeterique
3056 5152 3276 5221 penitus
3316 5149 3582 5206 adhaesis—

2002 5253 2147 5311 sent,
2178 5261 2242 5301 ac
2273 5255 2670 5316 sequerentur;
2702 5258 2798 5313 per
2820 5249 2989 5307 totam
3018 5240 3186 5314 439
3210 5239 3489 5295 Galilaeam
3519 5255 3583 5295 ac

2002 5336 2243 5395 luds-am
2268 5338 2469 5394 docere
2497 5337 2683 5408 coepit.
2718 5337 2899 5407 Atque
2931 5336 3007 5390 ita
3038 5335 3196 5406 longe
3228 5334 3442 5403 lateque
3469 5332 3586 5386 dis-

2334 5506 2355 5537 ⁸
2385 5505 2515 5561 ibid.
2541 5503 2631 5571 ΩΟ.
2709 5502 2730 5533 ⁸
2756 5501 2889 5557 Luc.
2923 5516 2975 5569 ν,
3000 5500 3055 5568 2,
3088 5501 3141 5556 ὅ.
3219 5501 3238 5532 ⁷
3272 5498 3406 5555 ibid.
3444 5497 3498 5562 ιι,
3527 5497 3580 5552 5.

1993 5708 2158 5762 quam
2192 5691 2432 5748 Joannes
2477 5693 2531 5747 in
2592 5694 2811 5749 vincula
2853 5690 3246 5762 conjiceretur.
3284 5687 3355 5762 De
3382 5703 3490 5759 qua
3524 5704 3582 5744 re

1994 5760 2343 5832 postmodum
2377 5773 2589 5833 agetur,
2623 5771 2683 5818 ut
2712 5772 2765 5820 et
2812 5765 2880 5819 de
2915 5762 3085 5817 natali
3114 5760 3325 5818 tihristi
3361 5774 3424 5815 ac
3454 5776 3583 5818 vero

1996 5834 2251 5903 baptismi
2275 5841 2327 5891 et
2354 5836 2628 5906 passionis
2652 5850 2819 5891 anno.
