3952 6178
320 363 419 422 DEI

1051 362 1422 424 ADVERSUS
1460 364 1803 425 HERESES
1841 367 1946 424 LIB

2052 413 2063 426 .
2107 366 2272 425 TOM.
2317 366 2463 425 1.-
2514 366 2786 424 ll/EliES.
2831 364 2918 421 LI.

3490 367 3600 424 ΩἏΞ

321 501 405 548 τις
434 480 590 542 οὖσα.
622 486 717 539 καὶ
744 485 879 557 πρὸς
909 484 1109 557 ἑαυτὴν
1138 488 1214 560 μὴ
1245 490 1634 555 στασιάζουσα.
1675 491 1916 547 Ἐκεῖθεν
1945 546 1946 552 η

2054 492 2245 559 eritas,
2281 506 2382 548 nec
2421 505 2451 545 a
2493 505 2554 547 se
2584 490 2702 561 ipsa
2737 488 3045 547 dissentiat.
3078 486 3216 544 Nam
3263 497 3388 560 post
3427 488 3608 560 bapti-
3666 500 3671 503 '

320 571 430 645 γάρ
464 568 627 634 εὐθὺς
655 572 766 628 ἀπὸ
789 575 883 629 τοῦ
914 575 1246 648 πειρασμοῦ,
1272 578 1349 643 ὡς
1374 578 1532 650 ἔφην,
1562 583 1642 645 εὶς
1672 581 1772 653 τὴν
1801 584 1912 636 Να-

324 666 489 737 ζαρὲτ
512 665 759 738 ἔρχεται,
794 668 889 721 καὶ
924 668 1076 740 μένει
1128 670 1247 723 ἐκεῖ
1290 669 1444 725 οὔπω
1489 674 1633 737 τινὸς
1669 672 1914 747 μαθητοῦ

329 759 447 830 μετ’
464 757 628 812 αὐτοῦ
650 758 820 824 ὄντος.
839 760 1108 814 Κάκεῖθεν
1125 762 1451 836 κατέρχεται
1474 765 1611 838 πρὸς
1638 768 1915 838 Ἰωάννην,

326 850 412 903 ὅτε
436 851 597 915 εὐθὺς
619 851 707 906 διὰ
739 850 851 905 τοῦ-
880 852 1131 924 Ἀνδρέου
1174 854 1420 909 καλεῖται
1459 858 1488 909 ὁ
1525 857 1764 928 Πέτρος·
1798 852 1919 911 εἶτα

326 941 610 1008 Φίλιππος,
649 945 743 998 καὶ
783 944 870 997 διὰ
913 945 1182 1000 Φιλίππου
1220 949 1248 999 ὁ
1281 948 1598 1018 Ναθαναήλ.
1634 948 1840 1019 Μηδεὶς
1862 948 1921 1003 δὲ

329 1036 422 1088 καὶ
472 1034 632 1088 τοῦτο
684 1036 1044 1106 ἀμφιϐάλλων
1089 1039 1564 1111 περιεργαζέσθω,
1623 1039 1788 1112 ὁρῶν,
1837 1041 1921 1095 ὅτι

342 1126 596 1196 Ἀνδρέας
618 1126 833 1197 πρῶτος
855 1129 1132 1200 ὑπήντησε
1149 1131 1228 1201 τῷ
1254 1132 1451 1204 Ἰησοῦ,
1474 1131 1663 1185 ἔπειτα
1694 1132 1922 1203 Πέτρος,

332 1220 425 1273 καὶ
455 1219 521 1272 δι’
549 1219 713 1272 αὐτοῦ
746 1221 974 1293 ἐκλήθη,
1011 1223 1105 1276 καὶ
1136 1223 1375 1295 ἄρξηται
1432 1225 1529 1279 καὶ
1572 1225 1701 1296 περὶ
1733 1224 1923 1278 τούτου

333 1310 640 1380 ἀσχάλλειν.
696 1311 759 1364 Ἦ
828 1312 927 1383 μὲν
985 1313 1094 1385 γάρ
1176 1315 1501 1386 συνάντησις
1561 1314 1640 1385 τῷ
1700 1314 1926 1387 Ἀνδρέᾳ

335 1401 524 1474 πρώτη
556 1402 870 1472 γεγένηται,
919 1406 1246 1478 μικροτέρου
1289 1406 1448 1470 ὄντος
1468 1405 1563 1460 τοῦ
1598 1407 1808 1480 Πέτρου
1848 1407 1927 1479 τῷ

335 1494 513 1566 χρόνῳ
540 1493 644 1562 τῆς
673 1494 913 1564 ἡλικίας.

408 1586 672 1656 Ὕστερον
700 1586 808 1656 γὰρ
845 1586 1025 1648 πάλιν,
1047 1587 1136 1640 ὅτε
1162 1590 1195 1660 ή
1234 1588 1421 1643 τελεία
1446 1590 1632 1652 αὐτοῖς
1660 1588 1930 1653 ἀπόταξις

336 1675 647 1744 γεγένηται,
674 1675 785 1729 ἀπὸ
822 1675 915 1728 τοῦ
955 1677 1164 1748 Πέτρου
1217 1680 1532 1750 γεγένηται.
1577 1679 1796 1750 Ἐπειδὴ
1821 1679 1931 1749 γὰρ

337 1765 431 1817 καὶ
481 1764 643 1826 αὐτὸς
697 1764 962 1834 ἀᾷηγεῖτο
995 1765 1090 1818 τοῦ
1150 1765 1280 1820 ἰδίου
1318 1767 1574 1837 ἀδελφοῦ·
1617 1769 1712 1822 καὶ
1758 1765 1933 1820 ἔτιδὲ

2018 599 2199 641 smum
2233 583 2422 639 statim
2456 582 2609 638 illinc
2639 580 2990 645 Nazaretum,
3027 581 3106 635 uti
3135 580 3270 646 dixi,
3302 580 3611 652 proficisci-

2018 687 2130 740 tur,
2160 674 2348 746 ibique
2375 675 2498 731 sine
2521 673 2651 729 ullis
2682 671 2861 726 adhuc
2888 670 3180 743 discipulis
3215 672 3438 729 mansit.
3466 671 3608 727 IIinc

2020 769 2090 825 ad
2130 767 2401 824 Joannem
2442 764 2729 821 contendit
2766 782 2779 819 :
2814 779 2923 835 quo
2963 772 3209 835 tempore
3252 762 3451 821 Petrus
3497 765 3613 839 An_-
3688 806 3693 838 τ

2019 861 2165 916 dreae
2194 866 2423 914 vocatus
2450 866 2535 913 est
2564 870 2765 927 opera;
2796 863 2910 910 tum
2948 853 3253 925 Philippus,
3279 863 3334 909 et
3366 870 3462 926 per
3482 853 3617 909 Phi-

2021 952 2231 1024 lippum
2266 949 2592 1005 Nathanael.
2634 946 2745 1004 Nec
2790 956 2875 1003 est
2909 947 3054 1018 quod
3094 949 3200 1002 ista
3235 947 3617 1017 scrupulosius

2020 1044 2318 1115 exquirens
2342 1042 2555 1098 dubitet
2582 1041 2879 1113 quispiam,
2912 1042 3056 1111 quod
3075 1040 3347 1094 Andream
3374 1041 3613 1111 primum

2022 1135 2338 1191 occurrisse
2378 1133 2509 1189 Jesu
2550 1132 2761 1193 videat;
2813 1130 3011 1187 deinde
3072 1130 3317 1195 Petrum,
3377 1129 3470 1200 qui
3522 1144 3618 1198 per

2026 1227 2178 1281 illum
2222 1227 2294 1283 sit
2324 1232 2589 1290 vocatus;
2618 1224 2688 1278 ob
2731 1239 2964 1295 eamque
3015 1238 3236 1278 causam
3275 1226 3617 1276 succenseat.

2024 1317 2240 1373 Etenim
2285 1317 2535 1373 Andreas
2578 1317 2730 1387 prior
2785 1316 2839 1371 in
2903 1314 3194 1370 Dominum
3250 1313 3465 1378 incidit,
3510 1326 3621 1383 quo

2024 1410 2225 1468 Petrus
2250 1417 2369 1466 erat
2403 1419 2561 1464 aetate
2586 1409 2796 1480 junior.

2102 1589 2300 1646 Postea
2356 1605 2509 1655 vero,
2567 1604 2692 1644 cum
2758 1588 3006 1644 absoluta
3064 1585 3157 1641 illa
3216 1594 3475 1655 suscepta
3536 1591 3622 1640 est

2032 1682 2276 1739 omnium
2314 1697 2495 1737 rerum
2537 1680 2833 1745 abdicatio,
2884 1678 3106 1734 initium
3136 1684 3221 1733 est
3255 1692 3284 1731 a
3334 1674 3498 1732 Petro
3540 1675 3624 1729 fa-

2033 1785 2206 1831 ctum.
2240 1773 2397 1828 Tunc
2425 1775 2572 1829 enim
2608 1782 2662 1828 et
2698 1775 2816 1843 ipse
2851 1772 3010 1827 fratri
3044 1786 3146 1825 suo
3180 1770 3416 1840 praeivit.
3455 1768 3624 1823 Acce-

337 1855 479 1911 κατά
514 1855 692 1919 τοῦτο,
739 1857 821 1910 ὅτι
861 1857 994 1920 Θεός
1026 1859 1174 1914 ἐστιν
1207 1859 1363 1923 εἰδὼς
1392 1862 1491 1922 τὰς
1535 1859 1757 1930 κλήσεις
1782 1860 1799 1890 ¹
1825 1856 1933 1912 τῶν

2052 1867 2117 1922 lit
2146 1867 2290 1937 quod
2326 1865 2471 1921 Deus
2504 1841 2872 1919 humanorum
2916 1861 3165 1917 cordium
3206 1870 3372 1915 nutus
3399 1874 3462 1913 ac
3498 1873 3624 1928 pro-

337 1947 597 2019 καρδιῶν,
634 1946 729 2000 καὶ
767 1946 1052 2016 γινώσκων
1080 1949 1166 2012 τίς
1205 1950 1263 2002 ὲν
1303 1950 1540 2021 πρώτοις
1567 1950 1714 2016 ἄξιος
1744 1949 1935 2001 τάττε-

340 2039 490 2107 σθαι,
516 2039 609 2092 καὶ
661 2039 942 2104 ἐξελέξατο
962 2040 1053 2094 τὸν
1116 2042 1323 2113 Πέτρον
1353 2040 1465 2112 (41)
1502 2042 1745 2113 ἀρχηγὸν
1795 2037 1935 2094 εἶναι

343 2130 449 2184 τῶν
477 2128 642 2182 αὑτοῦ
687 2128 966 2200 μαθητῶν,
1005 2129 1081 2193 ὡς
1106 2131 1283 2201 πάντη
1315 2130 1504 2201 σαφῶς
1528 2131 1933 2185 ἀποδέδεικται.

336 2222 648 2276 Μετέπειτα
671 2221 781 2293 γάρ
815 2222 1079 2276 ἐλθόντων
1103 2222 1286 2277 αὐτῶν
1314 2224 1446 2294 παρ’
1475 2222 1647 2294 αὐτῷ,
1678 2224 1778 2276 καὶ
1815 2238 1936 2292 μει-

345 2313 552 2367 νάντων
600 2313 700 2385 τὴν
746 2313 974 2386 πρώτην
1017 2314 1252 2385 ἡμέραν,
1292 2315 1368 2377 ὡς
1408 2313 1566 2385 ἔφην,
1593 2315 1662 2384 τῇ
1707 2311 1939 2384 δευτέρᾳ

341 2405 698 2472 ὁδευσάντων,
727 2408 791 2477 τῇ
835 2405 993 2476 τρίτῃ
1038 2406 1097 2459 δὲ
1142 2406 1327 2479 ἡμέρᾳ
1358 2405 1454 2460 τοῦ
1484 2405 1812 2477 θεοσημειου
1842 2402 1938 2456 τοῦ

342 2499 557 2567 πρώτου
587 2498 905 2567 γενομένου,
948 2496 1041 2550 καί
1080 2512 1243 2551 τινων
1271 2498 1538 2551 συνόντων
1562 2495 1733 2566 αὐτῷ,
1755 2499 1815 2548 οὐ
1840 2492 1937 2548 τοῦ

357 2588 632 2659 Ἀνδρέου,
665 2586 788 2641 οὔτε
817 2587 911 2640 τοῦ
949 2588 1181 2658 Πέτρου,
1230 2588 1353 2641 οὐδὲ
1381 2587 1475 2641 τοῦ
1518 2588 1791 2651 Ἰωάννου,
1817 2586 1942 2639 οὐδὲ

343 2680 434 2733 τοῦ
498 2679 776 2743 Ἰακώϐου,
814 2679 944 2750 ἑξῆς
1004 2679 1144 2751 μετά
1183 2680 1246 2733 τὸ
1291 2679 1469 2733 ἐλθεῖν
1507 2678 1670 2732 αὑτὸν
1717 2679 1798 2740 εἰς
1826 2679 1945 2730 Κα-

348 2772 661 2843 φαρναοὺμ,
694 2772 788 2826 καὶ
823 2771 1065 2824 ἀνελθεῖν
1093 2771 1256 2825 πάλιν
1287 2773 1365 2834 εἰς
1389 2770 1664 2841 Ναζαρὲτ,
1692 2767 1946 2822 κάκεῖθεν

349 2865 509 2918 πάλιν
550 2867 628 2927 εἰς
681 2865 1082 2937 Καφαρναοὺμ,
1139 2864 1234 2918 καὶ
1288 2863 1515 2934 ποιῆσαι
1559 2863 1724 2934 μέρος
1762 2858 1946 2913 τιτῶν

350 2956 611 3027 σημείων,
641 2956 734 3009 τοῦ
771 2956 867 3027 τὴν
899 2956 1071 3029 ξηράν
1119 2960 1277 3027 χεῖρα
1308 2956 1543 3028 ἔχοντος,
1578 2953 1794 3023 καὶτῆς
1824 2968 1951 3005 πεν-

350 3049 513 3122 θερᾶς
536 3049 742 3122 Πέτρου
771 3049 868 3121 τὴν
905 3052 1068 3112 ἴασιν,
1104 3050 1346 3103 ἀνελθεῖν
1378 3049 1541 3104 πάλιν
1568 3050 1649 3110 εἰς
1673 3043 1946 3116 Ναζαρὲτ,

352 3143 444 3197 καὶ
500 3141 807 3211 ἀναγνῶναι
834 3143 893 3195 τὸ
960 3142 1160 3213 βιὸλῖον
1221 3142 1443 3194 Ἡσαΐου
1470 3183 1486 3207 ,
1523 3140 1616 3193 καὶ
1672 3136 1951 3192 κατελθεῖν

355 3235 651 3299 πάλιν-εἰς
697 3235 1092 3306 Καφαρναοὺμ,
1154 3236 1244 3288 ὅτε
1290 3234 1409 3287 τότε
1462 3234 1495 3304 ἡ
1536 3232 1718 3285 τελεία
1762 3229 1952 3300 κλῆσις

355 3327 462 3380 τῶν
502 3326 631 3397 περ)⁸
666 3327 869 3394 Πέτρον
903 3328 996 3381 καὶ
1023 3325 1278 3396 Ἰωάννην
1304 3324 1622 3396 γεγένηται.
1648 3321 1758 3394 Καὶ
1778 3317 1951 3381 οὕτως

358 3422 391 3491 ἡ
442 3422 594 3474 πᾶσα
653 3419 946 3473 ἀκολουθία
996 3420 1367 3488 ἀναλογεῖ-ται,
1413 3417 1628 3481 οὐδενὸς
1673 3412 1951 3470 ἀντιθέτσυ

358 3514 713 3582 ὑπάρχοντος,
750 3511 885 3565 ἀλλά
921 3512 1099 3583 πάσης
1136 3513 1234 3584 τῆς
1273 3510 1534 3582 ἀληθείας
1577 3501 1955 3579 τηλαυγεστά-

352 3621 454 3674 της
482 3602 668 3675 οῠσης,
720 3604 813 3656 καὶ
848 3606 905 3657 ὲν
938 3603 1166 3675 ἀληθείᾳ
1193 3601 1634 3674 κεκηρυγμένης.
1676 3599 1813 3652 Φασὶ
1850 3595 1957 3667 γὰρ

358 3695 532 3760 οὕτως
564 3699 611 3751 οἱ
636 3697 786 3751 ἄλλοι
813 3696 925 3766 (42)
979 3697 1396 3768 εὐαγγελισταὶ,
1434 3698 1514 3749 ὅτι
1561 3694 1739 3764 φυγὰς
1779 3690 1958 3762 ᾤχετο

362 3790 471 3842 ἀπὸ
525 3787 821 3860 προσώπου
874 3789 1141 3862 Ἡρώδου,
1189 3790 1285 3842 καὶ
1335 3787 1473 3858 μετὰ
1519 3787 1617 3859 τὴν
1657 3784 1837 3856 φυγὴν
1865 3783 1951 3835 έλ-

368 3880 476 3946 θὼν
526 3882 822 3953 κατέμενεν
847 3882 928 3945 εἰς
962 3881 1235 3952 Ναζαρέτ.
1261 3880 1374 3935 Καὶ
1412 3878 1551 3950 μετά
1576 3879 1676 3949 τὴν
1704 3876 1959 3948 Ναζαρὲτ

2037 1960 2332 2033 pensiones
2363 1956 2773 2021 animadvertit,
2819 1970 2885 2010 ac
2926 1954 3019 2024 qui
3060 1954 3131 2009 sit
3164 1953 3343 2022 primo
3380 1953 3501 2006 loco
3530 1951 3620 2005 di-

2037 2066 2180 2122 gnus
2207 2049 2482 2119 intelligit.
2508 2046 2691 2113 Quare
2713 2045 2935 2102 Petrum
2967 2044 3370 2114 discipulorum
3397 2057 3626 2099 suorum

2036 2141 2342 2213 principem
2366 2140 2551 2210 elegit,
2578 2140 2658 2193 uti
2695 2137 2990 2210 perspicue
3021 2135 3362 2192 declaratum
3392 2146 3496 2191 est.
3526 2136 3622 2189 Se-

2036 2230 2278 2286 cundum
2304 2229 2420 2284 haec
2443 2230 2634 2294 igitur,
2666 2243 2789 2283 cum
2818 2227 2885 2282 ad
2906 2228 3191 2283 Christum
3223 2226 3300 2280 illi
3321 2227 3625 2290 venissent,

2040 2337 2105 2378 ac
2132 2321 2331 2393 prima,
2366 2329 2426 2377 ut
2456 2320 2722 2384 diximus,
2758 2319 2846 2373 die
2881 2317 3230 2384 commorati,
3268 2324 3488 2387 postera
3517 2314 3631 2371 dis-

2040 2412 2378 2476 cessissent;
2412 2424 2476 2463 ac
2532 2408 2727 2489 deinde
2751 2409 2844 2463 alii
2883 2424 2943 2465 se
2969 2409 3191 2478 quidam
3227 2407 3629 2476 adjunxissent,

2042 2506 2110 2561 ab
2142 2505 2381 2569 Andrea,
2419 2502 2605 2567 Petro,
2645 2500 2855 2556 Joanne
2889 2514 2951 2554 ac
2981 2499 3188 2555 Jacobo
3216 2497 3422 2552 diversi
3456 2516 3468 2551 :
3502 2497 3631 2566 qui-

2043 2597 2150 2653 bus
2178 2611 2301 2651 cum
2331 2594 2718 2665 Capharnaum
2754 2592 2947 2647 abiens
2986 2591 3114 2646 inde
3147 2588 3475 2644 Nazaretutn
3506 2603 3634 2658 per-

2043 2690 2206 2754 rexit,
2258 2687 2610 2756 indidemque
2657 2700 2853 2740 rursus
2903 2685 3291 2753 Capharnaum
3338 2680 3523 2743 rediit,
3571 2694 3636 2735 ac

2046 2779 2314 2833 miracula
2353 2775 2601 2847 quaedam
2651 2775 2845 2840 edidit,
2897 2773 3212 2843 cujusmodi
3256 2779 3338 2828 est
3378 2768 3636 2825 arefacta;

2047 2861 2248 2926 manus
2299 2884 2363 2923 ac
2413 2882 2607 2923 socrus
2653 2863 2804 2921 Petri
2851 2864 3088 2919 curatio.
3130 2861 3260 2917 Inde
3302 2860 3637 2915 Nazaretum

2049 2963 2230 3019 denuo
2263 2974 2542 3022 reversus,
2593 2957 2753 3012 Isaiae
2790 2955 3046 3010 volumen
3101 2953 3253 3023 legit,
3301 2960 3358 3007 et
3390 2949 3639 3019 Caphar-

2051 3069 2217 3108 naum
2251 3066 2372 3107 sese
2409 3050 2610 3105 iterum
2652 3046 2877 3117 recepit.
2934 3045 3074 3099 Tum
3129 3043 3349 3099 demum
3397 3040 3642 3112 perfecte

2055 3144 2251 3199 Petrus
2284 3142 2634 3210 Joannesque
2674 3135 2856 3192 vocati
2899 3141 3048 3190 sunt.
3081 3133 3258 3202 Atque
3295 3129 3386 3184 hic
3419 3128 3639 3183 tandem

2061 3238 2232 3292 totius
2261 3233 2501 3291 historiae
2531 3247 2707 3287 nexus
2740 3238 2846 3295 est,
2888 3243 3075 3283 secum
3112 3226 3229 3296 ipse
3259 3222 3639 3285 consentiens,

2048 3346 2152 3388 nec
2183 3329 2292 3383 ulla
2326 3335 2480 3397 parte
2511 3323 2810 3386 dissidens,
2851 3328 2912 3374 ut
2947 3328 3001 3375 et
3020 3303 3533 3385 'clarissima‘ul
3571 3310 3645 3365 sit

2054 3434 2334 3496 gestarum
2377 3432 2557 3473 rerum
2600 3414 2827 3477 veritas,
2863 3420 2918 3469 et
2950 3409 3258 3467 certissime
3286 3406 3642 3478 praedicatur.

2053 3494 2130 3570 Ita
2170 3512 2315 3568 enim
2361 3507 2709 3580 evangelista:
2752 3504 2938 3559 caeteri
2972 3507 3268 3581 testantur,
3310 3505 3457 3552 metu
3493 3494 3647 3548 illum

2056 3606 2290 3663 Herodis
2322 3603 2550 3674 fugisse,
2583 3616 2648 3656 ac
2680 3605 2806 3671 post
2844 3597 3025 3668 fugam
3056 3593 3373 3650 venientem
3419 3586 3650 3643 haesisse

2057 3696 2330 3752 Nazareti.
2357 3692 2514 3748 Unde
2538 3688 2799 3760 baptismi
2820 3700 2990 3741 causa
3015 3683 3323 3755 digressus,
3352 3684 3479 3749 post
3502 3676 3652 3729 hunc

2060 3786 2290 3844 secessit
2324 3784 2379 3838 in
2407 3782 2707 3838 desertum.
2743 3776 2954 3833 Deinde
2983 3775 3206 3831 rediens
3235 3769 3543 3843 praedicare
3566 3772 3652 3821 est

2062 3891 2378 3949 aggressus.

370 3945 548 4028 λαϐὼν
594 3945 677 4026 τὸ·
704 3972 1011 4043 βάπτισμα,
1061 3945 1305 4040 ἀπῆλθεν
1345 3945 1426 4031 εἰς
1460 3970 1559 4041 τὴν
1591 3945 1816 4039 ἔρημον.
1840 3945 1951 4023 Kal.
1988 3945 2350 4042 pertinentia
2378 3959 2687 4032 ἀνέκαμψε.
2737 3955 2896 4013 Μετὰ
2953 3955 3016 4011 τὸ
3080 3950 3406 4022 ἀνακάμψαι
3449 3945 3654 4019 ἦρξατο

368 4085 439 4137 κη
449 4066 680 4138 ρύττειν.

444 4161 548 4214 lll’.
581 4157 654 4211 Τὸ
674 4155 731 4209 δὲ
756 4152 1088 4223 Εὐαγγέλιον
1108 4153 1169 4206 τὸ
1193 4153 1271 4216 εἰς
1298 4152 1470 4223 ὄνομα
1499 4152 1772 4215 Ἰωάννου,
1797 4149 1952 4221 φασὶ,

372 4250 647 4321 ψεύδεται.
679 4244 834 4300 Μετὰ
870 4244 979 4315 γὰρ
1015 4243 1077 4297 τὺ
1103 4244 1299 4307 εἰπεῖν,
1330 4242 1413 4295 ὃτι
1456 4241 1517 4294 '0
1563 4241 1755 4311 Λόγος
1798 4239 1957 4308 σὰρξ

2131 4140 2316 4197 XVIII.
2351 4139 2423 4194 At
2465 4136 2638 4204 enim,
2679 4134 2955 4221 inquiunt,
3016 4130 3248 4187 mendax
3305 4138 3391 4186 est
3446 4129 3655 4184 editum
3702 4098 3706 4102 ἡ

2057 4235 2282 4292 nomine
2333 4230 2562 4288 Joannis
2603 4227 2979 4301 Evangelium.
3016 4223 3318 4295 Postquam
3358 4222 3502 4277 enim
3549 4224 3658 4278 ista

372 4316 629 4414 ἐγένετο,
670 4338 767 4393 καὶ
792 4336 1149 4406 ἐσκήνωσεν
1186 4335 1256 4389 ἐν
1288 4333 1454 4404 ἡμῖν,
1486 4334 1581 4387 καὶ
1608 4332 1764 4400 ὀλίγα
1797 4331 1946 4397 ἄλλα1

2061 4328 2235 4394 dixit,
2283 4325 2510 4381 Verbum
2547 4339 2674 4379 caro
2708 4323 2910 4392 factum
2939 4328 3056 4383 est,
3092 4327 3142 4373 et
3177 4316 3435 4372 habitavit
3470 4317 3525 4370 in
3556 4333 3651 4371 no-

376 4430 535 4493 εὐθὺς
560 4428 727 4498 λέγει,
756 4428 836 4480 ὅτι
872 4424 1076 4495 Γάμος
1103 4423 1342 4495 ἐγένετο
1365 4425 1435 4477 ἐν
1455 4421 1622 4489 Κανᾶ.
1656 4421 1958 4491 τῆςΓαλι-

373 4523 573 4589 λαίας.
598 4521 709 4575 Καὶ
741 4520 801 4573 οὐ
840 4519 1147 4591 μέμνηνται
1180 4519 1229 4572 οἱ
1261 4515 1573 4589 ἀφροσύνην
1598 4518 1813 4580 ἑαυτοῖς
1837 4517 1960 4569 ἐπι-

380 4615 689 4686 σπώμενοι,
743 4612 818 4676 ὡς
877 4611 1130 4683 Ἰωάννης
1163 4609 1302 4681 μετά
1350 4610 1411 4663 τὸ
1439 4611 1631 4672 εἰπεῖν,
1675 4608 1737 4681 'Q
1769 4607 1962 4677 Λόγος

379 4706 535 4775 σὰρξ
577 4703 853 4774 ἐγένετο,
900 4704 1071 4773 λέγει,
1105 4702 1206 4756 καὶ
1259 4702 1616 4769 ἐσκήνωσεν
1665 4700 1736 4754 ἐν
1781 4699 1961 4769 ἡμῖν,

379 4797 661 4850 τουτέστιν
701 4795 991 4869 ἄνθρωπον
1032 4794 1348 4864 γεγονέναι*
1400 4794 1496 4847 καὶ
1529 4794 1612 4846 ὅτι
1657 4787 1790 4863 ἦλθε
1830 4791 1966 4864 πρὸς

384 4890 474 4944 τὸν
526 4890 783 4961 Ἰωάννην
819 4889 911 4942 τὸν
954 4886 1265 4958 Βαπτιστὴν
1312 4888 1371 4939 ὲν
1414 4883 1493 4957 τῷ
1553 4884 1826 4956 Ἰορδάνῃ,
1871 4881 1967 4935 καὶ

384 4980 688 5051 ἐΰαπτίσθη
751 4981 842 5033 ὑπ’
892 4976 1096 5041 αὑτοῦ,
1149 4976 1395 5030 Ἰωάννου
1438 4974 1533 5028 τοῦ
1579 4971 1967 5042 εὐαγγελιστοῦ

391 5074 834 5145 μαρτυροῦντος,
887 5070 1024 5141 μετά
1069 5069 1170 5141 τὴν
1213 5068 1372 5122 πάλιν
1418 5066 1676 5121 ἐπάνοδον
1726 5065 1834 5119 ἀπὸ
1877 5062 1970 5119 τοῦ

391 5162 723 5236 πειρασμοῦ,
749 5163 824 5225 ὼς
848 5161 943 5216 τοῦ
968 5158 1276 5214 Βαπτιστοῦ
1307 5158 1557 5213 Ἰωάννου
1587 5157 1861 5226 λέγοντος,
1891 5156 1972 5210 ὅτι

465 5324 479 5353 ¹
509 5319 571 5377 F.
602 5320 831 5383 κλίσεις.
944 5318 965 5349 ²
992 5315 1153 5372 Joan.
1193 5332 1229 5382 ι,
1267 5316 1348 5371 14.
1450 5315 1472 5346 ³
1505 5313 1663 5369 Joan.
1700 5329 1759 5381 II,
1792 5315 1840 5389 l.

466 5478 579 5549 (Μ)
612 5475 722 5530 Καὶ
753 5474 1076 5549 ἐξελέξατρ
1112 5471 1220 5526 τὸν
1271 5470 1516 5549 Πέτρον.
1562 5468 1829 5549 Egregius
1889 5467 1980 5521 hic

398 5539 584 5614 loc‘ns';
614 5562 681 5600 ex
702 5561 810 5616 quo
840 5546 1007 5614 liquet
1029 5542 1245 5597 Petrum
1267 5542 1505 5616 _Andreae
1519 5554 1598 5616 _ac
1620 5539 1834 5616 caeteris
1851 5553 1983 5616 apo-

398 5609 582 5679 stolis,
617 5609 737 5671 non"
759 5609 956 5678 aetatis,
985 5623 1078 5668 aut
1105 5613 1408 5668 vocationis
1433 5611 1647 5678 ordine,
1684 5609 1779 5665 sed
1823 5611 1979 5679 prin-

400 5688 616 5757 «:ipatus
640 5702 704 5740 ac
730 5687 1032 5757 dignitatis,
1065 5684 1341 5757 anteponi.

476 5756 587 5825 (42)
613 5757 765 5810 Φασὶ
792 5748 901 5825 ξ’ὰρ
938 5756 1126 5820 οὕτως
1163 5748 1445 5825 citium.
1488 5751 1683 5825 Mirum
1716 5757 1801 5804 est
1834 5748 1980 5818 quod

405 5826 514 5884 ltoc
543 5821 663 5884 loco
702 5821 899 5883 asserit
932 5827 1164 5896 primum
1228 5824 1496 5880 lict-edem
1529 5821 1755 5892 fugisse,
1789 5828 1974 5889 postea

2062 4420 2139 4474 bis
2174 4420 2194 4451 '
2216 4459 2232 4483 ,
2263 4417 2481 4488 aliaque
2534 4414 2801 4470 nonnulla
2826 4452 2842 4477 ,
2908 4411 3094 4467 statim
3139 4410 3329 4481 adjicit
3363 4428 3377 4464 :
3406 4480 3411 4483 Α
3444 4407 3662 4478 Nuptia:

2061 4512 2221 4583 facta:
2258 4519 2381 4566 sunt
2415 4510 2471 4564 in
2503 4507 2656 4564 Cana
2691 4505 2934 4561 Galilwre
2976 4504 3018 4557 ³.
3052 4501 3163 4559 Nec
3201 4501 3517 4572 intelligunt
3546 4502 3662 4568 isti,

2061 4609 2155 4677 qui
2189 4619 2309 4659 eam
2369 4603 2472 4659 sibi
2514 4602 2660 4657 ultro
2708 4599 2983 4654 insaniam
3025 4603 3357 4659 arcessunt,
3386 4592 3654 4649 Joannem

2064 4704 2187 4769 post
2216 4697 2336 4751 illas
2374 4709 2571 4757 voces,
2608 4690 2676 4744 Et
2718 4689 2943 4745 Verbum
2980 4703 3104 4740 caro
3142 4686 3342 4755 factum
3377 4694 3477 4746 est.
3512 4685 3671 4739 addi-

2069 4790 2252 4853 disse,
2284 4798 2333 4841 et
2370 4785 2630 4840 habitavit
2661 4784 2714 4836 in
2773 4782 2963 4836 nobis:
2995 4777 3142 4849 quod
3180 4778 3320 4833 idem
3351 4784 3463 4842 est,
3499 4786 3666 4846 atque

2071 4881 2347 4937 hominem
2388 4878 2689 4934 exstitisse.
2730 4874 2997 4929 Praeterea
3053 4871 3121 4925 ad
3167 4869 3432 4925 Joannem
3485 4867 3670 4937 Bapti-

2073 4982 2214 5031 stam
2248 4979 2303 5027 et
2337 4968 2632 5026 Jordanem
2684 4965 2989 5021 accessisse
3018 5002 3033 5027 ,
3074 4962 3144 5016 ab
3196 4975 3371 5029 eoque
3409 4959 3664 5028 baptiza-

2079 5074 2231 5130 tum,
2267 5071 2328 5118 ut
2362 5063 2505 5118 idem
2538 5061 2628 5116 ille
2674 5058 3013 5127 evangelista
3071 5059 3467 5111 commemorat
3491 5089 3505 5111 ,
3541 5064 3669 5104 cum

2080 5160 2206 5227 post
2242 5154 2391 5209 illam
2421 5151 2782 5207 tentationem
2825 5146 3175 5202 discessisset
3206 5181 3221 5208 ,
3254 5156 3378 5197 cum
3428 5149 3483 5196 et
3523 5139 3667 5193 istud

2083 5466 2447 5528 Nazaretum;
2502 5460 2631 5515 inde
2674 5457 2743 5513 ad
2796 5456 3128 5526 baptismum
3172 5449 3511 5528 accessisse.
3549 5460 3673 5516 quae

2083 5519 2409 5606 nequeunt)
2435 5519 2756 5606 Evangelio.
2802 5519 2980 5606 neque
3002 5540 3127 5606 cum
3168 5519 3545 5606 superioribus
3573 5532 3667 5597 co-

2084 5588 2314 5662 litei'ent.
2345 5604 2480 5657 Nam
2516 5588 2785 5657 Herodem
2815 5588 2952 5668 fugit
3003 5588 3270 5668 duntaxat
3297 5588 3677 5668 post_._loa_nnis

2086 5658 2311 5740 ἱὲξέέιῆζ
2348 5691 2471 5745 qua:
2531 5658 3252 5745 longenpostvbaptismum
3295 5658 3511 5716 accidit.
3542 5658 3673 5713 Vnde

2084 5764 2205 5818 qum
2242 5748 2305 5800 ad
2347 5739 2498 5800 ιὶιιιιι.
2534 5739 2749 5796 XXVIII
2780 5739 3161 5794 observamus.
