3918 6198
323 398 426 456 525

1029 399 1403 459 ADVERSUS
1440 401 1786 461 HASRESES
1823 401 1885 459 ιι

1993 401 2057 460 ll.
2097 403 2262 463 TOM.
2297 402 2337 464 1.
2369 437 2439 448 -
2467 405 2746 464 ΗλΕΙὶΕΒ.
2787 406 2876 466 ιι,

3488 401 3592 461 926

318 519 475 589 γνίῳ,
500 517 577 583 ὦς
617 534 762 583 τινες
807 518 1098 589 φάσκουσι.
1134 521 1244 576 Καὶ
1286 523 1392 579 ἔδει
1414 524 1492 597 τῷ
1526 526 1624 597 μὲν
1656 525 1770 581 ὄντι
1816 529 1885 580 κα

2012 529 2295 599 oportuit,
2329 543 2399 585 ne
2446 543 2554 600 qua
2592 528 2895 587 baeresibus
2941 529 3063 585 aliis
3095 525 3313 584 occasio
3340 524 3589 587 daretur,

319 608 623 683 παιδαρικά
652 610 813 665 αὐτὸν
837 610 1002 681 ἔχειν,
1033 612 1121 666 ἵνα
1144 611 1219 686 μὴ
1247 615 1520 687 πρόφασις
1541 617 1764 691 γένηται
1784 620 1906 684 ταῖς

320 700 511 765 ἄλλαις
559 701 836 773 αἱρέσεσι,
871 706 992 768 ταῖς
1037 703 1356 775 λεγούσαις,
1392 709 1472 764 ὅτι
1500 710 1607 764 ἀπὸ
1642 710 1736 764 τοῦ
1774 712 1905 785 Ἰορ-

319 794 478 850 δάνου
512 789 644 867 ἦλθε
676 795 912 866 Χριστὸς
948 798 1029 862 εἰς
1068 798 1253 864 αὐτὸν,
1287 801 1424 872 ὅπερ
1474 801 1624 856 ἐστὶν
1669 803 1703 873 ἡ
1737 790 1904 874 ’περι-

321 887 509 958 στερά.
539 887 632 940 Διδ
660 888 754 940 καὶ
786 887 843 940 ἐν
868 887 946 958 τῷ
973 888 1257 963 δωδεκάτῳ
1284 891 1392 945 ἔτει
1417 892 1603 963 σαφῶς
1633 894 1903 950 δείκνυσιν

320 981 348 1032 ὁ
367 979 601 1041 Λουκᾶς,
630 978 712 1031 ὅτι
744 979 1264 1053 προσδιαλεγόμενος
1300 986 1410 1047 τοῖς
1442 985 1645 1057 ἱερεῦσι
1667 987 1760 1040 καὶ
1787 989 1902 1051 τοῖς

320 1071 737 1143 πρεσϐυτέροις,
768 1072 872 1144 ἔφη
900 1076 967 1146 τῇ
998 1076 1208 1147 Μαρίᾳ,
1231 1078 1313 1130 ὅτι
1333 1080 1453 1132 Οὐκ
1479 1079 1692 1148 ᾔδειτε,
1719 1080 1808 1135 ὅτι
1830 1082 1902 1135 ἐν

317 1162 441 1228 τοῖς
474 1162 581 1217 τοῦ
631 1163 864 1232 Πατρός
899 1183 1019 1234 μου
1056 1167 1154 1220 δεῖ
1191 1185 1268 1238 με
1304 1165 1492 1233 circa;
1533 1171 1619 1224 ἵνα
1667 1173 1808 1245 πέσῃ
1871 1173 1899 1226 ὁ

317 1254 474 1323 λόγος
500 1253 610 1307 τῶν
642 1253 929 1324 λεγόντων,
957 1258 1040 1337 δτι
1081 1259 1188 1312 ἀπὸ
1222 1260 1316 1313 τοῦ
1354 1262 1546 1332 χρόνου
1580 1261 1675 1316 τοῦ
1703 1262 1898 1333 βαπτί-

319 1363 523 1416 σματος
566 1346 769 1419 κατέϐη
815 1349 896 1412 είς
933 1347 1095 1403 αὐτὸν
1133 1351 1194 1403 τὸ
1238 1352 1463 1422 Πνεῦμα
1497 1354 1558 1406 τὸ
1592 1355 1768 1423 ἆγιον,
1803 1355 1898 1409 καὶ

316 1436 504 1507 σαφῶς
529 1438 770 1510 γνωσθῇ,
803 1439 884 1493 ὅτι
914 1441 1121 1495 ἄνωθεν
1150 1443 1493 1515 ἐπεδήμησεν
1520 1447 1548 1498 ὁ
1579 1438 1772 1514 Λόγος,
1802 1449 1897 1500 καὶ

312 1526 604 1600 ἐσαρκώθη
632 1529 741 1582 ἀπὸ
762 1529 1002 1602 Μαρίας,
1033 1533 1128 1585 καὶ
1154 1533 1211 1585 ὲν
1239 1532 1317 1604 τῷ
1355 1535 1593 1608 Ἰορδάνῃ
1629 1536 1896 1607 κατῆλθεν

311 1615 400 1668 ἐπ’
435 1615 598 1669 αὐτὸν
636 1616 697 1670 τὸ
728 1617 954 1689 Πνεῦμα
975 1635 987 1648 ·
1021 1620 1109 1676 ἵνα
1140 1625 1357 1693 σημανῇ
1398 1623 1481 1685 τίς
1518 1626 1664 1679 ἐστιν
1696 1628 1724 1679 ό
1751 1640 1894 1700 μαρ-

311 1708 644 1782 τυρούμενος
688 1710 797 1764 ἀπὸ
836 1710 930 1764 τοῦ
983 1712 1232 1784 Πατρός,
1282 1716 1364 1768 ὅτι
1419 1711 1608 1784 Οὗτός
1651 1719 1823 1773 ἐστιν
1862 1724 1895 1776 ὁ

320 1800 453 1867 Υίός
486 1819 608 1871 μου
660 1804 694 1856 ό
733 1803 1075 1872 ἀγαπητόςσ
1115 1806 1300 1861 αὐτοῦ
1355 1807 1627 1863 ἀκούετε
1666 1813 1760 1865 καὶ
1807 1813 1894 1867 ἵνα

310 1889 535 1962 γένηται
584 1891 745 1945 τοῦτο
798 1894 1101 1966 ὑπόδειγμα
1148 1900 1260 1961 τοῖς
1309 1898 1592 1968 μέλλουσιν
1632 1903 1691 1955 ἐν
1743 1904 1894 1975 αύτῷ
1926 1872 1966 1926 Β

310 1989 661 2057 φωτίζεσθαι,
691 1993 772 2045 ὅτι
824 1993 1326 2065 καταξιωθήσονται
1370 1995 1687 2067 Πνεύματος
1735 1996 1892 2065 ἁγίου

307 2080 368 2132 ἑν
396 2081 473 2152 τῷ
506 2081 714 2155 λουτρῷ
748 2084 847 2155 τῆς
895 2086 1126 2155 δωρεᾶς,
1165 2089 1259 2140 καὶ
1296 2088 1546 2157 ἀφέσεως
1583 2091 1891 2161 ἁμαρτιῶν,

307 2171 529 2244 χάριτος
555 2174 655 2244 τῆς
680 2175 771 2228 ὑπ’
799 2176 965 2229 αὑτοῦ
985 2177 1251 2249 δοθείσης.

374 2441 504 2494 KA'.
556 2441 783 2510 Ἀφότου
815 2441 872 2495 δὲ
914 2441 984 2497 τά
1031 2441 1210 2495 τέλεια
1243 2440 1446 2513 ἤρξατο
1489 2444 1663 2497 ποιεῖν
1703 2441 1891 2516 θεοσήο

305 2551 437 2605 μεια
466 2534 524 2587 ἐν
559 2532 638 2604 τῷ
673 2532 851 2605 καιρῷ
886 2533 981 2587 τοῦ
1022 2532 1401 2604 κηρύγματος,
1438 2533 1617 2589 Τοῦτο
1656 2535 1892 2603 πρῶτον

302 2624 556 2695 σημεῖον
590 2625 892 2693 ἐποίησεν
919 2626 951 2679 ό
985 2625 1249 2694 Ἰησοῦς,
1277 2626 1460 2695 φησὶν,
1488 2626 1560 2678 ἐν
1588 2623 1754 2693 Κανᾷ
1780 2625 1891 2696 τῆς

301 2717 638 2783 Γαλιλαίας
659 2733 672 2746 ·
694 2717 816 2787 οὐχὶ
848 2717 956 2788 πρὸ
977 2716 1070 2769 τοῦ
1103 2716 1499 2787 βαπτίσματος,
1525 2717 1601 2781 ὡς
1630 2716 1889 2782 πολλάκις

300 2807 457 2880 ἔφην,
503 2808 618 2862 ἀλλ’
659 2809 749 2862 ὅτε
782 2808 1102 2879 ἀνέκαμψεν
1153 2808 1262 2862 ἀπὸ
1304 2807 1399 2861 τοῦ
1446 2808 1790 2880 πειρασμοῦ,
1819 2811 1886 2880 τῇ

293 2900 456 2971 τρίτῃ
489 2898 676 2971 ἡμέρᾳ
705 2899 844 2972 μετὰ
865 2900 965 2964 τὰς
985 2898 1098 2963 δύο,
1122 2900 1301 2973 ἅσπερ
1329 2900 1552 2971 ἔμειναν
1582 2901 1711 2971 παρ’
1740 2899 1888 2971 αὐτῷ

296 2993 350 3046 oi
381 2991 476 3045 δύο
501 2993 746 3065 μαθηταὶ
764 2991 858 3046 τοῦ
894 2993 1160 3056 Ἰωάννου,
1184 2993 1231 3046 oi
1258 2993 1610 3058 ἀκούσαντες,
1636 2994 1730 3046 καὶ
1752 2978 1907 3046 άκοέ

298 3082 665 3156 λουθήσαντες
698 3085 869 3157 αύτῷ.
906 3086 994 3149 Ὠς
1021 3085 1183 3149 εὐθὺς
1217 3085 1357 3156 μετὰ
1388 3085 1487 3148 τὰς
1518 3085 1612 3138 δύο
1647 3085 1879 3158 ἡμέρας,

2007 635 2132 691 quae
2190 618 2467 677 Christum
2529 620 2598 677 ad
2657 619 2950 678 Jordanem
3017 621 3240 677 ﬂuvium
3300 618 3354 675 in
3433 619 3585 675 illum

2007 713 2360 769 descendisse
2391 714 2657 770 columba
2688 714 2870 784 specie
2898 713 3215 785 praedicant.
3248 712 3430 780 Quare
3452 712 3588 766 duo-

2006 804 2220 860 decimo
2250 805 2426 862 aetatis
2465 820 2611 860 anno
2643 788 2934 860 manifeste
2979 803 3248 859 Lucas-id
3283 802 3585 874 expressit,

2004 896 2372 967 disputantem
2405 898 2555 953 illum
2581 913 2706 953 cum
2739 896 3137 961 sacerdotibus,
3184 910 3249 949 ac
3275 894 3588 969 senioribus
3644 912 3651 943 ί

2004 986 2190 1043 Maria:
2217 988 2454 1044 dixisse:
2493 987 2824 1044 Nesciebatis
2877 986 3018 1054 quod
3066 986 3123 1039 in
3153 983 3234 1039 his
3262 1001 3378 1055 qua:
3406 983 3585 1038 Patris
3648 980 3653 985 ’

2004 1080 2107 1135 mei
2153 1089 2277 1134 sunt
2337 1088 2540 1149 oportet
2592 1096 2674 1135 me
2709 1096 2822 1133 esse
2853 1077 2921 1131 '?
2961 1074 3031 1130 Ut
3078 1091 3266 1131 eorum
3313 1074 3581 1130 rationem
3650 1083 3657 1109 ί

2001 1170 2340 1236 excluderet,
2376 1171 2467 1241 qui
2508 1171 2576 1225 ab
2613 1186 2679 1226 eo
2707 1171 2943 1241 primum
2977 1175 3242 1237 tempore,
3272 1180 3381 1235 quo
3405 1164 3584 1234 bapti-

2003 1269 2159 1318 zatus
2211 1271 2297 1318 est
2321 1304 2335 1329 ,
2373 1263 2636 1334 Spiritum
2677 1272 2928 1319 sanctum
2968 1261 3023 1314 in
3057 1260 3208 1314 illum
3242 1265 3439 1329 putant
3464 1272 3586 1311 esse

2000 1355 2328 1425 delapsum;
2387 1364 2611 1411 econtra
2669 1371 2801 1411 vero
2856 1356 3106 1411 homines
3187 1352 3583 1422 intelligerent,

2006 1445 2237 1502 Verbum
2268 1449 2444 1518 ipsum
2486 1464 2516 1504 e
2554 1448 2699 1503 ctelo
2729 1446 3068 1503 descendens
3095 1459 3315 1500 carnem
3347 1458 3378 1498 e
3415 1441 3585 1495 Maria

1998 1540 2267 1606 traxisse;
2296 1555 2531 1610 cumque
2555 1541 2621 1596 ad
2652 1539 2943 1595 Jordanem
2975 1538 3301 1596 accessisset
3330 1541 3583 1591 sanctum

1998 1648 2059 1687 se
2090 1632 2145 1687 in
2179 1633 2331 1688 illum
2363 1631 2636 1689 infudisse
2667 1632 2968 1704 Spiritum:
3000 1646 3109 1703 quo
3141 1638 3195 1685 et
3225 1627 3361 1683 illud
3397 1626 3575 1681 decla-

1998 1723 2107 1778 rari
2136 1732 2342 1795 posset,
2377 1725 2502 1796 quis
2541 1732 2689 1782 esset
2718 1724 2809 1780 ille
2842 1725 2908 1780 de
2945 1723 3108 1796 443
3137 1735 3245 1792 quo
3274 1718 3436 1773 Pater
3467 1726 3578 1770 tam

1999 1817 2214 1886 insigne
2249 1817 2626 1872 testimonium
2663 1815 2932 1871 dedisset:
2971 1814 3073 1868 Hic
3123 1821 3200 1867 est
3227 1810 3403 1864 Filius
3434 1823 3580 1861 meus

1997 1909 2259 1974 dilectus;
2290 1909 2461 1977 ipsum
2490 1910 2670 1962 audite
2695 1908 2737 1962 ³.
2774 1905 2911 1961 lllud
2947 1922 3075 1961 vero
3105 1912 3366 1975 praeterea
3394 1914 3582 1956 excin-

1998 2002 2087 2073 plo
2123 2017 2247 2059 esse
2294 2017 2357 2056 ac
2388 2003 2719 2057 documento
2752 2000 2924 2055 voluit
2952 1999 3021 2053 iis
3049 2038 3063 2061 ,
3105 1997 3199 2066 qui
3255 1994 3439 2049 divina
3486 2003 3585 2060 per

1996 2095 2150 2149 illum
2188 2094 2311 2149 luce
2339 2092 2839 2166 perfunderentur;
2873 2091 3117 2145 futurum
3149 2086 3405 2149 omnino,
3438 2090 3498 2136 ut
3526 2087 3582 2135 et

1995 2186 2101 2256 ipsi
2123 2184 2385 2255 Spiritum
2417 2194 2692 2251 sanctum,
2715 2198 2818 2239 nec
2847 2198 2956 2237 non
2981 2181 3205 2235 caeleste
3230 2174 3576 2235 beneﬁcium,

1994 2293 2060 2333 ac
2089 2285 2440 2348 peccatorum
2469 2278 2707 2341 veniam,
2726 2285 2779 2330 et
2807 2274 3264 2329 communicatam
3295 2268 3364 2323 ab
3386 2265 3581 2322 eodem

1993 2370 2227 2442 gratiam
2268 2369 2323 2423 in
2348 2369 2624 2439 baptismo
2658 2373 3147 2436 consequerentur.

2062 2458 2206 2515 XXI.
2252 2459 2360 2515 Sed
2414 2458 2507 2514 ubi
2542 2458 2752 2528 majora
2793 2458 2886 2511 illa
2935 2454 3370 2527 perfectioraque
3412 2463 3578 2503 mira-

1992 2553 2114 2609 cula
2135 2552 2537 2623 praedicationis
2565 2566 2678 2606 suae
2708 2557 2952 2620 tempore
2978 2554 3063 2603 est
3084 2558 3375 2616 aggressus
3394 2581 3408 2606 ,
3434 2543 3574 2603 Hoc,

1992 2645 2205 2715 inquit,
2246 2644 2477 2714 primum
2526 2644 2734 2714 signum
2777 2642 2901 2711 fecit
2939 2640 3097 2695 Jesus
3136 2640 3190 2692 in
3238 2636 3392 2693 Cana
3434 2633 3581 2688 Gali-

1992 2737 2108 2793 ιωω
2140 2736 2182 2791 ⁸.
2239 2736 2355 2790 Νυιι
2399 2741 2528 2791 ante
2569 2736 2940 2805 baptismum,
2976 2740 3035 2787 ut
3086 2745 3230 2802 saepe
3282 2727 3438 2792 dixi,
3481 2724 3577 2780 sed

1992 2836 2106 2882 tum
2155 2828 2394 2899 primum
2444 2827 2500 2881 id
2557 2827 2801 2892 accidit,
2856 2833 3147 2896 postquam
3193 2838 3223 2877 a
3281 2819 3579 2876 tentatione

1989 2933 2247 2974 reversus
2301 2924 2429 2984 est,
2467 2918 2625 2972 tertia
2663 2916 2752 2972 die
2806 2922 2931 2988 post
2984 2915 3215 2970 biduum
3264 2908 3432 2975 illud;
3466 2922 3579 2980 quo

1987 3011 2150 3065 ambo
2192 3011 2335 3080 apud
2385 3012 2564 3082 ipsum
2614 3010 2823 3064 haesere
2872 3000 3103 3062 Joannis
3139 3002 3437 3074 discipuli,
3480 3001 3575 3072 qui

1987 3107 2043 3152 et
2077 3098 2370 3153 audierunt
2400 3099 2550 3153 illum
2579 3137 2594 3163 ,
2641 3106 2692 3153 et
2749 3098 2925 3154 secuti
2981 3105 3129 3150 sunt.
3173 3092 3368 3148 Statim
3424 3091 3573 3150 enim

292 3180 364 3242 ἃς
420 3177 683 3250 ἐποίησαν
738 3178 867 3248 παρ’
943 3178 1135 3250 αὐτῷ,
1179 3180 1461 3247 ἐπεισάγει
1512 3178 1714 3247 λέγων’
1774 3179 1881 3233 Καὶ

1991 3200 2114 3260 post
2149 3188 2403 3254 biduum,
2444 3205 2553 3260 quo
2581 3188 2724 3261 apud
2757 3189 2908 3243 illum
2930 3174 3029 3243 isti
3062 3180 3389 3241 commorati
3421 3190 3571 3245 sunt,

295 3268 558 3339 ἐξῆλθεν
576 3272 664 3337 εὶς
692 3268 809 3338 τὴν
828 3270 1185 3339 Γαλιλαίαν,
1216 3272 1315 3327 καὶ
1344 3270 1537 3340 εὑρὼν
1557 3273 1881 3336 Φίλιππον,

294 3356 492 3416 εἷπεν·
537 3361 869 3416 Ἀκολούθει
895 3377 1017 3431 μοι.
1047 3357 1180 3417 Εἶτα
1210 3362 1395 3426 εὐθύς
1434 3362 1513 3432 Τῇ
1544 3364 1711 3434 τρίτῃ
1735 3363 1880 3433 ἡμέ-

286 3469 369 3520 ρᾳ
397 3451 584 3522 γάμος
622 3450 861 3521 ἐγένετο
891 3453 964 3507 ἐν
1001 3451 1170 3520 Κανᾷ
1197 3452 1308 3522 τῆς
1340 3448 1693 3520 Γαλιλαίας.
1736 3453 1881 3507 Ἔδει

294 3543 404 3616 γὰρ
438 3544 600 3599 αὐτὸν
644 3543 950 3599 ἀπελθόντα
992 3545 1155 3608 εὐθὺς
1197 3544 1393 3616 γάμων
1436 3545 1772 3617 τελουμένων
1801 3548 1881 3610 εἰς

290 3637 392 3709 τὴν
431 3639 597 3709 τιμὴν
639 3636 805 3691 αὐτοῦ
836 3639 1104 3712 κληθῆναι
1155 3642 1240 3693 ἐπ’
1284 3639 1505 3711 εὐλογίᾳ
1546 3637 1640 3693 τοῦ
1679 3640 1876 3709 γάμου.

292 3730 403 3784 Καί
423 3748 557 3802 φησι
576 3747 590 3760 ·
615 3731 819 3801 Γάμος
846 3730 1084 3801 ἐγένετο
1115 3730 1189 3800 τῇ
1220 3732 1387 3801 τρίτῃ
1410 3731 1601 3801 ἡμέρᾳ
1619 3730 1690 3786 ἐν
1711 3728 1881 3796 Κανᾷ

291 3821 404 3890 τῆς
439 3824 808 3890 Γαλιλαίας·
838 3823 937 3878 καὶ
961 3819 1041 3894 ἦν
1070 3824 1109 3892 ἠ
1131 3823 1330 3893 μήτηρ
1357 3824 1464 3877 τοῦ
1515 3822 1709 3892 Ἰησοῦ
1730 3821 1873 3875 ἐκεῖ.

304 3912 567 3983 Ἐκλήθη
594 3914 663 3967 δὲ
692 3914 793 3968 καί
827 3918 860 3969 ό
892 3915 1132 3983 Ἰησοῦς
1182 3916 1282 3969 καί
1312 3917 1367 3969 oi
1399 3916 1662 3986 μαθηταὶ
1690 3913 1878 3970 αὐτοῦ

288 4007 346 4062 ot
380 4007 508 4076 μετ’
539 4007 726 4063 αὑτοῦ
765 4009 851 4073 εἰς
893 4006 1002 4061 τὸν
1032 4005 1241 4077 γάμον.
1279 4009 1391 4062 Καὶ
1424 4008 1879 4078 ὑστερήσαντος

288 4097 492 4165 οἴνου,
535 4097 698 4169 λέγει
749 4100 787 4168 ἡ
829 4098 1029 4168 μήτηρ
1087 4097 1194 4151 τοῦ
1249 4099 1488 4166 Ἰησοῦ·
1543 4096 1723 4154 Οἶνον
1765 4106 1877 4157 οὐκ

287 4191 522 4259 ἔχουσι.
573 4192 682 4246 Καὶ
709 4191 874 4261 λέγει
924 4187 1081 4260 αὐτῇ
1119 4193 1152 4245 ό
1193 4189 1467 4259 Ἰησοῦς⁹
1524 4192 1585 4247 Τί
1608 4192 1739 4262 ἐμοὶ
1776 4194 1879 4249 καί

289 4283 410 4349 σοὶ,
441 4285 654 4353 γύναι;
693 4284 859 4338 οὔπω
885 4283 1018 4353 ἣκει
1046 4285 1084 4354 ἡ
1108 4282 1230 4352 ὥρα
1252 4301 1393 4354 μου.

360 4376 515 4430 Μετὰ
558 4376 622 4429 τὸ
667 4375 842 4431 ἐλθεῖν
892 4375 1056 4429 αὐτὸν
1101 4375 1213 4429 ἀπὸ
1258 4375 1352 4429 τοῦ
1389 4376 1736 4450 πειρασμοῦ,
1782 4379 1877 4434 καὶ

289 4467 517 4522 διελθεῖν
566 4469 655 4522 διὰ
696 4468 798 4539 τῆς
844 4466 1119 4540 θαλάσσης
1165 4468 1260 4522 καὶ
1307 4466 1401 4521 τοῦ
1438 4469 1727 4541 Ἰορδάνου,
1777 4470 1877 4542 τὴν

1989 3282 2247 3351 subjicit:
2290 3280 2360 3336 Et
2384 3282 2515 3337 abiit
2548 3283 2603 3337 in
2630 3281 2913 3338 Galilazam
2934 3322 2948 3346 ,
2977 3289 3026 3334 et
3059 3279 3326 3334 inveniens
3367 3276 3570 3345 Philip-

1985 3387 2112 3440 pum
2177 3371 2363 3427 diasit:
2419 3372 2645 3444 Sequere
2701 3390 2782 3426 me
2828 3372 2871 3427 '.
2931 3370 3183 3427 Deinde:
3248 3367 3429 3423 Tertia
3489 3366 3576 3419 die

1985 3463 2184 3532 nuptiae
2234 3463 2392 3532 facta
2425 3473 2549 3518 sunt
2595 3465 2651 3518 in
2682 3463 2829 3521 Cana
2858 3459 3118 3518 Galilwte.
3154 3460 3434 3531 Siquidem
3477 3473 3576 3529 par

1982 3562 2103 3609 erat
2180 3554 2389 3618 illum,
2469 3571 2595 3610 cum
2685 3555 3035 3620 discederet,
3116 3553 3575 3615 commodumque

1982 3642 2189 3711 nuptiae
2222 3642 2653 3711 celebrarentur,
2687 3643 2917 3699 honoris
2945 3657 3113 3698 causa
3148 3641 3216 3697 ad
3242 3640 3462 3697 easdem
3490 3640 3575 3693 iu—

1980 3733 2179 3799 vitari,
2217 3735 2295 3788 uti
2335 3735 2545 3806 nuptiis
2595 3736 2964 3791 benediceret.
3007 3733 3189 3801 Quare
3218 3734 3294 3788 ita
3347 3731 3566 3795 scribit:

1982 3820 2203 3894 Nuptia’
2231 3825 2390 3894 facta:
2428 3835 2551 3880 sunt
2596 3829 2754 3882 tertia
2796 3827 2880 3881 die
2918 3828 2975 3881 in
3013 3825 3166 3881 Cana
3204 3824 3462 3879 Galiltew.
3501 3821 3573 3877 Et

1979 3923 2094 3968 erat
2129 3927 2299 3969 mater
2333 3915 2461 3972 Jesu
2491 3917 2587 3971 ibi.
2630 3917 2860 3972 Vocatus
2889 3930 2965 3972 est
3006 3926 3182 3971 autem
3214 3927 3260 3971 et
3297 3913 3453 3971 Iesus
3474 3955 3489 3980 ,
3519 3923 3571 3969 et

1978 4004 2231 4074 discipuli
2275 4003 2390 4074 ejus
2440 4005 2510 4059 ad
2564 4008 2799 4075 nuptias.
2861 4006 3151 4076 Deﬁciente
3202 4016 3378 4060 autem
3427 4007 3568 4072 vino,

1978 4096 2108 4149 dicit
2151 4104 2323 4150 mater
2352 4095 2522 4152 Iesu:
2574 4097 2765 4152 Vinum
2811 4114 2914 4152 non
2965 4097 3177 4152 habent.
3224 4097 3365 4151 Dicit
3402 4099 3450 4152 ei
3475 4096 3571 4153 Je—

1978 4205 2105 4244 sus:
2138 4188 2279 4256 Quid
2317 4190 2449 4245 mihi
2481 4200 2533 4245 et
2567 4189 2683 4257 tibi,
2725 4190 2963 4247 mulier?
3002 4189 3235 4244 nondum
3276 4191 3412 4245 venit
3436 4191 3568 4245 hora

1977 4298 2095 4336 mea
2135 4283 2175 4335 ⁸.

2050 4373 2183 4440 Qua:
2210 4381 2326 4429 tum
2350 4384 2502 4447 gesta
2532 4384 2682 4441 sunt,
2717 4391 2844 4432 cum
2872 4386 2997 4447 post
3017 4382 3398 4440 teutatronem,
3428 4375 3565 4429 mari

1979 4479 2044 4519 ac
2074 4463 2313 4524 Jordane
2351 4467 2583 4538 trajectu
2604 4507 2618 4534 ,
2647 4468 2749 4523 iter
2780 4468 2837 4522 in
2865 4468 3098 4538 patriam
3129 4467 3432 4531 convertit,
3463 4464 3569 4520 Na-

287 4559 465 4633 ὀρμὴν
498 4562 792 4632 ἐσχηκότος
834 4562 927 4616 ἐπὶ
970 4560 1038 4615 τὰ
1070 4561 1268 4625 οἰκεῖα,
1300 4560 1551 4616 ἀπελθὼν
1608 4563 1738 4617 ἔνθα
1780 4565 1876 4619 ἁν-

1991 4565 2225 4613 zaretum
2255 4559 2485 4626 scilicet,
2517 4561 2608 4616 ubi
2639 4560 2907 4617 educatus
2944 4575 2977 4615 a
3015 4568 3189 4617 matre
3229 4559 3425 4615 fuerat.
3466 4557 3566 4613 Ubi

288 4653 502 4725 ετράφη
539 4654 676 4728 πρὸς
714 4655 814 4726 τὴν
863 4655 1074 4726 μητέρα
1116 4655 1175 4707 ἐν
1219 4654 1474 4730 Ναζαρὲτ
1494 4695 1509 4719 ,
1543 4656 1640 4710 καὶ
1694 4674 1877 4730 παρα-

292 4746 482 4817 μείνας
522 4726 617 4800 δύο
662 4746 886 4818 ἡμερῶν
920 4748 969 4813 ³,
1000 4745 1189 4800 λοιπὸν
1242 4726 1603 4819 ἐπειγομένου
1645 4751 1726 4813 είς

289 4838 561 4910 σωτηρίαν
587 4837 697 4892 τῶν
735 4838 1059 4912 ἀνθρώπων,
1087 4837 1182 4891 τοῦ
1216 4838 1573 4910 κηρύγματος
1604 4839 1872 4912 ἄρξασθαι

287 4916 683 5002 ἐπιμελεῖσθαι.
713 4931 824 4986 Καὶ
847 4930 1029 5003 ἔμεινε
1061 4932 1161 5003 μὲν
1188 4933 1282 4987 δύο
1309 4932 1545 5005 ἡμέρας,
1575 4933 1663 4987 διὰ
1698 4934 1760 4987 τὸ
1783 4933 1874 4988 διὰ

287 5022 481 5092 χρόνου
503 5022 715 5095 ὴκέναι,
757 5021 898 5093 ἔχων
933 5023 1052 5095 μεθ’
1079 5023 1272 5077 ἑαυτοῦ
1306 5022 1400 5088 οὒς
1426 5023 1527 5095 ἤδη
1565 5025 1874 5096 παρείληφε

289 5114 539 5188 μαθητὰς
562 5158 577 5182 ,
617 5115 895 5181 ἀπολύσας
939 5118 1066 5181 τοὺς
1098 5116 1192 5170 δύο
1223 5117 1349 5181 τοὺς
1399 5117 1875 5190 ἀκολουθήσαντας

285 5206 459 5278 αύτῷ,
488 5206 650 5270 εὐθὺς
682 5206 775 5259 ἐπὶ
811 5205 910 5277 τὴν
943 5205 1234 5260 Γαλιλαίαν
1275 5205 1511 5273 ἐξελθεῖν
1542 5205 1632 5260 διὰ
1670 5205 1732 5260 τὸ
1765 5207 1869 5278 κή-

286 5315 494 5371 ρυγμα,
519 5298 697 5353 καὶτὸ
727 5298 886 5371 ἔργον
910 5298 1004 5353 τοῦ
1037 5299 1198 5371 θεοση
1206 5298 1380 5372 μείου,
1402 5298 1497 5352 τοῦ
1520 5300 1578 5353 ἐν
1597 5299 1675 5371 τῷ
1704 5301 1868 5372 γάμῳ

283 5389 739 5454 ἐπιτελεσθέντος.
798 5390 974 5444 Βλέπε
1030 5389 1140 5463 γὰρ
1199 5388 1317 5454 πῶς
1368 5389 1793 5460 ἐπασφαλίζεται
1840 5392 1869 5445 ὁ

281 5481 463 5553 λόγος,
497 5483 884 5554 ὡςἸωάννηςὸ
908 5481 1218 5553 Βαπτιστὴς
1255 5485 1543 5554 μαρτυρεῖ,
1573 5481 1766 5551 λέγων,
1792 5482 1868 5547 ὡς

284 5576 677 5647 παρῳχηκότος
723 5574 822 5647 ήδη
857 5575 950 5628 τοῦ
987 5574 1168 5645 λόγου,
1204 5575 1287 5628 ὅτι
1332 5573 1505 5645 Κάγὼ
1547 5575 1659 5629 οὐκ
1698 5573 1869 5645 ᾔδειν

280 5667 504 5722 αὐτόν·
540 5667 703 5726 ἀλλὰ
743 5671 776 5724 ό
813 5667 1058 5738 πέμψας
1102 5684 1179 5739 με
1206 5665 1519 5733 βαπτίζειν
1565 5664 1696 5723 εἶπέ
1724 5684 1863 5738 μοι·

1982 4664 2107 4704 cum
2143 4650 2370 4707 biduum
2404 4652 2655 4708 haesisset
2685 4692 2699 4716 ,
2735 4658 2986 4707 humana:
3035 4653 3227 4707 salutis
3257 4652 3441 4706 studio
3466 4666 3567 4704 cu-

1982 4756 2154 4812 raque
2202 4757 2505 4799 succensus
2545 4743 2878 4814 praedicandi
2934 4755 3136 4800 munus
3175 4743 3328 4798 obire
3376 4743 3562 4813 coapit.

1982 4833 2213 4889 Biduum
2245 4836 2407 4906 igitur
2440 4836 2637 4891 ibidem
2674 4851 2906 4892 manens
2931 4879 2947 4903 ,
3006 4836 3152 4905 quod
3205 4836 3365 4902 longo
3397 4835 3565 4890 inter-

1980 4927 2125 4980 vallo
2175 4926 2450 4989 redierat,
2495 4926 2893 4998 discipulorum
2950 4927 3192 4997 aliquot,
3250 4941 3392 4997 quos
3448 4926 3564 4996 jam

1983 5018 2273 5083 asciverat,
2326 5017 2593 5073 comitatu
2647 5028 2877 5090 septus,
2920 5018 3136 5073 duobus
3166 5060 3182 5086 ,
3235 5018 3331 5089 qui
3388 5017 3563 5072 secuti

1983 5118 2181 5177 erant,
2223 5110 2474 5167 remissis
2503 5150 2519 5177 ,
2571 5111 2756 5167 statim
2806 5110 2863 5166 in
2902 5108 3179 5165 Galilaeam
3232 5107 3565 5179 praedicandi

1978 5217 2145 5259 causa
2180 5203 2458 5274 profectus
2486 5212 2601 5259 est:
2644 5204 2809 5261 simul
2841 5210 2900 5257 ut
2936 5202 3243 5274 prodigium
3273 5200 3406 5255 illud
3435 5206 3564 5256 ede-

1976 5304 2103 5361 ret,
2138 5297 2283 5368 quod
2335 5298 2392 5352 in
2431 5297 2637 5368 nuptiis
2674 5299 2744 5353 ab
2782 5311 2848 5352 eo
2897 5296 3101 5351 factum
3140 5295 3392 5367 legimus.
3424 5291 3562 5348 Vide

1975 5399 2183 5460 quanta
2213 5406 2338 5446 cum
2362 5390 2857 5462 circumspectione
2888 5389 3031 5446 istud
3067 5389 3246 5460 ipsum
3273 5386 3569 5458 Scriptura

1975 5482 2358 5548 declaraverit,
2383 5484 2846 5555 quemadmodum
2865 5484 3103 5541 Joannes
3125 5494 3385 5555 tanquam
3413 5482 3560 5537 facto

1971 5577 2083 5647 jam
2117 5592 2371 5634 sermone
2403 5585 2639 5633 testetur
2664 5578 2750 5633 his
2780 5579 2996 5634 verbis:
3025 5577 3095 5631 Et
3133 5592 3223 5647 ego
3260 5574 3558 5629 nesciebam

1976 5668 2164 5735 illum;
2201 5669 2290 5727 sed
2324 5671 2414 5741 qui
2440 5670 2582 5724 misit
2611 5686 2690 5725 me
2726 5671 2997 5743 baptizare
3030 5670 3169 5725 dixit
3196 5669 3360 5723 mihi:
3391 5668 3561 5737 Super

360 5823 376 5856 ‘
402 5822 465 5880 ι’.
496 5824 731 5897 ἡμέρας.
809 5828 829 5857 ¹
860 5826 990 5883 Luc.
1029 5844 1089 5894 ιι,
1119 5827 1204 5884 ii).
1284 5827 1304 5859 ³
1336 5827 1524 5883 Matth.
1553 5844 1687 5898 ’ξι-ιι,
1716 5829 1765 5885 ὅ.
1846 5830 1863 5860 ³⁵

1991 5847 2051 5884 ιι.
2088 5847 2146 5898 ιι,
2181 5832 2261 5925 il.
2342 5836 2360 5865 ⁵
2391 5831 2545 5889 Joan.
2587 5850 2623 5902 ι,
2655 5834 2743 5891 45.
2824 5833 2842 5864 ⁸
2875 5830 3032 5889 Joan.
3069 5848 3130 5898 ιι,
3162 5832 3182 5887 1
3223 5846 3387 5906 BIN“
