3918 6142
396 301 501 361 927

1808 306 1868 369 S.
1930 304 2273 364 EPIPHANII

3562 304 3677 365 9‘58

413 434 567 486 quem
597 418 789 475 videris
826 418 1089 490 Spiritum
1121 419 1174 474 in
1205 419 1371 488 specie
1394 420 1650 478 columba:
1691 421 2000 479 descenden-

2113 423 2239 492 Ἐφ’
2269 422 2343 477 ὃν
2389 421 2466 477 ἂν
2509 421 2646 490 ἴδῃς
2666 419 2735 475 τὸ
2765 420 3004 491 Πνεῦμα
3039 420 3109 474 ἐν
3139 420 3286 475 εἴδει
3315 418 3678 489 περιστερᾶς

420 520 559 577 tem,
610 498 695 564 hic
743 519 821 596 est
856 512 899 566 ¹.
929 508 1194 566 Joannem
1223 510 1423 582 quippe
1464 511 1780 581 baptizandi
1819 512 1994 582 gratia

418 601 640 656 mittens
671 598 835 656 Pater
875 601 979 656 hoc
1011 601 1060 656 ei
1097 602 1313 671 signum
1344 602 1648 672 praebuerat
1676 620 1691 670 ;
1727 618 1793 658 ex
1832 601 1997 674 ω

418 704 528 760 quo
583 688 922 744 Salvatorem
969 690 1120 743 illum
1168 690 1236 744 de
1289 692 1487 746 animis
1539 690 1747 745 nostris
1791 692 1997 761 optime

418 778 676 833 meritum
729 787 1086 849 agnosceret,
1118 780 1209 849 qui
1259 779 1327 835 de
1364 781 1505 835 caelo
1535 781 1736 836 missus
1764 768 1821 835 in
1851 781 1997 837 hunc

418 869 605 923 orbem
640 869 899 925 venisset.
932 869 1297 935 Quamobrem
1340 886 1409 925 ex
1438 870 1746 925 istiusmodi
1769 872 1996 928 veritate

422 959 857 1031 Scripturarum,
893 970 1257 1032 accurataque
1298 961 1509 1017 ratione
1539 961 1593 1016 id
1627 978 1798 1032 genus
1827 962 1997 1019 homi-

423 1067 520 1107 nes
553 1053 806 1123 redargui
846 1063 1115 1123 possunt;
1151 1068 1216 1108 ac
1243 1054 1544 1123 prasertim
1579 1068 1646 1108 ex
1680 1069 1733 1107 tv
1771 1067 1997 1123 evange-

422 1144 675 1200 listarum
710 1160 1006 1201 consensu.
1046 1143 1217 1200 Nemo
1257 1146 1401 1200 enim
1450 1145 1545 1215 qui
1598 1145 1817 1215 quidem
1851 1154 1997 1201 recte

424 1237 645 1299 sentiat,
685 1236 983 1305 rejicienda
1015 1235 1104 1289 illa
1128 1235 1232 1291 sibi
1257 1236 1628 1306 persuadebit,
1663 1234 1784 1307 quae
1813 1252 1843 1290 a
1876 1235 2000 1306 Spi-

427 1327 537 1381 ritu
584 1337 776 1383 sancto
806 1327 862 1382 in
910 1328 1277 1384 sacrosanctis
1317 1327 1624 1399 Evangeliis
1655 1329 1998 1385 exactissime

429 1424 558 1474 sunt
588 1426 830 1487 peracta.

494 1506 657 1562 XXII.
699 1507 968 1564 Caeterum
1005 1524 1072 1564 ex
1103 1509 1210 1564 alio
1239 1515 1503 1579 praeterea
1534 1508 1713 1580 capite
1746 1518 1996 1564 sanctum

426 1601 837 1670 evangelistam,
880 1601 966 1655 vel
1008 1600 1183 1671 ipsius
1221 1602 1403 1672 potius
1434 1600 1788 1672 Evangelium
1820 1616 1996 1655 accu-

424 1698 585 1758 sant;
619 1692 877 1760 quoniam
897 1734 911 1759 ,
946 1693 1242 1763 inquiunt,
1271 1692 1509 1749 Joannes
1538 1693 1647 1748 duo
1674 1693 1744 1748 ab
1781 1693 1998 1747 Christo

2094 514 2422 584 ἐρχόμενον
2459 513 2550 567 ἐπ’
2585 512 2810 578 αὐτὸν,
2855 509 3033 579 οὗτός
3075 513 3264 567 ἐστιν.
3300 512 3678 565 Ἀποστέλλων

2095 603 2205 676 γὰρ
2233 607 2261 658 6
2286 605 2479 677 Πατὴρ
2506 603 2597 658 τὸν
2641 604 2892 673 Ἰωάννην
2921 602 3223 674 βαπτίζειν,
3246 602 3403 657 τοῦτο
3435 602 3586 673 αὐτῷ
3611 603 3682 655 τὸ

2098 698 2322 766 σημεῖον
2345 696 2675 768 ἐδωρήσατο,
2701 697 2790 762 ἶν’,
2823 698 2951 751 ὅταν
2980 697 3328 771 ῐδῃ,κέπιγνῷ
3345 696 3434 749 τὸν
3461 694 3682 751 ἄνωθεν

2094 786 2154 838 ἐν
2186 786 2263 855 τῷ
2301 787 2492 857 κόσμῳ
2541 787 2935 853 ἀποσταλέντα,
2966 787 3195 859 Σωτῆρα
3234 787 3329 841 καὶ
3377 787 3684 857 εὐεργέτην

2094 873 2202 927 τῶν
2227 876 2510 946 ἡμετέρων
2535 874 2742 946 ψυχῶν.
2769 876 3187 947 Ἀνατρέπονται
3212 877 3390 928 τοίνυν
3418 877 3467 928 οἱ
3492 874 3681 928 τοιοῦ-

2094 980 2176 1017 τοι
2200 964 2307 1017 ἀπὸ
2337 965 2436 1035 τῆς
2462 964 2720 1037 ἀληθείας
2753 966 2862 1019 τῶν
2903 965 3157 1019 τοιούτων
3196 965 3424 1038 Γραφῶν
3448 965 3542 1018 καὶ
3573 965 3683 1034 τῆς

2097 1053 2384 1125 ἀκριϐείας
2409 1072 2424 1086 ν
2449 1053 2683 1123 μάλιστα
2729 1054 2836 1107 ἀπὸ
2867 1056 2969 1125 τῆς
3002 1052 3318 1124 συμφωνίας
3345 1051 3452 1104 τῶν
3477 1051 3683 1104 τεσσά-

2098 1161 2209 1216 ρων
2248 1144 2671 1214 εὐαγγελιστῶν.
2720 1146 2796 1198 Οὐ
2829 1146 2938 1215 γάρ
2973 1162 3056 1208 τις
3104 1144 3214 1197 τῶν
3266 1142 3684 1217 εὐφρονούντων

2097 1234 2388 1289 ἀποϐάλλοι
2422 1236 2494 1289 τὰ
2518 1235 2597 1306 τῷ
2641 1235 2780 1306 ἀγίῳ
2803 1235 3081 1306 Πνεύματι
3116 1238 3172 1288 ἐν
3204 1237 3317 1297 τοῖς
3357 1234 3530 1304 ἁγίοις
3566 1234 3685 1289 Εὐε

2098 1327 2371 1398 αγγελίοις
2396 1328 2639 1400 ἀκριϐῶς
2663 1329 2842 1399 πάντη
2870 1328 3434 1401 πεπραγματευμένα.

2167 1504 2293 1559 KB’.
2334 1505 2716 1578 Κατηγοροῦσι
2738 1505 2795 1561 δὲ
2816 1506 2976 1561 πάλιν
3000 1507 3108 1578 (44)
3135 1508 3185 1560 οὶ
3215 1506 3367 1562 αὐτοὶ
3393 1506 3490 1560 τοῦ
3515 1507 3687 1575 ἁγίου

2098 1598 2504 1667 εὐαγγελιστοῦ,
2537 1599 2738 1670 μᾶλλον
2763 1600 2822 1654 δὲ
2852 1599 2945 1654 τοῦ
2968 1600 3143 1653 αὐτοῦ
3165 1599 3529 1669 Εὐαγγελίου,
3575 1600 3685 1661 ὅτι,

2101 1689 2285 1759 φησὶν,
2315 1691 2344 1742 6
2376 1691 2627 1762 Ἰωάννης
2653 1691 2754 1762 ἔφη
2784 1694 2913 1764 περὶ
2939 1692 3031 1745 δύο
3053 1692 3285 1762 Πασχῶν
3310 1693 3401 1744 τὸν
3446 1691 3688 1761 Σωτῆρα

423 1783 696 1837 celebrata
727 1782 997 1839 Paschata
1046 1793 1479 1852 commemorat,
1509 1801 1632 1840 cum
1667 1786 1833 1841 unius
1863 1784 1999 1839 dun-

2104 1783 2459 1852 πεποιηκότα.
2490 1785 2539 1837 οἱ
2584 1783 2641 1837 δὲ
2678 1783 2828 1838 ἄλλοι
2878 1784 3261 1854 εὐαγγελισταὶ
3312 1783 3438 1853 περὶ
3486 1782 3692 1852 Πάσχα

425 1880 576 1927 taxat
600 1875 781 1929 caeteri
823 1877 1155 1930 mentionem
1188 1875 1435 1931 fecerint.
1472 1875 1581 1931 Nec
1612 1876 1740 1931 illud
1772 1877 2001 1947 ineptis-

427 1964 550 2019 simi
592 1965 839 2020 homines
894 1964 1372 2030 animadvertunt,
1427 1982 1534 2022 non
1587 1968 1695 2022 duo
1735 1966 1911 2022 solum
1945 1966 2021 2021 in.

425 2054 732 2126 Evangeliis
779 2055 1047 2112 Paschata
1087 2058 1517 2127 comprehendi,
1566 2059 1661 2114 sed
1709 2059 1776 2113 ad
1816 2058 2003 2128 priora

426 2147 517 2201 illa
546 2146 656 2202 duo
689 2148 907 2202 tertium
938 2147 1220 2213 accedere,
1262 2150 1316 2203 in
1346 2165 1457 2220 quo
1484 2148 1735 2204 Salvator
1766 2156 1850 2205 est
1876 2164 2004 2220 pas-

425 2254 523 2293 sus
549 2279 563 2305 ,
596 2245 654 2293 ut
686 2239 911 2293 omnino
936 2240 1039 2294 tria
1068 2238 1181 2295 sint
1216 2242 1312 2294 toti
1334 2241 1411 2296 illi
1435 2241 1839 2311 praedicationis
1870 2247 2006 2294 tem-

425 2331 542 2400 pori
584 2332 890 2389 tribuenda.
920 2330 1133 2387 Etenim
1161 2332 1345 2388 statim
1381 2341 1441 2387 ut
1470 2347 1499 2387 a
1528 2330 1766 2388 Iordane
1794 2331 2004 2402 digres-

426 2438 522 2480 sus
550 2431 668 2490 est,
702 2432 818 2478 erat
839 2464 855 2490 ,
897 2430 956 2478 ut
985 2438 1015 2478 a
1050 2423 1199 2479 Luca
1230 2425 1496 2495 scriptum
1529 2435 1644 2490 est,
1683 2422 1840 2478 Iesus
1876 2423 2004 2477 inci-

424 2515 570 2578 piens
601 2530 713 2569 esse
739 2517 892 2585 quasi
936 2532 1195 2570 annorum
1239 2533 1371 2579 xxx,
1412 2518 1578 2586 ﬁlius,
1601 2524 1661 2569 ut
1692 2513 2002 2585 putabatur,

423 2603 648 2675 Jcseph,
697 2607 787 2676 qui
837 2608 940 2676 fuit
982 2607 1072 2661 Eli
1102 2609 1145 2672 ’,
1186 2617 1293 2664 etc.
1333 2608 1494 2663 Anno
1533 2609 1735 2679 quippe
1773 2607 2021 2678 Augusti.

425 2696 772 2767 imperatoris
806 2714 912 2752 xui
947 2709 1107 2755 natus
1134 2710 1216 2756 est
1255 2699 1540 2764 Christus,
1574 2702 1665 2769 qui
1704 2706 1824 2754 erat
1849 2713 2001 2763 xxix,

424 2804 492 2843 ex
514 2805 622 2859 quo
654 2785 886 2844 Romani
927 2790 1033 2847 sibi
1059 2790 1276 2848 Iudaeos
1309 2791 1689 2862 adjunxerant.
1725 2790 2004 2861 Siquidem

424 2880 706 2951 Augustus
750 2897 846 2935 xm
901 2883 1062 2939 annis
1108 2883 1436 2954 imperavit,
1495 2891 1788 2953 antequam
1818 2881 2006 2936 Judeea

426 2973 643 3042 penitus
687 2982 834 3029 esset
865 2972 1130 3030 Romanis
1180 2975 1456 3045 adjuncta.
1514 2974 1839 3043 Quanquam
1884 2979 2007 3042 post

426 3078 603 3118 annos
632 3062 778 3129 lere,
833 3078 996 3132 quam
1039 3062 1311 3132 imperare
1344 3071 1624 3133 ett-perat,
1669 3064 1790 3132 plus
1824 3062 2005 3118 minus

425 3162 665 3225 quatuor
709 3154 887 3213 ftedus
926 3157 1065 3212 inter
1101 3154 1381 3210 Romanos
1421 3171 1487 3209 ac
1530 3152 1753 3209 Judacos
1805 3153 2005 3208 initum

428 3249 622 3314 fuerat,
658 3236 973 3318 auxiliaque
995 3248 1291 3303 submissa.
1331 3245 1476 3311 Quin
1509 3255 1562 3300 et
1592 3252 1916 3315 procurator
1949 3245 2005 3298 in

424 3336 611 3392 Judaea
663 3337 1032 3402 constitutus,
1087 3353 1152 3392 ac
1183 3337 1435 3392 nonnihil
1474 3337 1802 3391 tributorum
1841 3336 2008 3407 quin-

426 3444 532 3498 que
557 3428 948 3497 propemodum
985 3428 1147 3484 annls
1194 3428 1461 3484 indictum
1483 3468 1498 3492 ,
1529 3429 1703 3484 donec
1733 3427 2008 3482 Romano-

426 3534 547 3572 rum
576 3518 770 3573 ditioni
798 3523 960 3575 cessit
983 3520 1198 3590 penitus
1222 3560 1237 3586 ,
1272 3528 1327 3576 et
1357 3521 1584 3574 omnino
1607 3522 1890 3591 vectigalis
1923 3528 2006 3577 est

427 3606 593 3671 facta,
623 3623 747 3663 cum
772 3608 887 3678 jam
929 3609 1206 3680 principes
1238 3625 1269 3665 e
1300 3609 1445 3665 tribu
1471 3608 1625 3666 Judae
1651 3610 2002 3679 defecissent,

425 3709 481 3756 et
512 3698 753 3755 Herodes
783 3716 848 3756 ex
877 3702 1150 3773 gentibus,
1192 3700 1289 3757 sed
1323 3709 1503 3758 tamen
1545 3703 1878 3774 proselytus,
1919 3718 2006 3758 re-

426 3806 592 3857 gnum
624 3792 914 3848 obtineret.
967 3791 1164 3848 Postea
1195 3809 1325 3849 vero
1373 3793 1629 3852 Christus
1670 3794 2004 3852 Bethlehemi

422 3881 625 3939 Judaaae
644 3892 807 3939 natus
833 3895 937 3953 est,
967 3891 1022 3941 et
1046 3885 1113 3939 ad
1146 3886 1537 3957 auspicandum
1562 3874 2004 3958 praedicationem

424 3975 668 4045 prodiit;
734 3991 844 4047 quo
900 3984 1145 4048 tempore
1193 3977 1400 4034 Christi
1455 3977 1626 4035 duces
1693 3981 1854 4051 plane
1909 3978 2006 4034 de-

497 4115 512 4141 ‘
535 4110 697 4170 Joan.
730 4127 770 4179 ι,
796 4112 887 4167 5‘5.
963 4113 984 4144 ⁸
1013 4111 1150 4168 Luc.
1186 4129 1268 4181 ιιι,
1288 4113 1381 4171 9.3.

495 4246 607 4317 (44)
650 4245 1064 4315 Κατηγοροῦσι
1102 4247 1172 4301 δὲ
1203 4246 1412 4301 πάλιν.
1466 4245 1686 4301 ΝιιΙΙιιιιι
1717 4256 1802 4302 est
1831 4249 1885 4301 in
1918 4248 2004 4304 his

426 4316 593 4371 libris
637 4325 1040 4387 argumentum,
1084 4317 1140 4387 in
1179 4332 1288 4385 quo
1318 4317 1605 4372 tractando
1645 4317 1768 4386 plus
1825 4334 2005 4387 operas

429 4400 494 4440 ac
527 4386 691 4468 studii
712 4385 1492 4468 itavaritEpiphaniushquam
1524 4388 1576 4440 in
1598 4385 1999 4468 eaquzestione,

2103 1872 2240 1936 ἑνός.
2276 1873 2386 1925 Καὶ
2422 1874 2523 1926 οὐκ
2570 1872 2775 1927 οἴδασιν
2809 1877 2857 1927 oi
2907 1874 3133 1937 ἰδιῶται,
3165 1875 3246 1927 ὅτι
3285 1874 3346 1927 οὐ
3398 1873 3559 1944 μόνον
3594 1872 3694 1925 δύο

2104 1962 2296 2033 Πάσχα
2331 1964 2583 2035 ὁμολογεῖ
2610 1964 2679 2019 τά
2718 1964 3046 2034 Εὐαγγέλια,
3079 1965 3216 2019 ἀλλά
3243 1965 3337 2019 δύο
3360 1964 3458 2035 μὲν
3488 1964 3695 2034 πρῶτα

2102 2054 2279 2122 λέγει,
2332 2057 2426 2109 καὶ
2471 2056 2604 2110 αὐτὸ
2637 2057 2695 2110 δὲ
2737 2059 2797 2110 ἐν
2838 2051 2883 2124 ᾧ
2927 2056 3194 2111 πέπονθεν
3225 2058 3254 2110 6
3297 2056 3517 2127 Σωτὴρ,
3557 2055 3697 2126 τρία

2104 2145 2295 2216 Πάσχα
2328 2145 2436 2199 τῶν
2487 2149 2545 2200 ὲν
2590 2146 2668 2218 τῷ
2719 2148 3032 2220 κηρύγματι
3077 2148 3693 2219 πεπραγματευμένων.

2104 2235 2279 2298 Εὐθὺς
2314 2235 2425 2308 γὰρ
2454 2236 2562 2291 ἀπὸ
2593 2236 2687 2291 τοῦ
2736 2238 3024 2307 Ἰορδάνου,
3054 2238 3131 2302 ὡς
3170 2241 3198 2292 6
3242 2239 3455 2301 Λουκᾶς
3495 2254 3694 2307 φησιν,

2102 2324 2184 2399 ἦν
2227 2331 2260 2382 ὁ
2304 2329 2543 2394 Ἰησοῦς
2588 2330 2922 2400 ἀρχόμενος
2954 2314 2967 2323 ’
2995 2325 3150 2384 εἶναι
3195 2330 3275 2396 ὡς
3322 2329 3475 2382 ἐτῶν
3523 2328 3697 2397 τριά-

2104 2436 2308 2486 κοντα,
2350 2420 2436 2474 ὢν
2476 2420 2627 2487 υίὸς,
2670 2421 2751 2488 ὡς
2786 2422 3105 2491 ἐνομίζετο,
3147 2420 3253 2475 τοῦ
3299 2421 3533 2489 Ἰωσὴφ,
3582 2421 3697 2475 τοῦ

2119 2509 2273 2572 Ἠλὶ,
2326 2508 2421 2562 καὶ
2466 2509 2560 2563 ἐπὶ
2608 2509 2680 2564 τά
2723 2511 3000 2583 ἀνωτέρω.
3050 2511 3310 2579 Γεννᾶται
3354 2512 3450 2582 μὲν
3502 2510 3623 2582 γάρ
3668 2512 3699 2564 6

2104 2597 2294 2672 Σωτὴρ
2334 2598 2412 2670 τῷ
2458 2601 2876 2673 τεσσαρακοστῷ
2923 2602 3162 2675 δευτέρῳ
3215 2602 3325 2657 ἔτει
3367 2601 3697 2672 Αὐγούστου

2108 2690 2370 2760 βασιλέως
2412 2689 2521 2746 τῶν
2567 2693 2891 2764 Ῥωμαίωνο
2923 2695 3060 2766 ὅπερ
3100 2691 3169 2767 ἦν
3217 2695 3507 2765 Ῥωμαίων
3551 2695 3701 2764 πρὸς

2119 2780 2402 2845 Ἰουδαίους
2425 2782 2717 2852 συναφείας
2743 2782 2988 2837 εἰκοστὸν
3022 2783 3206 2837 ἔνατον
3239 2783 3375 2847 ἔτος.
3402 2781 3703 2835 Βασιλεύει

2110 2872 2208 2943 μὲν
2234 2873 2344 2943 γάρ
2383 2873 2692 2943 Αὐγουστος
2716 2877 3071 2948 τρισκαίδεκα
3103 2877 3199 2948 ἐτη
3230 2875 3395 2948 πρινὴ
3423 2875 3524 2945 τὴν
3559 2876 3704 2927 Ἰου-

2106 2963 2260 3018 δαίαν
2303 2966 2637 3038 συναφθῆναι
2685 2966 2907 3034 τελείως
2962 2968 3270 3039 Ῥωμαίοις.
3328 2963 3437 3021 Ἦν
3490 2966 3548 3019 δὲ
3597 2966 3703 3019 καὶ

2031 3096 2076 3155 C
2107 3053 2257 3120 ἐξότε
2287 3056 2636 3111 ἐϐασίλευσεν
2664 3057 2975 3127 Λύγοῖέστος
3014 3058 3153 3131 μετά
3184 3058 3279 3129 ἐτη
3315 3059 3560 3127 τέσσαρα
3592 3060 3703 3129 τῆς

2106 3147 2271 3199 αὐτοῦ
2320 3148 2595 3218 βασιλείας
2630 3151 2799 3205 πλείω
2837 3152 2870 3223 ἢ
2916 3152 3149 3217 ἐλάσσω,
3197 3152 3350 3222 φιλία
3401 3151 3500 3222 μὲν
3549 3151 3702 3204 Ῥω·-

2111 3237 2283 3309 μαίων
2310 3239 2447 3310 πρὸς
2497 3241 2802 3308 Ἰουδαίους,
2844 3244 2938 3296 καὶ
2991 3243 3279 3315 συμμαχία
3321 3241 3702 3313 πεμπομένη,

2106 3328 2201 3382 καὶ
2249 3328 2999 3403 ἐπίτροποςκαθιστάμενος,
3041 3334 3136 3388 καὶ
3185 3334 3326 3405 μέρη
3365 3333 3548 3404 φόρων
3599 3335 3706 3386 ἐπὶ

2108 3421 2270 3475 πέντε
2294 3421 2438 3476 ἔτεσι
2470 3423 2690 3497 πλείωῆ
2722 3424 2935 3480 ἐλάσσω
2955 3444 2970 3459 ⁸
3002 3426 3106 3491 ἕως
3160 3427 3284 3480 ὅτου
3308 3425 3488 3479 τέλεον
3543 3442 3706 3496 παρ-

2106 3511 2261 3584 εδόθη
2308 3516 2341 3585 ἠ
2392 3514 2653 3580 Ἰουδαία,
2685 3519 2780 3573 καὶ
2824 3519 2929 3573 ὑπὸ
2962 3519 3125 3592 φόρον
3165 3520 3460 3591 γεγένηται
3478 3519 3704 3573 τελειό-

2103 3623 2243 3661 τατα
2262 3623 2276 3636 ·
2333 3603 2612 3678 ληξάντων
2680 3610 2789 3666 τῶν
2845 3613 2957 3667 ἀπὸ
3011 3614 3179 3668 Ἰούδα
3230 3613 3506 3685 ἀρχόντων
3528 3652 3543 3676 ,
3594 3615 3707 3668 καὶ

2118 3698 2179 3752 Ἦ
2189 3698 2353 3770 ρώδου
2379 3700 2438 3766 ἐξ
2454 3703 2620 3756 ἐθνῶν
2641 3704 3095 3769 κατασταθέντος,
3116 3705 3454 3777 προσηλύτου
3480 3706 3707 3775 μέντοι.

2102 3806 2189 3859 γε.
2220 3786 2354 3845 Εἶτα
2380 3793 2617 3865 Χριστοῦ
2657 3797 3006 3868 γεννηθέντος
3031 3799 3090 3850 ἐν
3120 3797 3371 3867 Βηθλεὲμ
3407 3799 3508 3866 τῆς
3555 3797 3703 3850 Ἰου-

2103 3882 2287 3948 δαίας,
2318 3884 2562 3950 ἐλθόντος
2610 3904 2670 3939 τε
2713 3888 2809 3940 ἐπὶ
2845 3887 2908 3941 τὸ
2954 3890 3239 3960 κήρυγμα,
3282 3888 3562 3959 ληξάντων
3595 3893 3705 3944 καὶ

2106 3972 2359 4047 Χριστῶν
2387 3976 2728 4050 ἡγουμένων,
2755 3977 3162 4050 διαρκεσάντων
3196 3979 3302 4043 ἓως
3332 3976 3701 4050 Ἀλεξάνδρου

2108 4245 2401 4315 nologicis;
2454 4251 2514 4298 nt
2540 4254 2594 4300 et
2633 4244 2700 4302 de
2726 4245 3083 4302 illustrissimi
3120 4246 3336 4302 Baronii
3363 4247 3699 4313 Annalibus,

2109 4330 2172 4369 ac
2200 4316 2412 4372 caeteris
2442 4315 2874 4387 chronographis
2902 4326 3129 4372 taceam.
3166 4317 3412 4384 Quorum
3439 4319 3696 4373 omnium
3731 4354 3739 4360 ο

2104 4393 2229 4454 post
2254 4392 2364 4439 tam
2387 4387 2717 4455 exquisitam
2754 4395 2809 4442 et
2862 4396 3110 4443 exactam
3141 4403 3388 4457 operam,
3432 4404 3700 4457 superva-

425 4470 535 4528 qua
574 4454 838 4528 Dominici
868 4450 1089 4528 natalis,
1117 4464 1171 4510 et
1188 4450 1460 4528 passionis
1484 4473 1661 4511 annus
1683 4450 1997 4527 inquiritur.
2030 4450 2078 4506 Ι)
2107 4450 2335 4528 caneum
2390 4450 2560 4512 videri
2596 4464 2826 4525 poterat,
2870 4473 2899 4512 a
2938 4459 3097 4512 nobis
3127 4450 3195 4514 ea
3220 4450 3698 4528 disputari-velte-

431 4524 537 4599 Sed
598 4540 697 4599 nec
749 4524 1035 4599 obscurior
1067 4524 1298 4599 usquam
1342 4527 1494 4599 locus
1520 4535 1641 4592 est,
1683 4524 1861 4599 autin
1893 4545 2001 4599 quo

430 4597 611 4666 minus
638 4596 919 4664 interpreti
947 4596 1316 4666 tergiversari,
1348 4613 1413 4652 ac
1441 4596 1791 4654 dissimulare
1818 4596 1998 4654 liceat.

428 4664 664 4740 Tantum
695 4667 887 4740 abest,
944 4675 1001 4740 ut
1034 4664 1191 4740 ineo
1233 4667 1563 4723 declarando
1590 4684 1658 4723 ne
1686 4670 1759 4724 sit
1792 4670 2004 4740 longior

427 4737 600 4791 vereri
625 4735 835 4799 debeat,
869 4744 963 4790 aut
991 4737 1236 4792 instituta
1286 4754 1345 4793 se
1384 4750 1636 4793 notarum
1673 4749 1727 4794 et
1756 4735 2002 4794 anim'ad-

425 4807 740 4883 versionem
766 4806 1031 4883 brevitate
1072 4807 1380 4883 defendere.
1407 4808 1586 4878 Atque
1613 4823 1675 4863 ea
1701 4825 1832 4865 sane
1855 4825 2002 4883 quae-

424 4877 532 4949 stio
563 4892 685 4931 cum
738 4891 846 4949 non
882 4877 1077 4949 minus,
1100 4879 1200 4933 hac
1229 4877 1568 4948 tempestate,
1602 4895 1763 4948 quam
1800 4877 1999 4949 priscis

425 4947 536 5019 illis
560 4947 920 5014 temporibus.
948 4948 1192 5003 eruditos
1241 4947 1512 5008 exerceat.
1535 4964 1601 5004 eo
1627 4947 1866 5019 denique
1901 4952 1998 5005 ad-

422 5017 586 5089 ducta
617 5033 704 5072 res
730 5024 917 5089 est,iut
946 5019 1038 5087 qui
1068 5018 1341 5073 inscitiam
1371 5035 1525 5074 suam
1567 5017 1798 5089 ingenue
1822 5022 1999 5075 lassus

425 5087 1014 5159 ftilcrit.ppudentiorem
1046 5089 1248 5142 exitum
1281 5097 1510 5158 quazrat,
1564 5087 1726 5159 quam
1773 5091 1816 5145 si
1861 5091 1999 5145 certi

424 5156 655 5226 aliquid.
718 5167 770 5210 et
820 5158 1086 5229 explorati
1121 5156 1312 5214 tenere
1351 5174 1411 5214 se
1444 5156 1604 5229 posse
1643 5161 1900 5213 conﬁdat.
1934 5160 2001 5215 Ut

422 5229 567 5281 enim
603 5228 1058 5301 a_vetust_ioribus
1106 5230 1322 5284 initium
1376 5228 1653 5301 repetam;
1686 5231 1810 5299 quis
1857 5241 2003 5285 ante-

423 5314 588 5366 quam
632 5296 876 5368 Dionysii
909 5300 1147 5369 vulgaris
1183 5301 1270 5353 illa
1302 5296 1453 5355 ratio'
1484 5296 1907 5369 percrebuisset,
1944 5302 1999 5355 in

422 5377 652 5439 certam,
686 5382 747 5421 ac
771 5368 1122 5423 conStitutam
1144 5372 1467 5425 sententiam
1486 5368 1699 5425 includi
1728 5387 1785 5425 se
1806 5386 1999 5439 passus

422 5438 552 5491 est?
598 5440 841 5507 Longum
895 5448 1016 5501 est,
1062 5450 1114 5493 et
1168 5442 1407 5495 otiosum
1470 5453 1711 5497 veterum
1773 5438 1997 5496 Patrum

422 5509 712 5583 opiniones
741 5523 934 5564 omnes
961 5512 1254 5583 per_sequi_;
1288 5513 1451 5583 idque
1465 5512 1674 5566 ahaliis
1708 5511 1997 5583 diligenter

426 5585 511 5652 est
547 5578 787 5652 factum;
826 5578 1186 5652 praesertima
1219 5578 1445 5637 Dukerio
1496 5591 1682 5637 nostro
1711 5582 1787 5652 τῷ
1816 5578 1998 5651 μανίας

433 5644 660 5723 ριίτῃιηυι
701 5644 909 5723 Joanne
964 5649 1203 5723 ⁸ΚιιιιιοιὉ
1226 5653 1655 5723 mathematici).
1686 5652 1738 5705 in
1760 5644 1997 5705 'ci'udlta

435 5713 930 5775 iliadisscrtationc
954 5719 1026 5773 Dc
1050 5713 1186 5775 anno
1213 5721 1420 5788 Natali,
1439 5731 1491 5777 et
1525 5724 1575 5776 in
1613 5722 1819 5794 Erlvgis
1850 5724 1968 5777 δίη-υ
1988 5750 1999 5760 ·

2106 4527 2367 4589 mentius,
2400 4541 2520 4595 quae
2551 4527 2713 4581 anxie
2733 4528 2823 4598 _ab
2858 4529 2967 4583 illis
2996 4536 3147 4590 sunt,
3180 4527 3546 4598 accurateque
3572 4528 3698 4586 dis-

2104 4611 2291 4669 cussa,
2348 4597 2453 4651 nisi
2522 4613 2651 4669 nos
2682 4596 2750 4652 ad
2782 4598 2833 4652 id
2886 4600 3065 4669 etiam,
3094 4597 3293 4663 invitos
3343 4596 3698 4669 Epiphanius

2104 4666 2242 4736 ipse,
2290 4680 2353 4740 ac
2391 4667 2944 4740 _susccptir_muneris
3004 4667 3139 4724 ﬁdes
3202 4666 3527 4740 impelleret.
3571 4670 3697 4724 Erit

2103 4742 2286 4807 alitem
2313 4736 2439 4791 huic
2463 4736 2706 4800 conatui,
2733 4738 3015 4807 laborique
3044 4746 3234 4794 nostro
3267 4736 3444 4795 facilis
3474 4740 3691 4807 lector,

2104 4807 2151 4861 si
2183 4806 2283 4859 hoc
2319 4820 2349 4858 a
2366 4822 2451 4881 me
2475 4814 2777 4881 spectatum
2797 4806 3108 4881 agnoverit,
3128 4820 3188 4881 ut
3219 4809 3487 4881 inﬁnitam
3514 4825 3696 4881 prope

2103 4877 2558 4949 controversiam,
2621 4877 2976 4949 omniumque
3012 4878 3226 4947 judicio
3281 4877 3688 4943 diﬂicilliinani,

2103 4962 2280 5016 neque
2321 4947 2553 5020 brevius
2614 4963 2778 5017 quam
2839 4947 2929 5005 res
2965 4958 3112 5003 tanta
3159 4949 3427 5020 disputari
3484 4953 3688 5019 possit,

2104 5032 2282 5086 neque
2320 5017 2536 5087 longius
2565 5033 2726 5086 quam
2769 5034 2998 5075 necesse
3027 5022 3121 5079 sit.
3148 5017 3362 5075 summa
3399 5017 3531 5074 vero
3561 5038 3689 5076 cum

2107 5087 2364 5159 facilitate
2421 5088 2852 5159 complecterer;
2913 5099 2967 5143 et
3011 5106 3073 5145 ea
3104 5107 3224 5159 qua:
3279 5091 3348 5144 ab
3381 5090 3690 5159 ingeniosis

2102 5157 2388 5230 doctisque
2425 5157 2561 5230 viris
2607 5157 2675 5212 de
2713 5173 2775 5211 ea
2825 5174 2885 5213 re
2917 5157 3152 5214 solerter
3173 5157 3483 5230 excogitata
3526 5170 3684 5224 sunt,

2102 5228 2442 5300 accessione
2481 5228 2662 5300 aliqua
2724 5238 2920 5300 nostra
2997 5231 3277 5285 cumulata
3320 5228 3682 5300 “proferrem.

2103 5298 2281 5363 Quare
2317 5296 2515 5369 duplex
2564 5296 2667 5353 erit
2723 5299 2825 5353 hoc
2870 5300 2992 5354 loco
3041 5296 3371 5369 disputanda
3409 5302 3682 5369 quaestio:

2104 5370 2272 5422 altera
2300 5368 2366 5422 de
2393 5383 2538 5421 anno
2572 5369 2710 5437 ipso,
2729 5384 2837 5439 quo
2860 5377 3023 5424 natus
3052 5368 3145 5425 est
3166 5368 3456 5436 Christus;
3490 5372 3684 5433 altera,

2103 5439 2170 5508 de
2221 5454 2287 5493 eo
2345 5454 2454 5508 quo
2515 5453 2710 5507 passus
2769 5449 2875 5497 est.
2920 5441 3076 5507 (Qua:
3105 5441 3188 5494 hic
3223 5440 3287 5493 de
3322 5458 3463 5493 anno
3492 5440 3685 5495 Natali

2103 5507 2303 5564 Christi
2321 5507 2373 5562 et
2401 5526 2460 5563 eo
2490 5526 2591 5578 quo
2616 5526 2805 5578 passus
2835 5520 2912 5563 est
2946 5511 3228 5579 disputavit
3261 5510 3536 5573 Petavius,
3570 5529 3685 5565 cum

2099 5580 2397 5644 prolixiora
2434 5580 2536 5633 sint
2572 5591 2628 5633 ut
2652 5581 2788 5633 inter
2820 5591 2972 5635 notas
3004 5582 3173 5635 locum
3211 5580 3460 5643 habeant,
3511 5599 3575 5636 ea
3618 5581 3685 5633 ad

2102 5650 2924 5723 AppendicentDissertationum
2953 5651 3352 5723 amandavimus
3385 5668 3520 5722 quas
3565 5644 3688 5723 1ίὶρί-

2101 5721 2283 5791 ρΙιιυιῐὶ
2326 5721 2565 5790 operibus
2596 5721 2934 5790 subjccinms.
2973 5722 3149 5794 I'Iun'.)
