3952 6134
214 315 337 372 929

935 310 1307 373 ADVERSUS
1346 308 1692 369 IIASRESES
1731 308 1859 366 LIB.
1898 311 1966 369 II.
2009 309 2173 369 ΤΟΜ.
2217 308 2257 364 I.
2287 342 2357 352 —-
2396 311 2673 409 HERES.
2716 317 2808 377 LI.

3402 313 3508 374 930

209 438 365 503 ἠγου
373 430 560 505 μένου,
585 430 680 484 καὶ
705 430 970 496 Σααλίνας
993 432 1090 503 τῆς
1119 433 1217 486 καὶ
1248 430 1604 503 Ἀλεξάνδρας
1620 448 1634 463 ·
1662 431 1798 486 ἆτινι

1922 432 2164 498 sierant;
2198 432 2293 502 qui
2338 433 2557 502 quidem
2592 435 2659 491 ad
2690 433 3063 492 Alexandrum
3100 444 3275 501 usque
3303 429 3512 501 princi-

214 524 402 579 ταῦτα
431 522 610 576 πάντα
642 521 895 587 ἐτελεῖτο,
933 522 1215 594 ἀρξάμενα
1260 522 1369 576 ἀπὸ
1391 520 1492 591 τῆς
1515 523 1822 593 γεννήσεως

217 617 329 685 τῆς
360 615 420 668 ὲν
456 614 705 686 Βηθλεὲμ
734 615 794 668 ἔν
824 612 1249 685 τεσσαρακοστῷ
1292 613 1533 684 δευτέρῳ
1565 612 1675 666 ἔτει
1724 612 1826 683 τῆς

216 707 416 778 πάσης
462 705 742 777 βασιλείας
790 704 1126 775 Αὐγούστου,
1151 705 1210 770 ὃς
1246 701 1315 776 ἦν
1345 704 1535 769 ἔνατος
1580 702 1825 767 ἐνιαυτὸς

219 796 339 853 ἀπὸ
358 796 462 866 τῆς
481 797 787 869 ἐπιτροπῆς
816 797 1172 869 Ἀντιπάτρου
1201 796 1296 849 τοῦ
1326 796 1531 868 πατρὸς
1558 795 1818 867 Ἡρώδου,

214 889 318 943 ὅτε
348 887 501 957 φιλία
539 882 609 958 ἦν
660 887 950 958 Ῥωμαίων
981 888 1123 960 πρὸς
1158 886 1480 952 Ἰουδαίους,
1538 887 1634 941 καὶ
1679 886 1820 958 μέρη

216 980 500 1050 δομάτων,
528 979 623 1033 καὶ
650 978 910 1051 τέταρτον
948 978 1068 1043 ἔτος
1113 978 1548 1042 κατασταθέντος
1581 977 1684 1031 ὑπὸ
1709 978 1818 1030 Αὐ-

218 1068 482 1137 γούστου.
516 1068 674 1122 Μετά
716 1069 773 1122 δὲ
804 1069 867 1122 τὸ
908 1068 1170 1141 τέταρτον
1216 1068 1335 1132 ἔτος
1385 1067 1645 1139 Ἡρώδου,
1704 1070 1822 1120 ἑπι-

218 1158 441 1231 τροπῆς
467 1176 528 1213 τε
562 1159 724 1213 πέντε
759 1160 896 1214 ἐτῶν
939 1158 1168 1232 πλείωῆ
1203 1159 1417 1215 ὲλάσσω
1459 1160 1817 1232 Ἀντιπάτρου

217 1250 324 1304 τοῦ
353 1251 560 1322 πατρὸς
581 1250 770 1315 αὐτοῦ,
794 1250 979 1306 λοιπὸν
999 1251 1399 1323 παραδοθείσης
1420 1253 1520 1323 τῆς
1555 1251 1820 1316 Ἰουδαίας

218 1342 473 1407 τελείως,
502 1342 608 1406 ἔως
643 1340 969 1413 τριακοστοῦ
995 1343 1180 1415 τρίτου
1211 1342 1363 1407 ἔτους
1404 1342 1665 1414 Ἡρώδου,
1695 1360 1817 1397 τεσ·

222 1435 574 1508 σαρακοστοῦ
605 1433 861 1505 δευτέρου
889 1433 1043 1496 ἔτους
1069 1433 1378 1503 Αὐγούστου
1409 1433 1514 1505 πλη
1525 1433 1814 1506 ρώσαντος,

219 1525 600 1599 κρατηθείσης
636 1526 737 1594 τῆς
787 1526 969 1593 πάσης
1011 1525 1296 1589 Ἰουδαίας,
1339 1524 1416 1588 ὡς
1462 1525 1618 1596 ἔφην,
1675 1525 1814 1596 μετά

218 1618 289 1672 τὸ
337 1619 561 1688 ποιῆσαι
628 1616 797 1688 αὐτὴν
832 1616 1165 1670 είκοσιεννέα
1214 1617 1309 1689 ἔτη
1357 1617 1632 1689 ὑπόφορον
1682 1617 1815 1669 Ῥω-

223 1708 439 1783 μαίοις,
497 1708 592 1761 καὶ
638 1707 778 1779 μετά
821 1706 884 1760 τὸ
919 1708 1327 1776 κατασταθῆναι
1375 1708 1669 1779 ἐπίτροπον
1719 1707 1811 1761 τὸν

231 1801 593 1871 Ἀντίπατρον
628 1798 873 1870 Ἡρώδου,
904 1797 1139 1870 πατέρα,
1186 1799 1305 1869 μετ’
1336 1799 1497 1853 αὐτὸν
1541 1799 1598 1852 δὲ
1634 1796 1811 1870 Ἥρώ-
1840 1791 1882 1845 Β

213 1892 322 1964 δην
369 1890 595 1963 βασιλέα
643 1889 1055 1945 κατασταθῆναι
1084 1890 1190 1943 ὑπὸ
1223 1889 1535 1960 Αὐγούστου
1573 1889 1669 1944 ἐπὶ
1710 1891 1808 1962 τῆς

227 1983 508 2047 Ἰουδαίας.

216 2119 277 2172 Δ⁹
360 2116 546 2190 Ταῦτα
669 2116 1095 2190 ὲπραγματεύθη
1143 2119 1201 2170 ἔν
1243 2117 1483 2190 ὑπατείᾳ,
1522 2120 1806 2190 Ὀκταυῖου

431 2187 741 2256 Αὐγούστου
773 2187 1244 2256 τρισκαιδέκατον,
1285 2190 1379 2242 καὶ
1409 2187 1634 2242 Σιλανοῦ
1668 2192 1806 2244 ὑπά-

429 2274 546 2322 του,
582 2258 773 2328 ήντινα
799 2257 1066 2328 ὑπατείαν
1110 2257 1415 2328 διεδέξαντο
1441 2260 1498 2312 αί
1537 2262 1806 2313 ὑποτετα-

433 2326 633 2398 γμέναι
666 2328 920 2382 ὑπατεῖαι
947 2326 1254 2392 ἀκολούθως
1282 2327 1456 2394 οὕτως
1482 2345 1497 2361 °

215 2418 276 2474 B’
355 2419 653 2474 Λεντούλου
684 2420 778 2492 καὶ
811 2420 1088 2492 Πίσσωνος
1113 2420 1469 2492 τὸᾲδεύτερον,

214 2494 272 2546 Γ¹
358 2492 589 2544 Λουκίου
621 2490 898 2553 Καίσαρος
930 2490 1023 2542 καὶ
1055 2490 1268 2543 Παύλου
1287 2524 1304 2551 ,

215 2565 271 2615 Δ¹
356 2560 699 2614 Οὐῖνδουκίου
735 2560 829 2614 καὶ
862 2562 1097 2631 Οὐάρου,

213 2632 273 2687 Ε⁹
353 2631 584 2701 Λαμμία
606 2631 700 2685 καὶ
741 2629 1112 2702 Σερουῖουλίου
1138 2629 1414 2702 Νομμίου,

215 2704 290 2768 ς’
357 2699 579 2769 Μάγνου
611 2699 898 2771 Πομπηΐου
933 2701 1029 2771 καὶ
1060 2699 1377 2771 Οὐαλερίου,

212 2772 271 2826 Ζ’
355 2771 586 2842 Λεπίδου
614 2774 707 2824 καὶ
746 2770 1080 2842 Ἀρουνκίου,

213 2844 278 2895 H'
347 2841 635 2913 ΚαίσαροςΔ
649 2841 752 2913 καὶ,
771 2840 1116 2913 Καπίτωνος,

213 2912 272 2965 Θν
358 2910 638 2981 Κρητικοῦ
672 2911 767 2963 καὶ
794 2910 1028 2981 Νερούα,

214 2985 251 3036 I'
357 2979 639 3052 Καμίλλου
669 2982 763 3034 καὶ
795 2979 1230 3052 Κυϊντιλλιανοῦ,

213 3053 298 3106 IA’
359 3051 626 3121 Καμήρου
662 3053 756 3104 καὶ
787 3051 1037 3115 Σαϐίνου,

214 3125 293 3177 IB’
355 3118 659 3175 Δολαϐέλλα
689 3123 783 3175 καὶ
813 3118 1124 3185 Σιλουανοῦ,

213 3195 292 3247 II"
350 3193 580 3245 Λεπίδου
608 3192 704 3246 καλ⁵
727 3191 963 3262 Ταύρου,

213 3263 290 3317 1Δ¹
353 3262 602 3315 Φλάκκου
627 3263 722 3316 καὶ
753 3262 1063 3326 Σιλουανοῦ,

212 3336 292 3388 IE'
347 3333 465 3386 Τῶν
493 3332 586 3386 δύο
617 3333 887 3386 Σέκστων.

213 3407 308 3472 ις’
351 3405 638 3473 Πομπηΐου
667 3405 891 3471 Μάγνου
916 3403 1013 3456 καὶ
1056 3402 1395 3473 Ἀπουληῖου,

214 3477 299 3544 IZ'_
348 3474 585 3544 Βρούτου
617 3474 710 3526 καὶ
741 3473 1015 3544 Φλάγκου,

212 3542 300 3616 IH'
353 3542 566 3616 Ταύρου
599 3543 981 3616 καὶνΛζϐωνος,

212 3615 290 3669 ΙΘ¹
348 3613 603 3685 Κράσσου
633 3614 727 3667 καὶ
758 3613 1028 3685 -Ῥούφου,

211 3687 276 3740 Κ¹
348 3683 599 3758 Τιϐερίου
660 3683 936 3758 Καίσαρο;
982 3685 1044 3736 τὸ
1093 3684 1365 3758 δεύτερον,
1416 3685 1513 3738 καὶ
1556 3686 1795 3756 Δρούσου

420 3752 702 3826 Γερμανοῦ
724 3754 784 3805 τὸ
800 3752 1081 3826 ρον,

211 3825 320 3878 KA'
353 3824 640 3877 Σιλουανοῦ
674 3826 769 3877 καὶ
797 3824 1027 3891 Βάλϐου,

211 3895 316 3947 ΚΒ¹
350 3896 613 3966 Μεσσαλᾶ
641 3896 737 3948 καὶ
766 3896 998 3966 Γράτου,

209 3966 301 4019 ΚΓ
302 3971 315 3993 '
354 3965 605 4039 Τιϐερίου
634 3962 912 4039 Καίσαρος
944 3967 1005 4021 τὸ
1031 3965 1235 4039 τρίτον,
1264 3965 1360 4020 καὶ
1388 3963 1627 4035 Δρούσου
1663 3962 1795 4035 Γερ-

424 4037 595 4106 μανοῦ
635 4036 695 4089 τὸ
728 4037 928 4108 τρίτον,

211 4106 312 4159 ΚΔ⁹
359 4107 661 4178 Ἀγρίππου
687 4106 781 4178 καί
806 4106 1037 4171 Βάλϐου,

210 4178 316 4250 Κέἶ
348 4176 649 4250 Πολλίωνος
687 4176 781 4250 καὶ
809 4177 1093 4250 φύέτερος,

209 4248 329 4319 KC."
352 4247 604 4319 Κεθήγου
638 4249 738 4301 καὶ
766 4247 1002 4319 Οὐάρου,

209 4318 313 4390 μ’
355 4314 667 4390 Ἀγρίππου
692 4319 752 4370 τὺ
774 4314 1035 4390 ’δεύτερον
1064 4316 1160 4370 καὶ
1183 4314 1482 4371 Λεντούλου
1505 4314 1737 4382 Γάλϐου,

208 4387 320 4439 ΚΗ¹
354 4387 391 4439 Γ
393 4386 669 4440 ετουλικοῦ
701 4387 795 4440 καὶ
823 4386 1043 4452 Σαϐίου,

205 4457 311 4510 KG’
342 4459 385 4511 Κ
396 4457 718 4528 ράσσουίκαὶ
748 4459 1037 4524 Πείσωνος,

205 4529 264 4581 A’
345 4527 632 4581 Σιλουανοῦ
663 4530 757 4582 καὶ
788 4528 1025 4599 Νερούα,

274 4641 400 4697 ΚΓ¹.
434 4642 543 4696 Καὶ
568 4643 721 4713 ὁρᾷς,
754 4643 838 4696 ὅτι
867 4637 1293 4714 τριακονταετὴς
1318 4640 1436 4695 ἐστὶ
1456 4640 1666 4712 χρόνος.
1694 4637 1787 4691 Διὸ

203 4732 708 4804 έφιλοτιμησάμεθα
739 4735 837 4798 τάς
866 4734 1100 4805 καθεξῆς
1134 4734 1396 4797 ὑπατείας
1425 4731 1668 4804 ἀκριϐῶς
1701 4730 1789 4785 θέε-

206 4825 347 4892 σθαι,
376 4827 457 4890 είς
488 4824 550 4879 τὸ
588 4826 715 4889 τοὺς
746 4826 1125 4897 διερχομένους
1166 4826 1318 4892 Ιδεῖν,
1345 4825 1428 4878 ὅτι
1460 4824 1563 4878 οὐκ
1591 4822 1705 4877 ἐστι
1733 4840 1786 4876 τι

203 4917 721 4989 παραπεποιημένον
752 4918 809 4970 ὲν
849 4916 928 4987 τῷ
959 4917 1089 4988 θείῳ
1117 4917 1349 4988 δόγματι
1380 4914 1481 4986 τῆς
1506 4913 1782 4986 ἀληθείας,

202 5007 337 5062 ἀλλά
367 5011 504 5077 μετά
530 5008 818 5081 ἀκριϐείας
861 5009 930 5062 τὰ
968 5009 1149 5063 πάντα
1173 5011 1240 5080 τῇ
1280 5008 1578 5081 Ἐκκλησία
1619 5008 1786 5079 κεκή-

208 5117 416 5172 ρυκται.
448 5101 546 5165 Τίς
573 5101 705 5174 γάρ,
735 5102 1047 5174 ἀριθμήσας
1086 5103 1190 5164 τάς
1223 5101 1627 5172 μὴσδυναμένας
1656 5116 1786 5169 σφα-

201 5192 355 5264 λῆναι
388 5192 509 5247 καθ’
532 5194 722 5264 εἱρμὸν
773 5193 1059 5257 ὑπατείας,
1101 5193 1162 5246 οὐ
1214 5191 1625 5262 καταγνώσεται
1674 5190 1783 5246 τῶν

201 5283 524 5354 νομιζόντων
550 5285 847 5353 διαφωνίαν
868 5280 1004 5339 εἷναι
1031 5286 1088 5338 ὲν
1120 5284 1197 5355 τῷ
1221 5283 1331 5338 τῶν
1370 5281 1508 5337 ἑτῶν
1537 5281 1779 5354 ἀριθμῷ,

198 5375 275 5447 τῷ
302 5376 451 5450 παρὰ
475 5379 588 5440 τοῖς
614 5378 1027 5447 εὐαγγελισταίς
1057 5376 1330 5448 ᾀδομένῳς
1360 5374 1460 5429 Διά
1483 5373 1643 5428 τοῦτο
1672 5373 1780 5446 γάρ

201 5469 291 5523 καὶ¹
315 5466 515 5522 ἔπεσαν
555 5469 613 5522 αἱ
642 5469 909 5541 πρότερον
938 5469 1197 5541 αἱρέσεις,
1244 5470 1298 5521 αἱ
1348 5465 1611 5537 μυθωδῶς
1648 5467 1778 5522 ἀνα⁹

198 5558 545 5629 γραψάμεναι
566 5562 694 5625 τοῦς
724 5562 1021 5634 τριάκοντα
1053 5560 1277 5624 αἰῶνας,
1309 5559 1404 5613 καὶ
1437 5560 1507 5614 τὰ
1534 5560 1643 5614 ἀπὸ
1668 5558 1779 5612 τῶν

198 5651 486 5724 τριάκοντα
524 5653 662 5710 ἐτῶν
687 5654 779 5709 τοῦ
814 5654 1064 5727 Σωτῆρος
1102 5654 1232 5726 παρ’
1255 5653 1434 5707 αὐτῶν
1471 5654 1778 5726 ἀλληγορη-

199 5746 388 5801 θέντα*
428 5746 516 5801 ἴνα
541 5746 703 5817 δῆθεν
730 5748 998 5820 δυνηθῶσι
1038 5750 1146 5803 τῶν
1185 5749 1316 5820 παρ’
1341 5747 1522 5811 αὐτοῖς
1562 5745 1774 5802 αἰώνων

1827 3127 1871 3185 C
1904 3120 1999 3178 XII

1923 537 2068 593 pem,
2103 531 2156 577 et
2183 521 2482 588 Saalinam,
2511 539 2633 595 quae
2656 532 2711 580 et
2737 526 2882 580 dicta
2912 530 2997 580 est
3022 520 3351 587 Aiaxandra,
3383 535 3511 591 per-

1923 613 2197 668 stiterunt.
2254 612 2331 667 Ea
2365 630 2497 671 vero
2529 624 2729 670 cuncta
2770 617 2838 671 ab
2884 632 2953 671 eo
2989 624 3234 685 tempore
3268 626 3509 683 coepere,

1922 720 2037 776 quo
2085 705 2342 769 Christus
2386 706 2725 763 Bethlehemi
2768 716 2931 763 natus
2981 717 3100 774 est;
3137 723 3283 762 anno
3336 704 3511 761 totius

1922 798 2137 869 imperii
2170 797 2401 869 Augusti
2454 815 2605 864 χιιι,
2649 799 2744 870 qui
2782 806 2901 857 erat
2956 814 3135 855 nonus
3176 814 3208 853 a
3246 811 3514 869 procura-

1921 889 2074 945 tione
2123 888 2397 960 Antipatri
2451 889 2684 946 Herodis
2737 891 2982 961 parentis
3009 929 3024 955 ,
3064 904 3188 945 cum
3231 888 3510 943 Romanos

1920 979 2065 1035 inter
2110 996 2175 1036 ac
2209 979 2430 1037 Iudaica
2490 983 2730 1036 amicitia
2768 982 2949 1045 foret,
2998 995 3062 1035 ac
3111 980 3372 1034 nonnulla
3404 978 3509 1032 tri-

1920 1073 2049 1128 buta
2110 1073 2522 1145 penderentur,
2588 1073 2751 1146 445
2825 1083 2881 1129 et
2935 1081 3132 1143 quarto
3188 1071 3301 1140 jam
3362 1083 3510 1124 anno

1918 1164 2161 1222 Herodes
2218 1167 2506 1233 essetab,
2534 1168 2782 1237 Augusto
2830 1167 3178 1237 praepositus.
3220 1162 3328 1231 Qui
3379 1176 3509 1217 cum

1916 1273 2094 1314 annos
2151 1259 2206 1312 in
2255 1273 2316 1313 ea
2381 1259 2865 1314 administratione
2917 1266 3156 1329 quatuor
3204 1255 3506 1326 exegisset,

1914 1348 2201 1419 Antipater
2241 1364 2372 1405 vero
2419 1349 2568 1405 illius
2612 1358 2768 1419 pater
2796 1350 3040 1420 quinque
3078 1349 3191 1403 fere
3240 1361 3508 1418 procura-

1915 1440 2063 1497 tione
2094 1444 2422 1520 perfunctus
2451 1452 2618 1507 esset,
2653 1444 2871 1498 tandem
2901 1441 3089 1497 Iudaea
3126 1457 3355 1512 prorsus
3397 1439 3509 1495 Ro-

1914 1548 2204 1588 manorum
2229 1536 2482 1606 potestati
2512 1537 2700 1600 cessit,
2735 1531 2801 1589 ad
2826 1534 3281 1591 Herodis‘annum
3307 1548 3505 1599 χχχιιι,

1910 1625 2145 1697 Augusti
2174 1643 2308 1683 vero
2350 1644 2484 1692 xui,
2537 1643 2662 1683 cum
2686 1666 2701 1692 ,
2733 1635 2792 1681 ut
2825 1629 3069 1684 diximus
3091 1669 3106 1693 ,
3139 1625 3325 1681 Judma
3359 1634 3507 1681 esset

1911 1718 2092 1774 omnis
2126 1727 2393 1789 occupata
2421 1760 2436 1784 ,
2471 1734 2535 1774 ac
2560 1719 2673 1789 jam
2703 1735 2834 1773 xxix
2867 1719 3030 1774 annis
3064 1719 3327 1774 Romanis
3357 1717 3505 1771 facta

1911 1808 2228 1879 vectigalis;
2282 1816 2573 1879 postquam
2619 1814 2675 1862 et
2709 1806 2998 1877 Antipater
3038 1805 3267 1861 Herodis
3304 1816 3505 1873 parens

1911 1900 2356 1972 procurationem
2387 1900 2580 1971 gessit,
2612 1906 2666 1954 et
2682 1898 2940 1955 Ilerodes
2964 1908 3089 1969 post
3115 1897 3271 1951 illum
3302 1892 3507 1950 Iudam

1910 2007 2003 2049 rex
2039 1992 2109 2049 ab
2136 1990 2384 2064 Augusto
2407 2001 2628 2047 creatus
2659 1998 2765 2047 est.

1908 2129 1930 2185 Ι
2183 2128 2318 2182 Acta
2350 2128 2466 2182 hac
2505 2134 2636 2181 sunt
2667 2123 2891 2180 Octavio
2921 2122 3167 2193 Augusto
3201 2121 3318 2178 XIII
3338 2132 3388 2179 et
3419 2123 3505 2178 Si-

2254 2199 2378 2252 lano
2412 2212 2559 2252 coss.
2581 2236 2596 2261 ,
2639 2194 2943 2250 secundum
2972 2209 3113 2264 quos
3144 2193 3199 2246 hi
3240 2196 3502 2266 deinceps

2254 2270 2515 2324 exstitere
2544 2266 2827 2321 consules.

1906 2421 1949 2477 II
2167 2420 2435 2477 Lentulus
2460 2428 2516 2476 et
2552 2418 2684 2474 Piso
2713 2417 2787 2482 II,

1906 2491 1976 2547 III
2167 2491 2230 2547 L.
2265 2493 2450 2547 Caesar
2481 2499 2536 2545 et
2567 2489 2772 2543 Paulus
2796 2527 2811 2553 ,

1908 2562 1978 2618 IV
2160 2561 2464 2617 Vinducius
2488 2570 2540 2615 et
2566 2558 2742 2614 Varus
2760 2599 2775 2623 ,

1907 2631 1953 2686 ν
2164 2633 2351 2687 Lamia
2383 2640 2437 2685 et
2476 2632 2744 2686 Servilius
2778 2627 3069 2683 Nommius
3094 2668 3111 2692 ,

1907 2700 1976 2773 _VI
2166 2702 2397 2773 Magnus
2421 2701 2719 2773 Pompeius
2751 2709 2808 2754 et
2842 2697 3129 2763 Valerius,

1906 2770 1997 2842 VII
2170 2770 2408 2842 Lepidus
2443 2782 2498 2826 et
2526 2771 2819 2835 Aruntius,

1903 2840 2022 2898 VIII
2162 2840 2349 2897 Caesar
2378 2851 2432 2895 et
2463 2843 2677 2910 Capito,

2162 2913 2414 2991 Creticus
2435 2919 2498 2991 et
2520 2910 2731 2991 Ijl‘erval,

1908 2982 1951 3036 Χ
1981 2980 1987 2991 ’
2161 2984 2424 3037 Camillus
2454 2989 2508 3034 et
2532 2978 2945 3046 Quintillianus,

1903 3050 1977 3108 XI
2168 3053 2493 3106 Camerinus
2527 3059 2584 3106 et
2607 3050 2848 3105 Sabinus
2869 3087 2885 3111 ,

2168 3121 2447 3177 Dolabella
2481 3127 2535 3175 et
2569 3120 2848 3184 Silvanus,

1903 3190 2023 3263 XII!
2159 3192 2402 3263 [tepidus
2429 3198 2485 3245 et
2507 3190 2766 3263 :I‘aurus,

1901 3261 2023 3318 XIV
2158 3259 2393 3317 Flaccus
2418 3269 2473 3316 et
2502 3259 2795 3324 Silvanus,

1902 3333 1998 3388 XV
2165 3334 2322 3388 Sexti
2357 3332 2466 3387 duo
2492 3372 2506 3393 ,

1903 3402 2020 3459 XVI

1903 3402 2020 3459 XVI
2165 3402 2460 3474 Pompeius
2494 3400 2564 3455 M.
2597 3408 2652 3456 et
2675 3399 2939 3471 Apuleius
2959 3440 2974 3465 ,

1900 3472 2047 3529 XVII
2173 3473 2373 3529 Brutus
2413 3482 2467 3527 et
2494 3471 2727 3528 Flaccus
2751 3511 2767 3529 .

2173 3471 2373 3529 Brutus
2413 3482 2467 3527 et
2494 3471 2727 3528 Flaccus
2751 3511 2767 3537 ,

1900 3543 2069 3599 XVIII
2157 3544 2376 3599 Taurus
2405 3553 2459 3598 et
2489 3542 2625 3597 Libo
2645 3582 2660 3605 ,

1899 3614 2024 3668 XIX
2169 3616 2410 3669 Crassus
2444 3622 2499 3667 et
2531 3612 2729 3673 Rufus.

1897 3684 1999 3739 XX
2162 3684 2415 3739 Tiberius
2461 3682 2647 3739 Caesar
2704 3680 2748 3735 ll
2800 3689 2854 3737 et
2915 3680 3129 3740 Drusus
3194 3680 3491 3739 Germani-

1897 3823 2017 3877 XXI
2171 3753 2402 3879 Siﬁtunsug
2416 3792 2469 3878 ἒι
2495 3823 2722 3886 Balbus,

1897 3891 2042 3948 XXII
2171 3892 2402 3948 Messala
2434 3900 2488 3948 et
2530 3892 2729 3947 Gratus
2755 3929 2771 3954 ,

1895 3964 2064 4018 XXIII
2173 3963 2442 4087 TibCI‘IIIIiSl
2482 3962 2666 4020 Caesar
2715 3961 2782 4017 lll
2834 3966 2890 4018 et
2940 3966 3154 4020 .Jrusus
3192 3959 3481 4022 Germanis

2239 4050 2337 4087 CUS

2239 4050 2337 4089 CUS

2167 4104 2407 4176 Agrippa
2431 4113 2497 4176 et
2518 4104 2721 4162 Banus
2741 4145 2758 4171 ,

1893 4173 2041 4228 XXV
2168 4173 2356 4230 Pellio
2374 4183 2429 4228 ct
2462 4174 2629 4232 Vetus
2646 4215 2662 4239 .

1894 4244 2085 4316 XXVI
2161 4247 2514 4316 Cetheguset
2544 4244 2723 4301 Varus
2747 4288 2763 4311 ,

1892 4313 2087 4386 ξχγιι
2159 4313 2397 4386 Agrippa
2427 4314 2469 4368 ll
2492 4326 2546 4372 et
2575 4316 2840 4373 Lentulus
2873 4316 3080 4383 Galba‘,

1894 4384 2112 4459 XXXIII
2161 4384 2342 4459 “6’
2365 4387 2648 4459 Getulicus
2677 4397 2731 4443 et
2767 4386 3009 4445 Sabinus
3036 4428 3052 4455 ,

1818 4461 1864 4517 1)
1893 4454 2065 4509 XXIX
2159 4454 2397 4513 Crassus
2422 4467 2476 4512 et
2504 4457 2632 4513 Piso
2651 4498 2666 4522 ,

1892 4525 2041 4581 XXX
2168 4526 2425 4583 Silvanus
2452 4537 2506 4582 et
2531 4527 2731 4584 Nerva.

1962 4638 2151 4695 XXIII.
2193 4640 2384 4697 Annos
2425 4642 2596 4697 habes
2621 4642 2908 4703 absolutos
2966 4659 3095 4698 xxx.
3135 4642 3247 4699 Nos
3293 4651 3480 4698 autem

1886 4735 2215 4790 consulatus
2269 4733 2407 4789 istos
2447 4734 2771 4804 singillatim
2818 4734 2944 4790 ideo
2996 4750 3322 4803 percensere
3354 4744 3477 4790 stu-

1885 4828 2131 4891 duimus,
2166 4832 2227 4882 ut
2260 4827 2499 4881 lectores
2551 4826 2883 4897 intelligant,
2921 4826 3061 4896 nihil
3113 4826 3167 4881 in
3200 4842 3479 4882 sacrove-

1884 4919 2064 4976 ritatis
2090 4919 2344 4990 dogmate
2375 4916 2812 4973 commentitium
2840 4932 2983 4984 esse,
3002 4917 3097 4973 sed
3131 4919 3200 4973 ab
3223 4916 3474 4975 Ecclesia

1884 5024 2050 5081 quam
2126 5009 2544 5065 accuratissime
2618 5009 2874 5065 universa
2954 5007 3268 5081 praedicari.
3334 5007 3473 5074 Quis

1884 5102 2030 5158 enim
2062 5102 2129 5158 ad
2164 5103 2306 5158 hanc
2350 5117 2496 5158 coss.
2530 5101 2730 5158 seriem
2757 5141 2773 5168 ,
2803 5116 2911 5172 qua
2946 5101 3083 5156 nihil
3131 5099 3339 5156 certius
3361 5107 3468 5164 est,

1881 5196 2073 5250 oculos
2112 5195 2410 5265 adjiciens,
2437 5209 2547 5250 non
2580 5209 2676 5251 eos
2712 5195 3041 5250 condemnet
3075 5195 3171 5263 qui
3198 5193 3252 5247 in
3295 5207 3470 5248 anno-

1880 5304 2005 5344 rum
2025 5304 2258 5345 numero
2280 5289 2350 5345 ab
2368 5289 2721 5360 evangelistis
2749 5304 3015 5361 expresso
3034 5286 3464 5358 discrepantiam

1880 5397 2004 5439 esse
2073 5382 2240 5437 ullam
2315 5381 2672 5437 existimant?
2727 5379 3028 5451 Propterea
3089 5378 3351 5434 nimirum
3410 5388 3466 5432 et

1878 5477 2094 5551 priores
2154 5475 2261 5530 illa:
2295 5475 2534 5531 haereses
2576 5474 3004 5537 interciderunt,
3034 5488 3157 5543 qua:
3187 5472 3310 5526 illas
3356 5485 3465 5525 aeo-

1878 5583 2009 5621 num
2065 5566 2290 5638 triginta
2330 5565 2545 5622 fabulas
2590 5566 2990 5629 conlinxerant,
3049 5571 3358 5632 caeteraque
3407 5560 3467 5617 id

1876 5671 2050 5727 genus
2095 5671 2162 5709 ex
2216 5654 2515 5710 tricenario
2564 5652 2868 5710 Salvatoris
2913 5667 3183 5707 annorum
3230 5665 3465 5706 numero

1880 5746 2172 5820 allegorice
2200 5746 2564 5813 deduxerant,
2584 5748 2787 5818 quibus
2815 5745 2880 5802 ad
2919 5760 3136 5802 menum
3159 5759 3223 5801 ac
3254 5735 3472 5816 princi-'
