3918 6134
436 300 537 359 951

1303 360 1326 391 ν

1847 286 1903 341 S.
1967 280 2314 341 EPIPllANll

3615 270 3737 329 932

440 430 669 496 patuum
736 432 911 489 nugas
984 414 1107 471 illas
1180 409 1570 468 describendas
1642 409 2020 464 abuterentur.

2158 406 2223 459 al.
2235 404 2418 475 ἀρχῶν
2439 402 2774 475 ἀναγράφειν
2789 400 2887 472 τὴν
2908 397 3247 472 μυθοποιίαν.
3264 393 3599 468 Εὑρίσκεται
3615 393 3737 463 γὰρ

444 517 602 570 Anno
622 512 823 584 quippe
847 510 914 564 ab
937 506 1321 562 lncarnatione
1349 505 1697 573 adventuque
1726 515 2029 573 suoaxxxut

442 611 661 663 constat
701 604 995 675 unigenam
1057 600 1149 654 Dei
1203 598 1404 652 Filium
1454 611 1579 652 esse
1626 608 1873 666 passum.
1926 592 2033 658 Qui

443 695 659 752 tametsi
709 694 819 764 pati
852 706 948 762 per
977 705 1099 745 sese
1141 688 1280 743 nihil
1326 692 1749 757 posset,utpote
1792 681 2031 739 Verbum

444 787 539 845 Dei
570 786 637 842 de
677 785 818 840 cmlo
851 783 1134 852 delapsum
1164 818 1181 844 ,
1223 779 1584 834 nihilominus
1631 782 1887 844 suscepta
1933 787 2034 845 pro

446 878 607 935 nobis
635 891 802 933 carne
831 883 1065 930 mortem
1114 872 1324 942 perpeti
1355 870 1561 935 voluit,
1608 876 1672 922 ut
1702 867 1899 922 mortis
1937 864 2033 920 ad-

447 984 668 1026 versum
737 981 840 1022 nos
906 963 1329 1035 chirographum
1389 961 1707 1017 solveret‘.
1762 957 2034 1025 Quocirca

449 1067 574 1130 post
613 1072 710 1113 eos
739 1071 887 1112 coss.
932 1053 1025 1125 qui
1067 1053 1123 1106 in
1150 1065 1354 1105 annum
1402 1050 1549 1106 illius
1590 1065 1701 1103 xxx
1741 1046 2031 1112 incidunt,

452 1165 552 1219 par
598 1147 747 1202 aliud
806 1160 951 1202 coss.
1008 1142 1288 1212 sequitur,
1339 1139 1702 1195 Geminorum
1756 1138 2032 1213 duorum,

453 1240 651 1297 deinde
706 1237 829 1293 Ruﬁ
890 1251 956 1291 ac
1009 1233 1374 1288 Rubellionis.
1437 1231 1653 1298 Quibus
1714 1243 2037 1285 successere

453 1348 601 1387 coss.
650 1330 931 1392 Vinicius,
975 1342 1038 1381 ac
1077 1325 1360 1395 Longinus
1393 1323 1656 1389 Cassius;
1688 1321 1794 1379 sub
1832 1320 2036 1391 quibus

456 1421 707 1477 Salvator
745 1432 942 1490 passus
990 1424 1075 1471 est
1119 1430 1171 1468 a.
1223 1413 1279 1469 d.
1327 1427 1429 1467 xm
1462 1412 1584 1466 Kal.
1625 1411 1757 1482 Apr.
1796 1409 1874 1464 Ex
1926 1422 2036 1479 quo

455 1516 672 1570 illorum
717 1510 964 1566 omnium
1010 1506 1364 1563 convincitur
1406 1518 1592 1568 error,
1619 1510 1676 1559 et
1724 1501 2035 1557 certissima

455 1602 703 1658 veritatis
754 1598 1007 1654 doctrina
1052 1601 1424 1656 monstratur,
1460 1607 1570 1646 non
1601 1591 1713 1646 duo
1757 1589 1936 1647 solum
1981 1588 2036 1643 iu

458 1691 759 1765 Scripturis
792 1690 1096 1753 Paschata,
1126 1685 1224 1742 sed
1257 1690 1312 1740 et
1340 1684 1445 1739 tria
1468 1682 1720 1753 reperiri.

527 1958 719 2016 XXIV.
778 1958 915 2013 Cum
961 1955 1107 2011 enim
1141 1952 1406 2009 Januario
1450 1962 1638 2004 mense
1676 1953 1839 2007 natus
1871 1952 2038 2011 esset,

462 2069 557 2109 vm
606 2051 684 2106 ld.
731 2048 853 2105 Jan.
890 2047 985 2119 qui
1016 2057 1102 2102 est
1131 2044 1274 2115 apud
1319 2042 1597 2096 Romanos
1645 2036 1893 2095 Januarii
1923 2037 2042 2092 dies

460 2163 490 2202 ν
519 2165 533 2215 ;
559 2143 831 2218 Λίεγριὶἰε
864 2156 1031 2213 porro
1064 2139 1200 2213 Tybi
1225 2153 1314 2202 xl;
1358 2135 1514 2207 Syris
1545 2134 1659 2188 sive
1698 2133 1905 2187 Graecis
1932 2132 2041 2185 Au-

459 2241 633 2312 dynaei
659 2234 969 2309 v1;Cypriis
997 2233 1113 2289 sive
1148 2228 1463 2286 Salaminiis
1484 2226 1661 2298 quinti
1688 2224 1893 2280 mensis
1924 2224 2053 2279 dies

460 2352 522 2403 νς
558 2333 779 2404 Paphits
807 2328 937 2385 Julii
967 2344 1092 2394 xlv;
1119 2325 1261 2396 apud
1288 2321 1497 2376 Arabes
1521 2336 1651 2375 vero
1689 2319 1881 2374 Aleom
1912 2334 2041 2383 xxi;

461 2424 883 2497 Cappadoeibus
935 2420 1144 2474 Αιιιιιεε
1192 2412 1606 2480 ιιιι;ῐιει›ιίεἰε
1650 2406 1859 2466 Tebeth
1910 2425 2045 2475 xm;

424 2500 425 2507 γ
463 2516 894 2574 Atheniensibus
921 2508 1378 2567 Maemacterionis
1409 2523 1499 2571 v1;
1535 2519 1729 2559 omnes
1754 2503 1879 2558 illos
1910 2516 2051 2572 quos

464 2627 631 2682 supra
668 2605 1052 2663 recensuimus
1103 2616 1233 2654 xxix
1264 2600 1507 2669 integros
1550 2596 1872 2651 consulatus
1920 2609 2050 2664 per-

465 2703 661 2758 currit.
707 2698 823 2755 Sub
864 2695 1147 2751 tricesimo
1181 2692 1380 2747 deinde
1420 2691 1747 2751 consulatu,
1789 2703 1981 2744 mense
2017 2703 2052 2741 x

465 2793 846 2863 adQJoannem
884 2788 1155 2853 accessit,
1204 2784 1366 2858 M7
1415 2784 1485 2839 ab
1533 2799 1706 2853 eoque
1745 2782 2054 2851 baptizatus

465 2891 570 2949 est,
608 2895 752 2936 anno
772 2895 801 2933 a
832 2878 999 2934 natali
1032 2890 1132 2932 suo
1162 2891 1291 2940 xxx,
1325 2875 1499 2946 Athyr
1530 2872 1834 2929 secundum
1881 2870 2055 2941 [Egy-

466 2977 606 3047 ptios
634 2990 747 3047 xu,
788 2990 839 3027 vr
868 2971 947 3027 Id.
987 2969 1190 3025 Novem
1222 2985 1237 3033 ;
1267 2966 1472 3022 Graecis
1517 2982 1648 3021 vero
1678 2965 1760 3019 Dii
1792 2979 1917 3030 vui;
1958 2960 2056 3017 Sa-

469 3046 744 3129 laminiis,
801 3065 918 3121 sive
958 3058 1515 3122 Constantiensibus,
1548 3057 1695 3112 tertii
1735 3057 1942 3110 Cinnae
1965 3068 2053 3119 v1;

2131 500 2190 553 έν
2209 497 2288 569 τῷ
2309 495 2619 570 τριακοστῷ
2637 494 2808 566 τρίτῳ
2830 493 2940 547 ἔτει
2965 492 3065 561 τῆς
3092 488 3256 545 αὑτοῦ
3281 485 3693 559 ὲνσαρκώσεως
3711 487 3739 517 ⁸

2132 587 2437 659 παρουσίας
2468 585 2695 656 πάσχων
2723 586 2751 636 ὁ
2789 581 3115 652 Μονογενὴς,
3151 576 3366 649 ἀπαθὴς
3395 575 3471 629 ὢν
3512 573 3740 628 ἄνωθεν

2130 679 2263 743 Θεὸς
2291 678 2701 748 Λόγος,ισάρκα
2725 674 2781 728 δὲ
2808 672 3206 743 ἀναδεξάμενος
3231 669 3371 740 ὑπὲρ
3414 667 3576 739 ἡμῶν
3620 682 3735 719 πα-

2132 770 2244 824 θεῖν
2267 769 2606 836 κατεδέξατο,
2629 767 2716 821 ῐνα
2748 763 2844 818 τοῦ
2872 763 3103 817 θανάτου
3153 761 3215 815 τὸ
3271 759 3394 814 καθ’
3420 757 3585 829 ἡμῶν
3614 773 3743 828 xst-

2135 864 2406 936 ρόγραφον
2455 860 2616 930 λύσῃ.
2673 858 2807 913 Μετ’
2834 855 3050 926 ἐκείνην
3084 853 3194 927 γὰρ
3231 852 3332 923 τὴν
3370 846 3653 904 ὑπατείαν
3681 849 3743 901 ὲν

2130 957 2210 1029 τῷ
2249 955 2556 1027 τριακοστῷ
2604 953 2715 1007 ἔτει
2758 951 2922 1006 αὑτοῦ
2954 947 3358 1020 σημαινομένην
3400 943 3545 1014 άλλη
3587 943 3743 996 ὑπα-

2132 1049 2252 1103 τεία
2278 1047 2490 1117 γέγονε,
2528 1043 2797 1114 λεγομένη
2836 1042 2944 1095 τῶν
2978 1040 3071 1094 δύο
3104 1036 3397 1109 Γεμηνῶνο
3423 1032 3552 1088 εἶτα
3594 1032 3741 1104 ἄλλη

2134 1138 2367 1195 ὑπατεία
2416 1135 2644 1205 Ῥούφου
2675 1135 2767 1188 καὶ
2805 1132 3244 1193 Ῥουὸελλίωνος.
3277 1129 3388 1182 Καὶ
3418 1125 3601 1189 οὕτως
3643 1142 3745 1197 με·

2132 1232 2405 1300 ταζούσης
2442 1227 2543 1297 τῆς
2596 1227 2859 1290 ὑπατείας
2880 1227 2977 1295 τῆς
3006 1223 3142 1296 μετὰ
3162 1221 3257 1293 τὴν
3279 1220 3551 1274 ὑπατείαν
3587 1218 3746 1271 Ῥου-

2137 1323 2444 1384 ϐελλίωνος,
2465 1321 2590 1390 ἥτις
2622 1320 2849 1390 ὕστερον
2881 1314 3044 1389 ἦλθεν
3068 1315 3372 1369 Οὑῖννικίου
3393 1313 3566 1367 καλου
3576 1312 3744 1382 μέν-η.

2136 1414 2233 1468 καὶ
2261 1411 2527 1479 Λογγίνου
2553 1410 2819 1474 Κασσίου,
2850 1408 3098 1478 πάσχειὸ
3124 1404 3315 1476 Σωτὴρ
3341 1405 3397 1456 ὲν
3426 1406 3495 1475 τῇ
3527 1402 3643 1474 πρὸ
3678 1408 3745 1470 ιγ’

2137 1504 2432 1560 Καλανδῶν
2449 1501 2796 1574 Ἀπριλλίων.
2823 1502 2935 1555 Καὶ
2972 1499 3292 1572 ὲλήλεγκται
3322 1496 3533 1550 τούτων
3565 1495 3747 1548 ἁπάν-

2135 1614 2245 1651 των
2266 1598 2299 1667 ἡ
2331 1594 2532 1662 πλάνη,
2561 1592 2962 1664 εὑρισκομένης
2985 1590 3172 1659 σαφῶς
3198 1589 3294 1659 τῆς
3317 1587 3463 1640 κατὰ
3487 1587 3598 1658 τὴν
3619 1586 3748 1654 ἀλή-

2141 1693 2295 1748 θειαν
2322 1691 2697 1752 διδασκαλίας,
2720 1686 2794 1748 ὡς
2829 1684 2890 1737 οὑ
2921 1683 3079 1754 μόνον
3107 1681 3199 1735 δύο
3231 1680 3441 1752 χρόνων
3486 1678 3750 1748 περίοδος

2070 1772 2113 1831 Β
2144 1782 2374 1855 Πασχῶν
2423 1783 2481 1835 έν
2522 1781 2636 1843 τοῖς
2684 1772 3039 1843 Εὑαγγελίοις
3086 1770 3412 1841 ἐμφέρεται,
3454 1767 3605 1822 ἀλλὰ
3654 1769 3751 1821 καὶ

2140 1893 2327 1930 τοιων.

2382 1961 2742 2035 Γεννηθέντος
2766 1959 2874 2030 γὰρ
2899 1954 3065 2011 αὑτοῦ
3102 1953 3232 2026 περὶ
3254 1952 3345 2006 τὸν
3372 1953 3751 2024 ’ἰαννουάριον

2149 2061 2315 2134 μῆνα,
2357 2055 2606 2111 τουτέστι
2635 2051 2744 2125 πρὸ
2804 2048 2950 2103 ὀκτὼ
2979 2045 3149 2100 Είδῶν
3187 2043 3605 2115 Ἰαννουαρίων,
3635 2044 3751 2113 ἥτις

2146 2153 2263 2208 ὲστλ⁵
2284 2148 2427 2206 κατὰ
2441 2145 2747 2218 Ῥωμαίους
2771 2141 2998 2213 πέμπτη
3021 2137 3115 2191 τοῦ
3154 2133 3524 2206 Ἰαννουαρίου
3558 2134 3750 2205 μηνὸς,

2146 2243 2289 2299 κατὰ
2315 2240 2647 2311 Αἰγυπτίους
2670 2234 2808 2310 Τυβὶ
2833 2230 3116 2301 ἑνδεκάτη·
3144 2227 3287 2282 κατὰ
3308 2224 3550 2296 Σύρους,
3579 2226 3753 2277 εἶτουν

2151 2337 2440 2408 Ἕλληνας,
2476 2328 2747 2385 Αὑδυνέου
2781 2326 2965 2380 ἓκτου’
3016 2318 3520 2389 κατὰιΚυπρίους,
3575 2316 3755 2370 show

2150 2425 2530 2498 Σαλαμινίους,
2572 2421 2823 2492 πέμπτου
2858 2415 3117 2487 πέμπτη·
3157 2410 3298 2466 κατὰ
3326 2409 3589 2478 Παφίους
3628 2408 3753 2462 Ἰού.

2150 2520 2244 2573 λου
2275 2509 2866 2586 τεσσαρεσκαιδεκάτη·
2914 2504 3053 2559 κατὰ
3084 2500 3330 2574 Ἀραὸας
3369 2498 3602 2570 Ἀλεὼμ
3648 2505 3751 2553 xu"

2153 2609 2295 2664 κατὰ
2322 2602 2698 2666 Καππαδόκας
2747 2599 2986 2670 Ἀταρτᾶ
3026 2602 3113 2665 ιγ’·
3150 2593 3292 2648 κατὰ
3325 2590 3633 2665 Ἐϐραίους
3668 2590 3755 2643 Τι-

2155 2702 2278 2774 6ιὴθ
2311 2707 2399 2770 ιγ’·
2436 2697 2575 2753 κατὰ
2620 2693 2938 2764 Ἀθηναίους
2957 2685 3464 2761 Μαιμακτηριῶνος
3504 2692 3597 2750 ς’·
3632 2700 3767 2759 παρ-

2155 2794 2285 2868 ῆλθε
2331 2793 2431 2856 τὰς
2477 2786 2887 2862 προειρημένας
2925 2780 3191 2843 ὑπατείας
3232 2775 3582 2831 είκοσιεννέα
3636 2774 3768 2847 πλη-

2161 2867 2302 2959 ρεις·
2335 2885 2413 2948 είς
2451 2882 2509 2936 δὲ
2535 2880 2632 2951 τὴν
2672 2874 2999 2950 τριακοστὴν
3025 2870 3311 2933 ὑπατείαν,
3344 2868 3495 2939 φημὶ
3534 2867 3602 2920 δὲ
3640 2870 3768 2937 περὶ

2157 2956 2251 3026 τὸν
2280 2971 2503 3025 δέκατον
2528 2968 2694 3039 μῆνα,
2723 2962 2856 3036 ἦλθε
2885 2964 3021 3033 πρδς
3049 2961 3142 3016 τὸν
3174 2960 3452 3028 Ἰωάννην,
3492 2958 3599 3011 καὶ
3638 2956 3759 3012 E6..-

2161 3066 2362 3136 πτίσθη
2392 3066 2449 3117 έν
2491 3061 2729 3133 Ἰορδάνῃ
2753 3055 2983 3128 ποταμῷ
3005 3054 3100 3108 τοῦ
3122 3051 3449 3127 τριακοστοῦ
3475 3052 3646 3116 ἔτους
3671 3051 3765 3121 τῆς

470 3160 690 3232 Paphiis
712 3200 727 3223 ,
769 3156 1074 3228 Apogonici
1120 3169 1246 3219 xvi;
1303 3151 1578 3206 Arabibus
1626 3115 2053 3219 Angalthabaith
2082 3115 2126 3174 δ
2159 3115 3033 3227 ξιξέιρέξοζέγενᾴήσευὲξ,τουὲέὲτι
3056 3115 3196 3201 κατά
3217 3143 3561 3214 Αἰγυπτίους

472 3268 632 3318 xxu;
704 3248 1094 3304 Macedonibus
1158 3242 1381 3313 Apellaei
1449 3258 1581 3308 xw;
1635 3239 2056 3311 (lappedocibus

470 3347 711 3398 Aratatte
747 3357 848 3405 xv;
888 3336 1319 3393 Atheniensibus
1352 3332 1763 3404 Melagitnionis
1806 3348 1918 3397 vn;
1946 3329 2057 3405 Hea

475 3434 635 3489 bracis
666 3431 1062 3484 Marchesuvan
1096 3426 1310 3480 vn.Cui
1343 3424 1563 3494 quidem
1590 3424 1876 3479 sententia:
1898 3402 2060 3477 Lucae

471 3540 694 3599 quoque
752 3524 1090 3594 sulfragatur
1144 3519 1539 3590 Evangelium,
1586 3517 1643 3570 in
1694 3532 1804 3586 quo
1838 3517 1945 3572 ista
1983 3516 2062 3571 le-

475 3628 680 3690 guntur
707 3636 721 3671 :
758 3617 889 3671 Erat
922 3627 1097 3669 autem
1121 3611 1279 3667 Iesus
1312 3611 1565 3679 incipiens
1604 3610 1762 3679 quasi
1801 3623 2061 3662 annorum

475 3729 606 3779 xxx,
636 3710 777 3782 ﬁlius
797 3751 813 3776 ,
869 3717 927 3763 ut
956 3706 1276 3778 putabatur,
1297 3702 1490 3772 Joseph
1519 3705 1561 3756 ’.
1603 3702 1731 3757 Post
1761 3702 1877 3756 haec
1916 3717 1947 3756 a
1982 3716 2060 3756 xu

473 3809 563 3862 die
601 3805 776 3876 Athyr
801 3800 1119 3873 prmdicavit
1148 3813 1351 3853 annum
1387 3796 1776 3865 acceptabilem
1812 3794 2060 3859 Domini,

473 3895 933 3970 quemadmodum
1034 3892 1203 3947 Isaias
1295 3888 1560 3959 prepheta
1662 3887 2061 3957 praedixerat:

477 3991 712 4062 Spiritus
752 3985 965 4041 Domini
1007 3998 1163 4052 super
1195 3996 1312 4046 me;
1354 3995 1446 4049 pro
1479 3994 1537 4032 ea
1580 3978 1720 4048 quod
1756 3977 1910 4031 unxit
1948 3992 2029 4030 me
2044 3992 2064 4040 ,'

476 4082 838 4152 evangelium
880 4074 1198 4149 pauperibus
1231 4072 1378 4126 misit
1407 4085 1530 4133 me;
1566 4069 1859 4138 prwdicare
1897 4069 2066 4136 capti-

481 4177 559 4230 uis
592 4172 955 4229 remissionem
1009 4174 1343 4237 peccatorum
1368 4203 1382 4223 ,
1417 4173 1467 4217 et
1490 4162 1641 4215 cwcis
1682 4162 1885 4225 visum;
1931 4175 2068 4229 prm-

479 4269 663 4322 dicare
692 4279 893 4318 annum
938 4260 1159 4315 Domini
1197 4255 1598 4326 acceptabilem,
1645 4262 1695 4307 et
1743 4254 1882 4307 diem
1918 4253 2071 4308 retri-

481 4358 712 4413 butionis
738 4356 779 4410 ⁸.

2157 3248 2453 3320 δωδεκάτῃ,
2487 3244 2591 3316 πρὸ
2629 3242 2688 3310 ἒξ
2746 3242 2916 3296 Εἰδῶν
2944 3237 3288 3310 Νοεμϐρίων·
3309 3234 3456 3288 κατὰ
3488 3233 3768 3305 Ἕλληνας

2158 3341 2282 3394 Δίου
2310 3347 2360 3411 η’
2378 3359 2391 3369 ⁸
2419 3340 2563 3393 κατὰ
2589 3335 2971 3407 Σαλαμινίους,
3005 3333 3133 3395 τοὺς
3161 3331 3258 3384 καὶ
3282 3330 3764 3393 Κωσταντιαίους,

2158 3432 2344 3504 τρίτου
2378 3430 2553 3483 Χοιὰκ
2611 3435 2695 3493 ςὀ
2748 3425 2890 3480 κατὰ
2933 3424 3177 3492 Παφίους
3211 3420 3616 3491 Ἀπογονιστοῦ
3664 3421 3762 3487 ις’·

2163 3523 2303 3578 κατὰ
2326 3524 2391 3575 'A
2400 3522 2571 3594 ρα6ας
2599 3518 3028 3589 Ἀγγαλθαϐαεὶθ
3046 3517 3129 3586 κβ¹
3146 3533 3161 3547 ·
3176 3515 3315 3569 κατὰ
3326 3514 3675 3579 Μακεδόνας
3698 3515 3773 3566 ‘A-

2163 3614 2419 3670 πελλαίου
2450 3620 2545 3679 ις’⁶
2571 3611 2712 3666 κατὰ
2754 3609 3132 3672 Καππαδόκας
3167 3607 3444 3678 ’Δρατατᾶ
3494 3612 3594 3658 ιε’·
3635 3606 3774 3660 κατὰ

2176 3708 2493 3777 Ἀθηναίους
2519 3703 2988 3774 Μεταγειτνιῶνος
3016 3700 3250 3771 έδδόμτγ
3288 3698 3431 3753 κατὰ
3474 3697 3774 3769 Ἐϐραίους

2163 3798 2496 3871 Μαρεσουάν
2524 3799 2756 3870 ἐϐδόμῃ·
2794 3795 2870 3859 ὡς
2898 3793 3267 3864 ἐπιμαρτυρεῖ
3289 3807 3390 3862 μου
3415 3789 3499 3861 τῷ
3530 3789 3692 3862 λόγῳ
3719 3790 3774 3842 τὸ

2165 3891 2322 3961 ἆγιον
2360 3889 2502 3944 κατά
2534 3890 2749 3944 Λουκᾶν
2770 3886 3122 3956 Εὑαγγέλιον,
3147 3877 3251 3937 ὧδέ
3278 3899 3395 3945 πως
3422 3880 3597 3951 λέγον
3614 3901 3630 3915 ο
3662 3880 3768 3940 Ἦν

2165 3983 2234 4037 δὲ
2284 3983 2518 4051 Ἰησοῦς
2554 3981 2886 4051 ἀρχόμενος
2917 3978 3059 4032 ὡσεὶ
3104 3975 3257 4030 ὲτῶν
3304 3973 3671 4043 τριάκοντα,
3699 3974 3777 4029 ὢν

2166 4075 2320 4142 υίὸς,
2378 4074 2460 4140 ὡς
2502 4072 2801 4142 ἐνομίζετο
2850 4066 3024 4135 εἶναι,
3059 4067 3166 4122 τοῦ
3212 4064 3457 4135 Ἰωσήφ.
3502 4067 3627 4121 Καὶ
3676 4069 3777 4121 ἁπ-

2169 4164 2416 4219 εντεῦθεν
2442 4164 2550 4217 ὑπὸ
2582 4163 2743 4236 Ἀθὺρ
2757 4160 3036 4230 δωδεκάτη
3054 4160 3075 4191 ⁵
3104 4157 3473 4231 κηρύττοντος
3494 4157 3680 4212 αὑτοῦ
3696 4158 3780 4212 τὸν
3878 4182 3879 4187 η

2169 4255 2357 4310 δεκτδν
2410 4254 2654 4315 ἐνιαυτὸν
2700 4252 2932 4324 Κυρίου,
2976 4251 3119 4305 κατὰ
3166 4250 3237 4304 τὰ
3286 4251 3344 4302 ὲν
3394 4248 3477 4319 τῷ
3514 4253 3780 4323 προφήτῃ

2185 4349 2383 4420 Ἡσαΐᾳ
2413 4345 2788 4421 προειρημένα
2807 4362 2820 4378 ·
2852 4346 2935 4399 ὅτι
2964 4343 3208 4413 Πνεῦμα
3245 4341 3471 4410 Kvpiov
3523 4342 3631 4395 ἐπ’
3658 4344 3781 4412 ἐμὲ,

481 4447 554 4507 οὖ
597 4451 833 4505 εἵνεκεν
878 4443 1089 4516 ἐχρισέ
1120 4457 1225 4513 με’
1259 4441 1767 4511 εὐαγγελίσασθαι
1814 4439 2076 4511 πτωχοῖς
2112 4445 2462 4499 ἀπέσταλκε
2486 4461 2585 4514 με,
2616 4441 2870 4510 κηρύξαι
2918 4438 3317 4510 αὶχμανίὼτοις
3370 4438 3633 4507 ἄφεσιν,
3682 4442 3791 4498 sal

482 4542 735 4614 τυφλοῖς
789 4539 1147 4607 ἀνάϐλεψιν,
1201 4535 1457 4604 κηρύξαι
1519 4533 1801 4588 ἐνιαυτὸν
1853 4535 2076 4603 Κυρίου
2106 4537 2345 4602 δεκτόν,
2378 4538 2477 4592 καί
2503 4537 2734 4606 ἡμέραν
2762 4532 3249 4597 ἀνταποδόσεως.

552 4633 721 4690 XXV.
748 4632 919 4687 Plane
949 4630 1170 4701 quidem
1213 4642 1419 4682 annum
1454 4623 1774 4696 praedicavit
1816 4632 2071 4695 accepta~

483 4729 680 4787 bilem.
746 4727 799 4781 in
853 4738 963 4795 quo
1022 4735 1186 4778 nemo
1239 4719 1290 4775 ei
1345 4717 1767 4775 contradixerit.
1822 4715 2071 4771 Primum

483 4823 632 4878 enim
683 4820 831 4879 hunc
870 4832 1074 4871 annum
1106 4823 1231 4886 post
1267 4830 1375 4869 xxx
1414 4827 1444 4866 a
1487 4811 1774 4866 nativitate
1809 4825 1909 4865 sua
1941 4824 2075 4882 pm-

486 4913 724 4970 dicando
764 4910 1063 4981 transegit,
1117 4907 1553 4979 approbantibus
1599 4905 1911 4971 universis;
1944 4919 2073 4960 cum

487 5020 591 5062 nec
637 5003 809 5060 Judaei
853 5003 1198 5065 resisterent,
1233 5015 1337 5054 nec
1386 4999 1653 5071 gentiles,
1701 5013 1803 5054 nec
1831 4996 2076 5052 Samari-

489 5096 624 5157 tani,
648 5094 744 5150 sed
771 5093 1043 5148 dicentem
1068 5104 1262 5145 omnes
1295 5089 1627 5159 perlibenter
1654 5088 1927 5143 audirent.
1952 5086 2075 5153 Quo

486 5190 678 5246 eodem
733 5199 881 5241 anno
910 5183 1349 5255 Hierosolymam
1397 5179 1678 5243 ascendit,
1712 5187 2073 5250 posteaquam

489 5278 799 5348 baptizatus
838 5282 1037 5339 est,et
1088 5274 1207 5330 dies
1246 5286 1315 5327 xl.
1368 5271 1691 5340 tentatioqis
1742 5271 1958 5343 exegit,
2010 5286 2077 5325 ac

489 5371 884 5442 discipulorum
919 5368 1196 5424 delectum
1237 5365 1464 5429 habuit,
1489 5379 1615 5420 cum
1670 5364 1739 5418 ab
1772 5363 2077 5418 tentatione

488 5467 556 5520 ad
594 5464 889 5519 Jerdanem
934 5461 1131 5525 rediit,
1177 5475 1243 5514 ac
1290 5458 1524 5529 traiecto
1576 5446 1711 5511 mari
1765 5454 2079 5511 Tiberiadis

489 5556 819 5612 Nazaretum
876 5552 1255 5620 contendens,
1300 5550 1740 5623 Hierosolymam
1800 5548 2075 5619 pervenit.

2247 4628 2376 4682 KE'.
2425 4628 2512 4691 Ὠς
2540 4625 2756 4698 ἀληθῶς
2797 4625 2906 4695 γὰρ
2958 4619 3223 4693 ἐκήρυξεν
3255 4618 3509 4698 ένιὲωτδν
3562 4623 3782 4683 δεκτδνο

2176 4718 2425 4773 τουτέστι
2457 4689 2533 4788 μη
2563 4689 2997 4786 ἀντιλεγόμενον.
3150 4712 3257 4782 γὰρ
3280 4689 3502 4783 πρῶτον
3530 4714 3786 4770 ἐνιαυτὸν

2183 4810 2321 4883 μετὰ
2346 4808 2669 4884 τριακοστὴν
2697 4808 2816 4871 ἔτος
2845 4806 2946 4876 τῆς
2976 4803 3141 4859 αὑτοῦ
3168 4803 3437 4875 ὲνσάρκου
3466 4808 3790 4877 παρουσίας

2180 4901 2473 4974 ἐκήρυσσε,
2502 4899 2597 4954 καὶ
2618 4900 2821 4962 πάντες
2842 4896 3221 4967 κατεδέχοντο’
3252 4895 3348 4949 καὶ⁵
3366 4893 3498 4948 οὔτε
3535 4897 3787 4953 Ἰουδαῖοι

2180 4993 2488 5063 ἀντέλεγον,
2529 4990 2653 5046 οὔτε
2673 4990 2823 5062 ἔθνη,
2851 4989 2975 5044 οὔτε
3006 4989 3371 5060 Σαμαρεῖται·
3404 4987 3550 5042 ἀλλὰ
3579 4991 3791 5052 πάντες

2182 5087 2354 5159 ἡδέως
2385 5087 2583 5158 ἢκουον
2625 5082 2812 5137 αὐτοῦ.
2857 5083 2946 5137 Ἐν
2972 5074 3017 5150 ᾧ
3049 5079 3281 5150 ἐνιαυτῷ
3315 5079 3529 5134 ἄνεισιν
3562 5084 3654 5147 εἰς
3699 5084 3792 5136 Ἰε-

2181 5178 2478 5250 ροσόλυμα,
2540 5178 2680 5248 μετὰ
2727 5176 2790 5230 τὸ
2830 5173 3219 5247 βαπτισθῆναι,
3263 5173 3360 5226 κα)⁵
3399 5172 3646 5226 διελθεῖν
3694 5175 3793 5233 τὰς

2177 5270 2586 5342 τεσσαράκοντα
2613 5269 2825 5341 ἡμέρας
2852 5267 2946 5321 τοῦ
2974 5263 3306 5337 πειρασμοῦ,
3333 5265 3428 5319 καὶ
3451 5264 3789 5331 ἐκλέξασθαι

2178 5362 2305 5424 τοὺς
2331 5360 2525 5414 ἑαυτοῦ
2557 5359 2827 5431 μαθητάς.
2863 5356 3195 5427 ἀνακάμψας
3218 5355 3328 5410 ἀπὸ
3348 5354 3443 5408 τοῦ
3466 5355 3788 5427 πειρασμοῦ

2181 5456 2276 5509 ἐπὶ
2305 5453 2397 5507 τὸν
2436 5452 2727 5525 Ἰορδάνην,
2755 5451 2851 5505 καὶ
2876 5447 3099 5504 διελθὼν
3123 5447 3219 5501 ἐπὶ
3240 5447 3343 5518 τῆς
3375 5447 3670 5518 Θαλάσσης
3690 5447 3791 5516 τῆς

2182 5544 2311 5599 Τισε
2322 5544 2523 5617 ριάδος,
2553 5543 2647 5596 ἐπὶ
2672 5542 2770 5615 τὴν
2795 5540 3049 5613 Ναζαρὲτ
3084 5538 3475 5612 πορευόμενος,
3498 5538 3681 5612 ἀνέϐη
3705 5538 3790 5610 δη-

568 5726 822 5794 ‘_Coloss.
857 5744 914 5796 ιι,
953 5729 1040 5786 14.
1116 5730 1136 5761 ²
1165 5726 1296 5782 Luc.
1330 5741 1416 5791 ιιι,
1442 5725 1535 5782 25.
1615 5725 1635 5757 ³
1666 5702 1773 5782 lsa.
1807 5738 1921 5790 ut,
1950 5723 1976 5778 l
2018 5737 2053 5778 Si

2220 5720 2321 5780 δι’.
2355 5720 2646 5776 ὲνσάοκου.
2721 5723 2741 5753 ³
2776 5718 2839 5776 F.
2873 5719 3201 5791 δωδεκάτης.
