3918 6202
263 350 366 407 935

929 310 1300 402 onensus
1344 339 1686 398 [massas
1719 339 1842 396 LIB.

1946 381 1954 395 .
2001 336 2168 395 TOM.
2204 338 2246 394 1.
2284 370 2352 380 -
2386 338 2662 396 H/ERES.
2695 338 2787 398 Ll.

3399 336 3507 395 οτι

261 465 435 519 λονὸτι
484 462 564 524 είς
611 460 984 533 Ἰερουσαλήμ.
1027 460 1134 514 Καὶ
1182 461 1240 512 ὲν
1290 457 1440 530 μέσῳ
1490 457 1590 530 τῆς
1639 457 1832 529 ἑορτῆς

1946 454 2010 510 lbi
2037 457 2094 510 in
2126 454 2305 510 medio
2336 454 2477 510 festo
2510 433 2847 513 vociferatus
2877 467 2963 513 est
2989 455 3181 514 dicens
3231 477 3244 513 :
3292 454 3354 513 Si
3389 460 3507 528 quis

261 554 552 633 ὲκέκραγε,
589 549 763 619 λέγων
782 568 796 581 ·
824 552 896 603 Εἴ
922 568 1010 616 τις
1038 547 1206 619 διψᾷ,
1252 548 1516 619 ἐρχέσθω
1536 550 1705 619 ,πρός
1732 564 1830 617 με,

262 644 359 698 καί
395 643 630 698 πινέτω.
665 643 776 697 Καὶ
818 641 992 706 οὑτως
1041 641 1293 712 ἀπῆλθεν
1314 643 1395 705 είς
1438 641 1710 713 Ναζαρὲτ,
1737 640 1835 694 καὶ

266 735 346 797 εἰς
382 735 481 803 τὴν
529 732 811 799 Ἰουδαίαν,
858 732 950 785 καὶ
994 733 1074 794 είς
1126 729 1459 801 Σαμάρειαν,
1508 730 1602 784 καὶ
1640 731 1720 793 είς
1767 728 1835 782 τὰ

269 824 409 895 μέρη
441 824 637 894 Τύρου.
668 822 778 876 Καὶ
806 821 1181 893 πληρωθέντος
1204 821 1296 875 τοῦ
1325 822 1538 892 πρώτου
1564 821 1831 888 ἐνιαυτοῦ,

267 914 431 968 πάλιν
459 914 663 968 ἄνεισιν
705 915 785 977 είς
830 911 1192 984 Ἱεροσόλυμα.
1226 913 1336 965 Καὶ
1378 912 1563 966 λοιπὸν
1608 913 1835 985 ἐζήτουν

260 1006 429 1059 αὑτὸν
457 1005 652 1058 πιάσαι
684 1006 742 1058 ὲν
773 1006 839 1075 τῇ
890 1004 1073 1075 ἑορτῇ,
1126 1003 1221 1055 καὶ
1272 1003 1635 1075 ἐφοϐήθησαν.
1679 1005 1767 1058 Ἐν

263 1099 422 1169 ἑορτῇ
455 1096 660 1164 ἔλεγεν,
690 1095 772 1149 δτι
824 1096 907 1149 υὺ
945 1094 1279 1150 καταϐαίνω
1328 1097 1416 1161 είς
1461 1093 1577 1163 τὴν
1620 1094 1837 1164 ἑορτὴν

262 1189 508 1254 ταύτην.
541 1186 616 1239 Οὐ
658 1186 766 1257 γὰρ
795 1185 1065 1255 ἐψεύδετο,
1112 1186 1186 1257 μὴ
1227 1185 1476 1255 γένοιτοι
1513 1187 1836 1255 Μεσούσης

263 1278 372 1348 γὰρ
403 1277 516 1347 τῆς
543 1275 776 1345 ἑορτῆς,
807 1273 976 1348 ἦλθε,
1004 1277 1158 1349 φησὶ,
1191 1277 1290 1331 καὶ
1320 1276 1500 1345 ἀνέϐη
1537 1279 1626 1343 εἰς
1664 1277 1839 1346 Ἰερο-

264 1370 532 1440 σόλυμα·
565 1369 663 1422 καὶ
711 1369 957 1439 ἔλεγον*
992 1371 1115 1439 Οὐχ
1154 1365 1333 1436 οὗτός
1373 1369 1563 1434 ἐστιν,
1599 1369 1674 1423 δν
1710 1368 1839 1439 ἐζή-

263 1478 411 1517 τουν
438 1459 648 1514 πιάσαι
666 1475 685 1524 ;
714 1461 822 1517 Kal
864 1460 992 1514 ιδοὺ
1026 1461 1329 1529 παρρησίᾳ
1367 1462 1571 1516 λαλεῖ·
1593 1461 1680 1532 μὴ
1723 1461 1838 1530 ἆρα

263 1554 484 1622 ἔμαθον
506 1552 770 1622 οιλερεῒς,
788 1551 876 1605 ὅτι
901 1548 1078 1618 οὗτός
1092 1553 1263 1605 ἐστιν
1282 1556 1315 1607 ό
1328 1554 1616 1622 Χριστός;
1654 1555 1840 1610 Ἀλλὰ

263 1645 510 1714 οἴδαμεν
539 1640 718 1709 οὗτος
745 1644 929 1698 πόθεν
967 1643 1120 1698 ἐστι.
1153 1644 1559 1716 Μυστηριωδῶς
1598 1646 1708 1718 γὰρ
1744 1645 1839 1700 κα)⁸

1932 547 2076 613 sitit,
2116 548 2396 621 veniat,“
2427 546 2571 601 bibat
2609 550 2650 600 ³.
2692 548 2820 605 Inde
2873 547 3198 603 Nazaretum
3237 548 3505 619 perrexit;

1932 645 1987 692 et
2015 638 2070 692 in
2101 636 2297 693 Judam
2318 678 2334 704 ,
2359 653 2423 693 ac
2449 639 2750 693 Samariam
2769 680 2783 704 .
2808 655 2871 694 ac
2899 638 3187 711 Tyriorum
3230 640 3509 711 regionem

1932 728 2215 800 profectus
2261 737 2368 786 est.
2411 730 2542 787 Post
2575 733 2689 787 haec
2719 734 2939 787 evoluto
2971 734 3082 804 jam
3117 733 3299 803 priore
3331 747 3508 794 anno,

1935 819 2363 894 Hierosolymam
2410 826 2724 878 revertitur.
2759 822 2862 879 Ubi
2888 839 3012 878 cum
3051 839 3175 878 eum
3236 822 3512 879 festo‘die

1934 914 2393 985 comprehendere
2421 916 2658 982 vellent,
2692 922 2838 970 metu
2862 915 3099 985 repressi
3131 924 3278 970 sunt.
3308 912 3385 968 Ac
3407 914 3513 969 sub

1936 1002 2078 1058 idem
2113 1002 2313 1060 festum
2345 1006 2419 1058 ita
2474 1005 2594 1060 suis
2629 1004 2844 1060 locutus
2881 1011 3006 1059 est:
3043 1002 3165 1056 Non
3185 1004 3410 1057 ascendo
3442 1002 3512 1056 ad

1935 1095 2073 1149 diem
2124 1096 2318 1166 festum
2358 1098 2517 1150 istum
2546 1098 2588 1151 ⁸.
2643 1097 2700 1151 In
2761 1111 2872 1167 quo
2927 1096 3069 1151 absit
3120 1103 3181 1149 ut
3229 1096 3512 1150 mentitum

1934 1188 2086 1242 illum
2140 1189 2503 1243 arbitremur!
2555 1186 2683 1241 Jam
2735 1189 2876 1241 enim
2926 1187 3009 1241 die
3064 1188 3198 1256 testo
3253 1185 3518 1241 mediante

1937 1277 2100 1345 abiit,
2142 1279 2350 1349 inquit,
2379 1289 2427 1333 et
2472 1279 2708 1332 ascendit
2752 1278 2808 1331 in
2845 1276 3179 1332 Hierusalem
3210 1278 3268 1345 ';
3298 1285 3349 1332 et
3377 1279 3519 1333 dira-

1937 1367 2064 1422 bant
2096 1383 2115 1422 :
2146 1367 2336 1423 Nonne
2395 1370 2479 1422 hic
2536 1379 2647 1432 est,
2700 1385 2852 1439 quem
2910 1372 3216 1439 quterebant
3279 1386 3517 1439 compre-

1936 1459 2155 1514 hendere
2178 1464 2205 1517 γ
2227 1460 2295 1514 Ει
2340 1478 2454 1515 ecce
2482 1462 2661 1531 palam
2701 1461 2951 1531 loquitur.
2986 1460 3242 1533 Nunquid
3282 1479 3396 1517 vere
3434 1478 3522 1518 ico-

1938 1562 2220 1621 gnoverunt
2261 1553 2594 1616 sarerdotes,
2644 1553 2771 1622 quia
2818 1552 2902 1605 hic
2951 1562 3028 1608 est
3089 1553 3371 1608 Christus?
3416 1553 3519 1610 Sed

1937 1641 2074 1694 hunc
2094 1644 2288 1697 scimus
2312 1644 2448 1698 unde
2477 1644 2546 1696 sit
2573 1644 2613 1698 ⁸.
2641 1641 2775 1696 Nam
2799 1659 2922 1696 cum
2951 1645 3209 1714 mystice,
3249 1661 3312 1700 ac
3352 1646 3520 1716 spiri-

266 1737 649 1808 πνευματικῶς
679 1736 1056 1806 διαλεγομένου
1092 1738 1205 1802 τοῖς
1246 1735 1410 1791 αὑτοῦ
1439 1737 1704 1817 ἀδελφοῖς,
1733 1737 1833 1791 οὑκ

1946 1729 2123 1783 taliter
2170 1730 2430 1786 fratribus
2462 1731 2580 1787 suis
2608 1732 2946 1801 loqueretur,
2972 1733 3102 1802 quid
3138 1733 3345 1790 diceret
3373 1735 3521 1805 igno-

265 1830 479 1900 ήδεισαν
516 1829 568 1882 τί
593 1828 794 1899 ἔλεγεν.

340 1919 530 1988 Ἔλεγε
559 1919 668 1992 γὰρ
697 1920 878 1981 αὑτοῖς
927 1919 1000 1989 μὴ
1047 1918 1357 1973 ἀναϐαίνειν
1387 1920 1468 1984 είς
1504 1920 1565 1975 τὸ
1599 1919 1740 1993 ἱερὸν
1778 1921 1835 1976 ὲν

264 2014 331 2084 τῇ
365 2013 525 2085 ἑορτῇ
559 2013 762 2085 ἐκείνη,
780 2011 913 2085 μηδὲ
939 2012 1019 2075 είς
1042 2010 1132 2065 τὸν
1156 2012 1407 2082 σταυρὸν,
1431 2012 1524 2066 τοῦ
1550 2013 1836 2068 τελειῶσαι

264 2102 403 2166 τέως
425 2103 525 2174 τὴν
545 2105 852 2174 οἰκονομίαν
873 2103 966 2156 τοῦ
990 2102 1201 2167 Πάθους
1228 2103 1415 2167 αὑτοῦ,
1444 2105 1539 2157 καλ⁸
1568 2106 1838 2177 σωτηρίας

267 2196 583 2267 μυστήριον,
629 2196 723 2250 καὶ
766 2198 830 2249 ὲκ
866 2195 1077 2267 νεκρῶν
1106 2195 1426 2267 ἀναστῆναι,
1477 2198 1571 2249 καὶ
1619 2198 1701 2261 εἰς
1745 2198 1838 2252 τὸν

264 2283 491 2354 οὑρανὸν
522 2283 787 2355 ἀναϐῆναι
807 2300 820 2314 ο
858 2282 1015 2337 ἅτινα
1063 2283 1301 2354 ἐπλήρου
1344 2284 1520 2337 πάντα
1551 2285 1608 2336 ἐν
1638 2287 1705 2355 τῇ
1734 2284 1839 2356 ἰδία

265 2373 433 2428 αὑτοῦ
460 2373 696 2446 ἐξουσίᾳ.
728 2376 838 2429 Καὶ
861 2375 1000 2446 μετὰ
1020 2374 1193 2429 ταῦτα
1234 2374 1308 2438 ὡς
1337 2375 1714 2448 πληρωθέντος
1742 2374 1837 2429 τοῦ

264 2464 472 2529 διετοῦς
496 2466 688 2536 χρόνου
727 2465 862 2536 μετὰ
891 2466 953 2519 τὸ
974 2465 1275 2537 βάπτισμα,
1299 2466 1393 2519 καὶ
1411 2467 1510 2538 τὴν
1536 2466 1701 2520 αὑτοῦ
1726 2467 1843 2536 γέν-

266 2571 442 2622 νησιν,
475 2554 585 2608 ἀπὸ
614 2555 918 2627 Νοεμϐρίου
964 2556 1152 2628 μηνὸς,
1200 2557 1293 2609 καὶ
1340 2556 1447 2610 ἀπὸ
1483 2557 1839 2629 Ἰαννουαρίου

269 2646 459 2718 μηνὸς,
491 2647 588 2702 καὶ
618 2649 729 2701 τῶν
774 2649 1050 2715 ἐπέκεινα,
1099 2648 1282 2702 λοιπὸν
1323 2648 1381 2701 ἐν
1417 2648 1493 2720 τῷ
1537 2648 1843 2723 τριακοστῷ

267 2737 434 2810 τρίτῳ
462 2737 571 2791 ἔτει
599 2739 699 2810 τῆς
730 2739 897 2791 αὑτοῦ
941 2738 1205 2808 ὲνσάρκου
1245 2741 1577 2810 οἰκονομίας,
1610 2741 1750 2813 μετὰ
1780 2741 1844 2795 τὸ

269 2827 571 2900 ὑπερϐῆναι
605 2830 767 2884 αὑτὸν
804 2830 904 2895 τὰς
932 2828 1026 2884 δύο
1056 2830 1338 2897 ὑπατείας,
1368 2831 1434 2896 ἃς
1477 2831 1707 2903 ἔφημεν,
1735 2833 1844 2889 τῶν

269 2934 328 2970 τε
348 2917 440 2970 δύο
458 2918 717 2989 Γεμηνῶν
744 2918 835 2987 καὶ
864 2919 963 2989 τὴν
998 2919 1225 2989 Ῥούφου
1277 2921 1371 2974 καὶ
1408 2921 1842 2989 Ῥουϐελλίωνος,

268 3008 455 3062 λοιπὸν
481 3011 539 3063 ὲν
559 3012 623 3082 τῇ
653 3010 812 3082 τρίτῃ
845 3010 1101 3082 ὑπατείᾳ,
1127 3013 1184 3065 ὲν
1208 3011 1284 3083 τῷ
1306 3013 1474 3085 τρίτῳ
1499 3014 1629 3086 μηνὶ
1652 3016 1841 3086 αὑτῆς,

1864 1795 1907 1850 Β
1935 1820 2158 1876 rabant.

2007 1911 2174 1985 448
2205 1910 2450 1986 Negabat
2501 1919 2648 1973 enim
2697 1934 2759 1976 se
2800 1920 2895 1975 illo
2933 1920 3022 1976 die
3082 1917 3223 1974 festo
3284 1917 3337 1970 in
3384 1923 3524 1971 tem-

1938 2002 2221 2073 plum,ant
2247 2005 2301 2061 in
2336 2022 2555 2063 crucem
2580 2004 2959 2080 ascensurum,
2998 2019 3058 2066 ut
3076 2008 3357 2065 Passionis
3390 2022 3524 2071 suae,

1938 2108 2003 2149 ac
2030 2103 2232 2150 nostra:
2261 2099 2454 2155 salutis
2483 2100 2960 2158 administratione
2992 2102 3326 2173 fungeretur,
3363 2107 3526 2170 atque

1939 2199 1969 2239 a
2002 2188 2232 2242 mortuis
2254 2191 2526 2248 excitatus
2552 2194 2795 2248 evolaret
2828 2196 2883 2248 in
2928 2196 3128 2251 cmlum
3149 2234 3164 2259 ,
3192 2208 3314 2263 qua:
3340 2192 3527 2246 omnia

1939 2291 2040 2347 pro
2113 2292 2213 2332 sua
2265 2289 2536 2349 potestate
2583 2297 2647 2337 ac
2687 2285 2965 2339 voluntate
3010 2291 3201 2354 postea
3252 2281 3524 2352 prastitit.

1939 2364 2080 2420 Hine
2106 2366 2331 2422 biennio
2366 2369 2478 2439 jam
2510 2371 2697 2441 elapso
2743 2383 2867 2443 post
2918 2372 3174 2442 baptismi
3223 2386 3287 2425 ac
3332 2370 3516 2424 nativi-

1940 2459 2069 2511 tatis
2103 2456 2282 2526 diem,
2333 2458 2436 2513 hoc
2462 2467 2576 2527 est,
2635 2471 2761 2531 post
2792 2461 3153 2518 Novembrem
3206 2475 3269 2515 ac
3325 2458 3530 2514 Janua-

1939 2546 2084 2604 rium
2110 2589 2125 2613 ,
2150 2555 2204 2603 et
2233 2548 2552 2620 interjectos
2594 2552 2806 2623 aliquot
2839 2553 2957 2609 dies
2977 2597 2989 2618 ,
3022 2567 3168 2607 anno
3219 2552 3289 2607 ab
3345 2550 3530 2605 lucar-

1942 2639 2164 2695 natione
2188 2654 2287 2696 sua
2324 2656 2499 2696 xxxm
2519 2682 2534 2707 ,
2567 2644 2859 2714 praeteritis
2886 2644 3000 2713 jam
3026 2685 3041 2707 ,
3071 2643 3219 2714 quod
3250 2644 3492 2699 diximus
3511 2683 3527 2708 ,

1942 2730 2321 2786 consulatibus
2379 2732 2623 2800 duobus,
2679 2736 2963 2790 amborum
3011 2733 3400 2801 Geminorum,
3466 2749 3531 2789 ac

1944 2818 2069 2874 Rufi
2100 2829 2153 2877 et
2191 2820 2557 2893 Rubellionis,
2597 2827 2760 2881 tertio
2799 2826 3018 2881 demum
3063 2826 3356 2893 consulatu
3380 2865 3395 2890 ,
3439 2827 3533 2880 iti-

1945 2913 2177 2984 demque
2236 2916 2402 2971 tertio
2460 2924 2585 2986 post
2651 2916 2972 2973 Ianuarium
3044 2933 3110 2974 ac
3170 2917 3530 2974 Februarium

1946 3019 2155 3068 mense,
2189 3005 2280 3075 qui
2306 3004 2536 3063 Martius
2566 3007 2788 3074 dicitur,
2814 3006 3053 3064 Verbum
3086 3009 3222 3064 illud
3256 3009 3532 3080 passionis

272 3099 414 3171 μετὰ
435 3100 526 3154 τὸν
571 3102 926 3174 Ἰαννουάριον
952 3104 1047 3156 καὶ
1085 3104 1467 3176 Φευρουάριον,
1512 3107 1571 3160 ὲν
1616 3106 1842 3177 Μαρτίῳ

1948 3097 2130 3152 omnis
2172 3113 2401 3167 expers,
2450 3100 2761 3170 passionem
2820 3101 2876 3155 in
2933 3116 3099 3157 carne
3145 3117 3300 3159 suam
3340 3110 3531 3157 nostra

273 3191 426 3262 μηνὶ,
457 3192 653 3246 τελειοῖ
671 3193 732 3246 τὸ
761 3192 855 3246 τοῦ
892 3193 1097 3258 πάθους
1132 3199 1428 3268 μυστήριον
1450 3198 1479 3250 ὁ
1500 3198 1714 3270 ἀπαθὴς
1739 3199 1844 3251 Δό-

269 3299 368 3350 γος
406 3282 590 3337 παθὼν
623 3284 680 3336 ὲν
715 3283 878 3356 σαρκὶ
908 3284 975 3337 δι’
1003 3286 1168 3355 ἡμᾶς.
1199 3286 1366 3339 Μένει
1393 3286 1449 3340 δὲ
1494 3288 1552 3340 ἐν
1585 3287 1845 3359 ἀπαθείᾳ,

268 3373 346 3438 ὡς
372 3372 519 3443 λέγει
557 3373 762 3445 Πέτρος
781 3390 794 3404 ·
839 3374 1204 3441 Θανατωθεὶς
1235 3377 1435 3444 σαρκὶ,
1467 3374 1848 3447 ζωογονηθεὶς

270 3461 342 3515 δὲ
372 3462 454 3528 τῷ
489 3464 800 3532 πνεύματι.

344 3554 491 3619 ΚΕΓ.
522 3552 726 3622 Πάσχει
769 3552 825 3605 δὲ
861 3552 918 3605 ὲν
954 3555 1021 3624 τῇ
1071 3554 1177 3626 πρὸ
1215 3554 1513 3628 δεκατριῶν
1552 3557 1848 3613 Καλανδῶν

285 3643 641 3717 Ἀπριλλίων,
689 3638 1140 3716 ὑπερϐεὸηκότων
1164 3646 1345 3701 αὐτῶν
1412 3647 1539 3718 μίαν
1589 3650 1845 3721 ἑσπέραν,

268 3735 549 3788 τουτέστιν
584 3735 643 3787 ὲν
666 3736 731 3804 τῇ
768 3735 1334 3811 τεσσαρεσκαιδεκάτῃ
1361 3737 1460 3807 τῆς
1472 3728 1727 3811 ’σελήνης
1758 3758 1849 3792 νυ-

269 3829 492 3899 κτερινῇ
532 3826 693 3901 μέσῃ.
726 3827 1032 3898 Προέλαϐον
1051 3828 1160 3899 γὰρ
1190 3830 1284 3882 καὶ
1310 3829 1511 3899 ἔφαγον
1541 3830 1602 3883 τὸ
1635 3831 1846 3903 Πάσχα,

266 3916 346 3980 ὥς
375 3935 508 3987 φησι
535 3919 595 3971 τὸ
627 3918 974 3987 Εὑαγγέλιον,
1006 3920 1280 3990 καὶήμείς
1312 3920 1571 3986 πολλάκις
1599 3922 1845 3993 εἴπομεν.

276 4008 522 4079 Ἔφαγον
560 4005 651 4066 οὖν
677 4011 737 4064 τὸ
767 4012 955 4082 Πάσχα
981 4011 1086 4083 πρὸ
1113 4011 1206 4064 δύο
1244 4012 1464 4085 ἡμερῶν
1503 4014 1597 4067 τοῦ
1632 4016 1846 4085 φαγεῖν,

269 4102 517 4155 τουτέστι
546 4105 611 4174 τῇ
654 4102 813 4176 τρίτῃ
858 4103 1093 4173 ἑσπέρας
1119 4104 1156 4171 ¹,
1186 4103 1322 4175 ὅπερ
1370 4103 1476 4157 ἔδει
1521 4108 1586 4176 τῇ
1624 4105 1851 4182 πέμπτῃ

269 4186 533 4258 ἑσπέρας.
549 4188 1121 4261 Τεσσαρεσκαιδεκάτη
1140 4189 1247 4262 γὰρ
1272 4190 1443 4256 οὑτως
1457 4188 1525 4264 ἦν
1546 4195 1578 4265 ή
1602 4194 1846 4268 πέμπτη.

270 4277 716 4350 Συλλαμϐάνεται
765 4283 819 4336 δὲ
857 4286 920 4354 τῇ
966 4283 1123 4355 τρίτῃ
1166 4286 1233 4355 τῇ
1285 4285 1421 4357 αὑτῇ
1465 4285 1582 4356 ὀψὲ,
1619 4287 1740 4358 ἥτις
1781 4283 1850 4359 ἦν

263 4368 530 4442 ἑνδεκάτη
553 4372 652 4441 τῆς
686 4373 913 4445 σελήνης
943 4375 1251 4447 νυκτερινὴ,
1281 4377 1387 4448 πρὸ
1417 4377 1609 4443 δεκαὲξ
1639 4378 1852 4433 Καλαν-

214 4474 223 4477 ·
261 4461 381 4514 δῶν
395 4462 743 4535 Ἀπριλλίων·
770 4465 963 4537 τετρὰς
992 4466 1267 4538 δωδεκάτη
1293 4470 1599 4541 νυκτερινὴ,
1626 4471 1731 4543 πρὸ
1761 4471 1848 4525 δε·-
1879 4448 1925 4505 D

260 4556 509 4609 καπέντε
523 4555 807 4614 Καλανδῶν
823 4557 1166 4628 Ἀπριλλίων·
1182 4559 1407 4631 πέμπτη
1428 4562 1847 4636 τρισκαιδεκάτῃ

260 4648 530 4720 ἡμερινὴ,
557 4649 844 4721 νυκτερινὴ
875 4650 932 4704 δὲ
953 4650 1538 4721 τεσσαρεσκαιδεκάτη,
1567 4652 1673 4724 πρὸ
1699 4655 1849 4708 δεκα-

252 4740 554 4812 τεσσάρων
593 4741 886 4796 Καλανδῶν
933 4742 1276 4814 Ἀπριλλίων·
1320 4744 1695 4814 προσάϐϐατον
1722 4764 1848 4801 τεσ-

256 4830 741 4902 σαρεσκαιδεκάτη
757 4832 1061 4903 νυκτερινὴ,
1078 4832 1184 4904 πρὸ
1197 4832 1611 4905 δεκατεσσάρων
1623 4835 1845 4890 Καλαν-
1884 4816 1901 4833 ⁸

249 4920 381 4975 δῶν
396 4921 736 4993 Ἀπριλλίων
754 4920 1031 4975 Σάϐϐατον
1059 4922 1513 4995 πεντεκαιδεκάτη
1536 4927 1845 4999 νυκτερινὴ,

250 5015 384 5085 πρὸ
413 5013 639 5067 δεκαδύο
654 5012 943 5068 Καλανδῶν
957 5010 1298 5085 Ἀπριλλίών·
1326 5015 1712 5086 ἐπιφώσκουσα
1743 5019 1849 5071 Κυ-

259 5102 444 5176 ριακὴ
461 5102 919 5175 πεντεκαιδεκάτη
934 5106 1247 5176 νυκτερινή²
1266 5122 1281 5136 ο
1315 5105 1453 5178 ὅπερ
1482 5102 1549 5178 ῆν
1569 5108 1848 5180 φωτισμὺς

246 5193 426 5267 ᾅδου,
466 5195 562 5248 καὶ
609 5195 732 5265 γῆς,
774 5194 868 5249 καὶ
903 5192 1155 5264 οὐρανοῦ,
1207 5194 1303 5249 καλ⁵
1349 5180 1583 5268 ἡμέρας,
1616 5196 1705 5252 διὰ
1747 5197 1848 5271 τὴν

245 5287 770 5359 πεντεκαιδεκάτην
794 5285 1043 5357 σελήνης,
1070 5285 1164 5338 καὶ
1187 5285 1278 5339 τὸν
1307 5287 1457 5358 ήλίου
1486 5288 1686 5361 δρόμον
1708 5307 1722 5321 °
1753 5290 1848 5344 καὶ

240 5376 357 5433 ὅτι
396 5376 692 5442 ἀνάστασις
737 5378 832 5431 καὶ
880 5375 1134 5448 ίσημερία
1166 5376 1272 5447 πρὸ
1316 5378 1506 5433 ἕνδεκα
1558 5380 1849 5436 Καλανδῶν

257 5468 630 5540 Ἀπριλλίων,
647 5470 714 5525 δι’
743 5471 821 5542 ἣν,
840 5468 1203 5540 πλανηθέντες
1222 5470 1525 5541 ὑπέρϐατον
1558 5473 1686 5543 μίαν
1711 5474 1849 5544 ὴμέ-

348 5646 707 5732 {leuam
757 5648 998 5732 ἐετεξρξιν
1054 5657 1108 5704 ει
1153 5649 1385 5732 ,τιέμπτη
1431 5652 1658 5726 W97!-
1734 5656 1842 5713 ²¹⁴’·

1946 5660 2143 5732 ιερινή.
2222 5663 2242 5694 ³
2274 5660 2431 5717 Joan.
2485 5678 2581 5727 vn,
2632 5662 2725 5719 Ξῖ.

230 5723 265 5760 ⁸
309 5718 458 5775 ibid.
488 5710 707 5776 25:27."
757 5720 777 5753 "
805 5719 821 5771 ι
846 5710 996 5775 Petri
1026 5734 1108 5774 ιιι.
1145 5719 1231 5774 18.

1949 3202 2116 3243 causa
2174 3187 2364 3243 subiit.
2431 3189 2755 3261 Quanquam
2814 3190 2869 3244 in
2930 3207 3030 3246 sua
3089 3192 3531 3263 impassibilitate

1950 3278 2270 3348 permansit,
2299 3287 2359 3333 ut
2387 3281 2464 3333 ait
2491 3280 2688 3336 Petrus
2724 3300 2737 3335 :
2775 3281 3135 3353 Morti/iratus
3178 3301 3368 3350 carne,
3399 3286 3531 3339 vivi-

1948 3369 2141 3439 ﬁcatus
2189 3382 2365 3425 autem
2394 3372 2585 3442 spiritu
2612 3374 2652 3427 ".
2694 3442 2699 3451 λ

2019 3543 2210 3602 XXVI.
2240 3545 2447 3604 Passus
2475 3556 2559 3606 est
2600 3565 2701 3606 xm
2735 3551 2861 3607 Kal.
2893 3552 3047 3623 Apr.,
3076 3569 3200 3608 cum
3235 3554 3310 3608 illi
3342 3569 3539 3626 vespe-

1922 3633 2066 3691 'ram
2096 3652 2263 3693 unam
2299 3641 2758 3701 antevertissent:
2785 3641 2891 3697 hoc
2915 3651 3000 3698 est
3032 3645 3159 3698 luna
3194 3660 3285 3698 xw
3316 3655 3540 3701 noctur-

1950 3740 2020 3780 na
2060 3727 2257 3782 media.
2294 3726 2572 3798 Siquidem
2611 3741 2735 3785 ante
2768 3738 2987 3801 tempus
3045 3733 3124 3786 illi
3178 3731 3390 3788 Pascha
3441 3749 3533 3790 co-

1950 3818 2275 3884 mederunt,
2307 3829 2367 3872 nt
2416 3819 2771 3892 Evangelium
2824 3829 3097 3888 testatur,
3125 3837 3190 3878 ac
3250 3839 3352 3880 nos
3386 3839 3531 3895 saepe

1949 3911 2283 3965 monuimus.
2309 3909 2491 3977 Quare
2529 3912 2697 3968 biduo
2720 3923 2844 3969 ante
2874 3915 3173 3984 legitimum
3203 3914 3346 3970 diem
3377 3931 3533 3986 θρυα-

1949 4004 2064 4060 lum
2095 4004 2359 4062 Paschale
2407 4007 2775 4063 celebrarunt.
2809 4007 2923 4063 Hoc
2957 4016 3043 4064 est
3094 4008 3229 4064 feria
3261 4011 3421 4063 tertia
3462 4009 3531 4065 ad

1948 4099 2416 4170 vesperam,quod
2442 4100 2632 4170 quinta
2660 4098 2776 4156 ﬁeri
2799 4102 3061 4172 Oportuit.
3085 4100 3159 4156 Ita
3182 4103 3327 4157 enim
3341 4102 3533 4172 quinta

1949 4187 2008 4242 in
2040 4187 2306 4244 decimam
2353 4198 2607 4260 quartam
2662 4191 2957 4248 incidebat.
3015 4191 3283 4248 Caeterum
3338 4191 3533 4248 eadem

1951 4280 2045 4335 illa
2082 4280 2217 4335 feria
2242 4323 2257 4349 ,
2310 4283 2397 4339 die
2440 4283 2599 4338 tertia
2642 4284 2710 4339 ad
2760 4300 3041 4355 vesperam
3106 4285 3534 4356 comprehensus

1952 4377 2055 4438 est,
2115 4387 2238 4443 quae
2287 4382 2406 4429 erat
2439 4375 2564 4429 luna
2598 4392 2653 4430 xI
2711 4384 2981 4431 nocturna
3012 4418 3027 4443 ,
3087 4391 3176 4431 ινι
3207 4375 3327 4432 Kal.
3374 4379 3532 4447 Apr.;

1952 4472 2145 4533 quarta
2178 4463 2346 4533 feria,
2387 4466 2689 4538 eademque
2728 4477 2994 4524 nocturna
3022 4468 3147 4523 luna
3182 4484 3256 4522 xu
3279 4507 3294 4531 ,
3321 4484 3387 4523 xv
3410 4467 3532 4523 Kal.

1952 4561 2109 4629 Apr.;
2135 4559 2324 4629 quinta
2363 4558 2499 4615 feria
2543 4576 2639 4615 xm
2676 4561 2904 4625 diurna,
2948 4568 3217 4615 nocturna
3260 4575 3388 4614 vero
3418 4576 3533 4627 xw,

1952 4668 2044 4708 xw
2082 4652 2205 4706 Kal.
2239 4653 2410 4721 Apr.;
2447 4650 2747 4707 Parasceve
2768 4695 2782 4719 ,
2829 4667 2917 4705 xw
2966 4660 3269 4715 nocturna,
3300 4667 3388 4704 xw
3410 4649 3530 4705 Kal.

1951 4743 2115 4813 Apr.;
2142 4741 2475 4806 Sabbatum,
2504 4759 2568 4797 xv
2596 4752 2866 4798 nocturna
2890 4783 2906 4810 ,
2944 4758 3020 4796 xu
3068 4741 3187 4795 Kal.
3235 4741 3402 4811 Apr.;
3435 4741 3532 4797 de-

1953 4850 2100 4888 mum
2154 4834 2431 4889 Dominica
2462 4835 2580 4890 dies
2608 4834 2807 4899 illuxit,
2853 4849 2976 4904 quae
3025 4833 3264 4897 inferos,
3295 4842 3529 4897 terram,

1949 4916 2117 4996 atque
2145 4928 2342 4981 caelum
2385 4941 2483 4982 sua
2514 4927 2636 4982 luce
2679 4925 3058 4991 collustravit,
3097 4933 3320 4995 propter
3344 4925 3528 4978 lunam

1950 5033 2019 5072 xv
2046 5018 2287 5088 solisque
2316 5032 2561 5073 cursum.
2587 5016 2726 5072 Tum
2749 5016 2897 5089 quod
2930 5016 3264 5072 resurrectio
3290 5023 3344 5071 et
3368 5016 3528 5086 aequi-

1949 5110 2191 5164 noctium
2238 5110 2291 5164 in
2333 5125 2385 5165 a.
2436 5110 2492 5165 d.
2525 5126 2577 5166 xt
2612 5109 2731 5165 Kal.
2761 5111 2893 5180 Apr.
2923 5109 3195 5164 incidunt.
3227 5107 3436 5174 Quibus
3462 5106 3531 5165 de

1949 5201 2130 5256 causis
2163 5201 2501 5267 hallucinati,
2534 5216 2646 5257 uno
2668 5201 2758 5257 die
2796 5202 3099 5273 legitimum
3146 5210 3360 5270 tempus
3393 5215 3531 5270 pra:-

1953 5295 2211 5365 tergressi
2248 5303 2409 5360 sunt,
2453 5304 2512 5350 ut
2556 5294 2684 5352 ante
2725 5295 2987 5351 diximus.
3026 5292 3334 5365 Supersunt
3381 5292 3527 5348 enim

1953 5401 2017 5440 ex
2043 5386 2259 5441 illorum
2284 5387 2592 5445 ratiociniis
2617 5390 2766 5444 horae
2806 5387 3017 5457 aliquot
3041 5384 3389 5456 appendices,
3408 5400 3528 5455 qua:

1955 5477 2117 5533 tertio
2149 5493 2367 5550 quoque
2406 5495 2551 5536 anno
2577 5481 2684 5536 diei
2707 5479 2851 5551 apud
2888 5479 3009 5534 itlos
3037 5477 3200 5533 unius
3232 5475 3528 5532 discrimen

2826 5662 2846 5693 ⁸
2887 5661 3021 5717 ibid.
3057 5660 3110 5719 8.
3193 5661 3214 5693 '
3254 5660 3387 5717 ibid.
3436 5659 3525 5717 H.
