3952 6204
435 305 544 365 935
1824 306 1882 362 S.
1925 303 2267 361 EPll‘llANll
3608 308 3719 366 936

433 422 687 478 ail‘erunt.
716 420 925 490 Quippe
952 419 1201 476 lunarem
1240 419 1307 476 ad
1348 416 1569 476 modum
1607 420 1774 493 M9
1814 430 2010 493 praeter

2120 439 2220 497 ραν
2247 419 2537 491 ἐποίησαν,
2573 419 2649 483 ὡς
2689 421 2972 491 προεῖπον.
3010 422 3163 493 Ἔχει
3200 422 3258 476 δὲ
3306 421 3460 493 ὥρας
3494 424 3652 490 τινὰς
3682 427 3719 497 ἡ

432 525 620 567 cccuv
640 513 778 574 dies,
805 512 969 568 horas
999 512 1224 584 insuper
1248 523 1546 583 quaternas
1576 514 1862 584 adjiciunt,
1892 532 2010 587 quae

2120 513 2299 584 ψῆφος
2319 512 2419 581 τῆς
2438 511 2809 580 λεπτολογίας.
2837 512 2961 582 ἦτ’-ς
2982 513 3245 583 ἐμπίπτει
3266 515 3356 569 διά
3377 515 3517 568 ἐτῶν
3549 517 3723 587 τριῶν

434 605 668 676 singulis
696 604 953 659 trienniis
995 604 1137 660 diem
1179 605 1452 675 integrum
1497 606 1814 661 conﬁciunt.
1853 608 1936 664 Ob
1965 608 2010 663 id

2120 601 2253 672 παρ’
2281 600 2466 663 αὐτοῖς
2485 600 2899 671 διαφωνουμένη
2924 603 2958 672 ἡ
2995 602 3091 672 μία
3115 603 3323 676 ἡμέρα.
3352 605 3721 676 Προστιθέασι

434 698 560 753 anui
597 713 686 750 xiv
731 712 948 751 menses
992 698 1276 766 postulant
1305 699 1664 754 intercalares
1686 715 1751 761 v,
1782 715 1848 754 eo
1875 699 2010 770 quod

2119 693 2230 764 γὰρ
2259 693 2336 763 τῷ
2362 692 2667 763 σεληνιακῷ
2681 694 2867 764 δρόμῳ
2901 695 3039 764 μετὰ
3055 695 3487 766 τάςτριακοσίας
3513 715 3714 771 Ἰτεντη-

430 786 499 841 dc
525 788 657 843 solis
684 803 875 851 cursu,
894 791 983 859 qui
1007 797 1090 844 est
1116 789 1327 845 dierum
1362 806 1561 846 cccnxv
1583 806 1707 845 cum
1739 792 1893 846 horis
1927 807 2010 854 Ill,

2124 782 2566 854 κοντατέσσαρας
2613 783 2825 855 ἡμέρας
2866 776 2960 837 καὶ
2991 784 3158 848 ἄλλας
3195 787 3317 839 κατ’
3352 786 3474 851 ἐτος
3527 788 3725 841 τέσσα-

432 895 595 932 unam
643 881 832 934 horam
879 885 1198 952 decerpunt.
1250 882 1385 937 Nam
1417 883 1569 937 horis
1609 883 1849 943 additis,
1889 882 2010 939 tium

2128 893 2227 948 ρας
2253 875 2399 948 ὥρας
2423 892 2437 905 ·
2482 874 2559 939 ὡς
2601 871 2740 928 εἶναι
2774 878 2854 939 εἰς
2886 875 2956 953 τά
2990 876 3119 947 τρία.
3162 876 3257 946 ἐτη
3296 879 3516 949 ἡμέραν
3570 879 3721 949 μίαν.

428 968 628 1022 deinde
658 984 863 1025 cccuv
896 971 1035 1034 dies,
1080 986 1184 1025 una
1214 971 1349 1025 hora
1384 971 1590 1026 minus.
1621 969 1777 1027 Unde
1809 972 1887 1025 illi
1930 987 2022 1027 xw

428 1061 592 1117 annis
624 1062 803 1117 sexies
840 1062 1241 1131 multiplicatis,
1272 1072 1330 1117 ut
1357 1078 1560 1118 Lxxxrv
1609 1064 1740 1116 anni
1783 1077 2021 1119 consur-

423 1163 587 1223 gant,
637 1166 785 1208 anno
814 1167 991 1208 Lxxxv
1023 1168 1267 1206 mensem
1305 1165 1473 1206 unum
1508 1152 1837 1206 intercalant
1874 1167 2023 1222 :quo

426 1247 487 1301 ﬁt
514 1256 575 1301 ut
641 1263 818 1302 cxxxv
867 1239 993 1300 anni
1034 1259 1161 1300 xxvi
1208 1258 1427 1298 menses
1476 1242 1846 1309 exhauriant;
1897 1259 2022 1297 cum

427 1347 684 1392 accurata
730 1339 869 1391 ratio
922 1346 1120 1408 praeter
1159 1350 1377 1393 menses
1420 1350 1562 1397 xxx,
1598 1333 1716 1389 dies
1762 1341 2025 1403 praeterea

425 1444 553 1483 xxnv
571 1469 584 1492 ,
611 1444 674 1484 ac
700 1436 812 1485 tres
837 1430 1002 1485 horas
1055 1430 1316 1500 requirat.

2121 965 2212 1018 Διὸ
2238 965 2368 1034 παρ’
2396 964 2581 1026 αὐτοῖς
2610 963 2771 1018 πέντε
2812 963 2983 1033 μῆνες
3007 965 3287 1020 τελοῦνται
3310 966 3611 1037 ἐμϐόλιμοι
3645 970 3726 1031 είς

2122 1056 2215 1126 ἔτη
2246 1055 2644 1127 δεκατέσσαρα,
2686 1054 2774 1109 διὰ
2810 1055 2872 1109 τὸ
2912 1055 3266 1127 ἀφαιρεῖσθαι
3301 1058 3410 1111 ἀπὸ
3441 1057 3537 1111 τοῦ
3572 1058 3728 1128 ἡλια-

2122 1147 2221 1202 κοῦ
2259 1147 2459 1216 δρόμου
2485 1146 2596 1200 τῶν
2629 1145 2961 1217 τριακοσίων
3009 1147 3449 1221 ἐξηκονταπέντε
3494 1150 3727 1219 ἡμερῶν

2123 1239 2220 1293 καὶ
2258 1238 2418 1308 ὡρῶν
2443 1237 2612 1309 τριῶν
2654 1235 2752 1309 τὴν
2795 1237 2923 1307 μίαν
2958 1236 3129 1308 ὥραν.
3174 1238 3582 1310 Προσθεμένων
3614 1241 3732 1311 γὰρ

2123 1328 2231 1383 τῶν
2264 1319 2445 1399 ὡρῶν,
2496 1327 2683 1380 λοιπὸν
2717 1326 2958 1395 γίνονται
2987 1324 3093 1391 τξε¹
3124 1329 3331 1399 ἡμέραι
3366 1329 3524 1399 παρά
3573 1328 3728 1399 ὥραν

2127 1421 2276 1494 μίαν.
2308 1420 2473 1474 Ὅθεν
2504 1420 2660 1474 αι’)τοί⁷
2686 1420 2873 1485 ἐξάκις
2899 1420 3445 1485 πολυπλασιάσαντες
3467 1421 3541 1475 τὰ
3564 1421 3729 1475 δέκα·

424 1542 665 1613 τέσσαρα
715 1542 808 1614 έτη
860 1542 954 1596 τοῦ
1004 1543 1361 1615 ὀγδοηκοστοῦ
1395 1543 1660 1619 τετάρτου
1697 1540 1875 1604 ἔτους,
1916 1540 1974 1592 ἐν
2021 1536 2099 1609 τῷ
2136 1534 2479 1607 ὀγδοηκοστῷ
2518 1536 2757 1607 πέμπτῳ
2799 1534 3044 1588 τιθέασιν
3073 1535 3371 1606 ἐμϐόλιμον
3410 1534 3511 1588 Eva
3555 1534 3727 1606 μῆνα.

423 1635 505 1698 εἰς
543 1634 605 1688 τὸ
644 1630 781 1688 εἶναι
828 1636 1229 1706 τριάκοντακαί
1259 1635 1353 1689 ἕνα
1374 1636 1519 1706 μῆνα
1563 1633 1743 1716 εἰςτά
1805 1630 2135 1703 ὁγδοήκοντα
2186 1629 2283 1681 καὶ
2334 1628 2495 1680 πέντε
2534 1626 2653 1698 ἔτη,
2682 1627 2878 1689 οἵτινες
2932 1625 3164 1715 ὤφειλον
3218 1620 3394 1678 εἶναι·
3425 1624 3579 1680 κατὰ
3634 1625 3734 1694 τὴν

419 1728 709 1801 ἀκρίϐειαν
746 1732 1124 1801 τριακονταεῖς
1159 1730 1289 1801 μὴν,
1337 1729 1433 1783 καὶ
1466 1729 1908 1807 εἰκοσιτέσσαρες
1959 1723 2188 1799 ἡμέραι,
2211 1724 2305 1777 καὶ
2325 1717 2464 1792 ὧραι
2497 1726 2670 1793 τρεῖς.

492 1845 709 1901 XXVII.
754 1847 884 1912 Quae
920 1862 1046 1902 cum
1092 1847 1201 1903 illis
1238 1846 1529 1901 aberrandi
1575 1862 1747 1904 causa
1794 1847 2010 1913 luisset,

2189 1845 2312 1901 KZ'.
2353 1841 2582 1899 Ἕνεκεν
2602 1840 2784 1894 τοίνυν
2809 1841 3001 1894 τούτου
3031 1839 3154 1893 τότε
3178 1839 3504 1908 σφαλέντες,
3533 1839 3603 1893 οὗ
3636 1839 3732 1909 μό-

421 1952 532 1991 non
563 1937 729 1990 modo
774 1938 1164 2006 perturbantes
1218 1939 1431 2003 omnia,
1484 1937 1656 1994 biduo
1713 1939 2014 2010 legitimum

423 2025 711 2083 Paschalis
749 2034 965 2097 tempus
995 2035 1432 2097 anteverterunt,
1478 2029 1574 2086 sed
1614 2037 1670 2086 et
1705 2045 1814 2085 uno
1857 2032 2015 2085 insu-

422 2133 521 2188 per
543 2117 633 2173 die
657 2119 1057 2191 praetergressi,
1092 2121 1306 2195 magnis
1342 2137 1402 2178 se
1432 2122 1727 2178 erroribus
1761 2121 2015 2192 implica-

425 2216 574 2263 runt.
621 2207 727 2264 Sed
777 2212 1026 2267 veritatis
1059 2213 1296 2284 sapienti
1349 2214 1588 2284 quadam
1635 2213 2015 2269 moderatione

427 2299 630 2354 factum
686 2309 774 2356 est
816 2310 1070 2374 utquam
1118 2303 1475 2360 exactissima
1518 2302 1587 2360 ad
1628 2304 1863 2360 salutem
1911 2318 2013 2358 no-

425 2399 597 2447 stram
634 2391 973 2448 referrentur
1014 2394 1293 2451 universa.
1334 2394 1517 2462 Quare
1560 2402 1684 2465 post
1726 2402 2012 2466 peractum

423 2481 657 2545 Pascha,
731 2481 980 2538 Salvator
1038 2483 1092 2537 in
1142 2491 1381 2538 montem
1435 2483 1684 2544 secessit.
1728 2497 1854 2536 cum
1909 2482 2011 2536 hoc

426 2571 606 2641 ipsum
648 2570 858 2625 Pascha
895 2568 1246 2636 comedisset,
1295 2568 1441 2640 quod
1486 2568 1762 2623 desiderio
1796 2566 2007 2622 deside-

425 2674 581 2715 rasse
610 2674 669 2715 se
695 2658 829 2714 dicit
851 2660 891 2712 ¹.
922 2658 1159 2714 Proinde
1180 2658 1392 2712 Pascha
1424 2657 1536 2711 illic
1565 2654 1856 2711 Iudaicum
1885 2670 2012 2710 cum

425 2749 714 2821 discipulis
757 2749 1031 2815 comedit;
1068 2760 1171 2803 nec
1204 2748 1364 2802 aliter
1397 2747 1544 2803 istud
1577 2747 1686 2819 egit
1721 2748 1871 2818 ipse,
1914 2746 2011 2803 sed

424 2845 616 2900 eodem
654 2857 886 2914 prorsus
928 2840 1112 2906 modo,
1143 2856 1255 2913 quo
1311 2849 1365 2895 et
1397 2841 1474 2895 illi
1508 2840 1906 2911 praestiterunt,
1952 2847 2013 2894 ut

424 2951 495 2990 ne
530 2935 691 3007 legem
722 2935 965 2999 solveret,
1000 2933 1090 2989 sed
1120 2932 1491 3002 adimpleret'.
1530 2930 1632 2986 Hic
1662 2932 1848 3002 itaque
1884 2946 2010 2985 cum

424 3027 706 3082 tricesimo
739 3040 884 3080 anno
910 3024 1023 3094 jam
1056 3025 1245 3095 elapso
1282 3023 1350 3078 ad
1382 3025 1714 3094 baptismum
1745 3024 2012 3079 accessis-

424 3127 528 3183 set,
579 3132 643 3173 ac
676 3126 801 3189 post
853 3115 1105 3172 eumdem
1155 3117 1517 3182 tricesimum,
1564 3102 1821 3171 solidum
1852 3116 2005 3170 illum

2121 1955 2210 1993 vov
2240 1936 2543 2010 προέλαϐον
2574 1930 2988 2005 θορυϐούμενοι,
3021 1932 3121 1997 τὰς
3153 1932 3247 1987 δύο
3259 1934 3481 2005 ἡμέρας
3508 1929 3731 2004 βεϐρω-

2115 2028 2276 2093 κότες
2306 2027 2369 2082 τὸ
2396 2027 2609 2099 Πάσχα,
2641 2022 2778 2077 ἀλλὰ
2803 2027 2898 2079 καὶ
2940 2024 3039 2094 τὴν
3073 2023 3381 2095 ὑπέρϐατον
3419 2023 3731 2096 προθέντες

2118 2120 2248 2192 μίαν
2277 2118 2511 2190 ἡμέραν,
2557 2113 2701 2173 κατὰ
2736 2113 2916 2169 πάντα
2940 2114 3141 2186 τρόπον
3183 2114 3339 2169 αὐτοὶ
3391 2114 3725 2184 σφαλέντες.
3798 2134 3805 2139 ’

2127 2207 2191 2260 Ἠ
2222 2206 2279 2260 δὲ
2310 2207 2593 2278 οἰκονομία
2623 2207 2723 2277 τῆς
2749 2202 3008 2274 ἀληθείας
3034 2202 3405 2274 ἀκριϐέστατα
3426 2203 3500 2257 τὰ
3539 2204 3727 2259 πάντα

2115 2299 2250 2369 ἡμῖν
2286 2295 2644 2367 σωτηριωδῶς
2677 2291 2997 2366 εἰργάσατο.
3033 2288 3200 2343 Ὅθεν
3224 2291 3317 2344 καὶ
3358 2289 3529 2354 αὐτὸς
3558 2292 3591 2344 ό
3617 2290 3729 2344 Σω-

2113 2390 2240 2462 τὴρ,
2266 2388 2326 2443 τδ
2351 2388 2545 2458 Πάσχα
2568 2386 2882 2453 τελειώσας,
2928 2380 3154 2453 ἐξῆλθεν
3193 2384 3274 2446 εἰς
3306 2383 3370 2434 τὸ
3411 2380 3544 2453 ὅρος
3582 2384 3724 2454 μετά

2112 2481 2175 2534 τὸ
2208 2479 2562 2553 βεϐρωκέναι,
2605 2477 2870 2551 ἐπιθυμίᾳ
2922 2473 3310 2552 ἐπιθυμήσας·
3356 2473 3455 2528 καὶ
3504 2475 3631 2528 ἐκεῖ
3663 2474 3723 2527 τὸ

2114 2571 2307 2641 Πάσχα
2331 2569 2393 2622 τὸ
2429 2568 2718 2623 Ἰουδαϊκὸν
2744 2570 2884 2640 μετὰ
2912 2568 3021 2623 τῶν
3055 2570 3324 2642 μαθητῶν
3352 2564 3587 2643 ἔφαγεν,
3620 2566 3720 2618 οὐκ

2112 2660 2289 2725 άλλως
2316 2662 2570 2732 ποιήσας,
2603 2660 2739 2714 ἀλλὰ
2768 2661 2863 2715 καὶ
2894 2661 3057 2726 αὐτὸς
3086 2662 3227 2734 μετὰ
3268 2663 3377 2717 τῶν
3406 2657 3716 2721 ποιούντων

2114 2750 2245 2816 ἴσως
2279 2752 2544 2823 ποιήσας·
2575 2752 2766 2825 ίναμὴ
2800 2755 3115 2823 καταλύσῃ
3155 2754 3263 2809 τὸν
3298 2758 3517 2825 νόμον,
3547 2759 3713 2814 ἀλλὰ

2111 2842 2428 2912 πληρώσῃ.
2460 2842 2571 2896 Καὶ
2597 2836 2753 2908 οὗτος
2790 2844 2932 2914 μετὰ
2960 2844 3021 2899 τὸ
3045 2845 3349 2917 ὑπερϐῆναι
3379 2850 3712 2920 τριακοστὸν

2111 2933 2254 3000 ἔτος,
2286 2936 2375 2989 ὅτε
2410 2934 2737 3007 ἐϐαπτίσθη,
2783 2937 2879 2989 καὶ
2931 2937 3071 3008 μετά
3105 2939 3168 2991 τὸ
3216 2939 3546 3010 τριακοστὸν
3591 2940 3711 3005 ἔτος

2112 3026 2357 3099 κηρύξας
2386 3027 2762 3100 πληρέστατον
2804 3028 3051 3083 ἐνιαυτὸν
3088 3030 3299 3095 δεκτὸν,
3328 3030 3426 3084 καὶ
3453 3031 3532 3103 μὴ
3560 3033 3713 3087 ἀντις

2111 3119 2425 3191 λεγόμενον,
2450 3121 2547 3174 καὶ
2572 3120 2758 3192 ἕτερον
2787 3121 3224 3193 ἀντιλεγόμενον,
3255 3124 3350 3178 καὶ
3384 3125 3443 3177 ἐν
3478 3125 3713 3197 διωγμῷ

423 3211 817 3283 acceptabilem
866 3210 1149 3280 implesset
1188 3224 1415 3274 annum,
1455 3208 1871 3263 contradicente
1908 3222 2005 3262 ne-

2113 3215 2259 3278 ὗντα,
2290 3196 2685 3285 ἐγκοτούμενόν
2719 3231 2779 3267 τε
2836 3216 2932 3269 καὶ
2961 3216 3099 3286 μετὰ
3140 3216 3230 3269 τὸν
3265 3214 3426 3269 ἄλλον
3457 3194 3709 3274 ἐνιαυτὸν

421 3309 589 3365 mine.
624 3322 746 3361 mox
788 3305 1021 3359 alterum
1051 3302 1375 3364 addidisset,
1415 3315 1524 3370 quo
1555 3306 1610 3354 et
1634 3307 2004 3369 repugnantes

2113 3306 2355 3378 ὑπερϐάς
2386 3306 2493 3359 ἀπὸ
2518 3306 2615 3376 τῆς
2634 3306 2744 3360 τῶν
2770 3307 3059 3375 γενεθλίων
3082 3306 3249 3362 αὐτοῦ
3278 3308 3526 3379 ἡμέρας,
3548 3327 3710 3366 τουτ-

420 3396 638 3453 Ιιιάίεοε
668 3404 928 3465 expertus
962 3400 1069 3456 εει,
1105 3404 1160 3447 ει
1188 3406 1381 3446 eorum
1418 3389 1804 3445 vexationibus
1839 3396 2005 3459 atque

2113 3397 2258 3451 έστιν
2306 3397 2658 3466 Ἐπιφανίων,
2694 3398 2817 3469 ἥτις
2844 3399 3105 3469 τυγχάνει
3145 3399 3278 3468 ἐκτη
3332 3398 3708 3478 Ἰαννουαρίου

421 3488 627 3545 invidia
659 3485 953 3557 plurimum
996 3492 1080 3539 est
1112 3482 1455 3554 exagitatus";
1499 3494 1564 3534 ac
1593 3487 1858 3549 prazterea
1890 3489 2003 3535 ter-

2115 3485 2305 3557 μηνὸς,
2335 3486 2480 3539 κατὰ
2509 3486 2567 3540 δὲ
2590 3488 2921 3555 Αἰγυπτίους
2958 3486 3095 3540 Τυϐὶ
3121 3487 3412 3559 ἑνδεκάτη,
3449 3490 3549 3545 ἐπὶ
3578 3492 3710 3555 ὅλας

420 3581 556 3634 tium
588 3579 701 3648 jam
731 3577 945 3632 iniissct
989 3590 1192 3629 annum
1227 3575 1296 3628 ab
1325 3589 1390 3629 eo
1420 3573 1508 3628 die
1550 3589 1660 3643 quo
1694 3580 1859 3628 natus
1896 3579 2004 3639 est,

2113 3576 2481 3650 ἐϐδομήκοντα
2516 3579 2792 3651 τέσσαρας
2831 3581 3068 3653 ἡμέρας,
3105 3580 3182 3645 ὡς
3209 3583 3577 3653 προείπομεν,
3604 3585 3709 3648 ἕως

420 3671 526 3726 hoc
557 3680 642 3725 est
677 3667 1134 3738 Epiphaniorum,
1167 3681 1288 3735 quae
1328 3667 1383 3720 in
1412 3681 1466 3719 Vl
1496 3662 1747 3718 Januarii
1777 3665 2006 3733 mensis,

2113 3668 2209 3739 τῆς
2237 3671 2343 3742 πρὸ
2380 3671 2682 3743 δεκατριῶν
2706 3672 3001 3728 Καλανδῶν
3045 3674 3394 3745 Ἀπριλλίων,
3438 3676 3539 3730 καὶ
3565 3677 3711 3730 κατά

421 3760 693 3834 Egyptiis
717 3775 847 3815 vero
889 3757 1028 3831 Tybi
1061 3774 1136 3813 xu
1172 3759 1485 3824 incurrunt,
1534 3757 1602 3813 ad
1638 3773 1801 3812 Lxxtv
1833 3774 2009 3829 usque

2113 3763 2439 3831 Αἰγυπτίους
2489 3763 2754 3836 Φαμενὼθ
2820 3766 3061 3840 τετάρτῃ
3109 3767 3205 3821 καὶ
3236 3767 3439 3831 εἰκάδι,
3489 3767 3709 3822 ἐτέλεσε

419 3860 557 3920 dies,
613 3855 729 3925 qui,
784 3861 845 3909 ut
894 3853 1102 3908 dictum
1148 3862 1255 3917 est,
1300 3853 1354 3908 In
1399 3868 1497 3906 xm
1526 3850 1647 3906 Kal.
1680 3853 1813 3922 Apr.
1862 3852 2010 3908 desi-

2113 3856 2499 3927 τριακονταδύο
2533 3856 2628 3929 ἐτη
2659 3857 3031 3931 πληρέστατα,
3065 3860 3161 3913 καὶ
3195 3859 3707 3932 έϐδομηκοντατέσ-

417 3957 576 4013 nunt,
608 3949 701 4018 qui
756 3957 842 4002 est
879 3944 1153 4018 Egyptiis
1195 3944 1537 4001 Phamenoth
1578 3961 1740 4012 xxxv;
1788 3945 1895 4000 hoc
1925 3945 2006 4000 in-

2113 3966 2287 4020 σαρας
2317 3948 2551 4021 ἡμέρας,
2582 3950 2691 4004 ἀπὸ
2738 3950 3089 4021 Ἐπιφανίων.
3128 3953 3242 4006 Καὶ
3292 3951 3541 4015 ἀναστὰς
3582 3953 3708 4005 κατ’

417 4039 778 4111 (ιυειιιικιιιοόο
809 4055 961 4094 xxxu
984 4044 1232 4109 integros
1263 4052 1460 4102 annos,
1496 4052 1562 4092 ac
1595 4036 1712 4092 dies
1743 4046 2006 4108 prmterea

2113 4042 2438 4110 Αἰγυπτίους
2465 4043 2727 4113 Φαμενὼθ
2749 4045 2884 4118 ἕκτῃ
2915 4046 3011 4099 καὶ
3039 4045 3238 4111 εἰκάδι,
3265 4045 3389 4117 ἡτις
3415 4040 3488 4119 ἦν
3522 4047 3712 4118 ἰσημε-

415 4149 578 4188 t.xxtv
600 4133 668 4188 ab
718 4132 1041 4203 Epiphauiis
1102 4131 1370 4201 implevit.
1426 4128 1751 4187 Resurrexit
1803 4145 2007 4200 porro,

2113 4132 2224 4204 ρία,
2254 4136 2349 4188 καὶ
2381 4137 2489 4208 πρὸ
2508 4135 2575 4191 ια’
2599 4136 2895 4190 Καλανδῶν
2928 4137 3252 4210 Ἀπριλλίων
3271 4156 3285 4169 ·
3319 4138 3408 4191 ἴνα
3436 4137 3709 4209 εὑρεθῶσι

414 4234 578 4299 prout
633 4225 875 4297 Egyptii
929 4232 1260 4286 numerant,
1312 4221 1653 4278 Phamenoth
1702 4238 1851 4289 xxvr,
1886 4223 2008 4294 ipso

2113 4227 2310 4292 πάντες
2336 4227 2659 4300 ψευδόμενοι
2688 4230 2738 4284 oi
2776 4232 2852 4302 μὴ
2885 4231 3039 4294 ὄντες
3066 4232 3174 4284 υἱοὶ
3198 4233 3295 4302 τῆς
3321 4230 3611 4303 ἀληθείας.

415 4320 755 4392 Ᾱέιιυίηεειὶἰ
796 4320 906 4385 die,
956 4319 1072 4375 sive
1101 4333 1159 4372 ιι
1217 4316 1338 4372 Kal.
1381 4319 1513 4388 Apr.
1579 4317 1657 4372 Ex
1693 4334 1804 4389 quo
1835 4320 2053 4376 illorum
2111 4326 2358 4381 omnium
2416 4326 2706 4383 manifesta
2760 4327 3048 4386 mendacia
3105 4342 3256 4394 sunt,
3313 4330 3412 4399 qui
3453 4327 3709 4385 veritatis

672 4421 692 4464 ι
720 4412 839 4465 ﬁlii.

414 4428 526 4468 non
565 4421 692 4467 sunt
720 4411 839 4465 lilii.

486 4503 653 4578 5.50
696 4497 932 4556 XXVIII.
974 4500 1185 4553 Horum
1228 4498 1441 4570 primus
1482 4499 1646 4556 nobis
1676 4497 2004 4556 Valentinus

2180 4500 2316 4556 ΚΗ.
2354 4503 2529 4569 Εὐθὺς
2566 4504 2782 4576 πρῶτος
2815 4505 3167 4570 Οὐαλεντῖνος
3200 4505 3708 4585 δραματουργὴσας

366 4598 377 4609 ⁵
415 4596 698 4651 occurrit:
731 4594 829 4664 qui
880 4591 1103 4664 quidem
1140 4606 1203 4646 ex
1247 4590 1541 4646 tricenario
1588 4605 1858 4646 annorum
1903 4608 2007 4647 nu-

2113 4597 2405 4666 τριάκοντα
2424 4600 2556 4669 ἡμῖν
2579 4599 2803 4665 αἰῶνας,
2828 4601 2937 4654 ἀπὺ
2962 4600 3056 4655 τοῦ
3079 4603 3537 4672 τριακονταέτους
3558 4609 3709 4677 νομί-

415 4702 589 4752 mero,
626 4686 693 4740 ad
721 4701 882 4756 quem
922 4684 1226 4739 Salvatoris
1261 4691 1502 4748 aetatem,
1538 4698 1603 4739 ac
1640 4684 1800 4738 virile
1837 4686 2008 4740 robur

2113 4688 2216 4753 ζων
2249 4689 2348 4758 τῆς
2380 4689 2474 4743 τοῦ
2509 4692 2761 4763 Σωτῆρος
2795 4694 3087 4765 ἀναγωγῆς
3115 4695 3210 4747 καὶ
3251 4695 3581 4767 άνδρώσεως
3602 4701 3706 4770 τῆς

413 4779 694 4836 existimat
716 4777 885 4832 fuisse
906 4776 1257 4848 perductum,
1290 4791 1447 4830 suam
1481 4776 1628 4829 illam
1664 4790 1876 4830 aeonum
1902 4776 2004 4831 tri-

2113 4781 2271 4836 αὑτοῦ
2303 4782 2520 4853 ἡλικίας
2544 4800 2558 4813 ·
2595 4784 2694 4836 οὐκ
2728 4783 2905 4851 εἰδὼς,
2942 4786 3025 4839 ὃτι
3052 4786 3115 4838 οὐ
3144 4787 3447 4856 τριάκοντα
3474 4789 3575 4862 ἔτη
3606 4794 3705 4863 μό-

413 4872 565 4943 ginta
613 4869 854 4924 fabulam
900 4868 1191 4924 conﬁnxit.
1237 4867 1295 4923 In
1331 4884 1441 4939 quo
1486 4867 1624 4940 fugit
1664 4885 1791 4924 eum
1835 4870 1999 4923 ratio.

2113 4888 2195 4926 vov
2226 4873 2504 4945 ἐποίησεν,
2534 4873 2648 4928 ἀλλ’
2674 4876 2732 4929 ἐν
2757 4875 2834 4946 τῷ
2865 4877 3172 4950 τριακοστῷ
3195 4878 3528 4954 ἐϐαπτίσθη,
3560 4885 3705 4955 μετὰ

416 4963 531 5017 Νοιι
561 4962 708 5018 enim
740 4961 965 5032 triginta
1009 4962 1161 5018 solos
1190 4961 1348 5025 vixit,
1392 4960 1488 5016 sed
1536 4962 1817 5017 tricesimo
1857 4976 2003 5017 anno

2113 4965 2165 5019 τὸ
2199 4964 2487 5036 πληρῶσαι
2532 4968 2867 5022 εἰκοσιεννέα
2913 4968 3010 5040 ἔτη
3064 4970 3160 5023 καὶ
3191 4970 3325 5025 δέκα
3375 4972 3580 5043 μῆνας,
3621 4974 3703 5038 ὡς

413 5055 722 5127 baptizatus
779 5062 897 5120 est,
953 5069 1076 5109 cum
1125 5053 1237 5123 jam
1290 5053 1563 5107 decimum
1610 5068 1852 5110 mensem
1907 5069 2002 5109 su-

414 5166 509 5221 pra
542 5162 673 5203 xxix
709 5160 886 5203 annos
927 5146 1221 5215 attigisset.
1252 5143 1424 5212 Quem
1468 5145 1613 5201 diem
1649 5155 1773 5200 ante
1806 5144 2001 5200 delini-

413 5240 591 5294 vimus
639 5252 714 5290 xtl
767 5236 940 5292 inisse
987 5237 1197 5291 mensis
1227 5237 1420 5307 Athyr,
1474 5244 1528 5291 et
1579 5252 1675 5289 vm
1723 5235 1801 5290 ld.
1858 5234 1996 5291 Nov.

410 5328 543 5386 Post
579 5329 693 5383 haec
725 5343 847 5383 cum
887 5328 1211 5397 placabilem
1250 5327 1465 5382 Domini
1516 5321 1866 5399 praedicasset
1909 5342 2003 5383 an-

412 5438 566 5487 num,
613 5422 893 5492 aliumque
922 5422 1111 5475 itidem
1167 5423 1602 5479 contradictione
1642 5424 1888 5494 plenum,
1929 5439 1995 5480 ac

410 5529 575 5573 Lxxw
599 5522 859 5585 praeterea
892 5514 1011 5567 dies
1035 5513 1226 5568 eadem
1253 5516 1511 5578 molestia
1543 5516 1802 5585 refertos,
1835 5499 1903 5573 ab
1926 5533 1993 5574 eo

2104 5058 2469 5129 προεῖπον,τῇ
2485 5058 2763 5134 δωδεκάτῃ
2807 5059 2995 5133 Ἀθὺρ,
3032 5062 3139 5133 πρὸ
3153 5060 3297 5116 ὀκτὼ
3323 5063 3498 5119 Εἰδῶν
3526 5066 3699 5137 Νοεμ-

2102 5146 2302 5218 ϐρίων·
2337 5151 2433 5205 καὶ
2476 5153 2616 5222 μετὰ
2664 5152 2837 5206 ταῦτα
2891 5154 3141 5227 κηρύξας
3192 5158 3441 5213 ἐνιαυτὸν
3482 5161 3698 5232 Κυρίου

2100 5239 2290 5295 δεκτόν
2310 5257 2324 5270 ·
2363 5240 2460 5294 καὶ
2490 5242 2631 5313 μετὰ
2668 5244 2762 5298 τὸν
2795 5246 3041 5299 ἐνιαυτὸν
3074 5247 3232 5301 ἀλλον
3266 5251 3515 5306 ἐνιαυτὸν
3546 5254 3701 5308 ἀντι-

2099 5326 2411 5401 λεγόμενον,
2448 5333 2542 5386 καὶ
2560 5333 3205 5410 ἐϐδομηκοντατέσσαριις
3235 5340 3451 5411 ἡμέρας
3483 5342 3699 5397 ἀντιλε-

2101 5423 2358 5494 γομένας,
2384 5423 2535 5490 ἐξότε
2563 5426 2888 5499 ἐϐαπτίσθη,
2914 5430 3022 5500 πρὸ
3042 5430 3151 5483 τῶν
3176 5431 3341 5485 αὑτοῦ
3374 5432 3692 5501 γενεθλίων·

2098 5514 2240 5570 ὥστε
2272 5512 2411 5573 εἶναι
2450 5519 2520 5572 τά
2562 5520 2739 5574 πάντα
2773 5520 2868 5593 ἔτη
2898 5521 2999 5592 τῆς
3037 5523 3205 5578 αὑτοῦ
3247 5526 3516 5597 ἐνσάρκου
3545 5544 3696 5600 παρ-

412 5606 522 5672 die,
566 5620 675 5678 quo
704 5606 834 5659 olim
867 5605 1176 5674 baptizatus
1212 5614 1331 5659 erat
1365 5615 1491 5663 ante
1521 5610 1755 5665 natalem
1788 5625 1986 5678 suum;

2113 5611 2284 5676 maia;
2325 5611 2428 5678 ἐως
2462 5612 2558 5667 τοῦ
2592 5614 2799 5680 πάθους
2840 5615 2947 5671 ἀπὸ
2971 5617 3071 5689 τῆς
3099 5620 3407 5693 γεννήσεως
3442 5637 3695 5694 τριακον-

485 5766 506 5801 ¹
549 5764 685 5824 Luc.
727 5778 864 5832 xxu,
899 5761 985 5817 I5.
1064 5764 1084 5794 ¹
1113 5761 1304 5817 Matth.
1345 5781 1397 5830 ν,
1437 5765 1499 5817 I7
