3918 6156
410 271 513 327 915

1829 266 1885 321 S.
1919 264 2258 325 ΕΡΙΡΙΙΔΧΙΙ

3575 250 3681 322 alii

410 383 520 438 alio
554 381 673 437 loco
702 380 1122 451 disputavimus.
1157 379 1255 434 llic
1289 390 1467 434 autem
1501 379 1647 434 velut
1691 380 1868 437 obiter
1906 383 1981 437 di-

2098 384 2238 438 κατὰ
2276 382 2372 455 τὴν
2410 382 2584 456 ἀρχὴν
2610 357 2703 437 τοῦ
2745 358 3099 454 κηρύγματος
3116 364 3170 436 ’δὸ
3198 364 3386 453 Σωτὴρ
3417 385 3683 446 ποιεῖται,

413 474 587 546 gressi
629 488 746 529 eam
793 473 1097 527 oralionem
1139 473 1440 542 attigimus.
1478 469 1678 525 Verum
1715 474 1994 528 enimvero

412 574 535 636 post
558 563 957 634 praedicationis
986 563 1270 618 exordium
1289 563 1399 617 duo
1423 577 1452 615 a
1476 562 1697 618 Christo
1719 565 1992 618 celebrata

413 667 541 714 sunt
572 657 878 721 Paschata;
919 657 1080 712 tertio
1110 664 1195 712 est
1231 656 1428 710 deinde
1464 670 1682 725 passus,
1713 666 1770 709 ut
1803 656 1992 711 confe-

411 757 501 803 cta
552 747 737 803 omnia
789 748 882 803 illa
927 748 1039 802 sint
1084 763 1114 801 a
1148 762 1233 801 me
1281 755 1705 800 commemorata
1754 746 1991 814 dierum,

411 838 704 902 mensium,
732 853 795 892 ac
816 838 1200 893 consulatuum
1224 835 1528 890 intervalla.
1555 837 1732 905 Atque
1756 836 1830 890 ita
1855 836 1988 891 falsa

411 932 589 987 omnis
628 930 860 985 istorum
891 928 1169 984 evanescit
1206 928 1366 991 ratio,
1431 941 1554 980 cum
1584 926 1665 981 sic
1701 927 1845 981 inter
1870 943 1993 983 sese

412 1023 704 1092 Evangelia
736 1022 1105 1086 consentiant,
1134 1021 1341 1075 nullum
1390 1030 1447 1073 ut
1489 1019 1559 1075 ab
1586 1009 1754 1076 altero
1785 1018 1987 1075 discre-

413 1129 544 1183 pare
576 1112 845 1168 videatur.

485 1202 673 1258 XXXI.
730 1204 836 1258 Sed
879 1210 935 1257 ut
983 1217 1048 1258 eo
1074 1202 1186 1272 jam
1228 1200 1468 1265 redeam,
1525 1200 1672 1255 unde
1706 1200 1992 1271 digressus

415 1296 646 1359 fueram,
691 1295 883 1351 scribit
912 1294 1109 1359 Lucas,
1147 1294 1200 1348 id
1230 1292 1376 1365 quod
1408 1292 1476 1347 ad
1522 1308 1585 1348 ea
1618 1292 1992 1348 confirmanda

412 1390 576 1453 valet,
605 1403 724 1457 qua:
754 1395 883 1442 sunt
908 1402 937 1440 a
971 1402 1058 1442 me
1090 1387 1238 1440 varie
1276 1385 1758 1455 multipliciterque
1789 1402 1992 1457 propo-

413 1483 517 1536 sita
539 1501 552 1537 :
574 1480 802 1534 Factum
826 1496 936 1534 esse
960 1482 1011 1532 in
1038 1477 1271 1533 Sabbato
1296 1479 1523 1550 secundo
1544 1480 1715 1547 primo
1745 1479 1781 1531 ‘.
1806 1476 1987 1544 Quare

411 1592 515 1629 vox
549 1574 753 1628 indicat
783 1569 1019 1643 primum
1050 1585 1173 1625 esse
1200 1568 1497 1624 Sahbatum
1534 1568 1686 1634 illud,
1716 1570 1859 1639 quod
1889 1568 1991 1621 ini-

412 1664 488 1717 tio
523 1664 888 1733 prmstitutum
937 1660 1141 1724 fuerat,
1182 1659 1250 1713 de
1290 1673 1401 1728 quo
1452 1659 1506 1718 in
1537 1658 1724 1712 mundi
1768 1658 1990 1729 opiﬁcio

2095 478 2189 530 καὶ
2239 474 2315 546 τῷ
2358 476 2526 548 τρίτῳ
2574 474 2794 545 πάσχειο
2832 475 2907 539 ὠς
2950 473 3284 544 πληροῦσθαι
3328 474 3397 527 τὰ
3442 474 3548 545 ήδη
3586 492 3683 545 μοι

2096 568 2237 621 κατὰ
2265 568 2459 622 λεπτὸν
2487 569 2754 639 εἰρημένα
2790 566 2915 637 περὶ
2951 564 3193 638 ἡμερῶν,
3224 566 3315 618 καὶ
3347 565 3555 636 μηνῶν.
3582 567 3683 619 καὶ

2096 658 2392 713 ὑπατειῶν.
2433 659 2537 711 Καὶ
2590 656 2927 726 πανταχόθεν
2970 656 3217 708 διέπεσεν
3253 658 3280 708 ὁ
3315 657 3441 725 περὶ
3467 657 3682 709 τούτων

2096 746 2513 817 πεπλανημένος
2556 746 2734 815 λόγος,
2767 745 2875 799 τῶν
2915 744 3261 813 Εὑαγγελίων
3302 746 3511 816 συνῳδὰ
3540 748 3682 816 πρὸς

2094 836 2297 908 ἄλληλα
2328 838 2582 909 ἐχόντων,
2610 837 2704 891 καὶ
2749 836 2871 908 μηδ’
2905 838 3160 908 ὁπότερον
3194 838 3300 891 τῶν
3329 838 3680 906 Εὗαγγελίων

2094 931 2367 986 ἀντίθετον
2394 931 2529 1004 πρὸς
2553 931 2642 985 τὸν
2672 930 2857 1000 ἕτερον
2893 928 3145 999 ἑχόντων.
3188 922 3201 927 ”

2152 1184 2290 1247 ’ΛΛἏ
2333 1191 2741 1261 Ἐλεύσομαινδὲ
2775 1192 2937 1247 πάλιν
2970 1194 3050 1255 εἰς
3074 1192 3134 1245 τὸ
3160 1191 3538 1264 προκείμενον.
3567 1186 3681 1251 Φα-

2096 1301 2213 1336 σκει
2248 1282 2407 1337 πάλιν
2430 1286 2458 1337 ὁ
2490 1286 2705 1347 Λουκᾶς
2733 1283 2867 1356 ι52),
2899 1283 3190 1356 μαρτυρῶν
3236 1303 3326 1356 μοι
3359 1291 3468 1351 τοῖς
3511 1288 3680 1343 mlu-

2097 1375 2279 1446 μερῶς
2305 1377 2401 1429 καὶ
2438 1376 2791 1448 πολυτρόπως
2817 1377 3146 1450 εἰρημένοις,
3179 1379 3259 1433 ὅτι
3304 1379 3575 1450 Ἐγένετο
3605 1384 3686 1436 ἐν

2095 1467 2375 1531 Σαϐϐάτῳ
2405 1466 2890 1536 δευτεροπρώτῳ·
2925 1470 3011 1523 ἵνα
3043 1469 3190 1542 δείξῃ
3213 1469 3488 1524 Σάϐϐατον
3519 1473 3677 1544 πρῶ-ν

2094 1576 2183 1612 τον
2211 1560 2323 1631 (ὔῦ)
2359 1557 2498 1613 εἶναι
2540 1561 2601 1614 τὸ
2646 1561 2739 1614 ἀπ’
2772 1561 2946 1631 ἀρχῆς
2979 1560 3191 1633 ὁρισθὲν
3226 1563 3320 1615 καὶ
3364 1562 3528 1633 ῥηθὲν
3571 1565 3685 1618 om

2095 1651 2297 1721 Κυρίου
2345 1653 2402 1703 ὲν
2452 1654 2517 1723 τῇ
2561 1652 2911 1723 κοσμοποιίᾳ,
2944 1652 3084 1706 κατὰ
3126 1653 3367 1725 περίοδον
3399 1655 3508 1708 ἀπὸ
3552 1657 3686 1710 τότε

411 1754 627 1809 locutus
684 1752 1114 1815 est'Dominus,
1170 1749 1423 1819 quodque
1480 1764 1545 1803 ex
1599 1748 1692 1802 illo
1747 1756 1981 1817 tempore

2094 1744 2223 1814 ἄχρι
2253 1744 2346 1797 τοῦ
2381 1744 2559 1819 δεῦρο,
2594 1746 2735 1798 κατὰ
2768 1745 2908 1798 ἑπτὰ
2934 1746 3145 1816 ἡμέρας
3178 1747 3685 1818 ἀνακυκὶούμενον,

412 1846 667 1915 deinceps
707 1845 773 1898 ad
798 1858 916 1898 eam
946 1843 1087 1896 diem
1125 1850 1472 1911 scptenorum
1499 1839 1708 1893 dierum
1734 1838 1988 1904 circuitu,

410 1954 473 1993 ac
520 1936 859 1992 revolutione
906 1940 1247 2003 pervenerat.
1289 1930 1449 2003 453
1483 1928 1795 1985 Secundum
1838 1944 1988 1994 vero,

410 2029 640 2083 alterum
672 2026 804 2081 illud
839 2025 955 2096 lege
1004 2024 1381 2079 constitutum.
1424 2021 1498 2075 lta
1534 2022 1678 2077 enim
1720 2023 1988 2078 sancitum

410 2121 581 2175 fuisse
623 2119 853 2189 legimus
888 2135 901 2170 :
936 2115 1124 2171 Sume:
1159 2114 1254 2168 tibi
1299 2131 1492 2184 agnum
1527 2114 1856 2177 aimiculum,
1887 2116 1990 2168 im-

410 2209 758 2271 maculatum,
795 2207 1088 2261 masculum
1113 2205 1257 2276 (quie
1286 2204 1457 2275 ﬁgura
1494 2202 1803 2259 Salvatoris
1839 2202 1986 2276 fuit),

408 2319 442 2357 α
474 2302 677 2356 decima
709 2299 923 2355 mensis.
956 2296 1027 2350 Et
1069 2296 1363 2352 servabitur
1408 2298 1476 2350 ad
1510 2313 1620 2358 xlv,
1664 2306 1713 2350 et
1746 2297 1989 2351 immola-

410 2395 529 2447 bitis
568 2408 686 2447 eum
739 2390 806 2445 ad
844 2406 1107 2459 vesperam
1150 2404 1261 2442 xiv.
1313 2387 1381 2441 Et
1415 2389 1515 2441 erit
1569 2388 1662 2441 tibi
1695 2386 1986 2441 Sabbatum

407 2486 517 2538 dies
558 2492 765 2538 sancta.
803 2481 869 2535 Et
910 2481 1191 2536 comedetis
1235 2495 1429 2551 azyma
1467 2490 1536 2533 Vn
1581 2478 1799 2543 diebus;
1823 2487 1871 2533 et
1912 2494 1984 2533 vlt

407 2574 493 2629 die
519 2574 684 2640 facies
723 2582 964 2627 sanctum
1004 2570 1317 2636 Sabbatum,
1356 2568 1494 2623 diem
1540 2580 1778 2623 sanctum
1799 2571 1841 2625 ¹.
1880 2569 1984 2627 Ubi

410 2664 543 2719 illud
564 2664 997 2719 animadvertere
1028 2663 1173 2721 licet,
1196 2660 1655 2731 quemadmodum
1682 2661 1983 2716 secundum

403 2772 441 2812 .a
473 2756 656 2827 priore
697 2754 997 2809 Sabbatum
1033 2758 1220 2808 sancta
1274 2753 1364 2806 illa
1395 2751 1699 2808 Parasceve
1738 2753 1985 2808 nomine-

411 2857 504 2903 tur
525 2887 540 2912 ,
577 2863 697 2918 qua:
726 2846 782 2901 in
805 2845 1105 2901 Sabbatum
1134 2853 1518 2910 consecratur;
1556 2859 1620 2899 ac
1652 2844 1766 2899 sive
1797 2858 1861 2900 ea
1887 2843 1986 2898 Do-

414 2941 612 2994 minica
653 2940 744 3005 sit,
776 2939 892 2994 sive
937 2936 1197 3001 secunda,
1229 2937 1345 2991 sive
1378 2938 1540 2991 tertia
1586 2935 1739 2990 feria.
1773 2935 1842 2989 At
1876 2936 1980 2989 hoc

409 3034 585 3104 ipsum
628 3031 951 3094 secundum,
1007 3037 1214 3100 septem
1264 3028 1475 3083 dierum
1527 3027 1661 3082 orbe
1707 3027 1977 3091 revoluto,

405 3124 642 3194 primum
687 3122 905 3177 dicitur.
949 3120 1016 3175 Ut
1042 3121 1125 3176 vel
1171 3121 1319 3175 istud
1368 3127 1690 3191 argumento
1729 3119 1821 3184 sit,
1870 3130 1980 3174 no‘n

405 3213 671 3270 Joannem
710 3216 889 3278 modo,
941 3214 1035 3268 sed
1066 3223 1120 3267 et
1146 3213 1370 3278 Lucam,
1418 3222 1473 3268 et
1504 3219 1731 3267 caeteros
1771 3211 1980 3266 biennii

407 3301 635 3368 pariter,
685 3315 750 3355 ac
780 3302 946 3355 trium
998 3298 1284 3355 Paschatis
1328 3300 1708 3355 celebritatuiu
1755 3300 1981 3354 mentio-

407 3405 530 3444 nem
567 3390 765 3444 facere.
804 3390 882 3443 Ita
921 3391 1122 3462 quippe
1154 3392 1239 3444 lex
1272 3390 1578 3461 praescribit
1610 3407 1622 3443 :
1655 3387 1978 3443 Numerabis

407 3482 502 3535 tibi
538 3498 610 3535 vn
653 3481 1029 3543 hebdomadas,
1080 3497 1146 3536 ex
1190 3498 1292 3552 quo
1336 3482 1666 3550 manipulum
1705 3481 1976 3544 obtuleris,

406 3575 543 3629 abea
574 3574 784 3645 die.qua
806 3576 994 3645 falcem
1019 3576 1070 3628 in
1094 3584 1319 3646 segetem
1346 3574 1550 3628 miseris
1578 3587 1594 3625 :
1624 3582 1672 3625 et
1695 3572 1980 3627 celebrabis

396 3669 677 3737 ‘septimam
696 3665 1066 3723 Iiebdomadem
1095 3666 1232 3721 diem
1256 3668 1447 3737 festum
1466 3664 1686 3719 Domino
1709 3664 1812 3719 Deo
1838 3674 1924 3719 tuo
1940 3666 1976 3719 '.

478 3848 493 3877 '
519 3846 650 3903 Luc.
686 3863 759 3912 vr,
790 3848 840 3903 l.
922 3849 940 3877 ³
971 3846 1139 3901 Exod.
1172 3863 1267 3914 xu,
1296 3850 1329 3904 5
1359 3863 1480 3917 sqq.

478 4002 589 4072 (5‘3)
629 4002 853 4057 Φάσκει
895 4003 1083 4074 πάλιν
1124 4007 1157 4057 ό
1209 4004 1466 4073 Λουκᾶς.
1522 4007 1810 4074 Quomodo
1852 4019 1978 4060 cum

403 4076 620 4128 ca-teris
657 4074 1009 4143 evangelistis
1043 4073 1286 4129 Joannes
1318 4073 1643 4143 consentiat,
1682 4094 1750 4131 ex
1784 4090 1848 4130 eo
1894 4075 1982 4129 de-

400 4144 572 4206 ducit,
605 4143 748 4213 quod
781 4142 989 4197 Pascha
1015 4146 1273 4214 primum,
1298 4146 1459 4201 Joau.
1506 4164 1541 4201 ιι
1571 4148 1778 4203 diserte
1815 4144 1983 4199 nomi-

376 4222 590 4267 ‘natum
618 4217 685 4266 ab
721 4214 843 4267 aliis
869 4230 1190 4283 expressum
1224 4217 1318 4276 sit,
1359 4233 1482 4271 cum
1532 4217 1760 4271 Sabbati
1794 4215 1979 4270 deute-

400 4283 612 4356 rOproti
651 4284 982 4356 mentionem
1011 4284 1238 4356 faciunt.
1269 4285 1380 4341 Hoc
1418 4286 1566 4340 enim
1602 4285 1980 4356 postprimain

402 4355 730 4424 azymorum
772 4353 984 4424 ipeidit.
1022 4353 1316 4408 Historiam
1362 4353 1651 4410 vulsarum
1699 4353 1975 4424 spicarum

402 4409 734 4493 ad'primum
783 4420 993 4493 Pascha
1043 4424 1238 4477 merito
1285 4409 1454 4480 refert
1497 4409 1855 4493 Epiphanius.
1899 4423 1975 4477 Ex
2011 4409 2051 4461 D

403 4493 509 4565 line
539 4505 691 4543 num.
720 4491 882 4558 hujus
915 4493 1218 4565 intelligere
1258 4504 1430 4563 potes,
1468 4491 1615 4565 quod
1650 4502 1735 4550 est
1767 4496 1981 4565 harmo-

401 4563 507 4616 niae
545 4576 709 4633 supra
755 4576 784 4614 a
839 4563 999 4617 nobis
1030 4562 1323 4633 propositae
1354 4562 1812 4620 consentaneum.
1856 4562 1976 4618 Jam

399 4647 531 4705 vero
575 4632 791 4705 e_x_hac
834 4632 1156 4705 caeterorum
1215 4634 1603 4705 suﬂ‘ragatione
1654 4637 1974 4705 Alugorum,

399 4700 912 4757 Valentiuianorum
943 4700 1004 4757 ac
1029 4712 1354 4759 caeterorum
1385 4700 1731 4760 mendacium
1756 4700 1978 4758 convin-

401 4774 511 4848 cit,
552 4773 643 4848 (ιιιὶ
678 4772 900 4848 unicum
947 4775 1213 4848 duntaxat
1245 4774 1466 4848 ChriSto
1506 4774 1725 4848 Pascha
1768 4774 1977 4848 tribue-

400 4844 532 4896 rint.
573 4841 709 4896 Cum
746 4844 891 4897 enim
918 4841 1042 4897 etim
1072 4851 1193 4914 post
1229 4847 1465 4914 primum
1505 4844 1718 4899 Pascha
1744 4844 1973 4914 vixis_se,

398 4920 452 4965 et
496 4928 591 4983 per
627 4922 742 4967 sata
785 4912 1344 4979 transiisse‘cons—tet,
1383 4915 1578 4969 falsum
1618 4926 1703 4970 est
1728 4912 1976 4967 uno~Pa—

401 4983 592 5038 schutc
615 4997 703 5036 res
732 4984 801 5036 ab
834 4998 899 5037 eo
928 4991 1113 5052 gestas
1141 4985 1520 5039 circumscribi
1545 4984 1766 5039 debere.

472 5052 583 5123 (5'5)
613 5053 749 5106 Ἵνα
780 5052 950 5121 δείξῃ
993 5054 1295 5107 Σάϐϐατω·
1327 5053 1580 5122 πρῶτον.
1621 5055 1700 5108 De
1736 5053 1976 5108 Sabbato

400 5124 809 5192 deuteroproto,
826 5124 948 5177 vide
967 5140 1087 5192 quae
1113 5124 1177 5177 ad
1203 5124 1333 5178 haer.
1365 5141 1492 5184 xxx.
1518 5141 1667 5179 num.
1684 5123 1774 5189 32,
1796 5123 1977 5192 dispu-

402 5196 675 5258 tavimus;
707 5207 832 5247 nam
871 5194 965 5248 illo
1002 5195 1126 5248 loco
1151 5194 1384 5262 priorem
1419 5194 1710 5263 Epiphanii
1752 5200 1974 5263 senten-

401 5267 556 5327 tiam,
598 5271 651 5317 et
696 5263 915 5332 qlidem
960 5260 1381 5333 probabiliorem
1417 5260 1798 5333 eipbsuimus.
1841 5260 1973 5328 Quae

399 5344 580 5387 autem
620 5334 722 5386 hoc
757 5336 809 5386 in
850 5348 1078 5389 numero
1106 5335 1356 5395 traditur.
1393 5334 1683 5389 obscurior
1712 5340 1819 5395 est,
1854 5334 1973 5387 et‘a

400 5419 524 5459 vera
576 5403 823 5457 vocabuli
871 5404 1018 5459 illius
1047 5404 1257 5470 origine
1292 5419 1356 5457 ac
1406 5404 1631 5459 notione
1679 5402 1969 5459 remotior.

405 5475 609 5543 Duplex
672 5473 810 5541 apud
872 5473 1089 5529 Judaeos
1139 5473 1360 5529 Sahbati
1416 5491 1590 5543 genus
1649 5472 1965 5543 constituit.

402 5543 576 5595 l'muu
610 5544 910 5611 antiquius.
937 5554 990 5596 et
1020 5546 1289 5603 naturale.
1322 5542 1469 5612 quod
1504 5545 1571 5598 ab
1602 5558 1789 5597 rerum
1814 5542 1972 5595 initio

401 5612 679 5682 conditum
733 5622 849 5677 cst;
902 5615 1127 5667 alterum
1166 5618 1499 5675 secundum,
1536 5626 1589 5668 ct
1642 5612 1969 5682 posterioris

400 5680 628 5743 tudinis,
658 5684 779 5751 quia
804 5682 970 5737 Jllaiilil
1005 5686 1138 5737 testa
1170 5688 1350 5738 (uitnia
1388 5680 1965 5737 Sabluitzrvocabant:

1559 3847 1578 3876 ³
1606 3842 1781 3902 Levit.
1817 3844 1955 3913 va,
1982 3850 2062 3905 l5.

2093 1836 2248 1889 τοῦτο
2300 1835 2438 1890 εἶναι
2492 1837 2726 1909 πρῶτον.
2766 1836 3035 1910 ’Δεύτερον
3075 1839 3131 1891 δὲ
3158 1839 3435 1893 Σάϐϐατον
3466 1841 3531 1894 τὸ
3566 1842 3685 1896 ἀπὸ

2093 1930 2256 1998 νόμου
2306 1918 2626 2000 ὡρισμένον.
2690 1929 3068 2002 Φάσκειλγὰρ,
3114 1932 3195 1984 ὅτι
3249 1932 3427 2001 Amm
3467 1935 3687 2000 σαυτῷ

2092 2018 2393 2086 πρόϐατον
2418 2019 2747 2087 ἐνιαύσιον,
2781 2018 3043 2090 ἄμωμον,
3073 2019 3260 2087 ἄρσεν
3305 2022 3461 2093 (ὅπερ
3482 2018 3566 2093 ἦν
3591 2024 3689 2076 ἁν-

2090 2111 2312 2165 τίτυπον
2348 2110 2442 2164 τοῦ
2479 2110 2781 2183 Σωτῆρος),
2842 2110 2962 2164 ἀπὸ
3010 2109 3264 2179 δεκάτης
3314 2111 3419 2165 τοῦ
3451 2116 3682 2182 μηνός.

2090 2203 2201 2256 Kal
2245 2202 2416 2257 ἔσται
2468 2201 2968 2272 διατετηρημένον
3005 2200 3145 2271 ἄχρι
3185 2202 3296 2272 τῆς
3334 2219 3687 2275 τεσσαρεσ-

2095 2294 2472 2363 καιδεκάτηςο
2505 2295 2603 2349 καί
2633 2296 2846 2350 θύσετε
2878 2294 3022 2349 αὐτὸ
3052 2294 3424 2365 ἑσπέρας-’τῇ
3450 2314 3687 2353 τεσσα-

2084 2384 2523 2455 ρεσκαιδεκάτῃ
2574 2385 2784 2455 ἡμέρᾳ.
2835 2385 2944 2439 Καὶ
2990 2384 3163 2439 ἔσται
3211 2403 3309 2440 σοι
3363 2386 3686 2444 Σάϐϐατον

2084 2477 2283 2545 ’ἡμέρα
2312 2478 2473 2548 ἁγία,
2518 2477 2615 2531 καί
2659 2476 2869 2531 ἐδεσθε
2896 2475 3083 2546 ἄζυμα
3113 2477 3263 2531 ἑπτὰ
3288 2478 3540 2547 ἡμέρας·
3580 2482 3683 2533 καὶ

2089 2566 2165 2637 τῇ
2192 2569 2408 2637 ἐϐδόμῃ
2438 2567 2628 2637 ἡμέρᾳ
2660 2567 2936 2634 ποιήσεις
2976 2567 3146 2638 ἅγιον
3174 2568 3500 2634 Σάδϐατον,
3534 2572 3688 2640 ἠμέ-

2083 2677 2201 2726 ραν
2215 2660 2423 2728 ῄγίαν.
2447 2659 2557 2711 Καὶ
2586 2661 2768 2730 ὁρᾶτε,
2799 2659 2881 2712 ὅτι
2908 2658 3159 2731 δεύτερον
3186 2659 3432 2714 καλεῖται
3461 2663 3690 2719 Σάϐϐαο

2087 2767 2178 2804 τον
2211 2751 2347 2821 μετὰ
2392 2750 2453 2803 τὸ
2483 2748 2759 2804 Σάϐϐατον
2794 2751 2826 2820 ἡ
2856 2750 3079 2822 τοιαύτη
3123 2751 3254 2820 ἁγία
3288 2751 3384 2805 τοῦ
3425 2754 3689 2825 Προσαϐ-

2091 2838 2251 2892 ϐάτου
2278 2838 2388 2909 (54)
2427 2839 2628 2909 ἡμέρα,
2661 2840 2739 2902 εἰς
2778 2837 3053 2892 Σάϐϐατον
3086 2840 3442 2908 ἁγιασθεῖσα,
3480 2844 3595 2897 κᾶν
3626 2863 3689 2899 τε

2088 2931 2339 3002 Κυριακὴ
2370 2931 2474 3001 εἴη,
2503 2930 2607 2984 κᾶν
2634 2929 2879 3001 δευτέρα,
2924 2929 3024 2983 κᾶν
3053 2947 3111 2983 τε
3141 2931 3294 3002 τρίτη
3317 2937 3683 3010 καταντήσῃ.

2089 3021 2180 3083 Εἰς
2207 3021 2263 3073 δὲ
2294 3020 2431 3072 ἑπτὰ
2468 3019 2675 3091 ἡμέρας
2715 3019 2876 3072 πάλιν
2916 3020 3387 3092 ἀνακυκλούμενον
3416 3022 3686 3096 δεύτεροι

2068 3109 2592 3183 ⁵καλεῖται”πρῶτον·
2625 3112 2711 3164 ἵνα
2740 3110 2887 3183 δείξῃ
2932 3112 3179 3165 ἐντεῦθεν
3199 3153 3213 3178 ,
3241 3114 3333 3167 ὅτι
3353 3116 3416 3168 οὐ
3450 3118 3625 3186 μόνον
3658 3124 3688 3171 ὁ
3784 3140 3798 3155 ο

2086 3203 2340 3276 Ἰωάννης
2381 3203 2509 3275 περὶ
2558 3204 2804 3275 περιόδου
2852 3204 3076 3276 ἡμερῶν
3122 3207 3383 3260 ἐνιαυτῶν
3437 3208 3538 3263 δύο
3588 3215 3687 3265 καὶ

2085 3297 2250 3367 τριῶν
2278 3297 2479 3368 ἑορτῶν
2507 3294 2597 3350 τοῦ
2630 3297 2820 3367 Πάσχα
2848 3298 3141 3369 ἐσήμανεν,
3174 3299 3311 3352 ἀλλά
3344 3301 3442 3354 καὶ
3474 3303 3505 3353 ὁ
3540 3305 3687 3357 Aou-

2087 3391 2208 3452 κᾶς,
2242 3391 2333 3443 καὶ
2363 3391 2411 3441 οἱ
2441 3388 2608 3443 ἄλλοι.
2643 3389 2799 3443 Οὕτω
2829 3390 2937 3461 γὰρ
2966 3391 3164 3458 φάσκει
3202 3393 3230 3444 ὁ
3279 3393 3478 3463 νόμος·
3524 3396 3684 3465 Ἀρι-

2087 3481 2339 3551 θμήσεις
2366 3480 2602 3546 σεαυτῷ
2627 3480 2776 3535 ἑπτὰ
2809 3481 3138 3551 ἑϐδομάδας
3176 3483 3276 3537 ἀπ’
3305 3484 3506 3554 ἀρχῆς
3535 3487 3687 3557 apd.

2089 3590 2337 3643 γματος,
2380 3572 2485 3625 τοῦ
2516 3572 2735 3637 βαλεῖν
2789 3572 3085 3641 δρέπανον
3133 3574 3226 3627 ἐπ’
3275 3576 3520 3644 ἀμητῷ,
3576 3582 3683 3635 καὶ

2087 3663 2350 3731 ποιήσῃς
2376 3663 2632 3731 ἑϐδόμην
2663 3662 2956 3733 ἑϐδομάδα
2984 3664 3213 3732 ἡμέραν
3240 3666 3422 3735 ἀγςάν
3450 3672 3676 3739 Kvpc'tp.

2074 4004 2237 4075 ,qiiod
2262 4019 2292 4058 c
2336 4002 2625 4075 scriptura
2659 4003 3019 4075 demonstrat.
3058 4003 3193 4075 Nov
3218 4020 3349 4060 vero
3392 4007 3673 4075 subjicit:

2080 4075 2174 4155 Είς
2198 4073 2253 4155 δὲ
2280 4073 2420 4127 ἑπτὰ
2445 4073 2672 4155 ημέρας,
2695 4072 2860 4155 πάλιν
2890 4073 3197 4155 ἀνακυκᾏού
3208 4092 3368 4144 μενον
3407 4072 3677 4155 δεύτερον

2079 4143 2322 4217 ualebat
2349 4143 2601 4217 πρῶτον.
2635 4143 2708 4196 Ex
2748 4144 2968 4212 quibus,
2997 4152 3052 4217 ul
3081 4152 3135 4197 et
3175 4143 3240 4217 ex
3266 4143 3673 4217 isequentih'ns,

2079 4214 2172 4267 illa
2205 4212 2494 4283 Epiphanii
2538 4216 2808 4268 sententia
2852 4216 3125 4283 posterior
3146 4212 3409 4270 elicitur:
3458 4212 3679 4275 Sabba-

2085 4284 2678 4356 tumdeu_terop_roton,
2700 4284 3239 4356 essePcntecosten;
3267 4287 3322 4340 in
3350 4288 3683 4356 qua-626::-

2120 4372 2178 4408 ov
2209 4352 2343 4425 illud
2376 4351 2678 4425 Sabbatum
2722 4352 2939 4425 πρῶτον
2968 4356 3291 4423 appelletur.
3328 4351 3441 4411 (fur
3476 4368 3673 4415 autem

2113 4423 2524 4497 ευτερᾴπρωτον
2572 4422 2795 4497 dicitur,
2830 4424 2964 4497 nihil
3010 4433 3255 4493 apertqu
3294 4440 3358 4480 ac
3381 4428 3674 4497 liquidum

2080 4509 2145 4548 ex
2202 4493 2491 4563 Epiphanii
2538 4493 2720 4548 verbis
2763 4494 3036 4548 extricare
3089 4510 3357 4564 possum;
3386 4493 3511 4553 ‘sed
3577 4502 3673 4554 illa

2083 4564 2384 4640 M_aldonati
2428 4563 2674 4640 opinioni
2728 4564 2856 4640 huic
2896 4563 3183 4640 aptissima
3230 4566 3488 4640 videtur;
3532 4587 3675 4640 quo-

2078 4634 2224 4687 niam
2294 4648 2359 4687 ex
2409 4634 2687 4702 primariis
2738 4632 3155 4697 tribus’festis,
3206 4635 3321 4689 sive
3397 4632 3672 4694 Sabb'atis

2078 4704 2409 4778 Azymorum
2436 4744 2449 4765 ,
2490 4702 2935 4778 Primitivorum,
2965 4713 3028 4778 et
3053 4704 3422 4775 ScenOpegim,
3466 4715 3672 4778 proxi-

2078 4772 2286 4844 muina
2316 4773 2498 4844 priore
2525 4781 2579 4827 et
2612 4773 2863 4843 δεύτερον
2894 4775 2965 4828 sit
2997 4772 3350 4844 Pentecosms
3384 4772 3668 4844 solemne,

2078 4842 2200 4914 ideo
2221 4842 2667 4914 δευτεροπρωτον
2694 4842 2979 4914 appellari.
3016 4842 3138 4914 Haec
3174 4844 3340 4914 igitur
3370 4849 3548 4903 altera
3582 4842 3673 4907 est

2080 4910 2813 4987 Epiphanii'sengtentiat'ac
2848 4915 3001 4968 vocis
3047 4910 3216 4987 illius'
3243 4915 3669 4987 interpretatio,

2076 4996 2107 5034 a
2159 4984 2445 5053 superiore
2498 4983 2656 5051 longe
2705 4984 2959 5050 diversa;
3014 4995 3101 5048 et,
3158 4986 3203 5039 si
3250 4983 3439 5041 verum
3492 4986 3671 5046 fateri

2078 5052 2355 5123 volumus,
2388 5054 2567 5107 minus
2597 5068 2760 5123 quam
2796 5055 2886 5107 illa
2921 5054 3242 5123 probabilis.

2152 5068 2355 5111 ulmus,
2388 5068 2567 5107 minus
2597 5068 2760 5175 gnam
2796 5068 2886 5107 uta
2921 5068 3242 5123 pronauuts.

2148 5122 2260 5191 (54)
2309 5123 2557 5190 Τοιαύτη
2642 5124 2737 5192 γΙα
2783 5122 2888 5177 τοῦ
2918 5125 3365 5192 Προσαδϐἁτου.
3415 5124 3669 5183 Prosab-

2077 5192 2260 5266 batum
2302 5192 2438 5245 nihil
2490 5191 2654 5266 aliud
2682 5202 2784 5266 est
2813 5191 2992 5266 quam
3040 5191 3379 5266 Paraseeve;
3422 5212 3537 5266 quo
3596 5201 3668 5253 ad

2077 5262 2223 5335 hunc
2245 5262 2423 5315 locum
2454 5264 2685 5331 pertinet
2712 5262 2869 5335 nihil.
2895 5262 3015 5318 Non
3046 5264 3192 5319 enim
3221 5262 3561 5335 Azymorum
3587 5286 3667 5323 vn

2076 5333 2129 5385 in
2163 5330 2505 5385 Parasceven
2538 5334 2854 5405 necessario
2890 5336 3183 5399 convenit,
3216 5330 3384 5405 quam
3419 5339 3670 5395 subinde

2077 5405 2131 5456 in
2159 5416 2179 5454 1
2213 5411 2303 5473 aut
2338 5417 2399 5463 ιι,
2454 5414 2545 5455 aut
2590 5418 2645 5456 ιιι
2685 5402 2875 5458 feriam
2916 5405 3112 5459 cadere
3167 5402 3334 5473 posse
3384 5407 3664 5466 declarat.

2075 5474 2177 5550 aut
2212 5470 2377 5542 igitur
2411 5474 2767 5550 expungenda
2802 5474 3053 5550 _ista__vox
3094 5470 3184 5529 est
3211 5496 3225 5529 :
3273 5484 3370 5531 aut
3407 5480 3634 5550 Προσάϐ

2076 5543 2235 5618 δαῖον
2275 5556 2373 5609 pro
2410 5557 2460 5594 νι
2514 5544 3125 5618 hebdomadaediehus,
3164 5543 3478 5616 usurpavit;
3520 5565 3668 5618 quas

2072 5620 2186 5733 varii,
2212 5612 2314 5734 Ιιορ
2344 5622 2424 5665 est
2463 5614 2717 5682 profanas
2751 5616 3054 5683 nominant,
3080 5612 3319 5687 quicque
3349 5612 3664 5677 Sabhatum

2073 5697 2142 5734 an
2171 5696 2279 5734 ecei
2308 5693 2419 5734 ttut.

2073 5689 2419 5738 antecellunt.

3348 6143 3379 6148 Ἴ
3455 6143 3486 6150 η
3542 6144 3582 6151 ἡ
3624 6144 3668 6152 *—
3698 6144 3764 6156 η-η
3778 6144 3846 6156 τεὴ,
