3952 6170
275 393 380 447 945

1029 396 1398 453 ADVERSUS
1433 398 1777 456 HAERESES
1816 400 1944 456 LIB.
1976 354 2032 457 χΙΙ
2074 403 2239 468 TUM.
2284 403 2322 458 Ι.
2366 435 2433 444 -
2477 403 2749 458 llAiﬂZ-LS.
2787 402 2870 458 LI.

3442 400 3545 456 ore
3590 467 3599 475 _

344 504 632 583 snguiva
665 506 792 578 περὶ
834 510 1233 583 Πεντηκοστῆς.
1274 515 1427 569 Μετά
1466 516 1575 588 γὰρ
1603 518 1664 571 τὸ
1704 518 1866 573 θῦσαι

2044 521 2255 588 Quibus
2285 522 2470 578 verbis
2499 520 2865 577 Pentecosten
2915 520 3136 575 indicat.
3176 517 3387 573 Etenim
3424 527 3547 587 post

273 598 333 669 sb
364 596 585 668 Πάσχα,
616 597 749 652 εἴσω
782 600 946 670 τριῶν
972 603 1220 673 ἡμερῶν,
1258 606 1505 665 τουτέστι
1542 608 1689 679 μετάμ
1711 612 1860 679 τρεῖς

275 689 488 761 ἡμέρας
516 689 609 742 τοῦ
639 690 932 762 προϐάτου,
961 694 1294 765 προσέταττε
1335 697 1397 751 τὸ
1434 698 1657 771 δράγμα
1683 701 1865 770 εἰσφέ-

278 781 486 851 ρεσθαι*
524 781 610 834 ἵνα
647 784 866 856 σημάνῃ
908 784 967 837 τὸ
997 786 1358 858 εὐλογημένον
1398 789 1617 862 δράγμα
1657 792 1865 863 ἐγειρό-

277 891 437 944 μενον
467 875 531 926 ἐκ
559 874 667 927 τῶν
700 876 911 947 νεκρῶν
945 877 1081 948 μετὰ
1127 879 1318 951 τρίτην
1352 881 1584 953 ἡμέραν.
1629 884 1728 955 τῆς
1759 884 1864 952 γῆς

274 965 407 1029 αὐτὸ
446 967 894 1039 προσφερούσης,
943 972 1038 1023 καὶ
1070 970 1235 1025 αὐτοῦ
1283 973 1415 1026 αὐτὸ
1455 974 1615 1027 πάλιν
1648 974 1867 1047 κομιζο-

278 1056 441 1127 μένου
472 1057 565 1135 ἀπ’
596 1059 766 1129 αὐτῆς
790 1061 847 1117 ἐν
878 1063 942 1132 τῇ
979 1063 1276 1116 ἀναστάσει
1309 1064 1399 1118 τοῦ
1435 1067 1737 1136 μνήματος,
1772 1067 1866 1120 καὶ

280 1148 531 1225 μένοντος
567 1151 663 1203 σὺν
700 1155 812 1215 τοῖς
862 1153 1130 1223 μαθηταῖς
1174 1156 1586 1227 τεσσαράκοντα
1632 1157 1865 1229 ἡμέρας,

280 1230 371 1303 καὶ
398 1241 490 1293 ἐπὶ
519 1240 594 1312 τῷ
622 1242 765 1296 τέλει
790 1243 891 1313 τῆς
921 1245 1301 1318 Πεντηκοστῆς
1350 1249 1694 1319 είσφέροντος
1736 1251 1869 1304 αὐτὸ

284 1331 358 1394 εἰς
381 1330 451 1383 τὰ
481 1332 778 1402 ἐπουράνια
804 1334 881 1405 τῷ
911 1336 1085 1405 Πατρὶ
1116 1337 1178 1390 τὸ
1203 1339 1546 1410 πρωτότοκον
1575 1340 1682 1393 τῶν
1714 1359 1867 1412 πρω-

276 1422 536 1489 τοτόκων,
570 1426 603 1494 ἡ
636 1425 858 1496 ἀπαρχὴ
890 1428 922 1496 ἡ
967 1427 1132 1495 ἁγία,
1162 1428 1223 1481 τὸ
1267 1429 1515 1500 δράγμα,
1550 1431 1870 1502 ὃοέδράξατο

280 1514 386 1567 ἀπὸ
415 1515 635 1588 Μαρίας
661 1557 673 1578 ,
705 1517 1163 1587 ήκάγκαλισθεῖσα
1202 1521 1258 1573 ἐν
1291 1520 1410 1592 Θεῷ
1431 1563 1445 1587 ,
1474 1523 1501 1574 6
1528 1523 1738 1594 καρπὸς
1770 1526 1870 1595 τῆς

281 1606 510 1671 κοιλίας,
541 1609 573 1678 ἡ
608 1608 831 1679 ἀπαρχὴ
860 1611 961 1681 τῆς
1004 1611 1137 1666 ἅλω.
1174 1612 1372 1666 Οὐκέτι
1409 1618 1517 1687 γὰρ
1554 1614 1693 1685 μετά
1729 1616 1870 1668 Πεν⁴

282 1696 547 1769 τηκοστὴν
576 1697 638 1751 τὸ
662 1697 925 1769 δρέπανον
950 1701 1062 1753 ἀπα
1070 1701 1205 1772 ρχὴν
1229 1701 1347 1773 Θεῷ
1381 1704 1701 1775 προσφέρει.
1728 1706 1874 1760 Οὐκ-

276 1787 365 1842 έτι
391 1789 500 1857 γὰρ
528 1790 782 1859 Χριστός
807 1790 1200 1860 ἀποθνήσκει,
1232 1790 1489 1859 θάνατος
1516 1793 1705 1849 αὑτοῦ
1734 1796 1873 1847 οὐκ-

1968 614 2305 668 immolatum
2353 612 2599 680 Pascha,
2654 614 2797 669 intra
2851 614 3073 669 tertium
3145 611 3312 674 diem,
3363 609 3547 664 ollerri

1970 705 2309 775 manipulum
2356 703 2586 774 iubebat
2623 725 2635 758 :
2671 713 2729 760 ut
2768 705 3045 760 benedicti
3087 703 3233 758 illius
3282 699 3548 770 manipuli

1966 798 2320 854 adumbraret
2359 798 2677 868 imaginem,
2705 798 2798 867 qui
2830 814 2861 850 a
2905 797 3139 851 mortuis
3165 795 3463 855 excitatus,
3496 798 3550 846 et

1966 903 1995 940 a
2024 894 2171 943 terra
2202 889 2609 958 quodammodo
2653 890 2741 945 die
2795 889 2957 943 tertia
2997 898 3081 943 est
3126 887 3365 950 oblatus,
3405 882 3549 939 unde

1966 996 2089 1033 eum
2123 981 2175 1033 in
2210 981 2301 1034 illa
2329 980 2398 1036 de
2429 982 2687 1051 sepulcro
2730 979 3136 1035 resurrectione
3185 978 3548 1045 recuperavit.

1968 1070 2096 1125 Inde
2124 1087 2192 1124 τι.
2222 1071 2418 1127 diebus
2467 1087 2592 1124 cum
2631 1071 2916 1140 discipulis
2955 1076 3227 1132 moratus,
3271 1074 3554 1136 postremo

1969 1163 2074 1218 sub
2103 1162 2264 1218 linem
2320 1162 2696 1229 Pentecostes,
2737 1161 2991 1217 eumdem
3036 1159 3185 1229 Patri
3234 1155 3555 1219 ccelestibus

1972 1254 2027 1308 in
2053 1255 2350 1313 domiciliis
2371 1255 2568 1311 obtulit
2590 1274 2603 1310 :
2623 1257 2715 1325 qui
2743 1262 2827 1314 est
2870 1252 3267 1324 primogenitns
3295 1266 3325 1304 e
3351 1249 3557 1319 primo-

1969 1347 2192 1416 geni-tis,
2248 1347 2509 1417 primitiae,
2562 1350 2787 1410 sanctae,
2831 1345 3147 1415 manipulus
3191 1358 3222 1397 e
3264 1340 3434 1395 Maria
3469 1338 3561 1394 de.

1972 1445 2176 1501 sectus,
2198 1437 2366 1493 fascis
2394 1438 2451 1492 in
2479 1437 2591 1493 Deo
2615 1436 3071 1507 comprehensus,
3093 1432 3305 1487 fructus
3327 1431 3554 1491 ventris,

1972 1542 2113 1582 area:
2147 1528 2419 1598 primitiae.
2455 1527 2640 1595 Neque
2663 1528 2809 1582 enim
2849 1533 2974 1597 post
3003 1524 3364 1580 Pentecosten
3395 1522 3561 1591 depu-

1973 1626 2098 1673 tatae
2124 1619 2262 1675 falce
2285 1621 2543 1690 primitiae
2570 1618 2874 1675 oﬂ‘erunlur
2896 1618 3151 1687 amplius.
3184 1614 3368 1681 Quare
3394 1627 3558 1682 neque

1975 1706 2217 1765 Christus
2236 1709 2354 1777 jam
2379 1711 2627 1773 moritur,
2647 1725 2788 1763 mors
2808 1708 2857 1761 ei
2870 1707 3023 1772 ultra
3045 1722 3149 1760 non
3166 1702 3553 1762 dominabitur,

1976 1807 2035 1853 ιιι
2072 1800 2334 1871 scriptum
2365 1800 2510 1854 est'.
2536 1798 2728 1855 Jamne
2758 1799 2912 1865 vides
2944 1806 3079 1868 quot
3102 1798 3158 1851 in
3184 1798 3303 1867 lege
3350 1799 3557 1864 myste-

276 1876 365 1930 ἐτι
399 1879 680 1946 κυριεύει,
714 1880 854 1934 κατά
884 1881 944 1934 τὸ
980 1882 1385 1953 γεγραμμένον.
1422 1883 1531 1936 Καὶ
1568 1884 1701 1954 ὁρᾷς
1729 1884 1870 1939 πόσα

1977 1891 2053 1945 ria
2086 1889 2394 1961 signiﬁcata
2428 1890 2563 1955 sint,
2597 1893 2651 1943 in
2690 1888 2986 1959 Evangelio
3028 1885 3313 1957 perfecta?
3342 1881 3560 1948 Quanta

278 1967 416 2021 Θεοῦ
470 1974 746 2044 μυστήρια
792 1973 1102 2042 προετύπου
1152 1975 1348 2045 νόμος,
1396 1975 1490 2028 καὶ
1538 1975 1776 2048 ἐπλήρου
1813 1977 1870 2029 τὸ

1977 1996 2143 2052 porro
2176 1980 2245 2035 ad
2289 1996 2407 2036 eam
2457 1995 2571 2034 rem
2628 1980 2919 2051 perspicue
2974 1975 3365 2037 declarandam
3406 1987 3562 2040 argu-

280 2060 647 2131 Εύαγγέλιον;
684 2063 858 2116 Πόθεν
886 2063 1070 2137 δὲούκ
1110 2064 1304 2135 ἔχομεν
1341 2064 1545 2119 τούτων
1570 2065 1741 2133 δεῖξαι
1774 2068 1870 2138 τὴν

1977 2079 2284 2126 mentorum
2310 2073 2469 2141 capia
2494 2070 2772 2141 suppetit?
2804 2069 2912 2125 Sed
2955 2084 3023 2124 ne
3054 2068 3274 2137 longius
3303 2070 3562 2120 excurrat

284 2153 578 2224 σαφήνειαν
600 2171 614 2215 ;
635 2153 733 2223 Διά
758 2154 817 2208 τὸ
852 2154 929 2226 μὴ
955 2157 1033 2219 εἰς
1067 2156 1263 2217 πλάτος
1291 2156 1402 2227 (55)
1441 2157 1627 2227 φέρειν
1652 2158 1743 2211 τὸν
1775 2158 1868 2211 λόκ

278 2261 398 2311 γον,
433 2246 554 2300 ίδιὸ
587 2245 681 2298 ἐπὶ
729 2247 827 2318 τὴν
876 2248 1197 2302 ἀκολουθίαν
1244 2248 1404 2301 πάλιν
1456 2250 1867 2320 ἐπιστρεπτέον.

280 2334 531 2387 Φαίνεται
562 2334 618 2389 δὲ
647 2336 756 2389 ἀπό
798 2355 860 2389 τε
902 2336 1008 2391 τῶν
1059 2337 1306 2409 σταχύων
1343 2339 1434 2391 καὶ
1467 2338 1574 2391 ἀπὸ
1605 2338 1698 2391 τοῦ
1728 2340 1871 2413 ἀμη-

280 2428 398 2496 τοῦ,
442 2431 538 2485 καὶ
574 2432 683 2486 τῶν
716 2432 994 2505 μαθητῶν,
1035 2435 1111 2497 ὡς
1153 2434 1288 2504 μετά
1318 2433 1424 2487 τῶν
1463 2435 1871 2506 τεσσαράκοντα

278 2523 505 2594 ἡμερῶν
538 2525 844 2595 πειρασμὸν
878 2524 1053 2578 ταῦτα
1085 2526 1264 2579 πάντα
1305 2526 1573 2596 διηγεῖται
1614 2529 1642 2580 6
1684 2528 1871 2581 Ἰωάν-

275 2629 400 2682 νης,
433 2614 527 2665 καὶ
556 2613 791 2677 Λουκᾶς,
824 2615 917 2667 καὶ¹
949 2617 997 2668 οἱ
1022 2615 1242 2680 πάντες.

352 2703 475 2756 AB'.
513 2705 625 2757 Οὐκ
650 2704 924 2759 αἰδοῦνται
959 2705 1016 2758 δὲ
1049 2706 1211 2759 πάλιν
1253 2706 1303 2760 οἱ
1331 2705 1563 2773 τοιοῦτοι
1597 2707 1738 2761 κατὰ
1767 2707 1874 2767 τῶν

277 2795 388 2849 ὑπὸ
435 2795 528 2848 τοῦ
583 2795 769 2864 ἁγίου,
795 2796 1044 2851 Ἰωάννου
1089 2797 1401 2871 εἰρημένων
1442 2796 1871 2879 ἐξοπλιζόμενος,

276 2887 593 2958 νομίζοντες
640 2888 713 2958 μή
749 2904 826 2959 πη
861 2889 968 2959 ἄρα
1007 2888 1261 2941 δύνανται
1307 2888 1406 2959 τὴν
1447 2888 1702 2960 ἀλήθειαν
1748 2889 1877 2941 ἀνα-

276 2978 538 3051 τρέπειν·
567 2979 667 3032 οὐκ
699 2978 933 3052 εἰδότες,
972 2979 1055 3032 ’ότι
1097 2979 1216 3031 καθ’
1247 2978 1458 3032 ἑαυτῶν
1491 2978 1690 3050 μᾶλλον
1723 2980 1877 3051 ὁπλί-

278 3067 497 3136 ζονται,
521 3070 666 3142 ἥπερ
697 3071 839 3124 κατά
864 3071 966 3142 τῆς
987 3068 1174 3139 ὑγιοῦς
1200 3070 1568 3134 διδασκαλίας.
1604 3072 1876 3143 Φάσκουσι

276 3160 342 3214 δὲ
376 3160 515 3214 κατὰ
542 3162 640 3232 τῆς
684 3160 1105 3231 Ἀποκαλύψεως
1132 3160 1258 3214 τάδε
1285 3161 1656 3232 χλευάζοντες·
1686 3162 1749 3216 Τί
1785 3180 1872 3234 με,

278 3253 469 3323 φησὶν,
497 3253 754 3324 ὠφελεῖή
797 3253 1166 3323 Ἀποκάλυψις
1208 3254 1475 3327 Ἰωάννου,
1504 3254 1742 3325 λέγουσά
1783 3274 1873 3327 μοι

277 3344 416 3410 περὶ
459 3345 610 3399 ἑπτὰ
649 3345 944 3415 ἀγγέλων,
988 3345 1087 3399 καὶ
1133 3326 1285 3399 ἐπτᾶ
1336 3348 1722 3417 σαλπίγγων;
1776 3349 1876 3407 οὐκ

276 3436 499 3500 εἰδότες,
529 3435 648 3501 πῶς
672 3437 947 3505 ἀναγκαία
977 3438 1071 3490 καὶ
1103 3436 1358 3508 ὠφέλιμα
1385 3439 1610 3493 τοιαῦτα
1636 3440 1876 3519 ὑπῆρξεν

276 3531 338 3599 ἐν
369 3531 434 3600 τῇ
473 3528 724 3601 ὀρθότητι
757 3528 851 3581 τοῦ
898 3529 1274 3601 κηρύγματος.
1305 3530 1446 3585 Ὅσα
1476 3531 1584 3603 γάρ
1615 3527 1683 3603 ἦν
1724 3533 1877 3605 νόμῳ

212 3658 221 3663 -
279 3621 378 3675 καὶ
403 3622 461 3674 ἐν
487 3621 794 3693 προφήταις
843 3620 1092 3673 σκοτεινά
1138 3623 1232 3675 καὶ
1274 3622 1672 3693 αἰνιγματώδη,
1703 3622 1876 3676 ταῦτα

278 3712 313 3765 6
344 3711 546 3784 Κύριος
592 3712 909 3784 ᾠκονόμησε
956 3712 1044 3765 διὰ
1092 3712 1186 3766 τοῦ
1233 3714 1388 3782 ἁγίου
1432 3714 1755 3786 Πνεύματος
1794 3714 1876 3776 εἰς

277 3803 442 3874 ἡμῶν
464 3804 739 3876 σωτηρίαν
761 3804 839 3874 τῷ
861 3802 1030 3875 δούλῳ
1056 3805 1223 3858 αὐτοῦ
1259 3806 1480 3877 Ἰωάννῃ
1503 3805 1871 3875 ἀποκαλύψαι·

276 3895 352 3949 τὰ
379 3898 556 3950 ἐκεῖσε
589 3896 839 3950 σκοτεινά
869 3889 971 3950 ὧδε
1020 3899 1100 3961 εἰς
1145 3898 1491 3967 πνευματικά
1536 3898 1630 3950 καὶ
1670 3896 1873 3973 ἔκδηλα

278 3986 593 4058 κηρύττων.
632 3987 1029 4059 Πνευματικῶς
1056 3987 1113 4041 δὲ
1154 3989 1286 4058 ημῖν
1314 3987 1382 4041 τὰ
1412 3988 1553 4042 αύτά
1581 3988 1871 4059 ᾠκονόμει.

279 4080 395 4134 Καὶ
424 4082 487 4133 ἐκ
519 4080 805 4152 δερμάτων
836 4081 932 4153 μὲν
977 4081 1098 4133 τότε
1128 4077 1527 4145 κατασκευάζει
1572 4078 1690 4148 τὴν
1730 4097 1876 4149 σκη-

277 4170 423 4239 νὴν,
450 4169 570 4225 τῶν
596 4171 906 4242 δερμάτων
927 4172 1527 4243 ἡρυθροδανωμιένων,
1553 4172 1650 4226 καὶ
1676 4174 1878 4227 ὑακιν-

281 4265 485 4337 (ζζνων,
504 4263 599 4317 καὶ
618 4265 686 4316 τὰ
718 4263 865 4335 ἑξῆς,
885 4264 974 4318 ἵνα
996 4264 1145 4336 δείξῃ
1176 4265 1273 4334 τὴν
1306 4262 1509 4335 σκηνὴν
1533 4264 1712 4317 ἐκεῖσε
1745 4280 1873 4335 σκηο

279 4354 383 4425 νῂν
434 4338 534 4423 μὲ)
578 4345 789 4421 οὖσαν,
816 4340 1224 4427 ἀποδεχομένην
1279 4356 1336 4408 δὲ
1383 4354 1481 4426 τὴν
1528 4355 1875 4428 τελειοτάτην

283 4442 490 4515 σκηνὴν
516 4443 608 4497 τοῦ
644 4443 903 4515 Χριστοῦ.
946 4445 1134 4517 Δέρμα
1172 4446 1281 4517 γὰρ
1311 4444 1420 4499 ἀπὸ
1451 4444 1701 4515 σώματος
1739 4446 1876 4515 γίνε-

1971 2164 2173 2228 oratio,
2208 2164 2275 2217 ad
2308 2164 2359 2219 id
2397 2163 2545 2233 quod
2586 2162 2743 2217 initio
2775 2161 3119 2233 propositum
3166 2167 3283 2213 erat
3328 2157 3563 2211 redeun-

1974 2255 2107 2311 dum
2157 2255 2316 2310 nobis
2363 2263 2467 2311 est.
2515 2254 2685 2324 igitur
2727 2260 2993 2323 quantum
3027 2267 3093 2306 ex
3132 2250 3302 2320 spicis
3338 2248 3469 2311 illis,
3508 2252 3562 2300 et

1976 2364 2181 2416 messe,
2217 2363 2280 2402 ac
2333 2347 2622 2417 discipulis
2663 2347 2945 2416 conjicere
2981 2357 3300 2415 possumus,
3338 2346 3562 2409 apparet

1976 2441 2126 2495 illam
2152 2439 2406 2506 Joannis,
2438 2439 2600 2495 Luca:
2631 2445 3067 2506 caeterorumque
3088 2432 3459 2489 narrationem
3494 2430 3560 2484 ad

1976 2528 2030 2582 id
2076 2535 2314 2599 tempus,
2356 2527 2502 2598 quod
2543 2528 2757 2583 dierum
2790 2542 2859 2581 τι.
2908 2526 3263 2582 tcntationetn
3312 2532 3559 2579 secutum

1975 2628 2081 2684 est,
2114 2636 2238 2676 esse
2269 2620 2634 2675 referendam.

2044 2707 2459 2783 454ΧΧΧΙΙ.
2502 2710 2717 2764 Atenim
2777 2709 2942 2775 iidem
2992 2708 3072 2762 illi
3114 2706 3259 2763 'citra
3296 2704 3561 2776 pudorem

1978 2799 2145 2852 ullum
2164 2814 2287 2869 sese
2303 2799 2566 2855 adversus
2584 2798 2814 2855 Joannis
2837 2799 3220 2854 auctoritatem
3245 2797 3562 2865 accingunt,

1977 2896 2027 2943 et
2060 2889 2114 2943 id
2146 2905 2315 2944 unum
2344 2892 2610 2962 cogitant,
2649 2901 2709 2945 ut
2743 2891 2927 2960 aliqua
2961 2906 3025 2943 ex
3052 2897 3226 2959 parte,
3251 2889 3296 2942 si
3322 2888 3558 2958 possint,

1975 2980 2263 3035 veritatem
2323 2991 2608 3047 evertant;
2676 2997 2778 3036 nec
2844 2980 3159 3051 intelligunt
3221 2986 3414 3033 contra
3477 2993 3565 3032 se-

1976 3072 2244 3142 metipsos
2269 3073 2454 3143 potius
2505 3088 2669 3143 quam
2702 3081 2893 3127 contra
2927 3072 3197 3126 sinceram
3227 3069 3561 3133 doctrinam,

1976 3180 2097 3220 eam
2156 3180 2214 3221 se
2274 3167 2741 3236 oppugnationem
2794 3164 3097 3233 suscipere.
3151 3163 3356 3217 Contra
3416 3162 3565 3231 Apo-

1976 3257 2222 3328 calypsin
2268 3258 2454 3326 itaque
2502 3273 2565 3312 ea
2614 3257 2826 3326 jactare
2860 3272 2959 3327 per
3000 3255 3299 3310 ludibrium
3335 3255 3561 3310 solent:

1976 3348 2118 3417 Quid
2152 3365 2259 3413 me,
2290 3350 2566 3420 inquiunt,
2596 3349 2826 3406 Joannis
2847 3349 3205 3421 Apocalypsis
3231 3348 3406 3417 juvat.
3435 3362 3561 3402 cum

1978 3443 2111 3495 mihi
2135 3451 2328 3510 septem
2350 3444 2565 3514 angelos
2595 3444 3077 3514 totidemquetubas
3095 3448 3489 3497 commemorat
3511 3440 3595 3493 ‘2‘

1978 3535 2085 3591 Sed
2127 3550 2290 3605 quam
2336 3536 2452 3591 hmo
2499 3537 2816 3591 necessaria
2873 3536 3006 3598 sint,
3060 3543 3441 3605 quantumque
3493 3532 3561 3586 ad

1976 3628 2281 3709 Christiani
2313 3628 2588 3699 dogmatis
2618 3629 2991 3684 sinceritatem
3038 3627 3343 3687 conferant.
3376 3625 3562 3679 miseri

1976 3716 2230 3773 homines
2259 3718 2532 3787 ignorant.
2568 3717 2701 3772 Nam
2733 3734 3075 3788 quaecunque
3104 3718 3158 3770 in
3188 3718 3304 3787 lege
3334 3730 3397 3769 ac
3435 3730 3564 3785 pro-

1975 3808 2156 3874 pltetis
2202 3817 2359 3862 erant
2416 3810 2677 3874 obscura,
2722 3809 2806 3861 vel
2858 3809 3209 3877 aenigmatum
3248 3806 3563 3864 \involucris

1976 3896 2235 3962 obducta,
2289 3899 2404 3957 haec
2464 3898 2533 3951 ad
2595 3902 2946 3962 communem
3003 3904 3253 3951 nostrum
3317 3897 3563 3951 omnium

1976 3989 2210 4044 salutem
2246 3987 2389 4045 Deus
2419 4005 2579 4044 servo
2609 4004 2707 4045 suo
2745 3987 2988 4043 Joanni‘
3033 3989 3296 4059 singulari
3326 3989 3561 4058 quadam

1976 4079 2328 4151 providentia
2357 4080 2611 4149 detegere
2652 4079 2844 4141 voluit,
2888 4086 2948 4131 ut
2979 4091 3101 4148 qua:
3128 4078 3418 4132 tenebrosa
3446 4076 3563 4130 illic

1975 4178 2134 4224 erant
2197 4176 2252 4223 et
2308 4168 2516 4233 abdita,
2571 4167 2663 4222 hie
2716 4167 3021 4236 Spiritaletn
3059 4180 3123 4219 ac
3174 4166 3464 4220 clariorem
3505 4166 3561 4220 in

1976 4259 2201 4329 modum
2243 4260 2584 4314 conformata
2632 4265 2986 4330 proponeret.
3038 4256 3319 4329 Siquidem
3348 4267 3564 4313 veteres

1979 4352 2085 4406 illae
2136 4367 2331 4407 omnes
2377 4352 2646 4423 imagines
2704 4358 2930 4422 propter
2989 4366 3091 4415 nos
3139 4351 3370 4422 spiritali
3403 4351 3565 4420 plane

1978 4451 2108 4513 sunt
2150 4445 2368 4499 ratione
2425 4443 2725 4514 dispositae.
2769 4442 2931 4499 Velut
2972 4444 3117 4513 quod
3163 4443 3565 4498 tabernaculum

278 4553 373 4590 ται
415 4534 607 4607 νεκρὸν
648 4535 729 4600 ὃν,
775 4536 850 4601 ὼς
897 4536 1027 4591 σκιά
1062 4537 1309 4609 σώματος
1343 4535 1568 4603 ζῶντος,
1605 4538 1691 4592 ἴνα
1725 4538 1870 4611 δείξῃ

1977 4536 2358 4590 exrubricatis
2389 4546 2439 4589 et
2463 4536 2825 4607 hyacintltiuis
2860 4535 3085 4604 pellibus
3122 4544 3564 4605 coagmentatum

284 4626 514 4699 σώματα
541 4623 683 4682 εἶναι
722 4627 822 4698 τὴν
860 4629 1066 4701 σκηνὴν
1092 4629 1186 4684 τοῦ
1229 4629 1384 4683 Θεοῦ.
1424 4630 1640 4701 Ἐπειδὴ
1673 4631 1781 4702 γάρ
1814 4633 1871 4684 ἐν

281 4720 742 4797 σώμασινάγίοις
769 4725 1104 4799 κατασκηνοῖ
1129 4723 1156 4776 6
1183 4721 1333 4787 Θεὸς,
1364 4724 1742 4795 πληρουμένου
1775 4723 1870 4793 τοῦ

284 4813 475 4885 ῥητοῦ,
522 4813 603 4866 ὅτι
644 4811 1105 4881 Κατασκηνώσω
1143 4814 1215 4867 ἐν
1242 4815 1469 4881 αὐτοῖς,
1504 4813 1602 4868 καὶ
1634 4814 1872 4883 ἐμπερι-

280 4903 552 4969 naniam.

1980 4628 2211 4699 legimus
2240 4630 2283 4695 ⁸,
2313 4643 2376 4683 ac
2401 4628 2447 4683 si
2481 4643 2589 4698 qua
2621 4636 2750 4683 sunt
2781 4628 3155 4698 ejuslgcneris
3182 4628 3312 4692 alia,
3344 4642 3410 4681 eo
3439 4642 3566 4696 per-

1980 4721 2176 4783 tinent,
2228 4727 2289 4772 ut
2342 4719 2397 4773 in
2450 4719 2616 4788 hujus
2657 4710 3069 4774 tabernaculum
3115 4727 3405 4773 venturum
3437 4732 3562 4773 esse

1980 4821 2331 4866 monstraret.
2375 4808 2543 4866 Pellis
2579 4811 2783 4881 quippe
2811 4812 3045 4873 mortuis
3090 4811 3420 4881 corporibus
3474 4810 3564 4865 de-

1980 4903 2240 4968 trahitur,
2280 4917 2345 4956 ae
2398 4903 2481 4961 sic
2531 4908 2793 4973 tanquam
2850 4904 3098 4958 vivorum
3147 4902 3342 4957 umbra
3374 4917 3561 4958 comes

280 5004 389 5052 est.
423 4994 482 5051 In
512 5012 623 5067 quo
661 5009 896 5066 corpora
956 5004 1143 5051 nostra
1195 4998 1290 5057 Dei
1332 5013 1458 5053 esse
1525 4996 1943 5071 tabernaculum
1982 4994 2246 5049 declarat.
2301 4993 2437 5061 Cum
2482 4993 2739 5048 nimirum
2784 4995 2838 5048 in
2879 5002 3195 5049 sanctorum
3232 4993 3560 5064 corporibus

280 5090 495 5163 habitet
544 5087 710 5151 Deus.
757 5104 822 5143 ac
868 5089 1082 5156 dictum
1121 5091 1254 5146 illud
1304 5092 1485 5162 reipsa
1539 5099 1872 5162 praestetur:
1910 5087 2179 5144 Habitabo
2214 5089 2266 5141 in
2300 5088 2432 5154 illis,
2466 5098 2515 5143 et
2555 5087 2901 5157 inambulabo
2933 5089 2973 5139 ⁵.

356 5184 622 5256 Ἐμελλεν
655 5178 748 5240 οὗν
782 5185 957 5256 πλάνη
985 5204 1067 5250 τις
1100 5186 1344 5254 γίνεσθαι
1372 5189 1430 5241 ἐν
1462 5190 1692 5253 πιστοῖς,
1724 5189 1771 5240 εἰ
1799 5187 1872 5259 μὴ

281 5281 331 5348 ήι
357 5276 536 5348 βίϐλος
571 5277 959 5348 πνευματικῶς
982 5279 1116 5349 ἡμῖν
1144 5279 1505 5351 ἀπεκαλύφθη
1524 5320 1538 5346 ,
1573 5280 1661 5334 ἴνα
1698 5279 1876 5351 μάθω-

287 5385 388 5438 μεν
430 5368 504 5438 μὴ
550 5366 866 5437 σαλπίγγων
913 5363 1052 5422 εἶναι
1099 5370 1319 5440 χρείαν,
1354 5370 1491 5424 ἀλλά
1529 5370 1753 5436 εἰδέναι,
1790 5372 1871 5423 ὅτι

284 5459 630 5528 πνευματική
659 5460 806 5512 ἐστιν
833 5461 865 5529 ἡ
894 5460 1041 5513 πᾶσα
1068 5459 1161 5511 τοῦ
1201 5457 1337 5513 Θεοῦ
1371 5460 1748 5533 πραγματεία·
1783 5460 1872 5513 ἵνα

362 5621 395 5691 *7
414 5618 573 5674 Deest
601 5619 829 5691 aliquid.
911 5622 930 5652 ⁸
962 5618 1119 5673 Rom.
1152 5636 1223 5686 vr,
1262 5620 1314 5673 9.
1392 5620 1413 5651 ⁸
1439 5620 1609 5691 Apoc.
1644 5636 1759 5683 \‘lll,
1798 5608 1853 5672 ‘2.

287 5686 333 5748 ιι
366 5690 493 5745 Cor.
527 5706 600 5753 Vl,
639 5686 722 5744 16⁷.
1489 5686 1505 5691 ⁷
1847 5692 1850 5696 “

1936 5621 1955 5651 δ
1985 5622 2153 5695 Apoc.
2188 5637 2225 5683 Ι,
2263 5622 2309 5675 Ι.

2050 5186 2250 5241 Verum
2304 5185 2451 5240 haud
2510 5185 2676 5240 dubie
2723 5184 2964 5240 ﬁdelium
3017 5185 3293 5240 mentibus
3336 5183 3559 5255 quidam

1976 5278 2318 5349 obrepsisset
2349 5293 2522 5343 error,
2557 5276 2665 5332 nisi
2700 5278 2966 5347 spiritalis
3000 5277 3160 5334 nobis
3189 5256 3386 5333 sensus
3414 5284 3561 5332 esset

1977 5369 2127 5424 illius
2175 5369 2302 5424 libri
2352 5368 2787 5440 patefactusznt
2830 5369 2958 5424 inde
3009 5369 3372 5435 disceremus,
3423 5368 3559 5423 nihil

1974 5462 2126 5517 tubis
2153 5461 2276 5517 istis
2302 5477 2441 5534 opus
2460 5477 2605 5527 esse,
2622 5463 2717 5519 sed
2745 5462 3011 5534 quidquid
3032 5463 3120 5518 hic
3142 5463 3362 5519 molitur
3391 5462 3557 5527 Deus,

2388 5623 2409 5653 ⁵
2445 5621 2616 5676 Exod.
2658 5638 2784 5690 xxv,
2815 5622 2866 5676 5.
3019 5624 3038 5653 ⁵
3069 5624 3241 5678 Levit.
3270 5638 3419 5684 xxvr,
3462 5622 3557 5691 12;

357 5847 469 5917 (53)
513 5848 613 5900 am
662 5847 721 5900 τὸ
764 5847 851 5917 μὴ
899 5849 986 5913 εἰς
1019 5846 1266 5915 πλάτος.
1322 5848 1550 5905 Scribe:
1593 5847 1691 5901 Διὰ
1723 5847 1777 5902 δὲ
1820 5845 1879 5901 τὸ
1911 5845 1985 5918 μὴ
2018 5847 2095 5910 εἰς
2131 5843 2330 5908 πλάτος
2366 5843 2552 5915 φερειν
2585 5844 2673 5898 τὸν
2704 5842 2878 5913 λόγον,
2907 5844 2995 5897 ἐπὶ
3021 5843 3116 5917 τὴν
3150 5844 3498 5909 animalium,

3470 5940 3491 5969 Ι
