3918 6150
302 318 408 375 933

1022 322 1396 381 ADVERSUS
1436 324 1781 380 ILERESES
1811 323 1883 376 Ll‘

1988 322 2038 378 ll.
2072 321 2235 378 ΤΟΜ.
2280 320 2407 376 1.-
2450 319 2724 376 ΙΙΔΕιῖεδ.
2771 320 2874 375 ι.ιι.

3446 319 3552 375 934

299 440 367 492 δι’
389 439 565 493 αὐτῶν
587 439 830 499 ἐκδικίαν
852 442 1102 511 γενέσθαι
1133 444 1241 498 τῶν
1268 445 1434 500 αὑτοῦ
1468 446 1657 514 ἁγίων.
1697 448 1883 517 Ἐκρα-

1988 461 2123 517 quos
2151 444 2391 500 nondum
2414 444 2507 499 Dei
2535 432 2746 514 justitia
2773 440 3036 508 solvebat,
3057 445 3114 494 ut
3138 444 3346 494 caetera
3362 448 3552 510 gentes

302 531 492 585 τοῦντο
521 531 630 602 γὰρ
656 535 701 586 οἱ
737 535 1154 606 ἐπιτεταγμένοι
1187 537 1409 606 ἄγγελοι
1449 537 1553 591 ὑπὸ
1586 538 1680 594 τοῦ
1714 537 1881 590 Πνεύ-

306 640 493 692 ματος,
532 623 604 694 μὴ
636 624 845 694 ἔχοντες
878 627 1066 697 καιρὸν
1118 627 1437 699 ἐπιδρομῆς,
1469 628 1555 682 διὰ
1605 628 1667 681 τὸ
1716 629 1881 698 μήπω

303 715 448 768 λύειν
484 717 664 778 αὐτοῖς
703 717 801 787 τὴν
835 716 1011 788 δίκην,
1041 716 1133 769 τοῦ
1172 717 1239 770 τὰ
1287 718 1446 772 λοιπὰ
1484 718 1612 789 ἔθνη
1654 717 1873 771 λύεσθαι

302 808 486 859 ῐνεκεν
515 807 613 877 τῆς
647 807 782 878 πρὸς
815 810 938 871 τοὺς
982 808 1165 876 ἁγίους
1197 808 1426 881 ὕϐρεως.
1475 809 1706 863 Λύονται
1743 809 1799 862 δὲ
1831 812 1881 863 οἱ

301 896 549 961 τοιοῦτοι,
587 898 678 950 καὶ
712 898 1030 969 ἐπέρχονται
1062 903 1125 969 τῇ
1160 904 1252 971 γῇ,
1284 902 1359 963 ὡς
1399 902 1646 971 Ἰωάννης
1680 918 1883 971 προφη-

300 988 447 1040 τεύει
483 1001 577 1042 και
622 991 664 1041 3’.
706 990 854 1044 ἄλλοι
886 993 1177 1063 προφῆται.
1212 996 1318 1047 Καὶ
1347 994 1453 1063 γὰρ
1486 995 1796 1059 κινούμενοι
1833 998 1881 1048 οἱ

301 1078 521 1145 ἄγγελοι
553 1079 753 1133 κινοῦσι
780 1082 846 1135 τὰ
875 1082 1003 1153 ἔθνη
1032 1087 1110 1148 είς
1138 1086 1310 1157 ὁρμὴν
1332 1087 1588 1151 ἐκδικίας.
1622 1089 1740 1142 Ὅτι
1778 1090 1793 1120 ¹
1825 1090 1882 1143 δὲ

303 1169 560 1239 πυρίνους
585 1171 675 1222 καὶ
704 1168 958 1237 θειώδεις,
992 1175 1085 1227 καὶ
1121 1176 1460 1240 ὑακινθίνους
1494 1177 1748 1247 θώρακας
1782 1185 1881 1251 ση-

306 1260 505 1329 μαίνει,
532 1261 704 1324 οὐδεὶς
736 1264 1083 1333 ἀμφιϐάλλει.
1135 1268 1344 1321 Ἐκεῖνα
1377 1268 1486 1340 γὰρ
1523 1270 1590 1322 τά
1614 1271 1740 1341 ἔθνη
1778 1272 1883 1325 ἀπὸ

300 1352 398 1421 τῆς
423 1354 678 1423 τοιαύτης
712 1356 878 1425 χρόας
924 1357 1034 1428 ἔχει
1079 1359 1177 1428 τὴν
1206 1361 1490 1430 ἀμφίασιν.
1536 1362 1614 1417 Τά
1652 1365 1751 1434 μὲν
1776 1363 1883 1436 γὰρ

302 1442 495 1514 θειώδη
524 1445 714 1514 ἱμάτια
742 1446 876 1518 χρόα
913 1450 994 1512 τίς
1028 1452 1144 1502 ἐστι
1178 1450 1376 1522 μηλίνη
1409 1452 1549 1506 οὕτω
1577 1454 1881 1527 καλουμένη

302 1535 464 1606 ὲρέα·
499 1537 564 1589 τὰ
596 1537 651 1590 δὲ
680 1538 899 1611 πύρινα,
927 1541 1012 1593 ἵνα
1044 1542 1170 1613 εἴπῃ
1205 1544 1271 1597 τὰ
1305 1545 1553 1616 κοκκηρὰ
1591 1547 1881 1617 ἐνδύματα,

302 1630 397 1683 καὶ
426 1631 724 1695 ύακίνθινα,
755 1634 840 1686 ἵνα
866 1634 1011 1705 δείξῃ
1042 1635 1137 1706 τὴν
1169 1635 1471 1708 Καλλαίνην
1508 1639 1689 1709 ἐρέαν.

373 1723 493 1774 AE'.
534 1723 693 1776 Ἀλλὰ
750 1719 928 1789 οὗτοι,
976 1725 1050 1796 μὴ
1097 1727 1376 1798 δεξάμενοι
1428 1730 1652 1799 Πνεῦμα
1704 1716 1877 1798 ἆγιουξ

301 1813 681 1884 ἀνακρίνονται
712 1815 808 1884 μὲν
841 1817 1243 1886 πνευματικῶς,
1278 1819 1351 1889 μὴ
1393 1819 1634 1881 νοοῦντες
1675 1820 1743 1871 τὰ
1785 1820 1878 1872 τοῦ

303 1903 636 1975 Ιίνεύματος,
686 1907 775 1960 καὶ
823 1907 962 1959 κατὰ
1001 1908 1088 1962 τὸν
1135 1909 1291 1977 λόγον
1326 1909 1635 1981 βουλόμενοι
1681 1912 1880 1979 λέγειν,

301 1996 394 2049 καὶ
422 1997 520 2049 ούκ
558 1998 756 2061 εἰδότες
784 1998 849 2051 τὰ
884 2001 941 2051 ἐν
962 2002 1026 2070 τῇ
1062 2001 1194 2073 ἁγίᾳ
1232 2003 1522 2074 Ἐκκλησία
1549 2005 1879 2075 χαρίσμαται,

301 2088 459 2140 ἅτινα
491 2087 705 2159 ἀληθῶς
746 2091 839 2146 καὶ
871 2092 1146 2156 εὐσταθῶς
1184 2094 1242 2146 ὲν
1281 2094 1747 2167 παρακολουθήσει
1791 2098 1884 2150 καὶ

301 2178 596 2249 ἐρρωμένῳ
641 2179 716 2250 νῷ
753 2181 812 2233 τὸ
851 2182 1074 2253 Πνεῦμα
1107 2184 1167 2236 τὸ
1196 2185 1347 2253 ἆγιον
1376 2185 1671 2255 διηγήσατο
1693 2203 1706 2216 ⁸
1743 2187 1796 2239 οἵ
1823 2204 1883 2240 τε

300 2268 446 2337 ἅγιοι
479 2271 753 2341 προφῆται
787 2273 881 2325 καὶ
918 2274 967 2325 οἱ
1000 2273 1142 2342 ἆγιοι
1170 2275 1487 2328 ἀπόστολον
1532 2279 1589 2329 ὲν
1622 2270 1702 2340 οἷς
1733 2278 1826 2330 καὶ
1855 2280 1883 2331 ό

301 2361 454 2427 ἅγιος
495 2363 743 2433 Ἰωάννης
769 2363 857 2417 διὰ
886 2363 980 2417 τοῦ
1016 2366 1345 2435 Εὐαγγελίου
1381 2367 1473 2420 καὶ
1504 2367 1611 2420 τῶν
1632 2368 1881 2421 Ἐπιστο-

300 2451 408 2507 λῶν
438 2454 531 2505 καὶ
559 2455 665 2524 τῆς
694 2456 1110 2525 Ἀποκαλύψεως
1138 2460 1201 2512 ὲκ
1225 2458 1317 2512 τοῦ
1350 2458 1515 2514 αὑτοῦ
1549 2459 1884 2531 χαρίσματος

299 2544 394 2597 τοῦ
424 2546 581 2613 ἁγίου
619 2548 977 2615 μεταδέδωκε.
1020 2549 1215 2602 Φθάνει
1258 2550 1315 2602 δὲ
1361 2550 1455 2603 καὶ
1493 2551 1580 2604 ἐπ’
1604 2552 1799 2614 αὐτοὺς
1823 2551 1885 2604 τὸ

300 2638 606 2709 εἰρημένον.
632 2640 712 2692 ὅτι
741 2639 824 2705 Τῷ
850 2642 1323 2710 ,ϐλασφημοῦντι
1351 2646 1438 2709 εις
1461 2642 1527 2697 τὸ
1551 2645 1790 2713 Πνεῦμα
1818 2644 1883 2698 τὸ

299 2727 490 2797 ἅγιον,
523 2731 634 2782 οὐκ
685 2730 1049 2798 ἀφεθήσεται
1116 2730 1275 2796 αὐτῷ
1317 2731 1463 2788 οὐδὲ
1514 2734 1582 2786 ἐν
1634 2733 1713 2798 τῷ
1768 2734 1885 2788 νῦν

300 2816 488 2884 ηὶῶιοι,
519 2818 664 2872 οὐδὲ
714 2820 785 2873 ἐν
816 2820 895 2885 τῷ
941 2820 1248 2890 μέλλοντι.
1292 2824 1401 2876 Καὶ
1452 2824 1560 2896 γὰρ
1595 2824 1735 2880 κατὰ
1776 2825 1884 2880 τῶν

304 2910 563 2980 ῥημάτων
600 2911 706 2964 τῶν
747 2912 848 2966 ὑπὸ
887 2914 980 2967 τοῦ
1028 2914 1342 2984 Πνεύματος
1384 2917 1686 2987 εἰρημένων
1739 2910 1882 2972 οὗτοι

303 3003 753 3074 ἐστρατεύσαντο.

1984 538 2049 593 ad
2078 536 2509 609 persequendam
2554 543 2868 590 sanctorum
2895 534 3152 603 injuriam
3184 531 3551 588 solverentur.

1983 625 2151 682 Iidem
2209 633 2391 680 tamen
2449 624 2611 680 soluti
2663 623 2897 693 denique
2959 631 3157 676 terram
3214 621 3439 685 obeunt,
3492 629 3553 673 ut

1981 715 2221 772 Joannes
2259 731 2321 770 ac
2350 715 2629 786 propheta
2659 714 2840 769 caeteri
2876 713 3157 767 vaticinati
3192 719 3340 768 sunt.
3364 710 3554 781 Angeli

1982 810 2126 863 enim
2168 810 2297 864 dum
2330 814 2769 873 commoventur,
2796 813 2983 875 gentes
3009 806 3154 875 ipsas
3185 806 3249 859 ad
3280 804 3552 859 ulciscen-

1983 902 2112 954 dum
2169 906 2534 955 commovent.
2573 897 2693 952 Jam
2739 913 2840 952 cur
2868 898 3068 953 loricas
3123 898 3230 952 illis
3260 897 3471 967 igneas,
3500 902 3555 951 et

1985 992 2333 1063 sulphureas,
2363 1001 2417 1047 et
2439 992 2822 1063 byacinthinas
2846 990 3070 1056 tribuat,
3097 990 3299 1043 nemini
3328 989 3551 1043 dubium

1983 1097 2089 1149 est,
2122 1092 2410 1155 propterea
2438 1086 2583 1155 quod
2607 1084 2740 1138 iisce
2764 1083 3043 1137 coloribus
3065 1083 3307 1152 gentium
3338 1081 3552 1135 illarum

1984 1185 2162 1231 vestes
2180 1176 2397 1231 infecta:
2417 1184 2546 1231 sunt
2564 1193 2579 1243 ;
2596 1189 2720 1228 nam
2735 1174 2877 1244 quod
2901 1173 2967 1228 ad
2993 1172 3317 1242 sulphureas
3342 1172 3554 1234 attinet,

1987 1270 2221 1325 melinus
2252 1271 2358 1325 iste
2402 1270 2554 1324 color
2585 1278 2690 1334 est,
2721 1282 2749 1320 a
2769 1284 2877 1338 quo
2907 1274 2960 1321 et
2988 1267 3125 1321 lanae
3166 1263 3412 1333 quaedam
3440 1278 3558 1332 ~ap-

1984 1362 2279 1431 pellantur.
2325 1359 2499 1431 lgneze
2541 1374 2708 1430 porro
2736 1367 2919 1414 vestes
2968 1358 3259 1413 coccineae
3288 1355 3556 1413 indicant,

1986 1446 2439 1524 Quemadmodum
2488 1451 2969 1524 hyacinthinarum
3007 1448 3273 1504 vocabulo
3307 1446 3557 1503 Callaica:

1987 1546 2144 1612 lanae,
2175 1545 2278 1600 hoc
2310 1553 2395 1600 est
2426 1542 2770 1615 ferruginea},
2802 1540 3198 1612 signiﬁcantur.

2055 1743 2272 1798 XXXV.
2311 1745 2380 1797 At
2408 1743 2484 1797 illi
2514 1759 2638 1797 cum
2675 1743 2849 1798 sancti
2876 1741 3113 1813 Spiritus
3146 1748 3393 1810 expertes
3425 1738 3557 1805 sint,

1984 1836 2228 1904 ejusdem
2258 1836 2306 1889 vi
2342 1834 2581 1905 Spiritus
2606 1850 2724 1905 quae
2745 1835 2865 1903 ejus
2901 1840 3030 1888 sunt
3060 1833 3273 1887 nescire
3299 1831 3558 1885 facillime

1979 1926 2319 1995 judicanlur.
2341 1926 2443 1992 Qui
2469 1941 2590 1980 cum
2618 1924 2805 1981 divino
2822 1926 2987 1980 verbo
3009 1932 3379 1978 consentanea
3409 1921 3559 1990 loqu-i

1983 2017 2155 2073 videri
2177 2018 2388 2081 volunt,
2412 2017 2657 2071 cwlestia
2681 2015 2769 2070 illa
2799 2016 2852 2069 in
2868 2015 3167 2070 Ecclesiam
3181 2014 3376 2068 collata
3396 2012 3558 2075 dona,

1984 2108 2243 2162 vaticinia
2274 2108 2509 2171 scilicet,
2540 2112 2811 2177 ignorant,
2842 2122 2962 2176 qua:
2991 2120 3117 2161 vere
3150 2120 3213 2159 ac
3244 2110 3562 2158 constanter

1985 2215 2081 2269 per
2110 2214 2206 2255 eos
2237 2200 2509 2262 homines,
2532 2198 2627 2267 qui
2651 2213 2714 2252 ea
2742 2213 2864 2267 quae
2891 2196 3141 2250 dicerent
3175 2196 3558 2264 intelligerent,

1986 2304 2050 2345 ac
2102 2290 2254 2344 ﬁrma
2284 2297 2338 2344 et
2378 2290 2609 2343 robusta
2650 2297 2827 2342 mente
2861 2288 3073 2357 praediti
3106 2294 3285 2349 erant,
3320 2285 3561 2355 Spiritus

1986 2393 2211 2441 sanctus
2242 2382 2515 2451 exposuit.
2568 2379 2768 2446 Quales
2817 2381 2991 2434 sancti
3035 2379 3314 2450 prophetat
3349 2387 3400 2432 et
3432 2394 3563 2448 apo-

1986 2476 2111 2532 stoli
2138 2474 2371 2528 fuerunt.
2392 2470 2637 2538 Quorum
2661 2486 2691 2525 e
2718 2485 2946 2525 numero
2976 2471 3170 2525 beatus
3198 2468 3437 2524 Joannes
3466 2483 3563 2538 per

1986 2560 2343 2636 Evangelium
2376 2579 2561 2628 suum,
2597 2571 2763 2632 atque
2795 2562 3087 2632 Epistolas,
3118 2568 3171 2615 et
3197 2560 3561 2631 Apocalypsin

1987 2657 2129 2712 idem
2166 2655 2393 2709 cmleste
2439 2668 2638 2708 munus
2690 2653 2969 2723 impertiit.
3020 2651 3291 2706 Craterum
3339 2652 3393 2705 in
3440 2652 3563 2706 illos

1986 2746 2221 2818 quadrat
2247 2746 2366 2801 haec
2402 2744 2610 2799 Christi
2643 2745 2949 2800 sententia:
2984 2744 3088 2810 Qui
3119 2743 3562 2811 blasphemavcrit

1986 2838 2042 2891 in
2082 2835 2338 2905 Spiritum
2362 2846 2625 2894 sanctum.
2658 2835 2706 2889 ei
2741 2851 2901 2906 neque
2935 2834 2985 2887 iu
3014 2834 3284 2903 prementi,
3318 2849 3477 2903 neque
3508 2831 3563 2885 in

1987 2931 2166 2999 futuro
2199 2929 2393 2983 sarculo
2439 2910 2702 2997 peccatum
2741 2926 2939 2980 remitti
2959 2926 3002 2980 ³.
3061 2924 3197 2978 Nam
3232 2924 3307 2977 illi
3338 2938 3565 2996 expres-

1986 3020 2221 3077 sissimis
2256 3020 2494 3090 Spiritus
2522 3019 2699 3074 sancti
2730 3017 2913 3073 verbis
2946 3023 3133 3087 aperte
3163 3024 3487 3087 repugnant.

374 3094 493 3145 Τῶν
539 3095 593 3148 δὲ
640 3096 896 3149 τοιούτων
944 3099 1037 3151 καὶ
1084 3099 1350 3152 τοσούτων
1394 3100 1696 3172 εἰρημένων
1747 3102 1883 3157 κατὰ

2059 3111 2236 3180 Atque
2269 3110 2381 3165 bzec
2412 3109 2675 3165 adversus
2717 3109 2866 3163 illam
2922 3109 3157 3162 heresin
3190 3108 3336 3161 hunc
3363 3109 3418 3162 in
3450 3124 3564 3162 ιιιο-

299 3187 399 3255 τῆς
436 3186 689 3259 τοιαύτης
735 3189 1020 3260 αἱρέσεως,
1069 3190 1267 3254 ἱκανῶς
1308 3190 1451 3261 ἔχειν
1490 3193 1748 3263 νομίσας,
1789 3196 1884 3248 καὶ

299 3276 375 3339 ὡς
404 3278 820 3349 σκολόπενδραν,
853 3281 885 3352 ἢ
922 3280 1092 3335 ίοῦλον
1127 3282 1456 3354 καλούμενον
1491 3284 1761 3356 (ἑρπετὸν,
1795 3303 1886 3340 πο-

301 3369 524 3433 λύποδα,
548 3373 725 3442 ὀλίγον
754 3374 853 3442 μὲν
877 3377 942 3445 τῇ
974 3374 1198 3446 δυνάμει
1223 3380 1289 3448 τῇ
1320 3378 1630 3450 περιοδυνίᾳ
1656 3379 1746 3433 τοῦ
1783 3379 1883 3444 ἰοῦ,

301 3464 579 3519 πολύπουν
605 3465 662 3519 δὲ
690 3467 788 3519 καὶ
827 3467 1235 3539 μακροείκελον)
1272 3471 1334 3539 τῇ
1366 3469 1461 3523 τοῦ
1495 3470 1630 3525 Θεοῦ
1660 3471 1885 3541 δυνάμει

302 3557 395 3608 καὶ
430 3555 654 3628 ἀληθείᾳ
686 3560 1207 3624 καταπατήσαντες,
1269 3560 1360 3612 ἐπὶ
1402 3560 1502 3624 τὰς
1554 3561 1681 3633 ἑξῆς
1729 3564 1885 3618 πάλιν

303 3648 701 3718 προϐαίνοντες,
735 3653 831 3705 σὺν
866 3653 930 3721 τῇ
964 3651 1056 3704 τοῦ
1096 3652 1228 3705 Θεοῦ
1257 3653 1481 3724 δυνάμει
1523 3654 1711 3725 ἴωμεν,
1751 3657 1887 3725 ἀγα-

286 3741 484 3810 ιπητοί.

701 3857 890 3910 ΚΑΤΑ
928 3857 1331 3912 ΑΔΑΜΙΛΝΩΝ
1350 3856 1483 3930 (63),

711 3971 951 4039 Αἵρεσις
974 3971 1085 4025 AB’
1117 3974 1154 4041 ἡ
1190 3972 1285 4026 καὶ
1322 3976 1451 4027 NB’.

370 4080 449 4136 ΑΩ
490 4082 804 4152 Ἀσφάλακα
859 4083 1082 4137 ιαιλοῦσί
1131 4103 1184 4138 τι
1224 4085 1362 4150 ζῶον
1406 4089 1464 4140 έν
1494 4089 1561 4158 τῇ
1614 4090 1684 4159 γῇ
1738 4088 1888 4141 κάτω

302 4171 635 4241 ὲμφωλεῦον,
673 4174 999 4245 τετράπουν,
1029 4177 1048 4205 ²
1096 4173 1309 4245 όρύττει
1378 4176 1477 4247 τὴν
1537 4175 1661 4246 γῆν,
1700 4176 1792 4230 καὶ
1828 4177 1887 4229 ὲν

302 4265 411 4325 τοῖς
440 4264 761 4333 μυχοτάτοις
786 4263 956 4334 αὐτῆς
991 4262 1102 4335 ἔχει
1130 4265 1227 4335 τὴν
1259 4265 1489 4334 οἴκησιν.
1518 4265 1599 4318 Τὰ
1629 4265 1685 4319 δὲ
1710 4265 1889 4320 πάντα

302 4351 395 4405 τοῦ
430 4351 570 4417 ζὼου
610 4354 846 4424 ὑπάρχει
879 4354 1011 4407 ὡσεὶ
1045 4355 1243 4426 μικροῦ
1292 4354 1560 4419 σκύλακος
1598 4356 1757 4419 κυνὸς
1789 4355 1887 4427 τὴν

1986 3201 2116 3255 dum
2150 3202 2374 3271 copiose
2416 3200 2692 3269 disputata
2744 3197 2991 3253 sutiicere
3034 3196 3328 3251 credimus.
3391 3196 3561 3261 Quam

1986 3294 2133 3347 velut
2170 3292 2611 3362 scOpolendram,
2645 3291 2737 3360 qui
2779 3298 2832 3345 et
2866 3290 3014 3344 iulus
3042 3288 3247 3342 dicitur
3273 3287 3565 3357 (serpentis
3622 3334 3641 3349 κ
3720 3298 3747 3337 ',

1987 3382 2039 3436 id
2064 3397 2234 3452 genus
2260 3391 2365 3445 est,
2389 3382 2666 3451 multipes,
2689 3381 3043 3443 imbecillum,
3065 3378 3222 3449 cujus
3241 3379 3391 3434 virus
3421 3377 3564 3432 haud

1987 3489 2246 3545 magnum
2274 3473 2429 3529 aﬂ'crt
2464 3474 2731 3538 dolorem,
2787 3472 2886 3528 sed
2931 3481 2986 3527 et
3030 3472 3220 3543 pedes.
3274 3479 3332 3524 ut
3361 3471 3565 3525 dictum

1988 3575 2093 3627 est,
2118 3565 2306 3634 plures
2334 3564 2515 3630 habet,
2539 3573 2593 3621 et
2618 3565 2912 3635 oblongum
2942 3565 3071 3630 est),
3098 3578 3222 3618 cum
3251 3563 3434 3618 divina
3456 3562 3569 3617 vir.-

1989 3665 2105 3713 tute
2139 3673 2204 3712 ac
2248 3658 2480 3714 veritate
2524 3657 2964 3728 protriverimus,
2997 3655 3164 3727 £58
3199 3655 3265 3709 ad
3303 3655 3563 3723 reliquas,

1986 3750 2323 3817 charissimi,
2354 3766 2481 3805 cum
2511 3749 2698 3804 eadem
2731 3748 2823 3803 Dei
2853 3762 2956 3816 ope
2987 3746 3423 3816 progrediamur.

2394 3834 2673 3915 conruit
2711 3855 3133 3921 ADAMIANOS,

2378 3971 2613 4027 eresis
2646 3970 2874 4026 XXXII
2907 3972 3013 4026 sive
3037 3970 3170 4024 LII.

2056 4086 2096 4141 1.
2134 4084 2361 4157 Talpam
2400 4101 2574 4158 genus
2612 4084 2886 4156 quoddam
2929 4082 3183 4137 animalis
3218 4087 3561 4150 nuncupant,

1988 4176 2324 4249 quadrupes,
2376 4177 2526 4248 quod
2571 4177 2675 4234 sub
2726 4183 2873 4229 terra
2908 4174 3146 4228 latebras
3178 4173 3358 4235 habet,
3390 4186 3565 4240 eaque

1987 4269 2208 4337 effossa,
2258 4270 2315 4325 in
2358 4269 2569 4325 intimis
2620 4269 2770 4324 illius
2810 4266 3183 4338 penetralibus
3226 4263 3562 4318 domicilium

1989 4362 2241 4417 collocat.
2295 4361 2395 4417 Est
2428 4369 2609 4417 autem
2640 4361 2840 4416 canino
2868 4359 3050 4414 catulo
3080 4357 3263 4427 specie
3289 4370 3450 4426 quam
3484 4355 3565 4409 si-

304 4444 655 4515 περιφέρειαν
680 4445 780 4517 τῆς
811 4445 1024 4517 ἡλικίας
1062 4445 1203 4517 ἕχον,
1238 4439 1283 4515 ᾧ
1332 4447 1451 4500 οὐδὲ
1468 4447 1622 4511 ’ὅλως
1651 4448 1883 4520 ὑπάρχει

1990 4454 2300 4519 millimum,
2332 4454 2635 4526 eodemque
2663 4461 2888 4509 statum
2914 4450 3119 4505 ambitu
3151 4457 3432 4510 constans.
3468 4448 3566 4502 sed

302 4537 508 4607 ὅρασις.
556 4538 934 4610 Ἐρημωτικὺν
975 4539 1033 4592 δὲ
1056 4538 1134 4610 ίδν
1166 4538 1229 4592 τὸ
1268 4538 1429 4604 ζῶον,
1460 4540 1703 4595 κάτωθεν
1735 4541 1886 4612 ἐκρι-

304 4626 429 4693 ζοῦν
472 4629 649 4683 πάντα
698 4628 779 4681 τὰν
810 4629 920 4683 τῶν
962 4629 1281 4701 ἀνθρώπων,
1305 4633 1693 4703 γεωργήματα,
1725 4633 1794 4686 τά
1824 4650 1883 4685 τε

308 4735 465 4790 σικυη
475 4720 543 4791 ρὰ
564 4719 632 4773 τὰ
654 4721 907 4791 μάλιστα,
935 4723 1031 4776 καὶ
1050 4722 1120 4776 τὰ
1137 4723 1332 4795 δριμέα
1358 4724 1695 4795 φυτεύματα.
1723 4741 1887 4796 κρομ-

309 4811 459 4891 μύων
498 4830 559 4865 τε
595 4813 689 4866 καὶΙ
735 4813 1021 4884 σκορόδων,
1071 4813 1277 4884 βολϐῶν
1318 4815 1412 4868 καὶ
1456 4815 1563 4869 τῶν
1603 4814 1882 4879 τοιούτων,

306 4904 504 4974 κρίνων
530 4923 590 4959 τε
621 4907 715 4960 καὶ
741 4906 848 4959 τῶν
875 4906 1066 4960 ἄλλων.
1106 4907 1232 4961 Ἐὰν
1264 4907 1320 4961 δὲ
1344 4907 1504 4962 λαθὸν
1537 4908 1593 4960 ὲν
1624 4906 1701 4978 τῷ
1724 4906 1886 4978 ὀρύτ-

303 5013 417 5050 τειν
448 4996 627 5069 φθάσῃ
660 5000 753 5051 ἐπὶ
781 4996 881 5068 τῆς
907 5000 1008 5070 γῆς
1046 4998 1171 5066 ἔξω,
1199 5001 1281 5064 είς
1322 4999 1414 5054 τὸν
1441 4999 1582 5071 ἀέρα
1608 4998 1882 5068 γενέσθαι,

304 5089 338 5161 ᾗ
375 5089 536 5153 ἁλοὺς
573 5088 862 5161 θηρευθείη
909 5091 1015 5143 ὑπὸ
1062 5091 1170 5144 τῶν
1218 5092 1540 5163 ἀνθρώπων,
1586 5091 1789 5160 γέλοιόν
1830 5108 1886 5147 τι

306 5183 522 5250 ἐμποιεῖ
552 5181 686 5234 πᾶσι
721 5182 830 5244 τοῖς
863 5181 1018 5235 τοῦτο
1047 5182 1107 5235 τὸ
1149 5181 1284 5246 ζῶον
1318 5184 1659 5256 θηρεύσασιν.
1700 5184 1887 5249 Οὕτως

308 5274 400 5326 καὶ
428 5273 590 5337 αὐτὸς
614 5274 876 5345 ἐπιχειρῶ
902 5274 1080 5343 λέγειν
1116 5278 1243 5347 περὶ
1271 5280 1368 5347 τῆς
1395 5278 1509 5329 νυνὶ
1540 5277 1679 5347 μετὰ.
1700 5280 1888 5349 χεῖρας

305 5365 587 5438 αἱρέσεως,
611 5363 687 5428 ὡς
715 5365 811 5436 μὲν
856 5366 996 5420 κατὰ
1027 5368 1126 5437 τὴν
1164 5366 1392 5437 καρδίαν
1431 5367 1753 5435 τυφλώττει,
1796 5370 1891 5423 καὶ

374 5519 391 5567 ¹-
430 5522 575 5596 Lege
628 5524 748 5577 ὅτι.
827 5524 848 5554 ⁹
882 5520 1222 5595 Βεεειὸπερ.
1303 5523 1323 5555 ³
1352 5522 1515 5578 Marc.
1552 5540 1633 5587 ιιι,
1673 5520 1769 5580 ἳθξ

1989 4544 2110 4599 visu
2150 4546 2369 4614 penitus
2406 4554 2572 4600 caret.
2639 4545 2781 4600 Idem
2835 4543 2981 4614 agris
3028 4543 3340 4596 vastitatem
3385 4537 3564 4603 aﬂert,

1985 4644 2042 4691 et
2064 4651 2252 4691 eorum
2287 4650 2409 4705 qua;
2455 4634 2736 4689 hominum
2769 4634 2956 4687 labore
2982 4630 3194 4686 consita
3244 4636 3393 4691 sunt,
3419 4628 3567 4681 radi-

1985 4745 2081 4784 ces
2118 4728 2334 4793 evellit;
2382 4726 2477 4782 sed
2510 4740 2866 4780 cucumerum
2899 4725 2954 4778 iu
2998 4723 3210 4793 primis,
3257 4729 3369 4774 tum
3402 4719 3563 4789 quid-

1984 4820 2115 4892 quid
2137 4820 2411 4874 acriorum
2439 4823 2524 4871 est
2551 4815 2854 4871 seminum:
2890 4812 3200 4882 cujusmodi
3230 4818 3358 4867 sunt
3380 4825 3561 4880 cepte,

1985 4913 2135 4978 allia,
2185 4910 2358 4975 bulbi,
2404 4915 2712 4978 ceteraque
2756 4907 2809 4967 id
2858 4921 3069 4977 genus;
3112 4904 3243 4960 item
3298 4903 3431 4966 lilia,
3480 4911 3565 4956 at-

1985 5018 2092 5073 que
2146 5001 2252 5054 alia
2305 5000 2584 5071 pleraque.
2653 4999 2809 5067 Quod
2862 4999 2910 5054 si
2960 4997 3217 5053 fodiendo
3246 4996 3464 5051 demum
3495 4995 3562 5049 ad

1982 5094 2310 5151 exteriorem
2357 5100 2518 5148 terra:
2564 5091 2935 5163 superﬁciem,
2987 5098 3344 5160 apertumque
3380 5100 3563 5140 aerem

1984 5186 2314 5256 pervenerit,
2359 5192 2454 5239 aut
2485 5185 2765 5239 hominum
2796 5182 3012 5238 insidiis
3056 5189 3249 5252 captus
3282 5180 3468 5246 fuerit,
3497 5178 3564 5234 iis

1988 5293 2018 5333 a
2045 5278 2249 5349 quibus
2287 5285 2486 5349 captus
2516 5285 2621 5343 est,
2662 5277 2935 5333 ludicrum
2969 5276 3038 5332 de
3079 5291 3139 5332 se
3184 5272 3562 5345 spectaculum

1988 5370 2212 5441 praebet.
2250 5370 2396 5427 idem
2430 5370 2592 5428 nobis
2629 5371 2698 5427 de
2729 5386 2816 5437 ea,
2858 5386 3021 5442 quam
3053 5384 3165 5441 prae
3186 5366 3437 5423 manibus
3468 5364 3560 5417 ha-

398 5677 941 5751 (ϐωμἎδαμιαιξῶν.
1007 5678 1385 5751 Spurcissimar.
1440 5678 1603 5749 hujus
1663 5677 1885 5733 haeresis
1939 5684 2217 5735 auctorem
2273 5675 2649 5736 Thcodoretus
2690 5674 2819 5730 facit
2886 5673 3210 5738 Prodicum,
3246 5669 3404 5741 cujus
3446 5680 3563 5722 mc-

308 5750 466 5808 minit
496 5748 667 5803 Clem.
708 5763 764 5804 ιιι
803 5750 1004 5804 Stram.
