3952 6134
318 340 421 399 957

990 346 1360 403 aovansus
1401 346 1742 404 ιιέειιεεεε
1771 310 1898 403 LlB.

2051 346 2218 403 T031.
2262 348 2301 401 Ι.
2339 378 2408 389 --
2430 347 2702 406 "ERES.
2736 349 2845 405 ιιι.

3490 338 3596 397 938

319 453 511 524 γυμνοὶ
566 457 717 519 ὄντες
755 456 1018 511 τελοῦσιν.
1072 458 1135 512 Et
1182 458 1239 511 δὲ
1272 458 1439 524 δόξειε
1490 459 1648 524 τινὰ,
1684 460 1760 521 ὡς
1815 458 1909 513 καὶ

2037 474 2185 529 .eque
2218 454 2369 530 ipsos
2411 459 2557 514 hunc
2605 460 2660 514 in
2703 459 2923 513 modum
2968 455 3266 527 decipiunt.
3315 453 3434 508 Jam
3468 467 3599 508 vero

316 543 479 598 τοῦτο
507 548 756 617 λέγουσιν
776 590 789 614 ,
843 550 901 603 ἐν
950 549 1353 621 παραπτώματι
1406 551 1657 619 γενέσθαι
1680 592 1695 618 ,
1727 552 1910 605 οὐκέτι

324 639 513 694 τοῦτον
568 642 857 709 συνάγουσι
928 643 1200 697 Φάσκουσι
1257 644 1365 715 γὰρ
1415 646 1576 699 αὑτὸν
1608 646 1699 699 τὸν
1744 645 1913 714 Ἀδάμ

324 734 416 786 τὸν
450 732 765 804 βεϐρωκότα
804 734 911 786 ἀπὸ
952 734 1045 788 τοῦ
1081 736 1239 802 ξύλου
1266 776 1279 799 ,
1313 737 1405 789 καὶ
1442 736 1719 807 κρίνουσιν
1754 736 1925 800 ὲξειῖνκ

328 825 449 878 σθαι
482 826 558 888 ὡς
610 825 715 879 ἀπὸ
768 824 862 879 τοῦ
906 828 1236 898 παραδείσου
1261 868 1274 891 ,
1305 828 1552 881 τουτέστι
1585 829 1681 897 τῆς
1731 826 1912 882 αὑτῶν

341 917 685 986 Ἐκκλησίας.
734 916 1021 984 Ἡγοῦνται
1049 922 1155 989 γάρ
1196 920 1293 988 τὴν
1322 919 1531 973 ἑαυτῶν
1586 918 1912 989 Ἐκκλησίαν

328 1005 467 1061 εἶναι
517 1008 609 1059 τὸν
663 1009 1029 1079 παράδεισον,
1064 1010 1154 1062 καὶ
1204 1012 1401 1074 αὐτοὺς
1439 1006 1577 1063 εἶναι
1625 1012 1751 1074 τοὺς
1786 1010 1914 1081 περὶ

340 1097 511 1168 Ἀδὰμ
544 1097 636 1151 καὶ
672 1097 831 1151 Εὕαν.
879 1098 997 1152 Τίνι
1044 1095 1138 1153 οὖν
1173 1100 1249 1170 τῷ
1283 1100 1425 1171 λόγῳ
1465 1100 1789 1153 ὑποκαίουσι
1822 1100 1913 1153 τδν

328 1189 597 1250 οἰκίσκον,
630 1188 717 1241 ἵνα
755 1189 829 1259 μὴ
870 1189 930 1243 τὸ
970 1189 1136 1259 κρύος
1168 1189 1347 1243 αὑτῶν
1380 1190 1696 1261 ὲφάψηταις
1744 1189 1916 1261 Ἀδὰμ

328 1279 436 1350 γὰρ
472 1278 565 1332 καὶ
597 1277 708 1332 Εὔα
736 1280 837 1333 οὑκ
862 1282 919 1333 ἐν
954 1282 1283 1352 ὑποκαύστῳ
1309 1284 1443 1354 οἴκῳ
1473 1284 1571 1354 τὴν
1599 1283 1806 1336 δίαιταν
1835 1278 1915 1335 εἴ·

328 1392 453 1447 χον,
486 1375 607 1429 οὔτε
641 1377 697 1429 ἐν
726 1376 951 1447 φλογμῷ
986 1396 1090 1431 τινι
1125 1378 1482 1443 ὑπεπιέζοντο
1510 1419 1523 1439 ,
1574 1373 1697 1431 οὔτε
1750 1376 1917 1449 κρύος

329 1468 523 1530 αὐτοὺς
551 1466 807 1538 ἐφόρτου’
842 1463 908 1539 ἦν
939 1467 995 1521 δὲ
1030 1469 1212 1533 αὐτοῖς
1246 1470 1351 1540 ἀὴρ
1375 1467 1758 1540 καθαρώτατος
1780 1509 1794 1532 ,
1821 1468 1913 1522 καὶ

329 1556 507 1627 πάσης
540 1556 839 1627 εὐκρασίας
887 1559 1166 1622 εὐτάκτως
1210 1561 1273 1612 ἐκ
1324 1558 1460 1611 Θεοῦ
1499 1558 1911 1630 μεμερημένος,

328 1648 449 1702 οὗτε
514 1651 813 1721 ἀπηνότητι
848 1651 1083 1723 ψυχρίας
1126 1654 1530 1723 τετονωμὲνος,
1584 1652 1706 1705 οὔτε
1760 1654 1916 1723 ἀηδε-

331 1739 499 1812 στάτῃ
526 1739 832 1812 ἐκπυρώσει
859 1741 1138 1803 καύσωνος
1178 1742 1587 1813 ἐπηρτημένοςσ
1609 1742 1826 1814 διαίταη
1861 1743 1918 1795 δὲ

2016 549 2277 604 lectiones
2311 562 2375 603 ac
2424 549 2633 618 reliqua
2673 548 2725 602 id
2763 562 2935 618 genus
2980 548 3185 601 obeunt
3232 545 3385 600 nudi.
3443 541 3597 609 Quod

2014 641 2059 695 si
2095 640 2243 708 quis,
2276 650 2334 693 ut
2367 640 2551 694 dicere
2581 641 2780 701 solent,
2813 641 2866 693 in
2903 641 3119 709 culpam
3155 640 3343 709 lapsus
3376 654 3499 694 esse
3530 638 3605 692 vi-

2013 731 2225 797 deatur,
2272 732 2416 785 hunc
2463 733 2517 786 in
2554 742 2884 788 conventum
2916 722 3335 788 suum'minime
3366 732 3601 800 amplius

2015 821 2303 889 recipiunt.
2350 821 2614 875 Adamnm
2644 823 2790 878 enim
2826 824 2977 877 illum
3009 840 3133 878 esse
3167 824 3376 885 dicunt,
3410 822 3504 890 qui
3535 822 3603 876 de

2017 913 2162 982 ligno
2189 913 2542 977 comederit‘,
2587 927 2749 985 atque
2777 932 2807 971 e
2837 917 3113 985 paradiso,
3165 916 3270 969 hoc
3299 924 3381 969 est
3409 913 3595 967 Eccleo

2017 1005 2099 1060 sia
2130 1019 2251 1070 sua,
2282 1007 2757 1061 exterminandum
2789 1008 3058 1077 iudicant.
3128 1007 3262 1060 Nam
3306 994 3604 1063 Ect-l'esiam

2016 1113 2172 1152 suam
2211 1099 2527 1168 paradisum
2569 1115 2691 1154 esse
2719 1108 3009 1166 statuunt;
3066 1102 3279 1171 seipsos
3307 1114 3434 1152 vero
3463 1097 3608 1150 Ada-

2017 1204 2165 1244 mum
2200 1197 2253 1245 et
2284 1190 2469 1245 Evam.
2518 1192 2631 1247 Cur
2674 1194 2841 1261 igitur
2890 1196 3082 1249 subter
3124 1192 3437 1247 cubiculum
3476 1189 3608 1243 illud

2017 1283 2197 1354 ignem
2230 1287 2494 1345 excitant.
2517 1301 2584 1339 ne
2609 1285 2814 1356 frigore
2837 1287 3206 1342 infestentur?
3242 1285 3449 1339 Etenim
3469 1282 3612 1337 Ada—

1980 1402 1983 1405 ·
2019 1392 2143 1431 mus
2174 1385 2228 1433 et
2258 1376 2368 1431 Eva
2405 1395 2582 1448 neque
2615 1380 2667 1432 in
2716 1380 3059 1451 hypocausta
3085 1379 3377 1449 degebant,
3435 1388 3613 1443 neque

2020 1473 2213 1527 ardore
2243 1474 2373 1538 ullo,
2399 1483 2563 1543 atque
2590 1483 2726 1530 mstu
2758 1473 3174 1544 premebantur;
3204 1488 3304 1525 nec
3335 1470 3504 1524 ullum
3532 1468 3614 1522 eis

2020 1565 2195 1636 frigus
2224 1575 2341 1620 erat
2378 1568 2703 1625 molestum:
2752 1567 2844 1621 sed
2883 1567 3178 1636 purissimo
3206 1580 3331 1618 acre
3356 1562 3613 1616 frueban-

2022 1665 2131 1721 tur,
2168 1673 2232 1713 ac
2264 1658 2493 1712 mirifice
2523 1676 2552 1713 a
2604 1657 2712 1713 Deo
2745 1665 3066 1729 temperato.
3110 1657 3201 1724 qui
3256 1671 3357 1710 nec
3394 1652 3614 1724 frigoris

2022 1751 2311 1804 atrocitate
2347 1751 2741 1813 vehementior,
2796 1766 2896 1803 nec
2930 1750 3321 1803 molestissimo
3373 1746 3611 1801 incendii

330 1832 603 1902 ἀμϐροσία
647 1832 789 1903 μάλα
822 1834 885 1885 ἐκ
936 1834 1071 1887 Θεοῦ
1105 1836 1482 1906 πεποιημένη’
1522 1838 1549 1888 ὁ
1578 1834 1755 1907 χῶρος
1799 1836 1919 1889 ἐτέ-

2037 1842 2229 1896 ardore
2261 1842 2535 1897 violentus
2572 1842 2902 1896 immineret.
2946 1840 3135 1895 Victus
3171 1840 3361 1894 iisdem
3391 1833 3613 1892 ambro-

330 1940 515 1987 τακτο,
546 1923 810 1997 θυμηδίας
839 1927 933 1979 καὶ
967 1927 1202 1991 εὑζωῖας
1234 1928 1623 1998 πεποιημένος.
1660 1928 1772 1982 Καὶ
1798 1929 1920 1982 οὕτε

333 2015 474 2086 ῥίγει
511 2017 820 2070 ὑπέπιπτον
864 2017 986 2070 οὗτε
1017 2018 1279 2080 καύσωνι,
1324 2020 1400 2083 ὠς
1427 2021 1583 2091 ἔφην.
1621 2020 1840 2074 Τούτων
1865 2019 1923 2073 δὲ

331 2109 586 2162 τοιούτων
618 2110 1016 2182 ἐπιδεομένων,
1074 2112 1218 2181 μάλα
1258 2112 1386 2183 παρ’
1434 2114 1618 2176 αὐτοῖς
1666 2115 1699 2184 ή
1757 2112 1923 2184 χλεύη

334 2199 561 2267 γίνεται.

406 2399 479 2453 Ι”.
514 2396 647 2453 Εἶτα
678 2398 735 2452 δέ
790 2398 884 2453 καὶ
926 2399 987 2453 τὸ
1026 2398 1215 2473 ἕτερον
1264 2402 1628 2472 σκοπήσωμεν
1654 2443 1667 2466 ’
1726 2402 1841 2466 πῶς
1892 2404 1925 2474 ἡ

337 2494 486 2546 πᾶσα
539 2492 715 2563 πλάνη
754 2492 1090 2563 διελέγχεται
1117 2535 1130 2554 ,
1164 2494 1245 2546 ὅτι
1280 2494 1340 2546 οὑ
1392 2494 1519 2563 μίαν
1546 2493 1696 2563 ὤραν
1732 2496 1927 2548 ἐκεῖνοι

336 2584 532 2654 γυμνοὶ
572 2579 754 2655 ἦσαν,
802 2582 937 2636 ἀλλὰ
987 2582 1279 2653 διηνεκῶς,
1314 2584 1405 2637 καὶ
1454 2584 1553 2636 οὐκ
1609 2583 1926 2655 ᾐσχύνοντο.

337 2676 556 2740 Τούτοις
589 2676 649 2729 δὲ
687 2676 747 2729 οὐ
790 2676 877 2729 διὰ
908 2675 969 2728 τὸ
1025 2676 1100 2747 μὴ
1132 2676 1486 2747 αίσχύνεσθαι
1524 2678 1557 2746 ή
1614 2676 1928 2762 γύμνωσιῆ

338 2774 440 2829 κάν
466 2791 525 2826 τε
559 2772 730 2836 οὕτως
760 2772 912 2826 αὑτοὶ
937 2771 1252 2843 νομίσωσιν,
1287 2772 1401 2825 ἀλλ’
1437 2772 1599 2824 ἕνεκα
1633 2773 1931 2842 ἀκορέστου

338 2868 568 2938 ἡδονῆς,
612 2867 799 2940 κόραις
854 2865 1150 2936 ὀφθαλμῶν
1207 2863 1545 2935 ἐμποιούσης
1579 2860 1678 2935 τὴν
1732 2864 1930 2928 θέλξιν.

350 2958 653 3031 Ἀφῄρηται
704 2958 815 3030 γὰρ
850 2959 944 3011 ἀπ’
983 2956 1163 3011 αὑτῶν
1215 2960 1247 3029 ἡ
1304 2954 1477 3018 αἰδὼ,
1518 2957 1551 3026 ἠ
1611 2957 1670 3009 ἐν
1731 2956 1935 3020 πάσαις

336 3052 520 3120 ἁγίαις
554 3053 797 3121 Γραφαίξ
832 3050 1228 3121 ἐπαινουμένη·
1267 3049 1360 3102 καὶ
1398 3047 1615 3117 ἀληθῶς
1644 3047 1935 3119 πεπλήρω-

2034 1934 2114 1989 sia
2140 1940 2256 1989 erat
2287 1949 2317 1988 a
2347 1933 2455 1988 Deo
2486 1941 2695 2009 parata.
2732 1931 2911 1987 Locus
2942 1933 3058 2003 ipse
3087 1932 3253 2004 460
3277 1931 3511 1999 denique
3544 1929 3611 1982 ad

2032 2042 2249 2082 omnem
2297 2039 2415 2082 erat
2467 2028 2801 2097 voluptatem
2853 2026 3367 2096 jucundttatemque
3416 2025 3613 2077 factus.

2027 2117 2104 2171 Ita
2154 2124 2213 2170 ιιι
2242 2132 2418 2183 neque
2461 2117 2631 2185 algori
2687 2133 2864 2186 neque
2926 2115 3101 2179 aestui,
3160 2111 3617 2184 quemadmodum

2030 2208 2494 2271 diximus,essent
2514 2208 2764 2262 obnoxii.
2798 2213 2865 2260 At
2895 2208 2970 2260 illi
3000 2223 3123 2259 cum
3158 2205 3465 2260 istiusmodi
3498 2204 3622 2256 vita:

2028 2300 2457 2380 necessitatibus
2493 2299 2726 2369 expositi
2756 2298 2889 2361 sint,
2941 2298 3168 2352 omnino
3216 2295 3433 2350 ridiculi
3470 2307 3617 2349 sunt.

2102 2413 2189 2470 Ill.
2230 2413 2373 2480 Quin
2406 2413 2542 2467 illud
2578 2430 2682 2467 una
2714 2409 3180 2467 considerandum
3214 2418 3322 2469 est,
3353 2406 3620 2476 quemad-

2032 2507 2256 2561 modum
2296 2523 2363 2562 ex
2399 2523 2463 2560 eo
2518 2506 2689 2561 refelli
2741 2504 2919 2559 omnis
2965 2503 3197 2557 istorum
3237 2515 3395 2555 error
3426 2500 3621 2569 possit.

2033 2594 2169 2649 Nam
2205 2597 2362 2666 primi
2391 2597 2563 2651 nostri
2600 2604 2853 2666 parentes
2892 2610 2997 2649 non
3030 2609 3136 2648 una
3172 2594 3435 2646 duntaxat
3468 2591 3622 2652 hora,

2036 2691 2128 2743 sed
2156 2696 2419 2757 perpetuo
2453 2688 2580 2741 nudi
2619 2688 2739 2743 sine
2770 2688 2879 2740 ullo
2908 2688 3113 2756 pudore
3141 2682 3622 2754 perseverabant’.

2036 2781 2104 2831 At
2129 2780 2217 2833 isti
2249 2795 2356 2833 non
2390 2779 2536 2847 quod
2570 2779 2778 2847 pudore
2808 2784 3053 2837 careant,
3087 2784 3375 2844 propterea
3408 2773 3624 2825 nudan-

2038 2878 2150 2934 tur,
2192 2871 2409 2924 tametsi
2448 2872 2521 2924 ita
2565 2872 2669 2925 sibi
2718 2870 3107 2939 persuadeant,
3149 2870 3243 2922 sed
3278 2867 3331 2920 id
3360 2866 3628 2920 insatiatm

2039 2962 2250 3015 libidini
2276 2962 2546 3027 tribuunt,
2572 2976 2692 3030 qum
2713 2960 2983 3029 ejusmodi
3010 2960 3187 3014 oculis
3224 2956 3509 3010 illecebras
3531 2963 3628 3008 ob-

2035 3051 2178 3121 jicit.
2251 3051 2535 3121 Siquidem
2567 3068 2785 3107 oinnem
2824 3051 2900 3105 illi
2938 3049 3324 3106 verecundiam
3356 3048 3628 3116 deposue-

337 3158 425 3195 ται
452 3142 514 3195 τὸ
549 3140 702 3213 παρὰ
728 3142 805 3212 τῷ
850 3143 1105 3214 προφήτῃ
1138 3140 1427 3211 εἰρημένον
1468 3139 1550 3204 τὸ,
1583 3141 1764 3208 Ὀψις
1792 3141 1929 3207 πόρε

2042 3151 2188 3205 runt,
2226 3160 2348 3214 quae
2377 3143 2430 3196 in
2464 3144 2721 3198 omnibus
2756 3145 2930 3198 sacris
2966 3142 3271 3211 Scripturis
3297 3152 3379 3195 est
3413 3140 3628 3194 laudata

338 3252 451 3301 mc
476 3233 715 3303 ἐγένετό
738 3251 838 3289 σοι
859 3251 872 3263 ·
902 3234 1483 3303 ἀπηναισχύντησας
1499 3232 1651 3301 πρὸς
1676 3231 1926 3299 πάντας.

339 3325 492 3378 Μετά
522 3325 577 3378 δὲ
609 3326 707 3395 τὴν
745 3326 894 3396 ὤραν
939 3326 1153 3393 ἐκείνην
1182 3325 1286 3391 ἔξω
1336 3327 1569 3395 ἱματίοις
1606 3326 1934 3395 ἀμφιέννυν-

338 3432 428 3469 ται
447 3468 459 3483 ,
504 3417 598 3470 καὶ
631 3418 813 3471 οὐκέτι
843 3419 978 3471 εἰσὶν
1005 3420 1035 3471 ό
1080 3417 1271 3486 Ἀδάμ.
1307 3416 1443 3471 Οὑτε
1465 3417 1574 3489 γὰρ
1598 3417 1758 3480 εὐθὺς
1789 3418 1934 3471 ἐκεῖ-

345 3524 427 3571 νος
462 3508 697 3578 ἱματίοις
752 3509 1066 3581 ηὐπόρησεν
1100 3526 1113 3540 ο
1156 3509 1295 3562 ἀλλὰ
1345 3508 1562 3580 πρῶτον
1618 3509 1715 3579 μὲν
1759 3507 1934 3577 φύλλα

343 3601 512 3670 συκῆς
534 3642 548 3662 ,
574 3600 763 3654 ἔπειτα
795 3601 850 3655 δέ
878 3601 1111 3672 χιτῶνας
1139 3601 1498 3673 δερματίνους
1519 3641 1532 3665 ,
1565 3600 1660 3653 καὶ
1686 3598 1764 3662 ὼς
1795 3598 1935 3669 μετὰ

342 3692 511 3745 πολὺν
558 3693 749 3763 χρόνον
800 3694 899 3765 τῆς
935 3693 1115 3747 αὑτῶν
1155 3692 1300 3763 ζωῆς
1345 3695 1379 3763 ή
1422 3691 1793 3763 παμποίκιλος
1838 3687 1933 3742 τοῦ

341 3777 476 3832 Θεοῦ
510 3781 669 3848 σοςία
698 3781 797 3850 τὴν
821 3783 1028 3853 εἴδησιν
1066 3782 1253 3845 αὑτοῖς
1295 3781 1519 3834 ἐνέϐαλε
1549 3781 1657 3833 τῶν
1688 3777 1931 3849 ἀμφίων.

345 3871 449 3926 Καὶ
482 3872 622 3925 κατὰ
658 3873 836 3927 πάντα
874 3874 1075 3944 τρόπον
1112 3874 1267 3927 αὑτοὶ
1300 3873 1764 3943 χλευασθὴσονται
1786 3911 1802 3933 ,
1841 3870 1935 3925 λέ-

345 3982 531 4034 γοντες
563 3965 788 4028 ἑαυτοὺς
824 3962 963 4019 εἶναι
1008 3966 1136 4030 τοὺς
1189 3966 1317 4034 περὶ
1364 3965 1566 4035 Ἀδὰμ,
1598 3963 1933 4034 καταψευδό-

351 4071 498 4125 μενοι
536 4055 743 4109 ἑαυτῶν
769 4097 784 4119 ,
834 4057 928 4110 καὶ
965 4057 1081 4128 ἅμα
1125 4054 1505 4127 ἀληθεύοντες.
1542 4055 1665 4109 Ὅτι
1698 4055 1797 4126 μὲν
1828 4054 1937 4127 γὰρ

348 4136 491 4197 οὗτοι
534 4144 705 4215 Ἀδὰμ
738 4145 835 4216 οὑχ
868 4146 1172 4216 ὑπάρχουσι
1196 4189 1209 4204 ,
1250 4144 1409 4198 τοῦτο
1439 4145 1596 4217 δῆλον
1625 4147 1690 4199 ἐκ
1727 4145 1939 4199 πολλῶν

348 4238 701 4309 τεκμηρίων,
737 4238 811 4303 ώς
868 4238 961 4292 καὶ
1006 4235 1401 4309 ὑπεδείξαμεν
1455 4237 1537 4289 ὅτι
1587 4236 1644 4289 δὲ
1694 4236 1800 4290 ὑπὸ
1844 4235 1937 4290 τοῦ

352 4330 541 4400 νοητοῦ
574 4330 747 4399 ὄφεως
800 4330 1192 4401 ἐμπαίζονται,
1231 4329 1390 4383 τοῦτο
1440 4328 1601 4399 δῆλον
1650 4328 1802 4400 παρά
1840 4328 1940 4399 τῆς

250 4442 261 4451 κ
353 4423 725 4493 πεποιημένης
754 4423 931 4476 αὑτῶν
956 4422 1432 4495 σχηματουργίας,
1463 4422 1554 4477 καὶ
1579 4420 1936 4493 γυμνώσεως,

353 4513 448 4575 καὶ
475 4512 735 4585 αἰσχύνης
755 4554 770 4578 ,
802 4516 897 4569 καὶ
930 4514 1147 4585 χλεύης.

423 4713 537 4766 Οὐκ
565 4712 713 4777 ἄξιον
740 4712 796 4765 δὲ
835 4714 981 4782 ἡμᾶς
1026 4713 1151 4785 περὶ
1182 4712 1378 4765 πολλοῦ
1432 4711 1705 4766 ποιεῖσθαι
1732 4710 1943 4765 τούτων

353 4801 453 4875 τὴν
503 4804 837 4874 ἀνατροπὴν.
894 4802 1033 4857 Οὔτε
1072 4805 1181 4876 γὰρ
1231 4804 1294 4858 τὸ
1341 4805 1526 4875 ὅμοιον
1582 4803 1762 4858 αὑτῶν
1806 4803 1945 4869 ζῶον

358 4895 567 4950 σκευῶν
599 4895 969 4967 πολεμικῶνῆ
999 4898 1247 4966 μεγάλων
1283 4897 1464 4951 ὃπλων
1503 4896 1778 4951 ἐπιδέεται
1809 4895 1946 4965 πρὸς

356 4987 661 5059 ἀναίρεσινο
693 4987 782 5040 διὰ
809 4987 920 5059 γάρ
956 4990 1158 5059 μικρᾶς
1198 4989 1393 5060 ῥάϐδου
1420 4989 1580 5043 τοῦτο
1599 4986 1943 5057 ἀφανίζεται.

357 5084 624 5148 Πολλάκις
673 5084 764 5147 δέ,
802 5082 938 5154 μετά
968 5083 1027 5136 τὺ
1068 5080 1422 5151 ἀνενεχθῆναι
1460 5081 1526 5133 ἐκ
1574 5079 1668 5132 τού
1707 5075 1942 5147 φωλεοῦ,

357 5176 834 5247 καταλιμπάνεται
868 5175 1057 5247 μόνον,
1092 5175 1186 5227 καὶ
1217 5170 1396 5242 ἐαυτῷ
1417 5169 1822 5240 διαφθείρεται,
1855 5184 1949 5235 γε·

357 5268 628 5340 λώμενον,
663 5271 758 5324 καὶ
787 5268 1188 5339 ἐμπαιζόμενον
1212 5306 1226 5330 ,
1268 5267 1362 5319 καὶ
1410 5265 1484 5336 μὴ
1532 5262 1945 5333 εὑρισκόμενον,

357 5361 445 5415 διὰ
482 5362 578 5433 τῆς
611 5361 989 5431 παγγελάστου
1040 5360 1237 5430 χλεύης
1262 5399 1276 5421 ,
1319 5357 1417 5412 καὶ
1458 5356 1693 5425 ἀσέμνου
1741 5353 1943 5421 διαγω-

359 5453 464 5522 γῆς
488 5494 502 5517 ,
530 5453 625 5506 καὶ
654 5453 964 5516 ὑποθέσεως
991 5452 1091 5522 τῆς
1124 5450 1420 5523 ληρῳδίας.
1444 5450 1554 5512 Τάς
1597 5448 1655 5501 δὲ
1686 5447 1814 5517 ἑξῆς
1844 5447 1960 5499 δια-

362 5544 738 5613 σκοπήσαντες
765 5583 781 5607 ,
811 5543 974 5607 πάλιν
1008 5540 1294 5614 εὑξώμεθα
1333 5540 1466 5594 Θεὸν
1498 5539 1782 5610 συνεργεῖν
1825 5538 1958 5609 ἡμῖν

901 5736 923 5768 ’
943 5734 1076 5792 Ibid.
1114 5734 1163 5789 7..

438 5734 459 5778 ³-
486 5734 618 5797 Gen.
655 5750 738 5803 ιιι,
769 5733 823 5792 6.
901 5734 1076 5792 ’lbid.
1114 5734 1163 5789 7..
1247 5734 1266 5766 ³
1289 5731 1491 5791 Jereta.
1526 5746 1609 5799 ns,
1644 5730 1699 5783 3.

710 5956 737 5963 -ν

2037 3234 2257 3304 saepius.
2309 3234 2389 3287 Ac
2416 3234 2707 3289 verissime
2737 3235 2789 3287 in
2821 3235 2930 3288 illis
2956 3233 3233 3302 prephetae
3256 3232 3462 3284 dictum
3494 3228 3630 3282 illud

2036 3326 2328 3396 impletur:
2388 3324 2563 3379 Frons
2620 3327 2911 3379 meretricis
2943 3326 3087 3394 facta
3117 3333 3193 3378 est
3235 3322 3350 3383 ubi,
3379 3322 3631 3390 pudorem

2036 3418 2176 3487 apud
2222 3435 2398 3472 omnes
2439 3418 2679 3488 abjecisti
2711 3419 2753 3473 ³.
2813 3420 3083 3471 Casterum
3116 3425 3240 3487 post
3273 3417 3418 3469 illam
3445 3416 3632 3467 horam

2039 3511 2174 3566 foris
2204 3526 2425 3565 rursum
2449 3519 2629 3566 vvstes
2654 3510 2892 3564 induunt
2913 3520 2965 3564 et
2986 3507 3175 3562 Adami
3203 3524 3326 3563 esse
3349 3506 3633 3561 desinunt.

2039 3602 2231 3673 Neque
2258 3604 2403 3657 enim
2436 3603 2486 3657 is
2515 3605 2749 3658 vestium
2782 3602 3013 3657 subinde
3031 3601 3245 3670 copiam
3281 3600 3471 3652 habuit
3497 3614 3512 3662 ;
3540 3595 3637 3652 sed

2036 3695 2273 3766 primum
2316 3695 2450 3749 licus
2500 3695 2651 3756 folia,
2704 3694 2902 3749 deimle
2954 3680 3211 3763 pelliceas
3253 3692 3487 3744 tunicas.
3559 3690 3636 3742 lta

2034 3787 2256 3840 nonnisi
2288 3788 2448 3855 longo
2482 3797 2746 3855 tempore.
2799 3800 2963 3851 quam
2995 3785 3166 3836 creati
3196 3782 3433 3842 fuerant,
3469 3780 3638 3833 vesti-

2039 3886 2350 3931 mentorum
2393 3893 2552 3931 usum
2592 3879 2777 3931 divina
2835 3877 2957 3930 illos
3006 3875 3274 3943 sapientia
3328 3872 3635 3943 perdocuit.

2038 3969 2406 4034 Quzmtobrem
2460 3969 2609 4022 omni
2645 3967 2971 4037 explodemli
3009 3967 3247 4020 ludibrio
3294 3977 3423 4020 sunt
3454 3963 3636 4017 homio

2039 4077 2138 4115 nes
2170 4061 2280 4125 isti,
2317 4061 2409 4129 qui
2454 4062 2554 4114 sihi
2585 4060 2777 4113 Atlallii
2819 4059 3189 4112 conditionem
3223 4058 3543 4118 vindicant;
3584 4055 3638 4108 in

2040 4168 2149 4224 quo
2172 4154 2369 4223 partim
2396 4155 2761 4215 mentiuntur,
2789 4152 2982 4222 partior
3011 4167 3137 4205 vera
3159 4150 3435 4219 iactitant.
3484 4145 3641 4212 Quod
3680 4149 3684 4153 ’

2040 4247 2186 4300 enim
2232 4245 2424 4299 Adami
2463 4260 2571 4300 non
2616 4253 2768 4307 sunt,
2812 4244 3022 4306 multis,
3071 4251 3129 4296 ut
3165 4243 3530 4300 Ostendimus.
3560 4245 3644 4293 est

2041 4336 2380 4406 argumentis
2407 4336 2787 4406 perspicuum;
2818 4335 2967 4403 quod
2995 4341 3174 4386 auten
3208 4337 3277 4385 ab
3304 4326 3634 4406 iutelhgibdi

2043 4402 2296 4496 serpente
2343 4402 2712 4485 ludificentur.
2766 4422 2817 4477 id
2840 4402 2983 4476 ivero
3019 4436 3084 4475 ex
3125 4418 3381 4472 affectate
3430 4402 3644 4467 illorum

1970 4517 2019 4579 D
2046 4518 2236 4573 habitu
2267 4535 2331 4574 ac
2377 4520 2628 4573 nuditate
2659 4515 3025 4588 pudendoque
3054 4528 3120 4568 ac
3158 4510 3389 4566 ridendo
3441 4508 3534 4560 illo
3561 4506 3647 4559 in-

2051 4612 2246 4667 stituto
2276 4617 2519 4665 constat.

2126 4725 2421 4780 Enimvero
2460 4724 2596 4777 tanti
2631 4724 2851 4776 illorum
2896 4716 3287 4773 refutationem
3339 4709 3519 4765 facere
3549 4707 3652 4761 mi—

2054 4820 2202 4874 nime
2229 4818 2510 4872 convenit.
2547 4815 2735 4884 Neque
2761 4814 2906 4869 enim
2943 4810 3144 4865 animal
3175 4805 3331 4868 illud,
3362 4802 3450 4856 cui
3491 4801 3650 4853 simi-

2050 4910 2130 4964 les
2154 4916 2305 4973 sunt,
2348 4906 2560 4961 bellicis
2591 4905 2862 4959 machinis
2890 4910 2984 4955 aut
3021 4898 3325 4966 majoribus
3359 4892 3527 4945 armis
3557 4905 3655 4944 ex-

2050 4998 2283 5069 pugnari
2333 4996 2638 5065 conficique
2672 4993 2858 5056 debet,
2910 4991 3005 5045 sed
3039 4989 3234 5058 exigua
3287 4984 3468 5052 aliqua
3500 4981 3653 5047 virga

2054 5088 2397 5159 profligator.
2455 5087 2613 5155 Saspe
2647 5085 2810 5139 etiam
2841 5096 2966 5136 cum
2999 5095 3065 5133 ex
3100 5075 3371 5131 foramine
3409 5084 3654 5125 emerseo

2056 5157 2148 5238 rit.
2182 5157 2234 5234 si
2265 5178 2464 5232 ibidem
2503 5175 2824 5231 destitutum
2860 5170 3046 5232 fuerit,
3093 5184 3189 5238 per
3209 5180 3332 5220 sese
3358 5157 3660 5228 exstingui-

2063 5275 2153 5320 tur
2182 5264 2296 5319 risu
2326 5262 2569 5316 omnium
2601 5275 2665 5314 ae
2701 5258 2937 5313 ludibrio
2969 5264 3247 5314 vexatum,
3287 5264 3387 5304 nec
3415 5245 3658 5315 amplius

2066 5353 2362 5423 repetitur,
2383 5360 2740 5422 posteaquam
2769 5346 2849 5402 sic
2873 5346 3097 5399 illusum
3130 5338 3313 5399 fuerit,
3341 5349 3405 5388 ac
3439 5330 3662 5385 ludicrae

2068 5421 2452 5515 occupationis
2481 5441 2762 5496 materiem
2792 5434 3110 5509 praebuerit.
3143 5429 3262 5486 Jam
3293 5439 3425 5481 vero
3460 5421 3529 5476 ad
3553 5435 3661 5474 ca:-

2069 5546 2216 5592 teras
2251 5530 2683 5590 considerandas
2718 5528 2960 5585 haereses
2997 5522 3239 5578 divinam
3267 5526 3426 5585 opem
3467 5522 3660 5565 rursus
