3952 6136
340 248 468 312 ⁴931

292 486 295 491 ·
375 464 564 535 μέναις
596 459 863 531 αἱρέσεσι.
896 459 1040 511 Πᾶσι
1069 457 1179 527 γὰρ
1207 457 1457 526 φωρατδς
1495 459 1525 510 ὁ
1553 455 1796 519 τοιοῦτος
1815 494 1831 521 ,
1861 456 1957 509 καὶ

374 556 407 625 ἡ
443 551 503 618 ἐξ
534 550 701 605 αὐτοῦ
754 549 996 619 αἵρεσις,
1036 549 1121 602 δτι
1154 547 1517 615 πεπλάνηται.
1561 547 1649 611 ’ος
1694 542 1789 601 οῦν
1825 545 1957 599 σαῦ-

371 658 474 709 ραν
508 638 738 710 ἡλιακὴν
774 637 1105 700 πεπαικότες
1143 636 1324 707 ῥάϐδῳ
1348 637 1560 701 ἐλπίδος
1581 635 1820 708 Χριστοῦ
1864 637 1958 691 καὶ

371 727 467 781 τοῦ
505 725 764 797 σταυροῦ,
797 727 889 779 ἐπὶ
916 726 1013 789 τὰς
1048 726 1174 797 ἐξῆς
1210 726 1398 798 ίωμεν.
1429 726 1615 792 ’Ἄξιον
1648 727 1758 798 γάρ
1786 727 1954 791 ἐστιν,

370 812 415 885 ᾧ
462 819 686 886 ὀνόματι
722 817 948 879 ἑαυτοὺς
983 817 1077 871 καὶ
1119 810 1267 869 οῦτοι
1319 817 1611 887 ὠνόμασαν
1634 857 1650 882 ,
1691 816 1770 888 τῷ
1808 817 1958 887 αὐτῷ

342 910 671 987 ,κεχρῆσθαι
699 909 984 978 αἰνίγματι
1022 909 1103 971 είς
1136 907 1335 978 φράσιν
1364 907 1465 979 τῆς
1492 908 1671 962 αὐτῶν
1706 926 1958 980 παραπε-

358 998 676 1071 ⁵ποιημένης
726 998 1062 1068 ἐπωνυμίας.
1109 996 1379 1067 Σαμψαῖοι
1410 997 1521 1067 γὰρ
1562 997 1957 1069 ἐρμηνεύονται

351 1074 356 1078 ’
384 1090 646 1144 Ἦλιακοῑ.
695 1089 788 1143 Διὸ
837 1090 931 1143 καὶ¹
959 1089 1054 1143 τοῦ
1085 1089 1226 1153 ζώου
1254 1088 1698 1160 ἐπεμνήσθημεν.
1740 1090 1783 1142 Τ
1787 1090 1959 1161 αὐτην

373 1181 482 1251 γὰρ
522 1180 730 1252 σαῦραν
788 1178 930 1232 οὕτω
979 1179 1368 1250 κικλήσκουσιν
1405 1178 1635 1249 ἡλιακὴν
1667 1181 1715 1232 οἱ
1751 1179 1958 1251 ἄνθρω-

350 1272 484 1325 ποι.
520 1271 733 1342 Χείρων
758 1269 816 1321 δὲ
862 1270 1069 1340 αἵρεσις
1113 1267 1255 1339 αῦτη
1293 1257 1408 1338 ’τῆς
1453 1268 1696 1340 σαύρας,
1729 1270 1860 1341 μηδὲ
1895 1269 1958 1323 τὸ

374 1364 660 1431 ἀκαριαῖον
689 1360 787 1431 τῆς
808 1359 1078 1431 ὠφελείας
1096 1360 1317 1431 λ-ἐαυτῆς
1342 1360 1563 1430 ἔχουσα.
1609 1360 1821 1432 Ἐκείνη
1850 1361 1960 1433 γὰρ

372 1453 824 1524 ἀμϐλυωπήσασα
855 1453 1031 1524 χρόνῳ
1067 1451 1383 1518 ἀναϐλέπει,
1421 1452 1510 1505 διὰ
1540 1452 1768 1524 ἡλιακῆς
1798 1470 1958 1525 στρος

350 1545 635 1614 οφάλιγγος
663 1546 720 1597 ἐν
742 1543 934 1614 φωλεῷ
957 1544 1095 1616 πρὸς
1122 1543 1388 1614 ἀνατολὴν
1413 1544 1733 1615 προσέχοντι
1760 1546 1960 1617 ἑαυτὴν

981 241 1353 307 ADVERSUS
1393 244 1903 317 ιιιειιεδεειιθ.
1939 242 2004 298 ll.
2037 243 2202 298 TOM.
2234 242 2359 301 1.1—
2400 243 2678 300 ΙΙᾸΞΒΕΞ.
2718 243 2848 299 LW.

373 373 482 439 ξαῒ,
520 370 615 425 καὶ
639 369 766 432 τοὺς
796 368 889 421 ἀπ’
918 367 1115 431 αὑτοῦ,
1156 369 1214 421 ἐν
1246 369 1366 430 ταῖς
1394 365 1582 430 ἄλλαις
1610 364 1951 437 προδεδηλω-
1984 368 2025 424 Α

2642 20 2773 27 --.--
2782 18 2863 27 ——-—
2874 18 2893 23 -—
2920 16 2947 25 -
2962 16 3025 23 ριν-

3529 246 3647 301 19b2

2060 368 2168 414 tam
2215 359 2480 416 adversus
2527 361 2790 428 Elxmum,
2829 361 2944 417 sive
2966 359 3141 424 Elxai,
3182 375 3348 431 quam
3388 360 3509 431 ejus
3553 378 3643 417 se-

2058 452 2262 507 ctarios
2309 452 2382 508 sit
2441 452 2659 508 abunde
2708 444 3034 523 priestltum.
3099 452 3327 508 Accedit
3372 452 3644 509 neminem

2056 559 2200 609 esse,
2237 545 2331 614 qui
2363 558 2475 599 non
2502 551 2558 599 et
2580 544 2747 609 hunc,
2781 553 2838 601 et
2865 544 3031 615 hujus
3053 545 3305 601 haeresim
3351 560 3380 599 a
3405 544 3647 599 veritate
3696 574 3705 577 τ

2058 637 2356 706 plurimum
2394 636 2654 691 aberrare
2684 646 3003 706 cognoscat.
3043 636 3318 702 Quocirca
3342 651 3467 691 cum
3492 637 3647 691 sola.

2068 745 2182 784 rem
2213 730 2360 784 illam
2395 730 2655 784 lacertam
2689 729 2805 799 spei
2838 729 2892 783 in
2923 728 3147 783 Christo
3194 736 3249 782 et
3278 726 3460 782 crucis
3482 727 3645 794 mirga
3694 740 3707 747 “

2058 818 2515 886 percusserimus,
2531 819 2599 872 ad
2616 828 2841 873 caeteras
2855 832 3165 889 pergamus.
3180 817 3275 873 Est
3286 818 3429 874 enim
3444 816 3646 871 rationi

2063 916 2519 973 consentaneum,
2538 916 2595 963 ut
2614 924 2724 978 quo
2748 909 2971 963 nomine
2992 910 3204 978 seipsos
3226 906 3483 974 alliciunt,
3499 906 3641 961 idem

2060 999 2127 1054 ad
2160 999 2282 1054 illos
2313 1000 2742 1067 adumbrandos,
2792 1010 2958 1072 atque
3000 1002 3320 1056 ementitam
3363 999 3513 1053 illam
3550 1013 3646 1067 ap-

2059 1092 2409 1164 pellationem
2462 1093 2851 1148 declarandam
2912 1092 3295 1148 adhibeamus.
3378 1090 3646 1161 δαίτηθεκί

2060 1186 2263 1256 quippe
2300 1186 2444 1242 idem
2492 1202 2556 1242 ac
2594 1187 2816 1242 Solares
2845 1185 3180 1257 significant.
3210 1185 3379 1242 llnde
3404 1194 3462 1240 et
3499 1186 3648 1240 illius

2060 1278 2318 1334 animalis
2349 1279 2723 1334 meminimus.
2790 1277 2924 1332 Nam
2957 1279 3228 1348 ejusmodi
3270 1280 3530 1333 lacertam
3556 1292 3649 1331 so-

2061 1369 2239 1424 larem
2277 1370 2525 1426 homines
2565 1378 2908 1440 nuncupant.
2964 1370 3291 1441 Quanquam
3335 1371 3493 1441 longe
3534 1370 3649 1425 htec

2062 1462 2290 1519 haeresis
2312 1463 2515 1518 lacerta
2539 1463 2782 1519 deterior
2808 1471 2914 1527 est,
2951 1479 3074 1534 qua:
3100 1480 3172 1517 ne
3201 1464 3491 1517 minimum
3524 1463 3649 1531 qui-

2060 1554 2185 1610 dem
2216 1555 2438 1610 utilitati
2481 1572 2595 1611 suae
2626 1556 2883 1611 consulit.
2935 1558 3004 1610 At
3045 1557 3275 1621 lacerta,
3320 1571 3446 1611 cum
3499 1555 3647 1609 oculi

376 1634 772 1705 προσθλίψασα,
812 1632 907 1687 καὶ
936 1632 1299 1703 νηστεύσασα,
1330 1631 1467 1703 πρὸς
1500 1632 1763 1704 ἀνατολὴν
1794 1650 1963 1687 κατα-

2076 1645 2303 1716 :aligare
2343 1647 2632 1717 cmperint,
2680 1648 2965 1717 aliquanto
3018 1657 3214 1719 postea
3242 1647 3418 1702 visum
3448 1645 3648 1701 solaris

372 1723 588 1777 νοοῦσα.
620 1724 769 1794 Αὕτη
800 1724 885 1789 δὲ,
919 1725 1082 1794 φημὶ,
1126 1724 1158 1794 ἡ
1193 1723 1404 1795 αἵρεσις
1425 1765 1439 1788 ,
1472 1724 1529 1776 ἐν
1559 1723 1762 1778 ἅπασιν
1792 1728 1961 1798 ἀφρο-

2076 1715 2332 1793 circuitus
2364 1715 2631 1793 beneficio
2666 1715 2881 1809 reci—pit.
2923 1715 3058 1794 Nam
3091 1741 3147 1795 in
3169 1747 3470 1811 angustum
3503 1737 3649 1792 fora-

378 1817 543 1888 σύνην
576 1817 840 1889 κέκτηται
872 1817 967 1871 τοῦ
994 1817 1165 1883 ζώου·
1199 1818 1259 1870 οὐ
1290 1817 1395 1888 μὴν
1427 1818 1530 1871 κᾶν
1555 1817 1618 1870 τὸ
1648 1819 1828 1887 ὀλίγον
1861 1818 1955 1873 τοῦ

376 1911 618 1968 ἐπαίνου.
662 1911 750 1974 Ὠς
782 1905 876 1964 οὖν
918 1910 1013 1963 καὶ
1046 1908 1185 1981 αῦτη
1224 1911 1255 1978 ἡ
1310 1911 1552 1982 αἵρεσις,
1591 1910 1766 1982 σαῦρα
1824 1914 1957 1982 ἡμῖν

373 2001 626 2073 λεχθεῖσα
650 2004 849 2075 ἡλιακὴ
872 2043 885 2069 ,
936 2003 1031 2057 καὶ
1061 2002 1511 2072 καταπατηοεῑσα
1540 2003 1646 2056 ὑπὸ
1680 2003 1779 2074 τῆς
1823 2005 1959 2075 ἁλη-

377 2094 525 2159 θείας
563 2095 729 2150 αὑτοῦ
762 2096 988 2167 μενέτω,
1025 2095 1189 2165 μηδὲν
1221 2096 1592 2166 κατισχύουσα
1628 2096 1757 2167 περὶ
1779 2097 1795 2126 ¹
1821 2097 1956 2150 Θεοῦ

372 2187 650 2257 ἀληθείας.
702 2188 891 2259 Ἡμεῖς
938 2188 996 2240 δὲ
1050 2186 1141 2239 ἐπὶ
1176 2187 1274 2251 τὰς
1329 2186 1529 2253 ἄλλας,
1581 2188 1658 2252 ὡς
1709 2188 1956 2258 εἴπομεν,

375 2277 499 2351 ἑξορ
507 2281 579 2352 μή
588 2297 663 2333 σω
670 2296 787 2350 μεν.

2065 1842 2211 1892 men,
2234 1829 2380 1898 quod
2405 1831 2471 1884 ad
2500 1831 2764 1884 orientem
2790 1832 3081 1887 obve‘rsum
3107 1840 3215 1897 est,
3245 1830 3493 1895 subiens,
3525 1843 3649 1884 sese

2065 1921 2400 1991 comprimit,
2424 1923 2608 1992 pabuli
2633 1940 2849 1994 expers,
2871 1936 2925 1979 et
2949 1923 3016 1978 ad
3033 1908 3302 1983 orientem
3319 1922 3647 1993 respiciens.

2065 2008 2267 2065 Contra
2301 2012 2526 2069 haeresis
2557 2016 2661 2069 ista
2706 2015 3063 2070 stoliditatem
3113 2015 3332 2085 quidem
3379 2014 3434 2068 in
3467 2014 3651 2067 omni-

2071 2105 2173 2158 bus
2202 2104 2454 2161 animalis
2494 2106 2658 2175 hujus
2686 2109 2976 2179 exprimit:
3016 2108 3163 2178 quod
3189 2108 3242 2161 in
3276 2122 3343 2162 eo
3373 2121 3502 2161 vero
3532 2106 3653 2158 lau-

2075 2194 2258 2250 dabile
2286 2205 2392 2261 est,
2417 2214 2483 2253 ne
2505 2199 2731 2254 minima
2762 2199 2981 2270 quidem
3017 2215 3082 2254 ex
3113 2208 3265 2269 parte
3291 2200 3521 2255 obtinet.
3545 2201 3653 2271 lgi-

2067 2293 2159 2340 tur
2185 2303 2306 2357 qua:
2348 2304 2379 2343 a
2407 2289 2569 2345 nobis
2598 2291 2822 2345 haeresis
2857 2292 3064 2346 lacerta
3101 2293 3298 2347 solaris
3321 2294 3645 2362 appellatur,

375 2386 408 2425 a
441 2372 664 2428 veritate
702 2371 1019 2442 proculcata
1082 2368 1244 2426 modo
1284 2369 1648 2440 relinquatur,
1690 2384 1833 2426 cum
1854 2373 1995 2428 nihil
2029 2377 2295 2434 adversus
2331 2379 2570 2436 divinam
2612 2381 2898 2436 veritatem
2964 2380 3185 2439 cﬂicere
3219 2385 3480 2454 potuerit.
3543 2384 3652 2439 Nos

344 2488 353 2497 ν
377 2463 595 2519 interim
626 2462 692 2517 ad
720 2464 877 2529 alias,
905 2471 964 2517 ut
988 2463 1195 2518 dictum
1227 2477 1331 2530 est,
1358 2467 1797 2538 progrediamur.

731 2606 921 2657 ΚΑΤΑ
949 2603 1430 2660 ΘΕΟΔΟΤΙΑΝΩΝ
1458 2606 1571 2676 (67)
1590 2648 1609 2671 ,

384 2738 712 2807 Τριακοστὴ
752 2740 996 2809 τετάρτη
1022 2782 1037 2805 ,
1068 2743 1109 2810 ἠ
1140 2741 1239 2795 καὶ
1268 2742 1671 2813 πεντηκοστὴ
1694 2742 1964 2815 τετάρτη.

450 2879 528 2930 Α’.
559 2877 782 2946 Ἀνέστη
816 2876 976 2929 πάλιν
1005 2876 1259 2939 Θεόδοτός
1284 2894 1386 2941 τις,
1417 2877 1758 2949 ἀπόσπασμα
1790 2879 1966 2951 ὑπάρ-

2418 2613 2701 2672 CONTRA
2731 2616 3292 2682 TllEODOTlANOS,

2440 2747 2675 2805 eresis
2702 2749 2897 2805 XXXI
2915 2751 2954 2806 V
2984 2750 3271 2807 sive-LIV.

2138 2880 2176 2934 Ι.
2232 2880 2547 2939 Theodotus
2590 2885 2789 2939 iterum
2835 2882 3028 2940 nescio
3061 2889 3187 2958 quis
3229 2888 3473 2954 emersit,
3507 2890 3656 2943 velut

380 2986 489 3039 χων
516 2971 579 3021 ἐκ
602 2969 702 3040 τῆς
730 2968 1135 3040 προειρημένης
1162 2970 1358 3038 ἀλόγου
1404 2970 1670 3042 αἱρέσεως
1691 3012 1705 3037 ,
1732 2972 1828 3042 τῆς
1864 2974 1964 3043 ἀρ-

2076 2974 2341 3044 appeudix
2374 2975 2625 3045 quaedam
2670 2977 2821 3031 illius
2863 2977 3109 3041 haeresis,
3153 2993 3316 3047 quam
3360 2980 3655 3049 Alogoru-n

380 3058 644 3129 νουμένης
681 3059 741 3111 τὸ
768 3060 906 3113 κατὰ
946 3061 1196 3133 Ἰωάννην
1245 3061 1575 3131 Εὑαγγέλιον
1602 3102 1615 3125 ,
1649 3063 1742 3116 καὶ
1785 3063 1876 3117 τὸν
1906 3066 1963 3116 ὲν

382 3150 529 3219 αὐτῷ
579 3151 636 3204 ἐν
666 3151 807 3235 ἀρχῇ
836 3150 965 3205 ὂντα
983 3151 1114 3205 Θεὸν
1139 3154 1327 3221 Λόγον,
1363 3154 1456 3207 καὶ
1480 3154 1580 3227 τὴν
1609 3155 1773 3209 αὑτοῦ
1810 3157 1969 3210 Ἀπο-

370 3242 635 3313 ’κάλυψιν,
667 3244 802 3297 ἀλλὰ
842 3246 936 3297 καὶ
969 3249 1087 3309 ταῖς
1127 3246 1317 3310 ἄλλαις
1350 3247 1595 3319 αἱρέσεσι
1626 3253 1747 3312 ταῖς
1781 3267 1969 3321 προει-

387 3336 648 3407 ρημέναις
677 3338 1076 3407 συγγενόμενός
1104 3357 1161 3391 τε
1189 3340 1282 3392 καὶ
1310 3340 1677 3411 συνυπάρξας,
1709 3343 1801 3395 καὶ
1825 3341 1967 3396 κατὰ

382 3427 475 3481 τὸν
512 3431 699 3499 χρόνον
750 3429 920 3492 αὑτὰς
958 3428 1337 3501 διαδεξάμενος
1361 3474 1373 3496 ,
1413 3432 1469 3499 ἐξ
1501 3427 1669 3505 οὗπερ
1695 3437 1745 3488 οἱ
1777 3435 1967 3488 Θεοδο-

367 3521 557 3573 ’τιανοὶ
594 3521 937 3592 καλούμενοι.
979 3523 1089 3576 Καὶ
1143 3525 1189 3576 εί
1244 3524 1343 3594 μὲν
1396 3525 1631 3597 ὑπάρχει
1680 3530 1713 3597 ἡ
1758 3529 1969 3599 αἵρεσις

374 3611 463 3663 In
487 3610 624 3682 αῦτη
648 3612 985 3682 ἁγνοουμένη
1010 3615 1030 3644 ³
1052 3629 1065 3642 ·
1098 3611 1168 3665 τὰ
1198 3613 1255 3666 δὲ
1279 3615 1358 3678 είς
1381 3616 1527 3685 ἡμᾶς
1550 3617 1657 3668 ἀπὸ
1690 3634 1971 3688 συγγραμ-

378 3704 575 3774 ’μάτων
611 3703 838 3758 ἐλθόντα
864 3704 1116 3774 ἐροῦμεν.

1128 3934 1151 3953 ε.

460 3984 627 4059 Οὗτος
664 3997 691 4048 ὁ
720 3993 970 4058 Θεόδοτος
993 3993 1100 4046 ἀπὸ
1134 3993 1429 4058 Βυζαντίου
1460 3993 1563 4064 μὲν
1590 3993 1837 4063 ὡρμᾶτο,
1876 3993 1973 4063 τῆς

382 4088 504 4141 νυνὶ
527 4087 867 4158 καλουμένης
904 4088 1315 4140 Κωνσταντίνου
1348 4085 1574 4149 πόλεως,
1606 4084 1838 4146 σκυτεὺς
1876 4086 1973 4153 τὴν

389 4182 602 4252 τέχνην,
649 4179 968 4252 πολυμαθὴς
1021 4180 1078 4232 δὲ
1124 4179 1202 4250 τῷ
1258 4179 1421 4250 λόγῳ.
1474 4173 1639 4241 Οὗτος
1693 4178 1811 4249 ἅμα
1862 4178 1973 4230 τισὶ

388 4273 631 4326 πλείοσιν
676 4275 732 4325 ἐν
778 4270 954 4343 καιρῷ
999 4269 1238 4341 διωγμοῦ
1278 4271 1584 4332 ἐνστάντος,
1616 4269 1716 4322 οὐκ
1752 4264 1868 4321 οἶδα
1896 4270 1964 4322 εἰ·

2068 3066 2290 3121 nominc
2313 3062 2853 3138 comprehendimus,
2879 3086 3001 3140 quae
3021 3068 3249 3126 Joannis
3278 3071 3656 3141 Evangelium,

2067 3167 2120 3215 et
2147 3158 2315 3215 Deum
2345 3160 2495 3214 illum
2525 3160 2689 3234 463
2717 3160 2980 3227 Verbum,
3017 3164 3162 3234 quod
3194 3179 3224 3217 a
3256 3165 3528 3235 principio
3557 3166 3663 3219 ib:-

2067 3252 2191 3307 dem
2224 3253 2395 3308 fuisse
2420 3254 2645 3319 dicitur,
2699 3271 2910 3310 necnon
2939 3256 3381 3326 etApoealypsin
3427 3244 3656 3326 rESpttit.

2060 3341 2181 3397 Sed
2222 3349 2276 3396 et
2322 3342 2553 3397 aliarum
2606 3354 2732 3399 ante
2776 3354 3331 3399 commemoratarum
3383 3345 3659 3399 lizercscon

2071 3435 2474 3490 consuetudine
2519 3450 2655 3491 usus
2709 3444 2795 3492 est
2826 3435 3169 3499 Theodotus,
3211 3444 3265 3491 et
3299 3438 3489 3492 eodem
3526 3446 3662 3490 tem-

2072 3542 2205 3598 pore
2238 3527 2393 3593 vixit,
2430 3536 2596 3598 atque
2622 3528 2731 3584 illis
2758 3536 2947 3599 postea
2976 3530 3268 3596 successit,
3296 3544 3324 3582 a
3356 3545 3464 3600 quo
3489 3528 3667 3583 Theo-

2072 3606 2280 3670 dotiaui
2318 3632 2519 3671 nomen
2565 3626 2918 3686 acceperunt.
2974 3615 3095 3671 Jam
3142 3634 3273 3673 vero
3314 3622 3457 3673 sitne
3503 3620 3666 3672 hodie

2074 3716 2352 3775 superstes
2381 3707 2495 3760 haec
2513 3707 2757 3771 haeresis,
2778 3709 2938 3776 plane
2963 3710 3271 3764 nescimus:
3302 3725 3423 3778 qua:
3444 3712 3663 3780 quidem

2076 3798 2340 3852 librorum
2372 3799 2748 3852 monumentis
2784 3799 2851 3853 ad
2882 3809 3128 3853 nostram
3161 3801 3481 3855 memoriam
3513 3820 3664 3856 eom-

2074 3890 2329 3944 mendata
2358 3897 2750 3958 pervenerunt,
2778 3905 2843 3944 ea
2871 3891 3248 3946 narrabimus.

2139 3981 2466 4036 Theodotus
2502 3981 2669 4052 igitur
2727 3983 2831 4039 iste
2888 3982 3148 4055 Byzantio
3195 3983 3484 4046 oriundus,
3532 4001 3654 4055 qui:

2075 4070 2239 4127 hodie
2276 4070 2786 4141 Constantinopolis
2816 4072 3042 4137 dicitur,
3078 4082 3195 4129 arte
3227 4076 3495 4129 coriarius
3524 4087 3665 4138 erat,

2079 4164 2243 4218 homo
2272 4164 2520 4233 apprime
2551 4164 2747 4219 litteris
2794 4164 3062 4221 eruditus.
3105 4166 3209 4233 Qui
3246 4182 3369 4221 cum
3404 4169 3526 4223 aliis
3558 4170 3671 4239 ple-

2079 4255 2266 4325 risque
2323 4255 2546 4309 ineunte
2593 4257 2974 4326 persecutione
3018 4258 3447 4328 comprehensus
3503 4260 3671 4331 (qure-

389 4371 513 4421 πεῖν
545 4370 601 4421 ἐν
628 4366 705 4436 τῷ
762 4365 1027 4434 τοιούτῳε
1069 4363 1178 4433 (68)
1212 4360 1459 4433 διωγμῷ,
1490 4362 1602 4415 ἀπὸ
1632 4359 1728 4414 τοῦ
1758 4361 1857 4432 τῆς
1883 4362 1967 4414 πό-

2084 4362 2209 4401 nam
2249 4362 2378 4401 vero
2425 4362 2487 4402 ea
2540 4348 2853 4416 persecutio
2883 4347 3068 4413 fuerit,
3104 4350 3347 4406 nondum
3380 4355 3669 4423 comperi),

376 4460 528 4522 ’λεως
568 4457 824 4530 ἄρχοντος
876 4455 1198 4525 συλληφθεὶς
1236 4457 1373 4524 μετὰ
1436 4453 1715 4520 πλειόνων,
1762 4453 1857 4507 καὶ
1888 4452 1977 4518 ἐξ-

394 4551 640 4613 ετασθεὶς
676 4551 771 4602 σὺν
805 4551 916 4611 τοῖς
938 4548 1117 4610 ἄλλοις
1149 4546 1289 4616 ὑπὲρ
1322 4544 1581 4616 Χριστοῦ,
1612 4548 1659 4598 οἱ
1695 4550 1794 4617 μὲν
1828 4544 1977 4599 ἄλλοι

396 4643 593 4706 πάντες
641 4640 775 4695 Θεοῦ
821 4640 1015 4704 δοῦλοι,
1064 4639 1125 4693 τὸ
1158 4642 1305 4701 νῖκος
1349 4637 1807 4709 ἀπενεγκάμενοι,
1843 4637 1979 4710 βρα-

386 4736 555 4789 δείων
602 4733 789 4805 ἔτυχον
827 4733 1184 4804 ἐπουρανίων,
1226 4732 1367 4801 ὑπὲρ
1400 4728 1636 4803 Χριστοῦ
1694 4733 1978 4804 μαρτυρή-

395 4840 585 4885 σαντες
605 4838 621 4854 ·
673 4815 828 4884 οὗτος
873 4820 951 4884 δὲ,
984 4821 1218 4892 Χριστὸν
1248 4820 1627 4891 ἀρνησάμενος
1675 4821 1767 4873 καὶ
1799 4837 1979 4893 παρα-

396 4912 576 4966 πεσὼν
604 4911 699 4965 τοῦ
733 4911 934 4965 σκοποῦ
968 4911 1067 4982 τῆς
1099 4910 1381 4982 ἀληθείας,
1408 4913 1466 4964 ἐν
1515 4910 1856 4981 παρεκϐάσει
1884 4929 1978 4979 γε-

394 5004 651 5075 γένηται·
696 5005 787 5057 καὶ
822 5002 931 5057 ἀπὸ
954 5001 1215 5071 αἰσχύνης
1247 5001 1447 5072 πολλῆς
1470 5000 1575 5054 ὑπὸ
1604 4999 1811 5053 πολλῶν
1841 5000 1981 5053 ὀνει-

394 5097 692 5169 διζόμενος,
721 5096 996 5164 ἁπέδρασε
1027 5096 1125 5164 τῆς
1159 5092 1354 5148 ἑαυτοῦ
1386 5091 1658 5165 πατρίδος.
1710 5091 1819 5144 Kal
1846 5092 1980 5144 ἀνα·

395 5189 497 5251 ϐὰς
548 5190 630 5252 είς
693 5185 942 5258 Ῥώμην,
997 5186 1173 5238 ἐκεῖσε
1207 5182 1494 5255 διέτριὸεν.
1559 5180 1696 5234 ’Υπό
1741 5198 1885 5244 τινος
1924 5179 1983 5233 δὲ

470 5347 485 5377 ¹
514 5344 662 5399 Adde
694 5343 791 5412 τῆς
826 5342 971 5412 περί.
1068 5342 1090 5371 ⁸
1116 5340 1174 5393 l".
1204 5337 1525 5409 ἀγνοοῦμεν.
1606 5338 1627 5369 ³
1658 5336 1719 5392 F.
1747 5337 1941 5408 ὁποίῳ.

467 5502 581 5574 (6'7)
621 5497 1041 5574 Θεοδοτζιανῷκ.
1096 5494 1362 5574 Theodoti
1414 5492 1642 5574 coriarji
1692 5492 1979 5574 Byzantini

396 5563 645 5629 meminit
677 5571 941 5626 Eusebius
963 5568 1056 5622 lib.
1087 5584 1121 5619 v
1153 5565 1382 5627 Histor.,
1412 5580 1532 5634 cap.
1574 5563 1665 5629 27,
1698 5563 1752 5618 et
1782 5564 1873 5618 alii
1901 5565 1981 5618 ci—

398 5646 493 5699 tati
531 5660 558 5696 a
591 5644 824 5696 Barouio
879 5641 941 5693 Α.
998 5637 1120 5693 196.
1160 5637 1496 5702 Augustinus
1545 5634 1976 5690 Theodotioncm

400 5714 666 5770 nominat.
710 5712 935 5767 Exstant
972 5710 1303 5767 collectanea
1337 5724 1364 5760 a
1397 5704 1663 5764 Theodoti
1693 5705 1978 5774 cujusdam

2084 4439 2178 4495 sed
2206 4447 2320 4493 tum
2354 4440 2424 4495 ab
2456 4440 2608 4496 urbis
2632 4440 2888 4511 praefecto
2920 4457 3048 4497 cum
3081 4443 3331 4511 pluribus
3362 4455 3672 4515 correptus.

2088 4548 2211 4587 cum
2248 4532 2315 4588 de
2346 4535 2603 4588 omnibus
2645 4535 2875 4605 quaestio
2914 4536 2987 4589 ob
3021 4534 3228 4590 Christi
3265 4552 3465 4590 nomen
3509 4539 3675 4591 habe—

2087 4636 2261 4690 retur,
2291 4626 2476 4681 caeteri
2496 4627 2715 4696 quidem
2740 4626 2845 4681 .Dei
2878 4626 3087 4691 famuli,
3114 4630 3672 4696 reportata'vieloria,

2086 4718 2311 4773 cmleste
2364 4719 2648 4788 przeniium
2708 4720 2992 4773 consecuti
3046 4726 3211 4781 sunt,
3260 4720 3523 4788 martyrio
3575 4736 3676 4790 pro

2087 4808 2309 4862 Christo
2353 4806 2654 4877 perfuncti.
2708 4806 2777 4861 At
2827 4808 2917 4862 ille
2964 4807 3245 4862 Christum
3296 4824 3523 4878 negans,
3555 4818 3607 4862 et
3645 4826 3672 4862 a

2087 4916 2257 4972 scopo
2310 4901 2558 4955 veritatis
2606 4899 2890 4965 cxcidens,
2920 4909 3300 4970 transgressor
3337 4907 3442 4954 est‘
3472 4900 3673 4955 factus.

2093 4995 2211 5061 Qua
2241 5009 2309 5049 ex
2336 5008 2416 5060 re,
2446 5007 2572 5046 cum
2608 4993 2810 5062 probro
2832 4995 3075 5047 omnium
3111 4994 3383 5063 appetitus
3412 4993 3675 5061 pudorem

2091 5087 2368 5142 sustinere
2393 5101 2498 5139 non
2540 5084 2976 5154 posset,{relicta
3024 5086 3223 5155 patria,
3258 5084 3527 5155 profugus
3574 5083 3675 5136 l’tn-

2091 5176 2237 5233 mam
2273 5178 2577 5242 contendit,
2628 5186 2683 5233 ct
2714 5178 2825 5232 illic
2863 5177 3148 5233 habitavit.
3189 5176 3295 5231 Sed
3331 5189 3382 5233 ct
3423 5176 3609 5232 Romae
3653 5193 3676 5231 2

2087 5491 2309 5560 scriptis
2327 5489 2465 5559 apud
2490 5488 2659 5560 Clem.
2688 5503 2809 5560 quae
2835 5502 2943 5560 non
2972 5486 3190 5560 sapiunt
3212 5484 3574 5560 Catholieuin.

2161 5555 2272 5630 (68)
2306 5555 2429 5614 Οὐκ
2452 5555 2585 5630 οῖδα
2616 5555 2808 5630 εἰπεῖν
2834 5558 2904 5611 ἐν
2927 5556 3007 5622 τῷ
3036 5555 3296 5630 τοιούτῳ.
3325 5556 3680 5630 correximus

2088 5627 2277 5702 ὁποίῳ.
2322 5631 2436 5685 Sub
2471 5629 2540 5702 bl.
2585 5629 2788 5682 Auri-lii
2824 5628 3198 5696 persecutione
3240 5628 3384 5682 istud
3428 5627 3677 5700 contigit,

2092 5712 2149 5757 ut
2175 5701 2371 5757 Βία-οη.
2412 5701 2608 5757 ibidem
2636 5703 2855 5755 asserit.
