3918 6164
316 250 418 307 967

1705 246 1761 302 S.
1806 245 2149 301 EPlPllANll

3473 254 3585 310 908

315 375 479 436 post:
519 365 584 420 Et
629 352 849 421 Verbum
887 381 1010 419 raro
1046 364 1241 434 factum
1286 373 1383 418 est.
1434 364 1551 417 Non
1583 363 1740 426 dixit,
1776 363 1895 432 Spi-

2001 363 2282 417 ὲπίσταται
2302 382 2314 393 ·
2351 365 2480 417 Θεὸν
2507 365 2613 419 ἀπὸ
2641 366 2775 420 θεοῦ
2799 365 3003 424 ἄνωθεν
3029 370 3231 440 ἥκοντα
3251 386 3264 400 ⁸
3287 369 3583 435 ἄνθρωπον

316 460 450 513 ritus
481 476 605 514 caro
630 458 803 529 [actus
840 469 959 523 est;
992 472 1057 511 ac
1089 472 1157 512 ne
1187 456 1317 510 illud
1357 456 1575 526 quidem
1609 475 1619 508 :
1652 454 1893 509 Christus

313 552 468 606 homo
496 552 701 621 genitus
740 559 834 604 est.
871 547 1082 619 Quippe
1113 546 1399 616 Scriptura
1430 562 1606 612 sacra,
1644 548 1790 600 omni
1822 563 1886 602 ex

313 656 468 710 parte
523 642 729 696 nnmita
784 641 1136 710 stabilitaque
1189 637 1443 695 eumdem
1505 636 1674 692 Deum
1730 644 1894 707 atque

2000 454 2107 508 ἀπὸ
2151 456 2369 526 Μαρίας
2396 456 2525 512 ᾶνεύ
2564 456 2876 543 σπέρματος
2919 459 3111 531 ἀνδρὸς
3156 461 3580 534 γεγεννημένον.

1999 546 2120 598 Τῶν
2173 547 2229 600 δὲ
2268 547 2362 600 δύο
2388 548 2592 602 τούτων
2638 549 2906 622 ἀληθινῶν
2954 553 2984 604 6
3033 551 3186 615 ἐκτὸς
3240 551 3440 621 βαίνων
3477 552 3588 625 οὐχ

1994 639 2227 709 ὑπάρχει
2259 641 2358 713 τῆς
2386 640 2662 712 ἀληθείας.

315 734 587 788 hominem
632 733 923 803 agnoscit:
995 729 1164 784 Deum
1214 728 1432 798 quidem
1503 742 1532 781 a
1584 726 1695 782 Deo
1741 730 1961 784 cmlitus
2000 730 2340 801 profectum;
2398 733 2671 791 hominem
2728 753 2858 794 vero
2913 742 3032 793 sine
3083 735 3228 790 virili
3288 737 3499 793 semine
3551 752 3586 796 a

316 824 482 880 Maria
519 822 883 894 progenitum.
920 820 1025 888 Qui
1057 830 1208 875 extra
1244 820 1357 875 haec
1380 819 1545 892 466
1571 819 1681 875 duo
1706 820 1865 892 longe
1889 821 2176 878 verissima
2199 824 2464 894 graditur,
2506 841 2537 879 a
2574 830 2797 885 veritate
2827 840 2911 886 est
2947 831 3175 886 alienus.
3490 822 3495 825 ’

384 937 476 992 ιν.
517 935 679 991 Aliud
725 934 948 1005 insuper
988 932 1305 989 Theodotus
1354 934 1607 1003 opponit,
1643 935 1790 1005 quod
1824 935 1891 991 de

2050 938 2123 990 A'.
2143 935 2545 1007 Προφασίζεται
2565 935 2725 990 πάλιν
2743 938 2771 989 ὁ
2788 935 2955 1002 τάλας
2969 937 3224 1004 Θεόδοτος
3244 939 3353 1012 fil)
3375 938 3438 994 λέ
3452 959 3589 1010 ίων,

316 1032 437 1102 ipso
480 1027 746 1085 Jeremias
782 1025 1195 1099 pronuntiavit:
1229 1023 1396 1079 Homo
1428 1034 1525 1088 est,
1565 1034 1615 1078 et
1656 1026 1773 1096 quis
1804 1042 1893 1081 co-

2001 1028 2060 1082 ἱτι
2108 1029 2203 1083 καὶ
2247 1031 2275 1082 ὁ
2307 1028 2577 1099 Ἱερεμίας
2619 1029 2745 1099 περὶ
2771 1020 2936 1083 αὑτοῦ
2966 1030 3092 1103 ἔφη,
3122 1033 3203 1093 ὅτι
3238 1036 3591 1102 Ἄνθρωπός

246 1112 251 1113 ί
315 1130 526 1192 gnoscet
557 1120 709 1174 illum
735 1118 794 1170 ‘?
822 1117 933 1173 Nec
960 1117 1234 1186 intelligit,
1261 1132 1361 1186 pro
1386 1131 1453 1170 eo
1479 1125 1640 1186 atque
1681 1131 1713 1171 a
1746 1117 1891 1171 veri-

319 1223 429 1268 tate
456 1221 697 1267 remotus
729 1216 833 1273 est,
871 1222 1309 1277 unamquamque
1332 1207 1627 1261 dictionem
1654 1205 1892 1261 notionis

319 1318 432 1359 sua:
490 1317 555 1356 ac
617 1301 907 1371 potestatis
962 1300 1467 1369 interpretationem
1522 1297 1723 1353 trahere
1770 1313 1896 1351 con-

314 1394 583 1461 junctam.
648 1389 782 1444 Nam
840 1388 934 1459 qui
987 1387 1153 1444 homo
1202 1389 1294 1453 sit,
1349 1388 1506 1458 plane
1548 1402 1579 1440 a
1622 1386 1895 1457 plerisque

318 1483 690 1551 cognoscitur,
721 1482 921 1551 quibus
946 1480 1090 1535 haud
1121 1481 1340 1551 ignotus
1367 1495 1487 1535 esse
1518 1486 1696 1549 potest
1723 1498 1734 1533 :
1765 1489 1892 1549 puta

316 1574 384 1627 ab
421 1584 650 1644 utroque
687 1581 929 1643 parente,
963 1572 1248 1635 fratribus,
1295 1572 1564 1642 cognatis,
1603 1571 1896 1625 contuber-

317 1662 553 1727 nalibus,
600 1663 820 1726 vicinis,
860 1662 1094 1730 civibus,
1147 1678 1209 1716 ac
1241 1663 1435 1716 servis.
1472 1662 1540 1714 At
1584 1661 1697 1716 illic
1741 1659 1891 1714 Scri-

1996 1118 2149 1178 ἐστι.
2191 1120 2286 1172 καὶ
2333 1119 2424 1185 τίς
2470 1118 2761 1189 γνώσεται
2807 1121 3032 1185 adfor;
3069 1121 3178 1174 Kal
3216 1120 3315 1173 οὐκ
3359 1118 3500 1174 οἶδεν
3552 1121 3587 1174 6

2000 1212 2191 1265 ἑαυτδν
2233 1213 2331 1282 τῆς
2382 1211 2637 1282 ἀληθείας
2688 1211 3069 1280 ἀποξενώσας,
3123 1213 3235 1277 ὅτι,
3285 1212 3360 1275 ὡς
3412 1212 3581 1284 ἔφην,

1999 1300 2204 1369 ἑκάστη
2235 1301 2397 1379 ¹λέξις·
2445 1301 2556 1372 ἔχει
2584 1302 2684 1372 τῆς
2716 1303 2915 1373 ἑαυτῆς
2944 1302 3225 1371 δυνάμεως
3264 1304 3359 1374 τὴν
3393 1305 3585 1374 ἑρμη-

1995 1395 2164 1447 νείαν.
2210 1396 2268 1447 Ὀ
2305 1395 2414 1466 γὰρ
2444 1394 2726 1466 ἄνθρωπος
2772 1393 2848 1449 ῶν
2884 1396 3099 1459 πάντως
3128 1394 3232 1448 ὑπὸ
3260 1395 3469 1448 πολλῶν
3499 1413 3587 1463 γι.

1996 1484 2264 1538 νώσκεται
2294 1485 2402 1538 τῶν
2448 1486 2607 1538 αὑτὸν
2640 1487 3016 1554 γινωσκόντων
3041 1503 3055 1516 °
3105 1487 3246 1555 φημὶ
3278 1485 3333 1538 δὲ
3367 1487 3586 1555 πατρὸς

1997 1574 2091 1626 καὶ
2140 1575 2377 1645 μητρὸς,
2413 1573 2654 1643 ἀδελφῶν
2683 1590 2741 1626 τε
2788 1574 2880 1628 καὶ
2933 1576 3246 1645 συγγενῶν,
3290 1580 3583 1646 συσκήνων

1996 1680 2055 1715 τε
2100 1664 2194 1717 καὶ
2220 1662 2497 1732 γειτόνων,
2533 1663 2761 1717 πολιτῶν
2789 1681 2847 1718 τε
2875 1664 2968 1717 καὶ
3011 1666 3249 1719 οἰκετῶν.
3310 1666 3580 1721 Ἐνταῦοα

317 1764 473 1828 ptura
513 1756 682 1810 totius
715 1755 783 1810 ab
815 1755 908 1809 illo
932 1754 1175 1825 suscepti
1207 1753 1407 1825 negotii
1437 1752 1763 1808 miraculum
1794 1768 1893 1808 ex-

2001 1753 2049 1808 δὲ
2083 1746 2125 1825 ’ἡ
2164 1754 2391 1825 Γραφὴ,
2446 1755 2505 1808 τὸ
2553 1755 2863 1825 θαυμαστὸν
2924 1757 3250 1828 διηγουμένη
3299 1756 3397 1827 τῆς
3441 1759 3580 1829 ὅλης

315 1843 547 1911 plicans,
573 1844 846 1898 hominem
890 1843 1108 1913 quidem
1139 1851 1362 1913 propter
1387 1851 1723 1913 assumptam
1769 1858 1892 1897 car-

318 1948 440 1987 nem
489 1936 760 1999 nominat,
806 1933 938 1987 iisce
985 1947 1150 2003 porro
1190 1932 1412 1987 verbis:
1442 1931 1573 1998 Quis
1623 1940 1895 2003 cognoscat

319 2024 518 2080 illum?
556 2024 623 2078 ad
653 2024 773 2093 ejus
819 2024 1181 2088 divinitatem,
1214 2038 1334 2092 quae
1379 2023 1764 2093 comprehendi
1794 2038 1890 2077 ne-

319 2116 470 2184 quit,
521 2115 904 2171 declarandam
952 2117 1026 2169 uti
1079 2115 1265 2169 voluit.
1338 2112 1471 2167 Nam
1519 2129 1640 2168 cum
1690 2113 1893 2168 Fitimn

320 2225 468 2262 nemo
517 2208 655 2262 novit
711 2208 816 2262 nisi
856 2206 1058 2261 Pater:
1091 2223 1251 2276 neque
1306 2204 1522 2260 Patrem
1558 2207 1697 2260 novit
1730 2207 1892 2271 ullus,

321 2302 423 2354 nisi
451 2300 648 2366 Filius,
686 2310 733 2356 et
767 2302 811 2355 is
849 2302 934 2354 cui
962 2302 1203 2356 revelavit
1231 2302 1272 2367 ¹,
1316 2301 1584 2371 sequitur,
1612 2317 1680 2355 ne
1715 2300 1896 2371 ipsum

319 2395 571 2463 quidem,
618 2396 720 2449 nisi
771 2395 857 2448 cui
909 2396 1262 2459 revelavcrit,
1317 2396 1385 2450 ab
1428 2396 1537 2450 ullo
1596 2411 1757 2466 posse
1804 2411 1898 2452 cod

320 2487 529 2556 gnosci.
570 2485 837 2541 Cancrum
883 2485 1062 2542 Patris
1094 2487 1182 2541 ille
1221 2485 1304 2541 sui
1349 2501 1413 2539 ac
1443 2503 1596 2542 suam
1630 2488 1764 2542 adeo
1812 2487 1897 2541 di—

318 2579 599 2633 vinitatem
640 2586 692 2637 et
721 2577 947 2648 gloriam
983 2578 1157 2633 servis
1191 2578 1307 2632 suis
1334 2592 1429 2647 per
1472 2576 1734 2648 Spiritum
1759 2593 1899 2633 san-

318 2678 469 2726 ctum
503 2670 721 2736 revelat,
753 2685 965 2723 necnon
999 2676 1051 2723 et
1077 2668 1316 2724 futuram
1342 2670 1488 2722 illam
1512 2671 1899 2740 sempiternam

317 2762 509 2826 vitam,
549 2763 872 2833 reliquaque
920 2762 1200 2832 mysteria,
1253 2776 1317 2815 ac
1358 2760 1686 2824 doctrinam,
1734 2771 1900 2831 atque

319 2855 463 2909 inter
499 2863 694 2908 castora
728 2870 905 2907 veram
939 2853 1086 2906 illam
1126 2868 1281 2907 suam
1326 2853 1791 2918 incarnationem;
1834 2867 1900 2907 ac

319 2947 778 3017 quemadmodum
812 2945 953 3001 Deus
1005 2961 1035 2999 e
1068 2946 1227 3012 ratio,
1276 2944 1438 3000 homo
1482 2962 1545 3000 ex
1573 2944 1740 2999 Maria
1775 2961 1901 3016 pro-

321 3038 504 3092 dierit.

391 3149 456 3205 V'.
504 3149 684 3220 Pergit
720 3150 859 3204 idem
909 3148 999 3203 ille
1048 3146 1388 3211 Theodotus,
1417 3154 1471 3200 et
1515 3148 1583 3202 ab
1614 3146 1754 3202 Isaia
1801 3147 1899 3202 ho—

262 3240 267 3245 ’
321 3245 521 3299 minem
553 3244 704 3297 illum
730 3258 854 3297 esse
880 3240 1137 3294 ailirmari
1162 3240 1338 3303 docet,
1369 3240 1455 3293 his
1480 3239 1657 3295 verbis
1684 3257 1698 3293 :
1726 3237 1900 3293 Homo

321 3339 489 3392 sciens
523 3337 748 3391 tolerare
769 3334 1161 3402 inﬁrmitatem.
1192 3330 1259 3384 Et
1284 3333 1506 3386 vidimus
1530 3347 1648 3384 eum
1687 3345 1900 3399 percus-

321 3443 438 3480 sum
472 3435 519 3478 et
551 3425 683 3477 male
720 3422 977 3475 habitum.
1007 3419 1074 3473 Et
1104 3422 1392 3488 ignominia
1424 3421 1640 3488 a/fectus
1671 3406 1900 3481 est/nec

322 3526 596 3584 reputatus
621 3516 660 3569 ³.
695 3513 896 3569 Verum
934 3514 1208 3582 quomodo
1233 3513 1429 3565 iterum
1453 3511 1705 3581 redargui
1730 3511 1901 3579 possit

322 3622 489 3675 pecus
526 3606 633 3659 ista
666 3620 772 3659 non
804 3605 969 3658 videt.
1007 3602 1217 3673 Quippe
1250 3602 1422 3659 Isaias
1464 3602 1651 3657 eodem
1688 3602 1741 3655 in
1781 3601 1901 3655 loco

322 3699 396 3753 ita
440 3698 722 3768 loquitur:
761 3696 1037 3766 Tanquam
1083 3696 1192 3749 ovis
1239 3695 1308 3748 ad
1360 3696 1672 3749 occisionem
1711 3694 1900 3747 ductus

319 3799 435 3854 est;
477 3798 524 3841 et
574 3798 631 3841 ut
661 3803 828 3857 agnus
872 3802 1051 3840 coram
1085 3784 1325 3838 tondente
1365 3799 1419 3837 se
1464 3794 1662 3846 mutus,
1698 3782 1771 3835 sic
1798 3798 1902 3835 non

322 3881 490 3951 aperit
537 3897 594 3933 os
628 3896 803 3934 suum.
854 3877 917 3931 In
948 3877 1246 3931 humilitate
1290 3876 1461 3946 ipsius
1496 3875 1757 3944 judicium
1789 3873 1901 3943 ejus

322 3973 588 4025 sublatum
636 3980 734 4023 est.
788 3968 1023 4038 Subjicit
1066 3967 1263 4022 deinde
1300 3986 1312 4020 :
1358 3963 1755 4020 Generationem
1788 3965 1901 4034 ejus

320 4060 436 4130 quis
469 4058 737 4113 enarrubit
764 4060 788 4113 ?
819 4058 1070 4129 quoniam
1110 4057 1314 4111 tollitur
1345 4055 1408 4111 de
1448 4065 1589 4109 terra
1630 4055 1900 4108 hominum

323 4155 431 4206 vita
456 4152 591 4219 ejus.
623 4149 743 4204 Non
776 4151 933 4210 dixit,
975 4150 1186 4202 tollitur
1215 4150 1324 4202 vita
1369 4147 1522 4216 ejus;
1569 4147 1665 4201 sed
1701 4162 1766 4200 ea:
1810 4146 1902 4199 ho-

324 4243 558 4297 minibus
600 4243 821 4312 adjecit.
882 4242 1017 4295 Cum
1049 4242 1194 4295 enim
1235 4239 1467 4294 Verbum
1510 4248 1772 4310 perpetuo
1820 4241 1903 4294 vi-

325 4343 449 4394 vat,
493 4342 657 4401 atque
692 4332 747 4384 in
789 4347 910 4385 sese
946 4332 1112 4384 vitam
1147 4332 1363 4393 habent.
1411 4345 1640 4399 eamque
1688 4330 1774 4394 iis,
1807 4332 1903 4400 qui

1997 1845 2160 1900 αὐτοῦ
2203 1847 2607 1918 πραγματείας,
2647 1846 2932 1919 ἄνθρωπον
2964 1848 3063 1917 μὲν
3087 1848 3190 1918 ἔφη
3216 1846 3302 1901 διὰ
3348 1848 3446 1920 τὴν
3485 1850 3578 1900 ἕν-

1998 1954 2199 2010 σαρκσν
2250 1940 2549 2011 παρουσίαν
2598 1940 2680 2003 τὸ,
2734 1941 2830 2006 Τίς
2887 1940 2955 1993 δὲ
3006 1940 3295 2011 γνώσεται
3342 1942 3534 1994 αὐτόν
3559 1957 3581 2002 ;

1997 2032 2236 2103 ὲσήμανε
2278 2034 2404 2101 περὶ
2434 2033 2529 2101 τῆς
2561 2031 2723 2085 αὑτοῦ
2765 2031 3013 2102 θεότητος
3042 2032 3138 2103 τῆς
3170 2033 3576 2103 ἀκαταλήπτω.

2009 2121 2225 2194 Ἐπειδὴ
2269 2123 2379 2193 γὰρ
2431 2123 2629 2190 οὐδεὶς
2684 2119 2805 2177 οἶδε
2844 2123 2953 2176 τὸν
2991 2123 3126 2178 Υἱὸν
3160 2126 3212 2178 εὶ
3254 2122 3340 2193 μὴ
3378 2128 3410 2178 d
3454 2126 3569 2178 Πα-

1996 2212 2129 2281 τὴρ,
2166 2213 2400 2268 καὶτὸν
2439 2214 2669 2282 Πατέρα
2705 2213 2904 2280 οὐδεὶς
2933 2215 3096 2269 οἶδεν
3141 2218 3194 2269 ei
3218 2215 3304 2285 μὴ
3338 2219 3371 2271 ό
3415 2215 3571 2281 Υἱὸς.

1999 2301 2097 2355 καὶ
2142 2294 2190 2369 ᾧ
2226 2301 2334 2356 ἐὰν
2377 2303 2782 2372 ἀποκαλύψῃο
2824 2302 3000 2367 οὐδεὶς
3042 2298 3131 2356 οὖν
3187 2301 3450 2371 γνώσεται
3482 2304 3577 2355 αὖ-

2001 2394 2110 2457 τὺν,
2169 2393 2263 2446 ἐὰν
2330 2393 2405 2465 μὴ
2466 2392 2613 2465 αὐτῷ
2658 2393 3004 2467 ἀποκαλύψῃ.
3068 2393 3466 2447 Ἀπσκαλύπτει
3514 2394 3575 2447 δὲ

1998 2489 2065 2544 δι’
2119 2489 2273 2557 ἁγίου
2325 2486 2641 2558 Πνεύματος
2682 2490 2792 2551 τοῖς
2823 2487 2986 2541 αὑτοῦ
3023 2487 3228 2550 δούλοις
3273 2489 3369 2557 τὴν
3405 2487 3575 2542 αὑτοῦ

1998 2582 2095 2639 καὶ
2137 2581 2235 2652 τὴν
2279 2580 2371 2633 τοῦ
2403 2581 2567 2634 αὑτοῦ
2614 2580 2827 2651 Πατρδς
2859 2579 3109 2652 θεότητα,
3137 2584 3230 2635 καὶ
3271 2581 3445 2648 δόξαν,
3479 2583 3573 2636 καὶ

1999 2670 2097 2739 τὴν
2134 2668 2295 2722 αὑτοῦ
2339 2667 2483 2739 ζωὴν
2530 2668 2747 2723 αἰώνιον
2778 2670 2875 2740 τὴν
2911 2671 3228 2742 μέλλουσαν,
3266 2673 3357 2726 καὶ
3386 2672 3454 2726 τὰ
3485 2675 3575 2727 αὖε

1998 2759 2093 2812 τοῦ
2141 2761 2437 2831 μυστήρια,
2482 2760 2575 2814 καὶ
2622 2760 2988 2826 διδασκαλίαν,
3036 2764 3131 2816 καὶ
3160 2764 3259 2836 τὴν
3297 2763 3459 2818 αὑτοῦ
3507 2766 3573 2818 δι’

2001 2852 2146 2922 ἡμᾶς
2180 2850 2442 2923 ἔνσαρκον
2489 2851 2666 2922 ἁληΘῆ
2703 2854 3026 2925 παρουσίαν,
3062 2856 3143 2908 ὅτι
3186 2854 3316 2918 Θεὸς
3345 2857 3568 2924 ἄνωθεν,

2002 2943 2095 2996 καὶ
2144 2942 2428 3015 ἄνθρωπος
2468 2942 2575 2997 ἀπὸ
2614 2944 2853 3015 Μαρίας.

2048 3151 2126 3205 Ε’.
2169 3148 2301 3204 Εἶτα
2350 3151 2378 3203 6
2425 3149 2589 3212 αὐτὸς
2632 3148 2793 3201 πάλιν
2846 3147 2980 3220 φησὶ
3023 3146 3299 3212 Θεόδοτος,
3349 3146 3433 3197 ὅτι
3475 3145 3569 3196 καὶ

1988 3237 2216 3302 Ἡσαΐας
2244 3238 2373 3309 περὶ
2401 3237 2565 3297 αὑτοῦ
2602 3236 2728 3306 ἔφη,
2768 3238 2850 3289 ὅτι
2877 3237 3167 3308 ἄνθρωπός
3195 3239 3364 3296 ἐστιν,
3395 3231 3569 3295 οὕτως

2001 3323 2203 3377 εἰπών’
2250 3326 2594 3391 Ἀνθρωπος
2638 3323 2808 3390 εἰδὼς
2849 3324 3048 3393 φέρειν
3096 3325 3414 3392 μαλακίαν.
3462 3325 3571 3378 Καὶ

1999 3414 2237 3483 εἴδομεν
2282 3415 2467 3467 αὐτὸν
2511 3415 2581 3467 ἐν
2625 3413 2829 3484 πληγῇ
2876 3416 2972 3469 καὶ
3016 3416 3085 3469 ἐν
3138 3415 3415 3469 κακώσει.
3460 3414 3574 3468 Καὶ

2000 3506 2316 3576 viz-(priami,
2347 3505 2445 3558 καί
2492 3508 2603 3560 οὐκ
2644 3488 2954 3575 ﬂorido-11.
2989 3505 3130 3558 Ἀλλ’
3163 3507 3260 3559 οὐκ
3305 3504 3412 3560 οἶδε
3458 3508 3575 3571 πῶς

2003 3598 2161 3652 πάλιν
2210 3597 2488 3666 ἐλέγχεται
2533 3600 2560 3651 ὁ
2617 3597 2913 3669 κτηνὼδης.
2963 3598 3050 3651 Ἑν
3093 3598 3284 3661 αὐταῖς
3324 3600 3430 3670 γὰρ
3457 3605 3577 3664 ταῖς

2001 3690 2207 3755 λέξεσιν
2253 3692 2479 3754 Ἡσαΐας
2529 3690 2700 3753 οὕτως
2758 3684 2944 3743 εἶπεν·
2992 3689 3087 3756 Ὠς
3132 3692 3429 3758 πρόϐατον
3474 3694 3576 3747 ἐπὶ

2003 3784 2249 3853 σφαγὴν·
2278 3783 2456 3852 ἢχθη,
2494 3783 2589 3836 καί
2640 3783 2720 3849 ὡς
2766 3782 2959 3852 ἀμνὸς
3005 3784 3283 3838 ἐναντίον
3319 3784 3426 3838 τοῦ
3460 3788 3577 3839 κεί-

1995 3891 2218 3942 ραντος
2268 3876 2456 3928 αὐτὸν
2511 3874 2785 3942 ἄφωνος*
2846 3870 3034 3941 οὕτως
3075 3878 3186 3931 οὐκ
3230 3877 3457 3946 ἀνοίγει
3510 3878 3578 3932 τὸ

2003 3966 2198 4035 στόμα
2234 3966 2442 4021 αὐτοῦ.
2503 3968 2604 4019 Ἐν
2653 3964 2727 4034 τῇ
2764 3965 3114 4020 ταπεινώσει
3155 3968 3343 4022 αὐτοῦ
3371 3969 3408 4036 ἡ
3455 3973 3580 4037 κρί-

2004 4075 2103 4125 σις
2136 4060 2324 4114 αὐτοῦ
2371 4059 2546 4127 ἤρθη.
2594 4055 2724 4113 Εἴτά
2762 4077 2925 4131 φησι·
2975 4064 3019 4115 Τ
3020 4060 3094 4129 ὴν
3132 4062 3347 4129 γενεὰν
3389 4062 3578 4115 αὑτοῦ

2004 4149 2094 4214 τίς
2140 4146 2526 4217 (muniuerat;
2579 4147 2666 4200 ὅτι
2718 4148 2944 4217 αἴρεται
2985 4148 3102 4203 ἀπὸ
3148 4147 3262 4216 τῆς
3300 4149 3411 4219 γῆς
3460 4150 3581 4202 τῶν

2004 4238 2329 4308 ἀνθρώπων
2357 4240 2394 4306 ὴ
2427 4236 2536 4305 ζωὴ
2567 4239 2773 4293 αὐτοῦ.
2806 4240 2915 4292 Καὶ
2939 4240 3038 4292 οὐκ
3067 4235 3237 4303 εἶπεν,
3271 4241 3491 4307 αἴρεται
3535 4241 3575 4306 ἠ

2006 4329 2117 4399 ζωὴ
2179 4330 2389 4386 αὐτοῦ.
2446 4330 2599 4392 ἀλλὰ,
2657 4330 2774 4383 ἀπὸ
2835 4329 3177 4397 ἀνθρώπων.
3236 4332 3345 4385 ’Δεὶ
3391 4332 3499 4403 γὰρ
3548 4334 3579 4384 6

323 4439 445 4480 sese
479 4432 683 4488 ament,
718 4422 1014 4492 impertiat,
1051 4437 1115 4476 ex
1154 4422 1580 4499 hominibusest
1612 4422 1760 4477 illius
1788 4425 1895 4493 qui-

2006 4424 2174 4491 Λόγος
2210 4422 2318 4486 ζῶν
2347 4423 2629 4493 ὑπάρχων,
2684 4423 2778 4476 καὶ
2825 4422 2887 4475 τὸ
2915 4422 3012 4493 ζῇν
3065 4423 3149 4491 ἐφ’
3195 4423 3383 4476 ἑαυτοῦ
3415 4423 3574 4493 ἔχων,

396 4610 409 4638 ¹
438 4606 638 4662 Jcrem.
669 4600 800 4668 xvn,
833 4603 890 4657 9.
964 4606 984 4635 ²
1017 4601 1206 4659 Matth.
1238 4620 1314 4668 sl,
1344 4603 1442 4671 27;
1469 4603 1601 4659 Luc.
1645 4621 1699 4667 κ,
1735 4603 1826 4661 22.

392 4763 505 4834 (7i)
545 4759 967 4832 Προφασίζεται
982 4759 1168 4834 ίιάλινς
1181 4762 1213 4813 ὀ
1226 4760 1412 4834 τάλας
1430 4759 1731 4834 Θεόδοτος.
1751 4758 1899 4834 erg:

324 4828 445 4887 mia!
478 4828 628 4888 locus
653 4828 742 4887 ille
768 4874 781 4895 ,
803 4848 960 4900 quem
981 4830 1296 4884 Theodotus
1322 4831 1578 4884 aﬂ'erebat
1602 4871 1616 4893 ,
1644 4847 1706 4883 ex
1758 4828 1898 4883 LXX

252 4932 261 4935 έ
322 4906 608 4958 Seniorum
672 4904 909 4958 editione
975 4901 1329 4970 depromptus
1397 4910 1521 4955 est:
1582 4900 1896 4970 Ἄνθρωπός

320 4978 468 5038 ἐστι,
508 4975 603 5028 καὶ
650 4974 731 5036 τίς
782 4972 1052 5041 γνώσεται
1082 4971 1282 5036 aii-56v;
1320 4971 1583 5025 llebraica
1625 4986 1724 5022 vox
1753 4980 1897 5029 imm

320 5047 571 5114 ambigua
603 5040 1381 5114 signiﬁcationeioccasitmem
1435 5040 1898 5114 interpretationis

321 5108 677 5175 illius—dedit:
726 5121 783 5167 ut
816 5111 1198 5164 animadvertit
1234 5111 1451 5165 Hieron.
1491 5108 1634 5161 Nam
1665 5111 1710 5162 si
1751 5112 1896 5176 lega-

320 5202 433 5239 mus
462 5181 625 5261 ntust,
669 5185 829 5237 homo
851 5181 1089 5235 dicitur:
1118 5182 1164 5234 si
1202 5191 1375 5235 autem
1415 5180 1579 5265 uitat,
1614 5180 1893 5232 inserata-

318 5291 444 5357 bile,
476 5292 579 5344 sive
612 5289 990 5359 da'sperabile;
1029 5304 1088 5342 eo
1125 5287 1271 5359 quod
1292 5286 1468 5340 nullus
1503 5301 1596 5359 cor
1623 5285 1892 5359 hominum

318 5356 488 5415 valeat
537 5356 784 5415 invenire.
843 5363 911 5413 At
967 5356 1143 5413 sancti
1199 5356 1303 5411 PP.
1361 5357 1695 5411 contrarium
1746 5356 1888 5422 ejus.

316 5432 461 5500 quod
513 5430 827 5484 Theodotus
885 5429 1186 5500 pugnabat,
1230 5444 1294 5481 cx
1335 5428 1525 5500 eodem
1565 5428 1684 5480 loco
1722 5426 1893 5500 dedit?

304 5495 450 5555 euut
477 5521 490 5555 :
523 5503 796 5554 Christum
820 5495 937 5553 non
963 5495 1275 5566 'simplicem
1310 5498 1580 5550 hominem
1615 5511 1758 5557 esse.
1793 5495 1885 5551 sed

320 5584 424 5621 una
464 5572 624 5623 etiam
676 5570 840 5623 Deum
871 5588 883 5621 :
919 5569 1063 5637 quod
1114 5568 1473 5636 Hieronymus
1512 5583 1616 5619 non
1676 5567 1883 5635 probat.

321 5636 538 5701 Solent,
586 5640 763 5707 inquit
791 5680 803 5701 ,
834 5636 1049 5708 quidam
1083 5642 1285 5701 nostri,
1340 5638 1470 5689 bono
1509 5638 1716 5704 quidem
1747 5647 1882 5701 volo,

1904 4606 1924 4637 ³
1959 4606 2063 4662 lsa.
2089 4622 2203 4671 LIII,
2247 4607 2281 4661 5
2318 4622 2438 4677 sqq.

2003 4760 2093 4813 sed
2132 4776 2234 4814 non
2282 4763 2567 4814 secundum
2609 4762 2881 4815 scientiam
2908 4801 2923 4825 ,
2973 4763 3049 4816 uti
3092 4763 3187 4817 hoc
3241 4764 3354 4818 loco
3392 4775 3577 4820 contra

2002 4829 2253 4890 Iudaeos;
2281 4831 2418 4898 quod
2451 4831 2620 4904 homo
2646 4834 2713 4885 sit
2749 4833 3000 4887 Dominus
3044 4850 3219 4902 a'que,
3256 4846 3411 4904 atque
3450 4834 3578 4889 Sat-

2005 4912 2172 4972 vator,
2232 4906 2516 4954 secundum
2567 4902 3012 4968 dispensationem
3041 4905 3217 4958 carnis
3251 4902 3574 4972 assumptus;

2005 4971 2282 5044 nullusque
2328 4972 2493 5044 possit
2553 4974 2845 5044 nativitatis
2895 4974 3008 5041 ejus
3067 4976 3216 5044 scit-eg
3249 4971 3574 5044 mysterium,

2004 5043 2288 5094 secundum
2325 5041 2460 5095 illud
2500 5043 2636 5110 quod
2683 5044 2936 5109 scriptum
2979 5052 3087 5097 est:
3132 5064 3149 5094 ί
3178 5041 3577 5099 Genérationem

2000 5112 2113 5183 ejus
2164 5114 2279 5175 quis
2312 5113 2583 5165 enarrabit
2604 5115 2629 5167 .9
2655 5132 2671 5163 ι
2718 5114 2820 5167 nisi
2856 5114 2999 5167 solus
3040 5113 3180 5168 Deus
3205 5156 3219 5179 ,
3253 5117 3342 5183 qui
3374 5133 3574 5168 arcana

2001 5182 2265 5252 rimatur,
2303 5193 2352 5235 et
2393 5182 2562 5235 reddit
2591 5184 2869 5252 uniruique
2908 5185 3189 5237 secundum
3247 5182 3405 5251 Opera
3452 5202 3572 5240 sua.

1999 5249 2192 5325 Melius
2226 5260 2399 5305 autem
2433 5262 2529 5313 est,
2580 5263 2635 5304 ut
2680 5249 2990 5321 simpliciter
3044 5249 3370 5320 accipiamus
3394 5296 3408 5312 .
3435 5256 3576 5325 quod

1996 5322 2597 5392 nultus__cogitationum
2649 5333 2846 5376 secreta
2898 5334 3215 5391 cognoscat,
3270 5326 3376 5378 nisi
3428 5322 3576 5380 solus

2000 5390 2159 5445 Deus.
2193 5390 2315 5446 Haec
2348 5392 2469 5446 ille.
2505 5392 2582 5446 Ad
2632 5393 2878 5447 eumdem
2917 5390 3134 5448 sensum
3191 5393 3356 5450 refert
3408 5397 3574 5449 etiam

1998 5460 2414 5533 Theodorctus;
2461 5460 2665 5533 Tertul.
2711 5478 2835 5517 vero
2874 5463 3073 5533 Contra
3106 5461 3262 5525 Jud.,
3311 5480 3434 5533 cap.
3472 5465 3572 5528 l4;

1995 5533 2302 5603 Cyprianus
2341 5531 2493 5587 Cont.
2530 5531 2684 5594 .Iud.,
2727 5550 2845 5602 cap.
2882 5534 2945 5589 10
2976 5550 2990 5598 ;
3055 5532 3307 5588 Lactant.
3352 5531 3462 5603 lib.
3500 5552 3571 5597 tv.

1994 5602 2113 5672 cap.
2154 5603 2216 5656 l3
2244 5619 2257 5668 ;
2290 5612 2344 5657 et
2379 5604 2466 5657 alii
2497 5643 2510 5663 ,
2559 5619 2694 5671 quos
2726 5602 2889 5659 tacito
2920 5603 3134 5658 nomine
3163 5613 3312 5658 notat
3347 5602 3577 5659 Hieron.

1995 5673 2061 5724 ad
2098 5673 2296 5727 Christi
2331 5672 2684 5728 divinitatem.
