3918 6132
393 363 498 418 979

1809 374 1864 430 S.
1906 375 2239 431 EPlPHANli

3532 378 3639 432 980

469 480 557 536 IV.
603 480 784 538 Redeo
806 484 918 553 jam
949 485 1014 541 ad
1049 486 1098 541 id
1125 489 1270 558 quod
1301 488 1429 545 mihi
1458 507 1867 563 proposueram,
1897 510 1960 548 ea

2135 496 2205 544 A’.
2256 483 2714 561 Ἐπανελεύσομαι
2764 488 2820 542 δὲ
2866 487 3026 544 πάλιν
3057 486 3136 551 εἱς
3166 487 3234 539 τὰ
3273 485 3633 557 προκείμενα,

397 571 668 638 videlicet,
702 588 824 643 quo:
853 575 919 631 de
953 575 1348 634 Melcliisedeeo
1388 581 1728 650 ineptissime
1754 585 1962 638 conlin-

394 672 548 733 gunt.
572 663 691 718 Fuit
714 666 860 719 enim
883 666 1067 736 justus
1093 669 1182 723 ille
1205 670 1446 740 quidem,
1471 687 1535 727 ac
1563 673 1652 728 Dei
1681 675 1958 741 sacerdos,

393 762 447 806 et
476 768 567 808 rex
600 753 776 809 Salem
806 773 820 820 ;
857 758 952 811 sed
990 774 1167 828 neque
1207 760 1260 813 in
1294 762 1434 816 cmlo
1463 761 1592 827 fuit,
1627 779 1727 818 nec
1764 780 1794 820 e
1821 766 1962 821 caelo

395 843 698 898 descendit.
741 845 912 901 Nemo
938 850 1079 902 enim
1130 851 1367 905 ascendit
1397 853 1451 906 in
1491 854 1698 921 coelum,
1737 856 1842 910 nisi
1873 859 1962 927 qui

395 933 460 988 de
491 935 616 988 cazlo
643 936 928 1001 descendit,
968 939 1144 996 Filius
1176 943 1423 1008 hominis,
1466 946 1542 999 ait
1577 948 1962 1004 sanctissimus

396 1027 830 1098 verissimusque
864 1031 1006 1087 Deus
1045 1033 1184 1088 idem
1217 1041 1271 1089 et
1315 1034 1580 1090 Verbum’
1605 1080 1618 1092 .
1646 1037 1796 1092 Illum
1833 1054 1962 1093 vero

399 1115 780 1174 Melchisedeci
820 1121 1068 1176 ordinem
1127 1141 1250 1178 cum
1307 1124 1592 1196 Scriptura
1633 1144 1789 1182 sacra
1831 1145 1963 1183 con-

402 1208 601 1273 tinuat,
631 1224 694 1263 ac
723 1220 946 1268 sanctus
973 1212 1210 1282 Spiritus
1240 1219 1515 1286 expressis
1539 1220 1720 1273 verbis
1742 1222 1959 1288 asserit,

399 1298 691 1352 sacerdOtii
728 1302 1142 1357 translationem
1187 1305 1447 1370 ostendit,
1496 1307 1642 1376 quod
1683 1308 1753 1362 ab
1784 1317 1964 1366 vetere

401 1386 686 1460 Synagoga
741 1393 958 1463 rituque
1001 1395 1279 1465 egregium
1339 1411 1402 1450 ac
1441 1399 1960 1466 przestantissimum

399 1477 453 1530 in
487 1478 674 1544 ritum,
704 1497 881 1552 neque
903 1485 1109 1538 carnali
1141 1487 1494 1544 successione
1521 1488 1833 1544 devinctum
1865 1505 1962 1560 po-

399 1579 515 1623 stea
535 1572 773 1626 transiit.
796 1573 1002 1629 Etenim
1026 1585 1254 1634 sanctus
1275 1579 1362 1635 ille
1378 1579 1732 1636 Melchisedec
1754 1582 1960 1635 nullum

400 1675 576 1730 neque
604 1674 727 1732 post
755 1679 814 1719 se
845 1680 1224 1723 successorem
1255 1670 1466 1738 habuit,
1503 1686 1604 1726 nec
1635 1672 1684 1726 ei
1709 1670 1963 1727 sacerdo-

397 1755 532 1806 tium
567 1764 653 1810 est
695 1757 1050 1828 abrogatum,
1096 1761 1191 1815 sed
1243 1763 1498 1818 sacerdos
1534 1770 1648 1819 toto
1690 1762 1812 1816 vitae
1852 1777 1965 1817 sum

399 1851 642 1914 tempore
689 1819 912 1903 mansit.
967 1849 1148 1915 Quare
1193 1851 1371 1906 adhuc
1431 1851 1486 1906 in
1534 1853 1706 1908 sacris
1741 1850 1961 1907 Litteris
1997 1819 2037 1873 Β

402 1936 591 1991 eadem
635 1939 928 1994 sacerdotii
959 1940 1220 2011 dignitate
1261 1943 1603 2007 celebratur,
1634 1959 1762 1998 cum
1804 1957 1962 1998 nemo

402 2026 452 2079 ei
512 2030 883 2094 successerit,
926 2038 1022 2086 aut
1078 2032 1221 2086 illam
1277 2033 1566 2090 sacerdotii
1609 2033 1961 2101 iunctionem,

401 2133 506 2187 qua
538 2134 640 2174 suo
666 2127 909 2191 tempore
938 2133 1130 2180 nactus
1154 2131 1258 2189 est,
1282 2125 1553 2180 everterit.
1579 2126 1777 2180 Eodem
1806 2126 1964 2195 plane

399 2209 562 2264 modo
583 2210 847 2269 Dominus
877 2225 1066 2270 noster
1094 2231 1202 2270 non
1229 2217 1409 2271 nudus
1439 2217 1622 2280 homo,
1646 2219 1739 2273 sed
1763 2233 1828 2273 ex
1853 2217 1962 2273 Deo

401 2301 543 2358 Deus
565 2300 828 2369 Verbum,
854 2304 1058 2376 Deique
1088 2304 1278 2374 Filius,
1309 2307 1376 2362 ab
1401 2307 1589 2363 eodem
1621 2309 1772 2362 nullo
1807 2309 1963 2366 initio

397 2400 491 2444 aut
527 2399 770 2462 tempore
804 2395 1043 2464 genitus,
1070 2398 1162 2465 qui
1207 2405 1292 2451 est
1325 2412 1448 2451 cum
1486 2396 1644 2453 Patre
1676 2407 1959 2469 perpetuo,

399 2481 496 2535 sed
526 2480 690 2536 homo
717 2491 896 2537 tamen
924 2484 990 2538 de
1021 2483 1187 2538 Maria
1222 2494 1412 2541 nostra
1441 2502 1608 2541 causa
1639 2488 1814 2545 factus
1841 2499 1959 2558 est;

397 2586 498 2628 nec
526 2587 592 2627 ex
625 2572 768 2627 virili
801 2574 1010 2629 semine
1041 2585 1380 2644 procreatus.
1403 2577 1508 2644 Qui
1533 2579 1750 2649 quidem
1781 2596 1965 2638 sacer-

397 2664 582 2720 dotale
619 2663 768 2720 Patri
821 2682 920 2722 suo
956 2683 1154 2723 munus
1189 2668 1368 2736 oﬂ‘cr-t,
1404 2661 1626 2741 accepta
1659 2687 1725 2728 ex
1766 2683 1962 2730 natura

395 2751 677 2808 hominum
709 2769 911 2819 massa,
952 2763 1009 2809 ut
1042 2772 1139 2827 pro
1169 2757 1328 2813 nobis
1373 2759 1632 2816 sacerdos
1661 2763 1960 2818 secundum

395 2843 644 2903 ordinem
687 2844 1042 2903 Melcliisedec
1090 2850 1443 2905 successione
1487 2853 1636 2906 omni
1685 2862 1961 2911 carentem

393 2935 790 2990 constituatur.
823 2937 999 2992 Manet
1027 2940 1193 3003 enim,
1221 2949 1279 2995 ει-
1310 2940 1530 2997 assidue
1556 2941 1696 2998 dona
1729 2958 1828 3011 pro
1859 2959 1961 2999 no-

399 3025 484 3082 bis
517 3024 692 3080 oilert.
728 3029 785 3081 In
819 3029 1010 3098 primis
1041 3029 1241 3100 quippe
1277 3033 1628 3103 semetipsum
1655 3034 1871 3101 obtulit,
1903 3043 1963 3090 ut

2062 580 2136 644 ὡς
2184 574 2326 634 οὗτοι
2375 579 2732 647 φαντάζονται
2775 577 2901 646 περὶ
2937 575 3424 645 τοῦνΜελχισεδέκ.
3461 579 3478 607 ¹
3506 578 3634 631 Ὀτι

2067 671 2163 740 μὲν
2194 671 2302 741 γὰρ
2350 671 2556 733 δίκαιος
2590 669 2826 742 ὑπῆρχε,
2864 669 2959 722 καὶ
3001 668 3180 740 ἱερεὺς
3210 667 3304 720 τοῦ
3343 666 3501 730 Θεοῦ,
3535 671 3634 721 καὶ

2065 761 2314 830 βασιλεὺς
2343 762 2440 831 τῆς
2485 761 2694 832 Σαλὴμ,
2735 761 2848 814 ἀλλ’
2873 761 2974 814 οὐκ
3014 763 3072 812 ὲν
3111 759 3322 831 οὐρανῷ
3348 761 3633 831 ὑπάρχων,

2065 854 2159 906 καὶ¹
2185 853 2280 906 ἀπ’
2324 852 2552 924 οὐρανοῦ
2590 852 3000 923 καταϐεϐηκώς.
3035 851 3242 918 Οὐδεὶς
3285 852 3395 920 γὰρ
3421 852 3625 905 ἀνειεέ-

2064 946 2244 1012 6ηκεν
2270 947 2356 1012 εἰς
2387 945 2494 997 τὸν
2524 943 2802 1011 οὐρανὸν,
2825 945 2878 997 εἱ
2912 942 2998 1012 μὴ
3048 945 3081 996 ό
3117 943 3185 996 ἐκ
3222 943 3328 997 τοῦ
3368 945 3632 1010 οὐρανοῦ

2063 1037 2344 1102 καταϐὰς,
2376 1038 2410 1089 ό
2442 1035 2572 1099 Υἱὸς
2597 1030 2704 1090 τοῦ
2733 1033 3068 1102 ἀνθρώπου,
3099 1034 3261 1104 φησὶν
3298 1035 3326 1087 6
3353 1033 3506 1100 ἅγιος
3538 1033 3642 1085 καὶ

2064 1127 2299 1197 ἀψευδὴς
2328 1127 2460 1190 Θεὸς
2493 1127 2694 1196 Λόγος·
2732 1127 2830 1196 τὴν
2873 1125 2929 1178 δὲ
2975 1125 3124 1190 τάξιν
3159 1124 3252 1178 τοῦ
3297 1125 3634 1194 Μελχισεδὲκ

2064 1217 2468 1289 κρατύνουσαή
2510 1218 2631 1270 θεία
2673 1217 2894 1288 Γραφὴ,
2934 1217 3026 1268 καὶ
3063 1215 3125 1268 τὸ
3181 1215 3402 1285 Πνεῦμα
3451 1214 3637 1284 ῥητῶς

2063 1307 2312 1361 διδάσκον
2332 1347 2346 1372 ,
2391 1307 2489 1378 τὴν
2521 1307 2806 1377 μετάθεσιν
2839 1305 3004 1371 ἔδειξε
3051 1305 3151 1374 τῆς
3182 1304 3477 1376 ἱερωσύνης
3522 1303 3634 1356 ἀπὸ

2062 1401 2163 1471 τῆς
2197 1399 2428 1462 παλαιᾶς
2453 1397 2770 1467 συναγωγῆς
2793 1397 2885 1451 καὶ
2918 1397 3010 1450 τοῦ
3050 1397 3200 1460 ἔθους
3229 1397 3308 1462 εἱς
3345 1396 3466 1458 ἔθος
3502 1396 3632 1448 κάλ-

2063 1491 2243 1543 λιστον
2267 1489 2359 1541 καὶ
2387 1488 2709 1560 ὑπέρτατον,
2744 1489 2839 1541 καὶ
2869 1489 2928 1540 ού
2960 1488 3182 1558 μέτοχον
3216 1487 3482 1558 σαρκικῆς
3516 1486 3634 1538 6L1-

2063 1579 2224 1650 δοχῆς
2269 1578 2564 1650 ἡνωμένον.
2616 1578 2674 1630 Ὀ
2709 1577 2817 1645 γὰρ
2846 1577 3178 1647 Μελχισεδὲκ
3220 1577 3248 1628 6
3294 1577 3445 1642 ἆγιος
3477 1569 3637 1638 οὗτος

2063 1671 2245 1725 οὐκέτι
2273 1672 2389 1740 μετ’
2420 1669 2582 1722 αὑτὸν
2610 1667 2857 1739 διαδοχὴν
2889 1667 3138 1738 ἔσχηκεν,
3168 1666 3281 1719 ἀλλ’
3319 1666 3441 1720 οὒτε
3471 1666 3638 1734 ἁφαε-

2068 1779 2217 1833 ρεσιν
2258 1763 2357 1832 τῆς
2391 1759 2722 1832 ἱερωσύνης·
2760 1759 2942 1830 ἔμεινε
2997 1757 3104 1829 γὰρ
3145 1759 3305 1822 αὐτὸς
3336 1759 3516 1828 ἱερεὺς
3542 1759 3637 1811 τὸν

2065 1853 2238 1905 πάντα
2272 1853 2460 1923 χρόνον
2483 1851 2580 1920 τῆς
2615 1848 2779 1903 αὑτοῦ
2801 1847 2964 1918 ζωῆς.
3005 1850 3114 1902 Καὶ
3140 1847 3219 1900 ἔτι
3252 1849 3308 1901 ὲν
3340 1851 3405 1918 τῇ
3440 1848 3636 1918 Γραφῇ

2063 1941 2244 2013 ᾄδεται
2290 1943 2488 2014 ἱερεὺς,
2526 1939 2751 2012 μηδενὸς
2783 1938 2961 1993 αὐτῶν
2997 1938 3398 2009 διαδεξαμένου,
3425 1939 3470 2008 ἦ
3505 1940 3635 1992 dvo.-

2062 2033 2360 2104 τρέψαντος
2399 2032 2498 2103 τὴν
2553 2032 2694 2087 κατὰ
2739 2031 2830 2083 τὸν
2887 2029 3076 2100 χρόνον
3121 2029 3282 2081 αὑτοῦ
3331 2028 3639 2099 ὑπηρεσίαν

2064 2123 2164 2194 τῆς
2211 2122 2530 2194 ἱερωσύνης.
2559 2121 2716 2175 Οὕτω
2757 2121 2852 2174 καὶ
2896 2122 2925 2174 6
2971 2119 3173 2191 Κύριος
3207 2119 3381 2190 ἡμῶν,
3413 2121 3516 2172 οὐκ
3560 2119 3641 2171 ῶν

2062 2211 2379 2284 ἄνθρωπος,
2412 2211 2547 2264 ἀλλὰ
2575 2211 2638 2264 ὲκ
2688 2210 2822 2264 Θεοῦ
2886 2209 3041 2278 ἅγιος
3081 2209 3212 2272 Θεὸς
3255 2209 3422 2275 Λόγος
3447 2249 3462 2271 ,
3507 2208 3640 2271 Tib;

2063 2301 2198 2356 Θεοῦ
2219 2302 2498 2374 γεννηθεὶς
2529 2301 2780 2374 ἀνάρχως
2801 2301 2894 2354 καὶ
2919 2295 3184 2371 ἀχρόνως,
3213 2301 3298 2352 ἀεὶ
3327 2300 3421 2352 σὺν
3457 2301 3641 2369 Πατρὶ

2063 2395 2160 2459 ὢν,
2208 2394 2497 2466 γενόμενος
2547 2393 2614 2447 δι’
2643 2394 2791 2463 ἡμᾶς
2836 2394 2900 2445 ὲκ
2943 2393 3162 2462 Μαρίας
3199 2391 3505 2461 ἄνθρωπος,
3543 2391 3642 2444 καὶ

2063 2487 2165 2539 οὐκ
2204 2484 2312 2538 ἀπὸ
2356 2484 2666 2556 σπέρματος
2720 2482 2929 2553 ἀνδρός.
2963 2484 3073 2552 Τὴν
3114 2483 3170 2536 δὲ
3215 2472 3515 2552 ἱερωσύνην
3561 2482 3642 2552 τῷ

2063 2575 2240 2647 Πατρὶ
2285 2575 2601 2647 προσφέρει,
2629 2575 2688 2641 ἐξ
2728 2573 3143 2646 ἀνθρωπότητος
3179 2574 3238 2627 τὸ
3275 2573 3503 2647 φύραμα
3539 2573 3641 2626 λα-

2065 2667 2195 2732 ϐὼν,
2221 2667 2310 2722 ἵνα
2331 2666 2474 2738 ὑπὲρ
2499 2669 2531 2737 ἡ
2542 2667 2656 2737 μῶν
2696 2666 2874 2736 ἱερεὺς
2915 2668 3156 2736 καταστῇ
3184 2665 3322 2718 κατὰ
3357 2665 3455 2735 τὴν
3486 2665 3642 2729 τάξιν

2063 2758 2416 2830 Μελχισεδὲκ,
2439 2758 2538 2829 τὴν
2572 2757 2646 2828 μὴ
2678 2757 2904 2827 ἔχουσαν
2937 2756 3205 2827 διαδοχήν.
3232 2756 3398 2810 Μένει
3427 2755 3542 2828 γὰρ
3570 2759 3644 2810 τὰ

2065 2850 2206 2922 ὑπὲρ
2233 2849 2390 2921 ἡμῶν
2417 2850 2498 2914 εἱς
2529 2849 2590 2905 τὸ
2621 2849 2863 2921 διηνεκὲς
2901 2847 3048 2920 δῶρα
3087 2847 3437 2921 προσφέρων·
3488 2850 3645 2919 πρῶ-

2063 2959 2156 2996 τον
2187 2942 2286 3012 μὲν
2332 2941 2521 2995 ἑαυτὸν
2558 2923 2949 3012 προσενέγκας,
2985 2940 3074 2994 ἵνα
3111 2937 3249 3012 λύσῃ
3292 2939 3508 2993 θυσίαν-
3533 2957 3644 2992 πα-

2063 3034 2223 3098 λαιᾶς
2246 3033 2529 3105 διαθήκης,
2563 3032 2663 3105 τὴν
2691 3032 3069 3101 ἐντελεστέραν
3098 3031 3278 3096 ζῶσαν
3322 3033 3464 3104 ὑπὲρ
3504 3051 3645 3087 παν-

395 3117 724 3185 perfcttiore
765 3119 993 3189 vivaque
1039 3136 1136 3191 pro
1185 3123 1354 3178 totius
1397 3126 1583 3182 mundi
1625 3127 1801 3184 salute
1846 3144 1962 3182 ma—

2067 3126 2156 3188 τδς
2187 3124 2391 3196 κόσμου
2417 3125 2777 3197 ἱερουργήσας
2801 3142 2814 3156 ·
2851 3124 3011 3187 αὐτὸς
3037 3125 3250 3194 ἱερεῖον,
3275 3123 3434 3187 αὐτὸς
3465 3123 3641 3194 θῦμα,

394 3216 538 3263 stata
591 3208 794 3273 hostia,
827 3211 1023 3266 veteris
1071 3216 1381 3269 testamenti
1411 3217 1740 3274 sacriﬁcium
1779 3219 1962 3276 abole-

394 3307 494 3353 ret.
528 3299 586 3352 in
609 3314 718 3369 quo
752 3299 894 3354 idem
929 3301 1044 3370 ipse
1068 3303 1289 3356 victima
1318 3304 1440 3370 fuit,
1465 3306 1581 3376 ipse
1604 3307 1959 3376 sacriﬁcium,

397 3391 514 3460 ipse
555 3389 840 3465 sacerdos,
874 3391 990 3461 ipse
1023 3393 1216 3458 altare,
1264 3395 1382 3465 ipse
1415 3395 1581 3459 Deus,
1618 3397 1736 3468 ipse
1775 3399 1959 3464 homo,

394 3482 508 3548 ipse
528 3480 660 3546 Rex,
688 3481 850 3554 472
881 3483 893 3534 i
903 3499 997 3552 pse
1018 3481 1286 3551 Pontifex,
1310 3485 1426 3555 ipse
1446 3487 1586 3548 ovis,
1611 3487 1727 3557 ipse
1750 3503 1958 3559 agnus;

363 3571 637 3641 ~adeoque
663 3560 841 3626 omnia
866 3577 917 3627 iu
945 3574 1185 3629 omnibus
1207 3577 1227 3608 ³
1262 3585 1485 3648 propter
1511 3594 1612 3634 nos
1645 3587 1726 3634 est
1763 3581 1959 3647 tactus,

393 3671 454 3716 ut
485 3665 661 3720 modis
690 3667 945 3723 omnibus
985 3667 1142 3723 nobis
1167 3669 1277 3723 vita
1312 3678 1656 3740 suppeteret;
1688 3687 1752 3727 ac
1781 3688 1966 3728 sacer-

390 3755 524 3810 dotii
558 3757 642 3812 sui
677 3768 1040 3822 constantem,
1067 3768 1120 3814 et
1146 3759 1539 3817 immutabilem
1571 3762 1881 3825 lirmitatem
1906 3764 1964 3819 in

391 3850 782 3918 sempiternum
815 3858 1099 3914 statueret,
1134 3859 1200 3906 ut
1247 3868 1356 3906 non
1402 3852 1516 3922 jam
1557 3855 1744 3924 stirpis
1777 3855 1962 3911 habita

391 3942 604 3998 ratione
639 3945 1020 4000 successiones
1050 3943 1435 4011 distribueret;
1471 3946 1566 4001 sed
1595 3961 1658 4001 ex
1686 3947 1960 4016 iustiﬁca-

390 4035 539 4091 tione
582 4037 898 4092 conservari
957 4038 1355 4109 propagarique
1405 4038 1461 4092 in
1513 4037 1718 4109 Spiritu
1770 4048 1963 4095 sancto

393 4128 658 4198 singulari
700 4129 968 4184 beneﬁcio
990 4129 1171 4184 vellet.

462 4219 530 4274 ν.
571 4220 732 4276 Aliud
775 4228 1035 4289 praeterea
1082 4220 1426 4276 nonnullide
1455 4220 1657 4282 eodem.
1685 4220 1965 4276 Melchise-

393 4315 530 4370 deco
563 4311 859 4369 somniant.
892 4311 1174 4380 Ejusrnudi
1199 4313 1348 4367 enim
1384 4313 1634 4368 homines
1663 4314 1964 4369 carnaliter

393 4403 690 4461 examinati
727 4411 857 4457 sunt
880 4403 934 4457 δε
977 4419 1101 4458 cum
1136 4404 1454 4474 spiritaliter
1483 4421 1545 4460 ea
1576 4419 1698 4475 qua;
1727 4406 1794 4459 ab
1818 4405 1962 4476 Apo-

2067 3217 2227 3281 αὐτὸς
2250 3217 2446 3288 ἱερεὺς,
2479 3217 2640 3281 αὐτὸς
2675 3216 3075 3288 θυσιαστήριον,
3108 3215 3268 3280 αὐτὸς
3295 3215 3444 3280 Θεὸς,
3477 3217 3643 3280 αὐτὸς

2066 3308 2372 3380 ἄνθρωπος,
2408 3308 2569 3372 αὐτὸς
2609 3308 2880 3378 βασιλεὺς,
2914 3307 3076 3371 αὐτὸς
3131 3309 3436 3378 ἀρχιερεὺς,
3476 3308 3643 3370 αὐτὸς

2066 3399 2353 3470 πρόὸατον,
2398 3397 2558 3462 αὐτὸς
2584 3397 2788 3468 ἀρνίον,
2819 3398 2894 3451 τὰ
2928 3395 3125 3451 πάντα
3158 3397 3227 3450 ἐν
3267 3394 3457 3450 πᾶσιν
3491 3397 3636 3466 ὑπὲρ

2065 3487 2220 3558 ἡμῶν
2263 3487 2571 3558 γενόμενος,
2607 3488 2696 3542 ἵνα
2730 3489 2861 3558 ἡμῖν
2903 3488 3016 3557 ζωὴ
3057 3487 3195 3540 κατὰ
3229 3487 3403 3540 πάντα
3435 3487 3644 3557 “sponsu

2067 3577 2310 3647 γένηται,
2357 3577 2451 3630 καὶ
2487 3577 2584 3648 τῆς
2627 3575 2923 3646 ἱερωσύνης
2957 3575 3128 3640 αὑτοῦ,
3163 3575 3223 3628 τὸ
3264 3575 3643 3643 ἀμετάστατον

2067 3668 2343 3738 ἑδραίωμα
2361 3668 2442 3730 εἱς
2465 3668 2589 3730 τοὺς
2615 3666 2814 3728 αἰῶνας
2847 3665 3248 3736 ἀπεργάσηται,
3285 3664 3464 3716 οὐκέτι
3497 3664 3643 3716 κατὰ

2069 3759 2290 3831 σπέρμα
2336 3759 2434 3823 τὰς
2488 3758 2737 3829 διαδοχὰς
2785 3756 3054 3829 μερίζων,
3099 3757 3233 3810 ἀλλὰ
3275 3755 3416 3809 κατὰ
3453 3757 3516 3808 τὸ
3562 3756 3641 3809 δι-

2067 3849 2285 3919 καίωμα
2335 3846 2697 3917 φυλάττεσθαι
2753 3847 2811 3900 ἐν
2852 3845 3129 3917 Πνεύματι
3180 3845 3319 3915 ἁγίῳ
3363 3845 3643 3915 δωρούμε-

2066 3956 2174 4004 νος.

2135 4223 2211 4277 E'.
2253 4221 2583 4288 Φαντάζουσι
2624 4219 2681 4273 δὲ
2723 4220 2872 4273 ἄλλοι
2911 4217 3039 4288 περὶ
3075 4217 3266 4271 τούτου
3313 4216 3404 4269 τοῦ
3435 4216 3639 4286 Μελχιο

2068 4315 2222 4368 σεδὲκ
2255 4313 2527 4382 λέγοντες.
2549 4309 2834 4383 Σαρκικῶς
2866 4309 2973 4382 γὰρ
3003 4311 3054 4362 οἱ
3095 4307 3323 4361 τοιοῦτοι
3350 4306 3640 4377 ἀνεκρίθη-

2067 4423 2187 4470 σαν,
2219 4402 2604 4475 πνευματικῶς
2645 4402 2718 4474 μὴ
2743 4401 3058 4472 νενοηκότες
3089 4399 3156 4453 τὰ
3204 4399 3309 4452 ὑπὸ
3343 4397 3436 4451 τοῦ
3481 4397 3636 4467 ἁγίου

393 4500 534 4556 stolo
558 4498 611 4553 in
634 4496 874 4567 Epistola
896 4497 962 4552 ad
991 4495 1427 4554 Hebraeosdicta
1443 4509 1592 4560 sunt,
1614 4514 1959 4568 nequaquam

2082 4498 2401 4554 Ἀποστόλου
2427 4499 2483 4549 ὲν
2505 4497 2572 4566 τῇ
2607 4493 2892 4563 Ἐπιστολῇ
2920 4494 2986 4564 τῇ
3017 4491 3153 4562 πρὸς
3187 4490 3468 4560 Ἑϐραίους
3488 4492 3641 4560 εἰρη-

394 4589 782 4647 intellexerint.
838 4587 1206 4654 Quamobrem
1258 4587 1458 4642 Hierax
1507 4588 1962 4645 Melcliisedecum

395 4683 656 4753 Spiritum
693 4695 818 4735 esse
861 4688 1112 4734 sanetum
1145 4679 1444 4741 existimat,
1492 4679 1640 4748 quod
1680 4679 1754 4733 ita
1803 4680 1871 4735 de
1896 4694 1965 4735 eo

394 4779 658 4848 scriptum
709 4775 780 4828 sit
813 4792 830 4828 :
859 4771 1201 4827 Assimitatus
1250 4770 1393 4825 Filio
1439 4771 1553 4829 Dei.
1598 4771 1778 4826 Manet
1826 4773 1965 4827 enim

343 4859 346 4862 ⁴
391 4866 636 4923 sacerdos
699 4865 753 4919 in
805 4872 1110 4933 perpetuum
1137 4863 1178 4916 ⁵.
1242 4863 1395 4928 Quod
1447 4870 1502 4916 et
1541 4863 1665 4918 aliis
1718 4862 1964 4932 Apostoli

393 4962 576 5015 verbis
601 4960 926 5013 illustratur.
967 4971 1092 5010 cum
1127 4954 1263 5009 dicit
1291 4970 1303 5006 :
1334 4954 1564 5023 Spiritus
1591 4972 1708 5010 vero
1738 4972 1832 5024 pro
1866 4973 1966 5011 uo-

395 5053 472 5105 bis
511 5049 747 5120 postulat
778 5046 1056 5118 gemitibus
1081 5046 1531 5102 inenarrabilibus
1553 5048 1596 5101 ⁸.
1631 5048 1700 5101 At
1727 5048 1820 5118 qui
1848 5046 1966 5118 Spi-

394 5146 533 5199 ritus
590 5141 765 5197 sancti
802 5138 1091 5194 interiores
1137 5153 1333 5194 sensus
1371 5139 1543 5202 novit,
1591 5155 1699 5198 non
1749 5140 1969 5208 ignorat

394 5237 544 5291 illum
578 5233 686 5288 Deo
714 5247 811 5302 pro
835 5231 1026 5286 electis
1057 5229 1388 5301 supplicare.
1414 5230 1519 5285 Sed
1548 5240 1603 5285 et
1637 5231 1740 5286 iste
1773 5231 1964 5286 nihilo-

394 5328 574 5385 minus
609 5340 644 5378 a-
697 5323 978 5392 proposito
1026 5323 1244 5392 penitus
1294 5321 1587 5376 aberravit.
1652 5321 1770 5375 Non
1816 5322 1962 5376 enim

396 5435 631 5488 unquam
667 5417 906 5487 Spiritus
939 5421 1164 5470 sanctus
1197 5430 1414 5469 carnem
1449 5414 1649 5468 induit.
1691 5413 1807 5479 Qua
1840 5415 1964 5483 qui-

395 5509 518 5561 dem
544 5509 588 5561 si
619 5509 818 5571 caruit,
839 5507 953 5562 Rex
975 5522 1101 5561 esse
1127 5505 1330 5571 Salem,
1356 5514 1448 5559 aut
1476 5505 1622 5559 illius
1651 5506 1754 5558 loci
1789 5520 1966 5560 sacer-

398 5597 497 5650 dos
527 5613 635 5651 non
672 5600 865 5666 potuit.
896 5596 1098 5654 Verum
1129 5597 1509 5666 opportuniori
1540 5603 1805 5665 tempore,
1839 5612 1962 5650 cum

2073 4591 2232 4664 μένα.
2262 4590 2372 4644 Καὶ
2403 4589 2432 4640 6
2481 4587 2580 4657 μὲν
2617 4585 2802 4656 Ἰέραξ
2824 4583 3012 4636 τοῦτον
3052 4580 3260 4652 νομίζει
3303 4580 3641 4651 Μελχισεδὲκ

2071 4678 2208 4735 εἶναι
2245 4679 2305 4733 τὸ
2339 4677 2562 4746 Πνεῦμα
2599 4676 2660 4730 τὸ
2693 4675 2866 4742 ἅγιον,
2893 4673 2987 4733 διὰ,
3031 4673 3110 4735 τὸ,
3130 4673 3636 4741 Ἀφομοιούμεγω·,

2070 4770 2225 4841 φησὶ,
2268 4769 2350 4833 τῷ
2389 4767 2497 4834 Υὶῷ
2523 4766 2630 4820 τοῦ
2680 4765 2847 4829 Θεοῦ.
2884 4763 3060 4818 Mersa
3086 4761 3196 4831 γὰρ
3224 4761 3418 4829 ἱερεὺς
3457 4763 3548 4825 εἰς
3575 4760 3642 4812 τὸ

2070 4859 2375 4931 διηνεκές·
2404 4859 2477 4923 ᾡς
2522 4858 2628 4911 ἀπὸ
2676 4857 2774 4926 τῆς
2815 4855 3051 4919 λέξεως,
3089 4849 3158 4924 ἦς
3210 4849 3362 4905 εἶπεν
3411 4853 3441 4904 6
3488 4852 3644 4917 ἆγιος

2083 4951 2401 5014 Ἀπόστολος
2423 4966 2438 4979 °
2476 4949 2546 5003 Τὸ
2579 4947 2647 5000 δὲ
2686 4945 2928 5016 Πνεῦμα
2967 4941 3473 5013 ὑπερεντυγχάνει
3508 4959 3643 4995 στε-

2071 5043 2320 5112 ναγμοῖς
2353 5039 2708 5105 ἀλαλήτοις·
2733 5039 2770 5106 6_
2792 5037 2847 5090 δὲ
2891 5036 3252 5105 ἐπιστάμενος
3284 5035 3347 5088 τὸ
3386 5032 3643 5104 φρόνημα

2068 5135 2165 5190 τοῦ
2212 5132 2526 5203 Πνεύματος
2553 5125 2712 5193 οἶδεν,
2743 5129 2823 5181 ὅτι
2857 5127 2998 5196 ὑπὲρ
3023 5125 3291 5179 ἐκλεκτῶν
3324 5123 3642 5192 ἐντυγχάνει

2069 5229 2148 5300 τῷ
2177 5226 2315 5297 Θεῷ.
2354 5223 2609 5288 Ἐξέπεσε
2640 5221 2696 5275 δὲ
2735 5221 2828 5273 καὶ
2873 5213 3026 5281 οὗτος
3068 5215 3346 5279 παντελῶς
3371 5215 3467 5267 τοῦ
3512 5230 3645 5283 προ-

2071 5317 2346 5386 κειμένου.
2375 5315 2464 5380 Οὑ,
2487 5311 2596 5384 γὰρ
2630 5313 2806 5382 σάρκα
2839 5307 3124 5362 ἐνεδύσατο
3145 5306 3206 5359 τὸ
3235 5304 3464 5374 Πνεῦμα
3489 5320 3642 5356 ποτε.

2073 5391 2259 5480 Σάρκα
2291 5408 2346 5460 δὲ
2383 5407 2458 5477 μὴ
2484 5403 2863 5472 ἐνδυσάμενον,
2903 5401 3003 5453 οὐκ
3039 5394 3180 5470 εἶχεν
3221 5394 3359 5450 εἶναι
3391 5390 3647 5465 βασιλεὺς

2069 5503 2169 5572 τῆς
2197 5500 2418 5571 Σαλὴμ,
2470 5498 2565 5552 καὶ
2612 5496 2788 5566 ἱερεὺς
2821 5493 2985 5548 τόπου
3027 5491 3191 5554 τινός.
3221 5487 3414 5560 Καιρῷ
3455 5488 3510 5540 δὲ
3557 5488 3645 5538 ὅτε

2072 5595 2202 5664 περὶ
2242 5592 2432 5645 τούτου
2473 5588 2565 5642 τοῦ
2611 5588 2851 5658 Ἱέρακος
2889 5583 3111 5651 καὶτῆς
3166 5580 3330 5635 αὐτοῦ
3377 5581 3650 5652 αἱρέσεως

475 5751 490 5787 ι
533 5747 691 5803 Deest
732 5752 973 5806 verbum.
1050 5755 1070 5785 ‘
1102 5751 1258 5809 Joan.
1287 5767 1369 5816 lu,
1403 5755 1490 5808 i3.
1569 5756 1588 5785 ³
1619 5755 1639 5809 l
1670 5754 1796 5811 Cor.
1829 5755 1962 5821 κήξ

2114 5755 2132 5785 δ
2164 5751 2208 5806 ll
2241 5751 2367 5808 Cor.
2396 5767 2455 5818 ιι,
2495 5749 2576 5805 Η.
2655 5750 2675 5782 ⁸
2701 5746 2864 5803 Hebr.
2899 5761 2996 5816 vn,
3025 5745 3079 5800 3.
3155 5744 3176 5774 ⁸
3202 5739 3360 5802 Rom.
3400 5755 3524 5806 vui,
3551 5737 3649 5794 26.
