3952 6138
321 306 437 362 955'

1025 307 1393 364 ADVERSUS
1427 306 1771 365 HJERES‘ES
1799 310 1926 365 LIB.
1964 311 2029 367 ll.
2062 310 2225 368 TOM.
2264 312 2678 373 l.—HERES.
2720 318 2831 379 LV.

323 420 605 493 νομιςῦεεη
664 422 767 484 Καὶ
803 425 1013 481 διέπεσε
1057 429 1389 501 πανταχόθεν
1422 432 1457 500 ἡ
1488 430 1597 483 τῶν
1630 432 1888 503 Σαμαρει-

2005 431 2441 491 Melchisedecus
2471 436 2755 492 habeatur.
2789 438 2973 508 Emme
3011 439 3174 494 modo
3212 437 3579 493 Samaritanu-

322 508 446 565 uim.
460 510 822 581 χυδαιολογία.

395 603 469 654 Z'.
527 601 767 657 Ἰουδαῖοι
810 605 975 661 πάλιν
1004 609 1270 677 φάσκουσι
1306 609 1399 665 τὸν
1431 610 1669 665 τοιοῦτον
1694 612 1901 666 δίκαιον

329 691 427 760 μὲν
446 688 606 760 εἶναι,
634 696 728 750 καὶ
748 698 971 764 ἀγαθὸν,
987 703 1079 755 καί
1105 702 1255 774 ἱερέα
1276 702 1372 756 τοῦ
1400 703 1673 773 Ὑψίστου,
1691 705 1767 768 ὡς
1787 704 1900 776 ἔχει

327 780 500 858 ἠθεὶα
525 784 714 856 Γραφή
734 804 747 817 ο
771 788 859 841 διὰ
885 789 942 843 δὲ
966 791 1056 844 τὸν
1080 792 1196 845 υἱὸν
1223 788 1360 847 εἶναι
1380 793 1606 865 πόρνης,
1631 794 1782 863 φασὶ,
1800 797 1900 864 τὴν

330 872 540 944 μητέρα
563 875 727 929 αὐτοῦ
757 878 832 950 μὴ
859 882 1186 952 γεγράφθαι,
1224 884 1357 954 μηδὲ
1384 884 1474 937 τὸν
1501 885 1710 957 πατέρα
1734 886 1900 939 αὐτοῦ

327 964 707 1030 γινώσκεσθαι.
740 970 995 1036 Ἑξέπεσε
1023 974 1079 1027 δὲ
1121 975 1215 1028 καὶ
1242 975 1446 1029 τούτων
1474 978 1503 1031 δ
1530 976 1780 1048 ληρώδης
1812 977 1900 1030 λό-

328 1072 440 1123 γος.
468 1058 577 1110 Καὶ
609 1059 776 1113 Ῥαὰὸ
796 1061 969 1134 πόρνη
1000 1064 1229 1135 ὑπῆρχε,
1256 1066 1349 1119 καὶ
1369 1066 1482 1120 ἐστι
1510 1070 1894 1140 γεγραμμένη.

326 1146 421 1198 καὶ
479 1147 707 1219 Ζαμὸρὴ
756 1152 1064 1222 πορνεύσας
1117 1153 1446 1224 γέγραπται,
1502 1158 1597 1210 καὶ
1648 1159 1896 1231 Χασὸιθὴ

328 1235 442 1303 μετ’
474 1236 661 1303 αὑτοῦ,
691 1238 897 1311 καίπερ,
931 1241 1185 1314 ἀλλοτρία
1219 1240 1377 1308 οῦσα,
1411 1248 1505 1301 καὶ
1533 1249 1632 1303 οὐκ
1671 1250 1777 1303 ἀπὸ
1802 1253 1895 1319 γέ-

325 1341 445 1385 νους
483 1326 697 1397 Ἰσραὴλ
737 1330 1067 1404 ἀναγομένη.
1104 1335 1212 1388 Καὶ
1263 1338 1371 1400 πᾶς
1413 1338 1445 1391 ό
1479 1337 1552 1409 μὴ
1596 1338 1684 1393 διὰ
1726 1340 1897 1411 θύρας

318 1416 718 1486 εἰσερχόμενος,
750 1420 827 1484 ὡς
860 1421 962 1495 ἔφη
993 1424 1055 1477 τὸ
1098 1424 1250 1495 ἅγιον
1288 1427 1640 1498 Εὐαγγέλιον,
1672 1432 1891 1505 λῃστὴς,

320 1506 413 1575 καὶ
430 1508 540 1577 οὐκ
564 1508 639 1562 ὢν
662 1513 864 1584 ποιμὴν
894 1512 1165 1587 ύπάρχειε

396 1680 482 1732 Ἐν
509 1681 565 1734 δὲ
593 1686 667 1755 τῇ,
687 1684 983 1761 Ἐκκλησία
1017 1691 1190 1760 φύσει.
1219 1694 1364 1760 τινὲς
1405 1696 1674 1769 διαφόρως
1703 1699 1894 1754 τοῦτον

2001 539 2124 578 rum
2158 526 2403 595 undique
2426 528 2643 582 vanitas
2665 512 3030 584 convincitur.

2071 614 2182 670 VII.
2229 615 2333 671 Sed
2379 615 2554 672 Judmi
2613 618 2826 688 justum
2894 620 3149 675 eumdem
3223 634 3285 674 ac
3343 619 3573 690 probum

2002 708 2192 775 fuisse,
2226 718 2280 764 et
2322 710 2665 765 sacerdotem
2701 710 2971 767 Altissimi
3021 712 3283 779 fatentur,
3314 722 3373 765 ut
3403 720 3487 767 est
3518 712 3572 763 in

1999 801 2181 855 sacris
2224 800 2449 857 Litteris
2496 802 2799 871 proditum.
2848 803 3005 869 Quod
3039 811 3219 859 autem
3273 804 3575 858 meretricis

2002 894 2148 951 ﬁlius
2179 901 2346 959 esset,
2384 894 2550 967 474
2583 908 2760 965 neque
2790 895 2984 950 matris
3022 910 3221 949 nomen
3272 911 3397 951 esse
3445 892 3575 949 scri-

1998 997 2172 1056 ptum,
2204 1001 2386 1057 neque
2415 986 2587 1056 patris
2618 987 2732 1042 ullo
2758 986 2921 1041 modo
2945 986 3247 1057 cognitum.
3282 987 3444 1056 Atqui
3474 1001 3575 1043 nec

1999 1075 2213 1145 illorum
2242 1075 2627 1149 ineptissimus
2650 1092 2832 1131 sermo
2852 1077 3123 1146 procedit.
3148 1074 3284 1130 Nam
3307 1085 3360 1131 et
3384 1075 3574 1131 Bahab

1998 1166 2254 1222 meretrix
2291 1166 2485 1228 fuit,et
2519 1167 2642 1237 ejus
2674 1168 3034 1223 nihilominus
3073 1167 3357 1238 Scriptura
3382 1168 3567 1222 memi-

1998 1254 2131 1308 nit'.
2153 1252 2256 1309 Sed
2276 1263 2329 1310 et
2343 1255 2560 1310 Zambri
2579 1264 2633 1311 et
2653 1256 3001 1313 Ghasbitha!‘
3022 1256 3350 1312 adulterium
3370 1256 3572 1311 ibidem

1995 1362 2317 1416 expressum
2343 1387 2357 1412 ,
2401 1348 2617 1403 tametsi
2649 1349 2842 1404 alienae
2887 1350 3079 1420 stirpis
3122 1346 3237 1405 haec
3265 1357 3431 1415 esset,
3471 1366 3574 1403 nec

1995 1434 2366 1491 lsraelitarum
2393 1454 2457 1492 ex
2481 1453 2680 1508 genere
2696 1440 2962 1509 originem
2987 1440 3251 1495 traheret.
3277 1439 3572 1495 Enimvero

1995 1527 2198 1593 omnis,
2235 1528 2328 1597 qui
2364 1542 2460 1597 per
2507 1530 2713 1584 ostium
2769 1545 2876 1584 non
2915 1530 3118 1595 intrat,
3156 1530 3246 1585 fur
3288 1541 3408 1593 est,
3460 1547 3573 1587 non

1996 1627 2204 1687 pastor,
2231 1627 2291 1673 ut
2326 1619 2381 1674 in
2416 1619 2708 1691 Evangelio
2747 1623 3013 1691 scriptum
3048 1629 3133 1677 est
3164 1622 3208 1678 ⁵.

2065 1708 2221 1776 Quod
2281 1712 2349 1765 ad
2402 1713 2721 1769 Catholicos
2761 1715 2976 1778 attinet,
3013 1727 3123 1768 non
3155 1727 3267 1768 uno
3304 1713 3466 1767 modo
3504 1713 3587 1768 de-

316 1769 409 1869 τὸν
455 1773 791 1845 Μελχισεδὲκ
823 1780 1111 1851 ὁρίζονται.
1141 1786 1205 1838 Ui
1240 1786 1338 1856 μὲν
1367 1787 1477 1857 γὰρ
1508 1790 1705 1842 αύτοῦ¹
1739 1791 1883 1862 νομί-

1997 1798 2395 1856 Iielchlsedeco
2439 1804 2718 1858 statuitur.
2753 1803 2986 1869 Quidam
3047 1805 3195 1860 enim
3236 1802 3341 1859 ‘Dei
3372 1802 3589 1863 Filium.

320 1858 467 1933 ,ζουσι
492 1863 651 1930 φύσει
676 1867 765 1920 τὸν
793 1869 924 1923 Υἰὸν
952 1871 1045 1926 τοῦ
1068 1872 1201 1927 Θεοῦ
1225 1876 1285 1928 ὲν
1319 1878 1432 1948 ἰδέᾳ
1458 1879 1748 1950 ἀνθρώπου
1771 1858 1892 1934 τότε

314 1952 390 2022 τῷ
431 1954 681 2027 Ἀβραὰμ
706 1961 1035 2031 πεφηνέναμο
1067 1965 1395 2021 ἐκπίπτουσι
1416 1968 1471 2020 δὲ
1505 1969 1600 2022 καὶ
1624 1971 1776 2025 αὐτοὶ
1800 1972 1892 2024 τοῦ

315 2047 697 2117 προκειμένου.
739 2050 825 2103 Οὐ¹
866 2052 975 2123 γάρ
1015 2072 1099 2118 τις
1151 2056 1327 2127 ἑαυτῷ
1375 2058 1560 2128 ὅμοιος
1604 2063 1893 2133 γενήσεταί

312 2151 479 2189 ποτε·
539 2138 614 2205 ὡς
661 2140 773 2212 ἔχει
816 2145 849 2214 ὴ
883 2144 1003 2200 θεία
1050 2148 1263 2221 Γραφὴ,
1295 2151 1378 2205 ὅτι
1422 2154 1892 2224 ἌρωμωωμέιὊς

312 2225 392 2291 τῷ
425 2227 536 2294 Υἱῷ
576 2231 685 2286 τοῦ
721 2235 870 2293 Θεοῦ
910 2236 1078 2305 μένει
1121 2241 1314 2308 ἱερεὺς
1361 2245 1450 2308 είς
1487 2245 1553 2297 τὸ
1592 2245 1888 2313 διηνεκές.

312 2317 403 2389 Τῷ
450 2320 562 2373 ὄντι
603 2321 662 2375 δὲ
716 2326 745 2378 ὁ
797 2325 872 2397 μὴ
925 2329 1411 2402 γενεαλογούμενος
1462 2333 1547 2401 ἐξ,
1572 2336 1750 2402 αὐτῶν
1799 2338 1890 2391 τὸν

322 2408 570 2482 Ἀὗρσὰμ
624 2412 1010 2475 δεδεκάτωκεν.
1054 2420 1275 2493 Ἐπειδὴ
1327 2422 1436 2493 γὰρ
1473 2425 1667 2491 οὑκιὲξ
1710 2427 1890 2481 αὐτῶν

308 2498 416 2553 τῶν
459 2501 809 2573 Ἰσραηλιτῶν
852 2509 1275 2578 γενεαλογεῖται,
1303 2514 1706 2584 γενεαλογείται
1740 2518 1798 2572 δὲ
1833 2519 1889 2586 ἐξ

308 2589 484 2645 ἄλλων
533 2593 856 2666 ἀνθρώπων,
903 2600 1106 2655 τούτων
1147 2604 1309 2659 ἕνεκα
1350 2607 1566 2662 πάντων
1614 2612 1713 2683 τὴν
1760 2614 1892 2667 ὑπό-

313 2698 510 2752 μνησιν
576 2689 961 2761 ποιησάμενοι,
1004 2692 1093 2748 διὰ
1132 2693 1231 2766 τὴν
1277 2697 1489 2769 αἵρεσιν
1532 2701 1743 2774 ταύτην.
1788 2705 1890 2758 ὑπ-

307 2773 675 2846 ιμνήσθημεν,
714 2781 807 2833 καὶ
833 2780 909 2846 ὡς
938 2784 996 2837 ὲν
1031 2786 1366 2857 παρεκϐάσει
1401 2791 1534 2861 περὶ
1562 2773 1766 2861 τούτων
1797 2795 1882 2848 δι-

307 2866 651 2937 ηγησάμεοα.

377 2959 460 3014 H’.
507 2961 599 3025 ιτὶίς
628 2962 799 3035 ὄνομα
828 2964 885 3019 δὲ
927 2967 1119 3024 τούτου
1176 2972 1270 3026 τοῦ
1314 2973 1653 3047 Μελχισεδὲκ
1691 2978 1898 3049 ήδπροσ

310 3052 577 3123 ειρημένη
608 3055 816 3127 αἵρεσις
851 3058 944 3112 καὶ
984 3060 1084 3126 τὰς
1128 3066 1446 3137 προσφορὰς
1483 3067 1763 3141 ἀναφέρει,
1795 3071 1889 3124 καὶ

306 3143 469 3201 αὐτὸν
498 3141 638 3199 εἶναι
663 3149 971 3220 είσαγωγέα
992 3154 1128 3225 πρὸς
1154 3155 1246 3210 τὸν
1277 3157 1409 3213 Θεόν
1429 3177 1442 3189 ·
1475 3159 1572 3214 καὶ
1603 3161 1671 3214 δι’
1700 3161 1886 3228 αὐτοῦ,

308 3234 462 3303 φησι,
495 3236 577 3289 δεῖ
616 3239 694 3308 τῷ
738 3240 856 3311 Θεῷ
888 3244 1253 3317 προσφέρειν·
1293 3248 1375 3303 ὅτι
1424 3250 1610 3322 ἄρχων
1649 3252 1766 3305 ἐστὶ
1811 3253 1891 3306 δι·

310 3325 627 3397 καεοσύνης,
680 3330 766 3382 ἐπ’
814 3331 963 3403 αὐτῷ
1007 3334 1182 3407 τούτῳ
1228 3339 1593 3407 κατασταθεὶς
1638 3341 1745 3396 ὑπὸ
1793 3343 1888 3397 τοῦ

306 3411 441 3466 Θεοῦ
478 3416 798 3488 ὲνούρανῷ,
828 3426 1195 3493 πνευματικός
1224 3443 1311 3492 τις
1349 3427 1446 3496 ὣν,
1471 3430 1568 3484 καὶ
1600 3431 1717 3496 υίὸς
1752 3431 1888 3486 Θεοῦ

302 3507 653 3575 τεταγμένος.
684 3511 792 3565 Καὶ
817 3511 882 3566 δι’
906 3514 1107 3585 ’τήμᾶς
1134 3516 1285 3590 αὐτῷ
1319 3521 1674 3593 προσφέρειν,
1701 3522 1884 3593 φασὶν,

306 3593 391 3686 iv:
433 3594 499 3647 δι’
533 3597 695 3651 αὑτοῦ
737 3604 1072 3676 προσενεχθῇ
1112 3606 1261 3679 ὑπὲρ
1283 3609 1476 3681 ἡμῶν,
1516 3613 1614 3666 καὶ
1637 3611 1888 3686 εὕρωμεν

301 3682 367 3736 δι’
400 3686 564 3740 αὑτοῦ
607 3688 771 3760 ζωήν.
818 3693 943 3747 Καὶ
977 3696 1213 3766 Χριστὸς
1259 3699 1379 3769 μὲν,
1421 3701 1606 3772 φησὶν,
1639 3682 1884 3774 ὲξὲλέΫηι

304 3777 390 3831 ἵνα
422 3782 568 3851 ἡμᾶς
604 3782 821 3857 καλέσῃ
852 3785 937 3841 ὲκ.
970 3787 1195 3842 πολλῶν.
1221 3788 1357 3844 ὁδῶν
1393 3792 1475 3855 είς
1521 3792 1651 3862 μίαν
1682 3793 1887 3864 ταύτην

302 3872 401 3941 τὴν
437 3872 672 3939 γνῶσιν,
709 3876 829 3945 ὑπὸ⁸
860 3877 996 3931 Θεοῦ
1044 3880 1438 3953 κεχρισμένος,
1491 3882 1590 3938 καὶ
1632 3884 1886 3955 ἐκλεκτὸς

304 3960 631 4031 γενόμενος·
668 3964 855 4036 ἐπειδὴ
907 3966 1259 4039 ἀπέστρεψεν,
1282 3970 1433 4040 ἡμᾶς
1478 3970 1589 4025 ἀπὸ
1627 3970 1881 4034 εἰδώλων,

301 4051 396 4103 xz".
424 4053 699 4120 ὑπέδειξεν
717 4059 851 4127 ἡμῖν
875 4058 976 4130 τὴν
1005 4058 1143 4113 ὀδόν.
1182 4059 1272 4127 Ἐξ
1299 4051 1525 4134 οὗπερό
1564 4062 1885 4127 ’Δπόστολος

307 4145 637 4212 ἀποσταλεὶς
686 4148 1035 4221 ἀπεκάλυψεν
1067 4152 1231 4223 ἡμῖν,
1266 4152 1349 4207 ὅτι
1389 4152 1591 4223 Μέγας
1641 4152 1814 4221 ἐστὶν
1851 4158 1886 4210 ὁ

309 4237 709 4305 Μελχισεδὲκ,
739 4240 840 4295 καὶ
863 4241 1057 4310 ἱερεὺς
1079 4242 1247 4312 μένει
1273 4246 1362 4312 εις
1383 4245 1493 4300 τὸν
1518 4244 1734 4301 αἰῶνα·
1762 4246 1886 4311 καὶ,

309 4329 585 4397 Θεωρεῖτε
615 4332 875 4400 πηλίκος
902 4329 1117 4400 οὗτοὶΗ
1155 4336 1247 4389 καὶ
1273 4336 1358 4390 ὅτι
1408 4337 1482 4392 Τὸ
1511 4338 1788 4393 ἔλασσον
1814 4340 1885 4394 ἐκ

305 4423 412 4477 τοῦ
439 4423 708 4493 μείζοὶός
738 4423 1092 4492 εὐλογεῖται.
1132 4426 1237 4479 Διὰ
1262 4427 1441 4493 τοῦτο,
1479 4431 1633 4501 φησὶ,
1667 4431 1762 4485 καὶ
1792 4431 1883 4484 τὸν

318 4515 567 4588 Ἀϐραὰμ
596 4518 688 4572 τὸν
714 4526 1059 4593 πατριάρχην
1092 4519 1403 4590 εὐλόγησεν,
1432 4520 1509 4585 ὡς
1534 4521 1737 4593 μείζων
1770 4521 1847 4577 ὧν
1865 4538 1879 4553 ο

309 4602 372 4662 οῦ
399 4610 561 4678 ἡμεῖς
595 4612 762 4683 ἐσμεν
808 4612 1042 4685 μύσται,
1072 4611 1219 4677 ὅπως
1255 4611 1511 4684 τύχωμεν
1553 4614 1684 4685 παρ’
1717 4614 1884 4669 αὐτοῦ

307 4702 409 4768 τῆς
442 4699 709 4770 εὐλογίας.

378 4789 455 4847 Θ’.
488 4793 599 4847 Kal.
624 4794 701 4858 ὡς
729 4795 954 4866 μάταιος
976 4797 1123 4850 πᾶσα
1139 4795 1405 4866 αἱρέσεων
1432 4796 1471 4865 ἡ
1496 4792 1731 4855 διάνοιαὲ
1752 4792 1883 4846 Ἰδοὺ

305 4885 415 4954 γὰρ
457 4886 551 4937 καὶ
581 4885 737 4939 αὐτοὶ
771 4888 1076 4958 ἠρνήσαντο
1118 4887 1208 4939 τὸν
1252 4885 1430 4939 αὐτῶν
1469 4883 1766 4955 Δεσπότην,
1789 4882 1882 4936 τὸν

303 4976 653 5047 ἀγοράσαντα
687 4978 886 5040 αὐτοὺς
922 4976 1000 5047 τῷ
1053 4978 1167 5047 ἰδίῳ
1219 4976 1385 5030 αὐτοῦ
1413 4975 1632 5046 αἵματι,
1663 4974 1756 5028 τὸν
1782 4974 1881 5026 ούκ

291 5068 398 5120 ἀπὸ
433 5069 652 5138 Μαρίας
682 5067 1069 5140 ὲναρξάμενον,
1098 5068 1172 5130 ὡς
1199 5068 1353 5120 αὐτοὶ
1391 5066 1722 5138 νομίζουσιν,
1763 5066 1877 5120 ἀλλ’

291 5159 377 5211 ἀεὶ
405 5158 535 5213 ὄντα
564 5160 702 5231 πρὸς
728 5160 818 5213 τὸν
848 5161 1067 5230 Πατέρα
1090 5159 1223 5213 Θεὸν
1252 5159 1446 5228 Λόγον,
1480 5157 1882 5228 γεγεννημένον

289 5247 355 5298 ὲκ
374 5246 464 5298 τοῦ
491 5247 703 5316 Πατρὸς
723 5248 978 5319 ἀνάρχως
1005 5247 1099 5300 καὶ
1123 5248 1391 5318 ἁχρόνως,
1421 5247 1498 5310 ὡς
1519 5249 1671 5300 πᾶσα
1691 5247 1883 5319 Γραφὴ

294 5336 586 5405 διηγεῖται.
621 5339 763 5409 Φησὶ
810 5340 950 5411 γάρ·
997 5337 1351 5407 Ποιήσωμεν
1390 5337 1708 5407 ἄνθρωπον
1752 5329 1882 5392 κατ’

296 5430 500 5482 είκόνα
555 5428 849 5500 ἡμετέραν
899 5431 997 5485 καὶ
1045 5430 1174 5484 καθ’
1210 5431 1514 5499 ὁμοίωσιν,
1569 5431 1665 5484 καὶ
1705 5431 1766 5485 ού
1806 5430 1884 5501 τῷ

297 5521 653 5591 Μελχισεδέκ.
671 5525 730 5577 '0
783 5524 882 5595 μὲν
927 5523 1037 5594 γὰρ
1088 5523 1268 5595 ἱερεὺς
1298 5522 1393 5603 τοῦ
1421 5522 1565 5577 Θεοῦ.
1606 5527 1754 5578 ἐστιν
1789 5525 1881 5579 τοῦ

377 5656 391 5686 ⁸
421 5654 483 5711 F.
517 5657 696 5711 αὐτόν.
803 5660 824 5690 ¹
856 5657 911 5710 F.
959 5659 1057 5713 δεῖ.

1172 5660 1192 5691 ³
1229 5658 1394 5734 Josuc
1446 5676 1519 5725 ll,
1566 5663 1599 5713 '5
1650 5679 1770 5734 sqq.

302 5725 323 5756 τ
364 5726 502 5780 ibid.
528 5728 582 5805 ι.
657 5729 678 5761 ο
707 5729 834 5784 ibid.
869 5729 918 5781 7.

1033 5730 1057 5761 ⁸
1093 5730 1228 5785 Gen.
1256 5747 1292 5798 ι,
1327 5729 1418 5784 26.

1890 5662 2100 5720 ‘Num.
2154 5684 2274 5735 xxv,
2329 5669 2414 5722 Η.

1997 1891 2143 1946 hunc
2190 1893 2509 1948 existimant
2560 1895 2885 1949 Ahrahamo
2908 1904 3023 1950 tum
3088 1896 3327 1950 humana
3388 1898 3572 1965 specie

1995 1999 2115 2039 sese
2143 1984 2440 2040 videndum
2473 1986 2761 2043 obtulisse.
2796 1986 3001 2043 Verum
3032 1987 3110 2042 illi
3154 1989 3374 2058 penitus
3413 1987 3571 2041 aber-

1995 2090 2150 2131 rasse
2182 2077 2459 2135 videntur.
2500 2077 2691 2148 Neque
2722 2078 2866 2132 enim
2899 2079 3005 2134 sibi
3037 2079 3140 2148 ipsi
3177 2078 3374 2134 similis
3397 2079 3576 2147 arich

1992 2168 2090 2221 lari
2122 2168 2395 2239 quispiam
2441 2178 2642 2239 potest,
2675 2186 2799 2224 cum
2856 2170 2923 2225 de
2970 2168 3369 2226 Melchisedeco
3427 2168 3575 2225 Scri-

1992 2265 2151 2328 ptura
2186 2258 2335 2314 hunc
2370 2260 2425 2313 in
2464 2260 2691 2314 modum
2745 2261 3042 2330 loquatur:
3090 2259 3196 2325 Qui
3241 2259 3571 2315 assimilalus

1996 2347 2139 2403 Filio
2186 2349 2285 2403 Dei
2337 2360 2513 2405 manet
2556 2350 2800 2405 sacerdos
2855 2353 2911 2406 in
2948 2361 3200 2405 internum
3225 2354 3267 2407 ⁸.
3298 2352 3568 2407 Caeterum

1992 2454 2189 2495 verum
2220 2440 2353 2495 illud
2383 2450 2491 2506 est,
2521 2457 2668 2507 eum,
2697 2443 2858 2513 cujus
2889 2458 2953 2496 ex
2992 2442 3129 2512 ipsis
3163 2442 3583 2513 origominime-

1992 2532 2309 2599 duceretur,
2348 2533 2611 2589 decumas
2646 2535 2715 2589 ab
2766 2534 3081 2590 Abrahamo
3129 2535 3384 2605 cepisse:
3434 2549 3573 2605 qum

1995 2620 2142 2674 niam
2194 2638 2260 2677 ex
2318 2623 2442 2678 aliis
2496 2624 2820 2681 hominibus
2871 2640 3033 2695 quam
3085 2623 3347 2682 lsraelitis
3398 2641 3570 2697 genus

1995 2712 2143 2768 illius
2168 2714 2495 2783 pertexitur.
2516 2715 2644 2770 Haec
2671 2717 2854 2771 omnia
2880 2725 3106 2787 propter
3136 2718 3384 2773 haeresim
3408 2720 3571 2781 istam

1994 2818 2031 2857 ιι
2064 2804 2227 2860 nobis
2270 2818 2702 2861 commemorata
2735 2815 2883 2875 sunt,
2925 2822 2991 2863 ac
3038 2809 3189 2865 velut
3231 2809 3575 2881 digressioue

1991 2895 2227 2965 quadam
2259 2896 2509 2953 instituta
2542 2901 2811 2953 narratio.

2066 2985 2201 3041 Vill.
2242 2986 2362 3042 Jam
2389 3004 2518 3043 vero
2551 2989 2604 3043 in
2636 2990 2884 3059 ejusdem
2909 2988 3319 3047 Melchisedecis
3347 2992 3570 3048 nomine

1992 3079 2159 3135 etiam
2187 3080 2497 3137 oblationes
2528 3097 2659 3141 suas
2699 3081 2889 3138 eadem
2926 3090 3077 3140 secta
3111 3083 3371 3151 celebrat,
3405 3101 3567 3154 quem

1992 3170 2137 3242 apud
2188 3169 2359 3227 Deum
2400 3172 2801 3228 internuntium
2850 3190 2976 3230 esse
3040 3175 3320 3245 praedicat.
3375 3175 3572 3242 Quam-

1991 3264 2179 3318 obrem
2232 3262 2430 3332 hujus,
2482 3265 3022 3337 aiunt,.iuterventu
3072 3265 3270 3325 oll‘erre
3322 3263 3434 3320 Deo
3472 3279 3571 3334 par

1990 3363 2094 3419 est,
2126 3368 2191 3412 eo
2222 3353 2369 3423 quod
2404 3354 2635 3424 justitiae
2665 3356 2738 3412 sit
2767 3357 3047 3427 princeps,
3088 3363 3143 3413 et
3184 3356 3252 3411 ad
3286 3355 3341 3411 id
3386 3356 3567 3426 ipsum

1991 3459 2022 3498 a
2049 3443 2161 3499 Deo
2192 3445 2246 3499 in
2280 3446 2421 3500 calo
2455 3448 2816 3512 constitutus,
2857 3456 3047 3519 utpote
3076 3449 3342 3520 spiritalis
3381 3462 3444 3503 ac
3473 3446 3568 3502 Dei

1992 3535 2156 3591 ﬁlius.
2188 3534 2376 3607 Itaque
2414 3539 2651 3608 primum
2686 3541 2735 3594 ei
2792 3538 3057 3597 debemus
3103 3541 3320 3606 oll‘erre,
3370 3549 3430 3595 ut
3476 3555 3571 3610 per

1989 3626 2242 3691 eumdem
2276 3641 2379 3697 pro
2430 3628 2593 3683 nobis
2645 3636 3132 3698 repraesententur,
3167 3645 3230 3684 ac
3279 3632 3441 3684 vitam
3473 3645 3571 3699 per

1990 3733 2115 3772 eum
2149 3732 2574 3787 consequamur.
2618 3719 2834 3775 Etenim
2881 3720 3157 3789 Christus,
3205 3722 3380 3785 aiunt,
3414 3723 3487 3775 ob
3514 3723 3564 3777 id

1986 3809 2199 3863 electus
2249 3815 2354 3875 est,
2391 3816 2450 3863 ut
2497 3824 2601 3865 nos
2632 3810 2700 3865 ad
2754 3826 2920 3865 unam
2973 3811 3119 3866 hanc
3169 3813 3456 3868 scientiam
3500 3827 3563 3868 ex

1987 3898 2275 3968 multiplici
2305 3900 2522 3954 viarum
2573 3901 2815 3957 divortio
2852 3911 3162 3970 revocaret,
3193 3912 3248 3958 et
3291 3904 3498 3960 idcirco
3536 3920 3564 3958 a

1989 3987 2099 4043 Deo
2131 3996 2331 4046 unctus
2362 4000 2416 4046 et
2467 3991 2705 4048 selectus
2751 4004 2856 4059 est,
2894 3995 3155 4064 quoniam
3187 4011 3286 4053 ros
3333 4011 3364 4051 a
3413 3995 3563 4051 cultu

1987 4079 2414 4135 simulacrorum
2468 4084 2704 4151 avertit,
2741 4091 2795 4139 et
2845 4085 2948 4140 iter
2996 4087 3257 4142 ostendit.
3314 4085 3467 4143 Unde
3513 4096 3567 4143 et

1985 4170 2287 4239 Apostolus
2310 4187 2340 4226 a
2368 4172 2479 4230 Deo
2505 4174 2713 4231 missus
2744 4176 2889 4232 istud
2924 4177 3103 4249 ipsum
3136 4177 3298 4234 nobis
3331 4180 3565 4250 aperuit,

1986 4277 2247 4332 magnum
2294 4279 2418 4321 esse
2471 4264 2958 4337 Melchisedecum,
3013 4278 3067 4327 et
3117 4273 3456 4328 sacerdotem
3508 4273 3564 4328 in

1984 4362 2251 4410 aeternum
2303 4372 2549 4414 manere.
2584 4358 2892 4430 Intuemini,
2941 4363 3178 4435 inquit'.
3221 4375 3449 4436 quantus
3490 4378 3564 4420 est

1916 4461 1962 4520 ι)
1990 4444 2102 4499 ille.
2134 4445 2299 4511 Tum,
2333 4450 2596 4518 quoniam
2615 4451 2770 4518 Quod
2799 4455 2974 4510 minus
3007 4465 3084 4510 est
3124 4472 3158 4510 α
3182 4458 3384 4522 maiore
3414 4457 3567 4512 bene-

1986 4535 2246 4593 dicitur".
2278 4537 2363 4595 0b
2398 4540 2477 4606 id,
2534 4543 2822 4614 inquiunt,
2871 4535 3183 4601 Abrahamo
3244 4550 3568 4616 patriarchae

1988 4627 2311 4696 benedixit,
2370 4641 2563 4703 utpote
2609 4650 2677 4690 eo
2732 4637 2928 4707 major.
2981 4637 3150 4704 Cujus
3208 4655 3310 4692 nos
3375 4652 3566 4710 mystae

1986 4735 2199 4782 smnus,
2227 4730 2288 4774 ut
2314 4724 2382 4775 ab
2409 4724 2504 4779 illo
2541 4725 2981 4782 benedictionem
3011 4729 3386 4798 impetremus.

2064 4812 2222 4884 475
2258 4813 2344 4868 IX.
2381 4814 2486 4871 Sed
2506 4832 2668 4887 quam
2696 4819 2874 4874 inanis
2913 4828 2998 4876 est
3018 4822 3292 4877 hacreseon
3320 4822 3564 4878 omnium

1989 4906 2217 4960 sensus!
2250 4903 2385 4960 Nam
2434 4915 2490 4963 et
2534 4907 2626 4964 isti
2674 4909 2965 4966 Dominum
3012 4927 3171 4967 suum
3205 4914 3563 4985 abnegaruut,

1986 4997 2079 5067 qui
2110 4997 2233 5052 illos
2246 5013 2348 5053 suo
2374 5001 2643 5071 sanguine
2671 5001 2936 5068 redemit;
2960 5002 3163 5074 quique
3176 5020 3286 5060 non
3310 5022 3339 5060 a
3366 5007 3563 5071 Maria,

1986 5096 2045 5143 ut
2077 5089 2154 5143 illi
2222 5097 2438 5159 putant,
2494 5092 2712 5149 initium
2768 5096 2974 5162 traxit;
3019 5095 3116 5151 sed
3162 5096 3303 5166 apud
3352 5094 3564 5151 Patrem

1985 5194 2201 5250 semper
2254 5182 2488 5248 exstitit,
2539 5183 2683 5242 Deus
2723 5186 2981 5253 Verbum,
3024 5200 3056 5240 a
3094 5185 3256 5242 Patre
3304 5188 3422 5243 sine
3456 5187 3567 5242 ullo

1986 5272 2145 5328 initio
2175 5282 2271 5328 aut
2298 5281 2542 5346 tempore
2576 5280 2842 5350 genitum,
2883 5287 2945 5334 ut
2976 5279 3232 5336 universa
3278 5278 3560 5349 Scriptura

1986 5366 2249 5421 declarat.
2284 5365 2375 5422 Sic
2407 5369 2552 5424 enim
2575 5372 2820 5441 loquitur
2846 5389 2859 5428 :
2893 5371 3185 5426 Faciamus
3215 5371 3473 5426 hominem
3494 5370 3564 5424 ad

1986 5458 2270 5529 imaginem
2307 5469 2357 5519 et
2392 5461 2793 5523 similitudinem
2841 5473 3077 5518 nostram
3098 5463 3141 5517 ’.
3174 5460 3293 5517 Non
3338 5461 3565 5517 Melchi-

1988 5551 2186 5606 sedcco
2239 5552 2398 5619 dixit,
2452 5554 2546 5625 qui
2609 5554 2828 5609 tametsi
2873 5553 2968 5612 Dei
3015 5554 3266 5611 altissimi
3306 5556 3566 5610 saeta-dos

2541 5665 2561 5697 ⁵
2591 5670 2746 5726 Joan.
2794 5685 2849 5739 κ,
2900 5668 2955 5722 2.
3083 5670 3103 5701 ⁸
3144 5666 3308 5724 llcbr.
3345 5683 3457 5735 vu,
3503 5668 3557 5725 5.
