3918 6126
416 254 519 311 987

1856 265 1915 321 S.
1951 263 2288 322 EPIPIIANII

3574 275 3683 333 988

416 382 575 427 :etale
605 388 704 428 sua
740 372 921 440 fuerit,
948 389 1050 431 nec
1072 374 1241 431 ullum
1265 383 1389 447 post
1426 391 1487 434 se
1506 390 1879 435 successorem
1910 379 1998 433 ba-

2106 382 2325 456 ὑψεστον
2403 385 2462 439 ἐν
2508 388 2575 458 τῇ
2623 385 2730 460 ἰδίᾳ
2776 390 2961 462 γενεᾷ,
2992 390 3085 444 καὶ
3126 389 3224 444 οὐκ
3275 389 3401 460 ἔσχε
3427 386 3685 461 διὰδοιον

420 466 615 529 b'Jerit,
640 465 862 521 minime
883 474 1066 522 tamen
1104 483 1136 523 e
1165 469 1437 540 supremis
1461 477 1568 534 est,
1602 484 1778 541 neque
1800 485 1832 524 e
1854 472 1995 526 caelo

418 552 716 610 descendit.
767 554 1005 613 Proinde
1059 556 1340 627 Scriptura
1388 575 1496 615 non
1540 559 1724 615 dixit:
1769 559 1995 616 Demisit

421 644 691 698 Abraham
722 659 919 714 panem
946 656 1001 701 et
1022 647 1233 711 vinum,
1261 648 1378 713 sed,
1404 649 1688 715 protulit‘,
1723 656 1836 703 tam
1866 649 1991 720 ipsi,
2041 715 2044 719 ι

420 750 581 803 quam
612 736 681 792 iis
711 737 805 807 qui
838 752 963 791 cum
1010 752 1076 793 eo
1103 747 1291 803 erant,
1338 746 1399 794 ut
1435 755 1467 795 a
1512 754 1700 810 regum
1744 740 1997 811 proﬂiga-

419 828 568 882 tione
597 829 900 884 venientem
932 830 1297 899 patriarcbam
1327 830 1625 900 exciperet.
1669 829 1807 886 Huic
1831 831 1998 901 igitur

422 932 523 986 pro
561 933 625 973 ea
655 934 762 988 qua
807 920 1071 989 praeditus
1118 927 1257 986 erat,
1295 919 1510 990 justitia
1538 935 1604 976 ac
1640 920 1765 988 ﬁde,
1789 928 1844 977 ct
1867 922 1998 977 reli-

419 1009 580 1078 gione
638 1010 939 1066 benedixit.
991 1009 1261 1078 Quoniam
1314 1012 1372 1067 in
1430 1012 1687 1069 omnibus
1734 1013 1997 1082 probatus

421 1102 570 1155 nulla
591 1101 751 1157 olIicii
789 1103 874 1158 sui
902 1113 1056 1173 parte
1088 1103 1156 1158 ab
1186 1102 1400 1173 justitia
1426 1102 1740 1174 patriarcha
1780 1104 2001 1161 decide-

421 1202 523 1248 rat.
560 1193 701 1260 Quin
729 1196 892 1249 etiam
922 1194 1090 1250 Deum
1120 1195 1175 1249 in
1208 1195 1299 1249 illa
1330 1195 1673 1265 expeditione
1704 1195 1997 1266 opitulato-

424 1299 538 1338 rem
585 1284 846 1342 adversus
898 1286 1089 1342 hostes
1128 1285 1338 1351 habuit,
1365 1286 1457 1356 qui
1491 1287 1546 1340 in
1594 1284 2002 1342 Sodomitarum

422 1388 614 1443 agrum
648 1382 960 1445 eruperant,
1018 1375 1254 1448 indeque
1310 1375 1498 1432 fratris
1531 1376 1703 1432 tilium
1743 1385 1994 1435 sanctum

425 1461 524 1519 l.ot
554 1467 917 1536 abduxerant,
951 1483 1114 1539 quem
1146 1484 1272 1524 cum
1321 1470 1470 1524 omni
1495 1468 1680 1540 praeda
1706 1485 1773 1525 ac
1804 1470 1998 1541 spoliis

429 1557 756 1613 incolumem
789 1560 1029 1616 reduxit.
1049 1561 1120 1614 At
1156 1560 1288 1615 illud
1328 1575 1492 1630 quam
1520 1561 1745 1630 copiose
1775 1561 1999 1616 demou-

421 1652 584 1705 strari
614 1659 810 1721 potest,
843 1652 1040 1708 Filium
1087 1668 1212 1708 cum
1257 1653 1419 1709 Patre
1472 1660 1736 1725 perpetuo
1784 1652 2003 1708 fuisse?

2099 475 2214 544 μετ’
2245 474 2409 529 αὐτόν
2428 491 2441 504 °
2478 476 2612 530 ἀλλὰ
2639 477 2739 531 οὐκ
2766 477 2912 532 ἐστιν
2938 478 3143 534 ἄνωθεν
3168 479 3264 534 ἀπ’
3296 479 3536 550 οὐρανοῦ
3578 496 3685 533 κα-

2095 561 2286 626 ταϐάς.
2316 564 2392 618 Οὐ
2429 565 2537 638 γὰρ
2569 563 2798 638 εἷπεν-ἠ
2850 567 3063 639 Γραφῇ,
3108 569 3190 622 δτι
3232 568 3562 637 Κατήνεγκε
3604 569 3688 637 τῷ

2108 651 2357 723 Ἀδραάμ
2391 652 2556 725 ἄρτον
2588 656 2679 709 καὶ
2710 649 2850 710 οῐνον
2869 672 2882 686 ο
2915 655 3418 721 ἀλλά,ὲξέ6αλλεν
3443 655 3601 726 αὐτῷ
3626 672 3687 708 τε

2095 741 2192 796 καὶ
2215 745 2331 806 τοῖς
2357 745 2475 814 μετ’
2500 744 2685 813 αὐτοῦ,
2718 745 2794 810 ὡς
2822 746 2931 800 ἀπὸ
2971 746 3080 800 τῶν
3116 744 3377 817 βασιλέων
3405 746 3689 812 ὑποδεξὰ-

2098 830 2257 901 μενος
2277 832 2369 887 τὸν
2400 834 2694 904 ἐρχόμενον
2714 835 3079 907 πατριάρχην.
3106 836 3217 889 Kal
3241 834 3557 906 ηὐλόγησεν
3583 836 3692 888 αὐ-

2094 923 2186 974 τὸν
2207 919 2299 975 διὰ
2319 921 2419 992 τὴν
2441 922 2746 994 προσοῦσαν
2778 923 2927 993 αὐτῷ
2952 922 3316 994 δικαιοσύνην,
3349 925 3457 976 καὶ.
3490 924 3560 981 τὺ
3594 940 3693 977 πι-

2097 1015 2242 1082 στὸν,
2276 1014 2452 1069 καὶτὸ
2476 1015 2703 1078 εὐλαϐὲς
2729 1014 2821 1069 τοῦ
2852 1015 3063 1087 ἀνδρὸς,
3096 1018 3178 1070 ὅτι
3216 1017 3274 1068 ὲν
3326 1015 3499 1070 ἅπασι
3531 1016 3692 1070 δοκι-

2099 1106 2347 1176 μασθεὶς,
2378 1107 2440 1160 ἐν
2484 1107 2662 1161 οὐδενὶ⁸
2699 1106 2922 1174 ἐξέπεσε
2967 1107 3069 1177 τῆς
3105 1107 3452 1179 δικαιοσύνης
3478 1108 3528 1180 ῥ
3577 1125 3691 1161 πα-

2095 1197 2379 1269 τριάρχης.
2398 1198 2558 1253 Ἀλλά
2582 1200 2677 1254 καὶ
2702 1199 2762 1253 ἐν
2791 1199 2967 1272 τούτῳ
2991 1199 3248 1271 συνεργὸν
3273 1199 3398 1270 ἔςχε
3427 1199 3522 1253 τὺν
3545 1199 3691 1253 θεὸν

2097 1289 2237 1345 κατά
2265 1289 2373 1344 τῶν
2407 1290 2622 1362 ἀληθῶς
2650 1290 2984 1346 ἐπελθόντων
3005 1293 3073 1363 τῇ
3098 1291 3208 1344 τῶν
3235 1289 3549 1361 Σοδομιτῶν
3575 1290 3693 1361 χώ-

2099 1397 2190 1452 ρᾳ,
2221 1381 2316 1435 καὶ
2354 1380 2724 1451 ἀφελομένων,
2751 1380 2845 1435 καὶ
2884 1381 2980 1435 τὸν
3023 1378 3339 1451 ἀδελφιδοῦν
3380 1380 3559 1435 αὐτοῦ
3590 1380 3689 1434 τὸν

2097 1471 2252 1541 ἅγιον
2294 1470 2436 1537 Λὼτ,
2467 1470 2527 1526 δν
2573 1471 2668 1526 καὶ
2715 1471 3027 1544 ἀπέστρεψε
3061 1472 3158 1543 μὲν
3186 1470 3323 1543 μετά
3360 1472 3550 1543 πάσης
3582 1472 3689 1543 τῆς

2099 1558 2440 1624 σκυλεύσεως
2478 1560 2575 1614 καὶ
2619 1560 3065 1633 λαφυραγωγίας.
3116 1562 3225 1615 Kal
3277 1560 3441 1614 πόθεν
3476 1561 3596 1633 γὰρ
3623 1565 3685 1616 οὐ

2099 1649 2381 1722 δείξωμεν,
2409 1651 2494 1705 ὅτι
2516 1645 2586 1723 ἦν
2610 1651 2700 1705 ἀεὶ
2720 1652 2849 1716 Υἱὸς
2877 1652 2975 1707 σὺν
3004 1651 3210 1723 Πατρίς
3260 1652 3357 1705 Ἐν
3377 1651 3545 1721 ἀρχῇ
3572 1653 3688 1723 γὰρ

424 1741 491 1796 1η
508 1717 804 1814 ρι’ὺιιεξρὶο,⁷
825 1746 1024 1816 inquit,
1052 1757 1167 1803 erat
1200 1748 1445 1810 Verbum,
1472 1717 1538 1803 ἐι
1572 1717 1822 1802 “Verbum
1881 1756 1998 1802 erat

2106 1738 2180 1814 ἦν
2204 1747 2238 1797 ό
2262 1717 2477 1813 λόγος,
2654 1743 2688 1798 δ
2718 1743 2909 1814 Λόγος
2938 1739 3019 1815 ἦν
3053 1717 3202 1811 ποὺς
3233 1744 3341 1797 τὸν

425 1834 563 1903 apud
610 1835 799 1901 Deum,
826 1846 876 1891 et
912 1836 1049 1892 Deus
1071 1847 1185 1891 erat
1239 1837 1464 1894 Verbum
1490 1840 1533 1891 ⁸.
1571 1834 1690 1891 Non
1723 1835 1860 1890 dixit
1890 1854 1905 1890 :
1937 1834 1995 1889 ln

428 1924 694 1994 principio
710 1936 831 1981 erat
853 1925 1231 1983 Melchisedec.
1263 1928 1400 1982 Item
1433 1943 1446 1978 :
1499 1927 1647 1981 Venit
1681 1927 1843 1998 igitur
1884 1924 1999 1980 Do-

426 2014 600 2067 minus
657 2014 727 2069 ad
786 2014 1088 2080 Abraham;
1121 2025 1171 2071 et
1203 2016 1339 2086 pluit
1397 2016 1655 2073 Dominus
1692 2032 1725 2070 α
1778 2017 1998 2071 Domino

427 2106 618 2174 ignem,
640 2115 688 2160 et
719 2106 941 2176 sulphur
960 2121 1116 2176 super
1148 2104 1378 2162 Sodoma
1404 2118 1452 2161 et
1479 2104 1771 2162 Gomorrha
1795 2107 1839 2163 ⁸.
1863 2104 2003 2161 Prat-

427 2204 594 2259 terea,
643 2194 787 2250 Unus
851 2196 1017 2261 Deus,
1053 2196 1130 2250 ait
1152 2197 1445 2267 Apostolus
1475 2197 1519 2259 ⁸,
1545 2212 1611 2251 ea:
1641 2213 1743 2267 quo
1772 2196 1951 2250 omnia
1980 2212 2002 2260 ;

422 2297 472 2340 et
498 2303 632 2341 unus
667 2288 929 2344 Dominus
946 2287 1102 2343 Iesus
1127 2287 1399 2354 Christus,
1421 2305 1512 2359 per
1540 2305 1690 2359 quem
1728 2289 1926 2343 omnia.

493 2378 572 2435 Ac
598 2396 669 2451 ne
689 2380 816 2451 quis
841 2379 1138 2450 objiceret:
1172 2379 1278 2436 Ubi
1316 2387 1401 2437 est
1427 2380 1596 2451 igitur
1619 2378 1859 2450 Spiritus
1880 2394 2002 2435 san-

425 2477 567 2531 ctus.
594 2484 719 2525 cum
761 2470 927 2525 unius
964 2477 1131 2540 atque
1154 2469 1323 2525 unius
1353 2468 1620 2525 duntaxat
1668 2471 1998 2527 mentionem

413 2560 627 2616 .faciat?
662 2558 770 2616 Sed
827 2560 1093 2631 Spiritum
1134 2567 1383 2615 sanctum
1425 2560 1823 2631 snimetipsins
1852 2577 2007 2617 com-

425 2650 799 2706 mendatorem
859 2665 924 2705 ac
970 2650 1381 2720 pmdicatorem
1428 2665 1551 2707 esse
1589 2635 1814 2707 minime
1870 2666 2003 2707 con-

426 2741 675 2810 gruebat.
699 2740 833 2795 Illud
862 2740 1011 2796 enim
1031 2741 1316 2813 Scriptura
1340 2755 1498 2798 sacra
1519 2748 1781 2812 perpetuo
1798 2751 2000 2810 servat,

428 2842 485 2887 ut
516 2849 576 2889 se
608 2833 768 2887 nobis
819 2833 1152 2902 exemplaris
1187 2832 1364 2890 instar
1403 2841 1695 2905 proponat.
1731 2833 2001 2901 Quocirca

427 2925 541 2980 haec
565 2924 621 2979 in
658 2924 867 2996 Spiritu
898 2936 1091 2981 sancto
1118 2926 1448 2996 loquebatur
1469 2927 1770 2997 Apostolus
1801 2945 1816 2982 :
1856 2926 2004 2982 Unus

2101 1834 2246 1902 Θεὸς
2292 1831 2373 1905 ἦν
2414 1837 2448 1889 ό
2468 1834 2679 1905 Λόγος.
2723 1834 2834 1888 Kal
2872 1834 2975 1888 οὐκ
3016 1830 3199 1888 εἶπεν·
3243 1835 3300 1887 Ὁ
3335 1835 3689 1907 Μελχισεδὲκ

2099 1927 2159 1978 ὲν
2187 1926 2328 1997 ἀρχῇ
2360 1920 2429 1997 ἦν
2447 1941 2464 1958 ο
2520 1924 2617 1979 καὶ
2657 1923 2820 1981 πάλιν
2841 1938 2858 1954 ⁹
2895 1919 3115 1980 Ἦλθεν
3144 1918 3257 1979 οὖν
3281 1924 3500 1992 Κύριος
3531 1923 3689 1993 πρὸς

2111 2016 2386 2087 Ἀϐραὰμ,
2412 2016 2512 2071 καὶ
2563 2015 2767 2085 ἔϐρεξε
2808 2016 3026 2084 Κύριος
3068 2013 3228 2085 παρὰ
3267 2015 3494 2084 Κυρίου
3538 2016 3664 2084 πῦρ

2099 2109 2199 2164 καὶ
2242 2108 2406 2165 θεῖον
2448 2107 2548 2163 ἐπὶ
2578 2107 2812 2178 Σόδομα
2838 2107 2937 2162 καὶ
2967 2107 3259 2176 Γόμορῤα.
3302 2106 3413 2159 Kal
3457 2108 3489 2158 6
3527 2102 3687 2173 ἅγιος

2112 2198 2432 2264 ’Λπόστολός
2461 2216 2626 2271 φησιν
2643 2214 2658 2228 ⁸
2691 2192 2796 2265 Εἷς
2828 2196 2991 2264 Θεὸς,
3021 2196 3090 2262 ἐξ
3119 2192 3192 2254 οὗ
3212 2196 3285 2250 τὰ
3314 2194 3519 2249 πάντα
3540 2210 3555 2223 ·
3584 2197 3687 2249 καὶ

2099 2287 2187 2359 εἷς
2214 2292 2433 2361 Κύριος
2468 2289 2698 2357 Ἰησοῦς
2724 2289 2996 2360 Χριστὸς,
3023 2288 3096 2342 δι’
3118 2283 3191 2344 οὗ
3216 2286 3289 2341 τὰ
3314 2284 3539 2340 πάντα.

2173 2384 2285 2439 Kal
2310 2384 2399 2438 ἵνα
2435 2383 2509 2455 μή
2536 2400 2622 2447 τις
2645 2382 2795 2454 εἷπῃσ
2827 2378 3037 2437 Οὐκοῦν
3064 2377 3164 2433 ποῦ
3195 2376 3309 2430 ἐστι
3337 2377 3401 2428 τὸ
3431 2376 3703 2448 Πνεῦμα.-

2101 2477 2288 2549 ἐπειδὴ
2332 2477 2460 2547 περὶ
2504 2475 2621 2539 ἑνὸς
2664 2474 2759 2529 καλ⁵
2801 2471 2919 2535 ἑνὸς
2959 2471 3261 2542 διηγεῖται;
3302 2468 3419 2522 οὐκ
3466 2467 3579 2520 ἔδει
3628 2469 3711 2521 τὸ.

2102 2565 2326 2637 Πνεῦμα
2349 2564 2745 2619 αὐτοσύστατον
2772 2560 2904 2615 αὐτὸ
2922 2558 3174 2627 γενέσθαι
3198 2554 3413 2610 ἑαυτοῦ.
3434 2554 3553 2607 Ἀεὶ
3581 2555 3695 2625 γὰρ

2104 2657 2427 2727 φυλάττεται
2451 2658 2489 2727 ὴ
2508 2654 2628 2709 θεία
2648 2651 2841 2726 Γραφὴ
2867 2648 3231 2721 ὑπογραμμδς
3251 2648 3383 2718 ἠμῖν
3407 2645 3689 2714 γενεσθαι.

2116 2747 2443 2818 Ἐφθέγγετο
2470 2742 2564 2801 οὖν
2595 2748 2654 2800 ὲν
2680 2743 2958 2813 Πνεύματι
2986 2741 3126 2811 ἀγίῳ
3155 2739 3185 2792 ὁ
3213 2735 3568 2799 Ἀπόστολος,
3598 2736 3695 2789 καὶ

2104 2839 2314 2909 ἔλεγεν·
2341 2834 2447 2905 Εἷς
2484 2837 2649 2904 Θεὸς,
2671 2837 2741 2903 ἐξ
2778 2831 2850 2892 οὗ
2878 2835 2949 2889 τὰ
2977 2832 3192 2897 πάντα,
3228 2830 3326 2885 καὶ
3350 2822 3442 2895 εἷς
3470 2830 3696 2897 Κύριος

2117 2930 2349 2999 Ἰησοῦς
2398 2929 2672 2999 Χριστὸς,
2721 2927 2794 2981 δι’
2840 2922 2912 2983 οὗ
2962 2926 3035 2982 τὰ
3080 2923 3295 2980 πάντα.
3317 2918 3430 2978 Ἦν
3480 2923 3543 2977 δὲ
3594 2925 3695 2977 σὺν

426 3013 566 3069 Deus
597 3031 662 3070 ea:
687 3032 790 3086 quo
817 3016 1018 3076 omnia.
1043 3024 1091 3070 et
1114 3033 1250 3071 unus
1276 3015 1533 3070 Dominus
1559 3014 1716 3071 Iesus
1738 3016 1998 3083 Christus,

2107 3020 2384 3094 Πνεῦματι
2435 3021 2574 3091 ἁγίῳ
2616 3019 2790 3089 λέγων
2834 3016 2991 3073 τοῦτο
3015 3034 3030 3047 ·
3067 3019 3127 3072 οὐ
3167 3016 3276 3088 γὰρ
3321 3016 3407 3069 ἵνα
3462 3014 3633 3084 λεὶψῃ
3659 3016 3695 3084 ἠ

424 3120 516 3174 per
565 3121 714 3175 quem
741 3106 940 3160 omnia.
982 3104 1054 3160 At
1102 3106 1195 3175 qui
1247 3120 1372 3161 eum
1426 3103 1634 3175 Spiritu
1676 3114 1869 3162 sancto
1898 3107 1998 3161 ista

2106 3113 2294 3184 Τριάς,
2339 3111 2513 3175 Αὐτὸς
2543 3110 2601 3164 δὲ
2632 3113 2662 3164 ὁ
2687 3109 2893 3182 Κύριος
2923 3108 3111 3178 σαφῶς
3158 3106 3326 3175 λέγει,
3361 3105 3446 3158 ὅτι
3491 3104 3697 3157 Ἀπελ-

425 3196 669 3263 dicebat,
727 3211 904 3267 neque
959 3210 1208 3251 mancam
1273 3210 1398 3251 esse
1449 3194 1706 3251 Triadem
1766 3198 1998 3254 volebat.

2106 3205 2314 3268 θόντες
2336 3203 2678 3267 ,βαπτίσατε
2715 3198 2912 3254 πάντα
2945 3198 3018 3252 τὰ
3046 3198 3189 3263 ἔθνη
3227 3197 3315 3260 εὶς
3348 3192 3543 3263 ὄνομα
3567 3195 3694 3246 Πα-

427 3288 506 3343 Ad
528 3284 646 3342 haec
667 3286 932 3342 Dominus
961 3285 1076 3357 ipse
1102 3286 1390 3356 perspicue
1419 3284 1583 3339 dicit:
1603 3284 1802 3340 Euntes
1839 3286 1998 3357 bapti-

2106 3292 2262 3361 τρὸς,
2296 3290 2397 3359 καὶ
2444 3288 2605 3353 Υἱοῦ,
2644 3287 2742 3343 καὶ
2774 3288 2946 3357 ἁγίου
2982 3284 3345 3354 Πνεύματος.
3378 3281 3492 3333 Kal
3529 3280 3695 3334 πάλιν

428 3389 546 3435 sale
560 3396 734 3434 omnes
760 3389 935 3449 gentes
948 3379 1219 3432 innomine
1238 3376 1443 3439 Patris,
1458 3387 1507 3432 et
1521 3375 1673 3444 Filii,
1690 3388 1737 3432 et
1772 3377 1998 3447 Spiritus

2106 3386 2135 3438 ὁ
2176 3381 2496 3444 Ἀπόστολος
2546 3379 2730 3448 λέγει’
2794 3379 2898 3430 Ἓν
2938 3375 3007 3429 δέ
3045 3375 3175 3429 ἐστι
3216 3373 3284 3426 τὸ
3348 3370 3601 3440 Πνεῦμα
3626 3369 3694 3423 τὸ

427 3472 598 3525 sancti
619 3472 663 3523 ⁸.
693 3470 991 3540 Apostolus
1024 3484 1239 3540 quoque
1264 3484 1279 3521 :
1320 3468 1465 3524 Unus
1498 3486 1616 3523 vero
1636 3478 1713 3524 est
1741 3468 1997 3540 Spiritus,

429 3564 608 3634 inquit
633 3564 675 3628 ⁸,
699 3562 937 3617 dividens
971 3561 1137 3634 476
1162 3561 1439 3632 unicuique
1457 3570 1613 3630 prout
1637 3562 1769 3630 uult,
1800 3561 1869 3615 ad
1885 3562 1998 3632 ejus

431 3654 736 3710 utilitatem.
766 3653 844 3708 En
904 3653 1070 3725 igitur
1103 3652 1283 3718 Pater,
1311 3668 1378 3707 en
1417 3651 1611 3718 Filius,
1643 3669 1711 3709 en
1764 3652 2000 3725 Spiritus

430 3752 692 3813 sanctus;
733 3759 1003 3816 nusquam
1067 3743 1450 3800 Melchisedec.
1511 3743 1698 3815 Neque
1750 3760 1875 3801 cum
1932 3747 2001 3802 de

429 3837 747 3894 caelestibus
790 3835 952 3892 donis
1000 3837 1205 3892 mentio
1234 3835 1313 3900 lit,
1349 3835 1617 3907 impertiri
1654 3835 1770 3891 haec
1803 3837 1872 3892 ab
1906 3837 2001 3893 Illo

2112 3474 2381 3544 διαιροῦν
2411 3472 2644 3539 ἑκάστῳ
2672 3470 2753 3537 ὡς
2773 3469 3061 3534 ,ϐούλεται
3088 3464 3234 3535 πρὸς
3258 3463 3323 3517 τὸ
3351 3462 3691 3532 συμφέρον.

2125 3568 2256 3621 Ἰδοὺ
2292 3566 2470 3621 τοίνυν
2501 3563 2712 3636 Πατὴρ,
2745 3561 2853 3616 ἰδοῦ
2897 3561 3045 3625 Υἱὸς,
3079 3558 3187 3613 ἰδοὺ
3233 3554 3461 3625 Πνεῦμα
3512 3555 3692 3622 ἅγιον.

2116 3657 2229 3712 Kal
2268 3655 2505 3725 οὐδαμοῦ
2534 3649 2886 3723 Μελχισεδὲκ,
2919 3647 3044 3704 οὔτε
3085 3650 3143 3701 ὲν
3189 3647 3303 3709 τοῖς
3354 3642 3693 3714 χαρίσμασιν

2116 3744 2289 3813 εἶπεν,
2315 3748 2396 3801 ὅτι
2428 3747 2698 3817 δωρεῖται,
2731 3741 2851 3797 οὔτε
2889 3743 2948 3795 ὲν
2981 3741 3093 3802 τοῖς
3130 3735 3407 3808 ὕψώμασι.
3438 3735 3561 3788 Kal
3589 3735 3689 3803 pi-

2116 3858 2218 3912 την
2245 3838 2396 3912 παρά
2422 3838 2631 3901 τούτοις
2661 3836 2843 3909 ᾅδεται
2864 3832 2934 3887 τὰ
2973 3830 3140 3902 ψευδῆ
3173 3828 3265 3882 καὶ
3296 3824 3694 3893 ἐπινενοημένα

428 3929 597 3994 dixit,
636 3944 811 3999 neque
860 3943 984 3983 cunt
1021 3927 1089 3983 de
1140 3927 1466 3984 sublimibus
1495 3926 1779 3984 disseruit.
1815 3926 1998 3987 Proin-

2107 3934 2218 3988 τῶν
2250 3929 2716 4004 προσκομμάτων,
2757 3927 2859 3981 οὐκ
2890 3922 2997 3980 ἀπὸ
3036 3924 3135 3993 τῆς
3177 3918 3451 3992 ἀληθείας,
3486 3916 3605 3970 ἀλλ’
3634 3914 3695 3979 ἐξ

431 4019 606 4090 deque
635 4022 839 4075 frustra
866 4018 1135 4089 ejusmodi
1164 4018 1232 4074 ab
1256 4018 1363 4074 illis
1389 4018 1671 4075 mendacia
1703 4019 1771 4074 ad
1798 4019 1998 4076 animo-

2109 4021 2275 4076 αὑτοῦ
2317 4020 2409 4074 τοῦ
2450 4019 2789 4090 ’συρίγματος
2826 4014 2922 4068 τοῦ
2961 4012 3252 4084 δράκοντος
3270 4050 3286 4076 ,
3330 4007 3409 4072 ὡς
3447 4005 3694 4075 ἑκάστην

430 4126 550 4169 rum
582 4111 932 4167 ollensionem
959 4112 1192 4165 conﬁcta
1216 4109 1602 4179 praedicantur.
1624 4107 1758 4174 Quae
1782 4110 1998 4178 quidem

2107 4113 2345 4186 ἠδυνήθη
2376 4108 2653 4180 ἀπατῆσαί
2681 4125 2743 4160 τε
2765 4106 2860 4160 καὶ
2882 4104 3174 4173 πλανῆσαι.

430 4218 542 4257 non
574 4217 643 4256 ex
677 4202 922 4264 veritate,
950 4201 1046 4256 sed
1073 4201 1335 4258 draconis
1364 4200 1526 4257 sibilo
1555 4199 1801 4270 proiecta
1822 4211 1986 4272 sunt;
2029 4223 2128 4277 pro
2158 4224 2225 4263 eo
2259 4222 2324 4261 ac
2356 4203 2658 4275 quamlibet
2690 4210 2896 4257 sectam
2952 4196 3226 4267 decipere,
3271 4201 3434 4263 atque
3476 4192 3537 4246 in
3599 4204 3691 4245 er-

430 4309 610 4350 rorem
639 4291 909 4347 abducere
935 4291 1132 4360 potuit.

504 4382 640 4435 Cum
671 4387 853 4434 autem
902 4379 1116 4436 abunde
1156 4380 1272 4451 jam
1300 4380 1368 4437 de
1402 4380 1513 4437 illis
1540 4382 1876 4454 disputatum
1902 4387 1996 4453 sit,

2171 4383 2283 4437 Kal
2315 4381 2442 4450 περὶ
2468 4379 2673 4432 τούτων
2715 4378 2774 4432 δὲ
2806 4376 3007 4439 ἱκανῶς
3037 4372 3408 4443 διαλεχθέντες
3432 4374 3690 4428 καταλεί-

432 4473 631 4528 missos
661 4470 877 4526 demum
913 4469 1209 4539 faciamus,
1242 4487 1380 4543 quos
1413 4473 1583 4530 muris
1613 4476 1801 4532 aranei
1840 4477 1998 4534 instat

2113 4475 2326 4545 ψωμεν,
2347 4472 2536 4541 ὥσπερ
2566 4468 2937 4541 μυογαλλίδιον
2959 4466 3091 4538 λίθῳ
3113 4465 3445 4528 narraturi-te;
3474 4465 3570 4519 διὰ
3589 4467 3693 4537 τῆς

431 4564 604 4620 solida
642 4578 707 4619 ac
753 4563 935 4620 stabili
984 4563 1089 4618 ﬁde
1115 4564 1261 4620 velut
1290 4564 1468 4632 lapide
1507 4568 1903 4636 percussimus,
1947 4585 1998 4624 at

2114 4565 2340 4636 στερεᾶς
2372 4562 2607 4625 πίστεως
2638 4561 2734 4615 καὶ
2764 4557 3155 4631 ἑδρᾶιώματος,
3193 4554 3300 4610 καὶ·
3325 4556 3592 4624 φυγόντες
3631 4555 3693 4608 ab

432 4654 701 4715 letiferum
731 4653 882 4710 virus
910 4654 1202 4710 evasimus.
1235 4654 1388 4710 lianc
1430 4656 1576 4711 enim
1616 4659 1790 4713 muris
1820 4659 1998 4714 aranei

2114 4655 2316 4710 ἰοϐόλον
2356 4652 2700 4725 δηλητήριον.
2737 4652 2812 4706 Τὸ
2853 4649 2961 4721 γὰρ
3007 4647 3381 4720 μυογαλλιδιόν
3410 4648 3527 4718 (90)
3560 4664 3690 4718 φασι

430 4754 680 4805 naturam
714 4761 838 4803 esse
870 4745 1072 4807 ferunt,
1101 4754 1159 4801 ut
1181 4762 1215 4802 e
1242 4747 1474 4820 vestigio
1534 4747 1755 4818 quidem
1800 4749 1998 4804 nullam

2111 4746 2249 4818 πρὸς
2294 4746 2392 4817 μὲν
2434 4744 2531 4816 τὴν
2579 4743 2731 4816 ὥραν
2779 4742 2943 4815 μηδὲν
2985 4742 3191 4796 ἀδικεῖν
3215 4740 3309 4794 τὸν
3337 4739 3688 4810 δακνόμενον,

430 4839 499 4899 ei.
536 4837 627 4908 qui
655 4853 872 4893 morsus
910 4846 1014 4903 est,
1050 4839 1346 4909 perniciem
1374 4837 1618 4904 inierat;
1651 4855 1840 4896 verum
1880 4854 1998 4910 pau-

2110 4838 2286 4909 χρόνῳ
2312 4837 2370 4891 δέ
2400 4853 2505 4890 τινι
2544 4836 2608 4890 τὸ
2651 4836 2811 4907 σῶμα
2852 4834 3155 4904 ἀφανίζειν,
3189 4835 3282 4889 καὶ
3327 4833 3409 4897 εις
3451 4832 3690 4904 λώϐησιν

406 4920 584 4984 latim
647 4944 852 5000 corpus
899 4930 1230 5000 exstinguat,
1282 4943 1349 4984 ac
1392 4931 1636 4986 membra
1667 4930 1789 5000 ejus
1821 4931 1998 4985 omnia

2110 4929 2365 4998 κελεφίας
2390 4929 2502 4999 (91)
2532 4928 2637 4992 ἕως
2668 4927 2806 4981 ὅλων
2826 4926 2934 4982 τῶν
2969 4926 3145 4998 μελῶν
3174 4925 3334 4995 ἄγειν
3350 4924 3445 4979 τὸν
3469 4924 3689 4985 ἐπιϐου-

507 5132 522 5158 ¹
550 5126 687 5184 Cen.
715 5142 825 5191 xlv,
850 5128 936 5183 18.
1014 5127 1034 5158 ²
1055 5126 1212 5184 Joau.
1245 5145 1287 5194 ι,
1316 5129 1366 5184 1.
1442 5129 1463 5161 ³
1493 5127 1629 5185 Gen.
1658 5145 1771 5195 xIx,
1801 5128 1891 5182 24.
1968 5128 1990 5158 ⁸

2106 5130 2200 5184 :or.
2234 5145 2355 5193 vui,
2389 5132 2442 5184 6.
2518 5130 2539 5162 '
2570 5126 2760 5182 Matth.
2793 5140 2985 5187 xxvnt,
3012 5125 3097 5180 19.
3174 5127 3195 5157 ⁸
3225 5122 3390 5179 lCor.
3428 5137 3534 5187 xu,
3573 5122 3656 5176 11.

450 5332 455 5337 .
508 5312 618 5378 (90)
666 5311 735 5367 Τὸ
758 5313 869 5381 γὰρ
889 5311 1345 5381 μυογαὶλιδιον.
1376 5308 1651 5365 Nicander
1678 5310 1832 5365 Ther.
1862 5330 1881 5363 :
1970 5326 1975 5330 ‘

2114 5318 2223 5364 tam
2250 5312 2299 5366 si
2321 5310 2597 5381 transit-re,
2633 5310 2955 5381 moriuntur,
2979 5308 3135 5381 quasi
3166 5307 3685 5381 nonnobtrituirota-

432 5383 658 5467 τυφλῄν
692 5377 774 5444 τε,
815 5377 1086 5453 autpaqu
1113 5398 1174 5434 τε
1208 5381 1421 5504 ἓροτοϊς
1449 5381 1543 5434 ἐπὶ
1569 5380 1747 5449 λοιγὸν
1774 5381 1998 5449 ἄγουσαι

436 5451 730 5504 Μυγαι.έτιν
760 5454 1052 5504 τοονοῆσιν
1096 5451 1177 5504 ἐνὶ
1243 5453 1552 5504 νήσκουσαν
1579 5448 1838 5504 ἁμάξαις.

2112 5396 2257 5503 quin,
2300 5380 2399 5436 sed
2442 5381 2491 5434 vi
2532 5379 2767 5451 quadam
2799 5377 3008 5435 orbitis
3029 5379 3166 5449 ipsis
3195 5377 3368 5433 indita
3394 5378 3687 5435 conﬁcian-

2142 5465 2226 5504 ur.

436 5448 730 5522 διαυγαλέην
760 5448 1053 5521 τροχοῇσιν
1096 5451 1177 5505 ἐνὶ
1210 5448 1552 5522 θνήσκουσαν
1579 5448 1838 5522 ἁμάξαις.
2115 5458 2226 5506 tur.

438 5515 660 5573 Scholia
686 5515 1017 5576 'docen't'in
1071 5515 1313 5590 rotarum
1365 5520 1561 5575 orbitis
1616 5515 1998 5590 deprehensnu

2188 5520 2302 5590 (91)
2338 5521 2442 5585 Εἰς
2469 5515 2737 5587 ,λώϐηοίν
2765 5519 3069 5590 adeptae.
3107 5516 3207 5571 Diu
3244 5515 3376 5590 quid
3415 5528 3567 5590 esset
3602 5532 3684 5569 κε-

445 5601 653 5671 t'nurem
685 5604 972 5671 araneum,
1003 5589 1152 5671 quod
1182 5604 1361 5671 creetis
1393 5590 1486 5671 sit,
1522 5590 1636 5645 illic
1666 5585 1921 5671 interﬁci.
1948 5589 2020 5671 At
2114 5585 2305 5671 λεφίαξ
2338 5590 2574 5671 λώϐησις
2609 5585 3027 5671 ignoravimus_:
3073 5585 3289 5671 tametsi
3338 5585 3684 5671 doctissimos

449 5651 656 5711 Plinius
694 5657 789 5711 lib.
829 5674 905 5725 Ix,
933 5651 984 5715 e.
1018 5651 1088 5714 i8
1123 5677 1138 5713 :
1178 5651 1346 5715 Iidem
1384 5651 1676 5731 ubicunque
1708 5660 1838 5727 sint,
1880 5658 2019 5714 orbi-
2119 5651 2409 5732 plerosque
2434 5651 2600 5727 viros,
2631 5651 2708 5714 'ac
2753 5658 3052 5730 praesertim
3089 5656 3332 5713 medicos
3369 5656 3440 5713 de
3464 5672 3529 5713 ea
3563 5668 3686 5712 voce
