3952 6138
383 168 489 224 995

1801 164 1860 221 S.
1902 160 2248 221 EPIPHANII

3570 158 3679 217 396

382 286 485 343 hes
525 286 639 342 fere
678 290 897 341 centum
930 297 995 339 ac
1026 282 1311 356 tringinta,
1362 283 1420 338 in
1479 281 1612 339 Asia
1661 280 1952 347 oriundus,

2078 280 2168 335 τῶν
2216 278 2423 333 τούτων
2481 277 2677 332 ἑκατὸν
2732 275 3050 348 τριάκοντα,
3108 274 3288 330 πλείω
3346 274 3385 345 ἢ
3436 276 3679 345 ἐλάσσω,

383 379 521 435 urbe
545 377 780 449 Epheso.
812 375 916 443 Qui
941 376 1120 431 alieno
1165 374 1366 445 spiritu
1414 371 1629 429 adlatus
1673 387 1739 427 ea
1789 370 1973 427 dicere

383 484 449 524 ae
499 469 696 523 docere
751 479 923 521 ausus
991 472 1099 529 est,
1161 479 1285 535 qua:
1346 478 1448 520 nee
1497 463 1807 534 prophetae,
1870 476 1972 519 nec

384 557 636 629 apostoli,
664 570 766 611 nec
790 553 1036 610 Ecclesia
1069 553 1141 608 ab
1193 552 1350 608 initio
1399 554 1596 616 tenuit,
1632 566 1697 606 ac
1723 566 1792 608 ne
1820 550 1974 624 cogi-

382 648 517 703 tavit
539 646 782 719 quidem.

448 822 622 894 igitur
649 821 819 877 velut~
842 820 1079 891 quadam
1105 820 1284 875 elatus
1335 817 1550 874 insania
1585 830 1813 889 passum
1846 833 1970 876 esse

389 915 604 970 Patrem
629 928 742 968 non
780 910 1055 966 dubitavit
1079 924 1348 967 asserere.
1384 908 1489 964 Sed
1520 917 1576 964 et
1605 906 1801 979 majori
1834 923 1971 982 qua-

385 1005 510 1059 dam
542 1002 859 1074 arrogantia
914 1016 979 1057 ae
1015 999 1266 1055 vecordia
1319 999 1496 1056 elatus
1548 1015 1671 1055 sese
1703 998 1966 1072 Moysem,

386 1096 614 1150 fratrem
641 1108 774 1149 vero
795 1107 955 1148 suum
986 1091 1257 1148 Aaronem
1281 1106 1406 1148 esse
1425 1090 1583 1146 dixit.
1618 1091 1767 1146 Inter
1798 1089 1969 1163 480

388 1188 506 1243 haec
534 1187 707 1242 beate
738 1182 1011 1241 memoriae
1034 1183 1340 1255 presbyteri
1390 1182 1513 1253 ejus
1546 1181 1625 1237 rei
1678 1180 1819 1235 fama
1853 1195 1971 1251 per-

390 1278 523 1333 moti
552 1278 829 1334 hominem
862 1275 1168 1331 advocant:
1196 1274 1372 1344 deque
1404 1273 1491 1329 his
1520 1272 1777 1327 omnibus
1800 1273 1970 1326 inter-

388 1380 606 1439 rogant,
638 1376 947 1423 utrumnam
993 1375 1102 1421 tam
1156 1365 1613 1421 contumeliosum
1655 1364 1710 1419 in
1742 1362 1964 1418 Patrem

2086 370 2354 435 ’Δσιανὺς,
2394 370 2494 442 τῆς
2557 368 2783 438 Ἐφέσου
2825 367 3033 432 πόλεως
3066 366 3182 440 (96)
3208 367 3510 441 ὑπάρχων.
3561 372 3683 434 Ὃς,

2073 459 2340 534 ἀλλοτρίῳ
2371 458 2642 528 πνεύματι
2679 457 3000 530 φερόμενος,
3037 457 3306 529 ἠθέλησεν
3338 458 3442 529 ἀφ’
3484 460 3681 514 satiati

2071 548 2109 629 ἂ
2138 550 2276 620 μήτε
2302 549 2600 621 προφῆται,
2632 548 2774 618 μήτε
2803 542 3115 615 ἀπόστολοι,
3150 549 3292 621 μήτε
3322 548 3390 614 ἐξ
3421 549 3684 621 ὑπαρχῆς

2052 634 2336 709 ’κατέσχεν
2365 639 2400 708 ἡ
2447 636 2766 707 Ἐκκλησία,
2803 638 2941 710 μήτε
2967 638 3249 711 ἐνενοήθη,
3277 639 3470 708 λέγειν
3502 657 3568 694 τε
3592 641 3683 694 καὶ

2071 729 2364 784 διδάσκειν.

2186 814 2333 884 ὗτος,
2375 820 2469 890 ἀφ’
2500 816 2695 873 ἐαυτοῦ
2743 818 2833 872 ἐπ’
2860 819 3072 891 ἀρμασι
3112 820 3130 850 ⁸
3158 819 3364 891 μανίας
3388 821 3686 891 ἐπαρθεὶς,

2069 911 2339 984 ἐτόλμησε
2389 911 2571 984 λέγειν
2625 911 2719 966 τὸν
2776 910 3000 984 Πατέρα
3050 910 3410 966 πεπονθέναι.
3449 913 3583 966 Ἔτι
3626 913 3691 967 δὲ

2072 978 2280 1074 μείζονί
2308 978 2413 1056 τινί
2444 978 2600 1074 τύφῳ
2628 1001 2722 1056 καὶ
2752 978 3152 1076 παραφροσύνῃ
3180 1002 3451 1072 ἐνεχθεὶς,
3484 1003 3687 1057 ἑαυτὸν

2070 1093 2224 1163 ἔλεγε
2245 1092 2505 1158 Μωῦσέα,
2535 1092 2631 1147 καὶ
2651 1093 2744 1146 τὸν
2756 1092 2986 1163 ἀδελφὸν
3011 1092 3180 1148 αὑτοῦ
3224 1094 3468 1166 Ἀαρών.
3515 1094 3687 1147 Ἀ).λά

2072 1184 2274 1257 μεταξὺ
2321 1184 2525 1238 τούτων
2568 1184 2677 1239 ἀπὸ
2707 1183 2816 1255 τῆς
2868 1185 2999 1256 περὶ
3040 1184 3205 1239 αὐτὸν
3251 1185 3607 1256 ἐνηχήσεως,
3630 1188 3682 1238 οἱ

2072 1277 2334 1350 μακάριοι
2366 1276 2729 1353 πρεσϐύτεροι
2767 1276 2869 1346 τῆς
2912 1275 3243 1347 Ἐκκλησίας
3292 1278 3687 1349 προσκαλεσὰο

2071 1385 2222 1440 μενοι
2248 1367 2432 1434 αὐτὸν,
2464 1366 2727 1440 ἐξήταζον
2776 1367 2906 1439 περὶ
2942 1366 3149 1421 τούτων
3183 1368 3472 1431 ἁπάντων,
3506 1369 3613 1422 καὶ
3637 1368 3686 1422 εἰ

384 1459 579 1529 dogma
624 1456 1024 1528 proposuisset.
1056 1456 1127 1510 At
1169 1457 1262 1513 ille
1300 1471 1488 1512 coram
1520 1453 1966 1526 presbyterorum

2078 1458 2271 1530 ταύτην
2291 1458 2391 1530 τὴν
2414 1458 2763 1530 βλασφημίαν
2784 1459 2909 1529 περὶ
2921 1458 3138 1530 Πατρὸς
3148 1459 3531 1531 προηγάγετο.
3550 1460 3613 1513 ’0
3629 1459 3688 1512 ἃ

382 1564 647 1605 consessu
676 1548 976 1620 productus
996 1548 1225 1603 inficiari
1252 1547 1449 1619 primo,
1469 1544 1618 1618 quod
1640 1552 1766 1600 ante
1787 1544 1966 1615 ipsum

2078 1550 2139 1604 ιά
2164 1550 2354 1623 πρῶτα
2388 1550 2487 1623 μὲν
2514 1552 2752 1622 ἠρνεῖτο,
2784 1551 2877 1604 ἐπὶ
2904 1549 2997 1604 τοῦ
3040 1549 3444 1622 πρεσϐυτερίου
3476 1551 3689 1622 ἀγόμε-

381 1655 545 1696 nemo
577 1650 732 1696 atrox
773 1639 906 1694 illud
946 1646 1112 1708 atque
1169 1638 1390 1694 exitiale
1418 1635 1574 1692 virus
1610 1632 1966 1690 evomuisset.

2078 1659 2180 1707 νος,
2211 1640 2300 1695 διὰ
2327 1622 2397 1697 τδ
2436 1641 2639 1714 μηδένα
2675 1641 2785 1714 πρὸ
2817 1641 2983 1695 αὐτοῦ
3006 1641 3121 1713 (97)
3145 1640 3412 1712 ἐξεμέσαι
3445 1643 3687 1714 ταυτηνὶ

381 1733 576 1789 Postea
612 1747 764 1797 vero,
794 1746 919 1785 cum
971 1731 1183 1786 rabiem
1238 1743 1397 1791 suam
1454 1725 1758 1801 nonnullis,
1797 1733 1859 1779 ut
1895 1723 1971 1777 ita

382 1824 586 1888 dicam,
621 1823 970 1892 aspersisset,
1013 1836 1078 1876 ac
1100 1821 1290 1876 decem
1322 1818 1438 1875 fere
1466 1819 1716 1875 homines
1746 1816 1850 1872 sibi
1877 1815 1973 1871 ad-

380 1915 681 1984 junxisset,
736 1904 998 1982 majorem
1053 1914 1107 1966 in
1148 1910 1463 1981 superbiam
1526 1916 1691 1981 atque
1738 1907 1976 1964 insolen-

387 2009 520 2063 tiam
545 2007 746 2071 elatus,
784 2014 948 2077 atque
974 2004 1235 2059 audacior
1273 2003 1483 2068 factus;
1504 2004 1682 2075 palam
1720 2001 1970 2057 haeresim

384 2115 541 2154 suam
562 2099 963 2155 disseminavit.
977 2095 1217 2153 Proinde
1238 2111 1464 2152 rursum
1480 2095 1623 2152 idem
1645 2093 1722 2150 illi
1746 2093 1987 2165 presby-'

388 2191 511 2258 teri,
535 2198 647 2245 tam
674 2191 874 2261 ipsum,
906 2204 1069 2261 quam
1093 2189 1186 2260 qui
1221 2204 1281 2245 se
1307 2188 1375 2243 ad
1404 2205 1529 2245 eum
1556 2187 1853 2244 infeliciter
1879 2202 1973 2259 ag-

382 2293 690 2354 gregarent,
716 2292 1025 2347 arcessunt,
1057 2290 1224 2352 atque
1251 2281 1443 2337 iisdem
1467 2279 1537 2339 de
1564 2281 1733 2337 rebus
1780 2278 1973 2337 scisci-

374 2370 595 2428 tantur.
623 2374 719 2429 Ille
740 2388 865 2428 eum
901 2387 1066 2443 grege
1112 2387 1214 2427 suo
1268 2371 1504 2426 frontem
1542 2369 1849 2441 perfricans
1874 2382 1973 2424 au-

383 2464 573 2518 dacter
626 2464 1003 2519 contradicere
1041 2463 1244 2535 coepit;
1278 2477 1364 2527 ac,
1394 2460 1558 2529 Quid,
1612 2460 1810 2532 inquit,
1838 2460 1967 2514 mali

386 2553 536 2610 feci?
567 2552 750 2609 Unum
781 2553 948 2609 Deum
980 2569 1232 2620 veneror,
1258 2569 1426 2607 unum
1450 2553 1613 2620 novi;
1645 2568 1747 2608 nec
1776 2561 1968 2625 praeter

385 2647 565 2716 ipsum
587 2647 817 2701 alterum
851 2652 1063 2710 natum,
1090 2660 1337 2715 passum,
1357 2650 1656 2699 mortuum.

452 2812 535 2868 Ad
572 2827 737 2885 quam
767 2814 1081 2884 opinionem
1108 2825 1233 2870 cu'm
1260 2823 1581 2872 constanter
1634 2815 1975 2873 adhaeresce-

387 2912 491 2966 ret,
521 2919 648 2959 eum
692 2907 898 2975 pariter
926 2916 1090 2977 atque
1120 2906 1243 2976 ejus
1282 2906 1602 2978 discipulos.
1623 2908 1692 2962 ab
1724 2907 1969 2964 Ecclesia

386 2993 618 3062 pellunt.
645 2994 877 3071 Moritur
911 2994 1109 3050 deinde
1142 2997 1307 3065 paulo
1329 3004 1453 3064 post
1486 3011 1611 3050 eum
1647 2995 1817 3051 fratre
1846 3011 1969 3062 suo;

387 3100 563 3154 neque
600 3093 783 3141 tamen
806 3094 900 3139 aut
937 3086 1029 3141 ille
1052 3087 1171 3156 pari
1199 3102 1263 3141 ac
1295 3085 1510 3159 Moyses
1537 3088 1689 3147 olim,
1733 3096 1828 3142 aut
1851 3088 1973 3157 ejus

389 3177 559 3230 frater
592 3176 805 3242 eadem,
823 3192 931 3246 qua
960 3178 1145 3231 Aaron
1165 3178 1580 3233 honorificentia
1598 3178 1795 3248 sepulti
1821 3188 1968 3233 sunt:

388 3278 652 3340 tanquam
687 3270 834 3323 enim
881 3254 1194 3324 desertores
1220 3269 1420 3339 abjecti
1455 3278 1606 3333 sunt,
1638 3284 1740 3325 nec
1763 3270 1833 3324 ab
1861 3270 1973 3325 ullo

387 3361 800 3417 Catholicorum
833 3362 1129 3431 sepulturae
1150 3361 1412 3416 mandati.
1434 3359 1567 3417 Post
1589 3361 1705 3417 haec
1734 3362 1827 3433 qui
1858 3376 1976 3417 cor-

382 3458 612 3519 ruptam
664 3452 733 3504 ab
778 3465 845 3504 eo
876 3450 1182 3505 doctrinam
1233 3451 1535 3506 hauserant
1589 3451 1737 3506 istud
1792 3452 1969 3523 ipsum

389 3543 589 3613 dogma
620 3542 1071 3607 corroborarnnt,
1102 3541 1319 3610 iisdem,
1346 3542 1548 3614 quibus
1579 3542 1825 3612 ipsorum
1856 3557 1973 3597 ma~

390 3634 565 3704 gister
598 3633 777 3700 initio,
799 3634 984 3690 verbis
1004 3634 1262 3702 adducti;
1294 3649 1421 3690 nam
1466 3650 1592 3691 cum
1630 3634 1975 3707 presbytero-

389 3742 514 3781 rum
538 3726 776 3782 eoncilio
811 3728 1152 3797 percontanti
1206 3727 1455 3797 dixisset,
1497 3743 1669 3783 unum
1702 3742 1762 3784 se
1800 3726 1971 3783 Deum

388 3819 592 3882 colere,
627 3833 756 3874 vere
802 3818 907 3872 hoc
945 3818 1146 3873 abillis
1173 3833 1499 3888 responsum
1533 3817 1747 3874 audiit:
1774 3817 1843 3873 Et
1870 3833 1974 3874 nos

389 3925 562 3966 unum
607 3924 826 3979 quoque
869 3907 1037 3964 Deum
1070 3909 1324 3973 colimus,
1376 3909 1472 3965 sed
1510 3908 1972 3979 quemadmodum

391 4000 635 4070 legitime
668 3998 822 4052 illum
857 3998 1038 4052 colere
1061 3999 1334 4053 novimus.
1366 3997 1666 4068 Itidemque
1690 3998 1972 4054 Christum

391 4092 657 4144 habemus
682 4104 879 4152 unum,
904 4089 998 4142 sed
1027 4088 1486 4158 quemadmodum
1509 4089 1784 4153 novimus,
1804 4104 1971 4143 unum

388 4182 668 4236 Christum
699 4178 793 4233 Dei
817 4174 1047 4244 Filium;
1080 4194 1323 4249 passum,
1356 4178 1630 4249 quomodo
1653 4196 1849 4249 passus
1864 4192 1969 4247 est;

2069 1731 2170 1802 τὴν
2192 1730 2371 1799 δεινὴν
2407 1729 2501 1783 καὶ¹
2525 1729 2805 1801 ὀλετήριον
2827 1730 3054 1804 πικρίαν
3078 1746 3093 1760 ο
3130 1727 3364 1801 ὕστερον
3399 1731 3462 1784 δὲ
3487 1733 3591 1801 ἀφ’
3617 1726 3688 1803 ἦς

2070 1820 2185 1893 εἶχε
2237 1820 2444 1892 λύσσης
2482 1821 2564 1885 είς
2616 1838 2772 1885 τινας
2806 1821 3000 1886 ἄλλους
3041 1820 3322 1893 ἐμϐαλὼν,
3358 1821 3442 1886 ὡς
3473 1823 3685 1886 εἰπεῖν,

2071 1911 2167 1964 καὶ
2202 1910 2298 1964 σὺν
2350 1908 2500 1981 αὐτῷ
2557 1908 2745 1983 ὥσπερ
2790 1909 2922 1963 δέκα
2953 1910 3153 1983 ἀνδρας
3183 1912 3562 1982 ἐπαγόμενος,
3604 1913 3689 1974 εἰς

2071 2002 2239 2071 τύφον
2275 2001 2496 2073 μείζονα
2517 2002 2613 2055 καὶ
2642 2001 2843 2072 Θράσος
2890 2003 3173 2074 ἐπαρθεὶς,
3206 2002 3489 2074 τολμηρὸς
3524 2020 3689 2071 γεγοο

2072 2095 2198 2159 νὼς,
2223 2094 2509 2166 παρρησίᾳ
2528 2094 2715 2148 λοιπὸν
2757 2093 2856 2165 τὴν
2880 2095 3094 2167 αἵρεσιν
3116 2092 3467 2165 ἑδογμάτιζε.
3504 2094 3689 2147 Πάλιν

2071 2186 2117 2241 δ’
2150 2179 2219 2239 αὖ
2241 2187 2290 2238 οί
2341 2186 2497 2240 αὐτοὶ
2529 2184 2911 2257 πρεσϐύτεροι,
2953 2184 3467 2256 προσκαλεσάμενοι
3509 2184 3690 2238 αὐτόν

2070 2292 2130 2329 τε
2161 2275 2254 2329 καὶ
2292 2276 2419 2339 τοὺς
2460 2273 2913 2346 προτφθαρέντας
2949 2273 3099 2345 αὐτῷ
3149 2272 3501 2345 ἀνθρώπους,
3529 2276 3689 2346 ,περὶ

2071 2366 2181 2421 τῶν
2206 2366 2385 2421 αὐτῶν
2418 2366 2579 2420 πάλιν
2616 2364 2865 2438 ἠρώτων.
2908 2365 2968 2419 '0
3001 2366 3060 2420 δὲ
3089 2365 3207 2437 ἅμα
3232 2368 3349 2429 τοῖς
3375 2366 3474 2419 ὑπ’
3504 2368 3686 2423 αὑτοῦ

2074 2459 2506 2531 πεπλανημένοις
2557 2457 2864 2530 ὑποτρίψας
2899 2456 2960 2512 τδ
2993 2457 3267 2529 μέτωπον,
3312 2457 3507 2515 λοιπὸν
3532 2460 3689 2531 τεαρο

2074 2549 2241 2623 ρησία
2272 2549 2548 2618 ἀντέλεγε,
2602 2550 2829 2619 φάσκων
2848 2564 2863 2580 '
2899 2548 2966 2604 Τί
2996 2548 3107 2620 γὰρ
3136 2549 3307 2604 κακὸν
3349 2550 3685 2620 πεποίηκας

2073 2642 2212 2695 Ἕνα
2271 2640 2404 2696 Θεὸν
2455 2639 2685 2709 δοξάζω,
2716 2640 2814 2708 ἕνα
2850 2639 3175 2712 ἐπίσταμαι,
3219 2639 3316 2693 καὶ
3357 2640 3466 2694 ούκ
3509 2639 3687 2694 ἄλλον

2073 2732 2214 2803 πλὴν
2239 2731 2429 2797 αὐτοῦ,
2459 2731 2813 2803 γεννηθέντα,
2836 2730 3164 2795 πεπονθότα,
3195 2730 3565 2786 ἀποθανόντα.

2155 2825 2245 2890 Ὠς
2301 2819 2394 2879 οὖν
2453 2826 2513 2877 ἐν
2562 2823 2773 2888 τούτοις
2831 2822 3043 2893 ἔμενεν,
3090 2822 3328 2887 ἐξέωσαν
3362 2822 3533 2876 αὐτὸν
3576 2821 3687 2892 τῆς

2087 2913 2415 2985 Ἐκκλησίας
2448 2913 2566 2984 ἅμα
2614 2915 2730 2976 τοῖς
2780 2913 2871 2966 ὑπ’
2901 2911 3065 2965 αὑτοῦ
3098 2911 3273 2983 δόγμα
3321 2912 3688 2983 μεμαθητευ-

2080 3007 2279 3079 μένοις.
2319 3006 2559 3077 Τελευτᾷ
2620 3004 2677 3059 δέ
2719 3005 2750 3056 ὁ
2789 3004 2950 3068 αὐτὸς
3001 3003 3228 3074 ἔναγχος
3272 3004 3391 3075 ἅμα
3433 3003 3517 3074 τῷ
3558 3004 3685 3074 ἰδίῳ

2070 3094 2310 3169 ἀδελφῷ,
2363 3098 2461 3168 οὐχ
2505 3096 2580 3161 ὡς
2606 3098 2635 3151 ὁ
2684 3096 2926 3168 Μωῦσῆς
2970 3097 3029 3148 ἐν
3072 3093 3221 3168 δόξῃ,
3257 3096 3381 3149 οὐδὲ
3426 3097 3457 3149 ό
3507 3095 3683 3149 aias-3

2071 3190 2345 3261 ἁδελφὸςό
2385 3188 2596 3261 Ἀαρὼν
2624 3188 2800 3259 ἐτάφη
2828 3188 2885 3240 ἐν
2921 3191 3055 3260 τιμῇ
3074 3207 3088 3220 ·
3122 3187 3431 3259 ἐρρίφησαν
3460 3188 3576 3259 γΞιρ
3600 3186 3685 3251 ὡς

2074 3282 2412 3353 παραϐάται,
2463 3280 2558 3333 καὶ
2589 3278 2764 3342 οὐδεὶς
2815 3277 3015 3340 αὐτοὺς
3046 3276 3155 3330 τῶν
3200 3277 3476 3330 θεοσεϐὦν
3518 3294 3683 3349 περι-

2072 3372 2300 3427 έστειλε.
2333 3370 2488 3426 Μετά
2509 3368 2667 3424 τοῦτο
2690 3369 2740 3423 οί
2775 3369 2869 3422 ὑπ’
2895 3368 3060 3422 αὐτοῦ
3086 3367 3177 3422 τὸν
3204 3368 3333 3421 νοῦν
3369 3368 3680 3440 φθαρέντες

2074 3464 2380 3535 ἐκράτυναν
2433 3460 2583 3514 τουτὶ
2624 3460 2686 3513 τὸ
2718 3460 2917 3531 δόγμα,
2952 3459 3163 3523 τούτοις
3192 3460 3307 3522 τοῖς
3343 3460 3534 3530 ῥητοῖς
3565 3460 3676 3513 ὑπο

2072 3552 2349 3623 αχθέντες,
2383 3544 2466 3614 οἷς
2488 3550 2583 3604 καὶ
2612 3552 2640 3603 ὁ
2659 3549 2835 3603 αὐτῶν
2862 3547 3179 3610 διδάσκαλος
3218 3547 3281 3611 ἐξ
3310 3547 3513 3619 ἀρχῆς.
3544 3549 3677 3601 Ὅτε

2073 3644 2181 3715 γάρ
2203 3640 2558 3714 ἐρωτώμενος
2588 3642 2695 3696 ἀπὸ
2718 3640 2809 3695 τοῦ
2836 3640 3233 3713 πρεσϐυτερίου
3268 3639 3375 3711 ἔφη
3408 3639 3512 3693 ἕνα
3539 3639 3677 3693 Θεὸν

2064 3729 2336 3799 δοξάζειν,
2362 3732 2527 3802 ιίικουε
2555 3731 2688 3801 παρ’
2727 3729 2907 3785 αὐτῶν
2935 3728 3263 3799 φιλαλήθως,
3294 3728 3379 3781 ὅτι
3412 3729 3513 3781 ἕνα
3538 3727 3676 3781 Θεὸν

2072 3821 2370 3893 δοξᾲζομεν
2399 3822 2492 3875 καὶ
2533 3806 2710 3886 αὐτοὶ,
2758 3819 2872 3874 ἀλλ’
2902 3819 2980 3882 ὡς
3008 3819 3229 3890 οἴδαμεν
3254 3818 3485 3883 δικαίως
3512 3818 3674 3884 δοξὰ-

2076 3913 2211 3976 ζειν.
2250 3911 2363 3964 Καὶ
2391 3910 2489 3965 ἕνα
2523 3909 2757 3982 Χριστὸν
2805 3909 3026 3980 ἔχομεν,
3064 3907 3180 3961 ἀλλ’
3216 3908 3295 3970 ὡς
3321 3906 3553 3979 οἴδαμεν
3575 3908 3674 3960 ἕνα

2075 4002 2312 4074 Χριστὸν
2344 4002 2473 4055 Υίδν
2498 4001 2656 4068 Θεοῦ,
2698 4000 2938 4055 παθόντα
2978 3998 3160 4064 καθὼς
3196 3998 3422 4064 ἔπαθεν,
3459 3998 3676 4053 ἀποθαο

2075 4094 2236 4147 νόντα
2259 4093 2443 4158 καθὼς
2472 4093 2765 4167 ἀπέθανεν,
2790 4092 3120 4160 ἀναστάντα,
3147 4089 3440 4144 ἀνελθόντα
3467 4090 3554 4153 εἰς
3578 4089 3675 4144 τὺν

2074 4185 2324 4257 οὐρανὸν,
2356 4185 2484 4238 ὄντα
2518 4187 2576 4240 ἐν
2596 4183 2746 4255 δεξιᾷ
2769 4182 2863 4236 τοῦ
2897 4182 3133 4254 Πατρὺς,
3165 4182 3462 4254 ἐρχόμενον
3484 4185 3674 4252 κρῖναι

391 4278 692 4325 mortuum.
720 4268 1000 4338 quomodo
1016 4277 1266 4323 mortuus
1295 4270 1412 4336 est;
1447 4269 1541 4338 qui
1569 4278 1624 4324 et
1642 4271 1964 4338 resurrexit,

2078 4273 2279 4338 ζῶντας
2325 4273 2424 4326 καὶ
2468 4273 2714 4344 νεκρούς.
2757 4271 2945 4326 Ταῦτα
3004 4272 3237 4342 λέγομεν
3282 4269 3674 4342 μεμαθηκότες

390 4368 447 4415 et
476 4361 531 4414 in
561 4358 760 4412 ccelnm
793 4359 1061 4421 ascendit,
1088 4366 1143 4412 et
1168 4359 1236 4413 ad
1256 4357 1435 4414 Patris
1456 4360 1736 4415 dexteram
1763 4372 1965 4429 manet,

2074 4364 2184 4416 ἀπὸ
2216 4363 2325 4417 τῶν
2351 4363 2512 4418 θείων
2544 4362 2800 4435 Γραφῶν,
2841 4362 2878 4416 ἃ
2909 4363 3005 4416 καὶ
3027 4360 3393 4432 ἐπιστάμεθα.

391 4461 446 4507 et
472 4459 738 4508 venturus
769 4458 854 4508 est
881 4451 1133 4523 judicare
1161 4452 1315 4506 vivos
1337 4458 1392 4505 et
1422 4459 1691 4508 mortuos.
1750 4450 1873 4510 [late
1928 4472 2031 4514 nos
2068 4456 2139 4513 ab
2194 4457 2498 4528 Scripturis
2545 4458 2723 4513 sacris
2774 4463 2996 4526 accepta
3050 4454 3392 4527 proﬁtemur,
3440 4468 3570 4523 qua:
3615 4458 3673 4506 et

392 4561 662 4601 ηοτιιιιιιε.

462 4638 532 4691 ll.
566 4634 706 4690 llinc
742 4633 1017 4695 Noetiani.
1046 4633 1196 4688 velut
1255 4631 1323 4689 ab
1367 4649 1433 4690 eo
1463 4635 1642 4691 avulsi
1674 4652 1740 4693 ac
1771 4652 1973 4710 prepa-

390 4732 524 4802 gati,
560 4738 724 4798 atque
752 4727 996 4782 universi
1028 4718 1148 4797 ejus
1178 4725 1406 4780 asscclze
1443 4725 1585 4780 idem
1619 4726 1814 4799 dogma
1852 4745 1974 4801 pro-

392 4824 634 4884 fitentur,
691 4835 755 4875 ae
798 4819 1093 4874 fanaticam
1149 4816 1300 4872 illam
1340 4816 1647 4874 doctrinam
1701 4819 1972 4890 ejusmodi

395 4916 574 4971 verbis
625 4913 892 4969 aﬂirmare
939 4917 1233 4975 conantur,
1294 4909 1496 4978 quibus
1554 4911 1791 4983 Moysem
1830 4913 1973 4970 Deus

392 5008 589 5063 allatus
609 5013 694 5062 est
720 5021 735 5057 :
766 5002 879 5074 Ego
900 5019 1019 5057 sum
1060 5001 1197 5055 Deus
1220 5008 1434 5068 patrum
1463 5012 1774 5057 vestrorum.
1805 5001 1967 5074 481

468 5186 486 5217 ¹
516 5184 647 5241 Cor.
702 5187 1010 5258 ἐπάρμασι.

461 5343 573 5413 (96)
612 5340 749 5413 Τῆς
780 5340 1035 5411 Ἐφέσου
1077 5340 1329 5406 πόλεως.
1376 5334 1754 5392 Theodoretus
1784 5332 1966 5405 Smyr-

394 5429 617 5467 nenscm
650 5412 799 5466 facit.

463 5481 574 5552 (07)
608 5482 712 5552 Διά
734 5481 802 5534 τὸ
827 5479 1061 5550 μηδέν-α
1088 5480 1201 5550 πρὸ
1224 5476 1572 5552 αὐτοῆεμθιο.
1608 5475 1720 5529 Imo
1750 5474 1839 5527 diu
1875 5488 1969 5526 an-

394 5547 609 5620 tejnaiu
639 5547 845 5608 Νοτιυέ
874 5547 1201 5620 emergeret,
1223 5550 1367 5603 idem
1398 5547 1489 5604 ille
1516 5560 1671 5629 error
1700 5554 1964 5616 patronos

1886 6080 1921 6087 V't
1960 6071 2215 6089 -.————'—-

2142 4638 2218 4692 B'.
2276 4636 2373 4690 Ἐκ
2422 4634 2613 4688 τούτου
2661 4636 2712 4687 οἱ
2756 4633 3046 4703 Νοητιανοὶ
3069 4673 3084 4696 ,
3133 4632 3485 4704 ἀπόσπασμα
3516 4634 3675 4700 ὄντες

2070 4727 2259 4792 αὐτοῦ,
2299 4728 2397 4781 καὶ
2427 4728 2477 4780 oi
2517 4727 2579 4791 ἐξ
2625 4724 2793 4780 αὑτοῦ
2825 4726 2974 4778 τουτὶ
3006 4724 3068 4776 τὸ
3106 4724 3283 4794 δόγμα
3326 4723 3669 4791 δοξάζουσιν,

2071 4821 2136 4872 ἐκ
2172 4817 2281 4871 τῶν
2313 4816 2496 4889 ῥητῶν
2520 4816 2726 4870 τούτων
2763 4814 3094 4886 πειρώμενοι
3126 4815 3382 4885 συνιστᾷν
3409 4817 3515 4887 τὴν
3551 4817 3670 4871 κατ’

2071 4910 2270 4972 αὐτοὺς
2325 4908 2543 4978 ἐμμανῆ
2595 4904 2964 4970 διδασκαλίαν,
3017 4904 3113 4974 ἀφ’
3168 4899 3237 4976 ἧς
3268 4901 3425 4957 εἶπεν
3467 4909 3497 4958 ὁ
3536 4906 3669 4967 Θεὸς

2072 5001 2210 5071 πρὸς
2271 4998 2513 5068 Μωῦσῆν
2536 5014 2551 5029 ο
2596 4993 2747 5065 Ἐγώ
2795 4997 2912 5065 ειμι
2950 4997 2983 5049 ό
3025 4996 3171 5061 Θεὸς
3215 4993 3335 5048 τῶν
3391 4994 3670 5063 πατέρων

2070 5332 2586 5404 Ιλιιιξιιοι-ιιιηοιμει
2616 5330 2830 5404 Tertul.
2869 5331 3151 5404 Qypriano
3182 5347 3272 5404 ep.
3316 5332 3407 5404 Ὶξ,
3450 5332 3663 5403 lgnatio

2076 5400 2247 5472 Epist.
2274 5401 2344 5453 ad
2369 5399 2629 5472 Ρίιὶιὶρρ..
2651 5402 2860 5472 colligit
2888 5399 3241 5466 Pammelius',
3272 5409 3327 5458 et
3361 5399 3662 5459 Baronins.

2077 5471 2186 5545 llos
2217 5486 2346 5545 vero
2368 5469 2812 5545 Patripassianos
2833 5472 3074 5545 appellat
3100 5472 3440 5545 Cyprianus,
3470 5486 3531 5531 et
3561 5475 3663 5529 Ma

2076 5543 2193 5596 rius
2231 5539 2544 5597 Victorinus
2575 5542 2591 5594 ι
2625 5551 2799 5597 contr.
2832 5539 3042 5595 Arium.
