3918 6154
276 293 381 352 997

944 287 1316 352 ADVERSUS
1345 290 1695 349 ﬂERESES
1738 292 1866 348 LIB.

2019 285 2184 348 TOM.
2226 295 2264 350 Ι.
2305 297 2672 354 -"1ERES.
2717 301 2874 356 LVII.

3441 307 3544 364 998

278 409 463 480 ὑμῶν.
535 408 679 479 Ἐγὼ
736 407 986 477 πρῶτος,
1027 408 1127 464 καὶ
1158 405 1274 476 ἐγὼ
1298 412 1448 478 μετὰ
1484 410 1672 467 ταῦτα
1694 430 1707 443 ·
1743 414 1855 467 οὐκ

1983 411 2074 483 Ego
2104 411 2307 481 primus
2363 423 2412 470 et
2463 433 2554 488 ego
2609 421 2887 488 posterior.
2943 418 3064 474 Non
3115 431 3269 474 erunt
3325 423 3421 476 tibi
3469 426 3546 479 dit

281 501 526 557 ἔσονταί
555 515 654 556 σοι
682 501 804 556 θεοὶ
834 501 1041 570 ἕτεροι,
1063 501 1157 556 καὶ
1182 503 1251 554 τά
1290 501 1441 573 ἑξῆς.
1473 503 1700 573 Ἔλεγον
1727 500 1820 558 οὖν
1841 521 1856 536 ι

291 595 481 665 Ἡμεῖς
512 594 688 648 τοίνυν
731 595 892 649 αὑτὸν
928 595 1145 665 οἴδαμεν
1179 594 1358 664 μόνον.
1395 597 1457 649 ΕΞ
1491 596 1670 651 τοίνυν
1693 595 1861 651 ἐλθὼν

285 682 514 754 Χριστὸς
572 683 856 754 ἐγεννήθη,
904 684 1066 746 αὑτός
1112 685 1228 737 ἐστι
1269 685 1479 757 Πατὴρ,
1515 687 1674 750 αὐτὸς
1711 687 1859 753 Υἱὸς,

279 773 385 845 ἄρα
412 774 574 837 αὐτός
609 775 724 827 ἐστι
752 773 884 838 Θεὸς
913 776 942 828 δ
979 775 1087 839 ἀεὶ,
1115 775 1212 828 καὶ
1233 773 1329 828 νῦν
1367 775 1558 844 ἐλθὼν,
1602 776 1678 840 ὡς
1715 776 1862 846 λέγει

277 866 311 933 ἡ
344 864 568 935 Γραφήο
607 859 796 929 Οὗτος
844 866 876 918 ό
919 866 1064 930 Θεός
1118 881 1236 920 σου
1262 883 1276 898 ο
1313 869 1385 920 οὐ
1432 863 1863 936 λογισθήσεται

277 954 480 1022 ἕτερος
505 953 655 1022 πρὸς
686 956 891 1010 αὐτόν.
953 955 1186 1024 Ἐξεῦρε
1210 957 1418 1013 πᾶσαν
1449 957 1594 1012 ὁδὸν
1621 958 1864 1026 ἐπιστή-

280 1060 416 1112 μης,
457 1046 555 1100 καὶ
590 1044 814 1099 ἔδωκεν
864 1046 1062 1115 αὐτὴν
1101 1047 1302 1103 Ἰακὼϐ
1325 1048 1406 1114 τῷ
1447 1049 1615 1103 παιδὶ
1649 1051 1860 1114 αὑτοῦ,

280 1142 381 1196 καὶ
425 1143 677 1210 Ἰσραὴλ
710 1143 792 1210 τῷ
839 1144 1206 1214 ἠγαπημένῳ
1244 1145 1452 1200 αὑτοῦ.
1492 1147 1653 1200 Μετὰ
1681 1148 1866 1202 ταῦτα

280 1235 379 1288 ἐπὶ
407 1233 516 1302 τῆς
550 1234 664 1305 γῆς
711 1235 897 1304 ὤφθη,
937 1237 1034 1292 καὶ
1081 1238 1206 1304 τοῖς
1259 1237 1585 1306 ἀνθρώποις
1642 1254 1866 1293 συναν-

281 1326 570 1396 εστράφη.
645 1328 826 1398 Ὁρᾷς.
875 1328 1028 1399 φησὶ,
1084 1330 1245 1382 πάλιν
1279 1330 1396 1392 πῶς
1427 1331 1461 1401 ἡ
1503 1329 1621 1383 θεία
1675 1331 1864 1403 Γραφὴ

282 1419 430 1489 ἡμᾶς
457 1417 744 1482 συνεθίζει,
782 1419 877 1472 τοῦ
915 1420 988 1490 μὴ
1023 1420 1178 1475 ἄλλον
1208 1421 1304 1475 καὶ
1337 1421 1496 1476 ἄλλον
1541 1422 1673 1475 Θεὸν
1712 1425 1866 1493 ἡγεῖ-

285 1509 433 1573 σθαι,
503 1510 810 1579 φάσκουσα,
851 1511 932 1564 ὅτι
965 1512 1129 1575 αὐτὸς
1177 1512 1308 1576 Θεός
1339 1513 1455 1565 ἐστι
1486 1512 1865 1584 μόνοςιὲλθὼν,

283 1601 379 1654 καὶ
431 1601 591 1663 αὐτὸς
641 1601 802 1655 πάλιν
849 1599 1073 1672 ὕστερον
1122 1600 1345 1670 ὀφθείς;
1397 1601 1565 1655 Πάλιν
1629 1602 1684 1654 δὲ
1723 1601 1869 1672 ἄλλῳ

285 1691 434 1763 ῥητῷ
487 1691 783 1763 κέχρηνται
809 1692 1000 1758 τούτῳ,
1034 1692 1108 1755 ὡς
1135 1692 1317 1761 λέγει·
1370 1692 1727 1746 Ἕκοπιασεν
1751 1693 1860 1747 Ατ-

1962 506 2139 572 alteri,
2183 513 2291 562 etc.
2320 505 2398 562 Ex
2436 510 2637 579 quibus
2689 513 2762 566 ita
2810 512 3136 582 colligebant
3165 510 3313 566 :Nos
3363 514 3545 584 ipsum

1963 598 2216 654 novimus
2268 598 2465 654 solum.
2523 599 2702 665 Quare
2737 603 2784 657 si
2821 603 3046 659 veniens
3093 604 3341 660 Christus
3389 614 3549 662 natus

1963 697 2067 752 est,
2125 687 2270 743 idem
2328 689 2444 760 ipse
2489 687 2652 746 Pater
2679 698 2784 756 est,
2818 700 2872 747 et
2919 691 3110 758 Filius,
3139 695 3284 750 idem
3314 697 3550 768 denique

1967 777 2112 834 Deus
2139 787 2247 845 est,
2275 781 2366 850 qui
2399 789 2454 836 et
2483 797 2700 854 semper
2733 783 2861 849 fuit,
2887 796 2940 839 et
2968 775 3344 856 inpraesentia
3381 771 3547 854 venit,

1965 876 2027 923 ut
2055 868 2338 941 Scriptura
2361 871 2606 927 declarat
2640 892 2652 927 :
2685 872 2787 928 Hie
2810 883 2887 928 est
2913 874 3054 930 Deus
3080 887 3235 943 tuus;
3264 896 3365 933 non
3396 897 3549 950 repu-

1967 957 2164 1011 tabitur
2191 959 2330 1012 alius
2355 959 2423 1013 ad
2440 960 2634 1030 ipsum.
2653 963 2857 1016 Invenit
2893 979 3097 1018 onmem
3123 968 3262 1020 riam
3293 971 3546 1033 scientia’,

1964 1057 2013 1100 et
2031 1046 2173 1101 dedit
2202 1048 2354 1100 illam
2377 1046 2546 1102 Jacob
2571 1041 2733 1116 puero
2764 1067 2881 1116 suo,
2930 1062 2979 1106 et
3023 1052 3194 1109 Israel
3219 1057 3410 1112 dilecto
3431 1076 3546 1114 suo.

1979 1137 2107 1193 Post
2136 1139 2247 1193 lucc
2277 1140 2332 1193 in
2361 1148 2502 1194 terra
2525 1142 2666 1196 visus
2705 1152 2804 1205 est,
2851 1153 2899 1197 et
2928 1160 3046 1198 cum
3075 1147 3374 1202 hominibus
3421 1167 3548 1204 con-

1967 1240 2202 1285 versatus
2224 1240 2302 1285 est
2318 1233 2356 1285 ί.
2376 1230 2453 1286 Ex
2472 1231 2576 1299 his,
2608 1232 2879 1302 inquiunt,
2899 1236 3332 1294 animadvertere
3358 1248 3539 1308 potes,

1981 1322 2434 1392 quemadmodum
2476 1323 2761 1394 Scriptura
2799 1342 2900 1382 nos
2950 1331 3227 1399 sapienter
3273 1331 3548 1398 informet,

1981 1430 2050 1468 ne
2083 1414 2247 1469 alium
2274 1423 2438 1486 atque
2465 1416 2630 1470 alium
2663 1416 2829 1473 Deum
2863 1419 3209 1484 arbitremur,
3237 1438 3360 1476 cum
3395 1424 3548 1478 illum

1975 1505 2147 1562 Deum
2169 1522 2292 1564 esse
2316 1508 2492 1563 solum
2515 1509 2842 1580 asscrit,qui
2872 1512 3102 1576 venerit,
3125 1514 3328 1583 quique
3360 1523 3550 1585 postea

1979 1597 2052 1652 sit
2082 1597 2256 1653 visus.
2289 1597 2409 1652 Alia
2445 1608 2700 1669 prmterea
2745 1616 2811 1656 ex
2857 1602 3031 1658 sacris
3061 1603 3284 1659 Litteris
3321 1606 3556 1660 auctori-

1981 1693 2091 1741 tate
2141 1687 2502 1744 contendunt.
2550 1688 2857 1752 Laboravit,
2912 1691 3113 1761 inquit,
3165 1691 3452 1762 Egyptus,
3503 1704 3554 1747 et

245 1755 529 1866 κγυπτος,
556 1755 678 1838 ’καὶ
723 1755 974 1854 ἐμπορία
1023 1755 1340 1850 Αἰθιόπων,
1374 1785 1471 1838 καὶ
1508 1788 1561 1839 οι
1606 1785 1864 1854 Σαϐαεὶμ

1983 1779 2251 1849 tegotiatio
2287 1777 2604 1848 Ait/tiopum
2627 1794 2647 1844 ;
2672 1791 2721 1835 et
2762 1780 2965 1836 Sabain
2989 1755 3364 1840 uirisubtirnes
3403 1755 3472 1838 ad
3507 1797 3554 1842 te

281 1876 496 1944 ἄνδρες
523 1877 751 1945 ὑψηλοὶ
772 1877 869 1930 ἐπὶ
885 1877 964 1930 σὲ
977 1876 1390 1944 διαϐήσονται,
1417 1877 1514 1931 καὶ
1536 1877 1637 1931 σοὶ
1658 1877 1867 1931 δοῦλοι

285 1970 550 2022 ἔσονται.
588 1967 700 2022 Καὶ
755 1970 1154 2037 πορεύσονται
1185 1970 1378 2024 ὀπίσω
1411 1984 1529 2024 σου
1565 1968 1870 2038 δεδεμένοι

286 2060 681 2130 χειροπέδαις,
723 2061 935 2115 καίέν
969 2062 1067 2115 σοὶ
1102 2061 1631 2130 προσκυνήσουσι,
1668 2062 1764 2115 καὶ
1801 2061 1872 2114 ἐν

286 2151 384 2203 σοὶ
423 2151 896 2220 προσεύξονται·
928 2151 1016 2204 ὅτι
1045 2153 1114 2205 ἐν
1149 2153 1246 2206 σοὶ
1274 2153 1420 2219 Θεός
1455 2154 1606 2217 ἐστι,
1639 2152 1738 2206 καὶ
1758 2155 1870 2206 οὐκ

286 2241 419 2294 ἔστι
482 2243 626 2308 Θεὸς
671 2241 838 2309 πλὴν
883 2243 1022 2296 σοῦ.
1053 2243 1137 2295 Σὺ
1171 2242 1282 2311 γὰρ
1321 2240 1380 2296 εἷ
1435 2243 1600 2310 Θεὸς,
1631 2243 1727 2297 καὶ
1761 2244 1872 2297 οὐκ

290 2333 554 2401 ᾔδειμεν,
585 2337 618 2386 ὁ
649 2333 791 2399 Θεὸς
817 2332 922 2386 τοῦ
958 2333 1202 2401 Ἰσραὴλ
1241 2335 1462 2403 Σωτήρ.
1503 2335 1692 2405 Ὁρᾷς,
1717 2336 1871 2406 φησὶ,

290 2423 408 2486 πῶς
461 2424 515 2475 αἱ
573 2421 711 2475 θεῖαι
773 2422 987 2492 Γραφαὶ
1033 2423 1130 2475 ἕνα
1180 2421 1312 2475 Θεὸν
1362 2423 1731 2494 σημαίνουσι,
1781 2427 1876 2478 καὶ

291 2514 750 2588 καταγγέλλουσιν
801 2515 963 2568 αὑτὸν
1003 2516 1256 2587 ὲμφανῆ;
1293 2515 1402 2568 Καὶ
1431 2515 1877 2587 ὁμολογουμένως

290 2600 374 2668 εἷς
417 2607 588 2670 ἐστιν,
615 2607 644 2658 ὁ
670 2605 832 2668 αὐτὸς
865 2607 950 2657 ἀεὶ
989 2604 1085 2661 ὢν.
1122 2607 1230 2659 Καὶ
1263 2605 1450 2660 τούτου
1470 2606 1633 2659 ἕνεκα
1667 2606 1728 2659 οὐ
1752 2607 1879 2660 πολ-

292 2697 418 2759 λοὺς
449 2697 603 2760 θεοὺς
641 2697 891 2768 λέγομεν,
917 2698 1032 2750 ἀλλ’
1067 2698 1163 2751 ἕνα
1196 2698 1327 2751 Θεὸν
1356 2697 1448 2750 τὸν
1475 2697 1636 2752 αὐτὸν
1669 2697 1878 2768 ἀπαθῆ,

297 2791 458 2844 αὑτὸν
481 2791 701 2861 Πατέρα
726 2790 819 2844 τοῦ
852 2789 1007 2852 Υἱοῦ,
1053 2789 1215 2842 αὐτὸν
1245 2787 1396 2851 Υἱὸν,
1426 2789 1521 2842 καὶ
1551 2789 1880 2854 πεπονθότα,

299 2881 386 2935 ἶνα
417 2881 566 2954 σώσῃ
593 2883 742 2952 ἡμᾶς
779 2881 837 2932 ὲν
869 2879 948 2950 τῷ
984 2879 1098 2950 ἰδίῳ
1149 2879 1332 2942 πάθει,
1368 2879 1462 2932 καὶ
1504 2880 1567 2932 οὐ
1607 2879 1884 2950 δυνάμεθα

299 2972 454 3025 ἄλλον
482 2972 690 3041 λέγειν·
716 2971 876 3042 δῆθεν
911 2971 1019 3024 ἀπὸ
1054 2969 1147 3023 τοῦ
1178 2970 1467 3023 ἐπιστάτου
1498 2971 1678 3024 αὐτῶν
1710 2988 1886 3042 μεμα-

301 3062 530 3132 θηκότες
555 3060 758 3132 ταύτην
783 3061 881 3130 τὴν
903 3059 1213 3130 ὁμολογίαν,
1244 3061 1335 3111 καὶ
1356 3058 1454 3129 τὴν
1487 3058 1731 3129 πονηρὰν
1755 3058 1886 3113 ταύ-

301 3167 400 3223 την
428 3153 700 3218 ὑπόνοιαν,
729 3153 822 3206 καὶ
842 3151 1180 3222 λυμαντικὴν
1206 3150 1422 3221 μανίαν.

375 3239 508 3297 Εἶτα
535 3244 669 3297 ἄλλα
713 3243 852 3314 ῥητά
902 3259 1064 3312 φασιν
1097 3244 1175 3304 εξς
1205 3240 1461 3294 σύστασιν
1493 3241 1720 3306 ἑαυτῶν,
1752 3241 1828 3306 ὡς
1856 3245 1885 3296 ὁ

304 3332 480 3386 αὐτῶν
503 3332 818 3395 διδάσκαλος
845 3331 1052 3399 ἔλεγεν,
1085 3332 1167 3384 ὅτι
1218 3331 1313 3385 καὶ
1349 3331 1376 3383 ὁ
1418 3331 1738 3394 Ἀπόστολος
1763 3331 1886 3384 τού-

303 3437 417 3482 τοις
448 3423 715 3490 μαρτυρεί
729 3422 838 3482 τοῖς
863 3419 1043 3488 λόγοις
1065 3435 1078 3449 ·
1105 3414 1216 3471 Ὧν
1243 3421 1298 3472 οι
1327 3420 1598 3488 πατέρες,
1638 3420 1707 3484 ἐξ
1734 3415 1823 3475 ὧν
1851 3425 1892 3482 ὀ,

306 3509 559 3578 Χριστὸς
604 3510 669 3564 τὸ
703 3509 854 3563 κατὰ
894 3511 1114 3578 σάρκα.
1147 3513 1179 3563 ὀ
1207 3508 1292 3562 ὢν
1327 3509 1425 3564 ἐπὶ
1464 3510 1705 3564 πάντων
1742 3511 1886 3578 Θεὸς

305 3602 633 3672 εὐλογητὸς
668 3604 757 3668 εὶς
795 3602 937 3669 τοὺς
980 3603 1219 3668 αἰῶνας.
1262 3601 1467 3671 Ἀμήν.
1514 3604 1801 3658 Βούλονται
1828 3605 1887 3659 δὲ

304 3691 605 3762 διηγεῖσθαι
638 3692 956 3764 μονοκώλως
982 3693 1169 3746 τοῦτον
1217 3694 1308 3748 τὸν
1336 3695 1556 3764 τρόπον,
1591 3695 1666 3759 ὡς
1703 3695 1887 3749 Θεόδο-

305 3800 394 3846 τος
418 3799 430 3811 ’
495 3784 701 3846 ἐκεῖνος
733 3783 829 3854 μὲν
855 3784 1014 3852 φύσει
1067 3785 1381 3855 ἀκροτάτως
1429 3785 1712 3856 ἄνθρωπον
1732 3785 1885 3855 ψιλὸν

303 3874 702 3945 διηγησάμενος
724 3890 737 3902 ·
768 3869 922 3938 οὗτος
946 3875 1004 3928 δὲ
1035 3876 1195 3929 πάλιν
1223 3875 1387 3944 ἄλλην
1419 3875 1699 3946 ἀκρότητα
1728 3895 1885 3947 μονο-

303 3965 486 4030 τύπως
510 3966 600 4018 τὸν
621 3965 781 4019 αὑτὸν
805 3967 1024 4037 Πατέρα
1049 3967 1142 4020 καὶ
1172 3967 1299 4020 Υίὸν
1333 3967 1425 4019 καὶ
1459 3967 1611 4035 ἆγιον
1639 3968 1884 4040 Πνεῦμα,

304 4059 362 4110 ὲν
407 4057 572 4127 σαρκὶ
627 4059 933 4115 πεπονθότα
995 4059 1088 4113 καὶ
1146 4057 1473 4128 γεννηθέντα
1517 4060 1882 4130 ἡγησάμενος.

302 4148 440 4202 Οὔτε
478 4145 572 4204 οὖν
594 4151 790 4205 ἐκεῖνοι
824 4153 872 4204 οἱ
906 4151 1014 4204 ἀπὸ
1047 4150 1301 4204 Θεοδότου
1327 4167 1379 4203 τι
1420 4151 1477 4202 ὲν
1503 4150 1730 4222 ἀληθείᾳ
1756 4151 1886 4221 ἔφα-

307 4257 426 4304 σαν,
454 4240 580 4294 οὔτε
624 4237 778 4305 οὗτος
822 4244 850 4294 ό
875 4241 1081 4312 Νοητὺς
1113 4242 1205 4294 καὶ
1227 4243 1276 4294 οἱ
1307 4241 1401 4294 ἀπ’
1434 4241 1621 4306 αὐτοῦ,
1640 4243 1886 4314 ’Λνόητος

300 4330 357 4384 δὲ
421 4330 622 4401 μᾶλλον
681 4334 748 4403 τῇ
794 4331 1040 4401 δυνάμει,
1087 4331 1338 4402 καθάπερ
1384 4334 1440 4384 αἱ
1480 4331 1620 4386 θεῖαι
1673 4334 1886 4404 Γραφαὶ

1970 1871 2294 1932 transibunt,
2329 1881 2379 1924 et
2405 1872 2541 1925 servi
2569 1873 2646 1924 tui
2675 1881 2847 1926 erunt.
2884 1873 2950 1926 Et
2978 1876 3321 1930 ambulabunt
3359 1888 3475 1945 post
3508 1888 3556 1933 te

1969 1961 2130 2014 vincti
2151 1963 2396 2025 manicis,
2427 1970 2476 2017 et
2507 1964 2562 2016 in
2600 1973 2647 2017 te
2695 1964 3017 2028 adorabunt,
3055 1976 3103 2020 et
3143 1967 3196 2020 in
3229 1981 3275 2021 te
3305 1968 3556 2038 depreca-

1973 2051 2185 2107 buntur.
2237 2052 2501 2118 Quoniam
2543 2056 2598 2108 in
2653 2064 2702 2109 te
2742 2055 2882 2110 Deus
2911 2065 3010 2121 est,
3063 2067 3110 2111 et
3146 2075 3249 2112 non
3300 2070 3376 2112 est
3421 2060 3556 2115 Deus

1967 2153 2164 2211 pra’ter
2203 2153 2272 2197 te.
2317 2145 2396 2198 Tu
2433 2146 2570 2198 enim
2628 2162 2682 2200 es
2731 2146 2896 2211 Deus,
2931 2158 2981 2202 et
3010 2149 3385 2210 nesciebamus.
3416 2151 3553 2205 Deus

1972 2230 2149 2287 Israel
2218 2232 2475 2288 Saluator
2525 2236 2566 2288 ⁸.
2601 2233 2788 2300 Vides,
2859 2239 3075 2307 opinor,
3148 2239 3422 2310 inquiunt,
3501 2242 3555 2295 in

1976 2323 2276 2394 Scripturis
2305 2341 2474 2379 unum
2509 2326 2738 2381 indicari
2776 2326 2942 2382 Deum
2969 2345 3032 2384 ac
3055 2331 3337 2387 manifeste
3359 2333 3556 2402 praedi-

1976 2417 2110 2470 cari.
2140 2415 2400 2487 Adeoque
2425 2418 2478 2470 in
2505 2417 2762 2474 confesso
2806 2431 2885 2475 est
2929 2437 3098 2476 unum
3127 2423 3279 2476 illum
3317 2439 3458 2489 esse,
3492 2440 3555 2478 ac

1977 2521 2191 2576 semper
2219 2508 2507 2564 exsistere.
2541 2507 2622 2564 0b
2653 2508 2818 2579 idque
2875 2525 2982 2564 non
3033 2512 3219 2582 plures
3260 2512 3392 2568 deos
3423 2512 3558 2566 allii--

1979 2614 2214 2662 mamus,
2265 2601 2358 2654 sed
2413 2617 2582 2655 unum
2642 2602 2909 2658 duntaxat
2961 2603 3153 2671 Deum,
3212 2606 3394 2684 quiet
3449 2609 3555 2678 pali

1980 2690 2115 2744 nihil
2150 2692 2345 2760 possit,
2375 2702 2422 2746 et
2474 2693 2616 2749 idem
2649 2692 2772 2749 Filii
2822 2694 2982 2750 Pater
3023 2697 3092 2751 sit
3140 2712 3202 2752 ac
3235 2697 3437 2766 Filius;
3465 2701 3556 2768 qui

1983 2781 2106 2837 ideo
2139 2798 2338 2853 passus
2361 2785 2454 2850 sit,
2471 2793 2532 2838 ut
2557 2801 2658 2840 nos
2680 2800 2776 2840 sua
2799 2787 3151 2857 perpessione
3176 2798 3438 2852 servaret,
3459 2808 3560 2846 nec

1985 2873 2151 2926 alium
2198 2874 2266 2928 ab
2307 2889 2372 2928 eo
2399 2877 2758 2944 pronuntiare
2792 2893 3107 2948 possumus.
3140 2880 3310 2946 Quam
3343 2882 3558 2952 quidem

1984 2963 2111 3020 fidei
2144 2965 2566 3035 professionem,
2618 2984 2680 3024 ac
2720 2970 3066 3040 depravatam
3109 2973 3448 3042 opinionem,
3477 2974 3560 3029 vel

1986 3056 2300 3128 pestiferam
2334 3060 2516 3130 potius
2546 3061 2816 3115 insaniant
2856 3077 2886 3116 a
2917 3062 3177 3133 magistro
3225 3065 3559 3123 didiCerunt.

2059 3233 2200 3298 Quin
2225 3234 2387 3288 etiam
2420 3235 2523 3289 alia
2557 3235 2856 3304 Scripturae
2885 3237 3046 3292 verba
3080 3238 3146 3292 ad
3173 3254 3412 3294 errorem
3447 3249 3562 3296 sta-

1986 3325 2287 3381 biliendum
2318 3326 2576 3390 afferunt,
2609 3327 2810 3398 quibus
2842 3337 2895 3382 et
2917 3331 3232 3385 eorumdem
3263 3342 3562 3404 praeceptor

1993 3418 2252 3472 utebatur
2281 3436 2294 3471 :
2324 3417 2584 3470 nimirum
2616 3417 2702 3470 his
2729 3417 2913 3474 verbis
2943 3418 3262 3491 Apostolum
3301 3438 3414 3476 suae
3449 3425 3561 3492 opi-

1985 3510 2138 3564 nioni
2182 3508 2516 3579 suffragari:
2553 3507 2792 3573 Quorum
2843 3518 2965 3562 sunt
3011 3519 3229 3579 patres;
3268 3527 3332 3565 ea:
3378 3513 3565 3582 quibus

1991 3599 2235 3656 Christus
2285 3601 2573 3654 secundum
2630 3616 2882 3664 carnem;
2922 3601 3011 3670 qui
3061 3612 3136 3656 est
3186 3619 3342 3671 super
3389 3607 3565 3660 omnia

1987 3689 2130 3746 Deus
2153 3689 2453 3745 benedictus
2477 3693 2530 3744 in
2557 3693 2778 3745 srecnla.
2813 3693 2979 3745 Amen
3001 3692 3042 3747 ³.
3081 3691 3170 3747 Sic
3223 3695 3388 3764 igitur
3441 3695 3572 3750 sim—

1987 3781 2108 3850 ple:
2143 3780 2404 3850 quiddam
2447 3779 2582 3844 Deo,
2619 3783 2892 3850 uniusque
2939 3780 3128 3836 formae
3175 3784 3446 3848 tribuunt,
3501 3799 3566 3839 ae

1988 3870 2332 3926 Theodotum
2367 3871 2680 3938 imitantur;
2711 3887 2836 3926 nam
2871 3880 2928 3925 ut
2962 3872 3064 3927 istc
3092 3873 3158 3927 ad
3189 3889 3356 3926 unum
3387 3883 3564 3929 extre-

1986 3979 2134 4018 mum
2167 3963 2466 4029 declinans,
2518 3963 2725 4017 nudum
2779 3963 3054 4018 hominem
3107 3965 3387 4021 Christum
3443 3982 3564 4022 esse

1986 4057 2281 4121 disseruit;
2316 4055 2396 4110 sic
2445 4055 2537 4110 ille
2576 4055 2724 4109 aiiud
2769 4055 2836 4108 ad
2887 4062 3188 4111 extremum
3227 4057 3564 4122 desciscens,

1985 4147 2240 4201 eumdem
2266 4161 2388 4201 esse
2416 4144 2868 4212 Patrem,Filium
2911 4153 2965 4200 et
2993 4147 3258 4216 Spiritum
3288 4156 3565 4211 sanctum,
3665 4167 3670 4169 -

1987 4235 2264 4306 uniusque
2291 4251 2538 4306 persona:
2577 4235 2809 4301 statuit;
2847 4244 2902 4292 et
2931 4237 3076 4291 hunc
3121 4236 3296 4303 ipsum
3342 4252 3564 4306 passum

1989 4344 2052 4383 ac
2085 4337 2274 4384 natum
2307 4329 2659 4384 existimavit.
2709 4327 2814 4383 Sed
2868 4344 3045 4399 neque
3091 4327 3356 4383 Theodoti
3389 4337 3568 4384 secta-

300 4418 644 4490 ὰμφοτέρους
705 4422 798 4475 καὶ
862 4422 1070 4484 πάντας
1134 4422 1261 4484 τοὺς
1310 4420 1755 4493 πεπλανημένους
1803 4423 1876 4475 δι-

1989 4427 2138 4476 tores
2170 4423 2282 4476 veri
2317 4420 2521 4490 aliquid
2551 4421 2753 4476 elocuti
2782 4430 2934 4486 sunt,
2988 4437 3165 4491 neque
3216 4419 3443 4487 Noetus,
3475 4430 3569 4474 aut

304 4511 607 4581 ελέγχουσι.

1995 4512 2151 4568 Νοοιί
2171 4513 2447 4583 discipuli,
2471 4513 2565 4584 qui
2588 4515 2850 4577 Anoetus,
2871 4515 2975 4569 hoc
3003 4527 3085 4570 cst
3118 4515 3392 4582 insipiens,
3421 4516 3566 4582 quod

301 4602 368 4655 ad
400 4603 507 4656 vim
536 4603 737 4673 ingenii
787 4617 852 4657 ac
900 4602 1208 4657 facultatem
1245 4593 1542 4673 pertinent,
1581 4603 1760 4673 potius
1793 4612 1876 4658 est
1915 4602 2219 4671 dicendus;
2274 4603 2438 4675 [.82
2494 4619 2619 4657 cum
2666 4615 2925 4684 utrosque
2966 4619 3028 4657 ac
3081 4613 3306 4658 caeteros
3364 4619 3556 4658 omnes

304 4711 334 4749 a
362 4697 586 4751 veritate
615 4698 937 4752 aberrantes
963 4713 1136 4753 sacrae
1165 4696 1385 4752 Litterw
1412 4700 1760 4767 redarguam.

371 4788 410 4840 Γ
413 4795 444 4840 '.
481 4788 663 4859 Πάντη
693 4789 750 4842 δὲ
775 4789 854 4861 τῷ
878 4790 970 4843 τὸν
1005 4791 1130 4844 νοῦν
1165 4791 1244 4854 εἰς
1269 4791 1399 4844 Θεδν
1423 4792 1766 4861 κεκτημένῳ,
1788 4791 1882 4844 καὶ

297 4880 356 4932 ὲν
393 4877 515 4950 θείᾳ
563 4880 752 4950 Γραφῇ
781 4881 873 4932 καὶ
893 4882 951 4933 ὲν
977 4879 1254 4949 Πνεύματι
1285 4881 1426 4951 ἁγίῳ
1446 4879 1884 4951 κατηυγασμένῳ

300 4969 688 5038 εὐθυέλεγκτος
719 4973 747 5023 ὁ
793 4970 974 5024 αὐτῶν
1005 4972 1182 5042 λόγος,
1223 4975 1320 5026 καὶ
1351 4973 1532 5042 πάσης
1560 4971 1748 5033 ἀνοίας
1781 4970 1883 5041 ἑμ-

305 5061 481 5123 πλεως
533 5059 803 5128 φαίνεται.
837 5061 880 5112 Τ
883 5061 1054 5131 όλμης
1086 5061 1195 5132 γὰρ
1217 5062 1277 5114 τὸ
1321 5061 1503 5132 ἔργον,
1537 5062 1632 5116 καὶ
1658 5060 1887 5129 τυφλώ-

305 5169 440 5216 σεως
470 5155 502 5224 ἡ
535 5153 765 5219 διάνοια,
805 5153 1088 5222 φάσκουσα
1116 5155 1206 5206 τὸν
1249 5155 1413 5207 αὐτὸν
1471 5154 1692 5225 Πατέρα
1732 5153 1883 5218 ὄντα,

304 5247 396 5300 καὶ
427 5245 516 5299 τὸν
575 5247 738 5301 αὑτὸν
782 5247 931 5308 Υἱὸν,
967 5246 1171 5299 καὶτὸν
1206 5246 1366 5300 αὑτὸν
1406 5246 1712 5300 πεπονθότα
1733 5262 1748 5276 ο
1806 5246 1882 5310 ὡς

304 5339 398 5398 καὶ
428 5337 535 5391 ἀπὸ
571 5337 734 5408 ὀρθοῦ
781 5338 1043 5408 λογισμοῦ
1086 5336 1436 5407 κριθήσονται
1477 5340 1526 5390 οἱ
1571 5337 1884 5392 τὰτοιαῦτα

306 5429 625 5495 φάσκοντες.
683 5427 809 5492 Πῶς
840 5428 946 5497 γὰρ
975 5426 1059 5498 εἴη
1107 5429 1293 5497 Πατὴρ
1325 5429 1353 5481 ὁ
1405 5428 1569 5491 αὐτὸς
1620 5430 1712 5482 καὶ
1753 5429 1884 5494 Υἱὸς

305 5521 560 5590 ὑπάρχων
585 5539 599 5587 ;
628 5523 686 5574 Ei
717 5521 824 5591 γὰρ
878 5520 1002 5584 Υἱὸς
1048 5519 1304 5590 ὑπάρχει,
1346 5520 1564 5584 πάντως
1595 5519 1690 5574 τοῦ
1738 5537 1883 5584 τινος

385 5681 398 5709 ι
429 5678 640 5733 Baruch
675 5695 758 5742 ιιι,
790 5677 980 5733 56-38.
1080 5681 1098 5709 ’
1126 5675 1231 5732 lsa.
1263 5693 1384 5731 xcv.
1422 5678 1508 5745 14,
1541 5679 1628 5731 15.

2057 4788 2146 4842 lll.
2189 4785 2458 4851 Quocirca
2483 4784 2577 4853 qui
2602 4791 2838 4838 mentem
2868 4784 2923 4839 in
2955 4783 3063 4840 Deo
3088 4785 3317 4841 defixam
3345 4788 3565 4853 haheat,

1989 4881 2195 4949 quique
2251 4891 2535 4932 sacrarum
2570 4875 2923 4939 Litterarum,
2978 4893 3040 4930 ac
3083 4878 3328 4946 Spiritus
3391 4884 3566 4935 sancti

1989 4971 2278 5041 splendore
2301 4969 2643 5024 illuminatus
2666 4968 2848 5034 fuerit,
2866 4968 2913 5024 ei
2941 4976 3051 5023 tota
3083 4970 3297 5023 illorum
3323 4972 3568 5028 doctrina

1989 5077 2114 5118 cum
2173 5061 2352 5116 facilis
2397 5060 2462 5114 ad
2519 5059 2898 5126 refellendum,
2957 5069 3071 5113 tum
3130 5063 3368 5116 amentia
3418 5067 3568 5119 omni
3653 5090 3659 5094 -

1993 5153 2152 5221 plena
2191 5149 2462 5205 videatur.
2501 5149 2596 5206 Est
2649 5150 2791 5206 enim
2846 5149 3080 5220 insignis
3134 5151 3420 5220 cujusdam
3469 5155 3571 5208 hoc

1993 5241 2239 5296 audaciae
2271 5239 2506 5303 facinus,
2549 5255 2614 5294 ac
2672 5255 3000 5310 magnopere
3059 5249 3388 5296 excaecatam
3419 5260 3572 5297 men-

1993 5345 2099 5390 tem
2142 5334 2288 5388 illam
2353 5341 2567 5405 oportet
2632 5349 2754 5389 esse
2789 5374 2804 5398 ,
2868 5342 2921 5391 et
2978 5350 3098 5404 quae
3151 5336 3401 5390 eumdem
3468 5335 3571 5389 Pa-

1994 5435 2130 5478 trem
2205 5439 2325 5479 esse
2380 5423 2524 5498 dicat
2592 5422 2843 5479 eumdem
2923 5422 3122 5489 Filium
3189 5431 3353 5494 atque
3419 5440 3575 5479 eum-

1992 5517 2116 5572 dem
2152 5517 2391 5589 denique
2437 5533 2560 5575 esse
2626 5531 2871 5588 passum.
2932 5514 3064 5583 Quae
3119 5515 3214 5587 qui
3285 5516 3572 5588 garriunt,

1736 5678 1754 5709 ³
1777 5677 1936 5732 Rom.
1972 5692 2047 5743 Ix,
2079 5679 2130 5732 5.
