3918 6188
246 426 365 482 MOI

893 429 1259 488 ADVERSUS
1298 433 1641 491 HERL'SES
1673 430 1800 490 LIB.
1846 434 1905 489 ll.
1944 424 2106 492 TOM.
2152 437 2191 490 Ι.
2216 467 2286 476 --
2324 433 2598 490 HIEltES.
2641 431 2794 487 LV“.

3329 434 3469 487 {002

244 554 352 621 φαὶ,
378 552 433 604 ai
455 550 668 622 Γραφαὶ
691 555 745 606 αἱ
771 550 945 623 πάντη
980 554 1077 625 μὲν
1123 556 1342 627 Πατέρα
1379 557 1598 627 Πατέρα
1634 558 1796 625 γινώ-

1910 561 1975 623 ri,
2009 576 2185 632 neque
2214 559 2467 631 prudenti
2513 560 2955 620 ratiocinatione.
3004 571 3066 612 ac
3123 571 3191 613 ne
3244 557 3470 612 minima

169 727 171 731 η
244 659 480 707 σκουσαι,
532 645 624 697 καὶ
669 643 798 699 Υἱὸν
847 644 991 711 Υίδν,
1042 647 1133 700 καὶ
1176 648 1329 715 ἅγιον
1378 648 1605 718 Πνεῦμα
1647 650 1799 717 ἅγιον

245 734 478 807 Πνεῦμα.

322 1006 481 1061 ’Δλλά
520 1004 573 1059 τί
624 1005 874 1073 φάσκεις,
910 999 956 1060 ὦ
981 1000 1173 1071 οῦτος;
1208 1007 1299 1077 Μὴ
1341 1006 1625 1059 πολυθεῖαν
1664 1007 1802 1077 ήγή-

245 1114 418 1152 σοιντο
459 1098 510 1150 οί
537 1095 600 1149 τὸ
642 1095 805 1160 σέϐας
847 1095 1114 1166 ἀληθινῶς
1149 1100 1215 1169 τῇ
1256 1098 1441 1168 Τριόιδι
1475 1097 1803 1169 προσφέρον-

241 1205 357 1253 τες,
391 1187 585 1251 οῐτινές
622 1188 757 1240 εἰσιν
797 1188 902 1240 υἱοὶ
931 1188 1028 1258 τῆς
1059 1187 1343 1256 ἀληθείας,
1384 1187 1599 1258 καὶτῆς
1638 1188 1804 1256 μόνης

242 1278 529 1348 καθολικῆς
573 1277 934 1348 Ἐκκλησίας;
959 1278 1065 1331 Καὶ
1090 1280 1186 1349 οὐχ
1223 1277 1414 1340 οὕτως.
1458 1277 1553 1341 Τίς
1591 1279 1699 1351 γὰρ
1741 1279 1803 1331 ού

242 1370 417 1441 χαίρει
448 1371 463 1401 ⁸
494 1369 587 1422 Eva
618 1369 749 1423 Θεὸν
787 1365 923 1423 εἶναι
949 1369 1049 1440 τῆς
1078 1369 1331 1442 ἀληθείας
1359 1369 1575 1440 Πατέρα
1615 1385 1807 1423 παντο-

241 1461 481 1532 κράτορα
507 1502 521 1523 ,
580 1459 639 1525 ἐξ
689 1456 857 1531 οὗπερ
903 1463 932 1514 ό
980 1461 1270 1531 μονογενὴς
1314 1461 1440 1523 Υἱὸς
1488 1463 1546 1515 ὲν
1579 1460 1805 1531 ἀληθείᾳ⁵

237 1553 367 1616 Θεὸς
394 1553 564 1620 Λόγος
584 1590 600 1613 ,
650 1551 1009 1614 ένυπόστατος
1049 1551 1218 1618 Λόγος
1246 1551 1638 1621 γεγεννημένος
1669 1550 1804 1620 ἀλη-

239 1645 379 1709 θινὸς
413 1644 473 1709 ἐξ
505 1643 669 1697 αὐτοῦ
698 1644 946 1713 ἀνάρχως
979 1645 1074 1697 καὶ
1113 1643 1394 1715 ἀχρόνωςς
1427 1642 1517 1696 Διὸ
1551 1643 1645 1695 ἕνα
1673 1642 1804 1695 Θεὸν

238 1737 491 1806 ἀσφαλῶς
522 1734 777 1807 κηρύττει
811 1736 843 1805 ἡ
888 1734 1216 1803 Ἐκκλησία,
1270 1733 1490 1804 Πατέρα
1521 1735 1614 1786 καὶ
1654 1733 1801 1786 Υἱόν.

236 1830 387 1883 Διότι
416 1827 529 1896 ἐγὼ
558 1828 628 1880 ὲν
654 1825 733 1891 τῷ
758 1825 960 1892 Πατρὶ,
1002 1825 1099 1878 καὶ
1132 1827 1165 1878 ὀ
1183 1824 1384 1893 Πατὴρ
1410 1824 1478 1877 ἐν
1515 1823 1666 1893 ἐμοί,
1692 1824 1802 1877 καί·

1900 650 2120 721 quidem
2171 651 2334 718 hujus
2374 647 2771 718 signiﬁcatione
2822 647 3075 719 praedita;
3128 660 3473 716 consequens

1901 747 1985 795 est
2004 749 2062 793 ut
2086 755 2276 794 omnes
2304 738 2604 809 Scriptum
2625 738 3002 807 repudientur,
3028 752 3149 806 qua:
3181 737 3386 806 ubique
3413 745 3469 791 et

1902 829 2116 883 Patrem
2148 845 2269 883 esse
2292 828 2532 893 Patrem,
2567 835 2619 883 et
2654 827 2848 881 Filium
2882 824 3101 891 Filium,
3129 836 3180 881 et
3208 826 3470 897 Spiritum

1903 927 2154 973 sanctum
2188 916 2450 988 Spiritum
2481 924 2731 971 sanctum
2765 924 3089 985 agnoscunt.

1973 1008 2055 1062 Tu
2078 1020 2228 1073 vero,
2262 1009 2333 1061 mi
2363 1008 2546 1071 homo,
2582 1007 2709 1076 quid
2742 1008 2959 1060 tandem
2994 1004 3194 1061 alierE‘.’
3225 1006 3305 1060 An
3338 1005 3472 1060 illud

1904 1100 2130 1162 vereris,
2159 1115 2226 1153 ne
2259 1100 2481 1153 dearum
2520 1099 2595 1151 illi
2626 1098 3027 1152 multitudinem
3062 1098 3342 1159 invehant,
3379 1098 3471 1169 qui

1905 1200 2270 1246 sacrosancta:
2330 1188 2515 1243 Triadi
2576 1204 2764 1244 verum
2825 1190 3209 1259 sincerumque
3266 1191 3471 1244 cultum

1905 1283 2197 1343 adhibent,
2261 1281 2464 1351 quique
2542 1281 2785 1335 veritatis
2853 1288 2908 1336 et
2975 1282 3138 1335 unius
3192 1281 3475 1336 catholica:

1906 1372 2163 1429 Ecclesiae
2206 1383 2331 1427 sunt
2368 1372 2505 1426 ﬁlii?
2559 1370 2918 1428 Vehementer
2945 1387 3118 1428 erras.
3166 1372 3299 1439 Quis
3329 1376 3473 1429 enim

1906 1483 2015 1520 non
2066 1475 2276 1520 asserat
2333 1480 2502 1519 unum
2558 1464 2724 1519 Deum
2781 1479 2903 1518 esse
2957 1467 3202 1520 veritatis
3258 1463 3473 1519 Patrem

1906 1558 2360 1625 omnipotentem,
2404 1570 2430 1607 ιι
2467 1570 2575 1623 quo
2622 1556 2930 1624 unigenitus
2977 1554 3147 1621 Filius
3192 1570 3315 1611 vere
3347 1571 3476 1625 pro-

1907 1635 2127 1716 gressus
2177 1654 2294 1707 est,
2351 1643 2492 1699 Deus
2526 1642 2790 1707 Verbum,
2832 1644 3103 1708 Verbum,
3138 1645 3356 1714 inquam
3379 1683 3392 1701 .
3419 1645 3473 1697 in

1907 1737 2125 1808 propria
2186 1749 2418 1804 persona
2479 1734 2823 1799 consistens,
2888 1742 2943 1787 et
2993 1747 3022 1786 ιι
3074 1731 3234 1787 Patre
3286 1748 3474 1787 revera

1907 1830 2026 1883 sine
2059 1828 2171 1881 ullo
2209 1825 2366 1879 initio
2400 1840 2463 1878 ac
2498 1837 2740 1893 tempore
2772 1824 3045 1893 genitum”!
3082 1822 3257 1876 Unum
3291 1823 3475 1893 itaque

236 1917 424 1972 Οἰδύο
568 1918 786 1986 ἐσμεν·
822 1890 1069 1969 τουτέστι
1105 1915 1201 1985 μία
1236 1890 1458 1985 θεότης,
1499 1890 1590 1970 καὶ
1625 1915 1684 1969 ἓν
1716 1916 1805 1968 θέ-

1911 1917 2076 1973 Deum
2104 1925 2263 1971 caute
2285 1931 2349 1970 ac
2379 1917 2672 1985 prudenter
2691 1914 2932 1969 Ecelcsia
2956 1915 3233 1984 praedicat,
3259 1914 3475 1968 Patrem
3572 1914 3577 1919 “

237 2011 382 2081 λημα
407 2053 420 2074 ,
453 2009 547 2063 καὶ
589 2009 686 2079 μία
716 2008 994 2078 κυριότης.
1044 2006 1133 2071 Ἐξ
1174 2006 1339 2060 αὑτοῦ
1378 2007 1433 2060 δὲ
1470 2006 1561 2060 τοῦ
1594 2008 1805 2079 Πατρός

236 2103 327 2158 καὶ
377 2101 439 2155 τὸ
484 2101 707 2171 Πνεῦμα
739 2099 1094 2170 ἐκπορεύεται
1117 2141 1131 2165 ,
1166 2098 1527 2152 ὲνυπόστατον
1563 2099 1622 2153 ὃν
1648 2138 1662 2162 ,
1709 2098 1805 2151 καὶ

235 2196 294 2249 ιν
332 2194 557 2265 ἀληθείᾳ
585 2194 783 2246 τέλειον
817 2191 1038 2261 Πνεῦμα
1063 2191 1124 2244 τὸ
1149 2193 1247 2260 τῆς
1275 2189 1528 2260 ἀληθείας
1552 2229 1567 2250 ,
1598 2190 1659 2242 τὸ
1689 2207 1802 2259 φω-

234 2284 380 2349 τίζον
410 2284 477 2336 τὰ
509 2282 683 2335 πάντα
702 2323 713 2344 ,
742 2280 802 2333 τὸ
824 2282 889 2333 ὲκ
919 2278 1012 2332 τοῦ
1041 2277 1171 2331 Υἰοῦ
1200 2276 1473 2347 λαμϐάνον
1501 2316 1515 2340 ,
1540 2276 1600 2327 τὸ
1633 2274 1803 2328 Πνεῦ-

237 2391 314 2445 μα
344 2374 442 2443 τῆς
475 2371 727 2442 ἀληθείας
751 2411 765 2436 ,
795 2371 856 2423 τὺ
885 2370 1111 2438 Πνεῦμα
1142 2368 1235 2421 τοῦ
1270 2368 1482 2438 Πατρὸς
1503 2408 1518 2432 ,
1552 2366 1611 2419 τὸ
1635 2364 1803 2419 Πνεῦ-

239 2481 317 2536 μα
364 2463 457 2518 τοῦ
492 2461 746 2535 Χριστοῦ.
777 2461 866 2514 Διὸ
911 2461 1036 2531 μίαν
1075 2460 1300 2529 θεότητα
1333 2455 1470 2511 οἶδεν
1501 2460 1535 2528 ἠ
1576 2456 1804 2526 Ἐκκλη-

234 2553 327 2608 σία
349 2569 363 2584 ι
406 2548 485 2616 εἷς
505 2552 634 2614 Θεὸς
656 2552 685 2604 ὁ
715 2551 810 2620 τῆς
843 2548 1095 2619 ἀληθείας
1129 2548 1314 2619 Πατὴρ
1334 2587 1348 2611 ,
1381 2547 1572 2618 Πατὴρ
1598 2546 1803 2608 τέλειος

231 2645 594 2707 ὲνυπόστατος
615 2684 631 2707 ,
679 2643 802 2706 Υἱὸς
840 2641 1044 2703 τέλειος
1086 2639 1483 2702 ἐνυπὸστατος,
1518 2637 1614 2692 καὶ
1651 2636 1803 2705 ἅγιον

230 2738 460 2807 Πνεῦμα
501 2735 702 2789 τέλειον
751 2733 1140 2796 ὲνυπόστατον,
1183 2731 1280 2802 μία
1322 2729 1542 2800 θεότης,
1578 2728 1677 2799 μία
1719 2728 1804 2781 δεο

232 2828 490 2892 σποτεία,
526 2825 623 2897 μία
670 2824 946 2897 κυριότης.
985 2823 1075 2875 Διὸ
1113 2822 1287 2893 πάντη
1330 2819 1516 2889 σαφῶς
1565 2818 1804 2890 κεκηρύ-

230 2937 394 2991 χασιν
426 2921 483 2972 αἱ
539 2917 680 2971 θεῖαι
720 2915 932 2986 Γραφαὶ
981 2914 1076 2966 ἕνα
1125 2913 1289 2977 Θεὸν,
1323 2911 1568 2965 τουτέστι
1599 2910 1806 2982 Τριάδα

228 3010 515 3082 ὁμοούσιον
540 3050 555 3072 ,
608 3009 695 3062 ἀεὶ
745 3002 910 3060 οὖσαν
955 3005 1054 3075 τῆς
1099 3003 1270 3073 αὐτῆς
1306 3002 1629 3071 ταυτότητπ
1654 3041 1668 3065 ,
1708 3001 1806 3069 τῆς

226 3104 405 3175 αὐτῆς
426 3102 764 3173 κυριότητος.
787 3098 898 3151 Καὶ
923 3097 1167 3151 διέπεσεν
1192 3098 1258 3149 ὲκ
1285 3093 1623 3165 πανταχόθεν
1653 3096 1681 3146 ό
1707 3094 1804 3163 τῆς

221 3194 487 3265 ἀνοησίας
517 3210 607 3246 σου
638 3191 794 3259 λόγος
813 3230 829 3251 ,
862 3184 907 3242 ὧ
953 3189 1166 3259 ἀνόητε.
1208 3188 1399 3241 Τοίνυν
1419 3185 1623 3239 τούτων
1657 3188 1805 3256 εἰρη-

1905 2008 2159 2063 videlicet
2192 2015 2245 2061 et
2269 2006 2487 2061 Filium.
2523 2005 2785 2072 Quoniam
2812 2047 2826 2069 ,
2860 2005 3037 2076 inquit
3086 2022 3177 2076 ego
3210 2006 3263 2058 in
3292 2003 3474 2067 Patre,

1904 2111 1951 2153 et
1986 2099 2146 2153 Pater
2183 2100 2237 2152 in
2265 2116 2345 2153 me
2376 2109 2453 2153 est
2486 2102 2528 2152 '.
2568 2097 2631 2150 Et
2660 2118 2673 2152 :
2701 2097 2868 2151 Ambo
2890 2113 3049 2151 unum
3089 2112 3269 2151 sumus
3302 2097 3343 2162 ³,
3377 2097 3478 2150 hoc

1902 2201 2021 2256 est,
2056 2206 2159 2244 una
2196 2191 2490 2251 divinitas,
2526 2198 2578 2243 ct
2612 2189 2863 2243 voluntas
2906 2204 3035 2253 una,
3077 2196 3129 2242 et
3165 2203 3271 2241 una
3299 2187 3478 2241 domi-

1904 2282 2076 2335 natio.
2107 2281 2374 2336 Cteternm
2405 2296 2464 2333 ex
2497 2279 2659 2333 Patre
2686 2280 2922 2348 Spiritus
2945 2295 3163 2350 quoque
3194 2279 3473 2350 procedit,

1905 2382 2096 2441 suapte
2145 2382 2409 2427 constans
2470 2371 2785 2441 ltypostasi,
2842 2386 2906 2425 ac
2961 2374 3140 2441 reipsa
3204 2369 3477 2439 perfectus

1904 2465 2150 2520 veritatis
2186 2462 2446 2534 Spiritus,
2470 2465 2562 2533 qui
2596 2463 2865 2517 illuminat
2906 2465 3123 2529 omnia;
3151 2464 3245 2533 qui
3279 2478 3306 2515 a
3339 2460 3477 2516 Filio

1904 2556 2137 2625 accipit;
2175 2557 2451 2620 veritatis,
2500 2556 2759 2626 inquam,
2798 2554 3071 2626 Spiritus,
3116 2554 3352 2625 Spiritus
3382 2547 3478 2607 Pa?

1904 2642 2040 2707 tris,
2089 2641 2324 2712 Spiritus
2363 2644 2586 2697 Christi.
2629 2642 2815 2714 Itaque
2852 2660 3017 2699 unam
3065 2644 3307 2700 Ecclesia
3338 2645 3477 2699 divi-

1904 2728 2130 2784 nitatem
2156 2732 2434 2800 agnoscit;
2461 2744 2656 2801 estque
2685 2731 2826 2789 Deus
2849 2750 2989 2789 unus
3019 2738 3265 2791 veritatis
3293 2733 3473 2801 Pater,

1904 2820 2179 2890 perfectus
2209 2821 2388 2885 Pater,
2426 2823 2704 2893 hypostasi
2739 2839 2838 2878 sua
2871 2828 3165 2895 praeditus;
3200 2826 3477 2897 perfectus

1904 2909 2113 2975 Filius,
2150 2926 2304 2985 suam
2341 2929 2592 2984 peraeque
2630 2915 2838 2970 habens
2875 2918 3252 2987 hypostasim;
3304 2920 3478 2990 perie—

1904 3013 2026 3059 ctus
2056 3004 2292 3073 denique
2330 3006 2567 3074 Spiritus
2593 3015 2848 3071 sanctus,
2881 3018 2936 3064 et
2982 3026 3135 3065 suam
3168 3014 3270 3067 sibi
3307 3014 3478 3085 hypo-

1906 3095 2094 3149 stasim
2145 3096 2429 3151 vindicans
2464 3115 2476 3149 :
2509 3113 2614 3150 una
2651 3098 2940 3161 divinitas,
2978 3115 3196 3170 unaque
3230 3102 3478 3158 domina-

1906 3183 2003 3237 tio.
2046 3184 2257 3249 Quibus
2303 3186 2371 3241 de
2417 3189 2602 3243 causis
2653 3188 2821 3244 Deum
2854 3206 3021 3245 unum
3063 3206 3231 3247 sacra:
3277 3195 3480 3265 ubique

218 3248 443 3358 pévtov,
467 3248 575 3337 ⁷καὶ
621 3248 913 3343 ἀντιθέτως
965 3248 1099 3349 πρὸς
1128 3278 1226 3342 τάς
1268 3276 1363 3331 τοῦ
1404 3248 1801 3349 προειρημένου

1910 3277 2127 3333 Litterae
2188 3281 2572 3349 pronuntiant.
2632 3283 2889 3337 nimirum
2949 3248 3478 3342 consubstantialem

212 3375 444 3446 Νοητοῦ
486 3375 668 3443 φωνὰς
720 3375 939 3428 σκοπεῖν
978 3371 1037 3437 ἐξ
1070 3370 1323 3442 ὑπαρχῆς
1346 3410 1359 3433 ,
1389 3371 1483 3422 καὶ
1521 3367 1692 3432 οὕτως
1736 3368 1802 3420 τὰ

211 3469 374 3525 αὒτά
400 3466 672 3536 κεφάλαια
701 3465 1044 3537 ἀνατρέπειν.

1910 3369 2162 3426 Triadem
2183 3412 2198 3435 ,
2229 3387 2293 3426 ac
2331 3388 2547 3442 semper
2569 3375 2954 3438 exsistentem,
2990 3378 3299 3433 cui-eadem
3336 3380 3489 3435 idene

1907 3463 2063 3526 titas,
2086 3462 2338 3534 idemque
2362 3463 2673 3521 dominatus
2702 3467 3040 3548 attribuitur.
3075 3467 3241 3541 m
3269 3467 3345 3523 Ex
3370 3485 3483 3538 quo

206 3571 325 3618 tua
365 3560 479 3622 illa,
515 3555 870 3612 stolidissime
903 3553 1245 3617 mortalium,
1289 3552 1471 3621 inepta
1511 3551 1651 3606 ratio
1705 3553 1964 3607 concidit.
2001 3552 2098 3609 liis
2131 3555 2560 3619 animadversis,
2598 3557 2863 3614 adversus
2928 3560 3048 3616 illas
3106 3561 3257 3616 Nocti
3320 3577 3480 3616 voces

213 3652 617 3724 opponendum
671 3651 833 3704 modo
882 3647 1119 3719 aliquid,
1174 3656 1228 3701 et
1274 3648 1344 3701 ab
1380 3650 1499 3716 ipso
1529 3646 1796 3717 principio
1823 3651 2173 3720 repetendum
2208 3660 2327 3717 est,
2362 3661 2524 3722 atque
2556 3667 2622 3708 eo
2687 3655 2849 3711 modo
2910 3655 3121 3726 singula
3156 3658 3333 3726 capita
3391 3672 3482 3710 re-

214 3744 487 3802 fellenda.
1552 3796 1558 3802 ,

292 3835 383 3889 Ε’.
415 3832 636 3905 Πρῶτον
685 3830 784 3902 μὲν
831 3822 924 3882 οῦν
958 3828 1142 3899 ἐπειδὴ
1194 3827 1481 3897 παρήγαγε
1534 3826 1596 3880 τὸ
1638 3829 1806 3896 κεφά-

211 3929 413 3990 λαξον,
456 3926 538 3978 ὃτι
571 3920 675 3990 Εἷς
702 3922 877 3988 Θεὸς,
916 3921 986 3986 ἐξ
1019 3915 1093 3976 οὗ
1129 3921 1204 3973 τὰ
1242 3918 1471 3983 πάντα,
1504 3919 1601 3972 καὶ
1636 3917 1808 3987 ἡμεῖς

220 4024 320 4087 εις
362 4017 581 4082 αὐτόν,
612 4015 710 4069 καὶ
744 4011 831 4081 εἷς
875 4015 1084 4081 Κύριος
1123 4011 1362 4080 Ἰησοῦς
1397 4012 1677 4079 Χριστὸς,
1709 4010 1809 4063 καὶ

218 4111 407 4184 ἡμεῖς
443 4108 515 4162 δι’
545 4108 729 4162 αὐτοῦ
756 4149 769 4171 ,
803 4106 878 4159 δι’
908 4106 980 4160 ὃν
1011 4106 1082 4159 τὰ
1113 4105 1342 4169 πάντα,
1383 4103 1482 4158 καὶ
1528 4102 1698 4172 ἡμεῖς
1733 4102 1806 4156 δι’

220 4201 452 4258 αὐτοῦ·
496 4200 593 4270 οὐχ
623 4201 785 4270 ὁρᾷς,
826 4201 906 4251 ὅτι
946 4194 1033 4262 εἷς
1071 4196 1215 4262 Θεὸς
1239 4237 1254 4262 ,
1291 4196 1360 4260 ἐξ
1394 4191 1465 4251 οὗ
1493 4195 1565 4248 τὰ
1591 4194 1804 4259 πάντα,

217 4293 336 4349 καὶ
374 4290 544 4361 ἡμεῖς
585 4294 670 4356 εις
715 4289 935 4352 αὐτόν,
972 4288 1086 4352 πῶς
1123 4287 1219 4354 τὴν
1246 4287 1374 4359 μίαν
1403 4287 1577 4358 ἀρχὴν
1610 4285 1808 4355 σημαί-

219 4401 358 4449 νει;
391 4382 476 4438 ἵνα
512 4383 585 4454 μὴ
623 4386 701 4447 είς
748 4381 946 4444 πολλὰς
978 4380 1171 4452 ἀρχὰς,
1193 4380 1367 4453 τρέψῃ
1405 4379 1502 4451 τὴν
1549 4379 1806 4439 διάνοιαν,

218 4478 333 4534 καὶ
358 4479 440 4538 εἰς
471 4474 755 4529 πολυθεῖαν
781 4475 963 4546 ἀγάγῃ
1004 4473 1167 4525 πάλιν
1198 4474 1297 4526 τὸν
1323 4470 1660 4542 πλανηθέντα
1685 4469 1808 4523 νοῦν

1978 3824 2043 3879 ν.
2093 3825 2247 3891 Quod
2283 3827 2450 3897 igitur
2476 3829 2529 3883 in
2562 3829 2755 3897 primis
2784 3829 2915 3886 illud
2951 3832 3138 3901 objicit
3172 3852 3185 3888 :
3225 3832 3371 3888 Unus
3401 3845 3481 3891 est

1910 3916 2046 3971 Deus
2074 3933 2140 3971 ex
2162 3934 2262 3986 quo
2303 3919 2513 3981 omnia,
2542 3930 2590 3973 et
2636 3937 2731 3974 nos
2770 3922 2825 3975 in
2869 3924 3038 3993 ipsum
3073 3941 3092 3976 :
3121 3934 3170 3978 et
3204 3941 3339 3980 unus
3372 3925 3483 3981 Do-

1909 4008 2081 4062 minus
2128 4005 2285 4062 Iesus
2347 4008 2623 4074 Clirislus‘,
2673 4020 2722 4065 et
2749 4029 2844 4067 nos
2881 4028 2972 4081 per
3019 4015 3189 4082 ipsum
3217 4058 3231 4081 ,
3273 4026 3482 4086 propter

1907 4114 2057 4167 quem
2080 4098 2278 4161 omnia,
2308 4108 2356 4153 et
2385 4114 2478 4153 nos
2502 4114 2593 4167 per
2618 4101 2788 4169 ipsum
2810 4101 2832 4133 ⁸
2856 4119 2870 4166 ;
2898 4117 3079 4159 nonne
3111 4105 3180 4160 iis
3204 4105 3339 4175 ipsis
3357 4121 3481 4161 ver-

1907 4189 1991 4244 bis
2031 4194 2188 4259 (unus
2213 4189 2350 4244 Deus
2399 4206 2465 4244 ex
2513 4206 2615 4260 quo
2659 4194 2869 4255 omnia,
2927 4201 2977 4246 et
3030 4209 3123 4249 nos
3184 4173 3243 4249 in
3283 4173 3480 4265 ipsum)

1907 4297 2075 4336 unum
2131 4281 2428 4351 signiﬁcari
2479 4284 2808 4354 principium
2864 4287 3062 4342 vides?
3106 4286 3184 4343 Ne
3237 4289 3481 4344 animum

1907 4378 2154 4425 nostrum
2188 4373 2255 4427 ad
2294 4374 2449 4442 plura
2490 4376 2780 4442 cogitanda
2814 4378 3082 4448 principia
3115 4386 3480 4443 converteret,

1906 4478 1969 4517 ac
1994 4465 2304 4518 mortalium
2331 4465 2546 4535 ingenia
2575 4469 2875 4523 vanissima
2915 4469 3006 4522 illa
3046 4469 3274 4525 deorum
3305 4470 3484 4525 multi-

215 4568 346 4623 τῶν
399 4566 699 4638 ἀνθρώπων
742 4566 833 4618 ἐπὶ
876 4544 946 4636 τῇ-
995 4565 1296 4635 κενοφωνίᾳ
1347 4564 1446 4634 τῆς
1497 4562 1801 4626 πολυθεῖας.

1910 4554 2098 4609 tudine
2140 4555 2401 4626 decepta,
2451 4560 2652 4613 “rursus
2703 4557 2769 4613 ad
2826 4559 3071 4614 eamdem
3130 4564 3481 4616 asscrendam

231 4657 415 4728 Ὁρᾷς
446 4653 555 4727 γὰρ
587 4654 702 4718 πῶς
739 4656 820 4707 ἑνὶ
855 4655 1075 4725 ὀνόματι
1116 4655 1407 4725 κέχρηται,
1436 4655 1527 4707 καὶ
1560 4654 1660 4724 μιᾷ
1692 4655 1804 4706 ὀνο-

221 4747 414 4820 μασίᾳ
437 4789 450 4809 ,
487 4746 588 4799 οὐκ
613 4745 943 4817 ἀρνούμενος
971 4746 1060 4799 τὸν
1093 4746 1351 4818 μονογενῆ
1376 4747 1527 4800 Θεόν.
1555 4742 1677 4800 Οἵδε
1702 4746 1811 4818 γὰρ

188 4841 402 4897 σαύτὸν
444 4830 645 4910 Κύριον
667 4878 681 4902 ,
727 4838 821 4891 καὶ
848 4835 988 4893 οῐδεν
1015 4838 1175 4891 αὐτὸν
1218 4837 1368 4892 Θεόν.
1406 4837 1496 4890 Διὸ
1524 4836 1811 4906 ἀσφαλιζό-

218 4946 401 5004 μενος
430 4930 577 4996 λέγει
606 4945 622 4959 “
656 4931 764 4984 Καὶ
794 4925 880 4994 εἷς
915 4928 1130 4996 Κύριος
1162 4927 1389 4995 Ἰησοῦς
1420 4926 1704 4996 Χριστός,
1739 4925 1811 4978 δι’

207 5018 303 5078 οὗ
352 5018 425 5072 τὰ
458 5018 673 5074 πάντα.
721 5020 831 5073 Καὶ
884 5021 975 5071 ἐπὶ
1015 5018 1111 5086 μὲν
1156 5016 1250 5069 τοῦ
1276 5019 1493 5091 Κύριος
1523 5017 1680 5070 τοῦτο
1725 5015 1813 5068 λέ-

207 5130 352 5180 γων
385 5113 444 5165 οὐ
489 5111 579 5164 τὸν
629 5110 790 5164 αὐτὸν
824 5110 1061 5179 ὲσήμανε
1095 5107 1314 5179 Πατέρα
1360 5104 1498 5162 εἶναι
1524 5150 1539 5175 ,
1592 5108 1684 5160 καὶ
1721 5107 1811 5160 τὸν

205 5202 402 5259 αὐτὸν
441 5202 569 5255 Υἰόν
597 5219 610 5232 ·
665 5199 802 5254 ἀλλά
839 5198 1004 5265 ἔδειξε
1063 5200 1155 5253 τὸν
1208 5200 1304 5271 μὲν
1333 5198 1551 5269 Πατέρα
1591 5200 1811 5269 Πατέρα

205 5293 404 5354 ὄντα,
434 5289 525 5344 τὸν
556 5289 614 5343 δὲ
647 5290 776 5343 Υίὸν
827 5289 956 5342 Υίὸν
988 5287 1220 5358 ἀληθῶς.
1265 5285 1481 5357 Ἐπειδὴ
1512 5287 1570 5340 τὸ
1616 5289 1808 5350 εἰπεῖν,

205 5378 315 5443 εἷς
368 5379 498 5445 Θεὸς
529 5382 622 5434 ἐπὶ
655 5380 734 5451 τῷ
762 5381 938 5451 Πατρὶ
959 5419 974 5445 ,
1002 5380 1103 5450 οὐχ
1138 5378 1212 5442 ὡς
1240 5379 1569 5448 ἀρνούμενος
1608 5378 1699 5431 ἐπὶ
1734 5377 1813 5448 τῷ

206 5470 360 5539 rus
397 5472 457 5525 τὸ
486 5467 624 5525 εἶναι
674 5471 822 5533 Θεός.
859 5472 921 5523 Et
952 5468 1061 5540 γὰρ
1098 5468 1171 5538 μὴ
1212 5466 1372 5530 Θεὸς,
1403 5465 1526 5519 οὔτε
1570 5466 1809 5538 Κύριος·

204 5560 430 5633 ἐπειδὴ
474 5563 530 5616 δὲ
560 5562 761 5633 Κύριος
786 5605 800 5627 ,
832 5560 924 5614 καὶ
950 5559 1102 5622 Θεός.
1143 5556 1279 5611 Ἀλλ’
1328 5558 1407 5620 εἰς
1439 5556 1568 5627 μίαν
1615 5558 1812 5627 ὀνομα-

202 5654 368 5711 σίαν
394 5655 614 5723 ἀνάγειν
638 5651 1074 5723 ἀναγκαζόμενος
1113 5649 1215 5703 ὑπὸ
1243 5647 1337 5702 τοῦ
1370 5648 1526 5717 ἁγίου
1557 5650 1810 5719 Πνεῦμα-

256 5836 273 5845 ν
301 5807 327 5843 ⁸
368 5804 494 5863 Cor.
524 5810 623 5862 οὐκ
655 5811 787 5878 ἐρεῖ.

566 5904 831 5963 Paeon.
866 5903 984 5963 Gn.
1022 5902 1156 5966 XLI
1177 5947 1179 5949 ι

866 5812 885 5839 ‘
909 5807 1064 5861 Joan.
1097 5827 1206 5875 xrv,
1241 5813 1327 5867 10.
1407 5810 1426 5841 ³
1458 5807 1613 5863 Joan.
1652 5823 1707 5872 ι,
1738 5807 1825 5861 50.

1914 4647 2128 4716 capiam
2157 4646 2656 4703 adduceret.Vitles
2683 4650 2826 4703 enim
2861 4651 3318 4718 quemadmodum
3371 4667 3482 4705 uno

1909 4739 2131 4793 nomine
2163 4738 2233 4791 sit
2264 4753 2419 4799 usus,
2439 4746 2493 4791 et
2527 4738 2888 4807 appellatione
2924 4754 3052 4801 una,
3075 4754 3183 4793 non
3218 4746 3277 4793 ut
3301 4740 3489 4809 unige—

1910 4829 2083 4883 nitum
2149 4828 2311 4882 Deum
2366 4829 2679 4897 abnegaret.
2746 4827 3034 4885 Dominum
3094 4833 3295 4901 quippe
3358 4847 3481 4886 esse

1912 4920 2065 4974 illum
2108 4921 2388 4988 intelligit,
2414 4921 2775 4992 cumdemque
2828 4921 3018 4977 Deum.
3062 4922 3187 4979 Ideo
3216 4924 3479 4995 singulari

1912 5012 2144 5080 quadam
2192 5013 2444 5067 cautione
2493 5013 2626 5067 illud
2679 5011 3005 5083 adjecit,Et
3045 5031 3181 5070 unus
3223 5014 3482 5071 Dominus

1912 5101 2070 5156 Iesus
2104 5100 2346 5156 Christus
2394 5119 2483 5172 per
2532 5119 2683 5173 quem
2735 5103 2933 5157 omnia.
2983 5102 3138 5170 Quod
3188 5119 3311 5160 cum
3360 5105 3480 5159 voci

1914 5196 2030 5258 illi,
2095 5194 2383 5261 Dominus,
2433 5197 2714 5275 praecipue
2762 5187 3002 5261 aliinxit';
3065 5210 3173 5248 non
3230 5194 3481 5250 eumdem

1914 5289 2175 5343 indicavit
2221 5303 2345 5344 esse
2388 5286 2640 5351 Patrem,
2697 5288 3059 5359 eumdcmque
3095 5288 3330 5355 Filium;
3386 5288 3480 5350 sed

1913 5394 2037 5434 eum
2068 5379 2160 5449 qui
2194 5377 2358 5434 Pater
2394 5387 2499 5442 est,
2537 5395 2656 5435 esse
2688 5378 2905 5435 Patrem
2937 5420 2952 5446 ,
2993 5381 3086 5450 qui
3115 5379 3320 5439 Filius,
3356 5393 3482 5434 vere

1917 5470 2111 5525 Filium
2159 5485 2283 5526 esse
2332 5469 2649 5525 declaravit.
2682 5468 2818 5524 Nam
2857 5480 2912 5526 et
2941 5486 3065 5526 cum
3095 5471 3162 5526 de
3206 5468 3368 5523 Patre
3400 5471 3478 5522 lo—

1920 5575 2096 5630 quens
2163 5575 2331 5615 unum
2383 5560 2552 5615 Deum
2594 5575 2719 5616 esse
2756 5561 2926 5627 dixit,
2973 5574 3311 5632 nequaquam
3347 5555 3491 5612 Filio

1919 5650 2258 5706 divinitatem
2291 5650 2545 5706 detraxit.
2580 5650 2716 5706 Nam
2752 5651 2797 5706 si
2835 5651 2979 5708 Deus
3009 5666 3117 5706 non
3152 5658 3269 5715 est,
3309 5663 3490 5720 neque

1904 5804 1965 5858 ⁸1
1996 5806 2125 5862 Cor.
2164 5821 2283 5872 vui,
2306 5806 2365 5861 6.

3136 5900 3219 5961 32
