3952 6162
473 309 604 367 1003
1860 313 1918 367 S.
1959 313 2043 368 ΕΡ

2149 315 2298 373 IAN"
3626 318 3755 373 {00!

469 426 727 483 Dominus
786 431 887 480 est.
947 423 1082 477 Cum
1145 429 1326 477 autem
1387 421 1655 478 Dominus
1719 425 1840 488 sit,
1901 426 2043 484 Deus

2149 446 2236 493 τος
2281 431 2310 482 δ
2361 430 2518 499 ἆγιος
2557 431 2910 496 ’Δπόστολος,
2937 432 3172 504 ἔφραζεν
3223 433 3358 504 ἡμῖν
3400 428 3504 498 τὴν
3548 446 3756 492 πιστιν,

463 529 682 586 quoque
714 516 786 570 sit
815 521 1048 584 oportet.
1082 511 1284 568 Verum
1319 516 1614 585 Apostolus
1635 555 1650 580 ,
1681 526 1739 571 ut
1769 516 1838 572 ad
1873 535 2035 573 unam

2150 523 2396 594 ἐναργῶς
2427 524 2522 578 Eva
2551 524 2755 597 Κύριον
2790 526 3069 595 σημαίνων
3091 566 3106 588 ,
3141 527 3252 597 ἄρα
3272 541 3341 594 γε
3377 529 3478 578 καὶ
3528 524 3690 576 Θεὸν.

467 607 880 680 appellationem
930 607 1245 670 reduceret,
1306 623 1337 660 a
1388 607 1594 678 Spiritu
1648 617 1842 665 sancto
1889 613 2205 682 compulsus
2259 619 2334 674 ita
2389 617 2510 673 ﬁdei
2558 619 2875 689 mysterium
2933 618 3093 674 nobis
3142 618 3402 688 aperuit,
3459 624 3524 669 ut
3589 629 3760 669 unum

468 705 759 758 Dominum
780 744 792 765 ,
825 702 1163 774 proindeque
1193 710 1247 756 et
1269 701 1443 757 Deum
1471 711 1658 774 aperte
1681 715 2040 762 monstraret.

532 799 643 855 Nec
681 807 765 855 est
813 807 1033 865 tamen,
1067 797 1214 868 quod
1254 799 1546 869 quisquam
1592 801 1909 870 existimet,
1943 818 2043 873 pro

2231 799 2391 853 Ἀλλὰ
2450 800 2637 872 μηδεὶς
2692 797 2960 869 νομιζέτω
2981 839 2998 864 ,
3049 797 3238 869 ἐπειδὴ
3295 798 3453 866 λέγει
3514 802 3625 856 ἕνα
3670 805 3764 859 καὶ

430 895 528 949 ἐο
575 893 719 963 quod
766 907 972 956 unum,
1023 903 1188 961 atque
1222 907 1388 946 unum
1427 893 1774 948 solummodo
1814 896 2043 960 dixerit,

2149 893 2276 956 ἕνα,
2318 893 2393 964 μὴ
2433 893 2539 964 ἄρα
2588 892 2857 964 παρέλιπε
2902 890 2995 944 τὸν
3041 891 3276 962 ἀριθμὸν
3323 893 3427 963 τῆς
3483 895 3761 965 Tptﬁfnc-

465 983 669 1052 aliquid
703 981 771 1036 de
815 978 1039 1035 Triadis
1079 996 1309 1035 numero
1355 996 1479 1036 esse
1511 981 1855 1050 detractum;
1889 987 2043 1052 quasi

2151 985 2338 1056 ἐπειδὴ
2390 986 2491 1038 οὐκ
2539 985 2792 1054 ὠνόμασε
2835 984 2898 1037 τὸ
2943 983 3096 1051 ἆγιον
3150 983 3398 1052 Πνεῦμα.
3444 986 3766 1056 Ὀνομάσας

464 1073 706 1144 Spiritus
747 1073 921 1128 sancti
970 1073 1299 1126 mentionem
1343 1073 1545 1126 nullam
1586 1072 1796 1129 fecerit.
1831 1074 2043 1129 Etenim

2150 1075 2260 1147 γὰρ
2312 1074 2532 1146 Πατέρα
2567 1075 2663 1128 καὶ
2696 1075 2823 1127 Υἰὸν
2847 1114 2862 1136 ,
2892 1074 3025 1127 Θεὸν
3081 1074 3174 1127 καὶ
3204 1075 3446 1146 Κύριον,
3490 1079 3557 1130 ἐν
3591 1079 3765 1134 Πνεῦ-

466 1180 588 1218 (ἸΙΠΙ
617 1162 856 1226 Patrem,
887 1171 938 1217 et
975 1160 1169 1216 Filium
1205 1162 1371 1216 Deum
1403 1164 1725 1228 nominavit,
1766 1179 1830 1220 ac
1866 1165 2048 1220 Domi-

467 1273 632 1321 num,
683 1257 736 1309 in
770 1255 974 1326 Spiritu
1029 1263 1222 1310 sancto
1281 1255 1469 1323 utique
1528 1257 1855 1311 nominavit.
1905 1257 2042 1311 Nam

466 1363 639 1417 neque
669 1361 792 1400 cum
827 1347 892 1400 de
917 1344 1077 1400 Patre
1107 1360 1302 1415 agens,
1336 1362 1471 1399 unus
1511 1345 1650 1400 Deus
1678 1387 1693 1412 ,
1729 1348 1943 1418 inquit,
1981 1364 2047 1402 ex

463 1458 562 1509 quo
614 1443 818 1515 omnia;
870 1453 992 1494 esse
1051 1439 1203 1492 illum
1255 1438 1546 1493 Dominum
1588 1440 1834 1509 negavit,
1872 1456 2047 1510 neque

462 1540 648 1586 contra
684 1531 1004 1600 subjiciens,
1040 1541 1088 1584 et
1121 1547 1258 1584 unus
1293 1529 1549 1584 Dominus
1580 1529 1738 1584 Jesus
1769 1529 2045 1594 Christus,

461 1625 750 1677 hunoesse
773 1620 938 1675 Deum
972 1621 1206 1676 inliciari
1228 1621 1420 1675 voluit.
1449 1619 1554 1676 Sed
1581 1622 2042 1691 quemadmodum

462 1715 515 1767 in
559 1712 716 1767 Patre
751 1728 856 1767 una
893 1713 1260 1782 appellatione
1309 1719 1638 1774 contentus,
1681 1713 1784 1767 hoc
1829 1721 2040 1768 tantum

461 1805 599 1858 dixit
627 1805 782 1873 (unus
814 1803 1009 1873 Deus),
1034 1818 1141 1872 qua
1173 1819 1304 1857 voce
1343 1803 1507 1857 etiam
1536 1804 1704 1858 altera
1742 1803 2045 1874 (Dominus)

462 1897 810 1959 continetur;
847 1897 917 1948 ita
964 1897 1018 1948 in
1066 1896 1227 1960 Filio,
1259 1912 1394 1950 unus
1435 1893 1728 1962 Dominus,
1782 1897 2047 1951 duntaxat

462 1989 734 2057 expressit
762 2007 774 2052 ;
807 2004 914 2057 qua
947 2003 1072 2042 cum
1095 2003 1231 2044 voce
1263 1987 1357 2041 Dei
1392 2004 1611 2058 quoque
1640 1997 1725 2044 est
1755 1991 2046 2060 appellatio

461 2081 777 2150 conjuncta.
814 2081 996 2146 Quare
1023 2096 1144 2134 cum
1186 2080 1253 2134 de
1285 2078 1446 2135 Patre
1478 2095 1540 2136 ac
1568 2078 1704 2134 Filio
1736 2080 2045 2137 disserebat

460 2173 776 2245 Apostolus,
817 2188 921 2227 non
965 2173 1174 2242 Spiritu
1208 2182 1398 2228 sancto
1430 2187 1634 2228 vacuus
1668 2181 1786 2227 erat
1815 2211 1826 2235 ,
1860 2171 1952 2226 sed
1991 2173 2043 2224 in

459 2263 649 2319 eodem
683 2265 1009 2332 loquebatur
1031 2303 1045 2325 ,
1079 2273 1139 2317 ttt
1173 2264 1435 2317 diximus.
1473 2262 1639 2335 485
1671 2261 1820 2318 Solet
1861 2272 2044 2318 autem

459 2356 703 2426 Spiritus
733 2364 960 2411 sanctus
1003 2356 1089 2410 sui
1140 2355 1362 2410 minime
1402 2356 1931 2410 commendationem
1962 2354 2044 2408 fa-

460 2463 606 2511 cere,
636 2465 703 2503 ne
733 2449 1045 2517 exemplum
1081 2448 1238 2501 nobis
1263 2447 1682 2502 commendandi
1714 2449 1884 2502 nostri
1915 2463 2047 2517 pra:-

461 2541 646 2594 buisse
680 2541 949 2592 videatur.
985 2537 1078 2591 Est
1126 2539 1288 2606 ig.tur
1322 2553 1456 2590 unus
1493 2537 1634 2591 Deus
1666 2537 1828 2592 Pater
1854 2554 1918 2591 ea:
1945 2554 2046 2606 quo

459 2630 670 2693 omnia,
702 2637 750 2682 et
783 2643 916 2680 unus
958 2625 1215 2680 Dominus
1245 2624 1402 2679 Iesus
1453 2623 1696 2678 Christus
1717 2666 1732 2688 ,
1773 2642 1865 2695 per
1894 2642 2047 2694 quem

459 2721 666 2786 omnia,
700 2721 806 2774 sire
851 2728 1061 2789 propter
1107 2734 1258 2787 quem
1296 2717 1474 2778 omnia
1505 2733 1522 2770 :
1551 2725 1600 2770 et
1634 2733 1767 2770 unus
1813 2715 2044 2786 Spiritus

459 2823 707 2872 sanctus,
755 2828 786 2864 a
830 2810 937 2865 Deo
980 2826 1310 2881 nequaquam
1357 2809 1585 2871 alienus,
1625 2809 1718 2878 qui
1749 2809 2046 2878 ,prOpriam

457 2903 622 2957 habet
646 2917 933 2974 personam
954 2941 968 2960 ,
997 2901 1252 2970 quoniam
1290 2898 1378 2954 Dei
1411 2897 1651 2968 Spiritus
1691 2908 1806 2965 est,
1831 2906 1885 2952 et
1915 2900 2050 2952 veri-

459 2996 587 3051 tatis
618 2995 855 3066 Spiritus
888 3013 902 3060 ;
929 2993 1202 3063 Spiritus,
1232 2994 1454 3062 inquam
1475 3032 1488 3055 _.
1522 2989 1700 3045 Patris
1731 3005 1794 3044 ac
1822 2989 2043 3044 Christi.

529 3089 616 3144 νι.
657 3090 814 3156 Quod
847 3098 1030 3144 autem
1085 3089 1247 3143 nobis
1283 3087 1428 3142 istud
1471 3087 1662 3157 objicit
1705 3105 1717 3140 :
1757 3085 2044 3140 Laboruuit
2074 3093 2114 3148 C

459 3182 722 3254 Egyptus
775 3192 823 3237 et
871 3182 1157 3252 negotiatio
1211 3179 1560 3248 (Ethiopian,
1596 3189 1645 3232 et
1685 3177 1903 3231 Sabaim
1949 3179 2046 3231 viri

457 3275 709 3329 sublimes
743 3272 811 3326 ad
845 3283 892 3326 te
922 3273 1246 3326 transibunt.
1277 3269 1410 3324 Item
1467 3269 1597 3324 illud
1635 3288 1648 3323 :
1687 3269 1762 3322 Tu
1785 3287 1838 3324 es
1875 3271 2009 3323 Deus
2030 3313 2042 3330 ,

457 3374 507 3420 et
538 3365 1011 3420 nesciebamus:et
1056 3362 1150 3416 tibi
1198 3364 1519 3425 servierunt,
1566 3370 1613 3412 et
1649 3362 1798 3413 ibunt
1840 3372 1954 3429 post
2001 3373 2048 3414 te

459 3456 621 3510 uincti
645 3455 868 3508 manicis
887 3495 900 3518 ,
923 3463 972 3507 et
1013 3454 1068 3507 in
1099 3463 1148 3507 te
1174 3451 1399 3506 orabunt
1423 3468 1440 3504 :
1468 3451 1715 3521 quoniam
1745 3452 1798 3503 in
1827 3460 1873 3502 te
1908 3450 2046 3504 Dens

457 3557 558 3611 est,
588 3555 638 3600 et
674 3561 777 3598 non
806 3555 882 3599 est
915 3543 1056 3598 Deus
1086 3552 1278 3612 prwter
1305 3551 1370 3596 te.
1401 3539 1479 3594 Tu
1519 3541 1660 3595 enim
1701 3558 1754 3595 es
1791 3542 1926 3595 Deus
1954 3583 1966 3606 ,
1997 3552 2044 3593 et

457 3639 838 3703 nesciebamus,
872 3637 1008 3692 Deus
1031 3635 1227 3700 Israel,
1269 3633 1519 3690 Salvator
1545 3635 1560 3665 ¹
1595 3633 1810 3696 :vides,
1847 3635 2043 3704 inqut,

429 3732 523 3787 ‘ex
549 3732 639 3796 iis,
679 3728 1140 3803 quemadmodum
1172 3742 1315 3782 unus
1344 3727 1612 3782 duntaxat
1635 3727 1708 3781 sit
1733 3725 1920 3781 Deus?
1951 3725 2045 3779 llis

455 3820 599 3877 enim
658 3818 956 3890 Scriptura:
1009 3818 1146 3875 locis
1194 3818 1542 3890 potissimum
1583 3816 1791 3882 frctus,
1821 3825 1881 3871 ut
1918 3825 2046 3872 ante

455 3910 716 3975 diximus,
744 3927 844 3966 nec
874 3911 1093 3964 illorum
1125 3925 1347 3966 sensum
1375 3909 1709 3978 intelligens,
1737 3906 1834 3962 sed
1856 3921 2045 3962 sacras

448 4001 688 4058 Litteras
719 4002 1097 4057 fraudulenter
1132 4009 1458 4071 amputans,
1496 4010 1660 4069 atque
1707 4007 1762 4053 et
1792 3999 2044 4067 obliquas

455 4094 802 4149 narrationes
851 4094 1181 4158 instituens,
1215 4100 1269 4146 et
1297 4107 1486 4146 sacras
1524 4090 1881 4144 auctoritates
1915 4104 2043 4158 ρει-ο

453 4203 614 4244 verso
662 4187 859 4241 ordine
919 4199 983 4238 ac
1013 4184 1295 4239 nonnullis
1337 4183 1628 4252 praeteritis
1689 4182 1743 4234 iu
1799 4180 2041 4236 medium

455 4275 691 4331 aﬂ‘erens
712 4316 726 4339 ,
755 4274 895 4328 nihil
921 4280 1326 4343 consequenter
1378 4285 1442 4324 ac
1469 4269 1716 4326 seriatiin
1743 4270 2040 4338 eloquitur,

457 4368 594 4424 nihil
630 4366 864 4435 denique
901 4364 1121 4434 penitus
1160 4362 1415 4432 intelligit
1445 4372 1554 4416 tam
1601 4358 1846 4424 Noetus,
1875 4377 2040 4430 quam

2155 1182 2284 1235 ματι
2331 1165 2472 1234 ἁγίῳ
2524 1165 2826 1235 ὠνόμασεν.
2864 1165 2938 1217 Οὐ
3003 1163 3110 1234 γὰρ
3163 1163 3351 1236 ἐπειδὴ
3407 1161 3578 1218 εἶπεν
3606 1206 3622 1229 ,
3679 1159 3767 1232 εἷς

2156 1257 2302 1324 Θεὸς
2325 1297 2339 1320 ,
2381 1258 2512 1329 περὶ
2547 1257 2789 1328 Πατρὸς,
2828 1256 2896 1320 ἐξ
2947 1251 3019 1311 οὗ
3073 1255 3148 1309 τὰ
3199 1255 3399 1310 πάντα
3424 1297 3441 1319 ,
3476 1260 3767 1328 ἠρνήσατο

2156 1351 2318 1406 αὐτὸν
2347 1349 2408 1402 τὸ
2451 1346 2591 1403 εἶναι
2619 1347 2823 1419 Κύριον
2843 1363 2856 1378 ·
2895 1347 3017 1400 οὐδὲ
3045 1347 3206 1400 πάλιν
3234 1349 3426 1419 ἐπειδὴ
3466 1345 3628 1412 εἷπε,
3669 1353 3765 1404 καὶ

2153 1437 2241 1506 εἴς
2271 1443 2490 1508 Κύριος
2552 1435 2784 1504 Ἰησοῦς
2815 1434 3106 1504 Χριστὸς,
3148 1437 3436 1507 ἠρνήσατο
3484 1439 3665 1492 αὐτὸν
3711 1441 3767 1493 τὸ

2155 1526 2292 1584 εἶναι
2339 1530 2504 1583 Θεόν·
2561 1528 2696 1582 ἀλλὰ
2746 1527 2997 1596 καθάπερ
3040 1528 3133 1580 ἐπὶ
3167 1527 3246 1598 τῷ
3293 1529 3477 1598 Πατρὶ
3510 1530 3768 1600 ἠρκέσθη

2155 1624 2246 1676 ἐπὶ
2279 1625 2345 1694 τῇ
2385 1622 2520 1693 μόνῃ
2553 1621 2820 1691 ὀνομασίᾳ
2843 1662 2856 1684 ,
2891 1619 3060 1687 λέγων
3089 1615 3178 1685 εἷς
3205 1619 3354 1686 Θεὸς
3380 1660 3393 1681 ,
3435 1623 3541 1675 σὺν
3579 1623 3641 1675 δὲ
3665 1623 3766 1692 τῷ,

2158 1713 2332 1778 Θεὸς,
2367 1713 2607 1783 δηλονότι
2648 1713 2764 1764 ἐστὶ
2807 1710 2902 1764 καὶ
2935 1711 3184 1777 Kivptoc'
3219 1709 3364 1762 οὕτω
3413 1711 3517 1762 καὶ
3557 1712 3660 1764 ἐπὶ
3691 1712 3767 1779 τῷ

2088 1779 2124 1828 Β
2157 1805 2266 1876 Υίῷ
2289 1779 2529 1872 ἠρκέσθη
2558 1802 2637 1865 τὸ,
2671 1796 2759 1868 εἷς
2785 1803 2998 1870 Κύριος
3017 1817 3032 1830 ·
3060 1801 3156 1853 σὺν
3183 1800 3239 1853 δὲ
3276 1800 3336 1852 τὸ
3356 1801 3376 1830 ¹
3414 1796 3513 1864 εἷς
3545 1805 3766 1870 Κέφιος

2156 1896 2370 1949 σύνεστι
2404 1897 2496 1947 καὶ⁹
2523 1893 2614 1952 τὸ,
2665 1894 2830 1958 Θεός.
2867 1893 3056 1959 Λέγων
3089 1887 3182 1944 οὖν
3220 1891 3353 1961 περὶ
3407 1891 3647 1961 [ἰατρὸς
3677 1894 3769 1943 καὶ

2157 1985 2310 2044 Υἱοῦ,
2344 1985 2405 2038 ού
2437 1983 2635 2052 κοῦφος
2669 1980 2737 2054 ἦν
2782 1982 2890 2037 ἀπὸ
2924 1984 3245 2054 Πνεύματος
3278 1983 3444 2050 ἁγίου
3473 2023 3490 2045 ,
3527 1982 3678 2035 ἀλλὰ
3714 1985 3768 2036 ἐν

2155 2077 2432 2148 Πνεύματι
2464 2077 2635 2146 ἁγίῳ,
2668 2075 2743 2139 ὡς
2767 2074 2903 2145 ἔφην
2929 2117 2942 2139 ,
2988 2073 3311 2142 ἐφθέγγετο.
3345 2074 3533 2127 Εῐωθε
3575 2076 3638 2128 δὲ
3686 2077 3768 2128 ἀεὶ

2153 2170 2212 2222 τὸ
2244 2170 2398 2237 ἄτιον
2432 2167 2655 2238 Πνεῦμα
2703 2167 2763 2219 ού
2805 2167 3062 2219 σύστασιν
3111 2165 3308 2218 ἐαυτοῦ
3348 2166 3699 2234 ποιούμενον
3728 2169 3767 2230 ³.

2155 2262 2241 2314 ἵνα
2279 2261 2354 2332 μὴ
2395 2263 2525 2331 ἡμῖν
2583 2259 2948 2330 ὑπογραμμὸν
3005 2257 3167 2310 δώσει
3218 2257 3314 2310 τοῦ
3352 2259 3492 2329 περὶ
3550 2261 3767 2313 ἑαυτῶν

2154 2353 2248 2404 καὶ
2283 2353 2430 2422 ἡμᾶς
2479 2353 2578 2421 τὴν
2633 2351 2888 2403 σύστασιν
2935 2349 3285 2420 ποιήσασθαι.
3330 2352 3484 2420 ’Ᾱρα
3539 2348 3767 2417 οὗνΕἶς

2155 2443 2300 2508 Θεὸς
2332 2446 2364 2496 ό
2394 2441 2595 2509 Πατὴρ
2617 2482 2632 2504 ,
2673 2441 2740 2506 ἐξ
2793 2438 2864 2497 οὗ
2899 2442 2972 2496 τὰ
3002 2440 3198 2495 πάντα
3220 2481 3235 2504 ,
3271 2441 3373 2494 καὶ
3405 2438 3504 2508 εἷς
3544 2446 3767 2511 Κύμας

2165 2534 2398 2604 Ἰησοῦς
2439 2535 2728 2604 Χριστὸς,
2764 2535 2836 2587 δι’
2872 2529 2944 2590 οὗ
2993 2534 3064 2588 τὰ
3100 2532 3330 2598 πάντα,
3362 2532 3400 2600 ἣ
3456 2535 3538 2587 δι’
3581 2535 3665 2589 ὃν
3699 2541 3768 2590 τὰ

2143 2629 2364 2694 πάντα,
2390 2629 2488 2683 καὶ
2515 2627 2586 2680 ἐν
2616 2627 2682 2678 τὸ
2729 2624 2903 2694 ἅγιον
2935 2624 3200 2690 Πνεῦμα,
3245 2626 3360 2676 οὐκ
3413 2626 3762 2694 ἀλλότριοι·

2145 2725 2318 2787 Θεοῦ,
2349 2721 2710 2776 ἐνυπόστατον
2759 2717 2818 2769 δέ
2868 2717 2926 2769 ὃν
2969 2715 3126 2768 διότι.
3161 2714 3391 2787 Πνεῦμα
3440 2719 3619 2783 Θεοῦ,
3671 2724 3762 2775 καὶ

2146 2816 2374 2886 Πνεῦμα
2413 2809 2696 2883 ἀληθείας,
2727 2813 2822 2866 καὶ
2868 2807 3094 2878 Πνεῦμα
3122 2809 3367 2880 Πατρὺς,
3394 2815 3497 2866 καὶ
3524 2813 3759 2884 Πνεῦμα

2146 2909 2398 2980 Χριστοῦ,

2222 3087 2312 3151 ς’.
2355 3082 2416 3136 Et
2458 3083 2516 3137 δὲ
2556 3085 2683 3153 περὶ
2719 3082 2851 3146 τοῦ,
2901 3081 3264 3136 Ἐκοπίασεν
3300 3068 3763 3148 Αἵγυπτὸς’καὶ

2148 3177 2404 3246 ἐμπορία
2456 3175 2782 3238 Αἰθιόπων,
2837 3178 2892 3228 οὶ
2949 3174 3207 3240 Σαϐαεὶμ
3257 3171 3484 3238 ἄνδρες
3525 3171 3762 3239 ὑψηλαὶ

2147 3266 2248 3319 ἐπὶ
2295 3265 2371 3320 σὲ
2399 3264 2820 3333 διαϐήσονταιο
2853 3265 2948 3317 καὶ
2999 3263 3091 3325 τὸ,
3134 3263 3220 3316 Σὺ
3263 3258 3322 3315 εἷ
3368 3266 3401 3315 ὁ
3441 3261 3629 3327 Θεὸς,
3668 3263 3764 3313 καὶ

2148 3360 2259 3412 οὐκ
2307 3357 2580 3427 ᾔδειμεν-θ
2617 3357 2715 3410 καὶ
2763 3357 2864 3408 σοὶ
2907 3355 3117 3409 δοῦλοι
3155 3354 3440 3417 ἔσονται,
3495 3355 3602 3406 καὶ
3657 3368 3763 3408 za-

2141 3453 2464 3520 ρεύσονται
2491 3452 2686 3503 ὀπίσω
2713 3465 2831 3502 σου
2857 3447 3164 3517 δεδεμένοι
3214 3446 3630 3516 χειροπέδαις,
3668 3447 3762 3501 καί

2147 3545 2218 3597 ἐν
2238 3544 2337 3597 σοὶ
2367 3541 2808 3611 προσεύξονται
2833 3557 2846 3569 ·
2880 3539 2968 3593 ὅτι
2999 3540 3072 3592 ἐν
3106 3539 3209 3593 σοι
3253 3539 3404 3601 Θεός
3428 3540 3602 3593 ἐστι’
3666 3539 3761 3592 καί

2147 3633 2259 3685 οὐκ
2289 3630 2420 3700 ἐστι
2465 3629 2609 3695 Θεὸς
2650 3628 2819 3697 πλὴν
2849 3629 2991 3682 σοῦ.
3023 3629 3108 3682 Σὺ
3139 3628 3251 3695 γὰρ
3280 3623 3338 3681 εἷ
3367 3631 3399 3681 ὀ
3431 3628 3618 3693 Θεὸς.
3666 3629 3761 3682 καὶ

2147 3725 2260 3777 οὐκ
2295 3723 2576 3792 ᾔδειμεν,
2616 3725 2648 3775 ό
2691 3720 2839 3786 Θεὸς
2877 3720 2984 3775 τοῦ
3038 3719 3282 3788 Ἰσραὴλ
3308 3759 3324 3782 ,
3367 3721 3584 3790 Σωτήρ
3606 3736 3622 3749 ·
3669 3721 3763 3790 οὐχ

2145 3816 2279 3886 ὁρᾷς
2299 3855 2313 3877 ,
2345 3815 2510 3884 φησιν
2536 3855 2551 3876 ,
2584 3814 2666 3868 ὃτι
2710 3808 2790 3876 εἷς
2818 3813 2950 3876 Θεὸς
2981 3814 3160 3875 ἐστιν;
3217 3812 3315 3865 Ἐκ
3343 3811 3455 3864 τῶν
3493 3814 3763 3868 τοιούτων

2146 3909 2256 3977 γὰρ
2286 3906 2466 3976 ῥητῶν
2487 3947 2500 3969 ,
2541 3903 2616 3969 ὼς
2645 3905 3005 3977 ὑπεδείξαμεν
3024 3945 3038 3968 ,
3066 3903 3128 3957 οὐ
3171 3905 3312 3957 νοῶν
3346 3905 3419 3958 τὰ
3455 3906 3762 3977 εἰρημένα,

2146 3998 2284 4054 ἀλλὰ
2308 4000 2630 4069 πανούργως
2661 3997 3008 4067 περικόπτων
3040 3995 3140 4058 τὰς
3161 3995 3392 4065 Γραφὰς
3413 4036 3427 4056 ,
3489 3995 3633 4062 λοξὰ
3668 3996 3763 4066 μιν

2145 4092 2504 4163 διηγούμενος
2529 4134 2543 4155 ,
2568 4089 2992 4160 ἀνθυπερδάτως
3014 4089 3071 4142 δὲ
3097 4089 3338 4156 εἰσάγων
3369 4089 3506 4151 τοὺς
3538 4088 3761 4158 λόγους,

2146 4185 2248 4238 οὐκ
2274 4183 2584 4246 ἀκολούθως
2613 4183 2708 4236 καὶ
2738 4183 2868 4252 ’περί⁵
2903 4180 3040 4236 πόδα
3070 4181 3375 4249 φθέγγεται
3396 4221 3412 4242 ,
3452 4179 3591 4235 οὕτε
3644 4180 3762 4236 καθ’

2146 4276 2338 4346 εἱρμὸν
2367 4275 2634 4346 διηγεῖται
2672 4277 2700 4327 ὁ
2735 4273 2944 4342 Νοητὸς
2964 4315 2978 4338 ,
3009 4271 3042 4342 ἦ
3071 4272 3120 4324 οἱ
3155 4271 3214 4338 ἐξ
3253 4271 3430 4325 αὐτοῦ
3456 4272 3764 4344 Νοητιανοὶ

2145 4368 2376 4423 νοοῦσιν.
2399 4369 2608 4436 Ὥσπερ
2644 4383 2708 4434 γε
2743 4365 2898 4435 κακῷ
2917 4365 3040 4418 κυνὶ
3068 4363 3245 4434 ὄνομα
3290 4362 3434 4417 λέων
3463 4364 3629 4434 (99),
3673 4366 3764 4419 καὶ

455 4461 549 4534 qui
589 4461 660 4516 ab
701 4473 768 4517 eo
813 4456 1063 4512 Noetiani
1111 4455 1394 4510 dicuntur.
1450 4454 1628 4522 Atque
1683 4459 1743 4506 ut
1798 4454 2039 4524 pessimo

2149 4463 2270 4524 τοὺς
2300 4461 2436 4532 μηδέ
2465 4460 2633 4523 ὅντως
2667 4457 2910 4531 ὁρῶντας
2939 4455 3165 4510 καλοῦσι
3214 4453 3391 4507 πολλὰ
3425 4454 3759 4524 βλέποντας.

455 4554 672 4611 cuidam
696 4553 818 4608 cani
852 4564 1246 4621 nonnunquam
1273 4547 1447 4603 leonis
1481 4562 1680 4602 nomen
1714 4547 2036 4617 imponitur,

453 4663 517 4702 ac
570 4660 744 4702 caecos
802 4645 971 4699 multa
1024 4643 1275 4698 videntes
1334 4643 1644 4712 appellant,
1679 4650 1732 4695 et
1780 4641 1850 4695 fel
1879 4641 2040 4696 dulce

453 4740 789 4801 nominatur,
824 4745 878 4792 et
918 4742 1131 4791 acetum
1190 4735 1296 4788 mel
1332 4748 1361 4787 a
1409 4733 1741 4804 quibusdam
1781 4740 2036 4787 vocatum

449 4841 563 4898 est,
590 4838 645 4884 et
673 4829 912 4899 denique
940 4821 1138 4891 Furias
1173 4825 1424 4880 nonnulli
1459 4823 1792 4880 Eumenidas
1824 4840 2040 4890 nuncu-

452 4930 652 4991 parunt
686 4941 697 4975 :
737 4923 810 4976 ita
844 4921 898 4974 in
950 4919 1060 4975 illis
1089 4919 1362 4974 accidisse
1404 4918 1652 4973 videmus
1676 4959 1690 4982 ,
1723 4929 1783 4974 ut
1812 4925 1867 4974 et
1894 4917 2039 4972 Noe~

524 5085 539 5114 ¹
574 5079 679 5136 lsa.
715 5097 841 5146 διν,
875 5080 961 5145 Η,
1003 5081 1088 5134 15.
1167 5077 1263 5132 'F.
1297 5077 1392 5149 τῷ.
1495 5080 1516 5108 ⁸
1555 5077 1614 5130 F.
1658 5082 1854 5136 ποιεῖν.

523 5219 634 5290 (99)
665 5219 892 5290 Ὥσπερ
921 5233 986 5285 τε
1015 5216 1345 5290 κακῷγκυνὶ
1372 5217 1560 5285 ὄνομα
1581 5213 1759 5290 ῥέων.
1796 5215 2032 5290 insignis

451 5285 795 5344 ad'ea'mdem
831 5285 1160 5342 sententiam
1192 5289 1344 5340 locus
1383 5295 1469 5341 est
1504 5303 1575 5341 ex
1607 5285 1839 5342 Helladii
1871 5287 2039 5342 Chre-

453 5357 757 5414 stomathiis
794 5354 1225 5426 apudPhotium
1253 5356 1409 5409 ε”Οτι
1437 5357 1500 5408 τὸ
1527 5356 1603 5426 μῂ
1630 5356 1810 5424 λέγειν
1835 5355 2035 5426 δύσφη-

453 5447 532 5498 μα
564 5432 698 5498 πᾶσι
727 5423 846 5498 τοῖς
869 5424 1119 5498 παλαιοῖς
1140 5425 1258 5498 ’μὲν
1277 5423 1538 5498 ,φροντὶς
1560 5423 1651 5495 ἦν,
1696 5423 2032 5498 μάλισταδὲ

448 5494 561 5566 τοῖς
592 5495 918 5566 Ἀθηναίοις.
948 5495 1039 5545 Διὸ
1069 5494 1163 5545 καὶ
1185 5496 1252 5566 ’τὸ
1271 5494 1646 5566 δεσμωτήριον
1674 5494 1881 5566 οἴκημα
1907 5498 2032 5550 ἐκά-

448 5565 592 5638 λουν,
615 5562 723 5638 καῖ
739 5567 837 5638 τὸν,
852 5564 1045 5638 δήμιον
1061 5562 1262 5638 κοινὸν,
1282 5563 1382 5638 τὰς
1404 5563 1461 5616 δὲ
1500 5562 2034 5638 ἘριννύαςἘύμενί-

449 5635 568 5703 δας,
609 5633 644 5702 ἢ
680 5633 881 5703 σεμνὰς
906 5631 1070 5703 θξάς,
1104 5631 1166 5703 τὸ
1207 5631 1262 5683 δὲ
1300 5631 1469 5703 μῦσος
1508 5631 1662 5703 ἄγος,
1705 5636 1768 5688 τὸ
1819 5631 2034 5703 δὲ’δξος

455 5702 600 5776 μέλι,
632 5700 860 5776 ήκαζτῇν
892 5701 1056 5776 χολὴν
1099 5700 1377 5764 γλυκεῖαν,
1405 5702 1496 5753 τὸν
1535 5702 1590 5755 δέ
1630 5703 1888 5775 βόρϐορον
1912 5700 2034 5776 δέξε-

451 5770 562 5831 τύν,
593 5780 696 5824 etc.
718 5770 792 5823 Ita
829 5772 965 5833 apud
1005 5772 1039 5819 ll
1087 5775 1090 5780 ‘
1286 5780 1504 5831 ‘11th
1533 5770 1884 5843 cst'ca'acit'as,
1912 5770 2035 5831 cum

2143 4552 2237 4606 καὶ
2285 4551 2384 4615 τὰς
2413 4551 2574 4623 χολὰς
2619 4549 2878 4618 γλυκείας
2903 4548 3208 4617 φάσκουσι,
3238 4544 3335 4599 καὶ
3374 4546 3440 4599 τὸ
3473 4545 3606 4611 ὅξος
3639 4548 3761 4617 μέλι

2142 4644 2287 4708 τινὲς
2327 4643 2734 4712 ἐπωνόμασαν,
2796 4640 2890 4694 καὶ
2935 4638 3038 4702 τὰς
3099 4635 3389 4708 Ἐριννύας
3443 4637 3761 4709 Εὐμενίδας

2143 4737 2288 4800 τινὲς
2329 4735 2727 4806 ἐπωνόμασαν·
2782 4730 2926 4786 οὕτω
2957 4731 3050 4784 καὶ
3088 4723 3243 4792 οὗτος
3296 4730 3396 4783 καὶ
3441 4731 3496 4783 οἱ
3532 4733 3636 4784 ἀπ’
3665 4731 3759 4784 αύ-

2147 4827 2239 4881 τοῦ
2259 4866 2274 4891 ,
2309 4825 2524 4898 Νοητοῦ
2561 4825 2700 4895 ἔχων
2728 4823 2898 4894 ὄνομα
2916 4865 2930 4887 ,
2961 4821 3188 4892 ἀνόητος
3224 4820 3472 4890 ὑπάρχει
3500 4861 3517 4884 ,
3583 4823 3681 4875 καὶ
3711 4821 3758 4874 οἱ

2148 4917 2207 4983 ἐξ
2252 4919 2416 4972 αὑτοῦ
2469 4915 2822 4987 ἀνοητοῦντες
2848 4953 2864 4981 ,
2915 4912 3048 4984 μηδέ
3081 4912 3221 4974 ὅλως
3265 4910 3368 4981 τὴν
3424 4913 3755 4966 ἀκολουθίαν

2139 5221 2195 5271 et
2243 5213 2463 5268 radium
2515 5209 2786 5282 signiticet
2824 5224 2859 5282 7a
2901 5201 3612 5282 splendore.._Quo_d_vero
3647 5203 3752 5260 mel

2142 5283 2532 5352 acetumapud
2563 5273 2774 5337 Atticos
2805 5273 3030 5352 dictum
3053 5277 3146 5338 sit,
3193 5273 3248 5328 id
3280 5289 3349 5328 ex
3383 5273 3590 5352 Riinio
3625 5291 3754 5352 con:

2145 5355 2348 5409 ﬁrmari
2379 5345 2541 5424 posse
2574 5353 2790 5408 videtur
2814 5349 2951 5424 :‘qui
2978 5348 3071 5401 lib.
3106 5361 3180 5408 ιι,
3213 5358 3343 5424 cap.
3375 5345 3474 5424 ιδ,
3510 5348 3574 5402 in
3606 5345 3755 5424 omni

2139 5425 2301 5479 melle
2351 5414 2496 5494 q'uod
2549 5439 2646 5494 per
2703 5437 2764 5477 se
2816 5414 2953 5494 ﬂuit,
3011 5425 3228 5494 acetum
3277 5414 3390 5494 diei
3448 5423 3752 5494 memorat.

2141 5485 2464 5563 Quanquam
2489 5485 2591 5549 nos
2617 5508 2825 5564 aegrum
2851 5487 3140 5560 legendum
3170 5499 3296 5564 esse
3325 5485 3755 5564 disptttavimus

2141 5555 2209 5619 a'd
2249 5555 2612 5618 Themistium.
2649 5562 2880 5634 (Potius,
2904 5555 2959 5614 ἐι
2977 5572 3105 5612 vero
3133 5555 3356 5634 melius,
3384 5555 3753 5634 allegandum

2139 5643 2256 5690 erat
2300 5634 2406 5690 hoc
2448 5626 2826 5702 rabbinorum,
2881 5640 3006 5689 an:
3043 5635 3154 5695 DD,
3198 5626 3404 5680 mullus
3447 5626 3600 5698 luce,
3635 5629 3672 5684 ἱ.
3701 5641 3753 5681 e.

2145 5722 2340 5762 σωειιε.
2387 5703 2569 5763 ῡιιιοιι
2597 5706 2615 5775 )
