3952 6186
212 390 352 447 toos
861 395 1234 453 ADVERSUS
1268 396 1611 452 HASRESES
1646 383 1773 451 Lm.

1919 377 2082 451 Ton.
2130 397 2167 450 l.
2212 425 2275 438 .-
2321 395 2595 449 ΗΑΞΒΕΞ.
2637 394 2795 450 ωἰι.
3096 382 3102 387 ’
3336 393 3475 446 eccs

206 508 286 569 ὧν
338 515 534 585 φάσκει
587 516 634 579 ί,
682 517 775 571 καὶ
819 511 894 571 ὧν
949 519 1342 591 προϐάλλονται
1396 515 1655 584 νοοῦντες.
1708 521 1790 584 Ὠς

1901 531 2019 582 tus,
2050 518 2155 574 hoc
2202 527 2286 574 est
2340 517 2693 589 intelligens,
2754 515 3121 587 appellaretur
3161 514 3377 584 ineptus
3422 524 3477 569 et

207 605 302 659 καὶ
348 604 686 679 πληροῦσθαι
733 608 821 660 ἐπ’
856 609 1052 675 αὐτοὺς
1089 612 1151 665 τὸ
1205 612 1494 684 εἰρημένον
1540 612 1646 666 ὐπὸ
1692 611 1786 665 τοῦ

1897 611 2162 683 insipiens
2216 612 2419 676 homo;
2475 618 2529 666 et
2593 609 2701 665 hoc
2759 610 2938 679 ipsum
2993 619 3194 662 nomen
3248 608 3479 677 perinde

202 697 363 765 ἁγίου
398 700 746 754 Ἀποστόλουι
781 702 946 770 Ηήτε
970 702 1010 758 d
1032 705 1284 775 λέγουσι
1300 705 1609 771 νοοῦντες,
1634 703 1789 774 μήτε

204 789 342 858 :upl
368 791 550 843 τίνων
582 792 1079 849 διαϐεϐαιοῦνται.

1897 704 2067 774 inepti
2105 703 2253 759 illius
2295 702 2551 774 discipuli
2586 704 3075 773 consequerentur.
3112 696 3215 767 Qui
3254 698 3475 770 quidem

1901 796 2097 849 eorum
2134 808 2257 864 qua
2283 792 2497 856 dicunt,
2527 802 2592 845 at:
2619 791 2799 860 palam
2838 799 3168 858 proponunt,
3207 790 3476 843 rationem

208 884 773 953 consequentiamque
809 901 915 939 non
942 886 1272 957 intelligunt,
1306 894 1367 941 ut
1396 886 1450 940 in
1489 887 1573 940 his
1595 884 1767 939 sancti
1798 884 2046 956 Apostoli
2078 887 2286 942 dictum
2329 884 2463 939 illud
2503 882 2836 952 impleatur:
2868 877 2981 934 Nec
3010 897 3129 952 qua:
3164 880 3348 935 dicunt
3396 883 3482 934 in-

210 971 302 1026 tell
313 975 526 1039 'gentes,
557 986 647 1022 nec
675 970 738 1023 de
768 973 957 1041 quibus
983 976 1278 1029 asscrunt‘.

279 1071 354 1122 Z’.
392 1068 586 1139 Ὁρᾶτε
612 1067 721 1139 γὰρ
744 1108 757 1133 ,
788 1061 835 1123 ὧ
864 1067 1057 1142 ἄνδρες
1097 1055 1346 1139 ἀδελφοὶ,
1385 1067 1503 1133 πῶς
1524 1065 1797 1139 ἀνώτερον

205 1151 360 1210 εἶπεν
385 1157 419 1227 ή
444 1155 561 1208 θεία
584 1154 807 1228 Γραφὴ,
850 1157 1051 1228 μᾶλλον
1089 1157 1147 1211 δὲ
1184 1157 1350 1222 αὐτὸς
1378 1158 1412 1212 6‘
1440 1157 1647 1229 Κύριος
1667 1198 1681 1222 ,
1716 1156 1793 1221 ὡς

206 1247 319 1318 εχει
345 1248 381 1318 ἡ
434 1248 576 1320 ἀρχὴ
614 1251 711 1301 τοῦ
761 1249 1079 1319 κεφαλαίου.
1115 1248 1280 1304 Ὅθεν
1309 1251 1402 1325 καὶ
1427 1250 1666 1304 δεικτέον
1700 1250 1792 1304 ἐπὶ

205 1340 388 1409 πάσης
452 1340 510 1391 ὲν
570 1338 718 1410 αὐτῷ
778 1339 857 1410 τῷ
917 1340 1199 1411 κεφαλαίῳ
1254 1339 1512 1412 ἀληθείας
1575 1352 1637 1392 τε
1695 1339 1791 1393 καὶ

205 1425 546 1493 ὑποθὼεως,
622 1430 703 1482 ὅτι
779 1429 1143 1499 Ἐρωτήσατέ
1184 1446 1261 1500 με
1308 1430 1439 1499 περὶ
1489 1426 1608 1483 τῶν
1642 1427 1790 1483 υίῶν

205 1536 357 1591 μου,
409 1521 508 1575 καί
560 1519 682 1575 τῶν
727 1523 1102 1591 θυγατέρων,
1154 1521 1251 1576 καί
1288 1520 1407 1575 τῶν
1440 1519 1629 1590 ἔργων
1672 1518 1793 1575 τῶν

206 1610 422 1683 χειρῶν
440 1630 559 1682 μου
589 1612 941 1667 ἐντείλασθέ
965 1632 1087 1684 μοι.
1136 1613 1283 1684 Ἐγὼ
1306 1614 1563 1681 ἐποίησα
1587 1652 1601 1676 ,
1636 1615 1789 1683 φησὶ,

205 1704 323 1772 τὴν
360 1702 510 1776 γῆν,
543 1703 640 1757 καὶ
675 1702 993 1770 ἄνθρωπον
1020 1707 1113 1759 ἐπ’
1146 1705 1356 1774 αὐτῆς.
1403 1705 1544 1775 Ἐγὼ
1568 1704 1642 1773 τῇ
1673 1722 1792 1775 χει-

1969 1059 2081 1116 Yll.
2143 1058 2579 1115 Animadvertite
2630 1060 2815 1125 enim,
2873 1061 3075 1120 fratres
3138 1064 3481 1127 charissimi.

1895 1154 2026 1225 quid
2080 1159 2208 1209 ante
2266 1151 2551 1223 Scriptura
2590 1152 2823 1220 dixerit,
2867 1167 2967 1212 seu
2995 1155 3181 1227 potius
3220 1156 3486 1214 Dominus

1892 1246 2046 1318 ipse,
2095 1252 2155 1299 ut
2202 1243 2363 1300 initio
2395 1244 2593 1314 capitis
2630 1249 2899 1315 scriptum
2947 1256 3053 1304 est.
3097 1248 3253 1306 Unde
3281 1266 3347 1307 ex
3388 1269 3483 1308 ve-

1891 1335 2113 1391 rissima
2170 1334 2298 1397 illa,
2344 1349 2468 1404 qua:
2518 1334 2575 1389 in
2616 1341 2732 1389 toto
2777 1336 2956 1405 capite
3008 1347 3121 1405 est,
3169 1342 3487 1397 narratione

1889 1433 2324 1496 argumentoque
2360 1424 2673 1480 Christiana
2705 1426 2836 1481 tides
2856 1436 2942 1484 est
2973 1435 3484 1489 commnnstranda.

1893 1516 1986 1573 Sic
2015 1517 2160 1573 enim
2209 1516 2285 1571 ait
2329 1535 2343 1572 :
2378 1514 2717 1587 Interrogata
2759 1535 2838 1575 me
2880 1522 2945 1574 tle
2983 1520 3114 1589 ﬁliis
3153 1525 3283 1577 meis
3335 1535 3385 1578 et
3414 1528 3486 1596 fi-

1890 1609 2085 1672 liabus,
2106 1618 2153 1663 et
2175 1609 2239 1663 de
2255 1608 2498 1678 operibus
2514 1598 2766 1664 manuum
2790 1627 3025 1666 mearum
3055 1614 3302 1669 mandate
3332 1617 3481 1673 mihi.

1892 1704 2007 1769 Ego
2042 1700 2174 1769 feci.
2239 1701 2452 1770 inquit,
2494 1710 2691 1754 terram
2742 1712 2792 1756 et
2833 1702 3094 1757 hominem
3125 1706 3177 1759 in
3213 1707 3362 1773 ipsa;
3390 1724 3484 1777 ego

205 1797 265 1863 pi
303 1814 423 1866 μου
467 1795 804 1864 ἐστερέωσα
856 1796 965 1850 τόν
994 1799 1255 1865 οἰιρανόν
1281 1817 1293 1829 ·
1332 1798 1445 1869 ἐγὼ
1480 1798 1631 1853 πᾶσι
1663 1798 1786 1865 τοῖς

1897 1808 2055 1845 manu
2083 1807 2198 1846 mea
2230 1790 2452 1859 fundavi
2491 1791 2710 1856 calum;
2746 1809 2836 1863 ego
2870 1793 3115 1849 omnibus
3148 1798 3315 1852 stellis
3348 1813 3487 1867 pra:-

205 1890 449 1961 ἄστροις
478 1888 870 1959 ἐνετειλάμην
888 1906 903 1920 ο
933 1891 1049 1961 ἐγὼ
1076 1891 1285 1962 ἤγειρα
1302 1893 1455 1962 μετὰ
1476 1893 1784 1946 δικαιοσύ-

205 1998 320 2048 νης
356 1980 625 2045 βασιλέα
652 2020 667 2042 ,
698 1980 797 2034 καὶ
838 1980 1028 2041 πᾶσαι
1067 1985 1127 2036 at
1158 1981 1287 2037 ὁδοὶ
1313 1983 1503 2039 αὑτοῦ
1541 1982 1782 2038 εὐθεῖαι.

207 2070 399 2140 Οὗτος
439 2073 819 2142 οἰκοδομήσει
852 2074 968 2144 τὴν
1012 2077 1195 2130 πόλιν
1225 2094 1381 2145 μου,
1417 2074 1516 2129 καὶ
1553 2075 1669 2143 τὴν
1696 2077 1785 2128 αι-

205 2165 561 2236 χμαλωο-ίαν
595 2164 945 2234 ἐπιστρέψει
985 2184 997 2197 ·
1055 2169 1127 2221 οὐ
1184 2167 1336 2238 μετὰ
1381 2168 1620 2238 λύτρων
1645 2208 1659 2231 ,
1714 2170 1787 2221 οὐ

204 2259 351 2328 μετὰ
381 2257 614 2328 δώρων,
646 2255 777 2314 εἷπε
829 2262 1043 2329 Κύριος
1082 2261 1323 2316 Σαϐαὼθ
1347 2280 1360 2292 ·
1401 2258 1519 2316 εἶτα
1553 2263 1738 2317 λοιπόν
1768 2281 1783 2294 ’

216 2352 570 2406 Ἐκοπίασεν
594 2352 916 2421 Αἴγυπτος,
959 2352 1055 2405 καὶ
1081 2355 1139 2405 αἱ
1168 2354 1440 2422 ἐμπορίαι
1469 2355 1784 2416 Αἰθιόπων,

204 2444 397 2498 καὶτὰ
431 2446 595 2515 ἑξῆς*
637 2444 725 2497 ὅτι
779 2444 849 2497 ἐν
891 2445 989 2498 σοὶ
1040 2448 1183 2511 Bede
1213 2447 1403 2500 ἐστιν.
1461 2447 1548 2498 Ἐν
1593 2446 1697 2499 τίνι
1731 2445 1787 2498 δὲ

204 2538 447 2608 φαίημεν
485 2537 600 2592 ἀλλ’
626 2537 658 2608 ἢ
688 2540 745 2589 ὲν
767 2537 847 2608 τῷ
876 2537 1116 2608 πατρῴῳ
1151 2539 1340 2608 Αόγῳ;
1372 2538 1475 2592 Καὶ
1513 2538 1622 2608 γὰρ
1659 2538 1788 2607 ἁλη-

203 2628 314 2692 θῶς
339 2629 469 2691 Θεὸς
494 2629 666 2697 Λόγος
691 2631 720 2681 6
763 2630 886 2693 Υἱὸς
912 2669 926 2692 ,
963 2630 1055 2682 καὶ
1092 2632 1146 2681 ὲν
1172 2629 1319 2700 αὐτῷ
1350 2633 1378 2683 6
1404 2629 1593 2701 Πατὴρ
1624 2628 1787 2697 γινώ-

205 2737 426 2785 σκεται,
465 2720 540 2784 ὡς
589 2720 781 2788 λέγει·
828 2720 891 2773 Ὀ
947 2721 1221 2790 ἑωρακὼς
1272 2722 1377 2791 ἐμὲ
1418 2722 1639 2791 ἐιίψακε
1684 2721 1793 2775 τόν

204 2811 477 2880 Πατέρα·
520 2812 650 2873 καὶ,
705 2812 845 2880 Ἐγὼ
893 2813 1160 2877 ἐδόξασά
1210 2831 1326 2867 σου
1365 2814 1428 2867 τὸ
1470 2815 1655 2884 ὄνομα
1690 2816 1789 2869 ἐπὶ

204 2896 315 2971 τῆς
351 2902 501 2972 γῆς·
539 2901 659 2960 εἶτα
699 2906 893 2969 πάλιν,
929 2907 1011 2959 ὅτι
1054 2906 1201 2976 Ἐγὼ
1254 2906 1459 2975 ἤγειρα
1501 2905 1788 2971 βασιλέα.

203 2997 319 3065 Οὐχ
368 2996 533 3067 ὁρᾷς,
584 2996 665 3049 ὅτι
718 2997 867 3067 φωνή
904 2997 1018 3049 ἐστι
1066 2996 1279 3068 Πατρὸς
1318 2998 1351 3064 ἡ
1409 2995 1722 3059 ἰδιάζουσαι,
1757 2997 1791 3067 ἡ

204 3088 493 3159 ἐγείρουσα
522 3087 773 3156 ἐξαυτῆς
802 3088 893 3139 τὸν
938 3087 1190 3158 ἀληθινὸν
1221 3088 1390 3151 Λόγον
1444 3086 1667 3159 βασιλέα
1699 3085 1792 3139 ἐπὶ

1890 1884 2002 1953 cepi
2027 1898 2046 1944 ;
2080 1898 2173 1953 ego
2203 1882 2461 1936 suscitavi
2490 1898 2608 1936 cum
2640 1882 2848 1945 iustitia
2874 1900 3067 1954 regem,
3098 1894 3147 1940 et
3176 1902 3356 1943 omnes
3390 1892 3487 1945 tiu:

1887 1973 2002 2041 ejus
2047 1972 2215 2044 486
2264 1980 2438 2027 recta'.
2476 1971 2588 2026 Iste
2648 1972 2936 2043 tediﬁcabit
2976 1977 3241 2031 civitatem
3280 1995 3483 2043 meam,

1889 2074 1938 2119 et
1996 2066 2353 2131 captivitatem
2410 2076 2697 2127 convertet,
2767 2083 2870 2120 non
2940 2083 3059 2120 cum
3111 2070 3311 2137 pretio,
3384 2089 3488 2125 non

1890 2170 2007 2206 cum
2060 2155 2384 2217 muneribus,
2416 2155 2489 2208 ait
2542 2154 2802 2210 Dominus
2848 2159 3226 2212 exercituum'.
3284 2159 3487 2215 Dcittdu

1892 2244 2080 2299 subdit
2107 2263 2119 2298 :
2147 2243 2437 2299 Laboravit
2470 2243 2758 2315 Egyptus,
2778 2256 2829 2300 et
2861 2249 3239 2317 negotiationes
3271 2249 3486 2304 Ᾰὲιίιίο-

1889 2353 2049 2407 pum,
2104 2345 2157 2391 et
2212 2346 2444 2398 czrtera,
2493 2339 2739 2407 quoniam
2780 2340 2831 2391 in
2872 2348 2921 2392 te
2960 2338 3102 2393 Deus
3146 2350 3244 2394 est.
3284 2341 3343 2395 ln
3374 2359 3485 2413 qui;

1890 2443 2019 2483 vero
2067 2430 2208 2489 alio.
2258 2444 2422 2498 quam
2456 2430 2508 2483 in
2565 2438 2794 2499 paterno
2847 2428 3023 2485 Verbo
3079 2431 3246 2487 Deum
3304 2433 3484 2492 inesse

1891 2521 2178 2576 dicemus?
2230 2520 2367 2575 Vere
2418 2522 2623 2591 quippe
2684 2520 2825 2575 Deus
2869 2522 3105 2577 Verbum
3154 2522 3327 2580 Filius
3363 2538 3480 2589 est;

1892 2613 1945 2665 in
1981 2626 2156 2683 eoque
2211 2612 2565 2681 cognoscitur
2614 2611 2805 2675 Pater,
2863 2613 3324 2683 quemadmodum
3366 2617 3482 2688 ipse

1895 2712 2126 2759 testatur
2154 2723 2167 2757 :
2196 2703 2300 2770 Qui
2326 2703 2452 2757 vidit
2481 2720 2578 2766 me,
2600 2703 2727 2757 vidit
2754 2714 2804 2758 et
2830 2703 3046 2759 Patrem
3071 2706 3124 2771 ος
3151 2706 3281 2762 item
3316 2727 3328 2762 :
3368 2708 3480 2778 Ego

1892 2799 2192 2869 gloriﬁcavi
2250 2814 2437 2852 nomen
2490 2807 2636 2851 tuum
2688 2800 2740 2852 in
2790 2799 3004 2865 terra';
3063 2800 3261 2856 deinde
3304 2820 3317 2855 :
3369 2802 3481 2874 Ego

1895 2890 2147 2945 suscitari
2210 2905 2398 2958 regem.
2449 2890 2508 2942 ln
2559 2905 2669 2958 quo
2733 2904 2916 2945 nonne
2973 2892 3250 2962 propriam
3299 2892 3483 2948 Patris

1892 2987 2078 3029 vocem
2099 2977 2370 3046 agnoscis,
2391 2994 2514 3048 qua:
2528 2995 2714 3033 verum
2730 2995 2794 3032 ex
2813 2994 2933 3034 sese
2948 2977 3187 3034 Verbum
3211 2982 3483 3046 excitans,

1892 3064 2091 3136 Regem
2121 3071 2367 3125 omnium
2400 3072 2702 3138 mnstituit,
2731 3087 2857 3125 eum
2903 3072 3135 3138 scilicet,
3161 3088 3325 3142 quem
3351 3090 3477 3127 vere

204 3181 412 3244 πάντας
432 3221 446 3245 ,
470 3179 561 3233 τὸν
606 3180 665 3246 ἐξ
694 3178 858 3233 αὐτοῦ
892 3178 1161 3248 ἀληθινῶς
1184 3178 1510 3249 γεννηθέντα
1540 3179 1790 3250 ἁνὰρχως

1897 3175 1955 3215 ex
2005 3176 2093 3227 se,
2149 3163 2266 3218 sine
2303 3164 2413 3219 ullo
2456 3165 2614 3218 initio
2664 3181 2729 3219 ac
2772 3175 3050 3236 tempore,
3100 3167 3329 3239 genuit?
3374 3168 3477 3234 Qui

203 3274 300 3326 καὶ
332 3272 611 3343 ἁχρόνως;
655 3274 749 3335 Ὃς
772 3272 865 3324 καὶ
899 3272 1085 3342 ἤγειρε
1129 3272 1287 3325 πάλιν
1320 3271 1481 3327 αὐτὸν
1513 3271 1603 3324 τὸν
1639 3270 1792 3337 βασι-

202 3362 306 3415 λέα.
331 3401 345 3424 ,
375 3362 449 3423 ὼς
474 3361 621 3430 λέγει
672 3363 700 3414 6
744 3361 897 3429 ἅγιος
943 3360 1260 3424 ’Λπόστολος
1288 3399 1301 3422 ,
1334 3361 1557 3430 φάσκων
1576 3377 1589 3390 ·
1620 3363 1691 3414 Ei
1724 3359 1793 3412 δὲ

205 3449 278 3505 τὸ
323 3451 564 3521 Πνεῦμα
597 3450 701 3505 τοῦ
745 3450 1087 3519 ἐγείραντος
1128 3450 1386 3518 Χριστὸν
1437 3451 1506 3504 ἐκ
1563 3450 1793 3519 νεκρῶν

202 3543 362 3598 οἰκεῖ
409 3544 479 3596 ἐν
540 3542 719 3613 ὑμῖν,
777 3547 809 3596 ό
860 3542 1092 3611 ἐγειζοας
1141 3542 1399 3610 Χριστὸν
1443 3542 1511 3595 ἐκ
1566 3540 1794 3607 νεκρῶν

204 3634 556 3701 ζωοποιήσει
592 3635 692 3689 καὶ
730 3634 804 3689 τὰ
834 3634 1023 3701 θνητὰ
1056 3633 1302 3704 σώματα
1344 3633 1514 3703 ὑμῶν
1545 3633 1643 3687 διὰ
1685 3630 1792 3686 τοῦ

198 3727 592 3793 ’ἐνοικοῦντος
644 3728 989 3796 Πνεύματος
1020 3726 1230 3780 ἀὐτοῦ
1288 3727 1358 3779 ἐν
1413 3724 1556 3794 ὑμῖν
1582 3740 1593 3751 ·
1645 3724 1793 3785 ὅπως

208 3819 413 3894 συνάδῃ
460 3818 532 3874 τὰ
569 3820 882 3890 προφητικὰ
931 3822 1040 3882 τοῖς
1098 3819 1477 3880 ἀποστολικοῖς
1504 3858 1519 3882 ,
1576 3817 1670 3870 καὶ
1723 3814 1791 3867 τὰ

206 3911 543 3966 ἀποστολικὰ
578 3915 691 3974 τοῖς
729 3911 1103 3980 εὐαγγελικοῖς
1127 3953 1142 3975 ,
1198 3912 1290 3964 καὶ
1339 3909 1408 3962 τὰ
1459 3907 1793 3978 εὐαγγελικὰ

206 4007 324 4068 τοῖς
373 4004 748 4067 ἀποστολικοῖς
773 4045 788 4069 ,
854 4006 947 4057 καὶ
990 4003 1059 4056 τὸ.
1117 4001 1451 4056 ἀποστολικὰ
1498 4004 1609 4064 τοῖς
1656 4017 1790 4072 προ-

206 4097 480 4168 φητικοῖς.
678 4146 681 4149 ,

286 4184 444 4243 Εἶτα·
477 4190 711 4257 Ἠγειρα
731 4186 1017 4252 βασιλέα.
1054 4187 1164 4242 Καὶ
1201 4182 1302 4240 ὧδε
1336 4187 1365 4239 6
1397 4184 1626 4256 ὲγείρων
1653 4186 1790 4255 Χρι-

210 4280 340 4336 στὸν
371 4281 437 4334 ὲκ
468 4279 695 4352 νεκρῶν.
753 4280 809 4332 Ὀ
841 4279 898 4333 δὲ
929 4281 971 4344 ’,
1015 4280 1114 4331 Ἐν
1160 4276 1260 4332 σοὶ
1296 4277 1439 4342 Θεός
1472 4276 1645 4330 ἐστιν
1666 4315 1681 4340 ν
1716 4276 1793 4341 ὡς

211 4371 607 4445 μυστηριωδῶς
642 4372 712 4426 τὰ
738 4373 915 4427 πάντα
965 4371 1058 4424 καὶ
1105 4370 1422 4442 θαυμασίως
1455 4368 1722 4442 διηγεῖται
1757 4371 1791 4440 ἡ

209 4463 334 4516 θεία
356 4462 545 4533 Γρσφή
567 4464 579 4515 !
612 4462 821 4532 Ὥσπερ
850 4463 957 4533 γὰρ
985 4463 1044 4515 ὲν
1071 4460 1185 4532 ναῷ
1216 4461 1381 4534 σαρκὶ
1406 4461 1427 4491 ³
1454 4461 1790 4531 προεωρᾶτο,

1889 3253 2109 3318 quidem
2143 3253 2392 3306 eumdem
2425 3272 2617 3309 rursus
2636 3253 2837 3322 Regem
2866 3256 3142 3319 excitarit,
3174 3266 3229 3310 ttt
3257 3270 3483 3310 sanatus

1892 3341 2188 3413 Apostolus
2205 3341 2294 3396 his
2313 3341 2498 3397 verbis
2518 3340 2790 3412 expressit
2810 3358 2823 3394 :
2848 3341 3000 3408 Quod
3019 3343 3065 3396 si
3079 3341 3313 3413 Spiritus
3342 3344 3479 3414 ejus,

1892 3434 1982 3503 qui
2019 3433 2294 3488 suscitavit
2317 3431 2587 3487 Christum
2614 3450 2647 3486 α
2677 3434 2922 3497 mortuis,
2963 3432 3172 3487 habitat
3216 3436 3270 3490 iu
3297 3437 3482 3499 vobis;

1892 3527 1981 3596 qui
2013 3527 2286 3579 suscitavit
2317 3524 2590 3580 Christum
2614 3542 2646 3578 a
2675 3527 2923 3585 mortuis,
2949 3527 3233 3595 vivi/icabit
3255 3539 3307 3584 et
3342 3547 3484 3583 mor-

1895 3617 2029 3670 talia
2086 3630 2309 3686 corpora
2379 3626 2551 3671 vestra
2607 3633 2699 3686 per
2757 3618 3142 3673 inhabitantem
3221 3618 3482 3689 Spiritum

1893 3718 2047 3757 suum
2087 3703 2142 3756 in
2191 3702 2333 3757 vobis
2365 3703 2421 3769 ⁸,
2456 3713 2514 3757 ut
2554 3713 2609 3758 et
2660 3706 3052 3774 prophetarqu
3094 3712 3318 3764 oracula
3353 3727 3477 3765 curn

1895 3794 2245 3865 apostolicis,
2279 3804 2334 3849 et
2362 3795 2663 3865 apostolica
2684 3810 2812 3851 cum
2837 3798 3192 3868 evangeliris,
3229 3810 3283 3857 et
3304 3819 3478 3858 evan-

1899 3886 2073 3955 gelica
2113 3901 2238 3941 cum
2296 3887 2657 3958 apostolicis,
2717 3890 3018 3959 apostolica
3081 3891 3320 3964 denique
3353 3913 3478 3951 cum

1895 3977 2235 4047 propheticis
2262 3980 2633 4034 consentiant.

1966 4175 2226 4247 Sequitur
2254 4196 2267 4232 :
2295 4175 2584 4233 Suscilavit
2635 4195 2821 4251 regem.
2845 4179 2911 4234 Et
2930 4181 3017 4236 hic
3038 4181 3349 4237 declaratur
3366 4185 3478 4246 ille,

1894 4269 1988 4340 qui
2021 4269 2301 4325 Christum
2346 4285 2377 4324 a
2431 4272 2663 4326 mortuis
2697 4273 2977 4329 excitavit.
3024 4276 3093 4330 At
3134 4291 3260 4331 cum
3312 4279 3478 4341 dicit,

1894 4361 1962 4416 In
1992 4373 2041 4417 te
2074 4361 2215 4418 Deus
2257 4372 2336 4418 est
2363 4402 2379 4426 ,
2421 4371 2629 4434 quanto
2678 4380 2803 4420 cum
2856 4369 3156 4438 mysterio,
3209 4385 3484 4441 quamque

1895 4454 2292 4510 admirabiliter
2318 4455 2501 4510 omnia
2534 4453 2820 4526 Scriptura
2871 4474 3027 4515 sacra
3057 4464 3344 4533 proponit!
3383 4462 3481 4516 Et-

207 4553 309 4608 καὶ
344 4552 851 4625 προκατηγγέλλετο
877 4555 943 4624 τῇ
976 4551 1084 4606 τῶν
1130 4551 1431 4623 ἀνθρώπων
1465 4551 1669 4616 ἐλπίδι,
1703 4550 1790 4605 διὰ

1897 4549 2039 4603 enim
2068 4548 2122 4601 in
2164 4563 2332 4604 carne
2349 4590 2377 4629 ,η
2395 4549 2540 4603 velut
2571 4550 2624 4605 in
2666 4546 2867 4622 templo
2910 4555 3144 4623 quodam
3166 4598 3179 4617 ,
3215 4556 3478 4626 praevide-

207 4647 312 4717 τῆς
358 4644 491 4717 πρὸς
542 4644 634 4699 τὸν
680 4644 811 4699 Θεὸν
860 4645 1192 4716 ἐπιστροφῆς
1240 4645 1274 4716 ἡ
1321 4642 1531 4713 θεότης.
1574 4644 1633 4697 '0
1680 4645 1791 4714 γαρ

208 4735 345 4801 Υἱὸς
388 4735 484 4790 τοῦ
525 4735 661 4789 Θεοῦ
694 4733 827 4799 Θεὸς
866 4736 1070 4804 Λόγος,
1113 4724 1189 4801 ὡς
1238 4736 1296 4788 ὲν
1335 4735 1487 4789 πόλει
1518 4734 1650 4808 ἁγίᾳ
1700 4736 1794 4789 καὶ

210 4829 275 4882 ἒν
323 4825 437 4897 ναῷ
468 4825 645 4898 ἁγίῳ,
679 4825 960 4879 τουτέστιν
998 4828 1054 4879 ἐν
1096 4828 1164 4898 τῇ
1210 4825 1342 4897 ἁγίᾳ
1386 4824 1792 4898 ὲνανθρωπήσει

208 4917 312 4974 καὶ
353 4919 603 4989 ὲνσάρκῳ
635 4917 935 4989 παρουσίᾳ,
970 4915 1102 4982 Θεὸς
1146 4917 1222 4970 ὣν
1242 4957 1257 4981 ,
1291 4916 1561 4971 κατοικῶν
1590 4917 1649 4970 ὲν
1679 4914 1790 4986 ναῷ

202 5006 357 5077 ἁγίῳ
407 5004 581 5074 λέγει’
637 5006 875 5062 Λύσατε
919 5007 1027 5060 τὸν
1070 5007 1221 5075 ναὸν
1270 5007 1488 5062 τοῦτον
1513 5048 1526 5069 ,
1570 5007 1668 5061 καὶ
1725 5006 1794 5060 ἐν

207 5097 415 5166 τρισὶν
466 5094 712 5169 ἡμέραις
749 5095 931 5167 ἐγερῶ
968 5098 1173 5152 αὐτόν.
1219 5097 1365 5152 Διότι
1408 5097 1684 5169 μυστικῶς
1723 5099 1794 5152 τὰ

211 5189 396 5243 πάντα
439 5190 714 5258 οἰκονομεί
754 5187 888 5252 Θεὸς
917 5187 1088 5256 Λόγος
1128 5189 1452 5253 ἀποσταλεὶς
1478 5189 1587 5245 ἀπὸ
1623 5189 1795 5243 Πνεύ-

213 5296 389 5350 ματος
417 5281 476 5334 ἐν
498 5281 681 5351 σαρκὶ,
711 5279 805 5333 καὶ
828 5278 1125 5349 σύνδεσμον
1151 5278 1370 5350 ἀγάπης
1397 5279 1611 5344 δεικνὺς
1639 5281 1796 5348 ἐφέλ-

208 5368 391 5434 κεται,
425 5373 520 5426 καὶ
553 5372 854 5442 σμικρύνας
883 5373 1074 5425 ἑαυτὸν
1111 5371 1281 5440 μέγας
1316 5371 1392 5424 ὢν
1425 5372 1556 5437 Θεὸς
1578 5413 1593 5437 ,
1632 5374 1797 5437 αὐτὸς

210 5464 243 5517 6
275 5462 478 5529 Λόγος,
511 5465 576 5516 ἐκ
608 5461 886 5532 Παρθένου
920 5461 1009 5515 διὰ
1054 5462 1373 5534 Πνεύματος
1401 5463 1561 5531 ἁγίου
1601 5482 1796 5535 γεννη-

212 5555 332 5617 θεὶς
366 5554 495 5617 Υἱός
527 5554 683 5619 Θεοῦ,
716 5549 795 5617 εἷς
834 5552 910 5607 ὣν
933 5595 945 5616 ,
982 5553 1172 5607 ἑαυτὸν
1202 5556 1365 5623 σαρκὶ
1396 5556 1489 5607 καὶ
1525 5555 1791 5627 πνεύματι

293 5711 309 5744 ¹
342 5709 404 5767 F.
437 5712 569 5781 φασί
591 5751 606 5775 ,
641 5713 725 5766 vel
776 5711 1087 5781 tacitura-usuL
1167 5714 1187 5743 ³
1213 5707 1270 5763 F.
1315 5711 1375 5763 τὸ
1399 5712 1475 5767 δέ.

1581 5714 1601 5744 ³
1726 5717 1783 5767 ἐν
1815 5716 1993 5787 σαρκί.

1897 4637 2090 4703 batur",
2141 4646 2308 4709 atque
2347 4639 2629 4694 hominum
2677 4642 2789 4710 spei
2825 4657 2925 4710 per
2955 4646 3368 4700 conversionem
3409 4648 3476 4701 ad

1895 4728 2067 4786 Deum
2104 4731 2496 4787 ostendebatur
2528 4731 2806 4787 divinitas.
2845 4733 3125 4805 Siquidem
3153 4735 3247 4793 Dei
3276 4736 3476 4802 Filius,

1896 4837 1960 4876 ac
2010 4822 2154 4877 Deus
2205 4824 2323 4892 ipse
2374 4820 2646 4884 Verbum,
2695 4826 2852 4895 quasi
2907 4826 2961 4879 in
3012 4836 3197 4883 sancta
3243 4830 3479 4901 quadam

1896 4915 2033 4971 urbe
2087 4915 2450 4987 religiosoque
2500 4917 2733 4988 templo,
2779 4917 3036 4975 nimirum
3089 4921 3143 4976 in
3200 4933 3482 4997 assumpta

1897 5008 2136 5064 hominis
2179 5016 2374 5062 natura
2410 5016 2464 5063 et
2502 5009 2884 5065 incarnatione
2930 5009 3075 5068 Deus
3109 5014 3404 5078 exsistens,
3428 5015 3482 5070 in

1898 5101 2272 5162 sanctissimo,
2303 5099 2549 5170 inquam,
2587 5102 2789 5172 templo
2820 5102 3078 5158 habitans
3100 5104 3171 5158 ita
3200 5104 3481 5177 loquitur:

1901 5190 2097 5245 Solvite
2155 5192 2406 5261 templum
2454 5192 2578 5258 hoc,
2611 5203 2662 5247 et
2703 5196 2757 5247 in
2798 5193 2967 5249 tribus
3013 5195 3196 5251 diebus
3237 5199 3482 5253 excitabo

1898 5280 2036 5334 illud
2066 5283 2108 5336 ’.
2143 5281 2414 5347 Quoniam
2449 5297 2543 5352 per
2572 5285 2891 5356 mysterium
2920 5285 3268 5343 administrat
3296 5289 3481 5344 onntiu

1900 5390 2023 5430 cum
2056 5392 2225 5431 carne
2263 5377 2467 5433 missus
2500 5393 2530 5430 a
2577 5377 2780 5448 Spiritu
2810 5377 2953 5436 Deus
2997 5378 3265 5442 Verbum.
3317 5392 3484 5453 atque

1900 5469 2271 5524 arctissimum
2334 5469 2621 5540 charitatis
2676 5486 2874 5527 nexum
2916 5475 3214 5529 ostendens
3266 5476 3477 5538 allicit,

1911 5574 2035 5613 cum
2076 5574 2137 5615 se
2169 5561 2474 5631 praesertim
2526 5565 2840 5618 extenuavit
2870 5580 3099 5636 magnus
3148 5567 3265 5637 ipse
3314 5567 3483 5634 Deus,

2088 5720 2108 5748 ⁵
2137 5718 2154 5771 l
2184 5715 2324 5771 Tim.
2364 5735 2402 5783 ι,
2435 5720 2487 5775 7.

2584 5722 2604 5751 ⁸
2636 5720 2738 5777 lsa.
2776 5739 2896 5787 τιν,
2938 5723 2991 5777 ll
3036 5737 3161 5795 sqq.
3257 5726 3276 5756 ‘
3317 5725 3484 5782 .losn.

213 5798 332 5847 utv,
364 5782 418 5836 9.
452 5779 459 5781 ”
496 5783 513 5813 ⁷
548 5780 700 5837 Joan.
740 5798 838 5843 vn,
874 5782 927 5835 4.
1005 5781 1025 5812 ⁸
1061 5779 1214 5836 Rom.
1248 5797 1364 5846 vni,
1403 5784 1486 5835 il.
1566 5786 1586 5815 ⁹
1626 5783 1781 5838 Joan.

1930 5790 2008 5839 l9.
