3794 6204
88 4555 127 4566 α

202 329 326 386 1009

858 336 1233 401 ADVERSUS
1275 342 1617 401 HEBESES
1646 344 1778 401 LIB.
1821 344 1886 401 ll.
1927 343 2090 406 ἚΟΜ.
2133 350 2174 406 l.
2210 384 2280 395 —
2314 354 2591 413 HERES.
2631 357 2808 415 LVIII.

3312 359 3446 417 H10

195 442 490 542 ύπετίθετο.
540 450 663 505 Ἐπὶ
697 452 903 519 πάντας
928 520 935 523 _
957 458 1060 528 μὲν
1096 453 1189 513 οὖν
1219 459 1295 514 ὣν
1328 461 1481 525 Θεὸς,
1524 460 1666 532 ἔχων
1708 468 1714 510 ἐ

1878 461 2065 521 Omnia
2094 468 2221 523 mihi
2252 471 2452 527 tradita
2493 483 2671 529 sunta
2712 474 2868 528 Patre
2908 488 3042 539 meo,
3080 479 3443 542 accurateque

196 533 321 589 ἴδιον
379 540 545 595 αὐτοῦ
606 544 846 617 Πατέρα,
907 549 965 601 ὲν
1021 549 1353 620 τῷλέγειν·
1420 550 1765 621 Ἆπέρχομαι

192 625 338 693 πρὸς
368 628 480 683 τὸν
528 635 779 704 Πατέρα.
830 638 892 690 Et
935 638 993 695 δὲ
1039 636 1106 711 ἦν
1155 642 1317 705 αὐτὸς
1372 642 1581 714 Πατὴρ.
1629 643 1766 714 πρὸς

195 720 338 772 ποῖον
370 721 588 794 Πατέρα
613 727 722 799 ἄρα
751 729 939 801 ἀπῄει,
971 727 1017 785 ὧ
1072 733 1302 804 ἀνόητε;
1347 732 1513 788 Πάλιν
1540 735 1649 807 γὰρ
1676 734 1765 788 λέ·

192 825 297 883 tu?
333 810 468 867 Ἵνα
499 811 650 872 ὦσιν
679 817 770 885 ἐν,
803 821 881 887 ὡς
918 822 1034 891 ἐγὼ
1068 823 1276 878 καὶσὺ
1311 824 1383 880 ἓν
1413 826 1617 896 ἐσμεν.

250 1103 307 1154 I'.
361 1103 473 1157 Ἀεὶ
506 1104 616 1177 γάρ
645 1107 678 1178 ἡ
717 1107 906 1179 Γραφὴ
962 1109 1370 1182 ἀσφαλιζομένη
1402 1108 1500 1174 τὰς
1530 1092 1669 1165 κατά
1700 1112 1762 1166 τὸ

178 1190 344 1262 ἄκρον
398 1194 637 1259 πτώσεις
674 1196 784 1250 τῶν
826 1198 1149 1270 ἀνθρώπων,
1185 1203 1249 1254 ἐκ
1294 1203 1626 1273 πανταχόθεν
1668 1203 1759 1257 τὸν

180 1280 301 1334 νοῦν
336 1283 557 1352 συνάγει
589 1285 680 1339 ἐπὶ
718 1286 816 1358 τὴν
856 1288 1029 1360 μέσην
1060 1290 1159 1360 τῆς
1195 1291 1454 1363 ἀληθείας
1480 1293 1618 1347 ὁδόν.
1647 1294 1758 1347 Καὶ

175 1373 312 1443 πρὸς
358 1375 582 1441 τούτους
635 1378 734 1448 μὲν
764 1382 890 1445 τοὺς
938 1383 1257 1452 νομίζοντας
1290 1384 1569 1457 ἀλλότριον
1618 1382 1756 1440 εἶναι

174 1464 266 1517 τὸν
301 1466 431 1520 Υἱὸν
474 1468 568 1522 τοῦ
618 1472 849 1542 Πατρδς,
888 1474 1030 1545 φημὶ
1068 1475 1124 1528 δὲ
1157 1475 1233 1539 ὡς
1270 1478 1491 1548 ’Ἄρειος
1524 1476 1753 1546 νομίζει,

174 1558 268 1612 καὶ
330 1559 490 1614 ἄλλαι
533 1563 793 1634 αἱρέσεις,
827 1565 1007 1635 λέγει·
1058 1566 1200 1636 Ἐγὼ
1228 1569 1327 1621 καὶ
1365 1572 1398 1623 ό
1439 1567 1643 1638 Πατὴρ
1686 1568 1757 1631 ἓν

169 1649 389 1719 ἐσμεν
428 1654 567 1725 πρὸς
614 1654 673 1707 δὲ
721 1657 847 1720 τοὺς
897 1656 1217 1728 νομίζοντας
1266 1656 1428 1711 αύτδν
1480 1653 1617 1712 εἶναι
1662 1659 1753 1713 τὸν

174 1740 410 1814 Πατέρα,
446 1745 538 1797 καὶ
566 1744 657 1797 τὸν
698 1746 858 1800 αὑτὸν
886 1742 1025 1800 εἶναι
1066 1747 1213 1810 Υἱὺν,
1246 1747 1336 1800 διὰ
1365 1747 1426 1800 τὸ
1451 1747 1749 1819 εἰρηκέναι,

1868 573 1972 615 nos
2020 560 2228 617 docuit.
2251 563 2348 618 Ille
2378 564 2564 635 itaque
2602 581 2767 636 supra
2793 580 2985 620 omnes
3026 563 3169 619 Deus
3208 564 3438 628 exstitit,

1867 664 1992 704 cum
2047 652 2407 711 nihilominus
2457 654 2676 710 Patrem
2712 657 2911 711 habeat
2966 671 3150 712 suum.
3183 653 3338 721 Quod
3375 656 3444 711 iis

1863 742 2048 796 verbis
2096 745 2413 813 expressit:
2458 744 2602 800 Vada
2642 746 2711 801 ad
2755 747 2970 800 Patrem
2988 748 3028 801 ’.
3071 745 3139 798 At
3180 747 3226 800 si
3270 744 3435 798 Pater

1861 842 2008 889 esset
2037 835 2174 904 ipse,
2203 852 2361 906 quem
2400 838 2622 893 tandem
2649 837 2715 891 ad
2750 837 2987 901 Patrem,
3023 852 3056 890 ο
3091 832 3275 899 stulte,
3310 836 3433 889 ‘dis-

1860 925 2110 979 cederet?
2134 924 2207 979 Ita
2235 926 2434 997 quippe
2469 942 2666 982 rursus
2696 928 2937 998 loquitur
2969 945 2980 980 :
3014 924 3079 980 Ut
3109 928 3214 980 sint
3247 942 3433 988 unum,

1860 1015 1997 1067 sicut
2029 1030 2120 1086 ego
2140 1024 2188 1069 et
2219 1024 2276 1069 tu
2301 1034 2460 1070 unum
2484 1034 2665 1071 sumus
2688 1019 2730 1072 ³.

1932 1108 2002 1163 Χ.
2058 1111 2269 1165 Etenim
2325 1108 2610 1181 Scriptura
2664 1111 2769 1164 hoc
2821 1110 3163 1180 potissimum
3211 1123 3433 1174 cavens,

1861 1216 1928 1253 ue
1958 1200 2207 1255 homines
2231 1200 2297 1254 ad
2328 1208 2573 1255 extrema
2600 1213 2830 1268 quaeque
2850 1198 3163 1261 deﬂectant,
3194 1196 3432 1252 medium

1860 1291 1915 1345 in
1963 1293 2213 1347 veritatis
2256 1292 2360 1346 iter
2404 1291 2605 1360 ubique
2652 1305 2874 1345 sensum
2913 1289 3436 1360 intelligentiamque

1858 1383 2154 1453 compellit.
2190 1382 2555 1448 Quamobrem
2600 1388 2662 1435 ut
2710 1381 2816 1434 illis
2859 1388 3134 1445 occurrat,
3179 1380 3273 1448 qui
3312 1379 3438 1435 alie-

1858 1490 1989 1528 num
2022 1489 2050 1527 a
2093 1473 2254 1529 Patre
2283 1462 2480 1528 Filium
2511 1488 2636 1529 esse
2681 1472 3002 1543 praedicant,
3037 1487 3157 1541 quae
3186 1480 3268 1525 est
3293 1469 3433 1534 Arii,

1854 1566 1910 1613 et
1961 1558 2191 1613 aliarum
2232 1566 2508 1614 sectarum
2542 1559 2749 1629 opinio,
2797 1560 2877 1614 sic
2918 1560 3200 1629 loquitur:
3231 1556 3342 1628 Ego
3385 1568 3436 1613 et

1854 1650 2022 1706 Pater
2057 1667 2220 1705 unum
2252 1651 2495 1706 sumus‘.
2543 1652 2748 1706 Contra
2775 1666 2929 1713 vero,
2965 1659 3024 1705 ut
3055 1665 3150 1705 eos
3194 1650 3431 1710 refellat,

1855 1741 1947 1811 qui
2003 1741 2257 1796 eumdem
2291 1757 2417 1797 esse
2446 1740 2665 1797 Patrem
2705 1750 2759 1797 et
2793 1740 2990 1795 Filium
3022 1747 3296 1806 asserunt,
3332 1755 3428 1810 pro

184 1832 329 1902 Ἐγὼ
358 1834 459 1888 καὶ
487 1838 520 1888 ὀ
556 1836 760 1904 Πατὴρ
786 1837 856 1891 ἓν
894 1839 1099 1908 ἐσμεν,
1131 1838 1313 1907 λέγει’
1350 1838 1618 1906 Ποίησον
1646 1840 1714 1892 αὖ

1878 1849 1919 1888 το
1950 1834 2093 1904 quod
2133 1833 2309 1888 dixit:
2344 1833 2452 1904 Ego
2486 1841 2536 1887 et
2559 1832 2723 1887 Pater
2769 1849 2932 1887 unum
2966 1849 3170 1896 sumus,
3217 1832 3290 1885 ita
3326 1832 3433 1886 alio

167 1922 330 1990 τοὺς,
362 1925 463 1978 ἵνα
489 1920 640 1979 ὦσιν
671 1926 760 1992 ἐν,
793 1927 988 1994 καθὼς
1032 1927 1148 1998 ἐγὼ
1183 1927 1281 1983 καὶ
1309 1929 1391 1982 σὺ
1419 1928 1493 1983 ἓν
1525 1929 1743 1998 ἐσμεν

169 2014 253 2067 ἵνα
280 2016 616 2088 καταισχύνῃ
648 2018 855 2088 Νοητὸν
886 2019 980 2074 καὶ
1023 2019 1121 2090 τὴν
1150 2018 1313 2073 αὑτοῦ
1359 2019 1572 2092 σχολὴν,
1601 2037 1745 2092 παρ-

100 2102 103 2105 ’
163 2105 386 2173 αγαγὼν
437 2109 518 2170 εἰς
566 2109 630 2162 τὸ
681 2111 847 2180 μέσον
908 2110 1009 2183 τὴν
1058 2112 1168 2165 τῶν
1223 2111 1481 2183 μαθητῶν
1529 2112 1745 2168 ἕνωσιν.

164 2193 288 2258 Πῶς
325 2196 434 2267 γὰρ
471 2197 937 2272 ἠδύνατονῐῐέτρος
970 2201 1063 2254 καὶ
1104 2201 1354 2272 Ἰωάννης
1373 2243 1387 2265 ,
1419 2203 1586 2256 κο.ὶοὶ
1615 2202 1748 2256 καθ-

162 2284 290 2354 εξῆς
318 2284 456 2341 εἶναι
489 2288 548 2342 ἒν
591 2290 667 2354 ὡς
701 2290 842 2345 κατά
862 2291 1223 2362 συναλοιφήν;
1268 2292 1428 2346 Ἀλλά
1458 2292 1544 2346 διὰ
1572 2293 1634 2347 τὸ
1665 2289 1745 2347 εῖ-

161 2394 248 2430 ναι
278 2379 335 2432 ὲν
372 2381 471 2452 μιᾷ
500 2382 711 2453 ὲνότητι
742 2382 1014 2453 θεότητος,
1052 2384 1145 2437 καὶ
1174 2386 1231 2439 ὲν
1270 2385 1367 2456 μιᾷ
1399 2383 1614 2458 γνώμῃ,
1650 2384 1746 2439 καὶ

158 2469 407 2540 δυνάμει,
439 2474 520 2536 εἰς
546 2472 608 2525 τὸ
630 2473 1073 2545 ἀποκρούσασθαι
1103 2477 1281 2529 πᾶσαν
1314 2476 1568 2529 ὑπόνοιαν
1603 2475 1746 2530 κατά

158 2558 388 2631 θάτερον
430 2563 531 2633 τῆς
562 2563 821 2636 ἀληθείας
848 2567 1307 2638 ὲπανισταμένην.
1338 2569 1603 2633 Φίλιππος
1628 2569 1685 2622 δὲ
1716 2572 1745 2622 6

155 2650 315 2718 ἅγιος
345 2653 641 2718 ἀπόστολος
683 2656 883 2725 φάσκει
902 2673 916 2689 ⁸
951 2658 1158 2723 Δεῖξον
1189 2660 1332 2728 ἡμῖν
1362 2660 1472 2715 τὸν
1512 2661 1744 2732 Πατέρα

150 2758 294 2797 σου.
342 2744 398 2797 '0
418 2744 473 2798 δὲ
502 2741 654 2800 εἶπεν
671 2766 684 2779 ·
711 2750 774 2802 '0
803 2749 1072 2817 ἑωρακὼς
1092 2751 1217 2821 ἐμὲ,
1245 2752 1464 2820 ἑώρακε
1492 2752 1600 2807 τὸν
1627 2757 1744 2808 Πα-

151 2832 315 2901 τέρα.
361 2835 473 2888 Καὶ
505 2837 605 2890 ούκ
645 2833 795 2892 εἶπεν
819 2851 832 2867 ⁸
853 2838 1000 2909 Ἐγώ
1022 2841 1139 2908 ειμι
1172 2843 1205 2895 ό
1234 2841 1436 2910 Πατήρ
1456 2859 1468 2871 ·
1522 2842 1656 2896 ἀλλὰ
1681 2841 1742 2895 τὸ

149 2925 261 2995 ἐμὲ
310 2930 573 2997 σημαῖνον
608 2930 677 2983 τὰ
714 2930 728 2961 ²
782 2932 973 2985 ἑαυτὸν
1018 2932 1192 3002 λέγων
1216 2949 1231 2965 ·
1287 2933 1348 2986 τὸ
1392 2933 1475 2999 δὲ,
1522 2933 1767 3003 ἑώρακε.

148 3018 260 3071 τὸν
293 3018 545 3087 Πατέρα,
577 3020 676 3091 οὐχ
711 3022 901 3075 ἑαυτὸν
946 3022 1139 3093 λέγων.
1175 3023 1337 3077 Ἀλλο
1357 3024 1466 3095 γὰρ
1496 3024 1577 3091 τὸ,
1612 3028 1737 3093 τὸν,

145 3111 249 3163 καὶ
286 3109 414 3163 ἄλλο
439 3112 519 3173 τὸ,
544 3112 670 3181 ἐμὲ,
716 3115 811 3167 καὶ
845 3115 972 3169 ἄλλο
999 3116 1138 3186 ἐγὼ,
1170 3117 1265 3171 καὶ
1293 3116 1381 3179 ἓτε
1390 3135 1480 3189 ρον
1506 3117 1586 3184 τὸ,
1610 3117 1736 3194 ἐμέ.

1856 1923 1979 1978 loco
2009 1931 2267 1994 precatur
2294 1942 2305 1977 :
2332 1922 2446 1978 Fac
2474 1924 2636 1990 ipsos,
2661 1936 2718 1977 ut
2748 1925 2853 1978 sint
2887 1940 3072 1988 unum,
3105 1926 3240 1977 sicut
3269 1940 3359 1993 ego
3381 1932 3433 1978 et

1857 2026 1913 2069 tu
1951 2031 2113 2069 unum
2138 2032 2343 2070 sumus.
2379 2014 2497 2082 Quo
2527 2014 2698 2071 Noeto
2747 2016 2976 2091 ejusque
3020 2017 3220 2072 scholae
3253 2015 3431 2086 pudo-

1855 2121 1970 2160 rem
2007 2108 2258 2172 incutiat,
2299 2108 2428 2162 dum
2458 2108 2604 2162 iliam
2636 2107 3034 2177 discipulorum
3075 2107 3432 2176 conjunctio-

1853 2212 1978 2253 nem
2008 2199 2062 2252 in
2100 2199 2340 2254 medium
2373 2199 2614 2253 adducit.
2641 2197 2761 2264 Qua
2788 2199 2934 2253 enim
2967 2199 3178 2253 ratione
3212 2197 3426 2259 Petrus,

1853 2296 1906 2343 et
1940 2288 2205 2354 Joannes,
2253 2298 2307 2343 et
2352 2289 2534 2343 cmteri
2576 2304 2745 2342 unum
2798 2303 2939 2354 esse,
2978 2288 3123 2342 velut
3174 2288 3226 2340 in
3262 2304 3430 2342 unum

1852 2382 2222 2437 coalescentes
2263 2380 2608 2451 confusique,
2654 2380 2985 2451 potuerunt?
3019 2378 3124 2433 Sed
3161 2394 3227 2434 eo
3266 2379 3430 2433 nimi-

1852 2487 1973 2526 rum
2003 2474 2092 2527 illa
2133 2474 2279 2529 dicta
2313 2482 2462 2539 sunt,
2497 2472 2642 2544 quod
2676 2473 2730 2527 in
2762 2473 2928 2527 unius
2960 2472 3266 2526 divinitatis
3295 2485 3429 2523 cou-

1847 2567 2150 2637 junctiorre,
2201 2570 2501 2639 eademque
2566 2568 2837 2623 sententia
2892 2582 2957 2621 ac
3001 2566 3204 2620 virtute
3247 2554 3469 2618 corisi-'

1852 2668 2021 2725 stant,
2056 2669 2113 2715 ut
2147 2677 2304 2717 error
2338 2662 2518 2717 omnis
2560 2660 2884 2715 excludatur
2915 2673 2978 2712 ac
3026 2657 3263 2719 falsitas,
3311 2670 3430 2723 qua:

1852 2754 2063 2809 utravis
2099 2769 2161 2808 ex
2199 2762 2355 2824 parte
2382 2761 2575 2808 contra
2606 2753 2895 2808 veritatem
2920 2751 3193 2828 insurgat.
3224 2744 3431 2817 Philip-

1851 2860 1955 2915 pus
1990 2861 2123 2900 vero
2155 2845 2441 2915 apostolus
2472 2845 2621 2899 hunc
2650 2845 2705 2898 in
2735 2843 2956 2898 modum
2984 2841 3263 2897 Christum
3295 2838 3432 2893 allo-

1848 2935 2083 3005 quitur:
2118 2934 2346 2991 Ostende
2392 2935 2542 2990 nobis
2597 2934 2812 2991 Patrem
2855 2943 3023 2988 tuum.
3068 2931 3169 2987 Cui
3223 2930 3297 2984 ita
3341 2944 3430 2983 re-

1848 3028 2070 3098 spondit
2102 3048 2114 3082 :
2149 3028 2254 3095 Qui
2286 3028 2420 3083 videt
2451 3044 2553 3092 me,
2576 3028 2712 3082 videt
2733 3035 2783 3081 et
2805 3025 3016 3079 Patrem
3042 3023 3270 3079 meum'.
3310 3021 3427 3105 Non

1847 3119 2025 3174 dixit:
2056 3117 2169 3190 Ego
2217 3137 2337 3174 sum
2365 3118 2685 3174 Patensed
2718 3134 2819 3182 me,
2866 3117 3010 3187 quod
3062 3116 3203 3170 idem
3253 3122 3336 3168 est
3364 3128 3428 3166 ac

144 3202 216 3254 Εί
264 3200 372 3274 γάρ
417 3196 486 3271 ἦν
542 3204 572 3255 6
624 3204 787 3268 αὐτὸς
842 3206 1052 3278 Πατὴρ,
1108 3207 1324 3277 ἔλεγεν⁹
1394 3207 1533 3279 Ἐγώ
1586 3212 1701 3280 εἰμι

1878 3211 2111 3281 eipsum,
2161 3211 2382 3282 adjecit.
2424 3210 2576 3276 Item,
2610 3210 2771 3274 videt,
2813 3209 3011 3279 inquit,
3049 3207 3288 3270 Patrem,
3318 3219 3427 3259 non

142 3291 342 3363 ἐπειδὴ
383 3291 439 3345 δὲ
475 3292 573 3346 οὐκ
611 3294 774 3362 αὐτός
818 3296 967 3351 ἐστιν
1013 3300 1042 3352 6
1086 3299 1296 3371 Πατὴρ,
1334 3299 1468 3353 ἀλλὰ
1507 3302 1536 3354 6
1588 3302 1738 3369 Υἱὸς,

140 3384 368 3455 άληθῶς
405 3383 588 3453 λέγει’
637 3386 700 3440 '0
731 3388 1003 3458 ἑωρακὼς
1038 3391 1162 3461 ἐμὲ,
1210 3390 1433 3460 ἑώρακε
1462 3391 1571 3445 τὸν
1620 3395 1738 3445 Πα-

139 3476 328 3544 τέρα·
380 3479 469 3533 ἵνα
507 3480 917 3552 ἀποκρούσηται
968 3482 1068 3553 τὴν
1107 3482 1202 3536 τοῦ
1250 3484 1460 3554 Ἀρείου
1498 3482 1740 3554 βλασφη-

141 3570 306 3640 μίαν,
352 3573 449 3642 τὴν
479 3571 570 3625 τὸν
596 3573 725 3626 Υἱὺν
754 3573 864 3627 ἀπὸ
899 3574 993 3629 τοῦ
1024 3575 1237 3647 Πατρδς
1265 3574 1664 3647 ἀλλοτριοῦσαν.

1847 3302 2039 3373 utique
2068 3301 2310 3372 seipsum
2347 3312 2764 3358 commemorat.
2800 3302 2961 3356 Aliud
2995 3300 3138 3357 enim
3175 3305 3255 3353 est
3293 3296 3427 3352 arti-

1848 3395 2007 3449 culus
2035 3394 2145 3459 ille,
2179 3393 2291 3458 τόν,
2340 3394 2489 3449 aliud
2547 3409 2871 3464 pronomen,
2911 3392 3046 3464 ἐμέ,
3105 3388 3251 3443 aliud
3291 3383 3425 3455 ἐγώ,

1848 3485 1996 3546 aliud
2036 3483 2159 3557 ἐμέ.
2191 3482 2323 3538 Nam
2369 3485 2414 3539 si
2447 3485 2564 3561 ipse
2588 3484 2750 3540 Pater
2800 3492 2968 3545 esset,
3003 3482 3211 3536 diceret
3247 3476 3431 3549 profe-

1850 3585 1980 3630 cto:
2018 3575 2128 3646 Ego
2162 3594 2300 3630 sum.
2336 3575 2519 3642 Quare
2568 3593 2691 3632 cum
2740 3577 2857 3647 ipse
2883 3575 3045 3629 Pater
3076 3572 3301 3626 minime
3334 3570 3428 3630 sit,

135 3664 246 3719 sed
280 3660 487 3731 Filius,
526 3685 653 3725 vere
697 3669 851 3725 istud
881 3672 1166 3741 usurpavit
1202 3690 1213 3725 :
1261 3671 1364 3738 Qui
1388 3671 1527 3726 videt
1582 3686 1702 3737 me,
1768 3671 1902 3738 videt
1934 3682 1991 3726 et
2050 3670 2419 3745 Patrem;_ad
2464 3672 2811 3728 rcfutandam
2856 3671 2969 3724 Arii
3013 3665 3425 3738 blasphemiam,
3466 3698 3477 3706 -

135 3772 275 3833 qua:
296 3757 496 3817 Filium
526 3764 729 3819 alienat
756 3779 786 3816 a
817 3762 997 3819 Patre.

218 3850 314 3902 Διὸ
341 3851 441 3920 τῆς
474 3853 654 3925 πάσης
683 3854 907 3926 Γραφῆς
936 3852 1125 3922 σαφῶς
1153 3854 1280 3924 περὶ
1313 3854 1568 3926 ἀληθείας
1606 3856 1736 3927 ἡμῖν

131 3941 251 4012 τὴν
279 3939 399 3994 ὁδὸν
428 3941 849 4014 ὑποτιθεμένης,
896 3944 990 3996 καὶ
1033 3942 1219 3996 τοῦτον
1250 3942 1338 3997 τὸν
1380 3944 1611 4016 Νοητὸν,
1642 3945 1739 3999 καὶ

132 4032 250 4103 τὴν
281 4031 446 4086 αὐτοῦ
490 4034 723 4107 αἵρεσιν,
766 4032 1082 4104 Νοητιανῶν
1133 4051 1296 4107 φημι,
1346 4036 1442 4089 σὺν
1476 4037 1595 4099 ταῖς
1642 4034 1739 4088 ἄλ-

133 4122 274 4184 λαις
320 4123 562 4193 αἱρέσεσι
610 4123 1020 4199 παρωσάμενοι,
1050 4123 1237 4196 ὥσπερ
1297 4126 1625 4197 ὀστρακίτην
1649 4124 1741 4181 τὸν

134 4212 485 4285 καλούμενον
514 4214 800 4288 δράκοντα,
832 4215 923 4269 τὸν
953 4216 1028 4288 μὴ
1054 4217 1349 4288 δυνάμενον
1388 4216 1738 4287 κάμπτεσθαι

132 4311 203 4361 ἐν
241 4306 323 4378 τῷ
351 4307 713 4362 καταδιώκειν
741 4309 1043 4381 ἄνθρωπον,
1077 4310 1212 4381 μήτε
1254 4309 1403 4374 δεξιά
1434 4309 1571 4382 μήτε
1598 4309 1738 4363 εὐώ-

130 4416 317 4468 νυμα,
369 4399 718 4464 ἐκκλίναντες
771 4401 879 4454 ἀπὸ
924 4400 1088 4455 αὐτοῦ
1134 4419 1192 4454 τε
1249 4402 1343 4455 καὶ
1391 4401 1490 4473 τῆς
1542 4401 1736 4468 ἑαυτοῦ

125 4581 240 4634 τὸν
276 4580 397 4635 νοῦν
426 4582 798 4654 ἀκοντίσωμεν
820 4583 955 4654 πρὸς
973 4584 1221 4654 διήγησιν
1250 4584 1344 4637 καὶ
1382 4582 1604 4655 ἔλεγχον
1630 4583 1738 4636 τῶν

126 4675 202 4724 ἐν
249 4660 441 4737 αὐταῖς
474 4673 912 4747 ἑπινενοημένων
963 4673 1111 4735 κατά
1147 4675 1247 4747 τῆς
1295 4674 1551 4755 ἀληθείας
1596 4674 1739 4749 ξενο-

124 4766 197 4824 λε
207 4765 362 4839 ξιῶν.
1234 4750 1238 4754 ³

460 5013 465 5020 .
639 4971 829 5025 ΚΑΤΑ
868 4973 1282 5041 ΟΥΑΛΗΣΙΩΝ,

174 5062 177 5065 ’
217 5060 549 5130 Ἱῂιιικοστὴ
591 5063 790 5132 ὀγδόη,
823 5067 861 5134 ἠ
893 5067 989 5141 καὶ
1029 5069 1409 5138 πεντηκοστὴ
1441 5068 1660 5136 ὀγδόη..

212 5146 300 5202 Α’.
330 5147 467 5221 Περὶ⁷
498 5150 819 5221 Οὑαλησέων
848 5152 1120 5224 ἀκούομεν
1152 5154 1434 5218 πολλάκις,
1464 5155 1524 5208 ού
1557 5155 1743 5227 μέντοι

1915 3843 2048 3911 Quae
2078 3860 2200 3900 eum
2230 3844 2302 3898 ita
2347 3845 2477 3907 sint,
2521 3860 2584 3903 ac
2621 3861 2743 3900 cum
2783 3860 2955 3905 sacrae
2981 3861 3179 3909 omnes
3209 3846 3429 3902 Litterae

1845 3936 1991 3997 viam
2022 3936 2181 3990 nobis
2216 3936 2483 3999 veritatis.
2505 3936 3245 4007 certissime.demonstrent,
3279 3951 3429 4011 post-

1846 4042 2009 4097 quam
2044 4026 2276 4082 Noetum
2312 4027 2501 4090 istum,
2524 4029 2592 4083 ab
2619 4044 2795 4099 eoque
2825 4039 3175 4101 propagatum
3204 4030 3425 4087 Noetia-

1847 4135 2042 4175 norum
2072 4120 2500 4199 “asceam,
2539 4135 2646 4175 una
2677 4135 2802 4174 cum
2832 4121 3060 4192 reliquis
3104 4123 3426 4193 repulimus,

1847 4212 2077 4282 perinde
2122 4229 2196 4269 ac
2241 4215 2534 4268 draconem
2583 4213 2759 4277 illum,
2803 4215 2899 4284 qui
2948 4216 3270 4281 ostraeites,
3313 4217 3429 4273 sive

1847 4313 2105 4359 testaceus
2150 4305 2383 4370 dicitur,
2430 4305 2679 4376 quicum
2718 4305 2996 4369 hominem
3050 4310 3425 4379 persequitur,

1847 4412 2025 4467 neque
2058 4396 2113 4451 in
2143 4397 2415 4464 dextram,
2457 4412 2636 4468 neque
2671 4396 2726 4451 in
2771 4397 3055 4459 sinistram
3093 4409 3306 4470 partem
3337 4399 3431 4458 lle-

131 4490 371 4561 σχολῆς,
411 4493 506 4545 καὶ
562 4492 883 4564 μοχθηρίας,
918 4493 1010 4545 ἐπὶ
1043 4494 1142 4556 τάς
1175 4492 1303 4563 ἑξῆς
1342 4472 1569 4562 δυνάμει
1602 4493 1714 4547 Θεοί

1878 4497 1991 4544 tere
2024 4504 2084 4544 se
2118 4490 2228 4545 ullo
2261 4490 2423 4543 modo
2461 4499 2672 4560 potest:
2705 4490 2773 4545 ab
2802 4491 2896 4545 illo
2929 4490 3172 4555 demum,
3198 4494 3431 4564 ejusque

1840 4583 2048 4645 schola,
2078 4590 2132 4638 et
2165 4583 2512 4654 improbitate
2554 4582 2918 4646 declinantes,
2964 4582 3032 4636 ad
3075 4592 3305 4640 caeteras
3338 4585 3427 4640 di-

1842 4678 2099 4746 vinaope
2129 4676 2251 4732 freti
2276 4677 2515 4735 animum
2539 4677 2886 4746 adjiciamus,
2932 4684 2991 4729 ut
3022 4678 3341 4746 peregrinas
3369 4686 3423 4734 et

1846 4768 2121 4823 absurdas
2152 4767 2366 4823 dicendi
2394 4769 2640 4829 rationes
2664 4768 2933 4822 adversus
2962 4769 3240 4824 veritatem
3274 4770 3329 4826 in
3358 4770 3425 4827 il-

1848 4858 1916 4915 lis
1943 4860 2278 4931 excogitatas
2311 4868 2594 4930 pertexere
2643 4876 2707 4915 ac
2746 4863 3074 4933 redarguere
3121 4865 3423 4935 possimus.

2280 4971 2561 5027 CONTRA
2608 4972 2960 5037 VALESIOS,

2138 5062 2367 5119 H-wresis
2400 5064 2739 5129 XXXVIII,
2769 5068 2876 5122 sive
2912 5066 3142 5122 LVIII.

1917 5154 2390 5228 LSmpenumero
2428 5159 2497 5214 de
2546 5158 2778 5215 Valesiis
2825 5162 3172 5229 audivimus,
3222 5163 3296 5217 ita
3327 5170 3427 5218 οια-

119 5238 398 5310 ἓλ’*ιηυμεν
439 5239 565 5304 ποῦ,
611 5241 696 5306 τίς
730 5242 762 5314 ἢ
812 5243 977 5298 πόθεν
1022 5245 1268 5315 ὡρμᾶτο,
1304 5246 1338 5317 ἢ
1393 5246 1445 5299 τί
1478 5245 1672 5315 λέγων,
1707 5251 1714 5276 έ

1878 5264 1972 5305 aen
2002 5257 2062 5304 ut
2089 5250 2159 5305 de
2186 5250 2403 5304 illorum
2438 5259 2667 5307 auctore
2690 5251 2938 5319 Valente,
2967 5254 3189 5309 ubinam
3222 5254 3271 5311 is
3298 5272 3426 5326 gen-

116 5334 507 5406 νουθετῶν,ἢ
563 5336 933 5408 φθεγγόμενος
983 5337 1011 5391 ὁ
1063 5340 1276 5412 Οὐάλης
1305 5333 1481 5407 οὗτος.
1515 5342 1588 5396 Τὸ
1640 5343 1739 5413 μὲν

1847 5340 1982 5394 lium
2036 5340 2223 5404 fuerit,
2269 5349 2364 5394 aut
2405 5340 2679 5397 undenam
2731 5342 3005 5401 excitatus
3056 5344 3252 5410 fuerit,
3306 5362 3426 5417 qute

111 5429 341 5493 ἤνομα,
392 5427 689 5499 Ἀραὸικὸν
722 5429 798 5499 (1)
843 5429 1107 5503 ὑπάρχον,
1152 5431 1275 5485 τινὰ
1307 5431 1561 5486 ὑπόνοιαν
1606 5434 1714 5502 ἡμῖε

1878 5432 1993 5487 lius
2028 5431 2194 5496 dicta,
2226 5448 2348 5502 quae
2369 5441 2641 5503 praecepta
2668 5447 2733 5489 ac
2775 5450 3057 5493 sermones
3084 5438 3427 5502 exstiterint,

109 5519 333 5574 δίδωσι
376 5519 726 5593 διανοηθῆναι
783 5520 991 5588 τοῦτον,
1050 5524 1143 5576 καὶ
1186 5525 1284 5595 τὴν
1316 5522 1480 5577 αὐτοῦ
1525 5524 1737 5595 αἵρεσιν

1845 5525 2087 5580 nondum
2117 5525 2424 5596 comperire
2460 5521 2821 5598 potuerimus.
2855 5526 3178 5601 Quanquam
3210 5547 3276 5587 ex
3307 5531 3425 5603 ejus

206 5660 231 5693 ⁸
273 5660 398 5715 Cor.
434 5669 694 5733 στμαῖνον
726 5665 803 5719 τό.
883 5668 902 5698 ¹
940 5664 1096 5722 Joan.
1136 5681 1247 5727 rm,
1288 5666 1369 5719 ll).
1445 5664 1651 5724 8“Joan.
1692 5683 1714 5720 κ

1878 5666 1939 5721 τε.
2019 5666 2035 5696 ³
2066 5665 2224 5723 Jban.
2255 5683 2305 5734 κ,
2332 5668 2420 5723 30.
2496 5671 2515 5701 ⁸
2554 5668 2709 5724 Joan.
2751 5688 2860 5736 xiv,
2894 5672 2946 5736 8,
2987 5673 3041 5729 9.

207 5817 302 5889 (Ι)
350 5819 414 5874 Γιῗι
445 5820 560 5891 μὲν
606 5821 789 5889 ὄνομα
829 5821 1158 5887 Ἀραὸίλιιόν.
1195 5818 1305 5874 Imo
1339 5817 1594 5876 Latinum
1676 5818 1885 5877 Valens.
