3794 6206
215 335 346 390 Nl?)

878 328 1241 388 ADVERSUS
1281 333 1621 390 HERESES
1659 332 1782 389 LIB.

1987 333 2102 389 OM.
2146 335 2186 390 1.
2231 367 2299 377 --
2331 337 2604 395 ΗᾹΞΒΕΒ.
2639 334 2822 392 LVIII.

3325 326 3464 382 10H

215 449 360 517 παρὰ
405 447 464 501 ἓν
507 447 664 518 μέλος
699 448 966 516 γίνεσθαι,
994 450 1105 503 τῶν
1137 451 1310 505 ἄλλων
1345 452 1418 522 μὴ
1458 451 1613 505 τοῦτο
1643 452 1781 521 πλη-

1985 461 2076 516 ert,
2110 453 2257 522 quod
2293 453 2364 508 ab
2396 453 2502 510 illis
2535 452 2845 509 asseritur?
2875 448 3010 503 Cum
3041 447 3184 501 enim
3211 444 3465 497 universa

219 537 447 608 ρούντων
473 555 486 602 ;
516 536 578 592 Ei
615 538 671 592 δὲ
698 537 968 608 ἐγείρεται
1023 540 1084 591 τὸ
1125 539 1282 610 σῶμα
1313 541 1608 614 (ἐγείρεται
1632 543 1784 614 γὰρ),

216 627 328 692 πῶς
357 629 631 698 ἐνδέχεται
661 629 740 683 ἔτι
770 633 828 683 ἐν
864 629 1110 701 βασιλείᾳ
1159 610 1404 704 οὐρανῶν
1426 610 1664 704 λῶϐησις
1707 610 1790 702 χί-

216 722 429 784 νεσθαι;
464 722 534 773 Ἦ
571 722 687 784 πῶς
719 724 816 774 οὐκ
849 723 1000 775 ἔσται
1036 723 1290 795 ἀπρεπὴς
1319 727 1352 794 ὴ
1395 724 1640 794 βασιλεία
1679 726 1789 778 τῶν

214 810 470 881 οὐρανῶν,
513 813 732 881 ἐπισινῆ
775 811 1004 882 σώματα
1029 815 1225 884 ἔχουσα
1253 815 1390 886 πρὸς
1422 816 1610 882 δόξαν;
1643 817 1705 870 Ei
1731 816 1788 869 δὲ

213 895 346 958 ὅλως
372 898 466 949 καὶ
496 897 732 968 τμηθείη
781 899 842 951 τὸ
885 901 1043 969 μέλος
1075 901 1136 954 τὺ
1167 903 1537 968 σκανδαλίζον,
1573 906 1680 977 ἄρα
1712 906 1792 958 τέο

215 1003 435 1056 τμηται,
477 989 571 1041 καὶ
611 991 708 1060 οὐχ
734 991 968 1061 ἥμαρτε.
1019 992 1236 1065 Τμηθὲν
1274 994 1353 1060 δὲ,
1383 996 1478 1048 καὶ
1522 995 1596 1066 μὴ
1624 999 1796 1068 ιίιμαρ⁶

216 1075 404 1173 τησαν,
438 1077 567 1130 αὐτὸ
597 1078 676 1131 δεῖ
708 1079 922 1151 πρῶτον
953 1083 1170 1138 πάντων
1200 1084 1494 1155 ἀναστῆναι
1522 1084 1596 1156 μὴ
1625 1087 1798 1159 ἁμαρι

215 1179 405 1232 τησαν.

1889 543 2132 597 niemhra
2184 543 2409 598 cteleste
2440 558 2668 612 regnum
2715 540 2938 608 minime
2976 535 3187 607 ingredi
3228 532 3463 603 possint,

1888 633 2020 702 quid
2055 633 2248 688 attinet
2280 649 2390 687 uno
2421 633 2600 688 solum
2644 630 2885 686 mutilari
2941 627 3207 691 membro,
3243 638 3367 676 cum
3412 621 3468 676 id

1888 723 1995 776 alia
2048 738 2393 793 nequaquam
2454 717 2940 792 perﬁciantilam
2994 731 3124 771 vero
3171 714 3218 770 si
3267 725 3468 780 corpus

1886 816 2158 870 excitatur
2189 816 2291 884 (uti
2328 828 2455 868 vere
2488 811 2729 881 accidit),
2772 817 2924 864 estne
2977 815 3037 862 ut
3064 810 3117 861 in
3145 820 3315 876 regno
3358 818 3471 858 cas-

1889 910 2065 963 lorum
2117 920 2373 960 mancum
2426 903 2631 973 aliquid
2683 903 2754 957 sit
2792 909 2897 956 aut-
2934 899 3229 954 mutilum?
3281 895 3473 950 Nonne

1890 995 2068 1064 turpis
2099 991 2348 1063 quaedam
2376 991 2618 1046 caelestis
2663 989 2810 1043 illius
2851 990 3003 1058 regni
3035 986 3219 1040 futura
3259 984 3474 1055 species

1892 1093 1998 1148 est,
2029 1086 2075 1138 si
2107 1092 2360 1137 truncata
2385 1082 2629 1136 membra
2659 1080 2727 1134 ad
2765 1079 3152 1148 sempiternam
3187 1076 3334 1129 illam
3360 1075 3477 1143 glo-

1894 1177 2030 1230 riam
2078 1173 2478 1228 admittantur?
2531 1170 2802 1226 Praeterea
2864 1170 2911 1224 si
2967 1168 3278 1224 membrum
3320 1164 3475 1229 illud,

215 1257 368 1359 quod.
390 1259 706 1314 scandalum
740 1263 964 1332 praebet,
995 1266 1300 1320 abscissum
1328 1265 1512 1332 fuerit,
1575 1275 1916 1338 amputatum
1948 1270 2137 1338 utique
2159 1275 2282 1332 est,
2338 1281 2404 1321 ac
2429 1265 2658 1336 proinde
2684 1279 2786 1320 nec
2810 1265 3078 1344 peccavit.
3142 1257 3300 1325 Quod
3351 1270 3476 1311 cum

218 1349 290 1402 ita
325 1350 418 1412 sit,
464 1355 701 1420 primum
737 1355 983 1412 omnium
1020 1371 1310 1427 resurgere
1341 1361 1518 1428 ipsum
1549 1369 1785 1429 oportet,
1815 1362 1958 1432 quod
1984 1361 2208 1415 minime
2243 1359 2572 1429 peccaverit.
3031 1339 3034 1344 I

286 1441 360 1496 I".
404 1445 557 1498 Ὅσοι
594 1447 650 1499 δὲ
678 1451 756 1512 εἰς
783 1449 844 1502 τὸ
875 1450 1164 1522 πρόχειρον
1204 1451 1280 1524 (ιι)
1308 1453 1467 1506 τοῦτο
1511 1453 1671 1526 ἔργον
1717 1455 1796 1509 έν-

217 1531 422 1604 τολμοι,
455 1535 563 1588 ἀπὸ
598 1538 812 1592 πάντων
843 1541 1069 1604 ἑαυτοὺς
1106 1541 1400 1612 ἠθέτησαν,
1433 1543 1530 1598 καὶ
1567 1544 1801 1614 ἀπηλλο-

217 1624 478 1694 τρίωσαν.
505 1626 641 1680 Οὔτε
675 1628 782 1700 γὰρ
816 1630 1008 1703 ἄνδρες
1045 1634 1152 1685 εἰσὶ
1196 1632 1283 1686 διὰ
1328 1635 1390 1686 τὸ
1422 1636 1794 1707 ἀφῃρημένον,

219 1715 340 1770 οὗτε
385 1723 642 1786 γυναῖκες
687 1721 945 1777 δύνανται
993 1720 1133 1778 εἶναι
1176 1725 1262 1779 διὰ
1301 1727 1363 1779 τὸ
1413 1728 1564 1798 παρὰ
1613 1727 1796 1796 φύσιν.

222 1806 498 1878 Προέλαῦε
535 1810 552 1840 ¹
581 1810 637 1862 δὲ
672 1813 766 1866 καὶ
802 1815 836 1883 ἡ
869 1813 962 1867 τοῦ
1000 1815 1264 1884 στεφάνου
1310 1815 1404 1869 τοῦ
1442 1816 1674 1884 ἀγῶνος,
1709 1817 1803 1872 καὶ

224 1895 476 1966 βραϐεῖον
507 1899 697 1953 τούτου
728 1903 1035 1972 ἐπωνυμία.
1066 1903 1197 1957 Οὐδὲ
1223 1904 1471 1976 ὁπότεροι
1494 1905 1602 1976 γὰρ
1629 1907 1802 1975 φανήο

225 2001 407 2038 σονται
459 1980 604 2042 οὗτοι
654 1989 764 2044 τῶν
797 1990 968 2062 τριῶν
1004 1991 1210 2056 τάξεων
1239 1993 1346 2045 τῶν
1391 1993 1661 2064 εὐνούχων
1695 1993 1805 2048 τῶν

218 2073 327 2128 ὑπὸ
358 2077 563 2148 Κυρίου
592 2080 935 2150 εἰρημένων.⁴
955 2081 1089 2135 Εἰσὶ
1121 2082 1251 2151 γὰρ,
1286 2085 1471 2152 φησὶν,
1499 2083 1802 2153 εὐνοῦχοι,

218 2168 278 2224 οτ
303 2171 372 2224 ἐκ
400 2174 632 2238 κοιλίας
649 2174 876 2242 μητρὸς
898 2173 1096 2228 αὐτῶν
1110 2175 1548 2245 ἐγεννήθησαν.
1578 2177 1806 2230 Ἐκεῖνοι

221 2261 330 2332 γὰρ
378 2263 612 2316 ἀναίτιοί
643 2266 749 2316 εἰσι
797 2266 895 2335 τῆς
940 2265 1122 2319 αὐτῶν
1164 2266 1482 2335 εὐνουχίας·
1517 2265 1641 2317 οὔτε
1699 2267 1807 2337 μὴν

220 2351 495 2422 ἁμαρτίαν
532 2351 762 2421 ἔχοντες,
804 2353 891 2406 διὰ
937 2353 997 2407 τὸ
1046 2354 1216 2418 οὕτως
1263 2354 1621 2425 γεγενῆσθαι·
1677 2353 1803 2408 οὔτε

222 2440 383 2493 πάλιν
408 2441 681 2511 ἁμαρτίαν
713 2443 1002 2514 δυνάμενοι
1037 2445 1318 2515 πράττειν,
1350 2446 1448 2515 τὴν
1478 2445 1806 2514 ἀφροδισίων

224 2532 367 2601 φημί
392 2549 404 2561 ο
453 2534 642 2604 ἐπειδὴ
682 2534 755 2605 μὴ
804 2535 1016 2604 πέφυκε
1059 2537 1246 2599 αὐτοῖς
1289 2537 1356 2589 τὰ
1390 2537 1678 2592 παιδοποιὰ
1709 2539 1804 2610 δρ-

222 2638 385 2686 γανα,
429 2621 508 2679 τὰ,
543 2625 608 2675 ἐκ
650 2624 782 2677 Θεοῦ
833 2625 1187 2696 κεκτισμένα.
1247 2625 1397 2678 Ἀλλ’
1443 2625 1566 2680 οὔτε
1619 2628 1810 2698 μισθὸν

224 2709 442 2788 ἔχουσιν
468 2714 750 2784 εὐνουχίας
779 2715 1056 2785 βασιλείας
1077 2717 1344 2788 οὐρανῶν,
1383 2718 1470 2771 διὰ
1500 2719 1558 2772 τὸ
1597 2721 1810 2788 ἀγῶνος

229 2805 675 2878 μὴ’μεμυῆσθαι
705 2811 747 2859 ³.
791 2809 855 2861 Ei
901 2809 957 2862 δὲ
1006 2811 1100 2862 καὶ
1145 2810 1445 2879 ἐπιθυμιῶν
1502 2812 1811 2884 μεμύηνται

224 2897 275 2947 oi
313 2894 562 2961 τοιοῦτοι,
603 2897 677 2969 μὴ
714 2899 1001 2970 δυνάμενοι
1045 2901 1327 2972 πράττειν,
1381 2902 1474 2955 καὶ
1522 2901 1596 2973 μὴ
1638 2904 1811 2975 πράτο

226 3003 432 3050 τοντες,
473 2988 662 3059 μισθὸν
691 2990 792 3043 οὐκ
823 2990 1054 3060 ἔχουσιν.
1089 2992 1166 3044 Οὐ
1211 2991 1321 3062 γὰρ
1356 2993 1443 3045 διὰ
1475 2993 1537 3046 τὸ
1567 2994 1640 3066 μὴ
1689 2994 1812 3065 βού-

1978 1455 2064 1510 Ill.
2105 1454 2308 1510 Verum
2335 1454 2651 1524 quicunque
2691 1453 2759 1506 ad
2793 1451 2898 1503 hoc
2927 1445 3362 1518 perpetrandum
3399 1444 3484 1498 fa-

1904 1550 2063 1603 cinus
2103 1548 2340 1618 prompti
2396 1555 2524 1602 sunt
2577 1556 2630 1601 et
2672 1545 2930 1608 audaces,
2976 1543 3045 1594 ab
3091 1539 3240 1592 omni
3287 1550 3485 1607 genere

1907 1637 2189 1692 hominum
2218 1638 2430 1691 alienos
2453 1653 2512 1692 se
2537 1645 2896 1704 extorresque
2932 1631 3199 1686 fecerunt.
3233 1627 3366 1681 Nam
3389 1643 3487 1680 nec

1907 1745 2014 1800 que
2057 1729 2159 1784 viri
2199 1737 2348 1792 sunt,
2387 1740 2606 1798 prepter
2654 1733 2991 1794 amputatam
3048 1721 3194 1775 illam
3238 1719 3488 1788 corporis

1909 1829 2157 1891 partem;
2194 1835 2374 1889 neque
2422 1819 2658 1881 feminae,
2703 1824 3043 1887 repugnante
3086 1814 3298 1868 scilicet
3323 1807 3483 1881 4,91

1907 1922 2120 1969 naturae
2144 1914 2482 1978 conditione,
2516 1927 2638 1967 esse
2671 1918 2926 1982 possunt.
2962 1906 3068 1961 Sed
3091 1913 3146 1961 et
3175 1904 3489 1960 istiusmodi

1905 2002 2226 2057 certaminis
2260 2016 2464 2056 corona
2513 2014 2574 2053 ac
2625 1998 2902 2070 przemium
2946 1993 3312 2064 appellatione
3339 1989 3490 2044 nulla

1907 2094 2125 2163 concipi
2165 2100 2365 2163 potest.
2403 2090 2684 2161 Siquidem
2716 2104 2784 2144 ex
2830 2087 3011 2140 tribus
3043 2084 3349 2155 spadonum
3396 2094 3490 2133 or-

1906 2187 2152 2248 dinibus,
2187 2199 2328 2254 quos
2367 2181 2633 2236 Dominus
2663 2178 2964 2241 recensuit,
3010 2176 3076 2229 ad
3113 2173 3322 2227 nullum
3371 2185 3491 2224 om-

1910 2277 2041 2330 nino
2063 2275 2310 2329 revocari
2346 2279 2598 2343 possunt.
2641 2269 2775 2325 Sunt
2805 2270 2965 2332 enim,
3004 2265 3206 2334 inquit,
3243 2260 3491 2326 eunuchi,

1908 2370 1997 2439 qui
2021 2383 2084 2422 ex
2109 2376 2283 2422 ventre
2311 2366 2498 2420 matris
2525 2380 2636 2418 sua:
2658 2362 2772 2416 nati
2797 2369 2919 2414 sunt
2946 2359 2988 2412 ³.
3019 2357 3096 2410 llli
3129 2370 3255 2410 vero
3287 2353 3492 2408 nullam

1909 2460 2268 2516 castrationis
2299 2474 2411 2513 suae
2447 2457 2665 2525 culpam
2707 2455 3016 2516 sustinent;
3057 2463 3232 2518 neque
3276 2447 3390 2500 ullo
3433 2458 3494 2499 se

1911 2553 2115 2608 scelere
2142 2551 2576 2609 obstrinxerunt,
2623 2561 2689 2602 eo
2715 2543 2860 2615 quod
2893 2545 2965 2596 ita
2991 2543 3044 2594 in
3077 2541 3254 2594 lucem
3278 2535 3496 2608 prodic-

1912 2645 2041 2699 rint.
2088 2641 2194 2697 Sed
2239 2657 2416 2711 neque
2471 2645 2760 2710 peccatum
2814 2635 2984 2688 ullum
3038 2631 3330 2686 admittere
3367 2640 3492 2698 pos-

1913 2742 2062 2800 sunt,
2103 2733 2250 2804 quod
2281 2732 2350 2786 ad
2379 2747 2492 2786 rem
2525 2730 2744 2800 quidem
2774 2739 3062 2781 veneream
3108 2722 3338 2786 attinet;
3369 2733 3494 2773 cum

1913 2825 2177 2881 membris
2213 2825 2322 2878 illis
2364 2831 2609 2882 careant,
2643 2833 2766 2889 quze
2809 2818 2877 2870 ad
2908 2817 3114 2870 sobolis
3153 2811 3499 2884 propagatio-

1915 2932 2036 2971 nem
2074 2932 2104 2970 a
2133 2915 2244 2970 Deo
2277 2923 2407 2969 sunt
2437 2912 2678 2967 condita.
2711 2910 2941 2976 ideoque
2972 2908 3180 2961 nullum
3219 2921 3284 2958 ex
3315 2918 3378 2959 ea
3412 2915 3498 2955 ca-

1915 3006 2182 3062 stratione
2236 3003 2390 3074 regni
2438 3004 2680 3058 caelestis
2706 3001 2999 3071 praemium
3038 2997 3308 3055 obtinent.
3351 2993 3498 3065 quod

227 3077 436 3142 λεσθαι,
482 3078 542 3132 τὸ
575 3079 735 3151 ἔργον
789 3084 916 3152 παρ’
955 3083 1140 3146 αὐτοῖς
1184 3084 1243 3137 ού
1280 3085 1626 3154 πέπρακται,
1676 3087 1782 3140 (illi

1987 3097 2238 3151 rtaminis
2281 3096 2457 3165 ipsius
2489 3110 2556 3149 ne
2603 3093 2956 3148 meminerint
2983 3090 3224 3158 quidem.
3259 3085 3416 3154 Quod
3450 3084 3499 3141 si

225 3169 316 3222 διὰ
363 3169 424 3222 τὸ
471 3169 546 3242 μὴ
593 3150 880 3226 δύνασθαι,
919 3173 1029 3226 Καὶ
1073 3173 1211 3243 αὕτη
1255 3174 1354 3244 μὲν
1469 3175 1660 3245 ἀγωγὴ
1712 3175 1780 3245 τῆ

1991 3188 2280 3258 piditatum
2345 3186 2837 3252 illecebrarumque
2901 3180 3306 3241 recordentur,
3369 3191 3498 3230 cum

228 3262 452 3334 πρώτης
486 3264 591 3318 ὑπὸ
633 3265 840 3336 Κυρίου
890 3265 1188 3337 εἰρημένης
1234 3266 1537 3336 εὐνουχίας,
1587 3267 1684 3337 τῆς
1726 3267 1782 3321 διε

1985 3277 2062 3330 ηοᾱ
2109 3275 2373 3336 factuest
2408 3273 2565 3328 nefas
2599 3275 2812 3328 eflicere
2853 3271 3005 3324 nullo
3052 3268 3213 3322 modo
3261 3265 3498 3337 possint,

226 3355 338 3409 τῶν
387 3356 638 3429 μητέρων
667 3357 1034 3428 γεννωμένης,
1069 3357 1127 3425 ἐξ
1156 3352 1230 3412 ὧν
1271 3360 1331 3411 οὐ
1376 3358 1634 3413 δύνανται
1663 3354 1782 3415 οὗτο

2002 3382 2066 3422 eo
2094 3367 2242 3436 quod
2277 3366 2577 3429 abstinent,
2612 3364 2752 3418 nihil
2797 3362 3064 3418 mercedis
3094 3368 3498 3432 promerentur.

229 3450 521 3520 ὑπάρχεινο
1913 3457 2099 3528 Neque
2139 3457 2288 3512 enim
2336 3473 2404 3512 ex
2437 3473 2525 3522 eo,
2557 3456 2703 3528 quod
2747 3454 3037 3511 admittere
3076 3452 3374 3513 noluerint.
3407 3447 3505 3506 sed

227 3543 376 3614 quod
416 3559 522 3597 non
555 3543 852 3613 potuerint,
888 3558 996 3598 non
1041 3550 1126 3600 est
1159 3545 1228 3600 ab
1282 3545 1392 3600 illis
1418 3543 1634 3601 facinus
1660 3545 1798 3602 illud
1838 3550 2021 3622 reipsa
2046 3552 2373 3623 profectum.
2408 3552 2588 3622 Atque
2617 3552 2722 3606 hoc
2751 3549 2985 3621 primum
3046 3559 3131 3605 est
3197 3547 3503 3620 spadonum

226 3631 416 3705 genus'
433 3633 648 3691 Domini
677 3636 926 3691 oratione
956 3636 1314 3704 declaratum,
1365 3636 1512 3707 quod
1545 3637 1658 3708 jam
1690 3645 1806 3694 tum
1846 3645 2042 3700 matris
2078 3659 2148 3700 ex
2179 3652 2338 3700 utero
2369 3645 2593 3715 prodiit.
2635 3642 2784 3698 Inter
2849 3657 2994 3714 quos
3027 3655 3190 3696 nemo
3226 3640 3350 3694 illos
3415 3651 3504 3692 re-

233 3725 437 3778 tulerit.

303 3816 376 3868 A'.
424 3812 532 3868 Καὶ
583 3814 744 3869 atrir
786 3817 1089 3886 εὐνοῦχοι,
1121 3818 1338 3883 οἵτινες
1377 3818 1496 3872 ὑπὸ
1557 3819 1674 3873 τῶν
1711 3820 1816 3875 ἀν-

233 3903 480 3972 θρώπων
506 3906 1022 3976 εὐνουχίσθησαν,
1055 3910 1220 3980 φησὶν
1259 3911 1288 3960 ὁ
1317 3911 1506 3979 Σωτήρ
1527 3927 1540 3939 ·
1575 3912 1666 3962 καὶ
1692 3908 1814 3964 οὔτε

232 3996 343 4049 ἀπὸ
378 3997 582 4050 τούτων
619 4000 758 4051 εἰσὶν
803 4001 851 4052 oi
905 3999 1314 4071 προειρημένοι.
1362 3994 1519 4054 Οὗτοι
1557 4001 1656 4071 μὲν
1706 4001 1816 4073 γὰρ

231 4089 530 4156 γεννῶνται
551 4107 564 4122 ·
589 4092 637 4144 οἱ
676 4090 732 4143 δὲ
766 4091 870 4144 ὑπὸ
899 4090 1202 4163 ἀνθρώπων
1235 4092 1671 4162 εὐνουχισθέντες
1697 4093 1816 4147 ἓνε-

235 4198 331 4235 κεν
365 4184 673 4254 χρήσεωςῆ
712 4182 995 4256 βασιλικῆς
1027 4185 1060 4257 ἢ
1101 4184 1448 4257 ἁρχοντικῆς.
1493 4183 1816 4255 Βουλόμενοι

239 4274 354 4348 ⁴γάρ
377 4293 522 4340 τινες
549 4275 659 4330 τῶν
690 4276 981 4349 βαρὸάρων
1026 4275 1288 4347 βασιλεῖς,
1317 4277 1350 4348 ἢ
1395 4279 1490 4330 καὶ
1538 4276 1813 4348 τύραννοι,

236 4365 568 4437 ζηλοτυπίας
599 4368 762 4440 χάριν
801 4369 896 4421 καὶ
929 4368 1184 4433 ὑπονοίας
1216 4369 1314 4441 τῆς
1344 4369 1480 4439 πρὸς
1507 4369 1605 4434 τὰς
1638 4385 1815 4440 γαμε-

1992 3816 2081 3872 ιν.
2126 3817 2194 3873 Et
2221 3829 2342 3873 sunt
2377 3826 2622 3880 eunuchi,
2654 3820 2729 3872 ait
2777 3816 3028 3872 Salvator
3051 3856 3066 3880 ,
3128 3817 3219 3886 qui
3249 3817 3314 3867 ab
3343 3815 3508 3870 Itami-

1919 3911 2073 3965 uibus
2111 3912 2336 3965 eunuchi
2370 3911 2504 3980 facti
2540 3919 2687 3974 sunt,
2733 3926 2763 3965 a
2798 3911 2997 3981 quibus
3041 3909 3254 3978 priores
3298 3907 3503 3963 diversi

1921 4012 2068 4055 sunt.
2105 4000 2168 4054 lii
2203 4002 2350 4057 enim
2392 4017 2516 4056 cum
2551 4002 2651 4056 hac
2677 4001 2831 4056 clade
2865 4005 3202 4063 nascuntur;
3233 3996 3505 4066 posterio-

1921 4108 2009 4149 res
2037 4100 2216 4148 autem
2264 4093 2332 4147 ad
2371 4093 2606 4163 aliquem
2651 4107 2838 4162 regum
2871 4098 2963 4145 aut
2995 4088 3302 4161 principum
3346 4103 3504 4144 usum

1923 4190 2171 4243 castrati.
2200 4187 2411 4260 Quippe
2445 4187 2666 4244 barbari
2699 4188 2919 4258 quidam
2952 4200 3128 4255 reges,
3159 4192 3255 4238 aut
3287 4186 3508 4256 tyranni

1922 4281 2190 4351 zelotypia
2243 4289 2408 4351 atque
2463 4281 2516 4334 in
2565 4295 2768 4336 uxores
2822 4292 2950 4335 suas
2993 4277 3308 4348 suspicione
3355 4289 3510 4330 com-

1924 4372 2079 4430 moti.
2121 4371 2412 4426 admodum
2449 4385 2648 4441 pueros
2691 4378 2970 4435 exsecant,
3013 4383 3153 4438 quos
3185 4366 3280 4423 ubi
3326 4366 3510 4422 adole~

237 4431 338 4520 τάς
367 4458 467 4522 τὰς
495 4431 648 4522 ἰδίας,
676 4431 990 4538 έτιηκομιδῇ
1028 4431 1185 4523 νέους
1216 4431 1342 4524 τούς
1376 4431 1782 4531 τταίδας-λαμθά

1985 4464 2123 4528 rint,
2168 4465 2304 4529 suis,
2350 4471 2410 4518 ut
2449 4431 2660 4519 dictum
2709 4472 2814 4526 est,
2871 4431 3197 4531 conjugihus
3253 4458 3510 4514 custodes

236 4563 422 4615 νουσι,
463 4551 558 4603 καὶ
604 4550 973 4620 εύνουχίζουσι
1020 4551 1272 4618 τούτους,
1320 4553 1456 4623 πρὸς
1488 4553 1548 4606 τὸ
1593 4553 1819 4626 ἁνδρυν-

239 4636 430 4700 θέντας
465 4639 815 4692 πιστεύεσθαι
843 4639 940 4703 τὰς
969 4640 1102 4704 ἰδίας
1127 4641 1327 4704 αὐτῶν,
1353 4642 1428 4705 ὼς
1457 4642 1610 4710 ἔφην,
1645 4659 1820 4714 γαμε-

238 4729 356 4791 τάς.
391 4729 502 4782 Καὶ
534 4729 705 4794 οὕτως
735 4732 793 4785 ὲν
824 4730 902 4801 τῷ
936 4733 1126 4803 κόσμῳ
1157 4733 1378 4802 γέγονεν
1407 4735 1440 4805 ἠ
1477 4734 1604 4804 περὶ
1630 4734 1818 4788 τούτου

239 4819 410 4873 αἰτία.
435 4819 599 4873 Ὅθεν
646 4820 787 4891 τάχα
825 4818 977 4892 οἶμαι
1015 4824 1109 4877 καὶ
1141 4823 1202 4877 τὸ
1245 4824 1500 4896 εὐνοῦχον
1539 4826 1826 4880 καλεῖσθαι

239 4911 350 4964 ἀπὸ
375 4910 468 4964 τοῦ
500 4911 702 4964 εὐνοεῖν
731 4912 1011 4978 δύνασθαι,
1032 4914 1450 4986 ἀφαιρουμένων
1481 4915 1591 4969 τῶν
1620 4916 1820 4987 μελῶν,

243 5000 338 5053 καὶ
374 5001 448 5070 μὴ
481 5001 893 5072 ὲπεντρίὸεσθαι
936 5003 1079 5073 μίξει
1124 5004 1232 5057 τῶν
1274 5006 1560 5076 σωμάτων,
1593 5007 1669 5071 ὡς
1711 5007 1822 5062 τῶν

173 5125 187 5133 -
240 5091 489 5160 ¹Βργόινων
527 5093 935 5165 ἀφῃρημένους.
979 5095 1173 5168 Ἑτέρα
1214 5097 1394 5150 τοίνυν
1425 5097 1563 5170 αὕτη
1603 5101 1637 5171 ἡ
1673 5099 1824 5165 τάξις

246 5184 312 5234 ἐκ
347 5183 532 5246 παιδὸς
558 5183 969 5256 λαμϐανομένη,
1000 5187 1093 5239 καὶ
1125 5189 1544 5261 εὐνουχιξομένη
1583 5191 1689 5245 ὑπὸ
1716 5191 1824 5244 τῶν

242 5272 570 5344 ἀνθρώπων,
588 5276 710 5346 οὐχὶ
738 5275 826 5329 διὰ
847 5275 944 5346 τὴν
969 5275 1246 5346 βασιλείαν
1277 5279 1387 5334 τῶν
1415 5281 1680 5352 οὐρανῶν.

322 5432 338 5462 ί
369 5429 608 5510 λῆθε-δυο]
643 5431 774 5487 illud
802 5433 1073 5504 προέλαϐε
1113 5441 1427 5504 suspectum
1455 5435 1586 5490 mihi
1619 5443 1726 5491 est.

2025 5437 2368 5510 μεμνῆσθαι,
2425 5445 2484 5492 ιιι
2521 5445 2575 5492 el.
2615 5444 2806 5508 postea
2854 5437 3177 5508 μέμνηνται.

242 5513 365 5566 xu,
399 5500 489 5556 12.

327 5610 401 5680 (4)
443 5613 615 5669 Ὅσοι
650 5611 718 5668 δὲ
749 5617 837 5682 εὶς
872 5614 936 5667 τὸ
965 5612 1309 5682 πρόχειρονχ
1349 5608 1653 5682 Exscripsit
1681 5611 1829 5668 hunc

247 5679 544 5754 Epiphanii
603 5685 781 5739 locum
812 5679 1180 5754 'Anast’asius‘
1228 5681 1520 5754 episcopus
1541 5679 1827 5754 fﬁicaenus

249 5749 324 5817 Ωζ
355 5749 604 5819 Ἱ,9,,,ιοηι.
637 5755 816 5811 lBibl.
841 5753 952 5809 PP.
982 5752 1072 5811 ubi
1104 5749 1293 5808 Matth,
1327 5749 1505 5806 locum
1539 5751 1692 5812 illum
1759 5765 1837 5809 ει

1927 4555 2244 4611 adhibeant.
2277 4557 2457 4625 Atque
2481 4557 2585 4610 hoc
2618 4554 2779 4609 modo
2811 4550 3138 4608 calamitatis
3166 4549 3312 4605 illius
3345 4562 3513 4602 causa

1927 4644 2067 4700 inter
2118 4645 2368 4701 homines
2412 4645 2630 4700 accidit.
2663 4643 2798 4698 Hinc
2834 4642 3087 4696 fortassis
3131 4648 3188 4694 et
3230 4638 3514 4693 eunucho-

1927 4751 2049 4790 rum
2095 4735 2386 4806 appellatio
2416 4736 2717 4800 derivatur,
2766 4750 2796 4787 a
2832 4733 3000 4788 verbo
3035 4730 3250 4786 scilicet
3275 4729 3510 4795 εὐνοεῖν,

1923 4827 2070 4895 quod
2122 4826 2417 4896 amputatis
2468 4825 2619 4880 hisce
2664 4824 2914 4894 corporis
2956 4821 3206 4891 partibus
3261 4817 3512 4874 benevoli

1922 4933 2046 4973 esse
2075 4917 2320 4986 possint,
2355 4931 2552 4986 neque,
2586 4923 2775 4985 utpote
2818 4912 3081 4968 membris
3106 4911 3214 4967 illis
3249 4908 3510 4974 mutilati,

1927 5009 1994 5063 ad
2065 5023 2360 5078 corporum
2404 5008 2747 5077 complexum
2803 5005 3118 5070 coitumque
3166 5003 3278 5056 sint
3327 5000 3509 5054 utiles.

1926 5096 2025 5151 Hic
2059 5097 2225 5168 igitur
2253 5099 2390 5152 alter
2415 5098 2795 5153 cunuchorum
2826 5094 2961 5150 ordo
2987 5102 3091 5154 est,
3125 5092 3216 5161 qui
3253 5105 3282 5144 a
3313 5089 3510 5160 puerili

1926 5197 2084 5246 aetate
2132 5189 2411 5244 hominum
2469 5190 2612 5246 istud
2671 5204 2833 5246 manu
2897 5201 3005 5241 non
3063 5185 3306 5258 caelestis
3360 5182 3511 5253 regni

1928 5297 2095 5338 causa
2126 5283 2432 5354 patiuntur.

3271 5434 3291 5464 ⁸
3316 5431 3507 5488 Matth.

1931 5629 2182 5746 ἱᾗιι
2217 5620 2576 5690 plurimorum
2606 5618 2830 5678 Patrum
2862 5618 3108 5678 collectis
3133 5616 3416 5674 sententiis
3445 5614 3514 5673 il-
