3846 6116
349 173 487 229 ιηις

1747 179 1804 234 s.
1845 162 2191 236 EPlPilANil

3491 168 3624 225 ἰθίο

418 291 679 363 Sequitur
702 291 900 348 deinde
929 311 940 346 :
976 291 1045 346 Et
1072 301 1195 348 sunt
1224 296 1449 350 eunuchi
1476 297 1567 368 qui
1610 299 1807 368 seipsos
1836 316 1927 353 ca-

2101 299 2205 354 Kal
2228 298 2368 363 εἰσί,
2409 300 2594 369 φησὶν,
2634 293 2940 366 εὐνοῦχοι,
2978 293 3209 360 οἵτινες
3246 289 3621 358 εὐνούχισαν

345 393 645 438 straverunt
678 394 891 454 propter
934 403 1151 456 regnum
1174 390 1212 441 ί.
1250 386 1483 454 Quinam
1524 389 1597 443 illi
1633 406 1756 446 esse
1804 407 1931 462 pos-

348 485 501 540 sunt,
540 476 645 530 nisi
679 478 882 546 egregii
919 476 994 531 illi
1028 479 1264 549 primum
1293 480 1552 549 apostoli,
1602 488 1716 535 tum
1742 497 1934 538 mona-

348 570 466 635 chi,
533 584 596 623 ac
657 570 849 638 reliqui
910 571 1244 642 virginitatis
1294 574 1573 628 cultores?
1610 572 1933 642 Cujusmodi

350 662 503 714 ruere
522 658 763 716 Joannes
795 671 847 716 ct
873 659 1116 719 Jacobus
1148 662 1393 719 Zebedaci
1430 665 1523 719 lilii
1554 684 1567 719 :
1601 665 1695 735 qui
1739 666 1793 719 in
1824 666 1936 720 vir-

348 752 575 823 ginitate
620 754 1003 823 persistentes,
1056 770 1119 808 ac
1158 771 1335 825 neque
1380 756 1624 811 membra
1669 773 1765 811 sua
1814 773 1936 827 pro-

2036 392 2289 459 ἐαυτοὺς
2343 390 2441 445 διὰ
2483 389 2599 458 (ὴν
2637 388 2986 452 βασιλείαν.
3028 388 3188 451 Τίνες
3235 384 3427 438 τοίνυν
3474 376 3630 435 εἶπεν

2034 476 2179 536 οὗτοι
2208 481 2322 536 ἀλλ’
2349 482 2382 553 ἢ
2421 483 2471 534 οἱ
2488 481 2739 548 ’γενναῖοι
2800 470 3111 541 ἀπόστολοι,
3142 474 3243 527 καὶ
3271 470 3629 543 μονάζοντις.

2035 575 2130 628 καὶ
2152 576 2200 628 οἰ
2221 573 2456 644 καθεξῆς
2479 569 2772 643 παρθένοι;
2813 568 3066 637 Ἰωάννης
3096 566 3197 636 μὲν
3226 566 3329 619 καὶ
3366 558 3635 624 Ἰάκωδος

2038 668 2143 721 υἰοί
2178 666 2484 728 Ζεϐεδαίου,
2534 663 2814 735 μείναντες
2866 663 2925 714 ὲν
2969 658 3274 731 παρθενίᾳ,
3323 657 3469 728 μήτε
3522 663 3635 726 μην

2041 758 2196 823 ἰδίαις
2227 759 2383 831 χερσὶ
2413 758 2500 810 τὰ·
2519 756 2655 827 μέλη
2700 752 3099 823 ἀποτεμόντες,
3136 751 3278 821 μήτε
3324 745 3634 816 συναφθέν-

351 844 488 914 priis
546 853 895 913 amputantes
944 846 1233 909 manibus,
1286 864 1464 918 neque
1488 847 1653 919 592
1689 850 1933 919 copulati

2071 865 2128 910 ες
2166 848 2352 918 γάμῳ,
2384 846 2521 900 ἀλλὰ
2559 850 2627 918 τῇ
2670 846 2775 917 ἰδίᾳ
2828 844 3025 916 καρδίᾳ
3066 842 3509 912 ἀγωνισάμενοι.
3539 840 3639 893 καὶ

351 937 581 1006 nuptiis,
618 934 715 992 sed
774 936 958 990 animo
999 952 1065 992 ac
1100 946 1316 1006 pectore
1369 940 1713 1005 dimicantes,
1759 948 1938 996 certa-

355 1028 518 1083 minis
554 1027 711 1089 illius
743 1042 1001 1082 coronam
1049 1030 1375 1096 ac-gloriam
1426 1047 1642 1087 summa
1686 1049 1811 1087 cum
1841 1033 1937 1088 ad-

355 1117 647 1172 miratione
677 1124 1044 1186 reportarunt.
1082 1116 1396 1174 Secundum
1429 1136 1570 1189 quos
1594 1122 1805 1176 inﬁnita
1840 1123 1937 1178 bo-

357 1211 565 1264 minum
586 1210 775 1272 millia,
806 1226 927 1281 quae
948 1211 1004 1265 in
1034 1211 1139 1266 hoc
1157 1214 1362 1268 mundo
1390 1216 1749 1269 monasticam
1768 1216 1937 1271 vitam

354 1301 605 1370 amplexa
652 1309 801 1367 sunt,
846 1302 900 1357 in
943 1305 1292 1360 monasteriis
1338 1305 1721 1377 virginumque
1753 1322 1940 1362 cmno-
1980 1302 1983 1304 ’

356 1392 463 1447 biis
503 1392 746 1462 ejusdem
794 1395 1116 1450 certaminis
1160 1396 1333 1451 decus
1382 1397 1576 1467 adepta
1610 1410 1759 1454 sunt.
1807 1399 1941 1465 Quae

359 1481 609 1538 videlicet
635 1485 837 1539 nullam
867 1501 991 1540 cum
1018 1488 1345 1544 mulieribus
1372 1490 1827 1547 consuetudinem
1852 1490 1941 1545 ha-

354 1577 624 1642 buerunt,
645 1579 739 1633 sed
759 1580 1017 1636 omnibus
1035 1581 1152 1636 suis
1168 1583 1413 1637 numeris
1434 1584 1745 1639 absolutum
1769 1593 1941 1638 certa—

2039 937 2354 1008 θαυμασίως
2381 936 2442 989 τὸ
2472 935 2629 998 κλέος
2647 934 2743 988 τοῦ
2769 934 3037 1003 στεφάνου
3061 932 3255 987 τούτου
3282 929 3383 983 τοῦ
3415 928 3640 999 ἀγῶνδς

2039 1029 2476 1100 ὰπενεγκάμενοι
2495 1045 2507 1058 ·
2556 1027 2673 1097 μετ’
2707 1026 2906 1088 αὐτοὺς
2932 1025 2988 1078 δὲ
3016 1025 3142 1077 ὅσαι
3171 1021 3442 1095 μυριάδες
3464 1024 3526 1075 ὲν
3556 1018 3640 1087 τῷ

2039 1123 2232 1192 κόσμῳ
2268 1120 2610 1191 μονάζοντες,
2643 1119 2739 1172 καὶ
2780 1118 2888 1172 ἀπὸ
2919 1116 3324 1187 μοναστηρίων,
3362 1113 3466 1166 καὶ
3496 1128 3644 1182 mp-

2041 1214 2209 1267 θένων
2240 1213 2391 1266 τουτὶ
2419 1212 2513 1265 τοῦ
2557 1212 2767 1279 ἀγῶνος
2797 1209 2860 1263 τὸ
2902 1208 3060 1271 κλέος
3100 1206 3521 1277 ἀπηνέγκαντο,
3558 1202 3645 1255 οϊ-

2039 1320 2187 1367 τινες
2220 1301 2434 1373 σώμασι
2460 1301 2735 1371 γυναικῶν
2765 1302 2868 1356 οὐκ
2890 1300 3186 1371 ὲμίγησαν,
3214 1295 3355 1350 ἀλλὰ
3385 1293 3643 1365 ἧθλησαν

2043 1397 2101 1449 έν
2131 1394 2304 1464 ἀγῶνι
2331 1394 2653 1464 τελειοτάτῳ
2674 1434 2688 1458 ,
2720 1393 2797 1456 ὡς
2826 1393 2918 1445 καὶ
2951 1389 3141 1453 Ἠλίας
3173 1388 3234 1442 έν
3260 1386 3489 1456 [παλαιᾷ
3519 1390 3649 1437 Δια-

2044 1486 2185 1557 θήκῃ
2214 1484 2549 1557 εὑρίσκεται,
2589 1484 2685 1537 καὶ
2730 1483 2941 1546 Παῦλος
2975 1482 3180 1551 λέγων·
3218 1479 3390 1549 Λέγω
3417 1478 3496 1532 δὲ
3519 1477 3650 1543 τοῖς

2044 1576 2313 1647 ἀγάμοις,
2346 1576 2437 1630 ὅτι
2478 1576 2671 1630 καλὸν
2697 1575 2921 1641 αὐτοῖς,
2954 1573 3066 1627 ἐὰν
3103 1574 3406 1643 μείνωσιν
3451 1570 3653 1635 οὕτως

357 1684 478 1724 men
506 1671 783 1727 obierunt.
818 1671 1045 1737 Qualem
1081 1675 1137 1728 in
1160 1673 1358 1729 Vetere
1383 1674 1734 1731 Testamento
1767 1676 1939 1730 Eliam

2068 1669 2122 1735 bc
2148 1646 2328 1738 κάγώ.
2355 1670 2425 1722 Εἰ
2456 1667 2524 1721 δὲ
2554 1670 2665 1722 οὐκ
2696 1667 3179 1736 ἐγκρατεύονται,
3228 1665 3649 1733 γαμείτωσαν.

358 1762 531 1819 fuisse
554 1765 808 1835 legimus,
839 1781 904 1821 ac
935 1764 1195 1836 deinceps
1222 1766 1474 1832 Paulum,
1508 1768 1756 1838 quidisit
1777 1787 1791 1822 :
1811 1767 1941 1821 Dico

360 1861 538 1906 autem
563 1870 666 1907 non
708 1856 912 1923 nuptis,
944 1857 1196 1926 quoniam
1223 1857 1415 1911 bonum
1456 1869 1535 1912 est
1572 1860 1726 1928 ipsis,
1758 1860 1806 1913 si
1828 1876 1943 1913 ma-

363 1952 521 1997 neant
556 1944 692 1997 sicut
720 1961 845 2016 ego;
900 1948 948 2000 si
976 1956 1154 2000 autem
1202 1964 1305 2001 non
1344 1950 1631 2015 continent,
1674 1944 1939 2004 nubant".

362 2031 649 2098 Quomodo
691 2035 858 2105 igitur
886 2036 1002 2105 ipse
1032 2037 1370 2106 permansit?
1411 2038 1468 2091 Si
1507 2037 1651 2092 enim
1687 2045 1945 2093 exsertus

362 2132 468 2186 cst,
516 2137 569 2181 et
615 2126 682 2181 ad
732 2127 878 2182 illius
921 2130 1229 2199 exemplum
1278 2129 1677 2202 accommodati
1726 2145 1942 2185 manse-

363 2223 512 2282 runt,
548 2218 641 2288 qui
674 2219 723 2274 ei
761 2220 969 2275 similes
996 2230 1202 2284 essent,
1244 2231 1300 2275 ut
1326 2236 1445 2275 eam
1474 2221 1690 2277 consilii
1726 2228 1939 2291 partem

363 2309 670 2378 implerent,
723 2312 860 2364 sicut
918 2328 1010 2382 ego
1046 2313 1518 2382 :lierine/potuit,
1574 2321 1634 2367 ut
1687 2324 1941 2369 exsectus

2046 1763 2172 1825 Πῶς
2200 1758 2293 1816 οὖν
2330 1761 2494 1823 αὐτὸς
2530 1760 2780 1831 ἐμεινεν;
2806 1761 2871 1814 Εἰ
2909 1760 3007 1832 μὲν
3034 1755 3653 1830 γὰραποτετμημένος

2042 1850 2129 1925 ἦν,
2165 1854 2259 1907 καὶ
2297 1853 2417 1907 κατ’
2451 1852 2615 1906 αὑτὸν
2647 1852 2876 1923 ἔμειναν
2922 1850 3274 1921 ὁμοιούμενοι
3314 1848 3477 1917 αὐτῷ
3498 1888 3515 1912 ,
3564 1849 3655 1901 ἵνα

2046 1943 2378 2017 πληρώσωσι
2427 1944 2508 2007 τδ,
2554 1944 2636 2010 ὡς
2668 1942 2857 2013 κάγώ·
2898 1943 3015 2007 πῶς
3046 1941 3521 2012 ἀποτετμημένος
3566 1956 3656 2002 τις

2046 2039 2271 2092 ἐδύνατο
2320 2040 2535 2108 γῆμαι,
2578 2038 2628 2090 εἰ
2674 2036 2871 2107 μηκέτι
2920 2033 3340 2105 ὲνεκρατεύετο;
3398 2033 3521 2086 Καὶ
3561 2031 3654 2095 τὺ,

2048 2132 2446 2200 γαμείτωσαν,
2471 2128 2568 2181 καί
2596 2127 2676 2196 μὴ
2709 2127 3176 2196 πυρούσθωσαν,
3205 2126 3365 2195 ὁρᾷς,
3400 2126 3489 2178 ὅτι
3524 2124 3658 2194 περί

2049 2220 2379 2293 ἐγκρατείας
2431 2220 2651 2290 φάσκει,
2694 2218 2787 2272 καὶ
2836 2218 2957 2288 οὐχὶ
2994 2216 3124 2288 περὶ
3178 2213 3360 2287 μελῶν
3408 2213 3658 2282 ἀφαιρέ-

2052 2329 2189 2377 σεως
2209 2329 2223 2376 ;

350 2400 656 2471 quispiam,
728 2402 834 2458 nisi
889 2405 1289 2461 continentiam
1336 2422 1558 2462 servare
1619 2415 1825 2477 posset,
1870 2421 2094 2460 uxorem
2153 2406 2415 2460 duceret?
2470 2403 2606 2458 lllud
2657 2419 2807 2469 vero,
2879 2420 3072 2459 uxores
3139 2403 3376 2473 ducant,
3429 2414 3481 2461 ct
3543 2420 3651 2460 non

367 2501 595 2546 urantur
621 2494 663 2561 ³,
714 2510 899 2551 nonne
942 2496 1008 2550 ad
1043 2498 1437 2552 continentiam
1489 2499 1785 2570 pertinere,
1840 2513 1951 2552 non
1978 2498 2047 2552 ad
2077 2498 2444 2552 membrorum
2484 2495 2879 2549 mutilationem
2907 2492 3343 2548 animadvertis?

437 2584 593 2652 Quod
651 2587 697 2641 si
742 2594 965 2658 propter
1027 2604 1257 2659 regnum
1302 2593 1570 2645 caelorum
1624 2593 1949 2660 semetipsos

2124 2589 2188 2643 Εἰ
2218 2589 2275 2643 δὲ
2315 2590 2616 2659 φάσκουσιν
2640 2582 2785 2642 οὗτοι
2827 2587 2915 2640 διὰ
2942 2587 3042 2657 τὴν
3084 2584 3368 2656 βασιλείαν
3412 2584 3532 2636 τῶν
3565 2584 3658 2637 οὓ-

367 2684 639 2732 castrasse
671 2693 750 2732 se
773 2678 1034 2744 dixerint,
1060 2682 1154 2751 qui
1187 2681 1408 2739 tandem
1440 2683 1510 2738 ab
1542 2684 1632 2738 illa
1680 2684 1949 2739 sententia

2068 2681 2232 2735 ιανῶν
2274 2683 2501 2744 ἑαυτοὺς
2535 2680 2930 2751 εὐνουχικέναι,
2970 2677 3085 2743 πῶς
3129 2678 3364 2739 ἑαυτοὺς
3407 2676 3659 2730 ἀπαλλο-

370 2783 660 2825 secernere
694 2766 817 2827 sese
850 2780 1101 2842 possunt,
1155 2789 1280 2845 quae
1313 2776 1612 2832 nonnullos
1649 2791 1772 2833 esse
1797 2777 1948 2841 dicit,

2068 2772 2342 2844 πριώσουσι
2389 2772 2485 2826 τοῦ
2530 2773 2821 2846 εἰρημένου
2869 2772 3151 2843 ῥήματος,
3185 2771 3269 2823 ὅτι
3308 2769 3422 2822 εἰσί
3466 2786 3655 2833 τινες,

369 2862 463 2931 qui
510 2863 579 2919 ab
614 2863 933 2920 hominibus
981 2866 1223 2922 eunuchi
1255 2865 1380 2922 iacti
1425 2868 1593 2923 sunt?
1624 2867 1760 2923 Cum
1802 2870 1948 2924 enim

2068 2864 2246 2928 ιῖτινες
2290 2864 2713 2935 εὐνουχίσθησαν
2750 2864 2856 2918 ὑπὸ
2894 2863 3001 2916 τῶν
3048 2862 3394 2935 ἀνθρώπων;
3432 2862 3502 2914 Εἰ
3548 2861 3661 2933 γὰρ

371 2968 492 3011 sese
513 2955 711 3026 aliquis
733 2958 850 3014 suis
884 2958 1141 3014 manibus
1166 2966 1408 3037 exsecat,
1434 2940 1605 3015 homo
1630 2960 1948 3030 ulique'est,

2068 2955 2215 3018 ιύτὸς
2237 2954 2394 3017 ἰδίαις
2417 2954 2603 3026 χερσὶν
2628 2954 2819 3006 ἑαυτὸν
2841 2950 3163 3022 εὐνουχίζει,
3187 2951 3487 3021 ἄνθρωπός
3511 2952 3659 3011 ἐστι,

371 3044 601 3117 ejusque
625 3048 880 3104 manibus
912 3050 1206 3107 scelestum
1234 3049 1367 3104 illud
1401 3050 1616 3106 facinus
1649 3049 1949 3105 admissum

2068 3046 2154 3102 καὶ
2200 3046 2257 3098 αἰ
2286 3049 2465 3117 χεῖρες
2507 3044 2671 3099 αὑτοῦ
2714 3044 2777 3098 τδ
2809 3043 3066 3115 ἀθέμιτον
3099 3043 3260 3097 τοῦτο
3289 3042 3659 3112 εἰργάσαντο.

372 3145 476 3193 est.
518 3139 614 3193 Sin
666 3140 757 3194 ille
800 3141 1009 3196 cladem
1056 3143 1217 3197 istam
1254 3157 1352 3197 sua
1396 3143 1499 3197 sibi
1541 3157 1705 3196 manu
1739 3139 1949 3196 consci-

2068 3140 2123 3194 Εἰ
2151 3139 2209 3192 δὲ
2243 3137 2404 3200 αὐτὸς
2427 3136 2604 3208 έαυτῷ
2627 3137 2779 3189 οὐδὲν
2809 3134 3029 3188 δύναται
3062 3133 3295 3205 πρᾶξαι,
3334 3133 3449 3186 ὑπὸ
3475 3132 3664 3187 ἄλλων

375 3244 528 3285 scere
553 3246 663 3285 non
696 3241 897 3302 potest,
932 3233 1027 3290 sed
1056 3236 1124 3290 ab
1157 3235 1281 3291 aiiis
1310 3243 1587 3292 castratus
1616 3235 1800 3299 fuerit,
1846 3248 1949 3288 non

2068 3232 2111 3286 ss
2138 3229 2477 3302 sitvouxtoﬁfi.
2508 3229 2691 3283 οὐκέτι
2724 3228 2878 3281 ἔσται
2915 3227 3004 3281 διὰ
3057 3225 3338 3296 βασιλείαν
3375 3225 3663 3297 οὐρανῶν,

376 3322 486 3389 iam
523 3321 654 3377 illud
702 3325 945 3380 emlestis
983 3326 1138 3396 regni
1188 3310 1357 3381 causa
1384 3328 1643 3397 patietur,
1675 3341 1742 3380 eo
1783 3325 1949 3396 quod,

2068 3324 2195 3378 Βιότι
2235 3323 2343 3376 ὑπὸ
2376 3319 2679 3394 ἀνθρώπων
2707 3317 3024 3391 εὐνουχίσθη
3056 3319 3177 3389 ἢτοι
3207 3318 3275 3371 δι’
3301 3317 3500 3377 αὐτοῦ.
3540 3319 3665 3388 ἢτοι

377 3414 493 3468 sive
517 3428 613 3482 per
641 3430 719 3478 se,
755 3416 870 3470 sive
904 3417 1138 3472 aliorum
1168 3434 1333 3489 opera
1363 3418 1468 3474 sibi
1504 3417 1651 3472 istud
1680 3418 1953 3482 intulerit,

356 3498 444 3553 Aab
504 3497 819 3557 hominibus
872 3506 1159 3563 eunuchus
1202 3517 1287 3562 est
1346 3508 1544 3563 iactus.
1591 3507 1956 3575 Quamobrem

378 3606 597 3646 corona:
651 3609 748 3664 spe
792 3610 854 3649 ac
908 3600 1118 3668 praamii
1154 3602 1259 3657 iste
1292 3617 1521 3672 prorsus
1572 3603 1807 3668 excidet,
1831 3617 1956 3658 cum

379 3678 586 3740 nullam
627 3685 862 3757 amplius
908 3692 1138 3759 gratiam
1169 3703 1466 3754 mereatur.
1510 3693 1657 3764 quod
1704 3693 1774 3747 ab
1813 3693 1961 3764 ejus-

379 3775 528 3833 modi
557 3778 855 3850 voluptatis
900 3797 1005 3837 usu
1039 3792 1338 3855 temperet;
1382 3786 1476 3841 sed
1513 3785 1638 3841 ideo
1671 3785 1804 3839 illud
1851 3800 1958 3839 non

380 3869 580 3939 possit,
606 3870 756 3940 quod
791 3876 1128 3932 necessariis
1155 3876 1222 3931 ad
1268 3892 1387 3932 eam
1420 3877 1754 3933 iunctionem
1785 3892 1960 3931 mem-

381 3958 497 4015 bris
528 3959 601 4015 sit
621 3959 943 4019 destitutus.
977 3962 1248 4030 Quocirca
1278 3982 1378 4037 par
1406 3966 1660 4037 idemque
1691 3967 1760 4021 de
1789 3981 1855 4021 eo
1878 3964 1962 4035 ju—

381 4048 591 4106 dicium
638 4060 744 4119 est,
774 4069 840 4109 ac
857 4055 926 4111 de
956 4056 1070 4122 illo,
1107 4058 1200 4124 qui
1245 4058 1468 4128 aliquod
1505 4060 1755 4128 corporis
1792 4073 1963 4113 mem-

382 4144 545 4206 brum
572 4143 813 4212 violarit,
847 4155 943 4200 aut
970 4148 1204 4203 alienam
1233 4151 1398 4204 vitem
1437 4151 1751 4206 succiderit.
1778 4149 1966 4220 Neque

382 4235 531 4289 enim
558 4235 800 4290 divinam
836 4237 903 4290 ad
934 4238 1269 4293 voluntatem
1298 4241 1515 4296 vivendi
1558 4242 1829 4297 rationem
1877 4242 1965 4295 in-

2050 3413 2147 3468 ηδιὰ
2178 3412 2288 3466 τῶν
2335 3409 2495 3465 τοῦτο
2524 3410 2939 3480 πεποιηκότων.
2989 3410 3246 3462 Πεσείται
3297 3408 3357 3460 δὲ
3404 3407 3506 3490 καὶ
3552 3408 3667 3461 ἀπὺ

2057 3505 2152 3559 τοῦ
2194 3505 2487 3575 στεφάνου,
2524 3503 2619 3556 καὶ
2654 3503 2759 3557 ἀπὸ
2799 3502 2894 3555 τοῦ
2932 3500 3210 3573 βραϐείου,
3257 3500 3454 3553 οὐκέτι
3494 3500 3665 3573 χάριν

2059 3600 2199 3671 έχων
2238 3598 2326 3652 διὰ
2375 3596 2475 3670 τήν
2509 3597 2721 3668 ἀποχὴν
2762 3595 2863 3666 τῆς
2906 3593 3171 3677 τοιαύτης
3199 3593 3483 3663 χρήσεως,
3518 3592 3665 3645 ἀλλὰ

2060 3691 2147 3746 διὰ
2191 3690 2251 3746 τὸ
2287 3690 2363 3763 μὴ
2409 3689 2664 3743 δύνασθαι
2711 3686 2947 3759 χρῆσθαι
2989 3686 3364 3759 ἀφῃρημένων
3405 3686 3523 3739 τῶν
3563 3688 3664 3757 τῆς

2059 3784 2320 3853 τοιαύτης
2358 3783 2669 3847 ὑποθέσεως
2699 3779 2896 3852 μελῶν.
2931 3780 3031 3834 ’Ἑν
3065 3780 3123 3833 δὲ
3151 3780 3247 3833 καὶ
3275 3778 3339 3832 τὸ
3366 3779 3511 3833 αὐτὸ
3540 3796 3667 3850 κρι-

2061 3875 2319 3946 θήσεται,
2363 3874 2440 3938 ὡς
2478 3874 2507 3925 ὁ
2546 3871 2941 3943 λυμαινόμενος
2973 3869 3170 3923 ἑαυτοῦ
3214 3869 3278 3922 τὸ
3329 3869 3521 3940 μέλος,
3573 3870 3668 3922 καὶ

2060 3969 2136 4032 ὼς
2177 3970 2214 4021 ό
2271 3968 2485 4038 τέμνων
2543 3965 2822 4037 ἀλλότριον
2871 3963 3190 4035 ἀμπελῶνα.
3223 3963 3300 4016 Οὐ
3345 3962 3463 4034 γὰρ
3521 3962 3669 4016 κατὰ

2061 4059 2197 4113 Θεὸν
2229 4059 2637 4121 ἐπολιτεύσατο,
2675 4058 2812 4112 ἀλλὰ
2856 4056 2997 4111 κατὰ
3034 4054 3333 4126 ἐπιϐουλὴν
3371 4055 3456 4125 τῷ
3495 4056 3668 4127 δημιο

2062 4151 2247 4223 ουργῷ
2284 4151 2477 4222 Κυρίῳ
2518 4150 2637 4221 Θεῷ
2678 4150 2907 4219 ἀντέστη
2954 4148 3212 4211 τοιοῦτος.
3271 4147 3583 4219 Ἐπιθυμίᾳ
3611 4148 3667 4201 δὲ

2067 4245 2430 4317 περισσοτέρᾳ
2458 4247 2488 4298 ό
2518 4243 2756 4307 τοιοῦτος
2801 4241 3167 4312 ένεχθήσεται.
3200 4241 3315 4295 Καὶ
3358 4240 3474 4312 γὰρ
3507 4242 3537 4294 ὁ
3569 4239 3666 4293 εὑ-

385 4325 593 4391 stituit,
622 4327 719 4383 sed
750 4328 938 4398 opiﬁci
966 4344 1067 4385 suo
1097 4329 1433 4402 Dominoque
1467 4332 1576 4388 Deo
1602 4334 1840 4403 maligne
1872 4351 1949 4392 re-

2068 4337 2255 4408 νοῦχος
2291 4336 2475 4408 ᾄδεται
2514 4337 2666 4407 παρὰ
2703 4335 2782 4405 τῷ
2829 4333 2985 4404 Σοφῷ
3015 4334 3115 4386 οὐκ
3169 4335 3522 4403 ἀπεχόμενος
3564 4332 3667 4404 τῆς

384 4416 668 4485 pugnavit.
721 4416 1036 4484 Quinetiam
1073 4420 1468 4477 vehementiori
1514 4423 1817 4494 cupiditate
1869 4426 1967 4483 ﬁa-

383 4506 582 4577 grabit.
623 4506 837 4564 Etenim
882 4510 1075 4581 spado,
1109 4526 1220 4566 non
1255 4526 1285 4566 a
1324 4527 1424 4571 sua
1465 4514 1767 4585 cupiditate
1799 4517 1971 4573 absti-

386 4614 540 4664 nere,
599 4600 693 4657 sed
747 4617 867 4658 eam
916 4603 1179 4674 perﬁcere
1233 4619 1343 4661 non
1393 4620 1578 4677 posse,
1631 4622 1661 4661 a
1710 4604 1970 4678 Sapieute

386 4690 590 4746 dicitur
624 4711 638 4748 :
670 4692 1106 4763 Concupisccntia
1134 4696 1407 4765 spadonis,
1438 4698 1639 4769 inquit,
1665 4699 1968 4770 devirgina-

392 4784 463 4836 bit
480 4784 820 4854 juveneulam
842 4784 884 4839 ⁸.
930 4784 1296 4859 Proindeque,
1320 4805 1353 4845 ο
1397 4792 1684 4846 stultitiam
1727 4793 1970 4849 incredi‘

390 4876 576 4940 bilem,
616 4878 768 4932 varie
798 4877 851 4931 in
884 4878 987 4933 hoc
1021 4882 1155 4936 orbe
1178 4891 1449 4937 terrarum
1480 4885 1887 4954 excogitatam!

458 4967 621 5041 5.93
661 4969 839 5040 Atque
871 4970 986 5051 haec
1017 4980 1165 5039 sunt,
1197 4990 1319 5043 quae
1348 4975 1415 5029 de
1446 4975 1551 5030 hoc
1588 4976 1971 5032 haereticorum

394 5076 590 5129 genere
621 5061 907 5131 explorare
962 5065 1263 5131 potuimus.
1322 5064 1399 5119 De
1439 5067 1664 5138 quibus,
1696 5082 1820 5121 cum
1851 5070 1974 5124 bre-
2016 5062 2019 5063 ν

397 5153 530 5207 viter
561 5151 886 5220 dixerimus,
923 5155 1255 5225 eosdemque
1277 5172 1401 5211 esse
1430 5158 1797 5228 suspicemur,
1828 5176 1967 5230 quos

397 5251 551 5298 unica
579 5244 1150 5311 commemoravimus,
1189 5247 1395 5301 relictis
1451 5261 1516 5299 ac
1574 5263 1698 5302 cum
1730 5249 1968 5305 ludibrio

399 5334 617 5404 rejectis
649 5334 757 5389 illis
783 5336 874 5405 qui
906 5338 1212 5407 scorpionis
1248 5339 1422 5394 instar
1462 5338 1629 5394 biﬁdo
1658 5341 1849 5396 aeulco
1884 5357 1971 5396 ar-

2065 4427 2384 4499 ἐπιθυμίας,
2415 4427 2549 4482 ἀλλὰ
2587 4428 2660 4499 μὴ
2698 4427 2994 4497 δυνάμενος
3041 4425 3141 4495 τὴν
3190 4424 3501 4495 ἐπιθυμίαν
3544 4426 3668 4476 tm-

2065 4522 2306 4584 τελέσαι,
2358 4520 2433 4585 ὡς
2470 4521 2649 4590 λέγει*
2687 4518 3001 4587 Ἐπιθυμία
3028 4518 3334 4586 εὐνούχου
3382 4518 3663 4586 ἀποπαρ-

2067 4613 2340 4668 θενεύσει
2370 4610 2634 4666 νεάνιδα.
2655 4612 2766 4664 Καὶ
2788 4612 2854 4663 ὲκ
2887 4608 3224 4680 πανταχόθεν
3253 4608 3301 4661 ὣ
3320 4609 3431 4681 τῆς
3458 4608 3664 4678 πολλῆς

2072 4706 2432 4779 ματαιότητος
2472 4706 2574 4780 τῆς
2617 4709 2675 4759 ὲν
2711 4704 2786 4775 τῷ
2833 4706 3025 4779 κόσμῳ
3076 4703 3444 4784 πολυτρόπως
3484 4707 3665 4759 ἔπινε.⁶

2069 4818 2163 4872 νοη
2174 4800 2371 4872 μένηςῖ

2144 4981 2254 5034 Καὶ
2294 4978 2459 5034 ταῦτά
2503 4980 2649 5031 ἐστιν
2678 4974 2713 5030 ἃ
2752 4975 2878 5045 περὶ
2919 4971 3126 5026 τούτων
3157 4970 3443 5041 ἔγνωμεν.
3488 4972 3583 5026 Διὸ
3611 4972 3666 5026 ἐν

2074 5073 2324 5143 συντόμῳ
2354 5072 2482 5144 περὶ
2514 5068 2695 5123 αὐτῶν
2732 5066 3033 5140 εἰρηκότες,
3074 5062 3195 5126 καὶ,
3227 5062 3308 5125 ὼς
3342 5063 3511 5135 ἔφην,
3539 5065 3655 5117 ὑπο

2074 5162 2366 5231 νοήσαντες
2413 5156 2552 5213 εἶναι
2587 5157 2808 5219 τούτους
2833 5154 2962 5218 τοὺς
3001 5152 3471 5224 προειρημένους,
3504 5172 3660 5208 κατα-

2075 5252 2324 5321 λιπόντες
2368 5253 2492 5317 τοὺς
2526 5249 2755 5315 αὐτοὺς,
2803 5249 2895 5303 καὶ
2942 5244 3429 5313 καταγελάσαντες
3483 5246 3670 5317 ὥσπερ

2080 5344 2341 5415 σκορπίου
2381 5344 2681 5414 δικέντρου,
2712 5343 2824 5403 τοῖς
2866 5339 2963 5410 μὲν
3014 5334 3209 5408 τέρασι
3232 5336 3313 5406 (3)
3348 5337 3451 5395 καὶ
3483 5335 3676 5408 χηλαῖς

472 5492 486 5521 ⁸
526 5490 714 5544 Matth.
744 5508 856 5558 XIX,
891 5493 976 5547 15.
1055 5497 1073 5526 ³
1104 5492 1121 5545 1
1151 5493 1279 5548 Cor.
1311 5507 1406 5560 vn,
1431 5492 1482 5548 8.
1562 5495 1581 5524 ³
1606 5492 1738 5550 ibid.
1775 5496 1826 5551 9.
1905 5500 1923 5528 "
1963 5499 2134 5553 Ecrli.
2175 5515 2261 5553 xv.
2300 5502 2351 5554 2.

471 5600 549 5671 ('5)
591 5597 716 5673 ch.
750 5604 945 5676 πέρατι
1009 5603 1163 5657 Euri.

3632 5630 3647 5659 ι
3688 5670 3721 5678 ι.
