3846 6142
350 295 473 364 1021

1058 295 1430 361 ᾹΙΝΕΒΞῙΙΞ
1467 298 1814 356 ΗΕΒΕὸΕὸ
1851 299 1924 355 Lll

2032 299 2083 354 II.
2124 299 2288 359 τΟΜ.
2324 303 2436 359 1.-
2481 304 2756 361 ΗᾸΞΗΕΒ.
2802 306 2939 362 LIX.

3487 309 3621 364 Ill"

349 402 639 470 ἀπολέσας,
666 406 945 474 ἀδυνάτως
979 410 1093 482 ἔχει
1129 413 1335 485 ταύτην
1386 416 1692 488 κτήσασθαι
1743 434 1924 488 σωμα-

2041 417 2408 487 virginitatem
2441 422 2646 488 amisit,
2708 422 2855 492 quod
2909 420 2978 477 ad
3018 438 3221 492 corpus
3278 423 3492 484 attinet,
3531 439 3623 478 re-

346 493 545 562 τικῶς,
590 497 664 568 μὴ
697 498 1056 573 δνδεχομένης
1100 504 1203 576 τῆς
1239 506 1479 577 φύσεως·
1511 507 1655 562 οὕτω
1700 509 1794 562 καὶ
1823 508 1934 562 ἀπὸ

346 587 439 639 τοῦ
491 586 720 660 λουτροῦ
767 592 827 644 ὲν
869 594 1128 663 μεγάλοις
1170 601 1283 652 τισὶ
1330 598 1743 670 παραπτώμασι
1780 617 1935 671 περι-

346 677 551 746 πεσὼν,
604 683 698 736 καὶ
744 682 936 756 ὥσπερ
986 688 1016 739 6
1052 687 1163 741 ἀπὸ
1211 689 1511 760 παρθενίας
1559 690 1930 762 παραπεσὼν,

343 769 598 841 δευτέραν
622 771 787 846 τιμὴν
819 774 919 846 τὴν
948 776 1275 847 ἐγκράτειαν
1310 778 1456 849 ἔχει·
1497 777 1641 833 οὕτω
1678 780 1773 833 καὶ
1808 780 1887 843 είς
1913 779 1930 811 ¹

343 861 405 915 τὸ
437 860 665 934 λουτρὸν
692 866 720 918 6
739 865 799 919 ὲν
832 867 1244 940 παραπτώματι
1276 871 1485 940 μείζονι
1512 871 1800 942 γενόμενος
1820 871 1931 940 ἔχει

343 949 604 1022 δευτέραν
633 952 799 1020 τασιν,
829 955 891 1009 ού
916 957 1174 1028 τοιαύτην
1208 961 1461 1029 ἐνάρετον
1491 960 1632 1014 κατά
1660 961 1757 1032 τὴν
1784 959 1932 1032 πρώ-

342 1055 463 1111 την,
486 1041 588 1095 οὐκ
622 1041 1080 1119 ἀποδεδλημένην
1111 1048 1169 1101 δὲ
1196 1048 1346 1119 ζωῆς
1374 1049 1487 1120 ἔχει
1529 1050 1626 1123 τὴν
1650 1051 1929 1123 δευτέραν,

341 1130 410 1202 ἢν
450 1132 735 1204 κέκτηται.
772 1138 885 1192 Οὐκ
937 1138 1123 1203 ἀθετεῖ
1155 1140 1336 1195 τοίνυν
1383 1144 1412 1196 6
1456 1141 1598 1208 θεῖος
1649 1143 1806 1213 λόγος
1839 1143 1931 1199 τὸν

345 1221 538 1303 μισθὸν
565 1223 674 1278 τῶν
703 1226 763 1279 ὲν
799 1227 1065 1300 μετανοίᾳ
1091 1230 1432 1301 καμνόντων.

409 1483 486 1538 ι’¹.
516 1482 748 1539 Ἔπειτα
765 1485 822 1539 δὲ
838 1487 993 1541 αὐτοὶ
1023 1486 1186 1542 πάλιν
1218 1490 1326 1544 ἀπὸ
1346 1490 1535 1546 τούτου
1557 1460 1930 1565 προπηδήσαν-

339 1590 452 1646 τες,
466 1575 559 1627 καὶ
594 1575 731 1630 ἀλλα
772 1577 894 1641 τινά
924 1579 1245 1651 ὲφεύραντο.
1271 1582 1382 1635 Καὶ
1397 1582 1507 1656 γὰρ
1524 1583 1677 1638 αὐτοὶ
1704 1584 1804 1655 τὴν
1834 1586 1931 1640 αύ-

339 1666 458 1739 τὴν,
473 1668 539 1739 ἢν
560 1669 653 1722 καὶ
674 1671 833 1741 ἡμεῖς
851 1673 1183 1743 κεκτήμεθα,
1202 1673 1384 1727 πίστιν
1399 1673 1642 1744 λέγουσιν
1655 1676 1818 1748 ἔχειν.
1838 1672 1933 1732 Οὗο

2038 519 2374 579 praesentare
2402 513 2549 566 illam
2588 531 2696 570 non
2716 524 3056 585 potest,cum
3091 515 3142 570 id
3171 516 3394 570 minime
3423 524 3622 572 natura

2036 601 2279 670 patiatur
2312 619 2327 668 ;
2361 604 2434 656 ita
2486 603 2578 673 qui
2629 612 2752 675 post
2781 605 3113 676 baptismum
3145 605 3308 678 495
3336 606 3388 659 in
3412 606 3621 677 majore

2035 691 2284 761 quaedam
2340 694 2573 748 crimina
2614 696 2923 766 'prulapsus
2974 708 3089 760 est;
3125 697 3354 767 perinde
3410 712 3475 751 ac
3525 697 3621 767 qui

2036 780 2352 852 virginitate
2394 786 2599 840 excidit
2641 786 2945 841 secundum
2990 788 3155 842 habet
3191 789 3245 842 in
3278 788 3620 842 continentia

2035 874 2538 929 commendationis
2569 876 2829 944 gradum:
2869 878 2951 932 sic
2979 877 3069 932 ille
3116 887 3238 948 post
3286 878 3619 947 baptismum

2034 967 2286 1036 graviore
2311 968 2614 1024 obstrictus
2632 971 2840 1025 scelere
2863 972 3163 1036 secundum
3190 972 3352 1024 habet
3367 968 3620 1024 sanitatis

2033 1070 2225 1126 genus.
2263 1058 2420 1124 Quod
2448 1059 2666 1114 tametsi
2698 1075 2824 1114 cum
2858 1068 3032 1125 tanta,
3060 1055 3264 1130 quanta
3300 1061 3475 1129 prius,
3507 1059 3622 1113 vir-

2032 1155 2147 1202 tute
2178 1148 2402 1204 minime
2443 1150 2802 1220 conjunctum
2833 1151 2926 1213 sit,
2966 1166 3077 1204 non
3107 1158 3191 1206 est
3224 1160 3403 1205 tamen
3426 1166 3459 1204 a
3490 1164 3620 1205 con-

2036 1239 2331 1309 sequendae
2360 1240 2488 1295 vitae
2512 1255 2607 1310 spe
2633 1255 2698 1296 ac
2721 1241 2916 1296 salutis
2938 1241 3199 1297 alienum.
3216 1239 3386 1310 Igitur
3404 1255 3617 1305 eorum,

2033 1330 2127 1400 qui
2165 1330 2219 1384 in
2246 1331 2588 1401 capessenda
2624 1332 2949 1402 patnitentia
2980 1332 3257 1396 laborant,
3289 1332 3528 1387 fructum
3555 1345 3621 1385 ac

2034 1420 2317 1490 praemium
2345 1421 2567 1477 divinus
2590 1439 2773 1479 sermo
2805 1438 2915 1478 non
2948 1423 3149 1492 rejicit.

2103 1511 2192 1567 Ill.
2233 1511 2504 1571 Praeterea
2547 1516 2688 1571 idem
2738 1517 2813 1569 illi
2858 1516 3076 1586 longius
3120 1531 3188 1571 ex
3232 1516 3327 1569 illo
3369 1515 3623 1586 dogmate

2034 1605 2384 1675 prosilientes
2426 1607 2534 1661 alia
2587 1607 2838 1678 quasdam
2882 1607 3236 1677 adjecerunt.
3268 1606 3439 1660 Aiunt
3471 1605 3619 1660 enim

2034 1711 2094 1752 se
2133 1699 2383 1753 eamdem
2438 1700 2724 1755 nobiscum
2768 1700 2975 1755 habere
3025 1699 3229 1765 tidem;
3287 1698 3386 1753 sed
3432 1705 3618 1751 tamen

338 1776 421 1859 τοι
453 1760 510 1813 δὲ
535 1761 596 1812 οὐ
631 1750 1213 1836 βούλονταιδιδαγμοῖς
1238 1768 1259 1798 ²
1301 1765 1411 1836 (12)
1436 1768 1823 1824 ἐπικοινωνεῖν,
1861 1767 1924 1822 Ei

2032 1802 2153 1841 cum
2182 1789 2413 1859 digamis
2442 1790 2859 1848 communicare
2884 1791 3217 1847 detrectant.
3250 1789 3386 1843 Nam
3419 1789 3463 1843 si
3494 1787 3621 1857 quis

338 1849 447 1921 γάρ
470 1867 554 1914 τις
589 1851 727 1923 μετά
759 1854 821 1906 τὸ
867 1851 1152 1926 βάπτισμα
1203 1855 1501 1927 συναφθείη
1550 1859 1771 1926 γυναικὶ
1802 1858 1923 1911 δευ-

339 1942 491 2014 τέρᾳ,
542 1943 693 2015 παρᾶ
735 1944 945 2011 τούτοις
989 1947 1089 2000 οὐκ
1116 1947 1547 2019 ,είσδεχθήσεται
1596 1950 1697 2013 ἔτι,
1737 1951 1927 2007 καὶτὸ

341 2036 447 2095 πᾶν
476 2037 622 2090 ἐστιν
652 2037 876 2108 ἠλίθιον.
927 2040 1013 2104 Ὡς
1044 2040 1153 2112 γὰρ
1190 2043 1243 2099 ετ
1270 2059 1353 2106 τις
1394 2043 1656 2114 θεάσηταί
1677 2061 1797 2099 τινα
1827 2061 1922 2114 νη-

339 2128 561 2199 χόμενον
587 2130 644 2182 ὲν
678 2129 852 2193 ὕδατι,
887 2134 981 2186 καὶ
1016 2134 1227 2203 ἀγνοῶν
1256 2135 1355 2206 τὴν
1383 2137 1578 2207 πεῖραν
1609 2137 1708 2208 τῆς
1742 2137 1927 2209 διανή-

340 2219 491 2285 ξεως,
528 2221 719 2275 ἑαυτὸν
752 2222 967 2278 ἔκδοτον
1004 2229 1116 2290 τοῖς
1161 2225 1319 2281 ’ύδσισι
1363 2227 1496 2298 δῴη,
1543 2229 1638 2280 καὶ
1685 2227 1925 2300 ὑποϐρύ-

339 2328 452 2381 χιος
498 2313 744 2384 γένηται,
779 2316 853 2386 μὴ
892 2317 951 2369 ἐν
994 2317 1161 2389 πείρα
1206 2316 1303 2385 ὢν,
1359 2320 1493 2390 μηδὲ
1538 2321 1726 2388 σαφῶς
1762 2322 1924 2389 γνοὺς

339 2403 443 2457 τῶν
470 2404 557 2457 διὰ
589 2406 787 2478 χειρῶν
816 2424 874 2459 τε
914 2410 1009 2461 καὶ
1046 2408 1222 2467 ποδῶν
1266 2410 1364 2482 τὴν
1409 2413 1682 2483 σωτηρίαν
1712 2413 1924 2475 ἑαυτοῖς

339 2496 852 2566 προσποριζομένων
891 2498 988 2569 τὴν
1026 2500 1371 2573 ἐπιστήμηνυ
1409 2502 1617 2571 νομίζει
1644 2503 1701 2557 δὲ
1737 2502 1923 2567 ἁπλῶς

337 2587 573 2660 τὸοῦδωρ
597 2589 978 2655 διαδαστὰζειν
1012 2592 1103 2645 τὸν
1139 2593 1422 2664 ἄνθρωπον
1468 2595 1591 2665 δίχα
1625 2595 1731 2648 τῶν
1777 2596 1921 2649 ίδίων

338 2679 569 2749 χειρῶν·
629 2681 659 2751 ἢ
708 2681 783 2745 ὡς
832 2683 886 2735 εί
928 2699 1012 2746 τις
1062 2684 1249 2737 ἀκούοι
1297 2685 1389 2738 τὸν
1436 2684 1684 2756 ἡγεμόνα
1744 2703 1920 2755 τιμω-

338 2768 534 2841 ροῦντα
565 2770 689 2834 τούς
715 2789 766 2825 τι
787 2773 1037 2857 ὶδρῶντας
1067 2777 1163 2829 καὶ
1186 2776 1285 2847 τῆς
1310 2777 1642 2846 φαυλότητος
1671 2778 1799 2849 ἄχρι
1828 2778 1923 2832 καὶ

336 2860 652 2931 ἐλαχίστων,
681 2864 774 2918 καὶ¹
807 2865 1017 2936 νομίζει
1055 2868 1154 2937 μὲν
1182 2873 1281 2939 τὴν
1315 2869 1473 2939 δίκην
1515 2870 1634 2941 ῐσην
1671 2870 1920 2935 διεξιέναι

336 2951 478 3005 κατά
507 2952 743 3019 πάντων,
779 2955 854 3019 ὡς
877 2957 969 3011 ἐπὶ
1001 2958 1096 3011 τοῦ
1131 2958 1315 3028 φόνου·
1350 2960 1522 3026 οὕτως
1570 2963 1664 3016 καὶ
1702 2963 1794 3016 ἐπὶ
1824 2962 1918 3016 τοῦ

2028 1886 2154 1949 post
2185 1881 2521 1949 baptismum
2551 1882 2852 1937 secundam
2878 1896 3105 1937 uxorem
3138 1881 3381 1940 duxerit.
3416 1880 3485 1933 ab
3511 1878 3620 1932 illis

2026 1984 2137 2024 non
2168 1970 2405 2040 amplius
2450 1970 2781 2026 admittitur.
2829 1971 2984 2038 Quod
3037 1971 3259 2041 quidem
3312 1970 3470 2037 plane
3503 1975 3620 2022 sto-

2027 2058 2197 2112 lidum
2244 2069 2348 2114 est.
2388 2058 2459 2114 Ut
2499 2062 2645 2117 enim
2695 2061 2740 2116 si
2788 2062 2913 2130 quis
2957 2068 3235 2113 natantem
3281 2059 3514 2127 aliquem
3564 2057 3620 2111 in

2026 2163 2169 2218 aqua
2216 2148 2437 2214 viderit,
2489 2164 2553 2204 ac
2604 2151 2827 2205 natandi
2889 2166 3044 2204 usum
3088 2148 3349 2219 ignorans
3397 2163 3518 2202 sese
3563 2146 3620 2199 in

2025 2253 2221 2310 aquam
2257 2240 2627 2304 commiserit,
2669 2255 2734 2294 ac
2781 2256 3001 2312 pessum
3034 2240 3187 2301 ierit,
3232 2238 3374 2308 quod
3415 2248 3469 2292 et
3498 2237 3620 2307 ejus

2024 2334 2104 2385 rei
2135 2330 2204 2385 sit
2234 2346 2462 2400 expers,
2507 2339 2562 2385 et
2592 2348 2782 2386 eorum
2806 2371 2822 2395 ,
2858 2331 2954 2401 qui
2988 2330 3238 2384 manibus
3278 2345 3342 2382 ac
3390 2329 3619 2398 pedibus

2025 2423 2189 2478 saluti
2224 2436 2338 2476 suae
2367 2423 2688 2487 consulunt,
2717 2423 2948 2478 scientia
2973 2422 3199 2476 minime
3226 2423 3296 2475 sit
3325 2421 3618 2489 praeditus;

2025 2513 2118 2569 sed
2149 2515 2293 2568 ultro
2310 2529 2507 2584 aquam
2526 2516 2805 2569 existimet
2825 2515 2961 2568 citra
2987 2528 3247 2567 manuum
3268 2513 3616 2581 agitationem

2025 2605 2305 2660 hominem
2354 2606 2661 2662 sustinere:
2710 2614 2805 2660 aut
2855 2605 3348 2676 quemadmodum,
3399 2604 3443 2657 si
3498 2604 3619 2671 quis

2029 2697 2348 2768 prrel‘ectum
2386 2698 2576 2752 audiat
2607 2700 2660 2752 in
2701 2714 2797 2752 eos
2828 2698 3354 2752 animadvertentem
3387 2695 3477 2764 qui
3512 2694 3621 2746 ulla

2025 2789 2080 2842 in
2130 2804 2189 2843 re
2219 2788 2382 2842 etiam
2408 2788 2632 2842 minima
2673 2787 3028 2857 deliquerint,
3075 2796 3240 2856 atque
3277 2786 3521 2841 eamdem
3564 2785 3618 2837 in

2022 2891 2215 2932 omnes
2253 2891 2472 2946 pinnam
2503 2878 2864 2932 constitutam
2901 2880 3222 2938 arbitretur,
3256 2876 3618 2945 quemadmo-

2021 2967 2149 3021 dum
2192 2968 2247 3022 in
2284 2982 2379 3022 eos
2428 2968 2524 3038 qui
2573 2968 2921 3037 patricidium
2962 2968 3379 3029 commiserint,
3432 2966 3512 3018 sic
3564 2965 3618 3017 in

335 3039 709 3110 διαεάλλοντος
752 3048 843 3101 τὸν
896 3049 1084 3114 πέλας,
1127 3050 1160 3121 ἢ
1199 3054 1585 3124 μαχησαμένου
1611 3070 1622 3082 ·
1652 3054 1683 3123 ἢ
1716 3056 1790 3119 ὡς
1823 3056 1918 3110 ἐὰν

2032 3060 2185 3123 illos,
2228 3061 2320 3129 qui
2364 3059 2487 3112 aliis
2526 3060 2843 3112 calumniati
2898 3058 3138 3121 iuerint,
3173 3065 3268 3111 aut
3319 3055 3615 3126 pugnando

336 3131 367 3211 ᾖ
407 3155 492 3201 τις
529 3141 873 3195 παντάπασιν
917 3143 1155 3216 ἰδιώτης,
1192 3148 1285 3199 καὶ
1333 3147 1595 3219 θεάσηται
1637 3149 1728 3203 τὸν
1769 3149 1917 3221 εἰλη-

2032 3152 2402 3207 lacessiverint
2431 3170 2444 3205 :
2483 3152 2570 3206 vel
2602 3151 2829 3221 perinde
2858 3166 2922 3205 ac
2973 3151 3015 3208 si
3070 3151 3224 3205 rudis
3260 3150 3531 3219 quispiam
3564 3156 3618 3202 et

335 3231 471 3299 φότα
499 3231 737 3304 ἄρχοντα
764 3235 862 3306 τὴν
892 3235 1142 3302 ἐξουσίαν
1183 3240 1304 3291 κατ’
1346 3239 1639 3311 ἀλιτηρίων
1671 3242 1921 3295 ἀποσπά-

335 3340 504 3378 σαντα
557 3326 853 3398 μάχαιραν,
890 3327 924 3398 ἢ
967 3329 1106 3382 κατά
1157 3331 1369 3401 γοήτων
1415 3331 1508 3383 καὶ
1557 3331 1915 3404 βλασφήμων,

334 3418 815 3490 ἣάκαθοσιὼτων·
874 3422 1081 3493 νομίζει
1139 3423 1195 3476 δὲ
1234 3425 1359 3490 τοὺς
1409 3424 1617 3488 πάντας
1671 3421 1918 3491 ἐξουσίαν

335 3510 477 3583 ἔχειν
508 3512 606 3583 τῆς
629 3513 884 3584 τοιαύτης
929 3515 1107 3579 αἰτίας
1139 3515 1408 3570 ποιεῖσθαι
1438 3517 1535 3587 τὴν
1563 3516 1752 3588 δίκην
1789 3517 1919 3571 θεα-

336 3604 568 3675 σάμενος
594 3603 651 3658 δὲ
683 3605 838 3677 δίκην
861 3606 1047 3671 δόντας
1081 3606 1424 3679 ἀνθρώπους,
1454 3609 1549 3661 καὶ
1573 3609 1735 3673 αὐτὸς
1766 3610 1823 3663 δὲ
1849 3609 1918 3664 τά

337 3693 429 3747 ἴσα
462 3695 841 3767 μιμησάμενος
882 3696 1097 3767 θελήσει
1135 3698 1454 3752 ἀποκτεῖναί
1492 3715 1665 3763 τινας,
1715 3700 1788 3763 ὼς
1821 3700 1918 3770 δῆ-

337 3783 426 3840 θεν
467 3788 592 3850 τοὺς
634 3787 965 3859 ἠδικηκότας
1013 3788 1279 3854 δικάζων·
1319 3790 1479 3853 ἁλοὺς
1522 3789 1580 3844 δὲ
1617 3793 1645 3844 6
1680 3790 1921 3855 τοιοῦτος

337 3876 497 3940 αὐτὸς
544 3878 701 3949 δίκην
745 3879 926 3944 δώσει,
964 3880 1039 3953 μὴ
1082 3881 1319 3953 εἰληφὼς
1349 3880 1504 3953 παρά
1537 3880 1800 3952 βασιλέως
1833 3882 1920 3948 ἐξ·

336 3970 523 4023 ουσίαν
556 3972 662 4026 τῶν
692 3973 947 4027 τοιούτων
968 3991 995 4015 ·-
1016 3975 1109 4033 καὶ
1132 3974 1215 4027 ὅτι
1250 3973 1344 4044 τὴν
1380 3975 1500 4045 ἴσην
1530 3974 1746 4044 ἐνόμιζε
1778 3974 1920 4029 κατά

340 4061 556 4130 πάντων
576 4061 775 4128 ἐξιέναι
794 4063 975 4134 ψῆφον
999 4065 1108 4118 ἀπὸ
1125 4064 1223 4135 τῆς
1248 4064 1405 4136 δίκης
1427 4064 1536 4119 τῶν
1562 4065 1762 4136 νόμων,
1795 4067 1921 4124 ἐαυ-

338 4152 430 4206 τὸν
461 4153 517 4207 δὲ
544 4155 603 4208 ὲν
639 4158 706 4227 τῇ
735 4155 917 4228 ἀδικίᾳ
946 4156 1033 4211 διὰ
1059 4158 1160 4228 τῆς
1180 4158 1317 4221 ἰδίας
1332 4157 1592 4229 ἀπειρίας
1627 4156 1723 4212 καὶ
1748 4158 1921 4231 ἀπαρ-

340 4246 724 4321 ακολουθησίας
750 4249 965 4304 ἔκδοτον
990 4250 1265 4316 ἀπωλείας
1300 4248 1724 4321 παρασκευάσας
1748 4268 1761 4282 ο
1781 4249 1922 4303 οὕτω

343 4340 439 4397 καὶ
482 4343 681 4408 αὐτον,
732 4343 802 4399 τά
825 4345 1041 4399 πάντων
1088 4344 1225 4415 ὁμοῦ
1277 4345 1552 4415 μίξαντες,
1596 4346 1660 4399 ἐκ
1711 4345 1923 4400 πάντων

340 4432 637 4498 ἐξέπεσαν·
667 4437 761 4490 καὶ
798 4435 872 4507 μὴ
900 4438 1192 4506 νοήσαντες
1219 4435 1289 4490 τὰ
1309 4437 1514 4508 ἀκριϐῆ
1547 4436 1648 4507 τῆς
1667 4435 1762 4490 τοῦ
1785 4434 1921 4491 Θεοῦ

337 4527 706 4595 διδασκαλίας,
750 4530 844 4585 ἐπὶ
882 4531 1079 4602 ἑτέραν
1117 4530 1304 4603 τρίϐον
1357 4531 1648 4601 σφαλέντες
1685 4531 1925 4605 ἐτράπη-

343 4638 474 4675 σανο
505 4622 605 4677 οὐκ
635 4623 856 4689 εἰδότες,
897 4625 980 4679 ὅτι
1022 4622 1161 4693 αὕτη
1208 4625 1355 4679 ἐστὶν
1397 4626 1431 4696 ἡ
1473 4624 1567 4696 τῆς
1602 4622 1753 4689 θείας
1782 4624 1925 4696 Γρα-

342 4713 451 4783 φῆς
485 4715 778 4785 παράδοσις
810 4716 906 4769 καὶ
931 4715 1241 4770 ἀκολουθία.

412 4984 485 5038 Δ¹.
504 4983 586 5037 Τά
599 4990 709 5055 γάρ
724 4983 805 5049 είς
833 4983 1134 5057 ἱερωσύνην
1155 4985 1526 5059 παραδοθέντα
1552 4984 1639 5039 διὰ
1659 4984 1721 5038 τὸ
1736 4983 1927 5056 ἐξοχω-

342 5091 504 5129 τατον
528 5075 629 5143 τῆς
664 5076 974 5148 ἱερουργίας
993 5078 1073 5141 είς
1094 5078 1305 5139 πάντας
1322 5078 1580 5148 ἐνόμισαν
1612 5078 1743 5140 ἴσως
1766 5078 1927 5148 φέρε-

346 5157 488 5212 σθαι⁶
510 5160 830 5230 ἀκηκοότες,
846 5163 926 5214 ὅτι
948 5162 1030 5214 δεῖ
1045 5163 1135 5215 τὸν
1150 5161 1444 5215 ἐπίσκοπον
1466 5161 1827 5233 ἀνεπίληπτον
1851 5156 1929 5213 εἷ-

344 5270 454 5317 ναι,
484 5254 611 5324 μιᾶς
639 5253 896 5323 γυναικὸς
918 5254 1104 5325 ἄνδρα,
1132 5254 1376 5325 ἐγκρατῆ
1393 5271 1405 5283 ·
1437 5252 1698 5317 ὡσαύτως
1724 5253 1929 5307 καὶτὸν

421 5413 437 5445 ³
466 5409 525 5465 F.
554 5412 709 5482 μετά.
789 5412 810 5442 ⁹
846 5410 1120 5481 διγάμοις.

426 5522 535 5595 (12)
580 5519 753 5595 Οὗτοι
796 5522 877 5595 δὲ,
904 5524 976 5595 οὐ
1014 5523 1345 5595 ,ϐοὐλᾳνται
1412 5522 1738 5595 διδᾳγμοῖς.
1793 5519 1920 5576 Cor.

348 5592 621 5667 ἓιγᾶμοις.
650 5592 755 5649 Sed
788 5593 1047 5667 religione
1075 5592 1309 5663 quadam
1341 5592 1925 5667 inductiﬁommuncm

353 5660 428 5721 uc'
458 5660 809 5735 depravatam
856 5660 1149 5735 lectionem
1195 5663 1727 5735 reprzesentavimus,
1780 5660 1927 5733 quod

495 5732 715 5813 niinimc
749 5733 1065 5826 probamus.
1106 5732 1374 5789 Caeterum
1422 5732 1755 5803 Novatianos
1798 5732 1926 5799 cum

2024 3243 2308 3312 imperitus
2352 3242 2735 3312 magistratum
2780 3242 2960 3295 videat
3008 3249 3276 3310 potvslate
3329 3237 3615 3307 praeditum

2020 3335 2260 3405 gladium
2302 3334 2357 3388 in
2407 3333 2705 3389 sceleratos
2746 3333 3109 3396 distringere,
3146 3332 3296 3386 velut
3346 3330 3617 3383 veneﬁcos

2022 3435 2118 3482 aut
2146 3427 2520 3496 blasphemos.
2556 3435 2652 3480 aut
2678 3424 3016 3496 perduelles,
3045 3440 3108 3477 ac
3141 3440 3305 3493 penes
3332 3422 3618 3475 universos

2020 3533 2144 3574 esse
2168 3525 2492 3588 potestatem
2522 3516 2843 3581 arbitretur,
2867 3522 2926 3569 ut
2959 3516 3108 3570 illius
3137 3511 3387 3570 criniinis
3425 3526 3615 3582 punias

2019 3609 2359 3666 constituant
2389 3627 2403 3662 :
2435 3623 2671 3678 cumque
2699 3606 2922 3679 punitos
2944 3607 3014 3661 ob
3033 3606 3084 3660 id
3109 3606 3358 3661 homines
3382 3605 3599 3662 viderit.

2021 3702 2221 3757 imitari
2254 3708 2310 3756 et
2346 3700 2464 3771 ipse
2494 3702 2645 3761 velit.
2686 3714 2751 3754 ac
2790 3709 3049 3768 tanquam
3088 3698 3157 3751 de
3200 3698 3311 3752 reis
3345 3695 3613 3765 judicium

2019 3807 2282 3869 exercens
2312 3800 2540 3846 mortem
2599 3791 2706 3846 illis
2756 3789 2959 3845 inferre
3008 3797 3271 3844 conetur:
3343 3786 3627 3856 ejusmodi»
3660 3786 3675 3799 ‘

2018 3882 2221 3953 quippe
2263 3897 2455 3953 poenas
2487 3882 2605 3952 ipse
2636 3882 2955 3952 persolvet,
2996 3890 3110 3934 tum
3151 3879 3299 3950 quod
3339 3880 3545 3935 nullam
3580 3894 3610 3930 a

2020 3973 2266 4043 principe
2304 3973 2426 4042 ejus
2460 3974 2541 4027 rei
2577 3980 2905 4044 potestatem
2955 3960 3252 4042 acceperit,
3306 3979 3421 4025 tum
3466 3970 3613 4039 quod
3686 4005 3702 4031 χ

2018 4061 2282 4132 aequalem
2315 4061 2372 4118 in
2403 4077 2596 4118 omnes
2623 4061 2838 4132 legibus
2869 4062 3229 4117 constitutam
3250 4073 3471 4130 poenam
3495 4074 3615 4113 esse

2027 4155 2134 4211 sibi
2175 4156 2550 4226 persuaserit;
2586 4169 2651 4208 ac
2680 4154 2916 4224 denique
2953 4168 3049 4221 per
3091 4149 3418 4219 imperitiam
3451 4149 3615 4202 insci-

2021 4247 2264 4318 tiamque
2287 4262 2443 4303 suam
2477 4246 2569 4301 tali
2601 4246 2807 4302 scelere
2829 4243 3055 4300 exitium
3084 4241 3186 4297 sibi
3224 4255 3288 4295 ac
3316 4238 3612 4310 perniciem

2022 4339 2394 4405 consciverit,
2432 4338 2505 4392 ita
2550 4338 2713 4393 etiam
2754 4336 2853 4400 illi,
2897 4350 3022 4390 cum
3058 4333 3219 4388 simul
3256 4331 3439 4385 omnia
3492 4345 3616 4399 per-

2025 4430 2300 4485 misceant
2351 4428 2613 4483 omnibus
2674 4425 3042 4484 exciderunt;
3120 4434 3356 4489 cumque
3419 4417 3615 4471 divina

1956 4498 2002 4553 D
2031 4521 2335 4591 disciplinae
2366 4528 2626 4575 accurata
2658 4517 2973 4589 cognitione
3007 4521 3253 4574 careant,
3287 4510 3452 4581 596
3488 4510 3605 4562 alie.

2031 4629 2162 4668 num
2202 4612 2254 4666 in
2290 4610 2562 4665 tramitem
2604 4622 2821 4663 summo
2848 4620 3036 4661 errore
3066 4603 3421 4658 deﬂexerunt.
3466 4599 3613 4653 Istud

2027 4704 2176 4759 enim
2234 4716 2578 4772 nequaquam
2630 4700 2971 4760 discernunt,
3023 4694 3186 4750 talem
3237 4706 3360 4747 esse
3395 4690 3612 4759 qualem

2029 4792 2291 4856 diximus,
2326 4791 2381 4845 in
2423 4789 2726 4862 Scripturis
2772 4788 2946 4845 sacris
2990 4785 3208 4840 modum
3246 4796 3310 4836 ac
3346 4780 3608 4834 rationem

2030 4883 2426 4954 praescriptam.

2101 4974 2190 5030 ιν.
2234 4975 2291 5030 Si
2314 4973 2532 5045 quidem
2556 4988 2679 5043 quae
2705 4969 3011 5028 sacerdotio
3031 4973 3252 5039 prapter
3278 4961 3609 5033 singularem

2033 5066 2333 5130 [unctionis
2366 5066 2515 5121 illius
2547 5064 2866 5134 dignitatem
2902 5059 3173 5131 praecipue
3206 5055 3409 5109 tributa
3458 5059 3610 5117 sunt,

2035 5178 2096 5216 ea
2127 5160 2192 5215 ad
2221 5174 2412 5214 omnes
2446 5157 2809 5213 communiter
2841 5153 3114 5224 pertinere
3167 5148 3434 5219 iudicant.
3476 5144 3609 5200 Illud

2036 5253 2255 5324 quidem
2275 5250 2590 5315 audierunt,
2606 5249 2920 5320 episcopum
2945 5241 3473 5311 irreprehensibilem
3490 5252 3610 5294 esse

2033 5516 2264 5589 digamis
2292 5510 2701 5589 communicare
2747 5508 2991 5589 noluisse
3033 5498 3607 5589 preter-auctoresjl-

2036 5573 2137 5645 Ιοξ.
2169 5587 2260 5653 qui
2301 5584 2369 5638 de
2397 5582 2700 5653 haeresibus
2738 5573 3098 5653 scripserunt,
3129 5573 3285 5653 docet
3316 5573 3479 5653 etiam
3515 5584 3607 5622 ca-

2036 5605 2137 5645 IOS.
2209 5605 2260 5639 Ut
2301 5605 2369 5638 ue
2397 5605 2700 5637 ua'l'csmus
2738 5605 3098 5649 scripserunt,
3129 5605 3285 5627 υυιει
3316 5605 3479 5625 ou“...
3515 5605 3605 5622 “.—

2036 5672 2146 5714 non
2169 5605 2209 5711 (δ
2235 5654 2466 5708 Nicaenae
2496 5651 2712 5723 synodi,
2740 5650 2834 5720 qui
2861 5649 2940 5723 de
2967 5640 3385 5723 reconciliandis
3430 5639 3605 5723 Nola-

2036 5706 2204 5783 iiiiiié
2232 5706 2550 5781 editusest:
2581 5706 2726 5777 Idem
2758 5706 2813 5774 ct
2858 5716 3112 5773 Socrates
3139 5712 3232 5767 lib.
3271 5727 3324 5779 ι’,
3357 5725 3476 5780 cap.
3507 5706 3599 5762 22.
