3846 6134
293 243 427 299 ῒοῖδ

1678 241 1737 299 S.
1777 240 2136 298 EPIPH‘ANII‘

3424 237 3559 293 im

290 361 563 423 oportere,
595 356 759 414 unius
786 372 977 415 uxoris
1001 375 1198 427 turum,
1232 360 1607 417 continentem
1626 358 1644 391 ⁸
1674 378 1690 415 :
1717 359 1874 415 simi-

1997 360 2244 424 ῑιάκονον,
2277 358 2485 415 καὶτὸν
2513 358 2902 432 πρεσϐύτερον.
2925 354 3173 427 ΚαΥγὰρ
3200 352 3276 425 τῷ
3318 367 3418 423 μεν
3446 353 3551 407 am

289 446 409 500 liter
445 455 499 503 et
533 446 825 505 diaconum
850 462 903 507 et
922 454 1322 525 presbyterum.
1365 452 1443 508 lta
1459 454 1604 509 enim
1623 453 1871 524 profecto

291 553 415 593 sese
436 554 525 593 res
559 540 755 608 habet,
792 552 850 595 ut
878 551 1004 614 post
1037 544 1245 613 Christi
1282 545 1338 599 in
1369 544 1555 600 orbem
1597 550 1870 599 terrarum

290 628 603 693 adventum,
633 645 727 686 eos
750 648 940 691 omnes
966 636 1059 705 qui
1084 628 1385 691 secundum
1413 630 1624 703 priores
1649 633 1871 703 nuptias

290 726 505 772 mortua
557 734 729 776 uxore
768 722 924 777 alteri
971 739 1093 779 sese
1132 723 1341 793 nuptiis
1389 722 1683 793 illigarint,
1733 735 1865 777 san-

293 806 538 863 ctissima
573 809 663 865 Dei
699 798 992 884 disciplina
1021 813 1265 884 rejiciat:
1293 821 1581 885 propterea
1603 813 1749 884 quod
1782 813 1869 867 in-

291 898 570 956 credibilis
608 898 698 957 'est
743 902 1037 958 sacerdotii
1078 904 1256 959 honor
1289 918 1354 958 ac
1389 903 1656 973 dignitas.
1693 901 1875 972 Atque

291 988 441 1045 istud
493 992 672 1063 ipsum
722 1004 1078 1052 sacrosancta
1123 996 1217 1051 Dei
1256 995 1504 1051 Ecclesia
1555 1008 1681 1050 cum
1723 995 1874 1049 οηιηί

292 1083 609 1150 provisione
647 1086 1037 1158 diligentiaque
1068 1095 1268 1143 servat.
1302 1086 1445 1154 Quin
1468 1101 1594 1143 eum
1625 1086 1871 1157 insuper,

293 1177 388 1246 qui
434 1179 615 1235 adhuc
680 1180 736 1235 in
785 1182 1134 1236 matrimonio
1185 1179 1368 1250 degit,
1432 1194 1497 1234 ac
1545 1179 1732 1234 liberis
1785 1177 1879 1233 dat

293 1281 538 1337 cperam,
580 1274 796 1328 tametsi
843 1275 1006 1328 unius
1036 1273 1107 1329 sit
1148 1272 1339 1328 uxoris
1377 1274 1485 1338 vir,
1535 1286 1880 1341 nequaquam

294 1366 476 1413 tamen
518 1361 586 1415 ad
621 1362 861 1432 diaconi,
905 1363 1232 1435 presbyteri,
1268 1363 1535 1434 epist-cpi,
1570 1370 1665 1418 aut
1709 1362 1884 1433 hypo-

1976 450 2038 503 οὑ
2064 449 2277 521 δέχεται
2305 450 2367 503 τὸ
2394 450 2550 519 ἅγιον
2582 450 2676 504 τοῦ
2708 449 2846 504 Θεοῦ
2876 450 3141 521 κήρυγμα
3184 444 3321 518 μετά
3340 443 3442 516 τὴν
3464 442 3551 497 τοῦ

1976 540 2214 612 Χριστοῦ
2248 542 2510 613 ὲνδημίαν
2539 543 2669 606 τοὺς
2698 541 2806 596 ἀπὸ
2835 538 3054 612 πρώτου
3080 540 3281 610 γάμου,
3301 537 3553 605 τελεω-

1970 632 2143 703 σάσης
2169 632 2270 702 τῆς
2302 632 2483 687 αὐτῶν
2501 634 2782 701 γυναικὸς,
2813 632 3053 702 δευτέρῳ
3075 631 3241 701 γάμῳ
3269 625 3559 698 συναφθέν-

1968 741 2068 788 τας
2088 723 2175 777 διά
2197 724 2259 777 τὸ
2284 724 2624 796 ὑπερϐάλλον
2652 726 2752 796 τῆς
2792 725 2959 796 τιμῆς
2978 724 3077 795 τῆς
3100 720 3425 794 ἱερωσύνης.
3455 717 3573 771 Kal

1969 814 2142 870 ταῦτα
2182 816 2441 886 ἀσφαλῶς
2484 818 2517 887 ἡ
2562 816 2691 885 ἁγία
2741 815 2839 869 τοῦ
2890 815 3027 868 Θεοῦ
3070 811 3372 883 Ἐκκλησία
3433 807 3562 880 μετά

1970 906 2255 978 ἀκριϐείας
2278 907 2780 979 παραφυλάττεται.
2816 906 2979 960 Ἀλλά
3009 906 3103 959 καὶ
3126 905 3218 958 τὸν
3239 903 3320 955 ἔτι
3351 900 3563 972 βιοῦντα

1973 996 2071 1054 καὶ
2112 997 2556 1067 τεκνογονοῦντα,
2616 1001 2745 1070 μιᾶς
2781 997 3041 1067 γυναικδς
3077 996 3209 1049 ὅντα
3262 993 3464 1064 ἄνδρα,
3507 992 3562 1043 οὐ

1974 1091 2208 1162 δέχεται,
2240 1091 2377 1146 ἀλλά
2422 1092 2531 1145 ἀπὸ
2574 1093 2704 1162 μιᾶς
2753 1088 3264 1162 έγκρατευσάμενον
3297 1085 3333 1156 ἢ
3377 1083 3566 1155 χηρεύε-

1978 1200 2168 1247 σαντα,
2196 1182 2442 1237 διάκονόν
2481 1200 2540 1236 τε
2566 1184 2661 1237 καὶ¹
2705 1181 3098 1253 πρεσϐύτερον,
3130 1179 3226 1232 καὶ
3251 1177 3566 1237 ἐπίσκοπον,

1980 1273 2351 1339 ὐποδιάκονον,
2381 1273 2618 1345 μάλιστα
2641 1274 2774 1327 ὅπου
2798 1272 3045 1345 ἀκριϐεῖς
3069 1270 3295 1332 κανόνες
3313 1269 3364 1321 οἱ
3388 1264 3569 1332 ἐκκλη-

1983 1362 2272 1419 σιαστικοί.

292 1450 509 1507 diaconi
556 1455 802 1511 ordinem
835 1456 1094 1511 admittit.
1132 1456 1246 1512 Sed
1277 1472 1403 1510 eum
1438 1456 1742 1521 duntaxat,
1772 1457 1866 1527 qui
1905 1455 1975 1511 ab
2005 1456 2171 1513 unius
2205 1455 2394 1512 uxoris
2426 1455 2828 1513 consuetudine
2895 1467 3019 1509 sese
3074 1450 3441 1515 continuerit,
3483 1454 3568 1501 aut

290 1556 352 1596 ea
382 1544 453 1599 sit
479 1546 703 1603 orbatus
734 1567 747 1604 :
781 1549 930 1619 quod
964 1551 1018 1605 in
1046 1552 1154 1608 illis
1180 1551 1318 1606 locis
1344 1551 1617 1622 praecipue
1650 1551 1731 1616 iit,
1757 1551 1852 1606 ubi
1889 1552 2255 1608 ecclesiastici
2282 1567 2522 1607 canones
2560 1558 2817 1608 accurate
2849 1556 3161 1606 servantur.

357 1635 428 1691 At
453 1639 602 1693 enim
635 1643 917 1699 nonnullis
976 1644 1157 1698 adhuc
1216 1643 1272 1697 in
1334 1643 1473 1699 locis
1537 1642 1865 1715 presbyteri,

2060 1643 2221 1697 Ἀλλά
2253 1644 2470 1707 πάντως
2500 1646 2646 1715 έρεῖς
2684 1660 2794 1713 μοι,
2828 1641 2885 1696 έν
2913 1660 3024 1695 τισι
3070 1641 3257 1702 τόποις
3285 1637 3369 1692 έτι
3397 1653 3573 1691 τεκνο-

290 1726 506 1783 diaconi
541 1740 597 1786 et
621 1732 982 1805 hypodiacOni
1021 1736 1224 1790 liberos
1258 1735 1609 1805 suscipiunt:
1649 1749 1880 1805 respon.

1997 1738 2163 1806 {ova'lv
2197 1730 2623 1807 πρεσϐυτέρους,
2656 1735 2754 1789 καὶ
2795 1734 3096 1796 διακόνους,
3145 1732 3239 1785 καὶ
3294 1730 3576 1784 ὑποδιακό-

291 1818 416 1886 deo,
464 1837 576 1876 non
632 1824 768 1879 illud
820 1841 888 1882 ex
938 1828 1170 1883 canonis
1216 1828 1542 1883 auctoritate
1589 1826 1703 1881 ﬁeri
1731 1866 1746 1889 ,
1785 1824 1883 1881 sed

292 1922 517 1982 propter
546 1915 828 1973 hominum
867 1919 1159 1990 ignaviam,
1201 1937 1322 1992 qua:
1350 1920 1517 1977 certis
1542 1920 1881 1991 temporibus

296 2006 634 2075 negligenter
682 2024 843 2080 agere
893 2026 959 2066 ac
1004 2013 1299 2068 connivere
1349 2013 1505 2077 solet,
1541 2012 1613 2066 ob
1658 2010 1880 2066 nimiam

294 2098 480 2166 populi
533 2099 973 2170 multitudinem,
1025 2119 1149 2158 cum
1198 2104 1409 2160 scilicet
1450 2103 1545 2174 qui
1593 2101 1661 2156 ad
1702 2116 1797 2157 eas
1824 2117 1884 2157 se

294 2186 606 2247 functiones
640 2194 915 2263 applicent
937 2212 1047 2251 non
1101 2195 1261 2252 facile
1310 2196 1679 2267 reperiuntur.
1725 2193 1882 2260 Quod

296 2280 362 2333 ad
397 2281 571 2351 ipsam
620 2285 839 2354 quidem
894 2286 1193 2344 Ecclesiam
1225 2289 1451 2351 attinet,
1497 2301 1583 2351 ea,
1630 2294 1818 2354 utpote
1851 2300 1883 2339 a

296 2380 488 2428 sancto
512 2372 718 2445 Spiritu
744 2377 880 2434 bene
904 2379 1156 2434 ordinata
1189 2388 1351 2449 atque
1371 2380 1694 2441 constituta,
1725 2378 1871 2449 quod

296 2459 579 2521 decentius
613 2475 699 2522 est
743 2470 1000 2524 omnibus
1031 2471 1087 2524 in
1116 2472 1279 2527 rebus
1311 2472 1693 2537 considerans,
1721 2470 1770 2526 ei
1802 2471 1882 2525 rei

297 2552 517 2608 studere
541 2556 887 2625 potissimum
913 2559 1183 2626 instituit,
1214 2570 1273 2615 ut
1300 2576 1421 2631 quae
1453 2562 1640 2615 divino
1666 2561 1877 2615 numini

297 2643 604 2701 ministeria
638 2659 990 2718 praestantur,
1026 2654 1176 2707 nulla
1210 2670 1289 2721 re,
1322 2654 1502 2723 quoad
1536 2654 1650 2709 ﬁeri
1683 2635 1880 2725 potast,

297 2734 705 2804 distrahantur,
744 2750 907 2811 atque
948 2743 1217 2814 spiritalia
1268 2745 1454 2801 omnia
1503 2744 1678 2799 cilicia
1719 2760 1882 2815 quam

298 2826 504 2897 optima
562 2830 959 2904 laetissimaque
1021 2836 1360 2892 conscientia
1425 2847 1704 2909 gerantur.
1769 2837 1885 2894 Hoc

301 2918 471 2984 igitur
509 2922 634 2977 dico
662 2935 888 2995 propter
914 2926 1127 2983 subitas
1168 2928 1481 2985 functiones
1511 2938 1674 3001 atque
1709 2929 1885 2984 oﬂicia

300 3012 615 3077 convenire,
669 3024 729 3068 ut
758 3018 1044 3089 presbyter
1078 3033 1144 3074 ac
1174 3021 1464 3087 diaconus,
1500 3031 1552 3076 et
1591 3023 1884 3092 episcopus

302 3101 413 3158 Deo
441 3106 659 3175 penitus
696 3117 871 3163 varet.
907 3108 1041 3163 Nam
1073 3111 1119 3166 si
1148 3112 1256 3167 illis
1290 3113 1480 3178 etiam,
1514 3114 1606 3184 qui
1629 3131 1659 3169 e
1688 3115 1888 3184 populo

303 3201 461 3257 sunt,
499 3194 550 3247 id
580 3195 759 3264 ipsum
790 3196 1088 3265 Apostolus
1126 3200 1373 3269 praecipit
1403 3217 1417 3253 :
1444 3199 1546 3265 Ut,
1580 3201 1786 3270 inquit,
1819 3202 1888 3251 ad

305 3297 503 3351 (cntpus
540 3294 719 3338 vacent
751 3288 981 3339 orationi
1014 3291 1055 3353 ’,
1084 3298 1293 3358 quanto
1324 3291 1376 3345 id
1408 3292 1582 3361 magis
1614 3292 1890 3347 sacerdoti

306 3373 679 3441 praescripsit?
722 3374 988 3430 Nimirum
1021 3380 1187 3435 nullis
1218 3389 1275 3435 ut
1318 3381 1722 3452 impedimentis
1759 3396 1890 3437 aro-

303 3474 483 3529 cetur,
512 3481 621 3535 quo
639 3466 691 3519 in
707 3467 1085 3534 spiritualibus
1104 3472 1406 3527 secundum
1427 3472 1592 3527 Deum
1619 3474 1853 3543 negotiis
1870 3516 1884 3538 ,

308 3555 363 3608 in
397 3555 517 3625 ipso
553 3572 654 3612 usu
710 3560 1006 3615 sacerdotii
1031 3562 1615 3634 administrationequc
1643 3563 1890 3621 ferietur.

307 3646 576 3701 Caeterum
631 3649 684 3702 in
737 3652 974 3721 populo,
1010 3667 1234 3726 propter
1270 3658 1389 3725 ejus
1425 3657 1849 3713 imbecillitatem
1872 3697 1888 3723 ,

296 3738 530 3793 ‘tolerari
567 3739 712 3795 istud
759 3750 970 3810 potest.
1015 3755 1077 3800 ut
1115 3748 1208 3818 qui
1238 3764 1407 3805 uxore
1438 3751 1611 3819 prima
1646 3751 1889 3807 contenti

308 3846 432 3887 esse
466 3849 573 3889 non
604 3833 855 3903 possint,
889 3836 1054 3910 497
1080 3856 1143 3896 ea
1179 3850 1394 3896 mortua
1440 3840 1740 3923 secundam
1787 3842 1889 3899 sibi

1987 1847 2130 1893 νους.
2160 1828 2331 1881 Τοῦτο
2352 1828 2412 1882 οὑ
2446 1827 2599 1899 παρά
2626 1828 2718 1881 τὸν
2752 1827 2974 1889 κανόνα,
3001 1824 3140 1879 ἀλλά
3176 1823 3331 1895 παρά
3353 1823 3453 1893 τὴν
3475 1808 3574 1873 {diu

1987 1917 2291 1991 ἀνθρώπων
2339 1917 2484 1972 κατά
2536 1917 2727 1990 καιρὸν
2774 1917 3172 1989 ρᾳθυμήσασαν
3204 1915 3468 1976 διάνοιαν,
3492 1911 3576 1965 καὶ

1986 2011 2079 2065 τοῦ
2111 2011 2347 2084 πλήθους
2374 2012 2580 2077 ἕνεκεν,
2620 2015 2695 2084 μὴ
2730 2010 3129 2083 εὑρισκομένης
3156 2007 3488 2077 ὑπηρεσίας.
3510 2002 3576 2055 Τὸ

1989 2098 2438 2170 πρεπωδέστερον
2490 2100 2601 2170 γάρ
2654 2100 2741 2155 ἀεΊ⁵
2780 2102 2815 2172 ἡ
2864 2098 3161 2170 Ἐκκλησία
3200 2096 3411 2168 ὁρῶσα,
3451 2094 3579 2162 ἁγίῳ

1964 2189 2265 2261 Πνεῦματι
2305 2188 2365 2245 εὖ
2405 2192 2787 2263 διαταχθεῖσα,
2820 2192 2961 2261 ἔγνω
2991 2189 3442 2261 ἀπερισπάστους
3471 2182 3579 2253 Θεῷ

1986 2278 2086 2341 τάς
2117 2278 2374 2350 λατρείας
2403 2280 2768 2334 ἐπιτελεῖσθαι
2820 2279 3160 2345 σπουδάζειν,
3188 2279 3285 2332 κοιλ⁴
3325 2276 3396 2330 τά
3434 2291 3582 2328 πνευ-

1991 2369 2197 2440 ματικά
2230 2369 2339 2423 τῶν
2382 2369 2582 2442 χρειῶν
2613 2371 2752 2441 μετὰ
2796 2369 2977 2441 πάσης
3003 2368 3373 2436 εὐνουστάτης
3416 2380 3579 2418 συνειε

1986 2463 2196 2533 δήσεως
2212 2462 2574 2517 τελειοῦσθαι.
2605 2464 2753 2533 Φημὶ
2774 2463 2851 2527 δὲ,
2881 2464 2963 2516 ὃτι
2986 2461 3195 2533 πρέπον
3228 2460 3350 2514 ἐστὶ
3381 2458 3468 2510 διὰ
3494 2455 3582 2516 τὰς

1988 2554 2247 2625 ἐξαπίνης
2280 2555 2628 2628 λειτουργίας
2658 2556 2752 2610 καὶ
2783 2559 2974 2627 χρείας
3020 2552 3304 2624 σχολάζειν
3330 2551 3423 2604 τὸν
3461 2564 3582 2620 πρε-

1989 2645 2273 2716 σϐύτερον,
2303 2646 2400 2698 καὶ
2443 2646 2709 2710 διάκονον,
2753 2646 2847 2699 καὶ
2888 2644 3186 2697 ἐπίσκοπον
3213 2640 3360 2711 θεῷ.
3396 2641 3459 2694 Εἰ
3483 2636 3583 2708 γὰρ

1987 2739 2083 2792 καὶ
2120 2741 2234 2802 τοῖς
2276 2737 2383 2792 ἀπὸ
2411 2736 2503 2791 τοῦ
2542 2738 2671 2792 λαοῦ
2696 2738 3028 2811 προστάσσει
3063 2738 3091 2789 ὁ
3131 2737 3285 2804 ἅγιος
3334 2731 3581 2787 ’Δπόστοο

1987 2828 2076 2893 λος
2090 2829 2285 2898 λέγων,
2316 2828 2453 2884 Ἵνα
2486 2829 2636 2898 πρὸς
2674 2829 2881 2898 καιρὸν
2909 2827 3263 2897 σχολάσωσι
3297 2825 3377 2894 τῇ
3405 2820 3582 2892 sum?“

1988 2920 2140 2991 πόσῳ
2178 2936 2241 2988 γε
2276 2921 2477 2992 μᾶλλον
2518 2920 2597 2991 τῷ
2651 2923 2786 2993 ἱερεῖ
2827 2920 2887 2974 τὸ
2933 2921 3066 2975 αὐτὸ
3104 2918 3480 2991 προστάσσεις
3518 2913 3584 2967 Τδ

1992 3015 2407 3085 ἀπερίσπαστον
2438 3014 2494 3068 δὲ
2532 3012 2698 3083 λέγω,
2738 3015 2819 3077 είς
2858 3014 2920 3067 τὸ
2972 3012 3253 3084 σχολάζειν
3294 3011 3444 3065 κατὰ
3465 3007 3584 3063 Θεὸν

1916 3090 1962 3151 C
1994 3106 2052 3158 ὲν
2104 3107 2227 3168 ταῖς
2280 3105 2493 3177 χρείαις
2553 3107 2675 3168 ταῖς
2737 3106 3138 3175 πνευματικαῖς
3196 3101 3586 3172 τελεσιουρτη-

2001 3199 2134 3269 μένῃ
2191 3198 2213 3229 ³
2264 3197 2551 3270 ἱερωσύνῃ.
2612 3198 2830 3262 Ἔξεστι
2894 3199 2950 3251 δὲ
3010 3196 3089 3267 τῷ
3137 3194 3253 3267 λαῷ
3299 3195 3372 3249 δι’
3434 3191 3584 3248 ἀσθέ-

1998 3309 2147 3347 νειαν
2186 3290 2685 3355 διαδαστάζεσθαι,
2744 3290 2838 3343 καὶ
2885 3288 2961 3360 μὴ
3009 3287 3344 3359 δυνηθέντας
3402 3285 3492 3338 ἐπὶ
3527 3283 3585 3351 τῇ

1999 3383 2191 3456 πρώτῃ
2240 3385 2457 3455 γαμετῇ
2502 3382 2709 3452 στῆναι,
2757 3380 2988 3452 δευτέρᾳ
3036 3379 3177 3450 μετὰ
3221 3377 3456 3433 θάνατον
3500 3374 3586 3444 τῆς

2002 3475 2227 3547 πρώτης
2278 3475 2635 3545 συναφθῆναι.
2688 3474 2799 3528 Καὶ
2835 3476 2864 3527 ό
2916 3472 3014 3543 μὲν
3061 3474 3190 3544 μίαν
3239 3469 3494 3542 ἐσχηκὼς
3536 3469 3586 3518 ἐν

1999 3568 2205 3639 ἐπαίνῳ
2232 3567 2436 3637 μείζονι
2464 3568 2558 3621 καί
2594 3568 2728 3637 τιμῇ
2777 3567 2927 3637 παρά
2961 3567 3126 3619 πᾶσιν
3158 3560 3585 3634 ἐκκλησιαζομέ·

1998 3676 2109 3722 νοις
2143 3659 2478 3730 ἐνυπάρχει·
2525 3658 2553 3710 ό
2592 3658 2649 3710 ’δὲ
2694 3658 2768 3728 μὴ
2814 3656 3149 3728 δυνηθεὶςτῇ
3198 3655 3297 3724 μιᾷ
3327 3650 3588 3725 ἀρκεσθῆ-

1997 3770 2086 3807 ναι
2118 3752 2228 3822 (l5)
2251 3752 2624 3822 τελευτησάσῃ
2652 3753 2673 3782 ⁸
2701 3751 2891 3803 ἕνεκέν
2927 3766 3071 3813 τινος
3097 3747 3451 3820 προφάσεως,
3470 3760 3589 3814 πορ-

2000 3844 2171 3908 νείας,
2199 3842 2233 3914 ἢ
2264 3842 2528 3915 μοιχείας,
2556 3842 2589 3914 ἢ
2626 3842 2803 3913 κακῆς
2831 3840 3010 3905 αίτίας
3043 3837 3327 3910 χωρισμοῦ
3370 3835 3583 3908 γενομέ-

384 3993 401 4024 ί
435 3992 450 4046 l
482 3993 625 4049 Tim.
655 4011 739 4066 ιιι,
762 3998 818 4054 2.
884 3999 904 4030 ¹
936 3996 1109 4053 lCor.
1132 4013 1231 4066 vn,
1272 3999 1326 4054 5.
1403 3998 1590 4070 'Lego
1615 3998 1889 4071 τελεσιουρ

2005 3999 2162 4071 μένῃ.
2234 3998 2257 4031 ⁸
2283 3998 2551 4070 Suspecta
2584 3997 2720 4053 mihi
2752 3998 2856 4053 loci
2895 3996 3061 4068 hujus
3094 3995 3394 4069 Integritas
3424 4000 3541 4048 ests

389 4154 500 4222 (15)
551 4155 614 4208 '0
658 4155 746 4227 δὲᾼ
767 4155 854 4225 μὴ
890 4157 1183 4227 ’δυνηθεὶς
1228 4156 1305 4225 τῇ
1349 4157 1458 4226 μιᾷ
1504 4159 1900 4227 ἀρκεσθῆναι.

321 4221 657 4291 Depravatus
707 4221 1051 4279 sine‘dubio'
1086 4221 1188 4281 iste
1241 4221 1397 4281 locus
1428 4221 1554 4282 est:
1595 4231 1727 4280 l\am
1760 4221 1902 4291 'quaa

320 4294 565 4367 proxime
604 4303 929 4367 sequuntur.
965 4295 1245 4350 evidenter
1272 4296 1649 4367 demonstrant
1690 4298 1740 4350 id
1774 4294 1901 4367 Epi-

2010 4172 2253 4231 rumque
2274 4157 2380 4231 ΡΡ.
2417 4159 2688 4214 sententia
2723 4156 2847 4213 fuit.
2896 4157 2942 4231 ᾼ
2970 4170 3079 4226 qua
3113 4155 3331 4231 tametsi
3376 4151 3589 4231 nonnul-

2009 4226 2186 4283 lorum
2230 4228 2335 4284 PP.
2381 4230 2737 4283 auctoritates
2790 4243 2853 4281 ac
2903 4227 3121 4281 decreta
3180 4226 3480 4279 abhorrere
3523 4226 3589 4272 vi-

2008 4299 2267 4360 deantur,
2311 4313 2433 4369 quae
2469 4302 2611 4367 apud
2654 4298 2973 4352 Gratianum
3020 4305 3173 4369 parte
3205 4310 3264 4357 ιι,
3307 4309 3478 4347 causa
3504 4290 3585 4369 δῇ.

323 4360 581 4430 phauium
632 4360 799 4439 velle:
859 4364 1024 4417 licere
1072 4380 1181 4418 non
1246 4365 1407 4439 modo
1468 4376 1590 4439 post
1652 4360 1906 4437 conjugis
1939 4360 1981 4414 D
2010 4377 2204 4439 quazst.
2243 4369 2294 4433 7,
2326 4360 2862 4431 commemorantur;
2906 4375 2962 4422 et
3007 4360 3305 4439 Cajetanus
3350 4379 3475 4419 cum
3505 4363 3584 4413 ali-

328 4443 578 4508 mortem,
631 4432 725 4508 sed
775 4447 842 4508 eo
886 4448 1105 4503 quoque
1136 4436 1448 4508 superstite,
1468 4432 1905 4508 'sicausa'le'gi-

326 4503 457 4576 tima
490 4505 756 4576 quaepiam
804 4503 1218 4576 intercesserit,
1246 4507 1446 4561 alteras
1487 4507 1625 4562 inire
1657 4503 1901 4576 nuptias.

325 4569 459 4624 Nam
508 4569 552 4630 si
588 4569 657 4664 de
699 4573 961 4664 secundis
991 4577 1255 4664 duntaxat
1281 4585 1402 4664 post
1433 4586 1662 4632 mortem
1699 4569 1903 4664 ageret,

325 4657 587 4732 quorspm
640 4647 752 4699 haec
805 4646 1088 4732 adiiceret,
1144 4647 1329 4731 ἕνεκέν
1376 4665 1522 4732 τινος
1577 4646 1905 4732 amasso;

329 4714 603 4787 πορνείας,
632 4725 763 4778 etc.,
800 4718 863 4770 ob
891 4717 1126 4787 aliquant
1147 4716 1344 4787 stupri.
1381 4714 1653 4783 adulterii,
1685 4714 1762 4774 uel
1782 4720 1907 4773 alte-

329 4783 439 4854 rius
467 4785 661 4852 ﬂagitii
694 4803 912 4840 causam
937 4790 962 4842 ?
995 4786 1132 4841 Tum
1166 4790 1216 4842 id
1243 4783 1457 4843 'clarius
1496 4791 1749 4854 subinde,
1780 4805 1904 4846 cum

327 4851 481 4942 dicit,
504 4851 616 4908 ἀλλ’
644 4856 765 4942 ἀπὶ
788 4859 915 4926 μιᾶς
935 4858 1291 4942 ἑποοςχεθεὶς,
1314 4859 1559 4942 δευτέρᾳ,
1584 4863 1633 4914 εί
1668 4851 1902 4942 τυχοιεν,
1938 4914 1943 4919 .

326 4922 476 4999 νόμῳ
527 4922 883 4999 συναφθῆναι.
930 4922 1200 4999 Quocirca
1249 4922 1355 4999 non
1405 4922 1614 4988 dubito.
1646 4922 1776 4999 quin
1832 4922 1906 4984 ita

329 4997 705 5071 corrigendum
738 4999 830 5071 sit.
866 4997 1458 5071 τελευτησάσῃ,ἱίνεκέν
1488 4997 1809 5063 τινοςίειεη
1849 5010 1908 5053 ιιι

330 5062 439 5116 duo
469 5062 581 5138 sipt
618 5067 873 5138 digan‘nite
892 5062 1090 5135 genera
1120 5086 1133 5122 :
1172 5062 1405 5138 primum
1458 5062 1625 5122 uxore
1652 5078 1902 5138 mortua;

333 5133 655 5206 secundum,
682 5133 812 5204 post
846 5133 1361 5206 divortiumfaltera
1393 5139 1495 5192 sibi
1526 5139 1777 5206 copulata
1834 5137 1907 5191 Ita

333 5206 553 5276 quidem
598 5203 954 5276 Epiphanius.
994 5203 1097 5260 Sed
1134 5214 1193 5260 ut
1242 5208 1348 5260 illis
1392 5203 1731 5276 temporibus
1779 5223 1915 5261 non-

334 5274 461 5326 dum
497 5289 560 5329 ea
604 5290 689 5329 res
752 5277 822 5329 ab
874 5275 1116 5329 Ecclesia
1175 5276 1393 5330 deﬁnita
1441 5274 1667 5338 prorsus
1719 5276 1905 5339 fuerit.

335 5344 497 5399 hodie
523 5354 727 5416 taliter],
775 5344 1187 5414 praesertimque
1234 5354 1356 5416 post
1405 5346 1608 5400 editum
1653 5362 1683 5400 a
1730 5361 1911 5401 sacro-

337 5423 527 5485 sancta
561 5408 880 5469 Trident'ina
931 5408 1141 5485 synodo
1185 5408 1471 5485 canoncrn,
1513 5416 1672 5470 aliter
1705 5417 1910 5471 sentire

338 5480 513 5557 potas,
547 5497 720 5557 quam
754 5480 1246 5557 superstitepriori
1291 5484 1544 5557 conjuge,
1590 5487 1753 5557 etiam
1789 5495 1911 5557 post

340 5549 638 5633 lr‘gililltttm
669 5549 993 5633 divortium,
1024 5549 1212 5633 alteris
1254 5549 1502 5633 copulari
1542 5556 1746 5633 nuptiis
1776 5549 1910 5633 nun-

338 5634 499 5688 quam
550 5619 731 5675 liccrc.
785 5624 916 5690 Qute
948 5632 1002 5680 et
1055 5619 1366 5696 Augustini,
1406 5623 1479 5673 ΗῖΔ
1508 5619 1736 5692 “nimi,
1772 5627 1906 5682 alio-

2005 4438 2141 4510 quot
2174 4439 2574 4514 recentioribus
2603 4439 2879 4514 theologis
2904 4439 3239 4514 contrariam
3288 4438 3345 4514 in
3387 4440 3593 4514 senten-

2008 4505 2137 4564 tiam
2191 4507 2528 4584 discesserit,
2559 4510 2718 4579 longe
2773 4505 2951 4584 potior
3001 4515 3085 4562 est
3139 4505 3585 4584 Er-c‘esigtotius

2005 4596 2109 4634 vox
2136 4590 2189 4634 et
2222 4581 2538 4653 coasensio,
2561 4574 2959 4653 quaé_seés.24,
2987 4593 3110 4631 can.
3144 4575 3174 4628 7
3207 4591 3236 4627 a
3266 4574 3585 4653 Tridentino

2007 4665 2274 4723 consessu
2307 4652 2659 4723 proponitur._
2685 4649 3299 4723 Porrojnteryeterum
3346 4649 3584 4723 testimoe

2008 4721 2122 4783 nia,
2143 4717 2345 4791 quibus
2369 4717 2494 4791 post
2518 4720 2817 4791 legitimum
2839 4718 2970 4791 illud
2998 4717 3294 4791 divortium
3330 4717 3585 4784 permissa

2010 4785 2396 4847 innocentibus
2430 4785 2759 4861 conjugibus
2792 4785 3471 4861 _matrimonia__videntur,
3501 4797 3587 4861 re-

2011 4862 2140 4916 ferri
2170 4870 2350 4944 potest
2382 4852 2700 4944 Arelatense
2723 4858 2959 4944 primum
2996 4857 3294 4944 concilium
3326 4872 3450 4944 can:
3496 4852 3584 4944 1οΞ

2009 4926 2227 5004 (ιιιῖὴῖο
2261 4933 2438 4987 obiter
2463 4926 2838 5004 entendzuidus
2866 4936 2969 5004 est.
3011 4926 3085 5004 De
3127 4926 3230 5004 his,
3267 4926 3475 5004 inquit,
3499 4926 3584 5004 lqui

2009 4991 2255 5072 conjuge;
2296 5018 2423 5056 suas
2472 5002 2527 5054 in
2568 4999 2845 5072 adulterio
2893 4991 3390 5072 deprehendunt,_et
3439 4991 3582 5072 iidem

2010 5062 2131 5126 sun't
2161 5062 2513 5126 Edolesceutes
2545 5071 2747 5138 ﬁdeles,
2772 5080 2819 5123 et
2854 5062 3194 5139 prohibentur
3234 5066 3444 5139 nubere.
3478 5062 3584 5131 plu-

2011 5144 2117 5195 cuit
2149 5154 2226 5199 ut.
2261 5145 2315 5195 in
2358 5136 2613 5210 quantum
2644 5136 2862 5207 polcslﬁ
2888 5138 3169 5210 consilium
3204 5137 3279 5189 eis
3316 5136 3488 5210 detur,
3530 5145 3584 5210 ne

2012 5211 2302 5267 viventibus
2337 5206 2593 5264 uxoribus
2625 5206 2761 5271 suis,
2791 5211 2907 5263 licet
2941 5209 3223 5270 adulteris,
3274 5206 3414 5259 alios
3460 5206 3586 5255 arci-

2010 5282 2180 5356 piaut.
2220 5281 2320 5336 Ubi
2354 5282 2697 5356 negationem
2726 5282 2938 5356 deesse.
2971 5281 3392 5356 legemlumque.
3423 5283 3584 5356 qua"

2010 5345 2352 5423 prohibentur
2396 5345 2585 5405 nabere
2614 5360 2904 5409 cmitextus
2925 5345 3048 5418 ipse
3068 5348 3339 5423 orationis
3368 5345 3580 5423 indicat.

2012 5412 2147 5476 Nam
2175 5423 2220 5477 si
2250 5423 2610 5495 prohibentur
2640 5423 2866 5495 nubere,
2894 5412 3001 5475 non
3034 5415 3439 5495 consiliumuad
3475 5412 3583 5495 illos

2013 5479 2388 5614 poercendos,
2449 5491 2543 5548 sed
2603 5479 2864 5563 praecepti
2928 5490 3237 5545 necessitas
3292 5479 3581 5541 adhibenda

2041 5572 2210 5614 “eral.

2041 5572 2210 5617 uerat.
