3846 6132
368 356 508 413 Νὶδ

1019 356 1385 415 ADVERSUS
1429 339 1773 446 Iit‘ER-ESES
1812 360 1941 419 LIB.
1970 362 2051 419 ll.~
2081 358 2251 418 ΤΟΜ.
2283 362 2321 418 Ι.
2362 394 2430 405 -
2462 362 2737 418 HERES.
2778 361 2915 418 LIX.

3488 364 3626 419 {026

364 492 481 537 νου,
528 473 867 542 συναφθέντα
915 474 1142 546 δευτέρᾳ
1185 476 1424 542 γυναικὶ,
1459 476 1492 547 ἢ
1536 478 1671 550 γυνὴ
1712 476 1941 551 δευτέρῳ

2051 480 2327 550 copulent.
2394 478 2715 549 Quanquam
2765 478 2856 549 qui
2897 491 3058 532 unam
3094 475 3361 531 duntaxat
3396 475 3619 541 habuit,

365 563 540 635 ἀνδρὶ,
562 564 662 617 οὐκ
687 565 923 618 αἰτιᾶται
955 567 983 619 6
1006 564 1143 628 θεῖος
1175 566 1352 635 λόγος,
1378 568 1500 623 οὐδὲ
1541 570 1649 624 ἀπὸ
1675 572 1775 642 τῆς
1820 572 1941 626 Ἐκ-

367 654 593 724 κλησίας
619 656 713 709 καὶ
747 656 845 726 τῆς
877 653 1024 725 ζωῆς
1062 658 1449 729 ἀποκηρύττει,
1476 660 1610 714 ἀλλὰ
1649 661 1940 717 διαϐαστά-

365 744 446 809 ζει
467 746 553 811 διὰ
580 746 641 800 τὸ
668 745 921 811 ἀσθενές·
955 750 1054 819 οὑχ
1084 750 1169 803 ἵνα
1198 750 1291 804 δύο
1317 755 1580 819 γυναῖκας
1607 754 1699 807 ἐπὶ
1722 756 1782 807 τὸ
1811 756 1942 811 αὐτὸ

366 840 467 908 σχῇ
503 837 581 891 ἔτι
613 839 903 910 περιούσης
935 840 1035 910 τῆς
1070 843 1218 911 μιᾶς,
1253 842 1366 895 ἀλλ’
1400 843 1508 896 ἀπὸ
1549 847 1677 915 μιᾶς
1714 847 1943 918 ἀποσχε.

366 927 499 993 θεὶς,
534 929 781 1001 δευτέρᾳ,
817 932 866 984 εἰ
910 931 1149 1002 τύχοιεν,
1191 934 1339 1003 νόμῳ
1377 936 1731 1005 συναφθῆναι.
1775 936 1943 992 Ἐλεεῖ

363 1012 550 1067 τοῦτον
579 1015 607 1066 6
650 1017 801 1083 ἆγιος
834 1016 990 1085 λόγος
1029 1018 1123 1071 καὶ
1168 1020 1200 1089 ή
1251 1020 1380 1087 ἁγία
1431 1021 1565 1075 Θεοῦ
1612 1024 1934 1096 Ἐκκλησία’

367 1101 601 1171 μάλιστα
635 1105 681 1156 εὶ
708 1105 963 1173 τυγχάνει
986 1108 1013 1159 6
1036 1105 1280 1183 nomine;
1309 1107 1378 1160 τὰ
1405 1108 1539 1162 ἄλλα
1567 1110 1819 1184 εὐλαϐὴς,
1846 1114 1939 1167 καὶ

363 1188 505 1242 κατὰ
553 1190 713 1261 νόμον
767 1192 899 1245 Θεοῦ
951 1193 1378 1263 πολιτευόμενος.
1414 1196 1523 1249 Kal.
1573 1197 1681 1269 γὰρ
1721 1201 1821 1253 οὐκ
1873 1202 1937 1255 ἂν

342 1282 545 1351 -ἒλεγεν
573 1284 600 1335 6
647 1284 965 1349 Ἀπόστολος
999 1288 1112 1350 ταῖς
1141 1284 1363 1357 χήραις·
1401 1289 1807 1357 Γαμείτωσαν,
1844 1310 1938 1346 τε-

362 1375 853 1455 κνογονείτωσαν,
908 1376 1551 1431 οὶκοδεσποτείτωσανο
1602 1381 1724 1435 οὐδὲ
1777 1382 1937 1437 πάλιν

363 1466 510 1534 ἔλεγε
541 1467 616 1536 τῷ
659 1467 810 1538 ἀνδρὶ
836 1467 914 1538 τῷ
957 1468 1055 1540 τὴν
1091 1473 1319 1538 γυναῖκα
1362 1473 1455 1527 τοῦ
1502 1473 1707 1544 πατρὸς
1739 1473 1934 1544 ἔχοντι.

362 1558 456 1611 καὶ
483 1557 877 1625 παραδοθέντι
914 1557 992 1624 τῷ
1013 1560 1249 1628 Σατανᾷ
1281 1563 1367 1627 εὶς
1400 1562 1648 1633 ὄλεθρον
1673 1569 1899 1633 σαρκός
1919 1580 1934 1596 ·

364 1649 497 1701 Ἵνα
527 1647 593 1700 τὸ
624 1647 861 1717 πνεῦμα
895 1647 1060 1717 σωθῇ
1092 1650 1162 1702 ὲν
1196 1650 1273 1719 τῇ
1315 1651 1503 1720 ἡμέρᾳ
1543 1654 1649 1707 τοῦ
1682 1655 1931 1723 Kvpt'ov'

360 1738 459 1790 οὐκ
505 1737 657 1806 ἔλεγε
705 1738 895 1791 πάλιν·
950 1738 1266 1806 Κυρώσατε
1308 1745 1397 1808 εὶς
1450 1745 1637 1798 αὑτὸν
1668 1745 1932 1815 ἀγάπην,

2043 572 2239 639 majori
2272 570 2529 625 Ecclesia:
2558 570 2765 639 judicio
2803 571 3009 626 honore
3038 569 3239 639 dignus
3261 577 3364 631 est,
3390 566 3494 623 Sed
3517 569 3606 623 cui

2041 655 2258 717 mortua
2316 676 2423 716 una
2483 677 2592 715 non
2641 660 2859 727 sulIicit,
2916 676 3037 715 cum
3092 660 3385 715 occasione
3440 660 3623 729 aliqua

2040 755 2213 823 stupri
2268 753 2652 822 adulteriique,
2703 759 2796 806 aut
2847 752 3073 807 alterius
3106 750 3329 822 ﬂagitii,
3377 765 3504 804 cum
3556 764 3622 806 ea

2041 845 2330 900 divortium
2364 842 2575 907 fecerit,
2603 844 2649 898 is
2673 843 2721 898 si
2751 843 2977 897 alteram
3005 857 3228 896 uxorem
3252 840 3491 905 duxerit,
3522 849 3620 894 aut

2040 935 2196 990 alteri
2238 934 2355 988 viro
2400 934 2599 988 mulier
2648 934 2920 1002 nupserit,
2963 947 3243 986 sacrarum
3292 930 3624 986 Litterarum

2040 1024 2339 1078 auctoritas
2391 1024 2459 1078 ab
2502 1024 2647 1077 omni
2724 1024 2879 1092 culpa
2950 1022 3071 1076 illos
3122 1021 3398 1085 absolvit,
3449 1035 3626 1089 neque

2040 1116 2108 1169 ab
2164 1113 2431 1187 Ecclesia,
2476 1122 2570 1167 aut
2614 1122 2814 1167 aeterna
2858 1111 2968 1165 vita
3013 1113 3213 1181 rejicit,
3257 1112 3354 1167 sed
3403 1118 3627 1181 propter

2038 1204 2463 1259 imbecillitatem
2499 1203 2809 1258 tolerandos
2841 1202 3135 1257 existimat.
3163 1200 3283 1257 Non
3310 1205 3379 1256 ita
3409 1211 3618 1262 tamen,

2040 1294 2179 1351 duas
2216 1306 2275 1351 ut
2304 1297 2473 1351 altera
2505 1296 2801 1365 superstite
2832 1308 3032 1347 uxores
3076 1294 3239 1349 simul
3277 1292 3495 1356 habeat,
3532 1292 3627 1347 sed

2040 1396 2098 1442 ut
2130 1389 2197 1456 ab
2222 1402 2333 1442 una
2364 1394 2672 1457 separatus,
2700 1387 2924 1441 alteram
2962 1385 3065 1439 sibi
3092 1385 3349 1454 legitime,
3379 1385 3425 1439 si
3455 1383 3624 1445 lubet,

2037 1479 2317 1549 adjungat.
2344 1478 2710 1544 Quamobrem
2744 1492 2871 1547 erga
2902 1476 3174 1547 ejusmodi
3208 1476 3482 1530 hominem
3516 1482 3626 1527 tam

2037 1569 2260 1625 divinus
2289 1585 2492 1632 sermo,
2552 1585 2710 1640 quam
2756 1568 2998 1622 Ecclesia
3050 1567 3141 1622 Dei
3188 1565 3627 1621 misericordiam

2039 1656 2296 1724 adhibet,
2343 1659 2643 1728 praesertim
2698 1658 2742 1711 si
2786 1658 2998 1712 caeteris
3034 1657 3088 1711 in
3130 1656 3293 1710 rebus
3337 1655 3627 1724 religiosus

2038 1748 2129 1802 ille
2176 1749 2266 1811 sit,
2312 1755 2367 1802 et
2405 1748 2473 1801 ad
2518 1749 2714 1803 divinae
2763 1750 2898 1819 legis
2944 1748 3320 1819 praescriptum
3355 1745 3479 1800 vita:
3515 1761 3628 1800 suae

360 1828 461 1880 ἵνα
487 1827 571 1897 μὴ
602 1828 678 1898 τῇ
710 1831 1109 1899 περισσοτέρᾳ
1132 1833 1300 1901 λύπῃ
1340 1835 1651 1903 καταποθῇ
1687 1839 1720 1890 ό
1748 1824 1941 1891 τοιοῦί

2046 1839 2284 1894 rationes
2311 1840 2708 1893 accommodet.
2727 1840 2891 1905 Quod
2918 1840 3023 1894 nisi
3056 1841 3128 1893 ita
3156 1846 3322 1904 esset,
3345 1854 3625 1906 nunquam

360 1935 483 1984 τος.
521 1918 712 1987 Ἔλεγε
772 1919 880 1992 γὰρ
928 1920 1122 1975 πάλινο
1169 1916 1245 1991 τῼ
1294 1940 1349 1976 τι
1393 1923 1717 1993 χαρίζεσθε,
1755 1928 1934 1996 κάγώ.

358 2011 532 2073 Διότι,
572 2010 628 2063 εἴ
663 2027 716 2063 τι
757 2009 1131 2081 κεχάρισμαι,
1182 2010 1258 2065 δι’
1286 2012 1443 2081 ὑμᾶς
1481 2014 1834 2085 κεχάρισμαι
1869 2017 1939 2071 ἐν

358 2102 654 2171 προσώπῳ
685 2101 963 2171 Χριστοῦ,
1004 2103 1104 2156 ἵνα
1129 2101 1217 2172 μὴ
1251 2106 1782 2176 πλεονεκτηθῶμεν
1820 2109 1937 2161 ὑπὸ

359 2192 466 2247 τοῦ
495 2191 751 2247 Σατανᾶ.
795 2195 876 2248 Οὐ
910 2192 1017 2263 γὰρ
1049 2193 1234 2247 αὐτοῦ
1277 2193 1349 2247 τὰ
1389 2195 1656 2265 νοήματα
1687 2198 1938 2267 ἀγνοοῦ-

349 2300 488 2350 μεν.
534 2285 643 2338 Καὶ
672 2285 804 2356 ὁρᾷς
847 2284 963 2349 πῶς
992 2285 1173 2339 δίδωσι
1210 2286 1495 2357 μετάνοιαν
1548 2290 1641 2342 καὶ
1691 2290 1830 2361 μετὰ
1870 2291 1937 2345 τὰ

364 2377 787 2447 παραπτώματα
805 2393 820 2443 ;

2042 1928 2224 1985 viduis
2255 1930 2552 2000 Apostolus
2583 1930 2847 1985 dixisset:
2879 1928 3122 1994 Nubant,
3155 1929 3296 1999 ﬁlios
3322 1938 3624 1997 procreent,

2045 2020 2268 2089 familia:
2293 2021 2511 2087 prcesint
2548 2021 2586 2074 ⁸.
2636 2018 2742 2073 Sed
2778 2035 2956 2089 neque
2987 2019 3055 2074 de
3101 2018 3321 2073 homine
3365 2019 3490 2083 illo,
3534 2018 3629 2087 qui

2044 2110 2217 2180 patris
2261 2124 2484 2163 uxorem
2519 2109 2779 2173 duxerat,
2812 2109 2882 2162 ob
2924 2109 3086 2178 idque
3113 2106 3329 2162 Sataua:
3369 2109 3424 2161 in
3458 2108 3628 2160 inter-

2044 2203 2175 2255 itum
2210 2201 2388 2254 carnis
2425 2201 2655 2254 traditus
2691 2201 2889 2268 fuerat,
2927 2202 3002 2253 ita
3053 2201 3389 2269 loqueretur,
3414 2208 3471 2251 ut
3523 2199 3628 2266 spi-

2044 2293 2180 2345 ritus
2224 2291 2401 2346 salvus
2443 2291 2510 2345 sit
2547 2292 2603 2344 in
2646 2292 2731 2344 die
2763 2291 3058 2354 Domini’,
3098 2306 3274 2360 neque
3299 2290 3432 2344 illud
3468 2305 3628 2344 usur-

2044 2390 2246 2453 paret:
2297 2380 2621 2457 Couﬁrmate
2674 2383 2728 2435 in
2770 2382 2921 2434 illaut
2978 2381 3315 2446 cltaritatem,
3364 2399 3426 2435 ne
3460 2381 3628 2435 abun-

350 2444 598 2524 dantiore
645 2444 867 2523 tristitia
906 2466 1250 2523 absorbeatur
1287 2444 1547 2538 ejusmodi
1573 2471 1613 2524 ³.
1654 2471 1864 2537 Quibus
1886 2474 2002 2529 haec
2022 2444 2221 2543 adjecit
2246 2490 2259 2526 :
2291 2470 2391 2527 Cui
2409 2444 2617 2542 aliquid
2644 2470 2909 2536 donastis,
2934 2481 2983 2524 et
3004 2487 3135 2542 ego;
3162 2444 3412 2541 quoniam
3446 2471 3625 2541 siquid
3645 2526 3667 2539 ρ

358 2567 591 2630 donavi,
652 2574 866 2636 propter
927 2574 1014 2618 vos
1056 2563 1248 2618 donavi
1279 2565 1342 2618 in
1395 2565 1531 2634 [acie
1569 2564 1799 2630 Christi,
1849 2585 1910 2623 ne
1970 2567 2442 2622 circumveniamur
2483 2583 2513 2619 a
2558 2564 2800 2621 Satana:
2836 2582 2995 2636 neque
3030 2565 3168 2619 enim
3208 2564 3353 2618 illius
3399 2567 3626 2620 astutias

356 2658 667 2728 ignoramus
698 2660 742 2714 δ.
796 2655 960 2711 Vides
994 2663 1053 2709 ut
1077 2657 1410 2725 paenitentiae
1468 2657 1646 2712 locum
1683 2660 1847 2714 etiam
1888 2668 2013 2747 post
2053 2659 2250 2716 delicta
2285 2657 2585 2735 concedat?

432 2770 508 2823 E'.
541 2769 708 2824 Πάλιν
737 2767 794 2820 δὲ
833 2768 861 2819 6
904 2765 1107 2837 Κύριός
1159 2781 1352 2837 φησιν·
1387 2767 1600 2835 Ἅφετε
1648 2767 1941 2834 ἀλλήλοις

2114 2766 2178 2821 ν.
2217 2767 2296 2821 Ad
2327 2766 2443 2821 haec
2467 2765 2678 2819 Domini
2713 2764 2803 2819 illa
2837 2779 2939 2820 vox
2965 2770 3072 2829 est,
3113 2763 3377 2818 Dimittite
3409 2765 3627 2819 inuicem

360 2862 434 2915 τὰ
489 2858 947 2929 παραπτώματα,
997 2858 1097 2911 ἵνα
1140 2857 1237 2912 καὶ
1301 2860 1333 2911 ό
1385 2856 1587 2925 Πατὴρ
1618 2858 1784 2926 ὑμῶν
1812 2862 1844 2913 ό
1874 2858 1941 2912 ἐν

2044 2868 2353 2929 peccata,ut
2379 2867 2428 2912 et
2461 2856 2625 2910 Pater
2644 2865 2832 2918 vester,
2863 2856 2953 2926 qui
2989 2857 3043 2909 in
3079 2857 3222 2909 cwlis
3245 2865 3347 2922 est,
3389 2854 3627 2910 dimittat

344 2949 595 3019 »οὐρανῷ
630 2948 852 3020 ἀφήσει
880 2948 1042 3017 ἡμῖν.
1086 2946 1244 3001 Ἀλλὰ
1274 2948 1365 3001 καὶ
1411 2950 1468 2999 ὲν
1501 2948 1651 3018 ἄλλῳ
1674 2948 1827 3021 τόπῳ
1854 2949 1944 3003 οὒ·-

358 3062 469 3107 τως
492 3043 623 3113 φησί
640 3060 652 3073 ’
682 3042 973 3107 Περι-θήσω
1002 3040 1274 3107 πολλοὺς
1306 3040 1448 3105 τοὺς⁵
1491 3040 1561 3093 ἐν
1589 3040 1735 3108 ἡμῖν
1755 3056 1943 3109 παρα-

358 3131 683 3197 πεσόντας,
734 3132 833 3185 καὶ
879 3130 964 3200 μὴ
1012 3129 1538 3199 μετανοήσαντας*
1579 3129 1653 3193 ὡς
1705 3129 1937 3197 δεικνὺς,

2039 2951 2181 3004 vobis
2209 2950 2251 3002 '.
2312 2948 2516 3003 Deinde
2564 2947 2645 3002 sic
2690 2947 2797 3000 alio
2834 2946 2954 3000 loco
3006 2946 3227 3015 scripsit
3282 2947 3623 3016 Apostolus:

2037 3039 2247 3110 Lugebo
2276 3039 2493 3102 multos,
2532 3039 2623 3108 qui
2655 3039 2709 3092 in
2740 3037 2880 3091 vobis
2925 3039 3222 3092 ceciderunt
3252 3056 3412 3110 neque
3452 3041 3622 3110 patui-

2044 3134 2257 3187 tentiam
2298 3139 2511 3201 egerunt
2547 3131 2599 3195 ⁸,
2648 3137 2707 3183 ut
2739 3130 3013 3194 ostendat,
3051 3131 3270 3186 tametsi
3297 3131 3616 3196 ceciderint,

362 3224 465 3288 ὅτι,
526 3225 573 3276 εἰ
620 3222 715 3276 καὶ
767 3221 1108 3293 παρέπεσαν,
1158 3221 1251 3273 καὶ
1283 3220 1633 3291 μετενόησαν,
1676 3221 1939 3275 εἰσδεκτοὶ

2044 3239 2108 3278 ac
2149 3199 2525 3294 pwnitentiam
2565 3221 2941 3292 susceperint,
2982 3221 3196 3276 admitti
3247 3222 3646 3291 nihilominus,~

360 3308 508 3368 οὗτοι
528 3314 788 3382 γίνονται,
826 3312 920 3366 καὶ
952 3313 1051 3365 οὐκ
1088 3310 1579 3382 ἁποϐληθήσονται,
1602 3311 1694 3365 τοῦ
1732 3312 1945 3384 Κυρίου

338 3404 722 3475 ’,γινώσκοντος
757 3403 807 3457 τι
838 3403 975 3475 μετὰ
1002 3403 1233 3457 ἑκάστου
1265 3403 1532 3474 ποιήσειε.

410 3518 546 3570 .Kal.
576 3518 671 3570 ηὸτι
711 3516 810 3587 μὲν
847 3517 876 3569 6
903 3514 1085 3570 κανὼν
1123 3517 1222 3587 τῆς
1253 3516 1510 3587 ἀληθείας
1550 3516 1791 3571 τοιοῦτον
1828 3518 1950 3588 ἔχειΔ

362 3610 455 3663 τὸν
478 3608 824 3681 χαρακτῆρα,
866 3608 1028 3661 παντί
1056 3625 1133 3678 τῳ
1162 3608 1332 3676 σαφές
1360 3611 1495 3662 ἐστι.
1529 3609 1684 3663 Μετὰ
1713 3609 1822 3680 γὰρ
1844 3609 1942 3680 τὴν

367 3700 590 3773 πρώτην
620 3701 907 3772 μετάνοιαν
934 3699 1031 3772 τὴν
1058 3700 1143 3753 διὰ
1167 3700 1261 3753 τοῦ
1291 3700 1515 3770 λουτροῦ
1549 3701 1647 3771 τῆς
1676 3701 1940 3770 παλιγγε-

367 3794 580 3857 νεσίας,
612 3795 670 3846 ὲν
782 3791 1039 3865 μετανοίᾳ
1087 3790 1440 3861 ἀνεκαινίσθη
1485 3793 1593 3854 πᾶς
1634 3791 1938 3862 ἄνθρωπος,

367 3883 591 3954 ὣευτέρα
621 3900 704 3946 τις
734 3883 957 3954 τοιαύτη
983 3884 1082 3952 οὐχ
1106 3883 1356 3953 ὑπάρχει.
1393 3880 1530 3935 Οὔτε
1556 3880 1666 3951 γὰρ
1703 3881 1797 3935 δύο
1835 3884 1942 3936 εἰσὶ

368 3976 739 4045 βαπτίσματα,
765 3974 899 4028 ἀλλὰ
926 3976 1013 4027 ἕν’
1054 3973 1175 4027 οὔτε
1213 3974 1294 4037 δὶς
1338 3972 1653 4044 ἐσταυρώθη
1686 3974 1939 4045 Χριστὸς,

366 4066 480 4120 ἀλλ’
508 4066 674 4131 ἅπαξ·
697 4064 820 4120 οὔτε
837 4064 1207 4131 ἂςιάπέθανεν
1236 4063 1379 4135 ὑπὲρ
1401 4064 1578 4135 ήμῶν,
1597 4063 1694 4118 καὶ
1718 4064 1940 4135 ἀνέστη.

367 4153 474 4209 Καὶ
505 4156 693 4210 τούτου
728 4157 887 4228 χάριν
915 4154 1385 4225 ὲπασφαλίσασθαι
1414 4155 1521 4233 δεῖ,
1544 4155 1629 4208 ἵνα
1660 4156 1734 4226 μὴ
1764 4173 1943 4226 παρα-

366 4249 642 4314 πεσόντες,
674 4250 766 4303 τὸν
809 4249 1204 4319 στέφανοντοῦ
1230 4249 1625 4321 ἀνακαινισμοῦ
1668 4250 1943 4304 ἀπολέσω-

369 4357 490 4410 μεν.
550 4341 709 4395 Ἀλλὰ
745 4341 839 4396 ἐάν
880 4359 964 4406 τις
1007 4341 1331 4413 παραπέσῃ,
1375 4342 1470 4396 καὶ
1517 4341 1838 4410 προληφθῇ
1873 4341 1944 4395 ἐν

364 4449 482 4487 τινι
527 4432 949 4503 παραπτώματι
967 4472 983 4497 ,
1017 4433 1095 4496 ώς
1139 4432 1287 4501 λέγει
1332 4433 1361 4484 6
1405 4432 1745 4497 Ἀπόστολδς,
1775 4432 1943 4501 ὑμεῖς

2044 3330 2147 3370 nec
2180 3314 2405 3371 omnino
2445 3312 2620 3382 rejici.
2654 3311 2814 3367 Novit
2852 3314 2997 3368 enim
3039 3312 3306 3369 Dominus
3339 3313 3470 3383 quid
3506 3314 3623 3368 uni-

2044 3409 2243 3479 cuique
2275 3408 2523 3464 l‘acturus
2546 3407 2638 3464 sit.

2115 3519 2270 3586 Quod
2305 3520 2470 3591 igitur
2501 3520 2750 3577 veritatis
2778 3521 2963 3592 regula
2993 3518 3062 3575 ad
3084 3535 3203 3576 eam
3241 3534 3363 3576 sese
3393 3518 3624 3573 formam

2044 3611 2263 3675 habeat,
2289 3612 2494 3665 nemini
2520 3618 2604 3667 est
2634 3610 2953 3665 obscurum.
2991 3609 3204 3679 Quippe
3236 3619 3360 3680 post
3391 3610 3625 3679 priorem

2042 3701 2440 3770 pmnitentiam,
2470 3716 2595 3771 quae
2629 3717 2724 3771 per
2756 3703 3019 3756 secunda:
3056 3701 3424 3771 generationis
3459 3702 3624 3755 lotio-

2042 3807 2165 3845 nem
2189 3791 2487 3856 obtinetur,
2521 3792 2575 3845 in
2602 3807 2711 3861 qua
2743 3791 3078 3862 pamitentia:
3113 3790 3377 3846 beneﬁcio
3398 3790 3622 3860 quilibet

2044 3893 2336 3936 renovatus
2387 3889 2506 3945 est,
2561 3882 2831 3949 ejusmodi
2892 3882 3133 3936 secunda
3182 3882 3418 3951 amplius
3475 3882 3623 3936 nulla

2045 3973 2371 4044 ptenitentia
2410 3975 2670 4043 suppetit.
2698 3974 2816 4028 Non
2857 3974 3003 4029 eriim
3033 3973 3288 4044 baptismi
3314 3974 3424 4028 duo
3458 3981 3624 4037 sunt,

2051 4066 2145 4121 sed
2177 4081 2322 4121 unus
2350 4065 2634 4121 duntaxat.
2667 4064 2854 4136 Neque
2890 4066 2972 4121 bis
3016 4066 3071 4119 in
3116 4080 3337 4120 crucem
3372 4065 3623 4121 Christus

2044 4166 2197 4210 actus
2233 4163 2340 4220 est,
2380 4156 2473 4211 sed
2527 4157 2727 4223 semel;
2764 4172 2874 4211 non
2921 4156 3010 4211 bis
3034 4157 3272 4227 denique
3319 4172 3421 4226 pro
3469 4158 3622 4212 nobis
3731 4177 3737 4183 ν

2045 4257 2297 4302 mortuus
2314 4254 2419 4307 est,
2439 4262 2501 4301 ac
2515 4249 2834 4303 resurrexit.
2850 4247 3017 4320 498
3033 4247 3394 4314 Quamobrem
3406 4263 3623 4303 summa

2044 4339 2117 4393 ob
2152 4339 2206 4394 id
2236 4338 2545 4394 adhibenda
2577 4341 2762 4395 cautio
2787 4348 2893 4406 est,
2922 4356 3012 4407 ne,
3044 4342 3090 4395 si
3119 4341 3173 4394 in
3196 4351 3478 4410 peccatum
3502 4358 3627 4411 pro-

2046 4429 2184 4499 lapsi
2239 4429 2527 4494 fuerimus,
2575 4431 2994 4487 instaurationis
3042 4432 3189 4488 illius
3228 4448 3430 4487 corona
3466 4434 3623 4489 nobis

361 4528 418 4578 ot
445 4524 830 4593 πνευματικοὶ
860 4522 1227 4593 καταρτίζετε
1258 4522 1366 4576 τὸν
1392 4521 1662 4577 τοιοῦτον
1681 4522 1752 4576 ἐν
1770 4524 1941 4585 πνεύ-

2053 4529 2256 4591 pereat.
2292 4520 2398 4578 Sed
2428 4524 2475 4577 si
2500 4524 2625 4593 quis
2656 4533 2836 4578 tamen
2862 4525 3049 4594 lapsus
3076 4524 3259 4591 tuerit,
3290 4525 3551 4595 fueritque
3573 4526 3623 4580 in

364 4632 501 4685 ματι
548 4620 909 4683 πραότητος·
964 4614 1213 4669 σκοπῶν
1258 4614 1545 4679 σεαυτὸν,
1582 4614 1669 4683 μὴ
1721 4613 1817 4669 καὶ
1862 4614 1945 4669 σὺ

365 4707 713 4776 πειρασθῇς.
766 4707 890 4763 Ἐάν
936 4726 1019 4773 τις
1064 4704 1156 4762 οὖν
1203 4707 1488 4779 προληφθῇ
1538 4705 1945 4778 παραπτώματι

366 4801 425 4853 ὲν
452 4800 550 4870 οἴῳ
577 4800 619 4853 δ’
647 4801 715 4854 ἂν
745 4800 851 4872 εἴη,
883 4800 1226 4871 μετανοείτω.
1253 4799 1476 4870 Δέχεται
1507 4798 1619 4869 γὰρ
1639 4799 1668 4850 ὁ
1689 4797 1819 4861 Θεὸς
1846 4798 1946 4868 τὴν

372 4891 657 4958 μετάνοιαν
699 4893 792 4945 καὶ
820 4891 956 4962 μετὰ
988 4891 1048 4945 τὸ
1074 4891 1375 4962 βάπτισμα,
1397 4891 1494 4944 ὲάν
1516 4908 1598 4953 τις
1628 4889 1942 4960 παραπέσῃ.

372 4979 492 5043 Πῶς
530 4980 590 5033 ’δὲ
631 4980 769 5052 μετὰ
815 4981 973 5035 τοῦτο
1021 4985 1213 5045 ποιεῖν,
1259 4982 1420 5044 αὐτὸς
1460 4981 1617 5052 μόνος
1663 4978 1942 5055 γινώσκει.

382 5070 831 5141 Ἀνεξερεύνητα
852 5073 959 5144 γὰρ
988 5071 1057 5126 τὰ
1100 5073 1352 5142 κρίματα
1387 5071 1597 5135 αὐτοῦ,
1642 5073 1739 5125 καὶ
1773 5072 1947 5136 ἀνεξ-

358 5163 667 5230 -ιχνίαστοι
697 5168 756 5219 αἱ
792 5163 925 5219 οδοὶ
963 5161 1149 5217 αὐτοῦ
1170 5179 1183 5192 °
1242 5164 1337 5217 καὶ
1383 5163 1492 5235 πρὸ
1525 5164 1622 5229 τῆς
1651 5164 1948 5234 παρουσίας

368 5254 427 5306 οὐ
454 5254 537 5308 δεῖ
559 5256 764 5326 κρίνειν
782 5273 794 5286 ’
830 5256 983 5321 ’Ἕως
1006 5254 1082 5310 ἂν
1103 5257 1248 5325 ἔλθῃ
1278 5259 1310 5310 ὀ
1331 5257 1565 5323 Κύριος,
1589 5255 1662 5322 ὃς
1683 5257 1781 5310 καὶ
1809 5257 1952 5312 ἀπο-

302 5374 307 5377 -
368 5346 627 5413 καλύψει
673 5345 745 5400 τὰ
799 5346 1120 5414 ἀπόκρυφα
1168 5345 1281 5412 τῆς
1329 5345 1596 5414 καρδίας.
1646 5342 1759 5400 Καὶ
1818 5347 1950 5399 τότε

358 5436 609 5503 ἔπαινος
675 5436 937 5491 ἑκάστου
1004 5435 1263 5506 φανερὸς
1314 5436 1651 5508 γενήσεται.
1717 5437 1780 5493 Ἠ
1828 5436 1948 5505 γὰρ

2051 4614 2228 4684 aliquo
2256 4614 2473 4679 delicto,
2501 4623 2559 4669 ut
2589 4616 2887 4686 Apostolus
2917 4616 3178 4685 loquitur,
3208 4625 3622 4684 prwoccupatus,

2047 4724 2134 4761 vos
2169 4708 2259 4777 qui
2288 4706 2555 4775 spiritales
2573 4708 2721 4775 estis,
2755 4707 3017 4776 ejusmodi
3055 4707 3302 4760 instruite
3341 4707 3394 4759 in
3434 4707 3621 4775 spiritu

2044 4798 2301 4859 lenitatis,
2331 4797 2675 4850 considerans
2700 4799 3059 4865 temetipsum,
3084 4813 3147 4850 ue
3174 4805 3225 4850 et
3255 4807 3312 4850 tu
3342 4799 3558 4851 tenteris
3580 4797 3621 4851 ⁷.

2043 4890 2313 4955 Quocirca
2353 4889 2397 4943 si
2416 4889 2541 4959 quis
2559 4897 2781 4959 peccato
2795 4890 2999 4960 aliquo,
3023 4890 3386 4960 quodcunque
3406 4890 3623 4945 demum

2044 4983 2176 5035 illud
2224 4981 2315 5048 sit,
2365 4990 2667 5052 occupatus
2696 4982 2896 5047 fuerit,
2941 4982 3106 5050 hujus
3151 4982 3301 5037 illum
3339 4983 3622 5052 paeniteat.

2042 5072 2430 5127 Paenitentiam
2451 5074 2597 5129 enim
2626 5074 2709 5127 vel
2726 5082 2856 5144 post
2888 5074 3218 5144 baptismum
3239 5075 3439 5145 accipit
3458 5075 3622 5139 Deus,

2046 5164 2092 5218 si
2122 5164 2249 5234 quis
2274 5164 2413 5219 forte
2436 5164 2748 5233 deliquerit.
2779 5163 2920 5230 Quid
2941 5172 3125 5219 autem
3152 5166 3413 5255 deinceps
3439 5165 3621 5231 faciat,

2047 5257 2199 5312 solus
2232 5257 2348 5326 ipse
2371 5257 2543 5311 novit.
2587 5255 2969 5313 Inscrutabilia
3003 5258 3274 5326 siquidem
3305 5257 3453 5312 illius
3476 5258 3622 5326 judi-

2046 5349 2129 5401 cia
2154 5355 2298 5412 sunt,
2331 5356 2380 5402 et
2402 5347 2795 5416 investigabiles
2822 5336 2919 5403 via:
2944 5349 3064 5418 ejus
3091 5349 3145 5416 ';
3186 5365 3287 5403 nec
3314 5358 3440 5404 ante
3478 5350 3624 5405 illius

2048 5439 2341 5494 adventum
2361 5439 2611 5509 judicare
2627 5454 2957 5510 quemquam
2984 5448 3229 5510 oportet:
3258 5439 3431 5494 Donec
3454 5442 3622 5495 veniat

444 5680 671 5754 '_[Cor.
708 5701 805 5747 VII,
829 5683 891 5747 9;
925 5683 939 5736 Ι
972 5684 1114 5738 Tim.
1147 5701 1199 5747 v,
1234 5684 1322 5739 14.
1404 5687 1425 5716 ¹
1461 5686 1477 5740 l
1511 5685 1637 5739 Cor.
1663 5701 1717 5750 v,
1743 5683 1794 5737 5.
1877 5684 1939 5735 ³1

2044 5701 2108 5740 )r.
2144 5700 2206 5750 It,
2257 5686 2287 5737 7
2331 5693 2383 5741 et
2414 5685 2471 5741 8.
2550 5685 2573 5719 δ
2613 5685 2744 5741 ibid.
2784 5687 2873 5754 10,
2910 5687 2994 5743 Η.
3073 5687 3094 5718 ⁸
3133 5685 3327 5741 Matth.
3394 5700 3469 5747 Vl,
3537 5681 3620 5736 ιι.

369 5748 394 5786 ⁸
422 5749 471 5807 ιι
498 5751 625 5810 Cor.
660 5769 759 5820 ιιι,
801 5755 891 5809 2|.
990 5757 1007 5787 ⁷
1045 5756 1219 5809 Gul-at.
1255 5772 1330 5819 vt,
1391 5757 1436 5809 ι.
1530 5757 1551 5787 ⁸
1576 5748 1735 5809 Rom.
1765 5770 1839 5821 ιι,
1864 5754 1952 5810 55.
