3794 6140
184 326 316 385 1027

1597 314 1656 379 S.
1701 311 2049 378 EPIPIIANII

3316 304 3465 371 was

188 468 464 532 Dominus,
495 463 586 535 qui
612 473 659 518 et
689 460 934 518 reuelabit
961 452 1275 516 abstandita
1301 450 1496 514 cordis.
1529 456 1600 512 Et
1637 468 1763 514 tunc

1940 461 2059 530 ιέρα
2120 459 2387 529 δηλώσει
2411 498 2445 531 ,ξ
2475 452 2567 514 ὅτι
2621 450 2693 513 ἐν
2748 456 2894 527 πυρὶ
2945 455 3461 511 ἀποκαλύπτεται.

182 557 300 612 laus
330 551 738 623 uniuscujusque
764 550 1047 621 manifesta
1083 557 1183 604 ent
1205 554 1243 603 ί.
1266 549 1390 604 Dies
1422 551 1559 603 enim
1578 548 1893 616 declarabit,
1922 552 2172 622 quoniam
2197 553 2253 607 in
2274 552 2392 623 igne
2422 549 2742 606 revelabitur
2776 551 2820 603 ³.
3322 544 3327 551 ’

253 649 341 706 Vl.
382 649 516 717 Quae
555 666 682 705 cum
718 649 795 702 ita
834 649 965 713 sint,
998 662 1174 717 neque
1208 646 1515 701 libertatem
1547 646 1617 700 iis
1647 659 1765 698 om-

183 742 318 798 nino
347 742 441 812 qui
479 746 605 814 post
643 739 977 810 baptismum
1013 737 1366 814 deliquerint,
1397 734 1763 800 ostendimus,-

183 850 361 905 neque
396 833 505 888 illis
536 846 691 903 spem
721 829 918 886 salutis
942 829 1227 899 eripimus.
1271 826 1580 882 Misericors
1618 825 1765 882 enim

181 925 328 982 Deus
364 931 537 981 estet
589 922 897 992 benignus,
939 936 1003 975 ac
1050 928 1325 990 receptum
1370 918 1766 990 paenitentibus

130 1088 131 1091 η
182 1017 433 1072 indulsit.
499 1016 579 1070 Ac
632 1014 788 1085 prius
838 1012 1061 1084 quidem
1123 1020 1206 1068 est
1260 1011 1634 1066 manifestum.
1691 1009 1767 1065 De

184 1106 429 1163 secundo
473 1122 604 1161 vero
659 1106 792 1160 illud
853 1105 1128 1168 novimus,
1186 1104 1600 1159 misericordem
1642 1117 1767 1157 esse

181 1196 378 1263 Deum,
421 1198 468 1253 si
506 1213 607 1253 nos
643 1213 709 1253 ex
753 1199 940 1251 animo
970 1205 1321 1267 peccatorum
1359 1196 1644 1266 poeniteat.
1676 1193 1769 1247 Et-a

182 1292 328 1346 enim
359 1291 415 1345 in
451 1306 614 1344 manu
642 1290 731 1345 ille
755 1290 943 1354 vitam,
985 1297 1038 1343 et
1068 1289 1123 1343 in
1167 1290 1398 1343 salutem
1436 1301 1766 1358 propensam

181 1382 582 1438 humanitatem
634 1388 798 1436 tenet.
842 1378 1115 1446 Quidnam
1155 1394 1287 1434 vero
1329 1378 1515 1441 faciat,
1541 1378 1790 1434 solioest.

184 1475 288 1546 ipsi
328 1481 698 1545 perspectum.
726 1471 861 1527 Illud
888 1472 1108 1542 quidem
1130 1479 1376 1538 constat,
1405 1471 1605 1524 nemini
1627 1469 1770 1523 frau-

181 1567 238 1622 di
271 1580 395 1620 esse
430 1564 829 1635 pwnitentiam,
867 1578 1043 1633 neque
1070 1577 1231 1632 quem
1264 1569 1617 1631 peccatorum
1650 1575 1770 1615 οιιιδ

178 1657 334 1712 nium
370 1655 620 1726 poenitet,
645 1655 799 1724 rejici
826 1667 920 1708 aut
943 1653 1179 1709 excludi.
1206 1652 1423 1719 Quanto
1442 1667 1572 1722 ergo
1595 1650 1769 1720 magis

181 1747 326 1804 idem
357 1748 406 1802 ei
438 1745 793 1801 tribuendum
824 1754 932 1811 est,
967 1746 1060 1815 qui
1087 1761 1211 1799 cum
1238 1745 1407 1799 altera
1435 1759 1606 1799 uxore
1633 1743 1766 1814 legi—-

181 1838 331 1891 timis
370 1851 493 1892 sese
540 1836 751 1906 nuptiis
790 1836 1050 1906 illigarit?
1090 1831 1226 1888 Nam
1258 1844 1317 1888 ut
1357 1836 1531 1905 prima
1570 1847 1710 1888 uxor
1737 1847 1768 1886 a

1939 651 2031 716 ς’.
2071 647 2209 704 Οὔτε
2258 643 2352 702 οὖν
2394 644 2844 717 ἐπαγγελλόμεθα
2897 641 3206 713 ἐλευθερίαν
3250 635 3460 694 licini-

1867 758 2003 795 πασι
2028 743 2141 805 τοῖς
2174 740 2314 811 μετά
2346 739 2409 793 τδ
2455 738 2738 809 βάπτισμα
2783 726 3302 807 παραπεπτωκόσιν,
3331 730 3464 786 οὕτε

1867 827 2285 899 ἀπαγορεύομεν
2330 828 2431 899 τὴν
2482 825 2884 898 αὐτὴν“αὐτῶν
2940 824 3108 895 ζωήν.
3158 823 3292 886 Θεὸς
3347 820 3467 892 γάρ

1869 920 2116 991 ἐλεήμων
2158 920 2277 973 ἐστὶ
2319 919 2414 973 καὶ
2465 919 2790 990 οἰκτίρμων,
2820 917 2916 971 καὶ
2953 916 3118 969 ἔδωκε
3148 917 3261 977 τοῖς
3286 928 3461 984 μετα-

1867 1012 2080 1066 νοοῦσιν
2108 1012 2383 1066 ὲπάνοδον.
2417 1011 2529 1064 Καὶ⁵
2552 1010 2614 1064 τὸ
2647 1010 2747 1081 μὲν
2772 1008 2987 1079 πρῶτόν
3016 1010 3133 1061 ἐστι
3159 1005 3358 1075 σαφέςο
3398 1004 3468 1057 τὸ

1867 1104 1924 1158 δὲ
1961 1103 2234 1173 δεύτερον,
2266 1103 2507 1174 οἴδαμεν,
2545 1104 2628 1156 ὅτι
2664 1101 2913 1174 ἐλεήμων
2940 1100 3086 1153 ἐστὶν
3120 1101 3149 1151 ὁ
3180 1097 3333 1159 Θεὸς,
3365 1095 3467 1149 ἐὰν

1868 1194 1927 1260 ἐξ
1970 1194 2097 1265 ὅλης
2142 1194 2319 1265 ψυχῆς
2354 1195 2776 1265 μετανοήσωμεν
2824 1188 3464 1261 ἀποπαραπτωμάτων.

1874 1285 2027 1358 Ἔχει
2049 1287 2157 1358 γὰρ
2207 1288 2266 1340 ὲν
2308 1286 2451 1358 χειρὶ
2493 1285 2660 1357 ζωὴν,
2706 1286 2800 1339 καὶ
2845 1284 3119 1356 σωτηρίας
3159 1280 3466 1351 φιλανθρω-

1870 1378 2022 1433 πίαν.
2056 1377 2167 1432 Καὶ
2192 1376 2242 1431 τί
2280 1377 2379 1449 μὲν
2413 1377 2577 1440 αὐτὸς
2617 1380 2777 1442 ποιεῖ,
2814 1376 2964 1446 αὐτῷ
2996 1375 3141 1447 μόνῳ
3169 1373 3463 1441 ἔγνωσται.

1870 1469 2018 1542 Πλὴν
2051 1469 2133 1522 ὅτι
2175 1468 2347 1541 ζημία
2391 1470 2492 1523 οὐκ
2541 1470 2619 1522 ἔνι
2678 1469 2788 1523 ἀπὸ
2828 1468 2930 1540 τῆς
2979 1467 3289 1539 μετανοίας,
3338 1463 3468 1517 οὐδὲ

1871 1563 2246 1635 ἀπηγόρευται
2288 1564 2317 1615 ό
2364 1561 2637 1634 μετανοῶν
2683 1562 2792 1616 ἀπὸ
2835 1562 3055 1616 πάντων
3103 1557 3465 1629 σφαλμάτων.

1872 1655 2030 1725 Πόσῳ
2053 1671 2116 1723 γε
2151 1653 2351 1725 μᾶλλον
2379 1655 2411 1717 ό
2433 1657 2574 1708 κατὰ
2599 1653 2759 1724 νόμον
2786 1651 3076 1722 συναφθεὶς
3108 1650 3337 1719 δευτέρα
3362 1663 3469 1715 γυ·-

1872 1748 2053 1812 ναικί;
2084 1748 2254 1819 Κοιὶὴ
2285 1748 2385 1818 μὲν
2425 1746 2613 1818 πρώτη
2653 1747 2814 1818 γυνὴ,
2853 1746 2918 1799 ὲκ
2942 1745 3076 1799 Θεοῦ
3115 1743 3429 1815 τεταγμένη
3449 1758 3464 1773 ·

1874 1840 1907 1909 ὴ
1940 1839 1993 1893 δὲ
2031 1840 2279 1915 δευτέρα,
2318 1840 2376 1905 ἐξ
2427 1839 2707 1904 ἀσθενείας
2747 1837 3048 1912 ἀνθρώπων
3072 1854 3085 1867 ·
3126 1837 3220 1891 καὶ
3253 1838 3332 1890 ἔτι
3372 1855 3469 1891 πε-

186 1927 624 2013 Deo'constituta
647 1937 752 1991 est,
776 1927 851 1981 ita
876 1926 1237 1982 imbecillitati
1276 1926 1555 1980 hominum
1589 1934 1772 1996 poste-

1940 1931 2161 2003 σσοτέρᾳ
2192 1934 2239 1985 si
2284 1931 2601 2002 συναφθεῐη,
2631 1931 2694 1984 τὸ
2726 1930 2948 1995 ἀσθενὲς
2987 1932 3072 1984 ἀεὶ
3112 1930 3470 2013 διαϐαστάζε-

184 2020 298 2075 rior
329 2019 558 2074 indulta.
589 2017 743 2084 Quod
770 2018 814 2072 si
845 2019 1072 2071 alteram
1102 2026 1363 2088 praeterea
1395 2017 1501 2072 sibi
1528 2017 1767 2087 copulet,

183 2115 353 2185 hujus
385 2113 489 2167 hac
525 2114 576 2165 in
624 2121 779 2182 parte
820 2112 1084 2166 toleratur
1131 2109 1441 2165 infirmitas.
1493 2107 1768 2181 Scriptum

185 2212 270 2261 est
294 2206 437 2261 enim
474 2223 488 2259 :
529 2202 725 2257 Mulier
769 2203 991 2273 alligata
1030 2211 1106 2256 est
1153 2202 1372 2269 nuptiis,
1413 2210 1610 2270 quanto
1649 2210 1770 2254 tem.

183 2311 308 2362 pore
353 2294 475 2349 vivit
511 2294 592 2348 uir
636 2290 786 2362 ejus;
838 2293 921 2346 sin
960 2303 1137 2347 autem
1176 2303 1418 2347 mortuus
1471 2292 1629 2360 fuerit
1668 2293 1766 2357 vir,

189 2386 351 2441 libera
394 2394 470 2439 est
513 2385 598 2438 cui
627 2384 732 2438 t'ult
771 2383 963 2437 nubere
994 2384 1035 2437 ³.
1071 2390 1191 2450 Quo
1233 2382 1457 2453 quidem
1503 2382 1767 2447 declarat,

188 2489 311 2546 post
333 2477 434 2530 viri
455 2476 661 2531 obitum
687 2476 754 2531 ab
771 2476 921 2530 omni
941 2476 1087 2530 illam
1112 2484 1342 2547 peccato
1364 2475 1590 2530 liberam
1615 2490 1768 2544 esse;

187 2568 324 2623 adeo
355 2576 410 2622 ut
439 2567 822 2623 contradicere
848 2582 1011 2621 nemo
1044 2568 1238 2637 possit.
1271 2566 1425 2634 Quod
1456 2567 1558 2621 hoc
1586 2567 1771 2621 addito

186 2660 531 2730 signiﬁcavit,
559 2662 613 2712 in
646 2658 1085 2731 DominoLquasi
1120 2659 1344 2714 minime
1372 2676 1402 2713 a
1438 2658 1670 2715 Domino
1698 2660 1772 2714 sit

188 2751 387 2814 aliena,
433 2766 555 2820 qua:
602 2758 727 2821 post
774 2750 877 2804 viri
916 2750 1127 2804 obitum
1173 2750 1328 2805 alteri
1384 2766 1444 2806 se
1488 2751 1608 2805 viro
1641 2765 1773 2805 con-

182 2842 447 2910 iunxerit.
481 2850 540 2896 ut
571 2857 669 2896 nec
705 2843 855 2896 illum
884 2842 1149 2905 vicissim,
1181 2842 1293 2912 qui,
1329 2854 1501 2897 uxore
1536 2850 1770 2906 mortua,

187 2950 308 2991 sese
352 2936 418 2991 ad
454 2936 749 2990 secundum
794 2936 1107 3005 applicarit.
1164 2933 1395 2987 Tantum
1436 2936 1490 2987 in
1523 2935 1769 2999 Domino,

186 3029 262 3082 ait
284 3028 597 3098 Apostolus.
624 3027 788 3080 Addit
811 3035 990 3082 tamen
1017 3046 1029 3080 :
1062 3025 1277 3080 Beatior
1301 3036 1476 3079 autem
1504 3036 1601 3091 est,
1625 3028 1672 3081 si
1697 3026 1773 3080 sic

185 3122 496 3176 manserit‘.
515 3121 646 3175 Illud
668 3128 870 3182 autem,
893 3123 945 3173 in
969 3119 1214 3183 Doatino,
1242 3120 1382 3174 idem
1400 3129 1485 3175 est
1505 3135 1569 3174 ac
1585 3134 1693 3173 non
1716 3119 1773 3172 in

184 3221 394 3283 stupro,
420 3211 820 3273 autadalterio,
862 3212 1263 3280 violationeque
1290 3209 1458 3283 499
1492 3210 1772 3263 matrimo-

1869 2040 1980 2077 ται.
2014 2024 2154 2094 Φησὶ
2180 2024 2288 2094 γάρ
2309 2040 2322 2055 °
2353 2023 2525 2089 Γυνὴ
2562 2023 2793 2077 δέδεται
2819 2022 3002 2094 γάμῳ,
3031 2022 3121 2093 ἐφ’
3148 2022 3299 2077 ὅσοι·
3323 2012 3470 2093 χρό-

1870 2134 1983 2170 νον
2015 2115 2084 2184 ζῇ
2109 2120 2140 2171 ό
2169 2117 2325 2185 ἀνὴρ
2359 2115 2567 2184 αὐτῆς.
2612 2118 2747 2170 Ἐὰν
2773 2115 2843 2169 δὲ
2892 2115 3165 2186 ἀποθάνῃ
3213 2118 3246 2170 ό
3282 2115 3465 2183 ἀνὴρ.

1870 2205 2156 2274 ἐλευθέρα
2192 2206 2365 2260 ἐστὶν
2388 2199 2437 2272 ᾧ
2464 2206 2611 2274 θέλῃ
2648 2205 3013 2276 γαμηθῆναι·
3045 2206 3467 2278 ἀποφηνάμενος

1875 2298 2012 2368 μετά
2056 2297 2313 2370 τελευτὴν
2345 2298 2539 2369 ἀνδρὸς
2583 2298 2642 2352 τὸ
2684 2297 2988 2370 ἐλευθέριον
3040 2298 3147 2351 ἀπὸ
3186 2297 3467 2372 ἁμαρτίας

1872 2390 2042 2462 χωρὶς
2086 2392 2268 2461 πάσης
2305 2391 2634 2460 ἀντιλογίας,
2687 2391 2824 2462 μετά
2861 2391 2959 2461 τῆς
3003 2390 3319 2462 προσθήκης
3368 2406 3470 2460 ση-

1876 2480 2085 2550 μάνας,
2127 2479 2208 2544 τῷ
2262 2482 2332 2533 ἐν
2372 2480 2602 2549 Κυρίῳ,
2646 2479 2721 2544 ὡς
2769 2481 2870 2533 οὐκ
2914 2475 3047 2533 εἶναι
3093 2478 3263 2551 αὐτὴν
3300 2478 3467 2533 ἀλλο-

1871 2569 2029 2640 τρίαν
2062 2568 2284 2641 Κυρίου,
2318 2571 2418 2642 τὴν
2447 2570 2584 2642 μετὰ
2619 2569 2876 2642 τελευτὴν
2910 2570 3102 2643 ἀνδρὸς
3132 2571 3471 2641 συναπτομέ·

1872 2680 1971 2734 νην
1996 2661 2140 2732 ἄλλῳ
2164 2659 2338 2731 ἀνδρὶ,
2381 2661 2413 2732 ἢ
2458 2660 2553 2714 τὸν
2588 2658 2725 2731 μετά
2763 2659 3020 2731 τελευτὴν
3055 2660 3321 2730 γυναικὸς.
3343 2678 3470 2715 συνο

1874 2754 2178 2826 απτόμενον
2230 2752 2455 2824 δευτέρᾳ
2502 2752 2739 2821 γυναικὶ,
2775 2752 2971 2821 μόνον
3012 2751 3083 2805 ἐν
3116 2753 3344 2819 Κυρίῳ,
3387 2751 3470 2816 ὡς

1873 2847 2022 2915 λέγει
2065 2850 2094 2901 ὁ
2149 2845 2489 2907 Ἀπόστολος.
2545 2844 2655 2899 Καί
2705 2860 2839 2914 φησι
2859 2858 2873 2873 ⁸
2921 2843 3339 2911 Μακαριωτέρα
3396 2841 3473 2897 δέ

1873 2937 2063 3003 ἐστιν,
2096 2934 2206 2991 ἓὰν
2223 2936 2405 3005 μείνῃ
2436 2934 2643 2999 οὕτως.
2687 2934 2781 2999 Τὸ,
2802 2934 2872 2987 ἐν
2892 2933 3108 3001 Κυρίῳ,
3149 2932 3221 3004 μὴ
3251 2936 3308 2987 ἐν
3339 2950 3471 3005 πορ-

1874 3029 2015 3100 νείᾳ,
2048 3029 2121 3100 μὴ
2154 3030 2213 3081 ὲν
2253 3029 2490 3099 μοιχείᾳ,
2525 3026 2598 3097 μὴ
2637 3027 2695 3079 ὲν
2723 3024 3080 3096 κλεψιγαμίᾳ,
3105 3024 3217 3079 ἀλλ’
3240 3026 3299 3080 ἐν
3324 3028 3471 3098 παῤ-

1878 3121 2062 3193 ρησίᾳ,
2109 3122 2166 3173 ἐν
2221 3119 2405 3192 σεμνῷ
2439 3120 2602 3189 γάμῳ
2646 3117 2947 3188 ἐπιμένειν,
2981 3119 3038 3169 ὲν
3076 3120 3140 3188 τῇ
3178 3117 3380 3181 πίστει,
3407 3119 3471 3169 ἐν

1876 3214 1995 3277 ταῖς
2019 3213 2278 3275 ἐντολαῖς,
2309 3213 2365 3263 ὲν
2389 3211 2677 3274 εὐποιίαις,
2705 3214 2764 3264 ὲν
2783 3211 3063 3284 εὐλαϐείᾳ,
3086 3214 3143 3267 ὲν
3169 3213 3468 3284 νηστείαις,

185 3307 432 3372 niorum;
456 3303 552 3360 sed
581 3304 635 3358 in
665 3304 861 3358 fiducia
886 3311 939 3358 et
957 3303 1203 3358 honestis
1233 3303 1437 3372 nuptiis
1456 3302 1771 3371 peisistere,

1976 3304 2222 3377 εὐνομίᾳ,
2264 3307 2323 3357 ὲν
2366 3303 2799 3376 ὲλεημοσύναιςζ
2832 3306 2891 3359 ὲν
2945 3305 3357 3377 σπουδαιότητι,
3405 3309 3468 3361 ὲν

189 3400 245 3454 in
274 3398 377 3452 (ide
394 3397 702 3467 praeceptis,
726 3397 884 3451 bonis
907 3396 1188 3465 operibus,
1213 3394 1497 3464 religione,
1523 3394 1770 3464 jejuniis,

188 3491 364 3559 legum
414 3488 787 3551 observantia,
824 3485 1224 3557 ‘eleemosynis,
1265 3485 1528 3553 bonitate,
1571 3483 1775 3540 beneﬁ-

187 3579 386 3635 centia.
416 3578 542 3634 liae
559 3578 707 3634 enim
728 3593 851 3634 cum
878 3577 931 3632 in
955 3578 1114 3633 nobis
1138 3578 1325 3633 insunt
1345 3592 1408 3632 ac
1432 3584 1772 3646 permanent,

186 3685 295 3725 non
323 3669 531 3725 Otiosos
553 3676 608 3724 et
636 3667 1019 3724 infructuosos
1045 3669 1388 3724 constituunt
1406 3667 1460 3722 in
1480 3667 1774 3723 adventum

186 3758 423 3817 Domini.

257 3853 376 3909 Jam
429 3868 561 3910 vero
609 3852 921 3909 sacerdotio
963 3852 1174 3921 primus
1207 3850 1364 3919 ordo,
1405 3860 1775 3922 accurataque

188 3947 243 4000 in
272 3946 528 4002 omnibus
574 3947 717 4000 vitae
752 3945 895 4000 ratio
929 3945 1229 4009 tribuitur”
1252 3942 1461 4014 Populo
1498 3959 1630 3999 vero
1660 3958 1776 3998 mo-

186 4038 437 4094 deratum
470 4037 754 4109 quiddam,
792 4045 847 4093 et
874 4035 944 4092 ad
980 4052 1170 4093 eorum
1203 4047 1424 4107 captum
1461 4051 1776 4092 accommo-

188 4131 396 4196 datum,
454 4139 509 4185 et
537 4145 663 4184 cum
705 4130 945 4200 quadam
990 4128 1328 4199 indulgentia
1375 4128 1774 4198 conjunctum;

192 4232 253 4278 ut
280 4238 472 4278 omnes
502 4222 830 4286 doceantur,
862 4233 927 4275 ac
954 4217 1394 4274 misericordiam
1425 4233 1776 4289 consequan-

193 4325 301 4369 tur.
339 4312 655 4368 Misericors
703 4313 912 4382 quippe
961 4309 1250 4374 Dominus,
1294 4316 1350 4365 et
1390 4325 1611 4366 εει-κοῖα
1663 4311 1778 4369 ιιιιί-

190 4419 384 4460 versos
430 4412 634 4473 potest,
680 4418 804 4457 cum
840 4402 1121 4472 praeclaris
1156 4402 1332 4472 legum
1370 4417 1594 4457 suarum
1622 4402 1778 4458 insti-

190 4497 348 4571 tutis,
389 4502 505 4550 tum
532 4511 659 4550 vera
686 4510 938 4565 puraque
978 4491 1308 4549 Christianae
1342 4493 1620 4566 religionis
1650 4494 1772 4551 ﬁde.

191 4587 284 4643 Ille
331 4587 478 4643 enim
524 4602 701 4658 purus
757 4588 908 4641 solus
957 4595 1062 4642 est.
1110 4586 1179 4639 At
1236 4587 1327 4640 isti
1383 4585 1511 4640 dum
1563 4588 1776 4658 seipsos

1878 3382 2233 3471 ἀγαθοεργίᾳ.
2275 3398 2462 3452 Ταῦτα
2489 3398 2619 3470 γάρ,
2664 3398 2888 3452 συνόντα
2921 3400 3016 3454 καὶ
3063 3400 3465 3471 παραμένοντα.

1876 3492 1976 3546 οὐκ
2008 3492 2235 3563 ἀργοὺς,
2274 3489 2395 3543 οὐδὲ
2440 3490 2724 3561 ἀκάρπους
2758 3488 3080 3562 καθίστησιν
3118 3493 3199 3555 εἰς
3237 3490 3337 3561 τὴν
3374 3497 3471 3551 τοῦ

1877 3584 2084 3655 Κυρίου
2114 3581 2438 3653 παρουσίαν.

1866 3835 1885 3849 θ
1950 3854 2062 3908 Καὶ
2092 3855 2161 3925 τῇ
2203 3851 2303 3923 μὲν
2350 3851 2619 3924 ἱερωσύνῃ
2664 3851 2737 3904 τι
2772 3850 2988 3923 πρῶτον
3049 3850 3237 3922 τάγμα
3298 3851 3394 3904 καὶ
3431 3852 3468 3921 ἡ

1878 3948 2007 4019 περὶ
2033 3945 2251 3999 πάντων
2280 3943 2635 4015 ἀκριϐολογία
2659 3961 2672 3975 ο
2712 3942 2792 4015 τῷ
2826 3944 2882 3996 δὲ
2909 3942 3023 4013 λαῷ
3048 3943 3109 3996 τὸ
3152 3941 3468 4013 σύμμετρον

1877 4038 1973 4092 καὶ
1985 4037 2047 4090 τὸ
2068 4035 2412 4106 συγγνωστόν
2430 4052 2443 4065 ’
2475 4035 2562 4088 ἵνα
2592 4035 2793 4100 πάντες
2813 4034 3175 4089 διδάσκωνται
3206 4035 3306 4087 καὶ
3322 4050 3462 4087 κατ-

1877 4128 2151 4182 ελεῶνται.
2205 4127 2481 4205 Ἐλεῡήμλων
2517 4127 2629 4199 γάρ
2655 4130 2804 4181 ἐστιν
2840 4131 2875 4181 ὁ
2901 4127 3201 4200 Δεσπότης.
3241 4129 3336 4182 καὶ
3369 4128 3465 4180 δ.)-

1877 4221 2034 4284 νατὸς
2056 4221 2266 4281 πάντας
2289 4217 2482 4283 σώζειν
2506 4222 2573 4290 τῇ
2610 4219 2716 4290 ὶδιᾳ
2736 4219 2901 4275 αὐτοῦ
2924 4219 3172 4291 εὐνομίᾳ,
3201 4219 3294 4274 καὶ
3325 4219 3463 4291 ἀλη-

1878 4314 1996 4386 θινῇ
2021 4314 2202 4366 πίστει
2241 4312 2343 4382 τῆς
2366 4311 2460 4365 τοῦ
2488 4312 2844 4385 κηρύγματος
2869 4311 3266 4384 καθαρότητος.
3291 4311 3464 4374 Αὐτὸς

1880 4406 1990 4479 γὰρ
2026 4406 2185 4476 μόνος
2213 4405 2332 4457 ἐστὶ
2378 4403 2639 4475 καθαρός.
2680 4399 2837 4460 Οὗτοι
2867 4404 2944 4470 δὲ,
2998 4406 3223 4469 ἑαυτοὺς
3257 4405 3463 4475 φήσαν-

1875 4517 1966 4563 τες
1993 4497 2306 4569 Καθαροὺς,
2341 4498 2439 4551 ἀπ*
2459 4497 2629 4568 αὐτῆς
2654 4498 2752 4568 τῆς
2784 4496 3093 4562 ὑποθέσεως
3120 4496 3461 4569 ἀκαθάρτους

1876 4591 2106 4654 ἑαυτοὺς
2140 4589 2485 4643 ἀποτελοῦσι.
2514 4590 2629 4652 Πᾶς
2655 4590 2764 4661 γὰρ
2790 4591 2820 4643 ό
2849 4589 3041 4643 ἑαυτὸν
3066 4591 3351 4661 ἀποφήνας
3374 4607 3460 4643 κα-

190 4680 365 4735 Puros
394 4695 519 4735 esse
544 4679 865 4748 praedicant,
899 4679 994 4733 illo
1032 4679 1154 4748 ipso
1181 4693 1283 4732 suo
1312 4678 1566 4749 dogmate
1596 4680 1772 4751 impu-

1940 4685 2067 4756 ιρὺν,
2103 4681 2413 4755 ἀκάθαρτον
2445 4683 2639 4737 ἑαυτὸν
2659 4682 2878 4746 τελείως
2903 4683 3192 4754 κατέκρινε

189 4788 282 4827 ros
339 4786 462 4827 sese
520 4770 749 4825 faciunt.
796 4769 934 4825 Nam
979 4771 1235 4841 quisquis
1262 4787 1462 4842 purum
1496 4786 1618 4827 sese
1669 4773 1785 4841 ipse
1833 4778 2173 4849 pronuntiat,
2217 4784 2477 4831 extremae
2528 4791 2588 4832 se
2628 4775 2972 4846 impuritatis
3011 4787 3206 4849 suopte
3251 4778 3459 4848 judicio

188 4868 537 4924 condemnat.

259 4963 372 5018 Vll.
429 4962 533 5019 Sed
594 4963 935 5020 incredibilis
996 4963 1245 5034 quedam
1290 4964 1490 5021 horum
1531 4965 1772 5020 stultitia

1942 4968 2013 5019 Z'.
2044 4965 2224 5037 Πολλὴ
2250 4965 2310 5020 δὲ
2347 4965 2503 5021 ἄνοια
2535 4963 2644 5017 τῶν
2674 4966 2933 5018 τοιούτων
2959 4961 3295 5035 νομιζόντων
3322 4961 3461 5020 εἷναί

187 5066 293 5125 est,
331 5057 460 5112 dum
494 5058 735 5128 aliquam
772 5055 1046 5126 ejusmodi
1098 5055 1401 5126 Scriptum
1445 5056 1773 5117 sententiam

1940 5100 1946 5123 ,
1986 5059 2034 5112 εἰ
2066 5058 2157 5112 καὶ
2201 5054 2271 5129 ἦν
2302 5056 2502 5128 ἀληθὲς
2546 5055 2608 5109 τὸ
2652 5057 2932 5128 κήρυγμα,
2965 5056 3093 5127 περὶ
3135 5058 3336 5121 παντὸς
3366 5058 3458 5111 τοῦ

187 5165 312 5207 esse
356 5155 554 5221 putant
596 5146 834 5217 (tametsi
880 5162 1068 5203 verum
1123 5164 1250 5205 esse
1304 5150 1523 5205 illorum
1578 5150 1774 5221 dogma

191 5240 480 5311 fateamur)
511 5254 632 5311 quae
651 5240 720 5293 de
749 5241 1011 5296 universo
1038 5243 1243 5312 populo
1271 5243 1419 5298 hunc
1456 5242 1510 5297 in
1550 5244 1771 5298 modum

189 5341 415 5388 statuat.
466 5331 625 5387 Scire
668 5330 813 5386 enim
846 5332 981 5399 illud
1029 5333 1354 5398 debuerant,
1406 5351 1516 5392 non
1559 5336 1614 5391 in
1668 5337 1771 5393 hoc

189 5426 365 5479 solum
397 5439 596 5496 genere
629 5424 912 5479 hominum
966 5426 1181 5481 animos
1238 5435 1331 5482 aut
1377 5429 1593 5498 culpam
1638 5442 1771 5483 con-

189 5516 426 5577 trahere,
458 5510 553 5569 ιιιιι
575 5518 775 5573 virtute
807 5517 1066 5587 praeditos
1101 5534 1257 5581 esse,
1312 5520 1406 5574 sed
1455 5520 1588 5574 illud
1631 5533 1772 5589 pra:-

280 5731 295 5762 ⁸
331 5731 349 5784 l
379 5728 504 5783 Cor.
542 5748 612 5795 iv,
652 5737 702 5788 5.
784 5737 803 5766 ²
836 5736 1008 5790 lCor.
1049 5752 1133 5804 ιιι,
1169 5738 1254 5791 15.
1331 5737 1349 5768 ³
1392 5736 1560 5792 lCor.
1583 5754 1677 5805 vn,
1713 5739 1800 5793 59.

1872 5151 2003 5205 λαοῦ
2033 5149 2206 5214 οὕτως
2237 5150 2467 5215 φάσκον.
2496 5149 2646 5202 Ἔδει
2669 5148 2726 5201 δὲ
2753 5147 2979 5215 γνῶναι,
3015 5149 3098 5202 ὅτι
3124 5148 3188 5202 οὐ
3212 5148 3340 5220 περὶ
3365 5148 3460 5218 τῆς

1872 5242 2182 5303 ὑποθέσεως
2207 5239 2414 5310 ταύτης
2450 5239 2609 5310 μόνον
2636 5239 2699 5293 τὸ
2736 5240 2989 5311 ἔγκλημα
3018 5241 3255 5311 ὑπάρχει
3293 5239 3459 5311 ψυχῇ.

1875 5333 1910 5405 ἢ
1948 5333 2011 5385 τὸ
2040 5314 2319 5385 διείτοῦτο
2365 5331 2619 5401 ἐνάρετον
2676 5332 2922 5399 γενέσθαι
2966 5332 3145 5403 μόνον,
3190 5333 3329 5388 ἀλλά
3370 5336 3456 5387 καὶ

1875 5425 1936 5478 τὸ
1962 5425 2036 5498 μὴ
2076 5424 2356 5496 λοιδορεῖν,
2394 5423 2469 5495 μὴ
2501 5423 2729 5496 ὀμνύναι
2770 5425 2951 5495 ὅρκον,
2974 5427 3111 5498 μήτε
3129 5428 3188 5479 ἐν
3208 5426 3457 5498 ἀληθεια,

1882 5518 2017 5589 μήτε
2038 5517 2098 5570 ὲν
2120 5514 2308 5586 ψεύδει
2334 5533 2346 5546 ο
2377 5514 2512 5569 ἀλλά
2540 5515 2785 5580 νιιὶ,ναὶ,
2823 5517 2913 5570 καὶ
2946 5515 3019 5571 οὒ
3040 5515 3322 5588 mliti-fetv
3339 5534 3354 5547 ο
3386 5515 3459 5588 μὴ

1874 5738 1891 5769 ⁸
1929 5738 2063 5793 ibid.
2096 5737 2185 5793 40.
