3794 6184
306 349 453 407 10319

979 339 1344 399 ADVERSUS
1379 339 1718 397 HERESES
1757 333 1885 393 LIB.
1929 334 1993 391 IL
2037 332 2198 391 ΤΟΜ.
2247 336 2361 391 |.--
2400 335 2676 393 HABRES.
2719 335 2859 392 LIX.

3441 339 3579 394 107.0

314 462 674 527 δολιεύεσθαι,
736 456 1154 532 μὴδιαὸάλλειν,
1192 459 1268 530 μὴ
1290 458 1563 523 κλέπτειν,
1596 457 1671 529 μὴ
1703 458 1909 529 ἐμπορ-

2085 467 2160 509 'ea
2209 453 2442 523 requiri,
2476 460 2533 506 ut
2564 466 2741 523 neque
2788 448 3180 511 convitiéi‘ilur,
3221 463 3323 505 nec
3355 450 3582 506 omnino

315 556 588 616 νεύεσθαι.
628 554 723 609 Ἐκ
764 550 971 606 τούτων
1008 551 1116 623 γὰρ
1166 551 1383 604 πάντων
1432 551 1722 619 συνάγεται
1765 549 1898 620 ⁴ἡμῖν

317 649 385 705 τὰ
439 646 584 720 ρύπη
649 644 758 698 τῶν
816 643 1262 715 ἁμαρτημάτων.
1312 643 1412 708 Ὠς
1466 641 1597 713 γὰρ,
1651 640 1892 712 φησὶν,ὁ

315 738 640 804 πάσσαλος
679 735 789 807 (14)
828 735 946 789 ἀνὰ
983 733 1179 803 μέσον
1213 733 1329 787 τῶν
1371 733 1482 788 δύο
1513 734 1700 788 λίθων
1744 746 1897 786 συν-

316 833 587 900 τρίϐεται,
621 827 808 893 οὕτως
843 826 882 894 ἡ
916 814 1172 897 ἁμαρτία
1216 827 1334 881 ἀνὰ
1358 822 1554 897 μέσον
1589 823 1902 895 ἀγοράζον-

316 936 419 987 τος
442 918 539 972 καὶ
565 916 938 982 πωλοῦντος·
970 916 1064 969 καὶ
1092 916 1173 968 ὅτι
1202 917 1267 968 ὲκ
1297 913 1390 968 τοῦ
1416 912 1655 984 πλήθους
1682 913 1902 976 πάντως

315 1010 411 1064 καὶ
449 1008 689 1081 μέθυσοι,
734 1008 828 1061 καὶ
865 1008 1072 1079 πόρνοι,
1107 1007 1203 1061 καὶ
1245 1006 1584 1085 πλεονέκται,
1624 1004 1718 1058 καὶ
1751 1022 1899 1058 τοκι-

319 1102 462 1164 σταὶ,
491 1101 586 1153 καὶ⁸
618 1100 834 1161 πάντως
870 1100 950 1153 ὅτι
989 1098 1059 1151 τὰ
1084 1097 1308 1151 τοιαῦτα
1333 1097 1537 1168 ἔχουσι,
1570 1096 1667 1149 καὶ
1689 1094 1901 1157 τούτοις

317 1195 480 1265 ὃμοια
504 1211 518 1227 ·
546 1194 627 1247 ὅτι
658 1193 751 1247 καὶ
779 1191 1071 1264 ψεύσματα
1100 1192 1314 1260 ἑκάστῳ
1343 1189 1524 1243 αὐτῶν
1562 1187 1901 1260 παρακολου-

318 1285 420 1340 θεῖ.
457 1285 580 1348 Πῶς
610 1283 703 1340 οὖν
738 1285 990 1338 δύνανται
1034 1283 1261 1346 ἑαυτοὺς
1291 1280 1576 1351 Καθαροὺς
1606 1278 1902 1333 ἀποκαλεῖν

316 1377 404 1433 διὰ
450 1378 549 1450 τῆς
600 1379 730 1449 μιᾶς
780 1375 1150 1446 ὑποσχέσεως,
1204 1373 1300 1445 τῆς
1350 1372 1532 1442 πάσης
1587 1370 1727 1424 κατὰ
1770 1369 1902 1422 Θεὸν

321 1467 703 1540 πραγματείας
735 1466 864 1538 περὶ
905 1465 1122 1518 πάντων
1161 1463 1268 1516 τῶν
1313 1460 1640 1532 σφαλμάτων
1671 1458 1903 1526 ἀσφαλι-

319 1558 590 1631 ζομένηςς
630 1559 743 1612 Οὐκ
785 1556 1027 1627 ἔγνωσαν
1055 1572 1115 1609 τε
1154 1546 1298 1607 οὗτοι
1325 1554 1395 1608 τὰ
1430 1550 1632 1623 ἀκριϐῆ
1675 1548 1770 1602 τοῦ
1805 1566 1894 1619 κηα

322 1642 620 1719 ρῦγματος,
672 1648 791 1702 οὐδὲ
847 1648 952 1701 τίνι
1005 1644 1249 1716 ἀφώρισε
1287 1643 1349 1696 τὸ
1386 1641 1706 1715 ἀκρίϐασιια
1730 1638 1903 1692 ’τοῦτο

316 1741 417 1810 τῆς
445 1742 567 1812 διγα
575 1742 724 1812 μίας.

2005 558 2133 599 vere
2181 542 2391 599 falsove
2434 542 2646 613 jurent,
2696 557 2798 598 nec
2839 541 2984 596 aliud
3026 540 3321 611 quidquam
3362 549 3583 611 praeter,

2001 637 2184 703 etiam,
2221 637 2417 704 etiam,
2478 651 2600 699 non,
2645 651 2749 689 non
2770 636 2815 699 ’,
2856 641 3157 704 usurpent;
3197 648 3267 688 ne
3304 632 3432 687 dolo
3482 634 3588 687 cii-

2000 730 2379 793 cumveniant,
2438 743 2508 783 ne
2557 726 2995 792 calumnientur,
3043 741 3113 781 ne
3165 723 3453 790 furentur,
3513 736 3575 777 ne

2001 827 2253 891 stuprum
2280 818 2654 873 committant.
2678 816 2892 883 Quibus
2919 832 2986 872 ex
3013 815 3266 872 omnibus
3290 815 3577 870 criminum

2003 911 2195 966 sordes
2227 911 2556 981 colligimus.
2608 908 2809 979 Atque,
2859 918 2918 962 ut
2968 908 3146 977 palus,
3196 906 3392 977 inquit,
3444 907 3577 960 inter

2002 1003 2135 1057 duos
2177 1003 2375 1071 lapides
2404 1002 2696 1056 conteritur
2716 1042 2731 1065 ,
2770 1001 2847 1056 sic
2877 1007 3148 1070 peccatum
3184 1000 3238 1052 in
3268 998 3439 1053 medio
3466 996 3579 1067 eju‘i

2003 1097 2091 1165 qui
2118 1097 2265 1158 emit,
2320 1104 2370 1149 et
2404 1094 2579 1150 vendit
2605 1096 2651 1148 ³.
2686 1094 2769 1148 Ad
2798 1093 2913 1148 haec
2946 1093 3323 1148 necessarium
3352 1105 3492 1155 esse,
3526 1097 3579 1144 ut

2004 1192 2057 1241 et
2086 1186 2243 1250 ebrii,
2268 1197 2321 1240 et
2349 1194 2711 1258 stupratores,
2734 1194 2815 1245 ,et
2844 1185 3018 1250 avari,
3051 1193 3104 1238 et
3146 1183 3503 1243 feneratores.
3533 1192 3581 1235 et

2006 1276 2296 1348 ejusmodi,
2347 1292 2410 1331 ac
2455 1276 2729 1332 similibus
2779 1275 2928 1330 vitiis
2980 1274 3241 1330 obstricti
3306 1274 3361 1328 in
3404 1272 3584 1346 populi

2006 1368 2366 1422 multitudine
2432 1376 2765 1422 versentur:
2799 1365 3243 1435 quandoquidem
3295 1365 3585 1430 unicuique

2007 1453 2289 1513 mendacia
2340 1457 2743 1513 adhaerescunt.
2790 1456 3037 1524 Quanam
3070 1457 3241 1527 igitur
3274 1455 3453 1512 fronte
3485 1455 3582 1512 Pu-

2007 1564 2099 1605 ros
2151 1549 2429 1619 appellare
2493 1549 2709 1616 seipsos
2773 1548 3040 1619 singulari
3097 1548 3190 1603 illa
3253 1547 3588 1617 professione

2010 1619 2241 1710 possunt
2272 1658 2285 1694 :
2319 1655 2443 1694 cum
2492 1640 2671 1694 omnis
2714 1638 3041 1693 Christiana:
3078 1637 3202 1692 vitze
3236 1637 3588 1691 instituenda:

2008 1729 2151 1781 ratio
2192 1728 2265 1806 ab
2314 1729 2462 1782 omni
2510 1726 2835 1782 delictorum
2883 1742 3082 1798 genere
3132 1726 3432 1781 cavendum
3468 1741 3589 1781 esse

319 1833 656 1890 constituat?
706 1832 875 1902 Igitur
915 1828 1241 1885 Christianae
1266 1826 1532 1882 doctrin'e
1574 1829 1888 1878 accuratam
1926 1819 2003 1873 illi
2031 1818 2266 1873 formam
2320 1834 2428 1873 non
2476 1826 2721 1883 norunt;
2760 1833 2938 1888 neque
2990 1818 3209 1872 cuinam
3260 1824 3453 1873 exacta
3499 1817 3594 1872 illa

312 1929 387 1983 de
424 1926 682 1984 secundis
720 1925 928 1995 nuptiis
956 1921 1290 1992 praescriptis
1325 1921 1410 1974 lex
1451 1917 1637 1981 fuerit,
1671 1931 1898 1987 prorsus
1928 1913 2263 1983 intelligunt.
3169 1978 3217 1990 ,4

402 2021 561 2077 Ἀλλὰ
600 2023 694 2076 καὶ
721 2022 770 2074 οἱ
815 2018 924 2073 ἀπὸ
960 2017 1051 2071 τοῦ
1084 2015 1324 2087 διωγμοῦ
1378 2011 1900 2087 παραπεπτωκότες,

2085 2005 2232 2074 Quod
2280 2006 2345 2062 ad
2387 2021 2484 2063 eos
2537 2022 2666 2062 vero
2714 2012 2945 2077 spectat,
3003 2007 3176 2077 quiin
3210 2002 3593 2075 persecutione

310 2115 412 2169 καὶ
438 2112 594 2167 αὐτοὶ
627 2111 722 2187 eq»
750 2107 1090 2174 ἐνδείξωνται
1132 2104 1344 2159 τελείαν
1368 2105 1467 2176 τὴν
1501 2101 1812 2174 μετάνοιαν,
1846 2102 1905 2152 έν

322 2200 640 2271 σάκκῳνκαὶ
684 2195 867 2268 σποδῷ
893 2194 1268 2259 καθεσθέντες,
1302 2193 1398 2247 καὶ
1453 2191 1789 2252 κλαύσαντες
1823 2189 1907 2242 ὲν-

319 2270 493 2344 ὡπιον
524 2270 757 2361 Κυρίου,
779 2284 1005 2349 δυνατός
1033 2286 1182 2337 ἐστιν
1213 2285 1242 2336 6
1272 2280 1567 2353 εὐεργέτης
1599 2279 1692 2334 καὶ
1712 2278 1907 2340 αὐτοὺς

306 2382 558 2453 ὓεῆσαι.
595 2381 669 2434 Οὐ
702 2379 810 2450 γάρ
845 2396 898 2431 τι
941 2375 1142 2447 φαῦλον
1185 2373 1393 2444 γίνεται
1444 2372 1554 2426 ἀπὸ
1596 2369 1905 2441 μετανοίας.

325 2472 545 2542 Δέχεται
573 2465 666 2523 οὖν
698 2470 824 2531 τοὺς
858 2466 1253 2538 μετανοοῦντας
1281 2466 1309 2517 6
1338 2462 1544 2534 Κύριος
1566 2462 1659 2514 καὶ
1683 2461 1717 2531 ὴ
1737 2457 1905 2513 αὑτοῦ

330 2560 627 2631 Ἐκκλησία
644 2576 657 2589 °
682 2560 757 2621 ὡς
778 2556 1078 2628 ἐπέστρεψε
1107 2554 1406 2623 Μανασσῆς
1430 2555 1459 2607 6
1485 2551 1600 2615 υίὸς
1641 2549 1906 2614 Ἐζεκίου,

304 2653 415 2706 ’.καὶ
458 2652 650 2721 ἐδέχθη
705 2649 808 2702 ὑπὸ
858 2648 1100 2719 Κυρίου·
1138 2647 1233 2701 καὶ
1272 2647 1300 2698 6
1341 2643 1721 2717 ἀρνησάμενος
1770 2640 1909 2713 πρὸς

306 2743 469 2815 -ὣραν
505 2743 657 2812 ἆγιος
692 2741 916 2812 Πέτρος,
948 2740 1042 2793 κιύ⁵
1071 2737 1501 2811 κορυφαιότατος
1533 2734 1641 2789 τῶν
1672 2732 1907 2789 ἀποστό-

310 2833 449 2897 ιλων,
493 2835 552 2899 ὃς
589 2832 812 2903 γέγονεν
860 2832 991 2903 ἡμῖν
1029 2829 1245 2902 ἀληθῶς
1294 2828 1492 2900 στερεὰ
1535 2827 1712 2900 πέτρα
1745 2825 1909 2898 θεμε-

310 2924 512 2978 -λιοῦσα
538 2923 637 2995 τὴν
680 2922 863 2976 πίστιν
898 2922 989 2977 τοῦ
1037 2921 1248 2993 Κυρίου
1271 2938 1284 2951 ·
1319 2920 1402 2989 ἐφ’
1519 2918 1837 2990 ᾠκοδόμητο
1875 2919 1910 2992 η

333 3012 628 3083 Ἐκκλησία
650 3012 793 3068 κατὰ
822 3012 1000 3066 πάντα
1028 3011 1247 3083 τρόπον.
1281 3010 1507 3082 Πρῶτον
1529 3009 1629 3080 μὲν
1660 3011 1741 3064 ὅτι
1767 3010 1913 3082 ὠμο-

228 3154 233 3159 .
322 3104 520 3178 λόγησε
552 3105 785 3177 Χριστὸν
829 3106 919 3160 τὸν
952 3104 1082 3159 Υἱὸν
1116 3103 1210 3158 τοῦ
1251 3102 1385 3157 Θεοῦ
1426 3102 1519 3157 τοῦ
1563 3102 1786 3169 ζῶντος,
1815 3102 1912 3157 καὶ

321 3196 577 3269 ἡκουσεν,
623 3198 704 3250 ὅτι
736 3196 889 3251 .Ἐπὶ
931 3194 1008 3266 τῇ
1040 3195 1226 3265 πέτρᾳ
1274 3196 1460 3266 ταύτῃ
1509 3195 1613 3266 τῆς
1663 3193 1913 3266 ἀσφαλής

316 3290 561 3353 πίστεως
580 3289 955 3359 οἰκοδομήσω
968 3305 1089 3358 μου
1111 3286 1226 3356 τὴν
1262 3288 1652 3355 Ἐκκλησίαν.
1691 3288 1909 3359 Ἐπειδὴ

328 3380 514 3450 σαφῶς
542 3348 725 3432 ⁷αὑτὸν
756 3348 1109 3449 ὦμολόγησεν
1140 3348 1268 3430 Ῠὶδν
1314 3348 1587 3447 ἀληθινόν.
1630 3376 1753 3446 Τὸ,ι
1797 3348 1909 3449 γὰρ
1935 3348 1981 3409 c

316 3470 520 3533 siit-civ,
590 3467 718 3522 Υίὺν
765 3465 901 3522 Θεοῦ
956 3465 1191 3531 ζῶντος,
1250 3464 1456 3532 ἔδειξεν
1500 3467 1631 3521 Υίδν
1685 3468 1905 3539 γνήσιον

318 3558 488 3628 εἶναι,
525 3559 662 3633 μετὰ
686 3560 1005 3633 προσθήκης
1031 3558 1150 3631 τῆς,
1174 3554 1411 3624 ὧντος,
1443 3558 1519 3624 ὡς
1545 3560 1603 3614 ὲν
1632 3558 1780 3632 πάσῃ
1816 3577 1905 3631 μοι

324 3646 516 3720 σχεδὸν
544 3647 754 3718 αἱρέσει
790 3645 919 3720 περὶ
949 3646 1141 3700 τούτου
1173 3646 1408 3719 είρηται.
1917 3636 1925 3643 ’

402 3911 481 3966 Η¹.
524 3909 685 3963 Ἀλλὰ
709 3909 804 3963 κα)⁸
845 3908 1097 3979 περὶτοῦ
1136 3908 1292 3976 ἁγίου
1332 3908 1650 3980 Πνεύματος
1686 3912 1715 3965 6
1747 3913 1907 3977 αὐτὸς

322 4003 685 4076 ἁσφαλίξεται
735 4005 904 4075 ἡμᾶς,
948 4002 1124 4072 λέγων
1166 4005 1282 4067 τοῖς
1328 4005 1457 4075 περὶ
1504 4005 1752 4061 Ἀνανίαν
1778 4026 1791 4038 ·
1850 4009 1911 4063 Τί

322 4096 419 4151 ὅτι
474 4098 795 4167 ἐπείρασεν
840 4095 996 4167 ὑμᾶς
1037 4099 1071 4151 d
1118 4095 1414 4164 Σατανᾶς,
1449 4099 1795 4168 ψεύσασθαι
1842 4101 1910 4156 τὸ

328 4189 573 4260 Πνεῦμα
596 4190 660 4243 τὸ
687 4188 892 4257 (irier;
917 4189 1040 4241 Οὐκ
1054 4187 1343 4257 ἀνθρώπῳ
1361 4188 1728 4259 ἐψεύσασθε,
1750 4192 1913 4247 ἀλλὰ

327 4282 410 4350 τῷ
433 4280 572 4348 Θεῷ.
609 4282 755 4336 Διότι
779 4283 845 4336 ὲκ
872 4280 1006 4335 Θεοῦ
1028 4280 1088 4334 τὸ
1114 4280 1359 4352 Πνεῦμα,
1388 4283 1482 4337 καὶ
1506 4282 1604 4336 οὐκ
1632 4283 1912 4356 ἀλλότριον

326 4373 489 4429 Θεοῦ.
535 4374 698 4428 Ἀλλὰ
739 4373 834 4428 καὶ
886 4371 1122 4427 ἐνταῦθα
1156 4374 1352 4446 στερεὰ
1398 4373 1575 4447 πέτρα
1623 4377 1915 4449 οἰκοδομῆς

329 4452 427 4522 καί.
457 4465 706 4538 θεμέλιος
734 4466 882 4519 οίκου
912 4464 1047 4518 Θεοῦ
1073 4467 1386 4537 γεγένηται,
1411 4467 1470 4520 ὲν
1491 4467 1567 4539 τῷ
1600 4469 1917 4541 ἀρνησάμε-

328 4576 421 4617 νον
443 4561 605 4613 αὐτὸν
626 4560 718 4613 καὶ
742 4558 905 4612 πάλιν
937 4557 1375 4630 ὑποστρέψαντα,
1403 4559 1692 4631 εὑρεθέντα
1723 4580 1783 4615 τε
1811 4563 1916 4617 ὑπὸ

2009 2099 2172 2170 500
2218 2100 2461 2169 prolapsi
2498 2108 2648 2166 sunt,
2701 2100 2864 2155 etiam
2921 2100 3058 2163 illis,
3108 2098 3156 2153 si
3207 2097 3262 2150 in
3307 2109 3469 2152 sacco
3529 2108 3593 2147 ac

2007 2194 2193 2247 cinere
2216 2192 2472 2247 sedentes
2490 2208 2791 2264 coramque
2814 2191 3046 2247 Domino
3068 2190 3279 2254 ﬂentes,
3298 2187 3593 2257 perfectam

2008 2299 2117 2353 prae
2162 2299 2221 2338 se
2266 2283 2650 2355 pcenitentiam
2709 2284 2957 2349 tulerint,
3004 2278 3284 2338 beueiicu‘s
3327 2278 3419 2333 ille
3452 2276 3595 2332 Deus
3676 2300 3679 2303 λ

2008 2374 2447 2430 misericordiam
2522 2375 2782 2430 adhibere
2842 2381 3043 2445 potest.
3117 2370 3264 2425 Nihil
3325 2370 3470 2425 enim
3528 2384 3594 2422 ex

1956 2528 1977 2539 κ
2010 2466 2328 2536 ρωιιὶιοηιὶε
2363 2466 2491 2520 mali
2534 2466 2825 2521 redundat.
2866 2465 3081 2536 Excipit
3113 2481 3242 2536 ergo
3271 2466 3597 2535 pcenitentes

2009 2555 2284 2624 Dominus,
2359 2571 2574 2611 necnon
2633 2556 2754 2627 ejus
2811 2556 3079 2622 Ecclesia,
3135 2554 3595 2626 quemadmodum

2010 2646 2292 2704 Manasses
2327 2647 2571 2704 Ezechiae
2609 2649 2754 2704 ﬁlius
2788 2665 3084 2705 conversus
3107 2656 3211 2711 est,
3235 2656 3288 2703 ct
3314 2664 3344 2702 a
3368 2647 3599 2703 Domino

2010 2747 2266 2811 receptus
2294 2740 2342 2802 δ,
2383 2740 2622 2809 itemque
2667 2741 2922 2812 princeps
2963 2742 3335 2812 apostolorum
3379 2738 3596 2804 Petrus,

2008 2830 2103 2900 qui
2182 2827 2477 2884 Dominum
2552 2830 2848 2900 aliquando
2908 2832 3148 2901 negavit.
3212 2829 3316 2896 Qui
3376 2831 3597 2900 quidem

2011 2919 2199 2975 solidae
2241 2929 2410 2991 petrae
2464 2921 2643 2976 instar
2673 2922 2834 2977 nobis
2867 2922 3094 2987 exstitit,
3123 2922 3210 2976 cui
3241 2922 3386 2977 velut
3415 2922 3603 2977 funda.

2009 3020 2194 3067 mento
2230 3010 2441 3067 Domini
2475 3012 2609 3069 ﬁdes
2641 3014 2922 3078 innititur,
2956 3029 3122 3085 supra
3160 3029 3324 3083 quam
3354 3012 3600 3069 Ecclesia

2010 3103 2188 3157 modis
2234 3103 2488 3159 omnibus
2537 3113 2818 3161 exstructa
2846 3115 2950 3161 est.
3008 3105 3065 3159 In
3110 3105 3303 3174 primis
3355 3106 3596 3175 quidem,

2018 3195 2167 3264 quod
2195 3193 2477 3250 Christum
2524 3194 2616 3251 Dei
2647 3197 2756 3251 vivi
2784 3195 2981 3251 Filium
3014 3212 3140 3252 esse
3166 3197 3455 3253 confessus
3493 3207 3597 3260 est,

2014 3284 2178 3355 idque
2232 3286 2475 3341 vicissim
2528 3285 2741 3342 audiit:
2777 3286 2953 3355 Supra
3008 3288 3145 3341 hanc
3213 3287 3403 3343 solida:
3467 3286 3591 3342 fidei

2011 3385 2219 3444 petram
2291 3378 2569 3448 wdiﬁcabo
2637 3378 2935 3434 Ecclesium
3015 3397 3185 3435 meam
3222 3380 3262 3434 ⁸.
3329 3379 3600 3446 Quoniam

2009 3467 2213 3524 diserte
2270 3485 2459 3525 verum
2514 3471 2667 3526 illum
2727 3486 2851 3528 esse
2909 3470 3108 3528 Filium
3161 3474 3420 3529 asseruit.
3466 3476 3602 3529 Cum

2008 3561 2154 3615 enim
2200 3560 2307 3615 vivi
2353 3560 2444 3616 Dei
2493 3558 2689 3616 Filium
2738 3562 2876 3616 dixit
2905 3563 2946 3628 ⁸,
3009 3563 3221 3632 adjecta
3292 3564 3393 3618 vivi
3430 3564 3601 3633 parti-

2009 3652 2156 3715 cula,
2184 3667 2505 3722 germanum
2535 3652 2685 3706 illum
2720 3668 2851 3708 esse
2886 3652 3087 3707 Filium
3118 3654 3327 3709 docuit.
3369 3654 3427 3709 ld
3454 3654 3604 3725 quod

2010 3745 2067 3799 in
2104 3745 2360 3799 omnibus
2400 3760 2538 3815 pene
2575 3744 2883 3801 refutandis
2932 3728 3238 3802 hieresibus
3267 3761 3296 3800 a
3341 3747 3503 3803 nobis
3527 3763 3605 3803 re-

2010 3836 2239 3907 petitum
2268 3836 2639 3892 meminimus.

2085 3925 2223 3982 Vlll.
2260 3926 2436 3983 Porro
2457 3927 2526 3983 de
2559 3926 2768 3999 Spiritu
2814 3936 3008 3985 sancto
3050 3930 3193 3987 idem
3231 3932 3322 3988 ille
3354 3947 3457 3989 nos
3501 3931 3604 3989 Pe-

2014 4026 2135 4075 trus
2164 4019 2433 4074 certiores
2464 4019 2654 4085 efﬁcit,
2687 4035 2813 4075 cum
2845 4020 2928 4076 sic
2962 4021 3233 4075 Ananiam
3271 4022 3599 4091 alloquitur:

2015 4111 2156 4178 Quid
2207 4111 2385 4182 utique
2428 4112 2647 4165 tentaxit
2688 4128 2778 4166 vos
2825 4109 3080 4178 Satanas,
3112 4115 3328 4168 mentiri
3360 4112 3601 4184 Spiritui

2014 4205 2237 4260 sancto?
2288 4200 2412 4258 Non
2458 4203 2662 4258 homini
2709 4206 2913 4260 mentiti
2958 4207 3109 4269 estis,
3152 4206 3242 4262 sed
3275 4206 3442 4262 Deo".
3489 4205 3604 4260 Hoc

2015 4291 2167 4348 enim
2194 4307 2261 4347 eo
2290 4270 2498 4347 dictum
2537 4301 2643 4359 est,
2689 4295 2835 4365 quod
2878 4311 2946 4351 ex
2985 4295 3097 4353 Deo
3138 4295 3378 4368 Spiritus
3420 4297 3603 4369 profc-

2018 4392 2144 4441 ctus
2174 4385 2269 4451 sit,
2305 4400 2410 4441 nec
2448 4386 2517 4442 ab
2547 4403 2614 4443 eo
2644 4387 2716 4444 sit
2744 4388 2978 4445 alienus.
3007 4388 3210 4446 Verum
3250 4397 3305 4446 et
3351 4391 3443 4447 ille
3475 4405 3606 4461 quo-

2017 4491 2124 4547 que
2154 4475 2504 4535 firmissimus
2546 4488 2840 4535 structura:
2875 4482 3033 4551 lapis,
3077 4497 3142 4536 ac
3178 4480 3377 4537 divinae
3409 4484 3607 4537 domus

2021 4566 2439 4623 fundamentum
2471 4570 2595 4635 fuit,
2627 4586 2750 4625 cum
2779 4580 2977 4641 negato
3001 4572 3224 4628 Christo
3253 4589 3506 4629 reversus
3537 4573 3605 4627 ad

329 4650 537 4724 Κυρίου
567 4650 661 4705 καὶ
694 4648 1098 4715 καταξιωθέντα
1128 4649 1292 4705 πάλιν
1334 4652 1565 4707 ἀκοῦσαι
1584 4672 1596 4685 ·
1634 4657 1909 4725 Ποίμαινε

2085 4675 2184 4723 ese,
2240 4661 2388 4715 velut
2448 4669 2700 4732 repertus
2729 4677 2759 4714 a
2798 4661 3053 4728 Domino,
3104 4673 3159 4718 et
3204 4661 3411 4719 honore
3453 4672 3605 4717 tanto

330 4744 406 4798 τὰ
433 4742 701 4813 πρόϐατά
716 4734 854 4812 μοὺ·
887 4744 1004 4806 καὶ,
1028 4745 1312 4813 Ποίμαινε
1335 4743 1409 4798 τὰ
1431 4745 1609 4813 ἀρνία
1636 4765 1777 4815 μου-
1800 4750 1914 4817 καὶ,

332 4835 617 4904 Ποίμαινε
641 4834 714 4887 τὰ
745 4834 1009 4902 πρόϐατά
1038 4853 1179 4904 μου.
1228 4836 1288 4889 '0
1312 4836 1422 4908 γὰρ
1460 4837 1715 4909 Χριστὸς,
1762 4841 1921 4896 τοῦτο

332 4924 528 4994 λέγων,
570 4927 650 4990 εἱς
696 4928 1028 4999 ἐπιστροφὴν
1061 4931 1208 5000 ἡμᾶς
1241 4930 1417 5001 ἤγαγε
1477 4933 1792 5001 μετανοίας·
1832 4934 1919 4988 ἵνα

333 5018 393 5071 ὲν
421 5018 572 5089 αὐτῷ
613 5019 775 5073 πάλιν
825 5019 1203 5091 οἰκοδομηθείη
1249 5024 1282 5091 ἠ
1331 5022 1791 5092 εὐθεμελιὼτατος
1827 5028 1919 5081 πί·-

338 5118 478 5166 στις,
507 5105 541 5174 ὴ
571 5102 646 5177 μὴ
672 5105 1094 5177 ἀπαγορεύουσα
1127 5107 1275 5179 ζωὴν
1311 5108 1422 5163 τῶν
1453 5109 1781 5179 ἀνθρώπων,
1805 5109 1920 5164 ὅσοι

330 5195 630 5265 ὲμπνέουσι
684 5196 762 5268 τῷ
820 5196 940 5269 βίῳ,
1001 5199 1095 5252 καὶ
1153 5201 1507 5270 μετανοοῦσιν
1561 5203 1620 5255 ὲν
1665 5199 1917 5273 ἀληθείᾳ,

411 5358 429 5389 ι
469 5354 534 5413 ιτ,
563 5355 660 5429 τῷ,
739 5355 979 5429 ξρίσιιιι.
1005 5372 1059 5422 v,
1086 5357 1177 5429 ὄλ
1305 5357 1327 5388 ³
1352 5356 1518 5414 Eccli.
1547 5377 1719 5429 xxvn,
1741 5364 1797 5419 2.

338 5425 497 5483 ’Aat.
532 5444 586 5495 ν,
609 5425 661 5482 9.
733 5428 754 5460 ⁸
776 5426 934 5483 Joan.
970 5441 1084 5491 xu,
1112 5427 1178 5481 15
1198 5442 1320 5498 sqq.

410 5608 523 5679 (id)
573 5606 671 5679 '0;
695 5607 829 5677 γὰρ,
865 5608 1077 5676 φησὶν,
1117 5609 1150 5660 δ
1186 5606 1526 5675 πάσσαλος.
1564 5609 1806 5677 Mntatis,
1856 5628 1915 5674 ιη

342 5678 497 5743 solet,
529 5678 709 5733 verbis
757 5681 934 5732 locum
987 5679 1150 5732 istum
1201 5680 1459 5785 protulit,
1497 5682 1592 5749 qui
1643 5683 1714 5735 ita
1744 5680 1907 5736 Eccli.

343 5763 489 5785 ττυιι
530 5755 920 5785 nnnnnnnrcnul
966 5763 978 5777 ι
1025 5748 1190 5785 ’Δυηη
1232 5764 1322 5785 που
1356 5748 1573 5785 λιΩῙυο.ιυ
1613 5755 1907 5785 ουρ-νάκεσιν.

343 5763 490 5803 xxvii
530 5761 828 5817 conceptus
844 5755 925 5804 est
966 5763 978 5800 :
1025 5748 1322 5817 Ἀναμέσον
1356 5748 1573 5804 λιθίνων
1613 5755 1917 5823 παγήσεται

1927 5369 1951 5400 δ
1978 5367 2023 5423 ll
2047 5369 2171 5427 Par.
2217 5391 2408 5443 sum,
2432 5379 2517 5433 15.

2025 4750 2270 4814 affectus,
2303 4751 2471 4806 audiit
2506 4772 2519 4806 :
2554 4751 2724 4806 Pasce
2746 4769 2863 4808 oves
2887 4771 3029 4809 meas
3059 4770 3079 4820 ,°
3123 4764 3177 4810 et
3210 4773 3222 4808 :
3255 4754 3423 4809 Pasce
3443 4771 3605 4825 agnos

2027 4858 2166 4896 meos
2192 4858 2212 4906 ;
2252 4857 2316 4896 ac
2360 4845 2559 4898 tertio:
2590 4845 2763 4901 Pasce
2801 4863 2917 4901 oves
2946 4863 3089 4901 meas
3112 4847 3154 4901 ⁸.
3191 4845 3323 4913 Quae
3354 4846 3607 4903 Christus

2029 4950 2157 4990 cum
2189 4934 2372 5001 dixit;
2396 4937 2467 4992 ad
2503 4940 2841 5009 pmnitentia:
2871 4956 2974 4995 nos
3000 4941 3415 4997 conversionem
3446 4940 3608 4995 indu-

2028 5027 2130 5089 xit,
2172 5042 2281 5100 quo
2312 5044 2536 5087 rursum
2580 5033 2635 5087 in
2681 5033 2775 5088 illo
2818 5033 3151 5091 solidissime
3196 5033 3419 5089 fundata
3473 5032 3608 5090 fides

2027 5119 2414 5190 aediﬁcaretur,
2445 5140 2569 5195 qua:
2598 5125 2734 5181 nulli
2765 5126 3050 5182 hominum
3094 5127 3259 5181 vitam
3286 5141 3350 5182 ac
3375 5124 3606 5181 salutem

2029 5217 2340 5284 snbtrahit,
2393 5222 2638 5295 quandiu
2693 5223 2801 5279 vivi
2862 5238 2927 5279 ac
2962 5224 3235 5294 spirantes
3268 5235 3415 5289 sunt,
3443 5231 3608 5292 atque

2633 5380 2654 5411 '
2694 5379 2885 5437 Matth.
2950 5382 3175 5446 "1,18.
3285 5384 3305 5413 ⁸
3342 5382 3476 5437 ibid.
3510 5381 3607 5439 16.

2024 5617 2323 5697 πάσσαλος,
2368 5621 2461 5673 καὶ
2481 5621 2786 5697 Διίιναμιέσον
2843 5621 3097 5697 πράσεως
3144 5622 3239 5680 καὶ
3291 5620 3610 5697 ἁγορασμοῦ

2026 5689 2444 5761 συντριϐήσεται
2469 5689 2738 5762 ἁμαρτία.
2873 5695 2881 5701 ’
