  <div class='ocr_page' id='page_1' title='image "/cluster/home/n/w/nwhite01/storage/ocr_20150623/41/mdp.39015008169818/537.png"; bbox 0 0 3794 6134; ppageno 0'>
   <div class='ocr_carea' id='block_1_1' title="bbox 236 343 369 401">
    <p class='ocr_par' dir='ltr' id='par_1_1' title="bbox 236 343 369 401">
     <span class='ocr_line' id='line_1_1' title="bbox 236 343 369 401; baseline 0.008 -4"><span class='ocrx_word' id='word_1_1' title='bbox 236 343 369 401; x_wconf 69' lang='grc'><strong>1031</strong></span> 
     </span>
    </p>
   </div>
   <div class='ocr_carea' id='block_1_2' title="bbox 1647 332 2092 389">
    <p class='ocr_par' dir='ltr' id='par_1_2' title="bbox 1647 332 2092 389">
     <span class='ocr_line' id='line_1_2' title="bbox 1647 332 2092 389; baseline 0 -2"><span class='ocrx_word' id='word_1_2' title='bbox 1647 332 1706 388; x_wconf 87' lang='lat' dir='ltr'><strong>S.</strong></span> <span class='ocrx_word' id='word_1_3' title='bbox 1750 332 2092 389; x_wconf 79' lang='lat' dir='ltr'><strong>EPIPHANII</strong></span> 
     </span>
    </p>
   </div>
   <div class='ocr_carea' id='block_1_3' title="bbox 3364 332 3514 388">
    <p class='ocr_par' dir='ltr' id='par_1_3' title="bbox 3364 332 3514 388">
     <span class='ocr_line' id='line_1_3' title="bbox 3364 332 3514 388; baseline 0.013 -2"><span class='ocrx_word' id='word_1_4' title='bbox 3364 332 3514 388; x_wconf 74' lang='grc'><strong>1032</strong></span> 
     </span>
    </p>
   </div>
   <div class='ocr_carea' id='block_1_4' title="bbox 234 446 1818 532">
    <p class='ocr_par' dir='ltr' id='par_1_4' title="bbox 234 451 1807 532">
     <span class='ocr_line' id='line_1_4' title="bbox 234 451 1807 532; baseline -0.007 -14"><span class='ocrx_word' id='word_1_5' title='bbox 234 479 301 518; x_wconf 77' lang='lat' dir='ltr'><strong>ex</strong></span> <span class='ocrx_word' id='word_1_6' title='bbox 351 460 537 518; x_wconf 88' lang='lat' dir='ltr'><strong>animo</strong></span> <span class='ocrx_word' id='word_1_7' title='bbox 559 458 939 532; x_wconf 62' lang='lat' dir='ltr'><strong>paenitentiam</strong></span> <span class='ocrx_word' id='word_1_8' title='bbox 982 455 1295 527; x_wconf 89' lang='lat' dir='ltr'><strong>suscipiunt</strong></span> <span class='ocrx_word' id='word_1_9' title='bbox 1348 469 1411 509; x_wconf 89' lang='lat' dir='ltr'><strong>ac</strong></span> <span class='ocrx_word' id='word_1_10' title='bbox 1443 451 1679 524; x_wconf 90' lang='lat' dir='ltr'><strong>denique</strong></span> <span class='ocrx_word' id='word_1_11' title='bbox 1710 468 1807 509; x_wconf 88' lang='lat' dir='ltr'><strong>sua</strong></span> 
     </span>
    </p>
   </div>
   <div class='ocr_carea' id='block_1_5' title="bbox 1987 446 3515 532">
    <p class='ocr_par' dir='ltr' id='par_1_5' title="bbox 1987 446 3515 527">
     <span class='ocr_line' id='line_1_5' title="bbox 1987 446 3515 527; baseline -0.005 -21"><span class='ocrx_word' id='word_1_12' title='bbox 1987 453 2371 527; x_wconf 73' lang='grc' dir='ltr'><strong>ὶδιορθοῦνται</strong></span> <span class='ocrx_word' id='word_1_13' title='bbox 2406 451 2473 506; x_wconf 77' lang='grc' dir='ltr'><strong>τά</strong></span> <span class='ocrx_word' id='word_1_14' title='bbox 2522 448 2733 505; x_wconf 76' lang='grc' dir='ltr'><strong>ἑαυτῶν</strong></span> <span class='ocrx_word' id='word_1_15' title='bbox 2776 447 3071 516; x_wconf 79' lang='grc' dir='ltr'><strong>σφάλματα</strong></span> <span class='ocrx_word' id='word_1_16' title='bbox 3122 446 3179 500; x_wconf 77' lang='grc' dir='ltr'><strong>ὲν</strong></span> <span class='ocrx_word' id='word_1_17' title='bbox 3216 446 3297 519; x_wconf 79' lang='grc' dir='ltr'><strong>τῷ</strong></span> <span class='ocrx_word' id='word_1_18' title='bbox 3342 447 3515 505; x_wconf 71' lang='grc' dir='ltr'><strong>αἰῶνι</strong></span> 
     </span>
    </p>
   </div>
   <div class='ocr_carea' id='block_1_6' title="bbox 233 547 1218 618">
    <p class='ocr_par' dir='ltr' id='par_1_6' title="bbox 233 547 1218 618">
     <span class='ocr_line' id='line_1_6' title="bbox 233 547 1218 618; baseline -0.007 -11"><span class='ocrx_word' id='word_1_19' title='bbox 233 554 289 607; x_wconf 91' lang='lat' dir='ltr'><strong>in</strong></span> <span class='ocrx_word' id='word_1_20' title='bbox 323 552 425 607; x_wconf 88' lang='lat' dir='ltr'><strong>hoc</strong></span> <span class='ocrx_word' id='word_1_21' title='bbox 448 550 653 605; x_wconf 90' lang='lat' dir='ltr'><strong>mundo</strong></span> <span class='ocrx_word' id='word_1_22' title='bbox 687 547 886 604; x_wconf 89' lang='lat' dir='ltr'><strong>delicta</strong></span> <span class='ocrx_word' id='word_1_23' title='bbox 915 548 1218 618; x_wconf 78' lang='lat' dir='ltr'><strong>corrigunt.</strong></span> 
     </span>
    </p>
   </div>
   <div class='ocr_carea' id='block_1_7' title="bbox 308 638 1813 714">
    <p class='ocr_par' dir='ltr' id='par_1_7' title="bbox 308 638 1813 714">
     <span class='ocr_line' id='line_1_7' title="bbox 308 638 1813 714; baseline -0.003 -17"><span class='ocrx_word' id='word_1_24' title='bbox 308 643 405 698; x_wconf 79' lang='lat' dir='ltr'><strong>IX.</strong></span> <span class='ocrx_word' id='word_1_25' title='bbox 471 643 753 714; x_wconf 86' lang='lat' dir='ltr'><strong>Siquidem</strong></span> <span class='ocrx_word' id='word_1_26' title='bbox 804 642 862 696; x_wconf 91' lang='lat' dir='ltr'><strong>in</strong></span> <span class='ocrx_word' id='word_1_27' title='bbox 940 639 1170 695; x_wconf 86' lang='lat' dir='ltr'><strong>Cantico</strong></span> <span class='ocrx_word' id='word_1_28' title='bbox 1223 639 1562 694; x_wconf 72' lang='lat' dir='ltr'><strong>canticorum</strong></span> <span class='ocrx_word' id='word_1_29' title='bbox 1625 638 1813 694; x_wconf 88' lang='lat' dir='ltr'><strong>eadem</strong></span> 
     </span>
    </p>
   </div>
   <div class='ocr_carea' id='block_1_8' title="bbox 234 726 1816 804">
    <p class='ocr_par' dir='ltr' id='par_1_8' title="bbox 234 726 1816 804">
     <span class='ocr_line' id='line_1_8' title="bbox 234 726 1816 804; baseline -0.004 -15"><span class='ocrx_word' id='word_1_30' title='bbox 234 749 435 804; x_wconf 88' lang='lat' dir='ltr'><strong>sponsa</strong></span> <span class='ocrx_word' id='word_1_31' title='bbox 473 734 619 788; x_wconf 88' lang='lat' dir='ltr'><strong>hunc</strong></span> <span class='ocrx_word' id='word_1_32' title='bbox 647 733 703 787; x_wconf 92' lang='lat' dir='ltr'><strong>in</strong></span> <span class='ocrx_word' id='word_1_33' title='bbox 736 732 958 786; x_wconf 90' lang='lat' dir='ltr'><strong>modum</strong></span> <span class='ocrx_word' id='word_1_34' title='bbox 982 744 1186 800; x_wconf 90' lang='lat' dir='ltr'><strong>sponso</strong></span> <span class='ocrx_word' id='word_1_35' title='bbox 1214 730 1492 800; x_wconf 88' lang='lat' dir='ltr'><strong>loquitur:</strong></span> <span class='ocrx_word' id='word_1_36' title='bbox 1523 726 1816 799; x_wconf 76' lang='lat' dir='ltr'><strong>Respondet</strong></span> 
     </span>
    </p>
   </div>
   <div class='ocr_carea' id='block_1_9' title="bbox 236 820 1814 894">
    <p class='ocr_par' dir='ltr' id='par_1_9' title="bbox 236 820 1814 894">
     <span class='ocr_line' id='line_1_9' title="bbox 236 820 1814 894; baseline -0.003 -14"><span class='ocrx_word' id='word_1_37' title='bbox 236 826 406 894; x_wconf 77' lang='lat' dir='ltr'><strong>frater</strong></span> <span class='ocrx_word' id='word_1_38' title='bbox 456 843 626 891; x_wconf 72' lang='lat' dir='ltr'><strong>meus,</strong></span> <span class='ocrx_word' id='word_1_39' title='bbox 663 833 714 881; x_wconf 89' lang='lat' dir='ltr'><strong>et</strong></span> <span class='ocrx_word' id='word_1_40' title='bbox 743 824 873 879; x_wconf 84' lang='lat' dir='ltr'><strong>dicit</strong></span> <span class='ocrx_word' id='word_1_41' title='bbox 898 822 1027 877; x_wconf 89' lang='lat' dir='ltr'><strong>mihi</strong></span> <span class='ocrx_word' id='word_1_42' title='bbox 1055 837 1071 875; x_wconf 89' lang='lat'><strong>.&#39;</strong></span> <span class='ocrx_word' id='word_1_43' title='bbox 1101 820 1286 892; x_wconf 84' lang='lat' dir='ltr'><strong>Surge,</strong></span> <span class='ocrx_word' id='word_1_44' title='bbox 1320 825 1613 892; x_wconf 85' lang='lat' dir='ltr'><strong>propinqua</strong></span> <span class='ocrx_word' id='word_1_45' title='bbox 1662 839 1778 877; x_wconf 86' lang='lat' dir='ltr'><strong>mea</strong></span> <span class='ocrx_word' id='word_1_46' title='bbox 1798 864 1814 889; x_wconf 94' lang='lat'><strong>,</strong></span> 
     </span>
    </p>
   </div>
   <div class='ocr_carea' id='block_1_10' title="bbox 236 915 1817 987">
    <p class='ocr_par' dir='ltr' id='par_1_10' title="bbox 236 915 1817 987">
     <span class='ocr_line' id='line_1_10' title="bbox 236 915 1817 987; baseline 0.001 -16"><span class='ocrx_word' id='word_1_47' title='bbox 236 918 472 987; x_wconf 74' lang='lat' dir='ltr'><strong>formosa</strong></span> <span class='ocrx_word' id='word_1_48' title='bbox 521 934 659 982; x_wconf 85' lang='lat' dir='ltr'><strong>mea,</strong></span> <span class='ocrx_word' id='word_1_49' title='bbox 700 915 946 971; x_wconf 82' lang='lat' dir='ltr'><strong>columba</strong></span> <span class='ocrx_word' id='word_1_50' title='bbox 969 930 1121 981; x_wconf 85' lang='lat' dir='ltr'><strong>mea;</strong></span> <span class='ocrx_word' id='word_1_51' title='bbox 1154 916 1405 985; x_wconf 84' lang='lat' dir='ltr'><strong>quoniam</strong></span> <span class='ocrx_word' id='word_1_52' title='bbox 1442 915 1604 971; x_wconf 81' lang='lat' dir='ltr'><strong>hiems</strong></span> <span class='ocrx_word' id='word_1_53' title='bbox 1637 926 1817 972; x_wconf 77' lang='lat' dir='ltr'><strong>trans-</strong></span> 
     </span>
    </p>
   </div>
   <div class='ocr_carea' id='block_1_11' title="bbox 235 1005 1814 1078">
    <p class='ocr_par' dir='ltr' id='par_1_11' title="bbox 235 1005 1814 1078">
     <span class='ocr_line' id='line_1_11' title="bbox 235 1005 1814 1078; baseline 0.001 -17"><span class='ocrx_word' id='word_1_54' title='bbox 235 1010 366 1063; x_wconf 70' lang='lat' dir='ltr'><strong>iit‘:</strong></span> <span class='ocrx_word' id='word_1_55' title='bbox 394 1009 498 1065; x_wconf 91' lang='lat' dir='ltr'><strong>hoc</strong></span> <span class='ocrx_word' id='word_1_56' title='bbox 519 1016 625 1075; x_wconf 90' lang='lat' dir='ltr'><strong>est,</strong></span> <span class='ocrx_word' id='word_1_57' title='bbox 660 1007 836 1062; x_wconf 85' lang='lat' dir='ltr'><strong>tristis</strong></span> <span class='ocrx_word' id='word_1_58' title='bbox 866 1007 980 1070; x_wconf 93' lang='lat' dir='ltr'><strong>illa,</strong></span> <span class='ocrx_word' id='word_1_59' title='bbox 1005 1021 1071 1060; x_wconf 88' lang='lat' dir='ltr'><strong>ac</strong></span> <span class='ocrx_word' id='word_1_60' title='bbox 1099 1005 1383 1061; x_wconf 89' lang='lat' dir='ltr'><strong>tenebrosa</strong></span> <span class='ocrx_word' id='word_1_61' title='bbox 1423 1007 1814 1078; x_wconf 86' lang='lat' dir='ltr'><strong>terribilisque,</strong></span> 
     </span>
    </p>
   </div>
   <div class='ocr_carea' id='block_1_12' title="bbox 235 1084 1819 1166">
    <p class='ocr_par' dir='ltr' id='par_1_12' title="bbox 235 1084 1819 1166">
     <span class='ocr_line' id='line_1_12' title="bbox 235 1084 1819 1166; baseline -0.001 -13"><span class='ocrx_word' id='word_1_62' title='bbox 235 1105 294 1153; x_wconf 90' lang='lat' dir='ltr'><strong>ut</strong></span> <span class='ocrx_word' id='word_1_63' title='bbox 323 1098 396 1152; x_wconf 90' lang='lat' dir='ltr'><strong>ita</strong></span> <span class='ocrx_word' id='word_1_64' title='bbox 457 1097 660 1161; x_wconf 89' lang='lat' dir='ltr'><strong>dicam,</strong></span> <span class='ocrx_word' id='word_1_65' title='bbox 712 1084 1273 1166; x_wconf 37' lang='lat' dir='ltr'><strong>nebularum‘caligo</strong></span> <span class='ocrx_word' id='word_1_66' title='bbox 1340 1097 1582 1151; x_wconf 85' lang='lat' dir='ltr'><strong>transiit.</strong></span> <span class='ocrx_word' id='word_1_67' title='bbox 1644 1098 1819 1153; x_wconf 84' lang='lat' dir='ltr'><strong>Imber</strong></span> 
     </span>
    </p>
   </div>
   <div class='ocr_carea' id='block_1_13' title="bbox 236 1188 1816 1257">
    <p class='ocr_par' dir='ltr' id='par_1_13' title="bbox 236 1188 1816 1257">
     <span class='ocr_line' id='line_1_13' title="bbox 236 1188 1816 1257; baseline 0.001 -14"><span class='ocrx_word' id='word_1_68' title='bbox 236 1190 388 1255; x_wconf 85' lang='lat' dir='ltr'><strong>abiit,</strong></span> <span class='ocrx_word' id='word_1_69' title='bbox 419 1199 469 1244; x_wconf 89' lang='lat' dir='ltr'><strong>et</strong></span> <span class='ocrx_word' id='word_1_70' title='bbox 494 1190 727 1252; x_wconf 78' lang='lat' dir='ltr'><strong>recessit,</strong></span> <span class='ocrx_word' id='word_1_71' title='bbox 753 1189 909 1257; x_wconf 78' lang='lat' dir='ltr'><strong>ﬂores</strong></span> <span class='ocrx_word' id='word_1_72' title='bbox 938 1198 1295 1257; x_wconf 81' lang='lat' dir='ltr'><strong>apparuerunt</strong></span> <span class='ocrx_word' id='word_1_73' title='bbox 1330 1188 1385 1240; x_wconf 91' lang='lat' dir='ltr'><strong>in</strong></span> <span class='ocrx_word' id='word_1_74' title='bbox 1416 1198 1559 1241; x_wconf 85' lang='lat' dir='ltr'><strong>terra</strong></span> <span class='ocrx_word' id='word_1_75' title='bbox 1590 1198 1772 1243; x_wconf 83' lang='lat' dir='ltr'><strong>nostra</strong></span> <span class='ocrx_word' id='word_1_76' title='bbox 1797 1206 1816 1244; x_wconf 90' lang='lat'><strong>:</strong></span> 
     </span>
    </p>
   </div>
   <div class='ocr_carea' id='block_1_14' title="bbox 239 1279 1817 1349">
    <p class='ocr_par' dir='ltr' id='par_1_14' title="bbox 239 1279 1817 1349">
     <span class='ocr_line' id='line_1_14' title="bbox 239 1279 1817 1349; baseline 0.001 -15"><span class='ocrx_word' id='word_1_77' title='bbox 239 1291 438 1349; x_wconf 77' lang='lat' dir='ltr'><strong>tempus</strong></span> <span class='ocrx_word' id='word_1_78' title='bbox 482 1282 781 1349; x_wconf 71' lang='lat' dir='ltr'><strong>putationis</strong></span> <span class='ocrx_word' id='word_1_79' title='bbox 818 1279 1070 1333; x_wconf 86' lang='lat' dir='ltr'><strong>advenit:</strong></span> <span class='ocrx_word' id='word_1_80' title='bbox 1101 1294 1200 1332; x_wconf 74' lang='lat' dir='ltr'><strong>vox</strong></span> <span class='ocrx_word' id='word_1_81' title='bbox 1230 1281 1456 1334; x_wconf 78' lang='lat' dir='ltr'><strong>turturis</strong></span> <span class='ocrx_word' id='word_1_82' title='bbox 1506 1280 1693 1334; x_wconf 86' lang='lat' dir='ltr'><strong>audita</strong></span> <span class='ocrx_word' id='word_1_83' title='bbox 1738 1291 1817 1336; x_wconf 74' lang='lat' dir='ltr'><strong>est</strong></span> 
     </span>
    </p>
   </div>
   <div class='ocr_carea' id='block_1_15' title="bbox 236 1370 1813 1442">
    <p class='ocr_par' dir='ltr' id='par_1_15' title="bbox 236 1370 1813 1442">
     <span class='ocr_line' id='line_1_15' title="bbox 236 1370 1813 1442; baseline 0.001 -17"><span class='ocrx_word' id='word_1_84' title='bbox 236 1374 289 1425; x_wconf 86' lang='lat' dir='ltr'><strong>in</strong></span> <span class='ocrx_word' id='word_1_85' title='bbox 323 1382 467 1427; x_wconf 88' lang='lat' dir='ltr'><strong>terra</strong></span> <span class='ocrx_word' id='word_1_86' title='bbox 522 1382 703 1426; x_wconf 77' lang='lat' dir='ltr'><strong>nustra</strong></span> <span class='ocrx_word' id='word_1_87' title='bbox 749 1387 767 1424; x_wconf 92' lang='lat'><strong>:</strong></span> <span class='ocrx_word' id='word_1_88' title='bbox 792 1371 926 1440; x_wconf 75' lang='lat' dir='ltr'><strong>ﬁcus</strong></span> <span class='ocrx_word' id='word_1_89' title='bbox 965 1370 1186 1440; x_wconf 80' lang='lat' dir='ltr'><strong>protulit</strong></span> <span class='ocrx_word' id='word_1_90' title='bbox 1231 1387 1445 1440; x_wconf 78' lang='lat' dir='ltr'><strong>grossos</strong></span> <span class='ocrx_word' id='word_1_91' title='bbox 1475 1372 1631 1442; x_wconf 82' lang='lat'><strong>501</strong></span> <span class='ocrx_word' id='word_1_92' title='bbox 1665 1390 1813 1438; x_wconf 78' lang='lat' dir='ltr'><strong>suos,</strong></span> 
     </span>
    </p>
   </div>
   <div class='ocr_carea' id='block_1_16' title="bbox 237 1461 1816 1534">
    <p class='ocr_par' dir='ltr' id='par_1_16' title="bbox 237 1461 1816 1534">
     <span class='ocr_line' id='line_1_16' title="bbox 237 1461 1816 1534; baseline 0 -15"><span class='ocrx_word' id='word_1_93' title='bbox 237 1466 397 1519; x_wconf 68' lang='lat' dir='ltr'><strong>vinea:</strong></span> <span class='ocrx_word' id='word_1_94' title='bbox 448 1473 643 1519; x_wconf 72' lang='lat' dir='ltr'><strong>nostra:</strong></span> <span class='ocrx_word' id='word_1_95' title='bbox 692 1464 1080 1534; x_wconf 81' lang='lat' dir='ltr'><strong>germinarunt,</strong></span> <span class='ocrx_word' id='word_1_96' title='bbox 1120 1461 1377 1516; x_wconf 85' lang='lat' dir='ltr'><strong>dederunt</strong></span> <span class='ocrx_word' id='word_1_97' title='bbox 1412 1463 1628 1518; x_wconf 86' lang='lat' dir='ltr'><strong>odorem</strong></span> <span class='ocrx_word' id='word_1_98' title='bbox 1655 1467 1698 1518; x_wconf 80' lang='grc'><strong>².</strong></span> <span class='ocrx_word' id='word_1_99' title='bbox 1746 1464 1816 1519; x_wconf 89' lang='lat' dir='ltr'><strong>Ut</strong></span> 
     </span>
    </p>
   </div>
   <div class='ocr_carea' id='block_1_17' title="bbox 235 1556 1816 1626">
    <p class='ocr_par' dir='ltr' id='par_1_17' title="bbox 235 1556 1816 1626">
     <span class='ocr_line' id='line_1_17' title="bbox 235 1556 1816 1626; baseline 0.001 -17"><span class='ocrx_word' id='word_1_100' title='bbox 235 1556 514 1626; x_wconf 82' lang='lat' dir='ltr'><strong>praeterita</strong></span> <span class='ocrx_word' id='word_1_101' title='bbox 545 1558 728 1611; x_wconf 84' lang='lat' dir='ltr'><strong>omnia</strong></span> <span class='ocrx_word' id='word_1_102' title='bbox 765 1556 1056 1610; x_wconf 86' lang='lat' dir='ltr'><strong>transiisse</strong></span> <span class='ocrx_word' id='word_1_103' title='bbox 1100 1563 1455 1623; x_wconf 82' lang='lat' dir='ltr'><strong>monstraret,</strong></span> <span class='ocrx_word' id='word_1_104' title='bbox 1493 1571 1555 1611; x_wconf 84' lang='lat' dir='ltr'><strong>ac</strong></span> <span class='ocrx_word' id='word_1_105' title='bbox 1590 1572 1816 1612; x_wconf 89' lang='lat' dir='ltr'><strong>vernum</strong></span> 
     </span>
    </p>
   </div>
   <div class='ocr_carea' id='block_1_18' title="bbox 234 1645 1819 1718">
    <p class='ocr_par' dir='ltr' id='par_1_18' title="bbox 234 1645 1819 1718">
     <span class='ocr_line' id='line_1_18' title="bbox 234 1645 1819 1718; baseline 0 -17"><span class='ocrx_word' id='word_1_106' title='bbox 234 1647 396 1702; x_wconf 90' lang='lat' dir='ltr'><strong>modo</strong></span> <span class='ocrx_word' id='word_1_107' title='bbox 445 1657 664 1717; x_wconf 88' lang='lat' dir='ltr'><strong>tempus</strong></span> <span class='ocrx_word' id='word_1_108' title='bbox 698 1645 912 1710; x_wconf 85' lang='lat' dir='ltr'><strong>ﬂorere,</strong></span> <span class='ocrx_word' id='word_1_109' title='bbox 957 1655 1213 1717; x_wconf 87' lang='lat' dir='ltr'><strong>pacatum</strong></span> <span class='ocrx_word' id='word_1_110' title='bbox 1251 1662 1401 1702; x_wconf 89' lang='lat' dir='ltr'><strong>mare</strong></span> <span class='ocrx_word' id='word_1_111' title='bbox 1445 1662 1510 1701; x_wconf 90' lang='lat' dir='ltr'><strong>ac</strong></span> <span class='ocrx_word' id='word_1_112' title='bbox 1552 1648 1819 1718; x_wconf 82' lang='lat' dir='ltr'><strong>tranquil-</strong></span> 
     </span>
    </p>
   </div>
   <div class='ocr_carea' id='block_1_19' title="bbox 235 1739 1815 1809">
    <p class='ocr_par' dir='ltr' id='par_1_19' title="bbox 235 1739 1815 1809">
     <span class='ocr_line' id='line_1_19' title="bbox 235 1739 1815 1809; baseline 0.001 -17"><span class='ocrx_word' id='word_1_113' title='bbox 235 1740 347 1793; x_wconf 92' lang='lat' dir='ltr'><strong>lum</strong></span> <span class='ocrx_word' id='word_1_114' title='bbox 399 1754 545 1803; x_wconf 88' lang='lat' dir='ltr'><strong>esse,</strong></span> <span class='ocrx_word' id='word_1_115' title='bbox 609 1739 867 1793; x_wconf 85' lang='lat' dir='ltr'><strong>imbrium</strong></span> <span class='ocrx_word' id='word_1_116' title='bbox 928 1741 1179 1793; x_wconf 87' lang='lat' dir='ltr'><strong>timorem</strong></span> <span class='ocrx_word' id='word_1_117' title='bbox 1228 1740 1580 1809; x_wconf 68' lang='lat' dir='ltr'><strong>praeteriisse,</strong></span> <span class='ocrx_word' id='word_1_118' title='bbox 1631 1750 1815 1796; x_wconf 81' lang='lat' dir='ltr'><strong>vetera</strong></span> 
     </span>
    </p>
   </div>
   <div class='ocr_carea' id='block_1_20' title="bbox 1916 562 3035 615">
    <p class='ocr_par' dir='ltr' id='par_1_20' title="bbox 1916 562 3035 615">
     <span class='ocr_line' id='line_1_20' title="bbox 1916 562 3035 615; baseline -0.002 -18"><span class='ocrx_word' id='word_1_119' title='bbox 1916 562 2109 615; x_wconf 83' lang='grc' dir='ltr'><strong>τουτῳ.</strong></span> <span class='ocrx_word' id='word_1_120' title='bbox 2850 574 2859 579; x_wconf 85' lang='grc'><strong><em>-</em></strong></span> <span class='ocrx_word' id='word_1_121' title='bbox 3031 609 3035 613; x_wconf 90' lang='lat'>_</span> 
     </span>
    </p>
   </div>
   <div class='ocr_carea' id='block_1_21' title="bbox 1987 628 3509 704">
    <p class='ocr_par' dir='ltr' id='par_1_21' title="bbox 1987 628 3509 704">
     <span class='ocr_line' id='line_1_21' title="bbox 1987 628 3509 704; baseline -0.003 -16"><span class='ocrx_word' id='word_1_122' title='bbox 1987 635 2062 690; x_wconf 77' lang='lat'><strong>8&#39;.</strong></span> <span class='ocrx_word' id='word_1_123' title='bbox 2105 634 2215 689; x_wconf 72' lang='grc' dir='ltr'><strong>Καὶ</strong></span> <span class='ocrx_word' id='word_1_124' title='bbox 2247 633 2307 688; x_wconf 74' lang='grc' dir='ltr'><strong>ὲν</strong></span> <span class='ocrx_word' id='word_1_125' title='bbox 2341 631 2420 704; x_wconf 83' lang='grc' dir='ltr'><strong>τῷ</strong></span> <span class='ocrx_word' id='word_1_126' title='bbox 2462 634 2705 704; x_wconf 78' lang='grc' dir='ltr'><strong>’ᾼσματι</strong></span> <span class='ocrx_word' id='word_1_127' title='bbox 2736 628 2842 683; x_wconf 83' lang='grc' dir='ltr'><strong>τῶν</strong></span> <span class='ocrx_word' id='word_1_128' title='bbox 2875 628 3135 701; x_wconf 79' lang='grc' dir='ltr'><strong>ᾀσμάτων</strong></span> <span class='ocrx_word' id='word_1_129' title='bbox 3162 629 3267 700; x_wconf 77' lang='grc' dir='ltr'><strong>ἔφη</strong></span> <span class='ocrx_word' id='word_1_130' title='bbox 3302 631 3448 703; x_wconf 75' lang='grc' dir='ltr'><strong>αὐτὴ</strong></span> <span class='ocrx_word' id='word_1_131' title='bbox 3475 635 3509 704; x_wconf 78' lang='grc' dir='ltr'><strong>ἡ</strong></span> 
     </span>
    </p>
   </div>
   <div class='ocr_carea' id='block_1_22' title="bbox 1917 721 3516 799">
    <p class='ocr_par' dir='ltr' id='par_1_22' title="bbox 1917 721 3516 799">
     <span class='ocr_line' id='line_1_22' title="bbox 1917 721 3516 799; baseline -0.001 -18"><span class='ocrx_word' id='word_1_132' title='bbox 1917 726 2104 799; x_wconf 83' lang='grc' dir='ltr'><strong>νύμφη</strong></span> <span class='ocrx_word' id='word_1_133' title='bbox 2144 726 2279 799; x_wconf 83' lang='grc' dir='ltr'><strong>πρὸς</strong></span> <span class='ocrx_word' id='word_1_134' title='bbox 2307 726 2396 781; x_wconf 84' lang='grc' dir='ltr'><strong>τὸν</strong></span> <span class='ocrx_word' id='word_1_135' title='bbox 2444 724 2678 797; x_wconf 76' lang='grc' dir='ltr'>νυμφίον</span> <span class='ocrx_word' id='word_1_136' title='bbox 2713 721 2982 791; x_wconf 80' lang='grc' dir='ltr'><strong>λέγουσα·</strong></span> <span class='ocrx_word' id='word_1_137' title='bbox 3031 724 3449 791; x_wconf 79' lang='grc' dir='ltr'><strong>Ἀποκρίνεται</strong></span> <span class='ocrx_word' id='word_1_138' title='bbox 3480 728 3516 779; x_wconf 83' lang='grc' dir='ltr'><em>ό</em></span> 
     </span>
    </p>
   </div>
   <div class='ocr_carea' id='block_1_23' title="bbox 1916 813 3513 889">
    <p class='ocr_par' dir='ltr' id='par_1_23' title="bbox 1916 813 3513 889">
     <span class='ocr_line' id='line_1_23' title="bbox 1916 813 3513 889; baseline -0.004 -15"><span class='ocrx_word' id='word_1_139' title='bbox 1916 818 2179 889; x_wconf 76' lang='grc' dir='ltr'><strong>ἀδελφός</strong></span> <span class='ocrx_word' id='word_1_140' title='bbox 2200 836 2342 889; x_wconf 84' lang='grc' dir='ltr'><strong>μου,</strong></span> <span class='ocrx_word' id='word_1_141' title='bbox 2395 818 2493 872; x_wconf 77' lang='grc' dir='ltr'><strong>καὶ</strong></span> <span class='ocrx_word' id='word_1_142' title='bbox 2528 815 2691 885; x_wconf 72' lang='grc' dir='ltr'><strong>λέγει</strong></span> <span class='ocrx_word' id='word_1_143' title='bbox 2734 831 2871 885; x_wconf 86' lang='grc' dir='ltr'><strong>μοι·</strong></span> <span class='ocrx_word' id='word_1_144' title='bbox 2922 813 3203 880; x_wconf 80' lang='grc' dir='ltr'><strong>Ἀνάστα,</strong></span> <span class='ocrx_word' id='word_1_145' title='bbox 3246 814 3415 879; x_wconf 78' lang='grc' dir='ltr'><strong>ἐλθὲ,</strong></span> <span class='ocrx_word' id='word_1_146' title='bbox 3471 815 3513 882; x_wconf 81' lang='grc' dir='ltr'><strong><em>ἠ</em></strong></span> 
     </span>
    </p>
   </div>
   <div class='ocr_carea' id='block_1_24' title="bbox 1917 904 3516 980">
    <p class='ocr_par' dir='ltr' id='par_1_24' title="bbox 1917 904 3516 980">
     <span class='ocr_line' id='line_1_24' title="bbox 1917 904 3516 980; baseline -0.004 -16"><span class='ocrx_word' id='word_1_147' title='bbox 1917 912 2187 978; x_wconf 72' lang='grc' dir='ltr'><strong>πλησίον</strong></span> <span class='ocrx_word' id='word_1_148' title='bbox 2222 928 2343 980; x_wconf 84' lang='grc' dir='ltr'><strong>μου</strong></span> <span class='ocrx_word' id='word_1_149' title='bbox 2367 927 2381 940; x_wconf 87' lang='grc'><strong>·</strong></span> <span class='ocrx_word' id='word_1_150' title='bbox 2418 907 2575 977; x_wconf 82' lang='grc' dir='ltr'><strong>καλή</strong></span> <span class='ocrx_word' id='word_1_151' title='bbox 2616 925 2757 976; x_wconf 84' lang='grc' dir='ltr'><strong>μου,</strong></span> <span class='ocrx_word' id='word_1_152' title='bbox 2798 904 3117 974; x_wconf 79' lang='grc' dir='ltr'><strong>περιστερὰ</strong></span> <span class='ocrx_word' id='word_1_153' title='bbox 3149 922 3303 974; x_wconf 78' lang='grc' dir='ltr'><strong>μου·</strong></span> <span class='ocrx_word' id='word_1_154' title='bbox 3339 906 3436 958; x_wconf 83' lang='grc' dir='ltr'><strong>ὅτι</strong></span> <span class='ocrx_word' id='word_1_155' title='bbox 3479 907 3516 958; x_wconf 83' lang='grc' dir='ltr'><em>ὁ</em></span> 
     </span>
    </p>
   </div>
   <div class='ocr_carea' id='block_1_25' title="bbox 1917 996 3516 1073">
    <p class='ocr_par' dir='ltr' id='par_1_25' title="bbox 1917 996 3516 1073">
     <span class='ocr_line' id='line_1_25' title="bbox 1917 996 3516 1073; baseline -0.004 -17"><span class='ocrx_word' id='word_1_156' title='bbox 1917 1003 2139 1073; x_wconf 75' lang='grc' dir='ltr'><strong>χειμὼν</strong></span> <span class='ocrx_word' id='word_1_157' title='bbox 2192 1002 2493 1070; x_wconf 80' lang='grc' dir='ltr'><strong>παρῆλθε’</strong></span> <span class='ocrx_word' id='word_1_158' title='bbox 2524 1000 2594 1053; x_wconf 88' lang='grc' dir='ltr'><strong>τά</strong></span> <span class='ocrx_word' id='word_1_159' title='bbox 2644 999 2885 1070; x_wconf 86' lang='grc' dir='ltr'><strong>στυγερά</strong></span> <span class='ocrx_word' id='word_1_160' title='bbox 2926 1015 2985 1050; x_wconf 89' lang='grc' dir='ltr'><strong>τε</strong></span> <span class='ocrx_word' id='word_1_161' title='bbox 3023 997 3118 1051; x_wconf 72' lang='grc' dir='ltr'><strong>καὶ</strong></span> <span class='ocrx_word' id='word_1_162' title='bbox 3144 996 3357 1067; x_wconf 78' lang='grc' dir='ltr'><strong>ζοφώδη</strong></span> <span class='ocrx_word' id='word_1_163' title='bbox 3406 997 3516 1066; x_wconf 72' lang='grc' dir='ltr'><strong>τῆς</strong></span> 
     </span>
    </p>
   </div>
   <div class='ocr_carea' id='block_1_26' title="bbox 1920 1088 3509 1167">
    <p class='ocr_par' dir='ltr' id='par_1_26' title="bbox 1920 1088 3509 1167">
     <span class='ocr_line' id='line_1_26' title="bbox 1920 1088 3509 1167; baseline -0.003 -19"><span class='ocrx_word' id='word_1_164' title='bbox 1920 1094 2228 1167; x_wconf 79' lang='grc' dir='ltr'><strong>συννεφίας,</strong></span> <span class='ocrx_word' id='word_1_165' title='bbox 2277 1093 2374 1146; x_wconf 79' lang='grc' dir='ltr'><strong>καὶ</strong></span> <span class='ocrx_word' id='word_1_166' title='bbox 2424 1090 2803 1162; x_wconf 68' lang='grc' dir='ltr'><strong>φοϐερώτατα,</strong></span> <span class='ocrx_word' id='word_1_167' title='bbox 2843 1090 2919 1153; x_wconf 86' lang='grc' dir='ltr'><strong>ὼς</strong></span> <span class='ocrx_word' id='word_1_168' title='bbox 2965 1091 3157 1153; x_wconf 74' lang='grc' dir='ltr'><strong>εἰπεῖν,</strong></span> <span class='ocrx_word' id='word_1_169' title='bbox 3201 1088 3509 1158; x_wconf 72' lang='grc' dir='ltr'><strong>παρῆλθεν.</strong></span> 
     </span>
    </p>
   </div>
   <div class='ocr_carea' id='block_1_27' title="bbox 1932 1179 3509 1250">
    <p class='ocr_par' dir='ltr' id='par_1_27' title="bbox 1932 1179 3509 1250">
     <span class='ocr_line' id='line_1_27' title="bbox 1932 1179 3509 1250; baseline -0.003 -12"><span class='ocrx_word' id='word_1_170' title='bbox 1932 1185 1993 1238; x_wconf 79' lang='lat'><strong>&#39;0</strong></span> <span class='ocrx_word' id='word_1_171' title='bbox 2026 1184 2201 1250; x_wconf 85' lang='grc' dir='ltr'><strong>ὑετὸς</strong></span> <span class='ocrx_word' id='word_1_172' title='bbox 2226 1181 2524 1250; x_wconf 75' lang='grc' dir='ltr'><strong>ἀπῆλθεν,</strong></span> <span class='ocrx_word' id='word_1_173' title='bbox 2541 1182 2831 1250; x_wconf 78' lang='grc' dir='ltr'><strong>ἐπορεύθη</strong></span> <span class='ocrx_word' id='word_1_174' title='bbox 2852 1179 3060 1243; x_wconf 75' lang='grc' dir='ltr'><strong>ἑαυτῷ·</strong></span> <span class='ocrx_word' id='word_1_175' title='bbox 3077 1180 3149 1234; x_wconf 88' lang='grc' dir='ltr'><strong>τὰ</strong></span> <span class='ocrx_word' id='word_1_176' title='bbox 3167 1180 3319 1247; x_wconf 79' lang='grc' dir='ltr'><strong>ἄνθη</strong></span> <span class='ocrx_word' id='word_1_177' title='bbox 3337 1179 3509 1248; x_wconf 68' lang='grc' dir='ltr'><strong>ὤφθη</strong></span> 
     </span>
    </p>
   </div>
   <div class='ocr_carea' id='block_1_28' title="bbox 1916 1272 3509 1346">
    <p class='ocr_par' dir='ltr' id='par_1_28' title="bbox 1916 1272 3509 1346">
     <span class='ocr_line' id='line_1_28' title="bbox 1916 1272 3509 1346; baseline -0.004 -15"><span class='ocrx_word' id='word_1_178' title='bbox 1916 1277 1987 1331; x_wconf 71' lang='grc' dir='ltr'><strong>ἐν</strong></span> <span class='ocrx_word' id='word_1_179' title='bbox 2014 1275 2088 1346; x_wconf 80' lang='grc' dir='ltr'><strong>τῇ</strong></span> <span class='ocrx_word' id='word_1_180' title='bbox 2113 1274 2191 1345; x_wconf 79' lang='grc' dir='ltr'><strong>τῇ</strong></span> <span class='ocrx_word' id='word_1_181' title='bbox 2214 1275 2413 1345; x_wconf 54' lang='grc' dir='ltr'><strong>ἡμῶν</strong></span> <span class='ocrx_word' id='word_1_182' title='bbox 2446 1279 2478 1328; x_wconf 83' lang='grc' dir='ltr'><strong><em>ό</em></strong></span> <span class='ocrx_word' id='word_1_183' title='bbox 2510 1274 2717 1342; x_wconf 77' lang='grc' dir='ltr'><strong>καιρὸς</strong></span> <span class='ocrx_word' id='word_1_184' title='bbox 2732 1272 2840 1341; x_wconf 81' lang='grc' dir='ltr'><strong>τῆς</strong></span> <span class='ocrx_word' id='word_1_185' title='bbox 2857 1272 3045 1341; x_wconf 80' lang='grc' dir='ltr'><em>τομῆς</em></span> <span class='ocrx_word' id='word_1_186' title='bbox 3066 1272 3313 1342; x_wconf 64' lang='grc' dir='ltr'><strong>ἔφθασε·</strong></span> <span class='ocrx_word' id='word_1_187' title='bbox 3333 1272 3509 1342; x_wconf 72' lang='grc' dir='ltr'><strong>φωνὴ</strong></span> 
     </span>
    </p>
   </div>
   <div class='ocr_carea' id='block_1_29' title="bbox 1918 1362 3511 1439">
    <p class='ocr_par' dir='ltr' id='par_1_29' title="bbox 1918 1362 3511 1439">
     <span class='ocr_line' id='line_1_29' title="bbox 1918 1362 3511 1439; baseline -0.003 -16"><span class='ocrx_word' id='word_1_188' title='bbox 1918 1368 2028 1436; x_wconf 83' lang='grc' dir='ltr'><strong>τῆς</strong></span> <span class='ocrx_word' id='word_1_189' title='bbox 2074 1371 2364 1439; x_wconf 77' lang='grc' dir='ltr'><strong>τρυγόνος</strong></span> <span class='ocrx_word' id='word_1_190' title='bbox 2397 1369 2667 1435; x_wconf 77' lang='grc' dir='ltr'><strong>ἠκούσθη</strong></span> <span class='ocrx_word' id='word_1_191' title='bbox 2709 1366 2778 1419; x_wconf 84' lang='grc' dir='ltr'><strong>ἐν</strong></span> <span class='ocrx_word' id='word_1_192' title='bbox 2811 1364 2885 1433; x_wconf 77' lang='grc' dir='ltr'><strong>τῇ</strong></span> <span class='ocrx_word' id='word_1_193' title='bbox 2918 1364 2993 1434; x_wconf 72' lang='grc' dir='ltr'><strong>γῇ</strong></span> <span class='ocrx_word' id='word_1_194' title='bbox 3028 1363 3226 1433; x_wconf 74' lang='grc' dir='ltr'><strong>ἡμῶν·</strong></span> <span class='ocrx_word' id='word_1_195' title='bbox 3262 1367 3301 1433; x_wconf 83' lang='grc' dir='ltr'><strong><em>ἡ</em></strong></span> <span class='ocrx_word' id='word_1_196' title='bbox 3340 1362 3511 1434; x_wconf 83' lang='grc' dir='ltr'><strong>συκῆ</strong></span> 
     </span>
    </p>
   </div>
   <div class='ocr_carea' id='block_1_30' title="bbox 1916 1455 3513 1529">
    <p class='ocr_par' dir='ltr' id='par_1_30' title="bbox 1916 1455 3513 1529">
     <span class='ocr_line' id='line_1_30' title="bbox 1916 1455 3513 1529; baseline -0.003 -13"><span class='ocrx_word' id='word_1_197' title='bbox 1916 1460 2205 1529; x_wconf 76' lang='grc' dir='ltr'><strong>ἐξήνεγκε</strong></span> <span class='ocrx_word' id='word_1_198' title='bbox 2228 1460 2371 1526; x_wconf 84' lang='grc' dir='ltr'><strong>τοὺς</strong></span> <span class='ocrx_word' id='word_1_199' title='bbox 2400 1460 2698 1522; x_wconf 79' lang='grc' dir='ltr'><strong>ὀλύνθους</strong></span> <span class='ocrx_word' id='word_1_200' title='bbox 2725 1456 2936 1525; x_wconf 82' lang='grc' dir='ltr'><strong>αὐτῆς,</strong></span> <span class='ocrx_word' id='word_1_201' title='bbox 2973 1460 3032 1509; x_wconf 83' lang='lat' dir='ltr'><strong>al</strong></span> <span class='ocrx_word' id='word_1_202' title='bbox 3053 1457 3307 1526; x_wconf 80' lang='grc' dir='ltr'><strong>ἄμπελοι</strong></span> <span class='ocrx_word' id='word_1_203' title='bbox 3335 1455 3513 1525; x_wconf 80' lang='grc' dir='ltr'><strong>ήμῶν</strong></span> 
     </span>
    </p>
   </div>
   <div class='ocr_carea' id='block_1_31' title="bbox 1918 1547 3513 1621">
    <p class='ocr_par' dir='ltr' id='par_1_31' title="bbox 1918 1547 3513 1621">
     <span class='ocr_line' id='line_1_31' title="bbox 1918 1547 3513 1621; baseline -0.002 -14"><span class='ocrx_word' id='word_1_204' title='bbox 1918 1550 2333 1621; x_wconf 76' lang='grc' dir='ltr'><strong>κυπρίζουσιν,</strong></span> <span class='ocrx_word' id='word_1_205' title='bbox 2376 1550 2608 1605; x_wconf 78' lang='grc' dir='ltr'><strong>ἔδωκαν</strong></span> <span class='ocrx_word' id='word_1_206' title='bbox 2644 1548 2876 1619; x_wconf 56' lang='grc' dir='ltr'><strong>ὀσμήν</strong></span> <span class='ocrx_word' id='word_1_207' title='bbox 2920 1550 3004 1602; x_wconf 81' lang='grc' dir='ltr'><strong>ἵνα</strong></span> <span class='ocrx_word' id='word_1_208' title='bbox 3035 1547 3183 1620; x_wconf 81' lang='grc' dir='ltr'><strong>δείξῃ</strong></span> <span class='ocrx_word' id='word_1_209' title='bbox 3223 1550 3407 1604; x_wconf 80' lang='grc' dir='ltr'><strong>πάντα</strong></span> <span class='ocrx_word' id='word_1_210' title='bbox 3442 1549 3513 1604; x_wconf 70' lang='grc' dir='ltr'><strong>τά</strong></span> 
     </span>
    </p>
   </div>
   <div class='ocr_carea' id='block_1_32' title="bbox 1919 1639 3508 1717">
    <p class='ocr_par' dir='ltr' id='par_1_32' title="bbox 1919 1639 3508 1717">
     <span class='ocr_line' id='line_1_32' title="bbox 1919 1639 3508 1717; baseline -0.004 -17"><span class='ocrx_word' id='word_1_211' title='bbox 1919 1646 2297 1717; x_wconf 81' lang='grc' dir='ltr'><strong>παρῳχημένα</strong></span> <span class='ocrx_word' id='word_1_212' title='bbox 2335 1642 2672 1715; x_wconf 79' lang='grc' dir='ltr'><strong>παρελθόντα</strong></span> <span class='ocrx_word' id='word_1_213' title='bbox 2698 1659 2712 1672; x_wconf 88' lang='grc'><strong>·</strong></span> <span class='ocrx_word' id='word_1_214' title='bbox 2745 1640 2905 1711; x_wconf 79' lang='grc' dir='ltr'><strong>ἔαρος</strong></span> <span class='ocrx_word' id='word_1_215' title='bbox 2934 1640 2990 1693; x_wconf 86' lang='grc' dir='ltr'><strong>δὲ</strong></span> <span class='ocrx_word' id='word_1_216' title='bbox 3033 1641 3159 1709; x_wconf 78' lang='grc' dir='ltr'><strong>ἄρτι</strong></span> <span class='ocrx_word' id='word_1_217' title='bbox 3189 1639 3508 1703; x_wconf 75' lang='grc' dir='ltr'><strong>ἀνθοῦντος,</strong></span> 
     </span>
    </p>
   </div>
   <div class='ocr_carea' id='block_1_33' title="bbox 1919 1730 3512 1807">
    <p class='ocr_par' dir='ltr' id='par_1_33' title="bbox 1919 1730 3512 1807">
     <span class='ocr_line' id='line_1_33' title="bbox 1919 1730 3512 1807; baseline -0.004 -15"><span class='ocrx_word' id='word_1_218' title='bbox 1919 1740 2013 1792; x_wconf 77' lang='grc' dir='ltr'><strong>καὶ</strong></span> <span class='ocrx_word' id='word_1_219' title='bbox 2046 1737 2321 1807; x_wconf 82' lang='grc' dir='ltr'><strong>θαλάσσης</strong></span> <span class='ocrx_word' id='word_1_220' title='bbox 2359 1733 2701 1807; x_wconf 87' lang='grc' dir='ltr'><strong>γαληνιώσης</strong></span> <span class='ocrx_word' id='word_1_221' title='bbox 2744 1749 2825 1798; x_wconf 89' lang='grc' dir='ltr'><strong>τε,</strong></span> <span class='ocrx_word' id='word_1_222' title='bbox 2868 1732 2961 1785; x_wconf 72' lang='grc' dir='ltr'><strong>καὶ</strong></span> <span class='ocrx_word' id='word_1_223' title='bbox 2999 1731 3166 1799; x_wconf 78' lang='grc' dir='ltr'><strong>φόϐου</strong></span> <span class='ocrx_word' id='word_1_224' title='bbox 3211 1730 3306 1784; x_wconf 77' lang='grc' dir='ltr'><strong>τοῦ</strong></span> <span class='ocrx_word' id='word_1_225' title='bbox 3344 1730 3512 1785; x_wconf 82' lang='grc' dir='ltr'><strong>ὑετοῦ</strong></span> 
     </span>
    </p>
   </div>
   <div class='ocr_carea' id='block_1_34' title="bbox 235 1822 1818 1902">
    <p class='ocr_par' dir='ltr' id='par_1_34' title="bbox 235 1831 1816 1902">
     <span class='ocr_line' id='line_1_34' title="bbox 235 1831 1816 1902; baseline 0 -15"><span class='ocrx_word' id='word_1_226' title='bbox 235 1841 512 1887; x_wconf 83' lang='lat' dir='ltr'><strong>sarmenta</strong></span> <span class='ocrx_word' id='word_1_227' title='bbox 543 1833 669 1886; x_wconf 86' lang='lat' dir='ltr'><strong>vitis</strong></span> <span class='ocrx_word' id='word_1_228' title='bbox 717 1838 1017 1899; x_wconf 87' lang='lat' dir='ltr'><strong>amputata,</strong></span> <span class='ocrx_word' id='word_1_229' title='bbox 1062 1831 1261 1887; x_wconf 86' lang='lat' dir='ltr'><strong>herbas</strong></span> <span class='ocrx_word' id='word_1_230' title='bbox 1304 1847 1469 1902; x_wconf 91' lang='lat' dir='ltr'><strong>porro</strong></span> <span class='ocrx_word' id='word_1_231' title='bbox 1508 1847 1620 1886; x_wconf 89' lang='lat' dir='ltr'><strong>non</strong></span> <span class='ocrx_word' id='word_1_232' title='bbox 1652 1833 1816 1887; x_wconf 89' lang='lat' dir='ltr'><strong>modo</strong></span> 
     </span>
    </p>
   </div>
   <div class='ocr_carea' id='block_1_35' title="bbox 1987 1822 3513 1902">
    <p class='ocr_par' dir='ltr' id='par_1_35' title="bbox 1987 1822 3513 1897">
     <span class='ocr_line' id='line_1_35' title="bbox 1987 1822 3513 1897; baseline -0.003 -17"><span class='ocrx_word' id='word_1_233' title='bbox 1987 1829 2233 1897; x_wconf 74' lang='grc' dir='ltr'><strong>;λθόντος,</strong></span> <span class='ocrx_word' id='word_1_234' title='bbox 2269 1829 2363 1880; x_wconf 80' lang='grc' dir='ltr'><strong>καὶ</strong></span> <span class='ocrx_word' id='word_1_235' title='bbox 2402 1826 2510 1880; x_wconf 83' lang='grc' dir='ltr'><strong>τῶν</strong></span> <span class='ocrx_word' id='word_1_236' title='bbox 2542 1823 2789 1879; x_wconf 85' lang='grc' dir='ltr'><strong>παλαιῶν</strong></span> <span class='ocrx_word' id='word_1_237' title='bbox 2827 1824 2923 1894; x_wconf 77' lang='grc' dir='ltr'><strong>τῆς</strong></span> <span class='ocrx_word' id='word_1_238' title='bbox 2947 1822 3193 1893; x_wconf 82' lang='grc' dir='ltr'><strong>ἀμπέλου</strong></span> <span class='ocrx_word' id='word_1_239' title='bbox 3223 1824 3513 1894; x_wconf 82' lang='grc' dir='ltr'><strong>τετμημέ-</strong></span> 
     </span>
    </p>
   </div>
   <div class='ocr_carea' id='block_1_36' title="bbox 235 1921 1820 1994">
    <p class='ocr_par' dir='ltr' id='par_1_36' title="bbox 235 1921 1820 1994">
     <span class='ocr_line' id='line_1_36' title="bbox 235 1921 1820 1994; baseline 0 -17"><span class='ocrx_word' id='word_1_240' title='bbox 235 1924 531 1988; x_wconf 84' lang='lat' dir='ltr'><strong>virescere,</strong></span> <span class='ocrx_word' id='word_1_241' title='bbox 566 1923 662 1978; x_wconf 90' lang='lat' dir='ltr'><strong>sed</strong></span> <span class='ocrx_word' id='word_1_242' title='bbox 708 1932 763 1977; x_wconf 90' lang='lat' dir='ltr'><strong>et</strong></span> <span class='ocrx_word' id='word_1_243' title='bbox 809 1922 973 1977; x_wconf 84' lang='lat' dir='ltr'><strong>ﬂores</strong></span> <span class='ocrx_word' id='word_1_244' title='bbox 1016 1921 1274 1979; x_wconf 85' lang='lat' dir='ltr'><strong>edidisse.</strong></span> <span class='ocrx_word' id='word_1_245' title='bbox 1308 1923 1446 1977; x_wconf 90' lang='lat' dir='ltr'><strong>Cum</strong></span> <span class='ocrx_word' id='word_1_246' title='bbox 1478 1932 1529 1978; x_wconf 92' lang='lat' dir='ltr'><strong>et</strong></span> <span class='ocrx_word' id='word_1_247' title='bbox 1558 1924 1820 1994; x_wconf 55' lang='lat' dir='ltr'><strong>praedica-</strong></span> 
     </span>
    </p>
   </div>
   <div class='ocr_carea' id='block_1_37' title="bbox 239 2013 1816 2078">
    <p class='ocr_par' dir='ltr' id='par_1_37' title="bbox 239 2013 1816 2078">
     <span class='ocr_line' id='line_1_37' title="bbox 239 2013 1816 2078; baseline -0.001 -10"><span class='ocrx_word' id='word_1_248' title='bbox 239 2015 408 2070; x_wconf 90' lang='lat' dir='ltr'><strong>tionis</strong></span> <span class='ocrx_word' id='word_1_249' title='bbox 458 2030 561 2070; x_wconf 81' lang='lat' dir='ltr'><strong>vox</strong></span> <span class='ocrx_word' id='word_1_250' title='bbox 612 2015 667 2068; x_wconf 92' lang='lat' dir='ltr'><strong>in</strong></span> <span class='ocrx_word' id='word_1_251' title='bbox 717 2014 955 2077; x_wconf 88' lang='lat' dir='ltr'><strong>deserto,</strong></span> <span class='ocrx_word' id='word_1_252' title='bbox 1016 2013 1121 2068; x_wconf 88' lang='lat' dir='ltr'><strong>hoc</strong></span> <span class='ocrx_word' id='word_1_253' title='bbox 1174 2022 1260 2069; x_wconf 87' lang='lat' dir='ltr'><strong>est</strong></span> <span class='ocrx_word' id='word_1_254' title='bbox 1310 2015 1365 2069; x_wconf 88' lang='lat' dir='ltr'><strong>in</strong></span> <span class='ocrx_word' id='word_1_255' title='bbox 1421 2024 1563 2068; x_wconf 88' lang='lat' dir='ltr'><strong>terra</strong></span> <span class='ocrx_word' id='word_1_256' title='bbox 1610 2025 1816 2078; x_wconf 82' lang='lat' dir='ltr'><strong>nostra,</strong></span> 
     </span>
    </p>
   </div>
   <div class='ocr_carea' id='block_1_38' title="bbox 235 2106 1819 2176">
    <p class='ocr_par' dir='ltr' id='par_1_38' title="bbox 235 2106 1819 2176">
     <span class='ocr_line' id='line_1_38' title="bbox 235 2106 1819 2176; baseline 0.003 -18"><span class='ocrx_word' id='word_1_257' title='bbox 235 2106 501 2161; x_wconf 81' lang='lat' dir='ltr'><strong>clamaret</strong></span> <span class='ocrx_word' id='word_1_258' title='bbox 529 2124 542 2171; x_wconf 87' lang='lat'><strong>;</strong></span> <span class='ocrx_word' id='word_1_259' title='bbox 579 2122 642 2160; x_wconf 92' lang='lat' dir='ltr'><strong>ac</strong></span> <span class='ocrx_word' id='word_1_260' title='bbox 676 2107 812 2160; x_wconf 86' lang='lat' dir='ltr'><strong>ﬁcus</strong></span> <span class='ocrx_word' id='word_1_261' title='bbox 846 2106 936 2159; x_wconf 91' lang='lat' dir='ltr'><strong>illa</strong></span> <span class='ocrx_word' id='word_1_262' title='bbox 964 2106 1238 2176; x_wconf 86' lang='lat' dir='ltr'><strong>quondam</strong></span> <span class='ocrx_word' id='word_1_263' title='bbox 1269 2116 1557 2163; x_wconf 79' lang='lat' dir='ltr'><strong>exsecrata</strong></span> <span class='ocrx_word' id='word_1_264' title='bbox 1592 2122 1819 2176; x_wconf 89' lang='lat' dir='ltr'><strong>grossos</strong></span> 
     </span>
    </p>
   </div>
   <div class='ocr_carea' id='block_1_39' title="bbox 237 2197 1817 2270">
    <p class='ocr_par' dir='ltr' id='par_1_39' title="bbox 237 2197 1817 2270">
     <span class='ocr_line' id='line_1_39' title="bbox 237 2197 1817 2270; baseline 0 -17"><span class='ocrx_word' id='word_1_265' title='bbox 237 2213 370 2255; x_wconf 85' lang='lat' dir='ltr'><strong>suos</strong></span> <span class='ocrx_word' id='word_1_266' title='bbox 405 2197 754 2268; x_wconf 85' lang='lat' dir='ltr'><strong>produceret,</strong></span> <span class='ocrx_word' id='word_1_267' title='bbox 791 2199 1050 2252; x_wconf 85' lang='lat' dir='ltr'><strong>nimirum</strong></span> <span class='ocrx_word' id='word_1_268' title='bbox 1087 2199 1422 2268; x_wconf 73' lang='lat' dir='ltr'><strong>pmnitentiae</strong></span> <span class='ocrx_word' id='word_1_269' title='bbox 1457 2199 1689 2264; x_wconf 84' lang='lat' dir='ltr'><strong>fructus,</strong></span> <span class='ocrx_word' id='word_1_270' title='bbox 1724 2199 1817 2270; x_wconf 91' lang='lat' dir='ltr'><strong>qui</strong></span> 
     </span>
    </p>
   </div>
   <div class='ocr_carea' id='block_1_40' title="bbox 236 2290 1820 2361">
    <p class='ocr_par' dir='ltr' id='par_1_40' title="bbox 236 2290 1820 2361">
     <span class='ocr_line' id='line_1_40' title="bbox 236 2290 1820 2361; baseline 0.001 -18"><span class='ocrx_word' id='word_1_271' title='bbox 236 2291 291 2343; x_wconf 91' lang='lat' dir='ltr'><strong>in</strong></span> <span class='ocrx_word' id='word_1_272' title='bbox 327 2290 494 2344; x_wconf 89' lang='lat' dir='ltr'><strong>ramis</strong></span> <span class='ocrx_word' id='word_1_273' title='bbox 525 2298 653 2345; x_wconf 91' lang='lat' dir='ltr'><strong>sunt</strong></span> <span class='ocrx_word' id='word_1_274' title='bbox 684 2290 1084 2359; x_wconf 83' lang='lat' dir='ltr'><strong>arboribusque</strong></span> <span class='ocrx_word' id='word_1_275' title='bbox 1130 2291 1453 2361; x_wconf 87' lang='lat' dir='ltr'><strong>conspicui;</strong></span> <span class='ocrx_word' id='word_1_276' title='bbox 1495 2291 1634 2348; x_wconf 81' lang='lat' dir='ltr'><strong>vites</strong></span> <span class='ocrx_word' id='word_1_277' title='bbox 1663 2291 1820 2347; x_wconf 83' lang='lat' dir='ltr'><strong>deni-</strong></span> 
     </span>
    </p>
   </div>
   <div class='ocr_carea' id='block_1_41' title="bbox 236 2382 1821 2457">
    <p class='ocr_par' dir='ltr' id='par_1_41' title="bbox 236 2382 1821 2457">
     <span class='ocr_line' id='line_1_41' title="bbox 236 2382 1821 2457; baseline 0.003 -22"><span class='ocrx_word' id='word_1_278' title='bbox 236 2396 342 2450; x_wconf 89' lang='lat' dir='ltr'><strong>que</strong></span> <span class='ocrx_word' id='word_1_279' title='bbox 392 2383 664 2451; x_wconf 89' lang='lat' dir='ltr'><strong>parturire</strong></span> <span class='ocrx_word' id='word_1_280' title='bbox 702 2383 883 2449; x_wconf 85' lang='lat' dir='ltr'><strong>ﬂores,</strong></span> <span class='ocrx_word' id='word_1_281' title='bbox 936 2382 987 2436; x_wconf 93' lang='lat' dir='ltr'><strong>id</strong></span> <span class='ocrx_word' id='word_1_282' title='bbox 1018 2389 1101 2437; x_wconf 87' lang='lat' dir='ltr'><strong>est</strong></span> <span class='ocrx_word' id='word_1_283' title='bbox 1136 2382 1464 2453; x_wconf 84' lang='lat' dir='ltr'><strong>fragrantem</strong></span> <span class='ocrx_word' id='word_1_284' title='bbox 1495 2386 1821 2457; x_wconf 71' lang='lat' dir='ltr'><strong>evangelicae</strong></span> 
     </span>
    </p>
   </div>
   <div class='ocr_carea' id='block_1_42' title="bbox 245 2472 1817 2545">
    <p class='ocr_par' dir='ltr' id='par_1_42' title="bbox 245 2472 1817 2545">
     <span class='ocr_line' id='line_1_42' title="bbox 245 2472 1817 2545; baseline 0.005 -20"><span class='ocrx_word' id='word_1_285' title='bbox 245 2472 369 2527; x_wconf 87' lang='lat' dir='ltr'><strong>lldei</strong></span> <span class='ocrx_word' id='word_1_286' title='bbox 430 2472 877 2543; x_wconf 67' lang='lat' dir='ltr'><strong>praedicationem</strong></span> <span class='ocrx_word' id='word_1_287' title='bbox 921 2474 1238 2544; x_wconf 58' lang='lat' dir='ltr'><strong>coepissent.</strong></span> <span class='ocrx_word' id='word_1_288' title='bbox 1289 2474 1584 2545; x_wconf 83' lang='lat' dir='ltr'><strong>Postquam</strong></span> <span class='ocrx_word' id='word_1_289' title='bbox 1637 2487 1817 2533; x_wconf 89' lang='lat' dir='ltr'><strong>autem</strong></span> 
     </span>
    </p>
   </div>
   <div class='ocr_carea' id='block_1_43' title="bbox 238 2564 1816 2639">
    <p class='ocr_par' dir='ltr' id='par_1_43' title="bbox 238 2564 1816 2639">
     <span class='ocr_line' id='line_1_43' title="bbox 238 2564 1816 2639; baseline 0.004 -20"><span class='ocrx_word' id='word_1_290' title='bbox 238 2564 421 2619; x_wconf 89' lang='lat' dir='ltr'><strong>subito</strong></span> <span class='ocrx_word' id='word_1_291' title='bbox 466 2579 586 2619; x_wconf 91' lang='lat' dir='ltr'><strong>eam</strong></span> <span class='ocrx_word' id='word_1_292' title='bbox 637 2566 1011 2635; x_wconf 78' lang='lat' dir='ltr'><strong>compellavit,</strong></span> <span class='ocrx_word' id='word_1_293' title='bbox 1076 2581 1149 2639; x_wconf 23' lang='lat' dir='ltr'><strong>ac,</strong></span> <span class='ocrx_word' id='word_1_294' title='bbox 1194 2566 1374 2621; x_wconf 81' lang='lat' dir='ltr'><strong>dixit:</strong></span> <span class='ocrx_word' id='word_1_295' title='bbox 1410 2566 1611 2638; x_wconf 87' lang='lat' dir='ltr'><strong>Surge,</strong></span> <span class='ocrx_word' id='word_1_296' title='bbox 1682 2572 1816 2626; x_wconf 78' lang='lat' dir='ltr'><strong>veni.</strong></span> 
     </span>
    </p>
   </div>
   <div class='ocr_carea' id='block_1_44' title="bbox 242 2652 1816 2731">
    <p class='ocr_par' dir='ltr' id='par_1_44' title="bbox 242 2652 1816 2731">
     <span class='ocr_line' id='line_1_44' title="bbox 242 2652 1816 2731; baseline 0.005 -23"><span class='ocrx_word' id='word_1_297' title='bbox 242 2652 420 2725; x_wconf 80' lang='lat' dir='ltr'><strong>Surge</strong></span> <span class='ocrx_word' id='word_1_298' title='bbox 472 2671 501 2709; x_wconf 91' lang='lat' dir='ltr'><strong>a</strong></span> <span class='ocrx_word' id='word_1_299' title='bbox 551 2663 728 2709; x_wconf 84' lang='lat' dir='ltr'><strong>morte</strong></span> <span class='ocrx_word' id='word_1_300' title='bbox 762 2664 1134 2725; x_wconf 80' lang='lat' dir='ltr'><strong>peccatorum,</strong></span> <span class='ocrx_word' id='word_1_301' title='bbox 1186 2665 1241 2713; x_wconf 89' lang='lat' dir='ltr'><strong>et</strong></span> <span class='ocrx_word' id='word_1_302' title='bbox 1294 2660 1416 2713; x_wconf 89' lang='lat' dir='ltr'><strong>veni</strong></span> <span class='ocrx_word' id='word_1_303' title='bbox 1467 2660 1520 2714; x_wconf 92' lang='lat' dir='ltr'><strong>in</strong></span> <span class='ocrx_word' id='word_1_304' title='bbox 1567 2660 1816 2731; x_wconf 77' lang='lat' dir='ltr'><strong>iustitia;</strong></span> 
     </span>
    </p>
   </div>
   <div class='ocr_carea' id='block_1_45' title="bbox 238 2745 1820 2824">
    <p class='ocr_par' dir='ltr' id='par_1_45' title="bbox 238 2745 1820 2824">
     <span class='ocr_line' id='line_1_45' title="bbox 238 2745 1820 2824; baseline 0.005 -25"><span class='ocrx_word' id='word_1_305' title='bbox 238 2761 403 2815; x_wconf 87' lang='lat' dir='ltr'><strong>surge</strong></span> <span class='ocrx_word' id='word_1_306' title='bbox 459 2762 488 2799; x_wconf 92' lang='lat' dir='ltr'><strong>a</strong></span> <span class='ocrx_word' id='word_1_307' title='bbox 535 2745 770 2813; x_wconf 88' lang='lat' dir='ltr'><strong>delicto,</strong></span> <span class='ocrx_word' id='word_1_308' title='bbox 827 2755 882 2802; x_wconf 90' lang='lat' dir='ltr'><strong>et</strong></span> <span class='ocrx_word' id='word_1_309' title='bbox 934 2748 1055 2802; x_wconf 91' lang='lat' dir='ltr'><strong>veni</strong></span> <span class='ocrx_word' id='word_1_310' title='bbox 1111 2764 1234 2804; x_wconf 88' lang='lat' dir='ltr'><strong>cum</strong></span> <span class='ocrx_word' id='word_1_311' title='bbox 1287 2749 1521 2818; x_wconf 84' lang='lat' dir='ltr'><strong>ﬁducia;</strong></span> <span class='ocrx_word' id='word_1_312' title='bbox 1572 2768 1735 2824; x_wconf 87' lang='lat' dir='ltr'><strong>surge</strong></span> <span class='ocrx_word' id='word_1_313' title='bbox 1789 2768 1820 2807; x_wconf 90' lang='lat' dir='ltr'><strong>a</strong></span> 
     </span>
    </p>
   </div>
   <div class='ocr_carea' id='block_1_46' title="bbox 236 2836 1816 2913">
    <p class='ocr_par' dir='ltr' id='par_1_46' title="bbox 236 2836 1816 2913">
     <span class='ocr_line' id='line_1_46' title="bbox 236 2836 1816 2913; baseline 0.003 -21"><span class='ocrx_word' id='word_1_314' title='bbox 236 2836 498 2907; x_wconf 86' lang='lat' dir='ltr'><strong>peccatis,</strong></span> <span class='ocrx_word' id='word_1_315' title='bbox 534 2844 588 2891; x_wconf 91' lang='lat' dir='ltr'><strong>et</strong></span> <span class='ocrx_word' id='word_1_316' title='bbox 608 2836 731 2892; x_wconf 91' lang='lat' dir='ltr'><strong>veni</strong></span> <span class='ocrx_word' id='word_1_317' title='bbox 767 2836 832 2891; x_wconf 92' lang='lat' dir='ltr'><strong>ad</strong></span> <span class='ocrx_word' id='word_1_318' title='bbox 869 2839 1276 2908; x_wconf 75' lang='lat' dir='ltr'><strong>pmnitentiam;</strong></span> <span class='ocrx_word' id='word_1_319' title='bbox 1320 2857 1484 2913; x_wconf 79' lang='lat' dir='ltr'><strong>surge</strong></span> <span class='ocrx_word' id='word_1_320' title='bbox 1522 2844 1591 2898; x_wconf 91' lang='lat' dir='ltr'><strong>ab</strong></span> <span class='ocrx_word' id='word_1_321' title='bbox 1623 2844 1816 2899; x_wconf 81' lang='lat' dir='ltr'><strong>aﬂ&#39;ecta</strong></span> 
     </span>
    </p>
   </div>
   <div class='ocr_carea' id='block_1_47' title="bbox 236 2926 1823 3001">
    <p class='ocr_par' dir='ltr' id='par_1_47' title="bbox 236 2926 1823 3001">
     <span class='ocr_line' id='line_1_47' title="bbox 236 2926 1823 3001; baseline 0.006 -22"><span class='ocrx_word' id='word_1_322' title='bbox 236 2926 573 2991; x_wconf 87' lang='lat' dir='ltr'><strong>valetudine,</strong></span> <span class='ocrx_word' id='word_1_323' title='bbox 610 2934 665 2980; x_wconf 92' lang='lat' dir='ltr'><strong>et</strong></span> <span class='ocrx_word' id='word_1_324' title='bbox 705 2929 825 2987; x_wconf 82' lang='lat' dir='ltr'><strong>veni</strong></span> <span class='ocrx_word' id='word_1_325' title='bbox 862 2928 917 2981; x_wconf 88' lang='lat' dir='ltr'><strong>in</strong></span> <span class='ocrx_word' id='word_1_326' title='bbox 961 2928 1230 2996; x_wconf 86' lang='lat' dir='ltr'><strong>sanitate;</strong></span> <span class='ocrx_word' id='word_1_327' title='bbox 1281 2946 1444 3001; x_wconf 84' lang='lat' dir='ltr'><strong>surge</strong></span> <span class='ocrx_word' id='word_1_328' title='bbox 1483 2935 1550 2987; x_wconf 70' lang='lat' dir='ltr'><strong>alt</strong></span> <span class='ocrx_word' id='word_1_329' title='bbox 1597 2933 1823 2988; x_wconf 80' lang='lat' dir='ltr'><strong>inﬁdeli-</strong></span> 
     </span>
    </p>
   </div>
   <div class='ocr_carea' id='block_1_48' title="bbox 239 3017 1820 3092">
    <p class='ocr_par' dir='ltr' id='par_1_48' title="bbox 239 3017 1820 3092">
     <span class='ocr_line' id='line_1_48' title="bbox 239 3017 1820 3092; baseline 0.006 -23"><span class='ocrx_word' id='word_1_330' title='bbox 239 3026 371 3081; x_wconf 83' lang='lat' dir='ltr'><strong>tate,</strong></span> <span class='ocrx_word' id='word_1_331' title='bbox 428 3027 483 3073; x_wconf 91' lang='lat' dir='ltr'><strong>et</strong></span> <span class='ocrx_word' id='word_1_332' title='bbox 516 3017 638 3074; x_wconf 91' lang='lat' dir='ltr'><strong>veni</strong></span> <span class='ocrx_word' id='word_1_333' title='bbox 688 3018 745 3073; x_wconf 89' lang='lat' dir='ltr'><strong>in</strong></span> <span class='ocrx_word' id='word_1_334' title='bbox 799 3017 933 3085; x_wconf 79' lang='lat' dir='ltr'><strong>ﬁde;</strong></span> <span class='ocrx_word' id='word_1_335' title='bbox 980 3035 1145 3090; x_wconf 85' lang='lat' dir='ltr'><strong>surge</strong></span> <span class='ocrx_word' id='word_1_336' title='bbox 1182 3035 1213 3075; x_wconf 90' lang='lat' dir='ltr'><strong>a</strong></span> <span class='ocrx_word' id='word_1_337' title='bbox 1246 3022 1574 3092; x_wconf 88' lang='lat' dir='ltr'><strong>perditione,</strong></span> <span class='ocrx_word' id='word_1_338' title='bbox 1611 3035 1666 3082; x_wconf 92' lang='lat' dir='ltr'><strong>et</strong></span> <span class='ocrx_word' id='word_1_339' title='bbox 1696 3024 1820 3080; x_wconf 86' lang='lat' dir='ltr'><strong>veni</strong></span> 
     </span>
    </p>
   </div>
   <div class='ocr_carea' id='block_1_49' title="bbox 240 3108 763 3179">
    <p class='ocr_par' dir='ltr' id='par_1_49' title="bbox 240 3108 763 3179">
     <span class='ocr_line' id='line_1_49' title="bbox 240 3108 763 3179; baseline 0.004 -18"><span class='ocrx_word' id='word_1_340' title='bbox 240 3109 295 3162; x_wconf 90' lang='lat' dir='ltr'><strong>in</strong></span> <span class='ocrx_word' id='word_1_341' title='bbox 324 3108 763 3179; x_wconf 86' lang='lat' dir='ltr'><strong>recuperatione.</strong></span> 
     </span>
    </p>
   </div>
   <div class='ocr_carea' id='block_1_50' title="bbox 311 3369 1815 3447">
    <p class='ocr_par' dir='ltr' id='par_1_50' title="bbox 311 3369 1815 3447">
     <span class='ocr_line' id='line_1_50' title="bbox 311 3369 1815 3447; baseline 0.009 -25"><span class='ocrx_word' id='word_1_342' title='bbox 311 3370 388 3423; x_wconf 80' lang='lat' dir='ltr'><strong>Ac</strong></span> <span class='ocrx_word' id='word_1_343' title='bbox 420 3383 544 3424; x_wconf 90' lang='lat' dir='ltr'><strong>cum</strong></span> <span class='ocrx_word' id='word_1_344' title='bbox 580 3369 864 3441; x_wconf 83' lang='lat' dir='ltr'><strong>Scriptura</strong></span> <span class='ocrx_word' id='word_1_345' title='bbox 910 3387 1068 3427; x_wconf 88' lang='lat' dir='ltr'><strong>sacra</strong></span> <span class='ocrx_word' id='word_1_346' title='bbox 1113 3388 1460 3445; x_wconf 87' lang='lat' dir='ltr'><strong>nequaquam</strong></span> <span class='ocrx_word' id='word_1_347' title='bbox 1511 3378 1815 3447; x_wconf 86' lang='lat' dir='ltr'><strong>ignoraret,</strong></span> 
     </span>
    </p>
   </div>
   <div class='ocr_carea' id='block_1_51' title="bbox 241 3462 1821 3535">
    <p class='ocr_par' dir='ltr' id='par_1_51' title="bbox 241 3462 1821 3535">
     <span class='ocr_line' id='line_1_51' title="bbox 241 3462 1821 3535; baseline 0.009 -22"><span class='ocrx_word' id='word_1_348' title='bbox 241 3469 367 3531; x_wconf 87' lang='lat' dir='ltr'><strong>post</strong></span> <span class='ocrx_word' id='word_1_349' title='bbox 422 3462 657 3531; x_wconf 87' lang='lat' dir='ltr'><strong>priorem</strong></span> <span class='ocrx_word' id='word_1_350' title='bbox 718 3463 1140 3533; x_wconf 83' lang='lat' dir='ltr'><strong>paenitentiam,</strong></span> <span class='ocrx_word' id='word_1_351' title='bbox 1205 3466 1269 3521; x_wconf 81' lang='lat' dir='ltr'><strong>ac</strong></span> <span class='ocrx_word' id='word_1_352' title='bbox 1325 3469 1703 3535; x_wconf 89' lang='lat' dir='ltr'><strong>vocationem,</strong></span> <span class='ocrx_word' id='word_1_353' title='bbox 1767 3480 1821 3528; x_wconf 90' lang='lat' dir='ltr'><strong>et</strong></span> 
     </span>
    </p>
   </div>
   <div class='ocr_carea' id='block_1_52' title="bbox 1920 1911 3516 1988">
    <p class='ocr_par' dir='ltr' id='par_1_52' title="bbox 1920 1911 3516 1988">
     <span class='ocr_line' id='line_1_52' title="bbox 1920 1911 3516 1988; baseline -0.004 -15"><span class='ocrx_word' id='word_1_354' title='bbox 1920 1936 2046 1981; x_wconf 90' lang='grc' dir='ltr'><strong>νων,</strong></span> <span class='ocrx_word' id='word_1_355' title='bbox 2068 1919 2163 1971; x_wconf 67' lang='grc' dir='ltr'><strong>καὶ</strong></span> <span class='ocrx_word' id='word_1_356' title='bbox 2188 1919 2289 1988; x_wconf 76' lang='grc' dir='ltr'><strong>τῆς</strong></span> <span class='ocrx_word' id='word_1_357' title='bbox 2321 1916 2458 1979; x_wconf 81' lang='grc' dir='ltr'><strong>πόας</strong></span> <span class='ocrx_word' id='word_1_358' title='bbox 2493 1915 2688 1986; x_wconf 83' lang='grc' dir='ltr'><strong>μηκέτι</strong></span> <span class='ocrx_word' id='word_1_359' title='bbox 2718 1911 3025 1982; x_wconf 81' lang='grc' dir='ltr'><strong>ποαζούσης</strong></span> <span class='ocrx_word' id='word_1_360' title='bbox 3048 1912 3225 1982; x_wconf 85' lang='grc' dir='ltr'><strong>μόνον.</strong></span> <span class='ocrx_word' id='word_1_361' title='bbox 3248 1912 3387 1967; x_wconf 81' lang='grc' dir='ltr'><strong>ἀλλὰ</strong></span> <span class='ocrx_word' id='word_1_362' title='bbox 3415 1914 3516 1967; x_wconf 77' lang='grc' dir='ltr'><strong>καὶ</strong></span> 
     </span>
    </p>
   </div>
   <div class='ocr_carea' id='block_1_53' title="bbox 1921 2003 3516 2081">
    <p class='ocr_par' dir='ltr' id='par_1_53' title="bbox 1921 2003 3516 2081">
     <span class='ocr_line' id='line_1_53' title="bbox 1921 2003 3516 2081; baseline -0.005 -16"><span class='ocrx_word' id='word_1_363' title='bbox 1921 2010 2056 2081; x_wconf 86' lang='grc' dir='ltr'><strong>ἀνθη</strong></span> <span class='ocrx_word' id='word_1_364' title='bbox 2090 2007 2448 2079; x_wconf 77' lang='grc' dir='ltr'><strong>ὲκϐαλούσης,</strong></span> <span class='ocrx_word' id='word_1_365' title='bbox 2485 2004 2698 2060; x_wconf 79' lang='grc' dir='ltr'><strong>καὶτοῦ</strong></span> <span class='ocrx_word' id='word_1_366' title='bbox 2730 2023 2800 2076; x_wconf 87' lang='grc' dir='ltr'><strong>κη</strong></span> <span class='ocrx_word' id='word_1_367' title='bbox 2812 2004 3084 2074; x_wconf 73' lang='grc' dir='ltr'><strong>ρύγματος</strong></span> <span class='ocrx_word' id='word_1_368' title='bbox 3114 2004 3212 2075; x_wconf 83' lang='grc' dir='ltr'><strong>τῆς</strong></span> <span class='ocrx_word' id='word_1_369' title='bbox 3238 2003 3428 2075; x_wconf 73' lang='grc' dir='ltr'><strong>φωνῆς</strong></span> <span class='ocrx_word' id='word_1_370' title='bbox 3456 2005 3516 2057; x_wconf 84' lang='grc' dir='ltr'><strong>ὲν</strong></span> 
     </span>
    </p>
   </div>
   <div class='ocr_carea' id='block_1_54' title="bbox 1921 2094 3520 2175">
    <p class='ocr_par' dir='ltr' id='par_1_54' title="bbox 1921 2094 3520 2175">
     <span class='ocr_line' id='line_1_54' title="bbox 1921 2094 3520 2175; baseline -0.004 -20"><span class='ocrx_word' id='word_1_371' title='bbox 1921 2106 1987 2175; x_wconf 81' lang='grc' dir='ltr'><strong>τῇ</strong></span> <span class='ocrx_word' id='word_1_372' title='bbox 2026 2103 2218 2173; x_wconf 79' lang='grc' dir='ltr'><strong>ἐρήμῳ</strong></span> <span class='ocrx_word' id='word_1_373' title='bbox 2257 2098 2489 2173; x_wconf 85' lang='grc' dir='ltr'><strong>βοώσης,</strong></span> <span class='ocrx_word' id='word_1_374' title='bbox 2540 2097 2819 2151; x_wconf 82' lang='grc' dir='ltr'><strong>τουτέστιν</strong></span> <span class='ocrx_word' id='word_1_375' title='bbox 2845 2097 2915 2150; x_wconf 80' lang='grc' dir='ltr'><strong>ἐν</strong></span> <span class='ocrx_word' id='word_1_376' title='bbox 2951 2096 3027 2164; x_wconf 76' lang='grc' dir='ltr'><strong>τῇ</strong></span> <span class='ocrx_word' id='word_1_377' title='bbox 3066 2096 3145 2166; x_wconf 76' lang='grc' dir='ltr'><strong>τῇ</strong></span> <span class='ocrx_word' id='word_1_378' title='bbox 3173 2094 3372 2166; x_wconf 71' lang='grc' dir='ltr'><strong>ἡμῶν·</strong></span> <span class='ocrx_word' id='word_1_379' title='bbox 3414 2095 3520 2150; x_wconf 74' lang='grc' dir='ltr'><strong>καὶ</strong></span> 
     </span>
    </p>
   </div>
   <div class='ocr_carea' id='block_1_55' title="bbox 1923 2188 3519 2264">
    <p class='ocr_par' dir='ltr' id='par_1_55' title="bbox 1923 2188 3519 2264">
     <span class='ocr_line' id='line_1_55' title="bbox 1923 2188 3519 2264; baseline -0.004 -16"><span class='ocrx_word' id='word_1_380' title='bbox 1923 2192 2094 2263; x_wconf 80' lang='grc' dir='ltr'><strong>συκῆς</strong></span> <span class='ocrx_word' id='word_1_381' title='bbox 2149 2194 2248 2264; x_wconf 83' lang='grc' dir='ltr'><strong>τῆς</strong></span> <span class='ocrx_word' id='word_1_382' title='bbox 2309 2208 2438 2246; x_wconf 85' lang='grc' dir='ltr'><strong>ποτε</strong></span> <span class='ocrx_word' id='word_1_383' title='bbox 2495 2190 2901 2261; x_wconf 84' lang='grc' dir='ltr'><strong>καταραθείσης</strong></span> <span class='ocrx_word' id='word_1_384' title='bbox 2956 2188 3325 2259; x_wconf 72' lang='grc' dir='ltr'><strong>ἐκϐαλλούσης</strong></span> <span class='ocrx_word' id='word_1_385' title='bbox 3378 2188 3519 2252; x_wconf 75' lang='grc' dir='ltr'><strong>τοὺς</strong></span> 
     </span>
    </p>
   </div>
   <div class='ocr_carea' id='block_1_56' title="bbox 1921 2280 3520 2354">
    <p class='ocr_par' dir='ltr' id='par_1_56' title="bbox 1921 2280 3520 2354">
     <span class='ocr_line' id='line_1_56' title="bbox 1921 2280 3520 2354; baseline -0.003 -17"><span class='ocrx_word' id='word_1_386' title='bbox 1921 2283 2196 2348; x_wconf 79' lang='grc' dir='ltr'><strong>ὀλύνθους,</strong></span> <span class='ocrx_word' id='word_1_387' title='bbox 2224 2285 2352 2346; x_wconf 83' lang='grc' dir='ltr'><strong>τοὺς</strong></span> <span class='ocrx_word' id='word_1_388' title='bbox 2381 2283 2629 2354; x_wconf 78' lang='grc' dir='ltr'><strong>καρποὺς</strong></span> <span class='ocrx_word' id='word_1_389' title='bbox 2661 2281 2761 2352; x_wconf 81' lang='grc' dir='ltr'><strong>τῆς</strong></span> <span class='ocrx_word' id='word_1_390' title='bbox 2806 2282 3114 2352; x_wconf 84' lang='grc' dir='ltr'><strong>μετανοίας.</strong></span> <span class='ocrx_word' id='word_1_391' title='bbox 3142 2280 3242 2352; x_wconf 69' lang='grc' dir='ltr'><strong>ήδη</strong></span> <span class='ocrx_word' id='word_1_392' title='bbox 3276 2280 3374 2332; x_wconf 76' lang='grc' dir='ltr'><strong>ἐπὶ</strong></span> <span class='ocrx_word' id='word_1_393' title='bbox 3398 2282 3520 2343; x_wconf 84' lang='grc' dir='ltr'><strong>τοῖς</strong></span> 
     </span>
    </p>
   </div>
   <div class='ocr_carea' id='block_1_57' title="bbox 1923 2364 3516 2442">
    <p class='ocr_par' dir='ltr' id='par_1_57' title="bbox 1923 2364 3516 2442">
     <span class='ocr_line' id='line_1_57' title="bbox 1923 2364 3516 2442; baseline -0.006 -15"><span class='ocrx_word' id='word_1_394' title='bbox 1923 2372 2152 2428; x_wconf 88' lang='grc' dir='ltr'><strong>κλώνεσι</strong></span> <span class='ocrx_word' id='word_1_395' title='bbox 2186 2373 2280 2427; x_wconf 76' lang='grc' dir='ltr'><strong>καὶ</strong></span> <span class='ocrx_word' id='word_1_396' title='bbox 2307 2372 2549 2442; x_wconf 86' lang='grc' dir='ltr'><strong>δένδρεσι</strong></span> <span class='ocrx_word' id='word_1_397' title='bbox 2579 2369 2961 2440; x_wconf 81' lang='grc' dir='ltr'><strong>φαινομένους·</strong></span> <span class='ocrx_word' id='word_1_398' title='bbox 3005 2367 3286 2438; x_wconf 80' lang='grc' dir='ltr'><strong>ἀμπέλους</strong></span> <span class='ocrx_word' id='word_1_399' title='bbox 3311 2365 3369 2418; x_wconf 84' lang='grc' dir='ltr'><strong>δὲ</strong></span> <span class='ocrx_word' id='word_1_400' title='bbox 3407 2364 3516 2436; x_wconf 73' lang='grc' dir='ltr'><strong>ἤδη</strong></span> 
     </span>
    </p>
   </div>
   <div class='ocr_carea' id='block_1_58' title="bbox 1923 2456 3521 2538">
    <p class='ocr_par' dir='ltr' id='par_1_58' title="bbox 1923 2456 3521 2538">
     <span class='ocr_line' id='line_1_58' title="bbox 1923 2456 3521 2538; baseline -0.008 -19"><span class='ocrx_word' id='word_1_401' title='bbox 1923 2465 2296 2538; x_wconf 79' lang='grc' dir='ltr'><strong>κυπριζούσας</strong></span> <span class='ocrx_word' id='word_1_402' title='bbox 2320 2463 2381 2516; x_wconf 81' lang='grc' dir='ltr'><strong>τὸ</strong></span> <span class='ocrx_word' id='word_1_403' title='bbox 2403 2461 2625 2531; x_wconf 78' lang='grc' dir='ltr'><strong>εὕοδμον</strong></span> <span class='ocrx_word' id='word_1_404' title='bbox 2646 2461 2744 2530; x_wconf 84' lang='grc' dir='ltr'><strong>τῆς</strong></span> <span class='ocrx_word' id='word_1_405' title='bbox 2789 2460 2885 2512; x_wconf 80' lang='grc' dir='ltr'><strong>τοῦ</strong></span> <span class='ocrx_word' id='word_1_406' title='bbox 2914 2458 3246 2527; x_wconf 83' lang='grc' dir='ltr'><strong>Εύαγγελίου</strong></span> <span class='ocrx_word' id='word_1_407' title='bbox 3270 2456 3521 2518; x_wconf 84' lang='grc' dir='ltr'><strong>πίστεως</strong></span> 
     </span>
    </p>
   </div>
   <div class='ocr_carea' id='block_1_59' title="bbox 1923 2547 3518 2628">
    <p class='ocr_par' dir='ltr' id='par_1_59' title="bbox 1923 2547 3518 2628">
     <span class='ocr_line' id='line_1_59' title="bbox 1923 2547 3518 2628; baseline -0.008 -17"><span class='ocrx_word' id='word_1_408' title='bbox 1923 2557 2202 2628; x_wconf 85' lang='grc' dir='ltr'><strong>κήρυγμα.</strong></span> <span class='ocrx_word' id='word_1_409' title='bbox 2250 2554 2465 2625; x_wconf 85' lang='grc' dir='ltr'><strong>Ἐπειδὴ</strong></span> <span class='ocrx_word' id='word_1_410' title='bbox 2500 2554 2556 2606; x_wconf 77' lang='grc' dir='ltr'><strong>δὲ</strong></span> <span class='ocrx_word' id='word_1_411' title='bbox 2587 2552 2789 2615; x_wconf 82' lang='grc' dir='ltr'><strong>εὐθέως</strong></span> <span class='ocrx_word' id='word_1_412' title='bbox 2820 2551 3059 2618; x_wconf 82' lang='grc' dir='ltr'><strong>κέκληκε</strong></span> <span class='ocrx_word' id='word_1_413' title='bbox 3087 2551 3185 2619; x_wconf 74' lang='grc' dir='ltr'><strong>τὴν</strong></span> <span class='ocrx_word' id='word_1_414' title='bbox 3224 2547 3518 2618; x_wconf 81' lang='grc' dir='ltr'><strong>τοιαύτην,</strong></span> 
     </span>
    </p>
   </div>
   <div class='ocr_carea' id='block_1_60' title="bbox 1923 2640 3525 2711">
    <p class='ocr_par' dir='ltr' id='par_1_60' title="bbox 1923 2640 3525 2711">
     <span class='ocr_line' id='line_1_60' title="bbox 1923 2640 3525 2711; baseline -0.016 2"><span class='ocrx_word' id='word_1_415' title='bbox 1923 2649 2019 2703; x_wconf 65' lang='grc' dir='ltr'><strong>καὶ</strong></span> <span class='ocrx_word' id='word_1_416' title='bbox 2047 2644 2199 2701; x_wconf 76' lang='grc' dir='ltr'><strong>εἶπεν</strong></span> <span class='ocrx_word' id='word_1_417' title='bbox 2219 2664 2233 2676; x_wconf 89' lang='grc'><strong>·</strong></span> <span class='ocrx_word' id='word_1_418' title='bbox 2282 2644 2563 2711; x_wconf 78' lang='grc' dir='ltr'><strong>Ἀνάστα,</strong></span> <span class='ocrx_word' id='word_1_419' title='bbox 2598 2643 2738 2698; x_wconf 86' lang='grc' dir='ltr'><strong>ἐλθέ</strong></span> <span class='ocrx_word' id='word_1_420' title='bbox 2761 2660 2774 2673; x_wconf 69' lang='grc' dir='ltr'><strong>ο</strong></span> <span class='ocrx_word' id='word_1_421' title='bbox 2809 2644 3019 2697; x_wconf 85' lang='grc' dir='ltr'><strong>ἀνάστα</strong></span> <span class='ocrx_word' id='word_1_422' title='bbox 3050 2641 3157 2695; x_wconf 82' lang='grc' dir='ltr'><strong>ἀπὸ</strong></span> <span class='ocrx_word' id='word_1_423' title='bbox 3182 2640 3525 2711; x_wconf 67' lang='grc' dir='ltr'><strong>νεκρύτητοξ</strong></span> 
     </span>
    </p>
   </div>
   <div class='ocr_carea' id='block_1_61' title="bbox 1924 2731 3526 2813">
    <p class='ocr_par' dir='ltr' id='par_1_61' title="bbox 1924 2731 3526 2813">
     <span class='ocr_line' id='line_1_61' title="bbox 1924 2731 3526 2813; baseline -0.007 -17"><span class='ocrx_word' id='word_1_424' title='bbox 1924 2739 2360 2813; x_wconf 84' lang='grc' dir='ltr'><strong>ἁμαρτημάτων,</strong></span> <span class='ocrx_word' id='word_1_425' title='bbox 2405 2739 2499 2791; x_wconf 74' lang='grc' dir='ltr'><strong>καὶ</strong></span> <span class='ocrx_word' id='word_1_426' title='bbox 2535 2737 2657 2790; x_wconf 78' lang='grc' dir='ltr'><strong>ἐλθὲ</strong></span> <span class='ocrx_word' id='word_1_427' title='bbox 2682 2737 2740 2790; x_wconf 79' lang='grc' dir='ltr'><strong>ἐν</strong></span> <span class='ocrx_word' id='word_1_428' title='bbox 2769 2734 3083 2806; x_wconf 81' lang='grc' dir='ltr'><strong>δικαιοσύνῃ</strong></span> <span class='ocrx_word' id='word_1_429' title='bbox 3106 2750 3119 2763; x_wconf 93' lang='grc'><strong>·</strong></span> <span class='ocrx_word' id='word_1_430' title='bbox 3155 2733 3364 2787; x_wconf 84' lang='grc' dir='ltr'><strong>ἀνάστα</strong></span> <span class='ocrx_word' id='word_1_431' title='bbox 3404 2731 3526 2784; x_wconf 70' lang='grc' dir='ltr'><strong>ἀπὸ</strong></span> 
     </span>
    </p>
   </div>
   <div class='ocr_carea' id='block_1_62' title="bbox 1924 2823 3528 2904">
    <p class='ocr_par' dir='ltr' id='par_1_62' title="bbox 1924 2823 3528 2904">
     <span class='ocr_line' id='line_1_62' title="bbox 1924 2823 3528 2904; baseline -0.008 -15"><span class='ocrx_word' id='word_1_432' title='bbox 1924 2830 2391 2904; x_wconf 78' lang='grc' dir='ltr'><strong>παραπτώματος,</strong></span> <span class='ocrx_word' id='word_1_433' title='bbox 2424 2831 2517 2883; x_wconf 77' lang='grc' dir='ltr'><strong>καὶ</strong></span> <span class='ocrx_word' id='word_1_434' title='bbox 2546 2829 2669 2882; x_wconf 76' lang='grc' dir='ltr'><strong>ἐλθὲ</strong></span> <span class='ocrx_word' id='word_1_435' title='bbox 2706 2831 2767 2881; x_wconf 82' lang='grc' dir='ltr'><strong>ὲν</strong></span> <span class='ocrx_word' id='word_1_436' title='bbox 2807 2829 3120 2899; x_wconf 70' lang='grc' dir='ltr'><strong>παρρησία·</strong></span> <span class='ocrx_word' id='word_1_437' title='bbox 3162 2826 3377 2880; x_wconf 83' lang='grc' dir='ltr'><strong>ἀνάστα</strong></span> <span class='ocrx_word' id='word_1_438' title='bbox 3404 2823 3528 2877; x_wconf 73' lang='grc' dir='ltr'><strong>ἀπὸ</strong></span> 
     </span>
    </p>
   </div>
   <div class='ocr_carea' id='block_1_63' title="bbox 1922 2915 3527 2994">
    <p class='ocr_par' dir='ltr' id='par_1_63' title="bbox 1922 2915 3527 2994">
     <span class='ocr_line' id='line_1_63' title="bbox 1922 2915 3527 2994; baseline -0.004 -19"><span class='ocrx_word' id='word_1_439' title='bbox 1922 2922 2229 2994; x_wconf 81' lang='grc' dir='ltr'><strong>ἁμαρτιῶν,</strong></span> <span class='ocrx_word' id='word_1_440' title='bbox 2267 2921 2359 2974; x_wconf 77' lang='grc' dir='ltr'><strong>καὶ</strong></span> <span class='ocrx_word' id='word_1_441' title='bbox 2388 2919 2508 2973; x_wconf 84' lang='grc' dir='ltr'><strong>ὲλθὲ</strong></span> <span class='ocrx_word' id='word_1_442' title='bbox 2537 2921 2617 2984; x_wconf 84' lang='grc' dir='ltr'><strong>είς</strong></span> <span class='ocrx_word' id='word_1_443' title='bbox 2661 2919 2977 2990; x_wconf 88' lang='grc' dir='ltr'><strong>μετάνοιαν·</strong></span> <span class='ocrx_word' id='word_1_444' title='bbox 3012 2919 3219 2973; x_wconf 81' lang='grc' dir='ltr'><strong>ἀνάστα</strong></span> <span class='ocrx_word' id='word_1_445' title='bbox 3262 2915 3374 2969; x_wconf 80' lang='grc' dir='ltr'><strong>ἀπὸ</strong></span> <span class='ocrx_word' id='word_1_446' title='bbox 3408 2930 3527 2969; x_wconf 72' lang='grc' dir='ltr'><strong>παι-</strong></span> 
     </span>
    </p>
   </div>
   <div class='ocr_carea' id='block_1_64' title="bbox 1927 3008 3527 3086">
    <p class='ocr_par' dir='ltr' id='par_1_64' title="bbox 1927 3008 3527 3086">
     <span class='ocr_line' id='line_1_64' title="bbox 1927 3008 3527 3086; baseline -0.003 -21"><span class='ocrx_word' id='word_1_447' title='bbox 1927 3012 2224 3086; x_wconf 88' lang='grc' dir='ltr'><strong>ραλύσεως,</strong></span> <span class='ocrx_word' id='word_1_448' title='bbox 2256 3012 2350 3066; x_wconf 76' lang='grc' dir='ltr'><strong>καὶ</strong></span> <span class='ocrx_word' id='word_1_449' title='bbox 2375 3011 2497 3065; x_wconf 79' lang='grc' dir='ltr'><strong>ἐλθὲ</strong></span> <span class='ocrx_word' id='word_1_450' title='bbox 2525 3013 2583 3065; x_wconf 81' lang='grc' dir='ltr'><strong>ὲν</strong></span> <span class='ocrx_word' id='word_1_451' title='bbox 2607 3011 2902 3083; x_wconf 83' lang='grc' dir='ltr'><strong>τελειότητι</strong></span> <span class='ocrx_word' id='word_1_452' title='bbox 2926 3029 2938 3041; x_wconf 86' lang='grc'><strong>·</strong></span> <span class='ocrx_word' id='word_1_453' title='bbox 2968 3012 3175 3065; x_wconf 84' lang='grc' dir='ltr'><strong>ἀνάστα</strong></span> <span class='ocrx_word' id='word_1_454' title='bbox 3202 3010 3312 3063; x_wconf 84' lang='grc' dir='ltr'><strong>ἀπὺ</strong></span> <span class='ocrx_word' id='word_1_455' title='bbox 3332 3008 3527 3078; x_wconf 74' lang='grc' dir='ltr'><strong>λωϐή-</strong></span> 
     </span>
    </p>
   </div>
   <div class='ocr_carea' id='block_1_65' title="bbox 1928 3099 3531 3176">
    <p class='ocr_par' dir='ltr' id='par_1_65' title="bbox 1928 3099 3531 3176">
     <span class='ocr_line' id='line_1_65' title="bbox 1928 3099 3531 3176; baseline -0.002 -17"><span class='ocrx_word' id='word_1_456' title='bbox 1928 3123 2089 3169; x_wconf 82' lang='grc' dir='ltr'><strong>σεως,</strong></span> <span class='ocrx_word' id='word_1_457' title='bbox 2115 3106 2209 3159; x_wconf 75' lang='grc' dir='ltr'><strong>καὶ</strong></span> <span class='ocrx_word' id='word_1_458' title='bbox 2238 3104 2359 3158; x_wconf 84' lang='grc' dir='ltr'><strong>ὲλθὲ</strong></span> <span class='ocrx_word' id='word_1_459' title='bbox 2389 3105 2447 3157; x_wconf 81' lang='grc' dir='ltr'><strong>ὲν</strong></span> <span class='ocrx_word' id='word_1_460' title='bbox 2476 3103 2636 3176; x_wconf 77' lang='grc' dir='ltr'><strong>ὑγεία</strong></span> <span class='ocrx_word' id='word_1_461' title='bbox 2655 3120 2668 3133; x_wconf 73' lang='grc'><strong><em>⁸</em></strong></span> <span class='ocrx_word' id='word_1_462' title='bbox 2710 3106 2920 3158; x_wconf 89' lang='grc' dir='ltr'><strong>ἀνάστα</strong></span> <span class='ocrx_word' id='word_1_463' title='bbox 2950 3102 3059 3157; x_wconf 83' lang='grc' dir='ltr'><strong>ἀπὸ</strong></span> <span class='ocrx_word' id='word_1_464' title='bbox 3099 3099 3383 3166; x_wconf 78' lang='grc' dir='ltr'><strong>ἀπιστίας,</strong></span> <span class='ocrx_word' id='word_1_465' title='bbox 3425 3102 3531 3156; x_wconf 79' lang='grc' dir='ltr'><strong>καὶ</strong></span> 
     </span>
    </p>
   </div>
   <div class='ocr_carea' id='block_1_66' title="bbox 1847 3181 3529 3257">
    <p class='ocr_par' dir='ltr' id='par_1_66' title="bbox 1847 3181 3529 3257">
     <span class='ocr_line' id='line_1_66' title="bbox 1847 3181 3529 3257; baseline -0.003 -8"><span class='ocrx_word' id='word_1_466' title='bbox 1847 3181 1892 3241; x_wconf 87' lang='lat' dir='ltr'>C</span> <span class='ocrx_word' id='word_1_467' title='bbox 1924 3196 2046 3250; x_wconf 77' lang='grc' dir='ltr'><strong>ἐλθὲ</strong></span> <span class='ocrx_word' id='word_1_468' title='bbox 2085 3197 2143 3249; x_wconf 84' lang='grc' dir='ltr'><strong>ὲν</strong></span> <span class='ocrx_word' id='word_1_469' title='bbox 2172 3196 2391 3250; x_wconf 83' lang='grc' dir='ltr'><strong>πίστει·</strong></span> <span class='ocrx_word' id='word_1_470' title='bbox 2423 3194 2633 3249; x_wconf 78' lang='grc' dir='ltr'><strong>ἀνάστα</strong></span> <span class='ocrx_word' id='word_1_471' title='bbox 2679 3194 2790 3249; x_wconf 84' lang='grc' dir='ltr'><strong>ἀπὸ</strong></span> <span class='ocrx_word' id='word_1_472' title='bbox 2823 3192 3122 3257; x_wconf 80' lang='grc' dir='ltr'><strong>ἀπωλείας,</strong></span> <span class='ocrx_word' id='word_1_473' title='bbox 3154 3192 3248 3247; x_wconf 75' lang='grc' dir='ltr'><strong>και</strong></span> <span class='ocrx_word' id='word_1_474' title='bbox 3291 3191 3421 3245; x_wconf 73' lang='grc' dir='ltr'><strong>ἐλθὲ</strong></span> <span class='ocrx_word' id='word_1_475' title='bbox 3465 3194 3529 3245; x_wconf 81' lang='grc' dir='ltr'><strong>ὲν</strong></span> 
     </span>
    </p>
   </div>
   <div class='ocr_carea' id='block_1_67' title="bbox 1920 3288 3533 3449">
    <p class='ocr_par' dir='ltr' id='par_1_67' title="bbox 1920 3288 3533 3449">
     <span class='ocr_line' id='line_1_67' title="bbox 1920 3288 3533 3449; baseline -0.003 -18"><span class='ocrx_word' id='word_1_476' title='bbox 1920 3288 2226 3447; x_wconf 51' lang='grc' dir='ltr'><strong>εὑέἰέῗέίδὴ</strong></span> <span class='ocrx_word' id='word_1_477' title='bbox 2253 3376 2311 3430; x_wconf 87' lang='grc' dir='ltr'><strong>δὲ</strong></span> <span class='ocrx_word' id='word_1_478' title='bbox 2338 3376 2455 3449; x_wconf 72' lang='grc' dir='ltr'><strong>ᾔδει</strong></span> <span class='ocrx_word' id='word_1_479' title='bbox 2486 3376 2547 3431; x_wconf 80' lang='grc' dir='ltr'><strong>τὸ</strong></span> <span class='ocrx_word' id='word_1_480' title='bbox 2575 3377 2697 3432; x_wconf 84' lang='grc' dir='ltr'><strong>ὅλον</strong></span> <span class='ocrx_word' id='word_1_481' title='bbox 2727 3376 2927 3445; x_wconf 86' lang='grc' dir='ltr'><strong>λόγιον,</strong></span> <span class='ocrx_word' id='word_1_482' title='bbox 2963 3375 3046 3428; x_wconf 85' lang='grc' dir='ltr'><strong>ὅτι</strong></span> <span class='ocrx_word' id='word_1_483' title='bbox 3071 3374 3209 3445; x_wconf 86' lang='grc' dir='ltr'><strong>μετά</strong></span> <span class='ocrx_word' id='word_1_484' title='bbox 3232 3373 3336 3444; x_wconf 79' lang='grc' dir='ltr'><strong>τὴν</strong></span> <span class='ocrx_word' id='word_1_485' title='bbox 3364 3372 3533 3445; x_wconf 80' lang='grc' dir='ltr'><strong>πρὼο</strong></span> 
     </span>
    </p>
   </div>
   <div class='ocr_carea' id='block_1_68' title="bbox 1921 3466 3532 3543">
    <p class='ocr_par' dir='ltr' id='par_1_68' title="bbox 1921 3466 3532 3543">
     <span class='ocr_line' id='line_1_68' title="bbox 1921 3466 3532 3543; baseline -0.004 -18"><span class='ocrx_word' id='word_1_486' title='bbox 1921 3488 2023 3543; x_wconf 90' lang='grc' dir='ltr'><strong>την</strong></span> <span class='ocrx_word' id='word_1_487' title='bbox 2043 3471 2354 3543; x_wconf 89' lang='grc' dir='ltr'><strong>μετάνοιαν,</strong></span> <span class='ocrx_word' id='word_1_488' title='bbox 2379 3469 2477 3524; x_wconf 75' lang='grc' dir='ltr'><strong>καὶ</strong></span> <span class='ocrx_word' id='word_1_489' title='bbox 2502 3470 2640 3540; x_wconf 87' lang='grc' dir='ltr'><strong>μετά</strong></span> <span class='ocrx_word' id='word_1_490' title='bbox 2659 3469 2758 3541; x_wconf 85' lang='grc' dir='ltr'><strong>τὴν</strong></span> <span class='ocrx_word' id='word_1_491' title='bbox 2770 3467 2992 3540; x_wconf 84' lang='grc' dir='ltr'><strong>πρώτην</strong></span> <span class='ocrx_word' id='word_1_492' title='bbox 3016 3466 3204 3538; x_wconf 82' lang='grc' dir='ltr'><strong>κλῆσιν</strong></span> <span class='ocrx_word' id='word_1_493' title='bbox 3224 3467 3322 3519; x_wconf 77' lang='grc' dir='ltr'><strong>καὶ</strong></span> <span class='ocrx_word' id='word_1_494' title='bbox 3349 3466 3532 3528; x_wconf 73' lang='grc' dir='ltr'><strong>ἴασιν.</strong></span> 
     </span>
    </p>
   </div>
   <div class='ocr_carea' id='block_1_69' title="bbox 244 3552 1818 3634">
    <p class='ocr_par' dir='ltr' id='par_1_69' title="bbox 244 3552 1818 3632">
     <span class='ocr_line' id='line_1_69' title="bbox 244 3552 1818 3632; baseline 0.008 -28"><span class='ocrx_word' id='word_1_495' title='bbox 244 3552 559 3616; x_wconf 88' lang='lat' dir='ltr'><strong>sanitatem,</strong></span> <span class='ocrx_word' id='word_1_496' title='bbox 617 3560 677 3605; x_wconf 92' lang='lat' dir='ltr'><strong>ut</strong></span> <span class='ocrx_word' id='word_1_497' title='bbox 726 3553 800 3606; x_wconf 91' lang='lat' dir='ltr'><strong>ita</strong></span> <span class='ocrx_word' id='word_1_498' title='bbox 833 3553 1037 3620; x_wconf 91' lang='lat' dir='ltr'><strong>dicam,</strong></span> <span class='ocrx_word' id='word_1_499' title='bbox 1071 3557 1478 3628; x_wconf 87' lang='lat' dir='ltr'><strong>quamplurima</strong></span> <span class='ocrx_word' id='word_1_500' title='bbox 1508 3559 1561 3614; x_wconf 89' lang='lat' dir='ltr'><strong>in</strong></span> <span class='ocrx_word' id='word_1_501' title='bbox 1597 3569 1818 3632; x_wconf 88' lang='lat' dir='ltr'><strong>peccata</strong></span> 
     </span>
    </p>
   </div>
   <div class='ocr_carea' id='block_1_70' title="bbox 1987 3552 3531 3634">
    <p class='ocr_par' dir='ltr' id='par_1_70' title="bbox 1987 3557 3531 3634">
     <span class='ocr_line' id='line_1_70' title="bbox 1987 3557 3531 3634; baseline -0.003 -16"><span class='ocrx_word' id='word_1_502' title='bbox 1987 3581 1999 3627; x_wconf 83' lang='lat'><strong><em>;</em></strong></span> <span class='ocrx_word' id='word_1_503' title='bbox 2033 3566 2230 3626; x_wconf 73' lang='grc' dir='ltr'><strong>εἰπεῖν,</strong></span> <span class='ocrx_word' id='word_1_504' title='bbox 2276 3562 2569 3630; x_wconf 75' lang='grc' dir='ltr'><strong>συμϐαίνει</strong></span> <span class='ocrx_word' id='word_1_505' title='bbox 2601 3564 2667 3634; x_wconf 80' lang='grc' dir='ltr'><strong>τῇ</strong></span> <span class='ocrx_word' id='word_1_506' title='bbox 2711 3561 3090 3634; x_wconf 86' lang='grc' dir='ltr'><strong>ἀνθρωπὸτητι</strong></span> <span class='ocrx_word' id='word_1_507' title='bbox 3133 3557 3305 3612; x_wconf 84' lang='grc' dir='ltr'><strong>πολλὰ</strong></span> <span class='ocrx_word' id='word_1_508' title='bbox 3336 3576 3531 3632; x_wconf 76' lang='grc' dir='ltr'><strong>παρα-</strong></span> 
     </span>
    </p>
   </div>
   <div class='ocr_carea' id='block_1_71' title="bbox 244 3643 1818 3725">
    <p class='ocr_par' dir='ltr' id='par_1_71' title="bbox 244 3643 1818 3725">
     <span class='ocr_line' id='line_1_71' title="bbox 244 3643 1818 3725; baseline 0.008 -28"><span class='ocrx_word' id='word_1_509' title='bbox 244 3643 543 3699; x_wconf 89' lang='lat' dir='ltr'><strong>humanum</strong></span> <span class='ocrx_word' id='word_1_510' title='bbox 607 3662 782 3716; x_wconf 84' lang='lat' dir='ltr'><strong>genus</strong></span> <span class='ocrx_word' id='word_1_511' title='bbox 838 3647 1099 3711; x_wconf 87' lang='lat' dir='ltr'><strong>incidere,</strong></span> <span class='ocrx_word' id='word_1_512' title='bbox 1136 3650 1211 3704; x_wconf 92' lang='lat' dir='ltr'><strong>ita</strong></span> <span class='ocrx_word' id='word_1_513' title='bbox 1262 3665 1478 3706; x_wconf 88' lang='lat' dir='ltr'><strong>rursum</strong></span> <span class='ocrx_word' id='word_1_514' title='bbox 1539 3654 1818 3725; x_wconf 89' lang='lat' dir='ltr'><strong>loquitur:</strong></span> 
     </span>
    </p>
   </div>
   <div class='ocr_carea' id='block_1_72' title="bbox 1927 3649 3535 3725">
    <p class='ocr_par' dir='ltr' id='par_1_72' title="bbox 1927 3649 3535 3725">
     <span class='ocr_line' id='line_1_72' title="bbox 1927 3649 3535 3725; baseline -0.004 -17"><span class='ocrx_word' id='word_1_515' title='bbox 1927 3653 2217 3725; x_wconf 81' lang='grc' dir='ltr'><strong>πτώματα,</strong></span> <span class='ocrx_word' id='word_1_516' title='bbox 2249 3653 2410 3706; x_wconf 87' lang='grc' dir='ltr'><strong>πάλιν</strong></span> <span class='ocrx_word' id='word_1_517' title='bbox 2459 3651 2644 3720; x_wconf 75' lang='grc' dir='ltr'><strong>λέγει’</strong></span> <span class='ocrx_word' id='word_1_518' title='bbox 2696 3650 2977 3715; x_wconf 79' lang='grc' dir='ltr'><strong>Ἀνάστα,</strong></span> <span class='ocrx_word' id='word_1_519' title='bbox 3022 3649 3162 3704; x_wconf 83' lang='grc' dir='ltr'><strong>ἐλθὲ</strong></span> <span class='ocrx_word' id='word_1_520' title='bbox 3194 3650 3299 3714; x_wconf 84' lang='grc' dir='ltr'><strong>σὺ,</strong></span> <span class='ocrx_word' id='word_1_521' title='bbox 3354 3665 3535 3717; x_wconf 71' lang='grc' dir='ltr'><strong>περι-</strong></span> 
     </span>
    </p>
   </div>
   <div class='ocr_carea' id='block_1_73' title="bbox 130 4194 1830 4273">
    <p class='ocr_par' dir='ltr' id='par_1_73' title="bbox 130 4194 1830 4273">
     <span class='ocr_line' id='line_1_73' title="bbox 130 4194 1830 4273; baseline 0.006 -24"><span class='ocrx_word' id='word_1_522' title='bbox 130 4194 133 4195; x_wconf 57' lang='grc'><strong><em>⁷</em></strong></span> <span class='ocrx_word' id='word_1_523' title='bbox 245 4197 360 4250; x_wconf 82' lang='lat' dir='ltr'><strong>veni</strong></span> <span class='ocrx_word' id='word_1_524' title='bbox 392 4207 467 4250; x_wconf 90' lang='lat' dir='ltr'><strong>tu.</strong></span> <span class='ocrx_word' id='word_1_525' title='bbox 497 4195 569 4250; x_wconf 82' lang='lat' dir='ltr'><strong>At</strong></span> <span class='ocrx_word' id='word_1_526' title='bbox 612 4197 667 4250; x_wconf 90' lang='lat' dir='ltr'><strong>in</strong></span> <span class='ocrx_word' id='word_1_527' title='bbox 702 4200 946 4253; x_wconf 90' lang='lat' dir='ltr'><strong>secunda</strong></span> <span class='ocrx_word' id='word_1_528' title='bbox 978 4201 1270 4257; x_wconf 89' lang='lat' dir='ltr'><strong>articulum</strong></span> <span class='ocrx_word' id='word_1_529' title='bbox 1307 4204 1525 4273; x_wconf 87' lang='lat' dir='ltr'><strong>adjecit,</strong></span> <span class='ocrx_word' id='word_1_530' title='bbox 1560 4213 1622 4261; x_wconf 89' lang='lat' dir='ltr'><strong>ut</strong></span> <span class='ocrx_word' id='word_1_531' title='bbox 1650 4205 1830 4261; x_wconf 84' lang='lat' dir='ltr'><strong>diver-</strong></span> 
     </span>
    </p>
   </div>
   <div class='ocr_carea' id='block_1_74' title="bbox 244 3734 1818 3815">
    <p class='ocr_par' dir='ltr' id='par_1_74' title="bbox 244 3734 1818 3809">
     <span class='ocr_line' id='line_1_74' title="bbox 244 3734 1818 3809; baseline 0.007 -17"><span class='ocrx_word' id='word_1_532' title='bbox 244 3734 432 3807; x_wconf 86' lang='lat' dir='ltr'><strong>Surge,</strong></span> <span class='ocrx_word' id='word_1_533' title='bbox 465 3738 598 3803; x_wconf 80' lang='lat' dir='ltr'><strong>veni,</strong></span> <span class='ocrx_word' id='word_1_534' title='bbox 636 3738 885 3793; x_wconf 80' lang='lat' dir='ltr'><strong>colunth</strong></span> <span class='ocrx_word' id='word_1_535' title='bbox 918 3757 1071 3808; x_wconf 90' lang='lat' dir='ltr'><strong>mea;</strong></span> <span class='ocrx_word' id='word_1_536' title='bbox 1111 3759 1214 3797; x_wconf 90' lang='lat' dir='ltr'><strong>nec</strong></span> <span class='ocrx_word' id='word_1_537' title='bbox 1238 3746 1429 3809; x_wconf 86' lang='lat' dir='ltr'><strong>semel,</strong></span> <span class='ocrx_word' id='word_1_538' title='bbox 1459 3746 1552 3801; x_wconf 86' lang='lat' dir='ltr'><strong>sed</strong></span> <span class='ocrx_word' id='word_1_539' title='bbox 1581 3748 1818 3803; x_wconf 89' lang='lat' dir='ltr'><strong>secundo</strong></span> 
     </span>
    </p>
   </div>
   <div class='ocr_carea' id='block_1_75' title="bbox 1987 3734 3532 3815">
    <p class='ocr_par' dir='ltr' id='par_1_75' title="bbox 1987 3740 3532 3815">
     <span class='ocr_line' id='line_1_75' title="bbox 1987 3740 3532 3815; baseline -0.004 -15"><span class='ocrx_word' id='word_1_540' title='bbox 1987 3745 2111 3814; x_wconf 74' lang='lat' dir='ltr'><strong>rapti</strong></span> <span class='ocrx_word' id='word_1_541' title='bbox 2132 3762 2271 3815; x_wconf 81' lang='grc' dir='ltr'><strong>μου’</strong></span> <span class='ocrx_word' id='word_1_542' title='bbox 2295 3745 2548 3815; x_wconf 86' lang='grc' dir='ltr'><strong>δεύτερον</strong></span> <span class='ocrx_word' id='word_1_543' title='bbox 2568 3742 2772 3815; x_wconf 87' lang='grc' dir='ltr'><strong>ταύτην</strong></span> <span class='ocrx_word' id='word_1_544' title='bbox 2797 3745 2973 3810; x_wconf 83' lang='grc' dir='ltr'><strong>καλεῖ,</strong></span> <span class='ocrx_word' id='word_1_545' title='bbox 3000 3743 3094 3795; x_wconf 72' lang='grc' dir='ltr'><strong>καὶ</strong></span> <span class='ocrx_word' id='word_1_546' title='bbox 3119 3742 3218 3812; x_wconf 77' lang='grc' dir='ltr'><strong>οὐχ</strong></span> <span class='ocrx_word' id='word_1_547' title='bbox 3245 3740 3397 3805; x_wconf 78' lang='grc' dir='ltr'><strong>ᾶπαξ</strong></span> <span class='ocrx_word' id='word_1_548' title='bbox 3414 3754 3431 3770; x_wconf 70' lang='grc'><strong><em>⁵</em></strong></span> <span class='ocrx_word' id='word_1_549' title='bbox 3466 3742 3532 3794; x_wconf 76' lang='grc' dir='ltr'><strong>τὸ</strong></span> 
     </span>
    </p>
   </div>
   <div class='ocr_carea' id='block_1_76' title="bbox 246 3829 1818 3909">
    <p class='ocr_par' dir='ltr' id='par_1_76' title="bbox 246 3829 1818 3906">
     <span class='ocr_line' id='line_1_76' title="bbox 246 3829 1818 3906; baseline 0.008 -24"><span class='ocrx_word' id='word_1_550' title='bbox 246 3829 420 3898; x_wconf 87' lang='lat' dir='ltr'><strong>ipsam</strong></span> <span class='ocrx_word' id='word_1_551' title='bbox 459 3831 719 3900; x_wconf 89' lang='lat' dir='ltr'><strong>appellat,</strong></span> <span class='ocrx_word' id='word_1_552' title='bbox 768 3831 843 3887; x_wconf 90' lang='lat' dir='ltr'><strong>ita</strong></span> <span class='ocrx_word' id='word_1_553' title='bbox 876 3842 935 3886; x_wconf 88' lang='lat' dir='ltr'><strong>ut</strong></span> <span class='ocrx_word' id='word_1_554' title='bbox 961 3835 1234 3903; x_wconf 90' lang='lat' dir='ltr'><strong>posterior</strong></span> <span class='ocrx_word' id='word_1_555' title='bbox 1259 3836 1428 3906; x_wconf 91' lang='lat' dir='ltr'><strong>priori</strong></span> <span class='ocrx_word' id='word_1_556' title='bbox 1459 3839 1677 3894; x_wconf 79' lang='lat' dir='ltr'><strong>vacatio</strong></span> <span class='ocrx_word' id='word_1_557' title='bbox 1713 3856 1818 3895; x_wconf 89' lang='lat' dir='ltr'><strong>non</strong></span> 
     </span>
    </p>
   </div>
   <div class='ocr_carea' id='block_1_77' title="bbox 1987 3829 3528 3909">
    <p class='ocr_par' dir='ltr' id='par_1_77' title="bbox 2002 3833 3528 3909">
     <span class='ocr_line' id='line_1_77' title="bbox 2002 3833 3528 3909; baseline -0.002 -19"><span class='ocrx_word' id='word_1_558' title='bbox 2002 3837 2254 3909; x_wconf 80' lang='grc' dir='ltr'><strong>δεύτερον</strong></span> <span class='ocrx_word' id='word_1_559' title='bbox 2276 3838 2376 3891; x_wconf 82' lang='grc' dir='ltr'><strong>οὐκ</strong></span> <span class='ocrx_word' id='word_1_560' title='bbox 2405 3836 2518 3891; x_wconf 75' lang='grc' dir='ltr'><strong>ἴσον</strong></span> <span class='ocrx_word' id='word_1_561' title='bbox 2543 3834 2622 3906; x_wconf 85' lang='grc' dir='ltr'><strong>τῷ</strong></span> <span class='ocrx_word' id='word_1_562' title='bbox 2643 3834 2862 3907; x_wconf 84' lang='grc' dir='ltr'><strong>πρώτῳ.</strong></span> <span class='ocrx_word' id='word_1_563' title='bbox 2894 3836 3033 3907; x_wconf 76' lang='grc' dir='ltr'><strong>Φησὶ</strong></span> <span class='ocrx_word' id='word_1_564' title='bbox 3064 3833 3174 3904; x_wconf 86' lang='grc' dir='ltr'><strong>γὰρ</strong></span> <span class='ocrx_word' id='word_1_565' title='bbox 3200 3836 3258 3888; x_wconf 82' lang='grc' dir='ltr'><strong>ὲν</strong></span> <span class='ocrx_word' id='word_1_566' title='bbox 3283 3836 3354 3905; x_wconf 81' lang='grc' dir='ltr'><strong>τῇ</strong></span> <span class='ocrx_word' id='word_1_567' title='bbox 3381 3851 3528 3905; x_wconf 80' lang='grc' dir='ltr'><strong>προ-</strong></span> 
     </span>
    </p>
   </div>
   <div class='ocr_carea' id='block_1_78' title="bbox 245 3920 1818 4004">
    <p class='ocr_par' dir='ltr' id='par_1_78' title="bbox 245 3920 1818 3999">
     <span class='ocr_line' id='line_1_78' title="bbox 245 3920 1818 3999; baseline 0.008 -25"><span class='ocrx_word' id='word_1_568' title='bbox 245 3920 319 3974; x_wconf 89' lang='lat' dir='ltr'><strong>sit</strong></span> <span class='ocrx_word' id='word_1_569' title='bbox 349 3921 597 3991; x_wconf 59' lang='lat' dir='ltr'><strong>aqualis.</strong></span> <span class='ocrx_word' id='word_1_570' title='bbox 629 3921 765 3975; x_wconf 85' lang='lat' dir='ltr'><strong>Nam</strong></span> <span class='ocrx_word' id='word_1_571' title='bbox 811 3924 866 3977; x_wconf 94' lang='lat' dir='ltr'><strong>in</strong></span> <span class='ocrx_word' id='word_1_572' title='bbox 919 3925 1090 3994; x_wconf 89' lang='lat' dir='ltr'><strong>priori</strong></span> <span class='ocrx_word' id='word_1_573' title='bbox 1138 3926 1219 3981; x_wconf 90' lang='lat' dir='ltr'><strong>sic</strong></span> <span class='ocrx_word' id='word_1_574' title='bbox 1270 3928 1418 3981; x_wconf 85' lang='lat' dir='ltr'><strong>illam</strong></span> <span class='ocrx_word' id='word_1_575' title='bbox 1481 3929 1818 3999; x_wconf 88' lang='lat' dir='ltr'><strong>alloquitur:</strong></span> 
     </span>
    </p>
   </div>
   <div class='ocr_carea' id='block_1_79' title="bbox 1987 3920 3530 4004">
    <p class='ocr_par' dir='ltr' id='par_1_79' title="bbox 1994 3927 3530 4004">
     <span class='ocr_line' id='line_1_79' title="bbox 1994 3927 3530 4004; baseline -0.003 -20"><span class='ocrx_word' id='word_1_576' title='bbox 1994 3949 2061 4004; x_wconf 79' lang='grc' dir='ltr'><strong>ρᾳ</strong></span> <span class='ocrx_word' id='word_1_577' title='bbox 2078 3930 2267 4002; x_wconf 87' lang='grc' dir='ltr'><strong>κλήσει</strong></span> <span class='ocrx_word' id='word_1_578' title='bbox 2292 3930 2465 3994; x_wconf 75' lang='grc' dir='ltr'><strong>οὕτως</strong></span> <span class='ocrx_word' id='word_1_579' title='bbox 2486 3947 2499 3960; x_wconf 74' lang='grc' dir='ltr'><strong><em>ο</em></strong></span> <span class='ocrx_word' id='word_1_580' title='bbox 2538 3927 2816 3990; x_wconf 83' lang='grc' dir='ltr'><strong>Ἀνάστα,</strong></span> <span class='ocrx_word' id='word_1_581' title='bbox 2841 3929 2880 3997; x_wconf 80' lang='grc' dir='ltr'><strong><em>ή</em></strong></span> <span class='ocrx_word' id='word_1_582' title='bbox 2906 3929 3174 3996; x_wconf 82' lang='grc' dir='ltr'><strong>πλησίον</strong></span> <span class='ocrx_word' id='word_1_583' title='bbox 3189 3944 3335 3995; x_wconf 81' lang='grc' dir='ltr'><strong>μου,</strong></span> <span class='ocrx_word' id='word_1_584' title='bbox 3361 3927 3530 3996; x_wconf 75' lang='grc' dir='ltr'><strong>καλή</strong></span> 
     </span>
    </p>
   </div>
   <div class='ocr_carea' id='block_1_80' title="bbox 246 4011 1818 4092">
    <p class='ocr_par' dir='ltr' id='par_1_80' title="bbox 246 4011 1818 4087">
     <span class='ocr_line' id='line_1_80' title="bbox 246 4011 1818 4087; baseline 0.006 -19"><span class='ocrx_word' id='word_1_585' title='bbox 246 4011 432 4082; x_wconf 81' lang='lat' dir='ltr'><strong>Surge,</strong></span> <span class='ocrx_word' id='word_1_586' title='bbox 472 4014 765 4083; x_wconf 75' lang='lat' dir='ltr'><strong>Propinqua</strong></span> <span class='ocrx_word' id='word_1_587' title='bbox 794 4031 930 4079; x_wconf 90' lang='lat' dir='ltr'><strong>mea,</strong></span> <span class='ocrx_word' id='word_1_588' title='bbox 972 4016 1209 4085; x_wconf 81' lang='lat' dir='ltr'><strong>formosa</strong></span> <span class='ocrx_word' id='word_1_589' title='bbox 1245 4035 1382 4087; x_wconf 86' lang='lat' dir='ltr'><strong>mea,</strong></span> <span class='ocrx_word' id='word_1_590' title='bbox 1418 4021 1661 4076; x_wconf 81' lang='lat' dir='ltr'><strong>columba</strong></span> <span class='ocrx_word' id='word_1_591' title='bbox 1689 4040 1818 4077; x_wconf 87' lang='lat' dir='ltr'><strong>mea.</strong></span> 
     </span>
    </p>
   </div>
   <div class='ocr_carea' id='block_1_81' title="bbox 1987 4011 3529 4092">
    <p class='ocr_par' dir='ltr' id='par_1_81' title="bbox 1987 4015 3529 4090">
     <span class='ocr_line' id='line_1_81' title="bbox 1987 4015 3529 4090; baseline -0.003 -16"><span class='ocrx_word' id='word_1_592' title='bbox 1987 4039 2064 4087; x_wconf 77' lang='lat' dir='ltr'><strong>)v,</strong></span> <span class='ocrx_word' id='word_1_593' title='bbox 2124 4019 2446 4090; x_wconf 82' lang='grc' dir='ltr'><strong>περιστερὰ</strong></span> <span class='ocrx_word' id='word_1_594' title='bbox 2467 4037 2609 4089; x_wconf 82' lang='grc' dir='ltr'><strong>μου.</strong></span> <span class='ocrx_word' id='word_1_595' title='bbox 2652 4018 2728 4071; x_wconf 84' lang='grc' dir='ltr'><strong>Τὸ</strong></span> <span class='ocrx_word' id='word_1_596' title='bbox 2784 4018 2888 4088; x_wconf 86' lang='grc' dir='ltr'><strong>μὲν</strong></span> <span class='ocrx_word' id='word_1_597' title='bbox 2935 4017 3172 4089; x_wconf 84' lang='grc' dir='ltr'><strong>πρῶτον,</strong></span> <span class='ocrx_word' id='word_1_598' title='bbox 3234 4015 3529 4080; x_wconf 78' lang='grc' dir='ltr'><strong>Ἀνάστα,</strong></span> 
     </span>
    </p>
   </div>
   <div class='ocr_carea' id='block_1_82' title="bbox 245 4092 1818 4181">
    <p class='ocr_par' dir='ltr' id='par_1_82' title="bbox 245 4092 1818 4181">
     <span class='ocr_line' id='line_1_82' title="bbox 245 4092 1818 4181; baseline 0.006 -25"><span class='ocrx_word' id='word_1_599' title='bbox 245 4102 485 4157; x_wconf 84' lang='lat' dir='ltr'><strong>Primum</strong></span> <span class='ocrx_word' id='word_1_600' title='bbox 539 4092 704 4174; x_wconf 78' lang='lat' dir='ltr'><strong>igitur</strong></span> <span class='ocrx_word' id='word_1_601' title='bbox 735 4124 747 4159; x_wconf 94' lang='lat'><strong>:</strong></span> <span class='ocrx_word' id='word_1_602' title='bbox 810 4105 996 4176; x_wconf 79' lang='lat' dir='ltr'><strong>Surge,</strong></span> <span class='ocrx_word' id='word_1_603' title='bbox 1036 4110 1173 4174; x_wconf 85' lang='lat' dir='ltr'><strong>veni,</strong></span> <span class='ocrx_word' id='word_1_604' title='bbox 1201 4108 1377 4166; x_wconf 80' lang='lat' dir='ltr'><strong>dixit:</strong></span> <span class='ocrx_word' id='word_1_605' title='bbox 1410 4126 1520 4167; x_wconf 89' lang='lat' dir='ltr'><strong>non</strong></span> <span class='ocrx_word' id='word_1_606' title='bbox 1546 4123 1748 4181; x_wconf 87' lang='lat' dir='ltr'><strong>autem,</strong></span> <span class='ocrx_word' id='word_1_607' title='bbox 1771 4120 1818 4167; x_wconf 84' lang='lat' dir='ltr'><strong>et</strong></span> 
     </span>
    </p>
   </div>
   <div class='ocr_carea' id='block_1_83' title="bbox 1987 4092 3533 4181">
    <p class='ocr_par' dir='ltr' id='par_1_83' title="bbox 1987 4106 3533 4180">
     <span class='ocr_line' id='line_1_83' title="bbox 1987 4106 3533 4180; baseline -0.005 -12"><span class='ocrx_word' id='word_1_608' title='bbox 1987 4112 2093 4169; x_wconf 73' lang='grc' dir='ltr'><strong>ῑθέσ</strong></span> <span class='ocrx_word' id='word_1_609' title='bbox 2131 4113 2226 4167; x_wconf 80' lang='grc' dir='ltr'><strong>καὶ</strong></span> <span class='ocrx_word' id='word_1_610' title='bbox 2260 4114 2360 4167; x_wconf 80' lang='grc' dir='ltr'><strong>οὐκ</strong></span> <span class='ocrx_word' id='word_1_611' title='bbox 2411 4106 2556 4164; x_wconf 77' lang='grc' dir='ltr'><strong>εἷπε·</strong></span> <span class='ocrx_word' id='word_1_612' title='bbox 2613 4110 2724 4163; x_wconf 74' lang='grc' dir='ltr'><strong>Καὶ</strong></span> <span class='ocrx_word' id='word_1_613' title='bbox 2760 4108 2883 4163; x_wconf 72' lang='grc' dir='ltr'><strong>ἐλθὲ</strong></span> <span class='ocrx_word' id='word_1_614' title='bbox 2912 4110 2997 4163; x_wconf 87' lang='grc' dir='ltr'><strong>σύ.</strong></span> <span class='ocrx_word' id='word_1_615' title='bbox 3035 4111 3145 4164; x_wconf 78' lang='grc' dir='ltr'><strong>Καὶ</strong></span> <span class='ocrx_word' id='word_1_616' title='bbox 3181 4109 3242 4161; x_wconf 82' lang='grc' dir='ltr'><strong>τὸ</strong></span> <span class='ocrx_word' id='word_1_617' title='bbox 3269 4108 3533 4180; x_wconf 85' lang='grc' dir='ltr'><strong>δεύτερον</strong></span> 
     </span>
    </p>
   </div>
   <div class='ocr_carea' id='block_1_84' title="bbox 1931 4201 3532 4275">
    <p class='ocr_par' dir='ltr' id='par_1_84' title="bbox 1931 4201 3532 4275">
     <span class='ocr_line' id='line_1_84' title="bbox 1931 4201 3532 4275; baseline -0.001 -20"><span class='ocrx_word' id='word_1_618' title='bbox 1931 4203 2257 4275; x_wconf 83' lang='grc' dir='ltr'><strong>προστίθησι</strong></span> <span class='ocrx_word' id='word_1_619' title='bbox 2288 4203 2348 4256; x_wconf 86' lang='grc' dir='ltr'><strong>τὸ</strong></span> <span class='ocrx_word' id='word_1_620' title='bbox 2381 4202 2605 4272; x_wconf 83' lang='grc' dir='ltr'><strong>ἄρθρον,</strong></span> <span class='ocrx_word' id='word_1_621' title='bbox 2632 4202 2718 4254; x_wconf 79' lang='grc' dir='ltr'><strong>ἵνα</strong></span> <span class='ocrx_word' id='word_1_622' title='bbox 2745 4202 2892 4274; x_wconf 77' lang='grc' dir='ltr'><strong>δείξῃ</strong></span> <span class='ocrx_word' id='word_1_623' title='bbox 2921 4202 3113 4272; x_wconf 82' lang='grc' dir='ltr'><strong>κλῆσιν</strong></span> <span class='ocrx_word' id='word_1_624' title='bbox 3139 4202 3245 4272; x_wconf 83' lang='grc' dir='ltr'><strong>(οὐ)</strong></span> <span class='ocrx_word' id='word_1_625' title='bbox 3265 4201 3532 4273; x_wconf 79' lang='grc' dir='ltr'><strong>δευτέραν</strong></span> 
     </span>
    </p>
   </div>
   <div class='ocr_carea' id='block_1_85' title="bbox 247 4289 1818 4368">
    <p class='ocr_par' dir='ltr' id='par_1_85' title="bbox 247 4289 1818 4368">
     <span class='ocr_line' id='line_1_85' title="bbox 247 4289 1818 4368; baseline 0.006 -24"><span class='ocrx_word' id='word_1_626' title='bbox 247 4304 365 4345; x_wconf 87' lang='lat' dir='ltr'><strong>sam</strong></span> <span class='ocrx_word' id='word_1_627' title='bbox 407 4290 479 4344; x_wconf 91' lang='lat' dir='ltr'><strong>ab</strong></span> <span class='ocrx_word' id='word_1_628' title='bbox 516 4289 687 4343; x_wconf 84' lang='lat' dir='ltr'><strong>altera</strong></span> <span class='ocrx_word' id='word_1_629' title='bbox 729 4292 1075 4347; x_wconf 89' lang='lat' dir='ltr'><strong>vocationem</strong></span> <span class='ocrx_word' id='word_1_630' title='bbox 1119 4309 1245 4350; x_wconf 90' lang='lat' dir='ltr'><strong>esse</strong></span> <span class='ocrx_word' id='word_1_631' title='bbox 1292 4295 1656 4367; x_wconf 78' lang='lat' dir='ltr'><strong>signiﬁcaret;</strong></span> <span class='ocrx_word' id='word_1_632' title='bbox 1710 4312 1818 4368; x_wconf 73' lang='lat' dir='ltr'><strong>qua</strong></span> 
     </span>
    </p>
   </div>
   <div class='ocr_carea' id='block_1_86' title="bbox 1987 4289 3529 4368">
    <p class='ocr_par' dir='ltr' id='par_1_86' title="bbox 1987 4293 3529 4367">
     <span class='ocr_line' id='line_1_86' title="bbox 1987 4293 3529 4367; baseline -0.001 -17"><span class='ocrx_word' id='word_1_633' title='bbox 1987 4294 2397 4367; x_wconf 76' lang='grc' dir='ltr'><strong>κρηλλαγμένην</strong></span> <span class='ocrx_word' id='word_1_634' title='bbox 2434 4293 2574 4365; x_wconf 85' lang='grc' dir='ltr'><strong>μετὰ</strong></span> <span class='ocrx_word' id='word_1_635' title='bbox 2614 4295 2711 4366; x_wconf 82' lang='grc' dir='ltr'><strong>τὴν</strong></span> <span class='ocrx_word' id='word_1_636' title='bbox 2758 4298 3014 4365; x_wconf 86' lang='grc' dir='ltr'><strong>πρώτην·</strong></span> <span class='ocrx_word' id='word_1_637' title='bbox 3061 4294 3197 4347; x_wconf 84' lang='grc' dir='ltr'><strong>ἀλλά</strong></span> <span class='ocrx_word' id='word_1_638' title='bbox 3227 4296 3321 4348; x_wconf 69' lang='grc' dir='ltr'><strong>καὶ</strong></span> <span class='ocrx_word' id='word_1_639' title='bbox 3364 4298 3424 4349; x_wconf 82' lang='grc' dir='ltr'><strong>ὲν</strong></span> <span class='ocrx_word' id='word_1_640' title='bbox 3458 4298 3529 4367; x_wconf 70' lang='grc' dir='ltr'><strong>τῇ</strong></span> 
     </span>
    </p>
   </div>
   <div class='ocr_carea' id='block_1_87' title="bbox 247 4382 1818 4459">
    <p class='ocr_par' dir='ltr' id='par_1_87' title="bbox 247 4382 1818 4458">
     <span class='ocr_line' id='line_1_87' title="bbox 247 4382 1818 4458; baseline 0.006 -21"><span class='ocrx_word' id='word_1_641' title='bbox 247 4390 453 4445; x_wconf 88' lang='lat' dir='ltr'><strong>tamen,</strong></span> <span class='ocrx_word' id='word_1_642' title='bbox 488 4390 609 4450; x_wconf 85' lang='lat' dir='ltr'><strong>post</strong></span> <span class='ocrx_word' id='word_1_643' title='bbox 682 4382 920 4451; x_wconf 90' lang='lat' dir='ltr'><strong>priorem</strong></span> <span class='ocrx_word' id='word_1_644' title='bbox 955 4384 1121 4450; x_wconf 90' lang='lat' dir='ltr'><strong>illam,</strong></span> <span class='ocrx_word' id='word_1_645' title='bbox 1166 4386 1453 4458; x_wconf 85' lang='lat' dir='ltr'><strong>benignam</strong></span> <span class='ocrx_word' id='word_1_646' title='bbox 1500 4405 1722 4445; x_wconf 87' lang='lat' dir='ltr'><strong>manum</strong></span> <span class='ocrx_word' id='word_1_647' title='bbox 1769 4405 1818 4446; x_wconf 72' lang='lat' dir='ltr'><strong>at</strong></span> 
     </span>
    </p>
   </div>
   <div class='ocr_carea' id='block_1_88' title="bbox 1987 4382 3529 4459">
    <p class='ocr_par' dir='ltr' id='par_1_88' title="bbox 1987 4384 3529 4459">
     <span class='ocr_line' id='line_1_88' title="bbox 1987 4384 3529 4459; baseline -0.001 -21"><span class='ocrx_word' id='word_1_648' title='bbox 1987 4384 2127 4459; x_wconf 76' lang='grc' dir='ltr'><strong>ρώτῃ</strong></span> <span class='ocrx_word' id='word_1_649' title='bbox 2175 4385 2285 4455; x_wconf 81' lang='grc'><strong>(15)</strong></span> <span class='ocrx_word' id='word_1_650' title='bbox 2330 4385 2437 4438; x_wconf 83' lang='grc' dir='ltr'><strong>ἀπὸ</strong></span> <span class='ocrx_word' id='word_1_651' title='bbox 2481 4386 2946 4456; x_wconf 83' lang='grc' dir='ltr'><strong>παραπτωμάτων</strong></span> <span class='ocrx_word' id='word_1_652' title='bbox 2991 4386 3153 4439; x_wconf 83' lang='grc' dir='ltr'><strong>πάλιν</strong></span> <span class='ocrx_word' id='word_1_653' title='bbox 3181 4386 3529 4457; x_wconf 75' lang='grc' dir='ltr'><strong>ὀρεγομένην</strong></span> 
     </span>
    </p>
   </div>
   <div class='ocr_carea' id='block_1_89' title="bbox 247 4470 1818 4552">
    <p class='ocr_par' dir='ltr' id='par_1_89' title="bbox 247 4474 1818 4552">
     <span class='ocr_line' id='line_1_89' title="bbox 247 4474 1818 4552; baseline 0.006 -26"><span class='ocrx_word' id='word_1_654' title='bbox 247 4474 525 4529; x_wconf 74' lang='lat' dir='ltr'><strong>cwlestem</strong></span> <span class='ocrx_word' id='word_1_655' title='bbox 572 4474 914 4528; x_wconf 86' lang='lat' dir='ltr'><strong>clementiam</strong></span> <span class='ocrx_word' id='word_1_656' title='bbox 976 4477 1308 4532; x_wconf 86' lang='lat' dir='ltr'><strong>ostenderet.</strong></span> <span class='ocrx_word' id='word_1_657' title='bbox 1348 4476 1417 4531; x_wconf 89' lang='lat' dir='ltr'><strong>Et</strong></span> <span class='ocrx_word' id='word_1_658' title='bbox 1452 4481 1588 4545; x_wconf 83' lang='lat' dir='ltr'><strong>veni,</strong></span> <span class='ocrx_word' id='word_1_659' title='bbox 1630 4481 1818 4552; x_wconf 78' lang='lat' dir='ltr'><strong>inquit,</strong></span> 
     </span>
    </p>
   </div>
   <div class='ocr_carea' id='block_1_90' title="bbox 1987 4470 3526 4552">
    <p class='ocr_par' dir='ltr' id='par_1_90' title="bbox 1987 4470 3526 4550">
     <span class='ocr_line' id='line_1_90' title="bbox 1987 4470 3526 4550; baseline 0.001 -20"><span class='ocrx_word' id='word_1_660' title='bbox 1987 4480 2092 4550; x_wconf 74' lang='grc' dir='ltr'><strong>εἶρα</strong></span> <span class='ocrx_word' id='word_1_661' title='bbox 2117 4475 2405 4540; x_wconf 71' lang='grc' dir='ltr'><strong>ἐπιδέξιον,</strong></span> <span class='ocrx_word' id='word_1_662' title='bbox 2450 4477 2543 4530; x_wconf 76' lang='grc' dir='ltr'><strong>καὶ</strong></span> <span class='ocrx_word' id='word_1_663' title='bbox 2591 4477 2912 4549; x_wconf 78' lang='grc' dir='ltr'><strong>ἐπουράνιον</strong></span> <span class='ocrx_word' id='word_1_664' title='bbox 2947 4476 3384 4547; x_wconf 74' lang='grc' dir='ltr'><strong>φιλανθρωπίας.</strong></span> <span class='ocrx_word' id='word_1_665' title='bbox 3407 4470 3526 4531; x_wconf 74' lang='lat' dir='ltr'><strong>Kal</strong></span> 
     </span>
    </p>
   </div>
   <div class='ocr_carea' id='block_1_91' title="bbox 248 4554 1818 4641">
    <p class='ocr_par' dir='ltr' id='par_1_91' title="bbox 248 4560 1818 4639">
     <span class='ocr_line' id='line_1_91' title="bbox 248 4560 1818 4639; baseline 0.004 -21"><span class='ocrx_word' id='word_1_666' title='bbox 248 4565 493 4619; x_wconf 83' lang='lat' dir='ltr'><strong>columba</strong></span> <span class='ocrx_word' id='word_1_667' title='bbox 531 4582 667 4631; x_wconf 87' lang='lat' dir='ltr'><strong>mea,</strong></span> <span class='ocrx_word' id='word_1_668' title='bbox 699 4566 752 4619; x_wconf 88' lang='lat' dir='ltr'><strong>in</strong></span> <span class='ocrx_word' id='word_1_669' title='bbox 788 4575 988 4636; x_wconf 81' lang='lat' dir='ltr'><strong>tegmen</strong></span> <span class='ocrx_word' id='word_1_670' title='bbox 1030 4578 1191 4635; x_wconf 69' lang='lat' dir='ltr'><strong>petra:</strong></span> <span class='ocrx_word' id='word_1_671' title='bbox 1220 4584 1381 4639; x_wconf 90' lang='lat' dir='ltr'><strong>prope</strong></span> <span class='ocrx_word' id='word_1_672' title='bbox 1417 4560 1748 4627; x_wconf 74' lang='lat' dir='ltr'><strong>antemurale</strong></span> <span class='ocrx_word' id='word_1_673' title='bbox 1780 4573 1818 4625; x_wconf 90' lang='grc'><strong>³.</strong></span> 
     </span>
    </p>
   </div>
   <div class='ocr_carea' id='block_1_92' title="bbox 1987 4554 3530 4641">
    <p class='ocr_par' dir='ltr' id='par_1_92' title="bbox 1987 4554 3530 4641">
     <span class='ocr_line' id='line_1_92' title="bbox 1987 4554 3530 4641; baseline -0.003 -14"><span class='ocrx_word' id='word_1_674' title='bbox 1987 4570 2098 4635; x_wconf 63' lang='lat' dir='ltr'><strong>ws,</strong></span> <span class='ocrx_word' id='word_1_675' title='bbox 2135 4571 2290 4641; x_wconf 67' lang='grc' dir='ltr'><strong>φησὶ,</strong></span> <span class='ocrx_word' id='word_1_676' title='bbox 2325 4570 2646 4640; x_wconf 74' lang='grc' dir='ltr'><strong>περιστερὰ</strong></span> <span class='ocrx_word' id='word_1_677' title='bbox 2668 4588 2810 4641; x_wconf 85' lang='grc' dir='ltr'><strong>μου,</strong></span> <span class='ocrx_word' id='word_1_678' title='bbox 2838 4571 2907 4624; x_wconf 75' lang='grc' dir='ltr'><strong>ἐν</strong></span> <span class='ocrx_word' id='word_1_679' title='bbox 2927 4568 3128 4638; x_wconf 73' lang='grc' dir='ltr'><strong>σκέπῃ</strong></span> <span class='ocrx_word' id='word_1_680' title='bbox 3156 4569 3266 4638; x_wconf 78' lang='grc' dir='ltr'><strong>τῆς</strong></span> <span class='ocrx_word' id='word_1_681' title='bbox 3301 4554 3530 4639; x_wconf 56' lang='grc' dir='ltr'><strong>,πέτρας</strong></span> 
     </span>
    </p>
   </div>
   <div class='ocr_carea' id='block_1_93' title="bbox 252 4657 1827 4737">
    <p class='ocr_par' dir='ltr' id='par_1_93' title="bbox 252 4657 1827 4737">
     <span class='ocr_line' id='line_1_93' title="bbox 252 4657 1827 4737; baseline 0.004 -24"><span class='ocrx_word' id='word_1_682' title='bbox 252 4657 317 4713; x_wconf 82' lang='grc' dir='ltr'><strong>1η</strong></span> <span class='ocrx_word' id='word_1_683' title='bbox 347 4668 544 4727; x_wconf 81' lang='lat' dir='ltr'><strong>tegmen</strong></span> <span class='ocrx_word' id='word_1_684' title='bbox 567 4669 731 4726; x_wconf 79' lang='lat' dir='ltr'><strong>petra:</strong></span> <span class='ocrx_word' id='word_1_685' title='bbox 749 4660 907 4724; x_wconf 85' lang='lat' dir='ltr'><strong>dixit,</strong></span> <span class='ocrx_word' id='word_1_686' title='bbox 938 4660 1042 4714; x_wconf 78' lang='lat' dir='ltr'><strong>line</strong></span> <span class='ocrx_word' id='word_1_687' title='bbox 1064 4670 1169 4726; x_wconf 87' lang='lat' dir='ltr'><strong>est,</strong></span> <span class='ocrx_word' id='word_1_688' title='bbox 1188 4661 1394 4718; x_wconf 83' lang='lat' dir='ltr'><strong>Christi</strong></span> <span class='ocrx_word' id='word_1_689' title='bbox 1435 4665 1827 4737; x_wconf 81' lang='lat' dir='ltr'><strong>benignitatem</strong></span> 
     </span>
    </p>
   </div>
   <div class='ocr_carea' id='block_1_94' title="bbox 248 4742 1829 4827">
    <p class='ocr_par' dir='ltr' id='par_1_94' title="bbox 248 4742 1829 4827">
     <span class='ocr_line' id='line_1_94' title="bbox 248 4742 1829 4827; baseline 0.007 -24"><span class='ocrx_word' id='word_1_690' title='bbox 248 4742 794 4821; x_wconf 81' lang='lat' dir='ltr'><strong>misericordiamque</strong></span> <span class='ocrx_word' id='word_1_691' title='bbox 851 4750 1090 4807; x_wconf 88' lang='lat' dir='ltr'><strong>Domini.</strong></span> <span class='ocrx_word' id='word_1_692' title='bbox 1151 4752 1267 4810; x_wconf 86' lang='lat' dir='ltr'><strong>Hoc</strong></span> <span class='ocrx_word' id='word_1_693' title='bbox 1330 4756 1477 4811; x_wconf 91' lang='lat' dir='ltr'><strong>enim</strong></span> <span class='ocrx_word' id='word_1_694' title='bbox 1531 4766 1616 4814; x_wconf 90' lang='lat' dir='ltr'><strong>est</strong></span> <span class='ocrx_word' id='word_1_695' title='bbox 1665 4767 1829 4827; x_wconf 68' lang='lat' dir='ltr'><strong>petra:</strong></span> 
     </span>
    </p>
   </div>
   <div class='ocr_carea' id='block_1_95' title="bbox 252 4846 1823 4918">
    <p class='ocr_par' dir='ltr' id='par_1_95' title="bbox 252 4846 1823 4918">
     <span class='ocr_line' id='line_1_95' title="bbox 252 4846 1823 4918; baseline 0.007 -25"><span class='ocrx_word' id='word_1_696' title='bbox 252 4849 493 4911; x_wconf 81' lang='lat' dir='ltr'><strong>tegmen;</strong></span> <span class='ocrx_word' id='word_1_697' title='bbox 548 4856 787 4913; x_wconf 87' lang='lat' dir='ltr'><strong>tegmen,</strong></span> <span class='ocrx_word' id='word_1_698' title='bbox 820 4846 1067 4914; x_wconf 90' lang='lat' dir='ltr'><strong>inquam,</strong></span> <span class='ocrx_word' id='word_1_699' title='bbox 1100 4846 1238 4916; x_wconf 90' lang='lat' dir='ltr'><strong>spei,</strong></span> <span class='ocrx_word' id='word_1_700' title='bbox 1277 4848 1402 4903; x_wconf 86' lang='lat' dir='ltr'><strong>lidei</strong></span> <span class='ocrx_word' id='word_1_701' title='bbox 1434 4855 1598 4918; x_wconf 88' lang='lat' dir='ltr'><strong>atque</strong></span> <span class='ocrx_word' id='word_1_702' title='bbox 1622 4852 1823 4904; x_wconf 91' lang='lat' dir='ltr'><strong>verita-</strong></span> 
     </span>
    </p>
   </div>
   <div class='ocr_carea' id='block_1_96' title="bbox 253 4931 1829 5010">
    <p class='ocr_par' dir='ltr' id='par_1_96' title="bbox 253 4931 1829 5010">
     <span class='ocr_line' id='line_1_96' title="bbox 253 4931 1829 5010; baseline 0.007 -26"><span class='ocrx_word' id='word_1_703' title='bbox 253 4933 341 4987; x_wconf 86' lang='lat' dir='ltr'><strong>tis.</strong></span> <span class='ocrx_word' id='word_1_704' title='bbox 404 4931 575 5002; x_wconf 78' lang='lat' dir='ltr'><strong>Prape</strong></span> <span class='ocrx_word' id='word_1_705' title='bbox 626 4936 959 4990; x_wconf 82' lang='lat' dir='ltr'><strong>antemurale</strong></span> <span class='ocrx_word' id='word_1_706' title='bbox 1011 4951 1157 5002; x_wconf 82' lang='lat' dir='ltr'><strong>vero,</strong></span> <span class='ocrx_word' id='word_1_707' title='bbox 1213 4936 1320 4991; x_wconf 86' lang='lat' dir='ltr'><strong>hoc</strong></span> <span class='ocrx_word' id='word_1_708' title='bbox 1369 4947 1474 5002; x_wconf 90' lang='lat' dir='ltr'><strong>est,</strong></span> <span class='ocrx_word' id='word_1_709' title='bbox 1531 4948 1829 5010; x_wconf 83' lang='lat' dir='ltr'><strong>antequam</strong></span> 
     </span>
    </p>
   </div>
   <div class='ocr_carea' id='block_1_97' title="bbox 252 5025 1827 5101">
    <p class='ocr_par' dir='ltr' id='par_1_97' title="bbox 252 5025 1827 5101">
     <span class='ocr_line' id='line_1_97' title="bbox 252 5025 1827 5101; baseline 0.006 -23"><span class='ocrx_word' id='word_1_710' title='bbox 252 5030 409 5093; x_wconf 85' lang='lat' dir='ltr'><strong>porta</strong></span> <span class='ocrx_word' id='word_1_711' title='bbox 453 5025 761 5090; x_wconf 88' lang='lat' dir='ltr'><strong>claudatur,</strong></span> <span class='ocrx_word' id='word_1_712' title='bbox 812 5035 1102 5098; x_wconf 85' lang='lat' dir='ltr'><strong>antequam</strong></span> <span class='ocrx_word' id='word_1_713' title='bbox 1138 5026 1249 5083; x_wconf 80' lang='lat' dir='ltr'><strong>Rex</strong></span> <span class='ocrx_word' id='word_1_714' title='bbox 1302 5032 1678 5101; x_wconf 86' lang='lat' dir='ltr'><strong>introgressus</strong></span> <span class='ocrx_word' id='word_1_715' title='bbox 1718 5049 1827 5087; x_wconf 90' lang='lat' dir='ltr'><strong>non</strong></span> 
     </span>
    </p>
   </div>
   <div class='ocr_carea' id='block_1_98' title="bbox 252 5114 1827 5192">
    <p class='ocr_par' dir='ltr' id='par_1_98' title="bbox 252 5114 1827 5192">
     <span class='ocr_line' id='line_1_98' title="bbox 252 5114 1827 5192; baseline 0.009 -28"><span class='ocrx_word' id='word_1_716' title='bbox 252 5114 486 5184; x_wconf 83' lang='lat' dir='ltr'><strong>amplius</strong></span> <span class='ocrx_word' id='word_1_717' title='bbox 519 5126 640 5184; x_wconf 87' lang='lat' dir='ltr'><strong>post</strong></span> <span class='ocrx_word' id='word_1_718' title='bbox 682 5118 888 5171; x_wconf 77' lang='lat' dir='ltr'><strong>exitum</strong></span> <span class='ocrx_word' id='word_1_719' title='bbox 918 5120 987 5173; x_wconf 87' lang='lat' dir='ltr'><strong>ab</strong></span> <span class='ocrx_word' id='word_1_720' title='bbox 1013 5120 1116 5174; x_wconf 86' lang='lat' dir='ltr'><strong>hac</strong></span> <span class='ocrx_word' id='word_1_721' title='bbox 1158 5121 1270 5174; x_wconf 91' lang='lat' dir='ltr'><strong>vita</strong></span> <span class='ocrx_word' id='word_1_722' title='bbox 1301 5131 1645 5192; x_wconf 89' lang='lat' dir='ltr'><strong>mortemque</strong></span> <span class='ocrx_word' id='word_1_723' title='bbox 1679 5126 1827 5178; x_wconf 89' lang='lat' dir='ltr'><strong>reei-</strong></span> 
     </span>
    </p>
   </div>
   <div class='ocr_carea' id='block_1_99' title="bbox 253 5206 1826 5284">
    <p class='ocr_par' dir='ltr' id='par_1_99' title="bbox 253 5206 1826 5284">
     <span class='ocr_line' id='line_1_99' title="bbox 253 5206 1826 5284; baseline 0.006 -23"><span class='ocrx_word' id='word_1_724' title='bbox 253 5207 385 5278; x_wconf 87' lang='lat' dir='ltr'><strong>piat.</strong></span> <span class='ocrx_word' id='word_1_725' title='bbox 425 5206 560 5261; x_wconf 90' lang='lat' dir='ltr'><strong>Cum</strong></span> <span class='ocrx_word' id='word_1_726' title='bbox 612 5223 718 5263; x_wconf 91' lang='lat' dir='ltr'><strong>non</strong></span> <span class='ocrx_word' id='word_1_727' title='bbox 765 5211 1001 5280; x_wconf 91' lang='lat' dir='ltr'><strong>amplius</strong></span> <span class='ocrx_word' id='word_1_728' title='bbox 1025 5227 1195 5284; x_wconf 80' lang='lat' dir='ltr'><strong>prepe</strong></span> <span class='ocrx_word' id='word_1_729' title='bbox 1226 5216 1571 5271; x_wconf 89' lang='lat' dir='ltr'><strong>antemurale</strong></span> <span class='ocrx_word' id='word_1_730' title='bbox 1601 5232 1826 5283; x_wconf 87' lang='lat' dir='ltr'><strong>sumus;</strong></span> 
     </span>
    </p>
   </div>
   <div class='ocr_carea' id='block_1_100' title="bbox 254 5301 1825 5374">
    <p class='ocr_par' dir='ltr' id='par_1_100' title="bbox 254 5301 1825 5374">
     <span class='ocr_line' id='line_1_100' title="bbox 254 5301 1825 5374; baseline 0.003 -17"><span class='ocrx_word' id='word_1_731' title='bbox 254 5302 348 5357; x_wconf 87' lang='lat' dir='ltr'><strong>sed</strong></span> <span class='ocrx_word' id='word_1_732' title='bbox 404 5301 603 5356; x_wconf 69' lang='lat' dir='ltr'><strong>clausre</strong></span> <span class='ocrx_word' id='word_1_733' title='bbox 659 5311 783 5357; x_wconf 92' lang='lat' dir='ltr'><strong>sunt</strong></span> <span class='ocrx_word' id='word_1_734' title='bbox 840 5311 1027 5374; x_wconf 73' lang='lat' dir='ltr'><strong>portae,</strong></span> <span class='ocrx_word' id='word_1_735' title='bbox 1059 5321 1159 5360; x_wconf 87' lang='lat' dir='ltr'><strong>nec</strong></span> <span class='ocrx_word' id='word_1_736' title='bbox 1183 5306 1331 5363; x_wconf 83' lang='lat' dir='ltr'><strong>ullus</strong></span> <span class='ocrx_word' id='word_1_737' title='bbox 1378 5307 1707 5363; x_wconf 89' lang='lat' dir='ltr'><strong>emendandi</strong></span> <span class='ocrx_word' id='word_1_738' title='bbox 1739 5308 1825 5363; x_wconf 91' lang='lat' dir='ltr'><strong>sui</strong></span> 
     </span>
    </p>
   </div>
   <div class='ocr_carea' id='block_1_101' title="bbox 255 5393 550 5448">
    <p class='ocr_par' dir='ltr' id='par_1_101' title="bbox 255 5393 550 5448">
     <span class='ocr_line' id='line_1_101' title="bbox 255 5393 550 5448; baseline 0 -2"><span class='ocrx_word' id='word_1_739' title='bbox 255 5393 412 5447; x_wconf 86' lang='lat' dir='ltr'><strong>locus</strong></span> <span class='ocrx_word' id='word_1_740' title='bbox 446 5399 550 5448; x_wconf 88' lang='lat' dir='ltr'><strong>est.</strong></span> 
     </span>
    </p>
   </div>
   <div class='ocr_carea' id='block_1_102' title="bbox 309 5608 1808 5699">
    <p class='ocr_par' dir='ltr' id='par_1_102' title="bbox 309 5608 1808 5699">
     <span class='ocr_line' id='line_1_102' title="bbox 309 5608 1808 5699; baseline 0.007 -40"><span class='ocrx_word' id='word_1_741' title='bbox 309 5611 351 5699; x_wconf 59' lang='lat'><strong>_‘</strong></span> <span class='ocrx_word' id='word_1_742' title='bbox 380 5608 537 5663; x_wconf 75' lang='lat' dir='ltr'><strong>Cant.</strong></span> <span class='ocrx_word' id='word_1_743' title='bbox 562 5626 621 5675; x_wconf 86' lang='lat' dir='ltr'><strong>tl,</strong></span> <span class='ocrx_word' id='word_1_744' title='bbox 650 5612 737 5676; x_wconf 82' lang='grc'><strong>10,</strong></span> <span class='ocrx_word' id='word_1_745' title='bbox 771 5614 857 5667; x_wconf 80' lang='grc'><strong>11.</strong></span> <span class='ocrx_word' id='word_1_746' title='bbox 933 5615 952 5643; x_wconf 83' lang='grc'>²</span> <span class='ocrx_word' id='word_1_747' title='bbox 976 5613 1110 5669; x_wconf 84' lang='lat' dir='ltr'><strong>ibid.</strong></span> <span class='ocrx_word' id='word_1_748' title='bbox 1137 5616 1318 5670; x_wconf 67' lang='lat'><strong>11-15.</strong></span> <span class='ocrx_word' id='word_1_749' title='bbox 1389 5616 1410 5647; x_wconf 89' lang='grc'>³</span> <span class='ocrx_word' id='word_1_750' title='bbox 1441 5613 1569 5671; x_wconf 84' lang='lat' dir='ltr'><strong>ibid.</strong></span> <span class='ocrx_word' id='word_1_751' title='bbox 1595 5616 1682 5682; x_wconf 74' lang='grc'><strong>15,</strong></span> <span class='ocrx_word' id='word_1_752' title='bbox 1723 5619 1808 5670; x_wconf 71' lang='grc'><strong>14.</strong></span> 
     </span>
    </p>
   </div>
   <div class='ocr_carea' id='block_1_103' title="bbox 1936 4662 3525 4734">
    <p class='ocr_par' dir='ltr' id='par_1_103' title="bbox 1936 4662 3525 4734">
     <span class='ocr_line' id='line_1_103' title="bbox 1936 4662 3525 4734; baseline -0.001 -16"><span class='ocrx_word' id='word_1_753' title='bbox 1936 4665 2193 4734; x_wconf 77' lang='grc' dir='ltr'><strong>ἐχόμενα</strong></span> <span class='ocrx_word' id='word_1_754' title='bbox 2217 4662 2322 4717; x_wconf 83' lang='grc' dir='ltr'><strong>τοῦ</strong></span> <span class='ocrx_word' id='word_1_755' title='bbox 2349 4664 2864 4732; x_wconf 77' lang='grc' dir='ltr'><strong>προτειχίσματος.</strong></span> <span class='ocrx_word' id='word_1_756' title='bbox 2914 4664 3016 4717; x_wconf 84' lang='grc' dir='ltr'><strong>Ἐν</strong></span> <span class='ocrx_word' id='word_1_757' title='bbox 3047 4665 3249 4732; x_wconf 74' lang='grc' dir='ltr'><strong>σκέπῃ</strong></span> <span class='ocrx_word' id='word_1_758' title='bbox 3277 4666 3525 4734; x_wconf 80' lang='grc' dir='ltr'><strong>πέτρας,</strong></span> 
     </span>
    </p>
   </div>
   <div class='ocr_carea' id='block_1_104' title="bbox 1938 4754 3529 4828">
    <p class='ocr_par' dir='ltr' id='par_1_104' title="bbox 1938 4754 3529 4828">
     <span class='ocr_line' id='line_1_104' title="bbox 1938 4754 3529 4828; baseline 0.002 -19"><span class='ocrx_word' id='word_1_759' title='bbox 1938 4759 1994 4810; x_wconf 82' lang='grc' dir='ltr'><strong>ὲν</strong></span> <span class='ocrx_word' id='word_1_760' title='bbox 2025 4754 2403 4828; x_wconf 70' lang='grc' dir='ltr'><strong>φιλανθρωπία</strong></span> <span class='ocrx_word' id='word_1_761' title='bbox 2428 4755 2686 4827; x_wconf 80' lang='grc' dir='ltr'><strong>Χριστοῦ,</strong></span> <span class='ocrx_word' id='word_1_762' title='bbox 2731 4756 2823 4808; x_wconf 75' lang='grc' dir='ltr'><strong>καὶ</strong></span> <span class='ocrx_word' id='word_1_763' title='bbox 2851 4757 2908 4806; x_wconf 79' lang='grc' dir='ltr'><strong>ὲν</strong></span> <span class='ocrx_word' id='word_1_764' title='bbox 2934 4755 3069 4809; x_wconf 74' lang='grc' dir='ltr'><strong>ἐλέει</strong></span> <span class='ocrx_word' id='word_1_765' title='bbox 3105 4756 3337 4828; x_wconf 76' lang='grc' dir='ltr'><strong>Κυρίου,</strong></span> <span class='ocrx_word' id='word_1_766' title='bbox 3367 4774 3529 4812; x_wconf 77' lang='grc' dir='ltr'><strong>τουτ-</strong></span> 
     </span>
    </p>
   </div>
   <div class='ocr_carea' id='block_1_105' title="bbox 1938 4846 3528 4917">
    <p class='ocr_par' dir='ltr' id='par_1_105' title="bbox 1938 4846 3528 4917">
     <span class='ocr_line' id='line_1_105' title="bbox 1938 4846 3528 4917; baseline 0.001 -17"><span class='ocrx_word' id='word_1_767' title='bbox 1938 4847 2053 4901; x_wconf 87' lang='grc' dir='ltr'><strong>έστι</strong></span> <span class='ocrx_word' id='word_1_768' title='bbox 2102 4847 2278 4916; x_wconf 81' lang='grc' dir='ltr'><strong>σκέπη</strong></span> <span class='ocrx_word' id='word_1_769' title='bbox 2331 4846 2537 4917; x_wconf 83' lang='grc' dir='ltr'><strong>πέτρας</strong></span> <span class='ocrx_word' id='word_1_770' title='bbox 2563 4888 2578 4910; x_wconf 89' lang='grc'><strong>,</strong></span> <span class='ocrx_word' id='word_1_771' title='bbox 2624 4847 2798 4914; x_wconf 79' lang='grc' dir='ltr'><strong>σκέπη</strong></span> <span class='ocrx_word' id='word_1_772' title='bbox 2840 4846 3072 4910; x_wconf 78' lang='grc' dir='ltr'><strong>ἐλπίδος,</strong></span> <span class='ocrx_word' id='word_1_773' title='bbox 3126 4848 3220 4900; x_wconf 79' lang='grc' dir='ltr'><strong>καὶ</strong></span> <span class='ocrx_word' id='word_1_774' title='bbox 3264 4849 3528 4913; x_wconf 83' lang='grc' dir='ltr'><strong>πίστεως,</strong></span> 
     </span>
    </p>
   </div>
   <div class='ocr_carea' id='block_1_106' title="bbox 1939 4938 3532 5010">
    <p class='ocr_par' dir='ltr' id='par_1_106' title="bbox 1939 4938 3532 5010">
     <span class='ocr_line' id='line_1_106' title="bbox 1939 4938 3532 5010; baseline 0.001 -16"><span class='ocrx_word' id='word_1_775' title='bbox 1939 4940 2034 4994; x_wconf 61' lang='grc' dir='ltr'><strong>καὶ¹</strong></span> <span class='ocrx_word' id='word_1_776' title='bbox 2073 4939 2349 5010; x_wconf 81' lang='grc' dir='ltr'><strong>ἀληθείας.</strong></span> <span class='ocrx_word' id='word_1_777' title='bbox 2368 4939 2660 5007; x_wconf 79' lang='grc' dir='ltr'><strong>Ἑχόμενα</strong></span> <span class='ocrx_word' id='word_1_778' title='bbox 2686 4938 2789 4992; x_wconf 84' lang='grc' dir='ltr'><strong>τοῦ</strong></span> <span class='ocrx_word' id='word_1_779' title='bbox 2816 4940 3315 5008; x_wconf 75' lang='grc' dir='ltr'><strong>προτειχίσματος</strong></span> <span class='ocrx_word' id='word_1_780' title='bbox 3340 4958 3354 4971; x_wconf 90' lang='grc'><strong>·</strong></span> <span class='ocrx_word' id='word_1_781' title='bbox 3378 4959 3532 4995; x_wconf 81' lang='grc' dir='ltr'><strong>τουτ-</strong></span> 
     </span>
    </p>
   </div>
   <div class='ocr_carea' id='block_1_107' title="bbox 1937 5030 3533 5103">
    <p class='ocr_par' dir='ltr' id='par_1_107' title="bbox 1937 5030 3533 5103">
     <span class='ocr_line' id='line_1_107' title="bbox 1937 5030 3533 5103; baseline 0.002 -19"><span class='ocrx_word' id='word_1_782' title='bbox 1937 5031 2080 5098; x_wconf 86' lang='grc' dir='ltr'><strong>έστι,</strong></span> <span class='ocrx_word' id='word_1_783' title='bbox 2115 5031 2281 5102; x_wconf 83' lang='grc' dir='ltr'><strong>πρινὴ</strong></span> <span class='ocrx_word' id='word_1_784' title='bbox 2321 5030 2634 5101; x_wconf 82' lang='grc' dir='ltr'><strong>κλεισθῆναι</strong></span> <span class='ocrx_word' id='word_1_785' title='bbox 2672 5033 2770 5101; x_wconf 83' lang='grc' dir='ltr'><strong>τὴν</strong></span> <span class='ocrx_word' id='word_1_786' title='bbox 2809 5032 3015 5101; x_wconf 81' lang='grc' dir='ltr'><strong>πύλην,</strong></span> <span class='ocrx_word' id='word_1_787' title='bbox 3065 5030 3231 5103; x_wconf 80' lang='grc' dir='ltr'><strong>πρινὴ</strong></span> <span class='ocrx_word' id='word_1_788' title='bbox 3284 5033 3394 5086; x_wconf 70' lang='grc' dir='ltr'><strong>ἔσω</strong></span> <span class='ocrx_word' id='word_1_789' title='bbox 3432 5050 3533 5087; x_wconf 83' lang='grc' dir='ltr'><strong>πε-</strong></span> 
     </span>
    </p>
   </div>
   <div class='ocr_carea' id='block_1_108' title="bbox 1943 5121 3530 5196">
    <p class='ocr_par' dir='ltr' id='par_1_108' title="bbox 1943 5121 3530 5196">
     <span class='ocr_line' id='line_1_108' title="bbox 1943 5121 3530 5196; baseline 0.003 -22"><span class='ocrx_word' id='word_1_790' title='bbox 1943 5121 2170 5195; x_wconf 75' lang='grc' dir='ltr'><strong>ριϐόλων</strong></span> <span class='ocrx_word' id='word_1_791' title='bbox 2221 5122 2513 5192; x_wconf 83' lang='grc' dir='ltr'><strong>γενόμενος</strong></span> <span class='ocrx_word' id='word_1_792' title='bbox 2564 5123 2592 5174; x_wconf 91' lang='grc' dir='ltr'>ὀ</span> <span class='ocrx_word' id='word_1_793' title='bbox 2634 5122 2897 5186; x_wconf 79' lang='grc' dir='ltr'><strong>Βασιλεὺς</strong></span> <span class='ocrx_word' id='word_1_794' title='bbox 2961 5122 3161 5193; x_wconf 82' lang='grc' dir='ltr'><strong>μηκέτι</strong></span> <span class='ocrx_word' id='word_1_795' title='bbox 3223 5125 3530 5196; x_wconf 78' lang='grc' dir='ltr'><strong>εἱσδέξηται</strong></span> 
     </span>
    </p>
   </div>
   <div class='ocr_carea' id='block_1_109' title="bbox 1942 5213 3527 5285">
    <p class='ocr_par' dir='ltr' id='par_1_109' title="bbox 1942 5213 3527 5285">
     <span class='ocr_line' id='line_1_109' title="bbox 1942 5213 3527 5285; baseline 0.002 -17"><span class='ocrx_word' id='word_1_796' title='bbox 1942 5214 2081 5285; x_wconf 90' lang='grc' dir='ltr'><strong>μετά</strong></span> <span class='ocrx_word' id='word_1_797' title='bbox 2120 5213 2216 5285; x_wconf 84' lang='grc' dir='ltr'><strong>τὴν</strong></span> <span class='ocrx_word' id='word_1_798' title='bbox 2250 5213 2501 5267; x_wconf 77' lang='grc' dir='ltr'><strong>ἐντεῦθεν</strong></span> <span class='ocrx_word' id='word_1_799' title='bbox 2540 5213 2860 5285; x_wconf 87' lang='grc' dir='ltr'><strong>ἀπαλλαγήν</strong></span> <span class='ocrx_word' id='word_1_800' title='bbox 2890 5231 2949 5267; x_wconf 90' lang='grc' dir='ltr'><strong>τε</strong></span> <span class='ocrx_word' id='word_1_801' title='bbox 2991 5217 3085 5267; x_wconf 75' lang='grc' dir='ltr'><strong>καὶ</strong></span> <span class='ocrx_word' id='word_1_802' title='bbox 3135 5214 3366 5269; x_wconf 83' lang='grc' dir='ltr'><strong>θάνατον</strong></span> <span class='ocrx_word' id='word_1_803' title='bbox 3393 5233 3408 5247; x_wconf 90' lang='grc'><strong>·</strong></span> <span class='ocrx_word' id='word_1_804' title='bbox 3440 5218 3527 5271; x_wconf 78' lang='grc' dir='ltr'><strong>ὅτε</strong></span> 
     </span>
    </p>
   </div>
   <div class='ocr_carea' id='block_1_110' title="bbox 1938 5306 3531 5379">
    <p class='ocr_par' dir='ltr' id='par_1_110' title="bbox 1938 5306 3531 5379">
     <span class='ocr_line' id='line_1_110' title="bbox 1938 5306 3531 5379; baseline 0.003 -20"><span class='ocrx_word' id='word_1_805' title='bbox 1938 5307 2124 5361; x_wconf 77' lang='grc' dir='ltr'><strong>οὐκέτι</strong></span> <span class='ocrx_word' id='word_1_806' title='bbox 2154 5307 2391 5379; x_wconf 79' lang='grc' dir='ltr'><strong>ἐχόμενα</strong></span> <span class='ocrx_word' id='word_1_807' title='bbox 2427 5306 2522 5361; x_wconf 77' lang='grc' dir='ltr'><strong>τοῦ</strong></span> <span class='ocrx_word' id='word_1_808' title='bbox 2568 5307 3045 5379; x_wconf 80' lang='grc' dir='ltr'><strong>προτειχίσματος,</strong></span> <span class='ocrx_word' id='word_1_809' title='bbox 3088 5306 3227 5362; x_wconf 90' lang='grc' dir='ltr'><strong>ἀλλά</strong></span> <span class='ocrx_word' id='word_1_810' title='bbox 3271 5310 3531 5364; x_wconf 82' lang='grc' dir='ltr'><strong>ἀπεκλεί-</strong></span> 
     </span>
    </p>
   </div>
   <div class='ocr_carea' id='block_1_111' title="bbox 1941 5399 3330 5471">
    <p class='ocr_par' dir='ltr' id='par_1_111' title="bbox 1941 5399 3330 5471">
     <span class='ocr_line' id='line_1_111' title="bbox 1941 5399 3330 5471; baseline 0.004 -20"><span class='ocrx_word' id='word_1_811' title='bbox 1941 5399 2145 5470; x_wconf 85' lang='grc' dir='ltr'><strong>σθησαν</strong></span> <span class='ocrx_word' id='word_1_812' title='bbox 2173 5401 2229 5452; x_wconf 79' lang='grc' dir='ltr'><strong>αἱ</strong></span> <span class='ocrx_word' id='word_1_813' title='bbox 2256 5399 2442 5464; x_wconf 84' lang='grc' dir='ltr'><strong>πύλαι,</strong></span> <span class='ocrx_word' id='word_1_814' title='bbox 2471 5400 2565 5453; x_wconf 79' lang='grc' dir='ltr'><strong>καὶ</strong></span> <span class='ocrx_word' id='word_1_815' title='bbox 2591 5400 2775 5453; x_wconf 86' lang='grc' dir='ltr'><strong>ούκέτι</strong></span> <span class='ocrx_word' id='word_1_816' title='bbox 2805 5399 2884 5454; x_wconf 78' lang='grc' dir='ltr'><strong>ἔνι</strong></span> <span class='ocrx_word' id='word_1_817' title='bbox 2908 5399 3330 5471; x_wconf 73' lang='grc' dir='ltr'><strong>διορθώσασθαι.</strong></span> 
     </span>
    </p>
   </div>
   <div class='ocr_carea' id='block_1_112' title="bbox 331 5755 2013 5850">
    <p class='ocr_par' dir='ltr' id='par_1_112' title="bbox 331 5755 2013 5850">
     <span class='ocr_line' id='line_1_112' title="bbox 331 5755 2013 5850; baseline 0.009 -36"><span class='ocrx_word' id='word_1_818' title='bbox 331 5755 443 5824; x_wconf 71' lang='grc'><strong>(15)</strong></span> <span class='ocrx_word' id='word_1_819' title='bbox 495 5759 680 5816; x_wconf 78' lang='grc' dir='ltr'><strong>Ἀλλὰ</strong></span> <span class='ocrx_word' id='word_1_820' title='bbox 733 5766 831 5819; x_wconf 79' lang='grc' dir='ltr'><strong>καὶ</strong></span> <span class='ocrx_word' id='word_1_821' title='bbox 877 5768 948 5822; x_wconf 83' lang='grc' dir='ltr'><strong>ἐν</strong></span> <span class='ocrx_word' id='word_1_822' title='bbox 1001 5767 1075 5841; x_wconf 74' lang='grc' dir='ltr'><strong>τῇ</strong></span> <span class='ocrx_word' id='word_1_823' title='bbox 1134 5772 1353 5844; x_wconf 78' lang='grc' dir='ltr'><strong>πρώτῃ.</strong></span> <span class='ocrx_word' id='word_1_824' title='bbox 1412 5772 1474 5831; x_wconf 80' lang='lat' dir='ltr'><strong>F.</strong></span> <span class='ocrx_word' id='word_1_825' title='bbox 1541 5776 1635 5827; x_wconf 69' lang='grc' dir='ltr'><strong>ἐπὶ</strong></span> <span class='ocrx_word' id='word_1_826' title='bbox 1693 5775 1762 5843; x_wconf 74' lang='grc' dir='ltr'><strong>τῇ</strong></span> <span class='ocrx_word' id='word_1_827' title='bbox 1802 5773 2013 5850; x_wconf 75' lang='grc' dir='ltr'><strong>πρώτῃ.</strong></span> 
     </span>
    </p>
   </div>
  </div>
