3794 6188
202 331 338 391 1033

868 318 1241 379 ADVERSUS
1277 319 1621 378 HERESES
1656 317 1783 374 LIB.
1829 313 1894 370 ll.
1927 312 2090 372 ΤΟΜ.
2133 314 2172 370 Ι.
2217 349 2282 358 —-
2326 320 2595 376 l‘leRES.
2637 319 2771 375 LlX.

3314 310 3455 372 1054

266 442 324 494 l'.
370 437 461 491 Ἐν
491 435 598 507 γὰρ
628 433 706 506 τῷ
748 431 994 505 μέλλοντι
1036 433 1215 496 αἰῶνι,
1249 433 1388 505 μετά
1432 434 1528 504 τὴν
1560 433 1767 505 ἀνθρὼ-

1941 432 2011 488 Χ.
2043 431 2255 488 Etenim
2306 433 2361 488 in
2397 433 2581 488 futuro
2612 433 2810 490 saeculo
2837 438 2957 502 post
2982 429 3221 486 hominis
3247 429 3456 484 obitum

203 549 303 586 που
369 528 721 599 ἀπαλλαγὴν,
775 527 834 579 οὺ
897 525 1152 596 νηστείας
1208 526 1510 598 πορισμὸς,
1561 526 1624 578 οὐ
1685 543 1782 596 με-

202 623 421 687 τανοίας
472 622 686 692 κλῆσις,
739 621 839 672 οὐκ
895 619 1263 691 ἐλεημοσύνης
1316 619 1604 684 ἐπίδειξιςο
1666 617 1780 672 ἀλλ’

201 713 323 767 οὔτε
346 703 707 783 ἐγκλημάτων
742 709 902 779 ἔργα,
933 709 995 761 οὐ
1033 709 1287 779 πόλεμος,
1319 710 1381 761 οὐ
1419 709 1654 778 μοιχεία,
1683 709 1784 762 οὐκ

201 805 480 873 ἀσέλγεια,
504 804 618 856 ἀλλ’
643 802 765 855 οὔτε
783 800 1102 870 δικαιοσύνη
1126 801 1220 854 καὶ
1251 801 1526 871 μετάνοια.
1562 801 1650 864 Ὠς
1673 799 1782 872 γὰρ

207 896 344 967 μετὰ
377 894 632 965 θερισμὸν
669 893 765 946 τοῦ
797 896 1030 964 στάχυος
1060 896 1167 947 οὐκ
1195 893 1273 947 ἔνι
1318 892 1657 963 παχυνθῆναι
1693 892 1786 945 τὸν

202 986 422 1050 κόκκον,
473 987 574 1037 οὐκ
620 985 988 1057 ἀνεμοφθόρον
1027 985 1302 1054 γενέσθαι,
1351 985 1450 1036 οὐκ
1493 984 1571 1036 ἔνι
1616 983 1787 1038 εὐπά-

202 1075 328 1130 θειά
355 1093 440 1138 τις
470 1075 650 1146 ἑτέρα.
693 1075 854 1128 Ἀλλά
878 1077 952 1147 μὴ
990 1077 1118 1144 λέγε
1163 1093 1253 1146 μοι
1275 1078 1374 1146 τῆς
1397 1074 1690 1145 ἀποθήκης
1717 1076 1787 1128 τά

208 1165 526 1237 φθάρματα,
601 1165 850 1219 τουτέστι
921 1168 1015 1220 καὶ
1078 1165 1366 1238 σκώληκας
1419 1168 1516 1221 καὶ
1575 1169 1743 1238 σῆτας
1768 1186 1783 1200 ο

206 1253 382 1308 ταῦτα
410 1255 519 1324 γὰρ
551 1253 640 1306 διὰ
664 1255 732 1308 τά
761 1256 819 1308 ὲν
858 1254 938 1324 τῷ
973 1254 1130 1308 αἰῶνι
1177 1256 1405 1324 γίνεται.
1443 1255 1516 1308 Τὸ
1545 1257 1600 1308 δὲ
1625 1258 1788 1310 ἀπει-

209 1344 547 1415 κονισμένον,
579 1345 674 1397 καὶ
705 1345 763 1397 ὲν
795 1344 992 1409 πύλαις
1015 1347 1150 1416 ἡμῖν
1181 1348 1301 1418 είρη
1313 1347 1492 1417 μένον,
1525 1346 1621 1399 καὶ
1649 1348 1787 1400 ἀπο--

211 1435 352 1506 θήκῃ
393 1435 820 1513 ἠσφαλισμένον,
861 1436 1098 1500 πίστεώς
1146 1439 1294 1491 ἐστιν
1344 1438 1649 1510 ὑπόδειγμα
1694 1441 1788 1492 καὶ

212 1526 592 1596 ὑπογραμμός.
646 1527 835 1581 Ἔνθα
885 1527 1022 1581 οὔτε
1067 1528 1290 1597 λῃσταὶ
1347 1529 1786 1597 διορύττουσιν,

210 1616 350 1670 οὔτε
401 1615 588 1684 σεῆτες
628 1615 1042 1686 ἀφανίζουσιν,
1075 1619 1152 1683 ὡς
1198 1620 1301 1690 ἔφη
1355 1623 1383 1674 ό
1429 1620 1571 1686 θεῖος
1609 1621 1786 1691 λόγος.

1884 526 2068 581 nullus
2100 525 2337 597 amplius
2373 525 2567 594 jejunii
2623 533 2864 595 quaestus
2888 531 3008 590 est;
3042 537 3152 576 non
3192 521 3455 592 paeniten.

1885 620 1972 674 tiae
2008 619 2262 684 vocatio;
2312 632 2424 671 non
2472 617 2830 688 eleemosynae
2870 616 3030 687 502
3067 613 3313 670 ostensio
3349 618 3456 666 est.

1888 709 1994 764 Sed
2030 725 2210 780 neque
2232 709 2558 764 criminibus
2585 708 2714 761 ullis
2744 709 2920 774 locus,
2952 723 3060 762 non
3092 707 3317 768 bellum,
3345 718 3461 758 non

1886 801 2235 865 adulterium,
2267 816 2380 855 non
2411 799 2686 865 libidines,
2727 815 2901 869 neque
2934 815 2966 855 e
2997 799 3274 854 contrario
3297 794 3464 864 justi-

1885 896 1961 948 tia
1986 895 2069 948 vel
2098 894 2437 963 poenitentia.
2488 892 2622 946 Nam
2671 891 2815 948 sicut
2859 892 3105 946 demessa
3132 891 3301 959 spica.
3332 902 3461 958 gra-
3501 968 3507 974 ⁸

1888 1001 2016 1039 num
2045 999 2147 1039 nec
2187 992 2408 1055 turgere
2441 985 2721 1054 deinceps,
2764 987 2942 1054 neque
2981 993 3142 1037 vento
3181 979 3460 1050 corrumpi

1890 1083 2054 1145 atque
2103 1089 2451 1138 evanescere,
2496 1089 2599 1128 nec
2647 1074 2786 1128 allici
2831 1074 3065 1144 amplius
3106 1070 3464 1142 potest..Nec

1888 1172 1973 1219 est
2004 1165 2151 1234 quod
2182 1165 2328 1218 illam
2363 1163 2499 1217 mihi
2535 1164 2907 1234 corruptelam
2951 1164 3203 1232 obiicias,
3245 1175 3367 1231 quae
3405 1166 3463 1212 in

1889 1254 2104 1308 horreis
2145 1255 2389 1311 accidit:
2427 1256 2733 1325 cujusmodi
2759 1263 2890 1310 sunt
2926 1268 3136 1308 vermes
3193 1267 3258 1306 ac
3285 1253 3462 1306 tineae.

1890 1343 2016 1400 Haec
2046 1345 2191 1400 enim
2235 1347 2304 1400 ad
2337 1361 2401 1400 ea
2431 1362 2552 1417 quae
2592 1347 2648 1400 in
2691 1346 2889 1401 saeculo
2935 1353 3221 1416 geruntur,
3267 1344 3464 1398 adum-

1893 1434 2102 1490 branda
2168 1443 2438 1504 spectant.
2501 1436 2658 1501 Quod
2717 1443 2900 1490 autem
2961 1435 3318 1488 similitudine
3374 1433 3467 1486 illa

1892 1525 2226 1590 declaratur,
2273 1533 2327 1580 et
2358 1528 2416 1580 in
2446 1528 2620 1596 portis
2649 1542 2768 1582 esse
2796 1527 3018 1590 dicitur,
3057 1535 3219 1596 atque
3248 1528 3301 1580 in
3335 1525 3468 1578 hor-

1893 1615 2002 1670 reis
2030 1615 2335 1680 conditum,
2373 1617 2440 1670 ad
2473 1617 2778 1686 exemplum
2826 1616 2980 1679 ﬁdei,
3037 1632 3101 1670 ac
3149 1615 3470 1671 delineatio-

213 1705 349 1760 Οὔτε
379 1708 485 1778 μὴν
534 1709 802 1779 πορισμὸς
845 1711 1148 1776 εὐσεϐείας,
1198 1711 1320 1765 οὔτε
1356 1715 1663 1783 μετανοίας,
1716 1715 1781 1778 ὡς

1903 1721 2017 1760 nem
2048 1706 2304 1761 refertur.
2341 1705 2445 1760 Ubi
2473 1724 2635 1778 neque
2655 1707 2798 1776 [ures
2822 1709 3101 1777 e/fodiunt,
3132 1724 3293 1778 neque
3316 1708 3468 1760 tinem

214 1794 368 1866 {:p'qv,
415 1796 553 1866 μετὰ
593 1797 841 1854 θάνατον.
893 1801 968 1853 Οὐ
1028 1802 1136 1872 γὰρ
1184 1802 1433 1874 Λάζαρος
1491 1805 1793 1875 ἀπέρχεται

215 1887 351 1958 πρὸς
371 1889 462 1941 τὸν
491 1888 742 1943 πλούσιον
765 1893 899 1955 ἐκεῖ,
921 1891 1044 1944 οὔτε
1074 1895 1102 1946 ό
1126 1892 1380 1957 πλούσιος
1404 1895 1538 1965 πρὸς
1565 1897 1656 1949 τὸν
1681 1876 1795 1950 Λά-

217 1977 381 2050 ζαρον
407 1995 421 2009 ·
471 1978 594 2033 οὔτε
635 1980 884 2051 Ἀϐραὰμ
928 1982 1248 2035 ἀποστέλλει
1292 1984 1536 2038 σκύλλων
1570 1986 1660 2040 τὸν
1699 1988 1799 2040 πέ-

216 2085 352 2138 νητα
385 2069 686 2140 πλουτῆσαι
733 2070 988 2143 ὕστερον·
1025 2072 1151 2126 οὔτε
1193 2076 1221 2126 ὁ
1251 2075 1504 2140 πλούσιος
1524 2071 1601 2130 ,ὧν
1624 2080 1797 2131 αίτεῖ-

216 2176 325 2224 ται,
374 2161 576 2233 καίπερ
625 2163 762 2233 μετά
813 2164 1042 2227 ἱκεσίας,
1085 2165 1177 2219 τὸν
1224 2165 1493 2236 ἐλεήμονα
1550 2169 1800 2240 Ἀϐραὰμ

217 2252 606 2321 παρακαλέσας
652 2255 693 2308 ¹.
741 2253 1133 2325 Ἐσφράγισται
1184 2256 1290 2326 γὰρ
1315 2258 1382 2310 τὰ
1422 2261 1666 2328 ταμιεῖα,
1703 2277 1799 2313 πε-

219 2340 322 2410 πλή
333 2359 498 2412 ρωται
523 2345 550 2395 ὁ
571 2343 780 2414 χρόνος,
808 2345 900 2397 καὶ
919 2347 946 2398 ὁ
968 2344 1120 2413 ἀγὼν
1143 2346 1418 2418 ἐτελέσθη,
1443 2350 1535 2402 καὶ
1555 2350 1796 2421 ὲκενώθη

218 2433 279 2486 τὸ
309 2434 557 2505 σκάμμα,
589 2431 684 2490 καὶ
715 2439 765 2510 oui
798 2439 1052 2508 στέφανοι
1086 2439 1344 2510 ἐδόθησαν
1364 2457 1378 2472 ο
1406 2442 1500 2495 καὶ
1523 2442 1799 2510 ἀγωνισά-

224 2511 370 2593 μενοι
399 2526 771 2582 ἀνεπαύσαντο
800 2531 819 2560 ²
845 2545 860 2561 ο
894 2531 986 2583 καὶ
1025 2530 1075 2584 oi
1115 2531 1189 2601 μὴ
1221 2531 1524 2598 φθάσαντες
1564 2533 1796 2603 ὲξῆκαν·

221 2613 316 2666 καὶ
352 2616 400 2667 οἱ
425 2615 499 2686 μὴ
530 2618 930 2686 ἀγωνισάμενοι
959 2619 1143 2671 οὐκέτι
1173 2620 1492 2693 εὐποροῦσι·
1536 2622 1632 2676 καὶ
1664 2624 1714 2676 oi
1742 2625 1801 2677 ὲν

224 2706 300 2777 τῷ
335 2709 619 2778 σκάμματι
645 2709 968 2781 ἡττηθέντες
991 2709 1355 2782 ἐξεϐλήθησαν
1373 2729 1386 2742 ·
1417 2713 1600 2768 καὶτὰ
1623 2715 1802 2770 πάντα

228 2800 414 2869 σαφῶς
441 2801 780 2854 τετελείωται
813 2802 949 2872 μετὰ
972 2801 1068 2870 τὴν
1095 2803 1343 2857 ἐντεῦθεν
1367 2805 1650 2876 ἐκδημίαν.
1682 2810 1802 2862 Ἔτι

223 2888 279 2942 δὲ
306 2890 475 2944 ὄντων
506 2893 562 2945 έν
589 2892 666 2962 τῷ
709 2893 878 2961 ἀγῶνι
914 2891 1150 2956 πάντων,
1175 2894 1270 2946 καὶ
1314 2896 1453 2965 μετά
1486 2897 1692 2950 πτῶσιν
1721 2899 1801 2953 ἔνι

226 2981 537 3046 ἀνάστασις,
587 2983 666 3036 ἔτι
709 2983 885 3047 ἐλπὶς,
930 2984 1010 3037 ἔτι
1057 2983 1345 3054 θεραπεία,
1385 2985 1465 3039 ἔτι
1508 2989 1798 3058 ὁμολογίαο

1896 1807 2274 1866 corrumpunt,
2306 1809 2365 1853 ut
2400 1800 2664 1869 scriptum
2699 1807 2783 1855 est
2804 1800 2844 1852 ³.
2900 1799 3002 1854 Sed
3040 1815 3215 1869 neque
3251 1799 3468 1868 pietatis

1896 1889 2068 1942 ullum
2121 1891 2331 1945 lucrum
2387 1900 2496 1953 est,
2553 1899 2645 1944 aut
2680 1893 3028 1960 pteniteutiae,
3078 1891 3158 1945 uti
3207 1891 3467 1952 diximus,

1899 1987 2020 2050 post
2086 1990 2336 2036 mortem.
2403 1981 2521 2036 Non
2583 1983 2728 2038 enim
2792 1982 3033 2036 Lazarus
3093 1983 3202 2036 illic
3263 1983 3330 2036 ad
3395 1981 3473 2034 di-

1897 2073 2063 2126 vitem
2123 2075 2342 2144 pergit;
2422 2089 2602 2144 neque
2662 2075 2815 2129 dives
2872 2074 2944 2127 ad
3013 2073 3304 2127 Lazarum.
3368 2071 3475 2126 Ne-

1900 2177 2005 2232 que
2059 2164 2332 2230 Abraham
2386 2181 2674 2235 pauperem
2734 2166 2931 2228 mittit,
2990 2172 3084 2217 aut
3137 2165 3186 2218 ei
3233 2165 3473 2217 laborem

1901 2254 2130 2319 indicit,
2178 2263 2238 2308 ut
2281 2266 2467 2324 poswa
2516 2257 2773 2311 ditescat.
2814 2255 3003 2324 Neque
3045 2255 3197 2308 dives
3241 2267 3305 2307 ea
3353 2267 3474 2320 qum

1900 2347 2312 2415 postulaverat,
2401 2347 2710 2415 impetrat:
2765 2345 2982 2399 tametsi
3061 2341 3473 2398 misericordem

1849 2435 2272 2492 .Abrahamum
2349 2437 2562 2507 magnis
2637 2436 2890 2506 precibus
2949 2435 3220 2489 obsecrat.
3290 2430 3472 2500 Siqui-

1901 2525 2023 2583 dem
2075 2528 2362 2598 obsignata
2422 2536 2548 2582 sunt
2600 2526 3015 2596 promptuaria,
3066 2533 3228 2593 atque
3291 2524 3470 2592 exple-

1901 2626 2019 2676 tum
2053 2628 2268 2690 tempus
2303 2628 2409 2686 est,
2440 2628 2718 2674 certamen
2747 2620 3078 2678 confectum,
3109 2631 3342 2670 vacuum
3363 2623 3475 2668 sta-

1903 2715 2084 2780 dium,
2127 2712 2433 2767 distributze
2482 2726 2720 2773 coronae,
2764 2711 2978 2763 athleta:
3018 2708 3186 2778 quieti
3226 2723 3285 2761 se
3323 2707 3490 2760 dede-

1908 2817 2061 2862 runt.
2092 2808 2161 2858 At
2184 2805 2276 2874 qui
2321 2814 2592 2858 certamen
2625 2819 2730 2857 non
2762 2803 3078 2871 attigerunt,
3117 2801 3320 2854 nullam
3359 2815 3473 2852 am-

1903 2899 2047 2968 plius
2070 2897 2190 2966 ejus
2226 2896 2436 2964 copiam
2470 2895 2705 2958 habent;
2743 2901 2796 2946 et
2825 2893 2919 2962 qui
2944 2894 2998 2946 in
3029 2892 3206 2946 stadio
3231 2889 3472 2959 superati

1905 2996 2053 3048 sunt,
2086 2987 2245 3056 ejecti
2280 2985 2520 3039 fuerunt.
2561 2983 2803 3052 Denique
2849 2983 3028 3036 omnia
3065 2983 3246 3051 plane,
3277 2983 3367 3034 ubi
3400 2996 3467 3035 ex

220 3071 321 3126 κᾶν
352 3076 400 3126 εί
448 3074 522 3144 μὴ
561 3073 898 3140 τελειότατα,
949 3074 1065 3127 ἀλλ’
1094 3070 1187 3128 οὖν
1230 3092 1295 3143 γε
1343 3076 1452 3130 τῶν
1483 3078 1658 3133 ἄλλων
1698 3083 1781 3134 οὐ)

1905 3081 2008 3134 hac
2039 3080 2148 3133 vita
2177 3077 2480 3131 discessum
2523 3082 2627 3138 est,
2673 3076 2918 3129 absoluta
2965 3086 3090 3129 sunt
3119 3089 3181 3126 ac
3206 3072 3466 3142 perfecta.

221 3163 592 3234 ἀπηγόρευται
622 3166 654 3235 ή
691 3165 952 3236 σωτηρία.

1907 3173 2162 3239 Quandiu
2229 3170 2446 3239 quidem
2509 3169 2565 3222 in
2631 3169 2932 3222 certamine
2997 3167 3177 3221 adhuc
3232 3166 3477 3220 universi

220 3255 552 3320 consislum.
591 3258 672 3311 vel
698 3266 822 3326 post
854 3273 1044 3313 casum
1093 3274 1318 3330 surgere
1363 3261 1511 3327 licet,
1559 3280 1796 3338 spesque
1830 3268 2008 3324 adhuc
2047 3273 2328 3336 superest;
2361 3265 2541 3318 adhuc
2595 3262 2896 3318 remedium
2961 3272 3124 3332 atque
3181 3260 3475 3317 confessio.

221 3348 300 3403 Ac
346 3351 476 3405 licet
528 3366 634 3405 non
716 3353 1157 3422 perfectissimus
1225 3355 1314 3410 ille
1361 3365 1542 3415 status
1599 3361 1709 3427 sit,

232 3449 335 3497 est.

187 3571 192 3576 ς
293 3533 395 3591 lA'.
433 3537 586 3590 Πᾶσα
617 3537 673 3590 δὲ
716 3539 948 3609 αἵρεσις,
989 3541 1099 3594 ἀπὸ
1151 3544 1250 3612 τῆς
1302 3544 1560 3616 ἀληθείας
1601 3547 1806 3612 ἐξοκεί-

219 3620 391 3693 λασα,
413 3629 468 3682 ὲν
495 3629 669 3699 σκότῳ
691 3629 1012 3699 τυφλώττει,
1033 3634 1126 3686 καὶ
1155 3635 1460 3703 μυωπάζει,
1501 3635 1663 3708 ’ἐτερα
1688 3638 1802 3691 ἀνθ’

220 3715 422 3786 ἑτέρων
437 3717 806 3790 διανοουμένη.
838 3721 1076 3775 Ἐοίκασι
1096 3723 1203 3794 γὰρ
1224 3717 1366 3777 οὗτοι
1382 3727 1524 3779 τισὶν
1539 3729 1800 3797 ἀτέχνοις,

221 3804 317 3857 καὶ
352 3807 424 3876 μὴ
457 3808 786 3874 γινώσκουσι
817 3809 1054 3882 ἑκάστης
1083 3814 1386 3885 ποιότητος,
1416 3817 1510 3868 καὶ
1533 3819 1800 3888 χρήσεως,

221 3893 316 3945 καὶ
349 3895 556 3964 κόσμου
593 3898 820 3951 ἑκάστου
862 3901 1077 3969 μέλους.
1118 3903 1228 3954 Καὶ
1251 3903 1328 3966 ὡς
1358 3906 1532 3957 εἰπεῖν
1561 3905 1803 3976 ληρῶδές

220 4001 272 4035 τι
301 3985 380 4047 εἰς
403 3985 430 4037 ὃ
459 3988 834 4059 προϐάλλομαι
861 3991 1060 4060 λέγειν,
1092 3993 1276 4062 ὅμοιον
1304 3995 1403 4065 τῆς
1431 3997 1609 4049 αὐτῶν
1639 3999 1803 4070 ἀνοη-

224 4075 366 4137 σίας.
431 4077 520 4140 Ὠς
569 4079 911 4149 περιτιθέασι
956 4082 1024 4136 τά
1083 4083 1404 4154 ὑποδήματα
1435 4087 1548 4157 (16)
1597 4091 1664 4159 τῇ
1713 4106 1805 4142 κε-

221 4165 390 4236 φαλῇ,
427 4167 520 4220 τὸν
552 4168 610 4220 δὲ
643 4171 907 4238 στέφανον
932 4175 1044 4237 τοῖς
1079 4173 1227 4239 ποσὶ,
1253 4175 1346 4227 καὶ
1377 4176 1552 4231 κλοιὸν
1576 4179 1805 4250 χρύσεον

220 4255 351 4324 περὶ
387 4256 484 4324 τὴν
533 4257 814 4328 γαστέρα’
850 4259 918 4312 τὰ
964 4259 1020 4312 δὲ
1074 4259 1230 4326 ἄλλα,
1275 4261 1434 4316 πέδια
1483 4264 1559 4328 ὡς
1609 4267 1804 4330 εἰπεῖν,

217 4345 288 4395 τὰ
340 4343 396 4408 ἐξ
434 4346 662 4415 ἱματίων
711 4351 1052 4420 γεγενημένα
1091 4352 1243 4422 παρά
1283 4370 1422 4406 τισιν
1472 4354 1666 4409 ὀδώνια
1713 4357 1792 4410 κέ-

219 4431 414 4502 κληται
446 4435 478 4502 ἢ
523 4435 742 4506 βράκαι,
779 4441 935 4508 χερσὶ
987 4441 1348 4511 περιτιθέασι,
1383 4443 1697 4509 δακτυλίους
1741 4449 1800 4499 δὲ

217 4525 334 4586 τοῖς
377 4525 550 4578 ποσίν.
599 4529 753 4582 Οὕτω
797 4531 905 4602 γὰρ
934 4534 967 4601 ή
1013 4531 1120 4584 τῶν
1169 4533 1392 4602 ἄγνοιαν
1448 4538 1800 4608 κεκτημένων

223 4615 471 4686 σφαλερὰ
503 4619 596 4670 καὶ
621 4619 850 4684 ἄτακτος
873 4621 1126 4693 διαταγή.
1153 4623 1235 4676 Τά
1256 4625 1365 4696 γὰρ
1394 4628 1486 4680 ἐπὶ
1515 4629 1612 4698 τῆς
1645 4629 1803 4700 ἱερω-

222 4705 389 4776 σύνης
427 4709 806 4781 ὴσφαλισμένα
844 4702 972 4784 περὶ
1015 4715 1265 4786 δευτέρου
1311 4718 1512 4788 γάμου,
1567 4721 1660 4772 καὶ
1693 4721 1801 4774 τῶν

297 4859 311 4887 ¹
344 4857 504 4914 Deest
529 4861 754 4930 aliquid.
830 4867 850 4895 ²
877 4882 968 4933 γρ.
1001 4867 1375 4938 άνεπάγησαν.
1459 4871 1478 4901 ³
1500 4870 1690 4927 Matth.
1728 4889 1802 4941 vr,
1833 4873 1932 4929 20.~

297 5015 408 5097 6)
433 5019 551 5097 ,Ὦς
579 5021 937 5092 περιτιθέασι
966 5024 1038 5078 τὰ
1063 5026 1436 5095 ὑποδήματα.
1478 5027 1597 5083 Non
1623 5029 1738 5086 haec
1765 5047 1797 5086 a

220 5083 478 5169 C_athari_s
509 5083 1118 5169 usurpata‘praepostera
1146 5083 1373 5169 vestitus
1398 5099 1558 5163 ratio,
1589 5108 1647 5152 ut
1666 5083 1800 5169 qui:

219 5153 347 5235 dam
385 5153 808 5235 es_i_stimat,_sed
840 5153 1227 5235 aii-superioris
1249 5167 1517 5235 dogmatis
1545 5153 1796 5225 absurdi-

219 5230 395 5278 tatem
427 5227 800 5282 illustrandam
835 5245 896 5283 ea
947 5227 1246 5287 similitudo
1291 5227 1545 5291 rEfertur.
1593 5239 1796 5295 Obser-

220 5295 460 5379 vandum
519 5312 651 5379 vero
702 5298 858 5379 πόδια
889 5300 983 5379 (ita
1018 5303 1164 5379 enim
1218 5305 1320 5357 hoc
1370 5306 1489 5379 loco
1538 5309 1643 5376 leg.
1695 5324 1794 5379 pro

221 5362 402 5448 πέδια)
433 5381 555 5444 cum
594 5367 830 5448 ὀδωνὼις
857 5362 909 5422 et
930 5369 1174 5448 ﬁpdtxaf;
1198 5375 1536 5448 prorniscue
1580 5362 1794 5448 a’ccirpi;

218 5435 327 5518 etsi
356 5435 582 5518 proprie
635 5437 791 5518 πόδξα
844 5435 1072 5518 pedum,
1112 5435 1319 5518 βράκαι
1354 5443 1612 5518 feminum
1651 5435 1800 5518 teigu;

218 5513 406 5553 menta
438 5504 584 5578 _sint.
628 5504 958 5578 Pollux—lib.
1012 5523 1072 5567 ll,
1112 5504 1242 5578 'c'ap.
1293 5513 1326 5565 4
1379 5513 1564 5566 ποδεῖα
1604 5504 1796 5570 scribit

221 5581 348 5654 gssc
373 5572 497 5633 τοὺς
526 5574 942 5654 περὶῇτοῖς-ποσὶ
967 5572 1345 5654 ’πίλουςξμιμιαξ
1382 5582 1678 5654 Αζεοὴγιυε
1705 5587 1796 5638 πέ-

219 5635 612 5724 foeta}:
779 5635 1067 5724 Hesycht‘:
1100 5635 1796 5724 Βριὶθξεςρναξυρδίδεξξέι

221 5705 352 5758 alibi
372 5709 798 5778 εἈναξυρίδες,
816 5733 887 5785 φη
897 5705 1132 5784 μινάλια,
1143 5705 1350 5788 ᾗρακίόί
1362 5705 1693 5792 βαρϐαρικά,
1708 5705 1792 5778 ιῖἐ

586 5806 858 5872 Parnm.
902 5811 1015 5873 Gn.
1070 5813 1225 5874 XLI.

1790 3363 2148 3420 nihilominus
2228 3358 2461 3412 aliorum
2530 3372 2878 3427 nequaquam
2955 3356 3244 3426 desperata
3329 3356 3480 3409 salus

1987 3545 2076 3601 XI.
2123 3547 2191 3599 At
2219 3544 2399 3600 omnis
2429 3543 2653 3598 haeresis
2684 3543 2776 3596 ubi
2840 3557 2870 3596 a
2913 3543 3144 3599 veritate
3184 3546 3348 3599 semel
3389 3561 3486 3600 ex-

1915 3638 2070 3703 cidit,
2129 3638 2348 3693 caacutit
2391 3638 2446 3690 in
2491 3635 2763 3699 tenebris,
2798 3643 2852 3689 et
2889 3636 3272 3698 halluciuatur,
3323 3645 3490 3705 atque

1911 3731 2014 3783 alia
2047 3745 2144 3796 pro
2177 3729 2299 3783 aliis
2333 3735 2513 3782 mente
2537 3727 2800 3795 concipit.
2833 3724 2968 3778 Nam
3001 3727 3076 3779 illi
3112 3728 3338 3780 rudibus
3371 3727 3489 3794 τιυὶ-

1909 3816 2140 3870 busdam
2196 3825 2359 3885 atque
2404 3815 2672 3884 imperitis
2711 3815 2917 3870 similes
2963 3823 3110 3877 sunt,
3160 3815 3254 3884 qui
3289 3815 3485 3868 unius-

1907 3907 2173 3975 cujusque
2224 3904 2451 3960 membri
2502 3905 2894 3967 conditionem,
2950 3913 3113 3974 atque
3177 3920 3369 3966 usum,
3429 3914 3482 3958 et

1905 4004 2157 4050 ornatum
2182 3997 2454 4051 nesciunt.
2483 3994 2644 4050 Juvat
2672 4011 2838 4066 porro
2871 3996 3167 4051 absurdum
3199 3998 3478 4066 quiddam,

1907 4095 1962 4142 et
1996 4088 2213 4141 illorum
2246 4088 2486 4141 amentia
2523 4088 2725 4150 simile,
2767 4089 2832 4141 ad
2867 4089 2918 4142 id
2945 4088 3086 4156 quod
3112 4089 3361 4143 volumus
3389 4105 3481 4142 ex-

1906 4179 2251 4248 primendum
2283 4178 2498 4233 atierre.
2537 4177 2770 4233 Perinde
2803 4193 2933 4249 ergo
2961 4181 3037 4234 illi
3068 4179 3294 4243 faciunt,
3331 4195 3394 4234 ac
3433 4183 3480 4236 si

1908 4271 2072 4340 capiti
2128 4270 2348 4324 calceos
2399 4270 2684 4333 inducant,
2736 4278 2788 4323 et
2831 4285 3089 4324 coronam
3137 4273 3387 4340 pedibus,
3425 4281 3482 4326 et

1908 4360 2083 4414 ventri
2127 4370 2377 4429 torquem
2423 4377 2679 4428 aureum;
2727 4372 2920 4416 caetera
2976 4379 3125 4427 vero,
3172 4365 3480 4434 cujusmodi

1906 4461 2035 4507 sunt
2081 4453 2297 4521 pedulia
2346 4463 2690 4518 ornamenta,
2766 4472 2905 4524 quos
2964 4459 3212 4510 nonnulli
3273 4460 3482 4514 udones

1900 4553 2119 4608 vocant,
2167 4555 2259 4599 aut
2299 4546 2546 4612 braccas,
2594 4548 2844 4602 manibus
2889 4549 3244 4614 circumdent,
3303 4569 3480 4605 annu-

1903 4633 1985 4687 lus
2045 4636 2293 4704 pedibus.
2351 4635 2498 4690 Talis
2534 4647 2620 4693 est
2665 4641 2733 4691 ab
2791 4641 3053 4707 imperitis
3095 4641 3200 4694 illis
3233 4642 3478 4695 instituta

1902 4723 2066 4787 ratio,
2127 4726 2334 4779 erroris
2385 4728 2922 4797 perturbationisque
2978 4729 3315 4796 plenissima.
3347 4730 3479 4796 Qum

2579 4927 2606 4970 Ι

1895 5032 2036 5110 δυμα
2102 5033 2296 5110 ποδῶν,
2342 5035 2671 5110 ὑποδήματα
2713 5036 2882 5107 βαθέα
2930 5039 2962 5110 ἢ
3033 5039 3304 5109 βασιλικά.
3371 5041 3476 5096 Ubi

1897 5102 2240 5181 ἀναξυρίδας,
2280 5102 2723 5181 quzefemoralia'
2745 5117 2892 5172 sunt,
2929 5102 3294 5164 calceamenta
3335 5128 3470 5181 quo--

1895 5189 2001 5241 que
2029 5174 2266 5250 fa’_cit,Aet
2293 5175 2512 5250 quidem
2545 5177 2729 5250 βαθέα,
2775 5187 2835 5231 ut
2866 5195 2900 5250 ει
2951 5181 3117 5233 soleis
3150 5174 3469 5250 distinguat,

1897 5257 2019 5320 qua:
2045 5244 2245 5320 plantis
2289 5247 2485 5320 pedum
2515 5244 2826 5320 suppositae.
2865 5247 3034 5320 Porro
3064 5253 3207 5318 quod
3241 5244 3468 5320 ait'EpiL

1895 5313 2131 5392 phanius
2173 5313 2239 5366 τά
2378 5313 3009 5392 ἱματίων-γεγενημένα,
3047 5313 3144 5392 nus
3190 5321 3352 5392 ἐρίων
3387 5313 3471 5374 vel

1895 5381 2201 5451 δερματίων
2237 5381 2530 5453 aliquando
2580 5381 2679 5452 legi
2715 5381 3052 5443 censuimus.
3101 5381 3468 5443 Sed'fortasse

1898 5454 2124 5506 retineri
2155 5453 2333 5526 satius
2350 5463 2458 5526 est,
2494 5464 2549 5526 ut
2582 5457 2772 5525 ἱμάτια
2800 5473 2895 5526 pro
2929 5459 3121 5525 pannis
3163 5465 3468 5523 sumantur,

1897 5535 2021 5642 grta:
2071 5529 2156 5575 est
2211 5524 2475 5592 impilium
2534 5524 2759 5579 istorum
2800 5524 3165 5595 'udonumque
3222 5529 3465 5582 materia.

1949 5605 2017 5642 0n
2055 5593 2198 5642 enim
2227 5593 2426 5642 fascias
2464 5595 2687 5642 nedules
2719 5596 2804 5642 hic
2831 5612 2951 5642 esse
2988 5604 3132 5642 nuta
3169 5599 3259 5642 god
3302 5596 3465 5642 ϐαθέα

1949 5605 2031 5667 on‘
2049 5593 2198 5667 enim
2227 5593 2426 5667 fascias
2464 5595 2687 5662 pedules
2718 5596 2804 5667 hic
2831 5612 2951 5649 esse
2987 5593 3135 5666 puto,
3169 5599 3261 5652 sed
3302 5596 3466 5667 βαθέα

1899 5660 2242 5736 ὑποδήματα,
2273 5663 2374 5736 hoc
2406 5660 2488 5716 est
2517 5679 2708 5719 soccos
2745 5666 2952 5731 laneos,
2983 5660 3183 5736 quibus
3221 5660 3465 5724 cal'ceano

1902 5737 2010 5795 tur,
2047 5745 2153 5784 non
2193 5732 2558 5787 obvolvuntur
2591 5736 2775 5804 pedes.

3007 5834 3078 5895 33
