3846 6118
315 203 320 210 ‘
357 191 500 248 1035

1687 249 1692 256 ,
1778 185 1834 241 s.
1877 185 2219 242 EPlPllANll

3505 179 3641 235 1036

356 308 504 364 enim
539 307 607 362 de
639 303 1086 374 secundis‘503
1121 304 1348 374 nuptiis,
1381 303 1614 372 aliisque
1643 301 1693 356 id
1737 316 1920 372 genus

2040 304 2234 366 ἄλλων,
2273 295 2419 356 οὗτοι
2451 303 2531 366 είς
2569 303 2750 356 πάντα
2771 299 2863 355 τὸν
2889 299 3018 354 λαὸν
3049 297 3408 371 νενομίκασι·
3451 300 3548 352 καὶ
3573 300 3642 354 τὰ

355 398 649 458 sacerdotii
693 411 865 454 causa
917 397 1138 452 decreta
1200 403 1353 460 sunt,
1401 410 1464 450 ea
1505 393 1574 448 ad
1617 394 1936 450 universum

354 491 614 562 populum
638 487 1080 555 transtulerunt;
1131 495 1189 544 et
1217 501 1340 557 quae
1385 486 1453 542 ad
1492 484 1936 540 constituendam

307 614 312 619 -
352 581 764 640 severissimam
801 581 1168 652 disciplinam:
1189 594 1220 633 a
1251 578 1363 635 Deo
1399 578 1657 633 mandata
1683 585 1832 643 sunt,
1866 591 1936 632 ne

301 701 308 707 ο
350 674 492 731 forte
535 673 704 744 aliqui
741 689 854 744 prae
903 673 1072 728 animi
1110 672 1364 729 socordia
1399 673 1454 725 in
1489 670 1746 727 delictum
1794 668 1935 723 inci-

349 766 579 833 derent;
621 767 738 822 haec
787 765 868 820 illi
907 766 1038 821 dum
1078 764 1148 819 ad
1181 779 1371 820 omnes
1409 761 1684 834 pertinere
1715 760 1929 825 volunt,

305 897 310 902 -
345 859 534 914 divino
559 858 771 914 numini
800 858 1143 913 atrocitatem
1190 865 1244 912 et
1270 854 1724 910 inhumanitatem
1767 852 1934 908 ascri-

345 950 502 1007 bunt.
559 949 641 1006 Ac
675 951 826 1006 velut
874 950 922 1006 si
965 949 1089 1019 quis
1135 955 1342 1003 vestem
1395 961 1558 1000 manu
1605 955 1818 1008 tenens,
1862 944 1932 998 ab

345 1058 514 1114 carpo
539 1058 739 1097 manus
772 1042 1030 1096 duntaxat
1065 1039 1249 1095 cubito
1280 1047 1443 1092 tenus
1474 1037 1758 1092 brachium
1799 1051 1932 1106 ope-

335 1136 474 1200 -riat,
508 1141 672 1205 atque
699 1132 995 1188 identidem
1023 1131 1298 1186 manicam
1324 1129 1503 1184 oculis
1535 1127 1654 1183 suis
1679 1126 1926 1196 obiiciat,

309 1266 313 1271 ι
346 1234 403 1283 et
438 1226 579 1280 alios
615 1223 866 1288 irrideat,
917 1222 1123 1277 oblitus
1173 1228 1295 1275 toto
1327 1234 1388 1275 se
1425 1233 1655 1287 corpore
1680 1231 1806 1272 esse
1828 1231 1929 1269 nu-

307 1319 577 1383 datum;
632 1315 858 1386 perinde
900 1323 954 1370 et
997 1314 1075 1368 illi
1113 1313 1341 1375 faciunt,
1381 1312 1474 1385 qui
1513 1310 1642 1364 dum
1681 1308 1928 1380 digamos

323 1423 374 1462 aa
430 1423 491 1465 se
545 1407 819 1478 repudiari
863 1405 1140 1477 iactitant,
1201 1406 1415 1473 reliqua
1457 1408 1728 1473 praecepta
1780 1400 1927 1454 illius

337 1501 446 1556 vel.
477 1499 708 1562 similia,
759 1499 845 1553 vel
880 1498 1000 1554 sine
1044 1497 1154 1552 ulla
1194 1495 1605 1565 comparatione
1659 1499 1927 1562 praestan-

340 1592 504 1655 tiora,
536 1605 795 1661 quorum
846 1589 1211 1645 violatoribus
1242 1586 1437 1642 mortis
1478 1598 1638 1655 paena
1667 1584 1924 1653 proponi-

2035 396 2103 450 δι’
2133 393 2436 467 ὑπερϐολὴν
2475 393 2876 467 στρυφνότητος
2907 392 3012 446 ὑπὸ
3051 391 3192 448 Θεοῦ
3215 391 3642 462 κεκηρυγμένα,

2039 489 2126 544 ἵνα
2157 488 2231 560 μὴ
2261 488 2678 560 ρᾳθυμήσαντές
2709 503 2857 550 τινες
2899 484 3327 557 παραπέσωσιν,
3359 485 3524 538 αὐτοὶ
3560 487 3643 548 εἰς

2035 578 2430 650 ἀπανθρωπίαν
2461 575 2582 647 Θεῷ
2606 577 2871 648 συνῆψαν.
2907 576 3017 628 Καὶ
3047 575 3125 638 ὡς
3159 574 3257 628 ἐὰν
3288 575 3344 627 εἴ
3367 593 3477 637 τις.
3515 576 3645 644 ipa—

2034 671 2150 725 τίου
2187 671 2332 742 χειρὶ
2357 670 2760 740 διακατασχὼν,
2797 668 2894 722 καὶ
2923 667 3030 731 ἓως
3065 669 3226 737 μόνον
3246 668 3506 734 ἀγκῶνος
3533 669 3646 722 ἀπὸ

2014 759 2248 831 ,καρποῦ
2304 759 2488 829 χειρὸς
2541 758 2638 812 τοῦ
2688 758 3027 828 καλουμένου
3085 757 3360 820 σκεπάζει
3410 758 3642 820 ἑαυτὲν,

2033 852 2333 922 προσφέρει
2353 850 2412 903 δὲ
2441 851 2550 921 πρὸ
2579 850 2875 920 ὀφθαλμῶν
2915 849 3035 903 καθ’
3071 850 3318 918 ἑκάστην
3359 849 3518 919 ὤραν
3542 851 3644 918 τὴν

2032 942 2265 1013 χειρίδα,
2293 941 2393 995 καὶ
2417 941 2749 1005 ἐπιτωθάζει
2780 944 2891 1004 τοῖς
2922 940 3126 1002 ἄλλοις,
3176 939 3528 1009 ὲπιλησθεὶς,
3560 940 3645 992 ὅτι

2031 1033 2152 1086 ὅλον
2199 1032 2262 1086 τὸ
2305 1032 2465 1103 σῶμα
2511 1030 2677 1086 αὐτοῦ
2721 1032 3092 1102 γυμνητεύειο
3119 1029 3266 1083 οὕτω
3315 1031 3418 1084 καὶ
3466 1023 3643 1094 οὗτοι,

2032 1123 2423 1194 σεμνυνόμενοι
2455 1124 2532 1194 μὴ
2572 1123 2827 1195 δέχεσθαι
2866 1122 3151 1192 διγάμους,
3176 1112 3278 1184 τάξ
3323 1123 3519 1184 πάσας
3555 1123 3644 1173 ὲν-

2029 1214 2188 1278 τολὰς
2232 1215 2331 1278 τὰς
2371 1216 2564 1286 ὁμοίας
2597 1214 2824 1286 ταύτης,
2876 1215 2970 1268 καὶ
3021 1214 3102 1268 ἔτι
3157 1213 3279 1283 μεθ’
3323 1213 3645 1284 ὑπερϐολῆς

2029 1307 2315 1370 καλλίονας
2351 1307 2447 1361 καὶ
2473 1307 2874 1371 ἐπιθανατίους,
2895 1308 2995 1378 τὴν
3033 1306 3162 1376 μίαν
3193 1304 3642 1376 ἀπαγορεύουσι,

2027 1398 2127 1463 τὰς
2152 1400 2210 1453 δὲ
2251 1399 2417 1463 ἄλλας
2451 1397 2894 1455 καταλελοίπασι.
2938 1398 3053 1450 Καὶ
3093 1396 3492 1467 ἐπιλαθόμενοι
3516 1395 3644 1448 ὅλον

2030 1491 2130 1560 μὲν
2149 1491 2209 1543 τὸ
2235 1490 2396 1562 σῶμα
2426 1507 2494 1560 γυ
2503 1490 2886 1561 μνητεύουσιν,
2909 1490 3022 1543 ἀπὸ
3049 1490 3188 1543 ὅλων
3217 1489 3331 1542 τῶν
3361 1489 3644 1558 ὲνταλμά-

2029 1602 2136 1638 των
2169 1587 2535 1655 ἀργήσαντες,
2588 1583 2683 1636 καὶ
2717 1583 2822 1655 τὴν
2858 1583 2989 1654 μίαν
3037 1581 3261 1653 ἐντολὴν
3313 1582 3420 1650 οὐχ
3436 1580 3644 1649 ἁγνῶς

339 1689 451 1746 tur,
498 1687 885 1746 contemnunt,
928 1691 986 1736 et
1018 1680 1310 1750 abjiciunt,
1368 1685 1420 1730 et
1470 1691 1580 1730 uno
1622 1675 1716 1729 illo
1754 1676 1920 1729 inter-

2031 1677 2416 1748 κατασχόντες.

339 1773 487 1830 dicto
515 1775 761 1830 contenti
789 1783 990 1830 caetera
1022 1765 1326 1844 negligunt.
1353 1770 1640 1836 Quare—sic
1665 1778 1927 1840 tanquam
1965 1771 2120 1827 obliti
2142 1774 2274 1838 sint,
2305 1780 2420 1828 toto
2448 1789 2680 1845 corpore
2703 1772 2840 1829 nudi
2869 1779 3020 1841 sunt,
3082 1771 3214 1828 dum
3238 1778 3295 1827 et
3364 1770 3636 1825 universa

341 1863 436 1919 Dei
481 1873 756 1935 praecepta
814 1866 1157 1937 relinquunt,
1187 1877 1370 1934 neque
1404 1877 1574 1916 unum
1606 1861 1738 1916 illud
1774 1871 2030 1919 caste‘ac
2063 1865 2280 1921 sincere
2315 1869 2661 1925 custodiunt.

408 1953 522 2033 Xll.
563 1955 608 2010 0
655 1955 1366 2012 admirandambominum
1419 1954 1721 2011 insaniam!
1767 1953 1920 2010 Sane

335 2047 596 2116 quaelibet
624 2047 868 2113 occasio,
901 2048 1254 2118 quantumvis
1301 2046 1520 2118 exigua,
1553 2061 1914 2118 unamquam-

335 2153 442 2208 que
469 2137 730 2193 -baaresim
767 2153 798 2192 a
835 2139 1062 2193 veritate
1091 2137 1369 2205 distraxit,
1403 2146 1568 2209 atque
1602 2139 1669 2192 ad
1704 2139 1920 2194 intinita

337 2229 480 2283 mala
513 2227 787 2299 perduxit.
825 2230 1301 2296 Quemadmodum
1337 2231 1482 2285 enim
1522 2231 1569 2285 si
1598 2231 1724 2300 quis
1752 2231 1923 2286 inter-

325 2328 554 2390 ruptam
582 2337 765 2392 sepem
799 2321 867 2376 ad
899 2321 1174 2392 publicam
1202 2323 1345 2378 viam
1378 2323 1665 2393 repererit,
1699 2330 1754 2378 et
1793 2323 1922 2378 illac

336 2413 441 2468 iter
472 2427 596 2469 esse
645 2414 750 2469 sibi
803 2414 1057 2481 credens,
1088 2414 1284 2469 relicta
1310 2413 1398 2468 via
1436 2414 1720 2483 paululum
1753 2414 1922 2470 delle-

335 2503 502 2567 xerit,
538 2511 692 2559 ratus
737 2506 1111 2574 propinquum
1162 2519 1286 2559 esse
1335 2505 1568 2568 exitum,
1604 2519 1702 2573 per
1755 2518 1918 2574 quem

333 2593 518 2649 redire
551 2593 607 2647 in
635 2595 780 2648 viam
817 2595 1018 2650 iterum
1057 2595 1253 2665 possit,
1288 2609 1391 2650 nec
1442 2594 1578 2649 illud
1609 2593 1814 2661 sciens,
1846 2595 1921 2648 al-

334 2687 609 2742 tissimum
657 2687 771 2742 illic
821 2702 946 2743 esse
998 2703 1240 2756 murum,
1277 2703 1342 2743 ac
1388 2688 1715 2758 longissimo
1738 2688 1920 2758 spatio

335 2778 736 2849 interceptum;
767 2789 933 2851 atque
984 2781 1061 2834 ita
1110 2779 1412 2845 discurrat,
1453 2795 1556 2836 nec
1606 2793 1715 2850 qua
1745 2779 1922 2850 possit

334 2870 520 2941 egredi
557 2873 772 2942 uspiam
808 2871 1082 2942 reperiat;
1111 2886 1348 2943 cumque
1382 2886 1495 2927 uno
1529 2872 1772 2927 alterove
1804 2871 1925 2925 mil-

331 2961 456 3016 liari
493 2977 820 3034 progressus
846 2963 1037 3028 fuerit,
1070 2964 1288 3035 longius
1316 2962 1577 3033 deinceps
1605 2964 1706 3018 iter
1726 2977 1922 3034 super-

333 3054 428 3120 sit,
468 3069 570 3109 nec
604 3055 744 3109 viam
775 3056 1050 3125 expediat,
1085 3055 1184 3112 sed
1220 3056 1327 3110 huc
1357 3055 1603 3125 illucque
1635 3069 1695 3110 se
1723 3053 1919 3110 confe-

335 3150 442 3195 rat.
478 3141 578 3198 ﬂic
607 3144 772 3215 igitur
804 3148 871 3198 ad
907 3160 1032 3200 eum
1059 3147 1290 3199 modum
1321 3146 1603 3210 laborans,
1632 3160 1811 3215 neque
1839 3143 1922 3200 ul-

335 3233 448 3288 lum
477 3234 542 3286 ad
578 3243 785 3288 rectam
819 3236 964 3289 viam
1001 3237 1106 3291 iter
1134 3237 1595 3306 expediens,.non
1623 3236 1784 3291 aliter
1807 3234 1918 3289 for-

335 3321 500 3374 tassis
530 3320 792 3384 inveniet,
825 3337 989 3390 quam
1023 3323 1069 3377 si
1095 3324 1308 3387 eadem,
1333 3340 1444 3394 qua
1473 3326 1754 3394 ingressus
1775 3329 1917 3387 erat,

335 3418 666 3465 revertatur.
705 3409 1070 3468 Sicbaeresis
1108 3415 1314 3480 omnis,
1351 3429 1478 3469 cum
1521 3414 1734 3470 itineris
1768 3426 1919 3468 com-

308 3503 594 3574 .»pendium
645 3503 872 3559 haberet
903 3505 959 3560 in
991 3513 1273 3576 promptu,
1307 3521 1406 3577 per
1433 3507 1629 3578 longas
1657 3505 1920 3576 ambages

334 3594 593 3665 digressa.
617 3594 672 3648 in
701 3595 1096 3653 solidissimum
1131 3614 1350 3652 murum
1382 3599 1611 3665 incidit;
1640 3597 1922 3668 cuiusmo-

311 3684 390 3739 di
419 3692 497 3741 est
527 3685 871 3756 ignorantiae,
899 3689 1244 3760 inscitiaique
1263 3690 1545 3762 impedita,
1571 3704 1642 3746 ac
1668 3695 1919 3744 tortuosa

315 3775 517 3833 .ﬂexio.
551 3775 741 3849 Neque
784 3797 915 3835 vero
965 3782 1213 3838 invenire
1254 3797 1502 3854 unquam
1556 3781 1650 3835 illa
1694 3780 1917 3852 poterit,

332 3886 441 3941 qua
469 3885 529 3925 se
564 3871 633 3924 ad
667 3882 874 3929 rectam
915 3877 1062 3930 viam
1094 3875 1318 3943 referat,
1352 3877 1460 3933 nisi
1497 3876 1564 3930 ad
1597 3875 1916 3945 primariam

323 3965 498 4028 aviam,
531 3968 636 4022 hoc
658 3977 744 4023 est
773 3970 998 4038 regiam,
1027 3969 1141 4024 iter
1171 3972 1479 4026 retorser-it.
1507 3969 1571 4024 id
1608 3970 1755 4041 quod
1788 3987 1920 4025 san-

332 4059 566 4114 ctissimi
607 4059 773 4116 Musis
819 4062 908 4116 lex
939 4070 1128 4132 aper-te
1155 4063 1590 4130 vociferabatur,
1629 4080 1758 4120 cum
1792 4063 1920 4118 ldu-

317 4165 472 4204 Amteo
500 4151 615 4221 regi
651 4152 726 4204 ita
762 4154 1046 4207 mandaret
1083 4173 1096 4208 :
1133 4152 1262 4208 Haec
1285 4154 1416 4208 dicit
1459 4156 1632 4224 frater
1671 4165 1792 4210 tuus
1832 4153 1920 4209 ls-

331 4241 446 4294 rael
472 4257 490 4294 :
522 4241 728 4296 Praeter
755 4245 1010 4298 terminos
1035 4257 1152 4299 tuos
1183 4248 1421 4300 transibo
1440 4248 1497 4301 in
1519 4257 1735 4311 terram,
1757 4263 1917 4317 quam

2089 1959 2198 2039 _IB'.
2230 1960 2346 2014 Καὶ
2369 1959 2418 2012 ὣ
2442 1960 2540 2025 τῆς
2571 1959 2773 2031 πολλῆς
2801 1960 2910 2013 τῶν
2947 1953 3254 2029 ἀνθρώπων
3285 1971 3641 2025 ματαιοφρο-

2029 2052 2230 2118 σύνηςῑ
2263 2054 2420 2106 Πᾶσα
2446 2053 2504 2106 δὲ
2547 2052 2822 2125 πρόφασις
2868 2050 3107 2120 εκάστην
3139 2048 3392 2118 αἰρεσιν,
3421 2047 3538 2098 κᾶν
3575 2061 3642 2096 τε

2033 2143 2262 2214 βραχεῖὰ
2287 2159 2372 2206 τις
2399 2143 2663 2214 ὑπῆρξεν,
2700 2142 2810 2196 ἀπὸ
2833 2141 2937 2210 τῆς
2964 2137 3226 2210 ἀληθείας
3259 2137 3636 2206 παρείλκυσε,

2031 2237 2126 2290 καὶ
2153 2238 2234 2300 εἰς
2268 2235 2468 2307 πολλὴν
2509 2236 2696 2289 κακῶν
2729 2236 2749 2265 ³
2777 2235 3113 2304 κατήγαγεν.
3151 2232 3370 2300 Ὥσπερ
3400 2229 3519 2301 γάρ
3553 2245 3641 2291 τις

2026 2327 2332 2399 διασφαγὴν
2372 2327 2549 2399 εὑρὼν
2599 2328 2658 2380 ὲν
2710 2323 2950 2396 φραγμῷ
2993 2322 3148 2392 παρά
3195 2321 3507 2389 λεωφόρῳ,
3541 2318 3640 2371 καὶ

2025 2418 2256 2489 νομίσας
2303 2417 2394 2471 διὰ
2441 2417 2646 2488 ταύτης
2694 2414 2970 2486 βαδίζειν,
3012 2415 3106 2468 καὶ
3153 2411 3486 2466 καταλιπὼν
3535 2411 3638 2480 τὴν

2024 2507 2165 2571 ὁδὸν,
2212 2507 2502 2578 τρέπηται,
2539 2507 2765 2576 νομίσας
2813 2503 3114 2572 ὲγγύτατον
3144 2502 3307 2572 ἔχειν,
3357 2499 3490 2554 ὅθεν
3517 2500 3639 2553 δια-

2025 2599 2252 2670 κάμψας
2278 2598 2439 2652 πάλιν
2473 2597 2573 2668 τῆς
2613 2595 2734 2650 ὁδοῦ
2763 2594 3096 2661 ἐπιλάϐοιτο,
3127 2593 3394 2663 ἀγνοήσει
3425 2592 3514 2656 δὲ,
3551 2593 3635 2645 ὅτι

2021 2693 2198 2762 τεῖχός
2226 2693 2371 2744 ἐστιν
2397 2690 2730 2761 ὑπέρτατον,
2763 2689 2856 2742 καὶ
2888 2686 3085 2758 μακρῷ
3106 2685 3445 2755 διαστήματι
3483 2684 3635 2754 ᾠκο-

2022 2784 2160 2855 δομη
2172 2783 2352 2854 μένον,
2384 2781 2663 2852 ἐπιτρέχοι
2702 2780 2762 2834 δὲ
2805 2779 2881 2851 μὴ
2911 2778 3183 2851 εὑρίσκων
3208 2776 3298 2830 star
3322 2776 3498 2839 ποίας
3531 2775 3635 2845 τὴν

2023 2875 2256 2942 διέξοδον
2288 2875 2597 2944 ποιήσεται,
2639 2873 2761 2927 ἀντὶ
2800 2871 2920 2935 ἑνὸς
2957 2869 3224 2942 σημείου,
3281 2870 3407 2940 ἢτοι
3445 2867 3632 2939 μιλίου

1949 2989 1994 3054 C
2027 2965 2389 3038 προσκύπτων
2415 2965 2459 3030 ³,
2507 2964 2649 3018 κατὰ
2691 2965 2850 3035 χεῖρα
2885 2961 2968 3014 ἔτι
3008 2960 3170 3054 πλέον
3194 2957 3290 3054 μὴ
3329 2957 3493 3054 εὖροι

2021 3057 2162 3122 ὁδὸν,
2193 3057 2289 3111 καὶ
2321 3057 2498 3120 οῦτως
2535 3055 2806 3126 τρέπηται
2835 3056 2930 3107 ἐπὶ
2974 3053 3044 3107 τά
3078 3053 3270 3107 πλείωο
3299 3051 3542 3122 κάμνων
3571 3051 3632 3104 δὲ

2013 3147 2187 3214 οὕτω,
2216 3148 2310 3200 καὶ
2331 3147 2416 3218 ,μὴ
2461 3147 2712 3219 εὐπορῶν
2740 3147 2830 3199 διὰ
2862 3145 3027 3209 ποίας
3058 3146 3150 3198 ἐπὶ
3173 3144 3631 3215 τὴν-ὁδοιπορίαν

2011 3242 2241 3310 ἀγάγοι,
2273 3240 2414 3311 τάχα
2440 3258 2498 3294 τε
2529 3241 2665 3312 μήτε
2695 3241 2875 3311 εὑρεῖν
2908 3238 3186 3308 δυνηθείη,
3221 3238 3270 3290 εὶ
3304 3239 3381 3309 μή
3412 3254 3465 3289 τι
3497 3239 3630 3290 ἁνα-

2021 3334 2230 3404 κάμψει
2271 3333 2340 3386 δι’
2377 3330 2446 3407 ἧς
2477 3333 2574 3386 καὶ
2608 3333 2890 3404 εἰσῆλθεν·
2919 3331 3095 3394 οὕτως
3137 3330 3344 3400 ἑκάστη
3383 3331 3625 3400 αἵρεσις,

2012 3427 2098 3490 ιὼς
2126 3426 2420 3498 συντομίαν
2447 3428 2568 3480 τινὰ
2609 3427 2859 3496 ἐφευρεῖν
2891 3423 3204 3492 δυνηθεῖσα,
3235 3421 3620 3491 παρεξώκειλε

2019 3519 2107 3573 διὰ
2142 3521 2242 3590 τῆς
2278 3518 2604 3590 μακροδίαςο
2639 3516 2839 3589 εὑρέθη
2879 3517 2940 3568 ’δὲ
2986 3515 3123 3585 αὐτῇ
3155 3516 3336 3583 τεῖχος
3371 3512 3626 3584 ἀρραγὶς

2021 3615 2055 3684 ἡ
2099 3613 2199 3682 τῆς
2238 3611 2461 3679 ἀγνοίας
2492 3611 2586 3664 καὶ
2619 3610 2896 3678 ἀγνωσίας
2933 3607 3096 3661 πάλιν
3128 3606 3329 3676 πλοκή.
3375 3605 3496 3658 Καὶ

2021 3681 2088 3758 ἄν
2122 3681 2274 3773 εῦροι
2298 3705 2332 3772 ἡ
2362 3701 2587 3772 τοιαύτη
2624 3701 2718 3754 ἐπὶ
2753 3701 2854 3771 τὴν
2888 3699 3150 3770 ἀληθινὴν
3192 3699 3355 3768 ἥκειν
3387 3681 3624 3762 ὀδὸν,ἐί

2025 3796 2098 3866 μή
2148 3812 2200 3848 τι
2233 3794 2549 3864 ἀνακάμψει
2577 3795 2660 3856 εἰς
2695 3794 2757 3845 τὸ
2785 3791 3094 3864 ἀρχέτυπον
3133 3792 3233 3862 τῆς
3263 3790 3389 3844 ὀδοῦ
3410 3833 3426 3857 ,
3462 3807 3622 3843 τουτ-

2020 3889 2136 3941 έστι
2165 3887 2263 3958 τῆς
2300 3885 2604 3956 βασιλικῆς
2627 3884 2709 3948 ὡς
2760 3886 2852 3937 καὶ
2884 3885 2912 3936 ό
2943 3884 3108 3952 νόμος
3151 3882 3458 3954 διαρρήδην
3487 3880 3624 3934 ἐϐόα

2022 3977 2114 4031 τοῦ
2145 3978 2302 4046 ἁγίου
2332 3978 2633 4041 Μωῦσέως,
2659 3976 2912 4045 λέγοντος
2945 3974 3024 4045 τῷ
3055 3974 3267 4044 βασιλεῖ
3305 3972 3508 4043 Ἐδὼμ,
3539 3975 3623 4026 ὅτι

2025 4070 2170 4124 Τάδε
2209 4069 2372 4140 ,λέγει
2421 4072 2455 4123 o'
2505 4069 2772 4138 ἁδελφός
2823 4085 2942 4122 σου
2997 4065 3278 4134 Ἰσραήλ·
3332 4066 3506 4134 Παρὰ
3550 4068 3626 4118 τὰ

2019 4161 2152 4229 ὅριά
2185 4177 2302 4215 σου
2346 4161 2732 4230 διελεύσομαι
2761 4164 2850 4226 εἰς
2884 4159 3023 4230 γῆν,
3055 4158 3137 4226 ἢν
3169 4158 3370 4228 ὤμοσε
3399 4162 3623 4227 Κύριος

2020 4255 2147 4320 τοῖς
2175 4253 2477 4322 πατράσιν
2516 4253 2688 4323 ’ἡμῶν
2719 4252 2961 4307 δοῦναι·
3009 4249 3127 4322 γῆν
3157 4253 3434 4319 ῥέοι-σαν
3477 4251 3621 4320 μέλι

323 4332 528 4400 iuravit
561 4332 822 4388 Dominus
845 4335 973 4388 dare
992 4337 1233 4404 patribus
1264 4340 1501 4402 nostris;
1536 4347 1734 4392 terram
1757 4338 1920 4411 505

2031 4344 2124 4398 καὶ
2172 4344 2360 4413 γάλα,
2395 4345 2513 4412 τὴν
2564 4343 2681 4414 γῆν
2721 4343 2839 4398 τῶν
2879 4343 3245 4414 Ἀμορῤαἰων
3290 4342 3392 4394 καὶ
3446 4347 3616 4410 Φερε-

332 4423 485 4476 melle
531 4434 579 4476 et
621 4422 758 4478 lacte
794 4433 1099 4478 manantem
1123 4440 1142 4478 :
1169 4434 1365 4480 terram
1389 4426 1838 4491 Amorrlueorum,
1865 4436 1914 4480 et

329 4511 738 4571 Pheraeorum
759 4527 806 4571 et
838 4516 1224 4582 Jebusworum,
1253 4532 1304 4575 et
1339 4518 1640 4588 Evteorum,
1687 4531 1737 4575 et
1773 4517 1915 4574 Cha-

330 4617 734 4671 nanworum,.et
773 4608 1148 4673 ϐίιεεεωοτιιηι,
1169 4622 1367 4667 terram
1399 4614 1647 4683 fluentem
1686 4612 1840 4666 melle
1867 4620 1917 4664 et
1962 4639 1965 4641 >

332 4697 489 4752 lacte.
513 4696 636 4752 Non
667 4700 1050 4756 declinabimus
1083 4703 1152 4756 ad
1182 4703 1454 4759 dexteram
1484 4716 1576 4759 aut
1607 4706 1912 4773 sinistram,

331 4805 525 4860 aquam
564 4793 617 4846 in
652 4804 868 4864 argento
901 4795 1156 4859 bibemus,
1188 4808 1238 4852 et
1268 4798 1412 4852 cibos
1447 4800 1654 4869 argenti
1679 4803 1916 4857 comede-

328 4895 470 4936 mus.
508 4879 632 4936 Non
663 4885 1048 4942 declinabimus
1077 4890 1177 4942 hac
1203 4900 1297 4944 aut
1328 4891 1474 4954 illac,
1505 4893 1589 4946 via
1615 4895 1767 4964 regia
1798 4911 1918 4964 gra-

329 4971 592 5031 diemur‘.
617 4974 714 5031 Est
745 4979 892 5034 enim
925 4983 1074 5051 regia
1099 4982 1351 5051 quaedam
1382 4983 1488 5048 via,
1529 4984 1786 5040 nimirum
1811 4987 1916 5041 Ec-

330 5064 496 5120 clesia
544 5064 664 5131 Dei,
699 5083 764 5124 ac
793 5072 1045 5126 veritatis
1075 5073 1198 5127 iter.
1227 5072 1582 5143 Unaquaeque
1615 5090 1748 5130 vero
1778 5076 1918 5131 ista-

330 5174 450 5216 rum
491 5160 774 5238 lrtercseon
806 5165 955 5234 regia
989 5163 1250 5218 derelicta
1282 5165 1394 5229 via,
1427 5166 1492 5219 ad
1525 5166 1808 5223 dexteram
1839 5170 1916 5223 si-

329 5253 627 5308 nistramve
649 5253 967 5320 deﬂectens,
1004 5255 1264 5325 deinceps
1297 5256 1353 5310 in
1395 5256 1725 5312 immensum
1753 5272 1913 5314 erro-

329 5357 442 5398 rem
489 5360 613 5402 sese
654 5347 1009 5402 committens
1051 5347 1361 5418 abripitur:
1397 5349 1534 5402 adeo
1584 5358 1644 5404 ut
1695 5350 1906 5404 nullum

329 5435 588 5507 deinceps
638 5439 861 5494 modum
907 5440 1106 5497 habeat
1135 5441 1192 5496 in
1225 5441 1471 5512 qualibet
1500 5443 1709 5498 erroris
1758 5444 1911 5498 inso-

331 5523 518 5580 lentia.

2024 4434 2217 4502 ζαίων,
2254 4437 2353 4490 καὶ
2395 4438 2794 4503 Ἰεϐουσαίων,
2838 4436 2937 4490 καὶ
2984 4436 3241 4502 Εὐαίων,
3284 4434 3387 4488 καί
3435 4437 3606 4488 Χαγα

2024 4529 2228 4592 ναίων,
2255 4529 2354 4582 καὶ
2377 4531 2690 4584 Χετταλωνο
2722 4527 3124 4599 ῄνρἐυσαν
3152 4523 3310 4595 τάλα
3328 4527 3610 4598 παίμέλι,

2028 4624 2150 4674 Οὐκ
2176 4621 2575 4690 ἐκκλινοῦμεν
2599 4620 2770 4686 δεξιὰ
2798 4622 2836 4690 ἢ
2868 4618 3155 4690 ἀριστερά
3177 4633 3192 4648 ’
3221 4618 3385 4688 ὕδωρ
3409 4620 3484 4671 ἐν
3511 4621 3609 4686 (ἰρ-

2026 4713 2207 4783 ῖνυρίφ
2238 4714 2509 4782 πιόμεθα,
2540 4712 2639 4767 καὶ
2657 4711 2942 4782 ,βρώματα
2965 4711 3255 4781 ἀργυρίου
3283 4712 3614 4780 φαγόμεϐα.

2028 4807 2151 4859 Οὐκ
2183 4806 2584 4874 ἐκκλινοῦμεν
2607 4804 2892 4860 ἐντεῦθεν
2924 4806 2962 4872 ἢ
2991 4804 3305 4859 ἐντεῦθεν·
3346 4802 3471 4867 ὀδῷ
3505 4803 3611 4864 βα-

2023 4896 2235 4968 σιλικῇ
2274 4898 2628 4967 βαδιοῦμεν.
2663 4899 2821 4952 Ἔστι
2861 4897 2969 4968 γὰρ
3015 4897 3133 4957 ὁδὸς
3183 4894 3463 4966 βασιλικὴ,
3496 4897 3618 4965 ἥτις

2023 4990 2171 5043 ἐστὶν
2201 4992 2234 5059 ἡ
2261 4989 2355 5042 τοῦ
2383 4989 2518 5041 Θεοῦ
2563 4988 2882 5058 Ἐκκλησία,
2909 4989 3005 5041 καὶ
3030 4987 3308 5057 ὁδοιπορία
3344 4987 3446 5057 τῆς
3483 4987 3612 5058 ἀληο

2023 5079 2194 5143 θείας.
2242 5082 2479 5154 Ἐκάστη
2513 5081 2567 5135 δὲ
2603 5083 2806 5137 τούτων
2828 5125 2842 5149 ,
2887 5084 2987 5154 τὴν
3036 5080 3324 5152 βασιλικὴν
3361 5080 3609 5134 καταλείν

2022 5172 2193 5241 ψασα,
2240 5173 2471 5228 κλίνασα
2511 5175 2566 5226 δὲ
2595 5176 2688 5227 ἐπὶ
2720 5175 2786 5227 τὰ
2828 5173 2978 5239 δεξιὰ
3018 5175 3050 5243 ἢ
3093 5173 3185 5226 ἐπὶ
3212 5173 3282 5226 τὰ
3321 5169 3618 5245 ἀριστερὰ.

2022 5264 2114 5316 ἐπὶ
2146 5265 2283 5317 πολὺ
2315 5265 2500 5319 λοιπὸν
2526 5267 2726 5337 ἑαυτὴν
2754 5264 3088 5331 ἑπιδιδοῦσα,
3117 5267 3196 5328 εἰς
3226 5263 3442 5334 πλάνην
3472 5279 3611 5332 παρ-

2021 5353 2402 5426 ελκυθὴσεται·
2443 5358 2537 5410 καὶ
2587 5357 2769 5410 οὐκέτι
2819 5357 3020 5428 μέτρον
3054 5356 3167 5426 ἔχει
3217 5353 3348 5425 παρ’
3407 5350 3620 5419 ἑκαστῃ

2019 5447 2227 5515 αἱρέσει
2264 5450 2297 5519 ἡ
2331 5449 2429 5518 τῆς
2451 5449 2658 5518 πλάνης
2683 5447 2948 5503 ἀναίδεια.

407 5634 424 5665 ¹
460 5634 622 5691 Num.
654 5657 765 5708 χχι,
798 5645 868 5698 22
903 5659 1026 5715 sqq.
1095 5650 1114 5679 ²
1143 5645 1204 5700 F.
1239 5648 1456 5702 κακίαν.
1536 5650 1555 5681 ³
1591 5647 1652 5703 F.
1692 5647 2032 5723 προκόπτων.
