3846 6148
228 288 364 346 I057

869 277 1239 337 ADVERSUS
1277 275 1620 333 HERESES
1658 273 1786 330 LIB.
1829 271 1896 328 Π.
1938 270 2104 327 TUM.
2148 275 2192 330 l.
2229 301 2299 314 —
2336 269 2613 327 HIERES.
2651 269 2766 328 LX.

3344 269 3484 326 i058

295 403 395 458 11".
427 402 562 469 ’Δγε
601 399 803 463 τοίνυν,
844 397 982 452 Θεοῦ
1023 396 1234 461 δοῦλοι,
1265 394 1370 448 υίοί
1410 410 1470 447 τε
1511 395 1609 464 τῆς
1641 391 1806 461 ἁγίας

1979 384 2120 442 Xlﬂ.
2165 387 2323 458 Agite
2354 387 2556 456 itaque,
2585 384 2682 440 Dei
2721 383 2890 450 servi,
2925 396 2990 437 ac
3023 390 3224 438 sanctae
3257 381 3353 438 Dei
3383 386 3489 440 Ec-

225 492 360 550 Θεοῦ
395 491 746 562 Ἐκκλησίας,
769 491 818 544 οἱ
845 489 936 544 τὸν
958 489 1159 543 κανόνα
1185 486 1402 556 ἀσφαλῆ
1423 484 1802 554 γινώσκοντες,

226 586 321 640 καὶ
363 585 463 655 τὴν
508 583 626 638 ὁδὸν
670 585 773 653 τῆς
821 581 1080 651 ἀληθείας
1121 576 1459 649 βαδίζοντες·
1496 576 1570 647 μὴ
1605 576 1808 644 φωναῖς

225 675 631 746 ἀνθελκόμενοι,
680 673 776 727 καὶ
815 674 966 742 φωνῇ
996 670 1233 741 ἑκάστης
1279 666 1807 738 παραπεποιημένης

224 763 644 837 ἐπιτηδεύσεως.
695 762 972 832 Σφαλεραὶ
1021 760 1130 832 γὰρ
1176 763 1231 814 αἱ
1272 759 1478 812 τούτων
1529 757 1667 820 ὁδοὶ,
1712 754 1808 807 καὶ¹
1845 761 1853 769 “

223 857 463 926 ἀνάντης
503 857 537 926 ἡ
582 854 767 926 τρίϐος
800 853 898 924 τῆς
927 852 1106 906 αὐτῶν
1148 849 1681 922 παραπεποιημένης
1723 850 1809 900 ὲν-

224 947 395 1011 νοίας.
450 943 909 1016 Μεγαλαυχοῦσι,
963 944 1060 1000 καὶ
1104 943 1174 998 τὰ
1226 943 1399 1014 μικρά
1456 942 1556 995 οὐκ
1607 940 1804 993 ἴσασιν.

239 1040 581 1111 Ἐλευθερίαν
627 1039 1078 1108 ἐπαγγέλλονται,
1115 1038 1272 1091 αὐτοὶ
1299 1036 1478 1090 δοῦλοι
1522 1035 1675 1097 ὄντες
1709 1034 1810 1104 τῆς

225 1132 524 1204 ἁμαρτίας.
553 1132 632 1185 Τὰ
659 1129 886 1202 μείζονα
908 1130 1155 1202 αὑχοῦσι,
1182 1127 1280 1182 καὶ
1314 1128 1422 1181 τῶν
1453 1125 1666 1197 μικρῶν
1699 1124 1807 1178 οὐδ’

224 1223 363 1287 ὅλως
375 1209 717 1284 ἐπελάϐοντο
725 1261 737 1274 .

309 1314 469 1368 Ἀλλὰ
496 1315 590 1368 καὶ
629 1313 759 1384 περὶ
799 1311 1004 1368 τούτων
1032 1311 1141 1365 τῶν
1173 1311 1237 1383 δὴ
1267 1310 1551 1379 Καθαρῶν
1583 1311 1808 1380 λεγομέ-

229 1425 357 1472 νων,
401 1405 772 1476 Ἀκαθὰρτων
801 1405 880 1470 δὲ,
919 1405 968 1457 εί
999 1404 1082 1458 δεῖ
1107 1402 1313 1474 τάληθῆ
1347 1402 1545 1472 λέγειν,
1580 1401 1810 1474 ἀρκετὸν

229 1499 468 1570 ἡγοῦμαι
511 1498 618 1560 ἕως
658 1495 893 1552 ἐνταῦθα
942 1495 1141 1558 ἱκανῶς
1184 1494 1454 1566 εἰρῆσθαι.
1505 1494 1721 1566 Ταύτην
1755 1493 1812 1548 δὲ

229 1589 668 1661 παραλείψαντες
721 1589 798 1652 ὡς
841 1587 1152 1660 βασιλίσκου
1200 1586 1494 1658 πρόσωπον
1519 1627 1534 1648 ,
1582 1585 1660 1656 τῷ
1714 1586 1811 1656 μὲν

229 1681 580 1752 προσχήματι
618 1679 711 1733 τοῦ
757 1680 1021 1750 ὀνόματος
1065 1679 1404 1750 ὲξοχωτάτην
1442 1679 1563 1732 τινὰ
1601 1681 1812 1732 ἐπωνυ-

233 1774 362 1843 μίαν
394 1773 759 1844 κεκτημένου,
804 1772 901 1824 καὶ
930 1775 997 1856 τῇ
1030 1770 1124 1824 τοῦ
1159 1771 1316 1838 ξύλου
1359 1772 1585 1840 δυνάμει
1623 1769 1812 1824 τοῦτον

229 1861 548 1927 παίσαντες,
581 1861 674 1915 ἐπὶ
697 1861 796 1924 τάς
822 1861 1014 1931 ἐτέρας
1045 1861 1209 1914 πάλιν
1249 1860 1582 1932 ὁρμήσωμεν
1601 1899 1616 1923 ,
1644 1859 1814 1930 αὐτὴν

229 1952 557 2022 ἐπαγόμενοι
583 1951 681 2023 τὴν
718 1951 813 2004 τοῦ
837 1950 973 2004 Θεοῦ
1003 1951 1256 2013 ἱκετείαν,
1283 1953 1362 2015 είς
1386 1951 1446 2004 τὸ
1476 1949 1811 2016 συνοδεῦσαι,

231 2045 722 2114 συμπαραμεῖναι,
767 2046 1043 2106 συνεῖναι,
1098 2042 1461 2113 συνεργῆσαι,
1514 2042 1811 2105 διασῶσαι,

231 2134 518 2190 παιδεῦσαι
543 2175 558 2199 ,
585 2133 926 2200 καταξιῶσαι
953 2133 1162 2204 τάληθῆ
1199 2132 1400 2201 λέγειν,
1433 2135 1520 2188 ἵνα
1555 2134 1691 2203 μήτε
1720 2134 1817 2186 αύ-

229 2227 350 2290 τοὶ,
384 2224 579 2295 ψεῦδός
626 2243 678 2278 τι
725 2225 995 2294 λέγοντες,
1040 2229 1152 2289 τοῖς
1199 2225 1381 2288 αὐτοῖς
1428 2225 1812 2295 ὑποπὲσωμεν,

229 2315 434 2382 ὁποίοις
466 2317 524 2371 αἱ
567 2317 634 2370 τά
661 2315 835 2387 άληθῆ
881 2317 973 2370 τὸν
1017 2318 1221 2387 κόσμον
1247 2317 1324 2388 μὴ
1361 2315 1641 2381 διδάξασαι
1666 2313 1817 2387 αἰρέ-

232 2425 362 2471 σεις.

305 2585 427 2640 Ἔτι
456 2586 513 2639 δὲ
553 2587 602 2639 οἱ
640 2589 698 2640 ὲν
734 2589 799 2658 τῇ
836 2586 1068 2657 Ἀφρικῇ
1089 2586 1207 2656 (17)
1229 2603 1288 2638 τε
1312 2586 1406 2640 καὶ
1433 2583 1737 2658 Βιζικανίᾳ,
1763 2586 1813 2641 οἱ

234 2676 344 2734 ἀπὸ
381 2678 627 2737 Δωνάτου
656 2678 802 2744 τινὸς
825 2679 1155 2746 Δωνατιανοὶ
1195 2678 1338 2738 οὓτω
1377 2678 1722 2750 καλούμενοι,
1750 2679 1820 2732 τὰ

232 2775 394 2842 ὅμοια
415 2773 625 2836 τούτοις
667 2772 991 2845 φρονοῦντες
1027 2775 1186 2838 είσιν,
1223 2773 1555 2844 ἀφηνιασταὶ
1595 2773 1690 2826 καὶ
1723 2771 1822 2826 αύ-

234 2867 317 2920 τοὶ
344 2865 505 2936 δῆθεν
533 2866 622 2922 διὰ
656 2869 716 2919 τὸ
745 2867 821 2938 μὴ
860 2869 1240 2936 συγκοινωνεῖν
1263 2869 1376 2929 τοῖς
1412 2868 1470 2919 ὲν
1490 2865 1568 2936 τῷ
1595 2863 1821 2934 διωγμῷ

236 2955 636 3026 παραπεσοῦσι,
663 2957 774 3019 τοῖς
821 2956 1005 3019 αὐτοῖς
1044 2956 1546 3026 άνατραπήσονται,
1571 2952 1822 3023 καθάπερ

1909 477 2090 534 elesia
2117 476 2238 542 filii,
2271 479 2365 548 qui
2405 485 2610 533 certam
2635 476 2759 532 ﬁdei
2793 476 3037 547 regulam
3079 477 3399 548 agnoscitis,
3423 494 3490 535 ac

1909 571 2056 627 viam
2087 569 2338 625 veritatis
2384 568 2639 623 inceditis
2669 587 2684 622 :
2715 584 2783 623 ne
2828 581 2928 622 vos
2980 569 3272 623 contraria
3320 585 3491 626 voces

1910 662 2264 723 abstraham,
2313 668 2407 714 aut
2439 660 2737 728 cujuslibet
2777 661 3056 716 ementita
3084 668 3248 715 secta
3281 677 3492 716 scrmo-
3537 733 3540 740 ι
3578 729 3580 731 ς

1910 768 2010 808 nes
2043 752 2341 822 decipiant.
2383 751 2634 806 Lubrica
2668 754 2868 822 quippe
2898 752 3000 806 via
3026 760 3176 816 sunt,
3206 767 3270 806 ac
3302 753 3493 822 depra-
3572 785 3578 792 ι

1909 851 2048 898 vata
2085 845 2304 898 illorum
2342 843 2750 910 intelligentia:
2799 843 3022 898 acclivis
3073 853 3158 899 est
3207 845 3493 912 arduaque

1911 936 2130 990 semita.
2183 934 2400 990 Etenim
2455 936 2743 1006 magniﬁce
2778 950 2898 990 sese
2923 934 3154 1003 jactant,
3181 945 3236 990 et
3271 937 3490 990 interim

1911 1029 2124 1084 minora
2153 1030 2428 1086 nesciunt.
2459 1029 2790 1084 Libertatem
2841 1029 3158 1094 ostendunt,
3193 1045 3315 1084 etim
3368 1046 3496 1100 pec-

1912 1129 2167 1177 catorum
2226 1121 2371 1178 servi
2425 1122 2555 1176 sint.
2587 1121 2664 1175 De
2698 1122 3004 1191 majoribus
3043 1121 3371 1192 gloriantur,
3402 1139 3496 1177 ne-

1912 1225 2019 1282 que
2049 1217 2232 1266 tamen
2259 1212 2346 1266 vel
2378 1226 2545 1280 parva
2573 1221 2702 1266 sunt
2735 1214 2995 1268 assecuti.

1983 1298 2184 1356 Verum
2220 1301 2288 1356 de
2320 1316 2386 1356 eo
2413 1316 2617 1372 genere
2649 1302 3056 1368 hareticorum,
3104 1306 3196 1371 qui
3247 1305 3497 1368 Cathari,

1913 1391 2016 1447 hoc
2043 1400 2127 1448 est
2161 1391 2296 1446 Puri
2323 1401 2609 1456 vocantur,
2630 1394 2975 1466 Ἀκάθαρτοι,
3013 1397 3117 1451 hoc
3158 1405 3244 1452 est
3292 1397 3498 1465 lmpuri

1913 1485 2118 1540 rectius
2154 1487 2517 1556 appellentur,
2549 1486 2688 1541 satis
2721 1487 2961 1542 arbitror
3014 1503 3045 1541 a
3095 1504 3182 1543 me
3228 1490 3498 1544 hactenus

1912 1593 2035 1634 esse
2067 1579 2296 1633 dictum.
2331 1577 2693 1644 Quamobrem
2721 1580 2910 1635 eadem
2941 1580 3135 1636 haeresi
3163 1583 3497 1651 praetermis-

1914 1686 1996 1735 sa,
2029 1672 2255 1742 perinde
2290 1688 2354 1728 ac
2387 1673 2636 1728 basilisci
2668 1688 2786 1738 ore,
2822 1674 2939 1744 qui,
2968 1675 3115 1745 quod
3158 1675 3225 1729 ad
3257 1675 3499 1746 speciem

1916 1765 2157 1820 nominis
2188 1765 2404 1829 attinet,
2435 1765 2727 1821 excellenti
2757 1767 2995 1836 quadam
3043 1768 3285 1823 nominis
3317 1768 3500 1837 appel-

1918 1853 2121 1910 latione
2165 1863 2474 1911 censetur:
2513 1856 2616 1909 hoc
2662 1857 2829 1925 igitur
2874 1856 3006 1925 ligni
3052 1858 3102 1912 vi
3152 1873 3216 1912 ac
3258 1859 3500 1928 potentia

1917 1947 2278 2012 comminuto,
2309 1947 2377 2002 ad
2409 1948 2649 2018 reliquas
2678 1959 3045 2007 transeamus.
3081 1950 3187 2006 Sed
3218 1951 3271 2005 in
3312 1949 3504 2020 primis

1916 2038 2108 2093 eadem
2163 2038 2353 2094 divino
2391 2038 2614 2094 Numini
2666 2056 2827 2110 prece
2880 2042 3274 2112 supplicemus,
3310 2051 3369 2096 ut
3405 2042 3506 2096 via

1919 2130 2078 2184 nobis
2107 2144 2292 2185 comes
2322 2146 2448 2186 esse
2479 2132 2629 2194 velit,
2661 2140 2716 2187 et
2743 2133 3034 2188 nobiscum
3065 2142 3303 2197 maneat,
3336 2134 3502 2200 adsit,

1917 2223 2240 2292 opituletur,
2273 2235 2583 2287 conservet,
2618 2225 2892 2292 instituat,
2925 2233 2978 2281 et
3005 2235 3063 2281 ut
3094 2242 3221 2283 vera
3251 2227 3504 2282 dicamus

1919 2315 2222 2384 largiatur;
2266 2330 2337 2369 ne
2391 2315 2530 2372 forte
2562 2317 2891 2372 mentientes
2935 2318 3157 2388 ipsimet
3204 2319 3261 2373 in
3311 2319 3500 2374 eadem

1921 2406 2290 2471 incurramus,
2334 2411 2390 2463 in
2431 2425 2552 2479 qua
2587 2410 2823 2466 hareses
2875 2412 3184 2467 inciderunt
3220 2412 3344 2478 illa,
3383 2428 3506 2483 qua

1922 2497 2220 2553 humanum
2251 2517 2423 2570 genus
2453 2502 2591 2558 falsa
2624 2503 2953 2558 docuerunt.

1989 2587 2072 2642 Ad
2103 2590 2218 2644 hac
2270 2593 2362 2662 qui
2417 2594 2472 2646 in
2507 2592 2717 2655 Africa,
2747 2603 2802 2647 et
2829 2593 3099 2648 Bizacena
3131 2595 3354 2667 degunt,
3387 2603 3441 2650 et
3474 2610 3506 2649 a

1923 2681 2135 2738 Donato
2187 2684 2424 2755 quodam
2480 2685 2772 2740 Donatiani
2809 2697 3098 2752 vocantur,
3135 2689 3325 2743 eadem
3379 2703 3504 2742 cum

1921 2775 2203 2843 prioribus
2248 2777 2357 2832 illis
2403 2779 2724 2841 sentientes,
2756 2780 3112 2849 eamdemque
3143 2780 3216 2834 ob
3255 2793 3504 2843 causam,

1923 2867 2069 2936 quod
2118 2867 2368 2923 videlicet
2414 2885 2538 2924 cum
2593 2871 2678 2926 his
2729 2873 2822 2941 qui
2864 2871 2916 2925 in
2951 2874 3331 2941 persecutione
3365 2872 3507 2940 lapsi

1924 2965 2102 3022 erant,
2131 2959 2268 3013 nihil
2323 2960 2526 3016 habere
2573 2976 2866 3017 commune
2899 2963 3121 3028 vellent,
3154 2964 3506 3028 rebellantes,

237 3047 332 3101 καὶ
377 3047 427 3099 oi
463 3046 918 3118 ἑτεροζυγοῦντες
962 3049 1145 3111 αὐτοῖς
1191 3048 1552 3110 Νουατιανοὶ,
1597 3046 1695 3098 εἴτ’
1726 3043 1818 3099 οὖν

1931 3048 2116 3102 eadem
2167 3051 2378 3106 ratione
2425 3051 2793 3120 disjicientur,
2823 3069 2932 3123 qua
2968 3063 3024 3109 et
3050 3053 3360 3120 Novatiani,
3397 3055 3513 3111 sive

238 3139 486 3211 Καθαροί
537 3139 681 3194 οὕτω
709 3140 1013 3211 λεγόμενοι.
1047 3141 1139 3193 Διὸ
1169 3141 1229 3193 οὐ
1274 3139 1462 3212 χρείαν
1509 3139 1823 3209 ἐσχήκαμεν

1931 3138 2172 3203 Cathari,
2214 3140 2306 3209 qui
2359 3156 2648 3198 commune
2701 3159 2825 3200 cum
2859 3144 2968 3201 illis
3014 3145 3204 3217 jugum
3260 3145 3509 3200 trahunt.

238 3232 366 3301 περὶ
394 3230 598 3286 τούτων
629 3250 682 3286 τι
715 3233 1148 3304 ἐπεργάσασθαι,
1179 3231 1292 3285 ἀλλ’
1317 3231 1451 3302 ὁμοῦ
1489 3231 1684 3294 αὐτοὺς
1713 3232 1825 3292 τοῖς

237 3321 442 3390 ὁμοίοις
471 3325 654 3386 αὐτοῖς
685 3325 1020 3395 συνήψαμεν.
1049 3325 1440 3395 Περιττότερον
1471 3323 1526 3376 δὲ
1554 3316 1699 3376 οὗτοι
1729 3322 1828 3375 πά-

237 3412 321 3465 λιν
355 3415 449 3466 καὶ
491 3417 674 3486 χεῖρον
722 3414 1001 3480 ἐξέπεσον.
1043 3416 1154 3486 Τὴν
1189 3415 1298 3486 γὰρ
1341 3415 1517 3467 πίστιν
1563 3413 1706 3467 κατὰ
1734 3413 1826 3465 τὸν

243 3505 460 3575 Ἀρειον
515 3505 840 3580 φρονοῦσιν·
896 3507 1375 3578 άνατραπήσονται
1445 3505 1501 3559 δὲ
1565 3504 1827 3568 ὡσαύτως

241 3598 370 3668 περὶ
405 3597 662 3665 πίστεως,
685 3593 752 3671 ἧς
780 3598 967 3664 κακῶς
997 3599 1307 3671 φρονοῦσιν,
1335 3599 1410 3661 ὡς
1436 3598 1529 3650 καὶ
1551 3599 1579 3649 ὁ
1612 3598 1829 3668 Ἀρειος

239 3687 522 3760 ἀνετράπη
555 3689 641 3742 διὰ
673 3689 846 3760 λόγων
875 3690 1156 3762 ἀληθείας,
1196 3691 1265 3744 τὰ
1296 3690 1436 3747 αὐτὰ
1460 3691 1670 3753 τούτοις
1699 3705 1830 3759 φρο-

241 3778 383 3844 νῶν,
424 3781 520 3836 καὶ
561 3776 707 3838 οὗτοι
743 3784 956 3854 ἐκείνῳ.
984 3783 1098 3838 Kal
1141 3783 1346 3854 ταύτην
1391 3783 1448 3836 δὲ
1493 3782 1656 3836 πάλιν
1691 3798 1834 3850 παρ·

243 3871 607 3942 ελευσὸμενοι,
649 3875 741 3926 ἐπὶ
772 3873 871 3936 τὰς
892 3875 1028 3944 ,ἑξῆς
1059 3873 1348 3946 βαδιοῦμεν
1368 3917 1382 3940 ,
1409 3873 1596 3943 ὥσπερ
1624 3873 1831 3943 ἑρπετά

241 3963 394 4018 δεινά
427 3967 953 4037 καταπεπατηκὸτες
982 3968 1040 4019 ὲν
1068 3949 1276 4037 Κυρίῳ.

631 4258 826 4313 ,ΚΑΤΑ
867 4258 1256 4328 AH‘EAtKnN
1300 4259 1344 4328 (ι
1355 4259 1434 4330 8),

557 4345 562 4349 ’
720 4351 958 4422 Αἵρεσις
990 4353 1060 4404 Μ’
1089 4351 1128 4417 ἡ
1162 4351 1261 4404 καὶ
1287 4351 1365 4406 Ξ’.

1929 3227 2090 3300 505
2117 3229 2386 3295 Quocirca
2419 3248 2644 3290 necesse
2677 3251 2787 3291 non
2818 3236 3112 3293 habuimus
3161 3238 3415 3307 privatim
3443 3238 3513 3294 de

1929 3319 2040 3382 illis
2081 3320 2318 3390 amplius
2349 3322 2558 3392 aliquid
2586 3331 2862 3393 tractare;
2898 3326 2995 3382 sed
3026 3327 3149 3382 illos
3180 3343 3302 3382 cum
3324 3327 3412 3382 sui
3439 3329 3517 3384 si-

1931 3413 2151 3468 milibus
2172 3413 2590 3486 cenjungendos
2613 3420 2946 3488 putavimus.
2975 3418 3082 3475 Sed
3111 3421 3200 3476 isti
3231 3421 3518 3477 vehemen-

1930 3504 2041 3561 tius
2071 3521 2134 3560 ac
2170 3507 2413 3564 deterius
2447 3510 2796 3580 aberrarunt,
2833 3515 3034 3584 quippe
3061 3516 3152 3584 qui
3179 3516 3235 3569 in
3267 3515 3516 3570 eamdem

1931 3609 2058 3648 cum
2090 3595 2222 3650 Ario
2264 3598 2422 3652 ﬁdem
2464 3602 2812 3655 consentiant
2841 3621 2854 3656 :
2892 3603 3039 3657 unde
3073 3613 3146 3669 et,
3173 3606 3319 3674 quod
3351 3605 3420 3659 ad
3449 3605 3520 3658 li-

1931 3684 2054 3752 dcm
2087 3688 2303 3752 attinet,
2333 3688 2401 3744 de
2432 3705 2540 3758 qua
2573 3693 2715 3750 male
2739 3695 3006 3756 sentiunt,
3033 3694 3227 3750 eodem
3273 3701 3519 3750 everten-

1935 3784 2024 3832 tur
2075 3777 2258 3844 modo,
2295 3793 2406 3848 quo
2457 3781 2624 3838 Arius
2671 3781 2920 3844 veritatis
2963 3783 3212 3840 oratione
3245 3783 3518 3842 refutatus

1931 3874 2037 3932 est,
2073 3883 2197 3923 cum
2247 3883 2280 3922 a
2333 3885 2393 3933 se
2438 3869 2672 3936 invicem
2714 3873 2940 3926 minime
2968 3873 3320 3930 dissentiant.
3353 3872 3518 3934 Deni-

1932 3974 2040 4029 que
2069 3975 2171 4016 nos
2217 3960 2310 4015 illa
2354 3963 2654 4031 praterita,
2687 3963 2754 4027 ad
2795 3965 3035 4035 reliquas
3075 3964 3514 4037 progrediemur,

1875 4112 1878 4114 γ
1932 4059 2288 4123 posteaquam
2331 4054 2609 4114 horrenda
2646 4057 2814 4121 veluti
2865 4058 3202 4128 serpentium
3238 4063 3510 4120 monstra,

1936 4143 2166 4202 Demin
2193 4145 2508 4216 adjuvante,
2542 4149 3006 4218 proculcavimus.

2318 4259 2690 4318 ADVERSUS
2729 4260 3139 4329 ANGELICOS,

2411 4353 2644 4409 [heresis
2669 4353 2769 4408 XL
2795 4356 2900 4408 sive
2928 4352 3046 4408 LX.

320 4445 398 4497 A'.
439 4441 766 4511 Ἀγγελικῶν
811 4443 1023 4515 αἵρεσιν
1064 4442 1410 4513 ἀκηκόαμεν,
1444 4443 1540 4497 καὶ
1566 4442 1627 4495 τὸ
1658 4443 1823 4513 ὄνομα

2010 4444 2048 4500 Ι.
2079 4446 2276 4501 Audita
2298 4463 2328 4501 a
2353 4445 2514 4502 nobis
2541 4455 2626 4501 est
2649 4446 3035 4517 Angelicorum
3068 4445 3314 4512 haresis,
3348 4463 3413 4502 ac
3442 4463 3526 4504 se-

255 4535 415 4607 μόνον
467 4534 831 4606 ὲνηχὴθημεν,
866 4535 926 4588 οὐ
974 4534 1116 4590 πάνυ
1147 4534 1203 4587 δὲ
1244 4535 1433 4604 σαφῶς
1483 4535 1641 4605 ἴσμεν
1673 4536 1768 4599 τίς
1797 4538 1831 4607 ἡ

251 4627 477 4699 τοιαύτη
523 4629 755 4696 αἵρεσις,
797 4627 885 4682 διὰ
925 4627 986 4679 τὸ
1030 4627 1172 4696 τάχα
1212 4627 1384 4691 ποτὲ,
1437 4628 1614 4698 καιρῷ
1665 4628 1835 4700 αὐτὴν

251 4721 541 4783 ὲνστᾶσαν,
572 4718 798 4789 ὕστερον
826 4718 1003 4787 λῆξαι,
1035 4720 1127 4773 καὶ
1153 4719 1522 4789 καταλυθῆναι
1552 4722 1634 4782 είς
1662 4719 1832 4784 τέλος.

251 4810 328 4863 Τὸ
362 4811 420 4864 δὲ
468 4811 639 4882 ὄνομα
691 4809 780 4863 διὰ
824 4809 982 4862 ποίαν
1027 4812 1207 4864 αἰτίαν
1261 4810 1450 4882 ἔσχεν,
1503 4812 1602 4864 οὐκ
1654 4811 1832 4882 ἴσμεν.

255 4903 416 4956 Ἤτοι
446 4903 555 4974 γὰρ
595 4899 748 4972 παρὰ
787 4901 848 4954 τὸ
890 4898 1042 4963 τινὰς
1085 4901 1188 4953 ὑπὸ
1221 4901 1468 4969 ἀγγέλων
1511 4901 1602 4954 τὸν
1634 4901 1838 4972 κόσμον

251 4993 581 5062 γεγενῆσθαι
601 4992 845 5060 φάσκειν·
880 4991 992 5062 (καὶ
1019 4994 1068 5045 εί
1101 4993 1237 5062 αὐτὴ
1265 4991 1424 5045 τοῦτο
1451 4993 1733 5062 φάσκουσα
1761 4991 1839 5063 τῷ

253 5086 477 5154 ὀνόματι
525 5084 698 5153 τούτῳ
733 5083 1008 5154 κέκληται,
1043 5087 1142 5139 οὐκ
1175 5084 1282 5156 ἔχω
1327 5084 1552 5154 λέγειν),
1593 5087 1717 5156 ⁸ἦτοι
1749 5085 1838 5141 διὰ

253 5176 318 5228 τὸ
355 5178 412 5229 ὲν
457 5175 609 5240 τάξει
655 5175 901 5245 ἀγγέλων
948 5177 1175 5238 ἑαυτοὺς
1223 5176 1535 5241 σεμνύνειν,
1581 5179 1677 5230 καὶ
1739 5177 1840 5248 βίῳ

333 5369 443 5439 (l7)
468 5371 598 5436 Ἔτι
620 5370 690 5424 δὲ
709 5373 763 5425 οἱ
784 5371 854 5424 ἐν
879 5371 956 5439 τῇ
971 5371 1228 5439 Ἀφρικῆ.
1249 5369 1328 5426 De
1351 5371 1652 5429 Donatistis
1682 5376 1841 5429 levis-

263 5438 401 5493 sime
424 5438 738 5512 defungitur
766 5438 1120 5510 Epiphanius,
1147 5441 1292 5510 quod
1325 5443 1542 5512 illorum
1582 5445 1842 5499 fortassis

262 5523 481 5584 errores
548 5509 692 5564 haud
761 5509 896 5584 satis
963 5509 1562 5584 compererat._Atqui
1647 5526 1844 5584 prater

265 5578 541 5662 schisma,
582 5589 636 5662 et
691 5583 1025 5662 pertinacem
1057 5594 1115 5661 .a
1175 5582 1400 5662 reliquis
1472 5578 1841 5662 secessionem

264 5649 645 5722 nonnullade
695 5649 762 5704 iis
811 5650 1106 5722 peculiaria
1163 5651 1268 5705 dici
1299 5649 1563 5722 possent.
1623 5654 1728 5708 Sed
1777 5669 1844 5707 ex

267 5717 474 5790 Optati,
533 5717 859 5788 Augustini,
921 5721 1263 5789 aliorumque
1320 5717 1568 5792 seriptis,
1607 5730 1720 5776 tum
1777 5739 1843 5777 ex

1937 4538 2050 4592 lum
2095 4539 2217 4609 ejus
2268 4553 2466 4593 nomen
2501 4539 2836 4608 accepimus,
2873 4553 3050 4608 neque
3093 4539 3402 4608 cujusmodi
3436 4541 3524 4592 illa

1937 4629 2156 4684 demum
2191 4630 2416 4684 haresis
2447 4629 2537 4690 sit,
2568 4636 2910 4696 compertum
2937 4627 3248 4681 habuimus.
3280 4627 3434 4692 Quod
3459 4643 3525 4682 eo

1940 4720 2175 4776 fortasse
2211 4718 2462 4789 contigit,
2500 4718 2646 4788 quod
2702 4732 2825 4771 cum
2877 4718 3174 4787 aliquando
3203 4717 3521 4787 prodiisset,

1939 4811 2102 4866 desiit
2134 4819 2345 4881 postea,
2392 4823 2457 4864 ac
2488 4809 2706 4863 tandem
2737 4810 2958 4880 penitus
3001 4810 3274 4864 exstincta
3317 4820 3423 4865 est.
3456 4809 3525 4864 ll-

1941 4903 2032 4956 lud
2068 4918 2199 4957 vero
2227 4917 2424 4956 nomen
2454 4916 2619 4970 quam
2652 4901 2722 4955 ob
2753 4916 2977 4956 causam
3013 4901 3335 4968 obtinuerit,
3369 4903 3526 4972 igno-

1941 5008 2148 5048 ramus.
2171 4991 2309 5046 Nam
2337 5007 2461 5046 cum
2488 4991 2727 5046 haeretici
2762 4991 2983 5060 quidam
3021 4992 3302 5047 conditum
3332 4992 3402 5047 ab
3421 5007 3524 5046 an-

1942 5085 2076 5155 gelis
2109 5085 2373 5138 mundum
2413 5099 2534 5138 esse
2563 5083 2825 5150 dixerint,
2861 5091 3175 5138 utrumnam
3202 5084 3318 5138 hac
3350 5095 3522 5147 secta,

1942 5176 2090 5246 quod
2139 5176 2281 5231 idem
2331 5182 2692 5238 asseveraret,
2725 5175 2916 5233 eodem
2960 5177 3032 5232 sit
3060 5175 3251 5232 affecta
3279 5177 3522 5241 nomine,

1945 5373 2204 5429 Ecclesia
2237 5376 2526 5430 annalibus
2567 5375 2672 5445 peti
2705 5377 2887 5428 omnia
2923 5386 3177 5443 possunt.

2017 5445 2128 5512 (18)
2180 5445 2554 5514 Ἀπγελικῶπ
2595 5445 2671 5500 De
2717 5445 2802 5499 his
2829 5446 3057 5514 August.
3105 5447 3233 5500 har.
3270 5445 3380 5501 39:
3418 5447 3533 5500 An-

1945 5515 2118 5584 gelici,
2163 5515 2361 5584 inquit,
2411 5518 2465 5568 in
2508 5515 2812 5584 angelorum
2846 5517 3047 5568 cultum
3091 5515 3357 5576 inclinati,
3398 5533 3530 5584 quos

1949 5583 2278 5655 Epiphanius
2319 5586 2437 5655 jam
2467 5583 2680 5638 omnino
2722 5586 2974 5654 defecisse
3013 5594 3257 5638 testatur.
3309 5583 3529 5642 Cultum

1949 5654 2178 5727 Ιιὶστὴν
2232 5654 2488 5727 λατρείαν
2536 5656 2970 5727 ἰηιοιιίεεηΑΙὶιι
3018 5655 3127 5707 τῶν
3196 5656 3531 5724 Ἀγγελικῶν

1950 5724 2100 5779 notio
2132 5724 2200 5779 ab
2231 5724 2348 5781 loci'
2371 5727 2658 5796 cujusdam
2689 5725 2908 5780 nomine
2945 5740 3174 5796 prorsus
3202 5728 3524 5798 rejicienda.
