3794 6140
325 242 459 299 εισι)

1573 268 1576 272 ι
1692 230 1750 286 S.
1792 226 2138 287 EPIPHANII

3434 228 3564 285 10M

322 356 479 419 certo
498 355 771 412 animare
797 367 909 409 non
933 364 1178 423 possum.
1210 346 1510 420 Aitpotius
1538 346 1773 417 quodin
1798 363 1899 402 an-

2027 341 2327 417 ιξοχὼτάτῳ
2350 342 2596 412 ἄγεσθαι,
2623 342 2745 397 οὐδὲ
2764 341 2925 399 τοῦτο
2952 344 3387 416 διαδεδαιοῦμαι’
3417 346 3450 417 ἥ
3478 350 3565 402 καὶ

323 452 555 525 gelioum
576 444 994 504 sese~ordinem
1040 453 1366 514 arroganter
1412 439 1704 505 referrent,
1735 449 1897 508 atque

323 544 673 601 excellentem
712 536 1007 610 quamdam
1037 536 1179 591 “vita:
1222 535 1493 590 rationem
1525 533 1893 597 instituerent,

322 654 388 692 ne
420 638 527 691 hoc
557 632 774 703 quidem
825 644 926 699 pro
971 634 1255 697 comperto
1273 624 1472 681 .aﬂ‘ero.
1501 626 1593 678 An.
1612 632 1898 695 postremo

2002 441 2110 494 ἀπὸ
2140 438 2308 492 τόπου
2356 438 2504 501 τινος
2551 438 2835 508 εἰληφότες
2877 436 3135 507 τοῦνομα·
3163 439 3352 510 ’ἐπειδὴ
3386 441 3569 512 χῶρός

2003 530 2086 593 τίς
2121 531 2268 582 ἐστιν
2311 528 2595 598 Ἀγγελίνη
2619 529 2878 582 ἐπέκεινα
2905 529 3003 600 τῆς
3027 529 3451 594 Μεσοποταμίας
3476 534 3570 601 χώ-

2012 638 2111 693 ρας
2138 620 2410 691 κείμενος.
2808 622 2811 625 ’

323 728 390 782 ab
443 728 566 781 loco
629 721 867 793 quodam
917 735 1037 775 eam
1093 716 1736 788 appellationemsortiti
1768 716 1905 770 sint;
1940 713 2214 780 Quoniam
2248 714 2466 784 quidem
2534 713 2684 785 regio
2740 713 2988 785 quedam
3022 721 3108 772 est
3147 715 3288 771 ultra
3330 714 3572 785 Mesopo-

322 819 565 884 tamiam,
593 831 717 888 quae
748 814 1014 884 Angelina
1039 812 1261 867 dicitur.

390 909 455 964 II.
492 909 787 965 Jamvero
828 905 1082 976 quisquis
1121 919 1182 959 es
1215 904 1451 968 auditor,
1483 904 1529 959 si
1574 918 1697 974 quae
1738 917 1769 956 a
1811 917 1900 958 me

320 1009 481 1057 antea
510 1001 658 1055 dicta
695 1006 826 1054 sunt
857 997 1192 1061 recorderis,
1219 996 1358 1050 nihil
1389 996 1496 1050 erit
1535 995 1682 1067 quod
1717 1009 1805 1050 me
1841 995 1897 1048 in

321 1089 572 1145 criminis
595 1087 972 1158 suspicionem
1004 1085 1265 1140 adducas.
1309 1083 1424 1140 Hoc
1453 1086 1601 1141 enim
1627 1085 1695 1142 de
1730 1086 1901 1141 haere-

323 1180 478 1236 sibus
516 1178 829 1248 recepimus
866 1195 878 1231 :
910 1175 1273 1246 quarumdam
1313 1190 1416 1231 nos
1462 1176 1677 1233 radices
1703 1192 1767 1231 ac
1796 1177 1898 1232 do-

322 1280 526 1344 gmata,
557 1280 652 1325 aut
692 1268 899 1339 aliquid
923 1282 1113 1324 eorum
1142 1282 1266 1338 quae
1298 1268 1368 1323 ab
1407 1268 1515 1324 illis
1543 1268 1663 1324 ﬁeri
1696 1270 1895 1334 solent,

323 1377 449 1419 esse
494 1369 849 1425 narraturos;
897 1359 1289 1414 aliarnmvero
1318 1359 1542 1415 nomine
1565 1370 1724 1416 tenus
1749 1377 1900 1417 men-

323 1456 528 1510 tionem
563 1467 687 1508 esse
719 1450 984 1506 facturos.
1015 1449 1189 1505 Porro
1217 1458 1483 1520 quantum
1525 1444 1712 1507 divina
1740 1452 1898 1507 nobis

322 1561 427 1615 ope
459 1544 823 1617 praesidioque
863 1557 1188 1598 concessum
1240 1552 1344 1607 est,
1368 1544 1627 1600 omnibus
1653 1545 1722 1599 ad
1757 1545 1900 1598 hanc

2076 894 2151 951 B'.
2177 896 2316 968 Ἤδη
2343 895 2400 950 δὲ
2421 896 2478 949 ὲν
2494 875 2796 967 ὑπομνήσει
2823 912 2921 949 σου
2945 897 3230 968 γινομένου
3254 901 3350 953 τοῦ
3382 903 3572 972 ἀκροα-

2005 987 2099 1041 τοῦ
2122 1028 2137 1052 ,
2189 988 2290 1041 οὐκ
2356 989 2438 1051 εἰς
2506 988 2853 1056 κατάγνωσιν
2903 989 2961 1042 ὲν
3021 990 3298 1054 ὑπονοίαις
3355 994 3571 1066 γενήσῃ.

2018 1079 2495 1151 Ἐπηγγειλάμεθα
2538 1079 2648 1151 γὰρ
2695 1079 2803 1133 τῶν
2853 1080 2953 1151 μὲν
2994 1079 3094 1146 τάς
3139 1082 3294 1154 ῥίζας
3347 1085 3444 1138 καὶ
3487 1086 3575 1147 τὰς

2004 1174 2326 1245 προφάσεις,
2357 1172 2393 1243 ἡ
2435 1189 2489 1225 τι
2522 1171 2632 1225 τῶν
2670 1173 2728 1226 ὲν
2757 1176 2868 1239 τοῖς
2904 1174 3033 1246 παρ’
3071 1176 3253 1239 αὐτοῖς
3286 1176 3576 1246 γινομένων

2002 1264 2262 1337 δηλῶσαιο
2296 1264 2471 1319 ἄλλων
2502 1264 2561 1318 δὲ
2610 1264 2769 1335 μόνον
2794 1264 2873 1337 τῷ
2901 1266 3122 1337 ὀνόματι
3165 1269 3577 1339 ἀπομνημονεῦ-

2006 1372 2118 1411 σαι.
2157 1355 2245 1417 Ὠς
2278 1355 2336 1409 δὲ
2377 1355 2411 1426 η
2440 1353 2563 1409 θεία
2603 1352 2832 1425 δύναμις
2878 1355 3278 1427 παρεσκεύασε,
3311 1359 3409 1411 καὶ
3434 1358 3580 1431 ὲδοή-

2005 1448 2191 1519 θησεν,
2225 1447 2331 1512 ἕως
2354 1446 2558 1518 ταύτης
2603 1447 2705 1518 τῆς
2743 1448 3012 1520 αἱρέσεως
3043 1449 3142 1513 τὰς
3176 1451 3359 1515 πάσας
3395 1452 3580 1517 διεξελ-

2006 1540 2209 1605 Θόντες,
2236 1541 2496 1611 οὐδε-μίαν
2527 1540 2791 1611 εἰάσαμεν
2831 1541 3252 1613 ἀνερμήνευτον,
3289 1543 3432 1614 πλὴν
3460 1547 3579 1614 μιᾶς

321 1652 498 1706 usque
543 1636 710 1691 sectis
761 1635 1049 1705 expositis,
1080 1634 1310 1698 nullam,
1346 1634 1451 1691 bac
1481 1645 1727 1707 excepta,
1759 1651 1901 1706 prae-

2027 1634 2224 1703 ιαύτης.
2259 1633 2412 1703 Τάχα
2441 1631 2610 1685 δὲδιά
2637 1632 2728 1696 τὸ,
2764 1633 3094 1704 ἐπαρθεῖσαν
3123 1634 3201 1705 τῷ
3228 1634 3387 1705 τύφῳ
3413 1636 3579 1703 ὀλίγον

320 1728 682 1792 termisimus,
714 1742 877 1797 quam
913 1743 1023 1782 non
1048 1727 1296 1783 oratione
1328 1726 1755 1785 declararemus.
1788 1727 1896 1784 Sed

322 1821 520 1876 accidit
558 1820 813 1883 fortasse,
849 1828 909 1875 ut
929 1835 1052 1875 cum
1082 1820 1230 1875 brevi
1256 1820 1351 1875 illa
1388 1828 1634 1892 tempore
1660 1838 1786 1878 sese
1809 1824 1899 1877 in-

323 1912 564 1969 solenter
609 1912 917 1975 extulisset,
953 1925 1018 1965 ac
1053 1920 1328 1980 postremo
1357 1912 1636 1977 desiisset,
1668 1915 1805 1968 nihil
1835 1914 1903 1968 de

323 2000 442 2070 ipsa
471 2000 609 2054 certi
637 2000 1017 2071 exploratique
1046 2000 1329 2069 percipere
1364 2017 1674 2071 possemus.
1716 2002 1903 2074 Itaque

324 2092 445 2147 sola
480 2092 603 2162 ejus
638 2092 1003 2163 appellatione
1051 2090 1310 2146 celeriter
1353 2096 1772 2163 comprehensa.
1811 2108 1905 2148 eo-

324 2200 435 2255 que
480 2185 722 2249 nomine,
755 2188 903 2240 velut
940 2186 1197 2241 abortivo
1236 2186 1473 2256 quodam
1525 2185 1661 2249 fetu,
1709 2184 1905 2250 functi,

324 2276 432 2331 hoc
475 2276 596 2330 loco
643 2275 1038 2345 praatermisso,
1076 2276 1144 2330 ad
1192 2275 1641 2345 contemplandas
1679 2283 1906 2331 caueras

325 2368 568 2421 animum
603 2378 1008 2424 convertemus.
1045 2367 1234 2438 Itaque
1265 2370 1500 2439 primum
1538 2366 1609 2421 ab
1629 2367 1906 2422 universi-

330 2460 458 2516 tatis
507 2458 739 2514 Domino
782 2461 1205 2529 postulaliimus,
1241 2469 1300 2515 ut
1329 2459 1526 2514 adesse
1556 2458 1716 2514 nobis
1753 2459 1905 2523 velit,

325 2559 382 2609 et
412 2558 473 2606 ut
492 2567 615 2622 quae
643 2551 785 2622 apud
818 2552 941 2608 illos
961 2552 1136 2623 .506
1164 2551 1299 2605 ﬁunt
1330 2550 1527 2621 exiguo
1556 2558 1721 2621 atque
1746 2551 1910 2606 imbe-

325 2643 456 2700 cillo
488 2644 707 2715 ingenio
738 2654 927 2699 nostro
959 2644 1281 2712 subjiciens,
1310 2643 1566 2698 universa
1602 2658 1702 2698 nos
1742 2657 1907 2713 quam

327 2736 741 2792 accuratissime
772 2736 1061 2807 perdocent
1100 2754 1114 2790 :
1150 2751 1260 2806 quo
1295 2741 1349 2791 et
1380 2749 1482 2790 nos
1512 2737 1684 2804 ipsos,
1721 2741 1777 2790 et
1802 2749 1908 2789 ειε-

2003 1728 2214 1801 καιρδν,
2244 1728 2337 1779 καὶ
2356 1724 2594 1797 ’ὕστερον
2620 1725 2784 1795 λῆξαι
2825 1726 2924 1797 τὴν
2952 1727 3122 1799 αὐτῆς
3149 1728 3487 1799 κατάληψιν,
3522 1728 3577 1782 οὒ

2008 1822 2149 1877 πάνυ
2188 1819 2375 1889 σαφῶς
2404 1818 2671 1889 ἔγνωμεν.
2701 1819 2919 1890 Ταύτης
2940 1819 3002 1872 δὲ
3038 1821 3194 1890 μόνον
3221 1822 3578 1892 ἐπιμνησθέν-

2005 1931 2099 1977 τες
2130 1913 2231 1983 τῆς
2264 1910 2560 1981 ὀνομασίας
2591 1911 2649 1963 ὲν
2695 1912 2884 1980 τάχει,
2929 1910 3119 1982 ὥσπερ
3164 1911 3483 1983 ἐκτρώματι
3509 1910 3579 1981 τῷ

2005 2005 2229 2076 ὀνόματι
2259 2002 2600 2074 χρησάμενοι
2619 2042 2635 2067 ,
2667 2002 3114 2074 παρελευσόμεθα
3154 2003 3244 2057 τὸν
3280 2005 3465 2065 τόπον,
3496 2003 3579 2056 ἐπὶ

2007 2096 2106 2160 τὰς
2152 2095 2347 2166 ἑτέρας
2378 2094 2436 2148 δὲ
2483 2093 2906 2158 διασκοποῦντες
2947 2096 3046 2165 τὴν
3084 2097 3260 2168 ὁρμὴν
3298 2096 3578 2150 ποιεῖσθαι.

2008 2187 2120 2241 Καὶ
2166 2185 2481 2253 αἰτούμενοι
2527 2185 2634 2238 τῶν
2690 2184 2827 2239 ὅλων
2875 2186 3153 2258 Δεσπότην
3203 2187 3581 2259 παραφανῆναι

2008 2282 2164 2350 ἡμῖν,
2201 2278 2310 2331 -καὶ
2351 2278 2419 2330 τὰ
2465 2276 2668 2350 ἀκριϐῆ
2719 2277 2827 2331 τῶν
2874 2279 3003 2349 παρ’
3056 2279 3239 2342 αὐτοῖς
3288 2279 3584 2350 γινομένων

2011 2367 2355 2433 ἐπιδείξαντα
2386 2366 2465 2438 τῷ
2500 2366 2721 2439 σμικρῷ
2747 2368 2904 2439 ἡμῶν
2930 2370 3029 2441 νῷ,
3064 2356 3243 2424 πάντα
3266 2370 3414 2423 κατά
3441 2368 3586 2440 ἀκρί-
3616 2406 3625 2417 .

2009 2461 2164 2514 δειαν
2210 2461 2488 2531 σημᾶναι·
2540 2459 2606 2513 ἵν’
2637 2461 2850 2525 ἑαυτοῖς
2889 2479 2947 2514 τε
2998 2462 3091 2515 καὶ
3134 2465 3247 2526 τοῖς
3289 2463 3461 2527 πέλας
3497 2461 3586 2534 τὴν

2010 2549 2296 2621 διόρθωσιν
2329 2548 2709 2621 ποιησώμεθα,
2740 2548 2835 2603 τοῦ
2869 2551 3092 2622 φεύγειν
3122 2554 3192 2606 τὰ
3219 2553 3425 2622 φαῦλα,
3456 2555 3509 2605 ὲν
3534 2551 3585 2605 δὲ

2010 2645 2124 2706 τοῖς
2152 2642 2380 2711 ἀγαθοῖς
2402 2643 2501 2695 καὶ
2527 2642 2919 2714 ἀληθεστάτοιις
2952 2644 3013 2697 τὸ
3040 2644 3254 2717 ἑδραῖον
3285 2646 3504 2700 ἑαυτοῖι·
3532 2644 3587 2696 ὲν

2013 2732 2133 2803 Θεῷ
2166 2733 2658 2806 προσπορίσασθαι.
2773 2766 2788 2775 -

326 2836 477 2885 teros
508 2830 727 2885 erudire
751 2830 1049 2900 possimus,
1066 2829 1157 2885 ουιί
1186 2844 1312 2886 eum
1342 2830 1485 2883 mala
1517 2829 1778 2897 devitent,
1835 2838 1949 2885 tum
1989 2829 2045 2883 in
2080 2828 2169 2884 bis
2201 2844 2325 2899 quae
2365 2829 2530 2897 bona,
2589 2843 2654 2886 ac
2680 2832 2905 2887 veritati
2949 2833 3185 2889 maxime
3229 2843 3588 2890 consentanea

329 2933 481 2991 sunt,
514 2923 724 2978 ﬁrmam
780 2923 836 2977 in
886 2921 998 2978 Deo
1045 2923 1399 2979 stabilitatem
1438 2939 1503 2979 ac
1545 2921 1910 2979 constantiam
1954 2920 2240 2977 obtineant

581 3066 603 3076 -
663 3035 1034 3093 ADVERSUS
1072 3036 1567 3101 APOSTOLICOS,

754 3129 989 3185 Ilwresis
1018 3127 1153 3182 XLI
1191 3129 1296 3183 sive
1325 3127 1480 3181 LXI.

399 3223 441 3278 I.
481 3222 587 3278 Alii
619 3221 922 3278 secundum
953 3220 1075 3276 illos
1108 3219 1217 3275 dici
1258 3235 1317 3274 se
1345 3218 1690 3288 Apostolicos
1718 3216 1908 3272 volue-

328 3324 480 3380 runt,
524 3314 619 3385 qui
648 3321 702 3368 et
731 3311 1105 3382 Apotacticos,
1135 3310 1238 3364 hoc
1271 3317 1355 3364 est
1389 3308 1795 3362 Renuntiatores
1828 3321 1914 3362 sc-

329 3407 484 3477 ipsos
508 3404 814 3459 nominant.
845 3400 959 3455 Hoc
994 3400 1139 3455 enim
1175 3399 1464 3470 diligenter
1494 3399 1812 3459 observant,
1847 3411 1914 3450 ne

262 3510 267 3515 '
330 3491 1009 3567 quidquam~possideant.
1049 3488 1215 3544 Iidem
1268 3504 1432 3560 porro
1482 3505 1511 3542 a
1563 3487 1783 3542 Taliani
1817 3488 1915 3543 do-

330 3586 608 3659 gmatibus
636 3584 794 3638 .vclut
844 3580 1132 3636 avulsione
1178 3580 1418 3651 quadam
1472 3579 1779 3650 propagati,
1814 3581 1917 3634 hoc

332 3687 417 3735 est
459 3676 886 3744 avancratitis,
921 3673 1169 3730 Tatianis
1195 3682 1249 3730 et
1276 3674 1552 3737 Catharis,
1587 3673 1682 3744 qui
1725 3686 1917 3726 omnes

338 3771 610 3844 praecipue
656 3771 828 3842 legem
876 3768 1173 3840 repudiant
1202 3767 1449 3824 :babcnt
1497 3767 1577 3822 illi
1629 3766 1846 3822 diversa
1886 3780 1919 3820 a

336 3867 543 3923 nostris
574 3871 920 3935 sacramenta
957 3869 1126 3932 atque
1168 3862 1450 3934 mysteria.
1486 3857 1565 3914 De
1607 3858 1794 3927 inopia
1840 3872 1923 3913 re-

338 3974 460 4013 rum
507 3957 751 4012 omnium
777 3955 1108 4028 gloriantur,
1142 3966 1207 4007 ac
1244 3958 1657 4008 sacrosanctam
1690 3948 1783 4003 Dei
1817 3947 1922 4004 Ec-

337 4051 564 4107 olesiam
643 4049 901 4105 ascititiis
968 4045 1458 4117 superstitionibus
1521 4051 1725 4098 temere
1784 4040 1924 4096 divi-

318 4142 499 4208 dunt,
537 4155 600 4195 ac
643 4138 997 4201 labefactant,
1028 4143 1083 4191 et
1129 4150 1161 4190 a
1211 4134 1399 4190 divina
1450 4131 1926 4189 clementia‘exci-

335 4234 495 4289 dunt.
526 4229 714 4301 Neque
736 4229 888 4289 enim
915 4242 1039 4282 eum
1075 4226 1170 4296 qui
1202 4225 1372 4280 semel
1398 4224 1690 4294 prolapsus
1716 4222 1807 4286 sit,
1835 4236 1923 4276 re—

336 4324 552 4395 cipiunt
588 4321 1046 4391 amplius,.atque
1076 4316 1267 4372 eadem
1316 4315 1544 4369 omnino
1580 4313 1649 4367 de
1694 4312 1921 4383 nuptiis,

2425 3035 2613 3091 ΚΑΤΑ
2650 3036 3146 3092 ΑΠΟΣΤΟΛΙΚΩΝ

2365 3129 2607 3201 Αἵρεσις
2661 3128 2779 3184 MA'
2829 3130 2870 3199 ἡ
2922 3130 3023 3187 καὶ
3083 3128 3211 3184 ΞΑ’.

2086 3218 2165 3273 Α’.
2197 3219 2353 3274 Μετά
2382 3222 2440 3275 δὲ
2471 3221 2696 3285 τούτους
2736 3221 2886 3275 ἄλλοι
2920 3222 3147 3286 ἑαυτοὺς
3188 3220 3592 3282 Ἀποστολικοῦς

2014 3309 2327 3382 ὠνόμασαν.
2365 3311 2655 3366 Βούλονται
2686 3312 2742 3366 δὲ
2770 3313 2863 3366 καὶ
2891 3312 3358 3380 Ἀποτακτικοὺς
3383 3312 3595 3373 ἑαυτοὺς

2016 3400 2214 3471 λέγειν.
2247 3403 2578 3457 Φυλάττεται
2621 3403 2676 3457 δὲ
2726 3403 2859 3476 παρ’
2892 3404 3075 3467 αὐτοῖς
3108 3404 3167 3457 τὸ
3206 3404 3377 3476 μηδὲν
3409 3400 3591 3472 κεκτῆ-

2020 3487 2162 3542 σθαι.
2184 3491 2322 3544 Ἐἰσί
2349 3491 2405 3545 δὲ
2433 3494 2527 3545 καὶ
2556 3495 2604 3545 οἰ
2640 3492 2794 3546 αὐτοί
2819 3494 3161 3564 ἀπόσπασμα
3200 3494 3308 3548 τῶν
3342 3488 3591 3548 Τατιανοῦ

2017 3582 2326 3654 δογμάτων,
2359 3584 2733 3656 Ἐγκρατιτῶν
2758 3603 2819 3639 τε
2849 3587 2943 3639 καὶ
2971 3585 3275 3650 Τατιανῶν,
3302 3586 3400 3641 καὶ
3427 3583 3594 3639 Καθα-

2022 3674 2157 3745 ρῶν·
2182 3675 2380 3738 οἵτινες
2417 3674 2575 3745 φύσει
2617 3676 2783 3747 νόμον
2831 3677 2893 3730 οὐ
2934 3677 3353 3748 παραδέχονται.
3392 3676 3592 3747 Παρήλ-

2020 3767 2216 3821 λακται
2244 3768 2300 3821 δὲ
2329 3768 2462 3839 παρ’
2487 3769 2672 3832 αὐτοῖς
2703 3769 2796 3823 καλ.
2819 3768 2890 3822 τά
2916 3770 3212 3841 μυστήρια.
3243 3770 3592 3840 Σεμνύνονται

2022 3858 2081 3913 δὲ
2114 3859 2276 3932 δῆθεν
2305 3860 2693 3934 ἀκτημοσύνην
2716 3878 2732 3894 ο
2761 3862 3003 3932 σχίζουσι
3024 3861 3081 3915 δὲ
3113 3861 3291 3933 μάτην
3319 3856 3467 3916 οὗτοι
3513 3857 3596 3913 κιί

2026 3951 2327 4023 βλάπτουσι
2369 3952 2470 4023 τὴν
2505 3952 2668 4021 ἁγίαν
2696 3951 2848 4007 Θεοῦ
2892 3952 3239 4023 Ἐκκλησίαν,
3281 3952 3370 4006 διὰ
3398 3951 3459 4005 τὸ
3485 3949 3593 4004 ἑθε-

2022 4041 2434 4114 λοθρησκεύειν,
2471 4043 2799 4106 ἐκπεσόντες
2837 4044 2938 4114 τῆς
2978 4041 3072 4097 τοῦ
3118 4041 3253 4097 Θεοῦ
3306 4041 3597 4114 φιλανθρω-

2025 4137 2175 4200 πίας.
2210 4133 2348 4189 Ούτε
2393 4135 2502 4208 γάρ
2532 4135 3039 4208 παραπεπτωκότος
3081 4137 3227 4200 τινὸς
3277 4134 3501 4202 εἰσδεξις
3525 4133 3596 4187 ἔτι

2025 4229 2257 4298 γίνεται·
2290 4228 2358 4282 τὰ
2384 4229 2548 4299 ὃμοια
2593 4229 2649 4283 δὲ
2683 4232 2797 4294 τοῖς
2833 4231 3095 4284 ἀνωτάτω
3125 4229 3440 4301 λεγομένοις
3480 4243 3597 4300 φρο-

2027 4321 2178 4375 νοῦσι
2212 4322 2341 4392 περί
2373 4339 2431 4374 τε
2468 4321 2563 4374 τοῦ
2615 4323 2794 4394 γάμου
2842 4321 2937 4376 καὶ
2981 4320 3087 4375 τῶν
3132 4321 3307 4376 ἄλλων
3355 4319 3596 4394 πραγμά-

335 4387 660 4481 cteterisque
680 4387 930 4478 idgenus
953 4422 1081 4462 cum
1113 4404 1495 4476 superioribus
1525 4405 1634 4460 illis
1659 4406 1900 4460 sentiunt

2028 4430 2155 4466 των.
2193 4387 2303 4467 Kal
2329 4416 2377 4467 οἰ
2411 4414 2509 4484 μὲν
2535 4387 2782 4486 Καθαροὶ
2809 4418 2928 4479 ταῖς
2960 4416 3149 4487 ῥηταῖς
3184 4414 3343 4485 μόνον
3370 4387 3596 4486 Pupam-ai;

335 4503 587 4573 Cumque
629 4499 853 4557 Cathari
908 4498 1147 4569 receptis
1177 4499 1446 4555 duntaxat
1480 4494 1781 4567 Scripturis
1825 4496 1926 4551 ad-

338 4600 667 4657 haerescant,
696 4593 788 4650 isti
819 4593 1071 4655 Andreae,
1123 4607 1189 4646 ac
1228 4590 1450 4646 Thomze
1480 4589 1589 4659 (ita
1636 4589 1784 4644 enim
1824 4604 1926 4642 vo-

336 4686 502 4757 cant)
538 4686 694 4739 Actis
731 4683 1081 4755 potissimum
1122 4681 1412 4744 .nituntur,
1459 4687 1699 4750 suntque
1726 4679 1794 4734 ab
1827 4678 1928 4734 Ec-

335 4779 521 4837 clesiae
551 4776 736 4849 regula
770 4790 1003 4846 prorsus
1033 4773 1215 4829 alieni.

409 4869 548 4925 Nam
581 4870 627 4926 si
662 4865 1045 4927 abominandae
1083 4873 1213 4920 sunt
1255 4865 1478 4936 nuptiae,
1517 4864 1713 4934 impuri
1766 4863 1928 4934 plane

341 4961 419 5016 illi
458 4961 563 5031 ipsi
603 4966 753 5024 sunt,
783 4957 879 5028 qui
906 4972 943 5021 ε
973 4957 1182 5028 nuptiis
1205 4957 1474 5027 originem
1505 4963 1813 5011 traxerunt.
1848 4956 1929 5010 Ac

341 5054 391 5111 si
424 5052 670 5110 Ecclesia
700 5052 798 5108 Dei
828 5067 896 5107 ex
926 5051 996 5107 iis
1032 5050 1165 5106 solis
1192 5058 1434 5115 constat,
1475 5050 1569 5121 qui
1606 5051 1815 5120 nuptiis
1844 5065 1929 5105 re-

340 5147 670 5204 nuntiarunt
697 5159 925 5214 ;:neque
953 5143 1176 5213 nuptiae,
1211 5157 1387 5212 neque
1417 5150 1591 5196 totum
1625 5157 1928 5213 propagan-

341 5240 425 5295 (ιω
454 5238 659 5295 sobolis
687 5236 966 5307 negotium
998 5250 1064 5289 ex
1094 5234 1204 5289 Deo
1239 5242 1343 5289 est.
1375 5231 1558 5299 Quare
1584 5240 1637 5288 et
1668 5233 1769 5304 ipsi
1799 5249 1923 5289 cum

344 5331 588 5385 Indidem
632 5329 745 5382 nati
777 5327 907 5390 sint,
936 5340 965 5378 a
994 5325 1104 5379 Deo
1129 5334 1293 5380 erunt
1334 5325 1516 5380 alieni.
1555 5325 1724 5390 Quem
1761 5325 1927 5395 igitur

343 5421 523 5476 locum
555 5419 777 5475 habebit
801 5417 933 5472 illud
964 5435 977 5470 :
1002 5416 1134 5482 Quae
1163 5416 1301 5470 Deus
1330 5415 1604 5484 conjunxit
1632 5416 1787 5471 homo
1823 5433 1925 5471 non

347 5512 621 5579 κρανειίῖ
644 5508 779 5564 Nam
824 5525 890 5565 ex
930 5508 1258 5563 necessitate
1299 5521 1581 5577 separare,
1605 5506 1674 5561 ab
1708 5506 1925 5564 homine

366 5662 377 5686 λ
445 5666 463 5697 ⁸
500 5665 688 5742 Matth.
734 5683 845 5732 xm,
877 5667 933 5723 6.

2029 4504 2355 4576 κέχρηνται»
2390 4499 2536 4559 οὗτοι
2574 4507 2631 4560 δὲ
2672 4510 2792 4571 ταῖς
2821 4506 3144 4576 λεγομέναις
3181 4505 3453 4577 Πράξεσιν
3488 4504 3596 4556 Ἀν-

2027 4596 2183 4665 δρέου
2230 4615 2289 4650 τε
2336 4599 2431 4650 καὶ
2461 4598 2633 4669 Θωμᾶ
2660 4598 2722 4651 τὸ
2763 4598 3012 4652 πλεῖστον
3058 4599 3447 4669 ὲπερείδονται.
3476 4612 3596 4649 παν-

2028 4688 2264 4742 τάπασιν
2313 4688 2582 4759 ἀλλότριοι
2629 4689 2723 4742 τοῦ
2773 4690 2998 4753 κανόνος
3038 4689 3131 4743 τοῦ
3161 4683 3596 4762 ἐκκλησιαστικοῦ

2029 4780 2384 4851 ὑπάρχοντες.

2098 4873 2163 4925 Εἰ
2195 4871 2305 4943 γὰρ
2340 4871 2591 4944 βδελυρός
2622 4875 2771 4927 ἐστιν
2801 4874 2830 4926 ὁ
2863 4873 3060 4943 γάμος,
3097 4874 3206 4945 ἄρα
3233 4874 3345 4927 ὅλοι
3370 4871 3596 4940 ἀκάθαρ-

2030 4981 2111 5017 τοι
2141 4964 2445 5037 ὕπάρχουσι
2475 4964 2563 5017 διὰ
2594 4964 2774 5036 γάμου
2801 4966 3179 5036 γεγενημένοι.
3211 4967 3324 5019 Καὶ
3350 4966 3396 5018 εἰ
3452 4962 3597 5036 μόνον

2031 5059 2292 5130 τυγχάνει
2324 5061 2358 5131 ἡ
2403 5060 2535 5128 ἁγία
2563 5058 2657 5112 τοῦ
2691 5059 2828 5113 Θεοῦ
2873 5059 3170 5131 Ἐκκλησία
3205 5059 3315 5113 τῶν
3342 5058 3419 5129 τῷ
3451 5056 3597 5126 γάμῳ

2034 5148 2485 5221 ἁποταξαμένων,
2511 5147 2699 5202 οὐκέτι
2739 5150 2767 5201 ὁ
2792 5148 2971 5220 γάμος
2997 5150 3063 5202 ὲκ
3100 5147 3235 5201 Θεοῦ
3266 5147 3539 5218 ὑπάρχων,
3567 5141 3596 5201 ἠ

2035 5240 2187 5292 πᾶσα
2216 5238 2676 5309 παιδοποιουμένη
2724 5239 2981 5302 ὑπόθεσις
3002 5255 3015 5268 ·
3051 5240 3158 5312 ἄρα
3208 5238 3302 5291 καί
3334 5236 3482 5291 αὐτοὶ
3511 5231 3590 5285 ἀλ-

2033 5331 2234 5403 λότριοι
2262 5330 2397 5385 Θεοῦ
2428 5332 2769 5403 ὑπάρχουσιν
2793 5331 2901 5386 ἀπὸ
2921 5330 3177 5384 τοιούτων
3202 5325 3593 5398 γεγεννημέναι-

2036 5421 2147 5475 Ποῦ
2184 5423 2367 5477 τοίνυν
2405 5423 2467 5478 τὸ
2514 5425 2838 5496 εἰρημένον,
2881 5425 2948 5478 Ἀ
2977 5427 3010 5479 ό
3046 5423 3191 5490 Θεὸς
3230 5415 3591 5480 συνέζευξεν,

2035 5512 2343 5581 ἅνθρωπος
2366 5513 2452 5584 μὴ
2498 5512 2815 5586 χωριζέτω;
2855 5514 2929 5568 Τὸ
2979 5514 3076 5585 μὲν
3106 5512 3215 5585 γὰρ
3246 5512 3340 5566 ἀπ’
3363 5508 3592 5576 ἀνάγκηθ
