3846 6136
246 352 374 451 unt

897 395 1020 452 Αω
1040 392 1267 454 ERSUS
1300 396 1644 455 IlA-ZRESES
1686 396 1811 456 LIB.

1943 396 2107 456 ΤΟΜ.
2154 403 2191 455 Ι.
2234 433 2303 446 --
2346 401 2618 459 ΙΙΑΞΙιΕδ.
2661 403 2798 462 LXI.

3371 402 3551 460 ωηι

253 509 522 583 χωρίζειν,
556 509 665 563 ὀιτώ
693 508 983 585 ἀνθρώπου
1013 512 1269 587 ὑπάρχει·
1291 516 1350 569 τὸ
1370 516 1427 571 δὲ
1465 516 1603 589 μετὰ
1631 536 1818 589 προαι-

1927 528 2047 585 cst;
2083 528 2281 589 sponte
2306 533 2436 575 vero
2464 523 2747 578 continere
2776 536 2920 589 sese,
2950 537 3059 576 non
3097 520 3336 577 hominis
3363 536 3514 588 esse,
3554 569 3561 575 .

253 603 450 675 ρέσεως
498 603 924 674 ἑγκρατειῖεσθαι
956 607 1073 659 οὐκ
1100 607 1391 679 ἀνθρώπου
1437 608 1658 676 ἔδειξεν,
1688 609 1824 664 ἀλλὰ

253 693 378 747 Θεοῦ
413 693 473 746 τὸ
517 694 698 766 ἔργον.
737 696 847 749 Kal
879 696 990 767 ἔχει
1028 697 1127 769 μὲν
1169 699 1202 769 ἡ
1233 698 1375 750 κατὰ
1421 698 1581 767 φύσιν
1609 699 1823 771 ἀνάγκη

252 784 503 849 πολλάκις
536 786 763 857 μέμψινο
809 787 893 840 ὅτι
935 789 995 841 οὐ
1048 790 1185 859 μετὰ
1231 790 1570 858 εὐλογιστίας
1618 790 1678 843 τί)
1729 792 1827 843 έπ-

251 876 478 945 ἀναγκες
500 876 847 944 ἓπιτελείται,
878 879 1013 933 ἀλλὰ
1032 881 1187 945 ἐκτὸς
1204 881 1297 934 τοῦ
1317 882 1539 946 κανόνος
1569 881 1822 953 βέϐηκεν.

250 969 320 1021 Οὐ
354 969 469 1039 γὰρ
513 970 888 1043 ἒπάναγκεςή
934 972 1243 1026 θεοσέϐεια·
1277 974 1413 1028 ἀλλὰ
1461 978 1525 1028 ἐκ
1570 976 1827 1048 προαιρέ-

251 1075 382 1122 σεως
412 1061 447 1129 ἡ
468 1059 803 1133 δικαιοσύνη.
847 1062 927 1116 Τὰ
954 1062 1013 1116 δὲ
1050 1064 1210 1133 φύσει
1242 1066 1324 1129 εἰς
1366 1065 1679 1120 θεοσέϐειαν
1728 1068 1826 1120 ἐπ-

249 1153 480 1218 άναγκες
525 1153 735 1224 φανερά
776 1155 959 1221 ἐστιν,
990 1155 1027 1209 ὃ.
1057 1158 1121 1227 τῇ
1168 1157 1329 1226 φύσει
1362 1158 1820 1230 ὲπιμεμέτρηται.

250 1232 368 1292 οἷον
397 1238 458 1291 τὸ
489 1237 566 1309 μὴ
595 1240 901 1311 πορνεύειν,
935 1243 996 1296 τὸ
1039 1244 1114 1315 μὴ
1143 1245 1440 1316 μοιχεύειν,
1469 1248 1531 1300 τὸ
1557 1248 1633 1318 μὴ
1663 1249 1823 1303 ἀσελ-

248 1326 471 1396 γαίνειν,
501 1328 581 1381 τὸ“
615 1331 689 1402 μὴ
727 1335 786 1385 ὲν
814 1332 995 1403 ταυτῷ
1037 1334 1482 1406 δευτερογαμεῑν,
1518 1336 1581 1390 τὸ
1615 1338 1688 1410 μὴ
1723 1340 1825 1411 ἁρ-

248 1420 459 1486 πάζειν,
492 1423 555 1475 τὸ
591 1424 667 1495 μὴ
698 1424 921 1490 ἀδικεῖν,
970 1427 1031 1481 τὺ
1079 1427 1152 1499 μὴ
1192 1427 1432 1499 μεθύειν,
1477 1430 1539 1483 τὸ
1576 1431 1649 1501 μὴ
1687 1431 1822 1503 ἁδη-

249 1515 461 1580 φαγεῖν,
489 1513 552 1565 τὸ
607 1514 681 1586 μὴ
725 1517 1131 1588 φαρμακεύειν,
1168 1518 1230 1571 τὺ
1273 1521 1348 1591 μὴ
1393 1520 1823 1595 είδωλολατρεζν,

246 1604 304 1657 τὸ
335 1605 408 1675 μὴ
443 1605 713 1674 φονεύειν,
742 1608 804 1660 τὸ
841 1608 915 1679 μὴ
942 1611 1311 1681 καταρᾶσθαι,
1344 1612 1407 1665 τὸ
1440 1614 1515 1684 μὴ
1541 1612 1822 1685 λοιδορεῖν,

246 1696 311 1750 τὸ
338 1695 411 1766 μὴ
440 1696 687 1766 ὀμνύναι,
715 1699 1043 1767 ἀγανακτεῖν
1065 1717 1125 1752 τε
1152 1703 1246 1754 καὶ
1275 1702 1412 1772 ταχὺ
1460 1703 1819 1773 πραΰνεσθαι,

246 1787 553 1863 ὀργίζεσθαξ
587 1790 680 1843 καὶ
714 1791 788 1862 μὴ
841 1793 1199 1863 ἁμαρτάνειν,
1233 1793 1307 1864 μὴ
1356 1793 1628 1847 ὲπιδύνειν
1670 1793 1821 1864 ἥλιον

1927 613 2022 668 scd
2073 611 2164 666 Dei
2196 627 2334 683 Opus
2364 614 2620 669 ostendit.
2651 614 2728 668 Ad
2759 616 2871 670 haec
2904 613 3168 670 naturalis
3195 614 3286 669 illa
3315 628 3511 670 neces-

1928 703 2067 759 sitas
2093 704 2252 759 habet
2271 717 2414 774 smpe
2431 707 2938 776 reprehensionem,
2960 705 3219 778 quoniam
3234 705 3286 760 id
3305 705 3508 775 ipsum,

1928 797 2075 866 quod
2107 798 2421 852 necessario
2464 784 2782 869 impositum
2817 807 2922 863 est,
2954 813 3065 852 non
3100 805 3249 852 recto
3278 794 3512 851 consilio

1929 900 1993 939 ac
2044 887 2256 940 ratione
2305 885 2606 955 perficitur,
2637 886 2733 942 sed
2788 888 2932 941 intra
2986 886 3233 957 regulam
3285 883 3512 939 minimc

1928 975 2263 1030 continetur.
2296 976 2413 1031 Non
2468 980 2615 1033 enim
2669 978 2723 1033 vi
2767 978 3141 1048 extorquenda
3183 978 3357 1046 pietas
3405 982 3509 1035 est,

1928 1066 2023 1120 sed
2055 1066 2283 1120 consilio
2323 1081 2387 1121 ac
2415 1068 2696 1122 voluntate
2723 1067 2943 1137 iustitia
2977 1066 3299 1136 suscipitur.
3350 1063 3511 1135 507

1926 1155 2099 1211 Porro
2124 1172 2245 1227 qua:
2269 1157 2336 1212 ad
2361 1159 2615 1228 pietatem
2647 1160 2867 1230 proprie
2896 1168 3027 1215 sunt
3058 1160 3366 1215 necessaria
3402 1174 3517 1212 ma-

1927 1246 2126 1303 nifesta
2149 1256 2301 1313 sunt,
2335 1265 2457 1320 quae
2484 1250 2695 1306 scilicet
2723 1251 2976 1306 homines
3006 1258 3218 1305 natura:
3247 1251 3394 1305 velut
3416 1248 3516 1306 ad—

1926 1339 2253 1394 metiuntur.
2287 1338 2460 1406 Quale
2488 1349 2573 1397 est
2609 1357 2624 1394 :
2665 1357 2776 1397 non
2807 1342 3094 1407 fornicari,
3127 1358 3308 1413 neque
3358 1341 3516 1395 adul-

1926 1431 2125 1485 terium
2164 1440 2503 1502 perpetrare,
2534 1448 2645 1487 non
2695 1433 2990 1489 libidinose
3053 1449 3112 1489 se
3152 1449 3364 1505 gerere,
3402 1450 3539 1489 non»

1928 1524 2202 1578 secundas
2249 1525 2441 1579 eodem
2490 1535 2735 1596 tempore
2770 1525 2994 1596 nuptias
3020 1525 3371 1591 contrahere,
3403 1539 3513 1578 non

1926 1628 2141 1682 rapere,
2171 1631 2283 1670 non
2320 1616 2581 1685 iniuriam
2617 1618 2817 1683 facere,
2847 1633 2957 1672 non
2989 1616 3274 1680 inebriari,
3309 1631 3416 1670 non
3455 1631 3517 1669 se

1926 1705 2065 1761 cibis
2091 1707 2449 1778 ingurgitare,
2478 1724 2591 1762 non
2623 1709 2946 1763 venelicium
2975 1723 3191 1777 parare,
3231 1721 3337 1761 non
3367 1705 3513 1759 idola

1927 1798 2130 1862 colere,
2159 1815 2270 1855 non
2309 1801 2586 1865 occidere,
2615 1817 2724 1856 non
2756 1802 3071 1872 imprecari,
3104 1816 3211 1855 non
3247 1798 3514 1855 convitia—

245 1878 333 1931 ἐπὶ
380 1877 460 1948 τῷ
515 1881 903 1952 παροργισμῷ.
955 1881 1049 1952 Τῷ
1100 1882 1157 1935 δὲ
1199 1884 1214 1914 ⁸
1264 1885 1430 1955 γάμῳ
1482 1882 1818 1953 συναφθῆναι

1926 1891 1999 1957 ri,
2028 1907 2139 1947 non
2180 1892 2388 1962 jurare,
2424 1908 2757 1949 succensere
2818 1908 2884 1948 ac
2926 1895 3038 1949 cito
3090 1892 3318 1963 placari,
3350 1890 3517 1947 irasci

247 1974 381 2044 μετὰ
412 1974 691 2046 εὐνομίας,
722 1979 755 2045 ή
802 1976 963 2046 φύσις
990 1976 1221 2050 δηλώσει
1251 1980 1316 2033 ὲκ
1337 1979 1473 2033 Θεοό
1498 1980 1817 2051 ἐκτισμένη,

245 2065 337 2119 καὶ
368 2065 758 2139 ὲπιτραπεῒσα.
806 2070 918 2124 K.al
957 2070 1027 2125 τὰ
1075 2070 1233 2137 ἄλλα,
1279 2072 1379 2125 ὅσα
1423 2071 1541 2125 ἐστὶ
1569 2071 1818 2137 τοιαῦτα,

244 2155 380 2210 κατὰ
408 2156 632 2230 θάτερον
665 2159 776 2231 ἔχει
802 2162 901 2232 τῆς
926 2163 1233 2234 ἐπισκοπῆς
1254 2162 1317 2215 τὸ
1350 2162 1569 2233 μέτρον.

1926 1998 2031 2039 nec
2065 1999 2317 2054 peccare,
2342 1985 2514 2040 solem
2543 2001 2711 2056 super
2741 1985 3081 2039 iracundiam
3112 1999 3220 2039 non
3243 1981 3514 2038 occidere.

1926 2074 2147 2147 Nuptiis
2194 2093 2324 2133 vero
2373 2079 2621 2147 copulari
2678 2078 2960 2149 legitimis,
2995 2077 3078 2131 vel
3110 2083 3306 2130 natura
3340 2075 3459 2144 ipsa
3486 2088 3516 2127 a

1928 2165 2041 2223 Deo
2069 2168 2290 2223 condita
2318 2169 2647 2239 permissum
2690 2170 2796 2225 sibi
2839 2185 2961 2225 esse
3015 2167 3362 2222 monstrabit.
3398 2164 3517 2220 Ca:-

243 2264 354 2309 tera
396 2250 653 2320 denique,
687 2270 809 2326 quae
856 2255 1102 2326 ejusdem
1152 2257 1385 2314 rationis
1436 2266 1587 2321 sunt,
1621 2257 1689 2313 ad
1740 2258 2064 2318 alterutrum
2113 2279 2307 2336 genus,
2356 2280 2457 2335 pro
2490 2264 2654 2321 modo
2724 2279 2846 2330 suo,
2906 2278 2968 2318 ac
3013 2277 3293 2326 mensura,
3354 2274 3512 2314 revo-

241 2344 346 2398 cari
379 2355 629 2416 possunt.

307 2458 381 2514 B'.
427 2460 567 2514 Ἀλλ’
597 2462 672 2526 ὡς
705 2464 835 2535 περὶ
860 2464 1065 2520 τούτων
1094 2468 1266 2520 εἰπεῖν
1300 2468 1731 2540 προειληφαμεν,
1761 2468 1821 2520 ὲν

239 2550 396 2623 ὀλίγῳ
429 2552 591 2624 χώρῳ
638 2548 784 2609 οὗτοι
823 2558 1147 2630 ὑπάρχουσι,
1186 2561 1316 2634 περὶ
1350 2563 1449 2633 τὴν
1489 2561 1727 2634 Φρυγίαν
1758 2578 1820 2614 τε

238 2642 328 2695 καὶ
360 2642 634 2711 Κιλικίαν,
663 2647 755 2699 καὶ
779 2648 1124 2719 Παμφυλίαν.
1169 2653 1235 2705 Τί
1255 2651 1348 2707 οὖν
1370 2654 1478 2726 ἄρα
1495 2654 1819 2707 ἐκκόπτεται

239 2733 270 2801 ἡ
311 2731 604 2804 Ἐκκλησία
633 2738 665 2806 ή
696 2737 803 2789 ἀπὸ
832 2738 936 2808 γῆς
964 2741 1215 2810 περάτων
1245 2743 1374 2813 ἄχρι
1405 2743 1509 2813 γῆς
1538 2742 1814 2813 περάτων,

236 2825 328 2878 καὶ
356 2825 538 2879 οὐκέτι
572 2831 659 2893 είς
685 2828 892 2884 πᾶσαν
919 2831 1035 2900 τὴν
1064 2832 1180 2904 γῆν
1203 2833 1462 2902 ἐξῆλθεν
1494 2839 1527 2889 ό
1554 2836 1816 2905 φθόγγος

231 2916 450 2982 αὐτῶν,
464 2919 560 2972 καὶ
577 2923 664 2986 είς
678 2921 751 2975 τὰ
764 2923 990 2990 πέρατα
1004 2923 1115 2992 τῆς
1128 2925 1485 2995 οἰκουμένης
1500 2926 1573 2980 τὰ
1576 2927 1817 2996 ῥήματα

232 3007 461 3073 αὺτῶν;
480 3011 615 3064 Οὐδὲ
637 3012 822 3065 οὐκέτι
850 3014 912 3067 τὸ
934 3016 1083 3087 παρὰ
1108 3015 1201 3068 τοῦ
1222 3017 1474 3090 Σωτῆρος
1501 3017 1813 3088 εἰρημένον,

231 3099 313 3164 τὸ,
343 3102 598 3157 Ἕσεσθέ
630 3123 731 3173 μοι
764 3105 1065 3175 μάρτιιοες
1099 3108 1209 3174 ἕως
1238 3109 1503 3180 ἐσχάτου
1534 3109 1645 3179 τῆς
1670 3108 1782 3180 γῆς
1793 3127 1814 3175 ;

1997 2461 2064 2520 ll.
2092 2462 2294 2520 Verum
2329 2473 2407 2530 ut,
2435 2480 2558 2536 quae
2580 2464 2650 2520 de
2678 2464 2784 2521 illis
2814 2472 3048 2521 tractare
3074 2464 3363 2535 coepimus,
3399 2462 3537 2535 per--

1926 2570 2246 2627 sequamur,
2277 2557 2533 2613 habitant
2567 2557 2647 2611 illi
2680 2558 2735 2611 in
2782 2558 2979 2628 exigua
3013 2558 3246 2627 quadam
3292 2557 3515 2627 regione

1925 2648 2196 2721 Phrygiae,
2254 2649 2461 2706 Cilicia:
2491 2664 2557 2704 ac
2600 2648 2954 2721 Pamphyliae.
3002 2649 3145 2716 Quid
3175 2650 3380 2720 igitur?
3412 2649 3516 2706 Er-

1923 2758 2065 2814 gone
2094 2742 2357 2803 Ecclesia,
2382 2734 2502 2811 qna:
2530 2740 2601 2796 ad
2632 2748 2922 2812 utramque
2955 2752 3222 2797 terrarum
3253 2743 3512 2798 extremi-

1922 2839 2097 2887 tatent'
2120 2830 2441 2901 porrigitur,
2495 2829 2715 2899 penitus
2743 2830 3106 2897 exscindltur,
3144 2846 3244 2885 nec
3275 2831 3511 2901 amplius

1920 2923 1978 2975 in
2027 2936 2233 2974 omnem
2275 2929 2473 2973 terram
2510 2919 2670 2973 exivit
2721 2935 2881 2973 sonus
2923 2935 3126 2983 eorum,
3173 2928 3223 2972 et
3272 2919 3326 2973 in
3377 2920 3510 2989 lines

1922 3012 2064 3067 orbis
2107 3021 2262 3067 terra!
2286 3010 2441 3065 verba
2471 3027 2652 3064 eorum
2686 3009 2745 3062 ’2’
2782 3009 2894 3064 Nec
2925 3009 3056 3064 illud
3098 3009 3271 3075 valet,.
3299 3010 3445 3079 quod
3478 3026 3512 3065 α

1925 3104 2213 3160 Servatore
2244 3103 2450 3158 dictum
2480 3111 2563 3159 est
2585 3101 2783 3157 :Eritis
2808 3102 2939 3155 mihi
2957 3110 3112 3156 testes
3144 3118 3309 3172 usque
3330 3101 3400 3155 ad
3422 3103 3509 3156 ul.

232 3191 298 3245 Εἰ
329 3194 425 3264 μὲν
448 3194 555 3267 γὰρ
577 3197 675 3249 οὐκ
698 3196 845 3252 ἔστιν
866 3201 923 3253 εν
954 3201 1244 3272 σεμνότητι
1275 3202 1303 3254 6
1326 3204 1523 3273 γάμος,
1543 3203 1639 3255 καὶ
1668 3202 1812 3274 ζωὴν

1926 3199 2104 3253 timum
2133 3207 2290 3252 terra:
2319 3197 2375 3250 ’⁵2
2418 3195 2714 3250 Enimvero
2744 3195 2791 3250 si
2819 3195 3117 3250 honestatis
3148 3194 3512 3250 nihiLhabent

162 3338 167 3345 _
229 3283 370 3357 ἔχων
418 3289 446 3340 6
482 3288 688 3358 γάμος,
727 3290 1060 3362 γεννηθῶσιν
1097 3292 1225 3345 ἄνευ
1271 3293 1488 3364 γάμου·
1542 3296 1590 3348 εί
1625 3294 1682 3346 δὲ
1706 3293 1816 3347 ἀπὸ

229 3376 410 3445 γάμου
442 3380 760 3446 γεννῶνται,
790 3381 896 3454 ἄρα
919 3381 1136 3453 βέϐηλοί
1163 3387 1267 3437 είσι
1298 3384 1385 3438 διὰ
1414 3384 1505 3437 τὸν
1527 3384 1723 3455 γάμον.
1750 3383 1816 3436 Εἰ

227 3465 289 3519 δὲ
341 3467 494 3521 αὐτοὶ⁵
539 3470 689 3539 μόνοι
731 3471 831 3525 οὐκ
883 3474 989 3526 εἰσὶ
1041 3474 1296 3546 βέϐηλοι,
1355 3476 1600 3544 καίτοιγε
1656 3475 1810 3539 ὄντες

230 3554 339 3608 ἀπὸ
374 3557 575 3627 γάμου,
630 3560 690 3612 οὐ
737 3560 960 3633 βέϐηλος
995 3564 1023 3616 6
1062 3564 1266 3634 γάμος·
1322 3566 1456 3618 διότι
1485 3567 1615 3620 ἄνευ
1649 3564 1814 3619 αὑτοῦ

226 3645 408 3711 οὐδεὶς
439 3648 830 3722 γεννηθήσεται
866 3669 996 3705 ποτε
1029 3656 1085 3707 ἐν
1122 3654 1331 3726 κόσμῳ.
1378 3656 1487 3708 Kal
1525 3655 1692 3725 πολλή
1730 3656 1817 3718 τίς

228 3739 379 3791 ἔστιν
427 3741 460 3810 ἡ
501 3740 610 3793 τῶν
655 3740 958 3814 ἀνθρώπων
1009 3745 1208 3817 πλάνη,
1265 3746 1354 3799 διά
1402 3748 1674 3811 ποικιλίας
1723 3748 1817 3800 καὶ

227 3830 442 3885 πολλῶν
468 3834 793 3904 προφάσεων
818 3837 1169 3910 ἐργασαμένη
1199 3840 1260 3892 τὸ
1283 3839 1485 3908 φαῦλον
1512 3842 1576 3910 τῇ
1606 3839 1817 3911 ἀνορω-

228 3924 364 3996 «eia
397 3924 577 3993 φύσει,
617 3928 710 3982 καὶ
742 3928 1064 4001 πλανήσασα
1097 3931 1329 3986 ἕκαστον
1361 3932 1449 3987 διὰ
1484 3932 1815 4003 προφάσεως

226 4012 341 4068 ἀπὸ
362 4015 461 4086 τῆς
491 4016 768 4089 ἀληθείας.

301 4209 379 4271 I".
416 4212 528 4266 Kal
551 4213 664 4283 ἔχει
697 4213 796 4285 μὲν
821 4209 915 4268 οὖν
948 4214 1246 4281 ἀποταξίαν
1272 4217 1306 4287 ἠ
1344 4215 1673 4289 Ἐκκλησία*
1703 4217 1819 4271 ἀλλ’

222 4303 292 4359 οὐ
310 4304 653 4375 βδελύττεται
669 4306 761 4360 τὸν
776 4307 973 4378 γάμον.
994 4309 1103 4363 Kal
1118 4309 1231 4380 ἕχει
1246 4309 1632 4381 άκτημοσύνην
1647 4327 1661 4342 ⁸
1681 4311 1822 4366 ἀλλὰ

223 4396 332 4448 οὐκ
349 4397 637 4468 ἐπαίρεται
649 4400 667 4427 ²
686 4398 794 4452 τῶν
806 4401 862 4453 ἐν
879 4400 1066 4471 κτήσει
1079 4400 1426 4472 δικαιοσύνης
1440 4402 1816 4474 ὑπαρχόντων,

221 4485 325 4539 καὶ
364 4489 428 4539 ὲκ
466 4487 575 4539 τῶν
622 4487 765 4542 ἰδίων
808 4491 1009 4557 γονέων
1038 4490 1289 4561 ἑχόντων,
1329 4491 1476 4554 ὅπως
1505 4492 1717 4558 ἑαυτοῖς
1756 4509 1818 4547 τε

220 4579 458 4644 καὶτοῖς
477 4581 848 4652 ἐπιδεομένοις
875 4583 1203 4656 ἐπαρκέσαι.
1226 4583 1337 4637 Kal
1358 4584 1651 4653 ἀπέχονται
1676 4584 1819 4657 βρω-

224 4670 420 4741 μάτων
448 4673 632 4727 πολλοί
656 4692 669 4706 ·
719 4674 834 4728 ἀλλ’
864 4676 923 4728 o6
952 4674 1268 4745 φυσιοῦνται
1301 4675 1442 4729 κατὰ
1463 4676 1571 4731 τῶν
1612 4678 1685 4749 μὴ
1714 4677 1817 4729 ἀπ-

219 4764 525 4834 εχομένων.
561 4767 616 4818 '0
638 4766 748 4836 γὰρ
770 4767 991 4821 ἐσθίων
1006 4767 1112 4822 τὸν
1127 4768 1214 4837 μὴ
1235 4768 1529 4822 ἐσθίοντα.
1541 4768 1628 4838 μὴ
1644 4768 1818 4833 ἐξου-

218 4857 470 4911 θενείτω
494 4875 508 4888 ·
544 4859 643 4912 καὶ
674 4863 708 4914 ὁ
737 4860 825 4929 μὴ
857 4861 1073 4915 ἐσθίων
1108 4860 1219 4915 τὸν
1250 4862 1533 4917 ἐσθίοντα
1560 4861 1647 4931 μὴ
1690 4879 1816 4929 κρι-

216 4948 398 5003 νέτω.
430 4951 661 5019 Χριστῷ
689 4951 800 5022 γὰρ
826 4952 1012 5007 ἐσθίει
1037 4953 1133 5007 καὶ
1161 4953 1355 5007 πίνει..
1382 4953 1494 5006 Kal
1524 4955 1655 5025 ὁρᾷς
1685 4954 1814 5024 μίαν

216 5037 502 5108 ὁμόνοιαν,
536 5039 631 5093 καὶ
677 5041 805 5111 μίαν
853 5040 1064 5104 ἐλπίδα,
1107 5043 1200 5095 καὶ
1245 5043 1374 5113 μίαν
1427 5043 1610 5096 πίστιν
1657 5044 1714 5094 ὲν
1745 5043 1812 5112 τῇ

231 5128 559 5203 Ἐκκλησία,
595 5133 811 5203 ἑκάστῳ
843 5130 1207 5204 χαριζομένην
1243 5134 1383 5188 κατὰ
1422 5133 1521 5206 τὴν
1559 5133 1693 5188 ἰδίαν
1722 5133 1815 5187 δύ-

215 5237 416 5291 ναμιν,
441 5223 535 5275 καὶ
558 5224 698 5277 κατὰ
722 5224 814 5277 τὸν
837 5224 966 5277 ἴδιον
991 5224 1178 5293 ἀγῶνα
1200 5224 1296 5277 τοῦ
1323 5225 1602 5296 καμάτου;
1630 5225 1816 5277 Ἔοικε

214 5309 281 5363 δὲ
313 5313 349 5381 ἡ
383 5312 517 5379 ἁγία
540 5311 633 5365 τοῦ
665 5312 801 5365 Θεοῦ
842 5312 1136 5383 Ἐκκλησία
1166 5313 1278 5378 νηΐ.
1323 5314 1473 5379 Nai};
1503 5315 1561 5367 δὲ
1581 5314 1682 5367 οὐκ
1710 5313 1817 5367 ἀπὸ

217 5402 348 5466 ἑνὸς
397 5401 554 5467 ξύλου
602 5405 922 5476 ἁρμόζεται,
965 5404 1080 5459 ἀλλ’
1126 5406 1191 5458 ὲκ
1223 5405 1518 5479 διαφόρων.
1573 5405 1682 5458 Kal
1712 5406 1814 5476 τὴν

219 5495 333 5568 μὲν
362 5495 556 5560 τρόπιν
588 5497 695 5550 ἀπὸ
725 5496 844 5561 ἑνὸς
874 5496 1030 5564 ξύλου
1060 5498 1346 5568 κέκτηται,
1382 5492 1517 5551 ἀλλὰ
1556 5499 1617 5550 οὐ
1655 5514 1813 5569 μονο-

217 5586 423 5651 δόλως·
457 5587 556 5652 τὰς
587 5588 641 5642 δὲ
662 5588 906 5661 ἀγκύρας
934 5591 1157 5662 ἐτέρων.
1193 5591 1488 5663 Περιτόνεὰ
1510 5609 1568 5645 τε
1595 5594 1687 5646 καὶ
1712 5609 1809 5645 σα-

1916 3290 2145 3361 nuptiae,
2181 3304 2282 3344 nec
2317 3289 2425 3342 ulla
2460 3287 2541 3343 eis
2572 3287 2698 3341 vitae
2725 3301 2852 3356 spes
2885 3287 3246 3356 relinquitur;
3274 3301 3513 3345 nascan.

1917 3388 2007 3435 tur
2054 3381 2131 3435 illi
2187 3381 2306 3435 sine
2352 3379 2579 3449 nuptiis.
2624 3378 2723 3433 Sin
2760 3394 2835 3434 ex.
2876 3378 3083 3448 nuptiis
3130 3378 3403 3444 oriuntur,
3438 3377 3548 3433 ob-

1916 3485 2009 3526 eas
2045 3470 2194 3540 ipsas
2233 3469 2429 3539 impuri
2468 3475 2615 3531 sunt,
2649 3476 2704 3523 et
2740 3468 3086 3523 exsecrandi.
3124 3465 3281 3533 Quod
3319 3467 3366 3522 si
3405 3467 3510 3522 soli

1917 3562 1995 3616 illi
2046 3563 2245 3632 impuri
2282 3561 2505 3615 minime
2537 3568 2685 3622 sunt,
2718 3561 2847 3614 licet
2897 3575 2926 3615 e
2974 3559 3184 3629 nuptiis
3215 3557 3512 3629 pr0pagati.

1919 3632 2049 3717 sint,
2084 3669 2193 3707 non
2243 3661 2371 3707 sunt
2412 3652 2641 3721 impurae
2687 3652 2912 3721 nuptiae,
2954 3651 3212 3720 quoniam
3248 3649 3369 3704 sine
3400 3649 3511 3704 illis

1918 3759 2079 3799 nemo
2104 3745 2156 3797 in
2188 3744 2331 3797 hanc
2362 3744 2536 3797 lucem
2565 3742 2783 3812 prodire
2809 3748 3007 3811 potest.
3029 3740 3255 3810 Magnus
3284 3739 3511 3795 omnino

1915 3836 2201 3890 hominum
2244 3834 2464 3887 illorum
2516 3848 2673 3887 error
2703 3838 2808 3898 est,
2860 3831 2952 3903 qui
3004 3830 3176 3896 varia,
3209 3844 3274 3883 ac
3318 3830 3506 3884 multi~

1916 3924 2046 3994 plici
2086 3924 2269 3993 specie
2325 3923 2564 3976 humano
2611 3922 2797 3993 generi
2847 3921 3145 3992 perniciem
3196 3921 3398 3984 attulit,
3448 3930 3504 3976 et

1918 4031 2366 4085 unumquemque
2401 4014 2551 4069 inani
2588 4013 2827 4084 quodam
2874 4020 3139 4084 praetextu
3170 4027 3200 4066 a
3238 4019 3381 4068 recta
3418 4013 3508 4067 via
3550 4052 3561 4059 η

1916 4106 2166 4162 veritatis
2194 4106 2440 4161 abduxit.

1990 4218 2077 4276 Ill.
2121 4219 2296 4277 Habet
2331 4218 2554 4291 quidem
2583 4220 3044 4276 renuntiationem
3087 4220 3367 4288 Ecclesia;
3407 4221 3525 4276 sect

1918 4327 2031 4367 non
2064 4310 2189 4366 ideo
2219 4309 2569 4365 detestandas
2614 4310 2836 4379 nuptias
2866 4310 3162 4367 existimat.
3199 4310 3373 4367 Habet
3404 4311 3507 4367 bos

1921 4416 2120 4457 norum
2173 4402 2419 4455 omnium
2473 4400 2736 4470 inopiam,
2789 4400 2886 4457 sed
2919 4416 3030 4456 non
3075 4402 3340 4459 adversus
3383 4402 3507 4457 illos

1923 4492 2225 4547 insolenter
2254 4490 2497 4558 ell‘erlnr,
2535 4491 2629 4562 qui
2661 4506 2723 4546 ea
2753 4490 2902 4560 juste
2934 4492 3218 4562 possident
3251 4507 3282 4546 a
3305 4507 3506 4562 paren-

1923 4587 2070 4642 tibus
2103 4596 2349 4656 accepta,
2383 4585 2586 4655 quibus
2622 4593 2730 4638 tam
2759 4585 2885 4650 sibi,
2913 4601 3077 4655 quam
3107 4587 3230 4641 aliis
3256 4586 3507 4656 indigen—

1924 4678 2071 4733 tibus
2098 4677 2444 4732 subveniant.
2474 4675 2555 4729 Ad
2583 4674 2697 4729 haec
2726 4690 2757 4728 a
2782 4675 3027 4730 ciborum
3064 4691 3169 4730 usu
3203 4684 3504 4745 temperant

1925 4771 2115 4836 multi;
2169 4770 2264 4825 sed
2309 4784 2419 4822 non
2467 4775 2659 4821 contra
2693 4783 2788 4822 eos
2827 4768 2920 4837 qui
2960 4767 3070 4823 illis
3111 4770 3363 4833 utuntur,
3407 4782 3501 4822 su-

1923 4864 2090 4931 perbe
2120 4875 2179 4914 se
2207 4866 2424 4929 gerunt.
2463 4858 2568 4925 Qui
2598 4860 2738 4913 enim
2783 4858 3094 4925 manducat,
3126 4874 3230 4912 non
3270 4858 3498 4912 mandu-

1922 4962 2127 5006 cantem
2169 4968 2274 5006 non
2305 4959 2634 5017 contemnat;
2660 4962 2710 5006 et
2747 4952 2839 5021 qui
2861 4965 2971 5005 non
2990 4951 3301 5015 manducat,
3346 4967 3498 5005 man-

1919 5025 2198 5097 ducantem
2255 5058 2361 5095 non
2396 5041 2623 5111 judicet.
2675 5040 2892 5097 Christo
2941 5044 3082 5096 enim
3129 5040 3413 5095 manducat
3453 5055 3499 5095 et

1919 5133 2050 5187 bibit
2085 5134 2128 5186 ⁸.
2171 5131 2364 5188 Jamne
2408 5134 2585 5197 vides,
2615 5135 2863 5189 eamdem
2897 5134 2953 5188 in
2988 5132 3233 5189 Ecclesia
3266 5146 3497 5187 concor:

1920 5223 2088 5290 diam,
2122 5224 2480 5294 eamdemque
2524 5240 2700 5293 spem,
2749 5239 2814 5278 ac
2848 5224 3009 5279 [idem
3039 5238 3161 5295 quae
3206 5223 3502 5292 unicuique

1922 5316 2224 5372 secundum
2261 5317 2537 5386 prepriam
2566 5294 2676 5370 vim
2706 5315 3102 5386 propriumque
3151 5313 3351 5369 laboris
3384 5328 3499 5368 cer-

1923 5418 2105 5462 tamen
2135 5407 2443 5478 gratiﬁcare
2474 5406 2696 5461 studet?
2738 5405 2903 5476 508
2933 5404 3146 5460 Etenim
3185 5412 3371 5460 sancta
3407 5401 3527 5457 Dei.

1921 5498 2168 5554 Ecclesia
2204 5498 2328 5552 navi
2358 5499 2576 5552 cuidam
2617 5497 2812 5554 similis
2846 5505 2948 5552 est.
2986 5493 3152 5551 Navis
3196 5510 3359 5566 porro
3388 5509 3524 5552 non.~

1920 5607 1984 5647 ex
2008 5590 2171 5646 unica
2199 5591 2404 5655 tabula,
2440 5589 2535 5645 sed
2569 5604 2636 5645 ex
2664 5588 2898 5647 diversis
2930 5594 3365 5662 coagmentatus.
3401 5584 3519 5644 ﬂat

299 5793 319 5824 ⁸
358 5790 422 5849 F.
446 5794 507 5849 τὸ
527 5794 601 5850 δέ.
689 5796 709 5827 ⁸
741 5795 896 5855 Deest
925 5796 1086 5852 κατὰ.
1160 5796 1179 5829 ³
1205 5795 1348 5854 Psal.
1377 5814 1529 5867 xvm,
1562 5798 1613 5853 5.
1692 5797 1711 5829 ⁸
1742 5797 1817 5853 Ac

1926 5797 2008 5865 ,5.
2086 5797 2106 5829 ⁸
2130 5795 2291 5854 Ιὶοιιι.
2320 5813 2432 5865 xw,
2461 5796 2523 5864 5,
2547 5797 2611 5852 5..
