3794 6112
362 336 512 413 νιοιδ

373 553 484 593 uno
531 552 594 592 ac
628 538 862 610 simplici
910 541 1109 608 modo;
1165 542 1421 598 anchorae
1469 542 1665 599 deinde
1714 544 1938 601 alterius

368 630 582 699 generis
623 642 769 685 sunt.
804 624 943 686 Tum
966 634 1279 704 peritonzca,
1308 634 1573 699 tabulata,
1616 636 1935 700 statumina,

367 736 431 776 ac
488 723 709 792 puppis,
761 722 992 779 laterum
1030 732 1509 796 transtrorumquc
1553 736 1756 797 partes,
1796 729 1937 799 vela,

367 819 630 875 temones,
663 811 982 884 phalangas,
1018 814 1326 879 manubria,
1360 808 1567 882 clavos,
1611 830 1676 871 ac
1727 817 1938 888 reliqua

364 901 546 955 omnia
574 900 726 958 vario
768 918 834 958 ex
867 906 1107 960 materia:
1138 920 1334 975 genere
1363 914 1837 977 coagmentantur.
1868 909 1938 962 At

365 1006 704 1063 unaquaeque
737 992 965 1049 istarum
989 995 1263 1052 haereseon
1288 998 1450 1053 unico
1478 997 1626 1068 ligno
1653 1006 1935 1065 constans,

367 1080 621 1138 Ecclesiae
648 1094 828 1138 notam
863 1100 927 1140 ac
953 1086 1323 1142 characterem
1355 1103 1465 1158 prae
1508 1103 1570 1144 se
1602 1104 1711 1143 non
1752 1090 1934 1146 habet.

361 1165 564 1226 Contra
596 1173 690 1229 Dei
738 1168 980 1231 Ecclesia
1011 1176 1270 1234 honestas
1301 1179 1522 1249 nuptias
1563 1178 1826 1246 admittit,
1873 1196 1939 1237 ac

365 1263 711 1319 veneratione
742 1268 1110 1336 prosequitur.
1135 1262 1382 1323 Honesta:
1406 1271 1545 1324 enim
1575 1271 1772 1339 nuptite
1789 1280 1933 1338 sunt,
1959 1275 1962 1278 ’

360 1356 410 1401 e’t
441 1358 587 1404 torus
617 1351 990 1409 irnmdculatus
1024 1356 1063 1408 ⁸.
1106 1352 1279 1411 Habet
1326 1366 1381 1412 et
1426 1358 1841 1424 continentiam,
1884 1369 1939 1417 et

366 1440 581 1509 quidem
632 1443 1001 1515 singularem,
1048 1463 1278 1518 eamque
1332 1450 1694 1517 commendat,
1753 1460 1940 1523 utpote

362 1545 480 1599 qua:
513 1538 786 1588 certamen
819 1535 1092 1605 quoddam
1132 1536 1384 1608 suscipit,
1418 1537 1693 1610 vitamque
1741 1539 1935 1610 ipsam,

362 1621 516 1690 quasi
571 1624 846 1693 potentior
887 1624 1139 1697 despicit.
1190 1625 1305 1683 Nec
1356 1629 1537 1685 minus
1565 1626 1937 1699 virginitatem

324 1712 542 1777 .liahct,
599 1724 830 1785 eamque
881 1732 1211 1789 magnopere
1273 1720 1552 1789 praedicat,
1604 1722 1765 1792 quasi
1811 1736 1938 1777 cum

360 1803 557 1858 virtute
587 1806 960 1874 coniunctam,
999 1808 1387 1879 levissimaque
1417 1825 1594 1880 penna
1625 1810 1933 1882 praeditam.
1969 1803 2011 1859 Β

360 1884 467 1946 Nec
498 1894 547 1947 ei
578 1893 777 1948 desunt
808 1897 943 1950 certi
979 1896 1251 1962 hemlncs,
1300 1897 1392 1968 qui
1423 1897 1629 1954 mundo
1656 1898 1937 1956 renuntia-

362 1991 489 2037 runt
520 2003 534 2039 :
568 1994 668 2038 nec
701 1984 965 2041 adversus
1003 2000 1098 2042 eos
1138 1988 1229 2058 qui
1265 1988 1444 2044 adhuc
1488 1988 1546 2045 i'n
1582 1991 1785 2046 mundo
1813 2008 1938 2047 ver-

363 2083 577 2141 santur,
628 2086 949 2148 arroganter
995 2080 1353 2150 inSoleScunt,
1404 2076 1498 2137 sed
1548 2082 1615 2138 iis
1665 2084 1800 2154 ipsis
1841 2085 1937 2141 de-

362 2165 649 2221 lectantur.
701 2167 902 2235 Quales
947 2170 1077 2225 olim
1124 2171 1358 2243 apostoli
1407 2173 1648 2239 fuerunt,
1687 2174 1931 2230 omnium

362 2258 567 2313 scilicet
614 2276 796 2315 rerum
831 2264 1181 2332 possessione
1225 2265 1403 2321 vacui.
1442 2267 1556 2322 Imo
1591 2272 1646 2321 et
1683 2264 1935 2321 Salvator

362 2365 475 2419 ipse
508 2350 772 2410 Dominus
800 2356 1067 2420 omnium,
1111 2371 1237 2410 cum
1282 2357 1339 2410 in
1381 2356 1484 2411 hac
1513 2372 1680 2413 carne
1704 2358 1932 2437 viveret,

362 2431 495 2499 nihil
528 2461 590 2500 es
623 2446 776 2503 hisce
822 2450 1057 2505 terrenis
1091 2449 1255 2505 rebus
1287 2449 1572 2520 possidere
1607 2448 1799 2506 voluit.
1828 2432 1935 2507 Ne-

1289 388 1298 399 .
1772 342 1828 398 S.
1860 342 2203 399 EPlPilANll

372 449 463 502 bet
494 448 638 503 enim
677 464 744 505 ex
790 465 900 505 uno
949 451 1166 522 quidem
1212 451 1360 523 ligno
1394 453 1658 520 carinam,
1692 453 1787 511 sed
1836 470 1937 511 non

2046 457 2216 523 νίδας,
2248 458 2341 512 καὶ
2372 458 2439 513 τὰ
2469 460 3001 535 ὲγκυλίσματάδμθ)
3024 480 3107 529 τε,
3152 464 3248 519 καὶ
3294 465 3433 537 μέρη
3462 472 3583 538 πρύ-

3418 319 3424 324 ’
3460 353 3581 410 {Ott

2040 565 2200 619 μνης,
2233 549 2328 602 καὶ
2354 551 2569 620 τοίχων,
2592 554 2685 606 καὶ
2706 552 3064 625 ζυγωμάτων,
3095 555 3280 608 ἱστίων
3304 571 3364 607 τε
3384 555 3474 608 καὶ
3490 573 3584 627 πη-

2036 638 2254 707 δαλίων,
2299 641 2472 696 ὀκνῶν
2509 659 2570 695 τε
2602 645 2695 697 καὶ
2723 644 3004 716 αὐχενίων,
3037 648 3239 701 οἰάκων
3270 663 3330 700 τε
3372 648 3464 701 καὶ
3490 649 3584 702 τῶν

2038 728 2213 782 ἄλλων
2240 731 2478 799 πάντων,
2510 733 2577 810 εκ
2601 732 2871 805 διαφόρων
2900 733 3072 799 ξύλων
3092 736 3207 807 ἔχει
3234 735 3330 807 τὴν
3365 753 3589 805 συναγω-

2036 821 2163 891 γήν.
2212 820 2450 893 Ἐκάστη
2475 822 2533 875 δὲ
2556 823 2762 878 τούτων
2790 824 2899 878 τῶν
2924 824 3191 896 αἱρέσεων
3224 827 3503 897 μονόξυλός
3520 845 3592 893 τις

2035 906 2190 977 οὖσα,
2225 913 2316 966 τὸν
2342 914 2670 985 χαρακτῆρα
2695 914 2795 986 τῆς
2827 916 3150 988 Ἐκκλησίας
3178 919 3276 988 οὐχ
3304 919 3590 988 ὑποφαίνει.

2050 1004 2115 1059 Ἦ
2140 1005 2196 1059 δὲ
2228 1005 2363 1074 ἁγία
2394 1005 2529 1059 Θεοῦ
2574 1005 2867 1079 Ἐκκλησία
2898 1007 3010 1077 ἔχει
3048 1009 3147 1080 μὲν
3176 1009 3351 1080 γάμον
3396 1009 3592 1081 σεμνὸν,

2039 1096 2131 1149 καὶ
2163 1097 2299 1167 τιμᾷ
2320 1096 2413 1150 τὸν
2442 1095 2681 1152 τοιοῦτον
2697 1114 2710 1128 ο
2750 1097 2984 1167 Ἐπειδὴ
3015 1100 3207 1169 τίμιος
3223 1101 3258 1154 ὁ
3283 1099 3486 1169 τὰμος,
3508 1100 3595 1155 καί

2036 1189 2078 1257 ἡ
2093 1188 2267 1256 κοίτη
2281 1188 2587 1257 ἀμίαντος.
2616 1174 2770 1261 Ἔχει
2785 1190 3112 1264 ἐγκράτειαν
3135 1189 3595 1262 θαυμασιωτάτην,

2038 1280 2131 1333 καὶ
2162 1280 2378 1334 ἐπαινεῖ
2396 1280 2495 1352 τὴν
2518 1282 2777 1354 τοιαύτην
2794 1299 2808 1314 ο
2837 1282 3027 1353 ἐπειδὴ
3048 1282 3238 1352 ἀγῶνα
3264 1281 3595 1352 ἀγωνίζεται,

2038 1370 2133 1423 καὶ
2156 1371 2526 1444 κατεφρόνησε
2549 1373 2644 1426 τοῦ
2677 1373 2814 1444 βίου,
2845 1373 2922 1438 ὡς
2945 1373 3030 1429 ἔτι
3050 1374 3416 1446 δυνατωτέρα.
3459 1374 3596 1444 Ἔχει

2037 1460 2097 1515 δὲ
2127 1461 2444 1533 παρθενίαν,
2471 1464 2565 1518 καὶ
2590 1464 2943 1535 ὑπερδοξάζει
2963 1465 3060 1537 τὴν
3089 1466 3349 1537 τοιαύτην
3365 1465 3598 1535 ὲνάρετόν

2037 1563 2161 1601 τινα
2198 1544 2383 1616 οὖσαν,
2427 1551 2521 1606 καὶ
2576 1552 2762 1626 πτερῷ
2801 1556 3118 1625 κουφοτάτῳ
3165 1553 3593 1626 κεκοσμημένην.

2042 1639 2193 1710 Ἔχει
2235 1641 2678 1713 ἀποταξαμένους
2720 1644 2799 1716 τῷ
2847 1646 3057 1717 κόσμῳ,
3104 1646 3199 1700 καὶ
3232 1646 3312 1717 μή
3349 1661 3598 1715 πεφυσια-

2041 1729 2270 1800 σμένους
2310 1732 2453 1786 κατὰ
2473 1734 2582 1787 τῶν
2606 1733 2687 1789 ἔτι
2728 1736 2786 1790 ὲν
2820 1736 3012 1806 κόσμῳ
3060 1736 3435 1809 ὑπαρχόντων,
3472 1734 3594 1790 ἀλλὰ

2041 1822 2330 1893 χαίροντας
2357 1826 2470 1889 τοῖς
2492 1825 2753 1891 τοιούτοις
2771 1843 2786 1859 ο
2817 1828 3068 1899 καθάπερ
3099 1828 3193 1882 καὶ
3223 1828 3275 1881 oi
3305 1827 3595 1889 ἀπόστολοι,

2042 1912 2194 1966 αὐτοὶ
2223 1913 2321 1984 μὲν
2340 1914 2649 1987 ἀκτήμονες
2669 1916 3026 1989 ὑπάρχοντες.
3072 1918 3182 1972 Καὶ
3201 1917 3365 1982 αὐτὸς
3388 1914 3598 1987 όΣωτὴρ

2046 2001 2264 2079 πάντων
2282 2004 2562 2077 Δεσπότης
2586 2005 2683 2073 ὢν,
2704 2009 2764 2061 ὲν
2798 2009 2963 2080 σαρκὶ
2990 2010 3303 2080 γενόμενος,
3334 2009 3487 2063 οὐδὲν
3507 2007 3601 2061 ἀπὸ

2041 2093 2140 2164 τῆς
2173 2095 2278 2166 γῆς
2317 2096 2615 2168 ἐκτήσατοο
2655 2100 2771 2157 axx
2796 2101 2897 2155 οὐκ
2928 2102 3233 2156 ἀπεϐάλετο
3259 2101 3361 2167 τὰς
3389 2099 3601 2171 αὐτῷτε

2041 2185 2137 2237 καὶ
2170 2188 2284 2249 τοῖς
2316 2188 2478 2242 αὑτοῦ
2510 2190 2779 2261 μαθηταῖς
2806 2191 3054 2246 διακονού
3066 2211 3159 2258 τας
3189 2197 3474 2264 γυναῖκας.
3515 2192 3603 2246 Δέ-

2040 2290 2127 2342 γει
2151 2275 2260 2348 γάρ
2281 2293 2295 2309 ·
2336 2279 2569 2344 Αἲτινες
2587 2281 3016 2349 ἠκολούθησαν
3039 2281 3199 2349 αὐτῷ
3225 2283 3347 2338 ἀπὸ
3376 2282 3482 2353 τῆς
3504 2283 3604 2336 Γα-

2039 2367 2301 2434 λιλαίας,
2342 2368 2733 2425 διακονοῦσαι
2769 2372 2930 2438 αὺτῷ
2966 2374 3065 2427 καὶ
3126 2373 3250 2440 τοῖς
3279 2376 3410 2443 μετ’
3437 2371 3603 2427 αὑτοῦ

2040 2451 2159 2508 ἀπὸ
2182 2455 2299 2510 τῶν
2319 2457 2485 2512 ἰδίων
2505 2461 2917 2528 ὑπαρχόντων.

361 2551 468 2605 que
506 2545 687 2594 tamen
743 2539 951 2595 idcirco
998 2540 1258 2597 mulieres
1311 2540 1434 2595 illas
1501 2540 1733 2611 reficere
1775 2541 1969 2605 voluit,
2033 2544 2156 2614 qua:
2192 2545 2297 2602 sibi
2333 2562 2398 2602 ac
2448 2549 2565 2605 suis
2598 2549 2860 2621 apostolis
2911 2548 3307 2605 ministrarent.
3359 2546 3438 2603 Ita
3477 2543 3604 2601 enim

360 2632 623 2702 scriptum
664 2642 792 2691 est:
834 2634 965 2703 Quit
1001 2635 1209 2706 quidem
1246 2646 1438 2691 secutis
1467 2635 1681 2706 fuerant
1706 2624 1861 2691 ilium
1908 2649 1940 2693 α
1976 2637 2225 2708 ϐαίὶίιεα,
2273 2645 2632 2701 ministrantes
2656 2646 2763 2715 ipsi
2806 2655 2856 2700 et
2901 2646 2966 2700 iis
3012 2646 3102 2718 qui
3142 2661 3262 2699 cum
3344 2658 3406 2697 eo
3449 2643 3606 2711 eram,

361 2731 425 2783 de
461 2727 571 2783 suis
610 2728 956 2797 facultatibus
996 2728 1040 2783 ¹.

432 2818 522 2874 Π.
563 2820 716 2888 Quod
742 2820 847 2877 nisi
874 2822 946 2876 ita
980 2835 1040 2877 se
1068 2838 1157 2879 res
1194 2822 1435 2889 haberet,
1457 2824 1551 2893 qui
1583 2822 1802 2880 tandem
1834 2823 1937 2880 im-

2116 2826 2190 2878 A’.
2250 2821 2405 2877 Ἐπεὶ
2446 2823 2566 2888 πῶς
2606 2824 2715 2898 ἄρα
2744 2822 3162 2896 πληρωθήσεται
3200 2822 3259 2876 τδ
3299 2821 3604 2894 εἰρημένονο

363 2914 495 2984 pleri
523 2923 709 2985 posset
736 2915 866 2970 illud
900 2935 915 2972 :
957 2916 1137 2972 Venite
1166 2916 1236 2971 ad
1260 2917 1528 2972 dexteram
1561 2922 1751 2980 ineant,
1793 2917 1937 2972 bene-

2046 2912 2225 2968 Δεῦτε
2245 2915 2315 2969 ἐκ
2343 2914 2556 2982 δεξιῶν
2564 2936 2705 2986 μου,
2737 2920 2791 2973 ot
2813 2906 3229 2988 εὐλογημένοι,
3257 2911 3351 2984 οἷς
3369 2920 3403 2972 ὁ
3426 2914 3607 2985 Πατήρ

362 3005 512 3071 dicti,
557 3006 746 3078 quibus
784 3006 946 3063 Pater
982 3022 1125 3065 meus
1157 3010 1378 3087 caalestis
1416 3012 1622 3080 paravit
1658 3014 1875 3081 regnum
1905 3025 1937 3062 a

2046 3021 2160 3074 μου
2185 3005 2219 3059 d
2262 3005 2541 3075 οὐράνιος
2587 3007 2755 3063 ἔθετο
2788 3008 2904 3078 τὴν
2938 3008 3270 3073 ,βασιλείαν
3300 3009 3414 3078 πρὸ
3452 3022 3607 3061 κατα-

362 3096 732 3154 ctmstitutione
776 3101 983 3157 mundi.
1017 3100 1231 3158 Esurivi
1268 3104 1431 3168 enim,
1469 3112 1522 3158 et
1550 3103 1772 3158 dedistis
1812 3102 1937 3157 mihi

2046 3090 2232 3164 ϐολῆς
2260 3098 2518 3167 κόσμου.
2580 3100 2898 3155 Ἐπείνασα
2926 3099 3053 3170 γὰρ,
3094 3098 3195 3154 καί
3231 3097 3490 3153 ἐδώκατέ
3521 3116 3606 3168 μοι

362 3191 723 3259 manducare;
768 3194 933 3261 sitivi,
969 3202 1021 3249 et
1060 3192 1284 3250 dedistis
1342 3196 1471 3249 mihi
1515 3195 1687 3251 bibere
1701 3211 1723 3260 ;
1767 3193 1940 3248 nudus

364 3280 458 3348 fni,
483 3292 533 3337 et
558 3286 896 3352 cooperuistis
924 3302 1003 3340 me
1027 3284 1048 3318 ³
1064 3286 1086 3340 ?
1102 3285 1234 3352 Quae
1254 3284 1437 3341 omnia
1456 3285 1735 3364 quomodo
1762 3284 1944 3341 facere

364 3374 581 3429 tandem
612 3377 939 3445 potuissent,
989 3378 1096 3434 nisi
1130 3378 1296 3448 iustis
1325 3390 1392 3433 ex
1424 3379 1728 3445 laboribus,
1776 3386 1942 3450 atque

363 3481 427 3517 cx
468 3465 694 3535 privatis
723 3467 1218 3545 facultatibusjur‘e
1254 3471 1588 3541 comparatis
1631 3469 1821 3528 eadem
1851 3469 1943 3525 illa

365 3552 786 3622 praestitissent?
817 3552 975 3623 Quod
1008 3554 1054 3614 sl
1089 3559 1200 3625 isti,
1249 3559 1344 3630 qui
1396 3559 1554 3615 bonis
1587 3568 1646 3616 se
1690 3560 1946 3617 omnibus

367 3642 644 3711 abdicant,
679 3654 734 3702 et
767 3648 1127 3719 apostolicum
1172 3651 1297 3706 vita
1342 3666 1516 3723 genus
1560 3652 1941 3717 instituerunt,

366 3734 488 3791 aliis
517 3745 702 3793 essent
740 3738 985 3806 admisti,
1020 3750 1128 3796 non
1169 3742 1344 3796 aliena
1392 3750 1540 3798 esset
1586 3741 1679 3796 illa
1727 3741 1946 3797 vivendi

367 3827 529 3897 ratio,
581 3846 758 3902 neque
794 3846 827 3886 a
859 3832 1061 3890 divinis
1104 3832 1336 3905 legibus,
1375 3848 1438 3889 ac
1479 3835 1814 3904 praescriptis
1847 3832 1946 3888 ab-

366 3907 644 3990 horreret;
678 3938 741 3978 ac
776 3925 821 3978 si
862 3923 1124 3980 uxoribus
1160 3926 1385 3994 insuper
1425 3939 1535 3994 pra:
1578 3923 1950 3994 temperantiae

369 4016 554 4071 Studio
596 4019 995 4083 renuntiarent,
1038 4016 1310 4071 laudabile
1342 4026 1489 4073 esset
1519 4015 1831 4072 institutum
1880 4016 1947 4069 il-

369 4108 486 4173 lud,
525 4124 626 4179 pro
670 4125 735 4164 eo
780 4108 926 4178 quod
975 4109 1196 4179 nuptias
1251 4108 1477 4163 minime
1522 4109 1945 4163 detestarentur.

371 4198 481 4255 Sed
520 4214 644 4255 cum
695 4194 861 4270 509
907 4200 975 4255 iis
1022 4200 1115 4270 qui
1168 4198 1520 4253 matrimonia
1575 4197 1951 4253 contraxerint

2042 3188 2283 3259 search"
2309 3189 2595 3259 ἐδίψησα,
2636 3193 2735 3246 καί
2782 3190 3099 3247 ἐποτίσατέ
3113 3209 3189 3262 με
3208 3207 3224 3223 ο
3257 3192 3503 3262 γυμνὸς,
3526 3188 3606 3244 καὶ

2044 3281 2422 3350 περιεϐάλετέ
2453 3299 2565 3352 ps;
2606 3283 2778 3339 Πόθεν
2803 3282 2860 3338 δὲ
2886 3276 3029 3337 οὗτοι
3060 3282 3233 3337 ταῦτα
3271 3278 3422 3355 εἶχον
3452 3282 3606 3356 πράτ-

2043 3386 2178 3437 τειν,
2214 3375 2263 3427 εί
2291 3373 2366 3447 μὴ
2400 3373 2507 3428 ἀπδ
2543 3375 2764 3430 δικαίων
2796 3376 2971 3430 πόνων
3019 3375 3331 3440 ἐπετέλουν,
3384 3376 3476 3429 καὶ
3518 3372 3609 3426 ἀπὸ

2046 3463 2154 3519 τῶν
2193 3465 2338 3519 ίδίων
2376 3466 2662 3537 ὑπάρξεων
2700 3469 2758 3521 ὲν
2797 3469 2862 3538 τῇ
2892 3467 3242 3541 δικαιοσύνῃ;
3278 3467 3395 3521 Καὶ
3440 3467 3487 3520 εἰ
3526 3463 3609 3536 μὲν

2046 3557 2222 3622 αὐτοὶ,
2262 3558 2686 3630 άποταξάμενοι,
2720 3560 2814 3614 καὶ
2840 3558 3194 3613 άποστολικὸν
3217 3558 3332 3630 βίον
3367 3559 3607 3630 βιοῦντες.

2052 3648 2192 3721 μετὰ
2214 3648 2322 3705 τῶν
2351 3650 2525 3704 ἄλλων
2556 3646 2697 3721 ἦσαν
2738 3650 3087 3723 μεμιγμένοι,
3119 3652 3221 3707 οὐκ
3252 3652 3528 3727 ἀλλότριος
3550 3644 3609 3720 ἦν

2047 3740 2077 3794 ό
2107 3740 2414 3813 χαρακτὴρ,
2448 3741 2572 3795 οὔτε
2601 3742 2709 3796 ἀπὸ
2735 3742 2834 3811 τῆς
2865 3741 2957 3798 τοῦ
2988 3742 3122 3798 Θεοῦ
3178 3742 3475 3809 διατάξεως
3504 3743 3596 3796 ἀπο

2048 3829 2377 3902 εξενωμένος
2396 3849 2410 3863 ’
2462 3834 2556 3886 καὶ
2576 3835 2624 3886 εί
2666 3834 2910 3903 γυναιξὶν
2955 3833 3292 3898 ἀπετάξαντο
3324 3835 3394 3888 δι’
3419 3832 3601 3904 ἐκγρά-

2047 3938 2219 3987 τειαν,
2258 3921 2512 3994 ἐπαινετὴ
2543 3918 2611 3995 ἦν
2640 3925 2673 3995 ἡ
2706 3924 3101 3996 προειρημένη,
3130 3926 3286 3997 εἴπερ
3317 3924 3413 3978 τὸν
3451 3924 3607 3994 γάμον

2049 4013 2151 4067 οὐκ
2181 4014 2582 4069 ἐϐδελύσσοντο.
2629 4015 2788 4070 Ἀλλὰ
2818 4019 2930 4081 τοῖς
2958 4016 3036 4070 ἔτι
3069 4018 3127 4070 ὲν
3151 4017 3315 4089 γάμῳ
3356 4016 3612 4077 κοινωνοῖς

2051 4107 2352 4177 ἐχρήσαντο
2382 4107 2469 4171 ἂν,
2495 4107 2698 4171 εἰδότες
2725 4108 2955 4163 ἑκάστου
2984 4109 3046 4162 τὸ
3075 4109 3273 4181 μέτρον
3299 4111 3397 4163 καὶ
3416 4109 3512 4179 τὴν
3529 4105 3611 4159 τά·

2054 4186 2155 4260 ξιν.
2200 4196 2263 4249 Ἢ
2285 4195 2394 4268 γὰρ
2417 4195 2512 4251 τοῦ
2547 4197 2684 4252 Θεοῦ
2713 4198 2846 4263 ναῦς
2873 4200 3049 4254 πάντα
3092 4200 3361 4272 ἐπιϐάτην
3399 4194 3610 4269 δέχεται.

369 4292 810 4345 communionem
840 4290 1041 4345 habere
1071 4291 1289 4357 vellent,
1333 4290 1478 4360 quod
1515 4289 1937 4359 uniuscujusqut

2052 4278 2177 4358 δίχα
2205 4286 2422 4360 λῃστοῦ.
2460 4288 2665 4343 Γνοῦσα
2711 4289 2819 4362 γὰρ
2857 4290 3060 4364 λῃστὴν
3081 4292 3174 4346 καὶ
3198 4291 3483 4362 πειρατὴν,
3508 4283 3614 4340 τοῦ·

370 4394 683 4437 meusuram
733 4382 1093 4451 ordinemque
1144 4388 1560 4453 cognoscerent.
1607 4380 1702 4438 Dei
1748 4381 1937 4452 quippe

2053 4395 2146 4434 τον
2172 4379 2273 4433 οὐκ
2310 4381 2631 4452 εἰσδέχεται,
2665 4381 2785 4436 οὐδὲ
2814 4383 3048 4452 φυγάδα,
3086 4384 3181 4437 καὶ
3214 4384 3323 4448 ἀπὸ
3350 4383 3460 4436 τῶν
3489 4381 3614 4435 ἰδίων

371 4473 531 4529 navis
558 4474 843 4527 vectorum
887 4484 1061 4544 genus
1104 4486 1266 4528 omne
1313 4473 1661 4544 praedonibus
1710 4473 1937 4543 excepti:

2053 4471 2327 4527 δεσποτῶν
2368 4466 2754 4545 άφηνιάζοντα.
2797 4476 2954 4529 Οὕτω
2985 4477 3079 4529 καὶ
3125 4478 3158 4548 ἡ
3208 4476 3341 4545 ἁγία
3372 4475 3465 4528 τοῦ
3496 4468 3613 4526 Θεοῦ

372 4565 628 4620 admittit.
679 4563 851 4631 Quem
899 4565 1044 4620 enim
1078 4564 1390 4636 praedonem
1424 4579 1488 4620 ac
1520 4565 1750 4635 piratam
1781 4579 1937 4636 agno-

2068 4564 2365 4637 Ἐκκλησία
2392 4567 2453 4619 οὐ
2485 4566 2697 4637 δέχεται
2730 4568 3005 4639 πορνείαν,
3036 4567 3096 4620 οὐ
3126 4567 3337 4638 δέχεται
3370 4564 3611 4637 μοιχείαν,

371 4659 529 4726 verit,
580 4668 927 4729 nequaquam
984 4660 1214 4728 recipit,
1270 4674 1450 4729 neque
1498 4658 1805 4729 fugitivum,
1857 4666 1937 4711 aut

2056 4658 2117 4711 ού
2139 4657 2351 4729 δέχεται
2387 4659 2831 4733 ὲπαρνησιθεταν,
2865 4660 2988 4714 οὐδὲ
3021 4660 3149 4723 τοὺς
3178 4657 3503 4718 ἀθετοῦντας
3530 4652 3615 4722 τὴν

371 4760 518 4815 cum,
552 4752 646 4821 qui
683 4751 1036 4823 dominorum
1078 4764 1304 4807 suorum
1335 4752 1656 4807 servitutem
1694 4765 1954 4807 excusse-

373 4846 463 4897 rit.
499 4843 582 4897 Ad
622 4843 873 4898 eumdem
911 4842 1133 4897 modum
1176 4842 1422 4901 Ecclesia
1473 4842 1566 4898 Dei
1613 4836 1788 4912 neque
1841 4840 1954 4895 l‘or-

374 4935 703 4990 nicationem
736 4936 995 5001 admittit,
1042 4948 1145 4990 nec
1187 4936 1536 4999 adulterium,
1567 4948 1743 5005 neque
1783 4931 1953 5015 divini

374 5025 627 5080 Numinis
661 5027 1046 5096 ejura‘tionem,
1080 5042 1180 5082 nec
1225 5042 1322 5083 eos
1349 5028 1444 5098 qui
1494 5027 1607 5090 Dei,
1641 5033 1806 5097 atque
1834 5025 1955 5095 ejus

377 5121 745 5190 apostolorum
775 5121 1090 5177 sanctiones
1123 5133 1188 5175 ac
1216 5121 1432 5176 decreta
1460 5118 1801 5174 rescindunt.
1833 5117 1955 5172 Cae-

445 5278 462 5307 ¹
499 5275 665 5331 Hebr.
700 5292 820 5342 xui,
850 5277 904 5334 4.
985 5280 1006 5311 ²
1030 5276 1166 5332 Luc.
1222 5270 1341 5342 vin,
1367 5275 1424 5329 3.
1498 5273 1518 5306 ³
1552 5271 1743 5329 Matth.
1774 5290 1900 5341 xxv,
1931 5273 2019 5329 34.

451 5436 562 5513 (_l9)
601 5436 710 5513 Καὶ
742 5435 815 5490 τὰ
842 5436 1272 5513 ἑγκυλίσμᾳτα.
1326 5432 1438 5487 Nos
1490 5433 1750 5513 pleraque
1799 5446 1963 5513 voca-

378 5502 632 5575 titulorum
662 5502 892 5561 istorum
916 5502 1334 5575 explicavimus,
1361 5502 1637 5574 quomodo
1668 5503 1963 5575 potuimus.

379 5573 619 5646 Felicith
653 5576 706 5630 id
740 5571 1078 5646 praestabunt
1105 5576 1220 5639 alii,
1250 5571 1450 5646 quibus
1483 5588 1544 5646 ea
1575 5572 1797 5646 notiora
1843 5571 1959 5627 l'uc-

384 5643 516 5698 rint.
566 5643 673 5697 Pro
711 5641 1088 5716 ὲίγκυλίσματα
1119 5641 1446 5716 suspicabar
1483 5641 1966 5716 legi‘xsltigttata,

388 5726 524 5783 quae
557 5722 685 5783 sunt
712 5712 921 5768 Polluci
944 5712 1047 5770 lib.
1080 5730 1122 5778 ι,
1153 5712 1275 5783 cap.
1303 5712 1356 5779 9,
1389 5712 1717 5783 statumina.
1751 5712 1819 5764 At
1866 5726 1967 5783 pro

390 5779 586 5849 ὀκνῶν,
625 5782 818 5846 ὀλκῶν,
853 5798 975 5852 quae
1020 5784 1164 5840 inter
1191 5779 1421 5837 ναυτικὰ
1458 5780 1629 5853 σκεύη
1675 5782 1742 5836 ab
1778 5779 1969 5836 eodem

2057 4748 2378 4804 δεσποτείαν
2425 4750 2526 4821 τῆς
2573 4751 2668 4804 τοῦ
2702 4750 2835 4805 Θεοῦ
2869 4750 3164 4817 διατάξεως
3195 4750 3291 4804 καὶ
3330 4748 3440 4802 τῶν
3469 4737 3612 4801 αὑτοῦ

2062 4842 2396 4900 ἀποστόλων.
2452 4843 2675 4915 Δέχεται
2700 4843 2758 4897 δὲ
2782 4842 2874 4897 τὸν
2908 4846 3005 4915 μὲν
3033 4848 3091 4898 ὲν
3139 4842 3348 4916 μεγάλῃ
3378 4853 3611 4912 πραγμαο

2060 4933 2202 5004 τείᾳ,
2232 4932 2322 4987 τὸν
2347 4933 2403 4986 δὲ
2424 4934 2482 4989 ἐν
2508 4935 2770 5007 ἐμπειρίᾳ
2793 4933 3079 5001 ναυτίλων,
3096 4933 3188 4987 τδν
3215 4931 3270 4985 δὲ
3299 4929 3615 4999 κυϐερνήτην

2062 5025 2156 5079 καὶ
2176 5027 2538 5098 ἐπιστήμονα,
2556 5026 2647 5080 τὸν
2668 5026 2724 5080 δὲ
2739 5026 2798 5083 ἐν
2823 5029 3097 5100 πρωρικῇ,
3120 5024 3210 5079 τὸν
3231 5022 3287 5078 δὲ
3313 5025 3370 5077 ὲν
3390 5019 3613 5092 πρύμνῃ,

2062 5118 2253 5190 ἔχοντα
2296 5118 2356 5172 τὸ
2400 5117 2797 5190 ἐμπειρότατον
2829 5119 2929 5191 τῆς
2978 5115 3319 5187 ἀποσκοπῆς,
3352 5113 3447 5168 τὸν
3482 5108 3536 5163 δὲ
3568 5108 3615 5159 ἐν

2120 5272 2142 5305 ’⁵
2182 5271 2242 5327 F.
2271 5273 2611 5345 χελύσματα.

2063 5430 2610 5502 percensentur,_lib.
2645 5447 2700 5493 χ,
2730 5445 2851 5502 cap.
2887 5430 2975 5483 30.
2999 5428 3062 5482 Et
3094 5426 3294 5502 Suidas
3319 5423 3395 5502 ait
3420 5410 3613 5502 ορδεΑῄ

2062 5492 2162 5571 ἔτῆς
2195 5501 2446 5578 τρόπιδος
2468 5492 2704 5578 ⁷ξκτςλιμιιι.
2737 5492 3022 5578 Postremo
3058 5497 3235 5578 αύχήχ
3258 5492 3466 5578 Polluci
3500 5495 3611 5578 pf:

2064 5562 2154 5650 est
2172 5562 2625 5650 qu'azdamgclavi,‘
2645 5570 2759 5625 sive
2789 5562 3164 5650 gubernaculi.
3186 5562 3611 5650 'Eustatltigfff

2066 5632 2241 5765 “OX‘EV
2280 5648 2335 5696 θῑ
2366 5641 2612 5710 αὐχένων
2662 5655 2762 5709 pro
2790 5632 2926 5719 toto.
2958 5637 3323 5710 gubernaculo
3352 5632 3607 5688 sumitur:

2069 5729 2178 5765 οιιο
2245 5710 2371 5765 huic
2407 5711 2527 5765 loco
2560 5726 2668 5765 non
2703 5716 2976 5765 conarutt.

2069 5709 2212 5784 quod
2245 5710 2371 5766 huic
2407 5709 2527 5766 loco
2560 5726 2668 5765 non
2703 5709 2976 5781 congruit.
