3794 6152
283 325 426 388 1045
953 334 1325 395 ᾹΙΝΕΒΞΟΞ
1359 342 1702 400 ΗΑΞΒΕΒΕΞ
1717 361 1720 365 ‘
1733 345 1781 399 Ιέῖ

2035 341 2170 398 ΓΟΜ.
2213 341 2256 395 l.
2295 371 2361 382 —
2411 340 2684 398 HEBES.
2727 341 2866 396 LXI.
3395 336 3533 392 {0‘6

282 446 467 517 μέτρῳ
489 444 597 500 τινὶ
619 447 966 516 ὑποστάσεως
997 455 1090 507 καὶ
1115 455 1348 528 ὲνθήκης
1373 457 1523 526 ὄντα,
1560 462 1652 516 τὸν
1681 463 1737 516 δὲ
1763 481 1780 515 3

2031 477 2138 515 rum
2173 475 2241 515 ex
2272 459 2586 514 vectoribus
2614 457 2722 514 illis
2750 456 2917 511 alium
2956 454 3022 509 ad
3053 468 3306 526 magnam
3337 453 3529 522 Quam-

277 535 382 599 ἕως
413 535 509 590 τοῦ
541 537 1072 612 διαπεράσαι-μόνον,
1101 547 1195 600 καὶ
1228 548 1302 619 μὴ
1330 551 1388 605 ὲν
1417 551 1658 624 θαλάσσῃ
1682 570 1775 606 κατ

2031 568 2077 606 m
2131 551 2551 623 negotiationem
2594 548 2897 605 obeundam
2944 545 3199 614 adhibet,
3251 546 3417 600 alium
3459 544 3529 599 ad

276 628 636 699 ποντωθῆναι.
690 632 802 684 Καὶ
828 633 888 685 ού
929 635 1147 700 πάντως
1174 638 1255 691 ὅτι
1298 639 1360 694 τὸ
1391 642 1466 712 μὴ
1496 644 1732 697 τοσαῦτα
1759 663 1774 698 ι

2029 643 2204 699 uticos
2237 657 2392 706 usus,
2426 641 2844 711 gubernatorem
2876 637 3041 694 alium
3072 636 3393 702 constituit;
3443 643 3527 690 at—

275 719 531 790 κτημένῳ
575 721 676 791 τὴν
727 724 1000 794 σωτηρίαν
1038 727 1098 779 ού
1139 729 1401 800 παρέχει·
1453 732 1568 786 ἀλλ’
1603 730 1708 788 οἶδε
1751 753 1773 806 ιι

2026 751 2056 790 e
2087 735 2253 788 alium
2289 748 2492 804 prorae,
2527 732 2693 808 alium
2720 731 2883 802 puppi
2914 730 3171 802 praeﬁcit;
3200 729 3292 800 qui
3329 742 3523 798 specu-

271 808 480 899 πάντας
511 809 723 876 σώζειν,
759 813 990 868 ἕκαστον
1018 817 1074 870 δὲ
1121 819 1262 872 κατὰ
1303 821 1400 892 τὴν
1432 823 1566 878 ἰδίαν
1591 843 1769 899 πραγε.

2023 825 2096 880 Idi
2149 825 2422 896 praecipua
2466 823 2700 894 quadam
2745 824 2816 878 sit
2864 821 3195 891 experientia
3244 819 3521 889 prteditus.

271 897 420 950 τείαν
454 900 548 952 καὶ
579 901 872 972 σωτηρίαν.
907 906 1014 958 Καὶ
1044 907 1207 962 πόθεν
1231 910 1281 961 οἱ
1306 912 1363 976 ἐξ
1385 913 1561 976 οἰκίας
1588 897 1681 967 τοῦ
1711 917 1769 968 Κι

2025 915 2127 968 ium
2173 914 2324 968 velut
2369 912 2520 968 faecis
2555 912 2930 980 merciumqne
2974 911 3093 965 loco
3134 910 3314 962 habet.
3345 909 3523 961 Alium

271 1007 436 1062 σαρος
461 992 975 1068 ἀσπάζονταιπαρὰ
1000 998 1076 1069 τῷ
1112 1000 1452 1073 Ἀποστόλῳς
1488 1006 1658 1060 Πόθεν
1689 1007 1746 1060 δὲ

2026 1006 2184 1076 niqne
2235 1004 2626 1060 transvehendi
2678 1003 2853 1058 solum
2883 1002 3061 1072 gratia
3095 1000 3306 1070 recipit,
3353 1015 3420 1054 ne
3469 1000 3524 1052 in

282 1082 585 1177 Ἀποστόλῳ
607 1085 672 1177 τὸ
703 1087 1011 1157 εἰρημένον,
1052 1094 1132 1154 τὸ,
1178 1092 1311 1148 Ἐὰν
1341 1094 1546 1165 νομίζῃ
1577 1099 1780 1166 ἁσχημ

2028 1095 2086 1148 ιιι
2125 1095 2494 1163 demergatur.
2528 1091 2640 1146 Nec
2670 1092 2780 1146 ulla
2823 1091 3048 1177 omnino
3073 1089 3391 1158 exceptione
3419 1090 3526 1141 uti-

267 1172 397 1227 νεῖν
429 1173 528 1226 ἐπὶ
559 1175 675 1244 τὴν
708 1177 866 1232 ἰδίαν
909 1180 1224 1248 παρθένον,
1269 1184 1367 1238 καὶ
1404 1186 1591 1252 οὕτως
1622 1189 1764 1256 cisset.

2026 1202 2059 1249 ',
2096 1197 2155 1240 ut
2182 1187 2231 1240 ei
2274 1186 2366 1255 qui
2420 1193 2628 1238 tantum
2680 1197 2788 1236 non
2839 1172 3133 1252 possideat,
3168 1180 3359 1236 salutis
3385 1180 3524 1231 viam

269 1264 546 1334 ποιῆσαι,
584 1270 864 1338 γαμείτωο
910 1274 1022 1342 οὐχ
1065 1275 1414 1344 ἀμαρτάνει;
1455 1278 1568 1330 Ούκ
1609 1280 1762 1342 ἐκτὸς

2029 1275 2306 1342 crcludat;
2337 1277 2583 1345 quinimo
2613 1275 2683 1327 ita
2719 1271 2991 1328 universis
3029 1271 3182 1326 novit
3236 1271 3527 1325 conciliare

269 1354 491 1425 λουτροῦ
550 1358 770 1413 δύναται
820 1361 1060 1434 πληροῦν
1123 1366 1181 1418 τὸ
1227 1369 1325 1437 οὐχ
1377 1369 1728 1439 ἁμαρτάνειν.

2031 1376 2199 1432 ntem,
2253 1377 2312 1421 ut
2355 1367 2540 1420 habita
2593 1365 2864 1434 cujusque
2911 1362 3209 1417 l'unctionis
3239 1375 3305 1414 ac
3336 1360 3529 1416 salutis

267 1446 376 1514 γὰρ
403 1447 624 1516 πάντες
649 1451 931 1520 ἥμαρτον,
962 1458 1060 1510 καὶ
1093 1460 1486 1526 ὑστεροῦνται
1519 1462 1629 1529 τῆς
1660 1462 1765 1526 δόξ

2035 1458 2156 1513 ione
2200 1463 2509 1513 conservet.
2560 1455 2775 1525 Alioqui
2821 1468 2919 1507 cur
2959 1453 3052 1522 qui
3100 1468 3132 1507 e
3167 1451 3372 1506 familia
3407 1450 3533 1505 Caec-

267 1535 372 1588 τοῦ
418 1538 584 1602 Θεοῦ,
625 1539 1026 1611 δικαιούμενοι
1059 1545 1286 1612 δωρεὰν
1320 1546 1393 1615 τῇ
1434 1547 1628 1616 χάριτι
1655 1550 1765 1618 ,δῆί

2027 1549 2086 1602 'is
2131 1553 2290 1601 erant
2319 1547 2547 1601 salutem
2576 1543 2722 1614 apud
2751 1544 3074 1612 Apostolum
3108 1543 3300 1597 dicunt
3334 1542 3392 1594 ³⁴ἰ
3418 1544 3525 1594 Aut

265 1618 350 1709 διὰ
373 1620 599 1694 λουτροῦ
621 1627 1062 1696 παλιγγενεσίας.
1095 1632 1167 1684 Τὸ
1194 1633 1302 1704 γὰρ
1323 1633 1544 1707 λουτρὸν
1566 1638 1763 1709 ὲκόσμτ

2028 1638 2090 1693 de
2119 1638 2481 1708 apostolicum
2530 1635 2663 1690 illud
2694 1635 2900 1690 dictum
2929 1652 2942 1688 :
2976 1633 3036 1689 Si
3071 1635 3189 1703 quis
3225 1642 3378 1707 putat
3414 1641 3526 1684 tur-

263 1708 360 1802 τὴν
388 1711 565 1786 ψυχὴν
614 1719 705 1772 καὶ
737 1719 797 1772 τὸ
835 1721 1015 1792 σῶμα,
1046 1723 1352 1779 ἀπολοῦσαν
1382 1729 1490 1781 πᾶν
1539 1708 1757 1801 ἁμάρτῃ

2027 1747 2058 1782 η
2117 1746 2170 1783 se
2208 1728 2371 1782 videri
2400 1744 2556 1797 super
2584 1727 2781 1798 virgine
2814 1743 2934 1790 sua,
2960 1735 3009 1780 et
3048 1725 3124 1778 ita
3153 1725 3326 1793 facere
3353 1723 3525 1785 debet,

262 1795 350 1890 διὰ
379 1805 685 1890 μετανοίας.
720 1808 862 1880 Ἀρα
891 1826 955 1878 γε
986 1811 1080 1863 καὶ
1107 1812 1199 1865 ἐπὶ
1231 1815 1329 1884 τὴν
1363 1813 1530 1870 οὖσαν
1568 1795 1760 1890 έαρθέέ

2028 1823 2145 1886 bat;
2169 1837 2271 1873 non
2303 1829 2481 1887 peccat
2517 1819 2561 1872 ⁸.
2598 1817 2710 1872 Hoc
2738 1818 2920 1888 ipsum
2953 1831 3102 1880 vero,
3134 1830 3245 1870 non
3298 1827 3526 1884 peccare

367 1888 610 1961 χάρισμα
655 1895 971 1966 ἑφήπλωται
1014 1898 1108 1951 τοῦ
1161 1883 1552 1974 βαπτίσματος,
1605 1883 1699 1961 καὶ

2027 1928 2084 1966 ra
2113 1883 2445 1981 baptismum
2476 1908 2712 1964 obtineri
2760 1883 2869 1962 non
2919 1914 3120 1978 potest.
3153 1883 3344 1960 Omnes
3385 1903 3524 1958 enim

258 1978 358 2050 τὴν
413 1984 512 2036 οὐκ
556 1980 720 2041 οὖσαν
767 1989 1053 2060 παρθένον,
1088 1992 1518 2062 σφραγίζεσθαιι
1563 2000 1756 2069 ἐπείγει

2026 1978 2314 2067 matter—unt,
2358 2011 2406 2055 et
2458 2011 2603 2072 egent
2645 2001 2820 2070 gloria
2872 1998 3001 2062 Dei,
3037 1997 3324 2066 justiﬁeati
3359 1992 3524 2064 gratis

257 2068 346 2124 διὰ
375 2072 435 2126 τὸ
465 2075 687 2148 ἀϐαρές.

2025 2113 2040 2145 r
2068 2095 2300 2164 gratiam
2328 2094 2372 2159 ⁸,
2407 2068 2511 2147 hoc
2541 2099 2624 2147 est
2648 2068 2909 2146 secundae
2933 2089 3166 2160 quadam
3197 2085 3400 2141 lotione
3429 2099 3523 2154 ge—

258 2168 578 2257 nerationis.
633 2170 766 2237 Quae
795 2174 1013 2244 quidem
1067 2177 1198 2232 lotio
1230 2193 1392 2234 omne
1439 2197 1535 2250 per
1566 2183 1942 2251 paenitentiam
2002 2194 2288 2257 peccatum
2341 2185 2553 2248 eluens,
2610 2184 2852 2238 animum
2891 2195 2955 2235 ac
3015 2195 3218 2249 corpus
3270 2182 3522 2232 exornat.

257 2255 622 2323 Quamobrem
667 2270 790 2318 tam.
819 2266 885 2322 ad
926 2267 1192 2339 virginem
1223 2269 1478 2340 baptismi
1512 2274 1682 2344 gratia
1715 2278 1972 2344 pertinet,
2002 2255 2168 2349 quam
2203 2277 2271 2331 ad
2312 2291 2453 2341 eam,
2496 2290 2616 2345 qua:
2658 2274 2812 2344 virgo
2870 2287 2980 2326 non
3036 2279 3140 2334 est,
3192 2283 3314 2341 quae
3383 2267 3523 2322 rele-

255 2352 445 2407 vandce
475 2355 558 2408 sui
591 2359 765 2426 gratia
793 2375 859 2416 eo
894 2377 954 2417 se
986 2363 1265 2434 obsignari
1311 2376 1660 2423 sacramento
1692 2369 1989 2426 desiderat.

327 2444 402 2498 E'.
461 2446 620 2501 Ἀλλά
649 2452 721 2521 μή
751 2468 897 2516 τινες
924 2453 1085 2509 πάλιν
1111 2456 1496 2527 ὑδαρευόμενοι
1520 2460 1825 2529 νομίσωσιν1

2053 2462 2077 2516 ’.
2119 2461 2316 2518 Verum
2357 2476 2425 2516 ne
2455 2459 2612 2515 diluti
2663 2457 2893 2513 nimium
2925 2465 2977 2511 et
3020 2454 3241 2525 insipidi
3274 2454 3551 2509 homines

255 2533 351 2586 ἐὰν
391 2534 635 2609 εἴπωμεν
671 2541 800 2612 περὶ
848 2544 1118 2614 παρθένου
1144 2547 1494 2614 διατάξαντος
1537 2549 1631 2603 τοῦ
1676 2550 1753 2604 Ἀι

2023 2553 2276 2616 ιειίιιιθιιι,
2329 2567 2452 2606 cum
2504 2549 2827 2620 Apostolum
2868 2547 3104 2602 dicimus
3143 2545 3364 2615 nuptias
3410 2545 3521 2598 vir-

256 2625 442 2680 στόλου
471 2629 531 2684 τὸ
554 2631 754 2702 γῆμαι,
787 2635 862 2706 μὴ
881 2636 977 2708 τὴν
1007 2637 1154 2706 ἅπαξ
1183 2641 1442 2714 όρίσασαν
1469 2642 1754 2715 παρθενεῦ‹

2025 2645 2054 2699 ιὶ
2084 2642 2510 2714 praescripsisse,
2538 2639 2728 2695 eodem
2755 2639 2979 2692 decreto
3025 2644 3080 2692 et
3109 2636 3256 2690 illam
3299 2637 3523 2704 insuper

253 2718 372 2789 Θεῷ
394 2724 748 2780 κατασπάσαι
777 2728 871 2781 τοῦ
893 2729 1026 2782 ἰδίου
1047 2732 1249 2802 δρόμου
1277 2733 1598 2806 βουλόμενος
1615 2737 1643 2787 ὁ
1679 2736 1751 2787 ’A:

2041 2735 2322 2790 curriculo
2365 2748 2464 2788 suo
2499 2731 2735 2801 dejicere
2778 2728 3037 2792 voluisse,
3072 2742 3192 2795 qua:
3235 2724 3521 2796 virginita-

255 2815 440 2878 στολος
469 2817 641 2870 ταῦτα
680 2819 979 2887 διετάξατο.
1037 2825 1111 2878 Οὐ
1136 2825 1246 2896 γὰρ
1283 2828 1411 2896 περὶ
1444 2827 1649 2881 τούτων
1681 2829 1710 2880 ὁ

2022 2841 2054 2882 n
2106 2825 2217 2881 Deo
2265 2825 2434 2881 semel
2472 2835 2797 2879 consecrare
2833 2819 3106 2877 statuerit.
3146 2817 3334 2888 Neque
3375 2815 3520 2871 enim

255 2921 367 2973 τος,
389 2905 525 2962 ἀλλὰ
555 2909 682 2981 περὶ
701 2911 983 2982 παρθένων
1005 2915 1340 2987 ὑπεράκμων
1365 2917 1473 2972 τῶν
1502 2920 1562 2971 ού
1589 2919 1674 2972 διὰ
1705 2936 1753 2972 πε

2058 2932 2152 2972 eas
2196 2916 2529 2986 apostolicus
2563 2914 2654 2968 ille
2687 2923 2870 2966 sermo
2910 2909 3244 2964 referendus
3272 2916 3376 2972 est,
3429 2905 3523 2962 sed

254 2997 435 3052 θενίαν
469 3001 525 3052 ὲν
556 3003 622 3071 τῇ
655 3003 804 3074 ἀκμῇ
837 3007 1292 3076 παραμεινασῶν,
1325 3009 1463 3062 ἀλλά
1492 3011 1583 3064 διὰ
1606 3012 1668 3064 τὸ
1701 3013 1752 3080 ἧς

2039 3007 2226 3062 eiTetas
2270 3006 2532 3076 virgines,
2561 3018 2684 3074 qua:
2699 3017 2809 3056 non
2836 3016 3021 3055 amore
3044 3000 3392 3071 virginitatis,
3427 2997 3521 3052 sed

257 3090 481 3158 ρηκέναι
520 3091 729 3162 ἀνδρῶν
764 3094 899 3164 πρὸς
928 3096 1128 3166 γάμον.
1187 3098 1279 3162 Ἐξ
1315 3099 1582 3155 Ἰουδαίων
1612 3101 1720 3172 γὰρ

2021 3098 2265 3152 ιιεὶιοτιιηι
2313 3097 2520 3166 inopia,
2548 3095 2604 3149 in
2647 3095 2742 3149 illo
2788 3107 2889 3148 suo
2924 3092 3112 3163 vigore
3162 3089 3519 3161 perstiterint.

254 3179 495 3250 μώμενω
518 3184 568 3235 οἱ
601 3183 909 3252 ἀπόστολοι,
934 3186 1026 3240 καὶ
1055 3188 1195 3241 κατὰ
1211 3189 1304 3243 τὸν
1329 3190 1492 3260 νόμον
1517 3191 1752 3244 πολιτευι

2026 3187 2153 3241 anim
2197 3186 2430 3257 apostoli
2461 3202 2490 3241 e
2534 3183 2737 3240 Judaeis
2780 3183 3022 3250 oriundi,
3059 3197 3358 3252 eorumque
3391 3180 3524 3250 legi—

253 3289 426 3342 μενοι,
460 3274 560 3346 τὴν
601 3275 776 3347 ἀρχὴν
809 3276 903 3342 τοῦ
958 3278 1309 3349 κηρύγματος
1355 3282 1702 3352 ἐποιήσαντο,
1745 3288 1751 3330 1

2022 3296 2046 3334 s
2084 3280 2342 3344 instituti,
2375 3279 2450 3332 ita
2491 3279 2818 3334 Christianae
2863 3276 3144 3348 religionis
3178 3273 3520 3346 praedicatio-

253 3363 410 3431 σμοῖς
442 3361 522 3416 ἔτι
552 3365 907 3436 κατεχόμενοι
933 3370 1046 3431 τοίς
1075 3370 1131 3421 ὲν
1163 3369 1241 3440 τῷ
1272 3370 1442 3442 νόμῳ,
1475 3374 1536 3426 οὐ
1569 3374 1711 3427 κατά
1739 3392 1751 3406 ·

2024 3388 2066 3426 m
2117 3372 2361 3444 aggressi
2409 3370 2573 3442 510
2628 3377 2780 3434 sunt,
2834 3379 2895 3424 ut
2930 3367 3130 3424 veteris
3159 3366 3338 3421 adhuc
3391 3364 3522 3436 legis

252 3452 455 3523 σαρκὸς
491 3453 793 3520 δικαίωσιν,
845 3457 981 3511 ἀλλὰ
1013 3459 1157 3513 κατὰ
1184 3460 1284 3532 τὴν
1310 3462 1524 3534 ἐμμελῆ
1548 3463 1642 3517 τοῦ
1671 3466 1750 3536 νόι

2051 3464 2318 3521 etionibus
2354 3470 2541 3519 essent
2573 3461 2846 3528 obstricti,
2880 3460 3043 3530 idque
3075 3459 3253 3529 ipsum
3300 3473 3410 3512 non
3453 3459 3549 3511 ad-

250 3544 548 3612 ἀσφάλειαν
574 3547 668 3599 καὶ
694 3548 1098 3620 ἀκριϐολογίαν.
1149 3551 1492 3623 Θαυμαστῶς
1536 3556 1748 3628 ἐκήρυτ

2063 3554 2386 3610 iﬁcationem
2442 3552 2648 3618 carnis,
2698 3549 2795 3607 sed
2848 3549 2919 3604 ad
2975 3548 3304 3604 concinnam
3346 3552 3561 3615 'atqne~

249 3635 278 3686 ὀ
313 3635 495 3705 νόμος,
529 3637 602 3707 μὴ
629 3637 815 3692 δοῦναι
836 3640 933 3705 τὰς
967 3641 1274 3712 θυγατέρας
1309 3644 1526 3715 Ἰσραὴλ
1550 3649 1662 3708 τοῖς
1683 3646 1747 3700 ἀλ

2056 3661 2123 3700 im
2176 3646 2310 3713 legis
2355 3643 2829 3706 observationem,
2884 3646 3306 3710 accuratamquc
3363 3636 3554 3692 ofﬁcii.

251 3723 458 3792 φύλοις,
495 3727 582 3780 ἵνα
634 3729 708 3799 μὴ
753 3731 1143 3786 ἀποπλανῶσιν
1186 3732 1357 3797 αὑτὰς
1395 3734 1489 3786 ἐπὶ
1516 3734 1581 3787 τὰ
1619 3735 1749 3788 εἴδωῖ

2021 3739 2235 3805 ιίοηοηι,
2271 3736 2584 3792 faciendum
2615 3735 2721 3791 sibi
2751 3749 2874 3790 esse
2903 3734 3199 3790 duxerunt.
3239 3730 3519 3800 Siquidem

253 3814 525 3881 Ἕκαστος
567 3821 747 3873 τοίνυν
780 3820 887 3875 τῶν
927 3825 1335 3878 πιστευσάντων
1380 3826 1502 3879 τότε
1531 3845 1751 3898 προσετι

2023 3846 2140 3884 rum
2184 3830 2242 3884 in
2271 3830 2492 3885 modum
2523 3827 2628 3882 hoc
2677 3825 2902 3895 antiqua
2947 3826 3064 3894 lege
3096 3823 3412 3886 cavebatur,
3451 3834 3521 3874 ne

249 3923 373 3961 τετο
385 3909 568 3962 οὐκέτι
593 3911 868 3976 Ἰουδαίοις
889 3913 1192 3968 ἐκδίδοσθαι
1209 3915 1307 3986 τὴν
1327 3915 1522 3968 ἑαυτοῦ
1546 3917 1747 3988 παρθέν

2064 3921 2312 3977 elitarum
2369 3919 2491 3973 ﬁliae
2535 3919 2742 3974 exteris
2786 3915 3102 3971 nationibus
3148 3914 3518 3976 elocarentur,
3560 3963 3562 3968 .

249 3999 385 4054 ἀλλά
411 4002 758 4071 Χριστιανοῖς
778 4005 1056 4075 ὁμοδόξοις
1094 4007 1188 4060 καὶ
1209 4007 1580 4079 ὁμογνώμοσι.
1613 4009 1747 4063 Νέου

2062 4029 2098 4069 .e
2121 4014 2271 4083 ipsas
2301 4010 2369 4066 ad
2405 4011 2826 4070 simulacrorum
2875 4008 3079 4062 cultum
3121 4004 3518 4075 pertraherent.
3552 4052 3560 4058 ,.

249 4089 403 4156 ὄντος
427 4093 522 4146 τοῦ
541 4093 915 4166 κηρύγματος,
941 4097 1000 4149 οὗ
1010 4115 1094 4150 πω
1125 4097 1326 4168 πλῆθος
1357 4100 1497 4153 κατὰ
1519 4100 1684 4155 τόπον
1703 4103 1747 4154 Χ

2021 4121 2126 4176 que
2155 4105 2394 4159 ﬁdelium
2429 4103 2628 4172 cuique
2655 4116 2749 4173 per
2780 4099 2912 4154 illud
2951 4107 3163 4168 tempus
3189 4102 3517 4166 praeceptum

252 4184 482 4238 στιανῶν
515 4187 729 4257 ὑπῆρχε
773 4189 864 4242 καὶ
891 4190 1279 4261 Χριστιανικῆς
1317 4191 1682 4258 διδασκαλίας.
1743 4203 1750 4240 4

2022 4204 2076 4263 ιι,
2109 4211 2178 4251 ne
2213 4196 2337 4265 quis
2387 4194 2551 4250 ﬁliam
2586 4209 2740 4250 suam
2778 4189 3042 4262 virginem
3085 4186 3289 4242 Judaeis
3319 4186 3377 4241 in
3403 4201 3520 4241 ma-

250 4294 393 4341 τινες
421 4274 514 4332 οὖν
545 4279 666 4331 τότε
701 4279 860 4351 ἔσχον
888 4281 1194 4354 θυγατέρας
1223 4285 1544 4355 παρθένους,
1576 4286 1651 4358 μὴ
1677 4289 1748 4341 εὐ⁸

2021 4286 2257 4340 monium
2309 4284 2502 4350 daret,
2565 4284 2658 4339 sed
2705 4281 3034 4337 Christianis
3075 4279 3372 4343 duntaxat,
3424 4279 3519 4348 qui

253 4367 470 4438 ροῦντες
507 4371 810 4426 ἐκδίδοσθαι
844 4374 1210 4444 Χριστιανοῖς,
1245 4376 1540 4444 ἐφύλαττον
1579 4379 1676 4444 τὰς
1703 4383 1751 4435 ἐι

2016 4378 2129 4432 dem
2187 4377 2447 4446 religione
2496 4381 2682 4430 essent
2749 4388 2814 4427 ac
2874 4370 3144 4426 sententia
3211 4369 3514 4440 conjuncti.

247 4460 356 4514 τῶν
382 4463 682 4533 παρθένους
725 4464 854 4538 ἄχρι
905 4465 1099 4518 πολλοῦ
1122 4465 1216 4520 τοῦ
1246 4468 1462 4538 χρόνου.
1511 4469 1743 4525 Ἐκεῖναι

2063 4483 2188 4540 ique
2215 4484 2357 4522 nova
2382 4477 2512 4522 tunc
2541 4473 2686 4522 esset
2715 4463 2990 4536 Evangelii
3024 4463 3360 4533 praedicatio,
3406 4477 3517 4517 non
3551 4507 3556 4514 .

248 4555 737 4626 ὑπερακμάξουσαι
787 4559 1143 4630 περιέπιπτον
1175 4561 1401 4633 πορνείᾳ
1441 4562 1529 4619 διὰ
1556 4565 1654 4635 τὴν
1691 4583 1746 4618 κο

2057 4575 2136 4629 {na
2174 4560 2376 4629 ubique
2420 4558 2858 4621 Christianorum
2907 4562 3043 4621 erat,
3088 4553 3555 4624 Christianazquev

248 4648 409 4716 φύσιν
447 4649 712 4721 ἀνάγκην.
773 4652 832 4705 '0
864 4651 994 4719 γοῦν
1043 4652 1387 4720 Ἀπόστολος,
1421 4656 1568 4726 ὀρῶν
1613 4658 1674 4709 τὸ
1705 4659 1746 4710 ὲτ

2027 4650 2204 4705 ctrina:
2241 4650 2417 4719 copia.
2455 4647 2636 4714 Quare
2665 4646 2865 4716 quibus
2908 4646 3032 4698 ﬁliae
3071 4646 3311 4715 virgines
3339 4653 3525 4709 erant,

248 4739 442 4812 ζήμιον
485 4742 572 4797 διὰ
620 4743 720 4814 τῆς
767 4745 1152 4814 ἀκριϐολογίας
1199 4747 1518 4818 συμϐαῖνον,
1563 4748 1746 4821 ὲπέτρε

2020 4759 2064 4796 m
2100 4742 2496 4805 Christianum,
2524 4740 2614 4793 cui
2645 4737 3000 4799 collocarent,
3032 4735 3304 4789 neminem
3353 4734 3518 4791 habeo

245 4829 419 4899 λέγων
437 4850 449 4861 ·
474 4835 543 4888 Et
567 4832 636 4887 δέ
667 4850 758 4899 τις
789 4835 1080 4898 βούλεται
1108 4836 1223 4907 τὴν
1260 4837 1478 4892 ἑαυτοῦ
1505 4839 1743 4908 παρθένε

2016 4843 2085 4898 nt,
2117 4833 2336 4890 easdem
2371 4832 2493 4885 illas
2536 4830 2777 4900 virgines
2820 4827 3131 4882 diutissime
3177 4826 3514 4882 servabant:

245 4924 354 4978 Καὶ
389 4926 488 4979 οὐκ
527 4922 667 4979 εἷπε*
726 4927 836 4997 Τὴν
876 4928 1011 4980 ἰδίαν
1059 4931 1378 4999 παρθενίαν.
1415 4931 1490 4984 Ού
1538 4933 1646 5004 γὰρ
1703 4950 1743 4984 π

2019 4939 2061 4978 ιε
2090 4930 2359 4977 maturam
2403 4928 2615 4976 aetatem
2647 4931 3041 4991 prtetergressm
3072 4917 3417 4974 naturalibus
3451 4918 3517 4974 ad

244 5014 338 5066 τοῦ
383 5014 518 5068 ἰδίου
572 5017 823 5088 σώματος
865 5019 1070 5088 ἔλεγεν,
1127 5022 1262 5076 ἀλλά
1310 5023 1436 5093 περὶ
1483 5023 1690 5094 πατρὸς
1733 5043 1742 5074 ι

2020 5030 2130 5085 Ipra
2187 5013 2430 5070 libidinis
2496 5012 2736 5068 stimulis
2794 5012 3186 5066 incitabantur.
3251 5009 3407 5064 Unde
3465 5019 3518 5066 et

247 5103 536 5172 λάσσοντος
579 5109 900 5182 παρθενίαν.
949 5113 1012 5164 Εἰ
1051 5112 1108 5165 δὲ
1150 5111 1266 5180 τὴν
1287 5115 1504 5185 ἑαυτοῦ
1531 5115 1745 5184 παρθέν

2015 5107 2256 5174 ιοειοιιιε,
2293 5122 2417 5161 cum
2453 5121 2520 5162 ex
2554 5115 2811 5160 accurata
2840 5105 2930 5158 illa
2959 5105 3168 5157 ratione
3205 5101 3513 5157 detrimenti

243 5196 306 5250 τὸ
351 5198 479 5252 ἴδιον
531 5200 689 5269 σῶμα
733 5201 902 5270 λέγει,
955 5203 1106 5256 οὐδὲν
1153 5206 1408 5262 κωλύσει.
1471 5209 1637 5279 Φησὶν
1692 5206 1741 5262 οἰ

2013 5201 2232 5262 trimum
2261 5197 2444 5254 afferri
2477 5196 2706 5261 videret,
2744 5197 2811 5250 iis
2844 5195 3023 5248 verbis
3053 5192 3278 5247 indulsit
3310 5211 3324 5246 :
3359 5191 3511 5260 Quod

247 5287 544 5357 Ἕστηκεν
586 5291 833 5360 ἐδραίως
884 5292 954 5346 ἐν
1003 5293 1080 5358 τῷ
1125 5295 1254 5361 ἰδίῳ
1303 5295 1420 5362 νῷ,
1495 5299 1594 5352 καὶ
1653 5299 1745 5352 τοί

2013 5294 2116 5364 quis
2139 5291 2392 5360 virginem
2411 5305 2564 5342 suam
2590 5288 2705 5341 velit
2727 5289 2766 5340 δ.
2796 5285 2914 5339 Non
2939 5285 3074 5339 dixit
3101 5305 3112 5339 :
3135 5283 3511 5354 Virginitatem

247 5377 473 5446 ὀφείλει
499 5380 750 5450 ποιῆσαι
769 5399 782 5413 ·
816 5382 1085 5452 γαμείτω,
1116 5385 1308 5456 φησίν·
1340 5390 1452 5456 οὐχ
1483 5388 1745 5457 ἁμαρτάν

2017 5399 2117 5438 am.
2159 5381 2346 5452 Neque
2410 5379 2554 5436 enim
2604 5377 2671 5432 de
2711 5377 2933 5449 prOprio
2981 5391 3248 5446 corpore;
3303 5373 3398 5430 sed
3447 5373 3515 5428 de

246 5471 532 5539 Γαμείτω,
558 5473 684 5526 οὐδ’
711 5473 789 5527 ἂν
808 5474 1148 5543 εὐποροὶὶςνά
1167 5496 1178 5509 ·
1208 5480 1321 5546 οὐχ
1343 5478 1684 5547 ἁμαρτάνει.
1719 5482 1744 5532 Ι

2016 5483 2092 5529 tre
2124 5472 2456 5544 virginitatis
2489 5468 2717 5525 custode
2771 5468 3112 5538 loquebatur.
3175 5467 3281 5521 Sed
3317 5465 3364 5520 si
3415 5465 3514 5518 virs

243 5559 334 5616 διὰ
362 5570 542 5631 τοῦτο,
587 5564 832 5620 Δέδεσαι
869 5569 1107 5637 γυναικί
1119 5584 1139 5633 ;
1184 5568 1269 5639 μὴ
1301 5567 1453 5638 ζήτει
1484 5572 1690 5626 λύσιν.
1727 5600 1741 5625 ι

2017 5584 2109 5622 rem
2138 5582 2292 5620 suam
2323 5563 2602 5636 proprium
2649 5575 2850 5632 corpus
2879 5560 3150 5633 appellare
3195 5559 3515 5626 dixerimus,

319 5681 338 5712 ¹
458 5682 579 5752 ἥτις
610 5701 811 5752 σφραγ.
893 5687 913 5716 ²
955 5686 1082 5741 Cor.
1140 5680 1201 5740 οὗ
1243 5688 1287 5741 δ’
1315 5688 1380 5742 ἂν
1408 5689 1688 5762 εὐποροίη.

249 5749 315 5802 σι
345 5754 474 5806 (ιον.
509 5769 606 5818 vn,
639 5755 705 5808 56
761 5772 882 5824 sqq.

1999 5704 2050 5758 p.
2087 5704 2156 5753 tv,
2187 5685 2274 5738 2'2.
2355 5685 2375 5717 ⁸
2407 5682 2426 5737 1
2459 5680 2585 5736 Cor.
2629 5695 2728 5742 vn,
2782 5679 2869 5733 56.
2949 5679 2968 5710 ⁸
2998 5676 3156 5733 Rom.
3188 5693 3270 5746 ιιι,
3294 5675 3387 5743 ‘25,
3422 5673 3497 5732 24
