  <div class='ocr_page' id='page_1' title='image "/cluster/home/n/w/nwhite01/storage/ocr_20150623/41/mdp.39015008169818/545.png"; bbox 0 0 3794 6158; ppageno 0'>
   <div class='ocr_carea' id='block_1_1' title="bbox 281 284 1894 345">
    <p class='ocr_par' dir='ltr' id='par_1_1' title="bbox 281 285 1894 343">
     <span class='ocr_line' id='line_1_1' title="bbox 281 285 1894 343; baseline 0.001 -2"><span class='ocrx_word' id='word_1_1' title='bbox 281 286 416 343; x_wconf 68' lang='grc'><strong>1047</strong></span> <span class='ocrx_word' id='word_1_2' title='bbox 972 285 1005 333; x_wconf 85' lang='grc'>.’</span> <span class='ocrx_word' id='word_1_3' title='bbox 1040 288 1051 296; x_wconf 91' lang='grc'><em>’</em></span> <span class='ocrx_word' id='word_1_4' title='bbox 1088 286 1098 331; x_wconf 79' lang='grc' dir='ltr'><strong><em>ῖ</em></strong></span> <span class='ocrx_word' id='word_1_5' title='bbox 1408 328 1413 333; x_wconf 62' lang='grc' dir='ltr'><em>η</em></span> <span class='ocrx_word' id='word_1_6' title='bbox 1689 285 1746 343; x_wconf 88' lang='lat' dir='ltr'><strong><em>S.</em></strong></span> <span class='ocrx_word' id='word_1_7' title='bbox 1788 286 1894 343; x_wconf 85' lang='lat' dir='ltr'><strong><em>EPl</em></strong></span> 
     </span>
    </p>
   </div>
   <div class='ocr_carea' id='block_1_2' title="bbox 2060 284 3561 345">
    <p class='ocr_par' dir='ltr' id='par_1_2' title="bbox 2060 284 3561 345">
     <span class='ocr_line' id='line_1_2' title="bbox 2060 284 3561 345; baseline -0.001 -2"><span class='ocrx_word' id='word_1_8' title='bbox 2060 287 2125 345; x_wconf 73' lang='grc'><strong><em>111</em></strong></span> <span class='ocrx_word' id='word_1_9' title='bbox 3405 284 3561 342; x_wconf 68' lang='grc'><strong>11118</strong></span> 
     </span>
    </p>
   </div>
   <div class='ocr_carea' id='block_1_3' title="bbox 275 393 1894 475">
    <p class='ocr_par' dir='ltr' id='par_1_3' title="bbox 275 396 1862 472">
     <span class='ocr_line' id='line_1_3' title="bbox 275 396 1862 472; baseline 0.001 -19"><span class='ocrx_word' id='word_1_10' title='bbox 275 397 416 453; x_wconf 88' lang='lat' dir='ltr'><strong><em>nihil</em></strong></span> <span class='ocrx_word' id='word_1_11' title='bbox 442 396 734 454; x_wconf 84' lang='lat' dir='ltr'><strong>admodum</strong></span> <span class='ocrx_word' id='word_1_12' title='bbox 769 399 929 456; x_wconf 87' lang='lat' dir='ltr'><strong><em>nobis</em></strong></span> <span class='ocrx_word' id='word_1_13' title='bbox 956 400 1182 457; x_wconf 87' lang='lat' dir='ltr'><strong><em>obstare</em></strong></span> <span class='ocrx_word' id='word_1_14' title='bbox 1204 408 1406 472; x_wconf 78' lang='lat' dir='ltr'><strong><em>potest.</em></strong></span> <span class='ocrx_word' id='word_1_15' title='bbox 1441 398 1627 471; x_wconf 80' lang='lat' dir='ltr'><strong><em>Pergit</em></strong></span> <span class='ocrx_word' id='word_1_16' title='bbox 1655 414 1822 470; x_wconf 89' lang='lat' dir='ltr'><strong><em>porro</em></strong></span> <span class='ocrx_word' id='word_1_17' title='bbox 1848 420 1862 455; x_wconf 92' lang='lat'><strong>:</strong></span> 
     </span>
    </p>
   </div>
   <div class='ocr_carea' id='block_1_4' title="bbox 2060 393 3605 475">
    <p class='ocr_par' dir='ltr' id='par_1_4' title="bbox 2060 393 3605 475">
     <span class='ocr_line' id='line_1_4' title="bbox 2060 393 3605 475; baseline -0.006 -19"><span class='ocrx_word' id='word_1_18' title='bbox 2060 413 2154 456; x_wconf 76' lang='grc' dir='ltr'><strong><em>σαι</em></strong></span> <span class='ocrx_word' id='word_1_19' title='bbox 2172 401 2294 457; x_wconf 77' lang='grc' dir='ltr'>ἀπὸ</span> <span class='ocrx_word' id='word_1_20' title='bbox 2320 401 2639 473; x_wconf 70' lang='grc' dir='ltr'>γυναικός-ς</span> <span class='ocrx_word' id='word_1_21' title='bbox 2663 398 2750 469; x_wconf 76' lang='grc' dir='ltr'><strong><em>μὴ</em></strong></span> <span class='ocrx_word' id='word_1_22' title='bbox 2774 396 2928 465; x_wconf 76' lang='grc' dir='ltr'>ζήτει</span> <span class='ocrx_word' id='word_1_23' title='bbox 2949 394 3230 467; x_wconf 72' lang='grc' dir='ltr'>γυναῖκα.</span> <span class='ocrx_word' id='word_1_24' title='bbox 3262 394 3328 448; x_wconf 90' lang='lat'><strong>&#39;0</strong></span> <span class='ocrx_word' id='word_1_25' title='bbox 3354 393 3563 460; x_wconf 77' lang='grc' dir='ltr'>λέγων,</span> <span class='ocrx_word' id='word_1_26' title='bbox 3596 430 3605 475; x_wconf 60' lang='grc' dir='ltr'>ε</span> 
     </span>
    </p>
   </div>
   <div class='ocr_carea' id='block_1_5' title="bbox 273 486 1894 562">
    <p class='ocr_par' dir='ltr' id='par_1_5' title="bbox 273 489 1860 562">
     <span class='ocr_line' id='line_1_5' title="bbox 273 489 1860 562; baseline 0.001 -18"><span class='ocrx_word' id='word_1_27' title='bbox 273 489 397 544; x_wconf 88' lang='lat' dir='ltr'><strong><em>Stat</em></strong></span> <span class='ocrx_word' id='word_1_28' title='bbox 424 490 650 558; x_wconf 84' lang='lat' dir='ltr'><strong><em>ﬁrmiter</em></strong></span> <span class='ocrx_word' id='word_1_29' title='bbox 676 490 735 545; x_wconf 87' lang='lat' dir='ltr'><strong><em>in</em></strong></span> <span class='ocrx_word' id='word_1_30' title='bbox 771 492 948 545; x_wconf 88' lang='lat' dir='ltr'><strong><em>animo</em></strong></span> <span class='ocrx_word' id='word_1_31' title='bbox 983 508 1080 546; x_wconf 90' lang='lat' dir='ltr'><strong><em>suo</em></strong></span> <span class='ocrx_word' id='word_1_32' title='bbox 1113 492 1287 547; x_wconf 77' lang='lat' dir='ltr'><strong><em>ethoc</em></strong></span> <span class='ocrx_word' id='word_1_33' title='bbox 1320 492 1468 547; x_wconf 81' lang='lat' dir='ltr'><strong><em>debet</em></strong></span> <span class='ocrx_word' id='word_1_34' title='bbox 1507 493 1717 562; x_wconf 82' lang='lat' dir='ltr'><strong><em>facere;</em></strong></span> <span class='ocrx_word' id='word_1_35' title='bbox 1760 507 1860 545; x_wconf 74' lang='lat' dir='ltr'><strong><em>nu-</em></strong></span> 
     </span>
    </p>
   </div>
   <div class='ocr_carea' id='block_1_6' title="bbox 2060 486 3573 562">
    <p class='ocr_par' dir='ltr' id='par_1_6' title="bbox 2060 486 3573 560">
     <span class='ocr_line' id='line_1_6' title="bbox 2060 486 3573 560; baseline -0.006 -14"><span class='ocrx_word' id='word_1_36' title='bbox 2060 495 2139 546; x_wconf 71' lang='grc' dir='ltr'><strong><em>ιω</em></strong></span> <span class='ocrx_word' id='word_1_37' title='bbox 2162 491 2396 560; x_wconf 80' lang='grc' dir='ltr'><em>πάντας</em></span> <span class='ocrx_word' id='word_1_38' title='bbox 2438 487 2589 547; x_wconf 81' lang='grc' dir='ltr'>εἶναι</span> <span class='ocrx_word' id='word_1_39' title='bbox 2613 491 2695 558; x_wconf 81' lang='grc' dir='ltr'>ὡς</span> <span class='ocrx_word' id='word_1_40' title='bbox 2734 489 3015 560; x_wconf 81' lang='grc' dir='ltr'>ἐμαυτὸν,</span> <span class='ocrx_word' id='word_1_41' title='bbox 3055 486 3241 556; x_wconf 74' lang='grc' dir='ltr'>ἔλεγεν</span> <span class='ocrx_word' id='word_1_42' title='bbox 3262 503 3276 517; x_wconf 93' lang='grc'><strong>·</strong></span> <span class='ocrx_word' id='word_1_43' title='bbox 3343 486 3419 539; x_wconf 81' lang='lat' dir='ltr'><strong><em>El</em></strong></span> <span class='ocrx_word' id='word_1_44' title='bbox 3448 486 3573 539; x_wconf 69' lang='grc' dir='ltr'><strong><em>οὐκ</em></strong></span> 
     </span>
    </p>
   </div>
   <div class='ocr_carea' id='block_1_7' title="bbox 277 579 1894 656">
    <p class='ocr_par' dir='ltr' id='par_1_7' title="bbox 277 579 1868 653">
     <span class='ocr_line' id='line_1_7' title="bbox 277 579 1868 653; baseline 0.004 -24"><span class='ocrx_word' id='word_1_45' title='bbox 277 579 390 653; x_wconf 76' lang='lat' dir='ltr'><strong><em>bat,</em></strong></span> <span class='ocrx_word' id='word_1_46' title='bbox 430 579 607 650; x_wconf 91' lang='lat' dir='ltr'><strong><em>inquit</em></strong></span> <span class='ocrx_word' id='word_1_47' title='bbox 639 595 651 631; x_wconf 88' lang='lat'><strong>:</strong></span> <span class='ocrx_word' id='word_1_48' title='bbox 687 596 791 635; x_wconf 83' lang='lat' dir='ltr'><strong><em>non</em></strong></span> <span class='ocrx_word' id='word_1_49' title='bbox 810 590 1010 649; x_wconf 87' lang='lat' dir='ltr'><strong><em>peccat.</em></strong></span> <span class='ocrx_word' id='word_1_50' title='bbox 1051 581 1237 636; x_wconf 89' lang='lat' dir='ltr'><strong><em>Nubat</em></strong></span> <span class='ocrx_word' id='word_1_51' title='bbox 1263 583 1312 637; x_wconf 91' lang='lat' dir='ltr'><strong><em>ei</em></strong></span> <span class='ocrx_word' id='word_1_52' title='bbox 1331 599 1686 653; x_wconf 81' lang='lat' dir='ltr'><strong><em>quemcunque</em></strong></span> <span class='ocrx_word' id='word_1_53' title='bbox 1707 592 1868 637; x_wconf 87' lang='lat' dir='ltr'><strong><em>nacta</em></strong></span> 
     </span>
    </p>
   </div>
   <div class='ocr_carea' id='block_1_8' title="bbox 2060 579 2959 656">
    <p class='ocr_par' dir='ltr' id='par_1_8' title="bbox 2060 583 2959 656">
     <span class='ocr_line' id='line_1_8' title="bbox 2060 583 2959 656; baseline -0.003 -18"><span class='ocrx_word' id='word_1_54' title='bbox 2060 586 2451 653; x_wconf 80' lang='grc' dir='ltr'>ιρατεύονται,</span> <span class='ocrx_word' id='word_1_55' title='bbox 2493 583 2959 656; x_wconf 58' lang='grc' dir='ltr'>γαμησάτωσαν.</span> 
     </span>
    </p>
   </div>
   <div class='ocr_carea' id='block_1_9' title="bbox 273 670 3577 751">
    <p class='ocr_par' dir='ltr' id='par_1_9' title="bbox 273 670 3577 751">
     <span class='ocr_line' id='line_1_9' title="bbox 273 670 3577 751; baseline 0 -26"><span class='ocrx_word' id='word_1_56' title='bbox 273 673 434 741; x_wconf 75' lang='lat' dir='ltr'><strong><em>fuerit</em></strong></span> <span class='ocrx_word' id='word_1_57' title='bbox 465 690 484 728; x_wconf 91' lang='lat'><strong><em>:</em></strong></span> <span class='ocrx_word' id='word_1_58' title='bbox 515 690 618 728; x_wconf 88' lang='lat' dir='ltr'><strong><em>non</em></strong></span> <span class='ocrx_word' id='word_1_59' title='bbox 654 684 853 743; x_wconf 77' lang='lat' dir='ltr'><strong><em>peccat.</em></strong></span> <span class='ocrx_word' id='word_1_60' title='bbox 893 675 1071 746; x_wconf 83' lang='lat' dir='ltr'><strong><em>Atque</em></strong></span> <span class='ocrx_word' id='word_1_61' title='bbox 1096 675 1331 741; x_wconf 87' lang='lat' dir='ltr'><strong><em>idcirco,</em></strong></span> <span class='ocrx_word' id='word_1_62' title='bbox 1362 677 1627 747; x_wconf 84' lang='lat' dir='ltr'><strong><em>Alligatus</em></strong></span> <span class='ocrx_word' id='word_1_63' title='bbox 1665 676 1948 733; x_wconf 74' lang='lat' dir='ltr'><strong><em>es&#39;uxori?</em></strong></span> <span class='ocrx_word' id='word_1_64' title='bbox 1982 679 2093 734; x_wconf 85' lang='lat' dir='ltr'><strong><em>noli</em></strong></span> <span class='ocrx_word' id='word_1_65' title='bbox 2128 696 2359 751; x_wconf 59' lang='lat' dir='ltr'><strong><em>quaerere</em></strong></span> <span class='ocrx_word' id='word_1_66' title='bbox 2377 679 2714 735; x_wconf 75' lang='lat' dir='ltr'><strong><em>solutionem.</em></strong></span> <span class='ocrx_word' id='word_1_67' title='bbox 2757 676 2973 733; x_wconf 83' lang='lat' dir='ltr'><strong><em>Solutus</em></strong></span> <span class='ocrx_word' id='word_1_68' title='bbox 3017 692 3073 731; x_wconf 83' lang='lat' dir='ltr'><strong><em>es</em></strong></span> <span class='ocrx_word' id='word_1_69' title='bbox 3111 674 3177 730; x_wconf 88' lang='lat' dir='ltr'><strong><em>ab</em></strong></span> <span class='ocrx_word' id='word_1_70' title='bbox 3214 675 3426 729; x_wconf 67' lang='lat' dir='ltr'><strong><em>uxore!</em></strong></span> <span class='ocrx_word' id='word_1_71' title='bbox 3454 670 3577 725; x_wconf 68' lang='lat' dir='ltr'><strong><em>noti</em></strong></span> 
     </span>
    </p>
   </div>
   <div class='ocr_carea' id='block_1_10' title="bbox 272 769 3571 850">
    <p class='ocr_par' dir='ltr' id='par_1_10' title="bbox 272 769 3571 850">
     <span class='ocr_line' id='line_1_10' title="bbox 272 769 3571 850; baseline 0.003 -31"><span class='ocrx_word' id='word_1_72' title='bbox 272 783 509 838; x_wconf 65' lang='lat' dir='ltr'><strong><em>quamne</em></strong></span> <span class='ocrx_word' id='word_1_73' title='bbox 545 784 784 825; x_wconf 76' lang='lat' dir='ltr'><strong><em>uxorem.</em></strong></span> <span class='ocrx_word' id='word_1_74' title='bbox 810 770 988 841; x_wconf 83' lang='lat' dir='ltr'><strong><em>Atque</em></strong></span> <span class='ocrx_word' id='word_1_75' title='bbox 1018 772 1109 828; x_wconf 87' lang='lat' dir='ltr'><strong><em>ille</em></strong></span> <span class='ocrx_word' id='word_1_76' title='bbox 1136 773 1228 844; x_wconf 84' lang='lat' dir='ltr'><strong><em>qui</em></strong></span> <span class='ocrx_word' id='word_1_77' title='bbox 1257 773 1395 829; x_wconf 76' lang='lat' dir='ltr'><strong><em>dixit</em></strong></span> <span class='ocrx_word' id='word_1_78' title='bbox 1423 792 1439 828; x_wconf 90' lang='lat'><strong>:</strong></span> <span class='ocrx_word' id='word_1_79' title='bbox 1477 773 1607 831; x_wconf 80' lang='lat' dir='ltr'><strong><em>Volo</em></strong></span> <span class='ocrx_word' id='word_1_80' title='bbox 1645 791 1825 830; x_wconf 84' lang='lat' dir='ltr'><strong><em>omnes</em></strong></span> <span class='ocrx_word' id='word_1_81' title='bbox 1860 793 1973 833; x_wconf 87' lang='lat' dir='ltr'><strong><em>esse</em></strong></span> <span class='ocrx_word' id='word_1_82' title='bbox 2010 780 2148 834; x_wconf 85' lang='lat' dir='ltr'><strong><em>sicut</em></strong></span> <span class='ocrx_word' id='word_1_83' title='bbox 2185 779 2479 850; x_wconf 81' lang='lat' dir='ltr'><strong><em>meipsum;</em></strong></span> <span class='ocrx_word' id='word_1_84' title='bbox 2521 777 2655 833; x_wconf 88' lang='lat' dir='ltr'><strong><em>illud</em></strong></span> <span class='ocrx_word' id='word_1_85' title='bbox 2684 791 2795 831; x_wconf 81' lang='lat' dir='ltr'><strong><em>una</em></strong></span> <span class='ocrx_word' id='word_1_86' title='bbox 2819 775 2959 832; x_wconf 82' lang='lat' dir='ltr'><strong><em>dixit</em></strong></span> <span class='ocrx_word' id='word_1_87' title='bbox 2988 793 3003 829; x_wconf 88' lang='lat'><strong>:</strong></span> <span class='ocrx_word' id='word_1_88' title='bbox 3038 772 3101 830; x_wconf 89' lang='lat' dir='ltr'><strong><em>Si</em></strong></span> <span class='ocrx_word' id='word_1_89' title='bbox 3124 787 3230 828; x_wconf 87' lang='lat' dir='ltr'><strong><em>non</em></strong></span> <span class='ocrx_word' id='word_1_90' title='bbox 3265 769 3571 828; x_wconf 66' lang='lat' dir='ltr'><strong><em>continent.</em></strong></span> 
     </span>
    </p>
   </div>
   <div class='ocr_carea' id='block_1_11' title="bbox 276 859 499 912">
    <p class='ocr_par' dir='ltr' id='par_1_11' title="bbox 276 859 499 912">
     <span class='ocr_line' id='line_1_11' title="bbox 276 859 499 912; baseline 0.009 -2"><span class='ocrx_word' id='word_1_91' title='bbox 276 859 499 912; x_wconf 83' lang='lat' dir='ltr'><strong><em>nubant.</em></strong></span> 
     </span>
    </p>
   </div>
   <div class='ocr_carea' id='block_1_12' title="bbox 354 945 1894 1027">
    <p class='ocr_par' dir='ltr' id='par_1_12' title="bbox 354 947 1868 1027">
     <span class='ocr_line' id='line_1_12' title="bbox 354 947 1868 1027; baseline 0.011 -30"><span class='ocrx_word' id='word_1_92' title='bbox 354 947 442 1003; x_wconf 74' lang='lat' dir='ltr'><strong><em>Vl.</em></strong></span> <span class='ocrx_word' id='word_1_93' title='bbox 481 949 752 1007; x_wconf 61' lang='lat' dir='ltr'><strong><em>Praeterea</em></strong></span> <span class='ocrx_word' id='word_1_94' title='bbox 783 969 908 1009; x_wconf 90' lang='lat' dir='ltr'><strong><em>cum</em></strong></span> <span class='ocrx_word' id='word_1_95' title='bbox 936 954 1184 1026; x_wconf 77' lang='lat' dir='ltr'><strong><em>innuptis</em></strong></span> <span class='ocrx_word' id='word_1_96' title='bbox 1210 964 1477 1027; x_wconf 78' lang='lat' dir='ltr'><strong><em>prtecepta</em></strong></span> <span class='ocrx_word' id='word_1_97' title='bbox 1508 957 1662 1013; x_wconf 89' lang='lat' dir='ltr'><strong><em>daret</em></strong></span> <span class='ocrx_word' id='word_1_98' title='bbox 1688 976 1701 1013; x_wconf 92' lang='lat'>:</span> <span class='ocrx_word' id='word_1_99' title='bbox 1740 957 1868 1013; x_wconf 89' lang='lat' dir='ltr'><strong><em>Dico</em></strong></span> 
     </span>
    </p>
   </div>
   <div class='ocr_carea' id='block_1_13' title="bbox 2060 945 3575 1027">
    <p class='ocr_par' dir='ltr' id='par_1_13' title="bbox 2060 945 3575 1024">
     <span class='ocr_line' id='line_1_13' title="bbox 2060 945 3575 1024; baseline -0.024 -15"><span class='ocrx_word' id='word_1_100' title='bbox 2060 956 2130 1022; x_wconf 58' lang='grc' dir='ltr'>Γ.</span> <span class='ocrx_word' id='word_1_101' title='bbox 2168 949 2339 1008; x_wconf 78' lang='grc' dir='ltr'>Πάλιν</span> <span class='ocrx_word' id='word_1_102' title='bbox 2362 952 2420 1006; x_wconf 85' lang='grc' dir='ltr'><strong><em>δὲ</em></strong></span> <span class='ocrx_word' id='word_1_103' title='bbox 2445 945 2887 1024; x_wconf 84' lang='grc' dir='ltr'>προτρεπόμενος</span> <span class='ocrx_word' id='word_1_104' title='bbox 2916 948 3043 1012; x_wconf 74' lang='grc' dir='ltr'>τοὺς</span> <span class='ocrx_word' id='word_1_105' title='bbox 3058 946 3273 1018; x_wconf 75' lang='grc' dir='ltr'><strong><em>γάμους</em></strong></span> <span class='ocrx_word' id='word_1_106' title='bbox 3289 949 3338 1014; x_wconf 63' lang='lat' dir='ltr'><strong><em>s,</em></strong></span> <span class='ocrx_word' id='word_1_107' title='bbox 3374 947 3541 1019; x_wconf 59' lang='grc' dir='ltr'><strong><em>ἔλεγε</em></strong></span> <span class='ocrx_word' id='word_1_108' title='bbox 3558 967 3575 980; x_wconf 89' lang='grc'><strong><em>,</em></strong></span> 
     </span>
    </p>
   </div>
   <div class='ocr_carea' id='block_1_14' title="bbox 284 1037 1894 1118">
    <p class='ocr_par' dir='ltr' id='par_1_14' title="bbox 284 1042 1865 1118">
     <span class='ocr_line' id='line_1_14' title="bbox 284 1042 1865 1118; baseline 0.008 -27"><span class='ocrx_word' id='word_1_109' title='bbox 284 1048 483 1107; x_wconf 86' lang='lat' dir='ltr'><strong><em>autem,</em></strong></span> <span class='ocrx_word' id='word_1_110' title='bbox 522 1042 719 1110; x_wconf 89' lang='lat' dir='ltr'><strong><em>inquit,</em></strong></span> <span class='ocrx_word' id='word_1_111' title='bbox 766 1043 999 1113; x_wconf 79' lang='lat' dir='ltr'><strong><em>innuptis</em></strong></span> <span class='ocrx_word' id='word_1_112' title='bbox 1040 1055 1088 1099; x_wconf 87' lang='lat' dir='ltr'><strong><em>et</em></strong></span> <span class='ocrx_word' id='word_1_113' title='bbox 1123 1045 1315 1113; x_wconf 78' lang='lat' dir='ltr'><strong><em>viduis,</em></strong></span> <span class='ocrx_word' id='word_1_114' title='bbox 1361 1047 1554 1102; x_wconf 89' lang='lat' dir='ltr'><strong><em>bonum</em></strong></span> <span class='ocrx_word' id='word_1_115' title='bbox 1598 1058 1674 1103; x_wconf 89' lang='lat' dir='ltr'><strong><em>est</em></strong></span> <span class='ocrx_word' id='word_1_116' title='bbox 1713 1049 1865 1118; x_wconf 82' lang='lat' dir='ltr'><strong><em>ipsis,</em></strong></span> 
     </span>
    </p>
   </div>
   <div class='ocr_carea' id='block_1_15' title="bbox 2060 1037 3581 1118">
    <p class='ocr_par' dir='ltr' id='par_1_15' title="bbox 2060 1037 3581 1115">
     <span class='ocr_line' id='line_1_15' title="bbox 2060 1037 3581 1115; baseline -0.003 -17"><span class='ocrx_word' id='word_1_117' title='bbox 2060 1060 2132 1115; x_wconf 71' lang='lat' dir='ltr'><strong><em>ra)</em></strong></span> <span class='ocrx_word' id='word_1_118' title='bbox 2178 1042 2248 1098; x_wconf 80' lang='grc' dir='ltr'>δέ</span> <span class='ocrx_word' id='word_1_119' title='bbox 2292 1042 2419 1108; x_wconf 85' lang='grc' dir='ltr'>τοῖς</span> <span class='ocrx_word' id='word_1_120' title='bbox 2449 1041 2723 1112; x_wconf 77' lang='grc' dir='ltr'><strong><em>ἀγάμοις,</em></strong></span> <span class='ocrx_word' id='word_1_121' title='bbox 2776 1040 2877 1094; x_wconf 80' lang='grc' dir='ltr'><strong><em>καὶ</em></strong></span> <span class='ocrx_word' id='word_1_122' title='bbox 2913 1039 3046 1106; x_wconf 83' lang='grc' dir='ltr'>ταῖς</span> <span class='ocrx_word' id='word_1_123' title='bbox 3085 1037 3323 1109; x_wconf 72' lang='grc' dir='ltr'>χήραις,</span> <span class='ocrx_word' id='word_1_124' title='bbox 3368 1039 3581 1094; x_wconf 67' lang='grc' dir='ltr'>καλὸν</span> 
     </span>
    </p>
   </div>
   <div class='ocr_carea' id='block_1_16' title="bbox 282 1124 1894 1210">
    <p class='ocr_par' dir='ltr' id='par_1_16' title="bbox 282 1133 1865 1210">
     <span class='ocr_line' id='line_1_16' title="bbox 282 1133 1865 1210; baseline 0.008 -25"><span class='ocrx_word' id='word_1_125' title='bbox 282 1133 328 1185; x_wconf 90' lang='lat' dir='ltr'><strong><em>si</em></strong></span> <span class='ocrx_word' id='word_1_126' title='bbox 354 1143 602 1187; x_wconf 82' lang='lat' dir='ltr'><strong><em>maneant</em></strong></span> <span class='ocrx_word' id='word_1_127' title='bbox 628 1145 683 1186; x_wconf 91' lang='lat' dir='ltr'><strong><em>ut</em></strong></span> <span class='ocrx_word' id='word_1_128' title='bbox 705 1151 820 1205; x_wconf 87' lang='lat' dir='ltr'><strong><em>ego.</em></strong></span> <span class='ocrx_word' id='word_1_129' title='bbox 844 1135 1128 1202; x_wconf 85' lang='lat' dir='ltr'><strong><em>Quomodo</em></strong></span> <span class='ocrx_word' id='word_1_130' title='bbox 1157 1138 1325 1208; x_wconf 82' lang='lat' dir='ltr'><strong><em>igitur</em></strong></span> <span class='ocrx_word' id='word_1_131' title='bbox 1358 1140 1505 1195; x_wconf 87' lang='lat' dir='ltr'><strong><em>istud</em></strong></span> <span class='ocrx_word' id='word_1_132' title='bbox 1536 1142 1824 1210; x_wconf 84' lang='lat' dir='ltr'><strong><em>usurpavit</em></strong></span> <span class='ocrx_word' id='word_1_133' title='bbox 1850 1161 1865 1197; x_wconf 87' lang='lat'><strong>:</strong></span> 
     </span>
    </p>
   </div>
   <div class='ocr_carea' id='block_1_17' title="bbox 2060 1124 3582 1210">
    <p class='ocr_par' dir='ltr' id='par_1_17' title="bbox 2060 1124 3582 1204">
     <span class='ocr_line' id='line_1_17' title="bbox 2060 1124 3582 1204; baseline -0.005 -15"><span class='ocrx_word' id='word_1_134' title='bbox 2060 1135 2190 1204; x_wconf 62' lang='grc' dir='ltr'>τοῖς,</span> <span class='ocrx_word' id='word_1_135' title='bbox 2241 1133 2350 1188; x_wconf 79' lang='grc' dir='ltr'><strong><em>ἐὰν</em></strong></span> <span class='ocrx_word' id='word_1_136' title='bbox 2381 1134 2677 1204; x_wconf 80' lang='grc' dir='ltr'><strong><em>μείνωσιν</em></strong></span> <span class='ocrx_word' id='word_1_137' title='bbox 2715 1132 2797 1198; x_wconf 86' lang='grc' dir='ltr'>ὼς</span> <span class='ocrx_word' id='word_1_138' title='bbox 2848 1128 3030 1200; x_wconf 81' lang='grc' dir='ltr'>κάγώ.</span> <span class='ocrx_word' id='word_1_139' title='bbox 3077 1129 3205 1194; x_wconf 87' lang='grc' dir='ltr'>Πῶς</span> <span class='ocrx_word' id='word_1_140' title='bbox 3244 1124 3346 1183; x_wconf 73' lang='grc' dir='ltr'>οὖν</span> <span class='ocrx_word' id='word_1_141' title='bbox 3400 1129 3582 1184; x_wconf 75' lang='grc' dir='ltr'>πάλιν</span> 
     </span>
    </p>
   </div>
   <div class='ocr_carea' id='block_1_18' title="bbox 279 1221 1894 1296">
    <p class='ocr_par' dir='ltr' id='par_1_18' title="bbox 279 1221 1868 1296">
     <span class='ocr_line' id='line_1_18' title="bbox 279 1221 1868 1296; baseline 0.009 -23"><span class='ocrx_word' id='word_1_142' title='bbox 279 1221 551 1292; x_wconf 78' lang='lat' dir='ltr'><strong><em>Alligatus</em></strong></span> <span class='ocrx_word' id='word_1_143' title='bbox 576 1240 629 1278; x_wconf 86' lang='lat' dir='ltr'><strong><em>es</em></strong></span> <span class='ocrx_word' id='word_1_144' title='bbox 661 1225 865 1296; x_wconf 78' lang='lat' dir='ltr'><strong><em>uxori?</em></strong></span> <span class='ocrx_word' id='word_1_145' title='bbox 884 1227 992 1279; x_wconf 89' lang='lat' dir='ltr'><strong><em>noli</em></strong></span> <span class='ocrx_word' id='word_1_146' title='bbox 1016 1243 1250 1294; x_wconf 66' lang='lat' dir='ltr'><strong><em>querere</em></strong></span> <span class='ocrx_word' id='word_1_147' title='bbox 1279 1230 1637 1286; x_wconf 84' lang='lat' dir='ltr'><strong><em>solutionem?</em></strong></span> <span class='ocrx_word' id='word_1_148' title='bbox 1677 1229 1868 1288; x_wconf 84' lang='lat' dir='ltr'><strong><em>Nonne</em></strong></span> 
     </span>
    </p>
   </div>
   <div class='ocr_carea' id='block_1_19' title="bbox 2060 1221 3584 1296">
    <p class='ocr_par' dir='ltr' id='par_1_19' title="bbox 2060 1222 3584 1296">
     <span class='ocr_line' id='line_1_19' title="bbox 2060 1222 3584 1296; baseline -0.002 -17"><span class='ocrx_word' id='word_1_149' title='bbox 2060 1244 2154 1296; x_wconf 87' lang='grc' dir='ltr'>γε;</span> <span class='ocrx_word' id='word_1_150' title='bbox 2197 1227 2445 1281; x_wconf 84' lang='grc' dir='ltr'>Δέδεσαι</span> <span class='ocrx_word' id='word_1_151' title='bbox 2473 1224 2717 1294; x_wconf 72' lang='grc' dir='ltr'>γυναικί</span> <span class='ocrx_word' id='word_1_152' title='bbox 2726 1240 2746 1290; x_wconf 87' lang='grc'><strong><em>;</em></strong></span> <span class='ocrx_word' id='word_1_153' title='bbox 2774 1224 2862 1294; x_wconf 79' lang='grc' dir='ltr'>μὴ</span> <span class='ocrx_word' id='word_1_154' title='bbox 2894 1222 3049 1292; x_wconf 72' lang='grc' dir='ltr'>ζήτει</span> <span class='ocrx_word' id='word_1_155' title='bbox 3072 1224 3261 1277; x_wconf 67' lang='grc' dir='ltr'>λύσιν</span> <span class='ocrx_word' id='word_1_156' title='bbox 3279 1240 3300 1289; x_wconf 90' lang='grc'><strong><em>;</em></strong></span> <span class='ocrx_word' id='word_1_157' title='bbox 3349 1224 3423 1277; x_wconf 88' lang='grc' dir='ltr'><strong>Ἦ</strong></span> <span class='ocrx_word' id='word_1_158' title='bbox 3450 1223 3584 1288; x_wconf 71' lang='grc' dir='ltr'><strong><em>πῶς</em></strong></span> 
     </span>
    </p>
   </div>
   <div class='ocr_carea' id='block_1_20' title="bbox 284 1294 1894 1391">
    <p class='ocr_par' dir='ltr' id='par_1_20' title="bbox 284 1294 1871 1391">
     <span class='ocr_line' id='line_1_20' title="bbox 284 1294 1871 1391; baseline 0.006 -24"><span class='ocrx_word' id='word_1_159' title='bbox 284 1315 621 1369; x_wconf 73' lang='lat' dir='ltr'><strong><em>contrariam</em></strong></span> <span class='ocrx_word' id='word_1_160' title='bbox 667 1294 879 1371; x_wconf 83' lang='lat' dir='ltr'><strong><em>Domini</em></strong></span> <span class='ocrx_word' id='word_1_161' title='bbox 918 1317 1005 1373; x_wconf 89' lang='lat' dir='ltr'><strong><em>sui</em></strong></span> <span class='ocrx_word' id='word_1_162' title='bbox 1038 1317 1258 1375; x_wconf 87' lang='lat' dir='ltr'><strong><em>decreto</em></strong></span> <span class='ocrx_word' id='word_1_163' title='bbox 1303 1321 1472 1391; x_wconf 80' lang='lat' dir='ltr'><strong><em>legem</em></strong></span> <span class='ocrx_word' id='word_1_164' title='bbox 1522 1331 1764 1378; x_wconf 81' lang='lat' dir='ltr'><strong><em>statuere</em></strong></span> <span class='ocrx_word' id='word_1_165' title='bbox 1793 1322 1871 1376; x_wconf 88' lang='lat' dir='ltr'><strong><em>vi-</em></strong></span> 
     </span>
    </p>
   </div>
   <div class='ocr_carea' id='block_1_21' title="bbox 2060 1294 3587 1391">
    <p class='ocr_par' dir='ltr' id='par_1_21' title="bbox 2060 1294 3587 1390">
     <span class='ocr_line' id='line_1_21' title="bbox 2060 1294 3587 1390; baseline -0.003 -18"><span class='ocrx_word' id='word_1_166' title='bbox 2060 1294 2074 1372; x_wconf 66' lang='grc' dir='ltr'><strong><em>ι</em></strong></span> <span class='ocrx_word' id='word_1_167' title='bbox 2120 1317 2552 1390; x_wconf 82' lang='grc' dir='ltr'><strong><em>ἀντινομοθετῶν</em></strong></span> <span class='ocrx_word' id='word_1_168' title='bbox 2598 1317 2954 1390; x_wconf 81' lang='grc' dir='ltr'><strong><em>εὑρεθήσεται</em></strong></span> <span class='ocrx_word' id='word_1_169' title='bbox 3000 1315 3080 1387; x_wconf 84' lang='grc' dir='ltr'>τῷ</span> <span class='ocrx_word' id='word_1_170' title='bbox 3114 1316 3229 1387; x_wconf 79' lang='grc' dir='ltr'>ἰδίῳ</span> <span class='ocrx_word' id='word_1_171' title='bbox 3259 1316 3461 1387; x_wconf 83' lang='grc' dir='ltr'>Κυρίῳ</span> <span class='ocrx_word' id='word_1_172' title='bbox 3496 1315 3587 1386; x_wconf 74' lang='grc' dir='ltr'>τῷ</span> 
     </span>
    </p>
   </div>
   <div class='ocr_carea' id='block_1_22' title="bbox 282 1406 1894 1486">
    <p class='ocr_par' dir='ltr' id='par_1_22' title="bbox 282 1408 1866 1486">
     <span class='ocr_line' id='line_1_22' title="bbox 282 1408 1866 1486; baseline 0.006 -27"><span class='ocrx_word' id='word_1_173' title='bbox 282 1409 461 1473; x_wconf 86' lang='lat' dir='ltr'><strong><em>detur,</em></strong></span> <span class='ocrx_word' id='word_1_174' title='bbox 496 1409 588 1478; x_wconf 91' lang='lat' dir='ltr'><strong><em>qui</em></strong></span> <span class='ocrx_word' id='word_1_175' title='bbox 620 1408 691 1461; x_wconf 90' lang='lat' dir='ltr'><strong><em>ita</em></strong></span> <span class='ocrx_word' id='word_1_176' title='bbox 723 1411 1103 1478; x_wconf 85' lang='lat' dir='ltr'><strong><em>pronuntiaret</em></strong></span> <span class='ocrx_word' id='word_1_177' title='bbox 1132 1430 1155 1466; x_wconf 75' lang='grc' dir='ltr'><strong><em>τ</em></strong></span> <span class='ocrx_word' id='word_1_178' title='bbox 1194 1411 1299 1477; x_wconf 87' lang='lat' dir='ltr'><strong><em>Qui</em></strong></span> <span class='ocrx_word' id='word_1_179' title='bbox 1336 1429 1438 1467; x_wconf 86' lang='lat' dir='ltr'><strong><em>non</em></strong></span> <span class='ocrx_word' id='word_1_180' title='bbox 1489 1415 1742 1486; x_wconf 76' lang='lat' dir='ltr'><strong><em>relinqui:</em></strong></span> <span class='ocrx_word' id='word_1_181' title='bbox 1767 1430 1866 1484; x_wconf 81' lang='lat' dir='ltr'><strong><em>pa-</em></strong></span> 
     </span>
    </p>
   </div>
   <div class='ocr_carea' id='block_1_23' title="bbox 2060 1406 3580 1486">
    <p class='ocr_par' dir='ltr' id='par_1_23' title="bbox 2060 1406 3580 1480">
     <span class='ocr_line' id='line_1_23' title="bbox 2060 1406 3580 1480; baseline -0.003 -17"><span class='ocrx_word' id='word_1_182' title='bbox 2060 1427 2178 1467; x_wconf 81' lang='grc' dir='ltr'>ὀντι</span> <span class='ocrx_word' id='word_1_183' title='bbox 2198 1454 2213 1477; x_wconf 89' lang='grc'><strong><em>,</em></strong></span> <span class='ocrx_word' id='word_1_184' title='bbox 2287 1411 2340 1462; x_wconf 92' lang='lat'><strong><em>&#39;0</em></strong></span> <span class='ocrx_word' id='word_1_185' title='bbox 2374 1409 2461 1480; x_wconf 77' lang='grc' dir='ltr'><strong><em>μὴ</em></strong></span> <span class='ocrx_word' id='word_1_186' title='bbox 2504 1407 2852 1465; x_wconf 71' lang='grc' dir='ltr'>καταλιπὼν</span> <span class='ocrx_word' id='word_1_187' title='bbox 2894 1406 3141 1476; x_wconf 80' lang='grc' dir='ltr'><strong><em>πατέρα,</em></strong></span> <span class='ocrx_word' id='word_1_188' title='bbox 3185 1407 3285 1460; x_wconf 82' lang='grc' dir='ltr'>και</span> <span class='ocrx_word' id='word_1_189' title='bbox 3308 1407 3580 1476; x_wconf 78' lang='grc' dir='ltr'>μητέρα,</span> 
     </span>
    </p>
   </div>
   <div class='ocr_carea' id='block_1_24' title="bbox 284 1498 1894 1576">
    <p class='ocr_par' dir='ltr' id='par_1_24' title="bbox 284 1502 1877 1576">
     <span class='ocr_line' id='line_1_24' title="bbox 284 1502 1877 1576; baseline 0.005 -24"><span class='ocrx_word' id='word_1_190' title='bbox 284 1510 436 1564; x_wconf 86' lang='lat' dir='ltr'><strong><em>trem,</em></strong></span> <span class='ocrx_word' id='word_1_191' title='bbox 468 1508 517 1554; x_wconf 91' lang='lat' dir='ltr'><strong><em>et</em></strong></span> <span class='ocrx_word' id='word_1_192' title='bbox 546 1511 789 1567; x_wconf 84' lang='lat' dir='ltr'><strong><em>matrem,</em></strong></span> <span class='ocrx_word' id='word_1_193' title='bbox 826 1511 875 1556; x_wconf 88' lang='lat' dir='ltr'><strong><em>et</em></strong></span> <span class='ocrx_word' id='word_1_194' title='bbox 918 1502 1135 1571; x_wconf 82' lang='lat' dir='ltr'><strong><em>fratres,</em></strong></span> <span class='ocrx_word' id='word_1_195' title='bbox 1169 1515 1218 1559; x_wconf 88' lang='lat' dir='ltr'><strong><em>et</em></strong></span> <span class='ocrx_word' id='word_1_196' title='bbox 1253 1520 1491 1569; x_wconf 78' lang='lat' dir='ltr'><strong><em>uxorem,</em></strong></span> <span class='ocrx_word' id='word_1_197' title='bbox 1532 1515 1585 1560; x_wconf 76' lang='lat' dir='ltr'><strong><em>et</em></strong></span> <span class='ocrx_word' id='word_1_198' title='bbox 1623 1507 1786 1576; x_wconf 80' lang='lat' dir='ltr'><strong><em>ﬁlios,</em></strong></span> <span class='ocrx_word' id='word_1_199' title='bbox 1821 1516 1877 1561; x_wconf 87' lang='lat' dir='ltr'><strong><em>et</em></strong></span> 
     </span>
    </p>
   </div>
   <div class='ocr_carea' id='block_1_25' title="bbox 2060 1498 3582 1576">
    <p class='ocr_par' dir='ltr' id='par_1_25' title="bbox 2060 1498 3582 1573">
     <span class='ocr_line' id='line_1_25' title="bbox 2060 1498 3582 1573; baseline -0.003 -17"><span class='ocrx_word' id='word_1_200' title='bbox 2060 1504 2070 1556; x_wconf 71' lang='grc' dir='ltr'><strong><em>ί</em></strong></span> <span class='ocrx_word' id='word_1_201' title='bbox 2098 1503 2421 1573; x_wconf 72' lang='grc' dir='ltr'>ἀδελφοὺς,</span> <span class='ocrx_word' id='word_1_202' title='bbox 2450 1502 2550 1555; x_wconf 78' lang='grc' dir='ltr'><strong><em>καὶ</em></strong></span> <span class='ocrx_word' id='word_1_203' title='bbox 2582 1499 2861 1571; x_wconf 79' lang='grc' dir='ltr'>γυναῖκα,</span> <span class='ocrx_word' id='word_1_204' title='bbox 2896 1500 2998 1554; x_wconf 76' lang='grc' dir='ltr'><strong><em>καὶ</em></strong></span> <span class='ocrx_word' id='word_1_205' title='bbox 3025 1500 3231 1563; x_wconf 86' lang='grc' dir='ltr'>τέκνα,</span> <span class='ocrx_word' id='word_1_206' title='bbox 3261 1498 3363 1551; x_wconf 74' lang='grc' dir='ltr'><strong><em>καὶ</em></strong></span> <span class='ocrx_word' id='word_1_207' title='bbox 3387 1501 3582 1567; x_wconf 77' lang='grc' dir='ltr'>θυγα-</span> 
     </span>
    </p>
   </div>
   <div class='ocr_carea' id='block_1_26' title="bbox 281 1590 1894 1666">
    <p class='ocr_par' dir='ltr' id='par_1_26' title="bbox 281 1591 1876 1666">
     <span class='ocr_line' id='line_1_26' title="bbox 281 1591 1876 1666; baseline 0.006 -23"><span class='ocrx_word' id='word_1_208' title='bbox 281 1591 444 1660; x_wconf 76' lang='lat' dir='ltr'><strong><em>ﬁlias,</em></strong></span> <span class='ocrx_word' id='word_1_209' title='bbox 487 1608 590 1645; x_wconf 88' lang='lat' dir='ltr'><strong><em>non</em></strong></span> <span class='ocrx_word' id='word_1_210' title='bbox 636 1602 721 1646; x_wconf 84' lang='lat' dir='ltr'><strong><em>est</em></strong></span> <span class='ocrx_word' id='word_1_211' title='bbox 758 1609 902 1647; x_wconf 87' lang='lat' dir='ltr'><strong><em>meus</em></strong></span> <span class='ocrx_word' id='word_1_212' title='bbox 944 1593 1238 1663; x_wconf 81' lang='lat' dir='ltr'><strong><em>discipulus</em></strong></span> <span class='ocrx_word' id='word_1_213' title='bbox 1280 1596 1343 1648; x_wconf 72' lang='lat'><strong><em>‘?</em></strong></span> <span class='ocrx_word' id='word_1_214' title='bbox 1374 1596 1457 1651; x_wconf 82' lang='lat' dir='ltr'><strong><em>Ad</em></strong></span> <span class='ocrx_word' id='word_1_215' title='bbox 1487 1597 1600 1651; x_wconf 60' lang='lat' dir='ltr'><strong><em>hac</em></strong></span> <span class='ocrx_word' id='word_1_216' title='bbox 1634 1598 1729 1666; x_wconf 83' lang='lat' dir='ltr'><strong><em>qui</em></strong></span> <span class='ocrx_word' id='word_1_217' title='bbox 1777 1598 1876 1652; x_wconf 84' lang='lat' dir='ltr'><strong><em>bo-</em></strong></span> 
     </span>
    </p>
   </div>
   <div class='ocr_carea' id='block_1_27' title="bbox 2060 1590 3577 1666">
    <p class='ocr_par' dir='ltr' id='par_1_27' title="bbox 2060 1590 3577 1663">
     <span class='ocr_line' id='line_1_27' title="bbox 2060 1590 3577 1663; baseline -0.003 -16"><span class='ocrx_word' id='word_1_218' title='bbox 2060 1611 2165 1661; x_wconf 86' lang='grc' dir='ltr'>›ας,</span> <span class='ocrx_word' id='word_1_219' title='bbox 2188 1596 2301 1648; x_wconf 81' lang='grc' dir='ltr'><strong><em>οὐκ</em></strong></span> <span class='ocrx_word' id='word_1_220' title='bbox 2327 1593 2459 1648; x_wconf 76' lang='grc' dir='ltr'>ἐστι</span> <span class='ocrx_word' id='word_1_221' title='bbox 2480 1610 2600 1663; x_wconf 80' lang='grc' dir='ltr'><strong><em>μου</em></strong></span> <span class='ocrx_word' id='word_1_222' title='bbox 2616 1591 2922 1661; x_wconf 78' lang='grc' dir='ltr'>μαθητής;</span> <span class='ocrx_word' id='word_1_223' title='bbox 2960 1590 3086 1655; x_wconf 88' lang='grc' dir='ltr'>Πῶς</span> <span class='ocrx_word' id='word_1_224' title='bbox 3110 1591 3169 1644; x_wconf 85' lang='grc' dir='ltr'><strong><em>δὲ</em></strong></span> <span class='ocrx_word' id='word_1_225' title='bbox 3199 1593 3228 1644; x_wconf 90' lang='grc' dir='ltr'><strong><em>ό</em></strong></span> <span class='ocrx_word' id='word_1_226' title='bbox 3252 1591 3460 1659; x_wconf 77' lang='grc' dir='ltr'>λέγων,</span> <span class='ocrx_word' id='word_1_227' title='bbox 3487 1590 3577 1642; x_wconf 79' lang='grc' dir='ltr'>ὅτι</span> 
     </span>
    </p>
   </div>
   <div class='ocr_carea' id='block_1_28' title="bbox 280 1680 1894 1759">
    <p class='ocr_par' dir='ltr' id='par_1_28' title="bbox 280 1682 1875 1759">
     <span class='ocr_line' id='line_1_28' title="bbox 280 1682 1875 1759; baseline 0.006 -25"><span class='ocrx_word' id='word_1_228' title='bbox 280 1690 495 1735; x_wconf 86' lang='lat' dir='ltr'><strong><em>nestam</em></strong></span> <span class='ocrx_word' id='word_1_229' title='bbox 524 1682 834 1752; x_wconf 75' lang='lat' dir='ltr'><strong><em>conjugem,</em></strong></span> <span class='ocrx_word' id='word_1_230' title='bbox 860 1693 1180 1755; x_wconf 82' lang='lat' dir='ltr'><strong><em>patremque</em></strong></span> <span class='ocrx_word' id='word_1_231' title='bbox 1205 1686 1518 1756; x_wconf 84' lang='lat' dir='ltr'><strong><em>relinquere</em></strong></span> <span class='ocrx_word' id='word_1_232' title='bbox 1538 1687 1712 1758; x_wconf 83' lang='lat' dir='ltr'><strong><em>jubet,</em></strong></span> <span class='ocrx_word' id='word_1_233' title='bbox 1736 1702 1875 1759; x_wconf 83' lang='lat' dir='ltr'><strong><em>quo-</em></strong></span> 
     </span>
    </p>
   </div>
   <div class='ocr_carea' id='block_1_29' title="bbox 2060 1680 3584 1759">
    <p class='ocr_par' dir='ltr' id='par_1_29' title="bbox 2082 1680 3584 1754">
     <span class='ocr_line' id='line_1_29' title="bbox 2082 1680 3584 1754; baseline -0.003 -16"><span class='ocrx_word' id='word_1_234' title='bbox 2082 1686 2401 1738; x_wconf 85' lang='grc' dir='ltr'>καταλιπεῖν</span> <span class='ocrx_word' id='word_1_235' title='bbox 2447 1685 2682 1752; x_wconf 82' lang='grc' dir='ltr'>γυναῖκα</span> <span class='ocrx_word' id='word_1_236' title='bbox 2733 1682 2938 1754; x_wconf 80' lang='grc' dir='ltr'>σεμνὴν</span> <span class='ocrx_word' id='word_1_237' title='bbox 2980 1682 3075 1736; x_wconf 67' lang='grc' dir='ltr'><strong><em>καὶ</em></strong></span> <span class='ocrx_word' id='word_1_238' title='bbox 3134 1682 3372 1752; x_wconf 78' lang='grc' dir='ltr'><strong><em>πατέρα,</em></strong></span> <span class='ocrx_word' id='word_1_239' title='bbox 3409 1680 3584 1742; x_wconf 75' lang='grc' dir='ltr'>αὐτὸς</span> 
     </span>
    </p>
   </div>
   <div class='ocr_carea' id='block_1_30' title="bbox 281 1745 1894 1849">
    <p class='ocr_par' dir='ltr' id='par_1_30' title="bbox 281 1745 1874 1849">
     <span class='ocr_line' id='line_1_30' title="bbox 281 1745 1874 1849; baseline 0.004 -23"><span class='ocrx_word' id='word_1_240' title='bbox 281 1771 447 1827; x_wconf 85' lang='lat' dir='ltr'><strong><em>modo</em></strong></span> <span class='ocrx_word' id='word_1_241' title='bbox 483 1745 646 1830; x_wconf 31' lang='lat' dir='ltr'><strong><em>idemv</em></strong></span> <span class='ocrx_word' id='word_1_242' title='bbox 674 1745 784 1829; x_wconf 67' lang='lat' dir='ltr'><strong><em>alio</em></strong></span> <span class='ocrx_word' id='word_1_243' title='bbox 907 1776 1028 1831; x_wconf 93' lang='lat' dir='ltr'><strong><em>loco</em></strong></span> <span class='ocrx_word' id='word_1_244' title='bbox 1070 1745 1238 1831; x_wconf 90' lang='lat' dir='ltr'><strong><em>dicit:</em></strong></span> <span class='ocrx_word' id='word_1_245' title='bbox 1269 1745 1383 1843; x_wconf 79' lang='lat' dir='ltr'><strong><em>Qui</em></strong></span> <span class='ocrx_word' id='word_1_246' title='bbox 1406 1745 1632 1833; x_wconf 48' lang='lat' dir='ltr'><strong><em>hono&#39;rat</em></strong></span> <span class='ocrx_word' id='word_1_247' title='bbox 1670 1745 1874 1849; x_wconf 64' lang='lat' dir='ltr'><strong><em>patrem</em></strong></span> 
     </span>
    </p>
   </div>
   <div class='ocr_carea' id='block_1_31' title="bbox 2060 1745 3580 1849">
    <p class='ocr_par' dir='ltr' id='par_1_31' title="bbox 2060 1745 3580 1844">
     <span class='ocr_line' id='line_1_31' title="bbox 2060 1745 3580 1844; baseline -0.001 -16"><span class='ocrx_word' id='word_1_248' title='bbox 2060 1776 2134 1829; x_wconf 80' lang='grc' dir='ltr'><strong><em>λιν</em></strong></span> <span class='ocrx_word' id='word_1_249' title='bbox 2154 1775 2328 1844; x_wconf 76' lang='grc' dir='ltr'>λέγει’</span> <span class='ocrx_word' id='word_1_250' title='bbox 2363 1775 2416 1826; x_wconf 91' lang='lat'><strong><em>&#39;0</em></strong></span> <span class='ocrx_word' id='word_1_251' title='bbox 2434 1745 2620 1844; x_wconf 71' lang='grc' dir='ltr'>τιμῶν</span> <span class='ocrx_word' id='word_1_252' title='bbox 2634 1745 2860 1842; x_wconf 79' lang='grc' dir='ltr'>πατέρα</span> <span class='ocrx_word' id='word_1_253' title='bbox 2877 1745 2973 1827; x_wconf 61' lang='lat' dir='ltr'><strong><em>real</em></strong></span> <span class='ocrx_word' id='word_1_254' title='bbox 2988 1771 3215 1842; x_wconf 82' lang='grc' dir='ltr'>μητέρα</span> <span class='ocrx_word' id='word_1_255' title='bbox 3232 1790 3247 1802; x_wconf 87' lang='grc'><strong>·</strong></span> <span class='ocrx_word' id='word_1_256' title='bbox 3275 1745 3433 1839; x_wconf 78' lang='grc' dir='ltr'>αὕτη</span> <span class='ocrx_word' id='word_1_257' title='bbox 3458 1769 3580 1840; x_wconf 73' lang='grc' dir='ltr'>γάρ</span> 
     </span>
    </p>
   </div>
   <div class='ocr_carea' id='block_1_32' title="bbox 281 1861 1894 1938">
    <p class='ocr_par' dir='ltr' id='par_1_32' title="bbox 281 1865 1878 1938">
     <span class='ocr_line' id='line_1_32' title="bbox 281 1865 1878 1938; baseline 0.004 -21"><span class='ocrx_word' id='word_1_258' title='bbox 281 1873 332 1925; x_wconf 83' lang='lat' dir='ltr'><strong><em>et</em></strong></span> <span class='ocrx_word' id='word_1_259' title='bbox 377 1874 637 1931; x_wconf 78' lang='lat' dir='ltr'><strong><em>matrem;</em></strong></span> <span class='ocrx_word' id='word_1_260' title='bbox 676 1865 772 1918; x_wconf 84' lang='lat' dir='ltr'><strong><em>hoc</em></strong></span> <span class='ocrx_word' id='word_1_261' title='bbox 808 1868 949 1921; x_wconf 86' lang='lat' dir='ltr'><strong><em>enim</em></strong></span> <span class='ocrx_word' id='word_1_262' title='bbox 1000 1875 1078 1921; x_wconf 87' lang='lat' dir='ltr'><strong><em>est</em></strong></span> <span class='ocrx_word' id='word_1_263' title='bbox 1125 1869 1354 1935; x_wconf 85' lang='lat' dir='ltr'><strong><em>primum</em></strong></span> <span class='ocrx_word' id='word_1_264' title='bbox 1411 1869 1468 1922; x_wconf 87' lang='lat' dir='ltr'><strong><em>in</em></strong></span> <span class='ocrx_word' id='word_1_265' title='bbox 1524 1870 1878 1938; x_wconf 84' lang='lat' dir='ltr'><strong><em>promissione</em></strong></span> 
     </span>
    </p>
   </div>
   <div class='ocr_carea' id='block_1_33' title="bbox 2060 1861 3580 1938">
    <p class='ocr_par' dir='ltr' id='par_1_33' title="bbox 2060 1861 3580 1935">
     <span class='ocr_line' id='line_1_33' title="bbox 2060 1861 3580 1935; baseline -0.004 -14"><span class='ocrx_word' id='word_1_266' title='bbox 2060 1884 2150 1921; x_wconf 88' lang='grc' dir='ltr'><strong><em>τιν</em></strong></span> <span class='ocrx_word' id='word_1_267' title='bbox 2193 1868 2263 1920; x_wconf 83' lang='grc' dir='ltr'>ἐν</span> <span class='ocrx_word' id='word_1_268' title='bbox 2293 1865 2623 1935; x_wconf 70' lang='grc' dir='ltr'>ἐπαγγελίᾳ</span> <span class='ocrx_word' id='word_1_269' title='bbox 2668 1862 2877 1934; x_wconf 81' lang='grc' dir='ltr'><strong><em>πρώτη·</em></strong></span> <span class='ocrx_word' id='word_1_270' title='bbox 2911 1861 3132 1932; x_wconf 66' lang='grc' dir='ltr'>ἐντολὴ</span> <span class='ocrx_word' id='word_1_271' title='bbox 3167 1862 3547 1931; x_wconf 80' lang='grc' dir='ltr'><strong><em>ὑπάρχουσα</em></strong></span> <span class='ocrx_word' id='word_1_272' title='bbox 3564 1878 3580 1891; x_wconf 88' lang='grc'><strong>·</strong></span> 
     </span>
    </p>
   </div>
   <div class='ocr_carea' id='block_1_34' title="bbox 287 1954 1894 2029">
    <p class='ocr_par' dir='ltr' id='par_1_34' title="bbox 287 1956 1877 2029">
     <span class='ocr_line' id='line_1_34' title="bbox 287 1956 1877 2029; baseline 0.004 -20"><span class='ocrx_word' id='word_1_273' title='bbox 287 1956 602 2009; x_wconf 85' lang='lat' dir='ltr'><strong><em>mandatum</em></strong></span> <span class='ocrx_word' id='word_1_274' title='bbox 642 1958 697 2023; x_wconf 81' lang='lat'><strong><em>&#39;;</em></strong></span> <span class='ocrx_word' id='word_1_275' title='bbox 742 1964 837 2011; x_wconf 88' lang='lat' dir='ltr'><strong><em>et:</em></strong></span> <span class='ocrx_word' id='word_1_276' title='bbox 878 1957 1030 2023; x_wconf 85' lang='lat' dir='ltr'><strong><em>Quod</em></strong></span> <span class='ocrx_word' id='word_1_277' title='bbox 1071 1957 1214 2012; x_wconf 81' lang='lat' dir='ltr'><strong><em>Deus</em></strong></span> <span class='ocrx_word' id='word_1_278' title='bbox 1248 1960 1544 2029; x_wconf 73' lang='lat' dir='ltr'><strong><em>conjunxit,</em></strong></span> <span class='ocrx_word' id='word_1_279' title='bbox 1578 1960 1733 2015; x_wconf 86' lang='lat' dir='ltr'><strong><em>homo</em></strong></span> <span class='ocrx_word' id='word_1_280' title='bbox 1772 1977 1877 2015; x_wconf 89' lang='lat' dir='ltr'><strong><em>non</em></strong></span> 
     </span>
    </p>
   </div>
   <div class='ocr_carea' id='block_1_35' title="bbox 2060 1954 3584 2029">
    <p class='ocr_par' dir='ltr' id='par_1_35' title="bbox 2060 1954 3584 2027">
     <span class='ocr_line' id='line_1_35' title="bbox 2060 1954 3584 2027; baseline -0.004 -14"><span class='ocrx_word' id='word_1_281' title='bbox 2060 1976 2091 2027; x_wconf 77' lang='grc' dir='ltr'><strong><em>ι,</em></strong></span> <span class='ocrx_word' id='word_1_282' title='bbox 2130 1961 2192 2012; x_wconf 84' lang='lat'><strong><em>&#39;0</em></strong></span> <span class='ocrx_word' id='word_1_283' title='bbox 2220 1957 2364 2025; x_wconf 85' lang='grc' dir='ltr'><strong><em>Θεὸς</em></strong></span> <span class='ocrx_word' id='word_1_284' title='bbox 2387 1955 2769 2022; x_wconf 77' lang='grc' dir='ltr'><strong><em>συνέζευξεν,</em></strong></span> <span class='ocrx_word' id='word_1_285' title='bbox 2801 1954 3113 2025; x_wconf 82' lang='grc' dir='ltr'>ἅνθρωπος</span> <span class='ocrx_word' id='word_1_286' title='bbox 3129 1955 3216 2026; x_wconf 78' lang='grc' dir='ltr'><strong><em>μὴ</em></strong></span> <span class='ocrx_word' id='word_1_287' title='bbox 3249 1954 3584 2026; x_wconf 55' lang='lat' dir='ltr'><strong><em>xoptate);</em></strong></span> 
     </span>
    </p>
   </div>
   <div class='ocr_carea' id='block_1_36' title="bbox 292 2046 1877 2116">
    <p class='ocr_par' dir='ltr' id='par_1_36' title="bbox 292 2046 1877 2116">
     <span class='ocr_line' id='line_1_36' title="bbox 292 2046 1877 2116; baseline 0.005 -15"><span class='ocrx_word' id='word_1_288' title='bbox 292 2058 496 2116; x_wconf 80' lang='lat' dir='ltr'><strong><em>separet</em></strong></span> <span class='ocrx_word' id='word_1_289' title='bbox 522 2048 586 2100; x_wconf 73' lang='lat' dir='ltr'><strong><em>&quot;l</em></strong></span> <span class='ocrx_word' id='word_1_290' title='bbox 628 2046 827 2102; x_wconf 82' lang='lat' dir='ltr'><strong><em>Verum</em></strong></span> <span class='ocrx_word' id='word_1_291' title='bbox 863 2048 1049 2104; x_wconf 85' lang='lat' dir='ltr'><strong><em>divina</em></strong></span> <span class='ocrx_word' id='word_1_292' title='bbox 1094 2051 1279 2106; x_wconf 85' lang='lat' dir='ltr'><strong><em>omnia</em></strong></span> <span class='ocrx_word' id='word_1_293' title='bbox 1309 2052 1473 2107; x_wconf 89' lang='lat' dir='ltr'><strong><em>verba</em></strong></span> <span class='ocrx_word' id='word_1_294' title='bbox 1507 2068 1616 2108; x_wconf 90' lang='lat' dir='ltr'><strong><em>non</em></strong></span> <span class='ocrx_word' id='word_1_295' title='bbox 1648 2052 1716 2108; x_wconf 91' lang='lat' dir='ltr'><strong><em>ad</em></strong></span> <span class='ocrx_word' id='word_1_296' title='bbox 1743 2054 1877 2109; x_wconf 87' lang='lat' dir='ltr'><strong><em>alle-</em></strong></span> 
     </span>
    </p>
   </div>
   <div class='ocr_carea' id='block_1_37' title="bbox 289 2137 1878 2211">
    <p class='ocr_par' dir='ltr' id='par_1_37' title="bbox 289 2137 1878 2211">
     <span class='ocr_line' id='line_1_37' title="bbox 289 2137 1878 2211; baseline 0.007 -21"><span class='ocrx_word' id='word_1_297' title='bbox 289 2139 474 2209; x_wconf 80' lang='lat' dir='ltr'><strong><em>gorias</em></strong></span> <span class='ocrx_word' id='word_1_298' title='bbox 525 2137 828 2204; x_wconf 81' lang='lat' dir='ltr'><strong><em>referenda,</em></strong></span> <span class='ocrx_word' id='word_1_299' title='bbox 888 2140 1045 2211; x_wconf 78' lang='lat'><strong><em>511</em></strong></span> <span class='ocrx_word' id='word_1_300' title='bbox 1093 2142 1190 2197; x_wconf 89' lang='lat' dir='ltr'><strong><em>sed</em></strong></span> <span class='ocrx_word' id='word_1_301' title='bbox 1251 2151 1312 2197; x_wconf 91' lang='lat' dir='ltr'><strong><em>ut</em></strong></span> <span class='ocrx_word' id='word_1_302' title='bbox 1355 2159 1416 2199; x_wconf 87' lang='lat' dir='ltr'><strong><em>se</em></strong></span> <span class='ocrx_word' id='word_1_303' title='bbox 1471 2145 1675 2201; x_wconf 87' lang='lat' dir='ltr'><strong><em>habent</em></strong></span> <span class='ocrx_word' id='word_1_304' title='bbox 1728 2146 1878 2201; x_wconf 88' lang='lat' dir='ltr'><strong><em>acci—</em></strong></span> 
     </span>
    </p>
   </div>
   <div class='ocr_carea' id='block_1_38' title="bbox 286 2231 1877 2309">
    <p class='ocr_par' dir='ltr' id='par_1_38' title="bbox 286 2231 1877 2309">
     <span class='ocr_line' id='line_1_38' title="bbox 286 2231 1877 2309; baseline 0.008 -26"><span class='ocrx_word' id='word_1_305' title='bbox 286 2231 488 2300; x_wconf 84' lang='lat' dir='ltr'><strong><em>pienda</em></strong></span> <span class='ocrx_word' id='word_1_306' title='bbox 533 2239 680 2286; x_wconf 79' lang='lat' dir='ltr'><strong><em>sunt.</em></strong></span> <span class='ocrx_word' id='word_1_307' title='bbox 719 2231 1178 2289; x_wconf 81' lang='lat' dir='ltr'><strong><em>Consideratione</em></strong></span> <span class='ocrx_word' id='word_1_308' title='bbox 1229 2252 1360 2292; x_wconf 86' lang='lat' dir='ltr'><strong><em>vero</em></strong></span> <span class='ocrx_word' id='word_1_309' title='bbox 1399 2252 1464 2293; x_wconf 89' lang='lat' dir='ltr'><strong><em>ac</em></strong></span> <span class='ocrx_word' id='word_1_310' title='bbox 1515 2253 1685 2294; x_wconf 81' lang='lat' dir='ltr'><strong><em>sensu</em></strong></span> <span class='ocrx_word' id='word_1_311' title='bbox 1735 2253 1877 2309; x_wconf 88' lang='lat' dir='ltr'><strong><em>opus</em></strong></span> 
     </span>
    </p>
   </div>
   <div class='ocr_carea' id='block_1_39' title="bbox 288 2321 1878 2398">
    <p class='ocr_par' dir='ltr' id='par_1_39' title="bbox 288 2321 1878 2398">
     <span class='ocr_line' id='line_1_39' title="bbox 288 2321 1878 2398; baseline 0.004 -23"><span class='ocrx_word' id='word_1_312' title='bbox 288 2321 513 2385; x_wconf 83' lang='lat' dir='ltr'><strong><em>habent,</em></strong></span> <span class='ocrx_word' id='word_1_313' title='bbox 551 2332 607 2376; x_wconf 89' lang='lat' dir='ltr'><strong><em>ut</em></strong></span> <span class='ocrx_word' id='word_1_314' title='bbox 642 2324 948 2393; x_wconf 82' lang='lat' dir='ltr'><strong><em>argumenti</em></strong></span> <span class='ocrx_word' id='word_1_315' title='bbox 996 2324 1270 2395; x_wconf 86' lang='lat' dir='ltr'><strong><em>cujusque</em></strong></span> <span class='ocrx_word' id='word_1_316' title='bbox 1296 2326 1382 2382; x_wconf 86' lang='lat' dir='ltr'><strong><em>vis</em></strong></span> <span class='ocrx_word' id='word_1_317' title='bbox 1417 2342 1481 2381; x_wconf 88' lang='lat' dir='ltr'><strong><em>ac</em></strong></span> <span class='ocrx_word' id='word_1_318' title='bbox 1512 2334 1755 2398; x_wconf 87' lang='lat' dir='ltr'><strong><em>potestas</em></strong></span> <span class='ocrx_word' id='word_1_319' title='bbox 1788 2329 1878 2383; x_wconf 84' lang='lat' dir='ltr'><strong><em>in-</em></strong></span> 
     </span>
    </p>
   </div>
   <div class='ocr_carea' id='block_1_40' title="bbox 288 2413 1879 2489">
    <p class='ocr_par' dir='ltr' id='par_1_40' title="bbox 288 2413 1879 2489">
     <span class='ocr_line' id='line_1_40' title="bbox 288 2413 1879 2489; baseline 0.006 -24"><span class='ocrx_word' id='word_1_320' title='bbox 288 2414 586 2484; x_wconf 79' lang='lat' dir='ltr'><strong><em>telligatur.</em></strong></span> <span class='ocrx_word' id='word_1_321' title='bbox 629 2413 733 2469; x_wconf 86' lang='lat' dir='ltr'><strong><em>Sed</em></strong></span> <span class='ocrx_word' id='word_1_322' title='bbox 776 2413 1072 2470; x_wconf 82' lang='lat' dir='ltr'><strong><em>traditione</em></strong></span> <span class='ocrx_word' id='word_1_323' title='bbox 1099 2430 1320 2487; x_wconf 84' lang='lat' dir='ltr'><strong><em>quoque</em></strong></span> <span class='ocrx_word' id='word_1_324' title='bbox 1368 2432 1508 2488; x_wconf 89' lang='lat' dir='ltr'><strong><em>opus</em></strong></span> <span class='ocrx_word' id='word_1_325' title='bbox 1549 2425 1655 2473; x_wconf 89' lang='lat' dir='ltr'><strong><em>est.</em></strong></span> <span class='ocrx_word' id='word_1_326' title='bbox 1692 2416 1879 2489; x_wconf 89' lang='lat' dir='ltr'><strong><em>Neque</em></strong></span> 
     </span>
    </p>
   </div>
   <div class='ocr_carea' id='block_1_41' title="bbox 288 2503 1878 2576">
    <p class='ocr_par' dir='ltr' id='par_1_41' title="bbox 288 2503 1878 2576">
     <span class='ocr_line' id='line_1_41' title="bbox 288 2503 1878 2576; baseline 0.004 -18"><span class='ocrx_word' id='word_1_327' title='bbox 288 2504 435 2558; x_wconf 88' lang='lat' dir='ltr'><strong><em>enim</em></strong></span> <span class='ocrx_word' id='word_1_328' title='bbox 464 2518 529 2558; x_wconf 74' lang='lat' dir='ltr'><strong><em>ex</em></strong></span> <span class='ocrx_word' id='word_1_329' title='bbox 560 2503 863 2573; x_wconf 87' lang='lat' dir='ltr'><strong><em>Scripturis</em></strong></span> <span class='ocrx_word' id='word_1_330' title='bbox 898 2506 1008 2575; x_wconf 85' lang='lat' dir='ltr'><strong><em>peti</em></strong></span> <span class='ocrx_word' id='word_1_331' title='bbox 1040 2515 1275 2576; x_wconf 88' lang='lat' dir='ltr'><strong><em>possunt</em></strong></span> <span class='ocrx_word' id='word_1_332' title='bbox 1299 2508 1504 2563; x_wconf 87' lang='lat' dir='ltr'><strong><em>omnia.</em></strong></span> <span class='ocrx_word' id='word_1_333' title='bbox 1532 2507 1743 2564; x_wconf 84' lang='lat' dir='ltr'><strong><em>Idcirco</em></strong></span> <span class='ocrx_word' id='word_1_334' title='bbox 1770 2509 1878 2565; x_wconf 88' lang='lat' dir='ltr'><strong><em>alia</em></strong></span> 
     </span>
    </p>
   </div>
   <div class='ocr_carea' id='block_1_42' title="bbox 290 2594 1882 2668">
    <p class='ocr_par' dir='ltr' id='par_1_42' title="bbox 290 2594 1882 2668">
     <span class='ocr_line' id='line_1_42' title="bbox 290 2594 1882 2668; baseline 0.003 -21"><span class='ocrx_word' id='word_1_335' title='bbox 290 2594 522 2662; x_wconf 89' lang='lat' dir='ltr'><strong><em>scripto,</em></strong></span> <span class='ocrx_word' id='word_1_336' title='bbox 586 2594 881 2649; x_wconf 82' lang='lat' dir='ltr'><strong><em>traditione</em></strong></span> <span class='ocrx_word' id='word_1_337' title='bbox 921 2595 1025 2648; x_wconf 85' lang='lat' dir='ltr'><strong><em>alia</em></strong></span> <span class='ocrx_word' id='word_1_338' title='bbox 1079 2597 1412 2651; x_wconf 81' lang='lat' dir='ltr'><strong><em>sanctissimi</em></strong></span> <span class='ocrx_word' id='word_1_339' title='bbox 1464 2598 1700 2668; x_wconf 77' lang='lat' dir='ltr'><strong><em>apostoli</em></strong></span> <span class='ocrx_word' id='word_1_340' title='bbox 1751 2599 1882 2653; x_wconf 86' lang='lat' dir='ltr'><strong><em>reli-</em></strong></span> 
     </span>
    </p>
   </div>
   <div class='ocr_carea' id='block_1_43' title="bbox 290 2686 1880 2756">
    <p class='ocr_par' dir='ltr' id='par_1_43' title="bbox 290 2686 1880 2756">
     <span class='ocr_line' id='line_1_43' title="bbox 290 2686 1880 2756; baseline 0.006 -20"><span class='ocrx_word' id='word_1_341' title='bbox 290 2691 552 2755; x_wconf 85' lang='lat' dir='ltr'><strong><em>querunt.</em></strong></span> <span class='ocrx_word' id='word_1_342' title='bbox 597 2686 752 2751; x_wconf 85' lang='lat' dir='ltr'><strong><em>Quod</em></strong></span> <span class='ocrx_word' id='word_1_343' title='bbox 789 2686 968 2756; x_wconf 89' lang='lat' dir='ltr'><strong><em>ipsum</em></strong></span> <span class='ocrx_word' id='word_1_344' title='bbox 1004 2688 1079 2741; x_wconf 89' lang='lat' dir='ltr'><strong><em>ita</em></strong></span> <span class='ocrx_word' id='word_1_345' title='bbox 1127 2688 1329 2746; x_wconf 86' lang='lat' dir='ltr'><strong><em>Paulus</em></strong></span> <span class='ocrx_word' id='word_1_346' title='bbox 1371 2688 1605 2744; x_wconf 78' lang='lat' dir='ltr'><strong><em>allirmat</em></strong></span> <span class='ocrx_word' id='word_1_347' title='bbox 1633 2708 1647 2745; x_wconf 93' lang='lat'><strong>:</strong></span> <span class='ocrx_word' id='word_1_348' title='bbox 1680 2689 1880 2756; x_wconf 85' lang='lat' dir='ltr'><strong><em>Quem-</em></strong></span> 
     </span>
    </p>
   </div>
   <div class='ocr_carea' id='block_1_44' title="bbox 297 2774 1873 2845">
    <p class='ocr_par' dir='ltr' id='par_1_44' title="bbox 297 2774 1873 2845">
     <span class='ocr_line' id='line_1_44' title="bbox 297 2774 1873 2845; baseline 0.006 -19"><span class='ocrx_word' id='word_1_349' title='bbox 297 2774 581 2829; x_wconf 82' lang='lat' dir='ltr'><strong><em>admodum</em></strong></span> <span class='ocrx_word' id='word_1_350' title='bbox 621 2776 819 2829; x_wconf 88' lang='lat' dir='ltr'><strong><em>tradidi</em></strong></span> <span class='ocrx_word' id='word_1_351' title='bbox 850 2775 995 2830; x_wconf 83' lang='lat' dir='ltr'><strong><em>vobis</em></strong></span> <span class='ocrx_word' id='word_1_352' title='bbox 1029 2776 1089 2845; x_wconf 56' lang='grc' dir='ltr'>ις</span> <span class='ocrx_word' id='word_1_353' title='bbox 1136 2778 1265 2834; x_wconf 90' lang='lat' dir='ltr'><strong><em>item</em></strong></span> <span class='ocrx_word' id='word_1_354' title='bbox 1308 2780 1416 2835; x_wconf 92' lang='lat' dir='ltr'><strong><em>alio</em></strong></span> <span class='ocrx_word' id='word_1_355' title='bbox 1446 2780 1565 2835; x_wconf 87' lang='lat' dir='ltr'><strong><em>loco</em></strong></span> <span class='ocrx_word' id='word_1_356' title='bbox 1594 2798 1607 2833; x_wconf 88' lang='lat'>:</span> <span class='ocrx_word' id='word_1_357' title='bbox 1643 2779 1734 2834; x_wconf 87' lang='lat' dir='ltr'><strong><em>Ita</em></strong></span> <span class='ocrx_word' id='word_1_358' title='bbox 1774 2779 1873 2835; x_wconf 86' lang='lat' dir='ltr'><strong><em>do-</em></strong></span> 
     </span>
    </p>
   </div>
   <div class='ocr_carea' id='block_1_45' title="bbox 292 2866 1884 2939">
    <p class='ocr_par' dir='ltr' id='par_1_45' title="bbox 292 2866 1884 2939">
     <span class='ocr_line' id='line_1_45' title="bbox 292 2866 1884 2939; baseline 0.005 -20"><span class='ocrx_word' id='word_1_359' title='bbox 292 2882 414 2930; x_wconf 83' lang='lat' dir='ltr'><strong><em>ceo,</em></strong></span> <span class='ocrx_word' id='word_1_360' title='bbox 454 2877 505 2920; x_wconf 82' lang='lat' dir='ltr'><strong><em>et</em></strong></span> <span class='ocrx_word' id='word_1_361' title='bbox 554 2868 633 2920; x_wconf 91' lang='lat' dir='ltr'><strong><em>ita</em></strong></span> <span class='ocrx_word' id='word_1_362' title='bbox 674 2866 873 2922; x_wconf 87' lang='lat' dir='ltr'><strong><em>tradidi</em></strong></span> <span class='ocrx_word' id='word_1_363' title='bbox 911 2869 968 2921; x_wconf 89' lang='lat' dir='ltr'><strong><em>in</em></strong></span> <span class='ocrx_word' id='word_1_364' title='bbox 1016 2866 1268 2924; x_wconf 86' lang='lat' dir='ltr'><strong><em>Ecclesiis</em></strong></span> <span class='ocrx_word' id='word_1_365' title='bbox 1316 2870 1375 2939; x_wconf 86' lang='grc'><strong><em>⁹;</em></strong></span> <span class='ocrx_word' id='word_1_366' title='bbox 1435 2874 1565 2927; x_wconf 85' lang='lat' dir='ltr'><strong><em>item</em></strong></span> <span class='ocrx_word' id='word_1_367' title='bbox 1606 2888 1621 2926; x_wconf 89' lang='lat'>:</span> <span class='ocrx_word' id='word_1_368' title='bbox 1658 2869 1721 2926; x_wconf 90' lang='lat' dir='ltr'><strong><em>Si</em></strong></span> <span class='ocrx_word' id='word_1_369' title='bbox 1778 2889 1884 2927; x_wconf 89' lang='lat' dir='ltr'><strong><em>me-</em></strong></span> 
     </span>
    </p>
   </div>
   <div class='ocr_carea' id='block_1_46' title="bbox 293 2961 1312 3031">
    <p class='ocr_par' dir='ltr' id='par_1_46' title="bbox 293 2961 1312 3031">
     <span class='ocr_line' id='line_1_46' title="bbox 293 2961 1312 3031; baseline 0.007 -19"><span class='ocrx_word' id='word_1_370' title='bbox 293 2961 524 3015; x_wconf 82' lang='lat' dir='ltr'><strong><em>ministis</em></strong></span> <span class='ocrx_word' id='word_1_371' title='bbox 544 2977 562 3026; x_wconf 89' lang='grc'><strong><em>;</em></strong></span> <span class='ocrx_word' id='word_1_372' title='bbox 581 2962 686 3015; x_wconf 85' lang='lat' dir='ltr'><strong><em>nisi</em></strong></span> <span class='ocrx_word' id='word_1_373' title='bbox 719 2961 925 3031; x_wconf 82' lang='lat' dir='ltr'><strong><em>frustra</em></strong></span> <span class='ocrx_word' id='word_1_374' title='bbox 950 2961 1250 3018; x_wconf 87' lang='lat' dir='ltr'><strong><em>credidistis</em></strong></span> <span class='ocrx_word' id='word_1_375' title='bbox 1268 2964 1312 3019; x_wconf 80' lang='grc'>⁸.</span> 
     </span>
    </p>
   </div>
   <div class='ocr_carea' id='block_1_47' title="bbox 365 3050 1957 3152">
    <p class='ocr_par' dir='ltr' id='par_1_47' title="bbox 365 3050 1957 3152">
     <span class='ocr_line' id='line_1_47' title="bbox 365 3050 1957 3152; baseline 0.003 -48"><span class='ocrx_word' id='word_1_376' title='bbox 365 3050 484 3104; x_wconf 70' lang='lat' dir='ltr'><strong><em>iam</em></strong></span> <span class='ocrx_word' id='word_1_377' title='bbox 521 3068 651 3107; x_wconf 84' lang='lat' dir='ltr'><strong><em>vero</em></strong></span> <span class='ocrx_word' id='word_1_378' title='bbox 680 3052 813 3106; x_wconf 89' lang='lat' dir='ltr'><strong><em>illud</em></strong></span> <span class='ocrx_word' id='word_1_379' title='bbox 861 3053 932 3108; x_wconf 89' lang='lat' dir='ltr'><strong><em>ab</em></strong></span> <span class='ocrx_word' id='word_1_380' title='bbox 980 3054 1246 3123; x_wconf 87' lang='lat' dir='ltr'><strong><em>apostolis</em></strong></span> <span class='ocrx_word' id='word_1_381' title='bbox 1291 3064 1479 3110; x_wconf 83' lang='lat' dir='ltr'><strong><em>sancta</em></strong></span> <span class='ocrx_word' id='word_1_382' title='bbox 1513 3053 1607 3111; x_wconf 91' lang='lat' dir='ltr'><strong><em>Dei</em></strong></span> <span class='ocrx_word' id='word_1_383' title='bbox 1635 3054 1880 3111; x_wconf 87' lang='lat' dir='ltr'><strong><em>Ecclesia</em></strong></span> <span class='ocrx_word' id='word_1_384' title='bbox 1909 3089 1957 3152; x_wconf 67' lang='grc' dir='ltr'><strong>ϐ</strong></span> 
     </span>
    </p>
   </div>
   <div class='ocr_carea' id='block_1_48' title="bbox 1988 2046 3582 2122">
    <p class='ocr_par' dir='ltr' id='par_1_48' title="bbox 1988 2046 3582 2122">
     <span class='ocr_line' id='line_1_48' title="bbox 1988 2046 3582 2122; baseline -0.005 -17"><span class='ocrx_word' id='word_1_385' title='bbox 1988 2050 2154 2105; x_wconf 85' lang='grc' dir='ltr'>Ἀλλά</span> <span class='ocrx_word' id='word_1_386' title='bbox 2181 2050 2359 2105; x_wconf 82' lang='grc' dir='ltr'>πάντα</span> <span class='ocrx_word' id='word_1_387' title='bbox 2382 2048 2454 2104; x_wconf 84' lang='grc' dir='ltr'>τὰ</span> <span class='ocrx_word' id='word_1_388' title='bbox 2475 2049 2593 2104; x_wconf 85' lang='grc' dir='ltr'>θεῖα</span> <span class='ocrx_word' id='word_1_389' title='bbox 2624 2050 2846 2122; x_wconf 77' lang='grc' dir='ltr'>ῥήματα</span> <span class='ocrx_word' id='word_1_390' title='bbox 2883 2048 2984 2102; x_wconf 78' lang='grc' dir='ltr'><strong><em>οὐκ</em></strong></span> <span class='ocrx_word' id='word_1_391' title='bbox 3022 2046 3352 2119; x_wconf 80' lang='grc' dir='ltr'><strong><em>ἀλληγορίας</em></strong></span> <span class='ocrx_word' id='word_1_392' title='bbox 3378 2047 3582 2109; x_wconf 81' lang='grc' dir='ltr'>δεῖται,</span> 
     </span>
    </p>
   </div>
   <div class='ocr_carea' id='block_1_49' title="bbox 1975 2137 3589 2210">
    <p class='ocr_par' dir='ltr' id='par_1_49' title="bbox 1975 2137 3589 2210">
     <span class='ocr_line' id='line_1_49' title="bbox 1975 2137 3589 2210; baseline -0.004 -17"><span class='ocrx_word' id='word_1_393' title='bbox 1975 2139 2112 2194; x_wconf 83' lang='grc' dir='ltr'>ἀλλὰ</span> <span class='ocrx_word' id='word_1_394' title='bbox 2164 2142 2240 2203; x_wconf 84' lang='grc' dir='ltr'>ὡς</span> <span class='ocrx_word' id='word_1_395' title='bbox 2265 2138 2397 2210; x_wconf 78' lang='grc' dir='ltr'>ἔχει.</span> <span class='ocrx_word' id='word_1_396' title='bbox 2449 2138 2692 2210; x_wconf 78' lang='grc' dir='ltr'><strong><em>Θεωρίας</em></strong></span> <span class='ocrx_word' id='word_1_397' title='bbox 2723 2140 2780 2194; x_wconf 86' lang='grc' dir='ltr'><strong><em>δὲ</em></strong></span> <span class='ocrx_word' id='word_1_398' title='bbox 2810 2139 2981 2193; x_wconf 87' lang='grc' dir='ltr'>δεῖται</span> <span class='ocrx_word' id='word_1_399' title='bbox 3013 2137 3108 2191; x_wconf 71' lang='grc' dir='ltr'>καὶ</span> <span class='ocrx_word' id='word_1_400' title='bbox 3129 2138 3464 2208; x_wconf 78' lang='grc' dir='ltr'>αἰσθήσεως,</span> <span class='ocrx_word' id='word_1_401' title='bbox 3494 2137 3589 2199; x_wconf 70' lang='grc' dir='ltr'>εἰς·</span> 
     </span>
    </p>
   </div>
   <div class='ocr_carea' id='block_1_50' title="bbox 1974 2227 3588 2303">
    <p class='ocr_par' dir='ltr' id='par_1_50' title="bbox 1974 2227 3588 2303">
     <span class='ocr_line' id='line_1_50' title="bbox 1974 2227 3588 2303; baseline -0.002 -20"><span class='ocrx_word' id='word_1_402' title='bbox 1974 2230 2038 2283; x_wconf 83' lang='grc' dir='ltr'><strong><em>τὸ</em></strong></span> <span class='ocrx_word' id='word_1_403' title='bbox 2069 2229 2268 2283; x_wconf 79' lang='grc' dir='ltr'>εἰδέναι</span> <span class='ocrx_word' id='word_1_404' title='bbox 2287 2230 2525 2301; x_wconf 76' lang='grc' dir='ltr'><strong><em>ἑκάστης</em></strong></span> <span class='ocrx_word' id='word_1_405' title='bbox 2545 2228 2859 2294; x_wconf 83' lang='grc' dir='ltr'><strong><em>ὑποθέσεως</em></strong></span> <span class='ocrx_word' id='word_1_406' title='bbox 2880 2230 2980 2303; x_wconf 80' lang='grc' dir='ltr'><strong><em>τὴν</em></strong></span> <span class='ocrx_word' id='word_1_407' title='bbox 3001 2227 3249 2299; x_wconf 81' lang='grc' dir='ltr'>δύναμιν.</span> <span class='ocrx_word' id='word_1_408' title='bbox 3288 2229 3384 2280; x_wconf 93' lang='grc' dir='ltr'>Δεῖ</span> <span class='ocrx_word' id='word_1_409' title='bbox 3402 2227 3461 2279; x_wconf 80' lang='grc' dir='ltr'><strong><em>δὲ</em></strong></span> <span class='ocrx_word' id='word_1_410' title='bbox 3481 2228 3588 2281; x_wconf 72' lang='grc' dir='ltr'><strong><em>καὶ</em></strong></span> 
     </span>
    </p>
   </div>
   <div class='ocr_carea' id='block_1_51' title="bbox 1977 2320 3588 2403">
    <p class='ocr_par' dir='ltr' id='par_1_51' title="bbox 1977 2320 3588 2403">
     <span class='ocr_line' id='line_1_51' title="bbox 1977 2320 3588 2403; baseline -0.001 -28"><span class='ocrx_word' id='word_1_411' title='bbox 1977 2321 2285 2403; x_wconf 63' lang='grc' dir='ltr'>παραδόσει</span> <span class='ocrx_word' id='word_1_412' title='bbox 2322 2321 2624 2392; x_wconf 84' lang='grc' dir='ltr'>κεχρῆσθαι</span> <span class='ocrx_word' id='word_1_413' title='bbox 2647 2320 2790 2393; x_wconf 74' lang='grc'>(20)·</span> <span class='ocrx_word' id='word_1_414' title='bbox 2842 2323 2904 2375; x_wconf 79' lang='grc' dir='ltr'><strong><em>οὐ</em></strong></span> <span class='ocrx_word' id='word_1_415' title='bbox 2957 2322 3068 2394; x_wconf 78' lang='grc' dir='ltr'>γὰρ</span> <span class='ocrx_word' id='word_1_416' title='bbox 3115 2321 3298 2375; x_wconf 85' lang='grc' dir='ltr'>πάντα</span> <span class='ocrx_word' id='word_1_417' title='bbox 3326 2321 3440 2374; x_wconf 79' lang='grc' dir='ltr'><strong><em>ἀπὸ</em></strong></span> <span class='ocrx_word' id='word_1_418' title='bbox 3477 2321 3588 2392; x_wconf 80' lang='grc' dir='ltr'>τῆς</span> 
     </span>
    </p>
   </div>
   <div class='ocr_carea' id='block_1_52' title="bbox 1979 2411 3588 2485">
    <p class='ocr_par' dir='ltr' id='par_1_52' title="bbox 1979 2411 3588 2485">
     <span class='ocr_line' id='line_1_52' title="bbox 1979 2411 3588 2485; baseline 0 -18"><span class='ocrx_word' id='word_1_419' title='bbox 1979 2412 2129 2476; x_wconf 81' lang='grc' dir='ltr'>θείας</span> <span class='ocrx_word' id='word_1_420' title='bbox 2162 2412 2390 2485; x_wconf 83' lang='grc' dir='ltr'>Γραφῆς</span> <span class='ocrx_word' id='word_1_421' title='bbox 2427 2412 2659 2469; x_wconf 84' lang='grc' dir='ltr'>δύναται</span> <span class='ocrx_word' id='word_1_422' title='bbox 2706 2411 3101 2484; x_wconf 79' lang='grc' dir='ltr'>λαμϐάνεσθαι.</span> <span class='ocrx_word' id='word_1_423' title='bbox 3154 2412 3245 2465; x_wconf 85' lang='grc' dir='ltr'><strong><em>Διδ</em></strong></span> <span class='ocrx_word' id='word_1_424' title='bbox 3276 2412 3347 2466; x_wconf 80' lang='grc' dir='ltr'>τὰ</span> <span class='ocrx_word' id='word_1_425' title='bbox 3387 2413 3490 2484; x_wconf 80' lang='grc' dir='ltr'>μὲν</span> <span class='ocrx_word' id='word_1_426' title='bbox 3522 2412 3588 2467; x_wconf 77' lang='grc' dir='ltr'>ἐν</span> 
     </span>
    </p>
   </div>
   <div class='ocr_carea' id='block_1_53' title="bbox 1978 2506 3587 2579">
    <p class='ocr_par' dir='ltr' id='par_1_53' title="bbox 1978 2506 3587 2579">
     <span class='ocr_line' id='line_1_53' title="bbox 1978 2506 3587 2579; baseline 0.001 -21"><span class='ocrx_word' id='word_1_427' title='bbox 1978 2508 2243 2579; x_wconf 79' lang='grc' dir='ltr'>γραφαῖς,</span> <span class='ocrx_word' id='word_1_428' title='bbox 2294 2506 2363 2559; x_wconf 78' lang='grc' dir='ltr'>τὰ</span> <span class='ocrx_word' id='word_1_429' title='bbox 2407 2506 2465 2559; x_wconf 79' lang='grc' dir='ltr'><strong><em>δὲ</em></strong></span> <span class='ocrx_word' id='word_1_430' title='bbox 2515 2507 2574 2560; x_wconf 80' lang='grc' dir='ltr'>ὲν</span> <span class='ocrx_word' id='word_1_431' title='bbox 2608 2506 2909 2579; x_wconf 79' lang='grc' dir='ltr'>παραδόσει</span> <span class='ocrx_word' id='word_1_432' title='bbox 2948 2507 3282 2578; x_wconf 80' lang='grc' dir='ltr'>παρέδωκαν</span> <span class='ocrx_word' id='word_1_433' title='bbox 3332 2507 3387 2559; x_wconf 85' lang='grc' dir='ltr'>οἱ</span> <span class='ocrx_word' id='word_1_434' title='bbox 3428 2506 3587 2576; x_wconf 69' lang='grc' dir='ltr'>ἅγιοι</span> 
     </span>
    </p>
   </div>
   <div class='ocr_carea' id='block_1_54' title="bbox 1979 2597 3647 2667">
    <p class='ocr_par' dir='ltr' id='par_1_54' title="bbox 1979 2597 3647 2667">
     <span class='ocr_line' id='line_1_54' title="bbox 1979 2597 3647 2667; baseline 0 -15"><span class='ocrx_word' id='word_1_435' title='bbox 1979 2597 2264 2652; x_wconf 82' lang='grc' dir='ltr'>ἀπόστολοι</span> <span class='ocrx_word' id='word_1_436' title='bbox 2288 2597 2405 2662; x_wconf 57' lang='grc' dir='ltr'>δὼς</span> <span class='ocrx_word' id='word_1_437' title='bbox 2434 2614 2598 2667; x_wconf 86' lang='grc' dir='ltr'>φησιν</span> <span class='ocrx_word' id='word_1_438' title='bbox 2618 2598 2647 2651; x_wconf 89' lang='grc' dir='ltr'><strong><em>ό</em></strong></span> <span class='ocrx_word' id='word_1_439' title='bbox 2674 2598 2829 2667; x_wconf 77' lang='grc' dir='ltr'>ἅγιος</span> <span class='ocrx_word' id='word_1_440' title='bbox 2871 2597 3225 2661; x_wconf 82' lang='grc' dir='ltr'>Ἀπόστολος·</span> <span class='ocrx_word' id='word_1_441' title='bbox 3269 2597 3369 2663; x_wconf 78' lang='grc' dir='ltr'>Ὠς</span> <span class='ocrx_word' id='word_1_442' title='bbox 3427 2610 3588 2667; x_wconf 68' lang='grc' dir='ltr'>καρ-</span> <span class='ocrx_word' id='word_1_443' title='bbox 3644 2604 3647 2605; x_wconf 65' lang='grc'><strong><em>⁷</em></strong></span> 
     </span>
    </p>
   </div>
   <div class='ocr_carea' id='block_1_55' title="bbox 1978 2685 3593 2758">
    <p class='ocr_par' dir='ltr' id='par_1_55' title="bbox 1978 2685 3593 2758">
     <span class='ocr_line' id='line_1_55' title="bbox 1978 2685 3593 2758; baseline -0.001 -15"><span class='ocrx_word' id='word_1_444' title='bbox 1978 2687 2173 2743; x_wconf 81' lang='grc' dir='ltr'>έδωκα</span> <span class='ocrx_word' id='word_1_445' title='bbox 2218 2690 2361 2758; x_wconf 85' lang='grc' dir='ltr'>ὑμῖν</span> <span class='ocrx_word' id='word_1_446' title='bbox 2381 2705 2405 2721; x_wconf 71' lang='grc' dir='ltr'><strong><em>τ</em></strong></span> <span class='ocrx_word' id='word_1_447' title='bbox 2461 2689 2556 2743; x_wconf 75' lang='grc' dir='ltr'>καὶ</span> <span class='ocrx_word' id='word_1_448' title='bbox 2592 2689 2783 2743; x_wconf 80' lang='grc' dir='ltr'>ἄλλοτε</span> <span class='ocrx_word' id='word_1_449' title='bbox 2806 2706 2821 2718; x_wconf 79' lang='lat'><strong>&#39;</strong></span> <span class='ocrx_word' id='word_1_450' title='bbox 2886 2690 3086 2756; x_wconf 83' lang='grc' dir='ltr'>Οὕτως</span> <span class='ocrx_word' id='word_1_451' title='bbox 3130 2685 3424 2758; x_wconf 78' lang='grc' dir='ltr'><strong><em>διδάσκω,</em></strong></span> <span class='ocrx_word' id='word_1_452' title='bbox 3477 2688 3593 2743; x_wconf 78' lang='grc' dir='ltr'><strong><em>κστ</em></strong></span> 
     </span>
    </p>
   </div>
   <div class='ocr_carea' id='block_1_56' title="bbox 1981 2776 3592 2847">
    <p class='ocr_par' dir='ltr' id='par_1_56' title="bbox 1981 2776 3592 2847">
     <span class='ocr_line' id='line_1_56' title="bbox 1981 2776 3592 2847; baseline -0.001 -15"><span class='ocrx_word' id='word_1_453' title='bbox 1981 2777 2172 2844; x_wconf 83' lang='grc' dir='ltr'>οὕτως</span> <span class='ocrx_word' id='word_1_454' title='bbox 2212 2776 2529 2847; x_wconf 82' lang='grc' dir='ltr'><strong><em>παρέδωκα</em></strong></span> <span class='ocrx_word' id='word_1_455' title='bbox 2570 2778 2642 2831; x_wconf 86' lang='grc' dir='ltr'>ἐν</span> <span class='ocrx_word' id='word_1_456' title='bbox 2679 2777 2810 2844; x_wconf 85' lang='grc' dir='ltr'>ταῖς</span> <span class='ocrx_word' id='word_1_457' title='bbox 2847 2777 3263 2846; x_wconf 71' lang='grc' dir='ltr'><strong><em>Ἑκκλησίαις·</em></strong></span> <span class='ocrx_word' id='word_1_458' title='bbox 3318 2778 3418 2833; x_wconf 72' lang='grc' dir='ltr'><strong><em>καὶ</em></strong></span> <span class='ocrx_word' id='word_1_459' title='bbox 3436 2817 3453 2845; x_wconf 90' lang='grc'><strong><em>,</em></strong></span> <span class='ocrx_word' id='word_1_460' title='bbox 3511 2777 3592 2833; x_wconf 73' lang='grc' dir='ltr'><strong><em>ει</em></strong></span> 
     </span>
    </p>
   </div>
   <div class='ocr_carea' id='block_1_57' title="bbox 1983 2868 3306 2951">
    <p class='ocr_par' dir='ltr' id='par_1_57' title="bbox 1983 2868 3306 2951">
     <span class='ocr_line' id='line_1_57' title="bbox 1983 2868 3306 2951; baseline -0.001 -27"><span class='ocrx_word' id='word_1_461' title='bbox 1983 2869 2263 2939; x_wconf 72' lang='grc' dir='ltr'>κατέχετε</span> <span class='ocrx_word' id='word_1_462' title='bbox 2282 2887 2296 2899; x_wconf 85' lang='grc'><strong>·</strong></span> <span class='ocrx_word' id='word_1_463' title='bbox 2325 2868 2500 2937; x_wconf 79' lang='grc' dir='ltr'>ἐκτὸς</span> <span class='ocrx_word' id='word_1_464' title='bbox 2526 2871 2580 2924; x_wconf 82' lang='grc' dir='ltr'>εὶ</span> <span class='ocrx_word' id='word_1_465' title='bbox 2600 2868 2687 2939; x_wconf 81' lang='grc' dir='ltr'>μὴ</span> <span class='ocrx_word' id='word_1_466' title='bbox 2720 2869 2854 2951; x_wconf 55' lang='grc' dir='ltr'>εικῆ</span> <span class='ocrx_word' id='word_1_467' title='bbox 2882 2870 3306 2925; x_wconf 76' lang='grc' dir='ltr'>ἐπιστεύσατε.</span> 
     </span>
    </p>
   </div>
   <div class='ocr_carea' id='block_1_58' title="bbox 2060 3050 3587 3123">
    <p class='ocr_par' dir='ltr' id='par_1_58' title="bbox 2060 3050 3587 3123">
     <span class='ocr_line' id='line_1_58' title="bbox 2060 3050 3587 3123; baseline 0.001 -20"><span class='ocrx_word' id='word_1_468' title='bbox 2060 3050 2395 3123; x_wconf 73' lang='grc' dir='ltr'>Παρέδωικαν</span> <span class='ocrx_word' id='word_1_469' title='bbox 2446 3051 2628 3105; x_wconf 85' lang='grc' dir='ltr'>τοίνυν</span> <span class='ocrx_word' id='word_1_470' title='bbox 2684 3053 2733 3105; x_wconf 84' lang='grc' dir='ltr'>οἱ</span> <span class='ocrx_word' id='word_1_471' title='bbox 2779 3050 2926 3120; x_wconf 80' lang='grc' dir='ltr'>ἆγιοι</span> <span class='ocrx_word' id='word_1_472' title='bbox 2975 3051 3113 3105; x_wconf 82' lang='grc' dir='ltr'>Θεοῦ</span> <span class='ocrx_word' id='word_1_473' title='bbox 3164 3051 3462 3106; x_wconf 82' lang='grc' dir='ltr'>ἀπόστολοι</span> <span class='ocrx_word' id='word_1_474' title='bbox 3514 3053 3587 3123; x_wconf 78' lang='grc' dir='ltr'>τῇ</span> 
     </span>
    </p>
   </div>
   <div class='ocr_carea' id='block_1_59' title="bbox 295 3139 1894 3218">
    <p class='ocr_par' dir='ltr' id='par_1_59' title="bbox 295 3143 1882 3218">
     <span class='ocr_line' id='line_1_59' title="bbox 295 3143 1882 3218; baseline 0.002 -20"><span class='ocrx_word' id='word_1_475' title='bbox 295 3143 562 3198; x_wconf 81' lang='lat' dir='ltr'><strong><em>traditum</em></strong></span> <span class='ocrx_word' id='word_1_476' title='bbox 609 3146 858 3215; x_wconf 85' lang='lat' dir='ltr'><strong><em>accepit:</em></strong></span> <span class='ocrx_word' id='word_1_477' title='bbox 893 3153 1018 3215; x_wconf 87' lang='lat' dir='ltr'><strong><em>post</em></strong></span> <span class='ocrx_word' id='word_1_478' title='bbox 1063 3145 1340 3201; x_wconf 85' lang='lat' dir='ltr'><strong><em>decretam</em></strong></span> <span class='ocrx_word' id='word_1_479' title='bbox 1395 3146 1765 3218; x_wconf 79' lang='lat' dir='ltr'><strong><em>virginitatem</em></strong></span> <span class='ocrx_word' id='word_1_480' title='bbox 1814 3147 1882 3201; x_wconf 88' lang='lat' dir='ltr'><strong><em>ad</em></strong></span> 
     </span>
    </p>
   </div>
   <div class='ocr_carea' id='block_1_60' title="bbox 2060 3139 3588 3218">
    <p class='ocr_par' dir='ltr' id='par_1_60' title="bbox 2063 3139 3588 3217">
     <span class='ocr_line' id='line_1_60' title="bbox 2063 3139 3588 3217; baseline 0.001 -23"><span class='ocrx_word' id='word_1_481' title='bbox 2063 3140 2118 3214; x_wconf 76' lang='grc' dir='ltr'>ίᾳ</span> <span class='ocrx_word' id='word_1_482' title='bbox 2152 3140 2287 3195; x_wconf 82' lang='grc' dir='ltr'>Θεοῦ</span> <span class='ocrx_word' id='word_1_483' title='bbox 2350 3142 2652 3216; x_wconf 70' lang='grc' dir='ltr'>Ἐκκλησία.</span> <span class='ocrx_word' id='word_1_484' title='bbox 2682 3144 3005 3217; x_wconf 78' lang='grc' dir='ltr'>ὲφάμαρτον</span> <span class='ocrx_word' id='word_1_485' title='bbox 3041 3139 3178 3197; x_wconf 73' lang='grc' dir='ltr'>εἷναι</span> <span class='ocrx_word' id='word_1_486' title='bbox 3208 3143 3290 3208; x_wconf 87' lang='grc' dir='ltr'><strong><em>τὸ,</em></strong></span> <span class='ocrx_word' id='word_1_487' title='bbox 3340 3141 3489 3215; x_wconf 80' lang='grc' dir='ltr'><strong><em>μετά</em></strong></span> <span class='ocrx_word' id='word_1_488' title='bbox 3522 3143 3588 3196; x_wconf 79' lang='grc' dir='ltr'>τὺ</span> 
     </span>
    </p>
   </div>
   <div class='ocr_carea' id='block_1_61' title="bbox 297 3234 1882 3306">
    <p class='ocr_par' dir='ltr' id='par_1_61' title="bbox 297 3234 1882 3306">
     <span class='ocr_line' id='line_1_61' title="bbox 297 3234 1882 3306; baseline 0.003 -17"><span class='ocrx_word' id='word_1_489' title='bbox 297 3235 523 3303; x_wconf 79' lang='lat' dir='ltr'><strong><em>nuptias</em></strong></span> <span class='ocrx_word' id='word_1_490' title='bbox 568 3250 690 3289; x_wconf 82' lang='lat' dir='ltr'><strong><em>sese</em></strong></span> <span class='ocrx_word' id='word_1_491' title='bbox 741 3234 1014 3300; x_wconf 78' lang='lat' dir='ltr'><strong><em>conferre,</em></strong></span> <span class='ocrx_word' id='word_1_492' title='bbox 1052 3237 1264 3291; x_wconf 86' lang='lat' dir='ltr'><strong><em>scelere</em></strong></span> <span class='ocrx_word' id='word_1_493' title='bbox 1312 3236 1655 3306; x_wconf 89' lang='lat' dir='ltr'><strong><em>implicatum</em></strong></span> <span class='ocrx_word' id='word_1_494' title='bbox 1684 3237 1882 3293; x_wconf 90' lang='lat' dir='ltr'><strong><em>videri.</em></strong></span> 
     </span>
    </p>
   </div>
   <div class='ocr_carea' id='block_1_62' title="bbox 297 3324 1887 3397">
    <p class='ocr_par' dir='ltr' id='par_1_62' title="bbox 297 3324 1887 3397">
     <span class='ocr_line' id='line_1_62' title="bbox 297 3324 1887 3397; baseline 0.003 -21"><span class='ocrx_word' id='word_1_495' title='bbox 297 3327 368 3376; x_wconf 79' lang='lat' dir='ltr'><strong><em>At</em></strong></span> <span class='ocrx_word' id='word_1_496' title='bbox 401 3325 544 3377; x_wconf 85' lang='lat' dir='ltr'><strong><em>enim</em></strong></span> <span class='ocrx_word' id='word_1_497' title='bbox 594 3324 887 3393; x_wconf 82' lang='lat' dir='ltr'><strong><em>Apostolus</em></strong></span> <span class='ocrx_word' id='word_1_498' title='bbox 938 3327 1161 3397; x_wconf 79' lang='lat' dir='ltr'><strong><em>scripsit</em></strong></span> <span class='ocrx_word' id='word_1_499' title='bbox 1196 3346 1209 3381; x_wconf 92' lang='lat'>:</span> <span class='ocrx_word' id='word_1_500' title='bbox 1243 3326 1305 3381; x_wconf 88' lang='lat' dir='ltr'><strong><em>Si</em></strong></span> <span class='ocrx_word' id='word_1_501' title='bbox 1333 3330 1567 3396; x_wconf 86' lang='lat' dir='ltr'><strong><em>nupserit</em></strong></span> <span class='ocrx_word' id='word_1_502' title='bbox 1591 3330 1756 3397; x_wconf 79' lang='lat' dir='ltr'><strong><em>virgo,</em></strong></span> <span class='ocrx_word' id='word_1_503' title='bbox 1783 3344 1887 3381; x_wconf 87' lang='lat' dir='ltr'><strong><em>non</em></strong></span> 
     </span>
    </p>
   </div>
   <div class='ocr_carea' id='block_1_63' title="bbox 297 3414 1882 3487">
    <p class='ocr_par' dir='ltr' id='par_1_63' title="bbox 297 3414 1882 3487">
     <span class='ocr_line' id='line_1_63' title="bbox 297 3414 1882 3487; baseline 0.006 -19"><span class='ocrx_word' id='word_1_504' title='bbox 297 3416 582 3485; x_wconf 82' lang='lat' dir='ltr'><strong><em>peccavit&quot;.</em></strong></span> <span class='ocrx_word' id='word_1_505' title='bbox 603 3414 835 3481; x_wconf 82' lang='lat' dir='ltr'><strong><em>Quinam</em></strong></span> <span class='ocrx_word' id='word_1_506' title='bbox 865 3417 1032 3487; x_wconf 81' lang='lat' dir='ltr'><strong><em>igitur</em></strong></span> <span class='ocrx_word' id='word_1_507' title='bbox 1057 3418 1219 3473; x_wconf 84' lang='lat' dir='ltr'><strong><em>ambo</em></strong></span> <span class='ocrx_word' id='word_1_508' title='bbox 1250 3418 1365 3474; x_wconf 79' lang='lat' dir='ltr'><strong><em>haec</em></strong></span> <span class='ocrx_word' id='word_1_509' title='bbox 1397 3420 1540 3475; x_wconf 86' lang='lat' dir='ltr'><strong><em>inter</em></strong></span> <span class='ocrx_word' id='word_1_510' title='bbox 1566 3435 1626 3477; x_wconf 87' lang='lat' dir='ltr'><strong><em>se</em></strong></span> <span class='ocrx_word' id='word_1_511' title='bbox 1652 3436 1882 3478; x_wconf 54' lang='lat' dir='ltr'><strong><em>consen.</em></strong></span> 
     </span>
    </p>
   </div>
   <div class='ocr_carea' id='block_1_64' title="bbox 298 3506 1888 3584">
    <p class='ocr_par' dir='ltr' id='par_1_64' title="bbox 298 3506 1888 3584">
     <span class='ocr_line' id='line_1_64' title="bbox 298 3506 1888 3584; baseline 0.006 -24"><span class='ocrx_word' id='word_1_512' title='bbox 298 3507 478 3561; x_wconf 85' lang='lat' dir='ltr'><strong><em>tiuut?</em></strong></span> <span class='ocrx_word' id='word_1_513' title='bbox 523 3506 627 3561; x_wconf 86' lang='lat' dir='ltr'><strong><em>Sed</em></strong></span> <span class='ocrx_word' id='word_1_514' title='bbox 673 3507 934 3562; x_wconf 88' lang='lat' dir='ltr'><strong><em>nimirum</em></strong></span> <span class='ocrx_word' id='word_1_515' title='bbox 982 3509 1053 3564; x_wconf 90' lang='lat' dir='ltr'><strong><em>de</em></strong></span> <span class='ocrx_word' id='word_1_516' title='bbox 1100 3524 1166 3565; x_wconf 87' lang='lat' dir='ltr'><strong><em>ea</em></strong></span> <span class='ocrx_word' id='word_1_517' title='bbox 1211 3511 1425 3580; x_wconf 81' lang='lat' dir='ltr'><strong><em>virgine</em></strong></span> <span class='ocrx_word' id='word_1_518' title='bbox 1460 3511 1724 3582; x_wconf 81' lang='lat' dir='ltr'><strong><em>loquitur,</em></strong></span> <span class='ocrx_word' id='word_1_519' title='bbox 1764 3529 1888 3584; x_wconf 73' lang='lat' dir='ltr'><strong><em>qua:</em></strong></span> 
     </span>
    </p>
   </div>
   <div class='ocr_carea' id='block_1_65' title="bbox 298 3596 1886 3675">
    <p class='ocr_par' dir='ltr' id='par_1_65' title="bbox 298 3596 1886 3675">
     <span class='ocr_line' id='line_1_65' title="bbox 298 3596 1886 3675; baseline 0.006 -24"><span class='ocrx_word' id='word_1_520' title='bbox 298 3596 413 3651; x_wconf 85' lang='lat' dir='ltr'><strong><em>Deo</em></strong></span> <span class='ocrx_word' id='word_1_521' title='bbox 446 3598 814 3669; x_wconf 79' lang='lat' dir='ltr'><strong><em>virginitatem</em></strong></span> <span class='ocrx_word' id='word_1_522' title='bbox 849 3615 1004 3655; x_wconf 88' lang='lat' dir='ltr'><strong><em>suam</em></strong></span> <span class='ocrx_word' id='word_1_523' title='bbox 1056 3617 1165 3656; x_wconf 93' lang='lat' dir='ltr'><strong><em>non</em></strong></span> <span class='ocrx_word' id='word_1_524' title='bbox 1212 3602 1443 3668; x_wconf 83' lang='lat' dir='ltr'><strong><em>addixit,</em></strong></span> <span class='ocrx_word' id='word_1_525' title='bbox 1476 3604 1721 3675; x_wconf 87' lang='lat' dir='ltr'><strong><em>adeoque</em></strong></span> <span class='ocrx_word' id='word_1_526' title='bbox 1755 3620 1886 3675; x_wconf 83' lang='lat' dir='ltr'><strong><em>pro-</em></strong></span> 
     </span>
    </p>
   </div>
   <div class='ocr_carea' id='block_1_66' title="bbox 298 3691 1891 3767">
    <p class='ocr_par' dir='ltr' id='par_1_66' title="bbox 298 3691 1891 3767">
     <span class='ocr_line' id='line_1_66' title="bbox 298 3691 1891 3767; baseline 0.006 -23"><span class='ocrx_word' id='word_1_527' title='bbox 298 3699 421 3761; x_wconf 84' lang='lat' dir='ltr'><strong><em>pter</em></strong></span> <span class='ocrx_word' id='word_1_528' title='bbox 447 3691 887 3747; x_wconf 81' lang='lat' dir='ltr'><strong><em>Christianorum</em></strong></span> <span class='ocrx_word' id='word_1_529' title='bbox 920 3694 1265 3763; x_wconf 88' lang='lat' dir='ltr'><strong><em>temporibus</em></strong></span> <span class='ocrx_word' id='word_1_530' title='bbox 1307 3696 1417 3751; x_wconf 90' lang='lat' dir='ltr'><strong><em>illis</em></strong></span> <span class='ocrx_word' id='word_1_531' title='bbox 1445 3697 1780 3767; x_wconf 86' lang='lat' dir='ltr'><strong><em>paucitatem</em></strong></span> <span class='ocrx_word' id='word_1_532' title='bbox 1809 3703 1891 3753; x_wconf 86' lang='lat' dir='ltr'><strong><em>at-</em></strong></span> 
     </span>
    </p>
   </div>
   <div class='ocr_carea' id='block_1_67' title="bbox 300 3783 1891 3854">
    <p class='ocr_par' dir='ltr' id='par_1_67' title="bbox 300 3783 1891 3854">
     <span class='ocr_line' id='line_1_67' title="bbox 300 3783 1891 3854; baseline 0.005 -18"><span class='ocrx_word' id='word_1_533' title='bbox 300 3797 407 3853; x_wconf 82' lang='lat' dir='ltr'><strong><em>que</em></strong></span> <span class='ocrx_word' id='word_1_534' title='bbox 441 3783 701 3854; x_wconf 83' lang='lat' dir='ltr'><strong><em>inopiam,</em></strong></span> <span class='ocrx_word' id='word_1_535' title='bbox 738 3786 1054 3840; x_wconf 90' lang='lat' dir='ltr'><strong><em>necessario</em></strong></span> <span class='ocrx_word' id='word_1_536' title='bbox 1089 3785 1205 3841; x_wconf 65' lang='lat' dir='ltr'><strong><em>haec</em></strong></span> <span class='ocrx_word' id='word_1_537' title='bbox 1259 3786 1327 3841; x_wconf 87' lang='lat' dir='ltr'><strong><em>ad</em></strong></span> <span class='ocrx_word' id='word_1_538' title='bbox 1377 3802 1503 3843; x_wconf 89' lang='lat' dir='ltr'><strong><em>eum</em></strong></span> <span class='ocrx_word' id='word_1_539' title='bbox 1540 3790 1760 3844; x_wconf 92' lang='lat' dir='ltr'><strong><em>modum</em></strong></span> <span class='ocrx_word' id='word_1_540' title='bbox 1797 3789 1891 3844; x_wconf 88' lang='lat' dir='ltr'><strong><em>ad-</em></strong></span> 
     </span>
    </p>
   </div>
   <div class='ocr_carea' id='block_1_68' title="bbox 299 3876 1885 3947">
    <p class='ocr_par' dir='ltr' id='par_1_68' title="bbox 299 3876 1885 3947">
     <span class='ocr_line' id='line_1_68' title="bbox 299 3876 1885 3947; baseline 0.005 -19"><span class='ocrx_word' id='word_1_541' title='bbox 299 3876 779 3931; x_wconf 87' lang='lat' dir='ltr'><strong><em>ministrabantur.</em></strong></span> <span class='ocrx_word' id='word_1_542' title='bbox 809 3876 965 3944; x_wconf 86' lang='lat' dir='ltr'><strong><em>Quod</em></strong></span> <span class='ocrx_word' id='word_1_543' title='bbox 1012 3888 1197 3934; x_wconf 88' lang='lat' dir='ltr'><strong><em>autem</em></strong></span> <span class='ocrx_word' id='word_1_544' title='bbox 1240 3879 1317 3933; x_wconf 89' lang='lat' dir='ltr'><strong><em>ita</em></strong></span> <span class='ocrx_word' id='word_1_545' title='bbox 1364 3895 1487 3936; x_wconf 89' lang='lat' dir='ltr'><strong><em>sese</em></strong></span> <span class='ocrx_word' id='word_1_546' title='bbox 1524 3896 1615 3938; x_wconf 90' lang='lat' dir='ltr'><strong><em>res</em></strong></span> <span class='ocrx_word' id='word_1_547' title='bbox 1666 3882 1885 3947; x_wconf 86' lang='lat' dir='ltr'><strong><em>habeat,</em></strong></span> 
     </span>
    </p>
   </div>
   <div class='ocr_carea' id='block_1_69' title="bbox 298 3967 1890 4039">
    <p class='ocr_par' dir='ltr' id='par_1_69' title="bbox 298 3967 1890 4039">
     <span class='ocr_line' id='line_1_69' title="bbox 298 3967 1890 4039; baseline 0.002 -16"><span class='ocrx_word' id='word_1_548' title='bbox 298 3967 543 4036; x_wconf 83' lang='lat' dir='ltr'><strong><em>ejusdem</em></strong></span> <span class='ocrx_word' id='word_1_549' title='bbox 575 3969 823 4039; x_wconf 86' lang='lat' dir='ltr'><strong><em>Apostoli</em></strong></span> <span class='ocrx_word' id='word_1_550' title='bbox 857 3971 1176 4026; x_wconf 90' lang='lat' dir='ltr'><strong><em>testimonio</em></strong></span> <span class='ocrx_word' id='word_1_551' title='bbox 1209 3979 1452 4037; x_wconf 85' lang='lat' dir='ltr'><strong><em>constat,</em></strong></span> <span class='ocrx_word' id='word_1_552' title='bbox 1470 3986 1596 4027; x_wconf 88' lang='lat' dir='ltr'><strong><em>cum</em></strong></span> <span class='ocrx_word' id='word_1_553' title='bbox 1623 3973 1890 4031; x_wconf 78' lang='lat' dir='ltr'><strong><em>aitzAdo-</em></strong></span> 
     </span>
    </p>
   </div>
   <div class='ocr_carea' id='block_1_70' title="bbox 301 4061 1891 4132">
    <p class='ocr_par' dir='ltr' id='par_1_70' title="bbox 301 4061 1891 4132">
     <span class='ocr_line' id='line_1_70' title="bbox 301 4061 1891 4132; baseline 0.004 -19"><span class='ocrx_word' id='word_1_554' title='bbox 301 4061 634 4117; x_wconf 81' lang='lat' dir='ltr'><strong><em>lescentiores</em></strong></span> <span class='ocrx_word' id='word_1_555' title='bbox 669 4063 855 4117; x_wconf 83' lang='lat' dir='ltr'><strong><em>viduas</em></strong></span> <span class='ocrx_word' id='word_1_556' title='bbox 885 4065 1081 4118; x_wconf 88' lang='lat' dir='ltr'><strong><em>devita.</em></strong></span> <span class='ocrx_word' id='word_1_557' title='bbox 1125 4061 1423 4132; x_wconf 88' lang='lat' dir='ltr'><strong><em>Postquam</em></strong></span> <span class='ocrx_word' id='word_1_558' title='bbox 1451 4067 1592 4119; x_wconf 85' lang='lat' dir='ltr'><strong><em>enim</em></strong></span> <span class='ocrx_word' id='word_1_559' title='bbox 1641 4067 1696 4120; x_wconf 90' lang='lat' dir='ltr'><strong><em>in</em></strong></span> <span class='ocrx_word' id='word_1_560' title='bbox 1739 4065 1891 4120; x_wconf 81' lang='lat' dir='ltr'><strong><em>Chri-</em></strong></span> 
     </span>
    </p>
   </div>
   <div class='ocr_carea' id='block_1_71' title="bbox 299 4153 1886 4226">
    <p class='ocr_par' dir='ltr' id='par_1_71' title="bbox 299 4153 1886 4226">
     <span class='ocr_line' id='line_1_71' title="bbox 299 4153 1886 4226; baseline 0.003 -20"><span class='ocrx_word' id='word_1_561' title='bbox 299 4164 441 4207; x_wconf 86' lang='lat' dir='ltr'><strong><em>stum</em></strong></span> <span class='ocrx_word' id='word_1_562' title='bbox 471 4153 815 4218; x_wconf 77' lang='lat' dir='ltr'><strong><em>lascivierint,</em></strong></span> <span class='ocrx_word' id='word_1_563' title='bbox 849 4157 1043 4210; x_wconf 88' lang='lat' dir='ltr'><strong><em>nubere</em></strong></span> <span class='ocrx_word' id='word_1_564' title='bbox 1090 4156 1292 4221; x_wconf 87' lang='lat' dir='ltr'><strong><em>volunt,</em></strong></span> <span class='ocrx_word' id='word_1_565' title='bbox 1323 4156 1573 4211; x_wconf 84' lang='lat' dir='ltr'><strong><em>habentes</em></strong></span> <span class='ocrx_word' id='word_1_566' title='bbox 1594 4157 1886 4226; x_wconf 85' lang='lat' dir='ltr'><strong><em>judicium,</em></strong></span> 
     </span>
    </p>
   </div>
   <div class='ocr_carea' id='block_1_72' title="bbox 298 4245 1890 4317">
    <p class='ocr_par' dir='ltr' id='par_1_72' title="bbox 298 4245 1890 4317">
     <span class='ocr_line' id='line_1_72' title="bbox 298 4245 1890 4317; baseline 0.004 -22"><span class='ocrx_word' id='word_1_567' title='bbox 298 4245 550 4311; x_wconf 79' lang='lat' dir='ltr'><strong><em>quoniam</em></strong></span> <span class='ocrx_word' id='word_1_568' title='bbox 599 4245 825 4313; x_wconf 84' lang='lat' dir='ltr'><strong><em>priorem</em></strong></span> <span class='ocrx_word' id='word_1_569' title='bbox 867 4245 1026 4314; x_wconf 82' lang='lat' dir='ltr'><strong><em>ﬁdem</em></strong></span> <span class='ocrx_word' id='word_1_570' title='bbox 1077 4246 1290 4300; x_wconf 88' lang='lat' dir='ltr'><strong><em>irritam</em></strong></span> <span class='ocrx_word' id='word_1_571' title='bbox 1334 4246 1623 4317; x_wconf 71' lang='lat' dir='ltr'><strong><em>fecerunt&quot;.</em></strong></span> <span class='ocrx_word' id='word_1_572' title='bbox 1654 4247 1813 4313; x_wconf 87' lang='lat' dir='ltr'><strong><em>Quod</em></strong></span> <span class='ocrx_word' id='word_1_573' title='bbox 1841 4248 1890 4302; x_wconf 83' lang='lat' dir='ltr'><strong><em>si</em></strong></span> 
     </span>
    </p>
   </div>
   <div class='ocr_carea' id='block_1_73' title="bbox 299 4335 1889 4405">
    <p class='ocr_par' dir='ltr' id='par_1_73' title="bbox 299 4335 1889 4405">
     <span class='ocr_line' id='line_1_73' title="bbox 299 4335 1889 4405; baseline 0.003 -16"><span class='ocrx_word' id='word_1_574' title='bbox 299 4337 387 4389; x_wconf 88' lang='lat' dir='ltr'><strong><em>vel</em></strong></span> <span class='ocrx_word' id='word_1_575' title='bbox 420 4350 481 4388; x_wconf 89' lang='lat' dir='ltr'><strong><em>ea</em></strong></span> <span class='ocrx_word' id='word_1_576' title='bbox 519 4335 735 4397; x_wconf 88' lang='lat' dir='ltr'><strong><em>mulier,</em></strong></span> <span class='ocrx_word' id='word_1_577' title='bbox 771 4351 892 4405; x_wconf 69' lang='lat' dir='ltr'><strong><em>quae</em></strong></span> <span class='ocrx_word' id='word_1_578' title='bbox 918 4336 1185 4391; x_wconf 91' lang='lat' dir='ltr'><strong><em>mundum</em></strong></span> <span class='ocrx_word' id='word_1_579' title='bbox 1215 4336 1524 4405; x_wconf 86' lang='lat' dir='ltr'><strong><em>periclitata</em></strong></span> <span class='ocrx_word' id='word_1_580' title='bbox 1553 4338 1719 4393; x_wconf 89' lang='lat' dir='ltr'><strong><em>vidua</em></strong></span> <span class='ocrx_word' id='word_1_581' title='bbox 1747 4338 1889 4394; x_wconf 82' lang='lat' dir='ltr'><strong><em>facta</em></strong></span> 
     </span>
    </p>
   </div>
   <div class='ocr_carea' id='block_1_74' title="bbox 1986 3234 3587 3310">
    <p class='ocr_par' dir='ltr' id='par_1_74' title="bbox 1986 3234 3587 3310">
     <span class='ocr_line' id='line_1_74' title="bbox 1986 3234 3587 3310; baseline 0.001 -20"><span class='ocrx_word' id='word_1_582' title='bbox 1986 3235 2169 3308; x_wconf 85' lang='grc' dir='ltr'>ὁρίσαι</span> <span class='ocrx_word' id='word_1_583' title='bbox 2200 3236 2522 3308; x_wconf 83' lang='grc' dir='ltr'>παρθενίαν,</span> <span class='ocrx_word' id='word_1_584' title='bbox 2566 3238 2648 3300; x_wconf 87' lang='grc' dir='ltr'><strong><em>είς</em></strong></span> <span class='ocrx_word' id='word_1_585' title='bbox 2685 3234 2863 3308; x_wconf 85' lang='grc' dir='ltr'>γάμον</span> <span class='ocrx_word' id='word_1_586' title='bbox 2901 3236 3220 3310; x_wconf 80' lang='grc' dir='ltr'>τρέπεσθαι.</span> <span class='ocrx_word' id='word_1_587' title='bbox 3265 3236 3378 3291; x_wconf 79' lang='grc' dir='ltr'><strong><em>Καὶ</em></strong></span> <span class='ocrx_word' id='word_1_588' title='bbox 3412 3235 3587 3305; x_wconf 76' lang='grc' dir='ltr'>ἐγραο</span> 
     </span>
    </p>
   </div>
   <div class='ocr_carea' id='block_1_75' title="bbox 1986 3327 3587 3399">
    <p class='ocr_par' dir='ltr' id='par_1_75' title="bbox 1986 3327 3587 3399">
     <span class='ocr_line' id='line_1_75' title="bbox 1986 3327 3587 3399; baseline 0.001 -18"><span class='ocrx_word' id='word_1_589' title='bbox 1986 3327 2087 3398; x_wconf 72' lang='grc' dir='ltr'><strong><em>ψεν</em></strong></span> <span class='ocrx_word' id='word_1_590' title='bbox 2132 3330 2162 3382; x_wconf 88' lang='grc' dir='ltr'><strong><em>ό</em></strong></span> <span class='ocrx_word' id='word_1_591' title='bbox 2223 3328 2547 3392; x_wconf 83' lang='grc' dir='ltr'>Ἀπόστολος</span> <span class='ocrx_word' id='word_1_592' title='bbox 2580 3346 2594 3359; x_wconf 75' lang='grc'><em>’</em></span> <span class='ocrx_word' id='word_1_593' title='bbox 2636 3328 2776 3389; x_wconf 77' lang='grc' dir='ltr'><strong><em>Ἐὰν</em></strong></span> <span class='ocrx_word' id='word_1_594' title='bbox 2809 3327 2973 3399; x_wconf 75' lang='grc' dir='ltr'>γήμῃ</span> <span class='ocrx_word' id='word_1_595' title='bbox 3020 3330 3061 3399; x_wconf 77' lang='grc' dir='ltr'>ἡ</span> <span class='ocrx_word' id='word_1_596' title='bbox 3097 3327 3419 3397; x_wconf 75' lang='grc' dir='ltr'>παρθένος,</span> <span class='ocrx_word' id='word_1_597' title='bbox 3471 3329 3587 3396; x_wconf 81' lang='grc' dir='ltr'><strong><em>οὐχ</em></strong></span> 
     </span>
    </p>
   </div>
   <div class='ocr_carea' id='block_1_76' title="bbox 1988 3415 3587 3492">
    <p class='ocr_par' dir='ltr' id='par_1_76' title="bbox 1988 3415 3587 3492">
     <span class='ocr_line' id='line_1_76' title="bbox 1988 3415 3587 3492; baseline -0.001 -19"><span class='ocrx_word' id='word_1_598' title='bbox 1988 3420 2233 3488; x_wconf 81' lang='grc' dir='ltr'>ἥμαρτε.</span> <span class='ocrx_word' id='word_1_599' title='bbox 2270 3419 2395 3485; x_wconf 85' lang='grc' dir='ltr'>Πῶς</span> <span class='ocrx_word' id='word_1_600' title='bbox 2435 3415 2529 3474; x_wconf 81' lang='grc' dir='ltr'><strong><em>οὖν</em></strong></span> <span class='ocrx_word' id='word_1_601' title='bbox 2576 3420 2792 3491; x_wconf 80' lang='grc' dir='ltr'>συνᾴδει</span> <span class='ocrx_word' id='word_1_602' title='bbox 2821 3419 2985 3474; x_wconf 75' lang='grc' dir='ltr'>τοῦτο</span> <span class='ocrx_word' id='word_1_603' title='bbox 3019 3419 3230 3492; x_wconf 85' lang='grc' dir='ltr'>τούτῳ;</span> <span class='ocrx_word' id='word_1_604' title='bbox 3282 3419 3451 3473; x_wconf 75' lang='grc' dir='ltr'>Ἀλλὰ</span> <span class='ocrx_word' id='word_1_605' title='bbox 3494 3419 3587 3473; x_wconf 70' lang='grc' dir='ltr'>καί</span> 
     </span>
    </p>
   </div>
   <div class='ocr_carea' id='block_1_77' title="bbox 1988 3507 3581 3582">
    <p class='ocr_par' dir='ltr' id='par_1_77' title="bbox 1988 3507 3581 3582">
     <span class='ocr_line' id='line_1_77' title="bbox 1988 3507 3581 3582; baseline -0.001 -20"><span class='ocrx_word' id='word_1_606' title='bbox 1988 3511 2202 3581; x_wconf 71' lang='grc' dir='ltr'>εκείνην</span> <span class='ocrx_word' id='word_1_607' title='bbox 2231 3509 2329 3582; x_wconf 82' lang='grc' dir='ltr'>τὴν</span> <span class='ocrx_word' id='word_1_608' title='bbox 2363 3510 2637 3582; x_wconf 81' lang='grc' dir='ltr'>παρθένον</span> <span class='ocrx_word' id='word_1_609' title='bbox 2674 3511 2848 3579; x_wconf 81' lang='grc' dir='ltr'>λέγει,</span> <span class='ocrx_word' id='word_1_610' title='bbox 2883 3511 2984 3581; x_wconf 81' lang='grc' dir='ltr'><strong><em>τὴν</em></strong></span> <span class='ocrx_word' id='word_1_611' title='bbox 3029 3510 3104 3581; x_wconf 82' lang='grc' dir='ltr'><strong><em>μὴ</em></strong></span> <span class='ocrx_word' id='word_1_612' title='bbox 3136 3510 3403 3581; x_wconf 87' lang='grc' dir='ltr'>όρίσασαν</span> <span class='ocrx_word' id='word_1_613' title='bbox 3445 3507 3581 3578; x_wconf 84' lang='grc' dir='ltr'>Θεῷ.</span> 
     </span>
    </p>
   </div>
   <div class='ocr_carea' id='block_1_78' title="bbox 1999 3600 3588 3676">
    <p class='ocr_par' dir='ltr' id='par_1_78' title="bbox 1999 3600 3588 3676">
     <span class='ocr_line' id='line_1_78' title="bbox 1999 3600 3588 3676; baseline 0.001 -22"><span class='ocrx_word' id='word_1_614' title='bbox 1999 3600 2163 3654; x_wconf 82' lang='grc' dir='ltr'>Ἀλλὰ</span> <span class='ocrx_word' id='word_1_615' title='bbox 2191 3602 2280 3656; x_wconf 85' lang='grc' dir='ltr'><strong><em>διὰ</em></strong></span> <span class='ocrx_word' id='word_1_616' title='bbox 2311 3603 2412 3674; x_wconf 80' lang='grc' dir='ltr'>τὴν</span> <span class='ocrx_word' id='word_1_617' title='bbox 2441 3602 2677 3676; x_wconf 85' lang='grc' dir='ltr'>ἀπορίαν</span> <span class='ocrx_word' id='word_1_618' title='bbox 2704 3602 2804 3674; x_wconf 84' lang='grc' dir='ltr'>τῆς</span> <span class='ocrx_word' id='word_1_619' title='bbox 2829 3600 2973 3655; x_wconf 86' lang='grc' dir='ltr'>κατὰ</span> <span class='ocrx_word' id='word_1_620' title='bbox 3002 3601 3096 3656; x_wconf 81' lang='grc' dir='ltr'>τὸν</span> <span class='ocrx_word' id='word_1_621' title='bbox 3140 3601 3333 3674; x_wconf 82' lang='grc' dir='ltr'>καιρὸν</span> <span class='ocrx_word' id='word_1_622' title='bbox 3368 3602 3588 3655; x_wconf 71' lang='grc' dir='ltr'>ἐκεῖνον</span> 
     </span>
    </p>
   </div>
   <div class='ocr_carea' id='block_1_79' title="bbox 1990 3692 3586 3765">
    <p class='ocr_par' dir='ltr' id='par_1_79' title="bbox 1990 3692 3586 3765">
     <span class='ocr_line' id='line_1_79' title="bbox 1990 3692 3586 3765; baseline 0.001 -19"><span class='ocrx_word' id='word_1_623' title='bbox 1990 3693 2203 3764; x_wconf 85' lang='grc' dir='ltr'>σπάνης</span> <span class='ocrx_word' id='word_1_624' title='bbox 2231 3692 2339 3747; x_wconf 89' lang='grc' dir='ltr'><strong><em>τῶν</em></strong></span> <span class='ocrx_word' id='word_1_625' title='bbox 2363 3695 2443 3758; x_wconf 84' lang='grc' dir='ltr'><strong><em>είς</em></strong></span> <span class='ocrx_word' id='word_1_626' title='bbox 2484 3694 2719 3765; x_wconf 79' lang='grc' dir='ltr'>Χριστὸν</span> <span class='ocrx_word' id='word_1_627' title='bbox 2753 3693 3201 3748; x_wconf 85' lang='grc' dir='ltr'>πεπιστευκότων</span> <span class='ocrx_word' id='word_1_628' title='bbox 3233 3693 3379 3747; x_wconf 78' lang='grc' dir='ltr'>κατὰ</span> <span class='ocrx_word' id='word_1_629' title='bbox 3416 3694 3586 3763; x_wconf 82' lang='grc' dir='ltr'>ἀνάγ-</span> 
     </span>
    </p>
   </div>
   <div class='ocr_carea' id='block_1_80' title="bbox 1989 3784 3581 3856">
    <p class='ocr_par' dir='ltr' id='par_1_80' title="bbox 1989 3784 3581 3856">
     <span class='ocr_line' id='line_1_80' title="bbox 1989 3784 3581 3856; baseline 0 -18"><span class='ocrx_word' id='word_1_630' title='bbox 1989 3801 2094 3855; x_wconf 83' lang='grc' dir='ltr'><strong><em>κην</em></strong></span> <span class='ocrx_word' id='word_1_631' title='bbox 2144 3785 2319 3849; x_wconf 79' lang='grc' dir='ltr'>οὕτως</span> <span class='ocrx_word' id='word_1_632' title='bbox 2364 3786 2692 3841; x_wconf 84' lang='grc' dir='ltr'>ὲπετελεῖτο.</span> <span class='ocrx_word' id='word_1_633' title='bbox 2738 3786 2851 3839; x_wconf 75' lang='grc' dir='ltr'>Καὶ</span> <span class='ocrx_word' id='word_1_634' title='bbox 2891 3786 2975 3840; x_wconf 80' lang='grc' dir='ltr'>ὅτι</span> <span class='ocrx_word' id='word_1_635' title='bbox 3023 3784 3201 3840; x_wconf 78' lang='grc' dir='ltr'>ταῦτα</span> <span class='ocrx_word' id='word_1_636' title='bbox 3232 3785 3408 3850; x_wconf 84' lang='grc' dir='ltr'>οὕτως</span> <span class='ocrx_word' id='word_1_637' title='bbox 3450 3785 3581 3856; x_wconf 76' lang='grc' dir='ltr'>ἔχει,</span> 
     </span>
    </p>
   </div>
   <div class='ocr_carea' id='block_1_81' title="bbox 1988 3876 3579 3948">
    <p class='ocr_par' dir='ltr' id='par_1_81' title="bbox 1988 3876 3579 3948">
     <span class='ocr_line' id='line_1_81' title="bbox 1988 3876 3579 3948; baseline 0.001 -18"><span class='ocrx_word' id='word_1_638' title='bbox 1988 3876 2190 3944; x_wconf 79' lang='grc' dir='ltr'>διδάξει</span> <span class='ocrx_word' id='word_1_639' title='bbox 2224 3877 2374 3948; x_wconf 81' lang='grc' dir='ltr'>ἡμᾶς</span> <span class='ocrx_word' id='word_1_640' title='bbox 2406 3879 2436 3930; x_wconf 89' lang='grc' dir='ltr'><strong><em>ό</em></strong></span> <span class='ocrx_word' id='word_1_641' title='bbox 2464 3877 2627 3942; x_wconf 84' lang='grc' dir='ltr'>αὐτὸς</span> <span class='ocrx_word' id='word_1_642' title='bbox 2653 3876 2996 3943; x_wconf 82' lang='grc' dir='ltr'>Ἀπόστολος,</span> <span class='ocrx_word' id='word_1_643' title='bbox 3029 3876 3205 3945; x_wconf 86' lang='grc' dir='ltr'>λέγων</span> <span class='ocrx_word' id='word_1_644' title='bbox 3230 3894 3245 3908; x_wconf 71' lang='grc' dir='ltr'><strong><em>ο</em></strong></span> <span class='ocrx_word' id='word_1_645' title='bbox 3275 3878 3579 3947; x_wconf 81' lang='grc' dir='ltr'>Νεωτέρας</span> 
     </span>
    </p>
   </div>
   <div class='ocr_carea' id='block_1_82' title="bbox 1994 3967 3585 4040">
    <p class='ocr_par' dir='ltr' id='par_1_82' title="bbox 1994 3967 3585 4040">
     <span class='ocr_line' id='line_1_82' title="bbox 1994 3967 3585 4040; baseline -0.016 0"><span class='ocrx_word' id='word_1_646' title='bbox 1994 3969 2187 4039; x_wconf 80' lang='grc' dir='ltr'><strong><em>χήρας</em></strong></span> <span class='ocrx_word' id='word_1_647' title='bbox 2226 3970 2539 4040; x_wconf 78' lang='grc' dir='ltr'>παραιτοῦ.</span> <span class='ocrx_word' id='word_1_648' title='bbox 2582 3971 2744 4024; x_wconf 85' lang='grc' dir='ltr'>Μετὰ</span> <span class='ocrx_word' id='word_1_649' title='bbox 2784 3969 2895 4040; x_wconf 70' lang='grc' dir='ltr'>γὰρ</span> <span class='ocrx_word' id='word_1_650' title='bbox 2938 3967 3009 4023; x_wconf 83' lang='grc' dir='ltr'>τὸ</span> <span class='ocrx_word' id='word_1_651' title='bbox 3064 3968 3585 4037; x_wconf 77' lang='grc' dir='ltr'>καταστρηνιάσαι</span> 
     </span>
    </p>
   </div>
   <div class='ocr_carea' id='block_1_83' title="bbox 1988 4056 3581 4129">
    <p class='ocr_par' dir='ltr' id='par_1_83' title="bbox 1988 4056 3581 4129">
     <span class='ocr_line' id='line_1_83' title="bbox 1988 4056 3581 4129; baseline -0.001 -16"><span class='ocrx_word' id='word_1_652' title='bbox 1988 4059 2099 4114; x_wconf 85' lang='grc' dir='ltr'>τοῦ</span> <span class='ocrx_word' id='word_1_653' title='bbox 2133 4058 2418 4129; x_wconf 83' lang='grc' dir='ltr'>Χριστοῦ,</span> <span class='ocrx_word' id='word_1_654' title='bbox 2471 4058 2685 4129; x_wconf 79' lang='grc' dir='ltr'>γαμεῖν</span> <span class='ocrx_word' id='word_1_655' title='bbox 2718 4059 3027 4122; x_wconf 71' lang='grc' dir='ltr'>θέλουσιν,</span> <span class='ocrx_word' id='word_1_656' title='bbox 3070 4056 3330 4127; x_wconf 78' lang='grc' dir='ltr'>ἔχουσαι</span> <span class='ocrx_word' id='word_1_657' title='bbox 3382 4058 3581 4129; x_wconf 74' lang='grc' dir='ltr'>κρῖμα,</span> 
     </span>
    </p>
   </div>
   <div class='ocr_carea' id='block_1_84' title="bbox 1990 4149 3582 4224">
    <p class='ocr_par' dir='ltr' id='par_1_84' title="bbox 1990 4149 3582 4224">
     <span class='ocr_line' id='line_1_84' title="bbox 1990 4149 3582 4224; baseline 0.001 -19"><span class='ocrx_word' id='word_1_658' title='bbox 1990 4152 2081 4206; x_wconf 86' lang='grc' dir='ltr'>ὅτι</span> <span class='ocrx_word' id='word_1_659' title='bbox 2116 4151 2232 4221; x_wconf 80' lang='grc' dir='ltr'>τὴν</span> <span class='ocrx_word' id='word_1_660' title='bbox 2254 4152 2513 4221; x_wconf 68' lang='grc' dir='ltr'>,πρώτην</span> <span class='ocrx_word' id='word_1_661' title='bbox 2557 4152 2768 4206; x_wconf 78' lang='grc' dir='ltr'>πίστιν</span> <span class='ocrx_word' id='word_1_662' title='bbox 2804 4149 3130 4220; x_wconf 68' lang='grc' dir='ltr'>ἠθέτησαν.</span> <span class='ocrx_word' id='word_1_663' title='bbox 3173 4150 3236 4203; x_wconf 85' lang='grc' dir='ltr'>Εί</span> <span class='ocrx_word' id='word_1_664' title='bbox 3283 4152 3468 4206; x_wconf 84' lang='grc' dir='ltr'>τοίνυν</span> <span class='ocrx_word' id='word_1_665' title='bbox 3492 4151 3582 4224; x_wconf 89' lang='grc' dir='ltr'><strong><em>(εἰ)</em></strong></span> 
     </span>
    </p>
   </div>
   <div class='ocr_carea' id='block_1_85' title="bbox 1991 4241 3586 4315">
    <p class='ocr_par' dir='ltr' id='par_1_85' title="bbox 1991 4241 3586 4315">
     <span class='ocr_line' id='line_1_85' title="bbox 1991 4241 3586 4315; baseline -0.001 -17"><span class='ocrx_word' id='word_1_666' title='bbox 1991 4244 2147 4315; x_wconf 76' lang='grc' dir='ltr'>καὶὴ</span> <span class='ocrx_word' id='word_1_667' title='bbox 2188 4244 2327 4315; x_wconf 80' lang='grc' dir='ltr'><strong><em>μετά</em></strong></span> <span class='ocrx_word' id='word_1_668' title='bbox 2360 4246 2556 4314; x_wconf 82' lang='grc' dir='ltr'>πεῖραν</span> <span class='ocrx_word' id='word_1_669' title='bbox 2589 4244 2798 4313; x_wconf 84' lang='grc' dir='ltr'>κόσμου</span> <span class='ocrx_word' id='word_1_670' title='bbox 2834 4241 3157 4315; x_wconf 85' lang='grc' dir='ltr'>χηρεύσασα</span> <span class='ocrx_word' id='word_1_671' title='bbox 3195 4242 3358 4313; x_wconf 80' lang='grc' dir='ltr'>γυνὴ,</span> <span class='ocrx_word' id='word_1_672' title='bbox 3394 4243 3486 4297; x_wconf 78' lang='grc' dir='ltr'><strong><em>διὰ</em></strong></span> <span class='ocrx_word' id='word_1_673' title='bbox 3525 4242 3586 4297; x_wconf 72' lang='grc' dir='ltr'>τὸ</span> 
     </span>
    </p>
   </div>
   <div class='ocr_carea' id='block_1_86' title="bbox 1988 4334 3583 4406">
    <p class='ocr_par' dir='ltr' id='par_1_86' title="bbox 1988 4334 3583 4406">
     <span class='ocr_line' id='line_1_86' title="bbox 1988 4334 3583 4406; baseline -0.001 -16"><span class='ocrx_word' id='word_1_674' title='bbox 1988 4334 2249 4406; x_wconf 82' lang='grc' dir='ltr'>τετάχθαι</span> <span class='ocrx_word' id='word_1_675' title='bbox 2285 4334 2426 4406; x_wconf 81' lang='grc' dir='ltr'>Θεῷ,</span> <span class='ocrx_word' id='word_1_676' title='bbox 2460 4334 2654 4388; x_wconf 76' lang='grc' dir='ltr'>ἔπειτα</span> <span class='ocrx_word' id='word_1_677' title='bbox 2691 4335 2941 4406; x_wconf 86' lang='grc' dir='ltr'>γήμασα,</span> <span class='ocrx_word' id='word_1_678' title='bbox 2992 4336 3171 4406; x_wconf 83' lang='grc' dir='ltr'>κρῖμα</span> <span class='ocrx_word' id='word_1_679' title='bbox 3208 4334 3344 4401; x_wconf 71' lang='grc' dir='ltr'>ἕξει,</span> <span class='ocrx_word' id='word_1_680' title='bbox 3391 4334 3583 4405; x_wconf 81' lang='grc' dir='ltr'>ἀθετή-</span> 
     </span>
    </p>
   </div>
   <div class='ocr_carea' id='block_1_87' title="bbox 302 4424 1894 4501">
    <p class='ocr_par' dir='ltr' id='par_1_87' title="bbox 302 4426 1887 4501">
     <span class='ocr_line' id='line_1_87' title="bbox 302 4426 1887 4501; baseline 0.003 -20"><span class='ocrx_word' id='word_1_681' title='bbox 302 4435 410 4491; x_wconf 88' lang='lat' dir='ltr'><strong><em>est,</em></strong></span> <span class='ocrx_word' id='word_1_682' title='bbox 443 4441 545 4496; x_wconf 88' lang='lat' dir='ltr'><strong><em>pro</em></strong></span> <span class='ocrx_word' id='word_1_683' title='bbox 588 4441 653 4480; x_wconf 88' lang='lat' dir='ltr'><strong><em>eo</em></strong></span> <span class='ocrx_word' id='word_1_684' title='bbox 700 4427 847 4497; x_wconf 93' lang='lat' dir='ltr'><strong><em>quod</em></strong></span> <span class='ocrx_word' id='word_1_685' title='bbox 888 4426 998 4483; x_wconf 81' lang='lat' dir='ltr'><strong><em>Deo</em></strong></span> <span class='ocrx_word' id='word_1_686' title='bbox 1044 4435 1366 4484; x_wconf 84' lang='lat' dir='ltr'><strong><em>consecrata</em></strong></span> <span class='ocrx_word' id='word_1_687' title='bbox 1393 4428 1581 4496; x_wconf 83' lang='lat' dir='ltr'><strong><em>fuerit,</em></strong></span> <span class='ocrx_word' id='word_1_688' title='bbox 1619 4431 1666 4486; x_wconf 88' lang='lat' dir='ltr'><strong><em>si</em></strong></span> <span class='ocrx_word' id='word_1_689' title='bbox 1696 4439 1887 4501; x_wconf 89' lang='lat' dir='ltr'><strong><em>postea</em></strong></span> 
     </span>
    </p>
   </div>
   <div class='ocr_carea' id='block_1_88' title="bbox 2060 4424 3584 4501">
    <p class='ocr_par' dir='ltr' id='par_1_88' title="bbox 2060 4424 3584 4500">
     <span class='ocr_line' id='line_1_88' title="bbox 2060 4424 3584 4500; baseline 0.001 -22"><span class='ocrx_word' id='word_1_690' title='bbox 2060 4444 2135 4480; x_wconf 84' lang='grc' dir='ltr'><strong><em>σα</em></strong></span> <span class='ocrx_word' id='word_1_691' title='bbox 2176 4426 2276 4498; x_wconf 83' lang='grc' dir='ltr'>τὴν</span> <span class='ocrx_word' id='word_1_692' title='bbox 2327 4424 2555 4500; x_wconf 84' lang='grc' dir='ltr'>πρώτην</span> <span class='ocrx_word' id='word_1_693' title='bbox 2593 4426 2779 4480; x_wconf 88' lang='grc' dir='ltr'>πίστιν</span> <span class='ocrx_word' id='word_1_694' title='bbox 2805 4442 2819 4457; x_wconf 74' lang='grc'><strong><em>⁸</em></strong></span> <span class='ocrx_word' id='word_1_695' title='bbox 2874 4425 3035 4496; x_wconf 79' lang='grc' dir='ltr'>πόσῳ</span> <span class='ocrx_word' id='word_1_696' title='bbox 3062 4441 3127 4494; x_wconf 89' lang='grc' dir='ltr'><strong><em>γε</em></strong></span> <span class='ocrx_word' id='word_1_697' title='bbox 3160 4424 3371 4496; x_wconf 80' lang='grc' dir='ltr'>’μᾶλλον</span> <span class='ocrx_word' id='word_1_698' title='bbox 3414 4428 3448 4496; x_wconf 80' lang='grc' dir='ltr'>ἡ</span> <span class='ocrx_word' id='word_1_699' title='bbox 3495 4425 3584 4479; x_wconf 74' lang='grc' dir='ltr'><strong><em>καὶ</em></strong></span> 
     </span>
    </p>
   </div>
   <div class='ocr_carea' id='block_1_89' title="bbox 301 4516 1891 4589">
    <p class='ocr_par' dir='ltr' id='par_1_89' title="bbox 301 4516 1891 4589">
     <span class='ocr_line' id='line_1_89' title="bbox 301 4516 1891 4589; baseline 0.003 -18"><span class='ocrx_word' id='word_1_700' title='bbox 301 4516 572 4586; x_wconf 87' lang='lat' dir='ltr'><strong><em>nupserit,</em></strong></span> <span class='ocrx_word' id='word_1_701' title='bbox 593 4516 866 4586; x_wconf 87' lang='lat' dir='ltr'><strong><em>judicium</em></strong></span> <span class='ocrx_word' id='word_1_702' title='bbox 908 4518 1094 4583; x_wconf 89' lang='lat' dir='ltr'><strong><em>habet,</em></strong></span> <span class='ocrx_word' id='word_1_703' title='bbox 1131 4518 1279 4589; x_wconf 87' lang='lat' dir='ltr'><strong><em>quod</em></strong></span> <span class='ocrx_word' id='word_1_704' title='bbox 1309 4519 1544 4589; x_wconf 85' lang='lat' dir='ltr'><strong><em>primam</em></strong></span> <span class='ocrx_word' id='word_1_705' title='bbox 1575 4518 1735 4576; x_wconf 84' lang='lat' dir='ltr'><strong><em>ﬁdem</em></strong></span> <span class='ocrx_word' id='word_1_706' title='bbox 1766 4522 1891 4576; x_wconf 85' lang='lat' dir='ltr'><strong><em>irri-</em></strong></span> 
     </span>
    </p>
   </div>
   <div class='ocr_carea' id='block_1_90' title="bbox 301 4606 1887 4681">
    <p class='ocr_par' dir='ltr' id='par_1_90' title="bbox 301 4606 1887 4681">
     <span class='ocr_line' id='line_1_90' title="bbox 301 4606 1887 4681; baseline 0.002 -20"><span class='ocrx_word' id='word_1_707' title='bbox 301 4616 413 4662; x_wconf 83' lang='lat' dir='ltr'><strong><em>tam</em></strong></span> <span class='ocrx_word' id='word_1_708' title='bbox 468 4606 630 4676; x_wconf 84' lang='lat' dir='ltr'><strong><em>fecit;</em></strong></span> <span class='ocrx_word' id='word_1_709' title='bbox 669 4625 813 4680; x_wconf 63' lang='lat' dir='ltr'><strong><em>quae,</em></strong></span> <span class='ocrx_word' id='word_1_710' title='bbox 866 4617 1159 4681; x_wconf 85' lang='lat' dir='ltr'><strong><em>antequam</em></strong></span> <span class='ocrx_word' id='word_1_711' title='bbox 1203 4609 1471 4665; x_wconf 87' lang='lat' dir='ltr'><strong><em>mundum</em></strong></span> <span class='ocrx_word' id='word_1_712' title='bbox 1520 4611 1887 4681; x_wconf 83' lang='lat' dir='ltr'><strong><em>experiretur,</em></strong></span> 
     </span>
    </p>
   </div>
   <div class='ocr_carea' id='block_1_91' title="bbox 303 4698 1891 4773">
    <p class='ocr_par' dir='ltr' id='par_1_91' title="bbox 303 4698 1891 4773">
     <span class='ocr_line' id='line_1_91' title="bbox 303 4698 1891 4773; baseline 0.001 -19"><span class='ocrx_word' id='word_1_713' title='bbox 303 4699 652 4770; x_wconf 85' lang='lat' dir='ltr'><strong><em>scmetipsam</em></strong></span> <span class='ocrx_word' id='word_1_714' title='bbox 697 4698 808 4756; x_wconf 91' lang='lat' dir='ltr'><strong><em>Deo</em></strong></span> <span class='ocrx_word' id='word_1_715' title='bbox 850 4700 1119 4755; x_wconf 87' lang='lat' dir='ltr'><strong><em>dicaverit</em></strong></span> <span class='ocrx_word' id='word_1_716' title='bbox 1159 4702 1334 4773; x_wconf 73' lang='lat' dir='ltr'><strong><em>virgo,</em></strong></span> <span class='ocrx_word' id='word_1_717' title='bbox 1368 4716 1550 4757; x_wconf 90' lang='lat' dir='ltr'><strong><em>nonne</em></strong></span> <span class='ocrx_word' id='word_1_718' title='bbox 1577 4700 1749 4756; x_wconf 90' lang='lat' dir='ltr'><strong><em>multo</em></strong></span> <span class='ocrx_word' id='word_1_719' title='bbox 1777 4716 1891 4756; x_wconf 87' lang='lat' dir='ltr'><strong><em>ma-</em></strong></span> 
     </span>
    </p>
   </div>
   <div class='ocr_carea' id='block_1_92' title="bbox 301 4789 1888 4862">
    <p class='ocr_par' dir='ltr' id='par_1_92' title="bbox 301 4789 1888 4862">
     <span class='ocr_line' id='line_1_92' title="bbox 301 4789 1888 4862; baseline 0.003 -21"><span class='ocrx_word' id='word_1_720' title='bbox 301 4789 386 4859; x_wconf 80' lang='lat' dir='ltr'><strong><em>gis</em></strong></span> <span class='ocrx_word' id='word_1_721' title='bbox 412 4789 1018 4857; x_wconf 87' lang='lat' dir='ltr'><strong><em>lascivitinChristum,</em></strong></span> <span class='ocrx_word' id='word_1_722' title='bbox 1052 4791 1427 4862; x_wconf 88' lang='lat' dir='ltr'><strong><em>majoremque</em></strong></span> <span class='ocrx_word' id='word_1_723' title='bbox 1471 4791 1633 4847; x_wconf 80' lang='lat' dir='ltr'><strong><em>ﬁdem</em></strong></span> <span class='ocrx_word' id='word_1_724' title='bbox 1675 4791 1888 4846; x_wconf 84' lang='lat' dir='ltr'><strong><em>irritam</em></strong></span> 
     </span>
    </p>
   </div>
   <div class='ocr_carea' id='block_1_93' title="bbox 300 4882 1891 4961">
    <p class='ocr_par' dir='ltr' id='par_1_93' title="bbox 300 4882 1891 4961">
     <span class='ocr_line' id='line_1_93' title="bbox 300 4882 1891 4961; baseline 0.001 -25"><span class='ocrx_word' id='word_1_725' title='bbox 300 4882 561 4961; x_wconf 83' lang='lat' dir='ltr'><strong><em>reddidit,</em></strong></span> <span class='ocrx_word' id='word_1_726' title='bbox 624 4899 689 4939; x_wconf 90' lang='lat' dir='ltr'><strong><em>ac</em></strong></span> <span class='ocrx_word' id='word_1_727' title='bbox 731 4882 1006 4954; x_wconf 87' lang='lat' dir='ltr'><strong><em>judicium</em></strong></span> <span class='ocrx_word' id='word_1_728' title='bbox 1066 4882 1190 4940; x_wconf 86' lang='lat' dir='ltr'><strong><em>ideo</em></strong></span> <span class='ocrx_word' id='word_1_729' title='bbox 1245 4883 1565 4950; x_wconf 86' lang='lat' dir='ltr'><strong><em>sustinebit,</em></strong></span> <span class='ocrx_word' id='word_1_730' title='bbox 1624 4900 1690 4940; x_wconf 91' lang='lat' dir='ltr'><strong><em>eo</em></strong></span> <span class='ocrx_word' id='word_1_731' title='bbox 1742 4882 1891 4954; x_wconf 88' lang='lat' dir='ltr'><strong><em>quod</em></strong></span> 
     </span>
    </p>
   </div>
   <div class='ocr_carea' id='block_1_94' title="bbox 1994 4514 3578 4589">
    <p class='ocr_par' dir='ltr' id='par_1_94' title="bbox 1994 4514 3578 4589">
     <span class='ocr_line' id='line_1_94' title="bbox 1994 4514 3578 4589; baseline -0.001 -19"><span class='ocrx_word' id='word_1_732' title='bbox 1994 4516 2170 4589; x_wconf 82' lang='grc' dir='ltr'>αὐτὴν</span> <span class='ocrx_word' id='word_1_733' title='bbox 2204 4518 2336 4572; x_wconf 78' lang='grc' dir='ltr'>ἄνευ</span> <span class='ocrx_word' id='word_1_734' title='bbox 2359 4517 2560 4588; x_wconf 87' lang='grc' dir='ltr'>πείρας</span> <span class='ocrx_word' id='word_1_735' title='bbox 2593 4517 2800 4587; x_wconf 85' lang='grc' dir='ltr'>κόσμου</span> <span class='ocrx_word' id='word_1_736' title='bbox 2834 4514 3093 4570; x_wconf 80' lang='grc' dir='ltr'>ἀναθεῖσα</span> <span class='ocrx_word' id='word_1_737' title='bbox 3140 4514 3415 4586; x_wconf 85' lang='grc' dir='ltr'>παρθένος</span> <span class='ocrx_word' id='word_1_738' title='bbox 3446 4514 3578 4585; x_wconf 77' lang='grc' dir='ltr'>Θεῷ,</span> 
     </span>
    </p>
   </div>
   <div class='ocr_carea' id='block_1_95' title="bbox 1991 4602 3581 4682">
    <p class='ocr_par' dir='ltr' id='par_1_95' title="bbox 1991 4602 3581 4682">
     <span class='ocr_line' id='line_1_95' title="bbox 1991 4602 3581 4682; baseline -0.004 -19"><span class='ocrx_word' id='word_1_739' title='bbox 1991 4612 2313 4682; x_wconf 85' lang='grc' dir='ltr'>γαμήσασα,</span> <span class='ocrx_word' id='word_1_740' title='bbox 2359 4608 2479 4673; x_wconf 90' lang='grc' dir='ltr'><strong><em>πῶς</em></strong></span> <span class='ocrx_word' id='word_1_741' title='bbox 2507 4608 2629 4679; x_wconf 77' lang='grc' dir='ltr'>οὐχὶ</span> <span class='ocrx_word' id='word_1_742' title='bbox 2685 4606 2888 4680; x_wconf 82' lang='grc' dir='ltr'>μᾶλλον</span> <span class='ocrx_word' id='word_1_743' title='bbox 2933 4607 3074 4678; x_wconf 84' lang='grc' dir='ltr'>αὐτῇ</span> <span class='ocrx_word' id='word_1_744' title='bbox 3124 4604 3270 4676; x_wconf 71' lang='grc' dir='ltr'>ὑπὲρ</span> <span class='ocrx_word' id='word_1_745' title='bbox 3323 4602 3581 4677; x_wconf 86' lang='grc' dir='ltr'>περισσοῦ</span> 
     </span>
    </p>
   </div>
   <div class='ocr_carea' id='block_1_96' title="bbox 1993 4694 3581 4773">
    <p class='ocr_par' dir='ltr' id='par_1_96' title="bbox 1993 4694 3581 4773">
     <span class='ocr_line' id='line_1_96' title="bbox 1993 4694 3581 4773; baseline -0.005 -18"><span class='ocrx_word' id='word_1_746' title='bbox 1993 4700 2427 4773; x_wconf 86' lang='grc' dir='ltr'>κατεστρηνίασε</span> <span class='ocrx_word' id='word_1_747' title='bbox 2479 4697 2753 4773; x_wconf 71' lang='grc' dir='ltr'>Χριστοῦ,</span> <span class='ocrx_word' id='word_1_748' title='bbox 2822 4696 2917 4751; x_wconf 83' lang='grc' dir='ltr'>καὶ</span> <span class='ocrx_word' id='word_1_749' title='bbox 2975 4696 3077 4768; x_wconf 79' lang='grc' dir='ltr'><strong><em>τὴν</em></strong></span> <span class='ocrx_word' id='word_1_750' title='bbox 3124 4694 3350 4766; x_wconf 82' lang='grc' dir='ltr'>μείζονα</span> <span class='ocrx_word' id='word_1_751' title='bbox 3402 4696 3581 4749; x_wconf 81' lang='grc' dir='ltr'>πίστιν</span> 
     </span>
    </p>
   </div>
   <div class='ocr_carea' id='block_1_97' title="bbox 1991 4786 3582 4865">
    <p class='ocr_par' dir='ltr' id='par_1_97' title="bbox 1991 4786 3582 4865">
     <span class='ocr_line' id='line_1_97' title="bbox 1991 4786 3582 4865; baseline -0.004 -17"><span class='ocrx_word' id='word_1_752' title='bbox 1991 4794 2248 4865; x_wconf 81' lang='grc' dir='ltr'>ἡθέτησε,</span> <span class='ocrx_word' id='word_1_753' title='bbox 2279 4793 2374 4848; x_wconf 74' lang='grc' dir='ltr'>καὶ</span> <span class='ocrx_word' id='word_1_754' title='bbox 2402 4793 2517 4860; x_wconf 72' lang='grc' dir='ltr'>ἕξει</span> <span class='ocrx_word' id='word_1_755' title='bbox 2555 4793 2733 4864; x_wconf 81' lang='grc' dir='ltr'>κρῖμα</span> <span class='ocrx_word' id='word_1_756' title='bbox 2757 4789 2833 4854; x_wconf 85' lang='grc' dir='ltr'>ὡς</span> <span class='ocrx_word' id='word_1_757' title='bbox 2853 4788 3300 4859; x_wconf 85' lang='grc' dir='ltr'>ἀναχαλασθεῖσα</span> <span class='ocrx_word' id='word_1_758' title='bbox 3320 4789 3426 4861; x_wconf 82' lang='grc' dir='ltr'>τῆς</span> <span class='ocrx_word' id='word_1_759' title='bbox 3451 4786 3582 4851; x_wconf 72' lang='grc' dir='ltr'>ἰδίας</span> 
     </span>
    </p>
   </div>
   <div class='ocr_carea' id='block_1_98' title="bbox 1993 4883 2685 4957">
    <p class='ocr_par' dir='ltr' id='par_1_98' title="bbox 1993 4883 2685 4957">
     <span class='ocr_line' id='line_1_98' title="bbox 1993 4883 2685 4957; baseline 0.012 -18"><span class='ocrx_word' id='word_1_760' title='bbox 1993 4885 2135 4940; x_wconf 79' lang='grc' dir='ltr'>κατὰ</span> <span class='ocrx_word' id='word_1_761' title='bbox 2156 4885 2303 4957; x_wconf 33' lang='grc' dir='ltr'>,Θεὸν</span> <span class='ocrx_word' id='word_1_762' title='bbox 2337 4883 2652 4957; x_wconf 82' lang='grc' dir='ltr'>προθέσεως</span> <span class='ocrx_word' id='word_1_763' title='bbox 2671 4898 2685 4951; x_wconf 72' lang='grc' dir='ltr'><strong><em>ἱ</em></strong></span> 
     </span>
    </p>
   </div>
   <div class='ocr_carea' id='block_1_99' title="bbox 304 4965 2002 5046">
    <p class='ocr_par' dir='ltr' id='par_1_99' title="bbox 304 4965 2002 5046">
     <span class='ocr_line' id='line_1_99' title="bbox 304 4965 2002 5046; baseline -0.001 -15"><span class='ocrx_word' id='word_1_764' title='bbox 304 4965 465 5032; x_wconf 84' lang='lat' dir='ltr'><strong><em>suum</em></strong></span> <span class='ocrx_word' id='word_1_765' title='bbox 540 4975 673 5030; x_wconf 91' lang='lat' dir='ltr'><strong><em>illud</em></strong></span> <span class='ocrx_word' id='word_1_766' title='bbox 722 4975 1026 5031; x_wconf 90' lang='lat' dir='ltr'><strong><em>secundum</em></strong></span> <span class='ocrx_word' id='word_1_767' title='bbox 1081 4974 1252 5031; x_wconf 90' lang='lat' dir='ltr'><strong><em>Deum</em></strong></span> <span class='ocrx_word' id='word_1_768' title='bbox 1304 4976 1649 5046; x_wconf 86' lang='lat' dir='ltr'><strong><em>propositum</em></strong></span> <span class='ocrx_word' id='word_1_769' title='bbox 1700 4974 2002 5032; x_wconf 81' lang='lat' dir='ltr'><strong><em>relaxavit?</em></strong></span> 
     </span>
    </p>
   </div>
   <div class='ocr_carea' id='block_1_100' title="bbox 375 5079 3580 5159">
    <p class='ocr_par' dir='ltr' id='par_1_100' title="bbox 375 5079 3580 5159">
     <span class='ocr_line' id='line_1_100' title="bbox 375 5079 3580 5159; baseline -0.005 -12"><span class='ocrx_word' id='word_1_770' title='bbox 375 5096 391 5126; x_wconf 85' lang='grc'>¹</span> <span class='ocrx_word' id='word_1_771' title='bbox 415 5093 549 5147; x_wconf 87' lang='lat' dir='ltr'><strong><em>Luc.</em></strong></span> <span class='ocrx_word' id='word_1_772' title='bbox 594 5106 703 5154; x_wconf 81' lang='lat' dir='ltr'><strong><em>xiv,</em></strong></span> <span class='ocrx_word' id='word_1_773' title='bbox 738 5089 828 5144; x_wconf 75' lang='grc'><strong><em>26.</em></strong></span> <span class='ocrx_word' id='word_1_774' title='bbox 905 5091 926 5121; x_wconf 82' lang='grc'><strong><em>²</em></strong></span> <span class='ocrx_word' id='word_1_775' title='bbox 960 5088 1131 5145; x_wconf 84' lang='lat' dir='ltr'><strong><em>Exod.</em></strong></span> <span class='ocrx_word' id='word_1_776' title='bbox 1167 5106 1258 5154; x_wconf 86' lang='lat' dir='ltr'><strong><em>xx,</em></strong></span> <span class='ocrx_word' id='word_1_777' title='bbox 1300 5089 1400 5155; x_wconf 74' lang='lat' dir='ltr'><strong><em>l2;</em></strong></span> <span class='ocrx_word' id='word_1_778' title='bbox 1446 5088 1584 5159; x_wconf 88' lang='lat' dir='ltr'><strong><em>Eph.</em></strong></span> <span class='ocrx_word' id='word_1_779' title='bbox 1606 5105 1684 5154; x_wconf 82' lang='lat' dir='ltr'><strong><em>vr,</em></strong></span> <span class='ocrx_word' id='word_1_780' title='bbox 1709 5089 1765 5159; x_wconf 76' lang='lat'><strong><em>2.</em></strong></span> <span class='ocrx_word' id='word_1_781' title='bbox 1842 5090 1863 5123; x_wconf 84' lang='grc'><strong><em>³</em></strong></span> <span class='ocrx_word' id='word_1_782' title='bbox 1889 5089 2085 5144; x_wconf 87' lang='lat' dir='ltr'><strong><em>Matth.</em></strong></span> <span class='ocrx_word' id='word_1_783' title='bbox 2113 5105 2225 5156; x_wconf 82' lang='lat' dir='ltr'><strong><em>xix,</em></strong></span> <span class='ocrx_word' id='word_1_784' title='bbox 2255 5088 2311 5145; x_wconf 89' lang='lat'><strong><em>6.</em></strong></span> <span class='ocrx_word' id='word_1_785' title='bbox 2388 5088 2410 5119; x_wconf 70' lang='grc'>⁸</span> <span class='ocrx_word' id='word_1_786' title='bbox 2440 5086 2609 5142; x_wconf 86' lang='lat' dir='ltr'><strong><em>lCor.</em></strong></span> <span class='ocrx_word' id='word_1_787' title='bbox 2642 5102 2718 5150; x_wconf 68' lang='grc' dir='ltr'>ιι,</span> <span class='ocrx_word' id='word_1_788' title='bbox 2748 5084 2802 5139; x_wconf 76' lang='lat'><strong><em>2.</em></strong></span> <span class='ocrx_word' id='word_1_789' title='bbox 2882 5086 2904 5116; x_wconf 82' lang='lat'>&#39;</span> <span class='ocrx_word' id='word_1_790' title='bbox 2944 5082 2962 5137; x_wconf 91' lang='lat' dir='ltr'><strong><em>l</em></strong></span> <span class='ocrx_word' id='word_1_791' title='bbox 2994 5082 3122 5139; x_wconf 83' lang='lat' dir='ltr'><strong><em>Cor.</em></strong></span> <span class='ocrx_word' id='word_1_792' title='bbox 3151 5097 3242 5149; x_wconf 80' lang='lat' dir='ltr'><strong><em>xv,</em></strong></span> <span class='ocrx_word' id='word_1_793' title='bbox 3274 5082 3329 5139; x_wconf 79' lang='grc'>5.</span> <span class='ocrx_word' id='word_1_794' title='bbox 3403 5081 3426 5112; x_wconf 85' lang='grc'><strong><em>⁶</em></strong></span> <span class='ocrx_word' id='word_1_795' title='bbox 3451 5079 3580 5135; x_wconf 81' lang='lat' dir='ltr'><strong><em>i‘bid.</em></strong></span> 
     </span>
    </p>
   </div>
   <div class='ocr_carea' id='block_1_101' title="bbox 301 5158 1894 5233">
    <p class='ocr_par' dir='ltr' id='par_1_101' title="bbox 301 5158 1894 5231">
     <span class='ocr_line' id='line_1_101' title="bbox 301 5158 1894 5231; baseline -0.003 -11"><span class='ocrx_word' id='word_1_796' title='bbox 301 5167 357 5220; x_wconf 79' lang='lat'><strong><em>9...</em></strong></span> <span class='ocrx_word' id='word_1_797' title='bbox 434 5164 453 5196; x_wconf 87' lang='grc'><strong>⁷</strong></span> <span class='ocrx_word' id='word_1_798' title='bbox 486 5162 507 5215; x_wconf 88' lang='grc' dir='ltr'>Ι</span> <span class='ocrx_word' id='word_1_799' title='bbox 539 5162 665 5215; x_wconf 88' lang='lat' dir='ltr'><strong><em>Cor.</em></strong></span> <span class='ocrx_word' id='word_1_800' title='bbox 707 5176 806 5225; x_wconf 83' lang='lat' dir='ltr'><strong><em>vn,</em></strong></span> <span class='ocrx_word' id='word_1_801' title='bbox 835 5158 926 5215; x_wconf 72' lang='grc'><strong><em>28.</em></strong></span> <span class='ocrx_word' id='word_1_802' title='bbox 1003 5160 1067 5213; x_wconf 82' lang='grc'><strong>⁸1</strong></span> <span class='ocrx_word' id='word_1_803' title='bbox 1094 5160 1236 5215; x_wconf 89' lang='lat' dir='ltr'><strong><em>Tim.</em></strong></span> <span class='ocrx_word' id='word_1_804' title='bbox 1265 5176 1317 5226; x_wconf 93' lang='lat' dir='ltr'><strong><em>v,</em></strong></span> <span class='ocrx_word' id='word_1_805' title='bbox 1350 5162 1438 5228; x_wconf 84' lang='grc'><strong>11,</strong></span> <span class='ocrx_word' id='word_1_806' title='bbox 1472 5160 1560 5214; x_wconf 75' lang='grc'><strong><em>12.</em></strong></span> <span class='ocrx_word' id='word_1_807' title='bbox 1636 5162 1657 5194; x_wconf 74' lang='grc'><strong>⁸</strong></span> <span class='ocrx_word' id='word_1_808' title='bbox 1687 5158 1749 5214; x_wconf 84' lang='lat' dir='ltr'><strong><em>F.</em></strong></span> <span class='ocrx_word' id='word_1_809' title='bbox 1783 5161 1894 5231; x_wconf 81' lang='grc' dir='ltr'><strong><em>ἀγά</em></strong></span> 
     </span>
    </p>
   </div>
   <div class='ocr_carea' id='block_1_102' title="bbox 377 5274 1894 5351">
    <p class='ocr_par' dir='ltr' id='par_1_102' title="bbox 377 5274 1894 5351">
     <span class='ocr_line' id='line_1_102' title="bbox 377 5274 1894 5351; baseline 0.001 -17"><span class='ocrx_word' id='word_1_810' title='bbox 377 5279 488 5351; x_wconf 63' lang='lat'><strong><em>(90)</em></strong></span> <span class='ocrx_word' id='word_1_811' title='bbox 528 5277 622 5331; x_wconf 84' lang='grc' dir='ltr'>Δεῖ</span> <span class='ocrx_word' id='word_1_812' title='bbox 661 5275 729 5351; x_wconf 62' lang='lat' dir='ltr'><strong><em>se</em></strong></span> <span class='ocrx_word' id='word_1_813' title='bbox 767 5274 867 5351; x_wconf 78' lang='grc' dir='ltr'><strong><em>καὶ</em></strong></span> <span class='ocrx_word' id='word_1_814' title='bbox 894 5276 1223 5351; x_wconf 68' lang='grc' dir='ltr'>παραδόσει</span> <span class='ocrx_word' id='word_1_815' title='bbox 1268 5276 1620 5348; x_wconf 85' lang='grc' dir='ltr'>κεχρῆσθαι.</span> <span class='ocrx_word' id='word_1_816' title='bbox 1656 5279 1894 5350; x_wconf 80' lang='lat' dir='ltr'><strong><em>Insignis</em></strong></span> 
     </span>
    </p>
   </div>
   <div class='ocr_carea' id='block_1_103' title="bbox 306 5348 1895 5407">
    <p class='ocr_par' dir='ltr' id='par_1_103' title="bbox 306 5348 1895 5407">
     <span class='ocr_line' id='line_1_103' title="bbox 306 5348 1895 5407; baseline -0.002 0"><span class='ocrx_word' id='word_1_817' title='bbox 306 5348 397 5407; x_wconf 82' lang='lat' dir='ltr'><strong><em>hic</em></strong></span> <span class='ocrx_word' id='word_1_818' title='bbox 434 5348 586 5405; x_wconf 85' lang='lat' dir='ltr'><strong><em>locus</em></strong></span> <span class='ocrx_word' id='word_1_819' title='bbox 619 5348 684 5402; x_wconf 85' lang='lat' dir='ltr'><strong><em>ad</em></strong></span> <span class='ocrx_word' id='word_1_820' title='bbox 722 5349 1228 5403; x_wconf 84' lang='lat' dir='ltr'><strong><em>ecclesiasticarum</em></strong></span> <span class='ocrx_word' id='word_1_821' title='bbox 1257 5351 1613 5404; x_wconf 84' lang='lat' dir='ltr'><strong><em>traditionum</em></strong></span> <span class='ocrx_word' id='word_1_822' title='bbox 1647 5348 1895 5404; x_wconf 78' lang='lat' dir='ltr'><strong><em>auctori-</em></strong></span> 
     </span>
    </p>
   </div>
   <div class='ocr_carea' id='block_1_104' title="bbox 307 5418 1894 5488">
    <p class='ocr_par' dir='ltr' id='par_1_104' title="bbox 307 5418 1894 5488">
     <span class='ocr_line' id='line_1_104' title="bbox 307 5418 1894 5488; baseline -0.001 -12"><span class='ocrx_word' id='word_1_823' title='bbox 307 5433 476 5477; x_wconf 90' lang='lat' dir='ltr'><strong><em>tatem</em></strong></span> <span class='ocrx_word' id='word_1_824' title='bbox 505 5419 883 5475; x_wconf 88' lang='lat' dir='ltr'><strong><em>asserendam.</em></strong></span> <span class='ocrx_word' id='word_1_825' title='bbox 915 5418 1015 5473; x_wconf 88' lang='lat' dir='ltr'><strong><em>Cui</em></strong></span> <span class='ocrx_word' id='word_1_826' title='bbox 1044 5433 1341 5488; x_wconf 81' lang='lat' dir='ltr'><strong><em>germanus</em></strong></span> <span class='ocrx_word' id='word_1_827' title='bbox 1369 5431 1454 5474; x_wconf 88' lang='lat' dir='ltr'><strong><em>est</em></strong></span> <span class='ocrx_word' id='word_1_828' title='bbox 1483 5420 1575 5475; x_wconf 86' lang='lat' dir='ltr'><strong><em>ille</em></strong></span> <span class='ocrx_word' id='word_1_829' title='bbox 1607 5419 1797 5475; x_wconf 84' lang='lat' dir='ltr'><strong><em>Basilii</em></strong></span> <span class='ocrx_word' id='word_1_830' title='bbox 1826 5422 1894 5475; x_wconf 87' lang='lat' dir='ltr'><strong><em>ad</em></strong></span> 
     </span>
    </p>
   </div>
   <div class='ocr_carea' id='block_1_105' title="bbox 306 5488 1897 5564">
    <p class='ocr_par' dir='ltr' id='par_1_105' title="bbox 306 5488 1897 5564">
     <span class='ocr_line' id='line_1_105' title="bbox 306 5488 1897 5564; baseline -0.001 -18"><span class='ocrx_word' id='word_1_831' title='bbox 306 5492 546 5564; x_wconf 78' lang='lat' dir='ltr'><strong><em>Anipliil.</em></strong></span> <span class='ocrx_word' id='word_1_832' title='bbox 590 5489 669 5564; x_wconf 70' lang='lat' dir='ltr'><strong><em>De</em></strong></span> <span class='ocrx_word' id='word_1_833' title='bbox 718 5488 1162 5564; x_wconf 74' lang='lat' dir='ltr'><strong><em>Spiritu_sancto</em></strong></span> <span class='ocrx_word' id='word_1_834' title='bbox 1190 5505 1209 5564; x_wconf 69' lang='grc' dir='ltr'><strong><em>ς</em></strong></span> <span class='ocrx_word' id='word_1_835' title='bbox 1242 5489 1364 5542; x_wconf 85' lang='grc' dir='ltr'><strong><em>Τῶν</em></strong></span> <span class='ocrx_word' id='word_1_836' title='bbox 1395 5491 1454 5544; x_wconf 83' lang='grc' dir='ltr'>ὲν</span> <span class='ocrx_word' id='word_1_837' title='bbox 1488 5494 1554 5564; x_wconf 79' lang='grc' dir='ltr'>τῇ</span> <span class='ocrx_word' id='word_1_838' title='bbox 1599 5490 1897 5564; x_wconf 66' lang='grc' dir='ltr'>Ἐκκλησία</span> 
     </span>
    </p>
   </div>
   <div class='ocr_carea' id='block_1_106' title="bbox 308 5559 1895 5632">
    <p class='ocr_par' dir='ltr' id='par_1_106' title="bbox 308 5559 1895 5632">
     <span class='ocr_line' id='line_1_106' title="bbox 308 5559 1895 5632; baseline 0 -18"><span class='ocrx_word' id='word_1_839' title='bbox 308 5559 746 5632; x_wconf 15' lang='grc' dir='ltr'>πεφήυλαγμένων</span> <span class='ocrx_word' id='word_1_840' title='bbox 788 5559 1213 5632; x_wconf 38' lang='grc' dir='ltr'>δογμάτων-καὶ</span> <span class='ocrx_word' id='word_1_841' title='bbox 1258 5559 1654 5632; x_wconf 65' lang='grc' dir='ltr'>κηρυγμάτων,</span> <span class='ocrx_word' id='word_1_842' title='bbox 1684 5562 1753 5615; x_wconf 72' lang='grc' dir='ltr'><strong><em>τὰ</em></strong></span> <span class='ocrx_word' id='word_1_843' title='bbox 1789 5559 1895 5631; x_wconf 69' lang='grc' dir='ltr'>’μὲν</span> 
     </span>
    </p>
   </div>
   <div class='ocr_carea' id='block_1_107' title="bbox 309 5629 1895 5701">
    <p class='ocr_par' dir='ltr' id='par_1_107' title="bbox 309 5629 1895 5701">
     <span class='ocr_line' id='line_1_107' title="bbox 309 5629 1895 5701; baseline 0 -16"><span class='ocrx_word' id='word_1_844' title='bbox 309 5634 375 5685; x_wconf 75' lang='grc' dir='ltr'><strong>ὲκ</strong></span> <span class='ocrx_word' id='word_1_845' title='bbox 401 5631 501 5701; x_wconf 72' lang='grc' dir='ltr'>τῆς</span> <span class='ocrx_word' id='word_1_846' title='bbox 549 5629 826 5701; x_wconf 70' lang='grc' dir='ltr'>ἐγγραφου</span> <span class='ocrx_word' id='word_1_847' title='bbox 861 5629 1210 5701; x_wconf 78' lang='grc' dir='ltr'>διδασκαλίας</span> <span class='ocrx_word' id='word_1_848' title='bbox 1254 5629 1473 5701; x_wconf 74' lang='grc' dir='ltr'>ἔχομεν,</span> <span class='ocrx_word' id='word_1_849' title='bbox 1494 5631 1654 5685; x_wconf 54' lang='grc' dir='ltr'>τόίκδὲ</span> <span class='ocrx_word' id='word_1_850' title='bbox 1694 5633 1758 5685; x_wconf 83' lang='grc' dir='ltr'><strong><em>ἐκ</em></strong></span> <span class='ocrx_word' id='word_1_851' title='bbox 1794 5629 1895 5701; x_wconf 83' lang='grc' dir='ltr'>τῆς</span> 
     </span>
    </p>
   </div>
   <div class='ocr_carea' id='block_1_108' title="bbox 308 5698 1893 5771">
    <p class='ocr_par' dir='ltr' id='par_1_108' title="bbox 308 5698 1893 5771">
     <span class='ocr_line' id='line_1_108' title="bbox 308 5698 1893 5771; baseline 0 -18"><span class='ocrx_word' id='word_1_852' title='bbox 308 5700 422 5753; x_wconf 78' lang='grc' dir='ltr'><strong><em>τῶν</em></strong></span> <span class='ocrx_word' id='word_1_853' title='bbox 480 5698 801 5771; x_wconf 58' lang='grc' dir='ltr'>ἀποστόλων</span> <span class='ocrx_word' id='word_1_854' title='bbox 845 5699 1203 5771; x_wconf 68' lang='grc' dir='ltr'><strong><em>Δπαραδόσεως</em></strong></span> <span class='ocrx_word' id='word_1_855' title='bbox 1268 5698 1583 5771; x_wconf 74' lang='grc' dir='ltr'>διαδοθέντα</span> <span class='ocrx_word' id='word_1_856' title='bbox 1627 5704 1764 5771; x_wconf 81' lang='grc' dir='ltr'>ἡμῖν</span> <span class='ocrx_word' id='word_1_857' title='bbox 1833 5698 1893 5771; x_wconf 60' lang='grc' dir='ltr'>ἐν</span> 
     </span>
    </p>
   </div>
   <div class='ocr_carea' id='block_1_109' title="bbox 318 5767 1894 5844">
    <p class='ocr_par' dir='ltr' id='par_1_109' title="bbox 318 5767 1894 5844">
     <span class='ocr_line' id='line_1_109' title="bbox 318 5767 1894 5844; baseline 0.001 -22"><span class='ocrx_word' id='word_1_858' title='bbox 318 5767 603 5842; x_wconf 81' lang='grc' dir='ltr'>μυστηρίῳ</span> <span class='ocrx_word' id='word_1_859' title='bbox 635 5767 1051 5837; x_wconf 75' lang='grc' dir='ltr'>παρεδεξάμεθα</span> <span class='ocrx_word' id='word_1_860' title='bbox 1071 5786 1083 5800; x_wconf 90' lang='grc'><strong>·</strong></span> <span class='ocrx_word' id='word_1_861' title='bbox 1115 5770 1258 5839; x_wconf 68' lang='grc' dir='ltr'>ὅπερ</span> <span class='ocrx_word' id='word_1_862' title='bbox 1286 5768 1572 5843; x_wconf 76' lang='grc' dir='ltr'>ἀμφότεροι</span> <span class='ocrx_word' id='word_1_863' title='bbox 1598 5767 1695 5844; x_wconf 72' lang='grc' dir='ltr'>τῆν</span> <span class='ocrx_word' id='word_1_864' title='bbox 1723 5769 1894 5841; x_wconf 76' lang='grc' dir='ltr'>αὐτὴν</span> 
     </span>
    </p>
   </div>
   <div class='ocr_carea' id='block_1_110' title="bbox 2003 5268 3582 5352">
    <p class='ocr_par' dir='ltr' id='par_1_110' title="bbox 2003 5268 3582 5352">
     <span class='ocr_line' id='line_1_110' title="bbox 2003 5268 3582 5352; baseline -0.009 -17"><span class='ocrx_word' id='word_1_865' title='bbox 2003 5281 2157 5352; x_wconf 77' lang='grc' dir='ltr'>ἰσχὺν</span> <span class='ocrx_word' id='word_1_866' title='bbox 2205 5278 2318 5352; x_wconf 76' lang='grc' dir='ltr'>ἔχει</span> <span class='ocrx_word' id='word_1_867' title='bbox 2348 5277 2485 5349; x_wconf 81' lang='grc' dir='ltr'>πρὸς</span> <span class='ocrx_word' id='word_1_868' title='bbox 2522 5275 2622 5347; x_wconf 83' lang='grc' dir='ltr'>τὴν</span> <span class='ocrx_word' id='word_1_869' title='bbox 2646 5273 2977 5352; x_wconf 43' lang='grc' dir='ltr'><strong><em>⁵εὐσέϐειαν,</em></strong></span> <span class='ocrx_word' id='word_1_870' title='bbox 3023 5270 3119 5352; x_wconf 52' lang='grc' dir='ltr'><strong><em>καῖ</em></strong></span> <span class='ocrx_word' id='word_1_871' title='bbox 3163 5268 3582 5352; x_wconf 40' lang='grc' dir='ltr'>τούτοιςλοῠδελς</span> 
     </span>
    </p>
   </div>
   <div class='ocr_carea' id='block_1_111' title="bbox 2004 5339 3585 5423">
    <p class='ocr_par' dir='ltr' id='par_1_111' title="bbox 2004 5339 3585 5423">
     <span class='ocr_line' id='line_1_111' title="bbox 2004 5339 3585 5423; baseline -0.008 -18"><span class='ocrx_word' id='word_1_872' title='bbox 2004 5339 2133 5405; x_wconf 70' lang='grc' dir='ltr'>ἅντε</span> <span class='ocrx_word' id='word_1_873' title='bbox 2143 5339 2265 5422; x_wconf 63' lang='lat' dir='ltr'><strong><em>psi,&quot;</em></strong></span> <span class='ocrx_word' id='word_1_874' title='bbox 2303 5339 2474 5423; x_wconf 53' lang='grc' dir='ltr'>ὅστις</span> <span class='ocrx_word' id='word_1_875' title='bbox 2500 5339 2591 5413; x_wconf 83' lang='grc' dir='ltr'>γε’</span> <span class='ocrx_word' id='word_1_876' title='bbox 2613 5347 2719 5423; x_wconf 79' lang='grc' dir='ltr'>κᾷν</span> <span class='ocrx_word' id='word_1_877' title='bbox 2764 5341 3156 5423; x_wconf 40' lang='grc' dir='ltr'>κατὰ-,μικρὸν</span> <span class='ocrx_word' id='word_1_878' title='bbox 3176 5339 3326 5423; x_wconf 21' lang='grc' dir='ltr'>*γοῦν</span> <span class='ocrx_word' id='word_1_879' title='bbox 3346 5339 3585 5423; x_wconf 57' lang='grc' dir='ltr'><strong><em>¹θεσμῶν</em></strong></span> 
     </span>
    </p>
   </div>
   <div class='ocr_carea' id='block_1_112' title="bbox 2001 5408 3585 5493">
    <p class='ocr_par' dir='ltr' id='par_1_112' title="bbox 2001 5408 3585 5493">
     <span class='ocr_line' id='line_1_112' title="bbox 2001 5408 3585 5493; baseline -0.007 -19"><span class='ocrx_word' id='word_1_880' title='bbox 2001 5408 2495 5493; x_wconf 35' lang='grc' dir='ltr'>εκκλὴσιαστικῶν-</span> <span class='ocrx_word' id='word_1_881' title='bbox 2505 5408 2858 5493; x_wconf 70' lang='grc' dir='ltr'>πεπείραται.</span> <span class='ocrx_word' id='word_1_882' title='bbox 2906 5408 3041 5493; x_wconf 71' lang='lat' dir='ltr'><strong><em>Vide</em></strong></span> <span class='ocrx_word' id='word_1_883' title='bbox 3056 5408 3328 5493; x_wconf 27' lang='lat' dir='ltr'><strong><em>.’-ca3tera.,</em></strong></span> <span class='ocrx_word' id='word_1_884' title='bbox 3346 5408 3453 5465; x_wconf 89' lang='lat' dir='ltr'><strong><em>Ubi</em></strong></span> <span class='ocrx_word' id='word_1_885' title='bbox 3475 5408 3585 5493; x_wconf 37' lang='lat' dir='ltr'><strong><em>ira:</em></strong></span> 
     </span>
    </p>
   </div>
   <div class='ocr_carea' id='block_1_113' title="bbox 2001 5489 3586 5559">
    <p class='ocr_par' dir='ltr' id='par_1_113' title="bbox 2001 5489 3586 5559">
     <span class='ocr_line' id='line_1_113' title="bbox 2001 5489 3586 5559; baseline -0.008 -13"><span class='ocrx_word' id='word_1_886' title='bbox 2001 5489 2240 5546; x_wconf 86' lang='lat' dir='ltr'><strong><em>ditiones</em></strong></span> <span class='ocrx_word' id='word_1_887' title='bbox 2294 5506 2400 5543; x_wconf 91' lang='lat' dir='ltr'><strong><em>non</em></strong></span> <span class='ocrx_word' id='word_1_888' title='bbox 2461 5489 2584 5542; x_wconf 89' lang='lat' dir='ltr'><strong><em>illas</em></strong></span> <span class='ocrx_word' id='word_1_889' title='bbox 2633 5494 2844 5559; x_wconf 78' lang='lat' dir='ltr'><strong><em>tantum</em></strong></span> <span class='ocrx_word' id='word_1_890' title='bbox 2874 5489 3115 5545; x_wconf 88' lang='lat' dir='ltr'><strong><em>asciscit,</em></strong></span> <span class='ocrx_word' id='word_1_891' title='bbox 3150 5489 3206 5559; x_wconf 85' lang='lat' dir='ltr'><strong><em>e_t</em></strong></span> <span class='ocrx_word' id='word_1_892' title='bbox 3245 5489 3586 5559; x_wconf 70' lang='lat' dir='ltr'><strong><em>necessarias</em></strong></span> 
     </span>
    </p>
   </div>
   <div class='ocr_carea' id='block_1_114' title="bbox 2000 5552 3582 5633">
    <p class='ocr_par' dir='ltr' id='par_1_114' title="bbox 2000 5552 3582 5633">
     <span class='ocr_line' id='line_1_114' title="bbox 2000 5552 3582 5633; baseline -0.009 -16"><span class='ocrx_word' id='word_1_893' title='bbox 2000 5578 2125 5617; x_wconf 90' lang='lat' dir='ltr'><strong><em>esse</em></strong></span> <span class='ocrx_word' id='word_1_894' title='bbox 2159 5560 2425 5633; x_wconf 72' lang='lat' dir='ltr'><strong><em>defendit,</em></strong></span> <span class='ocrx_word' id='word_1_895' title='bbox 2452 5573 2575 5629; x_wconf 75' lang='lat' dir='ltr'><strong><em>qua:</em></strong></span> <span class='ocrx_word' id='word_1_896' title='bbox 2619 5556 2688 5611; x_wconf 87' lang='lat' dir='ltr'><strong><em>ad</em></strong></span> <span class='ocrx_word' id='word_1_897' title='bbox 2721 5557 2862 5633; x_wconf 90' lang='lat' dir='ltr'><strong><em>rit_us</em></strong></span> <span class='ocrx_word' id='word_1_898' title='bbox 2905 5552 3582 5633; x_wconf 44' lang='lat' dir='ltr'><strong><em>arenioniasque‘perti—</em></strong></span> 
     </span>
    </p>
   </div>
   <div class='ocr_carea' id='block_1_115' title="bbox 2000 5622 3584 5700">
    <p class='ocr_par' dir='ltr' id='par_1_115' title="bbox 2000 5622 3584 5700">
     <span class='ocr_line' id='line_1_115' title="bbox 2000 5622 3584 5700; baseline -0.008 -13"><span class='ocrx_word' id='word_1_899' title='bbox 2000 5642 2155 5697; x_wconf 87' lang='lat' dir='ltr'><strong><em>nent,</em></strong></span> <span class='ocrx_word' id='word_1_900' title='bbox 2205 5630 2306 5700; x_wconf 73' lang='lat' dir='ltr'><strong><em>sed</em></strong></span> <span class='ocrx_word' id='word_1_901' title='bbox 2359 5622 2544 5695; x_wconf 73' lang='lat' dir='ltr'><strong><em>etiam,</em></strong></span> <span class='ocrx_word' id='word_1_902' title='bbox 2595 5642 2718 5700; x_wconf 76' lang='lat' dir='ltr'><strong><em>qua:</em></strong></span> <span class='ocrx_word' id='word_1_903' title='bbox 2771 5626 3025 5698; x_wconf 75' lang='lat' dir='ltr'><strong><em>dogmata</em></strong></span> <span class='ocrx_word' id='word_1_904' title='bbox 3076 5622 3200 5679; x_wconf 89' lang='lat' dir='ltr'><strong><em>lidei</em></strong></span> <span class='ocrx_word' id='word_1_905' title='bbox 3248 5637 3316 5678; x_wconf 88' lang='lat' dir='ltr'><strong><em>ac</em></strong></span> <span class='ocrx_word' id='word_1_906' title='bbox 3368 5622 3584 5678; x_wconf 81' lang='lat' dir='ltr'><strong><em>decreta</em></strong></span> 
     </span>
    </p>
   </div>
   <div class='ocr_carea' id='block_1_116' title="bbox 1998 5703 2298 5759">
    <p class='ocr_par' dir='ltr' id='par_1_116' title="bbox 1998 5703 2298 5759">
     <span class='ocr_line' id='line_1_116' title="bbox 1998 5703 2298 5759; baseline -0.013 0"><span class='ocrx_word' id='word_1_907' title='bbox 1998 5703 2298 5759; x_wconf 79' lang='lat' dir='ltr'><strong><em>continent.</em></strong></span> 
     </span>
    </p>
   </div>
  </div>
