3846 6142
271 316 409 382 1049

895 325 1279 386 ADVERSUS
1316 325 1659 384 HERESES
1696 323 1823 383 LIB.
1868 331 1929 385 ll.
1967 324 2132 384 TOM.
2172 328 2213 386 l.
2257 358 2327 371 -
2375 328 2650 388 HERES.
2693 328 2829 388 LXI.

3385 331 3529 389 £050

339 441 410 492 Z'.
436 439 826 511 Γαμείτωσαν
844 442 1044 508 τοίνυν,
1065 447 1624 517 τεκνογονείτωσαν,
1638 449 1846 503 omas-

2032 445 2140 501 VII.
2183 445 2326 517 Ergo
2348 447 2441 501 illa
2470 447 2713 518 Apostoli
2737 447 2901 502 verba
2933 487 2949 514 ,
2974 444 3211 513 Nubanl,
3231 447 3373 517 ﬁlios
3401 465 3530 520 pro—

271 530 708 597 σποτείτωσαν,
738 532 1002 605 σύντομος
1029 536 1124 590 καὶ
1147 537 1312 607 μέσος
1333 540 1362 592 ό
1383 538 1541 607 λόγος
1568 540 1710 594 κατά
1734 540 1845 595 τῶν

269 624 340 678 τὰ
373 623 555 693 φαῦλα
587 622 983 696 διανοουμένων
1010 630 1141 701 περὶ
1171 631 1354 702 πάσης
1385 632 1846 704 ὲκκλησιαστικῆς

268 711 364 765 τοῦ
394 710 749 784 κηρύγματος
769 715 1099 782 ὑποθέσεως·
1124 720 1580 792 παρεκϐάλλουσα
1606 723 1705 793 μὲν
1721 724 1848 787 τοὺς

268 800 527 870 λέγοντας
566 803 793 867 ἑαυτοὺς
832 804 1249 872 Ἀποστολικοὺς
1302 810 1396 863 zeal
1464 811 1845 883 Ἐγκρατίτας,

270 892 725 963 παρεκϐάλλουσα
742 896 869 959 τοὺς
892 896 1318 968 ὑδαρευομένους
1342 901 1400 953 ὲν
1422 902 1489 971 τῇ
1530 901 1844 972 Ἐκκλησίᾳ,

269 987 366 1039 zeal
417 986 805 1051 ἀναπείθοντας
854 991 1088 1057 γυναῖκα
1152 991 1168 1022 ¹
1210 991 1319 1045 ἀπὸ
1385 992 1593 1045 τελείου
1645 994 1846 1065 δρόμου

267 1074 708 1143 ἀναχαλασθέντα
740 1076 952 1131 ἀθετεῖν
989 1080 1089 1149 τὴν
1118 1079 1375 1150 τοιαύτην
1403 1081 1496 1133 τοῦ
1531 1081 1731 1153 δρόμου
1760 1100 1848 1134 τε·

267 1165 536 1236 λειότητα.
569 1167 680 1220 Kal
708 1167 821 1238 ἔχει
857 1168 957 1240 μὲν
993 1170 1268 1247 ἁμαρτίαν
1298 1172 1393 1226 καὶ
1427 1175 1601 1245 κρῖμα
1643 1174 1672 1226 ὁ
1721 1172 1847 1227 ἀθε-

266 1256 440 1325 τήσας
490 1256 624 1309 Θεοῦ
681 1258 783 1328 τὴν
837 1260 1157 1332 παρθενίαν,
1207 1264 1302 1316 zeal
1364 1263 1729 1335 καταισχύνας
1758 1265 1848 1318 τὸν

269 1344 479 1413 ἀγῶνα.
513 1347 903 1419 Παραφθείρας
931 1349 1040 1422 γὰρ
1079 1352 1267 1420 ἀγῶνα
1298 1355 1326 1405 ὁ
1355 1352 1616 1425 ἀθλητὴς,
1657 1372 1849 1426 μαστι-

268 1432 420 1506 χθεὶς
457 1437 778 1492 ἐκϐάλλεται
805 1439 898 1494 τοῦ
935 1441 1164 1510 ἀγῶνος.
1204 1443 1315 1497 Kal
1355 1445 1734 1518 παραφθείρας
1764 1462 1849 1509 τις

269 1525 599 1596 παρθενίαν,
651 1527 975 1584 ἐκϐάλλεται
1030 1531 1124 1585 τοῦ
1180 1533 1427 1588 τοιούτου
1474 1533 1700 1606 δρόμου,
1754 1535 1849 1589 zeal

223 1651 227 1654 ρ
271 1618 559 1687 στεφάνου,
592 1621 688 1674 zeal
723 1621 1000 1693 βραδείου.
1043 1624 1204 1679 Ἀλλά
1233 1628 1479 1697 κρεῖττόν
1511 1630 1628 1680 ἐστι
1673 1630 1848 1699 κρῖμα

269 1709 366 1763 zeal
403 1710 479 1782 μὴ
517 1714 856 1786 κατάκριμα.
904 1718 966 1770 Ol
1007 1716 1116 1790 γὰρ
1153 1717 1245 1771 διά
1293 1714 1354 1771 τὸ
1388 1719 1464 1790 μὴ
1494 1720 1846 1790 αἰσχυνθῆναι

267 1800 382 1862 τοῖς
439 1801 748 1873 ἀνθρώποις
796 1807 981 1877 κρυφῆ
1011 1808 1387 1879 πορνεύοντες,
1447 1810 1658 1864 ποιοῦσι
1712 1827 1847 1883 stop.

268 1894 421 1959 νείας
446 1897 490 1957 ³,
526 1894 559 1965 ἢ
591 1894 903 1967 μονότητος,
932 1896 965 1967 ἢ
999 1898 1347 1969 ἐγκρατείας,
1379 1902 1441 1953 οὐ
1477 1899 1611 1972 πρὸς
1639 1900 1849 1971 ἀνθρώ-

269 2000 407 2049 πους
439 1983 621 2055 ἔχουσι
648 1984 747 2056 τὴν
771 1987 1084 2057 ὁμολογίαν,
1119 1989 1254 2043 ἀλλά
1280 1991 1416 2061 πρὸς
1452 1990 1586 2045 Θεὸν
1635 1992 1728 2045 τὸν
1770 1993 1849 2045 εί-

267 2076 394 2129 δότα
428 2075 497 2130 τά
549 2076 776 2149 κρύφια,
821 2079 914 2132 καὶ
946 2079 1297 2151 ἐξελέγχοντα
1347 2085 1526 2136 πᾶσαν
1568 2083 1746 2156 σάρκα
1790 2085 1847 2137 ὲν

267 2168 336 2237 τῇ
393 2166 557 2221 αύτοῦ
630 2170 936 2241 παρουσίᾳ,
1001 2171 1130 2242 περὶ
1190 2164 1266 2225 ὧν
1319 2172 1550 2238 ἕκαστος
1606 2175 1842 2245 ἥμαρτε.

267 2259 531 2329 Κρεῖττον
563 2259 740 2315 τοίνυν
769 2260 913 2331 ἔχειν
949 2263 1223 2334 ἁμαρτίαν
1257 2263 1408 2334 μίαν,
1436 2273 1531 2318 και
1559 2265 1632 2337 μὴ
1656 2282 1847 2338 περισ-

270 2347 516 2419 σοτέρας.
576 2349 839 2419 Κρεῖττον
894 2350 1129 2403 πεσόντα
1183 2350 1290 2404 ἀπὸ
1347 2350 1545 2425 δρόμου
1599 2353 1849 2424 φανερῶς

271 2439 448 2511 ἑαυτῷ
478 2440 662 2494 λαϐεῖν
700 2444 933 2509 γυναῖκα
970 2442 1114 2496 κατά
1139 2441 1320 2513 νόμον,
1355 2443 1450 2497 καὶ
1485 2443 1596 2497 ἀπὸ
1641 2444 1848 2516 παρθε-

270 2530 389 2594 νίας
421 2530 601 2603 πολλῷ
642 2533 819 2604 χρόνῳ
852 2534 1286 2605 μετανοήσαντα,
1327 2533 1646 2605 εἰσαχθῆναι
1689 2535 1849 2590 πάλιν

270 2623 350 2686 είς
400 2622 498 2694 τὴν
555 2621 917 2697 Ἐκκλησίαν,
964 2624 1041 2688 ὡς
1086 2622 1272 2690 κακῶς
1312 2626 1723 2697 ἐργασάμενον,
1774 2625 1849 2691 ὡς

272 2710 683 2787 παρα-πεσόντα,
710 2716 803 2769 zeal
842 2715 1165 2783 κλασθέντα,
1190 2715 1285 2770 zeal
1314 2716 1501 2788 χρείαν
1521 2714 1714 2787 ἔχοντα
1740 2718 1853 2769 ὲπιο

270 2807 522 2878 δέματος,
555 2810 649 2864 καὶ
691 2807 766 2882 μὴ
800 2809 922 2864 καθ’
963 2810 1201 2888 ἑκάστην
1246 2808 1458 2879 ἡμέραν
1493 2806 1672 2877 βέλεσι
1715 2824 1849 2879 κρυ-

271 2899 416 2970 φίοις
445 2900 1008 2972 κατατιτρώσκεσθαι,
1036 2900 1131 2956 zeal
1164 2901 1430 2971 πονηρίας
1464 2897 1568 2952 ὑπὸ
1603 2896 1849 2952 διαϐόλου

272 2991 421 3063 αὐτῷ
452 2993 876 3065 ἐπιφερομένης.

340 3256 422 3310 H'.
449 3254 634 3319 Οὕτως
658 3252 796 3310 οἶδεν
831 3255 864 3327 ἡ
896 3252 1192 3326 Ἐκκλησία
1224 3254 1535 3328 κηρύττειν.
1577 3252 1762 3307 Ταῦτα
1783 3250 1853 3304 τά

271 3344 538 3419 φάρμακα
572 3348 672 3419 τῆς
703 3347 898 3412 ἰάσεως
918 3363 933 3377 ·
965 3348 1141 3402 ταῦτα
1172 3348 1241 3401 τὰ
1263 3348 1375 3418 εἴδη
1402 3347 1505 3417 τῆς
1538 3343 1851 3418 μυρεψικῆς

269 3438 531 3509 ἐργασίας
553 3454 567 3468 ’
616 3436 756 3510 αὕτη
796 3441 830 3511 ὴ
874 3438 1188 3493 κατασκευὴ
1228 3437 1324 3491 τοῦ
1373 3438 1528 3507 ἁγίου
1574 3434 1754 3489 ελαίου
1793 3435 1850 3485 ὲν

268 3529 347 3601 τῷ
378 3529 554 3602 νόμῳ·
593 3530 731 3601 α’ύτη
765 3533 798 3603 ἡ
830 3530 1256 3602 ἀρωματίζουσα
1300 3530 1440 3601 καλὴ
1480 3530 1696 3592 πίστις,
1732 3529 1851 3580 ὲπι-

269 3624 574 3693 σφίγγουσα
628 3626 728 3696 μὲν
763 3626 853 3679 τὸν
906 3626 1173 3680 ἀθλοῦντα
1197 3628 1277 3688 είς
1322 3623 1538 3694 ἀγῶνα,
1585 3624 1850 3691 ἐπικηρυ-

269 3716 537 3787 κευομένη
579 3716 635 3770 δὲ
686 3716 836 3788 αὐτῷ
874 3717 1133 3772 διατεῖναι
1167 3717 1260 3770 τὸν
1307 3716 1527 3786 δρόμον,
1582 3714 1730 3774 ὅπως
1760 3712 1849 3764 δυ-

266 3804 403 3878 νηθῇ
439 3806 888 3877 στεφανωθῆναι·
926 3807 1066 3880 αὕτη
1098 3811 1131 3879 ἡ
1172 3807 1264 3860 τοῦ
1298 3805 1431 3859 Θεοῦ
1471 3802 1845 3876 πραγματεία,

267 3897 475 3961 πάντας
525 3899 833 3967 συνάγουσα
869 3900 951 3961 είς
989 3898 1088 3969 τὴν
1130 3897 1414 3969 βασιλικὴν
1451 3894 1716 3960 διάταξιν,
1751 3893 1846 3946 zeal

266 3987 554 4060 πορφύραν
586 3988 685 4059 μὲν
715 3990 825 4044 ἀπὸ
853 3990 1147 4062 θαλάσσης,
1175 3990 1269 4044 zeal
1310 3989 1455 4059 ἔριον
1496 3988 1603 4041 ἀπὸ
1641 3984 1847 4054 προϐά-

184 4126 189 4131 .
265 4093 380 4143 του,
406 4079 503 4133 zeal
534 4078 677 4133 λίνον
704 4081 767 4133 ὲκ
795 4080 921 4151 γῆς,
957 4080 1050 4133 καὶ
1090 4079 1309 4149 βύσσον,
1345 4080 1440 4133 zeal
1472 4079 1717 4151 σηρικδν,
1754 4080 1848 4132 zeal

254 4168 511 4244 ,δέρματα
535 4170 1053 4244 ὴρυθροδανωμένα,
1084 4172 1181 4227 zeal
1207 4171 1354 4226 λίθον
1386 4172 1565 4243 τίμιον
1589 4172 1682 4227 τὸν
1707 4173 1843 4243 σμά-

266 4264 483 4336 ραγδον,
514 4264 609 4317 zeal
635 4263 726 4318 τὸν
756 4265 1121 4336 μαργαρίτην,
1160 4264 1252 4318 τὸν
1296 4266 1526 4337 ἀχάτην,
1579 4267 1690 4328 τοῖς
1749 4265 1846 4333 μὲν

263 4354 516 4426 χρώμασι
556 4354 966 4419 διαλλάττοντας
1016 4355 1215 4423 λίθους,
1267 4358 1333 4428 τῇ
1390 4355 1448 4409 δὲ
1491 4358 1622 4427 τιμῇ
1657 4355 1845 4425 ὁμοτί-

1947 546 2141 604 creent,
2177 537 2400 606 familia:
2424 554 2607 591 curam
2635 539 2920 604 habeant',
2956 538 3139 594 brevis
3184 546 3268 594 est
3303 554 3369 593 ac
3409 556 3526 595 mc-

1947 629 2074 684 dius
2103 629 2371 686 adversus
2397 630 2519 686 illos
2546 646 2749 697 sermo,
2783 631 2877 701 qui
2910 630 2977 685 de
3005 630 3153 684 omni
3188 631 3527 686 ecclesiasti-

1947 734 2028 775 cae
2076 721 2340 776 doctrina:
2385 736 2584 792 genere
2629 736 2914 793 perperam
2962 721 3106 790 apud
3155 738 3215 777 se
3260 723 3523 792 cogitant.

1948 812 2079 878 Quae
2134 811 2354 880 quidem
2399 813 2649 868 doctrina
2693 827 2789 868 eos
2839 828 3032 869 omnes
3068 813 3296 883 respuit,
3328 813 3422 883 qui
3465 828 3527 867 se

1947 902 2317 973 Apostolicos,
2371 912 2427 959 et
2467 904 2783 961 Encratitas
2833 905 3116 959 nominant
3153 924 3166 960 :
3202 920 3416 960 necnon
3473 914 3529 959 et

1950 995 2096 1061 illos,
2131 997 2224 1066 qui
2256 996 2312 1050 in
2345 996 2590 1053 Ecclesia
2634 998 2919 1053 molliores
2943 995 3347 1066 quodammodo
3374 1004 3524 1060 sunt,

1950 1087 2155 1158 quique
2187 1089 2509 1146 mulieribus
2552 1091 2909 1162 persuadent,
2942 1098 3002 1144 ιιι
3027 1088 3095 1144 de
3139 1088 3365 1158 perfecti
3410 1103 3530 1141 cur-

1951 1193 2047 1234 sus
2096 1180 2454 1235 contentione
2503 1180 2841 1235 remittentes
2888 1194 3008 1234 eam
3055 1178 3227 1248 ipsam
3283 1175 3527 1229 funditus
3642 1208 3651 1219 ι

1949 1268 2231 1338 abjieiant.
2262 1268 2460 1325 Verum
2517 1276 2740 1339 peccato
2790 1284 2850 1323 se
2897 1283 2961 1322 ae
3004 1267 3216 1338 judicio
3265 1267 3528 1337 implicat,

1950 1358 2201 1428 quisquis
2228 1357 2322 1413 Dei
2357 1357 2723 1429 virginitatem
2772 1357 2911 1410 tollit
2941 1371 2973 1411 e
3004 1355 3206 1421 medio,
3237 1370 3301 1410 ac
3349 1363 3531 1409 certa-

1950 1449 2085 1504 mini
2134 1448 2489 1518 ignominiam
2536 1447 2851 1504 consciscit.
2877 1445 2980 1512 Qui
3019 1447 3163 1501 enim
3211 1461 3277 1501 ex
3310 1446 3530 1502 athletis

1950 1538 2269 1595 certaminis
2294 1540 2441 1609 leges
2467 1539 2659 1606 violat,
2699 1554 2825 1593 cum
2861 1537 3187 1601 verberibus
3220 1552 3250 1590 a
3279 1540 3531 1592 certami-

1950 1647 2021 1687 ne
2054 1631 2331 1701 dejicitur.
2367 1629 2445 1685 ita
2479 1632 2574 1701 qui
2611 1631 2980 1700 virginitatem
3007 1629 3338 1699 corruperit,
3368 1630 3437 1684 ab
3462 1644 3530 1684 eo

1951 1723 2074 1793 ipso
2104 1722 2404 1786 curriculo,
2438 1732 2492 1778 et
2524 1722 2686 1792 512
2714 1736 2940 1788 corona,
2976 1722 3310 1791 praemiaque
3359 1722 3532 1791 repel-

1951 1813 2103 1867 litur.
2130 1811 2334 1867 Verum
2389 1812 2588 1868 melius
2648 1813 2838 1882 utique
2889 1811 3159 1881 judicium
3220 1820 3324 1876 est,
3364 1826 3530 1881 quam

1951 1904 2251 1959 damnatio.
2278 1903 2413 1957 Nam
2464 1904 2581 1974 qui,
2617 1912 2678 1957 ut
2714 1918 2784 1957 ne
2818 1901 2961 1972 apud
2999 1903 3249 1958 homines
3297 1903 3352 1956 in
3397 1902 3533 1956 infa-

1949 1994 2117 2049 miam
2167 1994 2531 2059 adducantur,
2558 1993 2699 2047 clam
2755 2001 3005 2063 stuprum
3060 2002 3396 2064 perpetrant,
3424 2009 3534 2047 mo-

1949 2085 2180 2141 nastica:
2204 2087 2345 2149 vitae,
2366 2085 2449 2140 vel
2472 2084 2827 2140 continentia:
2852 2086 3149 2156 sponsione
3174 2100 3283 2141 non
3305 2100 3365 2140 se
3387 2085 3532 2155 apud

1951 2175 2206 2233 homines
2253 2176 2518 2246 obligant,
2550 2176 2646 2232 sed
2694 2177 2837 2245 apud
2885 2176 3075 2241 Deum,
3102 2178 3196 2246 qui
3232 2185 3287 2232 et
3315 2177 3531 2231 occulta

1950 2267 2256 2338 cognoscit,
2288 2275 2343 2321 et
2396 2266 2452 2320 in
2510 2265 2747 2320 adventu
2795 2280 2897 2321 suo
2954 2266 3262 2320 universam
3311 2281 3531 2320 carnem

1950 2359 2260 2429 redarguit,
2296 2359 2351 2412 in
2391 2357 2592 2428 quibus
2635 2358 2886 2412 videlicet
2915 2359 3150 2428 quisque
3196 2360 3529 2428 peccaverit.

1951 2446 2221 2510 Quocirca
2250 2446 2427 2501 satius
2459 2454 2544 2501 est
2577 2461 2687 2501 uno
2719 2462 2775 2500 se
2806 2457 3036 2516 peccan
3073 2462 3235 2517 quam
3279 2448 3535 2517 pluribus

1952 2537 2313 2606 obstringere.
2349 2536 2534 2593 Satius
2584 2545 2689 2603 est,
2719 2538 2809 2592 ubi
2858 2553 2889 2592 a
2921 2540 3197 2593 curriculo
3240 2540 3529 2606 exciderit,

1951 2628 2131 2698 palam
2176 2626 2282 2681 sibi
2324 2642 2550 2682 uxorem
2596 2628 2853 2699 legitimis
2886 2630 3095 2699 nuptiis
3123 2629 3438 2700 adjungere,
3468 2644 3532 2684 ae

1951 2727 2077 2788 post
2118 2718 2483 2788 virginitatem
2531 2719 3036 2789 longO‘intervallo
3071 2728 3326 2791 suscepta
3359 2719 3535 2790 poeni-

1954 2808 2129 2863 tentia
2178 2810 2376 2863 iterum
2424 2808 2685 2865 Ecclesiae
2737 2809 3109 2874 reconciliari,
3145 2818 3332 2881 utpote
3357 2809 3449 2879 qui
3479 2817 3535 2863 et

1951 2907 2237 2970 peccatum
2284 2899 2590 2965 admiserit,
2618 2907 2673 2955 et
2715 2901 3011 2971 prolapsus
3051 2900 3239 2959 fuerit.
3270 2909 3326 2954 et
3358 2900 3534 2954 infra-

1955 3000 2100 3056 ctus,
2133 2999 2187 3046 et
2236 2990 2571 3061 obligatione
2600 2991 2845 3048 vulneris
2891 3007 3031 3062 opus
3076 2991 3292 3055 habeat,
3317 3000 3375 3046 ut
3422 3008 3535 3049 non

1953 3082 2185 3138 occultis
2214 3082 2270 3137 in
2302 3080 2420 3137 dies
2449 3082 2709 3139 immissae
2740 3098 2769 3136 a
2796 3080 3015 3137 diabolo
3055 3081 3311 3153 nequitia:
3332 3082 3537 3153 jaculis

1953 3172 2250 3228 saucielur.

2027 3261 2160 3317 VIII.
2205 3262 2362 3318 Hune
2410 3263 2467 3318 in
2513 3263 2733 3319 modum
2762 3261 3063 3334 praedicare
3112 3261 3397 3317 consuevit
3429 3259 3534 3316 Ec-

1951 3353 2145 3410 clesia.
2177 3353 2304 3409 Haec
2355 3353 2423 3409 ad
2469 3355 2771 3411 remedium
2798 3364 3112 3425 comparata
3138 3354 3535 3408 medicamenta

1951 3451 2115 3507 sunt;
2145 3442 2261 3498 haec
2304 3444 2611 3514 seplasiarii
2654 3445 2837 3513 operis
2870 3459 3071 3514 genera
3108 3451 3268 3511 sunt;
3301 3442 3416 3497 haec
3448 3458 3536 3498 Stl-

1951 3536 2031 3589 cri
2072 3534 2127 3589 in
2163 3536 2280 3606 lege
2331 3535 2438 3589 olei
2493 3534 2800 3602 confectio;
2854 3535 2969 3590 haec
3010 3542 3316 3590 aromatum
3366 3533 3536 3589 odore

1950 3625 2202 3696 fragrans
2248 3625 2466 3697 egregia
2515 3622 2671 3690 ﬁdes,
2703 3641 2825 3695 qua:
2872 3626 3091 3680 athletae
3140 3626 3207 3679 ad
3256 3634 3534 3679 certamen

1950 3718 2269 3787 prodeuntis
2297 3717 2634 3788 astringendi
2663 3717 2770 3770 vim
2803 3716 2985 3781 habet,
3016 3717 3300 3785 eidemque
3324 3716 3532 3769 denun—

1948 3808 2071 3872 tiat,
2109 3808 2187 3861 uti
2214 3822 2437 3860 cursum
2470 3804 2788 3873 contendat,
2818 3820 2927 3877 quo
2950 3819 3209 3866 coronam
3243 3804 3414 3874 possit
3438 3820 3533 3856 au-

1947 3896 2121 3963 ferre;
2163 3897 2268 3951 hoc
2294 3896 2389 3952 Dei
2426 3911 2587 3967 opus,
2621 3911 2685 3951 ac
2723 3899 3000 3966 negotium
3036 3902 3139 3960 est,
3166 3892 3310 3969 quod
3340 3908 3533 3948 omnes

1948 3990 2154 4062 regiam
2176 3989 2244 4045 ad
2269 3989 2801 4045 administrationem
2825 3994 3141 4057 congregat,
3166 3986 3315 4041 velut
3339 4001 3368 4038 e
3393 3983 3532 4037 mari

1947 4094 2266 4151 purpuram,
2298 4079 2482 4132 lanam
2514 4094 2583 4134 ex
2614 4077 2833 4141 ovibus,
2863 4076 3033 4131 linum
3056 4091 3085 4131 e
3110 4084 3277 4141 terra,
3304 4074 3531 4144 byssum

1948 4172 2210 4237 sericum;
2231 4171 2540 4225 rubricatas
2564 4170 2754 4240 pelles,
2781 4168 3080 4239 pretiosum
3105 4166 3363 4238 lapidem,
3387 4180 3532 4219 sma-

1948 4264 2197 4336 ragdum,
2227 4263 2507 4328 unionem,
2540 4262 2810 4326 achatem,
2843 4260 3074 4331 lapides,
3126 4259 3369 4328 inquam,
3414 4256 3530 4327 qui,

1947 4356 2049 4413 etsi
2077 4355 2353 4409 coloribus
2386 4352 2664 4415 diﬂerant,
2697 4350 2880 4421 pretio
2912 4356 3097 4404 tamen
3128 4348 3364 4418 aequales
3383 4357 3530 4401 sunt.

268 4465 400 4518 μους
434 4448 622 4511 ὄντας·
654 4447 789 4501 ἀλλά
817 4447 911 4501 zeal
935 4447 1156 4519 χρυσὸν,
1186 4447 1280 4501 zeal
1304 4448 1564 4520 ἄργυρον,
1595 4449 1689 4501 zeal
1716 4447 1846 4512 ξύλα

1955 4447 2060 4504 Sed
2087 4455 2139 4504 et
2168 4462 2385 4512 aurum,
2412 4457 2468 4501 et
2494 4453 2803 4516 argentum,
2828 4452 2881 4499 et
2906 4445 3223 4514 incorrupta
3255 4443 3422 4514 ligna,
3460 4458 3534 4497 ωε

264 4538 472 4610 ἄσηπα,
504 4540 598 4593 zeal
624 4539 843 4611 χαλκὸν,
869 4541 962 4594 zeal
992 4540 1235 4611 σίδηρον,
1264 4539 1402 4593 ἀλλὰ
1431 4540 1523 4592 zeal
1547 4539 1740 4611 τρίχας
1764 4540 1848 4592 al-

264 4630 418 4697 γείας
467 4630 540 4702 μὴ
580 4629 1013 4702 ἀποδαλλομένη,
1069 4631 1180 4683 Kal
1230 4629 1371 4700 αὓτη
1435 4630 1532 4701 μὲν
1563 4626 1630 4701 ἦν
1660 4631 1780 4683 τότε
1812 4634 1846 4702 ἡ

265 4719 458 4792 σκηνὴ,
477 4720 572 4775 νῦν
594 4720 650 4774 δὲ
671 4722 770 4792 τῆς
794 4721 999 4791 σκηνῆς
1019 4721 1047 4773 ὁ
1066 4715 1214 4783 οἶκος
1237 4719 1606 4790 ἡδραιωμένος
1627 4722 1683 4774 ὲν
1704 4720 1843 4791 Θεῷ,

263 4811 509 4881 θεμέλιος
547 4812 604 4866 δὲ
641 4813 699 4865 ὲν
731 4811 977 4883 δυνάμει.
1000 4812 1112 4865 Καὶ
1133 4810 1432 4865 παυσάσθω
1456 4810 1605 4862 πᾶσα
1633 4810 1845 4880 αἵρεσις

260 4899 404 4953 κατὰ
428 4901 528 4972 τῆς
558 4900 817 4974 ἀληθείας
854 4901 1275 4974 ὲπεγειρομένη,
1311 4900 1509 4972 μᾶλλον
1553 4900 1609 4954 δὲ
1638 4901 1838 4972 ἑαυτὴν

264 4990 375 5045 ἀπό
396 4991 656 5063 ἀληθείας
688 4991 980 5048 διώκουσα.

334 5081 444 5142 Kal
476 5081 581 5146 ἕως
612 5075 716 5135 ὦδε
745 5082 920 5137 ταῦτα
947 5083 1136 5155 ἐχέτω.
1174 5083 1286 5156 Τὴν
1318 5082 1521 5154 γαῦρον
1549 5082 1605 5136 δὲ
1633 5082 1838 5152 ταύτην

263 5172 473 5242 ἔχιδναν
493 5173 648 5244 δίκην
677 5175 931 5228 ἀκοντίου
960 5175 1053 5229 τοῦ
1081 5175 1441 5247 καλουμένου,
1472 5175 1507 5247 ἢ
1530 5173 1825 5244 τύφλωπος

231 5255 235 5258 ’
262 5263 296 5332 ἢ
337 5264 579 5336 μυάγρου
607 5264 749 5338 ξύλῳ
780 5264 873 5318 τοῦ
908 5266 1143 5338 σταυροῦ
1170 5267 1522 5329 πεπαικότες,
1554 5264 1649 5319 zeal
1675 5281 1842 5318 κατα-

263 5354 571 5426 λείψαντεςο
613 5359 690 5411 ίὸν
723 5359 821 5428 μὲν
852 5358 912 5413 ού
950 5359 1204 5413 τοσοῦτον
1238 5359 1432 5430 ἔχοντα
1463 5358 1532 5412 τὰ
1563 5355 1842 5430 ὲρπετώδη

264 5447 459 5513 ταῦτα,
494 5449 635 5520 πλὴν
665 5450 760 5503 zeal
796 5449 875 5519 τῷ
906 5449 1108 5521 δρόμῳ,
1145 5451 1242 5502 zeal
1268 5449 1345 5521 τῷ
1366 5448 1726 5521 γαυριάματι,
1748 5447 1844 5500 zeal

261 5538 330 5608 τῇ
366 5538 694 5604 ἀκοντιάσει,
721 5537 812 5592 διὰ
840 5537 940 5610 τὴν
962 5539 1140 5594 αὐτῶν
1172 5538 1517 5611 ὲπεντριϐὴν,
1543 5537 1717 5602 οὕτως
1743 5554 1845 5591 κα-

1944 4547 2110 4610 atque
2144 4536 2377 4604 ferrum,
2412 4535 2661 4606 adeoque
2713 4550 2782 4589 ne
2824 4535 3077 4605 caprinos
3127 4534 3345 4604 quidem
3392 4534 3533 4603 pilos

1942 4631 2214 4702 repudiat.
2250 4629 2431 4698 Atque
2482 4625 2754 4697 ejusmodi
2798 4626 3074 4695 quondam
3119 4625 3531 4679 tabernaculum

1943 4720 2100 4785 fuit‘,
2128 4732 2277 4772 nunc
2305 4723 2485 4770 autem
2531 4715 2871 4769 tabernaculi
2906 4714 3099 4768 domus
3132 4714 3186 4768 in
3224 4713 3333 4768 Deo
3363 4715 3529 4767 stabi-

1942 4813 2061 4877 lita,
2094 4810 2508 4864 fundamentum
2536 4806 2659 4876 ejus
2689 4807 2742 4860 in
2777 4805 2980 4859 virtute
3022 4806 3299 4860 consistit.
3335 4803 3526 4858 Proin-

1944 4903 2121 4972 deque
2158 4899 2374 4954 desinat
2406 4899 2632 4952 haeresis
2653 4896 2853 4963 omnis,
2880 4911 3003 4966 quae
3024 4904 3213 4950 contra
3251 4896 3527 4950 veritatem

1946 4991 2201 5062 insurgit,
2230 4990 2313 5045 vel
2348 4991 2584 5059 seipsam
2615 4990 2801 5060 potius
2830 5004 2861 5044 a
2893 4990 3127 5044 veritate
3159 4995 3416 5043 removet.
3455 5004 3458 5009 α

2015 5080 2195 5150 Atque
2243 5078 2359 5134 haec
2402 5079 2691 5134 hactenus.
2727 5077 2881 5133 Nunc
2930 5088 3295 5149 posteaquam
3341 5091 3538 5146 super--

1945 5175 2070 5230 bam
2122 5172 2264 5228 hanc
2311 5173 2575 5241 viperam,
2607 5170 2835 5241 perinde
2861 5184 2925 5226 ac
2954 5173 3224 5241 serpentis
3255 5184 3429 5242 genus
3457 5168 3524 5221 il-

1944 5262 2061 5325 lud,
2092 5261 2239 5332 quod
2276 5260 2518 5329 jaculum
2562 5271 2738 5329 vocat,
2768 5271 2864 5316 aut
2900 5261 3236 5332 typhlopem,
3270 5260 3356 5314 vel
3389 5272 3521 5328 mys-

1947 5368 2127 5423 grum,
2168 5351 2353 5405 crucis
2401 5350 2549 5421 ligno
2597 5351 2998 5421 percussimus,
3034 5365 3099 5405 ac
3150 5347 3474 5418 reliquimus
3509 5361 3524 5399 :

1948 5459 2069 5513 qua:
2114 5443 2332 5513 quidem
2381 5450 2698 5512 serpentum
2732 5457 2932 5513 genera
2963 5457 3075 5495 non
3121 5449 3230 5495 tam
3268 5438 3522 5511 praesenti

1949 5549 2159 5590 veneno
2182 5541 2314 5591 sunt
2347 5553 2360 5589 :
2400 5541 2781 5591 verumtamen
2822 5542 2930 5590 tam
2969 5534 3040 5591 ob
3076 5548 3264 5590 eorum
3292 5528 3523 5604 pernici-

339 5715 445 5774 Ir.
481 5717 697 5787 γύναια.
774 5720 985 5777 ιυεεει
1025 5720 1249 5792 aliquid.
1316 5696 1767 5782 arma”)
1845 5736 1846 5739 ~

1951 5712 2230 5784 rom-xxv,
2259 5712 2294 5767 4
2325 5730 2445 5789 sqq.
