3794 6192
282 296 419 354 ιοει

1698 290 1760 349 5.
1799 286 2139 346 EPlPHANII

3405 274 3573 334 ιοετ

285 422 474 481 tatem,
508 428 674 484 quam
702 413 1077 479 insolentiam,
1109 424 1169 469 et
1193 411 1635 483 eiaculationeln,
1665 412 1733 467 ad
1759 411 1851 466 hae-

2042 424 2071 471 ς
2126 402 2587 467 άπεικασθέντας,
2641 399 3140 473 περιφρονήσαντις
3180 394 3295 452 τῶν
3341 392 3565 460 αὺτιῖννγ

176 532 179 537 ί
285 505 577 561 reticorum
625 504 844 560 illorum
891 504 1192 575 perniciem
1248 502 1657 576 signiﬁcandam
1704 517 1860 558 com-

281 593 822 659 mode—adhibentur,
854 595 1207 665 contemptis,
1240 594 1487 664 inquam,
1525 592 1685 663 513
1728 592 1860 657 illis,

278 697 337 741 et
365 683 617 754 abiectis,
644 684 713 739 ad
746 683 989 754 reliquas
1028 685 1270 740 haereses
1299 691 1668 739 transeamus.

669 796 952 853 CONTRA
984 796 1470 863 SABELLIANOS,

692 888 931 945 [larem
966 888 1133 944 XLII
1163 891 1243 945 vel
1267 888 1453 944 LXII.

348 999 394 1055 1.
440 999 560 1056 Non
615 1001 805 1056 multis
860 999 1060 1056 abhinc
1103 1001 1265 1057 annis
1323 998 1599 1056 Sabellius
1637 1000 1860 1072 quidam

282 1088 579 1148 haereticus
628 1093 892 1149 emersit:
924 1091 1124 1163 quippe
1170 1106 1366 1148 recens
1400 1092 1494 1148 ille
1524 1100 1630 1156 est,
1684 1107 1714 1146 a
1752 1106 1861 1162 quo

285 1181 583 1240 Sabelliani
617 1184 849 1255 profecti
896 1192 1046 1240 sunt.
1092 1182 1198 1251 Qui
1237 1184 1481 1255 quidem,
1514 1184 1706 1254 paucis
1737 1184 1861 1253 qui-

282 1274 514 1331 busdam
540 1276 809 1346 exceptis,
862 1274 1050 1331 eadem
1085 1290 1212 1330 cum
1264 1273 1550 1330 Noetianis
1598 1273 1858 1331 asseruit.

282 1364 462 1436 Atque
508 1366 675 1436 hujus
708 1374 872 1423 sectae
903 1367 1127 1438 plurimi
1163 1382 1289 1422 cum
1329 1368 1383 1421 in
1431 1366 1858 1437 Mesopotamia,

279 1464 394 1512 tum
436 1455 622 1514 Roma:
660 1466 973 1528 versantur,
1008 1459 1245 1515 vesaniae
1273 1457 1512 1530 quadam
1566 1457 1783 1530 perciti.

349 1627 558 1685 Horum
589 1628 706 1687 haec
737 1632 927 1703 opinio
965 1640 1053 1689 est
1082 1650 1097 1689 :
1131 1631 1397 1689 Eumdem
1444 1646 1570 1689 esse
1616 1630 1858 1699 Patrem,

1964 498 2061 550 ἐπὶ
2082 496 2182 561 τὰς
2215 494 2343 567 ἑξῆς
2373 494 2564 566 ἴωμεν,
2585 485 2632 547 ὦ
2658 491 2954 562 ἀγαπητοί.

2384 781 2578 837 ΚΑΤΑ
2617 774 3117 841 ΣΔΒΕΛΔΚΔΝΩΝ,

1966 873 2440 946 Τεσσαρακοστή
2461 871 2729 941 δευτέρα,
2761 871 2800 939 ή
2822 868 2923 924 καὶ
2941 864 3243 935 ἑξηκοστίῆ
3271 860 3561 932 δευτέρα.

2030 989 2113 1043 A'.
2155 983 2443 1045 Σαὸέλλιός
2471 1000 2555 1047 τις
2579 984 2637 1037 ὲν
2667 981 2881 1053 χρόνοις
2901 977 3098 1048 ἀνέστη
3117 975 3178 1028 οὐ
3202 971 3391 1043 πολλῷ
3414 971 3563 1043 πρό-

1959 1093 2119 1150 τερον
2142 1072 2542 1137 παλαιοτάτοις⁸
2572 1072 2886 1147 πρόσφατος
2913 1069 3021 1142 γὰρ
3040 1062 3217 1131 οὗτος·
3248 1066 3346 1134 ἀφ’
3373 1055 3563 1134 οὗπερ

1960 1172 2011 1225 οἱ
2032 1168 2383 1224 Σαϐελλιανοὶ
2413 1164 2757 1236 καλούμενοι.
2776 1164 2888 1217 Καὶ
2906 1157 3058 1225 οὗτος
3075 1161 3131 1214 δὲ
3146 1156 3564 1231 παραπλησίως

1960 1250 2069 1315 τῶν
2114 1257 2452 1331 Νοητιανῶν,
2507 1255 2647 1329 πλὴν
2698 1254 2894 1325 ὀλίγων
2948 1251 3134 1317 τινῶν,
3184 1249 3562 1321 δογματίσας.

1962 1351 2159 1407 Πολλοὶ
2187 1351 2246 1405 δὲ
2273 1353 2331 1405 ὲν
2352 1353 2419 1422 τῇ
2441 1350 2601 1423 Μέσῃ
2628 1346 2738 1402 τῶν
2767 1344 3049 1419 ποταμῶν,
3078 1342 3173 1397 καὶ
3197 1343 3291 1394 ἐπὶ
3311 1339 3386 1394 τὰ
3407 1337 3561 1410 μέρη

1960 1445 2061 1516 τῆς
2104 1442 2324 1517 Ῥώμης
2355 1439 2451 1497 τοῦ
2490 1441 2656 1496 αὑτοῦ
2693 1439 2964 1510 δόγματος
2990 1436 3353 1507 ὑπάρχουσιν,
3394 1430 3580 1501 ἀνοίᾳ-

1961 1537 2068 1590 τινὶ
2098 1538 2406 1609 φερόμενοι.
3005 1546 3045 1566 ον

2034 1626 2362 1700 Δογματίζει
2401 1626 2512 1699 γὰρ
2542 1618 2694 1689 οὗτος
2723 1622 2820 1679 καὶ
2851 1624 2903 1677 οἱ
2936 1621 3032 1676 ἀπ’
3057 1618 3223 1675 αὐτοῦ
3249 1617 3561 1672 Σαδελλιαυ

276 1728 335 1775 et
364 1718 586 1796 Eilium,
628 1731 683 1779 et
729 1721 996 1796 Spiritum
1051 1730 1329 1789 sanctum,
1382 1731 1443 1779 ut
1493 1723 1562 1779 ad
1609 1722 1851 1780 eamdem

2042 1763 2046 1775 .
2069 1723 2161 1776 τὸν
2182 1715 2342 1776 αὐτὸν
2364 1716 2766 1791 εἶναι’Πατέρα,
2786 1717 2881 1771 τὸν
2905 1713 3069 1770 αὐτὸν
3090 1712 3243 1778 Υἱδν,
3266 1711 3365 1765 τὸν
3389 1710 3564 1765 αὐτὸν

278 1787 603 1883 ιιγρόειεείιι
635 1824 749 1872 tres
773 1787 1186 1886 appellationes
1215 1787 1566 1870 conveniam.
1599 1812 1708 1868 Aut
1739 1826 1851 1886 per-

2042 1828 2105 1868 ναι
2139 1812 2293 1883 ἅγιον
2314 1810 2560 1882 Πνεῦμα·
2584 1787 2825 1874 ὡςέῐναι
2852 1808 2911 1861 ὲν
2944 1807 3044 1877 μιᾷ
3073 1802 3377 1858 ὑποστάσει
3402 1801 3561 1872 τρεῖς

281 1901 410 1957 inde
443 1910 607 1975 atque
656 1905 712 1959 in
764 1916 875 1959 uno
919 1905 1146 1961 homine
1194 1918 1416 1975 corpus,
1455 1912 1509 1960 et
1556 1906 1763 1973 anima,
1811 1912 1866 1960 et

282 1994 515 2065 spiritus
546 1996 712 2053 inest.
750 1997 828 2051 Ita
862 2006 922 2051 ut
949 1994 1198 2066 corporis
1229 1995 1408 2051 instar
1434 1996 1508 2052 sit
1540 1993 1725 2062 Pater,
1754 1996 1868 2050 ani-

281 2098 389 2140 mai
414 2084 625 2153 Filius;
671 2084 913 2157 Spiritus
946 2086 1185 2156 denique
1219 2087 1273 2141 in
1307 2086 1425 2157 ipsa
1453 2086 1738 2142 divinitate
1762 2087 1866 2141 hu-

284 2177 434 2230 mani
464 2176 695 2246 Spiritus
730 2178 907 2232 instar
946 2177 1234 2233 habeatur.
1268 2174 1426 2243 Quod
1457 2183 1513 2232 et
1551 2176 1687 2232 solis
1715 2176 1870 2232 simi-

285 2268 520 2325 litudine
548 2268 867 2337 declarant;
896 2270 954 2323 in
984 2282 1095 2341 quo
1125 2280 1252 2324 cum
1290 2280 1399 2322 una
1431 2268 1502 2324 sit
1533 2268 1864 2339 hypostasis,

282 2359 482 2429 triplex
520 2359 879 2416 nihilominus
909 2368 1067 2415 actus
1102 2367 1189 2416 est
1218 2378 1233 2416 :
1261 2358 1519 2413 nimirum
1557 2356 1869 2412 illustrandi

285 2450 368 2507 vis
402 2463 455 2507 et
484 2450 866 2517 calcfackndi,
919 2459 976 2508 et
1025 2449 1357 2507 orbicularis
1405 2448 1599 2521 ﬁgura.
1642 2450 1721 2503 Ac
1757 2448 1871 2503 vim

280 2542 503 2612 quidem
542 2542 689 2597 illam
727 2542 1106 2611 calefaciendi,
1146 2542 1252 2597 hoc
1282 2542 1367 2597 εει
1411 2542 1673 2608 calorem,
1707 2550 1873 2613 atque

283 2640 500 2695 aestum,
544 2631 773 2702 Spiritui
807 2630 1173 2702 respondere;
1216 2630 1563 2686 illuminandi
1598 2647 1728 2689 vero
1760 2635 1872 2689 vim

285 2720 462 2792 Filio;
485 2722 701 2779 Patrem
726 2725 965 2795 denique
991 2725 1162 2779 totius
1183 2724 1497 2796 hypostasis
1521 2725 1666 2780 veiut
1687 2738 1875 2796 quam-

284 2815 412 2870 dam
446 2830 570 2872 esse
605 2816 859 2871 formam.
893 2815 1068 2888 igitur
1105 2815 1306 2871 Filium
1348 2813 1621 2870 aﬁirmant
1651 2816 1789 2870 radii
1816 2815 1874 2871 in

289 2922 497 2962 morem
527 2908 794 2965 emissum
832 2908 1039 2973 omnia,
1080 2920 1203 2979 quae
1241 2907 1309 2963 ad
1340 2905 1641 2979 Evangelii,
1678 2914 1733 2964 et
1770 2908 1873 2963 hu-

285 3014 462 3055 manae
520 3000 716 3056 salutis
770 3000 1214 3071 procurationem
1270 2999 1587 3064 attinerent,
1653 2999 1711 3054 in
1769 2999 1874 3055 hoc

285 3089 492 3145 mundo
526 3091 869 3161 praestitisse,
918 3099 1085 3161 atque
1131 3089 1206 3143 ita
1264 3089 1322 3144 in
1368 3088 1568 3143 coelum
1616 3087 1869 3155 rediisse,

286 3184 746 3254 quemadmodum
798 3183 869 3248 is,
921 3183 1017 3254 qui
1056 3197 1087 3236 a
1132 3181 1250 3237 sole
1295 3181 1561 3245 manavit,
1595 3179 1788 3236 radius
1815 3180 1871 3234 in

283 3273 538 3330 cumdem
564 3282 752 3345 postea
779 3274 1113 3330 refunditur.
1142 3272 1408 3344 Spiritum
1434 3290 1601 3345 porro
1618 3282 1872 3331 sanctum

288 3367 345 3420 in
376 3366 524 3420 hunc
553 3366 741 3420 orbem
775 3365 1017 3429 immitti,
1054 3376 1121 3420 ac
1149 3363 1406 3435 deinceps
1446 3365 1877 3437 singillatimque

286 3456 344 3511 in
375 3471 472 3512 eos
519 3471 713 3513 omnes
764 3456 936 3523 illabi,
989 3455 1085 3528 qui
1131 3472 1198 3513 eo
1241 3472 1469 3513 munere
1521 3457 1670 3529 digni
1715 3466 1873 3527 sunt;

283 3546 652 3620 eumdemque
689 3550 1003 3605 instaurare
1032 3549 1221 3614 vitam,
1263 3558 1318 3605 et
1356 3549 1602 3605 animare
1629 3549 1872 3620 fervore;

289 3639 475 3697 fovere
502 3640 761 3716 denique,
794 3657 860 3697 ac
886 3641 1208 3706 calefacere,
1244 3649 1304 3697 ut
1329 3642 1405 3696 ita
1434 3639 1636 3708 dicam,
1668 3643 1720 3699 vi
1747 3657 1879 3715 qua-

288 3732 415 3787 dam
447 3733 923 3806 consensioneque
968 3734 1221 3807 spiritus.
1277 3731 1562 3807 Ejusmodi
1600 3733 1715 3792 fere
1752 3735 1878 3791 illo-

288 3840 411 3880 rum
438 3824 693 3898 dogmata
727 3833 886 3883 sunt.‘
1118 3837 1127 3845 '

359 3913 423 3971 ll.
456 3915 728 3972 Caeterum
776 3917 1034 3975 omnibus
1088 3925 1200 3973 tam
1251 3914 1491 3984 Veteris,
1544 3930 1708 3986 quam
1738 3915 1877 3971 Novi

286 4006 626 4067 Testamenti
674 4008 980 4083 Scripturis
1031 4005 1286 4079 utuntur,
1342 4010 1428 4066 vel
1477 4010 1647 4066 certis
1695 4010 1878 4081 potius

286 4101 650 4170 dictionibus,
677 4119 814 4174 quas
845 4104 1067 4175 ipsimct
1096 4119 1194 4174 pro
1217 4104 1416 4159 insana
1447 4111 1631 4174 mente
1661 4116 1782 4167 sua,
1813 4115 1878 4156 ac

289 4194 545 4252 vecordia
578 4195 842 4265 deligunt.
887 4194 1168 4265 Principio
1196 4196 1341 4250 hanc
1372 4210 1403 4249 e
1442 4194 1615 4250 sacris
1654 4192 1878 4248 Litteris

289 4288 621 4343 sententiam
663 4287 958 4356 arripiunt,
1015 4302 1179 4357 quam
1234 4286 1402 4358 Moysi
1455 4284 1596 4341 Deus
1629 4286 1878 4341 elocutus

288 4387 408 4432 est:
432 4377 595 4442 Audi,
632 4376 827 4444 Israel,
855 4376 1114 4431 Dominus
1152 4376 1315 4449 514
1349 4376 1487 4432 Deus
1522 4386 1665 4442 tuus,
1691 4375 1879 4434 Domi-

1963 1906 2283 1978 ὀνομασίας,
2329 1905 2364 1977 ἢ
2400 1903 2476 1969 ὡς
2505 1905 2563 1957 ὲν
2589 1901 2863 1975 ἀνθρώπῳ
2894 1899 3076 1970 σῶμα,
3116 1897 3212 1951 καὶ
3251 1893 3428 1966 ψυχὴ,
3462 1893 3569 1946 καὶ

1968 2000 2211 2072 πνεῦμα.
2236 1998 2350 2052 Καὶ
2376 1992 2516 2052 εἶναι
2550 1996 2648 2069 μὲν
2684 1995 2745 2050 τὸ
2777 1994 2957 2066 σῶμα,
2989 1991 3066 2056 ὡς
3089 1992 3282 2054 είπεῖν,
3319 1987 3420 2041 τὸν
3442 1987 3564 2040 Hac

1966 2094 2121 2166 τέρα,
2142 2092 2321 2164 ψυχὴν
2345 2091 2424 2157 δὲ,
2449 2090 2525 2155 ὡς
2545 2090 2742 2157 εἰπεῖν,
2769 2086 2859 2142 τὸν
2887 2085 3038 2148 Υἱδν,
3060 2082 3123 2137 τὸ
3146 2079 3375 2151 Πνεῦμα
3401 2079 3461 2132 δὲ.
3482 2076 3566 2140 ὡς

1968 2182 2278 2256 ἀνθρώπου,
2307 2182 2481 2246 οὕτως
2500 2181 2595 2236 καὶ
2617 2180 2678 2234 τὸ
2704 2178 2858 2248 ἅγιον
2878 2175 3107 2247 Πνεῦμα
3133 2174 3191 2227 ὲν
3211 2174 3279 2243 τῇ
3309 2170 3559 2240 θεότητι.

1971 2276 2042 2330 Ἣ
2060 2275 2135 2340 ὼς
2154 2271 2304 2348 ἐὰνῇ
2334 2275 2392 2328 ὲν
2422 2272 2557 2345 ἡλίῳ
2582 2272 2695 2326 ὄντι
2728 2270 2827 2343 μὲν
2850 2272 2908 2323 ὲν
2937 2269 3037 2340 μιᾷ
3066 2264 3384 2327 ὑποστάσει,
3410 2259 3565 2331 τρεῖς

1969 2367 2026 2423 δὲ
2056 2367 2234 2439 ἔχοντι
2260 2367 2360 2431 τὰς
2387 2363 2690 2437 ἐνεργείαςο
2732 2360 2876 2434 φημὶ
2907 2361 2965 2415 δὲ
2995 2360 3057 2412 τὸ
3083 2354 3434 2427 φωτιστικδν,
3462 2351 3575 2405 καὶ

1970 2458 2032 2512 τὺ
2060 2458 2286 2523 θάλπον,
2314 2458 2410 2510 καὶ
2436 2453 2570 2509 αὐτὸ
2601 2452 2663 2506 τὸ
2689 2452 2788 2524 τῆς
2811 2446 3168 2522 περιφερείας
3207 2444 3419 2515 σχῆμα.
3445 2439 3565 2494 Καὶ

1971 2546 2111 2607 εῖναι
2164 2551 2263 2623 μὲν
2306 2549 2369 2623 rb
2422 2548 2647 2614 θάλπον,
2694 2545 2873 2599 εῐτουν
2916 2540 3131 2615 θερμὸν
3165 2539 3261 2593 καὶ
3310 2536 3457 2600 ζέον,
3498 2535 3579 2588 τὸς

1971 2641 2222 2713 Πνεῦμα,
2258 2640 2321 2694 τὸ
2352 2637 2680 2710 φωτιστικὺν
2718 2637 2775 2691 δὲ
2801 2635 2892 2691 τὸν
2925 2634 3074 2697 Υίὸν,
3110 2631 3216 2684 τδνε
3238 2629 3297 2682 δὲ
3331 2626 3567 2697 Πατέρα

1972 2732 2134 2786 αὑτὸν
2165 2726 2306 2785 εἶναι
2346 2730 2408 2783 τὸ
2451 2723 2591 2793 εἶδος
2635 2727 2817 2799 πάσης
2857 2726 2956 2796 τῆς
2993 2719 3364 2782 ὑποστάσεως.
3410 2716 3567 2786 Πεμ-

1975 2824 2177 2896 φθέντα
2204 2823 2263 2878 δὲ
2290 2822 2382 2876 τὸν
2412 2820 2543 2875 Υίδν
2582 2818 2764 2891 καιρῷ
2793 2828 2946 2880 ποτε,
2988 2813 3177 2884 ὥσπερ
3220 2810 3440 2874 ἀκτῖνα,
3467 2807 3567 2859 καὶ

1974 2918 2351 2990 ἐργασάμενον
2379 2914 2449 2970 τὰ
2487 2915 2664 2969 πάντα
2696 2914 2755 2967 ὲν
2783 2910 2863 2982 τῷ
2895 2910 3086 2980 κόσμῳ
3114 2905 3183 2959 τά
3216 2905 3316 2975 τῆς
3347 2904 3565 2990 οίκονο-

1978 3007 2107 3078 μίας
2130 3005 2228 3078 τῆς
2250 3003 2631 3074 εὐαγγελικῆς,
2670 3001 2765 3056 καὶ
2799 2997 3075 3069 σωτηρίας
3099 2994 3207 3049 τῶν
3227 2990 3325 3047 ἀνθ
3333 2989 3565 3062 ρώπων,

1976 3097 2354 3169 ἀναληφθέντα
2375 3097 2434 3152 δὲ
2457 3090 2615 3157 αὖθις
2640 3095 2720 3158 εἰς
2741 3091 2992 3165 οὐρανὸν,
3015 3089 3090 3152 ὡς
3114 3085 3220 3141 ὑπδ
3243 3084 3401 3155 ἡλίου
3429 3099 3569 3151 πεμ-

1977 3188 2205 3259 φθεῖσαν
2235 3189 2450 3252 ἀκτῖνα,
2482 3185 2578 3242 καὶ
2613 3184 2777 3241 πάλιν
2804 3186 2886 3247 εἰς
2912 3182 3005 3236 τὸν
3033 3180 3187 3252 ἥλιον
3215 3172 3567 3247 ἀναδραμοῦ-

1978 3302 2099 3340 σαν.
2132 3286 2207 3338 Τὸ
2234 3284 2291 3337 δὲ
2321 3283 2475 3354 ἅγιον
2502 3280 2729 3351 Πνεῦμα
2758 3277 3071 3350 πέμπεσθαι
3105 3275 3184 3337 είς
3208 3271 3299 3324 τὺν
3332 3269 3564 3339 κόσμον,

1976 3379 2069 3433 καὶ
2099 3375 2356 3448 καθεξῆς,
2386 3375 2481 3429 καὶ
2516 3373 2636 3428 καθ’
2666 3372 2874 3425 Exacta
2907 3369 2987 3432 εἱς
3026 3366 3255 3421 ἕκαστον
3286 3360 3398 3414 τῶν
3438 3374 3571 3410 κατε

1976 3469 2127 3536 αξιου
2135 3470 2328 3542 μένων·
2365 3467 2759 3536 ἀναξωογονεῖν
2790 3463 2848 3519 δὲ
2881 3461 2971 3517 τὸν
3011 3456 3273 3520 τοιοῦτον,
3312 3453 3570 3542 natavi:-

1977 3538 2148 3627 Céew,
2174 3559 2402 3615 θάλπειν
2430 3575 2493 3612 τε
2520 3557 2616 3610 καὶ
2646 3553 2986 3627 θερμαίνειν,
3015 3549 3092 3612 ὡς
3124 3546 3321 3607 εἰπεῖν,
3351 3540 3443 3595 διὰ
3468 3538 3569 3610 τῆς

1975 3651 2071 3706 τοῦ
2132 3650 2441 3722 πνεύματος
2494 3644 2779 3719 δυνάμεώς
2826 3661 2888 3697 τε
2936 3642 3031 3698 καὶ
3076 3635 3424 3710 συμϐάσεως.
3458 3629 3573 3683 Καὶ

1975 3743 2150 3800 ταῦτά
2176 3746 2323 3798 ἐστιν
2347 3741 2384 3798 ά
2414 3739 2821 3825 δογματίζουσι.

2049 3925 2124 3980 B'.
2144 3925 2459 3998 Κέχρηνται
2485 3924 2543 3979 δὲ
2566 3925 2687 3987 ταῖς
2709 3921 2910 3985 πάσαις
2962 3919 3202 3991 γραφαῖς
3231 3912 3481 3979 Παλαιὰ
3501 3931 3561 3967 τε

1979 4020 2075 4076 καὶ
2104 4019 2315 4089 Καινῆς
2340 4016 2639 4089 Διαθήκης,
2669 4015 2851 4082 λέξεσι
2877 4012 2934 4067 δέ
2957 4028 3097 4066 τισιν
3123 4005 3209 4074 αἷς
3235 4007 3390 4064 αὐτοὶ
3414 4006 3570 4061 ἐκλέ-

1979 4128 2168 4182 γονται
2199 4108 2344 4164 κατὰ
2363 4108 2462 4180 τὴν
2496 4106 2634 4161 ίδίαν
2666 4104 2843 4159 αὐτῶν
2874 4100 3407 4175 παραπεποιημένην
3437 4115 3573 4182 aps:-

1979 4180 2301 4254 νοὸλὰὅειάν
2336 4215 2397 4251 τε
2430 4196 2526 4251 καὶ
2558 4195 2765 4250 ἄνοιαν.
2805 4193 3031 4265 Πρῶτον
3064 4192 3164 4263 μὲν
3194 4190 3272 4262 τῷ
3310 4188 3486 4262 ῥητῷ,
3525 4180 3571 4257 ᾧ

1979 4290 2133 4348 εἶπεν
2166 4295 2195 4346 ὁ
2230 4292 2363 4355 Θεὸς
2404 4289 2540 4362 πρὸς
2569 4289 2832 4360 Μωῦσῆν,
2880 4287 2963 4342 ὅτι
3008 4289 3250 4352 Ἄκουε,
3303 4283 3564 4354 Ἰσραὴλ,

1981 4388 2197 4455 Κύριος
2225 4387 2258 4439 ό
2289 4382 2433 4450 Θεός
2460 4396 2600 4448 σου,
2623 4383 2837 4450 Κύριος
2858 4374 2946 4446 εἷς
2970 4378 3166 4434 ἐστιν.
3188 4379 3270 4432 Οὐ
3293 4378 3569 4445 ποιήσεις

287 4484 390 4524 nus
416 4484 550 4523 unus
579 4478 677 4523 est.
712 4468 837 4524 Non
868 4469 1030 4540 facies
1056 4471 1149 4524 tibi
1170 4471 1293 4525 deos
1318 4471 1536 4527 alteros.
1574 4467 1697 4526 Non
1723 4486 1851 4525 erun

2042 4473 2217 4541 εαυτῷ
2262 4472 2440 4539 θεοὺς
2486 4471 2749 4540 ἐτέρους.
2817 4472 2940 4524 Οὐκ
2993 4469 3247 4524 ἔσονταί
3295 4485 3396 4522 σοι
3450 4468 3566 4522 θεοὶ

289 4560 389 4615 tibi
414 4559 490 4615 dii
522 4570 749 4616 recentes
773 4563 813 4617 ⁸.
852 4561 1116 4629 Quoniam
1147 4578 1237 4633 ego
1274 4560 1418 4617 Deus
1455 4562 1682 4632 primus,
1707 4572 1756 4617 et
1781 4578 1876 4616 no-

290 4652 560 4717 vissimus,
587 4665 632 4706 et
658 4663 851 4722 prwter
880 4669 962 4708 me
988 4669 1092 4707 non
1116 4662 1194 4708 est
1214 4652 1357 4707 Deus
1382 4653 1578 4708 alius'.
1606 4653 1672 4707 Et
1688 4652 1734 4708 si
1757 4668 1878 4723 qua:
1915 4711 1918 4713 Α

291 4744 400 4800 alia
443 4752 574 4800 sunt
620 4745 688 4799 ad
733 4752 971 4801 mentem
1014 4760 1169 4800 suam
1208 4726 1642 4810 accommodata,
1678 4746 1878 4816 quibus

286 4836 360 4891 ad
395 4836 829 4892 conﬁrmandum
860 4852 1103 4893 errorem
1138 4837 1462 4893 abutuntur.
1505 4836 1776 4893 Praeterea
1810 4853 1876 4892 ex

255 4929 588 5008 iEvangelio
618 4930 752 4985 illud
784 4938 1054 5002 usurpant
1083 4947 1096 4986 :
1126 4929 1240 5002 Ego
1270 4931 1327 4984 in
1350 4928 1536 4999 Patre,
1561 4939 1611 4985 et
1639 4929 1804 4985 Pater
1823 4931 1879 4984 in

291 5036 373 5076 me
405 5030 482 5075 est
501 5021 543 5077 ³.
571 5019 637 5074 Ει
668 5040 682 5076 :
727 5021 840 5076 Duo
869 5038 1033 5076 unum
1064 5037 1247 5076 sumus
1271 5020 1313 5075 ’⁵.

362 5111 519 5169 Hunc
549 5120 731 5169 autem
757 5128 999 5170 errorem
1031 5128 1271 5180 omnem,
1305 5112 1537 5184 ejusque
1570 5113 1881 5168 ﬁrmamen—

290 5216 407 5263 tum
436 5222 502 5263 ος
536 5207 883 5279 Apocryphis
912 5196 1246 5279 quibusdam
1275 5208 1612 5273 hauserunt;
1647 5220 1881 5277 praeser-

290 5303 388 5358 tim
435 5304 505 5359 ab
551 5301 938 5374 Egyptiorum
979 5299 1277 5372 Evangelio
1313 5319 1327 5354 :
1357 5301 1459 5354 hoc
1486 5299 1633 5353 enim
1666 5297 1744 5352 illi
1777 5311 1880 5352 no-

289 5411 416 5452 men
456 5394 795 5461 indiderunt,
824 5393 892 5447 .in
921 5407 1032 5464 quo
1063 5392 1324 5464 pleraque
1353 5400 1485 5448 sunt
1516 5391 1681 5460 hujus
1715 5404 1879 5460 gene-

289 5487 392 5551 ris,
423 5503 555 5558 quae
581 5503 648 5543 ex
681 5502 919 5558 persona
956 5485 1261 5563 Salvatoris
1296 5485 1434 5540 clam
1465 5492 1631 5554 atque
1662 5482 1878 5537 occulte

291 5578 442 5634 velut
475 5580 758 5650 mysteria,
801 5587 1205 5651 praponuntur,
1236 5577 1395 5649 quasi
1431 5575 1722 5648 discipulis
1753 5575 1873 5646 ipse

369 5733 388 5764 ⁸
413 5730 571 5788 Deut.
598 5750 676 5802 γι,
698 5737 763 5803 4;
804 5734 976 5791 Exod.
1012 5751 1101 5794 xx.
1129 5735 1179 5789 5.

1982 4568 2339 4639 ,τῳόσ-ςροιτοι⁸
2381 4565 2472 4620 ὅτι
2516 4565 2633 4636 ἐγὼ
2679 4561 2824 4631 Θεὸς
2868 4565 2902 4617 ό
2948 4561 3202 4631 πρῶτος,
3238 4561 3337 4614 καὶ
3368 4562 3400 4614 ὁ
3422 4560 3571 4631 μετὰ

1983 4662 2189 4725 ταῦτα,
2224 4658 2322 4713 καὶ
2354 4654 2524 4723 πλὴν
2551 4653 2701 4724 ἐμοῦ
2732 4655 2843 4707 οὐκ
2875 4651 3007 4707 ἔστι
3036 4650 3182 4718 Θεὸς
3205 4650 3429 4718 ἔτερος.
3465 4650 3571 4704 Καὶ

1983 4752 2085 4806 ὅσα
2120 4749 2286 4821 ἕτερα
2309 4746 2451 4801 κατὰ
2478 4745 2568 4798 τὸν
2604 4743 2734 4797 [διον
2764 4741 2946 4798 αὐτῶν
2977 4739 3125 4809 νοῦν,
3164 4741 3244 4804 εἰς
3276 4738 3482 4793 τούτων
3518 4738 3571 4791 δὲ

1987 4842 2337 4916 παράστασιν
2392 4837 2638 4910 φέρουσι.
2694 4832 2865 4888 Πάλιν
2922 4833 3031 4887 ἀπὸ
3079 4831 3440 4901 Εὐαγγελίου,
3493 4831 3573 4883 ὅτι

1999 4934 2141 5006 Ἐγὼ
2173 4935 2242 4989 ἐν
2284 4928 2364 4997 τῷ
2406 4927 2610 4998 Πατρὶ,
2653 4925 2752 4981 καὶ
2791 4928 2824 4981 ὀ
2855 4924 3062 4995 Πατὴρ
3084 4923 3155 4979 ἐν
3181 4923 3333 4994 ἐμοί·
3363 4923 3481 4986 καὶ,
3514 4921 3573 4973 οι

1984 5028 2095 5082 δύο
2123 5025 2192 5081 ἓν
2219 5024 2426 5094 ἐσμεν.

2055 5117 2165 5188 Τὴν
2194 5117 2250 5170 δὲ
2275 5116 2454 5169 πᾶσαν
2488 5110 2668 5166 αὐτῶν
2696 5111 2929 5183 πλάνην,
2973 5108 3069 5163 καὶ
3105 5106 3206 5180 τὴν
3232 5107 3334 5178 τῆς
3369 5104 3575 5175 πλάνης

1986 5209 2167 5264 αὐτῶν
2202 5206 2430 5277 δύναμιν
2474 5202 2688 5275 ἔχουσιν
2738 5204 2798 5268 ἐξ
2842 5200 3203 5273 Ἀποκρύφων
3244 5199 3432 5263 τινῶν,
3476 5198 3580 5268 pa.

1985 5301 2143 5354 λιστα
2180 5297 2289 5352 ἀπὸ
2319 5294 2414 5349 τοῦ
2455 5294 2788 5366 καλουμένου
2820 5290 3118 5363 Αἰγυπτίου
3144 5289 3503 5359 Εὐαγγελίου,
3530 5280 3573 5354 ᾧ

1984 5409 2130 5454 τινες
2165 5389 2226 5442 τὸ
2260 5388 2432 5458 ὄνομα
2468 5384 2725 5438 ἐπέθεντο
2756 5383 2933 5437 τοῦτο.
2967 5382 3057 5435 Ἑν
3084 5377 3234 5451 αὐτῷ
3262 5376 3373 5450 γὰρ
3408 5374 3579 5430 πολλὰ

1984 5482 2214 5536 τοιαῦτα
2239 5479 2314 5542 ὡς
2336 5480 2391 5530 ὲν
2417 5475 2752 5549 παραϐύστῳ
2780 5470 3172 5547 μυστηριωδῶς
3195 5473 3259 5524 ὲκ
3281 5467 3573 5541 προσώπου

1981 5571 2076 5625 τοῦ
2123 5569 2376 5640 Σωτῆρος
2411 5566 2768 5639 ἀναφέρεται,
2806 5564 2882 5631 ὡς
2921 5560 3087 5618 αὐτοῦ
3130 5559 3421 5632 δηλοῦντος
3464 5559 3579 5620 τοῖς

1282 5737 1301 5767 ¹
1335 5733 1438 5789 lsa.
1473 5749 1617 5799 κων,
1650 5733 1705 5787 6.
1784 5732 1803 5765 ³
1842 5728 2001 5787 Joan.
2030 5746 2085 5793 κ.
2123 5728 2212 5783 58.
2293 5728 2313 5760 ⁸
2348 5726 2480 5783 ibid.
2524 5726 2613 5782 50.
