3846 6124
175 681 187 718 i

214 334 353 390 1035

955 332 1326 390 ADVERSUS
1363 334 1703 392 HAEDESES
1740 333 1867 390 LIB.
1897 334 1961 391 ll.
1993 334 2156 392 ΤΟΜ.
2201 335 2242 390 1.
2264 367 2332 378 -—
2360 334 2639 393 HIERES.
2676 335 2836 392 LXII.

3336 334 3474 391 1654

214 449 488 522 μαθηταῖς
505 447 595 504 τὸν
615 447 778 502 αὐτὸν
795 444 935 502 εἶναι
951 449 1190 520 Πατέρα,
1210 451 1302 504 τὸν
1318 450 1482 504 αὑτὸν
1505 444 1645 507 εἶναι
1660 453 1809 519 Υίὸν,

1935 452 2169 516 eclarct,
2203 453 2452 508 eumdem
2489 467 2611 508 esse
2644 451 2884 514 Patrem,
2921 460 2974 505 et
3015 446 3234 513 Filium,
3266 457 3318 503 et
3352 448 3478 518 Spi-

208 543 304 596 τὸν
321 541 483 596 αὐτὸν
501 535 640 593 εἶναι
663 538 816 608 ἄτιον
832 539 1056 611 Πνεῦμα
1071 581 1084 593 .
1108 537 1242 595 Εἶτα
1267 542 1394 595 ὅταν
1423 541 1795 613 συναντήσωσί

209 653 323 690 τισι
333 634 441 688 τῶν
455 631 856 702 ἀφελεστάτων,
872 630 904 701 ἦ
921 632 1216 704 ἀκεραίων,
1233 632 1341 686 τῶν
1362 633 1438 704 μὴ
1449 633 1517 688 τά
1535 633 1678 703 σαφῆ
1691 631 1797 684 τῶν

213 730 369 786 θείων
389 727 617 799 Γραφῶν
627 727 1122 798 γινωσκόντων,τὴν
1137 727 1238 781 πεῦ
1247 728 1519 792 σιναύτοτς
1531 727 1802 799 ὑφηγοῦν·

209 841 303 874 ται
324 821 547 890 ταύτην·
569 820 633 873 Τί
656 819 726 872 ἂν
739 819 1000 890 εἴπωμεν,
1025 813 1072 873 ὦ
1103 813 1280 886 οὗτοις
1309 819 1405 874 ἕνα
1423 820 1556 874 Θεὸν
1581 821 1799 890 ἔχομεν,

213 919 247 987 ἦ
290 919 440 989 τρεῖς
485 914 674 981 θεούςς
713 915 883 969 Ὅταν
914 915 971 968 δὲ
1004 915 1214 988 ἀκούσῃ
1253 917 1282 970 6
1327 918 1387 970 ὲν
1413 915 1671 987 εὐλαϐείᾳ
1703 916 1800 982 ὢν,

216 1009 312 1061 καὶ
343 1007 417 1078 μὴ
444 1007 513 1060 τὰ
543 1007 722 1060 τέλεια
755 1007 854 1075 τῆς
880 1006 1179 1076 ἀσφαλείας
1212 1009 1598 1080 ἐπιστάμενος,
1639 1009 1804 1073 εὐθὺς

217 1101 310 1152 τὸν
337 1100 462 1153 νοῦν
492 1099 806 1170 ταραχθεὶς,
839 1099 1294 1168 συγκατατίθεται
1324 1102 1391 1172 τῇ
1420 1102 1645 1155 ἐκείνων
1667 1100 1805 1153 πλά-

218 1206 308 1264 vn,
328 1192 421 1244 καὶ
442 1190 756 1262 εὑρίσκεται
783 1189 1117 1265 ἀρνούμενος
1134 1191 1228 1244 τὸν
1255 1191 1408 1256 Θεὸν,
1436 1193 1530 1246 καὶ
1556 1192 1805 1264 εὑρίσκεο

217 1299 310 1337 τιι
334 1282 667 1354 ἀρνούμενος
687 1283 750 1336 τὸ
779 1277 917 1336 εἶναι
949 1282 1077 1335 Υίὸν
1100 1283 1194 1336 καὶ
1219 1282 1282 1336 τὸ
1308 1283 1462 1352 ἀγιον
1486 1284 1730 1355 Πνεῦμα.

294 1377 366 1430 Γ’.
398 1375 488 1428 Ἐν
515 1376 647 1428 πᾶσι
673 1375 730 1428 δὲ
749 1373 958 1438 τούτοις
984 1374 1306 1428 ἐνέπνευσεν
1329 1376 1357 1429 6
1382 1375 1488 1429 τῶν
1502 1375 1806 1448 ἀνθρώπων

223 1466 519 1530 ἁπίπαλος
547 1467 640 1520 ἀπ’
669 1466 886 1530 αίῶνος,
923 1466 1009 1518 ἵνα
1044 1465 1135 1519 τὸν
1164 1467 1264 1537 μὲν
1290 1466 1484 1530 οὕτως,
1519 1467 1608 1521 τὸν
1637 1468 1693 1522 δὲ
1715 1468 1808 1522 οὖ-

230 1577 360 1623 τως,
403 1561 528 1623 τοὺς
570 1559 786 1622 πλείους
830 1558 888 1612 δὲ
930 1559 1067 1630 ὁμοῦ
1113 1559 1370 1633 ἀπατήσῃ
1415 1561 1510 1614 καὶ
1558 1561 1809 1634 πλανήσῃ

233 1651 552 1724 ἀνθρώπους
579 1651 686 1705 ἀπὸ
717 1652 816 1721 τῆς
853 1649 974 1704 ὁδοῦ
1011 1651 1113 1721 τῆς
1136 1651 1416 1722 ἀληθείας.
1446 1652 1558 1706 Καὶ
1586 1653 1671 1706 ὅτι
1707 1653 1808 1724 μὲν

233 1741 450 1813 ἀληθῶς
483 1736 564 1804 εἷς
603 1742 717 1794 ἐστι
750 1741 905 1806 Θεὸς,
943 1743 1040 1794 καὶ
1071 1741 1172 1794 οῦκ
1203 1742 1348 1795 ἐστιν
1379 1742 1584 1813 ἔτερος,
1625 1741 1811 1812 σαφῶς

235 1837 295 1889 ὲν
325 1801 404 1904 ’τῇ
429 1801 583 1905 ’ἁγία
631 1831 724 1886 τοῦ
776 1801 913 1886 Θεοῦ
946 1831 1243 1903 Ἐκκλησία
1297 1801 1668 1904 ὡμολόγηται,
1846 1801 1892 1856 Β

232 1924 682 1997 συμπεφώνηται.
722 1924 845 1978 Ὅτι
865 1924 926 1977 οὐ
952 1923 1241 1977 πολυθεῒαν
1262 1922 1649 1994 είσηγούμεθαο
1679 1923 1816 1977 ἀλλά

232 2016 531 2087 μοναρχίαν
558 2015 925 2087 κηρύττομεν.
962 2015 1283 2085 Μοναρχίαν
1326 2014 1383 2067 δὲ
1429 2015 1813 2086 κηρύττοντες,

229 2109 292 2161 οὑ
337 2108 706 2178 σφαλλόμεθα,
744 2108 880 2162 ἀλλὰ
925 2105 1299 2178 ὁμολογοῦμεν
1332 2108 1432 2178 τὴν
1463 2108 1688 2180 Τριάδα,
1723 2124 1818 2178 μο-

231 2201 366 2254 νάδα
391 2201 449 2256 ὲν
481 2201 692 2272 Τριάδι,
727 2200 822 2254 καὶ
856 2199 1061 2272 Τριάδα
1091 2201 1149 2254 ὲν
1183 2199 1391 2271 μονάδι,
1425 2200 1555 2270 μίαν
1589 2200 1820 2271 θεότητα

234 2293 470 2363 Πατρὸς,
506 2292 602 2346 καὶ
634 2290 792 2356 Υἱοῦ,
834 2292 929 2345 καὶ
971 2291 1128 2359 ἁγίου
1171 2291 1510 2364 Πνεύματος.
1544 2292 1620 2346 Οὐ
1658 2291 1769 2363 γὰρ
1791 2294 1820 2346 6

236 2385 365 2449 Υίὸς
394 2385 586 2438 ἑαυτὸν
616 2384 923 2454 ἐγέννησεν·
966 2384 1087 2438 οὐδὲ
1125 2386 1154 2438 ὁ
1195 2385 1388 2457 Πατὴρ
1420 2385 1820 2457 μεταϐέϐληται

235 2478 346 2532 ἀπὸ
369 2476 462 2530 τοῦ
492 2476 701 2548 Πατὴρ,
729 2476 823 2529 τοῦ
846 2473 986 2530 εἶναι
1011 2476 1157 2540 Υἱόςο
1186 2476 1309 2530 οὐδὲ
1332 2477 1394 2530 τὸ
1420 2461 1573 2545 ἀγιον
1599 2477 1823 2548 Πνεῦμα

233 2569 468 2639 Χριστὸν
523 2569 714 2623 ἑαυτὸν
766 2566 988 2622 πώποτε
1039 2569 1342 2640 ὠνόμασεν
1404 2569 1540 2624 ἀλλὰ
1600 2569 1824 2640 Πνεῦμα

235 2661 503 2732 Χριστοῦ,
556 2662 651 2715 καὶ⁹
693 2660 783 2714 διὰ
830 2661 1068 2731 Χριστοῦ
1111 2661 1407 2733 διδόμενον,
1458 2662 1565 2716 ἀπὸ
1609 2661 1824 2732 Πατρὸς

238 2755 691 2826 ἐκπορευόμενον,
719 2753 927 2809 καὶτοῦ
955 2754 1087 2807 Υίοῦ
1111 2753 1406 2824 λαμϐάνον.
1430 2755 1826 2817 Ἐνυπόστατος

235 2847 266 2898 6
311 2846 521 2918 Πατὴρ,
553 2846 918 2908 ἐνυπόστατος
946 2847 975 2898 6
1003 2846 1154 2912 Υἱὸς,
1185 2846 1551 2899 ὲνυπόστατον
1579 2845 1641 2898 τὸ
1671 2846 1826 2913 ἆγιον

240 2938 484 3010 Πνεῦμα.
515 2937 678 2992 Ἀλλά
715 2939 774 2991 οὐ
803 2937 1094 3010 συναλοιφή
1141 2939 1175 3009 ἢ
1210 2937 1400 3009 Τριάς,
1432 2938 1508 3000 ὠς
1537 2936 1827 3000 Σαϐἑλλιος

240 3028 512 3099 ἐνόμισεν,
546 3025 670 3098 οὔτε
711 3027 1054 3098 ἡλλοιωμένη
1089 3027 1189 3098 τῆς
1230 3026 1365 3090 ιδίας
1397 3026 1698 3097 ἀῖδιότητος
1732 3025 1828 3078 καὶ

1905 541 2076 608 ritum
2108 551 2385 597 sanctum.
2425 539 2632 594 Deinde
2660 540 2872 609 quoties
2903 539 2956 592 in
2990 536 3224 605 aliquem
3258 549 3322 588 ex
3351 535 3479 588 sint-

1908 632 2232 703 plicioribus
2283 645 2347 686 ac
2391 630 2710 686 rudioribus
2753 627 3066 690 inciderint,
3097 625 3190 695 qui
3228 629 3476 678 exactam

1904 725 2214 780 divinarum
2250 721 2584 778 Litterarum
2618 720 2902 776 scientiam
2933 733 3042 773 non
3075 716 3296 779 habent,
3333 713 3480 767 hunc

1905 820 1960 874 in
1987 819 2208 874 modum
2234 819 2611 888 interrogant:
2641 813 2783 882 Quid
2813 813 3051 880 tandem,
3081 811 3208 866 boni
3240 809 3366 872 viri,
3397 806 3482 861 di—

1908 909 2132 963 cemus?
2180 905 2360 962 Unum
2417 907 2685 962 habemus
2737 903 2906 958 Deum
2955 917 3027 957 an
3078 900 3225 956 tres?
3271 897 3482 964 Quibus

1907 1001 2113 1057 auditis
2163 1001 2455 1072 religiosus
2501 1001 2616 1064 ille,
2646 1014 2749 1053 nec
2791 995 3032 1068 perfecta
3073 991 3141 1047 ad
3183 989 3481 1046 cavendum

1909 1092 2152 1147 scientia
2178 1093 2505 1162 perpolitus,
2529 1090 2882 1163 perturbatus
2904 1087 3050 1142 illico
3075 1097 3263 1140 eorum
3296 1095 3485 1136 assen-

1909 1185 2046 1240 titur
2083 1188 2285 1251 errori,
2319 1201 2380 1240 ac
2411 1185 2584 1240 Deum
2616 1182 2936 1254 imprudens
2966 1185 3149 1250 negat,
3180 1182 3363 1248 negat,
3400 1174 3488 1227 in-

1908 1292 2098 1348 quam.
2137 1277 2334 1333 Filium
2368 1293 2432 1332 ac
2457 1275 2717 1347 Spiritum
2751 1282 3022 1330 sanctum.

1981 1373 2078 1428 ΙΙΙ.
2114 1372 2384 1427 Caeterum
2429 1370 2530 1425 hos
2559 1383 2751 1424 omnes
2792 1375 3086 1436 perpetuus
3132 1362 3222 1416 ille
3266 1356 3488 1414 humani

1912 1466 2132 1538 generis
2175 1464 2355 1520 hostis
2403 1461 2626 1524 amavit,
2676 1470 2737 1514 ut
2784 1457 2950 1538 alium
2988 1455 3113 1518 hoc,
3163 1451 3328 1505 alium
3383 1447 3492 1502 isto

1914 1559 2098 1621 modo,
2131 1564 2412 1624 utcunque
2442 1565 2575 1606 vero
2609 1533 3044 1619 quamplurimos
3072 1535 3490 1596 circumveniat,

1915 1658 2082 1720 atque
2127 1663 2156 1702 a
2193 1647 2280 1702 via
2315 1643 2563 1700 veritatis
2609 1639 2866 1695 abducat.
2918 1633 3131 1689 Etenim
3170 1643 3340 1684 unum
3371 1639 3496 1681 esse

1917 1755 2109 1798 revera
2159 1738 2354 1802 Deum,
2398 1748 2580 1804 neque
2619 1737 2816 1802 praeter
2848 1727 2996 1782 hunc
3030 1726 3282 1786 alterum,
3315 1717 3497 1773 mani-

1918 1830 2059 1887 feste
2083 1827 2396 1885 communis
2416 1823 2678 1879 Ecclesiae
2708 1817 3001 1875 consensio
3036 1812 3338 1885 proﬁtetur.
3378 1807 3496 1862 Non

1917 1921 2062 1978 enim
2092 1919 2320 1975 deorum
2349 1913 2758 1971 multitudinem
2795 1909 3128 1968 invehimus,
3165 1903 3259 1960 sed
3283 1913 3501 1956 monaro

1919 2013 2102 2068 Chiam
2137 2010 2518 2080 praedicamus.
2550 2005 2610 2061 In
2633 2018 2699 2060 ea
2726 2011 2905 2057 autem
2931 1994 3273 2069 praedicanda
3297 2004 3504 2061 nequa-

1919 2117 2084 2173 quam
2121 2102 2473 2165 aberramus;
2511 2095 2605 2153 sed
2638 2109 2744 2149 una
2781 2092 3102 2147 Trinitatem
3143 2085 3504 2147 confitemur;

1923 2197 2212 2259 unitatem,
2266 2193 2512 2261 inquam,
2574 2189 2629 2242 in
2680 2185 2971 2247 Trinitate,
3001 2190 3057 2236 et
3086 2179 3411 2232 Trinitatem
3447 2175 3503 2227 in

1924 2287 2159 2348 unitate,
2191 2296 2464 2351 unamque
2485 2279 2687 2341 Patris,
2719 2289 2774 2330 et
2803 2271 2949 2337 Filii,
2979 2287 3041 2326 ac
3065 2269 3300 2340 Spiritus
3328 2267 3504 2323 sancti

1922 2377 2286 2432 divinitatem.
2342 2370 2479 2426 Nam
2531 2383 2709 2438 neque
2758 2365 3000 2435 seipsum
3054 2361 3228 2416 Filius
3277 2359 3502 2429 genuit:

1924 2483 2104 2538 neque
2135 2465 2320 2524 Pater.
2353 2471 2412 2517 ut
2451 2469 2598 2517 esset
2625 2459 2817 2521 Filius,
2850 2470 2972 2512 esse
2995 2453 3155 2507 Pater
3189 2451 3380 2515 desiit;
3411 2463 3508 2504 ne-

1925 2576 2034 2632 que
2087 2556 2329 2628 Spiritus
2379 2561 2608 2608 sanctus
2658 2550 2901 2619 seipsum
2951 2558 3189 2614 unquam
3225 2539 3507 2595 Christum

1927 2630 2243 2720 appellavit,
2281 2645 2376 2702 sed
2422 2643 2687 2715 Spiritum
2721 2639 2950 2705 Christi,
2997 2651 3062 2690 ac
3097 2649 3190 2704 per
3229 2630 3509 2686 Christum

1929 2741 2399 2798 communicatum
2431 2779 2446 2804 ,
2510 2733 2894 2806 procedentem
2959 2746 2989 2782 a
3044 2726 3239 2788 Patre,
3297 2730 3350 2780 et
3409 2735 3506 2776 ac-

1931 2839 2224 2909 cipientem
2287 2849 2318 2887 a
2385 2831 2545 2887 Filio.
2608 2826 2931 2882 Subsistens
2988 2832 3074 2877 est
3141 2822 3325 2884 Pater,
3378 2816 3512 2871 sub-

1929 2906 2135 2988 sistens
2177 2925 2371 2989 Filius,
2445 2922 2754 2978 subsistens
2806 2915 3045 2987 Spiritus
3093 2920 3339 2968 sanctus.
3405 2906 3513 2962 Sed

1932 3029 2042 3077 n‘on
2087 3017 2346 3076 confusio
2397 3013 2644 3084 qualdam
2695 3020 2778 3064 est
2813 3006 3077 3064 Trinitas.
3114 3002 3194 3057 uti
3243 2997 3514 3054 Sabellius

237 3119 415 3190 δόξης,
461 3121 537 3184 ὡς
583 3123 612 3174 6
654 3090 882 3192 ’Ἄρειος
918 3090 1246 3188 κενόφωνῶν
1290 3090 1666 3190 ἐδογμάτισεν·
1705 3117 1821 3171 ἀλλ’

1935 3115 2204 3178 credidit,
2273 3108 2434 3180 515
2494 3121 2595 3161 nec
2653 3103 2724 3157 ab
2790 3099 3094 3156 aeternitate
3158 3110 3254 3150 sua
3316 3090 3519 3163 gloria-

242 3211 331 3264 ἀεὶ
365 3211 463 3283 μὲν
483 3207 550 3282 ἦν
579 3211 748 3283 Τριάς
772 3210 964 3281 Τριάς,
991 3208 1086 3262 καὶ
1118 3208 1374 3260 οὐδέποτε
1399 3211 1433 3278 ἡ
1455 3206 1626 3278 Τριὰς
1655 3223 1824 3277 προσ-

243 3303 416 3374 θήκην
438 3302 723 3373 λαμϐάνει,
751 3302 848 3373 μία
875 3297 1009 3355 οῦσα
1035 3299 1246 3366 θεότης,
1284 3299 1383 3370 μία
1417 3299 1696 3371 κυριότης,
1731 3298 1823 3369 μία

243 3394 518 3463 δοξολογία
563 3389 719 3456 οὖσα,
767 3392 904 3446 ἀλλὰ
952 3391 1122 3462 Τριὰς
1163 3391 1567 3462 ἀριθμουμένη,
1613 3390 1829 3462 Πατὴρ,

247 3488 344 3541 καὶ
374 3487 523 3551 Υἱὸς,
547 3485 638 3540 κα)⁴
660 3485 813 3554 ἆγιον
835 3483 1081 3554 Πνεῦμα.
1111 3485 1224 3553 Οὐχ
1249 3483 1326 3547 ὡς
1346 3483 1406 3536 ἓν
1432 3499 1485 3536 τι
1513 3483 1691 3553 τρισὶν
1719 3483 1834 3536 ὀνό-

254 3597 385 3652 μασι
428 3578 789 3648 κεκλημένον,
834 3575 971 3630 ἀλλά
1008 3575 1224 3648 ἀληθῶς
1254 3575 1436 3628 τέλεια
1469 3575 1538 3629 τά
1567 3575 1834 3644 ὀνόματα,

249 3673 451 3727 τέλειαι
480 3672 539 3725 αἱ
569 3669 921 3734 ὑποστάσεις,
949 3669 1100 3722 οὐδὲν
1129 3665 1607 3739 παρηλλαγμένον.
1644 3665 1834 3738 Πατὴρ

249 3765 308 3818 δὲ
339 3765 426 3820 ἀεὶ
448 3763 661 3834 Πατὴρ,
687 3762 780 3814 καὶ
803 3761 903 3813 οὐκ
926 3755 996 3831 ἦν
1023 3759 1216 3831 καιρὸς
1244 3760 1332 3811 ὅτε
1366 3759 1466 3812 οὐκ
1493 3753 1562 3830 ἦν
1585 3759 1614 3810 6
1643 3758 1835 3829 Πατὴρ

255 3857 464 3929 Πατὴρ,
487 3855 692 3917 τέλειος
715 3855 788 3908 ὢν
821 3855 906 3907 ἀεὶ
936 3853 1127 3924 Πατὴρ
1156 3851 1545 3914 ὲνυπόστατος,
1583 3853 1678 3905 καὶ
1710 3852 1840 3916 Υἱὸς

247 3950 343 4002 ἀεὶ
373 3949 579 4011 τέλειος
611 3946 709 4010 ὢν,
745 3947 832 3999 ἀεὶ
867 3944 1254 4008 ὲνυπόστατος,
1281 3945 1346 3996 ὲκ
1372 3943 1590 4015 Πατρὸς
1617 3944 1674 3996 ὲν
1705 3943 1839 4012 ἀλη-

255 4041 377 4113 θείᾳ
398 4039 794 4110 γεγεννημένος
835 4037 1110 4108 ἀνάρχως,
1152 4036 1246 4088 καὶ
1265 4035 1531 4106 άχρόνως,
1560 4036 1653 4089 καὶ
1681 4036 1842 4090 ἀνεκ-

255 4135 548 4205 διηγήτως,
590 4133 652 4185 οὐ
689 4130 1014 4199 συνάδελφος
1045 4127 1122 4199 τῷ
1162 4129 1360 4199 Πατρὶ,
1397 4127 1498 4180 οὐκ
1536 4125 1844 4199 ἀρξάμενος

257 4226 350 4281 τοῦ
377 4223 537 4293 εἷναι,
569 4225 692 4278 οὐδὲ
732 4220 998 4277 διαλιπών
1033 4237 1186 4285 ποτε,
1227 4220 1314 4274 ἀεὶ
1353 4220 1410 4273 δὲ
1459 4219 1586 4283 Υἱὸς
1618 4222 1842 4291 γνήσιος

259 4320 435 4391 Πατρὶ
473 4321 856 4388 συνυπάρχων,
899 4317 963 4367 ὲκ
1000 4314 1214 4385 Πατρὸς
1242 4313 1486 4386 ἀχρόνως
1511 4313 1842 4384 γεγεννημέ-

259 4431 372 4477 νος,
402 4414 532 4476 ἴσως
557 4410 653 4478 ὢν,
679 4409 812 4472 Θεὸς
832 4409 896 4460 ἐκ
921 4405 1081 4470 Θεοῦ,
1107 4405 1222 4474 φῶς
1247 4406 1312 4458 ἐκ
1339 4405 1536 4474 φωτὸς,
1563 4405 1695 4469 Θεὸς
1714 4405 1847 4476 ἁλη-

1931 3223 2039 3279 que
2097 3207 2432 3268 dctnutatur,
2488 3209 2547 3253 ut
2605 3197 2766 3250 Arius
2816 3189 3112 3247 vanissime
3163 3185 3373 3242 docuit.
3409 3181 3515 3236 Sed

1937 3276 2181 3356 Trinitas
2216 3303 2479 3367 perpetuo
2527 3289 2769 3344 Trinitas
2819 3285 2942 3350 fuit,
2982 3296 3084 3336 nee
3130 3279 3178 3335 ei
3219 3276 3516 3349 quidquam

1937 3392 2206 3458 accessit;
2233 3400 2356 3443 cum
2387 3400 2496 3438 una
2519 3383 2591 3438 sit
2617 3379 2898 3438 divinitas,
2923 3388 3032 3428 una
3061 3367 3384 3429 dominatio,
3411 3377 3517 3416 una

1939 3455 2288 3557 praedicanda
2326 3473 2766 3542 celebrandaque
2791 3467 2982 3540 gloria.
3009 3463 3210 3518 Eadem
3241 3455 3524 3514 nihilomi-

1945 3547 2051 3634 nus
2091 3575 2337 3630 Trinitas
2369 3574 2711 3628 numeratur,
2744 3561 2925 3624 Pater,
2974 3555 3147 3610 Filius
3178 3561 3232 3606 et
3282 3547 3524 3619 Spiritus

1943 3676 2171 3726 sanctus
2203 3679 2356 3724 :.non
2388 3669 2448 3716 ut
2483 3659 2624 3714 idem
2667 3663 2831 3724 atque
2856 3665 3022 3705 unum
3060 3643 3260 3714 triplici
3288 3637 3526 3709 appella-

1947 3761 2097 3814 tione
2125 3756 2471 3815 declaretur;
2507 3747 2604 3804 sed
2631 3743 2874 3817 perfecta
2902 3749 3092 3793 revera
3119 3729 3343 3786 nomina
3372 3734 3522 3783 sunt.

1942 3847 2307 3923 perfectaeque
2339 3852 2604 3911 personae,
2649 3847 2826 3903 neque
2863 3826 3122 3900 quiddam
3148 3821 3358 3875 varium
3385 3817 3529 3869 inest

1947 3909 2012 3996 ac
2041 3909 2352 3994 diversum.
2367 3933 2530 3986 Pater
2557 3929 2675 4000 ipse
2696 3930 2959 3996 perpetuo
2982 3917 3144 3972 Pater
3169 3909 3400 3970 exstitit,
3424 3919 3528 3959 nec

1948 4033 2120 4088 ullum
2162 4042 2403 4098 unquam
2441 4033 2659 4092 tempus
2704 4017 2826 4078 fuit,
2869 4025 2979 4083 quo
3013 4009 3172 4062 Pater
3213 4017 3323 4057 non
3359 4003 3526 4052 esset.

1952 4125 2180 4193 Semper
2208 4087 2354 4176 enim
2393 4087 2670 4188 perfectus
2711 4107 2800 4162 ille
2830 4103 2993 4158 Pater
3019 4105 3124 4161 est,
3155 4103 3318 4163 atque
3349 4087 3531 4145 subsi-

1950 4181 2124 4282 stens,
2149 4223 2209 4269 ut
2228 4220 2282 4266 et
2304 4181 2581 4281 per-fectus
2607 4212 2824 4270 semper
2841 4195 3038 4256 Filius,
3057 4200 3380 4258 semperque
3406 4181 3531 4236 sulr

1954 4279 2180 4370 sistens,
2209 4279 2335 4358 vere
2365 4316 2395 4355 a
2435 4298 2596 4352 Patre
2631 4291 2870 4363 genitus,
2910 4285 3118 4353 absque
3157 4279 3315 4333 initio
3352 4285 3533 4328 tamen

1957 4416 2021 4456 ac
2048 4407 2313 4467 tempore,
2347 4402 2524 4460 eoque
2548 4383 2732 4446 modo,
2762 4393 2924 4451 quem
2955 4374 3106 4430 nulla
3136 4369 3410 4440 explicare
3440 4380 3536 4434 po-

242 4462 408 4569 θιῦὸς
431 4506 496 4557 ὲκ
511 4462 653 4557 Θεοῦ
675 4462 953 4571 ἀληθινοῦ,
986 4462 1286 4567 γεννηθεὶς,
1315 4462 1374 4548 οῦ
1400 4462 1660 4558 κτισιθείς.
1676 4462 1822 4548 ’Ἀλλέ

1957 4503 2064 4548 test
2097 4462 2298 4546 oratio.
2323 4484 2442 4540 Non
2468 4483 2515 4537 is
2545 4477 2724 4533 Patris
2754 4473 2900 4530 velut
2924 4479 3219 4540 germanus
3243 4462 3414 4516 frater
3432 4465 3538 4519 est,

260 4599 363 4653 οὐκ
391 4597 554 4660 αὐτὸς
603 4595 813 4666 Πατὴρ,
858 4591 979 4644 οὐδὲ
1020 4592 1048 4642 6
1092 4588 1282 4660 Πατὴρ
1314 4588 1476 4653 αὐτὸς
1508 4588 1652 4652 Υἱός.
1694 4590 1758 4643 Et
1789 4589 1848 4642 δὲ

262 4690 394 4754 Θεὸς
419 4688 632 4760 Πατὴρ,
663 4687 756 4767 καὶ
780 4685 907 4748 Υἱὸς
937 4685 1032 4737 καὶ
1062 4683 1218 4751 ἅγιον
1242 4678 1492 4751 Πνεῦμα.

265 4785 334 4838 ab
369 4772 544 4853 eo'que
571 4765 690 4835 sine
733 4787 976 4847 tempore
1017 4776 1257 4847 genitus,
1309 4772 1559 4844 aequalis,
1595 4770 1736 4830 Deus
1776 4791 1843 4832 ex
1877 4778 2011 4842 Deo,
2066 4775 2253 4828 lumen
2288 4766 2356 4820 de
2410 4758 2635 4819 lumine,
2712 4751 2854 4806 Deus

266 4885 507 4953 genitus,
548 4895 657 4934 non
695 4885 936 4932 creatus.
975 4872 1160 4942 Neque
1201 4880 1381 4926 tamen
1427 4877 1520 4924 aut
1557 4870 1673 4940 ipse
1715 4870 1877 4929 Pater
1907 4885 2013 4939 est,
2048 4877 2143 4925 aut
2177 4866 2336 4919 Pater
2368 4861 2484 4930 ipse
2513 4854 2706 4909 Filius.
2740 4849 2819 4902 Ac
2880 4843 2927 4898 si
2968 4841 3112 4896 Deus

266 4977 441 5034 Filius
467 4978 655 5046 utique
680 4974 806 5036 erit,
838 4982 893 5025 et
927 4969 1170 5039 Spiritus
1200 4976 1447 5023 sanctus.

338 5074 411 5124 Δ’.
440 5069 555 5122 Ἀεὶ
575 5067 682 5136 γὰρ
707 5065 767 5117 τὸ
789 5061 1015 5132 Πνεῦμα
1040 5060 1136 5113 σὺν
1161 5060 1338 5131 Πατρὶ
1365 5060 1457 5112 καὶ
1489 5060 1623 5132 Υἱῷ,
1652 5059 1712 5113 06
1737 5076 1856 5114 συν-

269 5165 495 5232 ἁδελφον
521 5161 718 5230 Πατρὶ,
745 5158 806 5210 οὐ
832 5155 1111 5227 γεννητὸν,
1140 5154 1198 5205 οὐ
1234 5153 1472 5217 κτιστὸν,
1500 5153 1601 5206 οῦκ
1630 5152 1855 5221 ἀδελφὸν

269 5256 424 5318 Υξοῦ,
449 5254 550 5306 οὐκ
579 5251 802 5320 ἔγγονον
832 5248 1067 5318 Πατρὸς,
1089 5247 1152 5298 ὲκ
1175 5246 1388 5317 Πατρὸς
1410 5245 1468 5303 δὲ
1489 5245 1857 5316 ἐκπορευόμε..

271 5367 382 5412 νον,
428 5348 522 5400 καὶ
555 5345 647 5428 τοῦ
683 5342 810 5396 Υἱοῦ
851 5339 1151 5410 λαμϐάνον,
1190 5339 1289 5390 οὐκ
1329 5337 1608 5407 ἀλλότριον
1643 5335 1856 5406 Πατρὸς

275 5439 366 5493 καὶ
396 5436 549 5503 Υἱοῦ,
581 5426 717 5488 ἄλλά
755 5436 818 5486 ἐκ
863 5433 961 5501 τῆς
1002 5430 1171 5498 αὐτῆς
1201 5429 1411 5493 οὐσίας,
1451 5429 1514 5482 ἐκ
1549 5427 1649 5497 τῆς
1690 5426 1860 5495 αὐτῆς

277 5530 552 5598 θεότητος,
598 5528 664 5580 ὲκ
699 5523 913 5598 Πατρὸς
957 5522 1049 5575 καί
1084 5518 1214 5574 Υἱοῦ
1249 5520 1384 5591 (21),
1426 5521 1522 5572 σὺν
1553 5519 1732 5590 Πατρὶ
1765 5517 1860 5570 καὶ

353 5712 468 5783 (9i)
534 5714 635 5783 Ἐκ
689 5705 917 5775 Πατρεῖς
969 5701 1066 5756 καὶ
1098 5698 1531 5783 Υἱοῦηᾉιίιιιιοι
1565 5697 1700 5783 locis
1744 5696 1822 5767 Ep

1935 5695 2086 5752 anius
2124 5692 2391 5765 Spiritum
2457 5689 2709 5743 sanctum
2767 5693 2794 5731 a
2849 5674 3009 5730 Patre
3066 5677 3119 5725 et

283 5771 411 5840 dere
447 5771 732 5854 perspicue
765 5771 1017 5841 testatur,
1057 5771 1357 5842 praesertim
1391 5771 1443 5825 in
1469 5771 1751 5823 .lrtcorato.

1957 4601 2059 4642 nec
2087 4598 2210 4639 esse
2245 4578 2413 4649 coapit
2446 4585 2709 4642 unquam,
2746 4575 2840 4619 aut
2873 4559 3167 4630 aliquando
3207 4554 3402 4616 desiit;
3444 4547 3543 4603 sed

1959 4680 2236 4752 legitimus
2270 4643 2536 4741 perpetuo
2572 4662 2743 4715 Filius
2775 4664 2880 4719 est,
2908 4655 3181 4709 exsistens
3207 4662 3330 4700 cum
3358 4643 3540 4704 Patre,

2895 4761 3056 4802 verus
3095 4743 3164 4797 de
3209 4739 3318 4793 Deo
3385 4747 3539 4795 vero,

3157 4836 3314 4890 Pater
3351 4839 3457 4897 est,
3490 4837 3544 4882 et

2037 5051 2127 5106 ιν.
2171 5048 2398 5116 Semper
2446 5039 2590 5095 enim
2639 5048 2763 5088 cum
2807 5028 2970 5082 Patre
3011 5021 3260 5088 Filioque
3305 5013 3546 5085 Spiritus

1945 5139 2067 5213 'est,
2107 5157 2215 5198 non
2252 5114 2436 5190 Patris
2471 5127 2637 5186 veluti
2669 5127 2858 5185 frater,
2891 5133 2997 5174 non
3028 5114 3244 5185 genitus
3275 5117 3368 5163 aut
3391 5119 3548 5161 crea-

1966 5199 2078 5302 tus',
2109 5251 2218 5290 non
2258 5229 2380 5284 Filii
2416 5227 2606 5287 frater,
2637 5234 2746 5274 non
2775 5213 2957 5270 Patris
2981 5224 3173 5281 nepos,
3207 5203 3301 5260 sed
3335 5218 3362 5255 ιι
3387 5199 3551 5253 Patre

1967 5326 2294 5402 procedens,
2346 5328 2398 5376 et
2433 5316 2714 5384 accipiens
2745 5326 2772 5364 ιι
2817 5307 2977 5372 Filio,
3029 5318 3059 5356 a
3101 5300 3262 5354 Patre
3301 5293 3550 5362 Filioque

1970 5437 2078 5475 non
2113 5420 2348 5479 alienus,
2380 5425 2569 5467 verum
2615 5405 2806 5460 eadem
2856 5415 2920 5454 ex
2961 5391 3290 5452 substantia,
3331 5385 3546 5440 eadem-

1968 5529 2075 5584 que
2106 5476 2411 5571 divinitate,
2459 5519 2526 5558 ex
2566 5500 2727 5554 Patre
2755 5504 2808 5550 et
2840 5491 2978 5546 Filio
3005 5507 3017 5542 :
3046 5493 3100 5542 et
3135 5497 3260 5538 curn
3293 5476 3452 5532 Patre
3487 5488 3552 5527 ac

3164 5662 3304 5721 Filio
3360 5665 3549 5731 proce-
