3794 6184
296 299 435 355 1055

1713 308 1770 364 S.
1812 306 2151 366 EPIPHANH

3425 302 3581 366 {056

298 417 436 472 Filio
483 418 788 475 subsistens
834 435 1051 490 semper
1083 422 1322 494 Spiritus
1361 434 1606 491 sanctus,
1658 426 1877 482 divinus

2018 429 2115 500 ⁵ίῷ,
2147 424 2628 483 ἐνυπόστατονάεὶ
2656 428 2882 502 Πνεῦμα
2917 430 3093 499 άγιον,
3127 429 3357 501 Πνεῦμα
3393 429 3577 496 θεῖον,

298 501 554 580 Spiritus.
595 511 780 582 gloriae
818 511 1087 584 Spiritus,
1139 515 1347 570 Christi
1389 515 1654 586 Spiritus,
1694 517 1875 576 Patris

298 600 556 670 Spiritus.
590 603 722 657 Nam
751 603 981 672 Spiritus
1008 605 1189 659 Patris
1212 609 1301 678 qui
1332 609 1387 662 in
1411 609 1556 663 vobis
1583 609 1816 679 loquitur
1834 611 1873 665 ⁸.

296 691 383 757 Et,
426 692 658 763 Spiritus
706 712 849 749 meus
895 697 949 749 iu
989 697 1158 750 medio
1203 699 1359 753 vestri
1400 700 1706 753 consistit‘.
1730 699 1875 758 Idem

296 793 463 848 porro
507 783 871 850 appellatione
918 785 1133 846 tertius.
1185 787 1466 842 divinitate
1510 790 1737 858 mqualis
1768 798 1875 856 est,

298 870 433 924 nihil
468 886 498 923 a
529 870 691 927 Patre
723 872 967 945 Filioque
1000 877 1344 947 discrepans,
1370 879 1876 949 Trinitatisnexus,

198 1020 211 1024 ,
297 963 666 1020 confessionis
715 968 980 1037 sigillum.
1032 968 1123 1024 Sic
1168 972 1312 1025 enim
1360 972 1536 1030 Filius
1583 976 1875 1046 loquitur:

299 1047 412 1121 Ego
442 1062 490 1105 et
522 1053 686 1108 Pater
713 1072 874 1110 unum
911 1074 1092 1113 sumus
1118 1060 1158 1113 ³.
1195 1058 1316 1115 Non
1351 1062 1509 1128 dixit,
1550 1064 1708 1121 Unus
1734 1082 1878 1134 sum,

300 1144 395 1199 sed
427 1145 542 1201 lucc
573 1148 755 1214 verba,
793 1147 906 1219 Ego
934 1160 983 1205 et
1012 1151 1195 1218 Pater,
1229 1168 1386 1208 suam
1420 1155 1567 1210 Patri
1590 1173 1879 1226 personam

299 1238 620 1304 convenire,
649 1256 915 1312 suamque
959 1242 1097 1298 Filio
1138 1246 1471 1316 significant.
1517 1247 1667 1304 Duos
1698 1252 1882 1320 itaque

300 1330 625 1394 nominavit,
678 1348 785 1387 non
828 1351 995 1388 unum
1033 1336 1191 1392 dixit.
1244 1338 1417 1394 Item:
1468 1339 1639 1394 Unum
1673 1358 1878 1408 sumus,

301 1418 433 1487 non,
464 1420 617 1479 Unus
634 1439 775 1478 sum.
805 1425 1068 1482 Similiter
1088 1436 1143 1483 et
1172 1429 1302 1483 illud
1334 1434 1648 1502 usurpavit:
1684 1433 1881 1490 Euntes

302 1515 568 1582 baptizata
594 1519 647 1570 in
678 1521 888 1574 nomine
922 1520 1127 1587 Patris,
1157 1533 1204 1576 et
1237 1521 1393 1589 Filii,
1424 1534 1474 1578 ct
1497 1524 1732 1595 Spiritus
1758 1545 1883 1582 san-

301 1613 375 1665 cti
392 1612 433 1667 ⁸.
468 1612 569 1670 Ubi
599 1624 713 1670 tum
743 1619 1010 1674 articulus
1038 1619 1150 1688 ille,
1174 1620 1292 1688 τοῦ,
1326 1632 1408 1679 ter
1429 1626 1696 1695 repetitus
1720 1634 1776 1682 et
1799 1628 1882 1681 in.

300 1704 565 1774 terjectus
595 1716 700 1771 est,
734 1711 1030 1777 Sabellius,
1061 1713 1157 1783 qui
1193 1720 1306 1770 tres
1331 1717 1384 1769 in
1418 1732 1587 1770 unum
1615 1732 1881 1788 personas

302 1796 611 1862 confundit,
663 1799 898 1857 Matthaai
952 1777 1272 1860 testimonio
1314 1777 1682 1878 redarguitur,
1723 1777 1888 1882 διε
1914 1777 1956 1833 Β

1937 1951 1939 1953 ,
1990 1897 2163 1951 Ὅπου
2191 1897 2235 1928 ⁵³
2263 1897 2373 1966 γὰρ
2403 1898 2496 1952 καὶ
2523 1897 2778 1968 σημαίνει
2823 1896 3038 1968 ἀληθῶς
3077 1898 3316 1968 Πατέρα,
3354 1898 3581 1968 ἀληθῶς

305 1904 427 1942 cum
486 1890 535 1946 is
595 1907 721 1947 vere
763 1892 1005 1960 Patrem,
1059 1910 1296 1967 vereque
1346 1896 1568 1966 Filium,
1635 1914 1702 1955 ac
1762 1917 1888 1959 vere

306 1978 574 2050 Spiritum
640 1995 891 2038 sanctum
951 1987 1229 2057 exprimit.
1282 1983 1433 2044 'Cum
1493 1999 1677 2047 autem
1742 1993 1886 2050 idem

304 2068 363 2122 in
397 2067 666 2127 Trinitate
719 2088 1078 2144 personarum
1119 2079 1256 2133 ordo
1312 2081 1691 2147 constituitur,
1749 2099 1886 2139 uno-

303 2177 412 2232 que
453 2165 740 2221 Trinitatis
808 2169 1031 2224 nomine
1086 2180 1362 2239 censetur,
1421 2173 1613 2228 Arium
1667 2175 1886 2243 refellit,

304 2255 399 2326 qui
434 2256 749 2315 inferiorem
798 2259 1089 2330 quemdam
1136 2262 1192 2316 in
1232 2261 1502 2329 Trinitate
1540 2266 1790 2336 gradum,
1824 2281 1890 2323 ac

302 2351 625 2407 varietatem
692 2356 1161 2424 mutationemque
1228 2365 1576 2414 commentus
1632 2368 1739 2416 est.
1793 2359 1880 2415 Et-

303 2442 449 2495 enim
503 2443 631 2499 licet
683 2445 860 2514 major
908 2461 938 2499 a
994 2444 1133 2502 Filio
1185 2450 1576 2517 pronuntiatus
1621 2450 1785 2508 Pater
1821 2454 1891 2510 ab

306 2535 641 2604 evangelista
684 2545 943 2593 narretur
959 2539 1004 2603 ³,
1055 2538 1230 2594 eidem
1271 2546 1455 2595 tamen
1484 2540 1624 2597 Filio
1657 2558 1892 2601 consen-

305 2635 465 2681 tanee
493 2627 547 2680 in
580 2629 774 2696 primis
803 2630 1033 2700 gloriam
1066 2631 1341 2687 attribuit.
1363 2633 1410 2685 A
1435 2648 1546 2703 quo
1575 2636 1721 2689 enim
1755 2637 1893 2693 cele-

304 2716 453 2771 brari
494 2717 708 2773 Patrem
740 2719 967 2776 decebat
998 2723 1203 2791 potius,
1245 2737 1408 2792 quam
1441 2725 1511 2789 ab
1540 2740 1607 2780 eo
1631 2727 1726 2796 qui
1759 2727 1893 2798 legi-

305 2809 476 2865 timus
503 2820 649 2866 esset
678 2811 891 2868 Filius?
921 2812 1026 2869 Sed
1060 2830 1282 2871 rursum
1311 2827 1371 2870 ut
1402 2817 1772 2887 aequalitatem
1804 2820 1892 2875 in-

307 2901 473 2968 dicet,
512 2919 582 2958 ne
614 2904 838 2959 errandi
885 2905 1214 2975 quibusdam
1262 2908 1601 2978 prabcretur
1647 2911 1888 2977 occasio,

307 2993 401 3060 qui
434 2992 748 3048 inferiorem
782 2995 1019 3066 aliquem
1056 2996 1288 3067 gradum
1321 2997 1461 3054 Filio
1487 3000 1887 3067 concederent;

1976 521 2205 593 Πνεῦμα
2247 521 2427 593 δόξης,
2468 521 2692 593 Πνεῦμα
2743 522 3003 594 Χριστοῦ,
3054 520 3280 592 Πνεῦμα
3322 521 3570 589 Πατρός.

1984 616 2053 669 Τὸ
2095 615 2211 687 γὰρ
2239 617 2483 686 Πνεῦμα
2509 616 2616 670 τοῦ
2645 616 2878 686 Πατρός
2903 616 2971 670 τὸ
2998 616 3236 670 λαλοῦν
3274 616 3351 669 ἐν
3395 615 3573 684 ὑμῖν·

1978 708 2103 772 καὶ,
2138 709 2218 762 Τὸ
2257 708 2501 778 Πνεῦμά
2538 720 2657 778 μου
2690 708 3029 778 ἐφέστηκεν
3058 707 3129 761 ἐν
3162 706 3336 776 μέσῳ
3373 704 3573 776 ὑμῶν.

1981 796 2175 869 Τρίτον
2202 802 2269 870 τῇ
2301 799 2586 871 ὀνομασίᾳ,
2616 801 2730 853 ίσον
2756 802 2823 870 τῇ
2861 797 3096 867 θεότητι,
3132 796 3231 850 οὐκ
3261 796 3578 866 ἠλλοιωμέο

1979 905 2068 942 νον
2102 887 2255 959 παρὰ
2284 889 2505 958 Πατέρα
2532 889 2628 943 καὶ
2653 888 2802 951 Υἱὺν,
2833 886 3129 957 σύνδεσμος
3158 886 3412 957 Τριάδος,
3436 888 3580 938 tm-

1983 978 2220 1048 σφραγὶς
2257 978 2358 1047 τῆς
2394 977 2703 1048 ὁμολογίας.
2761 977 2820 1030 Ὁ
2864 976 2974 1049 γὰρ
3021 977 3149 1040 Υἱός
3189 993 3378 1048 φησιν·
3425 974 3580 1044 Ἑτὼ

1982 1070 2079 1122 καὶ
2104 1073 2136 1123 d
2153 1068 2356 1137 Πατὴρ
2376 1068 2453 1122 ἐν.
2468 1069 2675 1138 ἐσμεν.
2698 1069 2810 1124 Kal
2831 1070 2932 1123 οὐκ
2954 1065 3126 1134 εἶπεν,
3152 1066 3250 1131 Εἷς
3264 1070 3409 1138 εἰμι’
3431 1066 3580 1121 ἀλλὰ

1981 1160 2064 1223 τὸ,
2114 1159 2257 1229 Ἐγὼ
2296 1160 2394 1215 καὶ
2444 1163 2477 1214 ό
2520 1160 2749 1236 Πατὴρ,
2800 1161 3054 1232 σημαίνει
3083 1160 3457 1213 ὲνυπόστατον
3483 1156 3582 1210 τὸν

1981 1252 2224 1322 Πατέρα,
2238 1248 2344 1306 καὶ
2364 1254 2726 1308 ἐνυπόστατον
2745 1255 2836 1308 τὸν
2853 1254 3003 1307 Υἱόν.
3028 1254 3160 1318 Kal,
3183 1257 3246 1307 Oi
3261 1252 3400 1315 δύο,
3423 1246 3579 1318 εἷπε,

1982 1345 2077 1398 καὶ
2100 1347 2203 1398 οὐκ
2230 1340 2405 1409 εἶπεν,
2423 1347 2480 1399 Ὀ
2513 1341 2613 1410 εἷς.
2639 1348 2749 1399 Καὶ
2777 1346 2961 1412 πάλιν,
2980 1347 3087 1400 Ἕν
3111 1347 3320 1416 ἐσμεν·
3349 1345 3450 1398 καὶ
3475 1346 3591 1398 οὐκ

1984 1430 2156 1499 εἶπεν,
2195 1434 2293 1500 Εἷς
2328 1437 2463 1507 εἰμι.
2502 1437 2777 1501 Ὡσαύτως
2805 1437 2883 1490 δέ’
2937 1436 3319 1503 Ἀπελθόντες
3347 1434 3585 1501 ﬁctri-

1983 1543 2133 1583 σατε
2157 1532 2243 1596 εὶς
2266 1530 2334 1583 τὸ
2368 1530 2557 1598 ὄνομα
2582 1530 2690 1585 τοῦ
2722 1530 2977 1598 Πατρός,
3002 1531 3101 1583 καὶ
3132 1530 3239 1583 τοῦ
3281 1527 3451 1591 Υἱοῦ,
3479 1527 3583 1581 καὶ

1983 1618 2090 1672 τοῦ
2127 1621 2299 1689 ἁγίου
2345 1620 2712 1689 Πνεύματος.
2765 1620 2963 1674 Μέσων
3003 1619 3062 1673 δὲ
3110 1619 3421 1690 τιθεμένων
3466 1619 3583 1672 τῶν

1986 1711 2205 1783 ἄρθρων
2236 1711 2337 1781 τῆς
2373 1712 2642 1784 ωλλαδῆς
2673 1712 2789 1776 τοῦ,
2812 1713 2930 1776 τοῦ,
2962 1713 3057 1766 καὶ
3080 1712 3195 1768 τοῦ.
3216 1713 3331 1766 Καὶ
3358 1712 3581 1781 ἐλέγχει

1989 1804 2275 1869 Σαόέλλιον
2306 1803 2605 1868 Ματθαῖος,
2623 1804 2722 1875 τὴν
2742 1805 3074 1876 συναλοιφὴν
3106 1805 3579 1876 παρεισφέροντα.

1989 1990 2141 2056 Υίὺν,
2179 1987 2396 2060 ἀληθῶς
2438 1989 2592 2058 ἆγιον
2621 1987 2866 2060 Πνεῦμιν
2903 1989 3062 2042 ὁπότε
3095 1988 3152 2042 δὲ
3187 1989 3517 2060 ὁμόστοιχος
3544 1992 3581 2059 ἠ

1990 2078 2183 2151 Τριὰς,
2217 2079 2313 2134 καὶ
2346 2080 2405 2132 ὲν
2437 2080 2518 2132 ἐνὶ
2543 2078 2769 2149 ὀνόματι
2798 2079 2969 2150 Τριὰς
2994 2078 3322 2149 καλουμένη,
3358 2079 3589 2148 ἐλέγχει

1987 2171 2080 2225 τὸν
2112 2172 2352 2241 Ἀρειον,
2384 2168 2790 2223 ὑπόϐασίνιτινα
2807 2168 3184 2239 διανοούμενον
3212 2170 3271 2221 ὲν
3306 2171 3379 2239 τῇ
3408 2169 3583 2239 Τριά-

1988 2261 2062 2327 δι,
2085 2261 2119 2332 ἢ
2147 2258 2455 2325 ἀλλοίωσιν,
2493 2257 3082 2330 ἢ,παραλλαγήν.ιΚᾶν
3100 2274 3161 2310 τε
3190 2257 3301 2328 γὰρ
3325 2259 3357 2310 6
3382 2258 3585 2328 Πατὴρ

1993 2353 2195 2425 μείζων
2249 2350 2403 2423 παρὰ
2456 2349 2586 2404 Υἰοῦ
2640 2350 3113 2421 δογματιζόμενος.
3147 2349 3583 2419 ἀπαγγέλλεται,

1991 2434 2463 2518 πρεπωδεπάέως
2482 2441 2561 2513 τῷ
2579 2442 2695 2513 Υίῷ
2718 2442 2820 2513 τὴν
2848 2440 3005 2506 δόξαν
3037 2444 3428 2513 περιποιεῖται.
3461 2442 3588 2495 Τίνι

1990 2537 2100 2610 γὰρ
2136 2536 2347 2608 ἔπρεπε
2379 2533 2623 2602 δοξάζειν
2668 2533 2798 2589 ἴδιον
2837 2533 3058 2605 Πατέρα
3091 2532 3226 2586 ἀλλὰ
3255 2532 3335 2603 τῷ
3369 2533 3587 2604 γνησίῳ

1991 2629 2143 2701 Υἱῷ;
2174 2630 2344 2684 Ὅταν
2379 2626 2645 2682 seu:an
2687 2627 2787 2698 τὴν
2834 2627 3054 2696 ἰσότητα
3095 2624 3344 2695 βούλεται
3375 2625 3584 2692 Αέγειν,

1993 2724 2080 2778 ἵνα
2107 2724 2181 2794 μὴ
2211 2720 2487 2776 ἐκπέσωσί
2514 2736 2679 2785 τινες,
2711 2714 2879 2790 ἧσσον
2903 2718 2979 2780 ὼς
3001 2719 3130 2788 περὶ
3162 2716 3291 2769 Υἱοῦ
3336 2717 3587 2770 διανοού-

1995 2832 2179 2887 μενοι,
2194 2813 2371 2877 οὕτως
2396 2812 2581 2884 φησιν·
2625 2811 2678 2863 '0
2694 2809 2783 2881 μὴ
2810 2807 2999 2878 τιμῶν
3024 2808 3132 2862 τὸν
3150 2809 3306 2871 Υίὸν,
3330 2808 3418 2874 ὠς
3442 2806 3587 2877 τιμᾷ

1990 2907 2100 2963 τὸν
2123 2904 2379 2974 Πατέρα,
2404 2906 2516 2959 οὐκ
2543 2902 2671 2974 ἔχει
2705 2902 2863 2970 ζωὴν
2885 2903 2956 2956 ὲν
2976 2899 3187 2965 ἐαυτῷ-
3222 2902 3340 2963 καὶ,
3372 2901 3587 2955 Πάντα

1990 3002 2063 3055 τὰ
2094 2999 2202 3053 τοῦ
2230 2999 2462 3067 Πατρός
2502 3014 2642 3066 μου,
2672 2993 2786 3064 ἑμά
2810 2997 2965 3049 ἐστι.
2994 2991 3058 3046 Τί
3097 2992 3161 3045 δέ
3203 2994 3340 3056 ἐστι,
3372 2993 3449 3046 τὰ
3474 2991 3590 3045 τοῦ

308 3083 455 3138 hunc
488 3087 543 3139 in
585 3086 807 3141 modum
856 3088 1134 3158 loquitur:
1166 3090 1271 3156 Qui
1307 3107 1410 3146 non
1442 3091 1756 3162 honoriﬁcat
1788 3091 1888 3148 Fi-

2018 3090 2249 3162 ἵατρὸς,
2299 3089 2415 3143 ἀλλ’
2447 3090 2504 3159 ἦ·
2548 3088 2682 3150 Θεὸς
2735 3089 2764 3140 ὁ
2817 3086 3032 3157 Πατὴρ,
3073 3084 3373 3154 Θεός.είμι’
3412 3082 3531 3153 ζωὴ
3558 3085 3591 3136 6

309 3176 461 3241 lium,
498 3178 635 3231 sicut
672 3178 994 3250 honoriﬁcat
1030 3180 1272 3247 Patrem,
1306 3199 1410 3237 non
1449 3183 1603 3238 habet
1640 3186 1801 3239 vitam
1832 3191 1888 3240 in

2018 3184 2209 3255 Ιατὴρ,
2252 3181 2366 3253 ζωή
2409 3181 2545 3252 εἰμι’
2598 3179 2778 3233 πάντα
2824 3177 2896 3232 τὰ
2936 3176 3030 3231 τοῦ
3072 3175 3286 3247 Πατρός
3328 3191 3438 3245 μου
3475 3175 3591 3245 ἐμά

307 3268 476 3335 seipse
498 3271 539 3323 °.
572 3269 678 3325 Et:
714 3272 909 3326 Omnia
956 3289 1073 3343 quae
1114 3272 1297 3327 Patris
1339 3284 1486 3339 sunt,
1540 3293 1657 3331 mea
1700 3288 1824 3333 sunt
1842 3280 1884 3334 ⁷.

1994 3279 2173 3341 sca-tv;

230 3413 240 3422 .
307 3363 449 3428 Quid
475 3371 559 3418 est
586 3379 765 3421 autem
799 3366 954 3431 illud,
993 3383 1111 3437 qua:
1146 3365 1327 3420 Patris
1358 3377 1506 3434 sunt,
1539 3368 1670 3436 nisi,
1712 3370 2176 3439 quemadmodum
2209 3368 2354 3422 Deus
2398 3375 2482 3423 est
2509 3364 2692 3431 Pater,
2751 3365 2829 3420 ita
2877 3363 3024 3421 Deus
3058 3379 3219 3433 sum;
3267 3373 3345 3431 et,
3377 3373 3445 3419 ut
3473 3364 3585 3419 vita

306 3464 392 3510 est
427 3454 606 3521 Pater,
637 3457 717 3510 sic
742 3471 842 3526 ego
867 3457 978 3511 vita
1005 3472 1126 3511 sum
1152 3476 1165 3511 :
1189 3456 1529 3528 proindeque
1553 3460 1739 3514 omnia
1763 3477 1887 3531 qua:
1919 3461 2101 3516 Patris
2127 3458 2234 3514 mei
2260 3466 2410 3521 sunt,
2445 3471 2569 3511 mea
2597 3456 2774 3512 sunt?

381 3544 447 3599 V.
495 3545 707 3601 Videsis
741 3546 928 3616 igitur,
970 3562 1004 3601 ο
1054 3544 1292 3613 Sabelli,
1343 3563 1408 3602 ac
1445 3547 1735 3618 diligenter
1775 3552 1888 3606 ani-

309 3637 625 3702 madverte;
668 3637 818 3707 aperi
856 3636 1040 3692 cordis
1075 3637 1288 3703 oculos,
1320 3652 1498 3706 neque
1530 3653 1710 3694 caecus
1737 3647 1887 3708 esto;

309 3728 398 3783 fac
428 3736 486 3781 ut
511 3735 626 3792 tua,
663 3737 998 3798 tuorumque
1026 3744 1182 3784 mens
1206 3744 1332 3783 cum
1363 3737 1555 3785 sancto
1587 3728 1797 3785 Joanne
1821 3729 1891 3785 ad

307 3819 600 3874 Joulanem
632 3821 944 3875 conveniat.
970 3822 1147 3877 Aures
1177 3828 1301 3877 tuas
1325 3822 1496 3890 aperi,
1521 3830 1573 3876 et
1598 3822 1741 3876 hanc
1766 3836 1891 3891 pro-

309 3913 486 3983 pheta:
515 3928 701 3967 vocem
736 3913 933 3968 exaudi
962 3931 976 3967 :
1013 3911 1123 3983 Ego
1161 3929 1262 3969 uox
1302 3914 1587 3978 clamantis
1625 3915 1681 3967 in
1717 3913 1893 3967 deser-

310 4006 421 4060 to”.
450 4004 1027 4061 AudiPrazcursorem
1060 4005 1297 4073 Domini,
1334 4008 1429 4076 qui
1460 4007 1688 4077 angelus
1714 4007 1894 4077 appel-

308 4097 412 4151 lari
439 4098 660 4161 meruit,
688 4096 954 4166 Spiritum
996 4105 1247 4151 sanctum
1282 4113 1349 4152 ex
1383 4106 1540 4153 utero
1576 4099 1772 4153 matris
1809 4113 1897 4152 ac-

311 4189 476 4258 cepit,
503 4198 557 4244 et
583 4172 752 4242 Maria
781 4191 1026 4242 intrante
1063 4188 1307 4243 subsiliit
1328 4190 1372 4242 9.
1420 4188 1525 4255 Qui
1556 4204 1680 4244 cum
1714 4189 1893 4244 adhuc

311 4282 504 4336 matris
539 4289 696 4335 utero
739 4281 1142 4343 contineretur,
1194 4278 1410 4334 Domini
1458 4280 1544 4335 sui
1584 4280 1890 4350 ingressum

2063 3549 2144 3605 E'.
2179 3548 2324 3618 Ὅρα
2356 3545 2438 3609 δὲ,
2483 3538 2530 3599 ὦ
2559 3544 2836 3611 Σαϐέλλιε,
2878 3544 2975 3598 καὶ
3002 3546 3274 3599 κατανόει*
3316 3544 3588 3612 διάνοιξον

1995 3643 2057 3697 τὸ
2087 3642 2242 3714 ὄμμα
2281 3640 2382 3711 τῆς
2425 3639 2651 3711 καρδίας
2690 3656 2804 3703 σου,
2842 3639 2940 3692 καὶ
2971 3640 3047 3710 μὴ
3086 3639 3366 3693 άδλέπτει·
3398 3638 3588 3691 συνελ-

1998 3732 2141 3787 θέτω
2182 3733 2215 3804 ἡ
2265 3730 2477 3785 διάνοιά
2506 3747 2601 3783 σου
2635 3729 2732 3784 καὶ
2769 3728 2879 3784 τῶν
2926 3730 3034 3783 ὑπὸ
3080 3728 3174 3783 σοῦ
3212 3730 3588 3801 ἠπατημένων

2010 3825 2230 3896 Ἰωάννῃ
2264 3823 2344 3894 τῷ
2371 3823 2512 3894 ἁγίῳ
2543 3824 2623 3887 εἰς
2651 3822 2744 3875 τὸν
2794 3823 3085 3896 Ἰορδάνην.
3125 3824 3345 3891 ιἈνοιγεε
3374 3824 3446 3876 τὰ
3470 3817 3587 3877 ὦτά

1998 3935 2119 3985 σου,
2165 3918 2260 3971 καὶ
2306 3916 2472 3971 ἄκουε
2519 3914 2622 3985 τῆς
2664 3915 2849 3985 φωνῆς
2873 3913 2969 3968 τοῦ
3000 3915 3278 3986 προφήτου
3307 3914 3584 3983 λέγοντοςο

2011 4007 2161 4076 Ἐγὼ
2208 4005 2378 4077 φωνὴ
2423 4003 2694 4070 ,βοῶντος
2746 4004 2815 4058 ἐν
2863 4003 2940 4073 τῇ
2985 4004 3201 4073 ἐρήμῳ.
3246 4005 3449 4058 "Ancus
3490 4006 3584 4060 τοῦ

1999 4100 2318 4171 Προδρόμου
2351 4098 2581 4167 Κυρίου,
2622 4096 2717 4151 τοῦ
2749 4098 2983 4167 ἀγγέλου
3014 4096 3446 4163 καταξιωθέντος
3468 4101 3584 4153 ὀνο-

2003 4185 2300 4257 μασθῆναι,
2327 4184 2423 4238 τοῦ
2454 4186 2563 4239 ἀπὸ
2588 4185 2796 4249 κοιλίας
2826 4186 3032 4257 μητρὸς
3064 4186 3319 4251 λαϐόντος
3355 4187 3581 4259 Πνεῦμα

2002 4276 2178 4344 ἅγιον,
2223 4275 2320 4329 καὶ
2366 4277 2758 4347 σκιρτήσαντος
2784 4281 2850 4349 τῇ
2890 4278 3081 4350 εἰσόδῳ
3123 4280 3222 4351 τῆς
3250 4281 3494 4351 Μοιρὼ.
3524 4281 3582 4344 δς

312 4374 557 4443 agnovit,
593 4382 648 4425 et
685 4371 935 4437 exsiliit;
961 4370 1051 4424 cui
1094 4371 1487 4440 patefaciendae
1520 4370 1690 4426 divini
1730 4369 1888 4426 Verbi

2018 4372 2138 4440 ἱγνω
2167 4372 2248 4424 ἔτι
2271 4372 2328 4426 ὲν
2354 4371 2535 4443 κοιλίᾳ
2562 4372 2824 4443 ὑπάρχων
2851 4374 3056 4428 εῖσοδον
3080 4373 3175 4428 τοῦ
3215 4375 3344 4428 ἰδίου
3372 4377 3581 4429 Δεσπό-

312 4460 742 4534 pmdicationis,
786 4459 1264 4533 praeparandaque
1308 4458 1522 4516 Domini
1554 4463 1655 4518 viae
1691 4478 1894 4518 munus

311 4567 400 4614 est
431 4571 780 4612 concessum.
828 4555 1044 4610 Adhibe
1094 4554 1226 4611 huic
1280 4554 1463 4622 fidem,
1510 4572 1612 4612 nec
1654 4572 1684 4611 a
1724 4572 1893 4627 scopo

310 4650 563 4706 veritatis
581 4650 824 4704 aberres.
856 4647 997 4704 Ecce
1017 4648 1117 4704 tibi
1140 4650 1517 4705 testiinonium
1544 4650 1636 4704 ille
1666 4649 1890 4719 praebet.

312 4746 371 4798 In
399 4744 592 4815 primis
619 4758 743 4797 cum
774 4740 1065 4796 Dominum
1093 4757 1254 4797 suum
1280 4757 1583 4813 agnoscens
1610 4742 1685 4795 ita
1715 4739 1895 4810 loqui—

286 4847 404 4907 ,tur
432 4859 445 4894 ε
473 4837 584 4909 Ego
610 4848 657 4892 te
680 4854 810 4908 opus
839 4836 1024 4904 habeo,
1051 4846 1099 4890 et
1136 4847 1192 4890 tu
1215 4838 1355 4891 venis
1390 4835 1459 4889 ad
1484 4851 1564 4889 me
1584 4836 1650 4891 ‘°.
1681 4831 1884 4887 Deinde

290 4918 437 4986 'cum
472 4931 737 4985 dixisset:
774 4929 899 4982 Sine
937 4929 1117 4993 modo,
1142 4939 1199 4981 ut
1225 4928 1508 4996 impleatur
1536 4928 1704 4980 omnis
1728 4925 1895 4996 justi-

298 5025 391 5078 ~tia
409 5040 427 5086 ;
446 5032 505 5078 .et
526 5024 592 5075 ab
615 5022 708 5075 illo
730 5021 1040 5091 baptizatus
1072 5027 1239 5085 esset,
1263 5020 1507 5074 divinum
1533 5018 1699 5073 refert
1722 5018 1892 5071 Evan-

298 5117 512 5188 gelium
552 5113 816 5168 Joannem
862 5112 948 5168 his
985 5111 1167 5166 verbis
1206 5110 1580 5165 testimonium
1625 5108 1889 5164 dedisse:

313 5210 575 5275 Quoniam
616 5206 784 5273 aperti
817 5213 938 5258 sunt
967 5202 1102 5267 caeli,
1144 5212 1193 5257 et
1224 5202 1328 5257 vidi
1357 5200 1614 5256 Sniritum
1650 5211 1893 5254 sanctum

314 5303 369 5355 in
413 5300 583 5366 specie
629 5298 886 5351 columba:
936 5296 1350 5358 descendentem,
1403 5302 1451 5347 et
1503 5293 1790 5347 venientem
1835 5292 1891 5345 in

317 5396 483 5463 ipsum
506 5393 569 5445 “.
609 5389 678 5444 Et
709 5404 808 5444 eoa:
835 5388 898 5443 de
932 5390 1062 5442 caelo
1092 5404 1110 5442 :
1150 5386 1254 5440 Hic
1283 5396 1360 5441 est
1409 5385 1586 5440 Filius
1632 5401 1778 5439 meus
1819 5385 1899 5438 di-

318 5486 502 5550 lectus,
548 5486 602 5539 in
638 5499 738 5553 quo
774 5480 903 5536 mihi
935 5480 1227 5550 complacui
1253 5481 1318 5535 ¹².
1349 5477 1482 5532 Erat
1513 5486 1627 5531 tum
1668 5478 1722 5530 in
1754 5477 1894 5531 callo

397 5607 415 5636 ί
451 5604 644 5656 Matth.
678 5619 734 5663 ιι,
766 5603 856 5656 20.
900 5603 954 5671 γ’
993 5601 1073 5671 Ag

1997 4481 2112 4528 του,
2159 4464 2253 4517 καὶ
2295 4464 2523 4535 ἐσκίρτα
2541 4482 2553 4494 ·
2579 4458 2624 4534 ᾧ
2649 4466 2802 4538 ἐδόθη
2833 4464 2894 4518 τὸ
2929 4468 3155 4538 μήνυμα
3178 4466 3273 4520 τοῦ
3301 4469 3587 4541 προκηρὺι

1997 4572 2227 4626 γματος,
2259 4557 2354 4610 καὶ
2378 4559 2411 4627 ἡ
2450 4556 2740 4628 έτοιμασία
2780 4557 2879 4627 τῆς
2907 4557 3029 4611 ὁδοῦ
3057 4557 3152 4611 τοῦ
3190 4559 3418 4630 Κυρίου.
3451 4560 3574 4612 Πεί-

1999 4646 2158 4719 σθητι
2195 4648 2366 4719 αὐτῷ,
2399 4649 2494 4702 καὶ
2523 4650 2585 4702 οὐ
2617 4648 2899 4712 διαπέσοις
2929 4650 3036 4703 ἀπὸ
3075 4649 3169 4703 τοῦ
3205 4651 3413 4704 σκοποῦ
3451 4652 3570 4725 alr;

1999 4738 2173 4804 θείας.
2214 4740 2346 4795 Ἰδοὺ
2376 4740 2487 4813 γὰρ
2513 4741 2675 4803 αὐτὸς
2710 4744 2978 4813 μαρτυρεῖ
3007 4741 3201 4810 λέγων,
3237 4743 3455 4814 πρῶτον
3486 4744 3575 4813 μὲν

1999 4832 2093 4885 τὸν
2120 4833 2398 4904 Δεσπότην
2426 4831 2619 4885 ἑαυτοῦ
2646 4833 2921 4899 ἐπιγνοὺς,
2951 4834 3034 4887 ὅτι
3056 4833 3207 4902 Ἐγὼ
3229 4835 3347 4889 σοῦ
3373 4838 3573 4905 χρείαν

2000 4923 2142 4993 ἔχω,
2173 4925 2271 4979 καὶ
2305 4925 2388 4979 σὺ
2419 4926 2568 4994 ἔρχῃ
2602 4926 2752 4992 πρός
2781 4942 2880 4995 με.
2928 4927 3040 4980 Καὶ
3082 4926 3176 4979 τοῦ
3208 4928 3463 5000 ἃυτῆρος
3491 4929 3580 4983 λέ-

1996 5033 2203 5086 γοντος·
2235 5019 2410 5085 Ἄφες
2446 5016 2610 5084 (2pm,-
2639 5016 2799 5084 ὅπως
2839 5018 3129 5087 πληρωθῇ
3159 5018 3328 5075 πᾶσα
3360 5021 3584 5076 δικαιο-

2001 5110 2180 5176 σύνη·
2213 5109 2308 5161 καὶ
2352 5108 2518 5161 αὐτοῦ
2550 5108 2941 5178 βαπτισθέντος
2969 5110 3061 5162 ὑπ’
3090 5110 3278 5174 αὑτοῦ,
3326 5109 3404 5177 ὥς
3449 5129 3574 5182 φησι

1997 5200 2061 5254 τὸ
2086 5200 2226 5253 θεῖον
2255 5199 2606 5269 Εὐαγγέλιον,
2646 5201 2727 5252 ὅτι
2773 5198 3156 5271 ἐμαρτύρησεν
3199 5201 3460 5273 Ἰωάννης
3490 5203 3575 5256 λὲο

2002 5309 2134 5362 γωψ
2169 5293 2300 5346 ’Ὅτι
2341 5293 2721 5363 ἠνοίχθησαν
2761 5295 2815 5346 ol
2845 5294 3114 5362 οὐρανοὶ,
3160 5294 3261 5348 καὶ
3307 5295 3576 5365 τεθέαμαι

2001 5382 2069 5437 τὸ
2101 5383 2345 5453 Πνεῦμα
2373 5385 2440 5437 τὸ
2469 5384 2642 5452 ἄτιον
2665 5384 2736 5437 ἐν
2754 5383 2899 5437 εῖδει
2923 5383 3284 5453 περιστερᾶς
3307 5393 3579 5457 κατερχό-

1996 5492 2208 5546 μενον,
2247 5474 2346 5529 καὶ
2389 5476 2716 5546 ἐρχόμενον
2758 5477 2851 5530 ἐπ’
2890 5479 3100 5531 αὐτόν.
3152 5479 3264 5532 Kal
3292 5479 3479 5549 ,φωνὴ
3514 5481 3577 5533 ἐκ

1078 5617 1129 5670 g.
1168 5617 1226 5659 ιι,
1260 5600 1351 5670 6η
1392 5601 1412 5632 ³
1449 5599 1607 5655 Joan.
1650 5616 1704 5664 ιι,
1748 5599 1855 5670 5ο.-

2023 5601 2160 5653 alth.
2216 5615 2409 5667 xxviii,
2444 5599 2554 5670 197.!
2608 5600 2630 5631 ⁸
2662 5596 2820 5652 Joan.
2851 5613 2961 5670 xiv,
2991 5597 3082 5651 28.
3154 5595 3189 5670 γε,
3211 5594 3372 5670 J_oan.
3412 5614 3467 5663 ν,
3490 5598 3561 5670 ἓξ)

326 5674 346 5742 7
382 5673 539 5742 toan.
566 5687 699 5736 xvii,
725 5672 811 5725 i0.
891 5667 1268 5742 91935,};
1305 5669 1496 5742 Matth.
1524 5686 1606 5736 ιιι,
1643 5670 1710 5742 5.
1774 5668 1795 5699 ⁹
1832 5667 1967 5724 Luc.
2001 5670 2167 5742 ".28
2194 5686 2315 5742 sqq.

2430 5670 2472 5702 ¹⁶
2507 5668 2698 5725 Matth.
2732 5681 2817 5737 nr,
2854 5668 2920 5724 M
2952 5684 3072 5739 sqq.
3151 5667 3194 5699 ”
3226 5665 3389 5725 Joan.
3420 5683 3463 5737 ι,
3492 5668 3575 5727 32.

327 5740 581 5794 "Matth.
612 5755 696 5805 ιιι,
727 5742 815 5797 Π.
893 5741 938 5773 ⁸⁸
974 5739 1034 5795 F.
1075 5740 1231 5812 ὁμοῦ,
1286 5756 1385 5811 pro
1434 5741 1589 5805 ὅπου,
1633 5741 1715 5795 vel
1747 5755 1884 5810 ειμι

2018 5740 2147 5815 γάρ.
