3794 6140
248 292 382 349 1057

896 289 1265 349 ADVERSUS
1302 288 1648 347 HERESES
1682 288 1815 344 LIB.
1855 287 1920 344 Π.
1962 286 2130 346 ΤΟΜ.
2168 288 2212 345 l.
2253 318 2319 330 —
2357 288 2635 348 HERES.
2673 289 2834 348 LXII.

1660 28 1683 29 γε
1698 26 2069 33 Ῠφ--ᾑ--υ-ςπ-κὴ-κη

3368 292 3507 352 i058

242 405 353 462 τοῦ
371 405 653 474 οὐρανοῦ·
674 403 870 475 Οὗτός
889 410 1062 464 ἐστιν
1088 412 1121 464 ό
1141 408 1274 475 Υίός
1292 425 1412 478 μου
1442 411 1475 462 ὁ
1499 408 1830 479 ἀγαπητὸς,
1861 412 1892 472 Α

1967 408 2124 474 'ater,
2149 407 2316 463 homo
2348 410 2870 477 contentios‘issime,
2903 408 3253 481 indidemque
3276 424 3381 466 vox
3414 411 3509 466 illa

244 497 337 566 ἐφ’
371 496 444 549 ὃν
471 496 807 565 ηὑδόκησω
855 498 968 552 ἄνω
1007 495 1076 569 ἧν
1122 501 1151 552 6
1200 498 1412 569 Πατὴρ,
1455 492 1500 552 ὦ
1530 498 1820 566 φιλόνεικε,

246 586 453 640 ἄνωθεν
492 588 525 657 ἠ
572 588 725 659 φωνὴ
764 590 985 662 ἤρχετο.
1039 591 1102 642 El
1142 590 1320 663 τοίνυν
1347 588 1554 659 ἄνωθεν
1581 592 1614 659 ἡ
1650 590 1821 661 φωνὴ,

233 674 519 744 διάκρινόν
561 692 651 745 μοι
697 675 796 746 τὴν
846 666 1376 747 παραπεποίημένην
1424 694 1516 733 σου
1562 677 1820 732 διάνοιαν.

244 766 363 818 Τίνι
400 765 429 816 6
471 765 661 836 Πατὴρ
713 766 918 835 ἔλεγεν,
957 763 1147 832 Οὗτός
1176 768 1347 821 ἐστιν
1387 771 1419 821 ό
1469 768 1599 834 Υἱός
1630 787 1750 837 μου
1779 771 1814 827 ὁ

244 855 569 924 ἀγαπητὸς,
595 857 689 925 ἐφ’
710 855 782 910 ὃν
801 857 1152 926 ηὑδόκησα;
1180 858 1291 910 Καὶ
1312 856 1392 922 τίς
1418 854 1485 929 ἦν
1513 854 1696 924 οὗτοςς
1725 858 1825 913 Διὰ

244 948 295 999 τί
327 949 384 1002 δὲ
426 951 483 1001 ὲν
535 949 666 1002 εἴδει
715 952 1046 1021 περιστερᾶς
1086 951 1148 1003 τὸ
1194 950 1419 1021 Πνεῦμα
1468 950 1823 1021 κατελήλυθε,

245 1040 487 1106 καίτοιγε
517 1039 679 1109 σῶμα
713 1041 785 1110 μὴ
816 1042 1055 1111 φορέσαν
1081 1041 1142 1094 τὸ
1172 1040 1401 1112 Πνεῦμα
1427 1041 1491 1093 τὸ
1530 1040 1715 1109 ἃγιονς
1764 1041 1826 1094 '0

255 1129 352 1199 {ap
396 1128 702 1199 Μονογενὴς
763 1130 922 1199 μόνος
972 1131 1279 1193 ἐνεδύσατο,
1329 1131 1426 1207 καὶ
1473 1130 1693 1193 τελείως
1735 1130 1825 1182 ὲν-

247 1220 608 1293 ηνθρώπ-ησεν
639 1222 747 1275 ἀπὸ
774 1222 993 1292 Μαρίας
1015 1222 1119 1292 τῆς
1140 1222 1525 1294 ἀειπαρθένου,
1546 1221 1634 1275 διὰ
1655 1221 1827 1275 Ilvati-

251 1329 417 1381 ματος
443 1313 620 1380 ἀγίοιν
652 1312 752 1365 οὐκ
772 1313 881 1366 ἀπὸ
908 1314 1221 1384 σπέρματος
1249 1314 1458 1384 ἀνδρὸς,
1489 1313 1624 1367 ἀλλὰ
1648 1311 1825 1383 ἐαυτῷ

246 1401 698 1470 ἀναπλασάμενος
729 1403 757 1454 6
789 1402 1115 1473 ἁρχιτέχνας
1156 1404 1330 1471 Λόγος
1372 1405 1530 1473 σῶμα
1565 1403 1673 1456 ἀπὸ
1701 1404 1824 1456 Μα-

249 1490 391 1563 ρίας,
424 1494 516 1545 καὶ
552 1493 731 1566 ψυχὴν
768 1495 867 1565 τὴν
912 1494 1283 1564 ἀνθρωπείαν,
1318 1496 1412 1548 καὶ
1446 1494 1590 1548 νοῦνσ
1620 1495 1712 1549 καὶ
1745 1494 1824 1548 ἔτι

245 1583 394 1634 ἐστὶν
430 1583 741 1655 ἄνθρωπος,
790 1586 969 1638 πάντα
1011 1585 1232 1648 τελείως
1271 1585 1687 1655 ἀναδεξάμενος,
1728 1585 1825 1639 καὶ

248 1672 554 1737 συνενώσας
593 1678 660 1746 τῇ
706 1674 901 1730 ἑαυτοῦ
941 1675 1174 1747 θεότητι·
1217 1677 1315 1747 οὐχ
1352 1676 1427 1739 ὼς
1465 1678 1523 1729 ὲν
1551 1675 1824 1747 ἀνθρώπῳ

244 1767 472 1836 οἰκήσας
524 1766 623 1837 (μὴ
661 1768 954 1837 γένοιτοί),
1007 1768 1170 1832 αὐτὸς
1210 1768 1269 1821 δὲ
1313 1770 1343 1821 6
1385 1768 1540 1836 ἅγιος
1579 1767 1770 1836 Λόγος,
1796 1771 1826 1822 6

245 1854 375 1918 Θεὸς
402 1856 575 1924 Λόγος
607 1856 1019 1927 ὲνηνθρώπησε.

316 1963 406 2027 ς’.
444 1961 518 2013 Τὸ
545 1961 601 2014 δὲ
621 1960 846 2031 Πνεῦμα
867 1961 975 2014 τίνι
1000 1960 1237 2032 τῷλόγῳ
1260 1960 1318 2014 ὲν
1346 1961 1474 2015 εῖδει
1498 1962 1828 2032 περιστερᾶς

246 2053 518 2121 φαίνεται,
555 2052 690 2106 ἀλλὰ
714 2053 864 2116 ὅπως
888 2053 1050 2124 πείσῃ
1080 2071 1137 2105 σε
1167 2053 1241 2124 μὴ
1265 2053 1622 2123 βλασφημεῖν,
1647 2047 1692 2106 ὦ
1711 2052 1828 2106 ὲθε-

244 2143 462 2212 λόσοφε,
516 2143 611 2196 καὶ
657 2141 820 2214 μηδὲν
864 2142 1231 2213 διανοούμενε,
1268 2145 1355 2197 ἵνα
1404 2145 1477 2214 μὴ
1508 2142 1736 2214 νομίσῃς
1767 2143 1828 2196 τὺ

248 2231 471 2301 Πνεῦμα
519 2230 841 2300 συναλοιφὴν
889 2227 1025 2284 εἶναι
1053 2230 1230 2303 Πατρὶ
1263 2232 1296 2303 ἢ
1338 2232 1485 2301 Υίῷ;
1519 2231 1618 2285 Διὰ
1648 2231 1825 2300 τοῦτο,

237 2320 450 2390 ,καίπερ
497 2320 662 2372 αὐτοῦ
717 2320 811 2373 τοῦ
855 2320 1176 2391 Πνεύματος
1233 2321 1327 2374 τοῦ
1374 2322 1528 2389 ἁγίου
1567 2321 1726 2393 σῶμα
1751 2323 1827 2394 μὴ

248 2411 595 2481 φορέσαντος,
635 2412 689 2464 ὲν
716 2411 844 2465 είδει
878 2415 1207 2484 περιστερᾶς
1234 2414 1649 2484 σχηματίζεται,
1680 2413 1830 2477 ὅπως

232 2500 396 2572 εδείξῃ
430 2518 523 2554 σου
549 2502 643 2555 καὶ
671 2500 866 2572 ἐλέγξῃ
914 2519 1007 2555 σου
1035 2502 1133 2574 τὴν
1164 2503 1391 2574 πλάνην,
1418 2504 1500 2557 ὅτι
1530 2504 1829 2557 ὲνυπόστα-

246 2592 340 2645 τόν
370 2595 487 2645 ἐστι
516 2593 578 2645 τὸ
618 2593 848 2664 Πνεῦμα
898 2592 1020 2646 καθ’
1054 2594 1234 2658 ἑαυτὸ,
1270 2596 1364 2647 καὶ
1408 2595 1770 2659 ὲνυπόστατος
1801 2597 1831 2648 6

248 2684 460 2754 Πατὴρ,
489 2684 584 2737 καὶ
621 2685 982 2748 ὲνυπόστατος
1023 2687 1053 2738 6
1084 2686 1425 2755 Μονογενής·
1454 2685 1569 2738 ἀλλ’
1593 2687 1654 2739 οὐ
1687 2685 1829 2739 διαι-

251 2776 521 2846 ρουμένης
547 2777 646 2846 τῆς
673 2775 949 2846 θεότητος,
984 2775 1107 2828 οὔτε
1135 2776 1553 2847 ὑποϐεϐηκυίαςρ
1576 2777 1675 2847 τῆς
1703 2778 1833 2829 ἑαυ-

248 2864 346 2933 τῆς
377 2863 553 2935 δόξης.
603 2865 714 2917 Καὶ
739 2867 890 2936 ὁρᾷς,
940 2866 1055 2929 πῶς
1084 2866 1118 2935 ἡ
1156 2865 1325 2937 Τριὰς
1355 2865 1690 2937 ἀριθμεῖται,
1716 2867 1832 2920 Πα-

247 2955 373 3025 τρὺς
399 2955 496 3025 (δὲ)
528 2954 732 3009 ἄνωθεν
767 2955 1016 3025 βοῶντος,
1052 2954 1182 3008 Υίοῦ
1213 2958 1270 3011 ὲν
1311 2957 1547 3029 Ἰορδάνῃ
1586 2956 1833 3027 βαπτιζο-

251 3043 435 3113 μένου,
468 3043 784 3115 Πνεύματος
827 3043 884 3096 δὲ
918 3044 1075 3113 ἁγίου
1100 3045 1159 3097 ὲν
1191 3044 1320 3097 εἴδει
1350 3046 1679 3116 περιστερᾶς
1706 3045 1830 3097 ἐπι-

1932 507 2177 553 venerat.
2236 499 2428 570 Itaque
2474 500 2519 553 si
2557 502 2698 555 caelo
2742 501 2962 571 delapsa
3013 517 3116 556 vox
3166 510 3273 567 est,
3315 503 3505 557 falsam

1928 588 2080 642 illam
2117 596 2267 643 tuam
2303 599 2564 655 mentem,
2590 606 2794 658 qumso,
2825 592 3057 648 discute.
3085 592 3315 646 Cuinam
3350 592 3512 649 Pater

1930 676 2036 733 ista
2085 679 2345 735 dicebat:
2373 680 2534 751 517
2581 680 2685 735 Hic
2726 690 2801 735 est
2843 680 3019 736 Filius
3059 699 3204 737 meus
3242 684 3512 738 dilectus?

1930 769 2041 823 Aut
2073 770 2199 839 quis
2252 771 2359 826 iste
2404 773 2620 828 demum
2656 774 2816 828 erat?
2849 773 2959 827 Cur
3003 774 3237 843 Spiritus
3286 784 3508 830 sanctus

1931 860 2104 933 eﬂigie
2149 863 2417 918 columbae
2464 864 2653 934 lapsus
2689 873 2793 928 est,
2824 879 2945 917 eum
2976 867 3274 933 praesertim
3306 881 3509 934 corpus
3534 848 3549 927 ί

1933 953 2161 1009 haberet
2204 955 2450 1009 nullum?
2493 955 2656 1011 Solus
2693 956 2838 1011 enim
2872 956 2925 1009 id
2955 954 3277 1025 Unigenitus
3308 956 3505 1019 induit,

1931 1044 2280 1115 periecteque
2317 1060 2381 1100 ex
2417 1044 2588 1100 Maria
2620 1062 2835 1115 semper
2864 1046 3074 1116 virgine
3110 1062 3206 1115 per
3243 1045 3509 1116 Spiritum

1934 1145 2183 1191 sanctum
2217 1145 2470 1191 naturam
2523 1138 2761 1192 hominis
2810 1138 3124 1208 assumpsit.
3166 1137 3349 1207 Neque
3381 1154 3512 1193 vero

1932 1242 2000 1281 ex
2028 1227 2174 1280 virili
2199 1242 2320 1281 eam
2347 1229 2557 1283 semine
2585 1230 2848 1297 suscepit,
2889 1229 2984 1284 sed
3019 1244 3222 1297 corpus
3249 1229 3351 1284 sibi
3383 1230 3513 1284 arti-

1934 1315 2019 1373 fex
2047 1316 2286 1372 Verbum
2313 1335 2344 1373 e
2375 1317 2546 1372 Maria
2590 1319 2766 1385 finxit,
2804 1334 3018 1374 necnon
3061 1322 3353 1374 humanam
3392 1323 3512 1377 ani-

1931 1423 2076 1462 mam
2106 1423 2170 1462 ac
2218 1417 2454 1463 mentem
2486 1428 2499 1464 :
2528 1410 2865 1480 proindeque
2886 1412 3183 1465 etiamnum
3212 1412 3375 1467 homo
3403 1419 3508 1477 est,

1931 1499 2027 1570 qui
2073 1500 2295 1570 propria
2345 1500 2583 1556 hominis
2617 1502 2798 1555 omnia
2830 1502 3070 1571 perfecte
3099 1503 3151 1556 in
3188 1518 3308 1558 sese
3336 1510 3516 1559 trans-

1933 1589 2077 1654 tulit,
2109 1605 2173 1646 ac
2202 1606 2325 1645 cum
2362 1605 2464 1646 sua
2491 1591 2778 1646 divinitate
2799 1593 3103 1660 conjunxit.
3137 1592 3253 1647 Non
3289 1595 3369 1649 sic
3398 1601 3514 1648 tan-

1932 1695 2095 1751 quam
2144 1682 2202 1735 in
2227 1682 2448 1737 homine
2497 1682 2764 1738 duntaxat
2800 1682 3074 1749 habitans,
3115 1682 3303 1753 .(absit
3336 1691 3397 1737 ut
3436 1685 3510 1738 ita

1931 1771 2348 1842 suspicemur!)
2413 1773 2507 1827 sed
2559 1781 2971 1828 sacrosanctum
3022 1775 3212 1843 ipsum-
3248 1774 3525 1842 Verbum,-

1930 1860 2096 1923 Deus,
2125 1862 2371 1932 inquam,
2395 1861 2636 1918 Verbum
2671 1863 2945 1919 hominem
2983 1880 3043 1919 se
3079 1864 3225 1920 fecit.

2002 1950 2090 2006 Vl.
2113 1951 2228 2007 iam
2261 1952 2499 2022 Spiritus
2528 1963 2751 2009 sanctus
2772 1970 2933 2024 quam
2954 1955 3168 2009 tandem
3190 1956 3259 2010 ob
3287 1970 3511 2011 causam

1928 2047 2108 2113 specie
2138 2060 2200 2100 se
2229 2045 2495 2100 columba:
2524 2046 2817 2101 videndum
2865 2046 3130 2109 exhibuit,
3172 2048 3279 2101 nisi
3325 2057 3384 2101 ut
3414 2046 3512 2101 tibi

1927 2135 2208 2203 sapientiae
2238 2137 2498 2205 Opinione
2527 2137 2733 2202 inﬂato,
2762 2153 2939 2207 neque
2983 2139 3278 2208 quidquam
3314 2140 3514 2194 intelli-

1928 2224 2096 2295 genti,
2127 2226 2263 2279 nihil
2304 2225 2357 2278 in
2388 2223 2556 2278 Deum
2603 2227 2996 2281 contumeliose
3036 2227 3350 2295 jaciendum
3388 2242 3512 2282 esse

1930 2316 2184 2371 suaderet
2216 2330 2231 2368 :
2264 2323 2325 2369 ut
2362 2330 2431 2370 ne
2459 2316 2720 2384 Spiritum
2754 2332 2878 2369 cum
2911 2314 3072 2369 Patre
3098 2317 3343 2385 Filioque
3379 2332 3513 2372 con-

1931 2403 2266 2460 fundendum
2297 2420 2422 2460 esse
2453 2406 2752 2460 crederes?
2779 2405 3090 2476 Propterea,
3124 2407 3248 2461 licet
3273 2407 3512 2476 Spiritus

1931 2505 2155 2553 sanctus
2188 2498 2337 2551 nullo
2370 2505 2513 2552 esset
2547 2513 2777 2567 corpore
2822 2498 3102 2568 praeditus,
3146 2498 3213 2552 ad
3246 2499 3514 2553 columbas

1932 2596 2109 2645 tamen
2140 2587 2368 2659 cﬂigiem
2417 2604 2538 2644 sese
2586 2587 2970 2653 eonformavit,
3004 2604 3113 2659 quo
3162 2598 3315 2643 tuum
3348 2589 3512 2642 nimi-

1930 2695 2052 2732 rum
2075 2687 2130 2733 et
2157 2679 2505 2748 patefaceret,
2549 2689 2603 2734 et
2648 2683 2998 2735 convinceret
3047 2695 3310 2745 errorem,
3349 2681 3513 2750 idque

1931 2771 2110 2839 ipsum
2147 2770 2482 2835 ostenderet,
2515 2778 2707 2839 suapte
2736 2774 3038 2827 consistere
3068 2787 3299 2840 persona
3338 2770 3513 2841 Spiri-

1932 2866 2069 2922 tum,
2103 2868 2298 2926 suapte
2342 2860 2471 2914 item
2511 2875 2745 2928 persona
2794 2858 3027 2925 Patrem,
3074 2876 3140 2915 ac
3186 2870 3377 2930 suapte
3408 2876 3515 2930 po-

1932 2956 2133 3003 stremo
2156 2949 2371 3005 Filium.
2401 2949 2492 3004 Sic
2515 2957 2575 3004 ut
2600 2965 2709 3005 non
2734 2951 2856 3006 ideo
2878 2951 3053 3005 divisa
3079 2966 3200 3007 esse
3229 2951 3510 3015 divinitas,

1937 3046 2031 3093 aut
2060 3042 2374 3110 depressum
2404 3041 2608 3111 aliquid
2649 3042 2702 3095 in
2730 3042 2849 3111 ejus
2882 3043 3076 3112 gloria,
3103 3052 3264 3114 atque
3286 3043 3514 3099 inferius

249 3132 572 3201 φοιτῶντος;
600 3133 743 3201 Λέγε
771 3132 829 3185 δέ
866 3149 954 3204 μοι
988 3131 1071 3194 τίς
1098 3133 1247 3186 ἔστιν
1301 3134 1333 3186 ὁ
1374 3132 1610 3203 εἰρηκὼς
1629 3173 1643 3198 ,
1688 3132 1833 3187 Ἰδοὺ
1859 3122 1892 3178 C

1972 3147 2061 3186 sse
2089 3130 2390 3201 putandum
2417 3132 2507 3187 sil.
2538 3130 2960 3195 Animadvertis,
3006 3133 3224 3202 opinor.
3251 3134 3516 3203 quemad-

247 3225 507 3290 συνιξσει
524 3227 556 3277 ό
573 3224 717 3291 Παῖς
735 3242 858 3294 μου
881 3227 913 3277 ὁ
932 3224 1263 3293 ἀγαπητὸς,
1288 3225 1378 3293 ἐφ’
1398 3224 1470 3277 ὃν
1493 3223 1831 3291 ηὐδόκησα,

249 3316 323 3369 ὃν
351 3316 685 3384 ᾑρέτισενή
702 3316 874 3385 ψυχή
897 3334 1038 3386 μου.
1061 3315 1332 3384 Θήσομαι
1354 3315 1421 3369 τὸ
1451 3313 1697 3383 Πνεῦμα
1709 3331 1831 3383 μου

246 3406 340 3460 ἐπ’
361 3407 568 3472 αὐτὸν,
617 3407 719 3462 καί
774 3408 976 3476 κρίσιν
1037 3408 1163 3474 τοῖς
1202 3407 1444 3462 ἔθνεσιν
1489 3406 1831 3476 ἀπαγγελεῖ.

251 3500 374 3552 Οὐκ
404 3499 609 3565 ἐρίσει,
645 3497 789 3552 οὐδὲ
808 3497 1159 3567 κραυγάσει⁸
1193 3496 1336 3551 οὐδὲ
1377 3496 1834 3564 ἀκουσθήσεται

246 3589 317 3642 ἐν
335 3589 647 3655 πλατείαις
674 3592 713 3659 ἡ
745 3590 914 3660 φωνὴ
952 3589 1160 3645 αὑτοῦ.
1184 3588 1470 3657 ΚΜαμον
1493 3602 1835 3657 συντετριμ-

243 3681 433 3751 μένον
464 3684 536 3736 οὐ
568 3679 864 3746 κατεάξει,
909 3683 1007 3736 καί
1033 3682 1210 3736 λίνον
1238 3682 1578 3751 τυφόμενον
1603 3683 1676 3735 οὐ
1699 3679 1835 3733 σϐέ-

249 3786 366 3834 σει,
388 3772 499 3837 ἕως
523 3770 600 3825 ἂν
655 3769 878 3837 ἐκϐάλῃ
924 3772 1011 3835 είς
1053 3771 1221 3836 νῖκος
1247 3770 1362 3839 τὴν
1391 3770 1615 3837 κρίσιν,
1645 3770 1739 3822 καὶ
1764 3769 1835 3822 τὰ

251 3863 378 3935 ἑξῆς
410 3882 424 3929 ;
460 3864 552 3934 Μὴ
597 3864 662 3933 δὴ
701 3862 875 3916 ταῦτα
895 3863 1118 3916 δύναται
1144 3862 1287 3932 ἔχειν
1321 3861 1559 3932 ἔμφασιν
1581 3861 1828 3931 Τριάδος,

249 3947 297 4006 ὦ
327 3953 594 4020 φιλόνεικε
615 3948 796 4023 ;³Ἀρα
823 3952 951 4022 περὶ
971 3950 1137 4004 αὑτοῦ
1159 3954 1188 4004 6
1209 3951 1397 4021 Πατὴρ
1417 3949 1486 4003 τὰ
1516 3948 1754 4003 τοσαῦτα
1774 3951 1833 4003 ὲν

252 4044 331 4116 τῷ
346 4044 601 4116 προφήτῃ
625 4043 866 4115 διεξῆλθε
887 4060 902 4107 ;
921 4044 1017 4107 Τίς
1036 4041 1092 4096 δέ
1120 4044 1235 4096 ἐστι
1259 4041 1388 4113 περὶ
1407 4034 1467 4094 οὗ
1491 4041 1830 4112 γέγραπται,

253 4131 440 4193 Εἶπεν
461 4138 492 4189 ό
519 4137 737 4204 Κύριος
775 4124 855 4200 τῷ
906 4135 1101 4202 Κυρίῳ
1127 4151 1246 4202 μου
1274 4151 1284 4161 ·
1315 4132 1513 4187 Κάθου
1531 4133 1600 4185 εκ
1620 4132 1835 4196 δεξιῶν

249 4246 367 4298 μου
389 4245 409 4292 ;
434 4227 545 4281 Καὶ
577 4229 676 4281 οὐκ
700 4222 854 4281 εἶπεν
878 4241 891 4254 ·
925 4225 1149 4280 Εἵσελθε
1193 4226 1274 4288 είς
1323 4224 1424 4295 ὲμὲ
1449 4240 1463 4255 ⁸
1510 4225 1543 4295 ἢ
1572 4224 1733 4277 πάλιν
1758 4223 1835 4286 ὡς

254 4319 399 4387 λέγει
423 4319 483 4372 τὸ
509 4317 836 4387 Εὑαγγέλιον
856 4334 871 4347 ·
897 4317 1007 4371 Kal
1027 4315 1290 4384 ἀνῆλθεν
1314 4318 1399 4380 είς
1421 4314 1530 4368 τὸν
1551 4314 1831 4382 οὐρανὸν,

1934 3219 2154 3272 modum
2201 3217 2439 3273 Trinitas
2498 3219 2615 3287 ipsa
2660 3226 2997 3283 numeretur,
3029 3236 3152 3274 cum
3194 3229 3249 3274 et
3282 3219 3440 3274 Pater
3484 3235 3515 3275 e

1935 3311 2074 3366 cmlo
2110 3311 2330 3374 clamat,
2372 3317 2428 3365 et
2473 3309 2641 3364 Filius
2675 3310 2728 3363 in
2757 3308 2997 3365 Jordane
3033 3312 3278 3381 tingitur,
3308 3322 3362 3367 et
3393 3311 3513 3381 Spio

1936 3402 2076 3457 ritus
2107 3408 2330 3456 sanctus
2359 3402 2541 3470 specie
2594 3402 2860 3457 columbae
2915 3403 3205 3458 delabitur.
3247 3402 3363 3465 Dic,
3422 3418 3513 3458 sa-

1935 3494 2052 3554 des.
2099 3493 2221 3564 quis
2256 3500 2341 3548 est
2374 3494 2464 3546 ille
2510 3492 2600 3563 qui
2654 3494 2832 3548 dixit:
2863 3493 2996 3548 Ecce
3043 3493 3296 3563 intelliget
3338 3491 3514 3563 Filius

1938 3604 2081 3643 meus
2117 3587 2358 3650 dilectus,
2392 3586 2447 3641 in
2492 3602 2593 3657 quo
2646 3588 2776 3640 mihi
2809 3586 3122 3650 complacui,
3166 3602 3318 3656 quem
3358 3586 3515 3656 elegit

1936 3680 2115 3732 anima
2169 3695 2306 3733 mea.
2347 3678 2548 3732 Ponam
2590 3676 2844 3746 Spiritum
2882 3694 3054 3734 meum
3096 3693 3251 3745 super
3305 3680 3511 3744 ipsum,

1934 3776 1984 3821 et
2014 3766 2277 3836 judicium
2307 3765 2547 3835 gentibus
2584 3765 2869 3820 nuntiabit.
2909 3764 3031 3818 Non
3072 3766 3343 3819 contendet
3366 3805 3382 3831 ,
3424 3782 3515 3820 ne-

1934 3873 2031 3926 que
2066 3857 2337 3919 clamabit,
2368 3872 2462 3910 nec
2503 3855 2750 3909 audietur
2786 3856 2842 3908 in
2880 3855 3067 3923 plateis
3102 3870 3201 3910 vos:
3238 3857 3371 3926 ejus.
3408 3853 3515 3913 Ca-

1938 3949 2136 4002 lamum
2190 3948 2476 4002 contritum
2523 3962 2626 4000 non
2669 3945 2997 4016 confringet,
3046 3954 3097 4000 et
3141 3947 3307 4000 linum
3353 3947 3515 4017 fumi-

1934 4056 2065 4112 gans
2113 4056 2216 4092 non
2268 4039 2594 4108 exstinguet,
2658 4037 2820 4092 donec
2871 4038 3080 4090 emittat
3131 4037 3185 4091 in
3241 4038 3514 4093 victoriam

1926 4132 2188 4202 judicium
2222 4131 2264 4195 ¹,
2297 4130 2419 4184 etc?
2454 4127 2711 4198 Nunquid
2742 4129 2831 4182 illa
2862 4129 2928 4183 ad
2954 4128 3359 4198 exprimendam
3387 4128 3512 4184 Tri-

1936 4221 2161 4275 nitatem
2186 4221 2291 4273 vim
2315 4218 2517 4273 habere
2537 4219 2656 4282 tibi,
2687 4219 2966 4273 hominum
2993 4219 3511 4281 contentiosissime,

1934 4302 2225 4366 videntur?
2263 4311 2346 4363 An
2376 4311 2444 4365 de
2493 4325 2552 4365 se
2589 4316 2669 4364 tot
2711 4309 2802 4362 illa
2831 4311 2994 4364 Pater
3023 4308 3166 4378 apud
3193 4310 3511 4378 prOphetam

255 4412 355 4463 καί
382 4409 665 4465 ἐκάθισεν
690 4409 760 4462 ἐν
816 4406 986 4474 δεξιᾷ
1028 4407 1135 4461 τοῦ
1175 4406 1405 4474 Πατρός
1428 4421 1441 4434 ν
1484 4405 1578 4458 καὶ
1618 4404 1833 4473 ἔρχεται
1868 4465 1892 4474 _

1967 4394 2237 4457 lisse'ruit‘!
2266 4402 2396 4471 Age,
2428 4400 2552 4470 quis
2599 4408 2683 4454 est
2727 4400 2816 4454 ille
2850 4399 2918 4454 de
2944 4414 3053 4469 quo
3090 4399 3353 4470 scriptum
3381 4406 3467 4455 est
3496 4417 3512 4453 :

255 4504 437 4573 κρῖναι
463 4500 669 4565 ζῶντας
693 4500 789 4553 καὶ
809 4498 1062 4571 νεκρούςο
1086 4498 1119 4568 ἢ
1145 4498 1326 4561 πάλιν,
1349 4496 1465 4560 πῶς
1489 4497 1589 4548 οὐκ
1607 4494 1832 4548 ἔπεισάν
1868 4465 1892 4519 Ῐ

1967 4493 2088 4546 )ἱα;ἱι
2121 4492 2382 4546 Dominus
2420 4491 2642 4546 Domino
2674 4507 2832 4545 mea:
2863 4489 2997 4545 Sede
3026 4507 3058 4543 a
3085 4490 3285 4544 dextris
3316 4491 3442 4544 meis
3461 4490 3517 4544 ’Υ

258 4611 318 4646 σε
350 4595 399 4646 οί
428 4593 520 4646 δύο
539 4593 728 4662 ἄνδρες
755 4593 803 4645 οί
827 4593 885 4644 ὲν
917 4590 1106 4660 ἐσθῆσι
1126 4590 1347 4652 λευκαῖς
1374 4587 1675 4658 πεφηνὸτες
1697 4585 1833 4656 πρὸς

255 4686 381 4747 τοὺς
439 4682 684 4754 μαθητὰς
736 4683 1013 4745 εἰπόντες,
1069 4680 1309 4748 Ἄνδρες
1352 4677 1688 4741 Γαλιλαῖοι,
1771 4677 1829 4729 τί

256 4773 550 4841 ἑστήκατε
591 4775 679 4838 εἰς
725 4773 832 4828 τὸν
878 4771 1142 4843 οὐρανόν
1186 4767 1588 4835 ἁτενίζοντες;
1646 4762 1836 4833 Οὗτος

271 4879 511 4948 Ἰησοῦς
539 4881 571 4932 ό
595 4878 695 4946 ἀφ’
735 4876 902 4946 ἡμῶν
919 4879 1006 4943 εὶς
1035 4876 1144 4930 τὸν
1181 4873 1440 4944 οὐρανὸν
1464 4871 1837 4940 ἀναληφθεὶς

262 4987 449 5051 οὕτως
500 4985 836 5045 ἐλεύσεται,
882 4982 963 5047 ὡς
1009 4982 1195 5034 αὑτὸν
1217 4979 1406 5033 εἴδετε
1429 4973 1837 5044 ἀναλαμϐανό-

257 5105 443 5156 μενον
463 5103 483 5152 ;
511 5088 644 5140 Τίνα
690 5085 747 5138 δὲ
791 5083 1013 5135 ἔϐλεπεν
1050 5082 1078 5134 6
1106 5079 1370 5151 μακάριος
1405 5075 1695 5144 Στέφανος,
1748 5073 1835 5125 ὅτε

264 5191 448 5260 ἔλεγεν
475 5232 490 5257 ,
540 5189 685 5245 Ἰδοὺ
721 5187 835 5259 ἐγὼ
858 5186 991 5256 ’ὁρῶ
1019 5186 1126 5239 τὸν
1155 5183 1411 5253 οὐρανὸν
1433 5179 1832 5251 ἀνεῳγμένον,

266 5293 363 5347 καὶ
387 5293 494 5346 τὸν
524 5291 660 5346 Υίὸν
690 5288 794 5344 τοῦ
820 5286 1131 5356 ἀνθρώπου
1159 5285 1388 5340 ἑστῶτα
1413 5286 1480 5339 ἐκ
1496 5283 1709 5347 δεξιῶν
1730 5282 1835 5337 τοῦ

269 5396 416 5451 Θεοῦ
439 5412 458 5461 ;
480 5396 552 5449 Σὺ
576 5394 651 5458 δὲ,
685 5387 729 5447 ὦ
779 5390 920 5445 κατὰ
958 5388 1136 5441 πάντα
1167 5388 1372 5453 ίδιῶτα,
1410 5388 1486 5459 μὴ
1521 5388 1718 5457 νοήσας
1737 5386 1835 5455 τὴν

268 5499 450 5571 φωνὴν
478 5497 586 5552 τῶν
614 5498 780 5567 ἁγίων
819 5493 1070 5566 Γραφῶν,
1117 5493 1340 5547 σεαυτὸν
1370 5491 1570 5563 μᾶλλον
1597 5487 1837 5558 ἔϐλαψας

344 5656 364 5689 ³
393 5655 494 5711 lsa.
527 5670 656 5719 χιιι,
696 5654 715 5705 1
751 5668 872 5722 sqq.

1938 4582 2058 4636 Non
2105 4583 2277 4637 dixit:
2330 4581 2389 4635 In
2438 4597 2524 4635 me
2562 4580 2707 4636 subi.
2752 4579 2860 4634 Aut
2902 4580 3033 4632 illud
3081 4596 3329 4644 rursum,
3371 4581 3517 4649 quod

1940 4677 1994 4729 in
2037 4675 2328 4745 Evangelio
2355 4674 2615 4742 scriptum
2657 4678 2742 4725 est
2775 4689 2787 4724 :
2823 4668 2892 4723 Et
2935 4670 3173 4722 ascendit
3215 4670 3269 4722 in
3306 4670 3515 4734 cretum,

1940 4774 1990 4817 et
2018 4763 2148 4817 sedit
2181 4763 2248 4814 ad
2280 4762 2549 4815 dexteram
2582 4758 2761 4812 Patris
2785 4759 2841 4821 ⁸;
2872 4766 2925 4812 ει
2952 4764 3214 4812 venturus
3250 4766 3336 4812 est
3369 4758 3521 4827 judi-

1942 4868 2069 4907 care
2115 4853 2268 4907 vivos
2318 4860 2373 4905 et
2430 4856 2694 4905 mortuos.
2747 4847 2910 4918 518
2947 4847 3210 4901 Praeterea
3258 4863 3358 4902 cur
3408 4864 3517 4903 non

1942 4942 2171 4996 duorum
2198 4942 2413 4995 illorum
2449 4941 2686 4993 virorum
2735 4939 2831 4992 tibi
2871 4938 3161 5008 persuadet
3193 4938 3516 5005 auctoritas,

1941 5034 2033 5102 qui
2066 5033 2119 5085 in
2147 5031 2390 5086 vestibus
2417 5030 2556 5085 albis
2600 5039 2927 5099 apparentes
2956 5029 3030 5082 ita
3063 5029 3361 5098 discipulos
3384 5028 3520 5081 allo-

1943 5124 2054 5180 cuti
2090 5132 2219 5178 sunt
2255 5142 2269 5177 :
2308 5122 2419 5176 Viri
2473 5120 2719 5186 Galila'i,
2753 5120 2878 5190 quid
2925 5121 3080 5175 statis
3127 5120 3429 5188 aspicientes
3461 5120 3523 5174 its

1942 5214 2167 5268 caelum?
2216 5212 2316 5265 Hic
2367 5211 2543 5276 Iesus,
2595 5213 2683 5282 qui
2733 5221 3036 5281 assumptus
3083 5219 3160 5265 est
3207 5228 3241 5264 a
3278 5210 3419 5263 vobis
3463 5211 3520 5264 in

1942 5305 2161 5368 calum,
2197 5305 2272 5357 sic
2311 5305 2474 5358 veniet
2518 5301 2960 5374 quemadmodum
3004 5301 3155 5355 illum
3189 5301 3395 5355 vidistis
3439 5315 3523 5354 as-

1943 5404 2207 5463 sumptum
2237 5394 2297 5448 “!
2327 5394 2625 5460 Quemnam
2679 5409 2808 5449 vero
2847 5394 3039 5448 beatus
3091 5390 3396 5461 Stephanus
3433 5390 3521 5444 in-

1945 5487 2218 5552 tuebatur,
2248 5502 2372 5541 cum
2410 5485 2615 5542 diceret
2642 5505 2655 5540 :
2703 5485 2835 5541 Ecce
2860 5502 2952 5556 ego
2985 5483 3130 5539 video
3166 5483 3352 5538 calum
3378 5495 3523 5551 aper-

947 5652 967 5681 ¹
1008 5648 1283 5712 Psalmis,
1322 5649 1367 5699 1.
1445 5646 1464 5677 ³
1507 5644 1670 5700 Marc.
1712 5658 1824 5703 xw,
1857 5639 1941 5695 l9.
2020 5639 2042 5672 "
2070 5640 2192 5694 Act.
2227 5656 2267 5707 t,
2308 5642 2391 5696 ll.
