3794 6156
309 232 447 289 1039

1687 232 1759 317 ὃ.
1791 228 2130 289 EPIPHANII

3441 233 3597 288 1060

310 356 444 411 tum,
475 355 526 403 et
553 344 755 404 Filium
793 347 1020 403 hominis
1045 356 1275 401 stantem
1303 363 1335 400 a
1367 345 1567 402 dextris
1596 344 1693 400 Dei
1718 346 1778 400 '?
1809 344 1868 398 Τι

2017 345 2087 404 παὶ
2130 344 2258 408 τοὺς
2293 346 2377 399 σοὶ
2430 345 2865 411 ὑπακούσαντας,
2907 349 3157 402 ἐκπεσὼν
3181 347 3277 416 τῆς
3311 347 3485 414 ἁγίας
3512 348 3604 399 πί-

307 455 456 505 vero,
501 440 654 494 rudis
705 440 758 493 in
787 439 1041 496 omnibus
1088 445 1254 507 atque
1297 437 1564 506 imperite,
1608 451 1709 498 nec
1751 436 1885 505 quid

1995 453 2162 498 στεως
2189 435 2286 506 τῆς
2314 435 2405 488 τοῦ
2433 436 2566 490 Θεοῦ
2596 435 2872 507 ἀληθείας.

309 549 478 591 sacrae
503 534 718 589 Littera:
740 535 1032 603 loquantur
1066 534 1394 604 intelligens,
1421 532 1740 603 tiliimetipsi
1775 548 1839 589 ac
1866 531 1979 588 tuis
2015 532 2480 594 auscultatoribus
2509 531 2683 601 magis
2729 531 2906 588 fraudi
2957 533 3134 612 fuisti,
3171 533 3301 588 dum
3339 548 3370 586 a
3398 548 3603 588 sacro-

309 635 499 681 sancta
527 626 722 682 divina
749 627 995 684 veritatis
1021 627 1124 683 ﬁde
1157 627 1374 697 longius
1393 626 1664 682 excidisti.

379 715 488 770 VII.
523 718 733 774 Etenim
781 718 958 788 reipsa
1004 718 1223 788 quidem
1271 718 1375 772 hoc
1425 719 1516 772 ille
1555 718 1692 772 dixit
1728 735 1740 772 :
1779 714 1892 785 Ego

308 825 422 862 sum
451 811 674 878 primus,
696 819 746 864 et
785 827 877 881 ego
906 812 1187 878 posterior,
1223 820 1274 865 et
1308 819 1505 880 printer
1545 825 1624 864 me
1673 826 1774 864 non
1813 818 1893 865 est

309 902 448 956 alius
477 905 520 956 ³.
562 900 827 956 Nimirum
868 903 1056 974 plures
1102 903 1175 957 dii
1209 917 1551 972 nequaquam
1582 903 1889 968 exsistunt;

307 991 401 1046 sed
433 1008 574 1047 unus
607 993 870 1054 duntaxat
911 995 1119 1063 primus
1153 1007 1217 1048 ac
1257 993 1554 1063 posterior,
1584 992 1766 1056 Pater,
1798 992 1893 1046 Fi-

310 1083 414 1138 lius
442 1093 496 1138 et
527 1081 762 1154 Spiritus
800 1093 1044 1140 sanctus.
1077 1082 1194 1140 Non
1247 1093 1307 1138 ut
1350 1085 1601 1140 confusio
1641 1085 1888 1154 quaedam

310 1171 551 1230 Trinitas
597 1175 687 1229 illa
727 1177 816 1239 sit,
864 1183 959 1230 aut
987 1177 1053 1230 ab
1080 1177 1292 1232 unitate
1337 1191 1436 1232 sua
1476 1176 1749 1241 discreta;
1792 1177 1889 1231 sed

228 1305 235 1312 .
310 1263 469 1322 Pater
514 1281 640 1322 vere
671 1265 864 1321 Filium
912 1269 1131 1338 genuit;
1177 1276 1230 1322 et
1277 1267 1448 1324 Filius
1482 1285 1607 1324 vere
1651 1284 1682 1322 a
1731 1267 1891 1324 Patre

311 1356 556 1424 genitus,
607 1357 661 1410 in
698 1373 929 1427 persona
982 1374 1080 1414 sua
1131 1359 1460 1420 subsistens,
1514 1360 1655 1414 initii
1708 1359 1889 1414 omnis

311 1461 504 1516 expers
537 1463 600 1502 ac
635 1451 913 1519 temporis.
946 1450 1077 1504 item
1120 1449 1361 1519 Spiritus
1409 1460 1634 1506 sanctus
1671 1467 1701 1505 a
1725 1451 1889 1506 Patre

310 1546 364 1592 et
389 1538 543 1603 Filio,
573 1548 626 1594 et
655 1541 840 1595 eadem
867 1541 1148 1596 divinitate
1172 1542 1431 1612 praeditus
1457 1557 1488 1596 ι
1517 1541 1678 1596 Patre
1703 1554 1890 1611 proce-

311 1628 391 1685 dit
413 1630 452 1695 ⁸,
480 1639 536 1684 et
565 1646 596 1684 a
623 1630 756 1686 Filio
787 1647 1002 1703 semper
1029 1634 1229 1702 accipit
1253 1633 1304 1696 ⁸;
1333 1649 1479 1687 unus
1506 1631 1650 1687 Deus
1680 1631 1888 1702 primus

309 1737 372 1776 ac
415 1724 709 1794 posterior.
753 1725 924 1782 Porro
971 1727 1197 1781 alterius
1235 1727 1521 1796 cujusdam
1562 1723 1764 1795 negotii
1799 1721 1894 1776 ad-

307 1812 652 1870 ministrandi
675 1818 870 1886 gratia,
905 1825 1069 1888 atque
1102 1833 1173 1872 ex
1207 1817 1490 1887 ipsiusmet
1521 1817 1727 1873 Christi
1767 1832 1892 1887 per-

247 1961 252 1966 _
309 1918 445 1959 sona
492 1905 559 1960 ad
603 1921 729 1961 eum
781 1908 1001 1963 modum
1040 1911 1276 1965 canitur.
1323 1911 1460 1964 Cum
1512 1918 1690 1964 autem
1732 1908 1893 1965 Jesus

309 1993 561 2051 Christus
583 1996 843 2054 Dominus
867 2009 1054 2055 noster
1086 2016 1457 2072 smpenumero
1488 2001 1771 2071 prophetis
1803 2016 1895 2070 ap-

313 2088 571 2154 paruerit,
597 2095 650 2142 et
673 2089 961 2145 adventum
990 2108 1148 2147 suum
1177 2094 1532 2157 uuntiaverit,
1555 2108 1622 2152 .ac
1644 2092 1892 2147 nonnulli

311 2174 532 2232 minime
569 2179 722 2233 illum
765 2182 1086 2250 receperint,
1125 2184 1224 2252 qui
1276 2185 1506 2238 alterum
1557 2185 1678 2238 loco
1719 2184 1893 2254 ipsius

310 2275 711 2335 exspectarent.
745 2269 952 2326 Idcirco
987 2273 1054 2327 ad
1097 2289 1193 2330 eos
1222 2275 1314 2344 qui
1344 2275 1761 2329 simulacrorum
1806 2291 1895 2329 su-

311 2357 726 2423 perstitionibus
765 2359 1027 2430 implicati
1064 2370 1245 2428 erant,
1291 2379 1354 2419 ac
1387 2365 1612 2420 deorum
1654 2366 1895 2420 multitu-

318 2446 500 2502 dinem
566 2448 620 2501 in
675 2450 859 2505 orbem
896 2459 1164 2509 terrarum
1198 2455 1536 2519 invenerant,
1565 2473 1635 2511 ne
1675 2457 1894 2511 attoniti

309 2543 362 2590 et
388 2537 705 2596 aberrantes
730 2539 987 2597 Israelita:
1017 2544 1480 2611 Amorrhaeorum,
1504 2545 1889 2612 Chettaaorum,

309 2627 760 2696 Chanantcorum,
782 2631 1214 2700 Phcresmorum,
1249 2636 1554 2699 Et'aeorum,
1579 2636 1891 2706 Gergesaao-

309 2731 456 2782 rum,
493 2715 888 2788 Jebusazorum,
921 2721 1272 2778 Arucaeorum
1293 2765 1309 2791 ,
1363 2724 1785 2778 Assannseorum
1817 2725 1893 2778 sio

311 2808 551 2862 mulacra
599 2811 862 2876 colerent,
910 2814 1366 2883 quemadmodum
1413 2815 1730 2885 praedictum
1783 2815 1891 2870 illis

312 2895 506 2952 fuerat.
538 2897 749 2970 Quippe
769 2911 823 2956 et
843 2901 1176 2974 Bcclphegor
1199 2905 1523 2972 adorarunt,
1551 2915 1604 2961 et
1629 2907 1888 2972 Chamos,

2065 710 2138 762 Z'.
2182 709 2326 780 Ἔφη
2383 709 2490 779 γὰρ
2516 708 2595 771 ὡς
2649 709 2866 779 ἀληθῶς
2894 729 2905 740 ·
2950 712 3088 781 Ἐγώ
3109 715 3227 782 εἰμι
3259 718 3293 768 ὁ
3325 716 3597 784 πρῶτος.

1995 802 2094 857 καὶ
2141 799 2256 870 ἐγώ
2316 803 2432 869 εἰμι
2485 804 2518 870 ῤ
2556 801 2708 870 μετὰ
2735 804 2941 870 ταῦτα,
2981 807 3078 858 καὶ
3105 807 3273 874 πλήν
3286 827 3411 877 μου
3477 813 3600 866 οὐκ

1993 893 2170 949 ἐστιν
2191 894 2410 961 ἕτφος.
2455 894 2544 958 Ὠς
2577 895 2796 967 ἀληθῶς
2826 895 2934 968 γὰρ
2957 898 3059 951 οὐκ
3088 900 3195 952 εἰσὶ
3224 901 3416 956 πολλοὶ
3447 903 3595 967 θεοὶ,

1995 983 2109 1038 ἀλλ’
2138 979 2222 1049 εἷς
2243 985 2377 1048 Θεὸς
2408 987 2437 1039 ὁ
2493 986 2736 1057 πρῶτος,
2785 989 2929 1042 καὶὸ
2965 989 3103 1058 μετὰ
3138 990 3332 1057 ταῦτα,
3368 994 3595 1065 Πατὴρ,

1995 1074 2089 1126 καὶ
2129 1073 2275 1136 Υἱὸς,
2328 1073 2425 1128 καὶ
2474 1075 2628 1144 ἅγιον
2669 1076 2914 1148 Πνεῦμα,
2955 1081 3016 1131 οὐ
3046 1081 3342 1153 συναλοιφή
3373 1080 3521 1139 οὖσα
3561 1090 3593 1154 ή

1994 1165 2183 1236 Τριὰς,
2214 1167 2335 1220 οὐδὲ
2360 1167 2672 1240 διῃρημένη
2704 1172 2804 1240 τῆς
2839 1171 3038 1241 ἑαυτῆς
3065 1175 3416 1246 ταυτότητος,
3449 1177 3598 1230 ἀλλὰ

1993 1257 2183 1330 Πατὴρ
2213 1258 2426 1329 ἀληθῶς
2451 1261 2719 1330 γεννήσας
2744 1260 2893 1326 Υίὸν,
2937 1263 3032 1316 καὶ
3059 1263 3185 1328 Υἱὸς
3220 1265 3444 1335 ἀληθῶς
3465 1285 3598 1335 γεν.

1993 1348 2177 1418 νηθεὶς
2211 1351 2276 1403 ὲκ
2307 1351 2518 1422 Πατρὺς
2545 1352 2910 1416 ἀνυπόστατος
2927 1353 3179 1425 ἀνάρχως
3191 1358 3286 1409 καὶ
3310 1358 3594 1429 qm.

1993 1439 2086 1492 καὶ
2139 1439 2365 1510 Πνεῦμα
2423 1440 2578 1508 ἅγιον
2632 1441 2848 1510 ἀληθῶς
2895 1444 2960 1495 ὲκ
3021 1444 3233 1514 [ἰατρὸς
3276 1447 3376 1499 καὶ
3430 1449 3594 1512 Υιοῦ,

1992 1529 2091 1598 τῆς
2127 1530 2299 1602 αὐτῆς
2329 1531 2601 1601 θεότητος,
2641 1535 2707 1586 ὲκ
2738 1535 2954 1605 Πατρὸς
3003 1535 3469 1608 ἐκπορευόμενον,
3497 1542 3595 1593 καὶ

1993 1621 2089 1677 τοῦ
2121 1621 2250 1676 Υίοῦ
2309 1623 2586 1693 λαμϐάνον
2645 1626 2752 1690 ἀεὶ,
2807 1620 2888 1690 εἷς
2913 1627 3044 1692 Θεὸς
3081 1631 3109 1682 ὁ
3145 1631 3386 1700 πρῶτος,
3421 1636 3526 1685 καὶ
3567 1637 3596 1685 ὀ

1999 1713 2136 1782 μετὰ
2159 1713 2351 1770 ταῦτα.
2386 1715 2585 1779 Ἀλλης
2623 1716 2681 1770 δὲ
2722 1716 2884 1771 πάλιν
2928 1717 3090 1773 ἕνεκα
3119 1723 3463 1793 οἰκονομίας,
3497 1728 3595 1778 καὶ

1995 1804 2102 1856 ἀπὸ
2128 1805 2423 1875 προσώπου
2449 1806 2505 1859 δὲ
2532 1807 2702 1861 αὑτοῦ
2745 1808 2839 1862 τοῦ
2885 1804 3121 1880 Χριστοῦ
3160 1813 3350 1884 ᾄδεται
3390 1816 3591 1880 οὕτως.

1993 1894 2162 1949 Πάλιν
2210 1897 2400 1969 ἐπειδὴ
2433 1898 2692 1962 πολλάκις
2734 1902 2764 1954 ὁ
2799 1900 2999 1972 Κύριος
3023 1903 3180 1974 ήμῶν
3213 1906 3428 1977 Ἰησοῦς
3457 1910 3596 1979 Χρι-

1995 1987 2118 2050 στὸς
2162 1989 2372 2060 πέφηνε
2433 1994 2547 2055 τοῖς
2595 1994 2924 2064 προφήταις,
2965 1996 3058 2048 καὶ
3113 1999 3449 2067 κατήγγειλε
3497 2002 3595 2071 τὴν

1963 2080 2188 2142 ,ἑαυτοῦ
2227 2083 2525 2155 παρουσίαν
2565 2084 2809 2150 ἔσεσθαι,
2847 2089 2991 2152 τινὲς
3035 2088 3093 2141 δὲ
3131 2091 3296 2143 αὐτὸν
3331 2093 3438 2145 ούκ
3469 2093 3595 2146 ὲδέ-

1943 2167 1950 2174 ’
1993 2171 2173 2238 ξαντο,
2200 2173 2612 2243 προσδοκῶντες
2657 2175 2844 2246 ἕτερον
2881 2177 2996 2231 ἀντ’
3031 2179 3218 2233 αὐτοῦ.
3280 2182 3397 2234 Καὶ
3452 2185 3595 2254 πρὸς

1998 2258 2097 2328 μὲν
2125 2259 2251 2323 τοὺς
2299 2259 2700 2331 δεισιδαίμονας
2730 2263 2842 2318 τῶν
2878 2265 3134 2329 εἰδώλων,
3167 2268 3262 2322 καὶ
3291 2270 3597 2324 πολυθεῖαν

1993 2350 2070 2420 τῷ
2099 2353 2288 2422 κόσμῳ
2325 2354 2737 2425 εἰσαγηοχότας,
2774 2356 2863 2410 ἵνα
2895 2357 2971 2428 μὴ
3002 2359 3372 2427 ἐκπλαγέντες
3404 2365 3456 2415 oi
3487 2367 3597 2417 uio“.

2006 2443 2242 2514 Ἰσραὴλ,
2269 2444 2362 2498 καὶ¹
2375 2446 2764 2517 ἐκτραπέντες,
2789 2447 2860 2502 τὰ
2879 2448 3069 2502 εἰδωλα
3090 2451 3198 2503 τῶν
3213 2451 3596 2526 Ἀμορῤαξων,

1994 2536 2088 2588 καὶ
2121 2536 2422 2600 Χετταίων,
2458 2539 2552 2591 καὶ
2600 2540 2942 2603 Χαναναίων,
2990 2543 3084 2594 καὶ
3115 2544 3450 2615 Φερεζαίων,
3498 2552 3596 2602 καὶ

1994 2627 2229 2691 Εὐαίων,
2252 2627 2348 2681 καὶ
2369 2628 2735 2698 Γεργεσαίων,
2766 2631 2859 2683 καὶ
2886 2631 3243 2698 Ἰεϐουσαίων,
3265 2637 3366 2690 καὶ
3402 2639 3594 2708 ’Δρου-

1994 2717 2185 2783 καίων,
2208 2717 2303 2770 καὶ
2351 2720 2719 2774 ’Δσσανναίων
2743 2725 3219 2796 προσκυνήσωσιν,
3253 2727 3332 2789 ὡς
3358 2731 3459 2782 καὶ
3492 2733 3595 2785 αύ-

1993 2810 2104 2872 τοίς
2121 2810 2544 2880 προεφητεύετο.
2570 2813 2885 2886 Προσεκύνη
2894 2831 2992 2869 σαν
3014 2816 3123 2888 γὰρ
3139 2817 3217 2888 τῷ
3236 2817 3590 2892 Βεελφεγὼρ,

1993 2903 2087 2954 καὶ
2104 2899 2181 2970 τῷ
2205 2901 2432 2972 Χαμῶς,
2462 2904 2556 2956 καὶ
2572 2905 2636 2975 τῇ
2673 2904 2965 2979 ’Δστάρτῃ,
2993 2908 3084 2960 καὶ
3108 2912 3219 2972 τοῖς
3248 2911 3587 2984 Μαζουρὼθ,

309 2996 362 3043 et
383 2989 678 3057 Astartem,
705 3003 758 3048 ct
787 2993 1092 3061 Mazuroth,
1125 3005 1179 3051 et
1211 2996 1428 3063 Neaste,
1456 3006 1510 3052 et
1545 2997 1868 3054 Beelzebth

2017 2991 2088 3044 :al.
2128 2994 2240 3054 τοῖς
2281 2993 2534 3057 Νεασθῶ,
2586 2996 2680 3049 καὶ
2717 2995 2796 3066 τῷ
2829 2996 3150 3065 Βεελζεσὰοθ,
3185 3002 3283 3053 καὶ
3315 3006 3432 3066 τοῖς
3475 3004 3591 3058 λοι-

310 3089 613 3153 cateraquc
657 3086 951 3141 simulacra
999 3089 1261 3159 gentium.
1298 3088 1590 3160 Propterea
1630 3089 1868 3146 Dominus

2017 3085 2112 3146 τοῖς
2144 3083 2381 3148 εἰδώλοις
2404 3085 2516 3140 τῶν
2541 3086 2738 3141 ἐθνῶν.
2777 3087 2869 3142 Διὸ
2897 3089 2991 3142 καὶ
3015 3089 3198 3158 ἔλεγεν
3223 3093 3390 3156 αὐτὸς
3417 3096 3448 3146 ὁ
3473 3097 3592 3149 K23-

310 3174 382 3228 ita
415 3177 628 3231 locutus
657 3187 740 3232 est
767 3196 781 3232 :
813 3177 924 3249 Ego
950 3197 1068 3234 sum
1107 3181 1197 3251 qui
1239 3197 1353 3234 sum
1385 3182 1437 3248 ';
1475 3181 1586 3253 Ego
1627 3199 1745 3236 sum
1774 3183 1888 3251 pri-

311 3280 426 3318 mus
455 3277 502 3319 et
527 3269 786 3335 posterior
808 3270 851 3324 ⁸.
890 3269 1011 3336 Quo
1057 3271 1180 3326 illos
1220 3271 1384 3342 519
1427 3273 1678 3330 conﬁctis
1709 3275 1888 3345 genti-

314 3355 441 3409 lium
475 3357 672 3414 fabulis
713 3370 1012 3427 revocaret,
1053 3379 1175 3434 quae
1214 3365 1440 3419 deorum
1487 3366 1887 3421 multitudinem

313 3452 663 3501 venerantur.

379 3532 537 3599 Quod
587 3545 767 3598 autem
813 3539 1012 3595 Filium
1059 3542 1349 3597 Dominum
1400 3552 1652 3600 nostrum
1701 3546 1887 3603 Iesum

309 3623 587 3684 Christum
644 3630 947 3686 venientem
1002 3633 1342 3704 repudiaturi
1395 3634 1595 3704 forent,
1650 3639 1768 3693 haec
1819 3639 1887 3694 ad

307 3715 523 3774 Judaeos
547 3719 709 3774 verba
727 3721 861 3775 fecit
885 3739 898 3774 :
920 3720 1036 3793 Ego
1058 3741 1176 3778 sum
1203 3726 1409 3793 primus
1429 3737 1479 3781 et
1505 3730 1819 3784 novissimus
1843 3732 1885 3785 ⁷.

311 3806 523 3864 Primus
543 3808 772 3874 scilicet,
807 3812 904 3881 qui
933 3813 1040 3868 huc
1077 3829 1242 3870 carne
1282 3818 1540 3886 prteditus
1569 3819 1808 3883 advenit,
1832 3827 1889 3874 et

307 3899 602 3957 novissime
631 3913 894 3961 venturus
929 3905 1177 3975 judicare
1216 3911 1367 3964 vivos
1394 3920 1450 3964 et
1482 3920 1746 3966 mortuos.
1783 3911 1885 3977 Qui

305 3991 524 4061 quidem
551 3994 606 4048 in
641 4010 804 4051 cruce
835 4012 1034 4066 passus
1077 4013 1142 4052 ac
1188 4000 1454 4070 sepultus,
1483 4011 1646 4070 atque
1685 4002 1888 4056 excita-

309 4090 398 4136 tus
446 4097 476 4136 a
523 4086 774 4150 mortuis,
816 4102 942 4141 cum
973 4087 1170 4144 eodem
1207 4105 1437 4159 corpore
1479 4091 1534 4146 in
1574 4093 1769 4146 cmlum
1802 4099 1889 4146 est

305 4171 540 4241 gloriose
594 4176 909 4241 subvectus,
954 4189 1009 4233 et
1056 4178 1124 4232 ad
1169 4194 1283 4234 suae
1323 4181 1624 4236 divinitatis
1655 4182 1884 4252 gloriam

307 4271 616 4332 cooptatus,
653 4281 717 4320 ac
762 4282 904 4321 novo
953 4269 1241 4338 splendore
1285 4272 1660 4338 collustratus,
1687 4281 1744 4326 ut
1789 4290 1886 4327 ne-

1993 3193 2107 3248 ριος
2129 3190 2146 3208 ⁸
2176 3176 2322 3246 Ἐγώ
2349 3181 2463 3249 ειμι
2486 3182 2520 3234 ὀ
2547 3179 2664 3234 ὢν·
2709 3180 2857 3251 Ἐγὼ
2895 3185 2929 3236 ὀ
2953 3183 3204 3250 πρῶτος,
3239 3186 3338 3240 καὶ
3367 3190 3404 3241 ό
3435 3192 3590 3256 μετά

1989 3267 2178 3322 ταῦτα
2201 3287 2213 3297 ·
2239 3270 2326 3322 ἵνα
2377 3271 2577 3335 αὐτοὺς
2625 3273 2948 3346 ἀποστρέψῃ
2988 3275 3087 3346 τῆς
3118 3275 3226 3336 τῶν
3264 3277 3588 3349 ὲθνομύοων

1991 3358 2218 3430 πλάνης,
2258 3360 2366 3415 τῶν
2397 3363 2847 3434 προσκυνούντων
2875 3367 2976 3436 τὴν
3003 3366 3310 3420 πολυθεῖαν.

2060 3533 2170 3586 Καὶ
2202 3535 2386 3607 ἐπειδὴ
2413 3536 2638 3608 εμελλον
2673 3540 2774 3612 τὴν
2802 3543 3106 3614 παρουσίαν
3134 3545 3300 3606 αὑτοῦ
3324 3547 3424 3600 τοῦ
3453 3549 3584 3603 Υἱοῦ

1989 3621 2326 3683 ἀπωθεῖσθαι
2373 3626 2468 3680 τοῦ
2503 3626 2706 3700 Κυρίου
2753 3631 2911 3703 ήμῶν
2953 3633 3127 3703 Ἰησοῦ
3170 3636 3435 3705 Χριστοῦ,
3475 3640 3581 3710 ἒςη

1991 3715 2126 3786 πρὸς
2147 3717 2274 3782 τοὺς
2323 3719 2610 3783 Ἰουδαίους
2635 3737 2648 3750 ·
2721 3724 2869 3794 Ἐγώ
2891 3728 3013 3795 εἰμι
3060 3731 3094 3781 o'
3136 3727 3388 3797 πρῶτος,
3420 3735 3520 3786 καὶ
3548 3739 3582 3787 ό

1983 3807 2134 3876 μετὰ
2158 3809 2363 3867 ταῦτα.
2405 3812 2462 3864 Ὀ
2495 3813 2709 3883 πρῶτος
2747 3819 2806 3869 ὲν
2842 3819 3004 3888 σαρκὶ
3033 3819 3401 3891 ἐπιδημήσας,
3435 3825 3533 3878 καὶ
3553 3827 3580 3877 ό

1993 3899 2130 3968 μετὰ
2157 3899 2333 3958 ταῦτα
2359 3902 2687 3973 ἐρχόμενος
2710 3907 2905 3975 κρῖναι
2935 3907 3154 3976 ζῶντας
3175 3911 3272 3965 καὶ
3296 3918 3576 3982 νεκρούς·

1988 3988 2081 4041 ἐπὶ
2100 3989 2177 4059 τῷ
2212 3992 2432 4063 σταυρῷ
2469 3995 2773 4060 πεπονθὼς,
2806 3999 2900 4052 καί
2946 4000 3159 4068 ταφεὶς,
3190 4001 3285 4054 καὶ
3309 4002 3574 4068 ἀναστὰς,

1988 4080 2046 4130 ὲν
2077 4079 2201 4152 δόξῃ
2234 4081 2332 4152 μὲν
2384 4086 2444 4137 ἐν
2495 4087 2646 4157 αύτῷ
2688 4088 2766 4159 τῷ
2835 4091 3044 4161 σώματι
3083 4093 3436 4165 ἀναληφθεὶς,
3495 4102 3576 4162 εἰς

1988 4169 2144 4234 δόξαν
2195 4173 2253 4226 δὲ
2289 4173 2391 4244 τῆς
2445 4177 2611 4231 αὑτοῦ
2660 4180 2910 4251 θεότητος
2943 4183 3248 4252 ὲνωθέντος,
3300 4189 3395 4241 καὶ
3446 4207 3573 4258 φαι-

1988 4258 2330 4330 δρυνθέντος,
2376 4265 2470 4318 καὶ
2499 4268 2699 4338 μηκέτι
2736 4271 2841 4323 ὑπὸ
2870 4272 3013 4344 ἁφὴν
3040 4275 3427 4346 ἐμπίπτοντος,
3457 4283 3571 4332 νυνὶ

307 4350 823 4424 quecontrectctur
871 4361 1126 4428 amplius,
1183 4377 1360 4432 neque
1425 4373 1655 4417 mortem
1707 4365 1868 4434 possit

2017 4352 2189 4420 ιηκέτι
2212 4353 2445 4410 θανάτου
2476 4361 2814 4431 μετέχοντος.
2867 4364 3112 4433 Ἀνέστη
3148 4370 3276 4436 τὰρ,
3304 4370 3380 4433 ὥς
3407 4388 3572 4441 φησιν

305 4441 598 4498 sustinere.
635 4444 880 4501 Surrexit
925 4451 1087 4518 enim,
1120 4452 1196 4506 ait
1225 4452 1511 4522 Scriptura
1529 4456 1570 4516 ⁸,
1607 4453 1885 4521 Christus;

1983 4445 2016 4512 ή
2052 4443 2264 4516 Γραφὴ,
2316 4449 2350 4501 ὀ
2399 4449 2682 4518 Χριστός·
2729 4454 2994 4523 Θάνατος
3019 4460 3206 4513 αὐτοῦ
3234 4460 3436 4515 οὐκέτι
3475 4480 3572 4516 κυ-

307 4549 450 4589 mors
480 4535 563 4589 illi
600 4537 745 4591 ultra
789 4556 892 4594 non
930 4539 1311 4607 dominabitur,
1360 4545 1538 4618 inquit
1573 4546 1864 4617 Apostolus

2017 4535 2228 4598 tedam,
2279 4542 2443 4607 φησὶν
2475 4545 2502 4595 ὁ
2540 4544 2878 4609 ’Δπόστολος.
2921 4548 3032 4600 Καὶ
3062 4549 3164 4619 δρα
3194 4549 3310 4613 τῶς
3334 4553 3371 4620 .ή
3409 4552 3567 4624 ἀκρί-

307 4625 384 4680 Ac
409 4627 535 4682 vide
561 4645 723 4700 quam
755 4642 947 4688 exacta
979 4633 1275 4706 Scriptura:
1308 4640 1450 4695 ratio
1477 4650 1708 4708 constet,
1741 4650 1886 4697 tuto-

303 4730 412 4789 que
442 4719 673 4774 deducat
701 4721 997 4793 hominem,
1025 4741 1092 4780 ne
1140 4727 1194 4783 in
1243 4729 1562 4784 alterutram
1601 4746 1630 4784 a
1661 4733 1887 4787 veritate

306 4814 516 4875 partem
553 4811 790 4874 excidat,
823 4822 882 4866 ut
905 4829 1030 4873 cum
1058 4817 1203 4870 illius
1234 4833 1384 4874 mens
1413 4819 1598 4888 plures
1622 4821 1724 4876 sibi
1755 4821 1888 4877 deos

305 4896 556 4969 eliingere
606 4902 860 4969 voluerit,
915 4907 1101 4964 statim
1160 4908 1290 4961 illud
1355 4911 1592 4964 audiat:
1634 4910 1888 4965 Dominus

301 4983 446 5040 Deus
485 4999 606 5046 tuus
648 5009 790 5047 unus
841 5005 919 5049 est
953 4998 996 5050 ’.
1027 4997 1166 5052 Cum
1217 5009 1397 5054 autem
1447 5003 1677 5055 alterum
1731 5002 1889 5056 Chri-

302 5084 468 5146 stum,
501 5091 697 5149 prteter
726 5099 849 5139 eum
881 5088 974 5156 qui
1007 5089 1118 5158 jam
1155 5091 1396 5154 advenit,
1431 5095 1634 5160 posteri
1670 5094 1887 5149 lsraelis

300 5173 768 5237 exspectaverint,
825 5176 1062 5231 audiant”
1099 5180 1338 5234 vicissim
1367 5198 1382 5235 :
1417 5181 1528 5251 Ego
1575 5184 1798 5251 primus,
1831 5195 1882 5238 et

298 5273 390 5328 ego
421 5262 769 5328 novissimus;
796 5275 848 5320 et
880 5271 1022 5339 :Ego
1055 5286 1171 5324 sum
1196 5277 1242 5326 Α
1269 5283 1318 5325 et
1339 5275 1386 5325 ,Ω
1417 5275 1481 5326 ιο.
1513 5276 1578 5337 Α,
1608 5275 1879 5341 videlicet,

300 5352 445 5420 quod
483 5353 739 5411 deorsum
767 5361 1010 5429 respicit,
1039 5370 1093 5417 et
1125 5365 1166 5416 Ω
1197 5407 1210 5430 ,
1237 5367 1382 5436 quod
1433 5383 1654 5423 sursum
1687 5370 1884 5423 obver-

376 5523 394 5554 ί
434 5525 553 5580 Act.
589 5544 687 5603 ιἰι,
719 5533 840 5603 55._
888 5535 908 5565 ³
933 5533 1036 5590 lsa.
1064 5553 1208 5603 κων,
1240 5541 1290 5594 6.

310 5582 330 5609 τ
353 5542 553 5609 ἰςμέιιοι.
589 5544 687 5609 vi],
719 5542 851 5609 δᾳ,
888 5542 908 5565 ³
933 5542 1036 5590 lsa.
1064 5553 1208 5603 κων,
1240 5542 1290 5594 6.
1370 5543 1389 5573 ³
1417 5542 1572 5598 Joan.
1600 5560 1690 5609 xv,
1720 5544 1806 5597 26.

315 5586 330 5613 ⁷
351 5586 457 5644 lsa.
486 5611 596 5659 xu,
623 5586 687 5655 6..
760 5603 782 5633 ⁸
815 5586 1142 5671 Βοιηξνί,

1251 5613 1270 5642 ⁹
1300 5611 1456 5667 Deut.
1484 5630 1554 5682 γι,
1587 5616 1640 5667 4.

1914 5545 1934 5574 ⁸
1961 5543 2116 5598 Joan.
2151 5562 2257 5611 xvi,
2294 5546 2378 5612 l4,
2417 5547 2502 5600 15.

1722 5616 1765 5645 ιο
1797 5614 1964 5683 Apoc.
1996 5619 2110 5679 1,8.

1995 4637 2118 4690 6εια
2162 4637 2406 4709 κυριεύει
2431 4675 2444 4698 ,
2501 4638 2592 4691 καὶ
2643 4637 2827 4707 ὁδηγεί
2859 4640 2949 4692 τὸν
2993 4640 3299 4711 ἄνθρωπον,
3365 4645 3456 4697 ἵνα
3496 4647 3566 4714 μὴ

1993 4730 2202 4800 ἐκπέσῃ
2230 4729 2370 4786 κατὰ
2393 4727 2636 4798 θατέρων
2666 4729 2775 4780 τῶν
2805 4729 2905 4800 τῆς
2925 4731 3179 4801 ἀληθείας
3219 4734 3432 4804 μερῶνο
3462 4737 3565 4792 ἵνα.

1994 4821 2124 4872 ὅταν
2171 4819 2269 4889 μὲν
2302 4818 2585 4890 βουληθείη
2617 4822 2645 4873 ὀ
2672 4820 2796 4884 νοῦς
2827 4821 3117 4876 πολυθεῖαν
3150 4825 3564 4895 ἐξεργάσασθαι.

1986 4909 2216 4982 ἀκούσῃ,
2273 4912 2356 4964 ὅτι
2400 4912 2616 4979 Κύριος
2639 4914 2671 4965 ό
2695 4915 2840 4978 Θεός
2863 4930 2979 4968 σου
3011 4911 3098 4980 εἷς
3125 4916 3327 4970 ἐστιν·
3361 4917 3489 4970 ὅταν
3515 4919 3567 4970 δὲ

1985 5001 2219 5072 Χριστὸν
2251 5001 2438 5073 ἕτερον
2461 5001 2614 5074 παρὰ
2645 5003 2737 5056 τὸν
2765 5004 2988 5078 ἐλθόντα
3019 5008 3122 5058 υἱοὶ
3158 5008 3376 5077 Ἰσραὴλ
3407 5025 3567 5077 προσο

1983 5095 2305 5164 δοκήσωσιν,
2357 5094 2663 5149 ἀκούσωσιν
2681 5113 2694 5125 ⁸
2737 5097 2926 5167 Ἐγὼό
2949 5097 3202 5166 πρῶτος,
3244 5101 3344 5152 καὶ
3374 5104 3408 5153 o'
3421 5101 3565 5169 μετὰ

1986 5185 2210 5238 ταῦτα’
2259 5186 2378 5249 καὶ,
2430 5185 2575 5255 Ἐγώ
2627 5189 2742 5255 ειμι
2766 5188 2830 5240 τὸ
2861 5191 2906 5242 Α
2949 5188 3044 5240 καὶ
3086 5189 3222 5240 τὸΩ
3249 5207 3262 5218 ·
3307 5190 3368 5242 τὸ
3424 5191 3468 5241 Α
3508 5189 3563 5240 τὸ

1990 5278 2140 5330 κάτω
2201 5275 2417 5345 βλέπον,
2457 5279 2550 5331 καὶ
2583 5279 2642 5330 τὸ
2679 5280 2720 5329 Ω
2781 5278 2842 5331 τὸ
2886 5279 3000 5332 ἄνω
3059 5279 3284 5348 βλέπον·
3317 5282 3404 5333 ἵνα
3436 5281 3565 5349 πλη-

1995 5370 2139 5440 ρωθῇ
2180 5370 2238 5422 τὸ
2268 5371 2590 5441 εἰρημένον·
2629 5370 2691 5424 '0
2742 5371 3022 5438 καταϐὰς,
3076 5373 3260 5438 αὐτός
3315 5373 3487 5426 ἐστιν
3533 5374 3564 5424 ό

2613 5547 2633 5576 ⁵
2663 5546 2836 5601 Exod.
2869 5563 2950 5611 ιιι,
2983 5551 3062 5602 li.
3143 5549 3161 5574 “
3199 5547 3300 5602 lsa.
3339 5563 3486 5616 κων,
3510 5549 3562 5605 6.
