3846 6132
223 263 363 318 10M

926 265 1297 324 ADVERSUS
1336 262 1682 322 HEBESES
1718 265 1849 322 LIB.
1893 264 1937 319 ιι
1977 263 2141 320 TOU.
2185 263 2225 321 Ι.
2263 296 2329 305 —
2361 262 2634 320 HERES.
2676 263 2862 321 LXIII.

3367 267 3505 325 1052

215 377 454 444 ἀναϐὰς
472 376 752 446 ὑπεράνω
784 377 990 447 πάσης
1007 380 1224 449 ἀρχῆς,
1247 377 1343 434 καὶ
1358 380 1650 446 ἐξουσίας
1668 421 1682 445 ,
1707 397 1791 436 κα,

1912 382 2060 434 titur.
2093 377 2164 433 Ut
2199 386 2254 434 et
2285 379 2418 434 illud
2463 379 2754 450 impleatur
2780 398 2793 434 :
2828 378 2932 445 Qui
2961 377 3250 446 descendit,
3281 383 3395 452 ipse
3418 395 3500 439 est

214 472 597 542 κυριότητος,
629 470 726 525 καὶ
765 471 994 538 παντὸς
1023 473 1316 542 ὀνόματος
1341 473 1801 543 ὀνομαζομένου.

215 564 335 618 Καὶ
376 563 462 616 ἵνα
509 563 639 615 ὅταν
679 563 910 635 νομίσῃς
941 562 1029 617 διὰ
1075 564 1138 616 τὸ
1170 565 1471 635 εἰρηκέναι,
1513 563 1660 634 Ἐγώ
1690 568 1808 635 ειμι

203 658 250 707 ιό
313 652 568 720 πρῶτος,
625 652 725 708 καὶ
770 636 803 706 ὅ
841 653 985 720 μετὰ
1021 654 1241 708 ταῦτα’
1274 655 1389 718 καὶ,
1422 653 1569 723 Ἐγώ
1593 657 1709 724 ειμι
1739 653 1806 707 τὸ

213 749 296 799 A'
331 744 451 804 καὶ,
513 742 659 813 Ἐγώ
681 746 797 812 sint
821 744 890 797 τὸ
918 746 993 798 Ω·
1031 746 1148 810 καὶ,
1176 745 1392 813 Κύριος
1429 747 1464 798 ὁ
1497 744 1643 809 Θεός
1688 758 1806 798 σου

211 831 307 902 εἷς
333 836 467 890 ἐστι
494 851 507 864 ·
535 837 631 889 καὶ
646 837 728 889 ὅτι
783 836 932 906 Ἐγώ
952 839 1066 905 εἰμι
1093 839 1127 890 ό
1143 835 1250 898 ὢν,
1299 838 1385 892 ἴνα
1419 836 1496 907 μή
1531 853 1619 899 τις
1647 836 1808 906 ἀρνή-

216 943 384 997 σηται
411 929 504 980 τὸν
530 927 680 990 Υἱὸν,
709 927 802 980 καὶ
825 927 885 980 τὸ
922 927 1078 996 ἆγιον
1102 927 1330 996 Πνεῦμα
1355 967 1369 991 ,
1402 925 1490 977 διὰ
1516 924 1674 977 τοῦτό
1704 942 1804 995 φη-

216 1036 306 1072 σιν
327 1037 339 1050 ο
379 1020 433 1071 '0
459 1018 661 1087 Πατήρ
674 1035 791 1088 μου
809 1017 1022 1088 peiwa
1033 1036 1152 1088 μου
1173 1018 1308 1071 ἐστι
1322 1034 1336 1047 ο
1361 1016 1478 1080 καὶ,
1505 1016 1627 1069 Ἵνα
1645 1015 1806 1084 γινώ-

207 1111 417 1164 σκωσι
441 1125 515 1165 σε
546 1112 652 1164 τὸν
682 1111 874 1178 μόνον
900 1109 1192 1173 ἀληθινὸν
1223 1107 1390 1170 Θεὸν,
1433 1105 1532 1159 καὶ
1565 1105 1638 1158 ὃν·
1691 1105 1805 1158 ἀπ-

213 1201 498 1268 έστειλας
526 1202 771 1270 Ἰησοῦν
795 1202 1071 1268 Χριστόν.
1091 1200 1204 1270 Οὐχ
1229 1201 1310 1252 ὅτι
1332 1199 1431 1252 οὐκ
1453 1197 1598 1251 ἔστιν
1631 1199 1659 1250 ὁ
1674 1197 1805 1260 Υἱὸς

213 1295 469 1366 ἀληθινὸς
501 1294 664 1356 Sed,“
693 1294 807 1348 ἀλλ’
833 1294 922 1346 ἵνα
954 1293 1033 1356 είς
1070 1292 1198 1362 μίαν
1228 1290 1455 1360 ἑνότητα
1485 1290 1668 1361 ἀγάγῃ
1699 1289 1802 1360 τὴν

214 1388 450 1458 Τριάδος
483 1386 800 1457 ὀνομασίαν,
839 1385 934 1439 καὶ
985 1385 1238 1456 ἐκκλείσῃ
1277 1384 1375 1455 τὴν
1403 1383 1642 1436 διάνοιαν
1690 1381 1800 1435 τῶν

215 1479 521 1550 ἀνθρώπων
550 1477 659 1532 ἀπὸ
697 1477 984 1540 πολυθεῖας
1005 1478 1090 1540 εἰς
1110 1476 1239 1547 μίαν
1265 1475 1514 1547 θεότητα.

290 1677 372 1729 ﬂ'.
417 1674 541 1728 Ἐὰν
568 1675 624 1728 δὲ
669 1674 866 1745 νομίσῃ
894 1675 922 1727 ὁ
953 1671 1245 1742 πλανηθεὶς
1286 1671 1385 1742 τὴν
1409 1671 1668 1729 διάνοιαν.
1708 1669 1801 1722 τὸν

1909 474 2002 543 qui
2035 471 2294 540 ascendit,
2326 487 2486 541 supra
2528 489 2732 528 omnem
2769 472 3145 542 principatum,
3177 484 3226 528 et
3267 484 3502 543 potesta-

1911 572 2033 626 tem,
2059 571 2110 616 et
2133 561 2569 627 dominationem,
2600 571 2649 615 et
2689 578 2875 614 nomen
2907 578 3056 615 omne
3093 568 3231 632 quod
3263 567 3502 619 nomina-

1910 655 2054 707 tur’.
2083 654 2163 709 Ac
2200 669 2270 710 ne
2315 655 2462 708 aliud
2504 654 2642 709 forte
2675 654 3009 722 suspiceris;
3051 662 3104 708 et
3139 671 3235 724 pro
3263 671 3327 710 eo
3354 658 3499 726 quod

1909 745 2111 799 dictum
2157 756 2278 799 est:
2310 743 2422 814 Ego
2475 761 2591 798 sum
2637 745 2861 812 primus,
2889 753 2937 798 et
2979 761 3071 812 ego
3104 747 3419 800 novissimus
3443 747 3498 811 ⁸;

1907 846 1960 890 et
1992 855 2004 890 :
2034 835 2146 906 Ego
2170 853 2289 890 sum
2317 842 2363 891 A
2392 847 2440 890 et
2473 840 2518 890 Ω
2551 829 2607 900 ⁵,
2641 844 2694 890 et
2721 855 2734 889 :
2759 835 3016 891 Dominus
3045 837 3179 892 Deus
3206 851 3326 893 tuus
3363 855 3499 894 unus

1906 938 1984 980 est
2021 928 2068 993 ';
2097 938 2149 981 et
2173 944 2191 980 ε
2225 925 2334 996 Ego
2385 943 2503 981 sum
2545 927 2636 996 qui
2688 943 2807 981 sum
2839 928 2898 994 ⁶;
2951 945 3020 984 ne
3054 931 3176 999 quis
3201 929 3396 986 Filium
3435 945 3501 985 ac

1914 1015 2179 1087 Spiritum
2232 1006 2484 1074 sanctum
2516 1019 2766 1088 abneget,
2802 1020 2874 1074 ob
2925 1019 3024 1076 id:
3067 1021 3250 1084 Pater,
3298 1021 3496 1091 inquit,

1905 1125 2051 1162 meus
2079 1110 2252 1178 major
2295 1127 2376 1164 me
2419 1119 2495 1164 est
2522 1111 2562 1164 ⁷.
2618 1109 2682 1163 Ει
2720 1127 2734 1163 :
2781 1108 2850 1162 Ut
2889 1122 3206 1181 cognoscant
3252 1121 3298 1166 te
3325 1113 3497 1167 solum

1907 1215 2087 1254 verum
2133 1199 2322 1266 Deum,
2367 1210 2415 1254 et
2459 1217 2610 1270 quem
2653 1203 2847 1256 misisti
2889 1202 3076 1258 Iesum
3124 1202 3392 1259 Christum
3439 1206 3489 1262 ⁸.

1901 1291 2022 1347 Non
2058 1293 2205 1363 quod
2251 1291 2424 1347 Filius
2468 1309 2630 1348 verus
2670 1292 2815 1348 Deus
2866 1296 3092 1350 minime
3145 1297 3257 1361 sit;
3312 1297 3407 1352 sed
3435 1306 3496 1352 ut

1901 1383 2152 1439 eamdem
2179 1384 2233 1438 in
2271 1386 2533 1438 unitatem
2565 1383 2853 1440 Trinitatis
2896 1401 3094 1441 nomen
3130 1388 3412 1457 conjiciat,
3442 1398 3496 1442 et

1903 1489 1933 1528 a
1966 1475 2193 1530 deorum
2236 1475 2583 1530 multitudine
2619 1475 2685 1529 ad
2727 1490 2892 1530 unam
2939 1475 3278 1531 divinitatem
3313 1478 3493 1534 homia

1903 1581 2032 1621 num
2065 1567 2278 1621 animos
2309 1573 2611 1621 convertat.

1971 1673 2107 1729 Vill.
2140 1675 2293 1742 Quod
2345 1677 2391 1732 si
2437 1692 2625 1732 errore
2676 1679 2866 1748 lapsus
2917 1679 3117 1749 aliquis
3170 1679 3444 1737 existimet
3475 1720 3491 1744 .

211 1767 311 1820 ἕνα
344 1766 502 1837 μόνον
528 1765 782 1833 λέγεσθαι
811 1763 1064 1833 ἀληθινὸν
1106 1763 1260 1827 Θεὸν,
1289 1763 1538 1815 τουτέστι
1565 1763 1654 1814 τὸν
1681 1764 1791 1815 Πα-

1901 1783 2072 1822 unum
2120 1769 2297 1823 solum
2330 1769 2437 1823 dici
2479 1784 2667 1823 verum
2707 1769 2900 1836 Deum,
2931 1770 3189 1826 nimirum
3229 1771 3490 1828 Patrem:

210 1859 368 1931 τέρα,
397 1856 490 1910 τὸν
516 1856 570 1909 δὲ
621 1856 745 1908 Υίὸν
777 1855 873 1926 μὲν
906 1855 1056 1918 ὄντα,
1090 1855 1190 1908 οὐκ
1236 1853 1486 1924 ἀληθινὸν
1514 1854 1591 1914 δὲ,
1636 1854 1798 1907 πάλιν

213 1951 418 2020 ἑτέρως
441 1948 533 2002 τὸν
556 1947 796 2000 τοιοῦτον
852 1945 1084 2016 ἐλέγχει,
1137 1945 1313 2014 λέγων
1339 1963 1350 1976 ·
1393 1944 1538 2015 Ἐγώ
1569 1947 1689 2015 ειμι
1729 1944 1798 1999 τὸ

203 2040 339 2112 ¹ςιεῶς
373 2039 437 2093 τό
458 2039 768 2108 ἀληθινὸν,
801 2038 832 2091 ὃ
862 2036 1086 2108 φωτίζει
1117 2037 1314 2091 πάντα
1357 2036 1675 2105 ἄνθρωπον
1705 2037 1800 2106 ἐρ-

213 2134 472 2202 χόμενον
492 2134 578 2197 είς
605 2131 712 2185 τὸν
748 2131 1000 2199 κόσμον.
1042 2129 1177 2201 Περὶ
1216 2129 1271 2182 δὲ
1317 2128 1410 2182 τοῦ
1439 2129 1672 2199 Πατρὸς,
1713 2130 1796 2184 ὅτι

213 2227 342 2292 Φῶς
368 2229 401 2279 ὁ
427 2226 588 2292 Θεὸς,
618 2223 713 2278 καὶ
735 2224 834 2276 οὐκ
863 2217 1002 2286 εἶπε,
1020 2221 1139 2284 Φῶς
1165 2221 1439 2292 ἀληθινόν
1480 2223 1566 2274 ἴνα
1611 2225 1674 2275 ἐκ
1700 2222 1794 2276 τοῦ

210 2317 346 2371 Θεοῦ
395 2315 668 2388 ἀληθινὸν,
713 2315 806 2368 καὶ
853 2314 969 2382 φῶς
1007 2312 1258 2384 ἀληθινὸν
1290 2312 1388 2384 τὴν
1415 2314 1536 2384 ῐσην
1567 2313 1795 2383 Θεὸτητα

211 2407 422 2478 Πατρδς
449 2407 584 2477 πρὸς
613 2405 763 2471 Υἰὺν,
796 2405 889 2458 καὶ
917 2402 1046 2456 Υίοῦ
1076 2403 1212 2474 πρὸς
1236 2403 1459 2475 Πατέρα
1488 2403 1791 2473 νοήσωμεν.

210 2501 322 2554 Kal.
360 2499 468 2553 ἀπὸ
509 2497 602 2552 τοῦ
639 2498 730 2550 τὸν
777 2495 995 2566 Πατέρα
1037 2495 1150 2565 φῶς
1190 2491 1346 2555 εἶναι,
1385 2494 1482 2548 καὶ
1526 2495 1619 2547 τὸν
1668 2494 1795 2546 Υίδν

209 2583 368 2656 εἶναι,
404 2589 480 2661 μὴ
520 2587 828 2642 ἐπικεῖσθαι
881 2587 937 2640 δὲ
974 2585 1209 2641 ἐνταῦθα
1265 2584 1537 2655 ἀληθινόν.
1577 2586 1652 2638 Οὐ
1685 2585 1794 2656 γὰρ

207 2677 276 2753 ἦν
321 2682 478 2753 χρεία
529 2683 724 2745 εἰπεῖν,
756 2681 1028 2752 μηδεμιᾶς
1068 2678 1398 2749 ἀμφιϐολίας
1426 2677 1614 2748 οὔσης.
1662 2673 1794 2730 Ἀπὸ

207 2773 316 2846 γὰρ
349 2773 464 2836 τοῦ,
490 2774 631 2838 Θεὸς
661 2773 753 2825 καὶ
773 2771 918 2840 φῶς,
945 2773 977 2840 ἡ
1035 2771 1131 2842 μία
1180 2770 1454 2839 τελειότης
1485 2770 1585 2839 τῆς
1625 2769 1794 2838 αὐτῆς

209 2865 580 2937 γνησιότητος,
615 2863 826 2933 Πατρὸς
859 2863 995 2932 πρὸς
1049 2861 1140 2914 τὸν
1175 2861 1324 2924 Υἱδν,
1367 2861 1460 2914 καὶ
1492 2859 1624 2912 Υἱοῦ
1656 2860 1794 2930 πρὸς

203 2958 298 3010 τὸν
335 2956 578 3027 Πατέρα,
627 2955 810 3024 σαφῶς
856 2952 1166 3024 ἀπεφάνθη.
1197 2952 1306 3005 Καὶ
1350 2951 1653 3005 διαλέλυταί
1694 2967 1786 3002 σου

207 3051 242 3121 ἠ
259 3050 406 3102 πᾶσα
429 3049 530 3117 τῆς
551 3047 757 3117 πλάνης
779 3045 1193 3116 φρενοϐλάϐεια.
1222 3045 1381 3098 Ἔστι
1409 3045 1517 3115 γὰρ
1545 3047 1572 3098 ὁ
1597 3045 1790 3116 Πατὴρ

206 3138 418 3212 Πατὴρ,
443 3139 587 3192 ἔστιν
603 3138 782 3200 ὁΥἰδς
807 3136 954 3200 Υἱὸς,
977 3136 1091 3189 ἐστι
1114 3135 1174 3188 τὸ
1199 3135 1354 3202 ἅγιον
1383 3135 1610 3204 Πνεῦμα
1640 3137 1791 3202 ἅγιον

208 3228 452 3300 Πνεῦμα,
489 3226 658 3297 Τριάς
680 3223 836 3291 οὖσα,
865 3225 964 3295 μία
983 3224 1173 3295 θεότης
1193 3264 1206 3288 ,
1237 3224 1334 3294 μία
1359 3223 1656 3291 δοξολογία,
1697 3225 1794 3294 μία

208 3321 493 3392 κυριότηςο
604 3317 752 3385 δόξα,
776 3316 930 3388 τιμὴ,
966 3317 1187 3387 κράτος,
1215 3316 1392 3386 Πατρ“ι
1420 3317 1477 3370 ὲν
1502 3314 1638 3385 Υἰῷ,
1679 3314 1794 3386 Υἱῷ

211 3416 268 3468 ὲν
292 3416 490 3486 Πατρὶ,
529 3414 626 3468 σὺν
659 3413 799 3483 ἁγίῳ
823 3410 1132 3480 Πνεύματι,
1182 3412 1261 3475 εἰς
1299 3409 1504 3474 αἰῶνας
1557 3408 1789 3462 αἰώνων.

220 3508 408 3579 ’Δμήν.

276 3700 492 3772 Ταύτην
543 3701 598 3754 δὲ
642 3699 803 3754 πάλιν
853 3699 951 3772 τὴν
1003 3699 1215 3771 αἵρεσιν
1257 3697 1500 3770 ὡσπερεὶ
1538 3697 1787 3771 λύ6ην,ἦ

209 3791 489 3863 μόλουρον,
529 3790 561 3861 ἢ
608 3790 797 3856 ἔλοπα,
828 3790 860 3862 ἢ
888 3791 945 3845 ἓν
983 3807 1036 3843 τι
1076 3789 1183 3843 τῶν
1220 3789 1466 3861 ἑρπετῶν
1497 3788 1604 3841 τῶν
1629 3789 1789 3858 (906e-

209 3885 482 3955 ρωτάτων,
509 3884 569 3936 οὑ
611 3883 717 3955 μὴν
775 3883 830 3936 δὲ
871 3883 1182 3954 δυναμένων
1219 3881 1309 3934 διὰ
1340 3880 1631 3951 δηγμάτων
1661 3881 1788 3950 βλά-

206 3991 380 4040 πτειν,
421 3975 862 4044 ἀποσεισάμενοι,
903 3975 997 4027 καὶ
1026 3971 1252 4043 δυνάμει
1285 3971 1384 4043 τῆς
1425 3973 1588 4040 ἁγίας
1619 3972 1787 4042 Τριά-

204 4062 292 4125 δος
347 4062 888 4132 καταπεπατηκότες,
927 4063 1019 4116 ἐπὶ
1070 4061 1167 4125 τὰς
1212 4061 1338 4131 ἑξῆς
1378 4061 1780 4132 προόαίνοντες,

205 4155 364 4208 αὑτὸν
407 4153 857 4226 ὲπικαλεσώμεθα
904 4154 1122 4226 ἀρωγὸν
1155 4155 1254 4225 τῆς
1283 4153 1559 4226 ἡμετέρας
1593 4154 1785 4217 πενίας

203 4264 262 4301 τε
283 4248 376 4302 καὶ
401 4246 758 4320 βραχύτητος,
796 4248 874 4310 είς
903 4246 964 4299 τὸ
1000 4245 1166 4313 ἀξίως
1202 4245 1271 4300 τὰ
1304 4246 1430 4317 παρ’
1463 4245 1670 4318 ἑκάστῃ
1699 4244 1785 4298 λε-

203 4339 408 4410 γόμενά
436 4357 496 4392 τε
526 4340 620 4392 καὶ
653 4338 928 4410 γινόμενα,
971 4337 1063 4390 καὶ
1091 4337 1192 4390 τὶν
1231 4336 1436 4392 τούτων
1465 4337 1781 4409 ἀντίρρησιν

203 4429 530 4498 ποιήσασθαι
559 4429 837 4501 βοηθῆναι.

632 4686 818 4739 ΚΑΤΑ
864 4683 1349 4752 aPll‘ENlANaN,

204 4817 328 4872 Τῶν
352 4817 616 4888 πρώτων,
655 4817 774 4871 τῶν
817 4819 916 4890 καὶ
963 4820 1251 4890 αἰσχρῶν,
1306 4824 1774 4890 τεσσαρακοστὴ

503 4891 692 4957 τρίτη,
723 4890 762 4957 ἠ
793 4889 891 4943 καὶ
926 4889 1230 4960 ἑξηκοστή
1273 4893 1461 4960 τρίτη.

268 5022 345 5074 A'.
389 5021 672 5091 Ὦριγένιοι
700 5022 989 5077 καλοῦνταί
1017 5041 1180 5088 τινες,
1207 5027 1267 5079 οὺ
1292 5029 1457 5081 παντὶ
1488 5029 1503 5059 ¹
1535 5028 1593 5082 δὲ
1620 5029 1773 5084 τοῦτο

197 5109 259 5164 τὸ
289 5111 441 5180 γένος
495 5112 748 5184 ὑπάρχει.
792 5113 1044 5184 Καθεξῆς
1091 5115 1170 5181 δὲ,
1217 5113 1392 5188 οἶμαι,
1422 5119 1631 5172 τούτων
1667 5121 1775 5176 τῶν

197 5203 458 5270 αἱρέσεων
485 5203 579 5255 καὶ
609 5202 746 5272 αὕτη
777 5203 812 5272 ἡ
840 5202 1162 5275 δηλουμένη.
1196 5207 1505 5263 Καλοῧνται
1531 5211 1587 5264 δὲ
1627 5211 1774 5280 Ὠρι-
1819 5261 1827 5270 ,

196 5292 364 5360 γένιοι
386 5309 398 5321 ·
448 5293 508 5345 οὐ
531 5295 672 5347 πάνυ
719 5294 775 5347 δὲ
803 5294 990 5364 σαφῶς
1032 5297 1190 5368 ἴσμεν
1213 5299 1356 5363 τίνος
1380 5301 1562 5379 ἕνεκα,
1599 5303 1632 5373 ἢ
1661 5304 1771 5357 ἀπὸ

210 5382 514 5453 Ὦριγένους
562 5384 655 5437 τοῦ
711 5385 1088 5456 Ἀδαμαντίου,
1133 5389 1466 5461 καλουμένου
1512 5393 1608 5447 τοῦ
1640 5397 1775 5449 Συν-

1900 1855 2095 1910 Filium
2142 1871 2270 1913 vero
2315 1872 2437 1912 esse
2484 1859 2724 1927 quidem,
2760 1875 2870 1914 non
2926 1871 3106 1915 tamen
3139 1876 3348 1928 verum,
3385 1863 3491 1916 alia

1911 1945 2058 1999 hunc
2090 1948 2300 2001 ratione
2327 1947 2624 2012 convincit,
2654 1947 2784 2000 dum
2818 1947 2892 2000 ita
2921 1947 3161 2018 loquitur
3190 1968 3202 2002 :
3235 1953 3348 2020 Ego
3375 1966 3493 2003 sum

1897 2035 1994 2088 lux
2041 2052 2200 2099 cera,
2255 2053 2374 2106 quae
2393 2036 2664 2090 illuminat
2727 2054 2930 2091 onmem
2987 2039 3246 2093 hominem
3295 2042 3496 2095 venien-

1915 2135 2020 2179 tem
2050 2127 2104 2178 in
2131 2125 2266 2179 hunc
2293 2127 2543 2180 mundum
2567 2129 2622 2181 ’..
2655 2127 2730 2182 De
2759 2128 2916 2182 Patre
2947 2146 3073 2184 vero
3103 2133 3176 2184 ita
3210 2133 3488 2202 loquitur:

1907 2215 2049 2269 Deus
2074 2217 2165 2268 lux
2185 2226 2262 2269 est
2286 2217 2347 2269 ‘9.
2374 2215 2484 2270 Nec
2508 2218 2664 2282 dixit,
2697 2217 2812 2272 Lux
2831 2234 2980 2283 vera,
3004 2230 3062 2274 ut
3089 2237 3151 2274 ex
3175 2237 3241 2276 eo
3263 2225 3406 2292 quod
3436 2231 3492 2277 et

1900 2305 2067 2362 Deum
2094 2321 2304 2370 verum,
2335 2315 2390 2362 et
2411 2322 2590 2361 veram
2625 2307 2798 2362 lucem
2831 2312 3142 2380 appellavit,
3167 2322 3276 2366 tam
3307 2313 3489 2372 Patris

1897 2398 2234 2452 divinitatem
2279 2397 2438 2457 Filio.
2470 2398 2632 2469 520
2670 2415 2832 2469 quam
2873 2400 2998 2455 Filii
3043 2402 3188 2458 Patri
3225 2407 3489 2477 aequalem

1897 2489 2345 2558 iutelligeremus.
2393 2489 2569 2559 Atque
2611 2505 2678 2544 ex
2711 2506 2777 2545 eo
2811 2492 2954 2562 quod
2999 2500 3054 2547 et
3094 2493 3256 2550 Pater
3295 2499 3408 2560 lux,
3437 2507 3492 2554 et

1897 2577 2042 2634 Deus
2068 2581 2376 2650 appellatur
2404 2579 2598 2648 Filius,
2637 2598 2814 2652 neque
2849 2584 2937 2638 hic
2963 2587 3077 2640 veri
3109 2603 3306 2644 nomen
3334 2591 3489 2661 adje-

1895 2677 2043 2724 ctum
2075 2672 2168 2734 sit,
2208 2672 2355 2742 quod
2386 2674 2604 2744 quidem
2656 2691 2881 2732 necesse
2925 2692 3032 2732 non
3085 2688 3222 2746 erat,
3251 2698 3316 2737 eo
3345 2687 3488 2754 quod

1895 2763 2043 2816 nulla
2081 2762 2220 2818 foret
2252 2765 2319 2819 de
2348 2779 2413 2820 ea
2462 2781 2522 2820 re
2564 2765 2854 2822 dubitatio.
2899 2767 2996 2824 llis
3046 2772 3190 2825 enim
3239 2775 3486 2840 vocibus,

1895 2854 1994 2908 Dei
2023 2869 2086 2909 ac
2122 2856 2278 2920 lucis,
2312 2856 2575 2926 perfecta,
2609 2857 2908 2927 eademque
2936 2863 3289 2928 germanitas,
3326 2871 3382 2918 ut
3415 2866 3488 2918 ita

1894 2945 2096 3006 dicam.
2128 2945 2308 3003 Patris
2347 2962 2470 3001 cum
2518 2945 2678 3012 Filio,
2711 2955 2766 3001 et
2815 2947 2936 3002 Filii
2975 2965 3100 3004 cum
3152 2950 3312 3008 Patre
3360 2969 3487 3024 per-

1895 3037 2083 3107 spicue
2108 3038 2437 3093 declaratur.
2473 3036 2673 3109 Sicque
2703 3041 2882 3117 omnis
2915 3047 3020 3096 tuae
3056 3040 3310 3098 falsitatis
3340 3044 3488 3100 insa-

1895 3131 1985 3182 nia
2038 3127 2323 3182 reicllitur.
2363 3127 2527 3184 Pater
2559 3130 2828 3200 siquidem
2874 3129 3034 3186 Pater
3065 3142 3170 3199 est,
3213 3143 3268 3190 et
3314 3135 3486 3192 Filius

1895 3219 2088 3283 Filius,
2117 3229 2172 3274 et
2211 3221 2452 3293 Spiritus
2489 3232 2713 3278 sanctus
2764 3223 3002 3292 Spiritus
3039 3235 3284 3292 sanctus,
3309 3245 3484 3298 eaque

1893 3312 2012 3382 ipsa
2044 3311 2305 3376 Trinitas,
2341 3314 2521 3369 deitas
2550 3330 2678 3378 una,
2709 3331 2816 3370 una
2843 3317 3034 3388 gloria,
3065 3333 3282 3388 unaque
3309 3319 3486 3374 domi-

1892 3403 2062 3458 natio.
2093 3402 2192 3457 Cui
2224 3404 2419 3475 gloria,
2454 3406 2650 3470 honor,
2681 3406 2971 3477 imperium
3003 3425 3016 3460 :
3053 3407 3196 3463 Patri
3226 3409 3284 3465 in
3323 3409 3482 3476 Filio,

1892 3491 2032 3547 Filio
2059 3493 2113 3546 in
2138 3493 2301 3548 Patre
2329 3510 2454 3549 cum
2502 3504 2698 3551 sancto
2742 3498 2949 3569 Spiritu
2983 3499 3037 3554 in
3073 3501 3270 3557 saecula
3307 3518 3479 3558 saecu-

1893 3583 2091 3638 lorum.
2124 3582 2316 3639 Amen.
3457 3571 3462 3574 ’

1963 3689 2070 3746 Sed
2121 3701 2413 3763 postquam
2464 3694 2713 3750 hatresim
2757 3697 2916 3752 istam
2968 3699 3109 3754 velut
3148 3701 3342 3771 lyben,
3388 3711 3482 3758 aut

1889 3781 2184 3847 molurum,
2211 3784 2324 3838 sive
2363 3784 2596 3854 elopem,
2638 3796 2731 3840 aut
2777 3788 2922 3842 aliud
2947 3790 3217 3858 quoddam
3248 3795 3481 3849 atrocis-

1889 3872 2086 3926 simum
2123 3876 2393 3944 serpentis
2427 3892 2620 3946 genus,
2647 3877 2793 3947 quod
2834 3887 3011 3934 tamen
3042 3881 3176 3935 nihil
3210 3899 3309 3938 nos
3333 3899 3478 3938 mor-

1888 3964 2042 4020 sibus
2086 3965 2202 4019 suis
2251 3962 2445 4022 ltedere
2469 3968 2664 4038 potuit,
2718 3968 3098 4035 discussimus,
3154 3989 3218 4028 ac
3273 3983 3479 4032 sancte

1887 4053 2172 4111 Trinitatis
2202 4073 2302 4127 ope
2350 4072 2415 4112 ac
2457 4060 2662 4115 virtute
2717 4063 3093 4130 protrivimus,
3132 4066 3199 4120 ad
3235 4069 3478 4138 reliquas

1887 4148 2130 4202 oratione
2161 4159 2430 4218 promota,
2466 4152 2718 4206 eumdem
2752 4154 2905 4224 prius
2951 4155 3144 4227 inapiue
3178 4169 3378 4215 nostra:
3409 4177 3475 4217 ac

1888 4240 2172 4295 tenuitatis
2197 4240 2500 4310 adjutorem
2546 4241 2716 4297 Deum
2746 4245 3061 4303 invocemus
3089 4264 3102 4313 ;
3148 4249 3307 4320 cujus
3337 4267 3478 4322 prte-

1886 4332 2028 4387 sidio
2071 4329 2212 4399 freti,
2241 4348 2362 4403 qua:
2393 4335 2462 4388 ab
2488 4351 2814 4406 unaquaque
2843 4338 3035 4394 haeresi
3071 4340 3348 4411 dicuntur,
3380 4353 3475 4397 aut

1817 4423 2054 4522 Dfiunt,
2112 4425 2275 4479 simul
2324 4441 2448 4480 cum
2494 4442 2682 4482 eorum
2735 4429 3110 4488 confutatione
3168 4448 3476 4507 proponere
3530 4487 3536 4496 .

1891 4517 2184 4587 possimus.

2225 4691 2598 4748 ADVERSUS
2638 4692 3126 4763 ORIGENIANOS,

1880 4828 2092 4884 Priores
2150 4829 2237 4898 qui
2291 4837 2340 4883 et
2390 4828 3086 4904 [ted_i_nominan_l_utj,_quw
3123 4844 3205 4888 est
3251 4836 3466 4893 ἡαπ-εδει

2435 4898 2579 4952 LIII
2613 4903 2718 4955 sive
2749 4901 2972 4958 LXIII.

1945 5029 1986 5085 Ι.
2029 5030 2285 5086 Nonnulli
2316 5042 2466 5099 sunt,
2503 5051 2643 5105 quos
2673 5033 2960 5108 Origeuios
2993 5039 3308 5110 appellant:
3343 5058 3464 5114 qua

1875 5123 2156 5178 hominum
2189 5134 2337 5181 secta
2369 5142 2480 5180 non
2528 5143 2922 5200 usquequaque
2954 5133 3297 5200 dill‘unditur,
3334 5151 3461 5206 pro-

1873 5215 2021 5269 ximo
2048 5225 2226 5272 tamen
2255 5217 2376 5272 loco
2411 5230 2533 5289 post
2568 5223 2880 5290 superiores
2906 5224 3027 5281 illas
3077 5226 3192 5282 haec
3238 5228 3464 5285 haeresis

1873 5309 2134 5363 occurrit.
2169 5309 2277 5364 Sed
2322 5326 2557 5381 quanam
2609 5313 2675 5367 de
2706 5331 2871 5371 causa
2911 5317 3152 5388 Origenii
3176 5327 3461 5385 vocentur,

1871 5400 2114 5455 nondum
2138 5402 2299 5471 plane
2323 5407 2561 5477 comperi
2590 5420 2602 5457 :
2631 5415 2940 5464 utrumnam
2971 5412 3038 5466 ab
3057 5413 3290 5482 Origene
3317 5412 3461 5467 Ada-

206 5577 387 5675 ..‘-E‘;
431 5581 659 5675 εἰγτηεςο
727 5582 1218 5675 199993.151?)
1276 5587 1451 5675 29.1:-
1511 5590 1532 5620 ³
1587 5591 1791 5675 πει-,ξι

2047 5596 2274 5675 χᾼρρο.
2299 5613 2338 5660 ι,
2375 5598 2458 5675 8.“
2505 5601 2526 5632 '
2570 5600 2722 5656 Deut.
2757 5619 2830 5666 vr,
2865 5603 2918 5658 4.
3001 5605 3019 5635 ⁸
3048 5603 3222 5660 Exod.
3257 5609 3456 5675 ιιι,1ιι.

253 5648 409 5706 Joan.
439 5666 549 5718 xiv,
590 5648 680 5708 28.
754 5648 954 5710 ηοω.
993 5672 1124 5723 xvu,
1168 5648 1220 5710 3.
1299 5661 1318 5692 ’
1349 5657 1508 5716 Joan.
1541 5677 1659 5725 vui,
1695 5661 1791 5730 12;

1913 5667 1966 5720 9.
2046 5666 2089 5696 ¹ο
2109 5648 2338 5722 nos;
2356 5648 2400 5734 ιζ
2414 5648 2480 5724 ’5.
