3794 6130
317 225 457 281 1065

1731 227 1791 285 S.
1831 225 2176 288 EPIPHANII

3440 220 3587 278 ωσι

317 341 544 405 mantio,
569 340 663 411 qui
720 349 1083 411 cognomento
1118 342 1430 415 Syntactes,
1472 345 1577 402 hoc
1621 355 1708 403 est
1758 348 1905 403 lucu-

2081 364 2207 403 κτον
2237 345 2372 418 (22),
2393 345 2429 417 ἢ
2452 344 2614 401 ἄλλου
2641 343 2785 410 τινὸς
2798 341 2959 411 εἶναι,
2979 342 3178 414 ἀγνοῶ.
3205 341 3396 413 Ὅμως
3424 338 3594 396 τοῦτο

317 432 522 494 brator,
557 438 643 486 est
678 431 879 499 dictus,
927 448 994 487 an
1042 435 1112 488 ab
1145 435 1330 505 aliquo
1381 436 1592 504 altero;
1625 438 1792 509 quod,
1844 447 1904 495 ut

315 523 449 587 dixi,
485 523 699 593 penitus
730 522 943 594 ignoro,
974 533 1073 581 nec
1104 528 1252 582 aliud
1278 539 1474 597 praeter
1494 528 1676 599 ipsum
1705 544 1897 586 nomen

313 614 523 682 accepi.

385 703 592 759 Horum
616 720 748 761 vero
778 705 1005 762 haeresis
1040 708 1105 762 ad
1129 706 1428 779 Epiphanis
1468 709 1663 781 dogma
1687 710 1905 765 confor-

313 801 461 849 mata
487 796 724 859 videtur,
749 796 817 851 de
851 813 962 867 quo
989 798 1043 850 in
1085 796 1471 853 Gnosticorum
1503 808 1650 854 secta
1695 814 1905 855 sermo-

312 899 438 941 nem
482 894 644 941 antea
684 885 934 941 fecimus.
968 886 1134 942 [idem
1182 889 1429 944 diversos
1478 905 1542 944 ex
1581 889 1768 945 Vetere
1794 889 1903 945 No-

312 991 491 1046 voque
520 975 868 1033 Testamento
914 978 1082 1032 libros
1147 979 1450 1034 asciscunt.
1520 978 1753 1049 Nuptias
1794 995 1902 1036 ere-

315 1070 563 1139 pudiant,
600 1085 774 1141 neque
814 1077 994 1125 tamen
1032 1071 1286 1126 obscenis
1328 1072 1644 1127 libidinibus
1682 1072 1902 1127 modum

317 1159 487 1213 ullum
520 1159 799 1223 adhibent,
829 1159 1075 1230 adeoque
1108 1161 1256 1215 omni
1296 1177 1495 1231 genere
1541 1163 1820 1232 spurcitia:
1848 1171 1905 1218 et
1944 1178 1947 1181 '

317 1267 517 1321 corpus
548 1267 729 1319 suum,
758 1261 809 1306 et
849 1262 1085 1306 mentem
1118 1252 1469 1321 animamque
1505 1253 1901 1309 contaminant.

317 1341 546 1408 Quidam
575 1345 719 1399 enim
761 1357 825 1398 ex
858 1344 924 1397 iis
958 1344 1319 1399 monasticam
1358 1344 1523 1399 vitam
1559 1345 1741 1414 specie
1784 1345 1903 1415 ipsa

318 1433 658 1504 proﬂtentur,
706 1433 863 1504 521
916 1434 1216 1504 itidemque
1270 1435 1531 1490 mulieres
1591 1434 1734 1490 idem
1778 1435 1903 1491 vitae

317 1524 622 1579 institutum
676 1523 991 1595 praeferunt.
1044 1522 1149 1590 Qui
1203 1539 1394 1580 omnes
1445 1525 1721 1595 corruptis
1774 1533 1904 1581 sunt

315 1616 678 1685 corporibus:
713 1615 847 1669 adeo
886 1622 946 1669 ut
991 1630 1115 1669 cum
1148 1615 1429 1672 libidinem
1460 1617 1565 1689 ipsi
1607 1633 1764 1675 suam
1806 1635 1903 1675 ex-

2003 440 2063 495 τὸ
2085 439 2257 511 ὄνομα
2284 435 2714 509 κατειλήφαμεν.

2081 709 2149 762 Ἦ
2201 709 2412 778 αἵρεσις
2455 707 2515 759 δὲ
2571 706 2703 777 παρ’
2735 705 2917 769 αὐτοῖς
2955 703 3351 776 νομιστεύεται,
3381 701 3597 777 χῶσπερ

2003 799 2411 869 ἀπεικαζομένη
2453 801 2521 869 τῇ
2552 797 2647 851 τοῦ
2689 797 3038 867 Ἐπιφάνους,
3062 797 3175 851 ἄνω
3199 813 3292 867 μοι
3317 793 3594 866 προδεδη-

2003 890 2253 961 λωμένουΔ
2297 891 2357 943 ἐν
2399 892 2520 953 ταῖς
2559 888 2700 943 κατὰ
2754 889 2884 951 τοὺς
2933 887 3271 950 Γνωστικοὺς
3310 884 3596 956 αἱρέσεσι.

2003 981 2224 1052 Γραφὰς
2269 981 2329 1034 δὲ
2378 974 2523 1034 οὗτοι
2569 978 2999 1049 ἀναγινώσκουσι
3041 978 3330 1048 διαφόρους
3376 974 3597 1043 Καινῆς

2004 1072 2099 1126 καὶ
2135 1072 2381 1135 Παλαιᾶς
2430 1070 2728 1143 Διαθήκης.
2768 1070 3040 1125 Ἀθετοῦσι
3067 1070 3124 1124 δὲ
3152 1071 3357 1139 γάμον,
3389 1066 3492 1120 καὶ
3534 1067 3598 1117 οὐ

2004 1162 2237 1217 παύεται
2269 1163 2364 1216 ἀπ’
2385 1162 2568 1216 αὐτῶν
2604 1163 2639 1234 ή
2675 1163 2921 1232 λαγνεία.
2968 1161 3266 1217 Μολύνουσι
3285 1159 3347 1212 δὲ
3375 1155 3598 1211 ἑαυτῶν

2001 1254 2063 1308 τὸ
2098 1252 2280 1324 σῶμα,
2307 1253 2403 1306 καὶ
2434 1251 2527 1306 τὸν
2561 1251 2709 1334 γοῦν,
2749 1253 2845 1306 καὶ
2871 1251 2971 1323 τὴν
3006 1251 3185 1321 ψυχὴν
3218 1250 3276 1301 ἐν
3300 1242 3597 1315 ἀσελγείᾳ.

2003 1347 2068 1399 0i
2109 1346 2207 1417 μὲν
2241 1345 2352 1417 γάρ
2398 1346 2504 1399 εἰσι
2553 1344 2903 1417 προσχήματι
2925 1340 3283 1414 μοναζόντων,
3319 1339 3466 1392 αἰδὲ
3499 1340 3599 1391 σὺν

2003 1438 2185 1501 αὐτοῖς
2232 1434 2388 1490 οὖσαι
2423 1437 2771 1509 προσχήματι
2806 1433 3172 1507 μοναζουσῶν.
3219 1431 3599 1502 Ἐφθαρμένοι

2001 1528 2058 1581 δέ
2084 1530 2190 1581 εἱσι
2215 1531 2328 1593 τοῖς
2355 1528 2591 1600 σώμασι,
2623 1528 2721 1599 τὴν
2759 1528 2859 1599 μὲν
2888 1525 3180 1596 ἐπιθυμίαν
3205 1522 3390 1577 αὐτῶν
3436 1523 3600 1573 ἐκτε-

2001 1616 2249 1685 λοῦντες,
2287 1617 2365 1688 τῷ
2401 1618 2458 1671 δὲ
2512 1617 2657 1689 ἐργῳ
2717 1614 3064 1687 κεχρημένοι,
3114 1614 3202 1676 ἵνα
3258 1611 3599 1683 σεμνότερον

315 1710 518 1779 pleant,
567 1707 801 1773 facinus,
850 1714 910 1761 ut
955 1707 1240 1763 honestius
1282 1709 1483 1775 dicam,
1533 1711 1666 1766 illud
1709 1727 1902 1783 perpe-

2081 1729 2160 1777 ιω,
2183 1708 2278 1763 τοῦ
2327 1708 2457 1763 Υίοῦ
2511 1707 2607 1761 τοῦ
2652 1708 2820 1762 Ἰούδα
2864 1706 2957 1760 τοῦ
2998 1706 3173 1759 Δύνᾶν
3223 1701 3596 1774 καλουμένου.

315 1808 480 1866 trent,
515 1801 661 1871 quod
703 1798 857 1855 Judaa
897 1799 1040 1855 filius
1085 1799 1242 1854 Onan
1290 1803 1578 1860 admisisse
1626 1804 1827 1875 legitur
1861 1807 1904 1863 ⁸.

322 1890 460 1945 Nam
500 1900 559 1946 ut
588 1892 691 1946 iste
721 1906 844 1944 cum
893 1890 1163 1947 Thamare
1198 1892 1399 1957 coibat,
1435 1910 1499 1949 ac
1538 1896 1748 1951 libidini
1794 1912 1907 1953 suae

318 1982 712 2042 satisfaciehat,
761 1997 936 2052 neque
989 1982 1289 2053 quidquam
1323 1994 1502 2041 tamen
1537 1988 1604 2042 ad
1634 2003 1905 2059 propaga-

320 2076 519 2130 tionem
562 2074 787 2139 sobolis,
838 2074 1148 2145 cujusmodi
1188 2076 1510 2134 hominibus
1553 2094 1585 2134 e
1623 2078 1734 2136 Deo
1769 2095 1905 2135 con-

317 2182 473 2224 cessa
500 2176 606 2229 est,
635 2167 934 2231 eﬂiciebat;
988 2168 1098 2221 imo
1120 2182 1251 2223 vero
1290 2169 1394 2223 sibi
1440 2184 1506 2224 eo
1549 2169 1670 2239 ipso
1704 2170 1904 2238 modo,

316 2274 425 2330 quo
447 2258 709 2329 ﬂagitium
743 2258 874 2311 illud
901 2248 1171 2327 patrahat,
1200 2259 1579 2315 consciscebat
1609 2261 1865 2331 injuriam
1889 2279 1903 2316 :

316 2350 400 2405 sic
427 2349 738 2419 Origeniani
775 2348 829 2402 in
856 2349 1179 2404 detestanda
1221 2351 1312 2404 illa
1358 2366 1457 2407 sua
1495 2352 1719 2409 libidine
1756 2367 1908 2408 com-

315 2440 602 2504 mittenda,
651 2441 912 2495 usitatam
965 2456 1219 2496 venerem
1266 2443 1519 2513 persequi
1565 2445 1761 2499 solent.
1786 2443 1906 2499 Non

314 2535 459 2591 enim
518 2528 595 2589 illi
635 2536 963 2600 castitatem,
1009 2535 1103 2590 sed
1151 2536 1424 2591 castitatis
1468 2538 1898 2600 simulationem,

316 2624 407 2679 cui
456 2623 595 2679 falso
639 2639 838 2678 nomen
893 2622 1026 2677 illud
1085 2624 1376 2687 tribuitur,
1424 2640 1536 2694 pra:
1580 2640 1640 2680 se
1696 2624 1901 2680 ferunt.

315 2712 449 2781 Quae
476 2714 529 2770 id
570 2714 803 2777 affectat,
854 2721 934 2776 ut,
985 2729 1106 2783 quae
1151 2722 1508 2784 constuprata
1555 2717 1629 2770 sit
1684 2715 1902 2783 mulier,

315 2819 604 2875 praegnans
641 2820 752 2858 non
805 2802 916 2867 ﬁat,
972 2812 1066 2856 aut
1117 2818 1188 2859 ne
1236 2803 1381 2859 fetus
1440 2804 1646 2875 aliquid
1701 2805 1902 2875 pariat,

316 2909 451 2951 neve
489 2896 542 2950 id
582 2895 830 2950 homines
887 2894 1227 2959 resciscant;
1277 2896 1418 2964 apud
1470 2912 1610 2967 quos
1658 2912 1760 2953 suo
1810 2896 1905 2951 illo

315 2986 674 3051 castimoniae,
724 2995 784 3040 ut
831 2994 1057 3057 putant,
1104 2987 1357 3042 instituto
1408 2988 1465 3043 in
1511 2989 1686 3059 pretio
1739 2998 1904 3058 atque

2015 1803 2103 1866 Ὠς
2119 1803 2227 1873 γὰρ
2251 1803 2456 1865 ἐκεῖνος
2475 1800 2552 1871 τῷ
2582 1799 2793 1872 σώματι
2823 1801 2923 1871 μὲν
2947 1801 3013 1870 τῇ
3038 1798 3232 1867 Θάμαρ
3263 1798 3597 1866 συνήπτετο,

2005 1895 2097 1948 καὶ
2123 1895 2221 1966 τὴν
2249 1894 2545 1965 ἐπιθυμίαν
2583 1891 2836 1959 ἐξετέλει,
2873 1892 2954 1954 είς
2990 1887 3295 1959 καταϐολὴν
3353 1887 3417 1940 δὲ
3469 1903 3601 1940 παι-

2003 1986 2243 2050 δοποιίας
2295 1985 2436 2040 κατὰ
2488 1985 2587 2056 τὴν
2636 1984 2742 2037 ὑπὸ
2774 1982 2909 2036 Θεοῦ
2939 1981 3179 2035 δοθεῖσαν
3237 1978 3600 2031 παιδοποιίαν

2005 2076 2105 2130 οὐκ
2155 2075 2573 2146 ἐτελεσιούργει,
2620 2073 2755 2127 ἀλλὰ
2788 2072 2978 2125 ἐαυτὸν
3010 2072 3206 2142 ἠδίκει,
3231 2062 3277 2136 ᾧ
3310 2069 3511 2139 τρόπῳ
3539 2068 3603 2121 τὺ

2008 2167 2242 2238 πονηρὸν
2270 2164 2557 2236 είργάζετο
2579 2181 2593 2196 ο
2645 2163 2788 2218 οὕτω
2828 2165 2923 2218 καὶ¹
2952 2155 3097 2216 οὗτοι
3133 2160 3443 2232 κέχρηνται
3499 2160 3602 2230 μὲν

2004 2262 2125 2323 ταῖς
2172 2257 2575 2329 νομιζομέναις,
2630 2255 2907 2317 τελοῦντες
2958 2252 3161 2325 ταύτην
3184 2251 3283 2323 τὴν
3326 2251 3605 2321 ἀθέμιτον

2006 2349 2290 2421 ἐργασίαν.
2352 2348 2780 2420 Πεφιλοτίμηται
2840 2345 2948 2419 γὰρ
3000 2346 3129 2416 παρ’
3183 2344 3374 2406 αὐτοῖς
3421 2345 3529 2413 οὐχ
3569 2344 3605 2411 ἢ

2007 2439 2221 2508 ἁγνεία,
2250 2439 2365 2493 ἀλλ’
2399 2438 2725 2510 ύποκριτικὴ
2784 2438 2882 2508 μὲν
2910 2437 3099 2505 ἁγνεία
3131 2435 3209 2507 τῷ
3234 2434 3471 2505 ὀνόματι
3498 2450 3606 2487 κα-

2005 2534 2098 2587 λου
2106 2533 2263 2605 μένη,
2283 2533 2631 2605 φιλοτίμησις
2648 2532 2705 2586 δὲ
2732 2531 2836 2595 ἓως
2862 2530 2956 2584 τοῦ
2986 2531 3060 2601 μὴ
3089 2529 3469 2600 ἐγκυμονῆσαι
3496 2530 3605 2599 τὴν

2006 2626 2112 2679 ὑπὸ
2142 2625 2236 2679 τοῦ
2276 2623 2562 2688 δοκοῦντος
2605 2626 2625 2655 ²
2676 2622 2943 2694 ἐφθάρθαι
2985 2623 3218 2690 γυναῖκα
3241 2638 3255 2651 ·
3306 2618 3340 2689 ἦ
3384 2619 3477 2671 ἴνα
3522 2619 3602 2689 μὴ

2006 2717 2329 2790 φωραθῶσιν
2353 2717 2457 2770 ὑπὸ
2493 2714 2812 2788 ἀνθρώπων,
2837 2713 3148 2785 βουλόμενοι
3193 2714 3252 2765 ἐν
3282 2714 3425 2782 τιμῇ
3456 2706 3604 2764 εἶναι

2004 2810 2093 2864 διὰ
2119 2810 2215 2880 τὴν
2241 2808 2604 2880 νομιζομένην
2647 2806 2776 2880 παρ’
2825 2807 3012 2869 αὐτοῖς
3037 2806 3133 2877 τῆς
3163 2804 3389 2873 ἁγνείας
3417 2803 3604 2873 ἄσκη-

2007 2915 2090 2952 σιν
2109 2916 2121 2930 ·
2151 2896 2300 2968 ὅμως
2322 2897 2480 2950 τοῦτο
2504 2897 2684 2951 αὐτῶν
2716 2898 2832 2949 ἐστι
2864 2894 2925 2948 τὸ
2959 2893 3136 2965 ἔργον,
3168 2892 3345 2964 ἕτεροι
3367 2891 3430 2946 δὲ
3462 2891 3604 2946 αὐτὸ

2005 2990 2161 3043 τοῦτο
2187 2988 2592 3058 φιλοτιμοῦνται
2633 2988 2696 3040 τὸ
2744 2986 2985 3058 μυσαρὸν
3014 2984 3303 3049 ἐπιτελεῖν,
3347 2983 3478 3054 οὐχὶ
3506 2983 3601 3036 δια

203 3133 212 3140 ,
314 3078 727 3134 existimatione
748 3052 872 3132 esse
911 3077 1163 3147 cupiunt.
1192 3078 1369 3147 Atque
1402 3052 1901 3138 hoc—nihilominus

2081 3052 2295 3143 ναικῶν,
2321 3052 2457 3133 ἀλλὰ
2485 3080 2581 3132 καὶ
2622 3052 2800 3142 ἄλλοις
2832 3052 3074 3149 τρόποις,
3112 3075 3273 3136 ἰδίαις
3301 3052 3464 3144 χερσῖ
3496 3089 3600 3143 με·

315 3184 454 3239 opus
485 3168 703 3222 illorum
732 3174 817 3222 est
854 3181 918 3220 ae
957 3166 1191 3222 facinus.
1226 3166 1332 3222 Sed
1371 3169 1461 3223 alii
1502 3177 1715 3239 turpem
1750 3172 1898 3226 illam

2081 3170 2304 3240 νόμενοι.
2328 3169 2436 3223 Καὶ
2460 3168 2719 3232 ὡσαύτως
2752 3166 3042 3239 μιμοῦνται
3070 3167 3159 3220 τὸν
3189 3165 3600 3237 προειρημένον

317 3257 754 3326 ﬂagitiosamque
782 3271 896 3310 rem
927 3256 1034 3309 alia
1071 3257 1303 3323 ratione,
1336 3273 1497 3326 quam
1541 3275 1666 3312 cum
1706 3262 1901 3316 mulie-

2081 3278 2120 3314 iV
2141 3259 2235 3314 τοῦ
2274 3260 2460 3324 Ἰούδα,
2488 3259 2585 3331 τὴν
2611 3260 2714 3331 γῆν
2751 3261 2868 3322 ταῖς
2897 3258 3176 3329 ἀθεμίτοις
3203 3256 3388 3310 αὐτῶν
3420 3259 3595 3329 ἐργα-

314 3349 490 3414 ribus,
515 3354 802 3411 exercent;
839 3362 903 3400 ac
931 3347 1047 3401 suis
1081 3347 1185 3417 ipsi
1213 3350 1466 3403 manibus
1497 3350 1564 3402 ad
1597 3350 1898 3408 foeditatem

2081 3369 2148 3416 ιις
2167 3352 2261 3406 καὶ
2284 3355 2552 3423 μυσαραῖς
2576 3351 2831 3420 σταγόσιν
2856 3349 3291 3422 ἐπιμολύνοντες,
3314 3350 3413 3403 καὶ
3433 3350 3599 3404 ποσὶν

316 3439 638 3492 abutuntur.
679 3438 793 3492 Nec
840 3438 1024 3492 minus
1082 3438 1170 3491 isti
1217 3437 1390 3501 Iudae,
1434 3455 1595 3511 quem
1637 3442 1896 3507 diximus,

2081 3446 2211 3498 »τῶν
2238 3445 2422 3518 ῥύσεις
2468 3443 2728 3516 [ἑαυτῶν]
2753 3444 3131 3514 ἀνατρίϐοντες
3154 3445 3213 3495 ἐν
3243 3444 3310 3512 τῇ
3353 3445 3428 3513 γῇ
3456 3458 3474 3475 ο
3502 3443 3595 3496 ἴνα

317 3526 600 3583 imitantur
644 3528 853 3593 filium;
901 3527 1030 3581 dum
1076 3528 1304 3583 nefariis
1343 3530 1458 3585 suis
1493 3531 1814 3598 sceleribus,
1845 3541 1901 3589 et

2081 3595 2082 3602 η
2115 3536 2410 3608 ἁρπαγῶσι
2447 3536 2518 3589 τὰ
2560 3536 2769 3590 ἑαυτῶν
2800 3535 3093 3607 σπέρματα
3121 3534 3227 3587 ὑπὸ
3256 3533 3594 3605 ἀκαθάρτων

313 3619 665 3675 abominandi
717 3619 965 3674 humoris
1007 3618 1376 3675 destillatione
1415 3630 1615 3676 terram
1651 3638 1898 3680 comma-

2081 3628 2354 3699 ευμάτων,
2380 3629 2459 3691 εἰς
2479 3626 2744 3697 ὑποδοχὴν
2770 3627 3215 3699 ἐγκυμονήσεως.

311 3707 533 3777 culant;
568 3710 678 3764 imo
731 3724 863 3764 vero
910 3708 1234 3778 proﬂuvium
1290 3711 1418 3765 illud
1468 3728 1629 3767 suum
1673 3706 1745 3767 in'
1774 3716 1896 3770 solo
1920 3717 2153 3786 pedibus
2189 3724 2485 3784 exterunt;
2524 3733 2593 3773 ne
2628 3717 2946 3787 subreptum
3012 3718 3082 3772 ab
3118 3716 3381 3786 ,impuris
3422 3715 3594 3787 spiri-

313 3802 459 3858 tibus
489 3801 556 3856 ad
582 3802 747 3855 ullam
784 3799 925 3856 fetus
956 3803 1387 3871 procreationem
1417 3805 1591 3873 possit
1623 3806 1822 3875 excipi.
2118 3828 2121 3831 δ
2697 3864 2703 3871 ,

274 3876 283 3882 ’
384 3892 450 3949 ll.
483 3894 748 3949 Czeterum
784 3894 965 3948 varios
994 3933 1008 3957 ,
1041 3892 1121 3946 uti
1175 3892 1311 3957 dixi,
1344 3900 1454 3948 tam
1484 3894 1695 3952 Veteris
1730 3913 1895 3967 quam

2081 3893 2134 3946 3'.
2156 3892 2467 3965 Κέχρηνται
2490 3891 2567 3957 δέ,
2590 3890 2666 3954 ὡς
2688 3888 2847 3960 ἔφην,
2873 3890 3152 3962 διαφόροις
3173 3894 3442 3964 γραφαῖς,
3466 3895 3585 3948 Πα.

312 3981 449 4040 Novi
475 3981 813 4040 Testamenti
845 3983 1017 4038 libros
1060 3982 1362 4050 adhibent;
1400 4000 1500 4039 nec
1537 4002 1648 4040 non
1678 3995 1733 4042 et
1765 4003 1898 4059 apo-

2081 3986 2145 4047 ἇς
2166 3984 2261 4038 καὶ
2282 3984 2490 4055 Καινῆς
2516 3982 2813 4053 Διαθήκης,
2837 3981 2931 4035 καὶ
2951 3983 3292 4054 ἀποκρύφοις
3313 3986 3449 4048 τισὶ,
3474 3989 3583 4056 μά-

313 4078 551 4148 cryphos
580 4076 871 4147 quosdam,
901 4076 1052 4131 velut
1079 4074 1328 4138 Andreae,
1360 4085 1415 4132 et
1441 4078 1672 4132 aliorum
1699 4080 1893 4136 Actus.

2081 4092 2141 4127 τα
2161 4076 2281 4138 ταῖς
2301 4073 2623 4144 λεγομέναις
2646 4075 2915 4146 Πράξεσιν
2950 4073 3198 4145 Ἀνδρέου
3224 4074 3318 4127 καὶ
3346 4073 3462 4127 τῶν
3483 4076 3582 4130 ἄλ-

314 4168 480 4223 lidem
513 4175 567 4222 et
607 4167 674 4222 de
723 4168 929 4222 incesta
981 4167 1074 4222 illa
1131 4184 1232 4223 sua
1269 4183 1470 4222 venere
1515 4169 1691 4237 palam
1726 4170 1892 4224 ctiam

2081 4185 2111 4220 ν,
2149 4165 2289 4236 Ἤδη
2311 4165 2367 4219 δὲ
2397 4166 2641 4219 κάκεῖνοι
2675 4168 2832 4220 αὐτοὶ
2871 4166 3247 4236 ἐκαυχήσαντο
3285 4165 3577 4230 πολλάκις.

314 4260 536 4331 gloriari
591 4275 701 4314 non
757 4259 1050 4325 dubitant;
1088 4268 1143 4313 ei
1190 4273 1310 4313 eam
1365 4258 1624 4313 audacter
1662 4274 1725 4313 ac
1775 4259 1895 4315 sine

2086 4258 2661 4330 τιεπαρρησιασμένως
2684 4257 2843 4311 τοῦτο
2868 4256 3159 4311 ἐπιτελεῖν.
3186 4256 3578 4329 Κατηγοροῦσι

316 4324 428 4401 ullo
482 4346 692 4416 pudore
730 4353 1068 4415 perpetrant.
1128 4346 1349 4399 Interim
1406 4362 1535 4401 vero
1594 4347 1896 4403 catholicos

2081 4350 2216 4422 ῑῆθεν
2359 4349 2418 4401 ἐν
2438 4324 2505 4419 τῇ
2522 4348 2822 4421 Ἐκκλησία
2837 4347 2935 4412 τὰς
2950 4348 3260 4418 ἀγαπητὰς
3272 4324 3580 4420 λεγομένας

317 4437 440 4490 illos
470 4437 701 4490 clericos
735 4442 1034 4499 accusant,
1073 4436 1166 4503 qui
1215 4436 1470 4503 dilectas,
1500 4452 1639 4506 quas
1677 4446 1893 4501 vocant,

314 4539 367 4583 et
396 4526 793 4582 contubernales
831 4525 1061 4583 feminas
1106 4528 1422 4583 asciscunt:
1464 4544 1602 4599 quos
1640 4539 1898 4585 asserunt

313 4620 624 4675 clanculum
658 4618 805 4675 istud
838 4620 1018 4688 ipsum
1055 4627 1275 4690 propter
1312 4621 1593 4677 hominum
1633 4624 1895 4692 pudorem

312 4712 688 4773 committere,
746 4718 804 4764 ut
853 4718 906 4765 et
945 4726 1069 4764 cum
1110 4712 1353 4781 nequitia
1394 4713 1483 4767 illa
1517 4715 1893 4782 sepeliantur;

311 4810 366 4859 et
398 4804 578 4873 specie
609 4813 792 4863 tenus,
846 4802 918 4856 ob
948 4802 1181 4857 aliorum
1209 4804 1596 4858 verecundiam
1625 4844 1641 4867 ,
1673 4807 1893 4860 castita-

311 4896 384 4951 tis
417 4897 637 4951 nomine
673 4896 996 4967 glorientur.
1032 4898 1110 4949 Ac
1163 4898 1416 4951 nonnulli
1471 4913 1539 4952 ex
1591 4899 1658 4955 iis
1709 4909 1891 4954 certos

312 4986 595 5051 homines,
631 4989 723 5056 qui
754 4988 865 5058 jam
906 4988 1015 5042 vita
1051 4988 1220 5042 functi
1254 4997 1424 5051 sunt,
1461 4987 1530 5041 ad
1563 5003 1649 5044 me
1690 4990 1893 5045 detule-

306 5089 477 5145 runt;
514 5094 544 5132 a
593 5080 795 5149 quibus
824 5080 1182 5134 commissum
1231 5078 1336 5132 hoc
1382 5077 1571 5147 ﬂagitii
1608 5094 1782 5149 genus
1809 5080 1894 5134 af-

310 5167 624 5233 firmarent,
663 5170 825 5240 idque
854 5184 915 5225 se
944 5171 1014 5225 ab
1057 5169 1225 5238 ipsis,
1258 5183 1396 5238 quas
1424 5169 1502 5222 illi
1549 5184 1896 5240 compresso-

308 5267 460 5325 rant,
510 5261 851 5316 mulierculis
883 5261 1181 5330 accepisse.
1220 5260 1364 5316 Inter
1413 5276 1553 5331 quos
1597 5264 1888 5333 quemdam

383 5418 399 5449 ¹
415 5414 549 5473 Gen.
572 5432 799 5480 xxxviii,
820 5415 873 5471 9.
950 5420 969 5448 '
996 5415 1054 5470 F.
1078 5416 1136 5470 οὐ
1154 5418 1432 5473 δοκοῦσαν.

1996 4440 2435 4508 συνεισάκτους
2465 4445 2728 4510 γυναῖκας
2760 4444 3133 4515 κεκτημένων,
3163 4444 3237 4506 ὡς
3267 4443 3365 4495 καὶ
3394 4443 3579 4497 αὐτῶν

1994 4533 2153 4587 τοῦτο
2186 4533 2577 4589 ἐπιτελούντων
2624 4535 2810 4606 κρυφῆ
2854 4535 2940 4589 διὰ
2986 4535 3083 4607 τὴν
3122 4534 3231 4589 τῶν
3270 4535 3580 4606 ἀνθρώπων

1998 4626 2130 4679 αἰδῶ
2148 4643 2162 4657 ·
2196 4627 2284 4680 ἵνα
2319 4628 2418 4697 μὲν
2442 4630 2506 4698 τῇ
2542 4627 2772 4699 πονηρίᾳ
2797 4627 3229 4692 συνθάπτωνται,
3263 4627 3419 4699 τῷδέ
3449 4645 3582 4699 προ·

2000 4720 2241 4790 σχήματι
2263 4719 2371 4772 τῶν
2399 4721 2495 4774 ἀνθ
2504 4721 2702 4792 ρώπων
2722 4721 2885 4775 ἕνεκα
2902 4721 2963 4774 τὸ
2986 4721 3156 4791 ὄνομα
3183 4738 3241 4773 σε
3250 4721 3576 4792 μνύνωνται.

1998 4809 2359 4880 Διελέχθησαν
2399 4812 2458 4865 δὲ
2499 4815 2630 4883 ἡμῖν
2664 4814 2758 4866 καί
2790 4803 2933 4876 τινες
2965 4812 3090 4883 περί
3119 4830 3281 4865 τινων
3326 4813 3582 4879 τελευτη-

2000 4905 2230 4968 σάντων,
2262 4907 2355 4959 καὶ
2378 4906 2538 4977 δῆθεν
2570 4906 2646 4969 ὡς
2682 4907 2845 4958 τινῶν
2878 4906 3035 4960 τοῦτο
3063 4904 3479 4973 ἐπιτελούντων,
3504 4904 3578 4966 ὡς

1998 4996 2105 5049 ὑπὸ
2124 4998 2233 5050 τῶν
2256 4998 2629 5068 βεϐιασμένων
2651 4999 2742 5051 ὑπ’
2757 4998 2936 5051 αὐτῶν
2959 4997 3235 5066 γυναικῶν
3252 4998 3575 5075 ρκηκοότες⁴

1999 5088 2056 5140 ἐν
2109 5082 2191 5151 οἷς
2241 5090 2338 5142 καὶ
2374 5090 2543 5160 ὄνομα
2575 5090 2872 5143 ἐπισκόπου
2917 5092 2995 5153 είς
3040 5090 3205 5160 μέσον
3238 5090 3451 5161 ἔφερον.
3491 5088 3577 5142 Ἑν

1946 5226 1960 5241 ,
2002 5177 2155 5230 πόλει
2192 5181 2365 5250 μικρᾷ
2418 5182 2520 5250 τῆς
2573 5180 2941 5249 Παλαιστίνης
2991 5178 3084 5231 τὸν
3130 5178 3230 5232 τοῦ
3281 5180 3575 5232 ἐπισκόπου

1998 5269 2196 5341 κλῆρον
2225 5270 2317 5323 ἐπὶ
2355 5272 2557 5334 ἱκανοῖς
2589 5271 2734 5324 ἔτεσι
2766 5270 3162 5342 διοικήσαντος,
3203 5270 3497 5342 ἐσχηκότος
3520 5267 3577 5323 δέ

380 5572 490 5639 (2%)
536 5572 922 5654 Καλουιεένρυ
965 5572 1085 5654 τοῦ
1135 5574 1501 5654 ξυνιςὰπιτου.
1549 5575 1773 5635 Hieron.
1832 5577 1889 5635 δη

2106 5582 2260 5654 Apol.
2312 5581 2341 5635 1
2373 5598 2390 5636 ;
2434 5581 2542 5637 Pro
2570 5579 2864 5635 eruditione
2919 5593 3021 5647 qua
3077 5576 3272 5643 polles,
3312 5583 3364 5630 et
3410 5568 3562 5640 incly-

313 5647 393 5691 tus
426 5643 729 5707 σ’θντὰκτης
762 5643 815 5694 in
848 5642 1129 5696 Occidente
1161 5644 1422 5699 laudaris.
