3794 6196
178 361 305 418 1065

840 352 1207 413 ADVERSUS
1245 345 1586 406 “IERESES
1619 344 1745 400 LIB.
1788 343 1851 399 Il.
1896 340 2058 399 TOM.
2099 341 2140 395 Ῑ.
2165 371 2230 381 --
2271 335 2547 394 IIIERES.
2589 331 2776 390 LXIII.

3274 327 3411 388 iOCB

176 479 421 544 τοιαύτας
445 480 708 547 γυναῖκας
746 474 1261 551 ἐξυπηρετουμένας
1294 470 1465 542 αὐτῷ»
1502 467 1644 540 φημὶ
1677 465 1736 520 δὲ

1893 458 2155 535 ιὶεοοριιή]
2196 459 2592 547 nominabant,
2625 455 2722 528 qui
2774 454 2829 509 in
2880 450 3076 523 exiguo
3110 449 3417 523 i’alzestinte

177 568 574 634 συνεισάκτους.
616 569 775 625 ’Λλλά
807 570 903 624 καὶ
933 567 994 633 ἐξ
1023 563 1372 637 ὁμολογητῶν
1391 561 1482 615 τὸν
1506 556 1744 613 τοιοῦτον

177 661 297 714 ὗντα
346 660 585 731 οῖδαμεν.
621 662 810 732 Ὅμως
850 663 962 724 τοῖς
1009 656 1254 729 είρηκόσι
1304 652 1463 708 τοῦτο
1509 651 1602 704 καὶ
1639 648 1747 704 ἀπὸ

178 757 278 806 τῶν
311 750 585 819 γυναικῶν
618 750 912 822 ἀκηκοέναι
952 747 1251 818 φάσκουσιν
1278 744 1339 797 οὑ
1382 738 1749 795 πεπιστεύκα-

179 861 295 913 μεν.
332 843 396 895 Ἠ
428 840 537 913 γὰρ
564 841 778 911 ἀνάγκη
807 841 906 911 τῆς
928 839 1038 893 τῶν
1065 836 1363 908 εἰρηκότων
1386 829 1750 903 κακοτροπίας

178 932 476 987 ὑπέόαλλεν
509 934 643 1004 ἡμῖν
671 924 800 985 ποτέ
832 931 930 1002 μὲν
970 928 1265 991 πιστεύειν,
1294 924 1424 978 ποτὲ
1457 923 1515 976 δὲ
1557 921 1632 993 μὴ
1662 938 1752 973 πι-

180 1023 412 1087 στεύειν,
456 1021 560 1077 ἐπϊ
589 1022 686 1094 τὴν
731 1022 824 1076 τοῦ
871 1019 1270 1094 προειρημένου
1333 1017 1585 1089 γέροντος
1629 1015 1750 1066 ἐπι-

182 1116 381 1169 σκόπου
438 1115 573 1185 μετὰ
622 1115 721 1186 τὴν
763 1112 926 1168 αὑτοῦ
975 1111 1228 1181 τελευτὴν
1273 1105 1643 1177 κακοφημίαν.
1686 1103 1754 1156 Ἦ

183 1204 289 1277 γὰρ
318 1206 465 1259 αἰτία
493 1208 526 1277 ἡ
559 1207 638 1269 είς
666 1204 826 1258 αὑτὸν
856 1202 1109 1275 φθάσασα
1152 1199 1376 1271 τοιαύτη
1404 1214 1487 1261 τις
1512 1197 1749 1266 γέγονεν’

194 1298 364 1350 Ἑάλω
400 1314 481 1361 τις
508 1296 747 1360 τοιοῦτος
778 1295 872 1349 ἐπὶ
920 1294 1161 1365 ἁμαρτίᾳ
1205 1290 1481 1358 γυναικός.
1530 1287 1641 1342 Καὶ
1680 1285 1755 1349 ὡς

188 1388 441 1459 ἠλέγχετο
490 1387 578 1456 ὑφ’
619 1386 799 1458 ἡμῶν,
843 1385 1137 1454 ἀπολογίαν
1183 1381 1386 1453 ταύτην
1429 1378 1643 1451 ἔφερεν,
1681 1374 1756 1440 ὠς

187 1480 283 1550 τῆς
315 1479 723 1551 συμπρθαρείσης
754 1476 901 1549 αὑτῷ
931 1475 1207 1547 γυναικὸς,
1253 1474 1493 1541 καίτοιγε
1524 1472 1625 1543 ἤδη
1662 1482 1759 1522 πε-

189 1571 572 1642 παλαιωμένης
597 1561 705 1624 ’τὸν
745 1569 969 1641 χρόνον,
1029 1569 1123 1622 καὶ
1175 1567 1233 1619 ἐν
1284 1565 1468 1637 ἡλικίᾳ
1512 1561 1760 1635 γηραλέα

189 1662 558 1734 ὑπαρχούσης,
603 1660 861 1731 εἰπούσης
900 1660 1049 1731 αὑτῷ
1095 1658 1193 1730 τὴν
1235 1658 1336 1728 τῆς
1382 1653 1761 1727 κακοπραγίας

192 1755 488 1824 ἐργασίαν·
522 1752 597 1817 ὡς
638 1751 870 1824 χρῆσθαι
918 1752 1014 1822 μὲν
1062 1750 1223 1805 αὑτὸν
1275 1749 1578 1813 ἐδίδασκεν,
1627 1745 1761 1811 ἔξω·

1846 552 2047 626 oppido
2084 552 2274 608 multis
2322 541 2483 605 annis
2535 547 2793 603 Ecclesia:
2845 543 3091 615 praefuit,
3151 541 3312 615 522
3365 551 3421 597 et

1847 644 2267 702 contubernales
2300 639 2612 698 istiusmodi
2666 638 2895 695 feminas
2947 637 3013 692 ad
3058 636 3420 693 domesticum

1848 736 2213 792 ministerium
2246 734 2473 789 habuit'
2514 746 2675 802 quem
2710 745 2810 786 nos
2836 730 2997 785 etiam
3035 743 3102 785 ex
3148 726 3425 785 confesso-

1849 842 1971 882 rum
2001 841 2230 881 numero
2258 823 2432 881 fuisse
2464 824 2693 879 scimus.
2715 820 2820 878 Sed
2851 810 2950 885 iis,
2971 819 3067 891 qui
3095 819 3162 876 de
3189 835 3255 876 eo
3274 818 3423 875 istud

1852 910 2205 981 aﬂirmarent,
2247 924 2303 972 et
2354 916 2422 971 de
2453 912 2793 969 mulierculis
2826 913 2961 983 ipsis
2993 911 3316 983 cognovisse
3343 910 3425 966 di-

1852 1016 2063 1074 cerent,
2097 1007 2255 1064 ﬁdem
2287 1007 2492 1062 nullam
2527 1005 2889 1061 adhibendam
2923 1002 3256 1075 putavimus.
3287 999 3425 1057 Nam
3478 1030 3489 1036 υ

1854 1112 2045 1154 eorum
2078 1097 2173 1168 qui
2227 1096 2279 1151 id
2312 1096 2595 1167 jactabant
2621 1135 2636 1162 ,
2670 1093 2991 1164 improbitas
3046 1092 3427 1148 necessitatem

1855 1188 2147 1260 quamdam
2202 1188 2425 1254 attulit,
2460 1195 2521 1244 ut
2573 1185 2866 1258 aliquando
2896 1185 3243 1247 crederemus
3274 1226 3289 1249 ,
3328 1181 3430 1238 ali-
3478 1180 3489 1194 ‘

1855 1278 2075 1351 quando
2107 1278 2329 1335 minime
2362 1277 2711 1334 crederemus
2739 1292 2860 1348 qua:
2891 1276 2958 1332 ad
2996 1290 3152 1331 senis
3186 1275 3327 1330 illius
3354 1274 3433 1328 in-

1860 1370 2079 1425 Iamiam
2108 1370 2375 1441 episcopi,
2407 1377 2534 1441 post
2568 1370 2689 1440 ejus
2719 1368 2952 1433 obitum,
2982 1367 3271 1423 referrent.
3304 1365 3434 1420 Por-

1858 1476 1922 1518 ro
1953 1461 2157 1516 crimen
2185 1461 2314 1516 illud
2341 1461 2498 1531 cujus
2527 1459 2968 1523 insimulabatur,
3006 1456 3277 1528 ejusmodi
3309 1456 3431 1510 fuit.

1859 1551 1997 1607 Cum
2025 1565 2091 1607 ex
2116 1566 2178 1606 ea
2206 1550 2441 1606 factione
2467 1565 2529 1605 ac
2559 1562 2720 1622 grege
2745 1549 2963 1620 quidam
2990 1547 3250 1619 [acinoris
3275 1546 3434 1602 istius

1862 1641 2146 1713 convictus
2188 1657 2216 1696 a
2251 1642 2416 1697 nobis
2463 1640 2914 1713 redargueretur,
2956 1640 3060 1694 hoc
3108 1637 3176 1692 ad
3206 1652 3438 1709 purgan-

1863 1734 1995 1787 dum
2030 1747 2155 1789 sese
2187 1733 2241 1788 in
2279 1731 2517 1787 medium
2546 1732 2754 1787 attulit:
2788 1732 2856 1786 ab
2887 1744 2948 1787 ea
2969 1770 2985 1796 ,
3020 1745 3182 1802 quam
3221 1739 3437 1785 constu-

317 1845 374 1900 δὲ
406 1846 502 1910 τὰς
546 1820 799 1917 μυσαράς
846 1820 1010 1898 αὑτοῦ
1062 1843 1197 1915 ρυἀς
1252 1841 1344 1895 ἐπὶ
1390 1838 1494 1911 γῆς
1545 1839 1761 1893 διασκε-

1893 1830 2115 1879 raverat
2145 1863 2159 1890 ,
2194 1822 2395 1879 femina
2420 1863 2435 1888 ,
2494 1838 2808 1895 quanquam
2845 1822 3002 1878 eﬂ'eta
3048 1823 3160 1893 jam
3192 1829 3247 1877 et
3300 1834 3439 1877 anus

193 1936 391 2007 δάζειν.

274 2224 342 2278 1".
378 2223 487 2277 Kal.
515 2218 653 2293 αὕτη
703 2222 800 2293 μὲν
822 2224 874 2293 ,ἡ
906 2216 1109 2275 τούτων
1157 2219 1377 2291 μυσαρά
1419 2216 1562 2270 ἐστιν
1602 2214 1768 2287 ἔργα-

199 2318 308 2377 σία,
337 2317 429 2370 τὸν
457 2316 580 2369 νοῦν
621 2314 799 2369 αὑτῶν
829 2312 1112 2377 ἀπατῶσα,
1153 2311 1247 2365 καὶ
1288 2311 1353 2363 ἐκ
1400 2306 1647 2362 διαϐόλου
1680 2322 1769 2359 τε-

199 2408 543 2479 τυφλωμένη.
568 2402 670 2461 Ὧν
689 2407 786 2470 τὰς
820 2404 1123 2486 μαρτυρίας
1148 2404 1215 2457 δι’
1243 2394 1318 2457 ὧν
1357 2400 1664 2465 πίπτουσιν,
1689 2398 1768 2462 είς

199 2501 364 2572 μέσον
393 2499 577 2570 φέρειν
605 2499 705 2551 οὑκ
726 2499 1021 2567 ἀναγκαῖον
1047 2497 1281 2568 ἥγημαι,
1309 2495 1397 2548 ἵνα
1436 2490 1510 2564 μὴ
1530 2489 1770 2562 δόξωμεν

198 2592 265 2646 δι’
316 2586 391 2647 ῶν
446 2590 741 2662 βουλόμεθα
791 2590 1162 2662 ἀκριϐολογεῖν
1199 2590 1279 2651 είς
1328 2585 1645 2656 ἀποτροπὴν
1671 2583 1772 2651 τῆς

198 2684 467 2756 ἀθεμίτου⁵
490 2683 774 2753 ἀσελγείας
810 2683 1044 2751 ἑκάστης
1086 2680 1368 2752 αἱρέσεως,
1400 2677 1602 2750 μᾶλλον
1640 2692 1774 2746 προ-ο

203 2775 492 2848 τρέπεσθαι
522 2775 628 2829 τῶν
660 2773 1001 2845 ἀστηρίκτων
1029 2773 1121 2829 καὶ
1166 2768 1544 2841 χαυνουμένων
1567 2767 1655 2822 ἀεὶ
1677 2764 1774 2837 τὴν

203 2866 458 2930 διάνοιαν,
487 2864 596 2919 τῶν
628 2863 688 2918 τὸ
715 2863 947 2934 πονηρὸν
972 2862 1183 2923 ἑαυτοῖς
1211 2858 1478 2931 θηρᾶσθαι
1507 2857 1647 2928 ὑπὲρ
1677 2856 1774 2929 τὴν

205 2957 512 3028 ἀγαθότητα
538 2954 964 3026 ἐπιθυμούντων.
1000 2954 1094 3017 El;
1130 2952 1345 3021 ἔλεγχον
1368 2951 1425 3004 δὲ
1451 2950 1651 3021 μᾶλλον
1675 2948 1776 3019 τῆς

205 3047 383 3117 δεινῆς
412 3048 613 3117 ταύτης
669 3048 760 3099 καὶ
794 3040 1131 3117 ἐρπετώδους
1172 3044 1434 3115 αἱρέσεως
1475 3042 1631 3110 ὀλίγα
1668 3038 1776 3095 ἀπὸ

208 3137 414 3191 πολλῶν
455 3133 858 3209 παραθήσομαι.

282 3420 450 3474 Πόθεν
490 3414 766 3491 εἰλήφατε,
799 3411 845 3472 ὦ
876 3410 1045 3482 οὗτοι,
1082 3412 1181 3489 τὴν
1206 3414 1306 3487 τῆς
1334 3413 1595 3487 ἀθεμίτου
1620 3415 1784 3487 ἐργα-

213 3514 333 3575 σίας
357 3511 634 3575 ἐπίνοιανς
664 3510 886 3583 Πρῶτον
925 3509 1023 3580 μὲν
1062 3509 1191 3581 γὰρ,
1225 3509 1307 3563 ὃτι
1350 3509 1412 3561 τὸ
1451 3508 1558 3561 πᾶν
1582 3508 1687 3569 τίνι
1722 3507 1783 3561 οὐ

211 3604 369 3674 δῆλόν
400 3604 566 3670 ἐστιν,
591 3603 672 3656 ὃτι
714 3602 982 3673 δαιμόνων
1024 3601 1226 3671 ἐστὶ.νὴ
1261 3599 1502 3671 ὑμετέρα
1538 3598 1789 3652 διδασκα-

213 3695 318 3758 λία,
367 3694 730 3766 ἠπατημένων
782 3694 839 3747 δὲ
898 3693 988 3746 τὸν
1039 3691 1163 3745 νοῦν
1210 3691 1306 3745 καὶ⁵
1352 3688 1709 3761 ἐφθαρμένων
1753 3688 1788 3758 ἡ

212 3783 603 3855 ἐπινενοημένη
648 3783 1064 3854 κακομηχανία;
1113 3782 1176 3835 Εἰ
1215 3781 1325 3851 γὰρ
1375 3779 1512 3843 ὅλως
1557 3777 1788 3848 πονηρὸν

215 3874 276 3930 τὸ
300 3877 564 3938 κυῖσκειν,
589 3876 689 3929 οὑκ
718 3876 825 3947 ἄρα
846 3875 932 3928 διὰ
963 3875 1022 3928 τὸ
1055 3875 1410 3943 τεκνογονεῖν,
1447 3869 1584 3926 ἀλλά
1614 3869 1703 3923 διά
1729 3868 1791 3922 τὸ

218 3966 579 4020 συνάπτεσθαι
610 3964 842 4037 σώματι.
885 3965 1009 4029 Πῶς
1045 3961 1136 4018 οὖν
1163 3962 1453 4036 ἡττημένοι
1484 3962 1643 4033 ἡδονῇ
1668 3977 1793 4014 συν-

217 4056 451 4111 ἅπτεσθε
485 4055 729 4126 σώματι;
774 4055 885 4108 Καὶ
916 4057 965 4108 εί
1011 4055 1070 4108 οὑ
1103 4053 1335 4125 πονηρὴν
1366 4052 1427 4106 τὸ
1455 4050 1792 4122 συναφθῆναι

219 4141 449 4213 σώματι,
484 4143 606 4196 οὑδέ
639 4142 871 4214 πονηρὸν
902 4143 964 4196 τὸ
1001 4142 1398 4213 τελεσιουργεῖν
1432 4141 1494 4194 τὸ
1530 4156 1787 4210 γεγεννη·

222 4232 399 4304 μένον.
440 4232 510 4287 Ἢ
547 4234 655 4306 γὰρ
686 4232 1095 4304 ἀποταξάμενον
1125 4234 1141 4264 ¹
1178 4232 1463 4303 ἄνθρωπον
1503 4233 1579 4305 μὴ
1622 4249 1796 4305 γεωρ-

219 4327 336 4395 γεῖν
381 4326 449 4381 τά
493 4327 585 4380 ἐπὶ
615 4324 715 4396 τῆς
745 4326 868 4396 γῆς,
898 4325 974 4387 ὡς
1009 4327 1038 4378 ὁ
1063 4324 1230 4379 ’Ἅϐελ
1264 4320 1333 4396 ἦν
1366 4324 1568 4395 ποιμὴν
1595 4324 1798 4393 προϐά-

219 4433 350 4481 των,
385 4417 523 4470 Κάῖν
561 4414 619 4469 δὲ
661 4414 1023 4487 ἐργαζόμενος
1059 4415 1157 4486 τὴν
1184 4415 1308 4486 γῆν.
1352 4416 1415 4469 Et
1466 4415 1522 4468 δὲ
1561 4417 1800 4489 γεωργεῖ

1862 1924 2021 1984 erat;
2054 1916 2374 1973 ftedissima:
2405 1916 2550 1971 illius
2578 1915 2820 1970 libidinis
2856 1914 3119 1968 rationem
3158 1913 3436 1979 didicisse,

1866 2007 1935 2065 ab
1977 2024 2150 2080 eaque
2182 2009 2262 2064 uti
2293 2008 2587 2064 concubitu
2618 2006 2699 2062 sic
2726 2006 3003 2066 edoctum,
3042 2012 3100 2059 ut
3135 2003 3440 2059 detestandi

1866 2101 2115 2157 humoris
2152 2100 2476 2172 proﬂuvium
2509 2100 2563 2153 in
2596 2106 2797 2153 terram
2826 2105 3126 2167 spargeret.

1938 2208 2026 2263 l'l.
2057 2209 2234 2280 Atque
2263 2209 2366 2264 hoc
2397 2208 2617 2279 quidem
2662 2205 3038 2276 turpissimum
3070 2212 3125 2262 et
3152 2219 3443 2262 exsecran-

1868 2297 2000 2354 dum
2054 2306 2139 2355 est
2174 2298 2393 2352 illorum
2423 2298 2640 2362 scelus,
2684 2294 2831 2367 quod
2859 2302 2915 2350 et
2952 2294 3195 2365 ipsorum
3241 2294 3445 2365 decipit

1870 2393 2112 2458 animos,
2154 2398 2208 2447 et
2242 2406 2273 2445 a
2311 2388 2578 2445 diabolica
2625 2389 2870 2443 caecitate
2906 2385 3291 2458 proﬁciscitur.
3318 2386 3446 2454 Qui-
3480 2434 3513 2449 ,μ

1842 2486 2104 2547 ὠιιεηιιιη
2162 2500 2286 2541 vero
2334 2482 2753 2539 auctoritatibus
2812 2481 3249 2553 testimoniisque
3321 2482 3445 2537 treti

1873 2580 1941 2634 ad
1976 2578 2067 2634 illa
2097 2577 2305 2648 delapsi
2335 2575 2481 2640 sint,
2522 2575 2578 2629 in
2627 2575 2862 2630 medium
2899 2573 3093 2629 afferre
3119 2589 3226 2629 non
3260 2576 3445 2645 putavi

1874 2669 2270 2732 necessarium,
2302 2682 2371 2723 ne
2404 2667 2531 2722 dum
2570 2666 2637 2721 ad
2675 2665 2941 2737 cujusque
2968 2665 3194 2722 haeresis
3223 2663 3451 2738 ﬂagitio-

1875 2776 1992 2818 sam
2029 2759 2310 2815 libidinem
2356 2757 2713 2814 aversandam
2754 2758 3066 2813 accuratius
3092 2758 3309 2828 singula
3337 2774 3453 2829 per-

1876 2852 2199 2923 sequimur,
2250 2848 2663 2904 imbecilliorum
2712 2864 2777 2904 ac
2820 2848 3034 2905 levitate
3079 2850 3313 2920 quadam
3348 2852 3454 2907 ela-

1874 2950 2053 2997 torum
2112 2939 2391 2995 hominum
2448 2934 2658 2992 animos
2721 2937 2789 2992 ad
2856 2953 2921 2994 ea
2993 2939 3164 3009 magis
3227 2939 3457 2995 incitare

1876 3031 2187 3088 videamur:
2215 3031 2307 3102 qui
2330 3029 2548 3101 quidem
2573 3028 2773 3083 malum
2804 3043 2914 3099 pra:
2947 3028 3091 3084 bono
3115 3028 3459 3085 sibi'cousei-

1803 3155 1848 3215 α
1881 3139 2034 3181 scere
2079 3138 2143 3178 ac
2184 3129 2407 3192 captare
2429 3127 2782 3176 consuerunt.
2820 3117 3019 3175 Verum
3046 3117 3115 3175 ad
3147 3120 3454 3176 uberiorem

1883 3213 2168 3271 horrendae
2220 3211 2365 3267 illius
2417 3225 2481 3265 ac
2519 3211 2844 3282 serpentium
2876 3210 3098 3267 haeresis
3125 3209 3457 3266 confutatio-

1885 3323 2008 3365 nem
2032 3348 2047 3374 ,
2083 3320 2258 3378 pauca
2305 3305 2373 3361 de
2410 3304 2600 3360 multis
2634 3312 2891 3359 atteram.

1953 3420 2113 3477 Unde
2139 3424 2324 3492 igitur,
2356 3435 2562 3492 quaeso,
2605 3427 2715 3475 tam
2751 3419 3019 3477 nefarium
3048 3420 3227 3477 scelus
3255 3420 3467 3491 excogi—

1888 3525 2005 3571 tare
2046 3513 2351 3571 didicistis?
2382 3513 2630 3571 Primum
2656 3513 2803 3569 enim
2829 3554 2845 3579 ,
2876 3519 2936 3569 ut
2976 3514 3227 3569 universe
3262 3511 3465 3576 dicam,

1887 3608 2013 3678 quis
2038 3622 2150 3662 non
2189 3608 2365 3672 videt,
2396 3622 2523 3662 eum
2558 3606 2865 3662 daemonum
2902 3606 3182 3677 propriam
3230 3614 3469 3662 vestram

1890 3699 2033 3754 hanc
2063 3713 2187 3755 esse
2224 3699 2559 3763 doctrinam,
2602 3704 2717 3752 tum
2780 3698 2915 3753 illud
2978 3706 3190 3753 tantum
3244 3691 3466 3769 tamque

1889 3795 2049 3842 atrox
2109 3803 2139 3841 a
2174 3787 2332 3842 vobis
2380 3789 2657 3841 inventum
2696 3784 2958 3857 ﬂagitium
3013 3788 3231 3843 nonnisi
3283 3802 3469 3842 errore

1891 3878 2206 3949 depravatis
2266 3876 2581 3933 hominibus
2635 3892 2700 3931 ac
2768 3878 3079 3949 corruptela
3134 3878 3470 3934 convenire?

1893 3966 2028 4022 Nam
2056 3968 2103 4024 si
2132 3967 2357 4022 omnino
2381 3969 2672 4038 concipere
2710 3968 2913 4022 malum
2943 3975 3047 4035 est,
3081 3968 3327 4039 profecto
3357 3985 3467 4024 non

1894 4059 1964 4115 ob
2003 4059 2177 4130 ipsam
2209 4058 2413 4115 sobolis
2436 4058 2869 4129 procreationem
2890 4099 2905 4123 ,
2948 4061 3042 4116 sed
3072 4061 3142 4115 ob
3176 4075 3468 4131 corporum

1895 4151 2296 4222 copulationem
2342 4152 2544 4206 malum
2585 4167 2706 4209 esse
2760 4150 3052 4207 videbitur.
3101 4150 3281 4218 Quare
3335 4153 3466 4223 quid

1896 4256 1996 4298 vos
2033 4242 2226 4296 attinet
2285 4240 2562 4311 voluptate
2599 4247 2886 4312 superatos
2937 4243 3295 4297 commiscere
3345 4257 3472 4297 cor—

1899 4330 2070 4403 pora?
2106 4331 2215 4386 Aut
2266 4330 2314 4385 si
2349 4344 2642 4400 corporum
2694 4330 2785 4384 illa
2827 4330 3144 4401 conjunctio
3179 4332 3321 4385 mala
3360 4348 3470 4388 nou

1897 4432 2002 4486 est,
2033 4421 2368 4494 neidipsum
2414 4421 2635 4492 quidem
2684 4420 2830 4492 quod
2881 4420 3121 4492 gignitur
3153 4420 3220 4476 ad
3269 4423 3474 4478 exitum

219 4524 303 4571 τις
329 4507 427 4579 τὴν
455 4507 577 4578 γῆν,
599 4505 674 4571 ὡς
701 4509 729 4561 ὁ
760 4507 907 4573 Νῶε,
937 4507 1020 4560 ὅτι
1050 4505 1311 4576 Ἐγένετο
1336 4505 1490 4574 ἀνὴρ
1518 4506 1762 4575 γεωργὸς

1902 4513 2220 4583 perducere,
2260 4513 2462 4569 malum
2489 4520 2594 4568 est.
2630 4512 2843 4569 Etenim
2881 4514 2968 4570 vel
3012 4514 3277 4571 abdicatis
3298 4516 3477 4569 omni-

223 4599 322 4655 καὶ
345 4601 680 4669 ἐφύτευσεν
697 4597 1036 4669 ἀμπελῶνα,
1061 4597 1161 4650 οὑκ
1181 4596 1474 4666 ἐφύτευσεν
1497 4594 1797 4666 ἀμπελῶνα

223 4693 346 4767 [oux
375 4690 715 4764 ἐφύτευσεν],
762 4692 846 4744 ἴνα
884 4690 1077 4762 βότρυν
1119 4689 1193 4761 μὴ
1238 4688 1473 4762 ἐνέγκῃ·
1524 4687 1636 4740 ἀλλ’
1663 4682 1797 4756 ἐφύ-

224 4803 402 4851 τευσε,
433 4786 527 4840 καὶ
561 4784 727 4838 ἔπιεν
769 4784 833 4838 ἐκ
881 4782 975 4837 τοῦ
1027 4780 1238 4854 καρποῦ
1278 4776 1463 4844 αὑτοῦ,
1517 4777 1617 4833 καὶ
1668 4778 1800 4848 ἐμε-

223 4880 437 4943 θύσθη,
496 4876 571 4940 ὡς
623 4872 948 4947 γέγραπται.
982 4870 1090 4929 Ἦν
1139 4873 1197 4927 δὲ
1234 4870 1564 4943 συγγνώμην
1597 4869 1673 4940 τῷ
1710 4870 1800 4938 γέ-

227 4989 371 5043 ροντι
418 4970 726 5040 ἀπονεῖμαι.
759 4968 1061 5038 Εὐάρεστος
1097 4964 1202 5036 γὰρ
1242 4963 1320 5035 τῷ
1357 4962 1475 5033 Θεῴ
1520 4962 1802 5034 ὑπάρχων,

223 5064 286 5117 οὑ
325 5061 411 5115 διὰ
442 5060 681 5114 ἀσωτίαν
708 5058 804 5128 τὴν
838 5056 1007 5129 μέθην
1040 5056 1267 5127 ὑπέστη,
1302 5051 1438 5108 ἀλλὰ
1468 5051 1614 5126 λύπῃ
1640 5052 1804 5126 φερό-

229 5170 386 5224 μενος
412 5152 549 5221 τάχα
573 5148 883 5220 ἐκεκάρωτο
902 5164 915 5177 ο
946 5147 1040 5201 καὶ
1071 5147 1146 5219 μὴ
1180 5145 1363 5217 φέρων
1391 5142 1451 5210 ἐξ
1480 5144 1805 5215 ἀμφοτέρων

226 5244 314 5297 διὰ
340 5243 400 5296 τὸ
441 5240 663 5304 ἀσθενὲς
712 5239 806 5292 καὶ
849 5237 1135 5307 γηραλέον,
1187 5237 1440 5307 ἀσθενείᾳ
1494 5235 1765 5288 ὑπέπεσεν
1790 5250 1803 5266 ·

226 5338 326 5408 οὐχ
353 5335 440 5387 ἵνα
467 5330 737 5403 χλευασθῇ
782 5329 887 5382 ὑπὸ
926 5328 1138 5382 τέκνου.
1174 5324 1237 5382 ’0
1277 5328 1357 5393 δέ,
1407 5327 1808 5396 καταγελάσας,

230 5425 404 5497 ἐαυτῷ
432 5424 617 5495 εἴληφε
642 5421 740 5493 τὴν
772 5422 1034 5492 κατάραν,
1062 5420 1148 5472 ἵνα
1174 5418 1510 5484 κολάζωνται
1538 5420 1587 5472 ot
1615 5419 1810 5489 ἐνσκή-

233 5536 455 5584 πτοντες
488 5519 602 5581 τοῖς
635 5514 903 5585 πατράσιν
942 5514 1121 5585 ὓϐριν,
1163 5512 1258 5567 καὶ
1299 5514 1349 5566 οί
1388 5513 1446 5566 ἐν
1472 5513 1601 5582 ὑμῖν
1632 5511 1808 5565 διαλο-

307 5738 320 5768 ¹
350 5735 505 5789 Deest
537 5735 633 5787 δεῖ.
713 5734 731 5763 ³
762 5733 896 5786 Gen.
931 5746 1005 5791 tv.
1039 5729 1093 5783 ἢ.
1175 5724 1195 5755 ³
1226 5723 1360 5780 Gen.
1395 5740 1469 5789 ιι,
1511 5726 1580 5779 2U
1611 5738 1731 5796 sqq.

508 5866 515 5873 '
545 5852 817 5912 PATROL.
854 5847 971 5909 Gn.
1003 5838 1166 5909 XLI.

1903 4605 2029 4671 bus,
2057 4605 2446 4676 agriculturam
2483 4604 2709 4659 omnino
2757 4619 2865 4659 non
2905 4605 3171 4676 attingere
3201 4605 3474 4661 hominem

1905 4705 2158 4769 oportet:
2193 4696 2650 4768 quemadmodum
2679 4695 2813 4751 Abel
2849 4697 3029 4750 ovium
3063 4696 3232 4750 fuisse
3269 4704 3479 4766 pastor,

1906 4790 2109 4844 Cainus
2167 4795 2368 4843 terram
2425 4786 2663 4842 coluisse
2706 4786 2911 4841 dicitur
2955 4786 2998 4839 ².
3047 4784 3145 4855 δὀἱ
3199 4787 3244 4841 si
3301 4788 3478 4842 solum

1909 4880 2068 4950 523
2110 4893 2365 4934 exercere
2416 4878 2614 4948 aliquis
2652 4877 2924 4941 instituit,
2989 4878 3067 4931 uti
3119 4877 3232 4933 Noe
3291 4878 3483 4935 fecisse

1905 4973 2129 5038 dicitur,
2159 4971 2250 5042 qui
2275 5014 2289 5037 ,
2322 4978 2382 5026 ut
2429 4971 2693 5041 scriptum
2723 4978 2838 5034 est,
2875 4970 2955 5023 vir
2987 4970 3090 5037 fuit
3131 4971 3386 5043 agricola,
3435 4983 3484 5026 et

1907 5062 2167 5133 plantavit
2199 5062 2401 5117 vineam
2426 5062 2485 5116 ³ε
2520 5077 2628 5117 non
2660 5061 2802 5124 ideo,
2832 5068 2988 5132 puto,
3021 5062 3234 5117 vincam
3265 5063 3483 5134 planta-

1909 5153 2019 5220 vit,
2056 5160 2115 5206 ut
2156 5167 2225 5207 ne
2261 5166 2509 5207 racemos
2542 5150 2846 5222 proferret;
2878 5151 2973 5208 sed
3020 5163 3075 5208 et
3107 5153 3401 5223 plantavit,
3435 5163 3489 5208 ct

1911 5241 1979 5298 de
2011 5242 2190 5297 fructu
2221 5243 2366 5299 illius
2395 5242 2521 5296 bibit
2548 5283 2562 5309 ,
2596 5251 2645 5298 et
2696 5243 2989 5299 inebriatus
3017 5254 3097 5299 est
3122 5283 3137 5308 ,
3179 5252 3240 5298 ut
3271 5260 3336 5299 eo
3367 5245 3488 5297 loco

1914 5331 2132 5402 legitur.
2163 5332 2221 5386 In
2273 5348 2382 5402 quo
2409 5348 2542 5388 sane
2582 5333 2739 5388 venia
2785 5333 2983 5402 dignus
3033 5348 3198 5389 senex
3249 5332 3338 5388 ille
3365 5330 3486 5386 fuit.

1916 5419 2021 5489 Qui
2059 5438 2184 5479 cum
2222 5422 2331 5479 Deo
2353 5431 2543 5494 gratus
2593 5432 2775 5489 esset,
2811 5439 2922 5479 non
2951 5440 3017 5479 ex
3072 5424 3491 5494 intemperantia

1919 5514 1973 5568 in
2005 5513 2151 5568 illam
2189 5513 2504 5569 ebrietatem
2546 5513 2768 5581 incidit;
2804 5513 2918 5583 sed,
2951 5520 3011 5568 ut
3048 5513 3263 5583 opinor,
3291 5526 3358 5567 ex
3389 5511 3491 5567 tri-

3073 5786 3146 5890 δι
