3794 6144
382 291 533 363 ,1067
1793 293 1851 348 s.
1886 292 1943 349 El

2128 293 2232 349 ,ΝΠ
3166 298 3179 307 “
3525 292 3662 347 1068

385 404 539 461 stitia
573 418 636 458 ac
670 418 903 460 maerore
922 402 1144 476 quidam
1178 405 1230 460 ei
1266 403 1449 460 somni
1480 409 1671 475 torpor
1701 404 1943 477 obrepsit

2128 407 2265 478 suo!
2305 407 2713 480 ἐπεγειρόμενοι
2757 408 2897 461 κατά
2945 407 3043 477 τῆς
3091 406 3184 460 τοῦ
3226 406 3360 465 Θεοῦ
3406 405 3667 475 Mum;

386 495 526 552 Cum
559 503 739 551 autem
771 495 1061 567 utriusque
1086 496 1194 551 vim
1213 496 1488 553 sustinere
1519 496 1591 551 oh
1621 496 1940 551 imbecillita

2128 495 2171 548 ιιὶ
2215 494 2396 559 καλῶς
2423 496 2764 567 τεταγμένης
2793 496 3106 563 διατάξεως.

389 582 496 641 tem
540 592 594 640 et
640 593 852 640 aetatem
892 601 1001 641 non
1046 594 1273 657 posset,
1326 586 1383 640 in
1426 599 1547 641 eam
1588 584 1957 641 inﬁrmitatem
1988 587 2287 659 prolapsus
2315 596 2433 641 est:
2492 603 2592 642 nec
2640 587 2761 643 ideo
2802 595 2986 642 tamen
3058 586 3255 659 dignus
3304 595 3459 651 erat,
3530 595 3595 641 ut
3626 590 3671 642 ei

294 720 319 742 χ
389 677 533 734 ﬂlius
568 677 836 735 illuderet.
872 679 1053 746 Quare
1078 682 1172 751 qui
1225 680 1380 735 illum
1417 680 1655 745 derisit,
1694 680 1749 734 in
1821 681 2176 751 semetipsum
2223 682 2677 751 imprecationem
2748 681 3041 738 convertit.
3075 680 3147 738 Ut
3189 683 3229 737 ii
3288 683 3478 753 pmnis
3556 680 3675 735 alii-
3734 688 3746 698 '

387 776 642 844 ciantur,
691 779 782 849 qui
826 779 1143 850 parentibus
1181 778 1297 834 suis
1346 777 1730 832 contumeliam
1788 776 2099 847 imponunt,
2136 777 2380 848 adeoque
2408 778 2771 849 cogitationes
2832 778 2969 839 illm,
3038 793 3162 850 qua:
3226 776 3504 833 adversus
3582 774 3675 833 Dei

389 874 754 944 c0gnitionem
787 884 842 930 et
880 880 1028 930 recte
1065 873 1424 929 constitutum
1464 872 1715 927 ordinem
1745 872 2065 944 insurgunt.

461 964 550 1021 IV.
582 966 872 1022 Enimvero
900 967 1027 1023 licet
1049 974 1234 1023 tantus
1265 965 1474 1038 nuptiis
1502 965 1703 1031 honor,
1727 975 1943 1038 quantu;

2143 972 2214 1025 A'.
2236 972 2296 1025 Ei
2314 969 2422 1040 γάρ
2442 971 2535 1023 καὶ
2555 969 2617 1024 οὐ
2641 967 2947 1035 δεδόξασται
2964 972 2993 1023 ὁ
3018 968 3194 1041 γάμος
3214 968 3292 1033 ὡς
3312 969 3347 1040 ι)
3372 967 3675 1038 παρθενία,

2075 1062 2214 1132 ὑπὲρ
2270 1061 2431 1115 αὐτὸν
2483 1061 2541 1114 δὲ
2590 1062 2825 1133 ὑπάρχει
2869 1064 2902 1134 ἠ
2955 1061 3239 1131 παρθενία,
3285 1060 3579 1130 παρθενία
3625 1060 3677 1113 δὲ

2074 1152 2411 1223 ἀληθεύουσα
2438 1152 2646 1218 ἔνδοξος
2680 1154 2775 1206 καὶ
2805 1153 3058 1225 ἐνάρετος
3086 1152 3371 1223 κέκληται,
3397 1152 3462 1204 οὐ
3505 1168 3679 1221 μεμο-

2073 1243 2336 1318 λυσμένη,
2365 1246 2461 1300 κατ.
2489 1246 2518 1299 ὀ
2547 1244 2745 1317 σεμνὸς
2767 1246 2823 1299 δὲ
2852 1246 3029 1317 γάμος
3077 1244 3426 1298 παιδοποιίαν
3460 1244 3574 1297 οὐκ
3605 1246 3679 1307 είς

2074 1334 2336 1407 αἰσχύνην
2365 1336 2433 1389 τὰ
2469 1338 2533 1390 ἐκ
2564 1336 2700 1391 Θεοῦ
2746 1336 2926 1401 καλῶς
2957 1337 3253 1408 ἐκτισμένα
3288 1335 3676 1407 ἀπαγορεύειο

2071 1424 2186 1479 ἀλλ’
2226 1422 2350 1478 οὔτε
2383 1425 2556 1489 άλλως
2587 1427 3026 1498 μεταχειρίζεται
3072 1427 3174 1498 τῆς
3215 1427 3310 1480 τοῦ
3340 1427 3542 1497 γάμου
3575 1444 3678 1481 κοιο

2072 1517 2266 1581 νωνίας
2293 1516 2392 1588 τὴν
2426 1518 2491 1571 ἐκ
2546 1517 2683 1572 Θεοῦ
2733 1518 3075 1590 τεταγμένην
3105 1519 3353 1589 ἀγωγήν.
3390 1518 3676 1590 Παρθενία

386 1611 544 1666 aliter
596 1609 972 1681 praescriptum
1014 1609 1275 1664 divinitus
1314 1608 1576 1678 nuptialis
1621 1608 1943 1679 conjunctio

2128 1611 2180 1682 ἱρ
2218 1612 2365 1666 ἐστιν
2391 1611 2627 1683 ἀληθῶς,
2657 1611 2733 1675 ὡς
2763 1612 2950 1684 ἐκείνη
2984 1613 3017 1684 ἡ
3042 1611 3148 1665 ὑπὸ
3170 1610 3263 1664 τοῦ
3298 1611 3464 1679 ἁγίου
3506 1611 3676 1664 Ἀπο-

385 1702 474 1759 nis
504 1702 724 1759 modum
765 1716 830 1756 ac
862 1703 1129 1757 rationem
1165 1707 1452 1771 usurpant.
1495 1698 1708 1772 Quippe
1741 1700 1940 1773 virgini

2128 1702 2260 1756 ;όλου
2288 1704 2688 1775 ἐπαινουμένη,
2732 1705 2815 1758 ὅτι
2848 1705 2919 1761 Ἡ
2955 1690 3251 1773 παρθένος
3293 1704 3397 1759 καί
3439 1704 3481 1772 ἠ
3525 1705 3674 1775 ἆτα-

385 1801 472 1848 tas
517 1806 706 1848 revera
755 1791 878 1861 ejus
929 1791 1106 1847 instar
1142 1800 1227 1846 est
1255 1831 1269 1855 ,
1315 1805 1478 1862 quam
1533 1792 1826 1863 Apostolus
1882 1792 1937 1847 hi

2128 1812 2181 1861 ac
2204 1793 2460 1865 μεριμνᾷ
2498 1797 2568 1849 τὰ
2596 1795 2704 1849 τοῦ
2736 1795 2978 1865 Κυρίου,
3030 1793 3156 1861 πῶς
3194 1795 3407 1864 ἁρέσει
3441 1793 3527 1862 τῷ
3554 1788 3673 1851 Ευ-

385 1881 568 1939 verhis
608 1881 906 1954 praedicat:
949 1881 1109 1953 Virgo
1149 1892 1198 1935 et
1254 1883 1474 1950 innupta
1523 1882 1758 1937 sollicita
1794 1892 1871 1936 est
1904 1883 1943 1937 ἀι

2128 1900 2191 1948 ῳ,
2247 1883 2347 1936 ἵνα
2478 1884 2617 1952 ἁγία
2658 1881 2740 1948 τῷ
2781 1883 3009 1953 σώματι
3048 1886 3145 1938 καὶ
3195 1883 3270 1954 τῇ
3312 1885 3517 1955 ψυχῇ.
3558 1888 3672 1940 Ἵνα

388 1976 452 2030 iis
486 1991 603 2046 qua
640 1985 763 2030 sunt
798 1975 1039 2042 Domini,
1066 1975 1325 2046 quomodo
1354 1976 1562 2044 ptaceat
1606 1976 1833 2033 Domino
1854 2019 1869 2040 ,
1910 1996 1940 2033 ιι

2130 1973 2237 2046 ίξῃ.
2266 1974 2348 2029 ὅτι
2388 1974 2646 2045 οὐδεμίαν
2682 1974 2863 2029 αἰτίαν
2891 1975 3351 2047 ἀμπλακημάτων
3393 1979 3505 2032 κᾶν
3535 1979 3672 2033 ὑπο-

392 1059 723 1130 virginitati,
756 1059 979 1115 minime
1007 1060 1078 1115 sit
1109 1057 1414 1125 habendus,
1439 1067 1493 1114 et
1522 1058 1640 1112 hiee
1675 1058 1782 1115 illis
1815 1066 1971 1114 ante-

387 1150 638 1221 ponenda
666 1152 772 1218 sit;
810 1167 933 1208 cum
982 1166 1047 1208 ea
1073 1158 1255 1208 tamen
1294 1166 1422 1207 vera
1451 1150 1740 1224 virginitas
1781 1151 1971 1221 appel-

388 1245 554 1311 latur,
583 1260 705 1316 quae
735 1260 858 1301 cum
883 1245 1167 1301 honestate
1190 1251 1275 1300 est
1317 1251 1371 1299 et
1391 1243 1597 1299 virtute
1649 1243 1967 1314 conjuncta,

339 1326 343 1331 ’
389 1343 508 1390 tum
541 1335 887 1393 honorabiles
910 1336 1113 1407 nuptiae
1146 1336 1162 1367 ⁸
1198 1350 1228 1390 a
1268 1336 1561 1392 liberorum
1591 1336 1968 1406 procreatione

387 1443 499 1483 non
549 1428 881 1494 abhorrent,
930 1443 1108 1499 neque
1136 1427 1204 1483 ad
1236 1427 1591 1497 ignominiam
1631 1442 1694 1482 ea
1740 1428 1969 1483 trahunt

386 1532 507 1590 quae
539 1532 568 1572 a
617 1516 726 1573 Deo
772 1518 1031 1589 praeclare
1069 1517 1289 1572 condita
1322 1523 1451 1571 sunt
1475 1555 1491 1579 ,
1538 1515 1648 1571 imo
1680 1531 1808 1569 vero
1858 1531 1965 1570 non

387 2068 453 2119 sit
477 2076 664 2121 sancta
689 2082 904 2131 corpore
931 2076 979 2122 et
1002 2068 1181 2122 anima
1201 2070 1243 2123 ².
1279 2066 1346 2124 Ut
1375 2070 1705 2138 ostenderet,
1736 2071 1965 2137 nullam,

385 2172 453 2213 ne
483 2157 764 2214 minimam
796 2160 1017 2232 quidem
1046 2201 1063 2228 ,
1100 2162 1468 2232 suspicionem
1505 2161 1815 2218 solitarium
1845 2163 1968 2218 vitae

385 2250 563 2318 genus
612 2252 921 2310 admittere.
968 2251 1173 2310 Verum
1234 2261 1288 2310 et
1334 2253 1706 2311 Abrahamum
1758 2256 1967 2313 scimus

385 2343 571 2398 liberis
626 2358 847 2414 operam
909 2344 1167 2410 dedisse,
1221 2353 1275 2402 et
1326 2346 1562 2400 amicum
1611 2346 1826 2403 interim
1872 2345 1966 2404 Dei

386 2433 553 2488 fuisse
576 2473 591 2499 ,
646 2434 870 2503 perinde
907 2442 1073 2506 atque
1125 2435 1372 2491 lsaacum
1400 2476 1415 2501 ,
1454 2442 1509 2491 et
1566 2435 1830 2497 Jacobum
1853 2480 1869 2505 ,
1904 2453 1968 2493 ac

384 2523 643 2595 deinceps
682 2533 927 2581 caeteros.
969 2524 1074 2592 Qui
1110 2540 1285 2597 neque
1318 2527 1643 2600 semetipsos
1670 2543 1966 2584 exsecran-

384 2613 471 2671 dis
504 2613 752 2687 ﬂagitiis,
784 2630 848 2672 ac
873 2615 1193 2673 foedissimis
1223 2617 1554 2688 usurpandis
1583 2620 1747 2673 rebus
1782 2619 1967 2689 inqui-

385 2720 586 2763 narunt
610 2747 625 2770 ,
675 2723 852 2779 neque
893 2716 1045 2764 recte
1077 2723 1109 2763 a
1144 2709 1255 2765 Deo
1304 2709 1618 2766 constituta:
1656 2710 1967 2785 liberorum

387 2814 480 2868 per
511 2798 728 2869 nuptias
757 2798 1130 2869 procreationi
1164 2797 1421 2870 refragati
1454 2808 1602 2855 sunt.
1631 2798 1817 2870 Neque
1849 2816 1970 2871 por-

382 2907 446 2947 ro
482 2891 575 2962 qui
633 2892 776 2946 inter
839 2890 987 2963 ipsos
1038 2891 1417 2948 castimoniam
1474 2907 1540 2946 ac
1602 2892 1967 2964 virginitatem

383 2983 754 3048 instituerant,
784 2983 1103 3040 certaminis
1148 2984 1296 3057 leges
1335 2982 1634 3050 violarunt,
1664 2990 1788 3048 aut,
1822 2983 1969 3039 velut

381 3076 707 3146 quibusdam
736 3076 1050 3148 praestigiis,
1094 3076 1237 3132 hanc
1265 3076 1482 3132 virtutis
1514 3076 1969 3133 exercitationem

2067 2064 2327 2137 νοηθῆναι
2352 2067 2386 2136 ἡ
2411 2064 2641 2136 μονότης
2670 2064 2962 2136 ἐνδέχεται.
3000 2066 3159 2119 Ἀλλά
3181 2068 3277 2120 καὶ
3305 2068 3671 2141 τδνᾎδνραάμ

2074 2154 2300 2227 οἴδαμεν
2344 2155 2796 2221 παιδοποιοῦντα,
2849 2157 3000 2227 φίλον
3050 2157 3108 2211 δὲ
3151 2158 3285 2212 ὄντα
3325 2158 3411 2230 τῷ
3454 2161 3668 2232 Κυρίῳ,

2081 2247 2266 2302 ἰσαάκ
2295 2248 2353 2303 δὲ
2385 2249 2480 2302 καὶ
2514 2248 2708 2304 Ἰακὼὸ
2731 2293 2744 2314 ,
2781 2252 2876 2304 καὶ
2921 2251 3046 2315 τοὺς
3091 2249 3327 2323 καθεξῆς
3354 2268 3371 2281 ’
3412 2253 3515 2307 καὶ
3546 2254 3668 2307 οὔτε

2069 2340 2297 2404 ἑαυτοὺς
2331 2340 2598 2412 ἐμόλυναν
2633 2341 2916 2413 ἀθεμίτοις
2960 2341 3212 2414 πράξεσι,
3242 2346 3666 2417 παραπτόμενοι

2072 2430 2354 2503 μυσαρῶν,
2399 2430 2524 2484 οὔτε
2564 2431 2856 2497 ἀντιθέτως
2894 2432 3051 2504 ἔσχον
3097 2434 3235 2506 πρὸς
3276 2435 3379 2508 τὴν
3419 2439 3487 2490 ἐκ
3534 2438 3665 2493 Θεοῦ

2070 2522 2251 2586 καλῶς
2282 2523 2621 2595 τεταγμένην
2667 2522 2759 2578 διά
2804 2525 3000 2596 σεμνοῦ
3055 2526 3235 2597 γάμου
3275 2529 3662 2586 παιδοποιίαν

2070 2613 2165 2668 καὶ
2207 2612 2331 2667 οὔτε
2386 2615 2438 2666 οἱ
2496 2613 2554 2668 ἐν
2606 2615 2789 2680 αὐτοῖς
2845 2616 3067 2686 ἁγνείαν
3108 2634 3170 2670 τε
3218 2619 3312 2672 καὶ
3360 2606 3664 2693 παρθενίαν

2069 2706 2411 2777 ἀσκήσαντες
2464 2706 2836 2778 παρέφθειραν
2892 2709 2984 2763 τὸν
3043 2710 3255 2782 ἀγῶνα,
3309 2712 3412 2765 καὶ¹
3467 2714 3665 2787 ἑτέρως

2074 2799 2521 2869 μετεποιήσαντο,
2564 2799 2638 2863 ὡς
2682 2799 2772 2854 διά
2810 2800 3069 2871 κυϐείας,
3119 2803 3209 2857 τὸν
3258 2805 3529 2876 ἐνάρετον
3574 2807 3664 2877 τῆς

2071 2888 2352 2961 ἀθλήσεως
2391 2893 2615 2961 τρόπον.
2664 2892 2775 2947 Καὶ
2817 2892 3003 2959 Ἠλίας
3041 2895 3140 2967 μὲν
3174 2897 3467 2962 παντελῶς
3487 2900 3550 2952 ἐν
3579 2900 3662 2953 πί-

2071 2983 2187 3049 λεσι
2210 2984 2394 3056 τάχιον
2427 2988 2529 3040 οὐκ
2566 2988 2760 3060 είσῄει,
2792 2989 2915 3043 οὐδὲ
2948 2992 3085 3062 μετά
3128 2993 3412 3060 γυναικῶν
3448 2997 3660 3067 συνομι-

2070 3074 2161 3139 λος
2188 3076 2396 3145 ἐγίνετο
2419 3093 2433 3107 '
2477 3079 2535 3130 ἐν
2578 3078 2635 3132 δὲ
2671 3080 2931 3150 ἐρημίαις
2973 3081 3233 3137 διατελῶν
3277 3085 3505 3157 ὑπῆρχε
3531 3103 3546 3116 ·
3577 3086 3659 3138 καὶ

382 3168 491 3224 alio
546 3168 708 3224 modo
757 3176 1188 3225 commutarunt.
1227 3169 1406 3241 Auue
1435 3168 1586 3225 Elias
1632 3184 1766 3225 sane
1799 3169 1943 3225 urbe:

2128 3140 2403 3231 ἰλισσαῐος,
2448 3167 2540 3223 καὶ
2586 3140 2859 3241 Ἰωάννης,
2891 3140 2985 3226 καὶ
3022 3173 3222 3238 πάντες
3248 3175 3298 3227 οξ
3322 3174 3344 3206 ⁸
3494 3177 3659 3248 μέγαν

383 3261 531 3330 ipsas
560 3260 955 3332 propemodum
1007 3277 1076 3317 ne
1129 3262 1545 3333 ingrediebatur
1569 3260 1827 3332 quidem,
1863 3275 1966 3316 nec

381 3352 525 3406 inter
562 3352 821 3408 mulieres
871 3351 1227 3417 versabatur;
1287 3353 1384 3409 sed
1436 3353 1491 3407 in
1542 3351 1778 3408 desertis
1829 3352 1965 3407 locis

382 3442 603 3498 assidue
643 3442 887 3509 vivebat,
916 3439 1377 3511 quemadmodum
1413 3440 1662 3508 Elismus,
1688 3450 1743 3496 et
1800 3438 1965 3496 Joan-

2069 3258 2279 3313 τουτονὶ
2301 3260 2631 3333 χαρακτῆρα
2643 3262 2744 3333 τῆς
2766 3261 2872 3316 τῶν
2891 3264 3137 3333 ἀγγέλων
3160 3268 3462 3340 μιμήσεως
3489 3269 3657 3335 καλῶς

2070 3349 2213 3405 κατὰ
2238 3350 2338 3422 τὴν
2374 3350 2734 3425 εὐαγγελικὴν
2763 3353 3006 3420 διάταξιν
3032 3355 3126 3410 τοῦ
3155 3358 3364 3430 Κυρίου
3408 3361 3656 3428 ἑαυτοὺς

2069 3440 2168 3495 διὰ
2197 3442 2528 3505 ,βασιλείαν
2554 3445 2828 3514 οὐρανῶν
2854 3450 3241 3519 εὐνούχισαν.

383 3550 502 3599 nes,
534 3550 598 3590 ac
628 3534 809 3590 caeteri
836 3549 1062 3602 omnes;
1091 3535 1208 3606 qui,
1254 3543 1311 3589 ut
1346 3534 1605 3605 praeclare
1630 3550 1697 3590 ex
1726 3533 2042 3606 evangelico
2083 3532 2250 3608 525
2276 3533 2489 3589 Domini
2548 3540 2808 3595 mandato
2864 3540 3135 3612 insignem
3174 3542 3325 3598 illam
3395 3544 3655 3604 imitatio-

379 3630 467 3683 nis
523 3626 778 3699 angelicte
815 3634 1000 3682 notam
1030 3634 1193 3697 atque
1247 3626 1479 3681 formam
1502 3627 1892 3698 exprimerent,
1932 3629 2237 3694 semetipsos
2266 3640 2479 3698 propter
2506 3646 2722 3702 regnum
2769 3632 2974 3688 aetate
3012 3641 3380 3690 castravenml
3413 3638 3457 3691 ³.

448 3720 732 3777 Postremo
774 3720 902 3775 licet
939 3718 1110 3773 multa
1151 3716 1220 3774 de
1263 3717 1349 3774 his
1379 3718 1434 3773 in
1471 3718 1711 3774 medium
1764 3718 1959 3775 aﬂ‘erre

378 3814 678 3885 possimus,
710 3820 763 3868 et
796 3810 1026 3867 inlinitis
1077 3808 1377 3882 Scriptura:
1414 3811 1744 3868 testimoniis
1778 3818 1834 3868 et
1864 3826 1959 3867 au-

377 3904 725 3961 ctoritatibus
791 3903 1006 3960 illusam
1071 3917 1102 3957 a
1165 3903 1385 3959 diabolo
1439 3913 1678 3960 mentem
1743 3903 1961 3959 illorum

377 4000 741 4069 redarguere,
794 3999 986 4068 paucis
1034 3995 1143 4052 illis
1197 3996 1405 4052 erimus
1436 3995 1710 4063 contenti,
1752 4012 1876 4052 cum
1906 4005 1962 4052 et

377 4089 579 4161 alioqui
624 4087 916 4144 manifesto
961 4094 1178 4144 constet
1209 4088 1359 4142 nulla
1388 4087 1460 4142 ab
1511 4086 1801 4158 prudentia
1841 4087 1961 4142 illo-

374 4196 495 4238 rum
526 4180 800 4252 prolicisei
829 4180 1061 4247 facinus,
1109 4195 1213 4236 nec
1251 4179 1522 4250 ejusmodi
1555 4195 1584 4234 a
1612 4178 1723 4235 Deo
1752 4179 1958 4235 deriva-

375 4283 485 4327 tam
526 4288 649 4329 esse
694 4271 979 4327 scientiam
1010 4311 1026 4336 ,
1053 4270 1150 4327 sed
1177 4286 1242 4326 ex
1288 4271 1595 4326 daemonum
1634 4270 1819 4326 afﬂatu
1871 4272 1957 4328 lu-

375 4359 612 4415 dibrium
673 4359 822 4415 istud
874 4373 1039 4414 omne
1092 4372 1157 4414 ac
1189 4357 1411 4414 nefandi
1463 4361 1691 4417 sceleris
1744 4362 1953 4418 crimen

2138 3720 2249 3773 Καὶ
2278 3720 2448 3774 πολλά
2469 3721 2570 3792 μὲν
2597 3719 2690 3778 οὖν
2711 3722 2925 3795 ἔχοντες
2947 3725 3302 3798 περὶτούτων
3333 3727 3544 3799 λέγειν,
3572 3737 3651 3788 καὶ

2066 3812 2132 3864 ἐκ
2158 3811 2367 3866 πολλῶν
2398 3815 2711 3871 συστάσεων
2752 3817 2855 3888 τῆς
2884 3818 3036 3884 θείας
3079 3820 3327 3892 Γραφῆς,
3350 3822 3459 3896 τὴν
3485 3829 3655 3881 αὐτῶν

2064 3902 2448 3976 διελέγχουσαν
2470 3908 2491 3939 ⁵
2517 3906 2754 3970 διάνοιαν
2781 3910 2886 3965 ὑπὸ
2924 3911 3172 3967 διαϐόλου
3213 3914 3652 3990 ἐμπαιζομένην,

2065 3997 2384 4070 ἀρκούμεθα
2408 4003 2522 4066 τοῖς
2541 4001 2741 4072 ὀλίγοις
2765 4004 2994 4068 τούτοις·
3048 4005 3235 4077 ἐπειδὴ
3279 4008 3467 4082 πάντη
3493 4014 3651 4083 σαφές

2065 4091 2234 4156 ἐστιν,
2280 4092 2362 4146 ὅτι
2395 4094 2457 4146 οὐ
2499 4095 2767 4160 συνέσεως
2812 4098 2943 4170 παρ’
2972 4099 3213 4172 αὑτοῖςή
3246 4099 3512 4173 ἐργασία,
3543 4107 3651 4159 οὐδὲ

2064 4182 2129 4236 ἐκ
2160 4183 2294 4238 Θεοῦ
2326 4187 2360 4258 η
2386 4187 2608 4261 τοιαύτη
2632 4188 2834 4258 γνῶσις
2855 4208 2869 4222 ·
2908 4190 3044 4245 ἀλλά
3071 4192 3343 4260 δαιμόνων
3373 4198 3650 4270 ἐνεργείας

2062 4275 2094 4345 ἡ
2128 4274 2291 4347 χλεύη
2341 4277 2433 4330 καὶ
2481 4279 2690 4344 πτῶσις
2727 4280 2907 4335 αὐτῶν
2947 4283 3048 4354 τῆς
3079 4283 3347 4354 ἀθεμίτου
3392 4288 3653 4358 ἐργασίας

2060 4368 2288 4436 γίνεται.
2337 4371 2449 4426 Καὶ
2492 4372 2697 4446 ταύτην
2745 4373 2803 4427 δὲ
2853 4375 3260 4448 παρωσάμενοι,
3316 4376 3517 4451 ὥσπερ
3557 4383 3651 4452 τὴν

374 4468 497 4509 esse
538 4451 852 4508 conﬂatum.
897 4450 1165 4520 Quocirca
1198 4466 1323 4508 cum
1357 4468 1459 4510 nos
1489 4455 1739 4512 haeresim
1766 4454 1943 4522 istam,

2128 4462 2237 4534 ινὴν
2277 4465 2632 4535 σκυτάλην,
2675 4467 2774 4539 τὴν
2809 4467 3018 4540 ἔχιδναν
3064 4470 3436 4545 καλουμένην,
3488 4450 3648 4529 οὖσαν

372 4547 573 4616 viperae
602 4545 779 4601 instar
805 4544 964 4616 ejus‘,
1007 4559 1169 4617 quam
1221 4545 1458 4617 scytalen
1490 4558 1717 4614 vocant,
1748 4548 1958 4618 repule-

374 4635 581 4700 rimus;
611 4633 758 4706 quod
788 4634 1007 4705 quidem
1056 4636 1327 4705 serpentis
1370 4650 1545 4708 genus
1578 4652 1704 4692 cum
1754 4639 1956 4708 pusillo

370 4741 602 4797 corpore
629 4728 720 4792 sit,
754 4728 1043 4784 molestum
1079 4741 1145 4782 ac
1173 4727 1469 4785 vehemens
1496 4730 1713 4786 asthma
1741 4746 1953 4787 veneno

370 4820 712 4893 squinjicit,
751 4831 805 4876 et
854 4821 1421 4893 appropinquantibus
1453 4824 1629 4879 labem
1666 4840 1732 4880 ac
1779 4828 1954 4896 perni-

367 4915 507 4969 ciem
566 4910 842 4986 iuspirat:
881 4930 1007 4970 cum
1052 4914 1196 4970 hanc
1246 4916 1412 4988 igitur
1468 4917 1737 4974 hactenus
1786 4920 1956 4975 obtri-

2060 4556 2161 4628 μὲν
2192 4556 2272 4629 τῷ
2305 4557 2517 4630 σώματι
2543 4561 2826 4634 βραχεῖαν,
2848 4565 2915 4635 τῇ
2942 4563 2999 4616 δὲ
3033 4564 3238 4638 ίοδολίᾳ
3265 4565 3446 4621 δεινὸν
3466 4563 3647 4640 ἆσθμα

2056 4650 2423 4721 ἐμπνέουσαν,
2462 4653 2557 4708 καὶ
2592 4656 2674 4717 είς
2714 4655 2841 4720 τοὺς
2883 4656 3280 4727 πλησιάζοντας
3329 4660 3432 4731 τὴν
3475 4661 3649 4733 λύμην

2054 4741 2427 4811 ἱεμφυσῶσοιν⁸
2487 4745 2692 4818 ταύτην
2755 4748 3171 4820 συντρίψαντες,
3227 4749 3323 4804 ἐπὶ
3372 4752 3479 4818 τὰς
3524 4754 3649 4824 ἑξῆς

2056 4832 2246 4904 ἴωμεν,
2303 4834 2436 4889 Θεὸν
2484 4837 2700 4910 ἀρωγὸν
2744 4839 3235 4913 ἐπικαλεσάμενοι,
3283 4845 3368 4908 εἰς
3407 4847 3513 4920 τὴν
3551 4846 3649 4917 τῆς

2054 4924 2236 4997 πάσης
2259 4929 2644 4999 πραγματείας
2671 4930 2828 5003 ἡμῶν
2848 4931 3031 4987 ἔνθεον
3058 4933 3418 5005 ἐπαγγελίαν.

365 5008 648 5073 verimus,
688 5007 755 5062 ad
805 5009 1045 5078 reliquas
1098 5016 1483 5075 transeamus,
1540 5012 1587 5067 si
1638 5013 1793 5083 prius
1846 5011 1940 5069 Dei
1981 5029 2138 5087 opem
2188 5019 2705 5091 imploraverimus,
2748 5034 2809 5079 ut
2879 5024 3128 5083 divinum
3195 5029 3361 5099 plane
3402 5032 3644 5104 suscepti

366 5100 549 5173 operis
573 5100 884 5157 institutum
914 5100 1101 5157 favore
1128 5118 1229 5158 suo
1254 5113 1644 5176 prosequatur.

505 5213 875 5272 ADVERSUS
914 5216 1269 5273 ORiGENEM
1312 5217 1794 5286 ADAMANTIUM,

752 5309 987 5367 eresis
1024 5310 1209 5367 XLIV
1242 5313 1347 5367 sive
1375 5311 1588 5368 LXIV.

433 5423 475 5481 Ι.
505 5423 769 5496 Origenes
796 5463 810 5489 ,
847 5431 1210 5496 cognomento
1246 5424 1630 5493 Adamantius,
1672 5426 1941 5496 sequitur.

2126 5222 2312 5277 ΚΑΤΑ
2350 5225 2737 5281 ΩΡῙῙἙΝΟΥΣ
2772 5227 2886 5301 (25)
2918 5228 3055 5284 ΤΟΥ
3093 5231 3575 5298 ΔΔΔΜΑΝΙἹΟΥ,

2059 5316 2524 5391 Τεσσαρακοστὴ
2545 5319 2819 5391 τετάρτη,
2842 5322 2881 5392 ἡ
2903 5321 3004 5377 καὶ
3028 5321 3337 5409 ἑξηκοστή
3369 5323 3639 5393 τετάρτη.

2120 5427 2198 5484 A'.
2247 5427 2546 5501 Ὦριγένης,
2576 5434 2603 5486 ό
2628 5434 2721 5487 καὶ
2761 5435 3110 5507 Ἀδαμάντιος
3145 5437 3491 5511 ἐπικληθεὶς,
3522 5436 3636 5493 καθ-

441 5561 457 5592 ί
489 5559 652 5615 iiehr.
681 5574 800 5625 xm,
831 5559 917 5612 Li.
996 5557 1059 5610 Ἰ
1093 5559 1220 5614 Cor.
1263 5574 1362 5623 vu,
1396 5559 1489 5614 54.
1566 5559 1587 5590 ³
1627 5558 1820 5615 Matth.
1851 5575 1943 5614 ιιι

2171 5558 2192 5590 δ
2212 5557 2376 5616 Deest
2403 5561 2631 5632 aliquid.
2709 5563 2731 5596 '
2761 5564 2887 5622 Cor.
2920 5564 3237 5638 διελέγχειν.

437 5667 550 5737 (25)
621 5669 971 5736 Ὡρινένους.
1023 5668 1341 5740 Proximum
1414 5668 1761 5740 Origcnianis
1825 5672 1939 5732 τοῖς

373 5736 733 5807 αἰσχροποιοῖς
788 5744 964 5798 locum
1010 5739 1331 5809 Origcnistze
1379 5738 1485 5796 sibi
1516 5736 1832 5814 :vindicanl,
1870 5742 1936 5796 ah

2046 5667 2281 5738 Origene
2322 5669 2441 5746 il_l_o_
2471 5670 2609 5746 dicti
2656 5672 3087 5746 cujus-errores
3116 5674 3516 5746 copiosissime
3566 5677 3641 5731 in-

2005 5814 2009 5818 _
2048 5747 2290 5797 sectatur
2344 5737 2740 5811 Epiphanius.‘
2776 5742 2984 5801 Horum
3040 5737 3214 5803 enim'
3244 5761 3360 5820 prae
3418 5747 3636 5806 caneris

3661 5148 3673 5187 l
