3794 6134
386 269 515 323 1071

1802 273 1857 328 s.
1901 272 2241 328 EPlPllANtl
2340 250 2351 255 “

3504 277 3648 332 1672

380 396 488 437 non
527 380 854 453 permansit.
888 379 1102 438 Etenim
1128 382 1200 438 ob
1231 382 1487 439 eximiam
1526 383 1876 440 sanctitatem

2152 403 2240 450 .ος.
2269 386 2366 440 Διὰ
2397 386 2505 459 γὰρ
2533 385 2592 440 τὸ
2630 385 2963 458 ἐξοχώτατον
2990 388 3091 458 τῆς
3138 387 3427 460 ἁγιότητος
3471 390 3650 444 αὑτοῦ

377 469 763 535 eruditionem,
822 485 1094 525 summam
1134 478 1218 526 est
1253 471 1309 526 in
1332 471 1596 527 invidiam
1660 473 1953 538 adductus,

376 574 548 630 eaque
597 576 685 616 res
740 562 1094 632 magistratus
1146 577 1211 617 ac
1269 562 1554 635 praefectos
1610 564 1871 635 majorem
1901 567 1956 620 in

378 650 602 704 modum
636 650 802 704 acuit.
844 649 983 705 Tum
1039 651 1172 706 illud
1227 666 1357 707 vero
1406 653 1610 707 diaboli
1662 653 1956 710 calliditate

380 741 748 811 improbitatis
792 742 1031 798 artiﬁces
1078 744 1371 798 commenti
1414 751 1564 809 sunt,
1595 754 1652 800 ut
1690 745 1758 799 ad
1784 745 1958 814 turpi-

376 831 581 886 tudinis
633 834 1018 888 necessitatem
1089 833 1368 887 [nominent
1424 833 1728 905 adigerent,
1789 842 1993 906 atquc’

376 923 647 994 ejusmodi
682 940 900 995 plenam
954 932 1281 992 statuerent,
1318 933 1377 979 ut
1433 925 1503 979 ad
1560 926 1707 983 illius
1733 929 1954 999 corpori

374 1023 626 1083 stuprum
663 1012 1005 1069 inferendum
1049 1012 1364 1083 Etliiopem
1415 1023 1819 1084 compararent.
1869 1014 1952 1070 Ad

373 1103 488 1157 haec
514 1101 777 1172 Origenes
810 1101 1216 1156 fraudulentum
1250 1103 1385 1157 illud
1415 1104 1621 1159 diaboli
1656 1106 1951 1162 consilium

373 1210 485 1250 non
523 1195 827 1259 sustinens,
890 1208 1077 1248 vocem
1133 1193 1279 1248 illam
1328 1195 1520 1260 edidit,
1572 1212 1681 1267 qua
1737 1197 1952 1254 duobus

374 1290 484 1343 illis
516 1287 835 1359 propositis,
878 1287 1192 1343 sacriﬁcare
1224 1289 1435 1344 maluit.
1485 1289 1806 1361 Quanquam
1839 1308 1950 1347 nou

369 1379 594 1433 omnino
621 1386 814 1448 sponte
859 1377 993 1432 illud
1026 1392 1125 1434 sua
1152 1379 1476 1449 praestitisse
1504 1380 1667 1452 vulgo
1699 1380 1902 1436 dicitur
1930 1402 1945 1451 ;

369 1470 464 1526 sed
500 1471 592 1526 ubi
617 1470 784 1526 semel
820 1470 921 1525 hoc
950 1485 1011 1526 se
1048 1486 1173 1527 esse
1211 1469 1481 1527 facturum
1509 1474 1791 1530 'assensus
1842 1483 1945 1540 est,

365 1562 493 1618 thus
523 1562 578 1616 in
609 1576 828 1617 manum
860 1561 1013 1618 illius
1045 1562 1369 1633 impositum
1400 1562 1454 1617 in
1493 1564 1802 1634 subjectum
1838 1579 1948 1619 arae

362 1658 542 1713 focum
577 1657 892 1712 excussisse
920 1657 1152 1728 gentiles
1185 1664 1461 1714 asserunt.
1499 1657 1613 1713 lioc
1645 1658 1805 1715 modo
1831 1667 1884 1715 et
1914 1674 1943 1714 a

2061 483 2154 536 καὶ
2183 478 2281 551 τῆς
2300 481 2657 553 προπαιδείας
2678 482 2771 535 ἐπὶ
2799 482 3049 536 πλεῖστον
3076 481 3268 551 φθόνον
3290 481 3651 554 διεϐέϐλητο·

2060 574 2155 627 καὶ
2190 573 2389 643 μᾶλλον
2423 573 2583 627 τοῦτο
2627 572 2916 646 παρώξυνε
2950 574 3078 637 τοὺς
3120 572 3260 627 κατὰ
3288 570 3498 646 ’καιρὸν
3529 575 3655 629 τότε

2057 665 2156 736 τὴν
2179 664 2592 735 ὲξουσιαστικὴν
2622 664 2799 737 ἀρχὴν
2823 664 3129 729 διέποντας.
3156 665 3575 737 Κακομηχανίᾳ
3598 666 3658 720 δὲ

2056 755 2338 826 διαϐολικῇ
2379 755 2681 824 ἐπενόησαν
2711 756 2761 808 οἱ
2802 755 2903 826 τῆς
2928 756 3127 819 κακίας
3160 755 3393 828 ἐργάται
3417 756 3653 827 αἰσχρό-

2056 862 2195 916 τητα
2224 845 2303 917 τῷ
2362 847 2517 918 ἀνδρὶ
2555 846 2881 917 ἐπινοῆσαι,
2941 847 3036 900 καὶ
3067 847 3338 919 τιμωρίαν
3384 848 3658 920 τοιαύτην

2054 936 2252 1008 ὁρίσαι,
2285 940 2365 1000 είς
2402 938 2750 1009 παράχρησιν
2792 938 2857 1009 δὴ
2894 937 2990 992 τοῦ
3026 937 3193 993 αὑτοῦ
3238 938 3523 1010 σώματος,
3558 940 3658 992 Δί.

2055 1028 2218 1082 θίοπα
2253 1028 2402 1099 αὐτῷ
2435 1030 2874 1100 παρασκευάσαι.
2914 1030 2973 1083 Ὀ
2994 1030 3072 1093 δὲ,
3098 1030 3178 1102 μὴ
3205 1030 3390 1102 φέρων
3420 1030 3527 1102 τὴν
3556 1031 3659 1100 τῆς

2052 1118 2367 1189 διαϐολικῆς
2399 1118 2682 1190 ἐνεργείας
2726 1118 3008 1181 ἐπίνοιαν,
3048 1118 3245 1190 ἔρρηξε
3284 1118 3498 1190 φωνὴν,
3543 1120 3658 1173 τῶν

2054 1210 2381 1280 ἀμφοτέρων
2430 1208 2805 1279 προτεθέντων
2846 1208 3002 1278 αὐτῷ
3050 1208 3434 1279 πραγμάτων,
3481 1208 3656 1261 οὖσαι

2056 1298 2256 1369 μᾶλλον
2286 1298 2561 1368 ἑλόμενος.
2606 1298 2680 1350 Οὐ
2709 1297 2817 1368 μὴν
2838 1297 2899 1350 δὲ
2936 1297 3162 1368 ἑκουσίᾳ
3197 1295 3396 1370 γνώμῃ
3428 1298 3657 1369 ,μᾶλλον

2050 1385 2209 1440 τοῦτο
2228 1385 2568 1451 ἐπετέλεσεν,
2593 1386 2668 1450 ὡς
2693 1384 2859 1447 πολὺς
2881 1383 3064 1456 ᾅδεται
3089 1384 3427 1455 λόγος-ἀλλ’
3449 1387 3653 1458 ἐπειδή

2050 1478 2189 1543 ὅλως
2248 1477 2674 1551 καθωμολόγησε
2732 1478 2893 1532 τοῦτο
2950 1477 3174 1549 πρᾶξαι,
3234 1477 3500 1548 βαλόντες
3556 1480 3654 1532 ἐπὶ

2050 1573 2209 1643 χεῖρα
2234 1569 2400 1624 αὐτοῦ
2434 1570 2674 1635 λίϐανον,
2698 1572 2778 1635 είς
2804 1569 2903 1642 τὴν
2936 1569 3030 1623 τοῦ
3065 1568 3251 1639 βωμοῦ
3286 1569 3472 1640 πυρὰν
3508 1570 3653 1624 καθ-

2051 1663 2211 1733 ῆκαν.
2247 1663 2365 1717 Καὶ
2389 1662 2562 1726 οὕτως
2592 1661 2687 1715 τοῦ
2716 1662 3016 1734 μαρτυρίου
3042 1660 3151 1715 ἀπὸ
3187 1660 3298 1714 τῶν
3326 1661 3648 1731 κρινάντων

361 1747 614 1820 martyrii
668 1746 1274 1818 gloria'conl‘essorum
1358 1755 1792 1820 martyrumque,
1847 1768 1859 1804 ι

2149 1753 2393 1826 λογητῶν
2431 1770 2491 1807 τε
2541 1753 2636 1808 καὶ
2689 1752 2981 1825 μαρτύρων
3022 1749 3306 1821 ἀπεϐλήθη
3347 1750 3475 1803 τότε
3500 1792 3517 1817 ,
3552 1753 3646 1806 καὶ

362 1840 512 1895 illius
543 1839 881 1909 temporibus
920 1849 1100 1905 erant,
1143 1838 1355 1909 judicio
1408 1838 1630 1907 excidit,
1664 1849 1719 1896 et
1747 1843 1815 1897 ab
1844 1841 1945 1897 Ec-

360 1920 525 1985 clesia
575 1929 824 1998 dejectus
867 1938 968 1986 est.
1016 1929 1229 1984 Accidit
1276 1929 1384 1983 hoc
1431 1929 1805 2002 Alexandria};
1850 1934 1942 1988 ubi

340 2033 490 2095 cum
517 2019 966 2089 exprobrantium
999 2020 1234 2075 ludibria
1260 2020 1403 2076 ferre
1430 2037 1541 2077 non
1568 2006 1941 2092 posset,illiuc

360 2110 514 2176 abiit,
548 2119 602 2167 et
630 2112 684 2166 in
722 2094 1188 2178 Palaestinafsive
1214 2111 1769 2171 Judtcatdomicilium
1810 2131 1943 2171 con-

361 2205 555 2258 stituit.
593 2202 754 2259 Forte
786 2204 1017 2276 contigit
1065 2213 1125 2259 ut
1160 2204 1596 2278 Hierosolymam
1632 2205 1938 2277 profectus,

362 2306 421 2350 ut
448 2304 565 2352 erat
608 2312 889 2353 sacrarum
942 2298 1248 2355 litterarum
1301 2299 1554 2370 egregius
1592 2308 1645 2355 et
1672 2284 1939 2356 eruditis?

357 2390 853 2460 simusinterpres,
889 2389 957 2444 ab
993 2391 1342 2446 sacerdotum
1407 2390 1638 2463 collegio
1682 2390 1832 2460 (nam
1887 2402 1942 2447 et

356 2482 471 2550 ipse
494 2522 508 2547 ,
548 2481 865 2551 priusquam
911 2480 1267 2544 sacriﬁcaret,
1293 2480 1359 2535 ad
1384 2479 1673 2536 sacerdotii
1707 2476 1936 2552 gradum

353 2574 668 2642 pervenisse
696 2572 942 2643 dicitur),
993 2573 1057 2627 ad
1100 2573 1265 2628 verba
1300 2573 1354 2626 in
1404 2572 1647 2628 Ecclesia
1682 2571 1934 2629 facienda

355 2664 763 2719 sollicitaretur.
823 2663 1070 2735 Cumque
1126 2664 1196 2719 ab
1244 2664 1333 2730 iis,
1370 2663 1447 2719 uti
1483 2663 1620 2728 dixi,
1655 2663 1748 2734 qui
1803 2674 1932 2719 tunc

354 2756 751 2811 sacerdotalem
784 2757 839 2810 in
868 2756 1114 2812 Ecclesia
1147 2756 1467 2827 dignitatem
1506 2755 1847 2821 obtinebant,
1877 2757 1928 2812 vi

357 2847 746 2918 propemodum
788 2848 855 2903 ad
904 2848 957 2904 id
994 2847 1263 2919 agendum
1318 2848 1713 2919 impelleretur,
1747 2848 1836 2903 ille
1875 2849 1930 2902 in

352 2942 515 3011 pedes
541 2955 903 3011 consurgens,
942 2940 1168 3011 reliquis
1212 2939 1464 2997 versibus
1518 2939 1927 3010 praetermissis,

428 3126 441 3154 ³
462 3124 522 3179 F.
547 3125 1009 3198 προτρεπομένων
1038 3125 1114 3178 δέ.

2046 1846 2155 1901 ἀπὸ
2197 1845 2296 1916 τῆς
2349 1843 2679 1913 Ἐκκλησίας
2733 1842 2960 1914 tamen.
3016 1842 3103 1896 Ἐν
3148 1839 3545 1912 Ἀλεξανδρεία
3589 1843 3647 1895 δὲ

2045 1933 2203 1987 τοῦτο
2233 1931 2504 1997 ὑποστὰς,
2556 1932 2652 1986 καὶ
2686 1930 2760 2002 μὴ
2805 1929 3101 2001 δυνάμενος
3125 1927 3224 2000 τὴν
3275 1928 3388 1981 τῶν
3438 1929 3644 1982 ὀνειδι-

2046 2025 2248 2089 ζόντων
2289 2022 2489 2095 χλεύην
2538 2021 2746 2093 φέρειν,
2785 2020 3121 2092 ἀνεχώρησε,
3159 2021 3252 2074 καὶ
3294 2019 3397 2092 τὴν
3427 2021 3647 2075 Παλαι-

2025 2114 2256 2196 μτίνην,
2295 2114 2543 2168 τουτέστι
2570 2115 2670 2186 τῆς
2706 2113 2971 2177 Ἰουδαίας
2997 2115 3273 2167 κατοικεῖν
3299 2113 3405 2184 γῆν
3437 2113 3642 2170 εἵλετο.

2057 2204 2321 2259 Ἀνελθὼν
2351 2205 2481 2275 γοῦν
2507 2207 2587 2270 εἰς
2622 2204 2693 2258 τὰ
2734 2203 3110 2275 Ἱεροσόλυμα,
3144 2204 3236 2257 καὶ
3281 2205 3356 2267 ὼς
3389 2203 3646 2269 τοιοῦτος

2042 2294 2315 2367 ἐξηγητὴς
2341 2294 2435 2348 καὶ
2465 2294 2665 2363 λόγιος,
2691 2295 3058 2366 προετρέπετο
3080 2294 3187 2348 ἀπὸ
3213 2293 3306 2349 τοῦ
3335 2296 3640 2367 ίερατείου.

2040 2387 2177 2440 Φασὶ
2219 2387 2328 2458 γὰρ
2370 2385 2533 2440 αὐτὸν
2569 2387 2664 2440 καὶ
2708 2385 3103 2457 πρεσϐυτερίου
3146 2387 3531 2458 κατηξιῶσθαι
3579 2388 3643 2442 τὸ

2042 2480 2207 2552 πρὶν,
2239 2477 2403 2550 πρινὴ
2437 2477 2530 2531 τοῦ
2575 2476 2755 2533 θῦσαι.
2791 2477 3293 2550 Προτρεπόμενοιί,
3327 2479 3407 2543 ὡς
3456 2480 3639 2553 ἔφην,

2039 2573 2202 2627 αὑτὸν
2240 2572 2332 2625 ἐπὶ
2392 2572 2491 2643 τῆς
2533 2569 2858 2641 Ἐκκλησίας
2905 2571 3108 2633 είπεῑν,
3144 2569 3238 2621 καὶ
3284 2569 3460 2624 πολλὰ
3500 2590 3639 2625 κατ-

2040 2663 2464 2731 αναγωσὰντων
2486 2660 2786 2734 τηνικαῦτα
2815 2661 2872 2712 ὲν
2895 2658 2961 2712 Ἰε
2972 2657 3290 2731 ροσολύμοις
3320 2660 3426 2731 τὴν
3463 2648 3635 2733 ἱερώ-

2039 2754 2204 2826 σύνην
2244 2754 2341 2825 τῆς
2400 2754 2565 2823 ἁγίας
2625 2750 2947 2823 Ἐκκλησίας
2995 2750 3329 2815 διεπόντων,
3386 2753 3637 2816 ἀναστὰς

2037 2848 2131 2901 ἐπὶ
2171 2845 2340 2908 πόδας
2374 2843 2437 2898 τὸ
2472 2844 2635 2916 ῥητὸν
2685 2842 2845 2914 μόνον
2878 2840 2970 2895 τοῦ
3009 2839 3227 2912 ψαλμοῦ
3272 2841 3369 2895 τοῦ
3427 2860 3633 2899 τεσσα-

2038 2937 2304 3011 ρακοστοῦ
2351 2937 2539 2993 ἐνάτου
2571 2935 2743 2989 εἰπὼν
2762 2975 2778 3002 ,
2816 2933 2914 3005 τὴν
2946 2933 3125 2988 πᾶσαν
3152 2934 3451 3006 διαστολὴν
3488 2955 3636 3007 παρ-

347 3306 707 3386 minit._Atqui
727 3323 826 3364 nos
840 3306 1207 3377 Epiphaniam
1237 3304 1584 3383 opponimus,
1608 3319 1719 3374 quo
1749 3316 1927 3386 neque
1954 3306 1996 3364 c
2031 3300 2192 3386 cujus
2221 3307 2506 3386 tantopere
2539 3284 3419 3386 pmn‘it‘ui‘s‘sasgcirentllpe
3437 3295 3627 3386 lip‘mi:

346 3377 710 3447 antiquiorem
743 3386 1045 3447 auctorem,
1095 3391 1272 3445 neque
1311 3379 1614 3445 graviorem
1645 3377 1927 3443 requirere

345 3445 642 3511 debemus;
700 3448 792 3516 qui
846 3445 916 3501 de
959 3445 1378 3516 Origenevelut
1426 3451 1757 3516 compertam
1812 3458 1925 3497 rem

344 3517 678 3584 minimeque
718 3511 946 3571 dubiam
1010 3511 1143 3570 illud
1175 3583 1178 3584 ν
1212 3515 1389 3584 ipsum
1444 3511 1669 3584 retulit.
1706 3511 1764 3567 In
1813 3528 1926 3584 quo

344 3583 681 3657 magnopere
712 3585 1133 3657 ponderandum
1160 3583 1313 3657 istud
1364 3592 1468 3651 est,
1522 3583 1737 3657 quoties
1776 3583 1926 3657 ejus-

343 3653 491 3712 modi
520 3653 1379 3727 aliquid'proponitEpiphanius,
1407 3653 1643 3727 quodad
1663 3653 1920 3727 alicujus,

343 3727 508 3781 ctiam
527 3723 768 3796 πηοτιυίὴ
787 3723 1051 3788 ιιιὲτειὶρί,
1071 3723 1137 3780 ac
1152 3724 1344 3796 nefarii
1364 3724 1623 3796 hominis,
1663 3723 1921 3796 invidiam

344 3792 813 3867 ignominiamque
851 3796 1128 3866 pertinet,
1186 3796 1262 3867 id,
1292 3795 1338 3850 si
1367 3792 1548 3848 dubiae
1591 3793 1923 3867 minimeque

346 3864 652 3921 constantis
679 3864 960 3927 fama—sit,
992 3866 1254 3920 nonnulla
1292 3878 1416 3918 cum
1459 3864 1813 3919 excusatione
1859 3876 1924 3917 ac

343 3937 645 3993 titubanter
685 3938 753 3990 ab
800 3936 892 3990 illo
930 3936 1264 4006 signiﬁcari;
1319 3942 1481 4006 atque
1518 3933 1621 3987 hoc
1665 3933 1919 4006 inprimis

344 4007 548 4072 caveri,
585 4023 653 4061 ne
682 4006 891 4062 incerta
923 4002 1488 4072 re'commemoranda
1525 4011 1729 4057 certam
1757 4002 1921 4056 alicui

346 4071 628 4132 infamiam
660 4092 721 4131 ac
768 4076 1007 4130 dedecus
1041 4076 1313 4144 imponat.
1342 4071 1455 4144 lloc
1484 4087 1616 4144 vero
1646 4073 1766 4126 loco
1796 4073 1920 4144 ttul-

346 4148 454 4201 lam
498 4146 807 4202 istiusmodi
843 4142 1149 4201 cautionem
1195 4143 1463 4205 adhibuit,
1520 4142 1638 4205 sed,
1684 4157 1809 4196 cum
1854 4143 1920 4197 de

343 4219 495 4286 lapsu
530 4225 585 4272 et
620 4218 820 4286 injecto
845 4217 1002 4271 thure
1023 4222 1324 4286 constaret,
1350 4215 1466 4286 hoe
1481 4227 1649 4286 unum
1672 4212 1916 4286 excepit,

340 4280 485 4355 quod
516 4288 560 4341 si
584 4280 775 4355 verum,
795 4295 901 4350 est,
923 4286 987 4339 ad
1013 4283 1406 4355 sublevandum
1430 4280 1723 4352 Origenem
1747 4280 1915 4355 valet,

342 4350 731 4410 nonnullorum
761 4354 958 4423 jactari
1000 4353 1368 4415 sermonibus,
1414 4350 1917 4423 neqtiaquamAOri-

343 4442 531 4492 genem
565 4427 740 4495 ipsum
765 4420 900 4479 thus
932 4423 1259 4495 adolevisse,
1286 4423 1380 4479 sed
1412 4420 1536 4495 cum
1571 4420 1693 4492 ejus
1732 4420 1917 4492 digitis

340 4504 487 4551 esset
519 4492 852 4565 impositum,
889 4495 943 4549 in
985 4494 1291 4565 subjectum
1322 4507 1430 4565 arae
1467 4492 1645 4565 focum
1677 4495 1917 4565 agenti-

342 4567 487 4622 libus
518 4563 811 4621 excussum
851 4566 1038 4619 fuisse.
1102 4563 1258 4629 Quod
1298 4563 1462 4632 igitur
1494 4563 1546 4616 in
1579 4563 1914 4617 sacriﬁcium

340 4652 405 4690 ac
435 4637 693 4705 majorem
742 4635 966 4692 sceleris
1011 4644 1220 4703 partem
1252 4634 1595 4689 consenserit
1621 4633 1911 4702 Origenes,

2032 3366 2119 3426 nis
2156 3366 2429 3425 memoriae
2472 3366 3215 3437 insultare,robtrectarique
3244 3366 3405 3437 velle
3437 3370 3626 3437 potius

2030 3455 2191 3510 quam
2216 3453 2434 3495 errores
2456 3434 2722 3491 damnare
2741 3436 3077 3510 viderentur.
3104 3436 3178 3487 De
3203 3436 3356 3510 aliis,
3377 3434 3624 3506 quorum

2029 3506 2233 3579 scripta
2274 3522 2396 3564 “non
2422 3514 2705 3579 exstantt
2729 3506 3090 3579 pronuntiare
3109 3574 3120 3579 _
3137 3506 3358 3561 nonnisi
3420 3517 3625 3563 temere

2029 3574 2346 3649 possumus.
2374 3577 2558 3631 Altera
2588 3577 2641 3649 in
2672 3574 3315 3649 Antiatibusconjectura
3348 3591 3464 3649 no_n
3499 3579 3623 3645 plus

2027 3645 2293 3715 veritatis,
2318 3649 2502 3702 minus
2533 3646 2696 3700 etiam
2732 3646 3133 3715 probabilitatis
3161 3646 3348 3715 habet.
3408 3645 3622 3701 Falsis-

2027 3720 2225 3775 simum
2255 3714 2399 3773 enim
2435 3724 2518 3770 est
2544 3714 2805 3770 intextam
2839 3715 2979 3769 hanc
3013 3714 3321 3784 Epiphanio
3354 3716 3620 3772 laciniam

2024 3805 2169 3854 esse,
2217 3803 2341 3843 cum
2376 3801 2555 3856 neque
2601 3786 2669 3840 de
2696 3786 2842 3855 stylo
2888 3785 3007 3855 ipso
3028 3785 3273 3840 dubitari
3304 3787 3510 3855 possit.
3565 3796 3621 3843 et

2026 3860 2225 3929 quibus
2258 3858 2309 3912 id
2336 3856 2687 3929 argumentis
2704 3856 2955 3929 etlicjtur,
2981 3856 3275 3929 leviasint,
3300 3857 3613 3929 imoAnulla.

2024 3925 2385 3999 Epiphanius,
2406 3925 2606 3999 inquit,
2637 3926 2774 3999 libro
2799 3925 2879 3999 De
2899 3928 3251 3999 mensurisgc
3284 3927 3617 3999 ponderibus

2023 3996 2182 4070 plane
2204 3999 2480 4054 contraria
2503 3996 2706 4070 docuit.
2742 3996 2944 4070 Scribit
2962 3997 3107 4070 enim
3126 3996 3617 4070 _:_F_l_oruisse__t)ri-

2021 4066 2199 4141 genam
2228 4086 2261 4121 a
2294 4066 2623 4141 temporibus
2648 4066 2791 4141 Decii
2815 4082 2976 4141 usque
2991 4066 3076 4141 _ad
3113 4066 3326 4120 Gallum
3361 4068 3616 4141 βινοίη-

2021 4137 2255 4194 ζςὶαηιιηι.
2293 4139 2393 4194 Ubi
2429 4152 2551 4203 vox,
2585 4137 2788 4207 ﬂoruit,
2818 4152 2925 4190 non
2953 4137 3091 4191 idem
3121 4146 3204 4192 est
3230 4151 3295 4207 ac
3332 4138 3488 4194 vix-it.
3518 4141 3614 4195 sed

2022 4211 2364 4280 splendorem
2397 4224 2464 4263 ex
2498 4206 2751 4280 doctrina
2784 4206 3402 4280 quaesitumjsigni‘ﬁcat,
3453 4210 3534 4264 Ac
3562 4212 3609 4265 si

2022 4276 2136 4335 tum
2171 4281 2359 4363 lapsus
2394 4290 2540 4360 esset
2570 4278 2863 4363 O‘r'igenes,‘
2891 4276 3193 4363 nominum
3238 4276 3499 4363 floruisse
3527 4283 3614 4363 di:

2020 4357 2169 4406 ceret
2203 4347 2563 4419 Epiphanius.
2610 4347 2805 4419 Verum
2839 4348 3109 4418 ἀκμάζειν
3138 4358 3191 4402 et
3234 4347 3430 4419 ﬂorere
3464 4353 3609 4419 apud

2020 4418 2386 4489 clironologos
2409 4419 2541 4472 nihil
2564 4418 2709 4472 aliud
2726 4426 3006 4491 est,quam
3025 4418 3400 4491 commendari
3423 4418 3605 4491 vulgo,

2017 4499 2073 4546 et
2102 4492 2154 4544 in
2189 4491 2370 4559 aliqua
2404 4498 2627 4559 propter
2672 4489 3034 4559 eruditionem
3081 4494 3174 4541 aut
3215 4489 3479 4544 virtutem
3511 4489 3610 4546 uno

2018 4562 2184 4615 minis
2219 4558 2468 4614 claritate
2494 4558 2726 4613 versari.
2759 4558 2911 4612 Hanc
2938 4573 3070 4613 vero
3097 4560 3365 4612 doctrinae
3397 4562 3601 4615 famam

2022 4645 2087 4685 ac
2121 4631 2467 4701 splendorem
2496 4628 2717 4698 Origeui
2748 4644 2925 4701 neque
2962 4630 3114 4697 prior
3148 4629 3239 4701 illa
3274 4629 3607 4687 idololatriae

339 4681 1299 4779 dubitavit-Epiphanius:
1361 4681 1540 4779 utrum
1590 4681 1912 4779 expressum
1945 4681 1991 4736 D
2020 4681 2200 4771 culpa,
2236 4681 2769 4779 quam_p(£ni‘t)etttia
2812 4681 3324 4779 diltterat,_er_ipere
3370 4701 3601 4769 debuit;

339 4777 443 4832 hoc
476 4779 544 4831 ab
578 4778 746 4831 invito
775 4774 987 4831 facinus
1008 4774 1252 4844 ejusdem
1284 4790 1445 4828 manu
1476 4774 1917 4827 administratum

340 4848 525 4907 fuerit,
562 4849 612 4900 id
647 4861 776 4901 vero
801 4847 1088 4901 dubitavit.
1125 4845 1319 4901 Ceteri
1345 4845 1438 4914 qui
1466 4849 1548 4899 vel
1576 4844 1918 4913 antiquiores

340 4918 682 4987 Epiphanio,
761 4919 843 4971 vel
898 4917 1046 4970 illius
1084 4917 1350 4987 temporis
1421 4928 1688 4987 suppares
1738 4924 1915 4987 erant,

342 4984 539 5057 partim
563 4988 814 5056 Origenis
847 5002 1033 5040 arnore
1061 4984 1515 5057 dissimularunt,
1551 4984 1746 5052 partim
1770 4986 1917 5057 quod

344 5055 410 5110 ad
467 5075 578 5112 rem
621 5055 847 5111 minime
898 5058 1135 5121 faceret,
1201 5056 1494 5110 scribendo
1554 5055 1916 5122 prmtermise-

339 5136 485 5181 runt.
560 5130 738 5196 Atque
796 5127 1062 5181 Eusebius
1107 5127 1358 5195 quidem,
1424 5132 1612 5196 utpote
1659 5123 1915 5196 Oirigenis

338 5195 663 5259 admirator,
707 5200 961 5251 consulto
997 5205 1055 5250 ut
1087 5196 1384 5259 omitteret,
1430 5195 1630 5248 fecisse
1667 5195 1911 5260 videtur;

339 5282 464 5322 natn
497 5269 631 5321 nihil
663 5283 851 5323 eorum
898 5268 1088 5329 tacuit,
1125 5281 1244 5335 quae
1275 5263 1340 5317 ad
1387 5265 1532 5318 illius
1562 5266 1914 5318 commenda-

338 5339 543 5392 tionem
564 5377 578 5400 ,
609 5338 743 5391 nihil
773 5337 973 5400 attulit,
992 5334 1149 5404 quod
1167 5336 1234 5389 ad
1260 5335 1608 5388 minuendam
1625 5334 1910 5404 existima-

338 5409 542 5462 tionem
578 5410 801 5462 valeret.
841 5403 1054 5475 lleliqui
1088 5414 1197 5459 tam
1228 5404 1495 5475 fautores,
1527 5419 1691 5475 quam
1719 5403 1913 5475 adver-

336 5478 469 5533 sarii
492 5477 762 5547 Origenis,
783 5492 906 5530 cum
932 5474 999 5531 dc
1023 5477 1206 5547 impiis
1231 5474 1349 5544 ejus
1374 5474 1719 5544 dogmatibus
1745 5474 1908 5543 atque

336 5546 617 5616 erroribus
645 5549 699 5601 in
730 5557 1007 5602 certamen
1038 5546 1573 5616 disputationemque
1602 5546 1902 5616 venissent,

338 5612 499 5685 facile
530 5624 904 5685 contempsere
939 5612 1156 5669 caetera.
1211 5616 1288 5669 Ac
1323 5612 1566 5685 profecto
1602 5613 1670 5668 de
1698 5629 1764 5668 eo
1794 5615 1904 5667 cri-

338 5681 485 5737 mine
515 5682 661 5738 sileri
717 5681 762 5738 a'
794 5687 1162 5741 sanctissimis
1190 5681 1721 5754 νίι·ἰδ’;υ(ιιιὶεείιιιιιιη
1772 5684 1903 5749 fuit,

2017 4768 2194 4841 neque
2227 4768 2500 4841 posterior
2531 4778 2613 4823 tot
2643 4784 2704 4822 ac
2746 4778 2874 4841 tam‘
2892 4768 3273 4841 multiplicium
3308 4770 3603 4826 haeresium

2019 4837 2244 4895 infamia
2280 4841 2455 4909 potuit
2485 4840 2812 4908 opprimere.
2838 4837 3067 4911 Deinde
3082 4840 3218 4894 falso
3246 4839 3476 4894 Decium
3508 4855 3603 4911 pro

2017 4912 2221 4966 Severo
2262 4908 2351 4965 liic
2384 4918 2705 4979 usurpatqu
2735 4911 2802 4963 ab
2838 4908 3141 4979 Epiphanio
3176 4911 3338 4978 paulo
3359 4919 3489 4966 ante
3506 4908 3603 4964 do-

2015 4983 2248 5036 cuimus.
2286 4980 2597 5037 Secundum
2629 4980 2742 5033 hate
2766 4980 3108 5050 Augustinus
3133 4980 3292 5050 nobis
3317 4981 3598 5050 ohjicitur,

2013 5052 2107 5121 qui
2144 5067 2268 5105 cum
2298 5052 2365 5106 de
2394 5052 2627 5120 Origene
2660 5049 2872 5104 omnia
2893 5050 2965 5104 sit
3015 5066 3083 5104 ex
3132 5049 3446 5119 Epiphanio
3478 5069 3597 5104 mu-

2017 5120 2223 5183 tuatus,
2267 5122 2335 5177 de
2391 5121 2712 5189 turpissimo
2765 5120 2861 5174 illo
2906 5121 3064 5189 lapsu
3110 5122 3339 5175 verbum
3388 5123 3597 5174 nullum

2014 5194 2268 5261 aspersit.
2304 5192 2411 5247 Sed
2441 5201 2621 5245 utrum
2650 5191 2753 5243 lioc
2774 5190 3344 5260 EpiphaniiAdversus
3374 5192 3597 5246 hwreses

2013 5264 2353 5316 luculentum
2377 5276 2514 5330 Opus
2533 5263 2600 5333 ab
2617 5264 2923 5329 Augustino
2950 5262 3149 5315 lectum
3171 5261 3358 5333 fuerit,
3379 5273 3599 5333 propter

2012 5349 2106 5389 eas
2127 5348 2324 5387 causas
2349 5332 2584 5403 dubitari
2615 5343 2811 5400 potest,
2839 5344 2960 5400 qua:
2985 5335 3038 5383 in
3064 5331 3409 5400 praefatione,
3434 5331 3593 5403 quam

2013 5405 2162 5471 operi
2206 5404 2309 5473 ipsi
2353 5402 2703 5473 prwﬁxinms.
2754 5403 2818 5456 ad
2853 5407 3112 5457 lectorem
3161 5403 3416 5473 pluribus
3458 5402 3595 5457 sunt

2012 5470 2538 5542 a’nobis’expositm.
2583 5470 2807 5526 Frustra
2843 5473 3029 5541 igitur,
3077 5482 3145 5525 'ut
3174 5472 3398 5541 quidem
3434 5488 3596 5542 appa-

2010 5553 2111 5606 ret,
2146 5543 2440 5599 sollicitata
2490 5544 2662 5595 estin
2717 5545 3006 5597 annalibus
3060 5545 3400 5597 narrationis
3456 5547 3593 5598 illius

2008 5614 2278 5681 istiusque
2310 5612 2411 5667 luci
2463 5613 2615 5674 liilcs,
2652 5629 2776 5666 cum
2808 5615 2954 5666 nulla
2996 5613 3064 5668 ad
3105 5627 3228 5669 eam
3261 5613 3596 5670 labefactan-

2008 5686 2132 5737 dam
2166 5684 2300 5739 satis
2332 5686 2483 5737 ﬁrma
2518 5694 2653 5739 ratio
2682 5686 2751 5739 sit
2783 5685 2966 5738 allata.
