3846 6144
366 264 505 323 1075
563 283 573 292 ³

433 375 595 433 Hunc
634 376 689 432 in
718 379 940 434 modum
974 394 1252 436 volumina
1289 380 1411 446 illa,
1432 395 1555 452 qua:
1585 377 1825 449 Hexapla
1861 378 1946 434 di—
1973 393 2023 451 Α

1799 260 1856 318 S.
1901 259 2245 316 EPIPHANII

3506 254 3622 315 1076

2131 376 2220 440 Ὠς
2251 369 2393 428 εἶναι
2438 374 2537 446 μὲν
2575 371 2750 428 ταῦτα
2791 369 2891 428 καὶ
2935 371 3222 426 καλεῖσθαι
3259 365 3523 437 Ἓξαπλᾶ,
3547 371 3625 425 ἐπὶ

364 477 592 536 cuntur,
627 470 943 540 composuit
979 489 992 526 :
1024 485 1147 543 quae
1177 479 1377 543 praeter
1421 470 1642 529 Graecas
1680 470 1949 529 editiones

2085 467 2149 532 ὰς
2181 465 2503 538 Ἑλληνικὰς
2546 465 2847 538 ἑρμηνείας
2871 463 2965 518 δύο
3003 462 3143 534 ὁμοῦ
3181 463 3521 535 παραθέσεις
3544 460 3628 533 τῆς

362 561 504 617 duas
521 561 747 631 insuper
764 546 1015 618 Hebraiei
1039 565 1313 620 sermonis
1326 564 1614 621 columnas
1641 562 1945 630 continent,

366 650 599 707 alteram
634 650 919 710 Hebraicis
956 654 1116 725 ipsis,
1160 654 1389 709 alteram
1424 652 1633 710 Graecis
1662 652 1956 709 elementis.

2063 558 2360 631 Ἐϐραῖκῆς
2417 556 2611 628 φύσει,
2672 557 2740 610 δι’
2808 554 3116 628 Ἑϐραϊκῶν
3164 555 3260 609 καί
3318 553 3629 623 Ἑλληνικῶν

2054 651 2331 722 στοιχείων
2355 668 2368 681 ⁸
2396 650 2540 704 ὥστε
2577 645 2844 721 εἶναιτὴν
2878 650 3062 703 πᾶσαν
3094 647 3351 702 Παλαιὰν
3376 647 3632 717 Διαθήκην

366 742 738 815 conscriptam
769 763 785 798 :i
806 746 943 802 adeo
965 757 1024 802 ut
1042 745 1209 802 Vetus
1232 761 1395 805 omne
1411 747 1819 802 Testamentum
1839 754 1948 800 tam

2084 747 2117 798 ι’
2145 743 2429 809 Ἐξαπλῶν
2448 742 2822 815 καλουμένων,
2845 743 2942 797 καὶ
2969 740 3057 795 διὰ
3077 742 3189 796 τῶν
3209 741 3307 795 δύο
3344 739 3633 810 Ἐὁραῖκῶν

366 832 634 905 Hexaplis
662 836 964 907 ejusmodi,
995 852 1158 909 quam
1194 837 1397 909 duplici
1429 836 1826 895 Hebraicorum
1853 851 1949 890 vo-

367 926 691 982 cabulorum
743 937 1003 985 contextu
1068 932 1524 1002 comprehensum
1566 929 1750 987 fuerit.
1811 929 1951 986 Cum

366 1015 471 1073 hoc
497 1026 670 1074 totum
722 1020 863 1089 Opus
893 1033 1109 1075 summo
1142 1020 1234 1078 ille
1275 1037 1400 1076 cum
1431 1020 1619 1077 labore
1661 1019 1954 1091 studioque

366 1106 714 1177 perfecisset,
761 1124 873 1164 non
924 1118 1191 1181 perpetuo
1242 1110 1482 1167 nominis
1541 1111 1627 1168 sui
1676 1110 1955 1183 acgloriae

366 1197 739 1270 integritatem
788 1201 1037 1268 retinuit,
1093 1203 1190 1260 sed
1247 1211 1402 1259 tanta
1447 1204 1711 1260 doctrina:
1747 1205 1833 1260 vis
1890 1219 1955 1259 ac

272 1312 297 1325 κ
374 1290 532 1358 copia
566 1290 741 1348 ruinae
771 1292 849 1348 illi
884 1307 951 1349 ac
993 1293 1327 1351 calamitatis
1383 1295 1731 1352 occasionem
1782 1296 1950 1353 dedit.

369 1377 508 1435 Nam
556 1396 705 1448 cum,
742 1394 801 1439 ut
848 1384 953 1443 sibi
1010 1393 1396 1461 proposuerat,
1428 1387 1635 1442 nullam
1671 1402 1955 1444 sacrarum

370 1471 681 1531 litterarum
711 1482 947 1543 partem,
988 1492 1155 1548 quam
1190 1490 1298 1533 non
1343 1478 1666 1549 explicaret,
1704 1478 1959 1534 omittere

368 1564 553 1630 vellet,
578 1566 632 1620 in
658 1565 852 1639 ingens
868 1582 925 1622 se
944 1578 1230 1638 peccatum
1245 1568 1543 1634 commisit,
1561 1582 1625 1621 ac
1641 1565 1960 1624 mortiferas

370 1652 639 1722 quasdam
663 1668 827 1710 voces
850 1654 1299 1726 exposuitzunde
1332 1655 1770 1728 Origenistarum
1807 1665 1961 1713 secta

2056 839 2338 909 ῥημάτων.
2378 835 2595 908 Ταύτην
2641 835 2778 907 ὁμοῦ
2808 836 2989 889 πᾶσαν
3029 834 3133 906 τὴν
3188 832 3577 904 πραγματείαν
3612 833 3635 885 6

2056 926 2197 997 ἀνὴρ
2253 926 2397 998 μετὰ
2450 926 2702 997 καμάτου
2764 924 3198 996 πεφιλοτίμητοο
3257 924 3382 979 ἀλλ’
3434 925 3534 977 οὑκ
3569 926 3637 986 εἰς

2057 1018 2210 1083 τέλος
2250 1018 2311 1072 τὸ
2346 1017 2505 1081 κλέος
2537 1017 2704 1072 αὑτοῦ
2738 1017 3000 1073 άσόεστον
3035 1016 3278 1088 διήνυσε.
3324 1015 3636 1087 Συμεέσηκε

2057 1112 2169 1183 γὰρ
2202 1109 2352 1181 αὑτῷ
2382 1109 2444 1164 τὸ
2477 1110 2581 1182 τῆς
2610 1109 2969 1181 πολυπειρίας
2993 1110 3075 1173 εἰς
3112 1108 3258 1180 μέγα
3296 1107 3533 1178 πτῶμα.
3564 1106 3639 1170 Ἐξ

2058 1202 2223 1257 αὑτοῦ
2256 1202 2366 1275 γὰρ
2395 1201 2490 1257 τοῦ
2538 1203 2745 1258 σκοποῦ
2780 1202 3105 1274 βουλόμενος
3151 1202 3323 1272 μηδὲν
3358 1200 3474 1254 τῶν
3502 1199 3640 1253 θείων

2059 1294 2291 1366 Γραφῶν
2335 1294 2497 1348 ἐάσαι
2527 1295 2956 1366 ἁνερμήνευτον,
2986 1294 3068 1357 εἰς
3119 1292 3434 1363 ἐπαγωγὴν
3472 1289 3639 1344 ἑαυτὸν

2061 1386 2382 1459 περιέϐαλεν
2414 1388 2721 1459 ἁμαρτίας,
2754 1389 2849 1442 καὶ
2891 1388 3169 1459 θανάσιμα
3207 1384 3534 1456 ἐξηγήσατο
3563 1382 3642 1453 ῥή-

2065 1492 2243 1547 ματα’
2277 1475 2336 1542 ἐξ
2377 1468 2550 1549 οὗπερ
2578 1478 2629 1530 οἱ
2680 1477 3087 1546 Ὠριγενιασταὶ
3144 1474 3517 1545 καλούμενοι,
3561 1471 3642 1540 οὐχ

2060 1567 2112 1620 οἰ
2144 1566 2353 1638 πρῶτοι
2373 1567 2412 1632 ί,
2448 1568 2497 1621 οἱ
2546 1568 2648 1638 τὴν
2680 1568 3095 1640 αἰσχρουργίαν.
3121 1568 3199 1621 Οὑ
3232 1566 3350 1637 γὰρ
3397 1564 3508 1635 ἐχω
3537 1560 3644 1631 πεῷ

2064 1656 2289 1712 ἐκείνων
2329 1656 2545 1727 λέγειν,
2595 1657 2672 1722 ὡς
2720 1658 2816 1712 καὶ
2861 1658 2964 1729 ήδη
3011 1659 3312 1729 προεῖπον,
3368 1656 3421 1709 εἰ
3468 1656 3532 1707 ἐκ
3563 1651 3641 1705 τοῦ

372 1742 652 1814 proﬂuxit,
686 1759 797 1803 non
827 1747 1175 1817 superiorum
1216 1748 1457 1816 illorum,
1488 1749 1584 1819 qui
1617 1748 1821 1820 insigni
1843 1759 1959 1804 tur-

2082 1747 2384 1820 Ὠριγένους
2416 1747 2513 1802 τοῦ
2544 1749 2637 1804 καί¹
2657 1748 3017 1820 ’Δδαμαντίου
3042 1748 3319 1820 ἐσχήκασι
3338 1747 3445 1817 τὴν
3469 1743 3641 1816 ἀρχὴν,

373 1836 620 1911 pitudine
674 1844 823 1894 sunt.
880 1835 957 1893 De
1014 1839 1122 1897 illis
1168 1840 1337 1907 enim,
1380 1847 1439 1894 ut
1479 1848 1606 1896 ante
1634 1840 1769 1905 dixi,
1821 1841 1957 1895 certi

373 1927 515 1983 nihil
546 1927 815 1986 allirmare
844 1944 1071 2001 possum
1090 1969 1103 1994 ,
1135 1938 1317 1987 utrum
1350 1930 1418 1986 ab
1447 1931 1773 1986 Adamantio
1797 1929 1956 2003 527

374 2015 632 2090 Origene,
682 2033 751 2073 an
808 2019 879 2076 ab
928 2020 1113 2091 aliquo
1159 2021 1288 2087 alio,
1330 2021 1422 2092 qui
1464 2028 1519 2076 et
1550 2006 1814 2092 Origenes
1844 2023 1961 2091 ipse

376 2108 676 2177 diceretur,
729 2111 945 2169 initium
1005 2114 1335 2184 acceperint.
1386 2113 1657 2169 Caeterum
1710 2113 1960 2169 eumdem

377 2201 531 2259 illum
581 2202 871 2276 Origenem
924 2213 1155 2261 narrant
1200 2206 1458 2278 quiddam
1490 2206 1543 2261 in
1574 2206 1962 2276 corpusculum

379 2295 724 2366 excogitasse
777 2312 975 2366 suum];
1034 2301 1149 2354 sive
1200 2313 1429 2354 nervum
1491 2298 1619 2362 sibi,
1650 2307 1710 2352 ut
1738 2298 1962 2370 quidam

377 2386 715 2455 existimant,
759 2388 1035 2456 inciderit,
1067 2407 1178 2462 quo
1208 2407 1268 2447 se
1302 2391 1684 2447 illecebrarum
1717 2392 1967 2459 molestia

381 2477 667 2549 liberaret,
710 2497 889 2552 neque
922 2473 1178 2554 turpibus
1221 2484 1471 2553 corporis
1525 2484 1767 2539 motibus
1823 2484 1970 2538 velut

380 2569 637 2628 incendio
666 2573 908 2644 quodam
931 2581 1192 2632 aestuaret
1220 2594 1234 2643 ;
1271 2575 1406 2641 sive,
1436 2576 1580 2646 quod
1620 2576 1711 2629 alii
1736 2575 1966 2641 malunt,

380 2661 785 2721 medicamento
837 2665 1024 2741 aliquo
1068 2666 1319 2738 partibus
1358 2666 1469 2723 illis
1508 2666 1767 2736 imposito
1797 2665 1971 2721 resic-

381 2754 542 2811 carit.
563 2753 708 2813 Sunt
759 2756 851 2827 qui
902 2757 1009 2812 alia
1043 2757 1292 2830 quaedam
1343 2757 1423 2813 illi
1486 2757 1748 2822 tribuant,
1803 2756 1971 2813 veluti

382 2843 531 2916 quod
559 2846 625 2903 ad
647 2845 947 2918 iuvandam
979 2848 1301 2905 memoriam
1329 2848 1652 2905 medicatam
1677 2846 1972 2920 quamdam

2065 1840 2100 1912 ἢ
2126 1839 2311 1913 ἕτερόν
2357 1856 2481 1894 τινα
2523 1839 2766 1912 ἀρχηγὸν
2799 1840 3121 1912 ἐσχήκασιν,
3175 1839 3473 1911 Ὠριγὲνην
3511 1836 3641 1904 λεγό-

2072 1948 2250 2003 μενον.
2269 1931 2409 1986 Φασὶ
2430 1932 2486 1986 δέ
2512 1932 2609 1987 καὶ
2641 1931 2949 1988 τοῦτοντὸν
2986 1930 3275 2004 Ὠριγένην
3308 1927 3644 1998 ἐπινενοηκέ-

2069 2040 2159 2077 ναι
2182 2022 2361 2095 ἐαυτῷ
2393 2022 2534 2077 κατὰ
2570 2024 2632 2078 τὸ
2666 2024 2962 2096 σωμάτιον.
2993 2026 3056 2079 Ol
3096 2024 3195 2095 μὲν
3222 2022 3455 2092 λέγουσι
3478 2018 3643 2092 νεῦρον

2071 2116 2516 2188 άποτετμηκέναι
2551 2115 2641 2169 διὰ
2679 2116 2741 2169 τὸ
2776 2115 2851 2187 μὴ
2888 2115 3049 2187 ήδονῇ
3078 2113 3362 2185 ὀχλεῖσθαι
3384 2153 3401 2176 ,
3448 2111 3575 2183 μηδὲ
3600 2110 3645 2161 ἐν

2070 2209 2192 2270 ταῖς
2235 2207 2482 2278 κινήσεσι
2538 2210 2660 2273 ταῖς
2721 2208 3061 2280 σωματικαῖς
3105 2205 3414 2277 φλέγεσθαι
3471 2219 3527 2257 τε
3569 2198 3645 2255 καί

2073 2298 2493 2370 οιτυρϐολεῖσθαι⁹
2525 2298 2676 2354 ἄλλοι
2703 2299 2761 2351 δὲ
2791 2298 2911 2369 οὑχί
2940 2313 3128 2367 φασιν,
3148 2296 3287 2350 ἀλλὰ
3319 2292 3579 2364 ἐπενόησέ
3604 2307 3646 2343 τι

2076 2391 2366 2462 φάρμακον
2412 2390 2680 2445 ἐπιθεῖναι
2712 2392 2825 2455 τοῖς
2868 2390 3116 2461 μορίοις,
3161 2389 3257 2443 καὶ
3294 2386 3642 2458 ἀποξηρῶαι.

2075 2483 2298 2554 ’Έτεροι
2327 2481 2385 2537 δὲ
2424 2484 2519 2538 καὶ
2557 2484 2691 2538 ἄλλα
2724 2485 2804 2549 εἰς
2836 2483 2997 2538 αὑτὸν
3030 2484 3331 2553 ἀναφέρειν
3373 2478 3645 2551 τολμῶσιν.

2073 2573 2148 2636 ὡς
2179 2574 2261 2627 ὅτι
2307 2574 2401 2628 καὶ
2442 2574 2672 2647 βοτάνην
2717 2575 2843 2630 τινὰ
2879 2574 3114 2648 εὕρηκεν
3163 2572 3425 2645 ἰατρικὴν
3454 2571 3648 2642 μνήμης

2073 2664 2258 2720 ἕνεκα.
2291 2666 2405 2721 Καὶ⁴
2440 2667 2509 2721 τὰ
2554 2669 2652 2738 μὲν
2695 2668 2979 2740 ὑπέρογκα
3018 2668 3161 2739 ὑπὲρ
3198 2665 3375 2719 αὑτοῦ
3408 2662 3647 2732 λεγόμενα

2075 2756 2219 2811 πάνυ
2264 2758 2747 2832 πεπιστεύκαμεν
2799 2761 2950 2832 ὅμως
2992 2759 3062 2813 τὰ
3105 2758 3390 2830 λεγόμενα
3437 2752 3649 2820 ἐξειπεῖν

2076 2847 2138 2901 οὑ
2170 2849 2566 2922 παρελίπομεν.

383 2936 612 2995 herbam
666 2941 956 3011 repererit.
1021 2939 1155 3008 Quae
1191 2940 1359 3013 igitur
1410 2940 1641 3013 grandia
1693 2940 1762 2995 de
1797 2940 1893 2994 illo
1923 2954 1988 2994 ac
2017 2940 2306 3010 magniﬁca
2356 2943 2688 3013 produntur,
2727 2958 2841 2999 non
2890 2942 3116 2999 omnino
3174 2942 3283 2999 lide
3340 2949 3508 3013 digna
3542 2948 3648 2991 cell-

384 3047 594 3091 semus.
653 3032 1031 3094 Nihilominus
1089 3052 1212 3108 qum
1258 3037 1537 3093 communi
1583 3050 1837 3092 sermone
1864 3034 2319 3105 percrebuerunt,
2359 3038 2643 3109 praeterire
2672 3039 2974 3094 noluimus.
3136 3036 3173 3063 '

456 3124 546 3185 ιν.
590 3127 750 3203 Quod
778 3130 845 3189 ad
880 3131 1135 3190 haeresim
1163 3131 1311 3187 illam
1343 3133 1558 3199 attinet,
1595 3131 1757 3201 cujus
1785 3137 1976 3186 auctor

2153 3131 2228 3187 A'.
2271 3134 2337 3187 Ἦ
2381 3134 2440 3189 δέ
2489 3134 2549 3200 ἐξ
2580 3133 2745 3190 αὑτοῦ
2777 3133 2925 3204 φῦσα
2960 3134 3194 3204 αἵρεσις,
3237 3132 3462 3203 πρῶτον
3489 3127 3578 3201 μὲν
3600 3124 3647 3178 ἐν

386 3219 515 3290 fuit,
542 3236 609 3279 ca
648 3223 889 3294 primum
925 3224 994 3279 1n
1024 3221 1265 3297 Egypto
1291 3231 1609 3296 propagata,
1643 3220 1807 3280 hodie
1835 3224 1980 3279 inter

386 3313 715 3384 praecipuos,
767 3322 933 3386 atque
974 3330 1073 3371 eos
1119 3314 1355 3370 maxime
1388 3313 1555 3385 viget,
1590 3312 1684 3383 qui
1715 3312 1975 3369 monasti-

392 3412 522 3459 cum
554 3405 681 3459 vitae
713 3419 885 3476 genus
931 3405 1117 3476 specie
1146 3407 1269 3476 ipsa
1294 3404 1620 3476 proﬁtentur
1643 3423 1656 3458 :
1683 3404 1885 3476 quippe
1921 3419 1983 3462 se

389 3500 447 3546 et
484 3492 540 3547 in
578 3493 908 3549 solitudines
946 3493 1299 3562 abdiderunt,
1332 3501 1409 3550 et-
1436 3501 1812 3565 paupertatem
1856 3510 1979 3567 pro-

395 3584 618 3643 ﬁtentur
649 3600 665 3639 :
698 3584 964 3659 pestifera
1000 3585 1091 3643 illa
1133 3584 1377 3656 quidem,
1409 3599 1475 3643 ac
1529 3593 1742 3641 veteres
1790 3600 1984 3643 omnes

388 3679 743 3751 improbitate
775 3693 1063 3751 superans,
1115 3692 1350 3750 quarum
1394 3692 1613 3736 errores
1664 3679 1984 3749 complecti-

394 3780 506 3827 tur.
541 3769 677 3826 Nam
706 3770 834 3827 licet
869 3770 1083 3825 nullum
1111 3769 1479 3831 sectatoribus
1513 3770 1630 3827 suis
1662 3786 1824 3827 usum
1866 3779 1987 3826 tur-

394 3864 665 3938 pitudinis
696 3864 963 3934 imponat,
1002 3860 1298 3919 absurdam
1329 3870 1513 3921 tamen
1554 3863 1882 3935 impiamque
1919 3863 1988 3920 de

401 3956 512 4011 Deo
546 3953 879 4011 sententiam
924 3967 1021 4023 per
1044 3966 1315 4008 summam
1348 3952 1741 4023 turpitudinem
1770 3953 1983 4009 inserit.

400 4045 477 4105 Ex
513 4046 621 4101 hoc
645 4044 792 4100 enim
823 4043 974 4097 fonte
992 4041 1202 4097 erroris
1231 4041 1318 4097 sui
1352 4057 1539 4098 ansam
1564 4043 1730 4100 Arius
1757 4043 1986 4113 accepit,

399 4149 465 4191 ac
522 4133 720 4205 reliqui
763 4131 1022 4208 deinceps
1069 4144 1283 4197 omnes,
1334 4131 1482 4187 velut
1530 4132 1781 4193 Anommi
1834 4142 1888 4189 et
1934 4132 1990 4188 id

399 4242 573 4300 genus
599 4226 714 4287 alii.

473 4318 754 4389 Principio
784 4335 851 4374 eo
875 4319 1198 4375 temeritatis
1222 4333 1550 4389 pregressus
1576 4326 1681 4381 est,
1700 4325 1761 4371 ut
1784 4325 1993 4373 asserat

2079 3227 2147 3297 τῇ
2177 3225 2286 3280 τῶν
2312 3226 2631 3295 Αἰγυπτίων
2658 3227 2814 3299 χώρα
2852 3227 3192 3299 ὑπάρχουσα,
3231 3225 3301 3279 τὰ
3330 3224 3433 3279 νῦν
3456 3222 3510 3276 δέ
3539 3217 3646 3290 παρ’

2082 3321 2268 3384 αὑτοῖς
2288 3322 2401 3383 τοῖς
2428 3319 2807 3391 ἐξοχωτάτοις,
2826 3322 2923 3375 καὶ
2954 3318 3171 3373 δοκοῦσι
3201 3317 3294 3371 τὸν
3321 3318 3535 3389 μονήρη
3556 3311 3648 3382 βίον

2082 3412 2459 3483 ἀναδέχεσθαι,
2488 3413 2642 3484 παρά
2667 3414 2781 3476 τοῖς
2820 3411 2982 3482 φύσει
3024 3411 3169 3466 κατὰ
3196 3410 3442 3490 ἐρημίας
3464 3409 3644 3475 ἀναχω-

2086 3503 2242 3576 ροῦσί
2292 3521 2352 3559 τε
2404 3506 2499 3560 καὶ
2526 3505 2624 3576 τὴν
2667 3507 3054 3575 άκτημοσύνην
3092 3503 3408 3574 ἑλομένοις,
3433 3497 3571 3564 δεινή
3600 3507 3647 3544 τε

2086 3595 2183 3650 καὶ
2207 3595 2370 3667 αὕτη,
2418 3597 2515 3651 καὶ
2550 3596 2740 3651 πασῶν
2770 3594 2881 3649 τῶν
2911 3594 3159 3650 παλαιῶν
3192 3591 3587 3665 μοχθηροτέραν
3619 3583 3647 3651 ἢ

2087 3687 2183 3741 καὶ
2212 3688 2309 3741 σὺν
2348 3686 2579 3751 ἐκείνοις
2619 3686 2692 3740 τὰ
2735 3687 2900 3757 ὅμοια
2942 3682 3236 3758 φρονοῦσα.
3282 3683 3409 3737 Κᾶν
3439 3680 3544 3752 γὰρ
3583 3672 3649 3728 αἰν

2091 3779 2365 3851 σχρότητα
2391 3778 2658 3833 ἐπιτελεῖν
2693 3780 2753 3832 οὑ
2791 3777 3200 3851 παρασκευάζει
3228 3777 3358 3839 τοὺς
3399 3775 3531 3843 αὑτῇ
3563 3784 3647 3840 μα·

2090 3869 2520 3941 θητευομένους,
2562 3869 2681 3924 ἀλλ⁹
2723 3865 2818 3922 οὖν
2864 3885 2929 3938 γε
2970 3865 3036 3921 δι’
3081 3858 3449 3938 αἰσχρότητος
3500 3856 3649 3924 δεινὴν

2093 3960 2350 4014 ὑπόνοιαν
2393 3962 2473 4023 εἰς
2512 3959 2643 4013 αὑτὸ
2673 3959 2735 4013 τὸ
2773 3960 2926 4014 Θεῖον
2974 3958 3290 4029 ἐνσκήπτει.
3339 3956 3444 4010 Ἐκ
3487 3949 3647 4006 τούτου

2092 4048 2203 4121 γὰρ
2258 4051 2354 4104 καὶ
2401 4053 2430 4104 ὁ
2484 4050 2702 4121 ’Ἄρειος
2743 4048 2842 4113 τὰς
2881 4047 3186 4120 προφάσεις
3219 4044 3452 4114 εἴληφε,
3490 4038 3574 4094 καί
3611 4032 3648 4086 οἱ

2093 4138 2349 4210 καθεξῆς,
2374 4139 2643 4210 Ἀνόμοιοί
2670 4155 2730 4192 τε
2761 4138 2853 4194 καὶ
2883 4136 3055 4191 ἄλλοι.

2163 4318 2368 4374 Φάσκει
2396 4317 2505 4390 γὰρ
2528 4311 2703 4386 οὗτος,
2732 4317 3005 4391 τολμήσας
3023 4315 3185 4388 δῆθεν
3210 4312 3354 4368 κατά
3384 4312 3483 4383 τὴν
3504 4303 3648 4378 ἀρχὴν

404 4409 748 4482 unigenitum
785 4409 984 4469 Filium
1019 4408 1237 4466 Patrem
1268 4409 1452 4465 videre
1480 4425 1589 4464 non
1613 4423 1795 4479 posse,
1816 4423 1976 4478 nequi

2095 4410 2295 4479 λέγειν,
2334 4410 2551 4481 πρῶτον
2579 4410 2698 4481 μὲν,
2735 4411 2817 4463 ὅτι
2841 4411 2870 4463 ὁ
2890 4408 3019 4472 Υἱὸς
3045 4410 3074 4462 ὁ
3111 4404 3408 4478 μονογενὴς
3435 4401 3555 4472 ὸρᾷν
3578 4394 3647 4447 τὸν

407 4501 676 4574 Spiritum
711 4483 932 4567 Filium,
992 4517 1171 4572 neque
1224 4501 1450 4572 angelos
1497 4497 1783 4570 Spiritum,
1815 4514 1976 4569 neque

2101 4499 2321 4572 Πατέρα
2347 4499 2411 4552 οὑ
2445 4497 2701 4554 δύναται·
2743 4498 2879 4554 ἀλλὰ
2914 4497 3037 4552 οὔτε
3067 4497 3128 4550 τὸ
3161 4493 3391 4565 Πνεῦμα
3430 4494 3516 4546 τὸν
3547 4485 3649 4540 Υἱῦν

405 4593 659 4653 homines
707 4593 952 4665 angelos.
982 4591 1163 4664 Atque
1212 4592 1303 4648 hic
1358 4593 1570 4665 primus
1624 4591 1770 4646 illius
1808 4591 1997 4661 lapsns

407 4684 532 4744 fuit.
563 4682 643 4745 Ita
692 4686 840 4744 enim
890 4702 957 4743 ex
1025 4684 1204 4742 Patris
1261 4683 1569 4741 substantia
1628 4679 1826 4736 Filium
1875 4695 1998 4735 esse

406 4785 621 4848 censet,
666 4786 725 4835 ut
754 4777 1120 4836 nihilominus
1159 4785 1382 4834 creatus
1437 4774 1625 4832 fuerit.
1650 4773 1822 4847 Quem
1871 4772 1999 4844 qui-

407 4869 533 4927 dem
563 4871 681 4927 sola
714 4870 769 4930 id
804 4871 979 4942 gratia
998 4872 1366 4929 ‘consecutum
1412 4868 1711 4935 existimat,
1744 4876 1801 4922 ut
1826 4864 2000 4920 Filius

411 4961 710 5019 diceretur.
745 4959 854 5017 Sed
913 4961 1037 5017 aliis
1097 4962 1257 5033 longe
1313 4961 1662 5033 gravioribus
1715 4958 1999 5015 erroribus

411 5053 723 5126 implicatus
760 5061 867 5110 est.
909 5051 1047 5114 Nam
1082 5052 1321 5113 animam
1370 5051 1611 5109 hominis
1639 5056 1768 5112 ante
1799 5065 2001 5120 corpus

356 5212 367 5219 α
412 5146 694 5206 exstitisse
719 5152 893 5219 putat,
927 5154 986 5203 et
1033 5144 1256 5201 easdem
1297 5147 1520 5215 angelos
1549 5157 1693 5208 esse,
1745 5142 2005 5196 virtutes-.-

415 5252 524 5310 que
570 5239 906 5311 superiores,
966 5254 1090 5310 qua:
1145 5239 1291 5313 quod
1348 5245 1569 5311 peccata
1603 5232 2002 5297 contraxerint,

419 5331 676 5405 supplicii
707 5345 875 5388 causa
906 5331 962 5389 in
996 5331 1102 5387 hoc
1129 5347 1334 5402 corpus
1361 5330 1588 5385 inclusa:
1617 5337 1780 5394 sunt;
1810 5325 2000 5397 proin-

417 5422 597 5496 deque
622 5427 689 5479 ad
725 5438 918 5495 pennas
944 5422 1264 5480 subeundas
1306 5439 1337 5479 a
1386 5421 1498 5478 Deo
1534 5418 1789 5491 relegari,
1825 5427 1886 5473 ut
1915 5418 2004 5473 hic

414 5515 606 5590 judicli
641 5515 842 5587 prioris
896 5514 1304 5575 damnationem
1345 5513 1673 5572 sustineant.
1712 5508 1888 5585 Quam
1931 5509 2004 5568 ob

512 5670 529 5707 ‘
562 5667 751 5730 “ansa
785 5680 869 5729 est
896 5670 1087 5728 oratio.

2096 4590 2321 4644 δύναται
2347 4588 2665 4655 θεάσασθαι,
2690 4588 2812 4643 οὔτε
2839 4588 2947 4662 μὴν
2967 4587 3187 4658 ἄγγελοι
3212 4587 3270 4640 τὸ
3289 4585 3531 4655 Πνεῦμα,
3551 4574 3647 4631 οὔτε

2097 4684 2147 4735 οἱ
2183 4681 2462 4753 ἄνθρωποι
2486 4682 2612 4746 τοὺς
2650 4681 2938 4751 ἀγγέλους.
2976 4681 3088 4735 Καὶ
3109 4678 3251 4750 αὕτη
3289 4677 3484 4748 πρώτη
3514 4664 3648 4726 αὑτοῦ

2098 4778 2132 4846 ή
2166 4775 2394 4840 πτῶσις.
2433 4774 2529 4828 Ἐκ
2561 4774 2672 4845 γὰρ
2722 4775 2825 4845 τῆς
2860 4772 3049 4836 οὐσίας
3089 4770 3185 4824 τοῦ
3238 4768 3456 4839 Πατρδς
3495 4762 3647 4818 τοῦτον

2099 4868 2434 4938 εἰσηγεῖται,
2475 4865 2693 4919 κτιστὸν
2731 4864 2790 4918 δὲ
2841 4864 2977 4935 ἅμα.
3031 4858 3291 4915 Βούλεται
3335 4860 3393 4912 δὲ
3433 4858 3505 4920 ὡς
3540 4846 3648 4906 κατά

2099 4961 2258 5032 χάριν
2286 4959 2378 5013 τὸν
2420 4959 2550 5025 Υἰδν
2580 4957 2743 5019 αὑτὸν
2784 4955 3067 5012 καλεῖσθαι
3105 4954 3304 5024 λέγειν.
3344 4952 3467 5006 Εἰσὶ
3503 4947 3552 5000 δὲ
3578 4940 3646 5032 καὶ

2099 5027 2258 5104 ἆλλαι
2294 5048 2461 5103 αὑτοῦ
2503 5045 2739 5110 πτώσεις
2786 5045 3027 5117 μείζους.
3073 5044 3185 5113 Τὴν
3220 5041 3401 5113 ψυχὴν
3436 5035 3535 5107 γὰρ
3575 5027 3646 5091 τὴν

2100 5139 2445 5214 ἀνθρωπείαν
2475 5139 2623 5207 λέγει
2664 5137 3068 5210 προῡπάρχειν,
3099 5132 3368 5202 ἀγγέλους
3401 5130 3455 5183 δὲ
3485 5122 3645 5214 sed?“

2102 5211 2274 5296 ‘M‘:
2328 5231 2424 5298 καὶ
2455 5230 2716 5302 δυνάμεις
2753 5229 2893 5297 ἄνω,
2938 5232 2996 5284 ἐν
3042 5225 3339 5299 ἁμαρτίαις
3378 5222 3437 5277 δὲ
3473 5211 3643 5287 ἀμπλα-

2109 5324 2381 5396 κησάσας,
2411 5324 2507 5379 καὶ
2537 5322 2729 5376 τούτου
2759 5322 2945 5376 ἕνεκεν
2972 5323 3052 5385 εἰς
3078 5318 3235 5373 τοῦτο
3259 5319 3322 5373 τδ
3350 5317 3503 5390 σῶμα
3522 5319 3641 5367 καταρ

2110 5415 2526 5487 κεκλεισμένας.
2578 5401 2909 5487 Πεπέμφθαι
2963 5413 3020 5468 δέ
3062 5413 3172 5468 ἀπὸ
3223 5412 3364 5467 Θεοῦ
3402 5413 3478 5474 εἰς
3510 5418 3641 5475 τιμω-

2114 5509 2277 5583 ρίαν,
2309 5508 2460 5575 ὃπως
2512 5494 2748 5563 ἐνταῦθα
2804 5506 3031 5580 πρώτην
3076 5505 3259 5579 κρίσιν
3326 5501 3641 5569 ὑποδέξονται-
