3846 6128
240 268 390 327 1077

917 274 1289 335 ADVERSUS
1330 277 1677 338 HEBESES
1714 282 1824 338 LIB

1931 325 1944 338 .
1986 278 2147 335 TOM.
2182 278 2306 335 I.—
2329 277 2604 334 ILERES.
2639 275 2828 332 LXIV.

3366 270 3499 328 l078

241 389 472 463 Διόπερ,
509 391 661 462 φησὶ,
696 393 791 449 καὶ
825 394 995 466 δέμας
1029 397 1294 468 κέκληται
1323 399 1382 454 τὸ
1421 402 1602 473 σῶμα,
1642 403 1731 457 διὰ
1763 403 1823 457 τὸ

1930 414 2169 466 causam,
2199 398 2297 465 ait,
2339 405 2394 455 et
2431 412 2632 469 corpus
2677 397 2847 468 δέμας
2888 392 3174 467 appellari,
3203 391 3347 464 quod
3381 408 3505 447 cor-

239 479 491 535 δεδέσθαι
543 483 642 555 τὴν
678 484 857 557 ψυχὴν
899 487 957 540 ἐν
1003 486 1082 558 τῷ
1129 487 1378 561 σώματιο
1437 491 1535 563 τὴν
1592 492 1826 547 παλαιὰν

253 567 528 638 Ἑλλήνων
561 572 777 644 μυθώδη
806 573 1058 631 ὑπόνοιαν
1089 578 1510 653 φανταζόμενος.
1537 584 1631 648 Εἰς
1657 582 1829 637 ταῦτα

238 656 305 713 δὲ
326 660 420 714 καὶ
450 660 651 731 μύθους
684 663 1186 740 ὲκτίθεται.Ψυχὴν
1215 670 1344 744 γὰρ,
1369 675 1522 744 φησὶ,
1556 673 1643 728 διὰ
1671 674 1827 729 τοῦτο

240 749 540 818 καλοῦμεν,
564 753 652 808 διὰ
673 756 735 809 τὸ
762 756 968 812 ἄνωθεν
994 759 1243 832 ὲψύχθαι.

316 928 637 1002 Μαρτυρίας
656 932 711 987 δὲ
733 935 875 989 κατὰ
892 936 982 992 τδν
1010 937 1139 993 ῐδιον
1168 938 1291 993 νοῦν
1312 940 1697 996 ὲπιπλάττεται
1719 942 1826 996 ἀπὸ

240 1018 357 1071 τῶν
380 1018 539 1075 θείων
572 1023 827 1095 Γραφῶν,
864 1028 964 1100 οὐχ
1006 1029 1181 1095 οὕτως
1215 1031 1472 1103 ἐχούσας,
1502 1032 1621 1087 οῦδὲ
1657 1033 1827 1097 οὕτως

240 1110 554 1185 δεδομένας.
570 1118 643 1170 Τὸ
662 1119 770 1192 γὰρ
791 1123 985 1189 εἰπεῖν,
1010 1127 1162 1195 φησὶ,
1180 1125 1270 1178 τὸν
1301 1127 1617 1200 Προφήτην,
1640 1126 1826 1195 Πρινὴ

241 1208 687 1277 ταπεινωθῆναι
716 1230 814 1282 με,
854 1214 969 1285 ἐγὼ
999 1216 1478 1286 ἐπλημμέλησα,
1532 1218 1594 1285 ἐξ
1634 1220 1823 1290 αὐτῆς,

244 1296 404 1363 φησὶ,
434 1298 533 1370 τῆς
569 1301 749 1373 ψυχῆς
776 1306 804 1357 ό
838 1304 1015 1374 λόγος,
1046 1306 1121 1371 ὡς
1152 1307 1263 1361 ἄνω
1294 1309 1351 1362 ἐν
1383 1308 1597 1380 οὐρανῷ
1619 1309 1828 1380 ἐπλημο

244 1385 475 1457 μέλησε,
512 1393 676 1466 πρινὴ
713 1397 771 1449 ἐν
800 1396 879 1467 τῷ
905 1397 1115 1469 σώματι
1137 1400 1594 1457 τεταπεινῶσθαι·
1632 1402 1829 1474 καὶτῷ

243 1475 457 1546 εἰπεῖν,
503 1482 697 1552 φησὶν,
737 1486 1159 1559 Ἐπίστρεψον,
1206 1491 1377 1561 ψυχή
1417 1510 1556 1561 μου.
1599 1496 1685 1560 εἰς
1714 1493 1829 1562 τὴν

242 1564 600 1625 ἀνάπαυσιν
627 1589 767 1641 σου,
802 1575 876 1640 ὡς
916 1579 1011 1632 τοῦ
1054 1579 1563 1652 ἀνδραγαθήσαντος
1597 1581 1828 1636 ἐνταῦθα

243 1657 307 1710 ὲν
332 1658 669 1736 ἀγαθοεργίᾳ
708 1667 1125 1740 ἐπιστρέφοντος
1158 1673 1238 1736 είς
1264 1673 1365 1745 τὴν
1389 1672 1502 1728 ἄνω
1521 1674 1827 1729 ἀνάπαυσιν

1930 492 2048 564 pori
2103 491 2308 563 illigata
2366 489 2437 546 sit
2489 489 2690 544 anima.
2737 487 2794 542 in
2848 501 2959 557 quo
2984 495 3161 542 vetera
3192 484 3503 539 Graecorum

1928 583 2142 640 somnia
2190 597 2255 638 ac
2314 596 2488 652 nugas
2529 581 2743 636 retexit.
2777 579 2919 653 Quin
2951 575 3247 633 nonnullas
3267 572 3332 630 ad
3358 588 3507 630 eam-

1930 673 2054 728 dem
2082 671 2410 728 sententiam
2445 670 2659 725 tabulas
2686 668 3080 723 accommodat.
3106 664 3240 719 Nam
3267 663 3504 716 animam

1930 763 2095 835 528
2125 763 2197 818 ob
2230 762 2305 828 id,
2353 760 2549 833 inquit,
2577 760 2753 833 ψυχὴν
2796 759 3050 822 dicimus.
3106 756 3251 828 quod
3289 754 3505 812 cmlitus

1929 854 2105 909 amata
2140 854 2233 909 sit.

2000 944 2080 999 Ad
2133 945 2247 999 haec
2301 951 2481 999 certas
2530 943 2597 998 ad
2651 942 2927 1013 opinionis
2984 941 3136 997 l'alste
3189 938 3503 1011 praesidium

1930 1037 2286 1092 auctoritates
2320 1035 2496 1102 aﬂert,
2521 1050 2660 1106 quas
2690 1034 2992 1106 Scripturis
3020 1032 3193 1090 sacris
3217 1045 3504 1104 perperam

1930 1127 2135 1199 attingit
2165 1147 2178 1183 :
2214 1143 2334 1199 qua:
2382 1142 2482 1184 nec
2534 1128 2606 1182 ita
2642 1141 2765 1183 sese
2819 1126 3041 1191 habent,
3066 1140 3129 1180 ae
3158 1125 3318 1196 longe
3349 1121 3507 1176 aliter

1930 1230 2060 1277 sunt
2109 1219 2285 1276 editae.
2337 1219 2492 1286 Quod
2546 1219 2692 1275 enim
2747 1233 2777 1273 a
2830 1218 3099 1289 Pmpheta
3130 1211 3457 1271 dictum-est
3487 1250 3504 1275 ,

1931 1310 2251 1383 Priusquam
2306 1312 2638 1375 Itumiliarer,
2691 1327 2783 1382 ego
2848 1311 3044 1379 deliqui
3080 1311 3119 1372 ',
3158 1307 3321 1362 verba
3384 1318 3509 1359 esse

1931 1403 2126 1457 animai
2149 1403 2322 1474 ipsius
2346 1401 2746 1475 aﬂirmat,_eum
2779 1402 2835 1457 in
2879 1401 3019 1456 cmlo
3048 1408 3209 1454 antea
3239 1395 3506 1467 deliquis-

1930 1504 2035 1557 set,
2072 1509 2235 1565 quam
2271 1495 2336 1551 ad
2377 1493 2479 1551 hoc
2527 1508 2729 1564 corpus
2775 1492 3127 1562 abjiceretur,
3169 1487 3327 1555 Quod
3378 1502 3508 1543 vero

1930 1584 2058 1639 alibi
2105 1585 2368 1656 scriptum
2419 1593 2527 1649 est,
2579 1582 2909 1646 Convertere,
2959 1582 3138 1637 animo
3181 1596 3319 1643 mea,
3352 1581 3406 1633 in
3434 1594 3507 1633 re-

1928 1677 2102 1747 quiem
2125 1687 2270 1732 tuam
2297 1681 2339 1742 ⁸,
2364 1693 2432 1733 eo
2461 1676 2809 1732 referendum
2856 1683 3028 1747 putat,
3066 1673 3210 1746 quod
3246 1671 3339 1744 qui
3368 1680 3507 1727 stre-

241 1747 335 1803 διὰ
387 1753 487 1823 τὴν
544 1757 710 1812 αὑτοῦ
766 1761 864 1831 τῆς
916 1762 1183 1831 ἐργασίας
1228 1764 1667 1836 δικαιοπραγίαν.
1714 1766 1824 1820 Καὶ

1930 1782 2038 1824 nue
2080 1776 2243 1839 atque
2284 1769 2499 1839 egregie
2534 1783 2593 1824 se
2636 1768 2690 1822 in
2729 1767 2831 1822 hoc
2882 1766 3088 1821 mundo
3140 1762 3394 1836 gesserit,
3437 1762 3507 1815 oh

244 1842 420 1898 πολλὰ
449 1845 597 1901 ἔστιν
641 1848 774 1904 ἄλλα
812 1853 1036 1907 τοιαῦτα
1060 1854 1262 1924 λέγειν.
1303 1856 1376 1909 Τὸ
1410 1856 1528 1911 κατ’
1548 1857 1732 1912 εἰκόνα
1769 1858 1828 1912 δέ

243 1947 410 2004 φησιν
436 1931 835 1996 ἀπολωλεκέναι
866 1944 957 1997 τὸν
987 1946 1177 2018 Ἀδάμ.
1213 1946 1513 2014 Ἐντεῦθεν,
1543 1952 1698 2021 φησὶ,
1736 1952 1828 2004 καὶ

242 2025 370 2090 τοὺς
410 2028 643 2098 χιτῶνας
682 2033 807 2099 τοὺς
837 2034 1197 2107 δερματίνους
1246 2041 1693 2112 ἐπισημήνασθαι
1730 2042 1828 2114 τὴν

241 2115 503 2190 Γραφὴν,
562 2123 643 2176 ὅτι
712 2125 1029 2194 Ἐποίησεν
1074 2130 1318 2197 αὐτοῖς,
1359 2133 1525 2204 φησὶ,
1574 2131 1829 2202 χιτῶνας

242 2206 632 2279 δερμιιτίνους
656 2254 671 2279 ,
729 2216 827 2269 καὶ
887 2216 1181 2274 ἐνέδυσεν
1223 2224 1447 2287 αὐτοὺς
1473 2261 1487 2286 ,
1537 2223 1598 2276 τὸ
1645 2223 1824 2293 σῶμα,

244 2297 429 2368 φησὶν,
461 2303 598 2359 ἐστί.
643 2305 753 2359 Καὶ
784 2306 952 2380 πολλή
989 2308 1071 2374 τίς
1117 2311 1235 2364 ἐστι
1266 2313 1396 2383 παρ’
1444 2312 1665 2382 αύτοῦή
1707 2315 1828 2385 ᾀδο-

246 2391 384 2461 μένη
415 2391 605 2465 χλεύη.
652 2395 763 2466 Τήν
791 2415 852 2451 τε
901 2399 1009 2454 τῶν
1047 2402 1257 2474 νεκρῶν
1298 2404 1593 2458 ἀνάστασιν
1634 2406 1826 2478 ἐλλιπῆ

244 2482 498 2545 ποιεῖται,
540 2483 614 2555 πὴ
658 2485 757 2555 μὲν
788 2485 931 2559 λόγῳ
975 2490 1256 2561 παριστῶν
1280 2491 1511 2566 ταύτην,
1544 2495 1625 2567 πη
1650 2495 1706 2548 δὲ
1743 2496 1828 2563 ἐξ·

243 2573 575 2645 αρνούμενος
605 2578 935 2646 τελεώτατα,
958 2581 1147 2636 ἄλλοτε
1177 2583 1235 2637 δὲ
1257 2584 1351 2639 καὶ
1380 2586 1547 2657 μέρος
1569 2585 1629 2652 εξ
1658 2588 1828 2659 αὐτῆς

244 2662 581 2722 ἀνίστασθαι.
628 2668 946 2742 Ἀλληγορεῖ
995 2670 1052 2725 δὲ
1100 2674 1284 2728 λοιπὸν
1322 2677 1532 2749 ὅσαπερ
1579 2678 1823 2741 δύναται,

202 2751 333 2808 ’τόν
380 2773 439 2810 τε
486 2759 815 2831 παράδεισον
842 2805 857 2830 ,
906 2764 976 2818 τά
1019 2782 1079 2819 τε
1124 2766 1314 2821 τούτου
1347 2767 1551 2833 ὕδατα,
1614 2772 1708 2824 καὶ
1758 2772 1828 2824 τὰ

249 2845 427 2902 ἐπάνω
458 2849 568 2904 τῶν
603 2853 874 2925 οὐρανῶν,
924 2856 1018 2909 καὶ
1055 2857 1115 2910 τὸ
1146 2856 1289 2930 ὕδωρ
1318 2859 1383 2911 τὸ
1428 2860 1685 2914 ὑποκάτω
1726 2863 1826 2933 τῆς

245 2936 366 3005 γῆς.
404 2936 589 2994 Ταῦτα
638 2942 695 2996 δὲ
747 2945 947 2999 καὶτὰ
986 2945 1198 3011 τούτοις
1246 2948 1409 3019 ὃμοια
1456 2949 1710 3022 φλυαρῶν
1763 2952 1825 3005 οὐ

244 3026 526 3086 διαλείπει.
565 3034 706 3105 Ἤδη
734 3036 790 3091 δὲ
825 3038 918 3090 καὶ
957 3038 1015 3091 ὲν
1042 3039 1222 3103 ἄλλοις
1254 3043 1365 3094 τισὶ
1393 3043 1578 3107 τόποις
1603 3043 1672 3097 τὰ
1714 3062 1826 3097 τοι·

245 3118 538 3196 αῦτα³περὶ
567 3127 733 3180 αὐτοῦ
768 3130 1098 3201 μνησθέντες
1119 3130 1597 3204 διεξεληλύθαμεν.

1934 1856 2195 1925 praeclara
2219 1871 2317 1912 sua
2344 1854 2487 1911 facta
2519 1856 2795 1925 vitamque
2813 1870 2878 1910 ex
2895 1854 3108 1925 justitia
3127 1860 3504 1922 temperatam,

1932 1947 1999 2002 ad
2030 1962 2340 2018 supremam
2368 1947 2512 2001 illam
2539 1944 2930 2017 caelestemque
2961 1944 3203 2015 requiem
3234 1957 3357 1998 sese
3378 1955 3509 1996 cou-

1930 2050 2126 2097 vertat.
2153 2040 2423 2097 Sexcenta
2453 2040 2520 2096 ad
2548 2055 2673 2095 eum
2695 2039 2916 2095 modum
2932 2035 3350 2095 commemorari
3379 2050 3508 2105 pos-

1931 2142 2080 2190 sunt.
2133 2133 2269 2189 Illud
2325 2149 2487 2205 porro
2536 2133 2755 2200 divinae,
2790 2131 2936 2202 quod
2973 2131 3227 2193 habebat,
3258 2127 3509 2198 imaginis

1930 2225 2099 2281 decus
2129 2224 2398 2279 Adamum
2433 2223 2742 2294 perdidisse
2771 2230 2982 2278 narrat.
3011 2220 3150 2275 llinc
3174 2228 3281 2284 est,
3309 2218 3506 2288 inquit.

1930 2316 2075 2386 quod
2109 2316 2459 2385 pellieearum
2510 2315 2825 2370 tunicarum
2864 2314 2919 2369 in
2950 2311 3234 2383 Scriptura
3264 2310 3325 2364 lit
3352 2323 3503 2364 men-

1932 2408 2006 2462 tio
2037 2426 2049 2461 :
2085 2404 2232 2460 Fecit
2294 2407 2401 2460 illis
2448 2408 2656 2461 tunicas
2709 2404 2977 2475 pellicem,
3016 2414 3063 2458 et
3096 2403 3264 2457 induit
3291 2402 3431 2472 ipso:
3463 2400 3505 2455 ⁸.

1930 2497 2085 2564 Quod
2114 2497 2183 2552 de
2207 2513 2439 2568 corpore
2470 2498 2690 2568 accipit.
2720 2496 2959 2551 Omnino
2988 2495 3197 2549 infinita
3243 2495 3348 2548 alia
3380 2502 3510 2548 sunt

1930 2590 1999 2646 ab
2030 2604 2098 2645 eo
2125 2589 2410 2645 decantata
2458 2589 2731 2661 dogmata,
2763 2588 2879 2643 risu
2924 2602 2990 2642 ac
3036 2585 3272 2641 ludibrio
3319 2584 3504 2655 digna.

1930 2678 2064 2752 Nam
2114 2688 2170 2736 et
2215 2686 2555 2735 mortuorum
2613 2677 3072 2734 resurrectionem
3130 2688 3381 2729 mancam
3444 2687 3509 2727 ae

1928 2770 2195 2825 defectam
2230 2768 2449 2825 asserit.
2480 2766 2655 2833 Quam
2687 2766 2905 2837 quidem
2962 2765 3157 2837 partim
3216 2762 3396 2819 verbis
3426 2761 3509 2817 af-

1930 2863 2130 2930 ﬁrmat,
2166 2861 2362 2932 partim
2413 2858 2659 2914 funditus
2714 2858 2873 2914 tollit.
2919 2858 3069 2912 Alias
3119 2870 3248 2910 vero
3297 2862 3506 2925 partem

1927 2955 2195 3009 duntaxat
2216 2951 2455 3007 hominis
2481 2951 2708 3006 excitari
2726 2958 2898 3021 putat.
2920 2947 3143 3005 Domum
3171 2962 3508 3020 quaecunque

1928 3051 2125 3114 potest,
2160 3042 2228 3097 ad
2267 3040 2558 3113 allegorias
2599 3038 2881 3101 transfert,
2913 3038 3059 3093 velut
3090 3037 3426 3108 paradisum,
3455 3044 3509 3091 et

1848 3130 1893 3188 ο
1926 3151 2098 3207 aquas
2147 3150 2269 3207 qua:
2319 3134 2374 3188 in
2404 3149 2469 3190 eo
2502 3140 2660 3197 sunt,
2701 3147 2933 3203 quaeque
2965 3140 3021 3186 et
3052 3145 3218 3201 supra
3252 3130 3509 3184 caelestes

248 3215 431 3281 orbes,
460 3225 513 3272 et
543 3219 652 3274 sub
689 3229 836 3275 terra
872 3224 1232 3280 collocantur.
1259 3224 1383 3279 Haec
1434 3234 1489 3281 et
1515 3226 1603 3281 his
1654 3227 1863 3283 similia
1894 3232 2101 3300 nugari.
2131 3242 2243 3283 non
2279 3228 2501 3292 desinit,
2569 3239 2803 3297 quorum
2852 3224 3182 3278 mentionem
3204 3220 3338 3291 .jam
3384 3219 3507 3275 aliis

246 3304 303 3362 in
328 3307 462 3365 locis
489 3312 844 3380 aspersimus.

315 3403 390 3457 Β.
430 3404 596 3458 Οὐδὲν
618 3405 676 3459 δὲ
710 3407 805 3460 καὶ⁸
831 3407 927 3461 νῦν
962 3408 1197 3481 λυπήσει
1221 3404 1379 3473 αὖθις
1408 3411 1467 3464 ὲν
1490 3413 1557 3482 τῇ
1587 3414 1705 3466 κατ’
1734 3413 1825 3465 ati-

246 3495 344 3567 τὴν
375 3497 587 3568 αἱρέσει
616 3498 747 3568 περὶ
773 3498 873 3569 τῆς
914 3499 1084 3555 αὑτοῦ
1119 3502 1474 3573 περιπετείας
1502 3503 1596 3557 καὶ
1634 3503 1826 3556 ὑποθέ-

249 3602 384 3651 σεως
403 3586 789 3659 διηγήσασθαι,
821 3592 918 3645 καὶ
946 3592 1007 3656 ἐξ
1034 3591 1199 3663 αὐτοῦ
1237 3593 1347 3647 τῶν
1370 3593 1462 3645 ὑπ’
1496 3593 1659 3648 αὑτοῦ
1689 3596 1824 3648 ὐπο-

251 3677 596 3749 6αλ).ομὲνων
631 3679 730 3753 τὴν
770 3682 1086 3754 ἀνατροπὴν
1125 3683 1475 3755 ποιήσασθαι.
1511 3684 1685 3755 Πολλὴ
1717 3685 1825 3755 γὰρ

144 3777 153 3783 ’
249 3772 291 3840 ήι
313 3769 502 3824 τούτου
530 3770 756 3844 ὕστερον
785 3774 1051 3846 γενομένη
1101 3776 1320 3838 ἀτοπία,
1346 3776 1448 3830 καὶ
1478 3776 1824 3846 ἐπιτήδευσις

248 3865 774 3935 παραπεποιημένης
817 3867 1056 3932 ἐννοίας,
1105 3868 1202 3920 καὶ
1255 3866 1362 3931 ἔξω
1412 3867 1679 3939 βεϐηκυῖα
1722 3869 1822 3939 τῆς

246 3953 518 4024 ἀληθείας.
554 3955 741 4022 Ἔδοξε
778 3958 887 4029 γὰρ
916 3957 1059 4012 κατὰ
1099 3960 1367 4029 αἱρέσεων
1417 3958 1606 4011 πασῶν
1645 3958 1823 4028 λέγειν

247 4045 352 4099 τῶν
383 4047 489 4117 πρὸ
516 4047 702 4112 αὑτοῦ,
739 4050 835 4102 κα)⁵
885 4048 1215 4120 ἀνατρέπειν
1266 4050 1536 4121 ἑκάστην
1598 4048 1824 4122 ὕστερον

246 4137 299 4191 δὲ
332 4140 425 4191 καὶ
461 4139 625 4203 αὐτὸς
636 4139 847 4211 αἵρεσιν
873 4142 933 4194 οὐ
961 4141 1058 4212 τὴν
1085 4140 1357 4211 τυχοῦσαν
1378 4141 1583 4213 ταύτην
1614 4142 1694 4213 τῷ
1724 4143 1826 4213 βίῳ

247 4230 494 4302 ἑξήμεσε.
528 4233 640 4286 Καὶ
669 4231 884 4303 πρῶτον
922 4233 1020 4303 μὲν
1048 4228 1142 4287 οὖν
1176 4233 1246 4287 τὰ
1275 4235 1369 4288 ὑπ’
1392 4234 1559 4289 αὐτοῦ
1593 4236 1826 4308 ρηθέντα

246 4324 321 4385 είς
343 4320 567 4393 ἔλεγχον
590 4323 691 4394 τῆς
723 4323 891 4377 αὐτοῦ
923 4326 1457 4397 παραπεποιημένης
1486 4326 1822 4382 ἐπιπλάστου

2002 3405 2069 3460 Υ.
2112 3406 2226 3463 Hoc
2275 3424 2402 3464 vero
2437 3410 2577 3473 loco,
2598 3422 2708 3478 quo
2754 3404 3215 3461 adversus'hane
3258 3402 3506 3458 haeresim

1927 3504 2201 3572 prateipne
2251 3500 2987 3572 disputamus,.temerarias
3033 3498 3181 3552 illius
3225 3496 3509 3567 opiniones
3560 3550 3577 3560 ,

1926 3608 1992 3647 ac
2018 3591 2277 3664 dogmata
2320 3602 2567 3664 repetere
2590 3608 2699 3648 non
2732 3591 3104 3663 gravabimur,
3134 3597 3190 3645 et
3219 3589 3289 3644 ab
3316 3589 3507 3645 eodem

1926 3680 2047 3750 ipso
2068 3682 2429 3736 conﬁctarutu
2469 3682 2539 3737 ab
2573 3697 2639 3737 eo
2668 3681 2971 3737 fabularum
3004 3679 3384 3736 refutationem
3421 3693 3508 3732 ar-

1924 3787 2161 3828 cessere.
2204 3772 2443 3843 Lungius
2477 3774 2678 3842 quippe
2734 3773 2995 3840 deinceps
3044 3771 3279 3825 hominis
3309 3770 3506 3824 absur-

1922 3864 2084 3928 ditas,
2115 3876 2516 3934 pravammque
2548 3861 2869 3933 Opinionum
2913 3872 2968 3917 et
3012 3877 3045 3915 a
3075 3862 3303 3916 veritate
3327 3874 3504 3916 remo-

1923 3953 2262 4009 tissimarum
2296 3954 2577 4008 ali‘ectatio
2622 3967 2915 4033 progressa
2966 3961 3073 4007 est.
3111 3951 3217 4017 Qui
3257 3964 3381 4005 cum
3410 3950 3505 4005 ad-

1922 4059 2134 4101 versus.
2167 4046 2479 4116 superiores
2539 4058 2730 4101 omnes
2782 4042 3020 4099 haereses
3072 4042 3402 4111 disputasse,
3439 4056 3505 4096 ac

1926 4136 2171 4207 singulas
2213 4138 2478 4193 evertisse
2525 4136 2678 4193 visus
2713 4135 2806 4202 sit,
2840 4144 3028 4206 postea
3060 4142 3242 4189 tamen
3267 4148 3422 4189 suam
3451 4145 3505 4189 et

1926 4230 2043 4299 ipse
2076 4229 2349 4294 haeresim,
2381 4239 2434 4285 et
2463 4230 2683 4301 quidem
2730 4227 2874 4283 haud
2918 4227 3197 4299 vulgarem
3228 4227 3284 4282 in
3315 4227 3502 4282 orbem

1925 4326 2196 4375 terrarum
2245 4321 2505 4376 evomuit.
2562 4319 2717 4375 Libet
2769 4334 2921 4383 vero,
2975 4322 3045 4375 ad
3074 4320 3503 4375 eommentitiam

245 4412 448 4476 ἑννοίας
472 4411 898 4484 παραθήσομαυ
928 4413 1120 4468 ἔπειτα
1152 4414 1211 4468 δὲ
1242 4416 1338 4469 καὶ
1362 4417 1431 4471 τὰ
1457 4416 1626 4471 αὑτοῦ
1652 4418 1819 4489 ῥηθη-

1930 4409 2072 4465 illius
2119 4411 2431 4482 opinionem
2474 4411 2929 4476 convincendum,
2971 4426 3094 4483 qua:
3146 4411 3217 4466 ab
3261 4426 3329 4467 eo
3358 4412 3504 4466 dicta

248 4500 447 4573 σόμενα
492 4506 590 4574 τῆς
625 4504 785 4575 ήμῶν
830 4504 1182 4575 μετριότητος
1224 4504 1504 4572 ὑποδείξω.
1550 4510 1660 4563 Καὶ
1699 4508 1815 4562 ἔστι

243 4592 390 4657 τάδε,
417 4594 626 4666 ὅσαπερ
668 4596 726 4649 ὲν
768 4594 847 4664 τῷ
878 4594 1080 4667 πρώτῳ
1126 4595 1328 4667 ψαλμῷ
1368 4599 1700 4669 εἰσηγήσατο
1738 4599 1817 4670 τῷ

248 4684 365 4757 βίῳ.
430 4687 521 4741 Ἐν
553 4686 704 4759 πάσῃ
747 4686 858 4760 γὰρ
900 4687 1092 4760 Γραφῇ
1148 4689 1237 4743 ἀεὶ
1280 4689 1630 4755 ὀλισθαίνων,
1678 4692 1820 4746 κατὰ

245 4775 386 4843 λέξιν
416 4779 475 4832 ὲν
495 4781 610 4841 τοῖς
631 4779 953 4848 ἀναγκαίοις
974 4780 1304 4851 παρέπεσεν.
1332 4782 1549 4853 Ἐπειδὴ
1571 4782 1629 4834 δὲ
1656 4783 1819 4851 δγκος

246 4869 410 4934 πολύς
447 4872 596 4924 ἐστι·
648 4869 867 4939 λέγεται
907 4870 1018 4943 γὰρ
1059 4871 1262 4943 πολλὴν
1297 4875 1653 4944 πεποιηκέναι
1691 4876 1787 4929 σύν

243 4958 412 5027 ταξιν.
449 4959 545 5024 El;
577 4959 815 5030 ἑκάστην
846 4960 955 5029 γὰρ
990 4960 1233 5032 Γραφὴν,
1269 4962 1344 5026 ὠς
1384 4962 1539 5032 ἔφην,
1575 4966 1636 5016 ού
1678 4981 1818 5035 παρ-

242 5052 479 5123 ῃτήσατο
525 5053 701 5105 εἰπεῖν
730 5051 768 5106 ἃ
795 5052 942 5123 αύτῷ
973 5052 1138 5117 ἔδοξε.
1170 5053 1282 5107 Κιιῦ⁹
1305 5054 1405 5107 ὅσα
1439 5056 1536 5125 μὲν
1559 5058 1618 5108 ὲν
1651 5072 1820 5128 προσ-

241 5142 498 5213 ομιλίαις,
524 5143 618 5197 καὶ
654 5142 741 5197 διὰ
775 5142 884 5197 τῶν
912 5144 1237 5217 προοιμίων,
1268 5147 1348 5209 εἰς
1373 5143 1478 5216 ήθη
1506 5163 1566 5199 τε
1603 5149 1698 5202 καὶ
1733 5151 1814 5213 εις

244 5230 430 5300 φύσεις
452 5228 607 5296 ζώων
648 5248 709 5284 τε
770 5232 866 5285 καὶ
895 5231 1003 5285 τῶν
1042 5232 1218 5287 ἄλλων
1254 5232 1490 5305 εἴρηται,
1520 5235 1683 5305 μέσος
1721 5254 1811 5306 φε-

243 5321 467 5393 ρόμενος
517 5320 776 5385 πολλάκις
819 5322 1077 5394 χαρίεντα
1123 5323 1452 5395 διηγήσατοο
1487 5326 1587 5379 ὅσα
1627 5326 1684 5379 δὲ
1733 5330 1814 5391 εἰς

241 5410 482 5485 δόγματα
512 5414 854 5486 ἐδογμάτισε,
890 5415 983 5468 καὶ
1012 5416 1141 5487 περὶ
1166 5416 1420 5482 πίστεως,
1445 5419 1538 5472 καὶ
1573 5420 1814 5489 μείζονος

242 5503 493 5576 θεωρίας,
527 5504 636 5561 τῶν
669 5506 886 5561 πάντων
913 5505 1235 5561 ἀτοπώτατα
1261 5508 1370 5563 τῶν
1392 5510 1499 5580 πρὸ
1523 5510 1690 5565 αὐτοῦ
1720 5513 1812 5566 καὶ

314 5680 332 5715 ¹
365 5679 509 5739 i’sal.
536 5697 731 5752 exvnt,
757 5682 844 5740 67.
920 5683 940 5715 ’
961 5680 1107 5740 Psal.
1144 5697 1289 5752 cur,
1330 5683 1378 5738 7.
1458 5685 1479 5719 ³
1504 5684 1639 5741 Gen.
1676 5698 1763 5754 tu,
1791 5685 1881 5744 21.

1924 4512 2053 4559 sunt
2078 4507 2256 4575 primo
2289 4506 2711 4577 loco-subjicere
2736 4545 2753 4571 ,
2780 4506 2977 4561 deinde
2998 4521 3118 4574 quae
3146 4507 3216 4559 ab
3243 4506 3505 4558 tenuitate

1924 4605 2113 4652 nostra
2148 4598 2423 4654 adversus
2449 4599 2601 4653 illum
2643 4597 2874 4652 dicenda
2914 4596 3137 4661 fuerint,
3185 4594 3397 4650 aﬂ'erre.
3428 4597 3502 4651 Ea

1927 4703 2057 4743 vero
2083 4698 2233 4751 sunt,
2263 4703 2385 4758 quae
2426 4688 2494 4742 ad
2546 4688 2780 4759 primum
2822 4687 3092 4757 psalmum
3152 4686 3210 4739 in
3264 4686 3501 4742 medium

1927 4778 2170 4834 adduxit.
2235 4778 2368 4833 Nam
2426 4794 2549 4834 cum
2612 4780 2668 4833 in
2720 4779 2871 4835 omni
2906 4777 3189 4848 Scriptura
3240 4789 3502 4847 perpetuo

1926 4869 2091 4940 539
2122 4870 2195 4924 sit
2215 4870 2424 4940 lapsus,
2457 4871 2510 4925 in
2541 4870 2834 4943 praecipuis
2879 4885 2942 4925 ac
2970 4872 3300 4925 necessariis
3328 4871 3501 4939 petis-

1926 4962 2156 5017 simutn:
2189 4965 2423 5035 singulis
2468 4980 2609 5035 pene
2647 4966 2981 5021 dictionibus
3023 4967 3259 5021 aberrat.
3300 4963 3499 5019 Verum

1925 5053 2059 5110 illud
2093 5055 2433 5121 eofaeimus,
2463 5056 2610 5127 quod
2654 5058 2981 5127 scriptorum
3029 5057 3246 5111 illorum
3303 5057 3500 5123 ingens

1922 5147 2172 5216 quiedatn
2206 5150 2378 5204 moles
2403 5158 2510 5208 est.
2542 5150 2677 5205 Nam
2710 5148 2922 5203 inﬁnita
2953 5150 3244 5220 scripsisse
3272 5149 3497 5213 dicitur,

1921 5254 2045 5293 eum
2095 5239 2162 5293 ad
2194 5240 2442 5313 singulos
2490 5240 2786 5312 Scriptura:
2811 5241 3002 5305 libros,
3050 5256 3171 5312 quae
3223 5241 3328 5297 sibi
3356 5241 3497 5296 vide-

1923 5339 2118 5386 rentur
2166 5331 2385 5390 eﬂutire
2440 5350 2551 5390 non
2596 5336 2945 5393 dubitaverit.
2978 5337 3246 5391 Caeterum
3280 5350 3403 5405 qua:
3442 5336 3496 5390 in

1923 5424 2271 5480 sermonibus
2326 5425 2391 5480 ad
2449 5428 2708 5498 populum
2765 5427 2990 5494 habitis,
3018 5443 3081 5483 ac
3112 5427 3391 5499 prommiis
3428 5426 3497 5482 de

1924 5517 2191 5587 moribus,
2226 5526 2279 5577 et
2310 5520 2626 5577 animalium
2655 5530 2873 5591 natura,
2901 5521 3220 5592 exterisque
3249 5520 3301 5577 id
3325 5535 3495 5592 genus
