3794 6174
221 318 351 376 1081

904 328 1272 388 ADVERSUS
1312 332 1651 392 ηΑειιΕδΕε
1688 335 1818 391 LIB.
1859 334 1920 390 ll.
1958 335 2123 391 TOM.
2166 337 2278 391 1.-
2312 336 2583 393 llAZRES.
2623 336 2805 395 LXIV.

3308 339 3454 395 1032

221 430 329 501 τῆς
358 428 562 501 φυλῆς
601 433 813 503 Ἰούδα,
858 441 897 509 ’ἡ
932 440 1065 509 ῥίζα
1092 443 1289 508 Δαόὶδ,
1335 446 1567 512 ἀνοῖξαι
1598 447 1665 502 τὸ
1691 448 1788 513 βι-

1905 447 2091 502 iomini
2132 448 2320 501 scienti
2360 446 2585 510 litteras,
2631 440 2904 501 dicentes:
2932 445 3059 515 Lege
3106 447 3254 505 ista:
3296 456 3344 501 et
3374 463 3463 501 re-

220 521 390 575 σλΐον
430 524 531 578 καὶ
581 525 689 595 τὰς
734 529 886 585 ἑπτὰ
926 533 1253 603 σφραγῖδας
1293 537 1500 592 αὑτοῦ.
1553 541 1688 610 Περὶ
1730 539 1788 593 δὲ

220 611 309 665 τοῦ
339 615 701 686 ἐσφραγίσθαι
731 621 892 690 μόνον
919 621 947 672 ὁ
985 622 1206 687 Ἡσαΐας
1234 625 1406 690 οὕτως
1426 642 1441 658 ο
1484 627 1595 681 Καὶ
1621 629 1791 682 ἔσται

221 704 359 772 ὑμῖν
385 706 457 759 τὰ
489 708 727 777 ,ῥήματα
768 713 956 767 ταῦτα
1000 715 1214 781 πάντα,
1252 717 1333 783 ὡς
1376 721 1431 771 οι
1479 719 1645 789 λόγοι
1683 718 1792 772 τοῦ

219 794 456 855 βιϐλίου
489 798 706 853 τούτου
739 800 845 854 τοῦ
870 801 1373 873 ἐσφραγισμένου,
1406 804 1438 858 ὃ
1471 805 1581 858 ἐὰν
1605 803 1793 859 δῶσιν

219 887 361 939 αὐτὸ
402 886 687 957 ἀνθρώπῳ
711 892 1086 964 ἐπισταμένῳ
1130 896 1455 966 ῃοὰμματα,
1484 897 1785 967 λέγοντων

228 975 538 1046 Ἆνάγνωθι
582 981 798 1035 ταῦτα·
857 985 954 1037 καὶ
1012 985 1167 1053 ἐρεῖ·
1230 988 1312 1040 Οὐ
1352 986 1607 1057 δύναμαι
1651 987 1794 1041 ἀνα-

222 1067 468 1136 γνῶναι·
500 1072 895 1143 ἐσφράγισται
932 1076 1065 1145 γάρ.
1109 1077 1219 1131 Καὶ
1244 1077 1562 1144 δοθήσεται
1599 1078 1666 1131 τὸ
1694 1080 1793 1143 ,βι-

219 1158 389 1212 ϐλίον
435 1161 610 1215 τοῦτο
654 1166 742 1230 εις
785 1165 986 1234 χεῖρας
1014 1167 1329 1236 ἀνθρώπου
1356 1168 1443 1237 μὴ
1477 1168 1795 1237 ἐπισταμέ-

220 1265 328 1303 νου
374 1250 704 1322 γράμματα,
758 1256 859 1309 καὶ
894 1258 1045 1326 ἐρεῖ·
1092 1261 1215 1313 Οὐκ
1254 1259 1574 1327 ἐπίσταμαι
1616 1258 1795 1328 γράμ-

221 1357 393 1407 ματα.
443 1343 629 1397 Ταῦτα
649 1345 757 1418 γὰρ
770 1349 845 1421 ⁷οὐ
894 1349 1055 1418 μόνον
1091 1352 1217 1422 περὶ
1243 1351 1342 1422 τῆς
1378 1348 1795 1418 Ἀποκαλύψεως

231 1428 481 1483 Ἰωάννου
502 1435 595 1485 καὶ
628 1433 722 1488 τοῦ
772 1437 994 1491 Ἡσαΐου
1024 1438 1305 1508 νομιστέον
1342 1438 1615 1506 λέγεσθαι,
1660 1437 1797 1491 ἀλλά

221 1520 317 1572 καί
362 1522 490 1593 περὶ
524 1525 704 1596 πάσης
739 1525 888 1591 θείας
926 1528 1149 1599 Γραφῆς
1199 1530 1670 1601 ὁμολογουμένως,
1701 1529 1799 1584 καὶ

224 1613 376 1684 παρά
402 1616 512 1677 τοῖς
554 1617 789 1688 μετρίως
824 1619 1031 1673 ἐπαΐειν
1057 1619 1231 1688 λόγων
1268 1606 1797 1691 θείωνδυναμένοις,

221 1699 670 1771 πεπληρωμένοις
718 1705 1056 1775 αἰνιγμάτων
1107 1708 1201 1761 καὶ
1261 1705 1607 1780 παραϐολῶν,
1668 1724 1794 1761 σκο-

1889 535 2192 604 spondebit:
2217 535 2342 590 Non
2368 551 2580 605 possunt
2611 538 2813 607 legere;
2843 544 2919 589 est
2960 535 3097 590 enim
3134 534 3465 601 obsignatas.

1892 627 1958 680 Et
1986 626 2202 681 dabitur
2233 626 2367 681 liber
2395 629 2479 683 hic
2507 630 2559 681 in
2596 644 2783 681 manus
2810 627 3036 681 hominis
3078 626 3349 681 nescientis
3373 626 3463 679 lit-

1891 726 2067 783 teras;
2104 729 2155 777 et
2198 719 2383 774 dicet:
2426 718 2618 773 Nescio
2661 719 2864 773 litteras
2890 721 2935 772 ¹.
2983 717 3109 772 Haec
3159 718 3302 771 enim
3355 732 3467 770 non

1891 809 1959 863 ad
1993 809 2358 881 Apocalypsin
2403 810 2580 865 solum
2613 808 2861 871 Joannis,
2903 817 2997 863 aut
3028 808 3177 863 Isaise
3210 808 3464 862 vaticinia

1890 901 2165 969 pertinere
2191 903 2490 970 putandum
2523 908 2628 965 est,
2660 900 2755 956 sed
2788 900 2854 954 de
2889 901 3144 954 universa
3178 898 3460 968 Scriptura

1892 1005 2050 1045 sacra
2098 992 2316 1061 penitus
2370 991 2686 1060 accipienda
2740 996 2888 1046 sunt.
2936 989 3092 1055 Quod
3150 1003 3282 1043 sane
3319 986 3459 1056 apud

1893 1080 2015 1135 illos
2060 1081 2117 1135 in
2167 1080 2424 1136 confesso
2480 1089 2602 1142 est,
2653 1083 2746 1151 qui
2800 1081 3108 1135 divinarum
3155 1080 3461 1132 litterarum

1896 1169 2143 1223 notitiam
2184 1171 2266 1225 \el
2303 1169 2650 1225 mediocriter
2704 1170 2941 1225 assecuti
2990 1178 3138 1224 sunt.
3174 1168 3302 1233 Quae
3345 1166 3466 1236 qui-
3561 1217 3568 1224 .

1893 1259 2017 1314 dem
2043 1260 2394 1329 aenigmatum
2427 1260 2748 1322 involucris,
2778 1276 2840 1314 ac
2870 1261 3168 1329 parabolis,
3208 1258 3468 1312 tenebro-

1894 1351 2081 1420 sisque
2122 1350 2489 1413 sermonibus,
2541 1364 2605 1404 ac
2659 1350 2895 1405 diversis
2940 1350 3065 1404 aliis
3113 1349 3466 1403 obscuritatis

1893 1440 2206 1510 generibus,
2249 1455 2371 1510 quae
2415 1440 2654 1495 hominis
2702 1441 2920 1509 ingenio
2967 1438 3186 1494 diliicile
3219 1451 3469 1506 compre-

1895 1528 2232 1595 henduntur,
2278 1530 2494 1585 refertae
2528 1539 2675 1585 sunt.
2716 1530 2871 1597 Quod
2899 1539 2954 1586 et
2991 1533 3246 1585 Salvator
3278 1540 3467 1585 osteno

1896 1620 2025 1676 dere
2062 1621 2272 1687 volens,
2321 1621 2524 1677 clavem
2574 1622 2712 1691 apud
2766 1622 2990 1676 Scribas
3047 1631 3102 1676 et
3164 1619 3469 1675 Pbarismos

1895 1722 2018 1764 esse
2047 1708 2206 1773 dixit,
2248 1709 2343 1778 qui
2375 1716 2435 1764 ut
2471 1711 2616 1764 viam
2656 1710 2720 1764 ad
2747 1711 3101 1780 aperiendum
3136 1709 3467 1767 invenirent,
3567 1754 3570 1757 .

223 1788 411 1842 τεινῶν
448 1807 509 1843 τε
560 1791 756 1860 λόγων,
799 1796 895 1848 καὶ
940 1794 1116 1850 ἄλλων
1165 1797 1422 1851 ποικίλων
1461 1797 1616 1851 εἰδῶν
1660 1799 1789 1852 ἀσα-

1905 1800 2118 1854 minime
2132 1801 2548 1856 contenderent.
2581 1800 2668 1863 Et,
2716 1800 2802 1855 Vae
2833 1801 2996 1865 vobis,
3030 1792 3230 1871 inquit,
3264 1799 3472 1869 legispe-

223 1878 400 1948 φείας,
446 1880 763 1953 δυσλήπτων
796 1888 860 1956 τῇ
908 1886 1225 1962 ἀνθρωπίνῃ
1270 1888 1450 1958 φύσει.
1497 1890 1674 1961 Ὅπερ
1712 1890 1792 1945 δι-

223 1970 376 2037 δάξαι
406 1970 739 2043 βουλόμενος,
773 1977 868 2029 καὶ
898 1979 926 2030 ὁ
967 1978 1155 2049 Σωτήρ
1190 1996 1376 2050 φησιν,
1410 1980 1485 2044 ὡς
1518 1981 1616 2051 τῆς
1645 1981 1792 2035 κλει-

1902 1890 2045 1956 ritis,
2091 1892 2339 1960 quoniam
2385 1890 2588 1945 tulistis
2635 1890 2830 1945 clavem
2870 1893 3123 1953 scientiae,
3168 1905 3327 1957 neque
3368 1887 3471 1957 ipsi

1898 1985 2163 2049 intrastis,
2187 1994 2236 2038 et
2265 1986 2521 2039 intrantes
2546 2000 2648 2039 non
2675 1985 2978 2052 permittitis
3007 1984 3204 2055 ingredi
3230 1984 3270 2035 ‘.

222 2061 309 2125 δὸς
360 2062 525 2136 οὔσης
558 2066 708 2139 παρά
737 2071 848 2131 τοῖς
905 2070 1284 2139 γραμματεῦσι
1317 2072 1411 2125 καὶ
1442 2073 1777 2143 Φαρισαίοις,
1814 2075 1915 2129 οὐκ
1961 2075 2383 2145 ἀγωνιζομένοις
2428 2075 2526 2146 τὴν
2553 2075 2672 2129 ὁδὸν
2722 2075 2901 2146 εὑρεῖν
2950 2075 3042 2129 τοῦ
3087 2074 3313 2140 ἀνοῖξαι,
3390 2070 3473 2150 τό⁹

225 2155 369 2210 Οὐαὶ
435 2157 577 2226 ὑμῖν
627 2157 751 2223 τοῖς
791 2158 1088 2227 νομικοῖς⁹
1137 2159 1222 2212 ὅτι
1265 2161 1446 2228 ἤρατε
1489 2160 1602 2229 τὴν
1643 2162 1852 2218 κλεῖδα
1890 2162 1997 2232 τῆς
2053 2163 2349 2233 γνώσεως,
2398 2165 2567 2218 αὐτοὶ
2619 2167 2732 2218 οὐκ
2778 2165 3111 2237 εἱσήλθετε,
3170 2164 3268 2218 καὶ
3328 2161 3473 2228 τοὺς

223 2248 678 2319 εἰσερχομένους
706 2250 816 2302 οὐκ
856 2249 1062 2317 ἀφίετε
1097 2251 1417 2306 εἰσελθεῖν.

289 2346 363 2398 Z'.
403 2341 586 2396 Ταῦτα
616 2341 673 2395 δὲ
702 2343 831 2412 ἡμῖν
879 2343 935 2394 ἐν
966 2342 1236 2413 προοιμίῳ
1265 2341 1534 2408 λέλεκται,
1574 2347 1657 2407 εἰς
1700 2345 1795 2416 μέ-

1957 2342 2069 2398 VII.
2112 2342 2238 2398 Haec
2274 2358 2304 2396 a
2332 2343 2491 2399 nobis
2521 2343 2669 2398 velut
2693 2342 2953 2414 prmfandi
2982 2342 3155 2413 gratia
3199 2344 3474 2412 proposita

229 2450 405 2506 γιστον
455 2430 662 2501 ἀγῶνα,
719 2432 814 2485 καὶ
864 2432 1310 2502 ὁμολογουμένως
1351 2435 1491 2505 ὑπὲρ
1520 2436 1670 2506 ἡμᾶς
1703 2435 1797 2488 xui.

1905 2443 2042 2499 sntit,
2092 2435 2185 2504 qui
2241 2435 2295 2488 in
2349 2434 2649 2488 maximum
2694 2443 2994 2496 certamen,
3042 2434 3295 2503 quodque
3334 2435 3478 2492 vires

226 2526 320 2597 τὴν
349 2522 461 2588 ἐξιν
495 2521 672 2593 ἡμῶν,
705 2519 1170 2592 ἀναγκαζομένοις
1199 2523 1302 2576 ὑπὸ
1332 2524 1431 2595 τῆς
1470 2524 1669 2597 πολλῆς
1704 2542 1796 2579 σου

1905 2536 2111 2583 nostras
2163 2541 2229 2581 ac
2266 2525 2426 2596 531'
2460 2525 2778 2581 facultatem
2827 2526 2949 2580 sine
3001 2526 3109 2579 ulla
3139 2525 3479 2582 dubitatione

225 2614 602 2687 φιλομαθείας,
633 2613 727 2667 καὶ
754 2612 1189 2684 δυσωπουμένοις
1230 2615 1333 2668 ὑπὸ
1366 2619 1461 2687 τῆς
1498 2618 1798 2688 χρηστότη-

1905 2628 2122 2690 Superat
2160 2618 2227 2671 ab
2262 2618 2475 2691 ingenti
2523 2625 2641 2682 tuo,
2680 2618 2935 2673 Ambrosi
2972 2618 3057 2672 vir
3098 2619 3474 2682 sanctissime,

226 2725 315 2771 τος
348 2708 442 2760 καὶ
472 2707 571 2777 τῆς
606 2705 954 2777 μετριότητός
1001 2722 1117 2771 σου,
1166 2707 1278 2778 ἱερὲ
1324 2708 1635 2779 ’Λμϐρόσιε,
1666 2728 1796 2764 κατ-

1905 2725 2030 2781 erga
2062 2710 2274 2764 litteras
2312 2708 2497 2764 studio
2528 2709 2788 2764 concitati
2825 2708 3053 2778 fuimus,
3076 2717 3132 2765 et
3160 2717 3221 2764 ut
3258 2710 3311 2763 in
3343 2711 3477 2764 illud

223 2797 418 2879 ελθεῖν.
454 2797 562 2850 Καὶ
588 2798 670 2851 ὅτι
698 2813 761 2865 γε
793 2797 885 2851 ἐπὶ
922 2797 1054 2851 πολὺ
1099 2798 1459 2870 ἀναδυόμενόν
1495 2818 1583 2871 με,
1623 2801 1711 2855 διὰ
1738 2802 1798 2854 τὸ

1905 2801 2358 2857 descenderemus
2414 2801 2753 2855 humanitate
2808 2807 2913 2855 tua
2976 2816 3038 2856 ac
3107 2800 3480 2857 moderatione

225 2889 417 2942 εἰδέναι
448 2889 540 2942 τὸν
583 2888 824 2943 κίνδυνον
869 2889 929 2942 οὐ
983 2889 1142 2959 μόνον
1172 2888 1266 2943 τοῦ
1315 2889 1492 2960 λέγειν
1529 2895 1656 2964 περὶ
1689 2892 1798 2947 τῶν

1905 2892 2161 2963 perpulsi.
2195 2890 2650 2961 Quandoquidem
2683 2892 2776 2947 diu
2813 2907 2920 2955 me.
2947 2900 3224 2962 comperta
3248 2891 3476 2961 periculi

227 2979 418 3050 ἀγίων,
469 2979 605 3033 ἀλλά
654 2977 836 3049 πολλῷ
874 2979 1055 3034 πλεῖον
1103 2980 1197 3034 τοῦ
1247 2981 1500 3052 γράφειν,
1555 2962 1650 3036 καὶ
1686 2986 1798 3046 τοῖς

1905 2984 2303 3055 magnitudine,
2330 2993 2698 3049 recusantem,
2736 2999 2847 3039 non
2885 2984 3048 3038 modo
3089 2984 3371 3053 disputare
3409 2984 3479 3038 de

228 3070 342 3143 μεθ’
395 3070 542 3141 ἡμᾶς
570 3069 915 3137 καταλιπεῖν,
947 3071 1303 3136 παντοδαπῶς
1351 3074 1670 3144 κατεπᾴδων
1709 3092 1798 3143 φι-

1905 3079 2075 3136 sacris
2120 3078 2379 3145 Litteris,
2443 3079 2537 3134 sed
2569 3085 2624 3133 et
2666 3078 2838 3133 multo
2881 3077 3055 3147 magis
3105 3076 3366 3139 scribere,
3417 3091 3482 3131 ac

227 3159 416 3226 λικῶς,
447 3161 543 3215 καὶ
578 3161 719 3215 κατά
765 3162 1047 3234 προκοπὴν
1077 3162 1326 3235 θεότητος
1352 3167 1439 3230 είς
1474 3166 1633 3219 τοῦτο
1662 3168 1798 3239 ἠγα-

1905 3170 2138 3240 posteris
2172 3168 2508 3238 relinquere,
2557 3165 2734 3222 modis
2780 3165 3037 3220 omnibus
3092 3175 3255 3234 atque
3293 3164 3479 3218 illece-

229 3250 321 3322 τὲς
357 3266 464 3322 με’
515 3250 724 3323 μάρτυς
772 3251 864 3305 ἔσο
908 3269 1001 3321 μοι
1031 3254 1167 3326 πρὸς
1210 3254 1341 3309 Θεὸν
1376 3254 1495 3327 μεθ’
1535 3256 1656 3310 ὅλου
1705 3257 1798 3311 τοῦ

1905 3257 2018 3315 bris
2060 3257 2396 3322 demulsisti,
2428 3264 2499 3322 ,ει
2541 3256 2608 3311 ad
2652 3256 2755 3310 hoc
2802 3255 3130 3325 quibusdam
3177 3254 3484 3310 divinitatis

226 3341 363 3413 βίου,
394 3340 490 3395 καὶ
524 3342 652 3412 περὶ
677 3341 785 3396 τῶν
823 3343 1281 3414 ὑπηγορευμένων
1319 3345 1719 3418 ἐξεταζομένων
1754 3350 1798 3413 ί,

229 3431 353 3502 ποίᾳ
378 3449 438 3483 τε
467 3430 722 3502 προθέσει
747 3431 905 3487 τοῦτο
932 3436 1247 3507 γεγένηται.
1290 3435 1403 3492 Καὶ
1448 3440 1524 3511 πή
1578 3440 1675 3510 μὲν
1711 3441 1800 3493 ἐν-

228 3525 584 3596 τυγχάνομεν,
639 3524 716 3591 πὴ
773 3526 828 3579 δὲ
879 3526 1000 3598 ἦτοι
1053 3528 1351 3602 βιαζόμεθα
1397 3531 1718 3605 βιαιότερον,
1765 3533 1799 3604 ἢ

227 3612 487 3684 δοκοῦμέν
527 3632 578 3667 τι
608 3614 805 3685 λέγειν.
849 3617 1268 3691 Ἐξιχνεύσαμεν
1307 3622 1365 3675 δὲ
1400 3623 1460 3676 τὸ
1486 3625 1804 3696 γεγραμμέ-

224 3721 313 3758 νον
345 3703 406 3757 οῦ
432 3706 899 3777 καταφρονοῦντες
926 3708 1045 3776 τοῦ,
1078 3710 1209 3765 Ὅτε
1231 3711 1430 3782 λέγεις
1453 3715 1586 3782 περὶ
1629 3701 1811 3780 Θεοῦῖ

132 3790 153 3797 ’
228 3793 398 3862 κρίνῃ
428 3791 754 3863 ὑπὸῸεοῦ,
794 3797 976 3862 καλῶς
1031 3799 1343 3870 εἰρημένου.
1391 3803 1502 3856 Καὶ
1552 3803 1631 3868 τὸ,
1663 3804 1804 3871 Περὶ

229 3884 378 3939 Θεοῦ
423 3884 521 3939 καὶ
570 3884 802 3956 τάληθῆ
863 3890 1084 3958 λέγειν,
1127 3890 1410 3959 κίνδυνος
1463 3895 1534 3948 οὐ
1563 3896 1800 3963 μικρός.

242 3976 525 4047 Ἀξιοῦμεν
586 3978 787 4042 τοίνυν,
844 3980 966 4033 ἐπεὶ
1017 3981 1184 4051 μηδὲν
1247 3984 1418 4057 χωρεὶς
1461 3985 1595 4039 Θεοῦ
1640 3985 1805 4041 καλὸν

229 4063 371 4122 εἶναι
398 4068 642 4136 δύναται,
676 4071 768 4124 καὶ
805 4071 1038 4141 μάλιστα
1064 4074 1251 4146 νόησις
1283 4076 1515 4148 Γραφῶν
1554 4076 1808 4131 θεοπνεύ-

232 4175 393 4224 στων,
427 4161 598 4224 ὅπως,
632 4160 710 4233 τῷ
746 4163 922 4234 Πατρὶ
952 4164 1061 4218 τῶν
1092 4165 1228 4219 ὅλων
1275 4166 1393 4239 Θεῷ
1431 4168 1520 4222 διὰ
1564 4169 1656 4223 τοῦ
1690 4171 1804 4226 Σω-

229 4251 395 4322 τῆρος
428 4251 586 4322 ἡμῶν
615 4253 709 4306 καὶ
740 4253 1064 4326 ἀρχιερέως,
1112 4257 1376 4329 γεννητοῦ
1421 4257 1556 4312 Θεοῦ
1590 4258 1808 4331 προσιέ-

229 4354 337 4404 ναι,
391 4340 634 4412 αἰτήσεις
673 4339 888 4411 δοθῆναι
928 4343 1059 4413 ἡμῖν
1108 4343 1323 4414 πρῶτον
1379 4343 1560 4408 καλῶς
1601 4343 1803 4413 ζητεῖν.

242 4425 549 4483 Ἐπίκειται
595 4430 705 4501 γὰρ
737 4434 849 4495 τοῖς
900 4432 1153 4503 ζητοῦσιν
1181 4435 1484 4504 ἐπαγγελία
1530 4434 1624 4488 τοῦ
1663 4435 1809 4507 εὑρί-

234 4535 384 4574 σκειν
408 4536 422 4551 ο
459 4521 601 4591 τάχα
636 4522 755 4575 οὐδὲ
792 4522 889 4593 τὴν
935 4524 1109 4595 ἀρχὴν
1144 4527 1223 4589 εἰς
1268 4526 1567 4597 ζητοῦντας
1596 4525 1808 4594 λογιζο-

238 4613 417 4685 μένων
450 4613 601 4684 παρὰ
620 4613 738 4683 Θεῷ
769 4613 880 4668 τῶν
908 4616 1007 4686 οὐχ
1040 4615 1145 4687 όδῷ
1179 4618 1270 4670 ἐπὶ
1298 4616 1456 4672 τοῦτο
1489 4617 1804 4689 προϊόντων.

234 4705 389 4769 Ἕως
411 4696 528 4756 ὧδε
566 4703 637 4756 τὰ
659 4705 774 4758 ἀπὸ
809 4705 1165 4775 Ὠριγένους.
1208 4699 1212 4703 ’

236 4797 381 4852 enim
418 4799 697 4867 proposita
731 4807 817 4852 est
856 4800 1182 4870 assequendi
1226 4801 1542 4870 promissio.
1592 4801 1669 4855 Ac
1713 4802 1905 4856 nescio
1937 4817 2004 4854 an
2034 4800 2127 4870 qui
2159 4798 2225 4852 ad
2280 4798 2413 4851 illud
2467 4797 2553 4851 via
2610 4811 2675 4850 ac
2719 4795 2932 4849 ratione
2989 4793 3217 4847 minime
3255 4802 3489 4846 conten-
3590 4804 3595 4809 ·

1901 3347 2383 3417 progressionibus
2437 3344 2735 3400 adduxisti.
2791 3342 2872 3398 Tu
2927 3345 3092 3413 igitur
3134 3344 3290 3398 testis
3343 3342 3482 3398 mihi

1903 3439 2044 3508 apud
2071 3438 2242 3494 Deum
2272 3438 2404 3502 eris,
2450 3444 2566 3491 tum
2600 3450 2726 3491 cum
2759 3435 2826 3491 de
2858 3436 2979 3490 vita
3016 3450 3135 3489 mea
3167 3449 3231 3490 ac
3260 3434 3484 3504 scriptis

1903 3528 2162 3600 inquit-et,
2198 3542 2437 3598 quonam
2464 3527 2635 3582 animi
2654 3526 2887 3582 consilio
2914 3526 2986 3582 sit
3017 3525 3149 3580 illud
3171 3540 3201 3578 a
3240 3540 3329 3580 me
3354 3540 3485 3580 sus-

1904 3627 2146 3689 ceptum.
2210 3619 2289 3673 Ac
2326 3632 2717 3688 nonnunquam
2758 3616 2979 3687 quidem
3011 3617 3293 3671 veritatem
3334 3630 3486 3671 asse-

1911 3709 2153 3779 quimur,
2184 3723 2580 3778 nonnunquam
2613 3715 2707 3760 aut
2733 3706 3026 3760 violentius
3052 3706 3483 3775 perrumpimus,

1905 3806 2001 3852 aut
2033 3799 2218 3854 dicere
2262 3799 2468 3869 aliquid
2500 3799 2772 3853 videmur.
2821 3795 2993 3850 Porro
3023 3796 3167 3865 quod
3218 3796 3484 3863 scriptum

1904 3894 1989 3943 est
2015 3886 2426 3957 vestigavimus,
2462 3902 2572 3941 non
2613 3887 2688 3941 ita
2727 3894 2785 3939 ut
2815 3885 3077 3957 praeclare
3110 3884 3243 3938 illud
3274 3884 3486 3938 dictum

1906 3987 2425 4033 contemneremus:
2458 3978 2588 4032 Cum
2627 3977 2691 4032 de
2726 3977 2837 4032 Deo
2873 3976 3030 4042 dicis,
3072 3994 3105 4030 a
3147 3974 3487 4046 Deojudica-

1906 4071 2001 4125 ris.
2032 4070 2160 4125 Item
2193 4070 2326 4124 illud
2356 4089 2368 4124 :
2402 4069 2480 4124 De
2507 4070 2616 4124 Deo
2647 4071 2805 4125 etiam
2845 4086 2963 4124 vera
2998 4069 3189 4134 dicere,
3247 4085 3350 4122 non
3381 4082 3487 4145 me-

1908 4161 2084 4215 diocre
2120 4161 2413 4230 periculum
2459 4170 2558 4216 est.
2619 4160 2983 4227 Quamobrem
3019 4176 3142 4216 cum
3182 4160 3320 4214 nihil
3370 4159 3488 4214 sine

1913 4252 2024 4309 Deo
2078 4269 2202 4309 esse
2238 4253 2412 4324 possit
2463 4252 2762 4323 egregium,
2823 4251 3238 4322 praesertimque
3277 4249 3487 4304 divina-

1914 4357 2034 4396 rum
2069 4341 2397 4397 Litterarum
2446 4340 2835 4411 intelligentia;
2881 4339 2978 4393 abs
3013 4346 3065 4392 le
3116 4337 3278 4391 etiam
3321 4342 3488 4403 atque

1915 4436 2081 4490 etiam
2134 4433 2389 4505 petimus,
2436 4440 2498 4487 ut
2545 4440 2826 4502 parentem
2877 4430 3121 4485 omnium
3171 4428 3337 4483 Deum
3396 4440 3490 4496 per

1919 4525 2256 4580 Salvatorem
2283 4532 2534 4580 nostrum
2567 4538 2632 4578 ac
2670 4522 3005 4594 pontiﬁcem,
3045 4522 3287 4593 genitura
3322 4517 3489 4573 Deum

1914 4620 2208 4673 obsecrare
2250 4617 2607 4685 Veiis,.idque
2657 4615 2725 4667 ab
2758 4629 2824 4668 co
2865 4614 3022 4667 nobis
3068 4615 3384 4681 impetrare,
3433 4616 3489 4662 ut

1914 4708 2186 4779 imprimis
2250 4714 2399 4761 recte
2460 4721 2705 4776 quaerere
2753 4703 3049 4774 possimus.
3112 4698 3490 4766 Quaerentibus

236 4888 395 4950 dunt,
435 4887 579 4941 inter
620 4903 714 4943 eos
745 4890 837 4959 qui
875 4899 1127 4960 quaerunt
1167 4893 1310 4962 apud
1344 4891 1510 4946 Deum
1562 4908 1670 4946 non
1713 4893 2038 4948 habeantur.
2070 4888 2339 4943 Hactenus
2375 4887 2617 4957 Origenis
2650 4886 2825 4940 verba.

306 4978 390 5037 H'.
442 4980 609 5052 Ἀρχή
648 4997 736 5051 μοι
764 4981 943 5050 λέγειν
978 4985 1119 5056 πρὸς
1154 4986 1246 5039 τὸν
1285 4984 1572 5057 κομπώδη,
1601 4986 1697 5038 καῖ
1721 4985 1801 5038 δος

233 5075 395 5145 κήσει
443 5072 625 5140 σοφὸν,
675 5075 769 5127 καὶ
800 5077 1097 5148 ἐρευνητὴν
1126 5076 1233 5131 τῶν
1263 5079 1662 5150 ἀνερευνήτων,
1718 5079 1812 5131 καὶ

235 5167 570 5238 ἐκϐιϐαστὴν
613 5168 720 5221 τῶν
760 5171 1117 5241 ἐπουρανίων,
1160 5173 1372 5225 τουτονὶ⁵
1416 5172 1506 5225 τὸν
1546 5172 1813 5244 φλυαρίας

237 5258 595 5329 ἐμπλήσαντα
623 5257 713 5311 τὸν
763 5257 900 5328 βίον,
926 5258 1001 5321 ὠς
1029 5259 1125 5312 καὶ
1161 5262 1189 5312 ό
1216 5260 1479 5331 κρείττων
1505 5259 1661 5329 ἡμῶν
1692 5258 1811 5311 κατ’

237 5348 405 5404 αὐτοῦ
436 5349 646 5421 εἴρηκε,
685 5350 900 5422 πρῶτον
933 5350 1061 5421 περὶ
1089 5350 1346 5421 γεννητοῦ
1376 5349 1530 5403 Θεοῦ.
1580 5350 1689 5403 Καὶ
1730 5350 1809 5402 ὃτι

244 5440 344 5511 μὲν
373 5440 649 5511 ὀμολεξίαι
676 5457 734 5495 τε
769 5440 861 5494 καὶ
887 5440 1201 5512 όμωνυμίαι
1249 5439 1441 5493 πολλαὶ
1487 5442 1545 5494 ἐν
1592 5441 1669 5511 τῷ
1713 5439 1811 5510 βίῳ

242 5534 369 5600 εἰσὶ,
404 5533 581 5604 πάντη
611 5533 771 5588 τοῦτο
797 5533 955 5605 δῆλόν
988 5535 1122 5587 ἐστι.
1160 5535 1271 5587 Καὶ
1303 5534 1352 5586 εί
1389 5533 1488 5604 μὲν
1520 5533 1625 5586 ὑπὸ
1651 5532 1809 5586 ἄλλου

1978 4982 2113 5035 VIII.
2170 4981 2449 5035 Adversus
2489 4983 2836 5050 arrogantem
2885 4975 3031 5030 hunc
3082 4974 3381 5039 hominem,
3440 4984 3491 5026 et

1907 5074 2162 5145 opinione
2218 5072 2302 5126 sui
2345 5072 2614 5134 inﬂatum,
2662 5083 2961 5137 eorumque
3024 5082 3142 5136 quae
3179 5065 3498 5134 investigari

1911 5171 2214 5234 nequeunt,
2265 5168 2655 5222 scrutatorem,
2699 5158 2794 5228 qui
2851 5157 3024 5211 cwlos
3065 5158 3214 5227 ipsos
3268 5163 3491 5224 praetcr-

1912 5273 2136 5328 gressus
2166 5265 2286 5320 est,
2329 5256 2533 5324 quique
2565 5251 2906 5322 ineptissima
2940 5248 3270 5318 loquacitate
3306 5246 3492 5299 orbem

1918 5358 2187 5403 terrarum
2211 5347 2476 5418 implevit,
2504 5342 2963 5416 quemadmodum
2995 5344 3152 5412 longe
3177 5339 3333 5394 nobis
3358 5351 3492 5404 prae-

1919 5441 2153 5495 stantior
2179 5441 2323 5494 alius
2352 5439 2406 5493 in
2443 5438 2595 5492 illum
2631 5447 2791 5492 antea
2823 5435 2983 5498 dixit,
3013 5434 3185 5503 prima
3219 5430 3286 5486 de
3309 5430 3492 5500 genito

1916 5533 2028 5589 Deo
2066 5531 2356 5588 tractanda
2406 5529 2708 5599 disputatio
2740 5534 2844 5585 est.
2883 5526 2940 5581 In
2974 5540 3083 5596 quo
3127 5521 3262 5577 illud
3309 5522 3491 5577 obser-

331 5690 346 5721 ³
374 5691 435 5748 F.
468 5691 856 5761 ἐξεταζομένῳ.
936 5695 955 5724 ³
990 5693 1092 5749 lsa.
1128 5708 1276 5761 xxrx,
1314 5692 1402 5759 il,
1431 5693 1519 5748 i2.
1600 5692 1618 5724 ³
1648 5690 1781 5747 Luc.
1822 5707 1900 5760 zu,
1930 5691 2019 5749 52.
