3794 6188
165 323 295 381 1085

820 322 1190 383 ADVERSUS
1228 321 1573 381 “IERESES
1603 323 1731 379 LIB.
1774 323 1836 380 ll.
1879 324 2041 382 TOM.
2087 326 2202 382 1.-
2241 326 2512 384 ΗᾸΞΒΕΒ.
2549 327 2734 385 LXIV.

3278 324 3419 383 1036

157 434 396 506 Πατὴρ,
450 436 592 491 οὐδὲ
649 437 756 492 τόν
811 440 1043 509 Πατέρα
1092 442 1146 494 εὶ
1195 441 1284 511 μὴ
1341 444 1374 496 ὀ
1424 441 1577 507 Υἱός.
1630 439 1739 494 Καὶ

1902 456 1966 495 im
1988 440 2165 497 tPatre
2194 441 2457 498 honorem
2486 444 2769 499 obtineat?
2798 442 2967 501 Nemo
2989 447 3129 500 enim
3155 449 3296 501 novit
3325 447 3422 502 I‘i—

156 529 237 592 τὸ.
279 529 342 583 '0
382 529 658 598 ἑωρακὼς
697 531 822 600 ἐμὲ,
865 530 1087 602 ἑώρακε
1112 532 1223 588 τὸν
1258 531 1506 602 Πατέρα.
1557 531 1725 586 Πάλιν

157 620 214 677 δὲ
260 620 522 685 ὡσαύτως
565 623 667 676 ὅσα
700 621 848 694 αύτῷ
890 623 1023 697 περὶ
1067 625 1417 688 ἀναστάσεως
1460 622 1735 695 ἀμφιϐάλι

157 713 324 778 λεται,
372 713 754 785 ἐπιλαϐόμενοι
784 717 883 789 τῆς
915 716 1259 782 ἀκολουθίας.
1309 713 1465 780 αὖθις
1504 715 1738 790 ἐροῦμεν

158 810 222 861 ὲκ
251 805 359 859 τῶν
393 806 557 860 αὐτοῦ
607 807 818 879 ῥητῶν·
871 810 981 864 ἀπὸ
1029 811 1159 881 μιᾶς
1202 808 1259 862 δὲ
1299 808 1499 873 λέξεως
1530 806 1592 861 τδ
1628 806 1737 860 πᾶν

157 896 252 968 τῆς
306 895 533 969 γνώμης
595 899 761 954 αὐτοῦ
812 901 1189 973 ἀποδείξομεν,
1232 902 1328 955 καὶ
1394 900 1455 954 τὺ
1509 898 1737 954 ἄπιστον

160 990 256 1060 τῆς
309 988 467 1063 δόξης
509 990 605 1045 τοῦ
647 992 814 1047 αὐτοῦ
879 993 1149 1065 δόγματος
1196 991 1637 1063 ἀποκαλύψομεν.
1672 989 1738 1042 Ei

164 1081 256 1135 καὶ
298 1081 385 1136 διὰ
428 1082 667 1149 πλάτους
708 1084 860 1158 αὐτῷ
899 1087 1116 1158 εῐρηται
1154 1084 1414 1148 πολλάκις
1459 1082 1587 1154 περὶ
1615 1080 1743 1135 τού-

163 1187 294 1235 του,
351 1171 447 1225 καὶ
484 1174 543 1226 ἐν
612 1173 836 1238 πολλαῖς
909 1174 1112 1247 βίϐλοις
1153 1175 1556 1245 πεφλυάρηται,
1597 1172 1747 1241 ὅμως

161 1260 258 1331 τὴν
320 1259 528 1330 ἔλεγξιν
576 1263 990 1336 παραθήσομαι,
1048 1265 1141 1334 ἀφ’
1171 1257 1246 1317 ὧν
1304 1264 1361 1316 ὲν
1413 1262 1492 1333 τῷ
1547 1258 1749 1330 πρώτῳ

163 1354 359 1426 ψαλμῷ
398 1356 705 1429 ἐξηγήσατο
746 1358 888 1412 κατά
931 1360 1030 1431 τὴν
1061 1358 1357 1413 ἀνάστασιν
1389 1357 1489 1427 τῆς
1527 1353 1749 1428 βεϐαίας

165 1444 377 1512 ἑλπίδος
413 1448 573 1519 ἡμῶν
607 1452 1069 1506 πεπιστευκότων.

1837 532 1989 599 lium,
2021 533 2126 588 nisi
2173 531 2357 596 Pater,
2385 551 2544 603 neque
2587 534 2821 602 Patrem,
2865 537 2969 590 nisi
3000 534 3050 588 F
3052 537 3175 591 ilius
3198 540 3241 590 ⁸.
3278 537 3419 592 Tum

1838 624 1972 678 illud
2005 645 2019 681 :
2047 623 2153 691 Qui
2191 625 2326 679 videt
2370 641 2472 689 me,
2521 625 2653 680 uidet
2706 635 2755 680 et
2801 627 3012 681 Patrem
3037 628 3081 683 ³.
3113 626 3245 694 Quae
3292 643 3422 683 vero

1836 714 2100 772 adversus
2142 717 2601 772 resurrectionem
2641 719 2711 772 ab
2744 719 2933 774 eodem
2964 720 3237 791 disputata
3270 730 3421 787 sunt,

1839 814 2059 863 servato
2089 807 2304 869 ordine.
2338 823 2402 863 ex
2437 808 2687 880 ipsismet
2715 808 2860 865 illius
2882 811 3066 868 verbis
3097 814 3258 882 paulo
3292 823 3417 883 post

1838 895 2164 967 aﬂ‘eremus,
2201 898 2361 971 533
2391 909 2555 971 atque
2588 916 2653 957 ex
2688 901 2849 957 unica
2890 919 3026 959 voce
3059 912 3228 960 totam
3273 907 3424 961 illius

1841 991 2170 1047 sententiam
2224 992 2558 1062 aperiemus.
2607 1000 2947 1062 etquantum
3006 997 3077 1051 sit
3124 997 3179 1051 in
3222 1012 3287 1052 eo
3333 998 3429 1053 do-

1841 1090 2023 1153 gmate
2045 1081 2385 1138 inﬁdelitatis
2412 1084 2863 1141 monstrabimus.
2890 1085 3211 1157 Quanquam
3240 1098 3424 1145 autem

1846 1174 1950 1229 boc
1984 1183 2369 1244 argumentum
2398 1191 2540 1245 saepe
2570 1176 2662 1232 ille
2692 1179 2914 1248 copiose
2957 1181 3290 1243 tractaverit.
3323 1196 3422 1235 va-

1850 1265 2058 1335 riisque
2085 1265 2139 1319 in
2171 1266 2334 1321 libris
2360 1267 2611 1337 ingentes
2638 1285 2813 1338 nugas
2835 1270 3114 1336 etl'utierit,
3142 1270 3209 1326 iis
3239 1279 3422 1326 tamen

1853 1358 1921 1414 ad
1948 1359 2101 1414 illum
2134 1357 2491 1415 refellendum
2533 1376 2630 1416 ero
2666 1371 2981 1425 contentus,
3015 1379 3138 1434 quae
3182 1364 3237 1418 in
3276 1379 3431 1420 com-

1853 1450 2139 1505 mentariis
2173 1450 2228 1504 in
2260 1450 2495 1520 priorem
2532 1453 2822 1521 psalmum,
2870 1453 3136 1511 adversus
3167 1456 3291 1511 illos
3318 1457 3432 1513 dis.

167 1542 358 1610 seruit,
390 1543 481 1614 qui
517 1547 978 1601 resurrectionem
1022 1552 1173 1600 certa
1211 1546 1370 1602 nobis
1409 1560 1506 1617 spe
1546 1546 1852 1616 ﬁduciaque
1888 1545 2223 1616 propositam
2255 1560 2380 1602 esse
2406 1546 2510 1601 sibi
2541 1547 2914 1615 persuadent.l

234 1631 288 1684 l'.
329 1631 442 1685 Καὶ
469 1631 615 1687 ἔστιν
657 1634 734 1698 ὡς
766 1633 914 1704 λέγει
935 1650 947 1668 ’
982 1635 1085 1690 Διὰ
1127 1633 1304 1690 τοῦτο
1336 1638 1448 1690 οὐκ
1481 1636 1747 1699 ἀναστή-

166 1735 376 1777 σονται
425 1724 663 1793 ἀσεϐεῖς
712 1726 784 1780 ἐν
836 1727 1047 1796 κρίσει.
1104 1721 1239 1780 Εἶτα
1293 1727 1370 1790 ὡς
1428 1725 1547 1790 ἔθος
1598 1726 1748 1780 ἐστὶν

1928 1633 1996 1688 Χ.
2038 1633 2134 1690 Est
2165 1642 2344 1690 autem
2371 1634 2462 1690 bic
2494 1636 2681 1692 locus:
2713 1635 2998 1708 Propterea
3026 1656 3129 1694 non
3162 1654 3432 1712 resurgant

1857 1726 2003 1795 impii
2056 1725 2113 1780 in
2144 1725 2349 1795 judicio
2374 1725 2416 1779 ⁸.
2460 1725 2666 1783 Deinde
2709 1729 3172 1799 quemadmodum
3213 1735 3431 1791 collatis

168 1814 317 1886 αὐτῷ
361 1815 468 1869 ἀπὸ
514 1815 624 1870 τῶν
671 1816 936 1871 ἐκδόσεων
992 1815 1322 1885 φαντάζειν,
1373 1816 1574 1888 ὁμοίως
1621 1816 1741 1886 φησί

1902 1816 2193 1872 iitionibus
2231 1815 2417 1872 fucum
2462 1817 2641 1873 facere
2672 1820 2829 1885 solet,
2864 1821 2938 1876 ita
2972 1822 3148 1893 inquit
3183 1825 3433 1881 Theodo-

168 1904 478 1973 Θεοδοτίων,
520 1907 751 1973 ’Δκύλας
771 1948 785 1972 ,
818 1908 1134 1980 Σύμμαχος.
1165 1902 1299 1961 Εἶτα
1327 1908 1577 1979 ἐπιφέρει
1605 1907 1745 1961 κατὰ

168 1992 273 2048 τῶν
305 1994 435 2049 υίῶν
456 1996 555 2069 τῆς
580 1996 836 2069 ἀληθείας
862 1995 1205 2061 σκωπτωδῶς
1235 2012 1249 2028 ο

1858 1906 1957 1969 tio,
1991 1906 2190 1977 Aquila
2231 1914 2285 1961 et
2324 1907 2709 1977 Symmachus.
2745 1907 2883 1962 Tum
2919 1910 3137 1966 deruunt
3169 1915 3432 1972 adversus

1855 1998 2104 2054 veritatis
2136 1998 2276 2054 ﬁlios
2317 1998 2624 2053 cavillando
2651 1999 2753 2055 ista
2782 2001 3039 2070 subjicit:

1440 2110 1526 2165 Ea:
1548 2110 1789 2183 Origem’s
1806 2114 2203 2167 commentario.
2281 2180 2289 2193 .

252 2227 551 2293 Ἐντεῦθεν,
588 2228 753 2300 φησὶν
778 2270 794 2293 ,
822 2229 870 2282 οἱ
909 2227 1267 2300 ἀπλούστεροι
1306 2228 1418 2281 τῶν
1453 2244 1747 2282 πεπιστευ-

170 2319 341 2377 κότων
390 2319 701 2392 ὁρμώμενοι
751 2319 1031 2392 νομίζουσι
1074 2320 1202 2384 τοὺς
1238 2320 1457 2384 ἀσεϐεῖς
1482 2321 1582 2390 τῆς
1615 2321 1746 2374 ἀνα-

173 2413 413 2476 στάσεως
462 2413 536 2484 μὴ
584 2410 911 2477 τεύξασθαι,
957 2412 1051 2466 καὶ
1087 2413 1187 2483 τῆς
1232 2411 1382 2476 θείας
1409 2411 1641 2485 κρίσεως
1674 2413 1749 2484 μὴ

171 2500 580 2566 καταξιοῦσθαι,
610 2501 661 2555 τί
695 2500 939 2579 νοοῦντες
966 2501 1070 2573 τὴν
1099 2501 1394 2557 ἀνάστασιν
1414 2543 1429 2568 ,
1460 2503 1553 2556 καὶ
1579 2519 1748 2556 ποτα-

175 2593 283 2663 πὴν
312 2592 410 2663 τὴν
437 2592 618 2663 κρίσιν
645 2592 1059 2664 φανταζόμενοι,
1083 2594 1145 2646 οὐ
1172 2594 1311 2647 πάνυ
1342 2593 1748 2666 σαφηνίζοντες.

173 2684 293 2740 Κᾶν
331 2682 526 2749 δόξωσι
565 2686 693 2757 περὶ
722 2685 928 2739 τούτων
960 2686 1355 2756 ἀποφαίνεσθαι
1390 2729 1406 2750 ,
1455 2688 1489 2759 ἡ
1523 2686 1756 2758 βάσανος

175 2776 372 2839 αὐτοὺς
405 2775 667 2844 διελέγξει
691 2815 705 2840 ,
745 2777 807 2830 τὸ
842 2776 968 2847 ἑξῆς
1000 2776 1309 2842 ἀκολούθως
1337 2776 1530 2841 σώζειν
1564 2777 1625 2831 ού
1661 2777 1756 2832 δυ-

178 2865 440 2937 ναμένους
460 2911 472 2927 ,
514 2865 591 2937 μὴ
633 2867 1043 2938 κεκρατηκότας
1082 2868 1174 2921 τὸν
1219 2869 1351 2940 περὶ
1403 2868 1757 2933 ἀναστάσεως

1930 2227 2126 2297 Hujus,
2163 2229 2363 2298 inquit,
2399 2230 2501 2284 loci
2533 2231 2860 2288 auctoritate
2891 2232 3037 2299 freti,
3071 2234 3436 2304 simpliciores

1855 2320 2079 2390 quidam
2129 2337 2194 2375 ex
2232 2319 2486 2374 ﬁdelibus
2532 2329 2734 2391 negant
2785 2324 2961 2379 malos
3009 2327 3435 2384 resurrectionis

1853 2418 2134 2480 compotes
2164 2409 2399 2477 futuros,
2426 2419 2522 2466 aut
2554 2411 2645 2467 Dei
2674 2413 2886 2483 judicio
2905 2415 3233 2485 dignandos,
3257 2435 3435 2490 neque

1855 2500 2165 2571 cujusmodi
2206 2504 2686 2571 resurrectionem,
2720 2514 2813 2559 aut
2839 2507 3001 2577 quale
3032 2508 3137 2564 sibi
3161 2509 3433 2579 judicium

1859 2588 2090 2665 ﬁngant,
2127 2603 2312 2666 aperte
2349 2595 2485 2651 satis
2522 2598 2858 2666 exprimunt.
2899 2601 2979 2655 Ac
3025 2600 3154 2657 licet
3184 2618 3338 2657 suam
3369 2604 3437 2660 de

1861 2684 1946 2740 bis
1975 2686 2304 2740 sententiam
2339 2686 2553 2755 aperire
2593 2686 2899 2755 videantur,
2943 2689 3062 2760 ipsa
3096 2691 3223 2747 illos
3261 2693 3442 2762 inqui-

1862 2774 1994 2831 sitio
2028 2775 2343 2843 convincet,
2377 2775 2743 2847 ostendetque
2789 2794 2889 2833 nec
2919 2778 3065 2850 quod
3094 2796 3442 2854 consequens

1861 2874 1945 2922 est
1980 2881 2045 2921 ac
2089 2867 2373 2922 cohaerens
2416 2867 2624 2923 servari
2656 2869 2724 2923 ab
2756 2868 2864 2925 illis
2898 2884 3080 2941 posse,
3113 2887 3215 2928 nec
3256 2889 3444 2928 resur-

179 2956 273 3010 καὶ
315 2954 547 3027 κρίσεως
584 2957 802 3027 τρόπον.
845 2957 970 3012 Ἐὰν
1012 2953 1107 3013 οῦν
1147 2958 1574 3031 πυνθανώμεθα,
1613 2961 1741 3023 τίνος

1902 2956 2130 3012 ectionis
2161 2971 2227 3010 ac
2270 2956 2467 3026 judicii
2516 2956 2744 3011 modum
2794 2969 2848 3013 ct
2890 2949 3153 3015 rationem
3193 2963 3443 3034 intelligi.

178 3046 475 3111 ἀνάστασις
501 3048 742 3116 γίνεται;
796 3050 1225 3122 ἀποκρίνονται,
1267 3053 1469 3124 φησὶν,
1518 3053 1601 3106 ὅτι
1651 3053 1741 3107 τίιῦἸ

1902 3047 2038 3119 gitur
2065 3048 2112 3103 si
2163 3047 2570 3118 interrogemus
2605 3049 2891 3119 cujusnam
2924 3051 2996 3105 sit
3042 3050 3228 3107 futura
3262 3068 3451 3109 resur-

181 3142 475 3213 σωμάτων,
508 3134 584 3195 ὧν
615 3142 978 3215 περικείμεθα
1017 3142 1133 3198 νῦν.
1170 3138 1303 3197 Εἶτα
1332 3160 1741 3216 προσεπερωτη·

1902 3138 2068 3194 ectio:
2107 3152 2425 3208 corporum,
2461 3141 2814 3210 respondent,
2845 3154 2966 3208 qua:
2998 3157 3098 3198 nos
3128 3143 3288 3199 modo
3337 3144 3451 3198 cir-

182 3233 390 3288 σάντων
429 3232 616 3305 ἡμῶν,
666 3234 894 3306 πότερον
925 3235 1026 3305 τῆς
1076 3235 1267 3299 οὐσίας
1311 3236 1441 3309 ὅλης
1483 3235 1695 3301 αὐτῶν,
1727 3238 1741 3289 i

1903 3228 2151 3285 umdant.
2208 3228 2549 3286 lnstantibus
2594 3230 2789 3296 nobis,
2836 3235 3003 3288 totius
3057 3234 3274 3289 illorum
3321 3235 3454 3290 sub-

180 3324 303 3397 οὺχί
331 3343 346 3392 ;
383 3326 511 3396 πρὶν
544 3324 833 3395 βασανίσαι
870 3326 1120 3397 λέγουσιν
1147 3370 1161 3392 ,
1194 3328 1276 3383 ὅτι
1309 3328 1411 3399 τῆς
1439 3327 1585 3399 ὅλης.
1640 3327 1765 3383 Ἐὰν

180 3417 243 3472 δὲ
270 3419 784 3489 προσαπορήσωμεν
835 3420 1366 3492 συμπεριφερόμενοι
1394 3422 1461 3491 τῇ
1511 3419 1767 3492 ἀκεραιό-

182 3522 309 3577 τητι
334 3505 545 3571 αὐτῶν,
590 3508 685 3561 καὶ
727 3508 881 3562 οὐδὲν
929 3508 1183 3580 περὶτοῦ
1229 3508 1461 3582 ῥευστὴν
1501 3505 1639 3563 εἶναι
1668 3509 1769 3578 τὴν

183 3593 375 3649 οὐσίαν
406 3592 750 3661 ἐξετάζοντες
772 3635 789 3659 ,
818 3598 867 3649 εί
900 3597 1360 3666 συναναστήσεται
1398 3594 1470 3648 τά
1495 3593 1768 3668 ἀπορρεύ-

188 3698 359 3741 σαντα
388 3686 446 3739 ὲν
477 3686 864 3758 φλεϐοτομίαις
896 3688 1124 3760 αἵματα,
1156 3688 1251 3742 καὶ
1277 3689 1335 3741 αἱ
1373 3690 1686 3741 ὲκτακεῖσαι
1712 3686 1772 3737 ὲν

186 3778 363 3841 νόσοις
392 3777 595 3850 σάρκες
613 3818 629 3844 ,
665 3778 759 3834 κα)⁸
784 3779 967 3852 τρίχες
998 3783 1170 3834 πᾶσαι
1208 3781 1264 3832 αἱ
1295 3779 1516 3833 πώποτε
1545 3777 1773 3847 γενόμε-

187 3888 314 3941 ναιι,
352 3871 387 3943 ἢ
419 3872 577 3943 μόναι
607 3874 665 3926 αῖ
709 3872 848 3945 πρὸς
889 3876 956 3944 τῇ
987 3873 1151 3943 ἐξόδῳ
1180 3872 1523 3942 θλιϐόμεναι*
1554 3869 1644 3923 ὁτὲ
1674 3869 1772 3939 μὲν

190 3963 596 4035 προσκόπτουσι
633 3964 730 4019 καὶ
772 3966 840 4037 τῇ
895 3965 1156 4038 γινομένῃ
1203 3963 1483 4031 ἐξετάσει,
1535 3962 1774 4033 οἰόμενοι

1869 3323 2088 3378 stantia:
2116 3336 2294 3377 necne
2317 3321 2499 3376 futura
2533 3323 2637 3376 sit:
2671 3332 2961 3393 antequam
2994 3324 3284 3397 diligenter
3309 3324 3455 3381 istud

1868 3410 2254 3482 expenderint,
2278 3411 2449 3468 totius
2467 3411 2584 3468 fore
2602 3414 2978 3483 pronuntiant.
3006 3413 3163 3481 Quod
3187 3416 3235 3470 si
3266 3432 3368 3472 nos
3390 3414 3459 3469 ad

1869 3504 2089 3560 illorum
2113 3502 2516 3574 simplicitatem
2540 3505 3055 3569 accommodantes,
3094 3517 3287 3576 neque‘
3312 3503 3464 3575 quid-

1871 3612 2035 3668 quam
2064 3596 2132 3652 de
2161 3595 2307 3651 ﬂuxa
2335 3610 2400 3651 ac
2446 3596 2697 3652 mutabili
2731 3612 3022 3667 corporum
3050 3607 3245 3652 natura
3275 3598 3465 3667 dispu-

1876 3694 2079 3753 tantes,
2112 3685 2414 3742 dubitando
2445 3701 2667 3742 rursum
2721 3688 3156 3757 interrogemus,
3188 3702 3318 3741 num
3353 3701 3463 3741 una

1874 3780 2100 3856 sanguis
2148 3780 2239 3834 ille
2280 3778 2462 3834 omnis
2500 3786 2779 3848 resurgat,
2811 3778 2904 3849 qui
2965 3786 3115 3834 secta
3165 3778 3466 3835 identidem

1879 3887 2017 3925 vena
2050 3869 2362 3935 deﬂuxerit,
2395 3884 2458 3924 ac
2494 3869 2760 3940 quidquid
2796 3878 3055 3941 praeterea
3095 3868 3281 3924 carnis
3316 3884 3469 3922 mor-

1884 3962 2079 4018 borum
2109 3963 2194 4017 vis
2239 3963 2632 4033 absumpserit,
2659 3977 2874 4016 necnon
2907 3969 2961 4017 et
2992 3962 3087 4032 pili
3129 3977 3345 4027 omnes,
3371 3961 3467 4032 qui

188 4052 299 4108 δεῖν
351 4055 665 4128 ἐπιτρέπειν
716 4055 795 4128 τῷ
819 4056 974 4129 Θεῷ,
1023 4057 1053 4110 θ
1098 4056 1349 4128 βούλεται
1393 4056 1521 4129 περὶ
1569 4053 1741 4109 τούτω

1902 4069 2123 4125 Inquam
2155 4055 2301 4109 enati
2328 4062 2478 4121 sunt,
2509 4069 2577 4108 an
2603 4055 2637 4108 ii
2670 4054 2966 4119 duntaxat,
2992 4056 3085 4124 qui
3123 4055 3226 4110 sub
3256 4054 3466 4109 obitum

191 4151 401 4202 ποιεῖν’
450 4149 541 4203 ὁτὲ
591 4150 678 4214 δὲ,
713 4149 998 4213 δοκοῦντες
1041 4149 1528 4219 συγκαταϐαίνειν.
1561 4147 1659 4213 τὰς
1686 4148 1741 4200 ετ

1902 4157 2127 4203 nostrum
2175 4146 2511 4202 eﬂloruerint
2547 4166 2561 4201 :
2604 4162 3001 4217 nonnunquam
3050 4146 3118 4201 ad
3152 4162 3271 4203 eam
3313 4161 3467 4217 qum—

189 4242 340 4299 τέλει
366 4240 569 4315 ταύτης
599 4243 699 4313 τῆς
743 4241 888 4311 ζωῆς
920 4241 1113 4312 τρίχας
1154 4241 1320 4312 φασιν
1367 4241 1499 4313 ἡμῖν
1546 4258 1741 4296 συνανα

1902 4242 2118 4296 ιιίοηθιιι
2170 4239 2474 4305 oll‘endunt,
2515 4256 2578 4295 ac
2616 4240 2726 4295 Deo
2758 4239 3181 4310 permittendum
3218 4254 3342 4294 esse
3386 4237 3471 4292 di-
3524 4318 3533 4329 κ

195 4332 511 4405 στήσεσθαι.
552 4334 617 4387 Οἱ
645 4333 704 4387 δὲ
731 4332 1098 4404 γενναιότεροι
1126 4332 1327 4401 αὐτῶν,
1367 4331 1453 4385 ἵνα
1497 4330 1572 4402 μὴ
1609 4331 1741 4399 ἀναγ

1902 4337 2113 4397 :unt,ut
2135 4327 2398 4399 quidquid
2416 4330 2648 4384 voluerit
2674 4329 2741 4383 de
2756 4343 2819 4383 ea
2844 4329 3173 4396 constituat;
3194 4327 3470 4382 interdum

194 4400 470 4490 κάξωνται
502 4425 570 4480 τὰ
591 4400 801 4495 αἵματα
834 4400 1157 4494 συναγαγεῖν
1188 4422 1266 4495 τῷ
1295 4400 1457 4494 λόγῳ,
1484 4400 1741 4477 τάπολλά

1902 4438 2037 4488 vero,
2052 4423 2200 4479 velut
2220 4422 2592 4487 assentiendo,
2612 4423 2760 4478 solos
2779 4423 2901 4477 illos
2926 4422 3207 4476 nobiscum
3229 4435 3474 4475 resurre—

194 4532 287 4580 κις
312 4515 680 4587 ἀποκριθέντα
712 4515 821 4569 τῶν
855 4516 1125 4585 σωμάτων
1148 4514 1304 4586 ἡμῶν
1322 4553 1339 4580 ,
1367 4515 1463 4568 καὶ
1492 4515 1595 4578 τὰς
1618 4531 1741 4585 μετα

1902 4522 2080 4570 miros
2114 4530 2238 4570 esse
2283 4515 2426 4586 pilos
2461 4522 2737 4580 asserunt,
2783 4529 2920 4585 quos
2967 4513 3071 4569 sub
3108 4514 3230 4568 vitae
3267 4513 3473 4567 exitum

198 4606 500 4670 σαλλούσας
526 4608 736 4680 σάρκας
771 4609 831 4662 ὲν
862 4607 1038 4671 νόσοις
1084 4608 1100 4638 ⁸
1143 4606 1404 4679 ἱδρῶτας,
1444 4606 1479 4678 ἦ
1528 4607 1646 4660 οἵαν
1687 4606 1741 4677 δή

1902 4607 2271 4662 habuerimus.
2298 4606 2368 4660 At
2397 4607 2489 4676 qui
2525 4608 2699 4678 magis
2729 4607 2871 4660 inter
2903 4605 3026 4659 illos
3066 4604 3277 4660 strenui
3320 4609 3469 4667 sunt,

201 4706 335 4753 ποτε
389 4698 562 4772 ὓλην,
612 4701 745 4770 φασὶ
798 4699 868 4754 τὰ
916 4700 1010 4753 ἐπὶ
1063 4698 1205 4753 τέλει
1255 4697 1411 4770 ήμῶν
1463 4696 1741 4753 ἀνίστασθε

1902 4716 1963 4756 ne
2013 4700 2298 4771 sanguinis
2346 4700 2561 4769 copiam
2609 4713 2867 4763 omnem,
2900 4698 3103 4767 qui-ex
3149 4694 3476 4765 corporibus

202 4791 452 4865 σώματα.
1894 4790 2102 4846 nostris
2156 4790 2476 4859 plerumque
2522 4785 2684 4858 535.
2722 4794 2966 4841 secretus
2998 4791 3120 4848 est,
3179 4784 3477 4851 itidemque

200 4901 427 4943 carnem
470 4900 711 4950 onmem,
740 4901 863 4956 quae
891 4901 987 4957 per
1027 4887 1249 4942 morbos
1279 4886 1335 4941 in
1376 4885 1655 4949 sudorem,
1691 4893 1788 4939 aut
1826 4885 1987 4939 aliam
2022 4883 2295 4955 ejusmodi
2337 4882 2624 4937 materiam
2690 4880 2845 4944 abiit,
2915 4879 2970 4933 in
3013 4893 3180 4932 unum
3225 4874 3480 4930 conferre

201 4994 306 5037 sua
337 4978 587 5034 oratione
630 4985 918 5048 cogantur,
954 4981 1136 5049 qualia
1177 4980 1281 5035 sub
1310 4988 1542 5034 mortem
1575 4981 1909 5044 exstiterint,
1947 4992 2234 5048 resurgere
2278 4990 2510 5046 corpora
2546 4982 2733 5029 nostra
2772 4972 3088 5043 praedicant.

278 5093 377 5148 lA’.
418 5090 605 5146 Ταῦτά
635 5090 753 5145 ἐστι
800 5091 870 5145 τά
896 5090 992 5146 τοῦ
1022 5091 1426 5165 προειρημένου
1469 5090 1741 5160 ὲθελοσόφι

1963 5086 2055 5143 XI.
2101 5087 2193 5142 llas
2240 5085 2501 5158 opinione
2560 5096 2657 5140 sua
2705 5080 2968 5152 sapientis
3032 5077 3181 5131 illius
3238 5074 3481 5129 hominis

201 5183 588 5258 ἐπαπορητικά
627 5184 765 5255 πρὸς
796 5183 897 5256 τὴν
936 5184 1192 5257 ἀλήθειαν
1236 5168 1498 5250 λεξείδια·
1539 5182 1575 5237 ἃ
1625 5185 1741 5236 ἀνα·

1902 5180 2165 5236 adversus
2193 5180 2482 5234 veritatem
2517 5176 2812 5248 propositae
2845 5169 3267 5242 objectiunculae
3306 5176 3433 5222 sunt
3461 5184 3475 5221 :

206 5277 383 5342 καίως
429 5275 752 5349 παρεθέμην
799 5277 879 5340 εἰς
912 5275 1255 5349 παράστασιν
1295 5276 1406 5341 τοῖς
1450 5274 1741 5346 βουλομένη

1902 5288 2013 5342 qua:
2038 5270 2172 5325 mihi
2205 5269 2521 5325 necessario
2548 5266 2885 5339 proferenda:
2931 5264 3171 5326 fuerunt,
3214 5271 3275 5316 ut
3311 5274 3477 5330 quam

205 5367 409 5421 εἰδέναι
435 5365 528 5420 τὸν
556 5365 735 5419 πάντα
772 5364 897 5420 νοῦν
933 5364 1115 5419 αὐτῶν
1149 5365 1250 5436 τῆς
1284 5366 1413 5437 περὶ
1445 5363 1741 5418 ἀναστάσει

1902 5364 1987 5419 ille
2029 5362 2096 5418 de
2128 5362 2539 5419 resurrectione
2568 5375 2762 5431 parum
2805 5373 2939 5414 sane
2991 5370 3055 5410 ac
3090 5353 3322 5410 ﬁdeliter
3352 5367 3475 5408 sent

207 5456 496 5522 ἀπιστίας.
530 5457 641 5511 Καὶ
681 5456 793 5528 γὰρ
833 5456 928 5511 καὶ
953 5455 1088 5510 ἄλλα
1126 5455 1240 5527 ἔχει
1273 5456 1393 5528 μεθ’
1426 5455 1590 5527 ἕτερα
1628 5454 1741 5508 πολ]

1902 5453 2055 5519 serit,
2088 5453 2210 5525 ejus
2239 5453 2318 5508 rei
2355 5452 2725 5525 intelligenda:
2750 5449 2965 5522 cupidis
2994 5448 3220 5520 planum
3252 5444 3481 5500 omnino

211 5546 276 5602 tv
313 5546 487 5621 ταύτῃ
517 5551 586 5620 τῇ
634 5546 728 5602 τοῦ
777 5546 996 5619 ψαλμοῦ
1051 5546 1366 5619 ἀκολουθίᾳ.
1409 5545 1613 5601 Φάσκει
1658 5547 1741 5617 γάε

1902 5544 2160 5603 facerem.
2181 5543 2320 5602 Nam
2346 5553 2404 5604 et
2424 5543 2530 5603 alia
2552 5545 2619 5602 ad
2646 5544 2898 5602 eumdem
2924 5541 3192 5615 psalmum
3224 5536 3480 5608 deinceps

297 5703 315 5736 ¹
344 5702 505 5764 Deest
528 5708 629 5771 είς.
708 5706 727 5739 ¹
758 5705 945 5762 Matth.
982 5720 1053 5768 tu,
1086 5704 1175 5759 ‘27.
1254 5704 1273 5736 ³
1300 5702 1461 5760 Joan.
1490 5719 1597 5770 XIV,
1628 5702 1681 5758 9.

1902 5698 1950 5757 tl.
1993 5714 2035 5766 1,
2057 5699 2111 5757 5.
