3794 6228
366 300 502 355 108Ἱ

1796 294 1854 350 S.
1892 289 2237 348 EPIPHANII

3514 277 3645 335 l083

367 413 435 466 αεὶ
468 412 615 467 hunc
643 411 863 467 modum
905 410 1149 467 disserit.
1184 409 1273 466 Sic
1305 405 1452 468 enim
1486 410 1766 481 loquitur:
1806 409 1947 464 Pro-

2116 408 2153 462 ὰ
2172 405 2349 461 τοῦτο
2376 404 2486 459 οὐκ
2512 400 2959 468 ἀναστήσονται
2984 403 3040 456 οἱ
3063 399 3303 467 ἀσεϐεῖς
3326 398 3401 453 ἐν
3426 398 3644 467 κρίσει,

366 512 545 571 pterea
586 519 690 555 non
732 512 1002 574 resurgant
1034 504 1184 571 impii
1222 504 1276 556 in
1292 502 1520 573 judicio.
1552 503 1690 557 Tum
1729 517 1825 557 eos
1864 516 1952 557 re-

368 594 635 664 darguere
687 596 895 665 pergit,
930 595 1022 665 qui
1069 603 1275 651 certam
1323 611 1448 651 esse
1494 594 1951 650 resurrectionem

370 684 674 750 deliniunt,
732 694 786 741 et
817 687 1138 741 excitandos
1174 686 1241 740 ad
1295 687 1462 740 vitam
1518 693 1765 739 mortuos
1821 700 1954 738 con-

370 776 535 830 stanti
563 792 661 847 spe
692 791 758 831 ac
791 778 893 832 ﬁde
927 776 1269 847 proﬁtentur.
1296 777 1445 843 Quos
1477 777 1697 845 quidem
1724 777 1953 830 nimium

372 868 465 922 ille
496 868 777 938 simplices
805 877 980 939 putat,
1008 885 1071 925 ac
1106 871 1274 924 multa
1299 870 1563 925 adversus
1593 870 1716 923 illos
1743 869 1955 923 nefaria

373 960 724 1029 depromens,
763 971 817 1016 et
866 962 1169 1032 sophistica
1202 961 1437 1031 quadam
1472 960 1818 1015 cavillatione
1858 975 1955 1030 ag-

374 1054 656 1122 grediens,
684 1068 863 1123 neque
905 1054 1201 1124 quidquam
1235 1069 1301 1107 ex
1329 1051 1644 1106 Christiana
1683 1051 1784 1106 ﬁde
1816 1052 1955 1121 peti-

378 1154 516 1209 tum,
550 1145 646 1199 sed
682 1145 1192 1200 ratiocinationibus
1227 1143 1538 1208 collectum,
1575 1143 1709 1197 nihil
1751 1158 1856 1196 non
1887 1143 1955 1197 ad

374 1249 493 1299 eos,
537 1237 738 1307 quibus
782 1238 1104 1307 persuadere
1146 1238 1425 1306 potuerit,
1464 1235 1791 1291 avertendos
1824 1234 1957 1290 atie-

378 1342 531 1393 rens,
559 1344 625 1383 ex
673 1328 742 1383 iis
784 1328 917 1398 ipsis
963 1344 1085 1398 quae
1117 1328 1442 1382 naturaliter
1487 1326 1651 1381 nobis
1676 1326 1954 1389 eveniunt,

378 1420 434 1476 id
482 1422 700 1492 assequi
743 1432 976 1475 conatus
1006 1429 1138 1489 est,
1200 1429 1261 1475 ut
1297 1421 1717 1475 resurrectionis
1757 1427 1960 1475 nostra;

379 1529 503 1568 cum
541 1529 637 1585 spe
678 1523 827 1569 certa
860 1515 1214 1583 conjunctam
1260 1512 1661 1583 professionem
1714 1511 1960 1567 funditus

376 1606 615 1662 tolleret.
634 1588 745 1677 Ego
774 1622 904 1662 vero
933 1606 1163 1676 iisipsis
1190 1607 1282 1675 qui
1306 1614 1432 1659 ante
1459 1622 1547 1660 me
1576 1605 1632 1658 in
1653 1619 1776 1659 eum
1810 1604 1964 1673 labo-

2065 497 2346 552 Ἐντεῦθεν
2401 495 2460 549 δέ
2515 494 2944 567 ἐπιλαμϐάνεται
2976 494 3068 549 καὶ
3100 492 3363 548 ἐπέκεινα
3407 490 3524 545 τῶν
3553 495 3651 561 τὴν

2055 590 2270 662 ἀσφαλῆ
2295 586 2594 644 ἀνάστασιν
2622 587 2932 661 όριξόντων,
2963 589 3059 643 καὶ
3093 588 3193 660 τὴν
3229 573 3468 658 βεϐαίαν
3500 587 3655 640 ἐλπί-

2053 682 2119 735 δα
2163 683 2262 751 τῆς
2312 681 2422 733 τῶν
2475 679 2684 751 νεκρῶν
2722 679 3074 741 ἀναστάσεως
3125 679 3504 732 πιστευόντων
3531 721 3547 743 ,
3583 678 3659 741 ὡς

2055 773 2330 842 ἀκεραίων
2360 772 2563 837 ὄντων,
2618 771 2788 824 πολλὰ
2820 770 3068 842 μοχθηρὰ
3106 770 3381 835 ἐπειπὼν,
3416 769 3523 823 καὶ
3575 786 3661 823 σο-

2057 865 2310 933 φιστικήν
2348 880 2469 916 τινα
2504 862 2759 915 ὑπόνοιαν
2793 862 3250 934 ὑφηγησάμενος,
3287 860 3350 914 οὗ
3380 879 3440 914 τι
3471 878 3660 914 πιστι-

2056 957 2152 1010 κὸν
2171 998 2185 1021 ,
2227 956 2362 1009 ἀλλὰ
2392 955 2797 1023 συλλογιστικὸν
2818 996 2831 1018 ,
2870 956 2978 1007 πᾶν
3009 953 3189 1007 ὁτιοῦν
3226 956 3308 1017 είς
3339 969 3659 1024 καταστρο-

2058 1046 2163 1117 φὴν
2192 1046 2301 1099 τῶν
2331 1045 2479 1116 αὖτῷ
2516 1045 2868 1108 πεισθέντων,
2908 1046 2972 1097 ἐκ
3009 1044 3115 1097 τῶν
3136 1044 3287 1101 κατὰ
3321 1045 3496 1115 φύσιν
3529 1048 3661 1114 ἡμῖν

2060 1138 2466 1209 συμϐαινόντων
2519 1137 2819 1208 ἀνατρέψαι
2854 1136 3116 1208 ἐπειράθη
3150 1138 3251 1207 τῆς
3289 1137 3476 1205 αὐτῆς
3528 1138 3661 1188 ἀνα-

2061 1231 2319 1295 στάσεως
2349 1230 2507 1300 ήμῶν
2554 1230 2611 1281 ὲν
2661 1229 2892 1299 ἀληθείᾳ
2931 1227 3139 1292 ἐλπίδος
3183 1226 3284 1297 τὴν
3332 1226 3659 1297 ὁμολογίαν.

2071 1322 2210 1392 Ἐγὼ
2239 1322 2294 1374 δέ
2326 1321 2433 1374 τῶν
2462 1320 2645 1385 καλῶς
2677 1320 2777 1390 ἤδη
2804 1319 3184 1390 κεκμηκότων,
3215 1319 3311 1371 καὶ
3333 1317 3664 1370 δικαιότατα

2060 1413 2476 1485 άνατρεψάντων
2508 1413 2606 1484 τὴν
2640 1413 2820 1466 πᾶσαν
2874 1409 3039 1463 αὐτοῦ
3088 1410 3537 1481 ἐπινενοημὲνην
3572 1411 3666 1480 ρη-

2058 1508 2282 1581 τορικὴν
2320 1508 2659 1577 κακουργίαν
2700 1506 2777 1578 μὴ
2815 1508 2872 1560 ὲν
2905 1506 3079 1579 τόλμῃ
3117 1506 3356 1560 καλλίων
3398 1506 3666 1576 βουλόμε-

2060 1617 2150 1664 νος
2184 1595 2342 1664 εἶναι,
2382 1592 2470 1652 οἷα
2497 1598 2562 1669 δὴ
2594 1596 2799 1669 βραχὺς
2833 1598 3126 1667 ὑπάρχων,
3170 1597 3526 1668 ἁρκεσθῆναι
3556 1596 3666 1649 ἐνό-

376 1701 491 1752 rém
541 1698 931 1763 incubuerunt,
974 1710 1028 1754 et
1071 1698 1333 1753 oratoriis
1379 1697 1670 1752 lenociniis
1722 1695 1958 1752 fucatam

2114 1709 2200 1745 ισα
2227 1689 2409 1754 καλῶς
2434 1689 2577 1760 ἔχειν
2609 1692 2724 1753 τοῖς
2758 1690 2864 1742 ὑπὸ
2908 1689 3003 1742 τοῦ
3035 1690 3343 1760 μακαρίτου
3366 1689 3665 1751 Μεθοδίου,

376 1791 618 1847 hominis
642 1793 941 1862 nequitiam
972 1792 1296 1860 iustissimis
1325 1791 1634 1846 rationibus
1655 1790 1953 1854 diluerunt,

2115 1801 2140 1846 ς
2172 1784 2263 1837 τὸν
2293 1781 2432 1851 Περὶ
2461 1781 2856 1847 ἀναστάσεως
2900 1779 3056 1850 λόγον
3076 1821 3090 1846 ,
3147 1778 3292 1835 κατὰ
3342 1781 3448 1833 τοῦ
3504 1782 3666 1836 αὐτιῦ

379 1884 729 1952 praestantior
753 1883 925 1939 videri
954 1900 1301 1955 nequaquam
1333 1882 1617 1947 aliectans,
1647 1890 1834 1953 utpote
1863 1883 1956 1952 qui

379 1975 643 2029 mediocri
675 1976 777 2030 sim
809 1976 1025 2045 ingenio
1061 1976 1349 2047 praeditus,
1405 1982 1722 2029 contentum
1772 1990 1858 2028 me
1890 1975 1957 2030 iis

379 2079 504 2120 esse
541 2074 792 2135 oportere
841 2067 1061 2137 putavi,
1118 2082 1239 2137 qua:
1287 2067 1480 2122 beatus
1538 2062 1849 2119 Methodius
1900 2061 1957 2115 in

2076 1876 2379 1947 Ὠριγένους
2412 1875 2744 1947 εἰρημένοις.
2786 1874 2978 1927 "Arma
3035 1874 3271 1949 ἐνταῦθα
3318 1874 3477 1928 κατὰ
3530 1875 3667 1940 λέξιν

2064 1968 2475 2040 παραθήσομαι.
2508 1967 2619 2021 Καὶ
2653 1966 2767 2020 ἐστι
2794 1965 2863 2020 τὰ
2891 1967 2994 2019 ὑπὸ
3027 1964 3291 2021 Μεθοδίω
3334 1965 3523 2030 οὕτως
3548 2007 3563 2031 ,
3598 1967 3668 2028 ὡς

2067 2063 2159 2115 καὶ
2196 2062 2358 2127 αὐτὸς
2396 2060 2580 2127 ἔταξα.

380 2160 651 2224 oratione,
718 2177 880 2232 quam
941 2162 1017 2217 De
1051 2163 1431 2217 resurrectione
1486 2159 1729 2230 scripsit,
1771 2158 2036 2213 adversus
2073 2157 2323 2212 eumdem
2350 2155 2637 2225 Origenem
2683 2156 2962 2212 disseruit.
2996 2156 3128 2224 Quae
3182 2156 3417 2229 quidem
3466 2157 3561 2213 hic
3608 2157 3673 2209 ad

380 2256 603 2311 verbum
639 2259 822 2313 omnia
864 2259 1247 2315 transcribam.
1279 2256 1372 2313 Sic
1412 2257 1579 2328 igitur
1634 2253 1966 2317 Methodius,
2009 2263 2070 2308 ut
2096 2252 2240 2308 inira
2273 2254 2541 2323 scriptum
2572 2259 2687 2316 est,
2721 2252 2979 2323 loquitur.

525 2392 769 2460 Epitome
801 2392 1106 2465 dogmatum
1145 2392 1387 2462 Origenis
1430 2407 1493 2447 ea:
1530 2391 1820 2447 Met/radio.

448 2504 567 2561 XII.
602 2504 716 2559 Hoc
750 2506 917 2577 igitur
950 2506 1071 2561 loco
1094 2506 1185 2577 qui
1220 2523 1285 2561 ex
1321 2505 1575 2562 ﬁdelibus
1605 2504 1965 2575 simpliciores

380 2605 510 2651 sunt
544 2595 779 2650 maxime
827 2595 984 2661 freti,
1038 2598 1238 2666 impios
1287 2605 1487 2667 negant
1542 2595 1965 2651 resurrectionis

381 2698 665 2758 compotes
696 2689 934 2754 futuros,
977 2706 1158 2760 neque
1198 2691 1329 2762 quid
1360 2707 1455 2761 per
1498 2691 1963 2747 resurrectionem

382 2781 711 2851 intelligant,
756 2783 893 2839 satis
939 2784 1234 2853 explicant.
1270 2783 1404 2851 Nam
1460 2785 1562 2840 etsi
1594 2799 1749 2840 suam
1784 2785 1847 2839 de
1881 2784 1968 2839 his

384 2875 715 2929 sententiam
754 2877 1115 2948 pronuntiare
1164 2877 1481 2940 videantur,
1528 2892 1596 2932 ex
1630 2876 1746 2947 ipsa
1782 2883 1966 2930 tamen

382 2967 741 3036 inquisitione
791 2968 1068 3046 constabit
1119 2968 1343 3023 minime
1404 2969 1550 3035 illos,
1604 2983 1728 3039 qua:
1775 2982 1968 3023 conse-

2093 2388 2217 2442 Τῶν
2250 2387 2590 2457 Ὠριγένους
2620 2387 2871 2458 ἐπιτομὴ
2904 2387 3021 2459 (5i)
3056 2387 3125 2442 ἐκ
3160 2386 3278 2442 τῶν
3318 2388 3653 2445 Μεθοδίου.

2136 2502 2238 2556 lB’.
2288 2500 2570 2554 Ἐντεῦθεν
2601 2503 2650 2555 oi
2681 2499 3178 2571 ἁπλούστεροιτῶν
3211 2502 3673 2555 πεπιστευκότων

2063 2590 2374 2665 ὁρμώμενοι
2401 2630 2415 2655 ,
2450 2590 2732 2663 νομίζουσι
2767 2593 2896 2656 τοὺς
2928 2593 3144 2656 ἀσεϐεῖς
3177 2591 3280 2662 τῆς
3312 2584 3674 2659 ἀναστάσεως

2068 2687 2141 2758 μὴ
2168 2684 2470 2750 τεύξεσθαι,
2492 2685 2549 2737 τί
2584 2685 2831 2751 νοοῦντες
2861 2686 2958 2758 τὴν
2997 2687 3292 2740 ἀνάστασιν
3321 2727 3338 2751 ,
3374 2689 3480 2741 καὶ
3515 2707 3674 2742 ποτα-

2065 2777 2171 2847 πὴν
2197 2776 2297 2848 τὴν
2326 2776 2505 2846 κρίσιν
2533 2775 2949 2847 φανταζόμενοι,
2979 2777 3039 2829 οὐ
3075 2777 3215 2831 πάνυ
3249 2776 3672 2847 σαφηνίζοντες.

2038 2869 2188 2923 νΚᾶν
2227 2868 2335 2939 γὰρ
2367 2866 2586 2922 δοκοῦσι
2615 2869 2743 2939 περὶ
2780 2867 2986 2922 τούτων
3016 2867 3430 2938 ἀποφαίνεσθαι
3450 2912 3469 2934 ,
3506 2871 3544 2940 ἡ
3576 2870 3675 2940 βά-

2069 2979 2225 3024 σανος
2256 2960 2453 3024 αὐτοὺς
2489 2960 2754 3029 διελέγξει
2776 3000 2790 3023 ,
2849 2960 2919 3014 τὰ
2958 2961 3088 3031 ἑξῆς
3115 2960 3441 3025 ἀκολούθως
3487 2964 3675 3027 σώζειν

382 3060 607 3128 quentia
643 3067 796 3121 sunt,
830 3075 990 3128 posse
1016 3076 1258 3116 servare.
1298 3060 1480 3127 Quare
1519 3060 1565 3116 si
1602 3074 1698 3117 eos
1733 3060 1966 3114 interro—

2114 3058 2153 3131 ὴ
2177 3059 2531 3129 δυναμένους.
2568 3057 2693 3110 Ἐὰν
2719 3052 2812 3113 οὖν
2832 3057 3272 3129 πυνθανώμεθα,
3308 3058 3472 3123 τίνος
3502 3061 3673 3113 αὐτῶν

383 3168 591 3222 gemus,
627 3154 913 3223 cuiusnam
943 3154 1274 3209 resurrectio
1314 3152 1497 3206 futura
1530 3152 1635 3208 sit:
1667 3166 1959 3222 corporum

384 3242 544 3313 535
581 3245 788 3313 utique,
822 3245 1171 3314 respondent,
1199 3243 1398 3314 quibus
1442 3242 1605 3297 modo
1636 3241 1961 3298 circumdati

385 3348 598 3389 sumus.
635 3334 739 3390 Sed
772 3337 1107 3391 instantibus
1151 3336 1311 3390 nobis
1358 3335 1596 3390 totiusne
1645 3334 1967 3389 substantia:

386 3440 558 3480 necne
586 3442 708 3481 esse
729 3426 922 3482 debeat
950 3445 964 3481 :
996 3438 1285 3498 antequam
1314 3426 1604 3496 diligenter
1631 3424 1963 3495 expendant,

386 3515 557 3569 totius
596 3532 720 3571 esse
745 3517 1031 3572 deliniunt.
1064 3517 1218 3585 Quod
1258 3519 1304 3574 si
1335 3534 1440 3573 "nos
1466 3518 1535 3572 ad
1582 3517 1797 3572 illorum
1836 3517 1968 3572 sim-

387 3607 688 3675 plicitatem
737 3610 1217 3665 accommodantes
1279 3609 1476 3664 iterum
1517 3607 1821 3663 dubitando
1846 3623 1971 3679 per-

388 3709 694 3765 contemur,
734 3718 865 3756 num
919 3717 1027 3755 una
1065 3701 1291 3771 sanguis
1333 3701 1427 3756 ille
1478 3700 1823 3766 restituatur,
1877 3699 1969 3770 qui

389 3800 538 3848 serta
592 3794 889 3849 identidem
925 3809 1060 3849 vena
1110 3793 1339 3851 defusus
1372 3801 1478 3859 est,
1505 3808 1720 3848 necnon
1752 3801 1805 3847 et
1844 3807 1972 3848 caro

388 3885 589 3950 omnis,
620 3901 683 3940 ac
717 3885 831 3955 pili,
879 3888 969 3957 qui
1005 3903 1243 3958 unquam
1269 3887 1416 3943 enati
1464 3894 1613 3950 sunt,
1648 3900 1717 3940 an
1758 3886 1794 3940 ii
1831 3885 1973 3941 dun-

389 3986 560 4044 taxat,
586 3979 679 4049 qui
709 3979 811 4035 sub
834 3980 1040 4035 exitum
1071 3988 1320 4038 nostrum
1346 3978 1716 4047 cilloruerint,
1748 3994 1814 4035 eo
1841 3995 1975 4035 con-

390 4070 624 4141 fugiunt,
658 4081 718 4128 ut
752 4070 862 4128 Deo
910 4074 1338 4147 permittendum
1373 4088 1497 4128 esse
1525 4072 1730 4136 dicant,
1759 4080 1820 4128 ut
1854 4088 1975 4143 quae

388 4164 540 4228 velit,
568 4163 783 4218 eiiiciat.
817 4164 886 4218 At
916 4166 1009 4235 qui
1038 4165 1214 4236 magis
1240 4166 1384 4219 inter
1422 4164 1546 4220 illos
1575 4164 1782 4219 strenui
1824 4172 1973 4231 sunt,

389 4269 460 4307 nc
515 4255 798 4323 sanguinis
849 4255 1063 4324 copiam
1118 4270 1368 4318 onmem,
1398 4253 1494 4323 qui
1534 4269 1600 4307 ex
1650 4255 1976 4324 corporibus

391 4334 597 4398 nostris
624 4345 947 4413 plerumque
981 4353 1230 4400 secretus
1261 4352 1369 4408 est,
1420 4345 1477 4397 in
1521 4360 1692 4397 unum
1726 4344 1977 4400 conferre

2070 3151 2426 3222 ή.ἀνάστασις
2465 3150 2713 3219 γίνεται;
2750 3150 3171 3220 ἀποκρίνονται,
3201 3150 3287 3203 ὅτι
3320 3151 3443 3203 τῶν
3498 3153 3675 3222 σωμά-

2065 3261 2196 3307 των,
2226 3237 2300 3299 ὧν
2330 3244 2425 3297 νῦν
2456 3243 2838 3315 περικείμεθα.
2872 3239 3006 3298 Εἶτα
3047 3246 3673 3315 προσεπερωτησάντων

2066 3335 2249 3407 ἡμῶν,
2279 3336 2509 3407 πότερον
2535 3338 2636 3407 τῆς
2676 3336 2866 3400 οὐσίας
2889 3334 3068 3390 αὐτῶν
3099 3334 3250 3406 ὅλης,
3291 3336 3336 3408 ἢ
3366 3337 3530 3407 οὐχίς
3559 3337 3673 3409 πρὶν

2071 3426 2360 3498 βασανίσαι
2403 3428 2655 3497 λέγουσιν
2680 3469 2703 3493 ,
2734 3428 2818 3482 ὅτι
2847 3427 3002 3498 ὅλης.
3052 3426 3179 3480 Ἐὰν
3212 3426 3273 3479 δὲ
3309 3430 3673 3499 προσαπορή-

2072 3534 2254 3589 σωμεν
2287 3518 2821 3590 συμπεριφερόμενοι
2863 3519 2931 3588 τῇ
2974 3516 3332 3589 άκεραιότητι
3369 3518 3566 3571 αὐτῶν
3589 3560 3602 3583 ,
3632 3520 3673 3569 εξ

2073 3610 2537 3681 συναναστήσεται
2590 3610 2658 3664 τὰ
2695 3608 3111 3681 ἀπορρεύσαντα
3163 3612 3220 3662 ἐν
3279 3608 3673 3683 φλεϐοτομξακ

2073 3702 2316 3772 αἵματα,
2347 3703 2441 3756 καὶ
2490 3705 2544 3757 αἱ
2592 3704 2795 3776 σάρκες
2821 3743 2838 3769 ,
2876 3704 2970 3757 καὶ
3017 3705 3071 3757 αί
3109 3703 3301 3775 τρίχες
3336 3705 3403 3757 αἱ
3459 3704 3671 3759 πώποτε

2073 3796 2392 3866 γενόμεναι,
2443 3796 2476 3866 ἢ
2521 3796 2679 3867 μόναι
2733 3798 2789 3851 αἱ
2824 3796 2962 3868 πρὸς
3008 3798 3076 3869 τῇ
3112 3796 3280 3867 ἐξόδῳ
3314 3795 3674 3870 θλιϐόμεναι’

2074 3891 2153 3952 είς
2189 3888 2251 3942 τὸ
2299 3889 2378 3960 τῷ
2407 3888 2526 3960 Θεῷ
2577 3891 2750 3944 ποιεῖν
2782 3890 2800 3920 ¹
2837 3891 2873 3944 ὃ.
2913 3889 3159 3960 βούλεται
3211 3893 3672 3962 προστρέχουσιν.

2075 3977 2138 4031 Οἱ
2178 3978 2236 4032 δὲ
2265 3980 2628 4053 γενναιότεροι
2655 3980 2835 4034 αὐτῶν
2860 4022 2876 4047 ,
2911 3980 2997 4034 ἴνα
3029 3981 3103 4052 μὴ
3147 3981 3589 4050 ἀναγκάζωνται
3618 3982 3676 4034 τὲ

2075 4070 2215 4124 αὐτὰ
2251 4072 2457 4143 αἵματα
2490 4076 2813 4142 συναγαγεῖν
2842 4072 2919 4144 τῷ
2955 4072 3135 4143 λόγῳ,
3171 4073 3213 4127 ἃ.
3238 4073 3521 4139 πολλάκις
3552 4078 3676 4129 ἀπο-

2077 4163 2332 4233 κριθῆναι
2360 4164 2471 4217 τῶν
2506 4167 2777 4236 σωμάτων
2805 4164 2962 4236 ἡμῶν
3013 4165 3247 4236 συνέϐη,
3299 4168 3447 4235 φασὶ
3481 4171 3548 4221 τὸ
3595 4169 3676 4220 ἐπὶ

2077 4253 2219 4306 τέλει
2265 4254 2421 4324 ήμῶν
2477 4256 2879 4327 ἀναστήσεσθαι
2920 4254 3098 4326 σῶμα.
3150 4256 3674 4328 Προσηπορήσαμεν

2077 4344 2153 4409 δὲ,
2194 4345 2281 4399 διὰ
2321 4346 2381 4398 τὸ
2412 4348 2650 4419 τρεπτὴν
2689 4344 2827 4401 εἶναι
2864 4347 2963 4419 τὴν
2997 4346 3320 4419 σωματικὴν
3351 4349 3561 4417 φύσιν,
3593 4350 3674 4401 καὶ

391 4435 644 4489 oratione
671 4450 770 4489 sua
799 4444 1090 4505 cogantur,
1121 4434 1391 4506 ejusmodi
1419 4449 1707 4505 resurgere
1738 4450 1966 4506 corpora

2114 4436 2317 4503 σιαῦτα,
2344 4436 2532 4509 ὥσπερ
2564 4441 2644 4503 εἰς
2669 4438 2730 4492 τὸ
2759 4439 3025 4510 ἡμέτερον
3060 4438 3221 4509 σῶμα
3247 4439 3308 4493 αἱ
3346 4441 3561 4511 τροφαὶ
3589 4458 3674 4493 κα-

391 4526 722 4596 prredicant,
764 4530 946 4597 qualia
997 4527 1361 4583 morientibus
1412 4527 1570 4581 nobis
1635 4528 1968 4583 exstiterint.

388 4618 592 4674 Contra
632 4636 772 4691 quos
812 4621 946 4676 illttd
982 4621 1204 4693 insuper
1235 4620 1549 4691 obiicimus,
1589 4634 1713 4673 cum
1747 4620 1821 4675 sit
1845 4635 1970 4674 cor-

391 4727 582 4783 porum
607 4721 803 4768 natura
841 4714 1141 4779 mutabilis,
1181 4712 1642 4785 quemadmodum
1679 4712 1734 4767 in
1771 4726 1973 4781 corpus

468 4872 478 4886 '
516 4871 675 4927 Deest
739 4873 1071 4944 ἐπιτρέπειν.

460 5029 737 5102 (ὖΙῘΤῴν
780 5031 1118 5102 Ὠριγένους
1161 5029 1445 5102 ᾃὲπιτομῄ.
1502 5028 1602 5083 llic
1635 5037 1722 5083 est
1752 5028 1962 5084 Metho-

388 5101 514 5155 dius
546 5101 634 5155 ille
663 5100 1103 5173 OlytupiiLyciae,
1141 5100 1337 5173 deinde
1365 5101 1493 5171 Tyri
1514 5102 1842 5173 episcopus,
1868 5102 1962 5169 qui

389 5172 534 5226 inter
557 5169 750 5226 caetera
776 5169 849 5225 De
876 5171 1269 5226 Resurrectione
1294 5169 1484 5225 contra
1504 5169 1792 5239 Origenetn
1827 5184 1966 5239 Opus

388 5241 615 5309 scripsit
645 5244 902 5296 eximium
929 5261 944 5309 ;
983 5253 1038 5296 ct
1070 5242 1135 5296 ad
1167 5253 1469 5295 extremum
1505 5242 1816 5295 novissimae
1846 5256 1969 5310 per—

390 5311 711 5375 secutionis,
748 5314 884 5375 sive,
918 5320 977 5367 ut
1011 5313 1100 5364 alii
1135 5311 1425 5376 allii-ruant,
1458 5312 1562 5365 sub
1593 5311 1753 5364 Decio
1782 5319 1836 5364 et
1863 5310 1967 5364 Va-

392 5384 620 5453 leriano,
648 5383 702 5453 in
731 5382 987 5453 Chalcide
1009 5381 1517 5453 Graecitetnartyrio
1541 5391 1836 5436 coronatus
1862 5390 1966 5436 est.

393 5453 519 5506 llaec
547 5450 909 5525 Hieronymus
936 5452 1058 5507 Cat.
1085 5454 1183 5506 vir.
1216 5450 1413 5525 illustr.
1456 5452 1713 5525 Socrates
1760 5453 1855 5525 lib.
1891 5468 1966 5515 vt,

392 5537 515 5589 cap.
546 5524 642 5593 715,
671 5523 909 5592 quatuor
940 5532 1210 5586 recenset,
1259 5524 1352 5593 qui
1389 5524 1653 5578 adversus
1679 5523 1967 5590 Origenem

398 5592 671 5664 pracipue
696 5593 1289 5664 stylutn‘exercuerint;
1322 5608 1484 5664 quem
1516 5594 1633 5662 ipse
1655 5592 1969 5664 κακολόγων

397 5660 697 5732 τετρακτύν
730 5660 1076 5732 impudenter
1103 5660 1356 5732 appellat.
1400 5660 1618 5717 Primus
1648 5672 1732 5718 est
1764 5661 1969 5717 Metho-

399 5726 546 5797 dius,
566 5726 837 5789 secundus
858 5726 1581 5802 Eustathitis-Antiochenam
1604 5733 1973 5804 tcrtiusApolo

2078 4527 2467 4594 τατάττονται,
2500 4530 2592 4583 καὶ
2625 4531 3014 4601 μεταϐάλλουσι
3048 4530 3146 4595 τὰς
3182 4531 3522 4603 ὁμοιότητας
3543 4574 3559 4597 ,
3594 4530 3674 4584 οὖ-

2079 4639 2186 4685 τως
2214 4622 2305 4674 καὶ
2353 4622 2421 4675 τὰ
2446 4622 2694 4694 ἡμέτερα
2722 4621 2952 4692 σώματα
2984 4620 3459 4691 μεταϐάλλονται,
3494 4623 3594 4676 καὶ
3622 4623 3673 4672 ἐν

2078 4715 2193 4776 τοῖς
2227 4712 2582 4784 σαρκοϐόροις
2612 4715 2820 4778 οἰωνοῖς
2850 4714 2942 4768 καὶ
2969 4713 3181 4785 θηρίοις
3211 4713 3501 4782 γίγνονται
3535 4715 3671 4786 μέρη

2069 5026 2294 5093 linaris,
2358 5019 2984 5095 quartusTheophilus.
3072 5017 3267 5079 Addit,
3329 5016 3663 5073 Methodium

2072 5091 2287 5169 postea,
2321 5091 2489 5150 veluti
2517 5091 2794 5169 palinodia
2829 5097 3330 5169 recantatahquem
3366 5098 3664 5169 accusarat

2071 5160 2359 5237 Origenem
2396 5160 3056 5237 corrjttetidasse_dialogo
3102 5161 3218 5237 illo,
3266 5174 3436 5227 quem
3469 5160 3663 5237 inseri-

2072 5229 2462 5308 ρείῖνΞεγιῖηια.
2496 5234 2600 5288 Sed
2621 5232 2867 5308 Socratis
2878 5229 3301 5308 ealu'mniamac
3319 5229 3659 5308 mendacium

2077 5298 2141 5364 ex
2185 5307 2519 5376 Hieronymo
2561 5303 2839 5376 convincit
2877 5301 3171 5376 Bargui_tts_
3200 5298 3585 5376 A._«§02,__n._
3608 5298 3656 5351 5.

2078 5379 2278 5433 Scribit
2311 5368 2453 5432 enim
2488 5375 2583 5447 ille
2603 5372 2843 5447 Aponi,
2869 5372 2923 5447 in
2976 5370 3102 5447 Ruf.
3130 5369 3431 5447 Eusebium
3461 5368 3660 5447 hlethof

2079 5450 2168 5503 dio
2197 5449 2250 5502 in
2280 5463 2329 5502 vt
2376 5447 2514 5499 libro
2551 5437 2822 5512 Apologia:
2868 5442 3013 5495 istud
3060 5437 3437 5512 exprobrasse
3476 5458 3491 5512 ξ
3524 5437 3656 5503 Quid

2080 5518 2233 5572 modo
2279 5532 2441 5571 ausus
2488 5525 2569 5568 est
2601 5510 2910 5567 Methodius
2956 5526 3092 5563 nunc
3141 5518 3329 5563 contra
3387 5510 3655 5579 Urigeueat

2080 5588 2327 5654 scribere,
2358 5586 2447 5655 qui
2475 5586 2585 5637 Itazc
2613 5594 2663 5638 et
2692 5586 2802 5655 [two
2830 5581 2911 5655 de‘
2929 5579 3183 5655 ΘνὶειιεηὶεΔ
3202 5580 3430 5655 (oculus
3459 5577 3533 5655 est
3565 5577 3654 5655 do.

2076 5648 2343 5730 gmruibus
2408 5654 2562 5721 Quod
2590 5655 2659 5730 ab
2680 5654 2881 5730 Ariano
2898 5648 3117 5707 homine
3135 5650 3303 5725 objici
3324 5648 3454 5707 dicit
3473 5648 3654 5704 clari?

2080 5725 2219 5789 Simo
2255 5738 2309 5787 et
2342 5725 2791 5799 eloquentissimo
2823 5730 3067 5792 martyri.
