  <div class='ocr_page' id='page_1' title='image "/cluster/home/n/w/nwhite01/storage/ocr_20150623/41/mdp.39015008169818/566.png"; bbox 0 0 3846 6122; ppageno 0'>
   <div class='ocr_carea' id='block_1_1' title="bbox 224 278 1810 352">
    <p class='ocr_par' dir='ltr' id='par_1_1' title="bbox 224 278 1779 341">
     <span class='ocr_line' id='line_1_1' title="bbox 224 278 1779 341; baseline 0 -2"><span class='ocrx_word' id='word_1_1' title='bbox 224 284 369 341; x_wconf 76' lang='grc'><strong>1089</strong></span> <span class='ocrx_word' id='word_1_2' title='bbox 866 279 1239 338; x_wconf 74' lang='lat' dir='ltr'><strong>ADVERSUS</strong></span> <span class='ocrx_word' id='word_1_3' title='bbox 1267 278 1610 339; x_wconf 65' lang='lat' dir='ltr'><strong>IIAERESES</strong></span> <span class='ocrx_word' id='word_1_4' title='bbox 1649 283 1779 340; x_wconf 72' lang='lat' dir='ltr'><strong>LIB.</strong></span> 
     </span>
    </p>
   </div>
   <div class='ocr_carea' id='block_1_2' title="bbox 1918 278 3496 352">
    <p class='ocr_par' dir='ltr' id='par_1_2' title="bbox 1929 285 3496 352">
     <span class='ocr_line' id='line_1_2' title="bbox 1929 285 3496 352; baseline 0.006 -11"><span class='ocrx_word' id='word_1_5' title='bbox 1929 285 2092 341; x_wconf 79' lang='grc' dir='ltr'><strong>ΤΟΜ.</strong></span> <span class='ocrx_word' id='word_1_6' title='bbox 2133 286 2268 339; x_wconf 75' lang='grc'><strong>1.-</strong></span> <span class='ocrx_word' id='word_1_7' title='bbox 2311 285 2586 344; x_wconf 63' lang='grc' dir='ltr'>ΠιΕΙίΕδ.</span> <span class='ocrx_word' id='word_1_8' title='bbox 2631 286 2814 343; x_wconf 70' lang='lat' dir='ltr'><strong>LXIV.</strong></span> <span class='ocrx_word' id='word_1_9' title='bbox 3355 293 3496 352; x_wconf 66' lang='lat'><strong>1090</strong></span> 
     </span>
    </p>
   </div>
   <div class='ocr_carea' id='block_1_3' title="bbox 216 394 1810 477">
    <p class='ocr_par' dir='ltr' id='par_1_3' title="bbox 216 394 1810 466">
     <span class='ocr_line' id='line_1_3' title="bbox 216 394 1810 466; baseline 0.003 -18"><span class='ocrx_word' id='word_1_10' title='bbox 216 395 336 448; x_wconf 82' lang='grc' dir='ltr'><strong>τῶν</strong></span> <span class='ocrx_word' id='word_1_11' title='bbox 385 394 609 448; x_wconf 68' lang='grc' dir='ltr'>ἐκείνων</span> <span class='ocrx_word' id='word_1_12' title='bbox 665 394 953 466; x_wconf 81' lang='grc' dir='ltr'>σωμάτων.</span> <span class='ocrx_word' id='word_1_13' title='bbox 1000 398 1110 450; x_wconf 78' lang='grc' dir='ltr'><strong>Καὶ</strong></span> <span class='ocrx_word' id='word_1_14' title='bbox 1160 397 1321 451; x_wconf 83' lang='grc' dir='ltr'>πάλιν</span> <span class='ocrx_word' id='word_1_15' title='bbox 1360 400 1543 452; x_wconf 76' lang='grc' dir='ltr'>ἐκεῖνα</span> <span class='ocrx_word' id='word_1_16' title='bbox 1576 399 1682 453; x_wconf 81' lang='grc' dir='ltr'><strong>ὑπὸ</strong></span> <span class='ocrx_word' id='word_1_17' title='bbox 1719 400 1810 454; x_wconf 82' lang='grc' dir='ltr'><strong>ἀν-</strong></span> 
     </span>
    </p>
   </div>
   <div class='ocr_carea' id='block_1_4' title="bbox 1918 394 3496 477">
    <p class='ocr_par' dir='ltr' id='par_1_4' title="bbox 1918 400 3496 477">
     <span class='ocr_line' id='line_1_4' title="bbox 1918 400 3496 477; baseline 0.005 -23"><span class='ocrx_word' id='word_1_18' title='bbox 1918 407 2167 457; x_wconf 89' lang='lat' dir='ltr'><strong>nostrum</strong></span> <span class='ocrx_word' id='word_1_19' title='bbox 2242 400 2500 455; x_wconf 87' lang='lat' dir='ltr'><strong>alimenta</strong></span> <span class='ocrx_word' id='word_1_20' title='bbox 2572 401 2936 473; x_wconf 85' lang='lat' dir='ltr'><strong>digeruntur,</strong></span> <span class='ocrx_word' id='word_1_21' title='bbox 3000 402 3496 477; x_wconf 79' lang='lat' dir='ltr'><strong>similitudinesque</strong></span> 
     </span>
    </p>
   </div>
   <div class='ocr_carea' id='block_1_5' title="bbox 218 484 1810 568">
    <p class='ocr_par' dir='ltr' id='par_1_5' title="bbox 218 484 1810 560">
     <span class='ocr_line' id='line_1_5' title="bbox 218 484 1810 560; baseline 0.003 -20"><span class='ocrx_word' id='word_1_22' title='bbox 218 484 461 557; x_wconf 83' lang='grc' dir='ltr'>Θρώπων</span> <span class='ocrx_word' id='word_1_23' title='bbox 508 485 541 555; x_wconf 82' lang='grc' dir='ltr'>ἢ</span> <span class='ocrx_word' id='word_1_24' title='bbox 595 486 795 557; x_wconf 80' lang='grc' dir='ltr'>ἑτέρων</span> <span class='ocrx_word' id='word_1_25' title='bbox 825 484 979 551; x_wconf 79' lang='grc' dir='ltr'>ζώων</span> <span class='ocrx_word' id='word_1_26' title='bbox 1011 488 1301 559; x_wconf 80' lang='grc' dir='ltr'>ἐσθιόμενα</span> <span class='ocrx_word' id='word_1_27' title='bbox 1340 490 1810 560; x_wconf 77' lang='grc' dir='ltr'>ἀντιμεταϐἀλλει,</span> 
     </span>
    </p>
   </div>
   <div class='ocr_carea' id='block_1_6' title="bbox 1918 484 3495 568">
    <p class='ocr_par' dir='ltr' id='par_1_6' title="bbox 1918 495 3495 568">
     <span class='ocr_line' id='line_1_6' title="bbox 1918 495 3495 568; baseline 0.006 -20"><span class='ocrx_word' id='word_1_28' title='bbox 1918 502 2310 563; x_wconf 88' lang='lat' dir='ltr'><strong>transmutant,</strong></span> <span class='ocrx_word' id='word_1_29' title='bbox 2341 495 2415 550; x_wconf 86' lang='lat' dir='ltr'><strong>ita</strong></span> <span class='ocrx_word' id='word_1_30' title='bbox 2446 507 2498 551; x_wconf 93' lang='lat' dir='ltr'><strong>et</strong></span> <span class='ocrx_word' id='word_1_31' title='bbox 2522 511 2754 568; x_wconf 90' lang='lat' dir='ltr'><strong>corpora</strong></span> <span class='ocrx_word' id='word_1_32' title='bbox 2776 506 2968 553; x_wconf 92' lang='lat' dir='ltr'><strong>nostra</strong></span> <span class='ocrx_word' id='word_1_33' title='bbox 2991 500 3258 566; x_wconf 74' lang='lat' dir='ltr'><strong>converti,</strong></span> <span class='ocrx_word' id='word_1_34' title='bbox 3293 509 3346 557; x_wconf 87' lang='lat' dir='ltr'><strong>et</strong></span> <span class='ocrx_word' id='word_1_35' title='bbox 3372 518 3495 558; x_wconf 88' lang='lat' dir='ltr'><strong>car-</strong></span> 
     </span>
    </p>
   </div>
   <div class='ocr_carea' id='block_1_7' title="bbox 216 575 1810 661">
    <p class='ocr_par' dir='ltr' id='par_1_7' title="bbox 216 575 1810 651">
     <span class='ocr_line' id='line_1_7' title="bbox 216 575 1810 651; baseline 0.003 -21"><span class='ocrx_word' id='word_1_36' title='bbox 216 576 552 646; x_wconf 75' lang='grc' dir='ltr'>καὶγίνεται</span> <span class='ocrx_word' id='word_1_37' title='bbox 579 575 882 647; x_wconf 72' lang='grc' dir='ltr'><strong>ἀνθρώπιον</strong></span> <span class='ocrx_word' id='word_1_38' title='bbox 916 577 949 647; x_wconf 84' lang='grc' dir='ltr'><strong>ἢ</strong></span> <span class='ocrx_word' id='word_1_39' title='bbox 985 579 1188 650; x_wconf 78' lang='grc' dir='ltr'>ἐτέρων</span> <span class='ocrx_word' id='word_1_40' title='bbox 1218 578 1371 643; x_wconf 80' lang='grc' dir='ltr'>ζώων</span> <span class='ocrx_word' id='word_1_41' title='bbox 1411 579 1660 651; x_wconf 86' lang='grc' dir='ltr'>σώματα.</span> <span class='ocrx_word' id='word_1_42' title='bbox 1704 583 1810 636; x_wconf 69' lang='grc' dir='ltr'><strong>Καὶ</strong></span> 
     </span>
    </p>
   </div>
   <div class='ocr_carea' id='block_1_8' title="bbox 1918 575 3494 661">
    <p class='ocr_par' dir='ltr' id='par_1_8' title="bbox 1918 585 3494 661">
     <span class='ocr_line' id='line_1_8' title="bbox 1918 585 3494 661; baseline 0.006 -22"><span class='ocrx_word' id='word_1_43' title='bbox 1918 585 2123 641; x_wconf 84' lang='lat' dir='ltr'><strong>nivoris</strong></span> <span class='ocrx_word' id='word_1_44' title='bbox 2163 586 2358 641; x_wconf 87' lang='lat' dir='ltr'><strong>avibus</strong></span> <span class='ocrx_word' id='word_1_45' title='bbox 2387 585 2627 658; x_wconf 84' lang='lat' dir='ltr'><strong>ferisque</strong></span> <span class='ocrx_word' id='word_1_46' title='bbox 2669 588 2897 659; x_wconf 77' lang='lat' dir='ltr'><strong>depasta</strong></span> <span class='ocrx_word' id='word_1_47' title='bbox 2941 605 3231 661; x_wconf 86' lang='lat' dir='ltr'><strong>corporum</strong></span> <span class='ocrx_word' id='word_1_48' title='bbox 3275 592 3494 648; x_wconf 91' lang='lat' dir='ltr'><strong>illorum</strong></span> 
     </span>
    </p>
   </div>
   <div class='ocr_carea' id='block_1_9' title="bbox 214 668 1810 750">
    <p class='ocr_par' dir='ltr' id='par_1_9' title="bbox 214 668 1810 745">
     <span class='ocr_line' id='line_1_9' title="bbox 214 668 1810 745; baseline 0.004 -23"><span class='ocrx_word' id='word_1_49' title='bbox 214 668 415 722; x_wconf 81' lang='grc' dir='ltr'>τούτου</span> <span class='ocrx_word' id='word_1_50' title='bbox 447 670 540 722; x_wconf 73' lang='grc' dir='ltr'><strong>ἐπὶ</strong></span> <span class='ocrx_word' id='word_1_51' title='bbox 573 669 708 723; x_wconf 79' lang='grc' dir='ltr'>πολὺ</span> <span class='ocrx_word' id='word_1_52' title='bbox 735 668 1058 739; x_wconf 83' lang='grc' dir='ltr'><strong>γιγνομένου</strong></span> <span class='ocrx_word' id='word_1_53' title='bbox 1085 709 1100 736; x_wconf 84' lang='grc'><em>,</em></span> <span class='ocrx_word' id='word_1_54' title='bbox 1136 671 1349 743; x_wconf 82' lang='grc' dir='ltr'><strong>ἀνάγκη</strong></span> <span class='ocrx_word' id='word_1_55' title='bbox 1378 671 1441 725; x_wconf 84' lang='grc' dir='ltr'>τὸ</span> <span class='ocrx_word' id='word_1_56' title='bbox 1485 672 1619 727; x_wconf 80' lang='grc' dir='ltr'>αὐτὸ</span> <span class='ocrx_word' id='word_1_57' title='bbox 1656 674 1810 745; x_wconf 82' lang='grc' dir='ltr'>σῶμα</span> 
     </span>
    </p>
   </div>
   <div class='ocr_carea' id='block_1_10' title="bbox 1918 668 3495 750">
    <p class='ocr_par' dir='ltr' id='par_1_10' title="bbox 1918 677 3495 750">
     <span class='ocr_line' id='line_1_10' title="bbox 1918 677 3495 750; baseline 0.005 -18"><span class='ocrx_word' id='word_1_58' title='bbox 1918 686 2098 748; x_wconf 88' lang='lat' dir='ltr'><strong>partes</strong></span> <span class='ocrx_word' id='word_1_59' title='bbox 2142 678 2302 733; x_wconf 70' lang='lat' dir='ltr'><strong>edici.</strong></span> <span class='ocrx_word' id='word_1_60' title='bbox 2341 677 2477 746; x_wconf 77' lang='lat' dir='ltr'><strong>Quae</strong></span> <span class='ocrx_word' id='word_1_61' title='bbox 2520 680 2739 750; x_wconf 87' lang='lat' dir='ltr'><strong>quidem</strong></span> <span class='ocrx_word' id='word_1_62' title='bbox 2782 697 2999 737; x_wconf 83' lang='lat' dir='ltr'><strong>rursum</strong></span> <span class='ocrx_word' id='word_1_63' title='bbox 3054 683 3122 739; x_wconf 89' lang='lat' dir='ltr'><strong>ab</strong></span> <span class='ocrx_word' id='word_1_64' title='bbox 3178 685 3495 740; x_wconf 88' lang='lat' dir='ltr'><strong>hominibus</strong></span> 
     </span>
    </p>
   </div>
   <div class='ocr_carea' id='block_1_11' title="bbox 216 757 1810 841">
    <p class='ocr_par' dir='ltr' id='par_1_11' title="bbox 216 757 1810 835">
     <span class='ocr_line' id='line_1_11' title="bbox 216 757 1810 835; baseline 0.003 -22"><span class='ocrx_word' id='word_1_65' title='bbox 216 759 486 813; x_wconf 80' lang='grc' dir='ltr'>πλειόνων</span> <span class='ocrx_word' id='word_1_66' title='bbox 509 757 814 830; x_wconf 81' lang='grc' dir='ltr'>ἀνθρώπων</span> <span class='ocrx_word' id='word_1_67' title='bbox 844 760 1111 835; x_wconf 76' lang='grc' dir='ltr'>πολλάκις</span> <span class='ocrx_word' id='word_1_68' title='bbox 1143 762 1397 830; x_wconf 82' lang='grc' dir='ltr'>γενέσθαι</span> <span class='ocrx_word' id='word_1_69' title='bbox 1442 763 1626 833; x_wconf 82' lang='grc' dir='ltr'>μέρος.</span> <span class='ocrx_word' id='word_1_70' title='bbox 1659 764 1810 829; x_wconf 80' lang='grc' dir='ltr'>Τίνος</span> 
     </span>
    </p>
   </div>
   <div class='ocr_carea' id='block_1_12' title="bbox 1918 757 3493 841">
    <p class='ocr_par' dir='ltr' id='par_1_12' title="bbox 1918 768 3493 841">
     <span class='ocr_line' id='line_1_12' title="bbox 1918 768 3493 841; baseline 0.004 -19"><span class='ocrx_word' id='word_1_71' title='bbox 1918 776 2010 823; x_wconf 87' lang='lat' dir='ltr'><strong>aut</strong></span> <span class='ocrx_word' id='word_1_72' title='bbox 2045 769 2168 823; x_wconf 88' lang='lat' dir='ltr'><strong>aliis</strong></span> <span class='ocrx_word' id='word_1_73' title='bbox 2219 768 2552 825; x_wconf 86' lang='lat' dir='ltr'><strong>animalibus</strong></span> <span class='ocrx_word' id='word_1_74' title='bbox 2584 770 2841 825; x_wconf 87' lang='lat' dir='ltr'><strong>devorata</strong></span> <span class='ocrx_word' id='word_1_75' title='bbox 2890 772 3133 827; x_wconf 82' lang='lat' dir='ltr'><strong>vicissim</strong></span> <span class='ocrx_word' id='word_1_76' title='bbox 3185 784 3493 841; x_wconf 79' lang='lat' dir='ltr'><strong>mutantur,</strong></span> 
     </span>
    </p>
   </div>
   <div class='ocr_carea' id='block_1_13' title="bbox 217 849 1811 924">
    <p class='ocr_par' dir='ltr' id='par_1_13' title="bbox 217 849 1811 924">
     <span class='ocr_line' id='line_1_13' title="bbox 217 849 1811 924; baseline 0.002 -17"><span class='ocrx_word' id='word_1_77' title='bbox 217 849 316 907; x_wconf 82' lang='grc' dir='ltr'><strong>οὖν</strong></span> <span class='ocrx_word' id='word_1_78' title='bbox 355 851 508 905; x_wconf 74' lang='grc' dir='ltr'>ἔσται</span> <span class='ocrx_word' id='word_1_79' title='bbox 559 851 719 921; x_wconf 87' lang='grc' dir='ltr'>σῶμα</span> <span class='ocrx_word' id='word_1_80' title='bbox 755 853 814 906; x_wconf 77' lang='grc' dir='ltr'>ὲν</span> <span class='ocrx_word' id='word_1_81' title='bbox 862 855 929 924; x_wconf 76' lang='grc' dir='ltr'>τῇ</span> <span class='ocrx_word' id='word_1_82' title='bbox 991 854 1317 922; x_wconf 79' lang='grc' dir='ltr'>ἁναστάσει;</span> <span class='ocrx_word' id='word_1_83' title='bbox 1360 856 1472 909; x_wconf 79' lang='grc' dir='ltr'><strong>Καὶ</strong></span> <span class='ocrx_word' id='word_1_84' title='bbox 1509 854 1682 919; x_wconf 76' lang='grc' dir='ltr'>οὕτως</span> <span class='ocrx_word' id='word_1_85' title='bbox 1714 858 1811 923; x_wconf 76' lang='grc' dir='ltr'>,εἰς</span> 
     </span>
    </p>
   </div>
   <div class='ocr_carea' id='block_1_14' title="bbox 220 942 1808 1019">
    <p class='ocr_par' dir='ltr' id='par_1_14' title="bbox 220 942 1808 1019">
     <span class='ocr_line' id='line_1_14' title="bbox 220 942 1808 1019; baseline 0.001 -21"><span class='ocrx_word' id='word_1_86' title='bbox 220 944 383 1015; x_wconf 83' lang='grc' dir='ltr'>βυθὸν</span> <span class='ocrx_word' id='word_1_87' title='bbox 441 942 709 1015; x_wconf 80' lang='grc' dir='ltr'>φλυαρίας</span> <span class='ocrx_word' id='word_1_88' title='bbox 756 944 905 1014; x_wconf 73' lang='grc' dir='ltr'>ἡμᾶς</span> <span class='ocrx_word' id='word_1_89' title='bbox 961 944 1189 1014; x_wconf 80' lang='grc' dir='ltr'>ἀλόγους</span> <span class='ocrx_word' id='word_1_90' title='bbox 1242 949 1257 977; x_wconf 78' lang='grc'>³</span> <span class='ocrx_word' id='word_1_91' title='bbox 1314 946 1657 1017; x_wconf 81' lang='grc' dir='ltr'>συμϐήσεται</span> <span class='ocrx_word' id='word_1_92' title='bbox 1706 949 1808 1019; x_wconf 84' lang='grc' dir='ltr'><strong>ὲμ-</strong></span> 
     </span>
    </p>
   </div>
   <div class='ocr_carea' id='block_1_15' title="bbox 221 1037 466 1091">
    <p class='ocr_par' dir='ltr' id='par_1_15' title="bbox 221 1037 466 1091">
     <span class='ocr_line' id='line_1_15' title="bbox 221 1037 466 1091; baseline -0.008 0"><span class='ocrx_word' id='word_1_93' title='bbox 221 1037 466 1091; x_wconf 81' lang='grc' dir='ltr'>πίπτειν.</span> 
     </span>
    </p>
   </div>
   <div class='ocr_carea' id='block_1_16' title="bbox 1918 859 3491 933">
    <p class='ocr_par' dir='ltr' id='par_1_16' title="bbox 1918 859 3491 933">
     <span class='ocr_line' id='line_1_16' title="bbox 1918 859 3491 933; baseline 0.003 -21"><span class='ocrx_word' id='word_1_94' title='bbox 1918 865 1973 912; x_wconf 86' lang='lat' dir='ltr'><strong>et</strong></span> <span class='ocrx_word' id='word_1_95' title='bbox 1996 859 2275 913; x_wconf 88' lang='lat' dir='ltr'><strong>hominum</strong></span> <span class='ocrx_word' id='word_1_96' title='bbox 2318 860 2401 914; x_wconf 85' lang='lat' dir='ltr'><strong>vel</strong></span> <span class='ocrx_word' id='word_1_97' title='bbox 2450 859 2683 913; x_wconf 86' lang='lat' dir='ltr'><strong>aliorum</strong></span> <span class='ocrx_word' id='word_1_98' title='bbox 2714 860 3028 917; x_wconf 78' lang='lat' dir='ltr'><strong>animalium</strong></span> <span class='ocrx_word' id='word_1_99' title='bbox 3059 877 3291 933; x_wconf 87' lang='lat' dir='ltr'><strong>corpora</strong></span> <span class='ocrx_word' id='word_1_100' title='bbox 3323 864 3491 918; x_wconf 88' lang='lat' dir='ltr'><strong>liunt:</strong></span> 
     </span>
    </p>
   </div>
   <div class='ocr_carea' id='block_1_17' title="bbox 1916 951 3496 1026">
    <p class='ocr_par' dir='ltr' id='par_1_17' title="bbox 1916 951 3496 1026">
     <span class='ocr_line' id='line_1_17' title="bbox 1916 951 3496 1026; baseline 0.005 -23"><span class='ocrx_word' id='word_1_101' title='bbox 1916 964 2025 1019; x_wconf 91' lang='lat' dir='ltr'><strong>qua</strong></span> <span class='ocrx_word' id='word_1_102' title='bbox 2064 965 2124 1005; x_wconf 92' lang='lat' dir='ltr'><strong>re</strong></span> <span class='ocrx_word' id='word_1_103' title='bbox 2157 951 2357 1021; x_wconf 80' lang='lat' dir='ltr'><strong>saepius</strong></span> <span class='ocrx_word' id='word_1_104' title='bbox 2410 954 2661 1022; x_wconf 88' lang='lat' dir='ltr'><strong>repetita,</strong></span> <span class='ocrx_word' id='word_1_105' title='bbox 2708 962 2935 1010; x_wconf 86' lang='lat' dir='ltr'><strong>necesse</strong></span> <span class='ocrx_word' id='word_1_106' title='bbox 2969 963 3053 1009; x_wconf 88' lang='lat' dir='ltr'><strong>est</strong></span> <span class='ocrx_word' id='word_1_107' title='bbox 3103 955 3244 1009; x_wconf 85' lang='lat' dir='ltr'><strong>idem</strong></span> <span class='ocrx_word' id='word_1_108' title='bbox 3292 971 3496 1026; x_wconf 88' lang='lat' dir='ltr'><strong>corpus</strong></span> 
     </span>
    </p>
   </div>
   <div class='ocr_carea' id='block_1_18' title="bbox 1916 1042 3497 1116">
    <p class='ocr_par' dir='ltr' id='par_1_18' title="bbox 1916 1042 3497 1116">
     <span class='ocr_line' id='line_1_18' title="bbox 1916 1042 3497 1116; baseline 0.004 -22"><span class='ocrx_word' id='word_1_109' title='bbox 1916 1042 2282 1111; x_wconf 91' lang='lat' dir='ltr'><strong>complurium</strong></span> <span class='ocrx_word' id='word_1_110' title='bbox 2316 1042 2598 1098; x_wconf 83' lang='lat' dir='ltr'><strong>hominum</strong></span> <span class='ocrx_word' id='word_1_111' title='bbox 2639 1044 2840 1113; x_wconf 62' lang='lat' dir='ltr'><strong>saepius</strong></span> <span class='ocrx_word' id='word_1_112' title='bbox 2878 1061 2999 1100; x_wconf 90' lang='lat' dir='ltr'><strong>esse</strong></span> <span class='ocrx_word' id='word_1_113' title='bbox 3039 1054 3267 1115; x_wconf 89' lang='lat' dir='ltr'><strong>partem.</strong></span> <span class='ocrx_word' id='word_1_114' title='bbox 3294 1047 3497 1116; x_wconf 78' lang='lat' dir='ltr'><strong>Cujus-</strong></span> 
     </span>
    </p>
   </div>
   <div class='ocr_carea' id='block_1_19' title="bbox 216 1108 3497 1209">
    <p class='ocr_par' dir='ltr' id='par_1_19' title="bbox 216 1108 3497 1209">
     <span class='ocr_line' id='line_1_19' title="bbox 216 1108 3497 1209; baseline 0.002 -23"><span class='ocrx_word' id='word_1_115' title='bbox 216 1146 347 1186; x_wconf 86' lang='lat' dir='ltr'><strong>nam</strong></span> <span class='ocrx_word' id='word_1_116' title='bbox 389 1132 555 1201; x_wconf 81' lang='lat' dir='ltr'><strong>igitur</strong></span> <span class='ocrx_word' id='word_1_117' title='bbox 596 1131 650 1185; x_wconf 91' lang='lat' dir='ltr'><strong>in</strong></span> <span class='ocrx_word' id='word_1_118' title='bbox 693 1131 1097 1186; x_wconf 81' lang='lat' dir='ltr'><strong>resurrectione</strong></span> <span class='ocrx_word' id='word_1_119' title='bbox 1152 1146 1355 1202; x_wconf 86' lang='lat' dir='ltr'><strong>corpus</strong></span> <span class='ocrx_word' id='word_1_120' title='bbox 1386 1147 1512 1189; x_wconf 80' lang='lat' dir='ltr'><strong>esse</strong></span> <span class='ocrx_word' id='word_1_121' title='bbox 1547 1108 1812 1189; x_wconf 56' lang='lat' dir='ltr'><strong>debebit?</strong></span> <span class='ocrx_word' id='word_1_122' title='bbox 1846 1134 1926 1189; x_wconf 81' lang='lat' dir='ltr'><strong>Ita</strong></span> <span class='ocrx_word' id='word_1_123' title='bbox 1994 1150 2100 1191; x_wconf 83' lang='lat' dir='ltr'><strong>nos</strong></span> <span class='ocrx_word' id='word_1_124' title='bbox 2144 1136 2293 1191; x_wconf 87' lang='lat' dir='ltr'><strong>velut</strong></span> <span class='ocrx_word' id='word_1_125' title='bbox 2328 1136 2540 1191; x_wconf 83' lang='lat' dir='ltr'><strong>ratione</strong></span> <span class='ocrx_word' id='word_1_126' title='bbox 2578 1136 2823 1192; x_wconf 81' lang='lat' dir='ltr'><strong>destituti</strong></span> <span class='ocrx_word' id='word_1_127' title='bbox 2867 1139 2924 1192; x_wconf 91' lang='lat' dir='ltr'><strong>in</strong></span> <span class='ocrx_word' id='word_1_128' title='bbox 2964 1138 3261 1195; x_wconf 84' lang='lat' dir='ltr'><strong>altissimas</strong></span> <span class='ocrx_word' id='word_1_129' title='bbox 3329 1108 3497 1209; x_wconf 75' lang='lat' dir='ltr'><strong>quas-</strong></span> 
     </span>
    </p>
   </div>
   <div class='ocr_carea' id='block_1_20' title="bbox 218 1224 1412 1294">
    <p class='ocr_par' dir='ltr' id='par_1_20' title="bbox 218 1224 1412 1294">
     <span class='ocr_line' id='line_1_20' title="bbox 218 1224 1412 1294; baseline 0.003 -16"><span class='ocrx_word' id='word_1_130' title='bbox 218 1224 349 1279; x_wconf 89' lang='lat' dir='ltr'><strong>dam</strong></span> <span class='ocrx_word' id='word_1_131' title='bbox 383 1239 560 1293; x_wconf 77' lang='lat' dir='ltr'><strong>nugas</strong></span> <span class='ocrx_word' id='word_1_132' title='bbox 590 1233 753 1294; x_wconf 87' lang='lat' dir='ltr'><strong>atque</strong></span> <span class='ocrx_word' id='word_1_133' title='bbox 782 1224 1015 1293; x_wconf 86' lang='lat' dir='ltr'><strong>ineptias</strong></span> <span class='ocrx_word' id='word_1_134' title='bbox 1043 1224 1412 1282; x_wconf 88' lang='lat' dir='ltr'><strong>devolvimur.</strong></span> 
     </span>
    </p>
   </div>
   <div class='ocr_carea' id='block_1_21' title="bbox 290 1312 1807 1394">
    <p class='ocr_par' dir='ltr' id='par_1_21' title="bbox 290 1312 1807 1394">
     <span class='ocr_line' id='line_1_21' title="bbox 290 1312 1807 1394; baseline 0.001 -19"><span class='ocrx_word' id='word_1_135' title='bbox 290 1321 390 1375; x_wconf 74' lang='lat' dir='ltr'><strong>Il&quot;.</strong></span> <span class='ocrx_word' id='word_1_136' title='bbox 435 1323 542 1375; x_wconf 74' lang='lat' dir='ltr'><strong>Kal.</strong></span> <span class='ocrx_word' id='word_1_137' title='bbox 587 1321 726 1392; x_wconf 84' lang='grc' dir='ltr'>μετὰ</span> <span class='ocrx_word' id='word_1_138' title='bbox 766 1323 971 1385; x_wconf 88' lang='grc' dir='ltr'>ταύτας</span> <span class='ocrx_word' id='word_1_139' title='bbox 1003 1323 1101 1387; x_wconf 81' lang='grc' dir='ltr'>τὰς</span> <span class='ocrx_word' id='word_1_140' title='bbox 1132 1312 1367 1394; x_wconf 73' lang='grc' dir='ltr'>ἀπορίας</span> <span class='ocrx_word' id='word_1_141' title='bbox 1397 1322 1491 1377; x_wconf 72' lang='grc' dir='ltr'>ἐπὶ</span> <span class='ocrx_word' id='word_1_142' title='bbox 1533 1323 1593 1376; x_wconf 73' lang='grc' dir='ltr'>τὸ</span> <span class='ocrx_word' id='word_1_143' title='bbox 1629 1324 1807 1377; x_wconf 74' lang='grc' dir='ltr'>πάντα</span> 
     </span>
    </p>
   </div>
   <div class='ocr_carea' id='block_1_22' title="bbox 215 1409 1806 1493">
    <p class='ocr_par' dir='ltr' id='par_1_22' title="bbox 215 1409 1806 1493">
     <span class='ocr_line' id='line_1_22' title="bbox 215 1409 1806 1493; baseline 0.003 -29"><span class='ocrx_word' id='word_1_144' title='bbox 215 1411 422 1467; x_wconf 80' lang='grc' dir='ltr'>δυνατὰ</span> <span class='ocrx_word' id='word_1_145' title='bbox 449 1409 590 1493; x_wconf 83' lang='grc' dir='ltr'>εἶναι</span> <span class='ocrx_word' id='word_1_146' title='bbox 628 1414 706 1486; x_wconf 83' lang='grc' dir='ltr'><strong>τῷ</strong></span> <span class='ocrx_word' id='word_1_147' title='bbox 738 1414 860 1486; x_wconf 85' lang='grc' dir='ltr'><strong>Θεῷ</strong></span> <span class='ocrx_word' id='word_1_148' title='bbox 892 1416 1296 1486; x_wconf 78' lang='grc' dir='ltr'><strong>καταφεύγουσι</strong></span> <span class='ocrx_word' id='word_1_149' title='bbox 1321 1457 1335 1479; x_wconf 86' lang='grc'><strong>.</strong></span> <span class='ocrx_word' id='word_1_150' title='bbox 1373 1418 1467 1471; x_wconf 75' lang='grc' dir='ltr'><strong>καὶ</strong></span> <span class='ocrx_word' id='word_1_151' title='bbox 1497 1416 1668 1482; x_wconf 81' lang='grc' dir='ltr'><strong>λέξεις</strong></span> <span class='ocrx_word' id='word_1_152' title='bbox 1696 1417 1806 1471; x_wconf 83' lang='grc' dir='ltr'><strong>τῶν</strong></span> 
     </span>
    </p>
   </div>
   <div class='ocr_carea' id='block_1_23' title="bbox 218 1504 1808 1582">
    <p class='ocr_par' dir='ltr' id='par_1_23' title="bbox 218 1504 1808 1582">
     <span class='ocr_line' id='line_1_23' title="bbox 218 1504 1808 1582; baseline 0.003 -24"><span class='ocrx_word' id='word_1_153' title='bbox 218 1504 451 1575; x_wconf 85' lang='grc' dir='ltr'>Γραφῶν</span> <span class='ocrx_word' id='word_1_154' title='bbox 477 1507 783 1577; x_wconf 83' lang='grc' dir='ltr'>δυναμένας</span> <span class='ocrx_word' id='word_1_155' title='bbox 814 1508 954 1561; x_wconf 78' lang='grc' dir='ltr'>κατὰ</span> <span class='ocrx_word' id='word_1_156' title='bbox 981 1509 1080 1581; x_wconf 80' lang='grc' dir='ltr'>τὴν</span> <span class='ocrx_word' id='word_1_157' title='bbox 1110 1510 1399 1582; x_wconf 87' lang='grc' dir='ltr'>πρόχειρον</span> <span class='ocrx_word' id='word_1_158' title='bbox 1426 1510 1651 1581; x_wconf 82' lang='grc' dir='ltr'><strong>ἐκδοχὴν</strong></span> <span class='ocrx_word' id='word_1_159' title='bbox 1681 1511 1808 1563; x_wconf 82' lang='grc' dir='ltr'>ὑπο-</span> 
     </span>
    </p>
   </div>
   <div class='ocr_carea' id='block_1_24' title="bbox 219 1596 1807 1673">
    <p class='ocr_par' dir='ltr' id='par_1_24' title="bbox 219 1596 1807 1673">
     <span class='ocr_line' id='line_1_24' title="bbox 219 1596 1807 1673; baseline 0.003 -24"><span class='ocrx_word' id='word_1_160' title='bbox 219 1596 437 1650; x_wconf 76' lang='grc' dir='ltr'>ϐάλλειν</span> <span class='ocrx_word' id='word_1_161' title='bbox 471 1597 531 1650; x_wconf 82' lang='grc' dir='ltr'>τὸ</span> <span class='ocrx_word' id='word_1_162' title='bbox 569 1598 859 1669; x_wconf 80' lang='grc' dir='ltr'>νοούμενον</span> <span class='ocrx_word' id='word_1_163' title='bbox 896 1600 1079 1664; x_wconf 84' lang='grc' dir='ltr'>αὐτοῖς</span> <span class='ocrx_word' id='word_1_164' title='bbox 1115 1601 1503 1673; x_wconf 74' lang='grc' dir='ltr'>προφέρονται.</span> <span class='ocrx_word' id='word_1_165' title='bbox 1553 1596 1679 1654; x_wconf 77' lang='grc' dir='ltr'>Οἷον</span> <span class='ocrx_word' id='word_1_166' title='bbox 1708 1601 1807 1671; x_wconf 82' lang='grc' dir='ltr'>τὴν</span> 
     </span>
    </p>
   </div>
   <div class='ocr_carea' id='block_1_25' title="bbox 220 1687 1805 1763">
    <p class='ocr_par' dir='ltr' id='par_1_25' title="bbox 220 1687 1805 1763">
     <span class='ocr_line' id='line_1_25' title="bbox 220 1687 1805 1763; baseline 0.003 -22"><span class='ocrx_word' id='word_1_167' title='bbox 220 1690 279 1741; x_wconf 82' lang='grc' dir='ltr'>ὲν</span> <span class='ocrx_word' id='word_1_168' title='bbox 308 1687 385 1759; x_wconf 83' lang='grc' dir='ltr'>τῷ</span> <span class='ocrx_word' id='word_1_169' title='bbox 426 1688 685 1761; x_wconf 71' lang='grc' dir='ltr'>Ἰεζεκιήλ</span> <span class='ocrx_word' id='word_1_170' title='bbox 703 1707 717 1721; x_wconf 83' lang='lat'><strong><em>°</em></strong></span> <span class='ocrx_word' id='word_1_171' title='bbox 749 1692 859 1746; x_wconf 87' lang='lat' dir='ltr'><strong>Kal</strong></span> <span class='ocrx_word' id='word_1_172' title='bbox 888 1691 1125 1762; x_wconf 80' lang='grc' dir='ltr'>ἐγένετο</span> <span class='ocrx_word' id='word_1_173' title='bbox 1154 1694 1245 1747; x_wconf 82' lang='grc' dir='ltr'><strong>ἐπ’</strong></span> <span class='ocrx_word' id='word_1_174' title='bbox 1270 1693 1376 1763; x_wconf 83' lang='grc' dir='ltr'><strong>ἐμὲ</strong></span> <span class='ocrx_word' id='word_1_175' title='bbox 1408 1693 1537 1763; x_wconf 82' lang='grc' dir='ltr'>χεὶρ</span> <span class='ocrx_word' id='word_1_176' title='bbox 1561 1693 1805 1761; x_wconf 78' lang='grc' dir='ltr'>Κυρίουο</span> 
     </span>
    </p>
   </div>
   <div class='ocr_carea' id='block_1_26' title="bbox 1994 1320 3495 1392">
    <p class='ocr_par' dir='ltr' id='par_1_26' title="bbox 1994 1320 3495 1392">
     <span class='ocr_line' id='line_1_26' title="bbox 1994 1320 3495 1392; baseline 0.003 -16"><span class='ocrx_word' id='word_1_177' title='bbox 1994 1320 2128 1377; x_wconf 58' lang='lat' dir='ltr'><strong>illi.</strong></span> <span class='ocrx_word' id='word_1_178' title='bbox 2169 1321 2437 1378; x_wconf 68' lang='lat' dir='ltr'><strong>Caeterum</strong></span> <span class='ocrx_word' id='word_1_179' title='bbox 2473 1328 2595 1392; x_wconf 87' lang='lat' dir='ltr'><strong>post</strong></span> <span class='ocrx_word' id='word_1_180' title='bbox 2642 1320 2763 1376; x_wconf 83' lang='lat' dir='ltr'><strong>haec</strong></span> <span class='ocrx_word' id='word_1_181' title='bbox 2801 1336 2831 1374; x_wconf 89' lang='lat' dir='ltr'><strong>a</strong></span> <span class='ocrx_word' id='word_1_182' title='bbox 2866 1321 3027 1376; x_wconf 88' lang='lat' dir='ltr'><strong>nobis</strong></span> <span class='ocrx_word' id='word_1_183' title='bbox 3063 1321 3276 1392; x_wconf 82' lang='lat' dir='ltr'><strong>objecta</strong></span> <span class='ocrx_word' id='word_1_184' title='bbox 3305 1339 3371 1378; x_wconf 90' lang='lat' dir='ltr'><strong>eo</strong></span> <span class='ocrx_word' id='word_1_185' title='bbox 3400 1325 3495 1380; x_wconf 85' lang='lat' dir='ltr'><strong>de-</strong></span> 
     </span>
    </p>
   </div>
   <div class='ocr_carea' id='block_1_27' title="bbox 1913 1412 3497 1484">
    <p class='ocr_par' dir='ltr' id='par_1_27' title="bbox 1913 1412 3497 1484">
     <span class='ocr_line' id='line_1_27' title="bbox 1913 1412 3497 1484; baseline 0.004 -17"><span class='ocrx_word' id='word_1_186' title='bbox 1913 1429 2064 1468; x_wconf 86' lang='lat' dir='ltr'><strong>mum</strong></span> <span class='ocrx_word' id='word_1_187' title='bbox 2112 1430 2172 1470; x_wconf 89' lang='lat' dir='ltr'><strong>se</strong></span> <span class='ocrx_word' id='word_1_188' title='bbox 2218 1413 2464 1469; x_wconf 80' lang='lat' dir='ltr'><strong>referunt</strong></span> <span class='ocrx_word' id='word_1_189' title='bbox 2491 1452 2507 1479; x_wconf 93' lang='lat'><strong>,</strong></span> <span class='ocrx_word' id='word_1_190' title='bbox 2555 1420 2615 1468; x_wconf 88' lang='lat' dir='ltr'><strong>ut</strong></span> <span class='ocrx_word' id='word_1_191' title='bbox 2660 1413 2844 1468; x_wconf 85' lang='lat' dir='ltr'><strong>omnia</strong></span> <span class='ocrx_word' id='word_1_192' title='bbox 2897 1412 3008 1468; x_wconf 89' lang='lat' dir='ltr'><strong>Deo</strong></span> <span class='ocrx_word' id='word_1_193' title='bbox 3052 1416 3332 1484; x_wconf 89' lang='lat' dir='ltr'><strong>possibilia</strong></span> <span class='ocrx_word' id='word_1_194' title='bbox 3373 1433 3497 1473; x_wconf 78' lang='lat' dir='ltr'><strong>esse</strong></span> 
     </span>
    </p>
   </div>
   <div class='ocr_carea' id='block_1_28' title="bbox 1914 1505 3493 1577">
    <p class='ocr_par' dir='ltr' id='par_1_28' title="bbox 1914 1505 3493 1577">
     <span class='ocr_line' id='line_1_28' title="bbox 1914 1505 3493 1577; baseline 0.003 -17"><span class='ocrx_word' id='word_1_195' title='bbox 1914 1505 2120 1572; x_wconf 87' lang='lat' dir='ltr'><strong>dicant,</strong></span> <span class='ocrx_word' id='word_1_196' title='bbox 2158 1513 2321 1577; x_wconf 90' lang='lat' dir='ltr'><strong>atque</strong></span> <span class='ocrx_word' id='word_1_197' title='bbox 2367 1506 2436 1561; x_wconf 87' lang='lat' dir='ltr'><strong>ad</strong></span> <span class='ocrx_word' id='word_1_198' title='bbox 2486 1507 2799 1577; x_wconf 86' lang='lat' dir='ltr'><strong>opinionem</strong></span> <span class='ocrx_word' id='word_1_199' title='bbox 2847 1522 3004 1562; x_wconf 85' lang='lat' dir='ltr'><strong>suam</strong></span> <span class='ocrx_word' id='word_1_200' title='bbox 3048 1509 3294 1577; x_wconf 76' lang='lat' dir='ltr'><strong>quaedam</strong></span> <span class='ocrx_word' id='word_1_201' title='bbox 3342 1508 3493 1565; x_wconf 77' lang='lat' dir='ltr'><strong>Scri-</strong></span> 
     </span>
    </p>
   </div>
   <div class='ocr_carea' id='block_1_29' title="bbox 1916 1597 3495 1670">
    <p class='ocr_par' dir='ltr' id='par_1_29' title="bbox 1916 1597 3495 1670">
     <span class='ocr_line' id='line_1_29' title="bbox 1916 1597 3495 1670; baseline 0.001 -17"><span class='ocrx_word' id='word_1_202' title='bbox 1916 1608 2090 1669; x_wconf 61' lang='lat' dir='ltr'><strong>ptura;</strong></span> <span class='ocrx_word' id='word_1_203' title='bbox 2117 1599 2449 1665; x_wconf 87' lang='lat' dir='ltr'><strong>testimonia,</strong></span> <span class='ocrx_word' id='word_1_204' title='bbox 2492 1614 2611 1670; x_wconf 75' lang='lat' dir='ltr'><strong>qua:</strong></span> <span class='ocrx_word' id='word_1_205' title='bbox 2663 1600 2840 1668; x_wconf 92' lang='lat' dir='ltr'><strong>primo</strong></span> <span class='ocrx_word' id='word_1_206' title='bbox 2874 1597 3144 1669; x_wconf 87' lang='lat' dir='ltr'><strong>obvioque</strong></span> <span class='ocrx_word' id='word_1_207' title='bbox 3176 1615 3341 1654; x_wconf 86' lang='lat' dir='ltr'><strong>sensu</strong></span> <span class='ocrx_word' id='word_1_208' title='bbox 3375 1600 3495 1656; x_wconf 89' lang='lat' dir='ltr'><strong>illo-</strong></span> 
     </span>
    </p>
   </div>
   <div class='ocr_carea' id='block_1_30' title="bbox 1915 1689 3495 1759">
    <p class='ocr_par' dir='ltr' id='par_1_30' title="bbox 1915 1689 3495 1759">
     <span class='ocr_line' id='line_1_30' title="bbox 1915 1689 3495 1759; baseline 0.002 -16"><span class='ocrx_word' id='word_1_209' title='bbox 1915 1705 2037 1743; x_wconf 90' lang='lat' dir='ltr'><strong>rum</strong></span> <span class='ocrx_word' id='word_1_210' title='bbox 2087 1689 2416 1745; x_wconf 80' lang='lat' dir='ltr'><strong>conﬁrmare</strong></span> <span class='ocrx_word' id='word_1_211' title='bbox 2467 1689 2663 1759; x_wconf 75' lang='lat' dir='ltr'><strong>dogma</strong></span> <span class='ocrx_word' id='word_1_212' title='bbox 2724 1690 3020 1753; x_wconf 86' lang='lat' dir='ltr'><strong>videntur,</strong></span> <span class='ocrx_word' id='word_1_213' title='bbox 3078 1690 3495 1746; x_wconf 87' lang='lat' dir='ltr'><strong>accommodare</strong></span> 
     </span>
    </p>
   </div>
   <div class='ocr_carea' id='block_1_31' title="bbox 220 1753 1810 1853">
    <p class='ocr_par' dir='ltr' id='par_1_31' title="bbox 220 1753 1810 1853">
     <span class='ocr_line' id='line_1_31' title="bbox 220 1753 1810 1853; baseline 0.002 -21"><span class='ocrx_word' id='word_1_214' title='bbox 220 1753 368 1843; x_wconf 63' lang='grc' dir='ltr'><strong>καὶ,⁷</strong></span> <span class='ocrx_word' id='word_1_215' title='bbox 403 1753 689 1850; x_wconf 49' lang='grc' dir='ltr'><strong>Ἐξήγαιβ</strong></span> <span class='ocrx_word' id='word_1_216' title='bbox 714 1799 791 1851; x_wconf 82' lang='grc' dir='ltr'><strong>με</strong></span> <span class='ocrx_word' id='word_1_217' title='bbox 827 1782 892 1836; x_wconf 72' lang='grc' dir='ltr'><strong>ἐν</strong></span> <span class='ocrx_word' id='word_1_218' title='bbox 925 1753 1216 1853; x_wconf 77' lang='grc' dir='ltr'>πνεύματι</span> <span class='ocrx_word' id='word_1_219' title='bbox 1239 1825 1256 1850; x_wconf 87' lang='grc'>,</span> <span class='ocrx_word' id='word_1_220' title='bbox 1295 1753 1614 1851; x_wconf 49' lang='lat' dir='ltr'><strong>italum-mae</strong></span> <span class='ocrx_word' id='word_1_221' title='bbox 1635 1753 1712 1853; x_wconf 67' lang='grc' dir='ltr'><em>,ιιε</em></span> <span class='ocrx_word' id='word_1_222' title='bbox 1739 1782 1810 1835; x_wconf 79' lang='grc' dir='ltr'><strong>ἐν</strong></span> 
     </span>
    </p>
   </div>
   <div class='ocr_carea' id='block_1_32' title="bbox 1918 1753 3495 1853">
    <p class='ocr_par' dir='ltr' id='par_1_32' title="bbox 1918 1753 3495 1850">
     <span class='ocr_line' id='line_1_32' title="bbox 1918 1753 3495 1850; baseline -0.001 -14"><span class='ocrx_word' id='word_1_223' title='bbox 1918 1782 2188 1836; x_wconf 84' lang='lat' dir='ltr'><strong>nituntur.</strong></span> <span class='ocrx_word' id='word_1_224' title='bbox 2221 1781 2395 1847; x_wconf 85' lang='lat' dir='ltr'><strong>Quale</strong></span> <span class='ocrx_word' id='word_1_225' title='bbox 2438 1788 2523 1836; x_wconf 85' lang='lat' dir='ltr'><strong>est</strong></span> <span class='ocrx_word' id='word_1_226' title='bbox 2544 1753 2864 1836; x_wconf 43' lang='lat' dir='ltr'><strong>&#39;Ezechiclis</strong></span> <span class='ocrx_word' id='word_1_227' title='bbox 2909 1779 3078 1835; x_wconf 87' lang='lat' dir='ltr'><strong>illud:</strong></span> <span class='ocrx_word' id='word_1_228' title='bbox 3127 1780 3194 1834; x_wconf 86' lang='lat' dir='ltr'><strong>Et</strong></span> <span class='ocrx_word' id='word_1_229' title='bbox 3238 1782 3384 1850; x_wconf 76' lang='lat' dir='ltr'><strong>facta</strong></span> <span class='ocrx_word' id='word_1_230' title='bbox 3414 1790 3495 1835; x_wconf 80' lang='lat' dir='ltr'><strong>est</strong></span> 
     </span>
    </p>
   </div>
   <div class='ocr_carea' id='block_1_33' title="bbox 211 1856 1811 1945">
    <p class='ocr_par' dir='ltr' id='par_1_33' title="bbox 211 1856 1811 1945">
     <span class='ocr_line' id='line_1_33' title="bbox 211 1856 1811 1945; baseline 0.001 -21"><span class='ocrx_word' id='word_1_231' title='bbox 211 1870 385 1939; x_wconf 70' lang='grc' dir='ltr'><strong>μέσῳ</strong></span> <span class='ocrx_word' id='word_1_232' title='bbox 413 1871 658 1938; x_wconf 79' lang='grc' dir='ltr'><strong>πεδίου,</strong></span> <span class='ocrx_word' id='word_1_233' title='bbox 710 1873 806 1927; x_wconf 74' lang='grc' dir='ltr'><strong>καὶ</strong></span> <span class='ocrx_word' id='word_1_234' title='bbox 840 1856 1017 1927; x_wconf 67' lang='grc' dir='ltr'>τοῦτο</span> <span class='ocrx_word' id='word_1_235' title='bbox 1062 1871 1142 1945; x_wconf 79' lang='grc' dir='ltr'><strong>ἦν</strong></span> <span class='ocrx_word' id='word_1_236' title='bbox 1163 1877 1394 1944; x_wconf 80' lang='grc' dir='ltr'>μεστὸν</span> <span class='ocrx_word' id='word_1_237' title='bbox 1431 1875 1660 1929; x_wconf 77' lang='grc' dir='ltr'><strong>ὀστέων</strong></span> <span class='ocrx_word' id='word_1_238' title='bbox 1706 1873 1811 1927; x_wconf 80' lang='grc' dir='ltr'><strong>ἀν-</strong></span> 
     </span>
    </p>
   </div>
   <div class='ocr_carea' id='block_1_34' title="bbox 221 1964 1810 2036">
    <p class='ocr_par' dir='ltr' id='par_1_34' title="bbox 221 1964 1810 2036">
     <span class='ocr_line' id='line_1_34' title="bbox 221 1964 1810 2036; baseline -0.001 -17"><span class='ocrx_word' id='word_1_239' title='bbox 221 1964 487 2033; x_wconf 75' lang='grc' dir='ltr'>θρώπων.</span> <span class='ocrx_word' id='word_1_240' title='bbox 544 1966 658 2019; x_wconf 85' lang='lat' dir='ltr'><strong>Kal</strong></span> <span class='ocrx_word' id='word_1_241' title='bbox 706 1965 1029 2036; x_wconf 79' lang='grc' dir='ltr'>περιήγαγέ</span> <span class='ocrx_word' id='word_1_242' title='bbox 1074 1984 1151 2036; x_wconf 84' lang='grc' dir='ltr'><strong>με</strong></span> <span class='ocrx_word' id='word_1_243' title='bbox 1188 1968 1282 2021; x_wconf 82' lang='grc' dir='ltr'><strong>ἐπ’</strong></span> <span class='ocrx_word' id='word_1_244' title='bbox 1319 1968 1473 2023; x_wconf 83' lang='grc' dir='ltr'><strong>αὐτὰ</strong></span> <span class='ocrx_word' id='word_1_245' title='bbox 1508 1966 1810 2022; x_wconf 75' lang='grc' dir='ltr'><strong>κυκλόθεν</strong></span> 
     </span>
    </p>
   </div>
   <div class='ocr_carea' id='block_1_35' title="bbox 221 2057 1808 2129">
    <p class='ocr_par' dir='ltr' id='par_1_35' title="bbox 221 2057 1808 2129">
     <span class='ocr_line' id='line_1_35' title="bbox 221 2057 1808 2129; baseline 0.003 -17"><span class='ocrx_word' id='word_1_246' title='bbox 221 2059 460 2123; x_wconf 72' lang='grc' dir='ltr'><strong>κύκλῳ·</strong></span> <span class='ocrx_word' id='word_1_247' title='bbox 498 2059 595 2112; x_wconf 79' lang='grc' dir='ltr'><em>καὶ</em></span> <span class='ocrx_word' id='word_1_248' title='bbox 631 2057 758 2111; x_wconf 75' lang='grc' dir='ltr'><strong>ἰδοὺ</strong></span> <span class='ocrx_word' id='word_1_249' title='bbox 810 2058 1013 2112; x_wconf 84' lang='grc' dir='ltr'><em>πολλὰ</em></span> <span class='ocrx_word' id='word_1_250' title='bbox 1062 2059 1299 2128; x_wconf 68' lang='grc' dir='ltr'>σφόδρα</span> <span class='ocrx_word' id='word_1_251' title='bbox 1339 2060 1438 2114; x_wconf 77' lang='grc' dir='ltr'><strong>ἐπὶ</strong></span> <span class='ocrx_word' id='word_1_252' title='bbox 1483 2062 1808 2129; x_wconf 81' lang='grc' dir='ltr'>προσώπου</span> 
     </span>
    </p>
   </div>
   <div class='ocr_carea' id='block_1_36' title="bbox 221 2149 1810 2217">
    <p class='ocr_par' dir='ltr' id='par_1_36' title="bbox 221 2149 1810 2217">
     <span class='ocr_line' id='line_1_36' title="bbox 221 2149 1810 2217; baseline 0.003 -14"><span class='ocrx_word' id='word_1_253' title='bbox 221 2150 329 2204; x_wconf 78' lang='grc' dir='ltr'><strong>τοῦ</strong></span> <span class='ocrx_word' id='word_1_254' title='bbox 366 2149 576 2203; x_wconf 81' lang='grc' dir='ltr'><strong>πεδίου</strong></span> <span class='ocrx_word' id='word_1_255' title='bbox 597 2166 611 2181; x_wconf 77' lang='grc' dir='ltr'><strong>ο</strong></span> <span class='ocrx_word' id='word_1_256' title='bbox 649 2149 745 2203; x_wconf 77' lang='grc' dir='ltr'><strong>καὶ</strong></span> <span class='ocrx_word' id='word_1_257' title='bbox 778 2149 911 2203; x_wconf 85' lang='grc' dir='ltr'><strong>ὶδοὺ</strong></span> <span class='ocrx_word' id='word_1_258' title='bbox 941 2149 1094 2203; x_wconf 79' lang='grc' dir='ltr'><strong>αὐτὰ</strong></span> <span class='ocrx_word' id='word_1_259' title='bbox 1143 2150 1298 2217; x_wconf 81' lang='grc' dir='ltr'>ξηρὰ</span> <span class='ocrx_word' id='word_1_260' title='bbox 1345 2152 1502 2209; x_wconf 77' lang='grc' dir='ltr'><em>λίαν.</em></span> <span class='ocrx_word' id='word_1_261' title='bbox 1538 2153 1648 2207; x_wconf 86' lang='lat' dir='ltr'><strong>Kal</strong></span> <span class='ocrx_word' id='word_1_262' title='bbox 1678 2150 1810 2207; x_wconf 80' lang='grc' dir='ltr'>εἷπε</span> 
     </span>
    </p>
   </div>
   <div class='ocr_carea' id='block_1_37' title="bbox 219 2238 1809 2310">
    <p class='ocr_par' dir='ltr' id='par_1_37' title="bbox 219 2238 1809 2310">
     <span class='ocr_line' id='line_1_37' title="bbox 219 2238 1809 2310; baseline 0.004 -17"><span class='ocrx_word' id='word_1_263' title='bbox 219 2240 372 2308; x_wconf 82' lang='grc' dir='ltr'>πρὸς</span> <span class='ocrx_word' id='word_1_264' title='bbox 406 2239 516 2310; x_wconf 82' lang='grc' dir='ltr'><strong>μέ·</strong></span> <span class='ocrx_word' id='word_1_265' title='bbox 574 2241 668 2294; x_wconf 81' lang='grc' dir='ltr'><strong>Υἱέ</strong></span> <span class='ocrx_word' id='word_1_266' title='bbox 714 2239 1028 2308; x_wconf 80' lang='grc' dir='ltr'><strong>ἀνθρώπου</strong></span> <span class='ocrx_word' id='word_1_267' title='bbox 1057 2282 1071 2303; x_wconf 88' lang='lat'><strong>,</strong></span> <span class='ocrx_word' id='word_1_268' title='bbox 1113 2243 1166 2296; x_wconf 80' lang='lat' dir='ltr'><strong>sl</strong></span> <span class='ocrx_word' id='word_1_269' title='bbox 1208 2238 1447 2307; x_wconf 75' lang='grc' dir='ltr'><strong>ζήσεται</strong></span> <span class='ocrx_word' id='word_1_270' title='bbox 1498 2243 1573 2297; x_wconf 83' lang='grc' dir='ltr'>τὰ</span> <span class='ocrx_word' id='word_1_271' title='bbox 1625 2244 1809 2299; x_wconf 85' lang='grc' dir='ltr'><strong>ὀστέα</strong></span> 
     </span>
    </p>
   </div>
   <div class='ocr_carea' id='block_1_38' title="bbox 224 2328 1810 2401">
    <p class='ocr_par' dir='ltr' id='par_1_38' title="bbox 224 2328 1810 2401">
     <span class='ocr_line' id='line_1_38' title="bbox 224 2328 1810 2401; baseline 0.003 -15"><span class='ocrx_word' id='word_1_272' title='bbox 224 2333 440 2396; x_wconf 82' lang='grc' dir='ltr'><strong>ταῦτα;</strong></span> <span class='ocrx_word' id='word_1_273' title='bbox 488 2332 596 2387; x_wconf 82' lang='grc' dir='ltr'><em>Καὶ</em></span> <span class='ocrx_word' id='word_1_274' title='bbox 635 2328 840 2387; x_wconf 73' lang='grc' dir='ltr'>εἶπον-ο</span> <span class='ocrx_word' id='word_1_275' title='bbox 876 2334 1058 2401; x_wconf 81' lang='grc' dir='ltr'>Κύριε</span> <span class='ocrx_word' id='word_1_276' title='bbox 1095 2336 1127 2386; x_wconf 86' lang='grc' dir='ltr'><strong>ό</strong></span> <span class='ocrx_word' id='word_1_277' title='bbox 1161 2333 1332 2399; x_wconf 82' lang='grc' dir='ltr'><strong>Θεὸς,</strong></span> <span class='ocrx_word' id='word_1_278' title='bbox 1373 2333 1457 2387; x_wconf 88' lang='grc' dir='ltr'><strong>σὺ</strong></span> <span class='ocrx_word' id='word_1_279' title='bbox 1482 2334 1810 2390; x_wconf 83' lang='grc' dir='ltr'><em>ἐπίστασαι</em></span> 
     </span>
    </p>
   </div>
   <div class='ocr_carea' id='block_1_39' title="bbox 222 2418 1805 2494">
    <p class='ocr_par' dir='ltr' id='par_1_39' title="bbox 222 2418 1805 2494">
     <span class='ocr_line' id='line_1_39' title="bbox 222 2418 1805 2494; baseline 0.001 -15"><span class='ocrx_word' id='word_1_280' title='bbox 222 2425 431 2479; x_wconf 81' lang='grc' dir='ltr'>ταῦτα.</span> <span class='ocrx_word' id='word_1_281' title='bbox 464 2425 574 2478; x_wconf 81' lang='grc' dir='ltr'><strong>Καὶ</strong></span> <span class='ocrx_word' id='word_1_282' title='bbox 614 2421 744 2478; x_wconf 83' lang='grc' dir='ltr'>εἷπε</span> <span class='ocrx_word' id='word_1_283' title='bbox 770 2424 919 2494; x_wconf 68' lang='grc' dir='ltr'>πρὸς</span> <span class='ocrx_word' id='word_1_284' title='bbox 941 2424 1049 2494; x_wconf 82' lang='grc' dir='ltr'><strong>μέ·</strong></span> <span class='ocrx_word' id='word_1_285' title='bbox 1078 2418 1512 2493; x_wconf 68' lang='grc' dir='ltr'><strong>Προφήτευσον</strong></span> <span class='ocrx_word' id='word_1_286' title='bbox 1530 2466 1546 2492; x_wconf 88' lang='grc'><em>,</em></span> <span class='ocrx_word' id='word_1_287' title='bbox 1580 2426 1673 2480; x_wconf 83' lang='grc' dir='ltr'><strong>υἱὲ</strong></span> <span class='ocrx_word' id='word_1_288' title='bbox 1699 2427 1805 2481; x_wconf 81' lang='grc' dir='ltr'><strong>ἀν-</strong></span> 
     </span>
    </p>
   </div>
   <div class='ocr_carea' id='block_1_40' title="bbox 223 2512 1810 2587">
    <p class='ocr_par' dir='ltr' id='par_1_40' title="bbox 223 2512 1810 2587">
     <span class='ocr_line' id='line_1_40' title="bbox 223 2512 1810 2587; baseline 0.001 -18"><span class='ocrx_word' id='word_1_289' title='bbox 223 2517 475 2585; x_wconf 83' lang='grc' dir='ltr'>θρώπου.</span> <span class='ocrx_word' id='word_1_290' title='bbox 510 2516 624 2569; x_wconf 80' lang='lat' dir='ltr'><strong>Kal</strong></span> <span class='ocrx_word' id='word_1_291' title='bbox 659 2512 833 2570; x_wconf 78' lang='grc' dir='ltr'>εἷπον</span> <span class='ocrx_word' id='word_1_292' title='bbox 870 2517 1020 2585; x_wconf 80' lang='grc' dir='ltr'>πρὸς</span> <span class='ocrx_word' id='word_1_293' title='bbox 1044 2516 1198 2571; x_wconf 78' lang='grc' dir='ltr'><em>αὑτά</em></span> <span class='ocrx_word' id='word_1_294' title='bbox 1221 2534 1237 2549; x_wconf 77' lang='lat'><strong>&#39;</strong></span> <span class='ocrx_word' id='word_1_295' title='bbox 1271 2516 1347 2571; x_wconf 86' lang='grc' dir='ltr'><em>Τὰ</em></span> <span class='ocrx_word' id='word_1_296' title='bbox 1384 2516 1567 2571; x_wconf 83' lang='grc' dir='ltr'><strong>ὀστέα</strong></span> <span class='ocrx_word' id='word_1_297' title='bbox 1595 2518 1669 2572; x_wconf 86' lang='grc' dir='ltr'>τὰ</span> <span class='ocrx_word' id='word_1_298' title='bbox 1704 2518 1810 2587; x_wconf 76' lang='grc' dir='ltr'><strong>ξη-</strong></span> 
     </span>
    </p>
   </div>
   <div class='ocr_carea' id='block_1_41' title="bbox 213 2605 1810 2679">
    <p class='ocr_par' dir='ltr' id='par_1_41' title="bbox 213 2605 1810 2679">
     <span class='ocr_line' id='line_1_41' title="bbox 213 2605 1810 2679; baseline 0.001 -20"><span class='ocrx_word' id='word_1_299' title='bbox 213 2608 298 2675; x_wconf 76' lang='grc' dir='ltr'>ρὰ</span> <span class='ocrx_word' id='word_1_300' title='bbox 326 2605 514 2659; x_wconf 80' lang='grc' dir='ltr'><em>ταῦτα</em></span> <span class='ocrx_word' id='word_1_301' title='bbox 538 2644 553 2668; x_wconf 83' lang='grc'><strong><em>,</em></strong></span> <span class='ocrx_word' id='word_1_302' title='bbox 587 2607 891 2661; x_wconf 76' lang='grc' dir='ltr'>ἀκούσατε</span> <span class='ocrx_word' id='word_1_303' title='bbox 938 2607 1125 2675; x_wconf 75' lang='grc' dir='ltr'>λόγον</span> <span class='ocrx_word' id='word_1_304' title='bbox 1174 2609 1399 2674; x_wconf 65' lang='grc' dir='ltr'>Κυρίου</span> <span class='ocrx_word' id='word_1_305' title='bbox 1427 2623 1440 2638; x_wconf 91' lang='grc'><strong>·</strong></span> <span class='ocrx_word' id='word_1_306' title='bbox 1470 2607 1619 2662; x_wconf 80' lang='grc' dir='ltr'>Τάδε</span> <span class='ocrx_word' id='word_1_307' title='bbox 1648 2608 1810 2679; x_wconf 78' lang='grc' dir='ltr'>λέγει</span> 
     </span>
    </p>
   </div>
   <div class='ocr_carea' id='block_1_42' title="bbox 238 2680 1810 2771">
    <p class='ocr_par' dir='ltr' id='par_1_42' title="bbox 238 2680 1810 2771">
     <span class='ocr_line' id='line_1_42' title="bbox 238 2680 1810 2771; baseline 0.002 -20"><span class='ocrx_word' id='word_1_308' title='bbox 238 2680 468 2752; x_wconf 72' lang='grc' dir='ltr'><em>Ἄδονάῒ</em></span> <span class='ocrx_word' id='word_1_309' title='bbox 499 2699 707 2767; x_wconf 78' lang='grc' dir='ltr'>Κύριος</span> <span class='ocrx_word' id='word_1_310' title='bbox 762 2698 886 2763; x_wconf 83' lang='grc' dir='ltr'>τοῖς</span> <span class='ocrx_word' id='word_1_311' title='bbox 927 2699 1164 2764; x_wconf 80' lang='grc' dir='ltr'><strong>ὀστέοις</strong></span> <span class='ocrx_word' id='word_1_312' title='bbox 1190 2700 1454 2765; x_wconf 85' lang='grc' dir='ltr'>τούτοις’</span> <span class='ocrx_word' id='word_1_313' title='bbox 1501 2700 1657 2755; x_wconf 87' lang='grc' dir='ltr'><strong>Ἰδοὺ</strong></span> <span class='ocrx_word' id='word_1_314' title='bbox 1695 2702 1810 2771; x_wconf 59' lang='grc' dir='ltr'><strong>ἐγὼ</strong></span> 
     </span>
    </p>
   </div>
   <div class='ocr_carea' id='block_1_43' title="bbox 220 2784 1810 2861">
    <p class='ocr_par' dir='ltr' id='par_1_43' title="bbox 220 2784 1810 2861">
     <span class='ocr_line' id='line_1_43' title="bbox 220 2784 1810 2861; baseline 0.004 -19"><span class='ocrx_word' id='word_1_315' title='bbox 220 2784 459 2860; x_wconf 65' lang='grc' dir='ltr'>εὶσάγιιί</span> <span class='ocrx_word' id='word_1_316' title='bbox 489 2792 577 2855; x_wconf 82' lang='grc' dir='ltr'>εἰς</span> <span class='ocrx_word' id='word_1_317' title='bbox 628 2790 783 2860; x_wconf 80' lang='grc' dir='ltr'>ὑμᾶς</span> <span class='ocrx_word' id='word_1_318' title='bbox 837 2791 1075 2860; x_wconf 82' lang='grc' dir='ltr'>πνεῦμα</span> <span class='ocrx_word' id='word_1_319' title='bbox 1121 2790 1301 2860; x_wconf 79' lang='grc' dir='ltr'><strong>ζωῆς·</strong></span> <span class='ocrx_word' id='word_1_320' title='bbox 1338 2792 1438 2845; x_wconf 77' lang='grc' dir='ltr'><strong>καὶ</strong></span> <span class='ocrx_word' id='word_1_321' title='bbox 1495 2791 1671 2849; x_wconf 85' lang='grc' dir='ltr'><strong>δώσω</strong></span> <span class='ocrx_word' id='word_1_322' title='bbox 1721 2797 1810 2861; x_wconf 77' lang='grc' dir='ltr'>εἰς</span> 
     </span>
    </p>
   </div>
   <div class='ocr_carea' id='block_1_44' title="bbox 220 2878 1811 2954">
    <p class='ocr_par' dir='ltr' id='par_1_44' title="bbox 220 2878 1811 2954">
     <span class='ocr_line' id='line_1_44' title="bbox 220 2878 1811 2954; baseline 0.006 -22"><span class='ocrx_word' id='word_1_323' title='bbox 220 2878 641 2951; x_wconf 26' lang='grc' dir='ltr'><strong>ἐμᾶς-νεῦρα·</strong></span> <span class='ocrx_word' id='word_1_324' title='bbox 697 2880 795 2935; x_wconf 78' lang='grc' dir='ltr'><strong>καὶ</strong></span> <span class='ocrx_word' id='word_1_325' title='bbox 824 2882 1027 2948; x_wconf 80' lang='grc' dir='ltr'><strong>ἐπάξω</strong></span> <span class='ocrx_word' id='word_1_326' title='bbox 1070 2883 1162 2953; x_wconf 61' lang='grc' dir='ltr'><strong>ἐφ’</strong></span> <span class='ocrx_word' id='word_1_327' title='bbox 1204 2882 1361 2953; x_wconf 80' lang='grc' dir='ltr'>ὑμᾶς</span> <span class='ocrx_word' id='word_1_328' title='bbox 1397 2885 1660 2954; x_wconf 82' lang='grc' dir='ltr'><strong>σάρκας,</strong></span> <span class='ocrx_word' id='word_1_329' title='bbox 1710 2888 1811 2942; x_wconf 76' lang='grc' dir='ltr'><em>καὶ</em></span> 
     </span>
    </p>
   </div>
   <div class='ocr_carea' id='block_1_45' title="bbox 221 2971 1810 3048">
    <p class='ocr_par' dir='ltr' id='par_1_45' title="bbox 221 2971 1810 3048">
     <span class='ocr_line' id='line_1_45' title="bbox 221 2971 1810 3048; baseline 0.006 -25"><span class='ocrx_word' id='word_1_330' title='bbox 221 2971 445 3025; x_wconf 75' lang='grc' dir='ltr'><strong>ἐκτενῶ</strong></span> <span class='ocrx_word' id='word_1_331' title='bbox 491 2972 583 3041; x_wconf 73' lang='grc' dir='ltr'><strong>ἐφ’</strong></span> <span class='ocrx_word' id='word_1_332' title='bbox 618 2972 775 3042; x_wconf 83' lang='grc' dir='ltr'>ὑμᾶς</span> <span class='ocrx_word' id='word_1_333' title='bbox 821 2973 1041 3043; x_wconf 80' lang='grc' dir='ltr'>δέρμα·</span> <span class='ocrx_word' id='word_1_334' title='bbox 1078 2975 1176 3029; x_wconf 77' lang='grc' dir='ltr'><em>καὶ</em></span> <span class='ocrx_word' id='word_1_335' title='bbox 1227 2975 1399 3030; x_wconf 83' lang='grc' dir='ltr'><strong>δώσω</strong></span> <span class='ocrx_word' id='word_1_336' title='bbox 1451 2976 1519 3031; x_wconf 86' lang='grc' dir='ltr'><strong>τό</strong></span> <span class='ocrx_word' id='word_1_337' title='bbox 1571 2979 1810 3048; x_wconf 78' lang='grc' dir='ltr'>πνεῦμά</span> 
     </span>
    </p>
   </div>
   <div class='ocr_carea' id='block_1_46' title="bbox 1913 1870 3496 1942">
    <p class='ocr_par' dir='ltr' id='par_1_46' title="bbox 1913 1870 3496 1942">
     <span class='ocr_line' id='line_1_46' title="bbox 1913 1870 3496 1942; baseline -0.002 -16"><span class='ocrx_word' id='word_1_338' title='bbox 1913 1889 2071 1942; x_wconf 95' lang='lat' dir='ltr'><strong>super</strong></span> <span class='ocrx_word' id='word_1_339' title='bbox 2099 1890 2178 1927; x_wconf 89' lang='lat' dir='ltr'><strong>me</strong></span> <span class='ocrx_word' id='word_1_340' title='bbox 2202 1888 2389 1926; x_wconf 87' lang='lat' dir='ltr'><strong>manus</strong></span> <span class='ocrx_word' id='word_1_341' title='bbox 2410 1870 2656 1933; x_wconf 80' lang='lat' dir='ltr'><strong>Domini;</strong></span> <span class='ocrx_word' id='word_1_342' title='bbox 2686 1880 2740 1925; x_wconf 88' lang='lat' dir='ltr'><strong>et</strong></span> <span class='ocrx_word' id='word_1_343' title='bbox 2762 1888 2774 1924; x_wconf 89' lang='lat'>:</span> <span class='ocrx_word' id='word_1_344' title='bbox 2794 1870 2993 1923; x_wconf 71' lang='lat' dir='ltr'><strong>Eduxit</strong></span> <span class='ocrx_word' id='word_1_345' title='bbox 3022 1888 3101 1925; x_wconf 89' lang='lat' dir='ltr'><strong>me</strong></span> <span class='ocrx_word' id='word_1_346' title='bbox 3122 1872 3173 1924; x_wconf 92' lang='lat' dir='ltr'><strong>in</strong></span> <span class='ocrx_word' id='word_1_347' title='bbox 3199 1871 3409 1940; x_wconf 77' lang='lat' dir='ltr'><strong>spiritu,</strong></span> <span class='ocrx_word' id='word_1_348' title='bbox 3444 1882 3496 1925; x_wconf 86' lang='lat' dir='ltr'><strong>et</strong></span> 
     </span>
    </p>
   </div>
   <div class='ocr_carea' id='block_1_47' title="bbox 1911 1963 3494 2033">
    <p class='ocr_par' dir='ltr' id='par_1_47' title="bbox 1911 1963 3494 2033">
     <span class='ocr_line' id='line_1_47' title="bbox 1911 1963 3494 2033; baseline -0.003 -14"><span class='ocrx_word' id='word_1_349' title='bbox 1911 1966 2087 2033; x_wconf 85' lang='lat' dir='ltr'><strong>posuit</strong></span> <span class='ocrx_word' id='word_1_350' title='bbox 2122 1981 2202 2019; x_wconf 83' lang='lat' dir='ltr'><strong>me</strong></span> <span class='ocrx_word' id='word_1_351' title='bbox 2225 1965 2277 2017; x_wconf 90' lang='lat' dir='ltr'><strong>in</strong></span> <span class='ocrx_word' id='word_1_352' title='bbox 2307 1963 2476 2019; x_wconf 86' lang='lat' dir='ltr'><strong>medio</strong></span> <span class='ocrx_word' id='word_1_353' title='bbox 2499 1964 2692 2032; x_wconf 80' lang='lat' dir='ltr'><strong>campi,</strong></span> <span class='ocrx_word' id='word_1_354' title='bbox 2723 1972 2771 2017; x_wconf 87' lang='lat' dir='ltr'><strong>et</strong></span> <span class='ocrx_word' id='word_1_355' title='bbox 2804 1963 2889 2016; x_wconf 83' lang='lat' dir='ltr'><strong>hic</strong></span> <span class='ocrx_word' id='word_1_356' title='bbox 2920 1973 3033 2017; x_wconf 91' lang='lat' dir='ltr'><strong>erat</strong></span> <span class='ocrx_word' id='word_1_357' title='bbox 3069 1963 3253 2030; x_wconf 84' lang='lat' dir='ltr'><strong>plenus</strong></span> <span class='ocrx_word' id='word_1_358' title='bbox 3287 1963 3494 2017; x_wconf 86' lang='lat' dir='ltr'><strong>ossibus</strong></span> 
     </span>
    </p>
   </div>
   <div class='ocr_carea' id='block_1_48' title="bbox 1912 2054 3494 2122">
    <p class='ocr_par' dir='ltr' id='par_1_48' title="bbox 1912 2054 3494 2122">
     <span class='ocr_line' id='line_1_48' title="bbox 1912 2054 3494 2122; baseline -0.003 -12"><span class='ocrx_word' id='word_1_359' title='bbox 1912 2057 2206 2111; x_wconf 80' lang='lat' dir='ltr'><strong>hominum.</strong></span> <span class='ocrx_word' id='word_1_360' title='bbox 2238 2056 2309 2111; x_wconf 87' lang='lat' dir='ltr'><strong>Et</strong></span> <span class='ocrx_word' id='word_1_361' title='bbox 2341 2056 2688 2112; x_wconf 70' lang='lat' dir='ltr'><strong>circumduxit</strong></span> <span class='ocrx_word' id='word_1_362' title='bbox 2737 2072 2819 2109; x_wconf 85' lang='lat' dir='ltr'><strong>me</strong></span> <span class='ocrx_word' id='word_1_363' title='bbox 2849 2054 2918 2108; x_wconf 88' lang='lat' dir='ltr'><strong>ad</strong></span> <span class='ocrx_word' id='word_1_364' title='bbox 2947 2071 3009 2109; x_wconf 90' lang='lat' dir='ltr'><strong>ea</strong></span> <span class='ocrx_word' id='word_1_365' title='bbox 3051 2070 3144 2122; x_wconf 85' lang='lat' dir='ltr'><strong>per</strong></span> <span class='ocrx_word' id='word_1_366' title='bbox 3177 2055 3494 2119; x_wconf 88' lang='lat' dir='ltr'><strong>circuitum;</strong></span> 
     </span>
    </p>
   </div>
   <div class='ocr_carea' id='block_1_49' title="bbox 1910 2146 3495 2217">
    <p class='ocr_par' dir='ltr' id='par_1_49' title="bbox 1910 2146 3495 2217">
     <span class='ocr_line' id='line_1_49' title="bbox 1910 2146 3495 2217; baseline -0.004 -12"><span class='ocrx_word' id='word_1_367' title='bbox 1910 2160 1961 2205; x_wconf 88' lang='lat' dir='ltr'><strong>et</strong></span> <span class='ocrx_word' id='word_1_368' title='bbox 1988 2167 2103 2205; x_wconf 84' lang='lat' dir='ltr'><strong>ecce</strong></span> <span class='ocrx_word' id='word_1_369' title='bbox 2132 2149 2302 2204; x_wconf 82' lang='lat' dir='ltr'><strong>multa</strong></span> <span class='ocrx_word' id='word_1_370' title='bbox 2335 2148 2487 2203; x_wconf 82' lang='lat' dir='ltr'><strong>valde</strong></span> <span class='ocrx_word' id='word_1_371' title='bbox 2514 2151 2570 2202; x_wconf 88' lang='lat' dir='ltr'><strong>in</strong></span> <span class='ocrx_word' id='word_1_372' title='bbox 2599 2148 2877 2217; x_wconf 81' lang='lat' dir='ltr'><strong>superﬁcie</strong></span> <span class='ocrx_word' id='word_1_373' title='bbox 2921 2146 3133 2216; x_wconf 87' lang='lat' dir='ltr'><strong>campi;</strong></span> <span class='ocrx_word' id='word_1_374' title='bbox 3160 2156 3207 2200; x_wconf 90' lang='lat' dir='ltr'><strong>et</strong></span> <span class='ocrx_word' id='word_1_375' title='bbox 3239 2162 3355 2200; x_wconf 90' lang='lat' dir='ltr'><strong>ecce</strong></span> <span class='ocrx_word' id='word_1_376' title='bbox 3380 2148 3495 2214; x_wconf 84' lang='lat' dir='ltr'><strong>ipsa</strong></span> 
     </span>
    </p>
   </div>
   <div class='ocr_carea' id='block_1_50' title="bbox 1912 2236 3496 2305">
    <p class='ocr_par' dir='ltr' id='par_1_50' title="bbox 1912 2236 3496 2305">
     <span class='ocr_line' id='line_1_50' title="bbox 1912 2236 3496 2305; baseline -0.003 -9"><span class='ocrx_word' id='word_1_377' title='bbox 1912 2241 2069 2296; x_wconf 88' lang='lat' dir='ltr'><strong>arida</strong></span> <span class='ocrx_word' id='word_1_378' title='bbox 2102 2241 2274 2295; x_wconf 84' lang='lat' dir='ltr'><strong>valde.</strong></span> <span class='ocrx_word' id='word_1_379' title='bbox 2310 2239 2378 2293; x_wconf 88' lang='lat' dir='ltr'><strong>Et</strong></span> <span class='ocrx_word' id='word_1_380' title='bbox 2407 2239 2545 2293; x_wconf 75' lang='lat' dir='ltr'><strong>dixit</strong></span> <span class='ocrx_word' id='word_1_381' title='bbox 2585 2241 2654 2292; x_wconf 87' lang='lat' dir='ltr'><strong>ad</strong></span> <span class='ocrx_word' id='word_1_382' title='bbox 2683 2252 2795 2292; x_wconf 86' lang='lat' dir='ltr'><strong>me:</strong></span> <span class='ocrx_word' id='word_1_383' title='bbox 2831 2236 2946 2291; x_wconf 87' lang='lat' dir='ltr'><strong>Fili</strong></span> <span class='ocrx_word' id='word_1_384' title='bbox 2974 2238 3225 2305; x_wconf 81' lang='lat' dir='ltr'><strong>hominis,</strong></span> <span class='ocrx_word' id='word_1_385' title='bbox 3250 2238 3297 2291; x_wconf 78' lang='lat' dir='ltr'><strong>si</strong></span> <span class='ocrx_word' id='word_1_386' title='bbox 3325 2240 3496 2292; x_wconf 77' lang='lat' dir='ltr'><strong>vivent</strong></span> 
     </span>
    </p>
   </div>
   <div class='ocr_carea' id='block_1_51' title="bbox 1911 2327 3495 2394">
    <p class='ocr_par' dir='ltr' id='par_1_51' title="bbox 1911 2327 3495 2394">
     <span class='ocr_line' id='line_1_51' title="bbox 1911 2327 3495 2394; baseline -0.003 -7"><span class='ocrx_word' id='word_1_387' title='bbox 1911 2350 2035 2387; x_wconf 82' lang='lat' dir='ltr'><strong>ossa</strong></span> <span class='ocrx_word' id='word_1_388' title='bbox 2077 2334 2231 2388; x_wconf 64' lang='lat' dir='ltr'><strong>hac?</strong></span> <span class='ocrx_word' id='word_1_389' title='bbox 2258 2330 2327 2385; x_wconf 88' lang='lat' dir='ltr'><strong>Et</strong></span> <span class='ocrx_word' id='word_1_390' title='bbox 2362 2332 2514 2385; x_wconf 72' lang='lat' dir='ltr'><strong>dixi:</strong></span> <span class='ocrx_word' id='word_1_391' title='bbox 2548 2330 2773 2384; x_wconf 92' lang='lat' dir='ltr'><strong>Domine</strong></span> <span class='ocrx_word' id='word_1_392' title='bbox 2809 2327 2969 2394; x_wconf 88' lang='lat' dir='ltr'><strong>Deus,</strong></span> <span class='ocrx_word' id='word_1_393' title='bbox 3005 2339 3060 2382; x_wconf 92' lang='lat' dir='ltr'><strong>tu</strong></span> <span class='ocrx_word' id='word_1_394' title='bbox 3092 2330 3198 2383; x_wconf 84' lang='lat' dir='ltr'><strong>ista</strong></span> <span class='ocrx_word' id='word_1_395' title='bbox 3236 2332 3396 2385; x_wconf 82' lang='lat' dir='ltr'><strong>nosti.</strong></span> <span class='ocrx_word' id='word_1_396' title='bbox 3425 2329 3495 2383; x_wconf 83' lang='lat' dir='ltr'><strong>Et</strong></span> 
     </span>
    </p>
   </div>
   <div class='ocr_carea' id='block_1_52' title="bbox 1911 2418 3492 2494">
    <p class='ocr_par' dir='ltr' id='par_1_52' title="bbox 1911 2418 3492 2494">
     <span class='ocr_line' id='line_1_52' title="bbox 1911 2418 3492 2494; baseline -0.002 -15"><span class='ocrx_word' id='word_1_397' title='bbox 1911 2426 2051 2480; x_wconf 77' lang='lat' dir='ltr'><strong>dixit</strong></span> <span class='ocrx_word' id='word_1_398' title='bbox 2071 2425 2138 2479; x_wconf 88' lang='lat' dir='ltr'><strong>ad</strong></span> <span class='ocrx_word' id='word_1_399' title='bbox 2170 2440 2282 2480; x_wconf 76' lang='lat' dir='ltr'><strong>me:</strong></span> <span class='ocrx_word' id='word_1_400' title='bbox 2303 2423 2650 2494; x_wconf 74' lang='lat' dir='ltr'><strong>Prophetiza,</strong></span> <span class='ocrx_word' id='word_1_401' title='bbox 2674 2422 2753 2492; x_wconf 82' lang='lat' dir='ltr'><strong>ﬁli</strong></span> <span class='ocrx_word' id='word_1_402' title='bbox 2774 2421 3025 2477; x_wconf 81' lang='lat' dir='ltr'><strong>hominis.</strong></span> <span class='ocrx_word' id='word_1_403' title='bbox 3053 2418 3121 2474; x_wconf 81' lang='lat' dir='ltr'><strong>Et</strong></span> <span class='ocrx_word' id='word_1_404' title='bbox 3144 2421 3346 2475; x_wconf 70' lang='lat' dir='ltr'><strong>{acutus</strong></span> <span class='ocrx_word' id='word_1_405' title='bbox 3377 2440 3492 2477; x_wconf 83' lang='lat' dir='ltr'><strong>sunt</strong></span> 
     </span>
    </p>
   </div>
   <div class='ocr_carea' id='block_1_53' title="bbox 1914 2514 3492 2579">
    <p class='ocr_par' dir='ltr' id='par_1_53' title="bbox 1914 2514 3492 2579">
     <span class='ocr_line' id='line_1_53' title="bbox 1914 2514 3492 2579; baseline -0.001 -7"><span class='ocrx_word' id='word_1_406' title='bbox 1914 2517 1983 2572; x_wconf 85' lang='lat' dir='ltr'><strong>ad</strong></span> <span class='ocrx_word' id='word_1_407' title='bbox 2005 2517 2146 2571; x_wconf 73' lang='lat' dir='ltr'><strong>hare:</strong></span> <span class='ocrx_word' id='word_1_408' title='bbox 2167 2515 2304 2574; x_wconf 88' lang='lat' dir='ltr'><strong>Ossa</strong></span> <span class='ocrx_word' id='word_1_409' title='bbox 2323 2516 2501 2579; x_wconf 87' lang='lat' dir='ltr'><strong>arida,</strong></span> <span class='ocrx_word' id='word_1_410' title='bbox 2528 2514 2708 2569; x_wconf 90' lang='lat' dir='ltr'><strong>audite</strong></span> <span class='ocrx_word' id='word_1_411' title='bbox 2723 2514 2933 2569; x_wconf 87' lang='lat' dir='ltr'><strong>verbum</strong></span> <span class='ocrx_word' id='word_1_412' title='bbox 2957 2514 3197 2569; x_wconf 84' lang='lat' dir='ltr'><strong>Domini:</strong></span> <span class='ocrx_word' id='word_1_413' title='bbox 3220 2514 3348 2570; x_wconf 76' lang='grc' dir='ltr'><strong>Ηιιό</strong></span> <span class='ocrx_word' id='word_1_414' title='bbox 3362 2516 3492 2570; x_wconf 84' lang='lat' dir='ltr'><strong>dicit</strong></span> 
     </span>
    </p>
   </div>
   <div class='ocr_carea' id='block_1_54' title="bbox 1914 2606 3493 2665">
    <p class='ocr_par' dir='ltr' id='par_1_54' title="bbox 1914 2606 3493 2665">
     <span class='ocr_line' id='line_1_54' title="bbox 1914 2606 3493 2665; baseline 0 -1"><span class='ocrx_word' id='word_1_415' title='bbox 1914 2609 2173 2665; x_wconf 85' lang='lat' dir='ltr'><strong>Dominus</strong></span> <span class='ocrx_word' id='word_1_416' title='bbox 2201 2610 2335 2664; x_wconf 90' lang='lat' dir='ltr'><strong>Deus</strong></span> <span class='ocrx_word' id='word_1_417' title='bbox 2358 2610 2563 2664; x_wconf 86' lang='lat' dir='ltr'><strong>ossibus</strong></span> <span class='ocrx_word' id='word_1_418' title='bbox 2585 2609 2702 2663; x_wconf 86' lang='lat' dir='ltr'><strong>istis</strong></span> <span class='ocrx_word' id='word_1_419' title='bbox 2721 2625 2739 2662; x_wconf 90' lang='lat'><em>:</em></span> <span class='ocrx_word' id='word_1_420' title='bbox 2760 2606 2891 2661; x_wconf 81' lang='lat' dir='ltr'><strong>Ecce</strong></span> <span class='ocrx_word' id='word_1_421' title='bbox 2908 2608 3044 2662; x_wconf 86' lang='lat' dir='ltr'><strong>enim</strong></span> <span class='ocrx_word' id='word_1_422' title='bbox 3067 2607 3313 2662; x_wconf 88' lang='lat' dir='ltr'><strong>inducam</strong></span> <span class='ocrx_word' id='word_1_423' title='bbox 3338 2611 3387 2661; x_wconf 62' lang='lat' dir='ltr'><strong>in</strong></span> <span class='ocrx_word' id='word_1_424' title='bbox 3406 2625 3493 2664; x_wconf 85' lang='lat' dir='ltr'><strong>vos</strong></span> 
     </span>
    </p>
   </div>
   <div class='ocr_carea' id='block_1_55' title="bbox 1915 2698 3495 2771">
    <p class='ocr_par' dir='ltr' id='par_1_55' title="bbox 1915 2698 3495 2771">
     <span class='ocr_line' id='line_1_55' title="bbox 1915 2698 3495 2771; baseline -0.003 -16"><span class='ocrx_word' id='word_1_425' title='bbox 1915 2703 2161 2771; x_wconf 84' lang='lat' dir='ltr'><strong>spiritum</strong></span> <span class='ocrx_word' id='word_1_426' title='bbox 2193 2702 2333 2765; x_wconf 73' lang='lat' dir='ltr'><strong>vitaz,</strong></span> <span class='ocrx_word' id='word_1_427' title='bbox 2361 2710 2411 2756; x_wconf 88' lang='lat' dir='ltr'><strong>et</strong></span> <span class='ocrx_word' id='word_1_428' title='bbox 2440 2715 2634 2770; x_wconf 90' lang='lat' dir='ltr'><strong>ponam</strong></span> <span class='ocrx_word' id='word_1_429' title='bbox 2663 2700 2717 2753; x_wconf 87' lang='lat' dir='ltr'><strong>in</strong></span> <span class='ocrx_word' id='word_1_430' title='bbox 2746 2698 2889 2753; x_wconf 86' lang='lat' dir='ltr'><strong>vobis</strong></span> <span class='ocrx_word' id='word_1_431' title='bbox 2918 2713 3140 2762; x_wconf 84' lang='lat' dir='ltr'><strong>nervos;</strong></span> <span class='ocrx_word' id='word_1_432' title='bbox 3174 2708 3222 2752; x_wconf 88' lang='lat' dir='ltr'><strong>et</strong></span> <span class='ocrx_word' id='word_1_433' title='bbox 3245 2700 3495 2753; x_wconf 82' lang='lat' dir='ltr'><strong>inducam</strong></span> 
     </span>
    </p>
   </div>
   <div class='ocr_carea' id='block_1_56' title="bbox 1913 2790 3498 2863">
    <p class='ocr_par' dir='ltr' id='par_1_56' title="bbox 1913 2790 3498 2863">
     <span class='ocr_line' id='line_1_56' title="bbox 1913 2790 3498 2863; baseline -0.002 -17"><span class='ocrx_word' id='word_1_434' title='bbox 1913 2794 1969 2847; x_wconf 81' lang='lat' dir='ltr'><strong>in</strong></span> <span class='ocrx_word' id='word_1_435' title='bbox 2000 2810 2086 2847; x_wconf 89' lang='lat' dir='ltr'><strong>vos</strong></span> <span class='ocrx_word' id='word_1_436' title='bbox 2116 2808 2324 2853; x_wconf 83' lang='lat' dir='ltr'><strong>carnes,</strong></span> <span class='ocrx_word' id='word_1_437' title='bbox 2368 2801 2419 2845; x_wconf 89' lang='lat' dir='ltr'><strong>et</strong></span> <span class='ocrx_word' id='word_1_438' title='bbox 2459 2792 2739 2845; x_wconf 78' lang='lat' dir='ltr'><strong>extendam</strong></span> <span class='ocrx_word' id='word_1_439' title='bbox 2784 2805 2938 2858; x_wconf 88' lang='lat' dir='ltr'><strong>super</strong></span> <span class='ocrx_word' id='word_1_440' title='bbox 2972 2806 3061 2844; x_wconf 87' lang='lat' dir='ltr'><strong>vos</strong></span> <span class='ocrx_word' id='word_1_441' title='bbox 3092 2800 3297 2854; x_wconf 87' lang='lat' dir='ltr'><strong>cutem;</strong></span> <span class='ocrx_word' id='word_1_442' title='bbox 3333 2790 3498 2863; x_wconf 76' lang='lat'><strong>536</strong></span> 
     </span>
    </p>
   </div>
   <div class='ocr_carea' id='block_1_57' title="bbox 1912 2874 3495 2950">
    <p class='ocr_par' dir='ltr' id='par_1_57' title="bbox 1912 2874 3495 2950">
     <span class='ocr_line' id='line_1_57' title="bbox 1912 2874 3495 2950; baseline -0.001 -14"><span class='ocrx_word' id='word_1_443' title='bbox 1912 2892 1962 2936; x_wconf 89' lang='lat' dir='ltr'><strong>et</strong></span> <span class='ocrx_word' id='word_1_444' title='bbox 2000 2882 2139 2937; x_wconf 89' lang='lat' dir='ltr'><strong>dabo</strong></span> <span class='ocrx_word' id='word_1_445' title='bbox 2168 2883 2412 2950; x_wconf 87' lang='lat' dir='ltr'><strong>spiritum</strong></span> <span class='ocrx_word' id='word_1_446' title='bbox 2454 2898 2626 2936; x_wconf 90' lang='lat' dir='ltr'><strong>meum</strong></span> <span class='ocrx_word' id='word_1_447' title='bbox 2664 2882 2720 2934; x_wconf 87' lang='lat' dir='ltr'><strong>in</strong></span> <span class='ocrx_word' id='word_1_448' title='bbox 2754 2897 2864 2943; x_wconf 81' lang='lat' dir='ltr'><strong>vos,</strong></span> <span class='ocrx_word' id='word_1_449' title='bbox 2896 2874 2945 2934; x_wconf 81' lang='lat' dir='ltr'><strong>et</strong></span> <span class='ocrx_word' id='word_1_450' title='bbox 2981 2881 3190 2945; x_wconf 85' lang='lat' dir='ltr'><strong>vivetis;</strong></span> <span class='ocrx_word' id='word_1_451' title='bbox 3226 2891 3274 2934; x_wconf 85' lang='lat' dir='ltr'><strong>et</strong></span> <span class='ocrx_word' id='word_1_452' title='bbox 3300 2896 3495 2949; x_wconf 88' lang='lat' dir='ltr'><strong>ponam</strong></span> 
     </span>
    </p>
   </div>
   <div class='ocr_carea' id='block_1_58' title="bbox 1913 2973 3496 3044">
    <p class='ocr_par' dir='ltr' id='par_1_58' title="bbox 1913 2973 3496 3044">
     <span class='ocr_line' id='line_1_58' title="bbox 1913 2973 3496 3044; baseline -0.003 -14"><span class='ocrx_word' id='word_1_453' title='bbox 1913 2992 2000 3032; x_wconf 84' lang='lat' dir='ltr'><strong>vos</strong></span> <span class='ocrx_word' id='word_1_454' title='bbox 2035 2976 2089 3029; x_wconf 87' lang='lat' dir='ltr'><strong>in</strong></span> <span class='ocrx_word' id='word_1_455' title='bbox 2120 2984 2263 3029; x_wconf 82' lang='lat' dir='ltr'><strong>terra</strong></span> <span class='ocrx_word' id='word_1_456' title='bbox 2293 2985 2486 3037; x_wconf 84' lang='lat' dir='ltr'><strong>vestra,</strong></span> <span class='ocrx_word' id='word_1_457' title='bbox 2516 2983 2566 3028; x_wconf 89' lang='lat' dir='ltr'><strong>et</strong></span> <span class='ocrx_word' id='word_1_458' title='bbox 2608 2973 2930 3044; x_wconf 86' lang='lat' dir='ltr'><strong>cognoscetis</strong></span> <span class='ocrx_word' id='word_1_459' title='bbox 2960 2974 3088 3042; x_wconf 88' lang='lat' dir='ltr'><strong>quia</strong></span> <span class='ocrx_word' id='word_1_460' title='bbox 3119 2989 3209 3043; x_wconf 85' lang='lat' dir='ltr'><strong>ego</strong></span> <span class='ocrx_word' id='word_1_461' title='bbox 3241 2990 3357 3027; x_wconf 88' lang='lat' dir='ltr'><strong>sum</strong></span> <span class='ocrx_word' id='word_1_462' title='bbox 3390 2974 3496 3027; x_wconf 85' lang='lat' dir='ltr'><strong>Do—</strong></span> 
     </span>
    </p>
   </div>
   <div class='ocr_carea' id='block_1_59' title="bbox 210 3062 1810 3147">
    <p class='ocr_par' dir='ltr' id='par_1_59' title="bbox 210 3062 1809 3139">
     <span class='ocr_line' id='line_1_59' title="bbox 210 3062 1809 3139; baseline 0.008 -25"><span class='ocrx_word' id='word_1_463' title='bbox 210 3080 337 3129; x_wconf 75' lang='grc' dir='ltr'><strong>μου</strong></span> <span class='ocrx_word' id='word_1_464' title='bbox 371 3062 464 3131; x_wconf 65' lang='grc' dir='ltr'><strong>ἐφ’</strong></span> <span class='ocrx_word' id='word_1_465' title='bbox 502 3062 692 3133; x_wconf 82' lang='grc' dir='ltr'>ὑμᾶς,</span> <span class='ocrx_word' id='word_1_466' title='bbox 738 3065 835 3118; x_wconf 75' lang='grc' dir='ltr'><em>καὶ</em></span> <span class='ocrx_word' id='word_1_467' title='bbox 882 3063 1134 3132; x_wconf 74' lang='grc' dir='ltr'><strong>ζήσεσθε</strong></span> <span class='ocrx_word' id='word_1_468' title='bbox 1160 3083 1173 3096; x_wconf 90' lang='grc'><strong>·</strong></span> <span class='ocrx_word' id='word_1_469' title='bbox 1208 3067 1306 3121; x_wconf 78' lang='grc' dir='ltr'><strong>καὶ</strong></span> <span class='ocrx_word' id='word_1_470' title='bbox 1353 3067 1615 3138; x_wconf 77' lang='grc' dir='ltr'><strong>θήσομαι</strong></span> <span class='ocrx_word' id='word_1_471' title='bbox 1658 3068 1809 3139; x_wconf 83' lang='grc' dir='ltr'>ὑμᾶς</span> 
     </span>
    </p>
   </div>
   <div class='ocr_carea' id='block_1_60' title="bbox 1918 3062 3496 3147">
    <p class='ocr_par' dir='ltr' id='par_1_60' title="bbox 1918 3065 3496 3137">
     <span class='ocr_line' id='line_1_60' title="bbox 1918 3065 3496 3137; baseline -0.002 -15"><span class='ocrx_word' id='word_1_472' title='bbox 1918 3070 2089 3124; x_wconf 85' lang='lat' dir='ltr'><strong>minus</strong></span> <span class='ocrx_word' id='word_1_473' title='bbox 2112 3068 2152 3122; x_wconf 85' lang='grc'>³.</span> <span class='ocrx_word' id='word_1_474' title='bbox 2182 3066 2296 3122; x_wconf 82' lang='grc' dir='ltr'>Ηοο</span> <span class='ocrx_word' id='word_1_475' title='bbox 2324 3067 2491 3137; x_wconf 77' lang='lat' dir='ltr'><strong>igitur</strong></span> <span class='ocrx_word' id='word_1_476' title='bbox 2518 3065 2859 3135; x_wconf 87' lang='lat' dir='ltr'><strong>probabilius</strong></span> <span class='ocrx_word' id='word_1_477' title='bbox 2887 3065 3100 3119; x_wconf 72' lang='lat' dir='ltr'><strong>cazteris</strong></span> <span class='ocrx_word' id='word_1_478' title='bbox 3122 3065 3496 3119; x_wconf 89' lang='lat' dir='ltr'><strong>testimonium</strong></span> 
     </span>
    </p>
   </div>
   <div class='ocr_carea' id='block_1_61' title="bbox 220 3153 1812 3231">
    <p class='ocr_par' dir='ltr' id='par_1_61' title="bbox 220 3153 1812 3231">
     <span class='ocr_line' id='line_1_61' title="bbox 220 3153 1812 3231; baseline 0.004 -23"><span class='ocrx_word' id='word_1_479' title='bbox 220 3153 323 3208; x_wconf 77' lang='grc' dir='ltr'><strong>ἐπὶ</strong></span> <span class='ocrx_word' id='word_1_480' title='bbox 365 3155 480 3224; x_wconf 75' lang='grc' dir='ltr'><strong>τὴν</strong></span> <span class='ocrx_word' id='word_1_481' title='bbox 523 3155 642 3225; x_wconf 72' lang='grc' dir='ltr'>γῆν</span> <span class='ocrx_word' id='word_1_482' title='bbox 670 3156 870 3226; x_wconf 82' lang='grc' dir='ltr'><strong>ὑμῶν,</strong></span> <span class='ocrx_word' id='word_1_483' title='bbox 904 3158 1001 3212; x_wconf 79' lang='grc' dir='ltr'><em>καὶ</em></span> <span class='ocrx_word' id='word_1_484' title='bbox 1045 3157 1389 3229; x_wconf 76' lang='grc' dir='ltr'>γνώσεσθε,</span> <span class='ocrx_word' id='word_1_485' title='bbox 1426 3159 1513 3214; x_wconf 85' lang='grc' dir='ltr'>ὅτι</span> <span class='ocrx_word' id='word_1_486' title='bbox 1551 3160 1667 3231; x_wconf 72' lang='grc' dir='ltr'><strong>ἐγώ</strong></span> <span class='ocrx_word' id='word_1_487' title='bbox 1692 3164 1812 3231; x_wconf 73' lang='grc' dir='ltr'>εἰμι</span> 
     </span>
    </p>
   </div>
   <div class='ocr_carea' id='block_1_62' title="bbox 218 3244 1812 3325">
    <p class='ocr_par' dir='ltr' id='par_1_62' title="bbox 218 3244 1812 3325">
     <span class='ocr_line' id='line_1_62' title="bbox 218 3244 1812 3325; baseline 0.008 -28"><span class='ocrx_word' id='word_1_488' title='bbox 218 3244 455 3311; x_wconf 80' lang='grc' dir='ltr'>Κύριος.</span> <span class='ocrx_word' id='word_1_489' title='bbox 499 3245 685 3317; x_wconf 84' lang='grc' dir='ltr'>Τούτῳ</span> <span class='ocrx_word' id='word_1_490' title='bbox 739 3247 841 3317; x_wconf 80' lang='grc' dir='ltr'>μὲν</span> <span class='ocrx_word' id='word_1_491' title='bbox 897 3244 990 3302; x_wconf 76' lang='grc' dir='ltr'>οὖν</span> <span class='ocrx_word' id='word_1_492' title='bbox 1046 3248 1402 3322; x_wconf 82' lang='grc' dir='ltr'>πιθανωτέρῳ</span> <span class='ocrx_word' id='word_1_493' title='bbox 1443 3253 1682 3324; x_wconf 81' lang='grc' dir='ltr'>χρῶνται</span> <span class='ocrx_word' id='word_1_494' title='bbox 1733 3254 1812 3325; x_wconf 84' lang='grc' dir='ltr'>τῷ</span> 
     </span>
    </p>
   </div>
   <div class='ocr_carea' id='block_1_63' title="bbox 221 3335 1812 3413">
    <p class='ocr_par' dir='ltr' id='par_1_63' title="bbox 221 3335 1812 3413">
     <span class='ocr_line' id='line_1_63' title="bbox 221 3335 1812 3413; baseline 0.007 -25"><span class='ocrx_word' id='word_1_495' title='bbox 221 3336 393 3408; x_wconf 79' lang='grc' dir='ltr'>ῥητῷ.</span> <span class='ocrx_word' id='word_1_496' title='bbox 436 3335 541 3391; x_wconf 73' lang='grc' dir='ltr'><strong>Καὶ</strong></span> <span class='ocrx_word' id='word_1_497' title='bbox 577 3337 711 3391; x_wconf 78' lang='grc' dir='ltr'>ἄλλα</span> <span class='ocrx_word' id='word_1_498' title='bbox 747 3338 803 3392; x_wconf 83' lang='grc' dir='ltr'>δὲ</span> <span class='ocrx_word' id='word_1_499' title='bbox 840 3339 1088 3409; x_wconf 81' lang='grc' dir='ltr'>λέγουσιν</span> <span class='ocrx_word' id='word_1_500' title='bbox 1119 3342 1451 3411; x_wconf 75' lang='grc' dir='ltr'>εὐαγγελικά</span> <span class='ocrx_word' id='word_1_501' title='bbox 1480 3360 1493 3374; x_wconf 90' lang='grc'><strong>·</strong></span> <span class='ocrx_word' id='word_1_502' title='bbox 1555 3339 1665 3398; x_wconf 76' lang='grc' dir='ltr'>οἷον</span> <span class='ocrx_word' id='word_1_503' title='bbox 1689 3387 1704 3413; x_wconf 89' lang='grc'><em>,</em></span> <span class='ocrx_word' id='word_1_504' title='bbox 1736 3346 1812 3410; x_wconf 85' lang='grc' dir='ltr'>ὡς</span> 
     </span>
    </p>
   </div>
   <div class='ocr_carea' id='block_1_64' title="bbox 218 3430 1814 3506">
    <p class='ocr_par' dir='ltr' id='par_1_64' title="bbox 218 3430 1814 3506">
     <span class='ocr_line' id='line_1_64' title="bbox 218 3430 1814 3506; baseline 0.006 -24"><span class='ocrx_word' id='word_1_505' title='bbox 218 3430 304 3492; x_wconf 82' lang='grc' dir='ltr'><strong>τὸ,</strong></span> <span class='ocrx_word' id='word_1_506' title='bbox 358 3430 513 3483; x_wconf 83' lang='grc' dir='ltr'><strong>Ἐκεῖ</strong></span> <span class='ocrx_word' id='word_1_507' title='bbox 548 3431 720 3484; x_wconf 80' lang='grc' dir='ltr'><em>ἔσται</em></span> <span class='ocrx_word' id='word_1_508' title='bbox 749 3433 782 3486; x_wconf 85' lang='grc' dir='ltr'><strong>ό</strong></span> <span class='ocrx_word' id='word_1_509' title='bbox 818 3433 1128 3502; x_wconf 81' lang='grc' dir='ltr'><strong>κλαυθμὸς</strong></span> <span class='ocrx_word' id='word_1_510' title='bbox 1165 3433 1263 3487; x_wconf 79' lang='grc' dir='ltr'><strong>καὶ</strong></span> <span class='ocrx_word' id='word_1_511' title='bbox 1308 3438 1340 3488; x_wconf 85' lang='grc' dir='ltr'><em>ὀ</em></span> <span class='ocrx_word' id='word_1_512' title='bbox 1366 3436 1642 3506; x_wconf 74' lang='grc' dir='ltr'>,βρυγμὸς</span> <span class='ocrx_word' id='word_1_513' title='bbox 1694 3438 1814 3491; x_wconf 82' lang='grc' dir='ltr'><strong>τῶν</strong></span> 
     </span>
    </p>
   </div>
   <div class='ocr_carea' id='block_1_65' title="bbox 219 3517 1810 3596">
    <p class='ocr_par' dir='ltr' id='par_1_65' title="bbox 219 3517 1810 3596">
     <span class='ocr_line' id='line_1_65' title="bbox 219 3517 1810 3596; baseline 0.006 -25"><span class='ocrx_word' id='word_1_514' title='bbox 219 3517 490 3572; x_wconf 75' lang='grc' dir='ltr'><strong>ὀδόντων</strong></span> <span class='ocrx_word' id='word_1_515' title='bbox 520 3534 535 3550; x_wconf 73' lang='grc'>⁸</span> <span class='ocrx_word' id='word_1_516' title='bbox 584 3520 679 3573; x_wconf 80' lang='grc' dir='ltr'><strong>καὶ</strong></span> <span class='ocrx_word' id='word_1_517' title='bbox 709 3520 771 3573; x_wconf 84' lang='grc' dir='ltr'>τὸ</span> <span class='ocrx_word' id='word_1_518' title='bbox 791 3560 805 3583; x_wconf 87' lang='grc'><em>,</em></span> <span class='ocrx_word' id='word_1_519' title='bbox 851 3521 1156 3590; x_wconf 74' lang='grc' dir='ltr'><strong>Φοϐήθητε</strong></span> <span class='ocrx_word' id='word_1_520' title='bbox 1186 3522 1295 3577; x_wconf 79' lang='grc' dir='ltr'><strong>τὸν</strong></span> <span class='ocrx_word' id='word_1_521' title='bbox 1336 3525 1681 3596; x_wconf 72' lang='grc' dir='ltr'>δυνάμενον</span> <span class='ocrx_word' id='word_1_522' title='bbox 1713 3528 1810 3581; x_wconf 78' lang='grc' dir='ltr'><em>καὶ</em></span> 
     </span>
    </p>
   </div>
   <div class='ocr_carea' id='block_1_66' title="bbox 218 3611 1812 3687">
    <p class='ocr_par' dir='ltr' id='par_1_66' title="bbox 218 3611 1812 3687">
     <span class='ocr_line' id='line_1_66' title="bbox 218 3611 1812 3687; baseline 0.004 -22"><span class='ocrx_word' id='word_1_523' title='bbox 218 3611 438 3681; x_wconf 71' lang='grc' dir='ltr'>ψυχὴν</span> <span class='ocrx_word' id='word_1_524' title='bbox 464 3612 561 3666; x_wconf 77' lang='grc' dir='ltr'><em>καὶ</em></span> <span class='ocrx_word' id='word_1_525' title='bbox 591 3612 765 3683; x_wconf 82' lang='grc' dir='ltr'><em>σῶμα</em></span> <span class='ocrx_word' id='word_1_526' title='bbox 792 3614 1089 3671; x_wconf 80' lang='grc' dir='ltr'><em>ἀπολέσαι</em></span> <span class='ocrx_word' id='word_1_527' title='bbox 1136 3617 1207 3671; x_wconf 83' lang='grc' dir='ltr'><strong>ἐν</strong></span> <span class='ocrx_word' id='word_1_528' title='bbox 1239 3616 1458 3687; x_wconf 76' lang='grc' dir='ltr'><strong>γεέννῃ</strong></span> <span class='ocrx_word' id='word_1_529' title='bbox 1491 3634 1505 3650; x_wconf 78' lang='grc' dir='ltr'><strong>ο</strong></span> <span class='ocrx_word' id='word_1_530' title='bbox 1538 3620 1631 3672; x_wconf 77' lang='grc' dir='ltr'><strong>καὶ</strong></span> <span class='ocrx_word' id='word_1_531' title='bbox 1659 3620 1721 3672; x_wconf 85' lang='grc' dir='ltr'>τὸ</span> <span class='ocrx_word' id='word_1_532' title='bbox 1754 3620 1812 3672; x_wconf 78' lang='grc' dir='ltr'>ἐν</span> 
     </span>
    </p>
   </div>
   <div class='ocr_carea' id='block_1_67' title="bbox 219 3701 1812 3775">
    <p class='ocr_par' dir='ltr' id='par_1_67' title="bbox 219 3701 1812 3775">
     <span class='ocr_line' id='line_1_67' title="bbox 219 3701 1812 3775; baseline 0.004 -21"><span class='ocrx_word' id='word_1_533' title='bbox 219 3701 304 3771; x_wconf 79' lang='grc' dir='ltr'>τῷ</span> <span class='ocrx_word' id='word_1_534' title='bbox 331 3701 529 3772; x_wconf 82' lang='grc' dir='ltr'><em>Παύλῳ</em></span> <span class='ocrx_word' id='word_1_535' title='bbox 553 3718 566 3729; x_wconf 80' lang='grc'><strong>’</strong></span> <span class='ocrx_word' id='word_1_536' title='bbox 609 3702 979 3770; x_wconf 79' lang='grc' dir='ltr'><em>Ζωοποιήσει</em></span> <span class='ocrx_word' id='word_1_537' title='bbox 1024 3705 1097 3758; x_wconf 86' lang='grc' dir='ltr'>τὰ</span> <span class='ocrx_word' id='word_1_538' title='bbox 1127 3704 1294 3774; x_wconf 75' lang='grc' dir='ltr'>ὑμῶν</span> <span class='ocrx_word' id='word_1_539' title='bbox 1324 3708 1570 3775; x_wconf 85' lang='grc' dir='ltr'>σώματα</span> <span class='ocrx_word' id='word_1_540' title='bbox 1616 3706 1713 3762; x_wconf 84' lang='grc' dir='ltr'><strong>διὰ</strong></span> <span class='ocrx_word' id='word_1_541' title='bbox 1745 3706 1812 3761; x_wconf 83' lang='grc' dir='ltr'>τὸ</span> 
     </span>
    </p>
   </div>
   <div class='ocr_carea' id='block_1_68' title="bbox 219 3793 1242 3867">
    <p class='ocr_par' dir='ltr' id='par_1_68' title="bbox 219 3793 1242 3867">
     <span class='ocr_line' id='line_1_68' title="bbox 219 3793 1242 3867; baseline 0.006 -19"><span class='ocrx_word' id='word_1_542' title='bbox 219 3793 501 3848; x_wconf 75' lang='grc' dir='ltr'><em>ἐνοικοῦν</em></span> <span class='ocrx_word' id='word_1_543' title='bbox 519 3795 706 3849; x_wconf 84' lang='grc' dir='ltr'><em>αὑτοῦ</em></span> <span class='ocrx_word' id='word_1_544' title='bbox 726 3794 964 3865; x_wconf 79' lang='grc' dir='ltr'>πνεῦμα</span> <span class='ocrx_word' id='word_1_545' title='bbox 981 3796 1051 3849; x_wconf 78' lang='grc' dir='ltr'><strong>ἐν</strong></span> <span class='ocrx_word' id='word_1_546' title='bbox 1079 3797 1242 3867; x_wconf 81' lang='grc' dir='ltr'>ὑμῖν.</span> 
     </span>
    </p>
   </div>
   <div class='ocr_carea' id='block_1_69' title="bbox 297 3887 1813 3962">
    <p class='ocr_par' dir='ltr' id='par_1_69' title="bbox 297 3887 1813 3962">
     <span class='ocr_line' id='line_1_69' title="bbox 297 3887 1813 3962; baseline 0.004 -23"><span class='ocrx_word' id='word_1_547' title='bbox 297 3888 395 3940; x_wconf 80' lang='grc' dir='ltr'><strong>1Δ’.</strong></span> <span class='ocrx_word' id='word_1_548' title='bbox 421 3887 541 3959; x_wconf 75' lang='grc' dir='ltr'><strong>Χρὴ</strong></span> <span class='ocrx_word' id='word_1_549' title='bbox 574 3888 632 3941; x_wconf 85' lang='grc' dir='ltr'>δὲ</span> <span class='ocrx_word' id='word_1_550' title='bbox 658 3887 836 3941; x_wconf 81' lang='grc' dir='ltr'>πάντα</span> <span class='ocrx_word' id='word_1_551' title='bbox 866 3887 958 3940; x_wconf 83' lang='grc' dir='ltr'>τὸν</span> <span class='ocrx_word' id='word_1_552' title='bbox 985 3888 1252 3962; x_wconf 78' lang='grc' dir='ltr'><strong>φιλαλήθη</strong></span> <span class='ocrx_word' id='word_1_553' title='bbox 1285 3892 1404 3944; x_wconf 86' lang='grc' dir='ltr'>κατ’</span> <span class='ocrx_word' id='word_1_554' title='bbox 1439 3892 1603 3946; x_wconf 79' lang='grc' dir='ltr'>αὑτὸν</span> <span class='ocrx_word' id='word_1_555' title='bbox 1637 3893 1657 3923; x_wconf 76' lang='grc'><strong><em>⁸</em></strong></span> <span class='ocrx_word' id='word_1_556' title='bbox 1689 3891 1813 3945; x_wconf 80' lang='grc' dir='ltr'>τού-</span> 
     </span>
    </p>
   </div>
   <div class='ocr_carea' id='block_1_70' title="bbox 222 3980 1815 4054">
    <p class='ocr_par' dir='ltr' id='par_1_70' title="bbox 222 3980 1815 4054">
     <span class='ocr_line' id='line_1_70' title="bbox 222 3980 1815 4054; baseline 0.004 -22"><span class='ocrx_word' id='word_1_557' title='bbox 222 3995 339 4043; x_wconf 80' lang='grc' dir='ltr'>τοις</span> <span class='ocrx_word' id='word_1_558' title='bbox 365 3980 454 4033; x_wconf 79' lang='grc' dir='ltr'>τὸν</span> <span class='ocrx_word' id='word_1_559' title='bbox 479 3980 602 4033; x_wconf 79' lang='grc' dir='ltr'>νοῦν</span> <span class='ocrx_word' id='word_1_560' title='bbox 624 3980 996 4051; x_wconf 74' lang='grc' dir='ltr'><strong>ἐπιστήσαντα</strong></span> <span class='ocrx_word' id='word_1_561' title='bbox 1025 3983 1153 4054; x_wconf 73' lang='grc' dir='ltr'>περὶ</span> <span class='ocrx_word' id='word_1_562' title='bbox 1178 3984 1277 4053; x_wconf 80' lang='grc' dir='ltr'>τῆς</span> <span class='ocrx_word' id='word_1_563' title='bbox 1303 3985 1651 4050; x_wconf 82' lang='grc' dir='ltr'><strong>ἀναστάσεως</strong></span> <span class='ocrx_word' id='word_1_564' title='bbox 1673 3986 1815 4054; x_wconf 82' lang='grc' dir='ltr'>ἀγω-</span> 
     </span>
    </p>
   </div>
   <div class='ocr_carea' id='block_1_71' title="bbox 221 4072 1809 4150">
    <p class='ocr_par' dir='ltr' id='par_1_71' title="bbox 221 4072 1809 4150">
     <span class='ocr_line' id='line_1_71' title="bbox 221 4072 1809 4150; baseline 0.004 -24"><span class='ocrx_word' id='word_1_565' title='bbox 221 4072 496 4136; x_wconf 77' lang='grc' dir='ltr'>νίσασθαι,</span> <span class='ocrx_word' id='word_1_566' title='bbox 530 4072 704 4127; x_wconf 83' lang='grc' dir='ltr'>σῶσαί</span> <span class='ocrx_word' id='word_1_567' title='bbox 739 4091 796 4127; x_wconf 87' lang='grc' dir='ltr'><strong>τε</strong></span> <span class='ocrx_word' id='word_1_568' title='bbox 824 4075 917 4127; x_wconf 73' lang='grc' dir='ltr'><strong>καὶ</strong></span> <span class='ocrx_word' id='word_1_569' title='bbox 946 4075 1044 4146; x_wconf 82' lang='grc' dir='ltr'>τὴν</span> <span class='ocrx_word' id='word_1_570' title='bbox 1076 4075 1184 4129; x_wconf 83' lang='grc' dir='ltr'><strong>τῶν</strong></span> <span class='ocrx_word' id='word_1_571' title='bbox 1217 4077 1459 4148; x_wconf 82' lang='grc' dir='ltr'>ἀρχαίων</span> <span class='ocrx_word' id='word_1_572' title='bbox 1491 4079 1809 4150; x_wconf 81' lang='grc' dir='ltr'>παράδοσιν,</span> 
     </span>
    </p>
   </div>
   <div class='ocr_carea' id='block_1_72' title="bbox 221 4163 1815 4240">
    <p class='ocr_par' dir='ltr' id='par_1_72' title="bbox 221 4163 1815 4240">
     <span class='ocr_line' id='line_1_72' title="bbox 221 4163 1815 4240; baseline 0.003 -22"><span class='ocrx_word' id='word_1_573' title='bbox 221 4164 321 4218; x_wconf 75' lang='grc' dir='ltr'><strong>καὶ</strong></span> <span class='ocrx_word' id='word_1_574' title='bbox 351 4163 690 4234; x_wconf 77' lang='grc' dir='ltr'>φυλάξασθαι</span> <span class='ocrx_word' id='word_1_575' title='bbox 723 4166 986 4235; x_wconf 76' lang='grc' dir='ltr'>ἐμπεσεῖν</span> <span class='ocrx_word' id='word_1_576' title='bbox 1015 4167 1095 4231; x_wconf 78' lang='grc' dir='ltr'>εἰς</span> <span class='ocrx_word' id='word_1_577' title='bbox 1128 4167 1395 4238; x_wconf 77' lang='grc' dir='ltr'>φλυαρίαν</span> <span class='ocrx_word' id='word_1_578' title='bbox 1432 4168 1661 4240; x_wconf 82' lang='grc' dir='ltr'>πτωχῶν</span> <span class='ocrx_word' id='word_1_579' title='bbox 1690 4186 1815 4240; x_wconf 85' lang='grc' dir='ltr'>νοη-</span> 
     </span>
    </p>
   </div>
   <div class='ocr_carea' id='block_1_73' title="bbox 226 4255 1814 4326">
    <p class='ocr_par' dir='ltr' id='par_1_73' title="bbox 226 4255 1814 4326">
     <span class='ocr_line' id='line_1_73' title="bbox 226 4255 1814 4326; baseline 0.003 -18"><span class='ocrx_word' id='word_1_580' title='bbox 226 4255 416 4326; x_wconf 81' lang='grc' dir='ltr'>μάτων</span> <span class='ocrx_word' id='word_1_581' title='bbox 440 4297 453 4320; x_wconf 92' lang='grc'><em>,</em></span> <span class='ocrx_word' id='word_1_582' title='bbox 484 4256 760 4309; x_wconf 83' lang='grc' dir='ltr'>ἀδυνάτων</span> <span class='ocrx_word' id='word_1_583' title='bbox 799 4273 861 4308; x_wconf 85' lang='grc' dir='ltr'><strong>τε</strong></span> <span class='ocrx_word' id='word_1_584' title='bbox 892 4255 1010 4326; x_wconf 73' lang='grc' dir='ltr'>ἅμα</span> <span class='ocrx_word' id='word_1_585' title='bbox 1062 4259 1157 4310; x_wconf 74' lang='grc' dir='ltr'><strong>καὶ</strong></span> <span class='ocrx_word' id='word_1_586' title='bbox 1186 4258 1321 4311; x_wconf 80' lang='grc' dir='ltr'>Θεοῦ</span> <span class='ocrx_word' id='word_1_587' title='bbox 1352 4259 1607 4326; x_wconf 77' lang='grc' dir='ltr'>ἀναξίων.</span> <span class='ocrx_word' id='word_1_588' title='bbox 1642 4260 1814 4313; x_wconf 80' lang='grc' dir='ltr'>Τοῦτο</span> 
     </span>
    </p>
   </div>
   <div class='ocr_carea' id='block_1_74' title="bbox 220 4343 1812 4421">
    <p class='ocr_par' dir='ltr' id='par_1_74' title="bbox 220 4343 1812 4421">
     <span class='ocr_line' id='line_1_74' title="bbox 220 4343 1812 4421; baseline 0.003 -20"><span class='ocrx_word' id='word_1_589' title='bbox 220 4343 319 4401; x_wconf 77' lang='grc' dir='ltr'><strong>οὖν</strong></span> <span class='ocrx_word' id='word_1_590' title='bbox 367 4348 446 4410; x_wconf 73' lang='grc' dir='ltr'>εἰς</span> <span class='ocrx_word' id='word_1_591' title='bbox 489 4347 579 4400; x_wconf 84' lang='grc' dir='ltr'>τὸν</span> <span class='ocrx_word' id='word_1_592' title='bbox 629 4346 792 4401; x_wconf 85' lang='grc' dir='ltr'>τόπον</span> <span class='ocrx_word' id='word_1_593' title='bbox 839 4347 1187 4417; x_wconf 79' lang='grc' dir='ltr'>διαληπτέον,</span> <span class='ocrx_word' id='word_1_594' title='bbox 1236 4351 1320 4402; x_wconf 81' lang='grc' dir='ltr'>ὄτι</span> <span class='ocrx_word' id='word_1_595' title='bbox 1355 4351 1471 4403; x_wconf 81' lang='grc' dir='ltr'><strong>Πᾶν</strong></span> <span class='ocrx_word' id='word_1_596' title='bbox 1508 4350 1667 4421; x_wconf 81' lang='grc' dir='ltr'>σῶμα</span> <span class='ocrx_word' id='word_1_597' title='bbox 1707 4352 1812 4405; x_wconf 85' lang='grc' dir='ltr'><strong>ὑπὸ</strong></span> 
     </span>
    </p>
   </div>
   <div class='ocr_carea' id='block_1_75' title="bbox 1912 3154 3497 3229">
    <p class='ocr_par' dir='ltr' id='par_1_75' title="bbox 1912 3154 3497 3229">
     <span class='ocr_line' id='line_1_75' title="bbox 1912 3154 3497 3229; baseline -0.006 -14"><span class='ocrx_word' id='word_1_598' title='bbox 1912 3167 2019 3222; x_wconf 86' lang='lat' dir='ltr'><strong>est,</strong></span> <span class='ocrx_word' id='word_1_599' title='bbox 2050 3175 2172 3229; x_wconf 72' lang='lat' dir='ltr'><strong>qua:</strong></span> <span class='ocrx_word' id='word_1_600' title='bbox 2206 3171 2637 3213; x_wconf 87' lang='lat' dir='ltr'><strong>commemorare</strong></span> <span class='ocrx_word' id='word_1_601' title='bbox 2684 3156 2899 3217; x_wconf 83' lang='lat' dir='ltr'><strong>solent;</strong></span> <span class='ocrx_word' id='word_1_602' title='bbox 2948 3164 3147 3223; x_wconf 72' lang='lat' dir='ltr'><strong>praeter</strong></span> <span class='ocrx_word' id='word_1_603' title='bbox 3178 3154 3322 3224; x_wconf 90' lang='lat' dir='ltr'><strong>quod</strong></span> <span class='ocrx_word' id='word_1_604' title='bbox 3358 3170 3497 3208; x_wconf 83' lang='lat' dir='ltr'><strong>non-</strong></span> 
     </span>
    </p>
   </div>
   <div class='ocr_carea' id='block_1_76' title="bbox 1913 3245 3489 3321">
    <p class='ocr_par' dir='ltr' id='par_1_76' title="bbox 1913 3245 3489 3321">
     <span class='ocr_line' id='line_1_76' title="bbox 1913 3245 3489 3321; baseline -0.004 -15"><span class='ocrx_word' id='word_1_605' title='bbox 1913 3252 2062 3306; x_wconf 87' lang='lat' dir='ltr'><strong>nulla</strong></span> <span class='ocrx_word' id='word_1_606' title='bbox 2093 3267 2161 3306; x_wconf 78' lang='lat' dir='ltr'><strong>ex</strong></span> <span class='ocrx_word' id='word_1_607' title='bbox 2184 3249 2493 3321; x_wconf 80' lang='lat' dir='ltr'><strong>Evangeliis</strong></span> <span class='ocrx_word' id='word_1_608' title='bbox 2520 3258 2869 3317; x_wconf 81' lang='lat' dir='ltr'><strong>expromunt.</strong></span> <span class='ocrx_word' id='word_1_609' title='bbox 2904 3245 3062 3301; x_wconf 80' lang='lat' dir='ltr'><strong>Velut</strong></span> <span class='ocrx_word' id='word_1_610' title='bbox 3092 3266 3106 3301; x_wconf 90' lang='lat'><strong>:</strong></span> <span class='ocrx_word' id='word_1_611' title='bbox 3143 3245 3225 3302; x_wconf 84' lang='lat' dir='ltr'><strong>Ibi</strong></span> <span class='ocrx_word' id='word_1_612' title='bbox 3260 3247 3357 3299; x_wconf 85' lang='lat' dir='ltr'><strong>erit</strong></span> <span class='ocrx_word' id='word_1_613' title='bbox 3397 3245 3489 3315; x_wconf 80' lang='lat' dir='ltr'><strong>ﬂe-</strong></span> 
     </span>
    </p>
   </div>
   <div class='ocr_carea' id='block_1_77' title="bbox 1915 3338 3496 3409">
    <p class='ocr_par' dir='ltr' id='par_1_77' title="bbox 1915 3338 3496 3409">
     <span class='ocr_line' id='line_1_77' title="bbox 1915 3338 3496 3409; baseline -0.004 -11"><span class='ocrx_word' id='word_1_614' title='bbox 1915 3355 2000 3399; x_wconf 85' lang='lat' dir='ltr'><strong>tus</strong></span> <span class='ocrx_word' id='word_1_615' title='bbox 2040 3353 2091 3397; x_wconf 89' lang='lat' dir='ltr'><strong>et</strong></span> <span class='ocrx_word' id='word_1_616' title='bbox 2133 3342 2334 3398; x_wconf 88' lang='lat' dir='ltr'><strong>stridor</strong></span> <span class='ocrx_word' id='word_1_617' title='bbox 2394 3340 2702 3408; x_wconf 66' lang='lat' dir='ltr'><strong>dentium‘;</strong></span> <span class='ocrx_word' id='word_1_618' title='bbox 2757 3342 2930 3394; x_wconf 83' lang='lat' dir='ltr'><strong>item:</strong></span> <span class='ocrx_word' id='word_1_619' title='bbox 2984 3339 3180 3394; x_wconf 85' lang='lat' dir='ltr'><strong>Timete</strong></span> <span class='ocrx_word' id='word_1_620' title='bbox 3216 3355 3355 3403; x_wconf 87' lang='lat' dir='ltr'><strong>eum,</strong></span> <span class='ocrx_word' id='word_1_621' title='bbox 3405 3338 3496 3409; x_wconf 83' lang='lat' dir='ltr'><strong>qui</strong></span> 
     </span>
    </p>
   </div>
   <div class='ocr_carea' id='block_1_78' title="bbox 1911 3430 3490 3507">
    <p class='ocr_par' dir='ltr' id='par_1_78' title="bbox 1911 3430 3490 3507">
     <span class='ocr_line' id='line_1_78' title="bbox 1911 3430 3490 3507; baseline -0.004 -19"><span class='ocrx_word' id='word_1_622' title='bbox 1911 3446 2080 3507; x_wconf 87' lang='lat' dir='ltr'><strong>potest</strong></span> <span class='ocrx_word' id='word_1_623' title='bbox 2113 3445 2161 3490; x_wconf 91' lang='lat' dir='ltr'><strong>et</strong></span> <span class='ocrx_word' id='word_1_624' title='bbox 2192 3436 2427 3489; x_wconf 88' lang='lat' dir='ltr'><strong>animam</strong></span> <span class='ocrx_word' id='word_1_625' title='bbox 2469 3443 2518 3488; x_wconf 88' lang='lat' dir='ltr'><strong>et</strong></span> <span class='ocrx_word' id='word_1_626' title='bbox 2557 3447 2748 3500; x_wconf 87' lang='lat' dir='ltr'><strong>corpus</strong></span> <span class='ocrx_word' id='word_1_627' title='bbox 2790 3430 3003 3498; x_wconf 85' lang='lat' dir='ltr'><strong>perdere</strong></span> <span class='ocrx_word' id='word_1_628' title='bbox 3043 3431 3099 3484; x_wconf 90' lang='lat' dir='ltr'><strong>in</strong></span> <span class='ocrx_word' id='word_1_629' title='bbox 3124 3430 3490 3501; x_wconf 61' lang='lat' dir='ltr'><strong>gehennam“;</strong></span> 
     </span>
    </p>
   </div>
   <div class='ocr_carea' id='block_1_79' title="bbox 1916 3519 3498 3591">
    <p class='ocr_par' dir='ltr' id='par_1_79' title="bbox 1916 3519 3498 3591">
     <span class='ocr_line' id='line_1_79' title="bbox 1916 3519 3498 3591; baseline -0.007 -9"><span class='ocrx_word' id='word_1_630' title='bbox 1916 3537 2029 3582; x_wconf 87' lang='lat' dir='ltr'><strong>tum</strong></span> <span class='ocrx_word' id='word_1_631' title='bbox 2058 3526 2192 3581; x_wconf 89' lang='lat' dir='ltr'><strong>illud</strong></span> <span class='ocrx_word' id='word_1_632' title='bbox 2225 3541 2290 3580; x_wconf 79' lang='lat' dir='ltr'><strong>ex</strong></span> <span class='ocrx_word' id='word_1_633' title='bbox 2319 3524 2525 3578; x_wconf 86' lang='lat' dir='ltr'><strong>Paulo:</strong></span> <span class='ocrx_word' id='word_1_634' title='bbox 2569 3521 2869 3591; x_wconf 81' lang='lat' dir='ltr'><strong>Vivi/icabit</strong></span> <span class='ocrx_word' id='word_1_635' title='bbox 2900 3519 3152 3574; x_wconf 85' lang='lat' dir='ltr'><strong>mortalia</strong></span> <span class='ocrx_word' id='word_1_636' title='bbox 3177 3529 3349 3573; x_wconf 87' lang='lat' dir='ltr'><strong>vestra</strong></span> <span class='ocrx_word' id='word_1_637' title='bbox 3382 3535 3498 3572; x_wconf 88' lang='lat' dir='ltr'><strong>cor-</strong></span> 
     </span>
    </p>
   </div>
   <div class='ocr_carea' id='block_1_80' title="bbox 1913 3610 3513 3689">
    <p class='ocr_par' dir='ltr' id='par_1_80' title="bbox 1913 3610 3513 3689">
     <span class='ocr_line' id='line_1_80' title="bbox 1913 3610 3513 3689; baseline -0.005 -15"><span class='ocrx_word' id='word_1_638' title='bbox 1913 3636 2066 3689; x_wconf 83' lang='lat' dir='ltr'><strong>pora,</strong></span> <span class='ocrx_word' id='word_1_639' title='bbox 2098 3628 2310 3689; x_wconf 85' lang='lat' dir='ltr'><strong>propter</strong></span> <span class='ocrx_word' id='word_1_640' title='bbox 2338 3615 2720 3671; x_wconf 83' lang='lat' dir='ltr'><strong>inhabitantem</strong></span> <span class='ocrx_word' id='word_1_641' title='bbox 2751 3616 2865 3684; x_wconf 85' lang='lat' dir='ltr'><strong>ejus</strong></span> <span class='ocrx_word' id='word_1_642' title='bbox 2899 3613 3145 3683; x_wconf 84' lang='lat' dir='ltr'><strong>spiritum</strong></span> <span class='ocrx_word' id='word_1_643' title='bbox 3172 3613 3223 3666; x_wconf 87' lang='lat' dir='ltr'><strong>in</strong></span> <span class='ocrx_word' id='word_1_644' title='bbox 3251 3610 3393 3665; x_wconf 77' lang='lat' dir='ltr'><strong>vobis</strong></span> <span class='ocrx_word' id='word_1_645' title='bbox 3416 3612 3457 3666; x_wconf 83' lang='lat'><strong>‘.</strong></span> <span class='ocrx_word' id='word_1_646' title='bbox 3503 3633 3513 3684; x_wconf 62' lang='grc' dir='ltr'><em>λ</em></span> 
     </span>
    </p>
   </div>
   <div class='ocr_carea' id='block_1_81' title="bbox 1983 3876 3494 3947">
    <p class='ocr_par' dir='ltr' id='par_1_81' title="bbox 1983 3876 3494 3947">
     <span class='ocr_line' id='line_1_81' title="bbox 1983 3876 3494 3947; baseline -0.005 -9"><span class='ocrx_word' id='word_1_647' title='bbox 1983 3882 2124 3938; x_wconf 79' lang='lat' dir='ltr'><strong>XIV.</strong></span> <span class='ocrx_word' id='word_1_648' title='bbox 2160 3881 2358 3937; x_wconf 84' lang='lat' dir='ltr'><strong>Verum</strong></span> <span class='ocrx_word' id='word_1_649' title='bbox 2388 3894 2582 3936; x_wconf 85' lang='lat' dir='ltr'><strong>omnes</strong></span> <span class='ocrx_word' id='word_1_650' title='bbox 2605 3895 2701 3934; x_wconf 81' lang='lat' dir='ltr'><strong>eos</strong></span> <span class='ocrx_word' id='word_1_651' title='bbox 2732 3894 2960 3934; x_wconf 88' lang='lat' dir='ltr'><strong>necesse</strong></span> <span class='ocrx_word' id='word_1_652' title='bbox 2990 3884 3093 3941; x_wconf 80' lang='lat' dir='ltr'><strong>est,</strong></span> <span class='ocrx_word' id='word_1_653' title='bbox 3125 3876 3218 3947; x_wconf 90' lang='lat' dir='ltr'><strong>qui</strong></span> <span class='ocrx_word' id='word_1_654' title='bbox 3247 3876 3494 3931; x_wconf 85' lang='lat' dir='ltr'><strong>veritatis</strong></span> 
     </span>
    </p>
   </div>
   <div class='ocr_carea' id='block_1_82' title="bbox 1914 3967 3496 4037">
    <p class='ocr_par' dir='ltr' id='par_1_82' title="bbox 1914 3967 3496 4037">
     <span class='ocr_line' id='line_1_82' title="bbox 1914 3967 3496 4037; baseline -0.007 -7"><span class='ocrx_word' id='word_1_655' title='bbox 1914 3975 2100 4030; x_wconf 91' lang='lat' dir='ltr'><strong>studio</strong></span> <span class='ocrx_word' id='word_1_656' title='bbox 2125 3974 2422 4037; x_wconf 91' lang='lat' dir='ltr'><strong>ducuntur,</strong></span> <span class='ocrx_word' id='word_1_657' title='bbox 2450 3986 2572 4027; x_wconf 86' lang='lat' dir='ltr'><strong>eum</strong></span> <span class='ocrx_word' id='word_1_658' title='bbox 2603 3970 2670 4024; x_wconf 88' lang='lat' dir='ltr'><strong>ad</strong></span> <span class='ocrx_word' id='word_1_659' title='bbox 2699 3984 2761 4023; x_wconf 85' lang='lat' dir='ltr'><strong>ea</strong></span> <span class='ocrx_word' id='word_1_660' title='bbox 2789 3972 3030 4023; x_wconf 89' lang='lat' dir='ltr'><strong>animum</strong></span> <span class='ocrx_word' id='word_1_661' title='bbox 3057 3968 3379 4037; x_wconf 83' lang='lat' dir='ltr'><strong>adjecerint,</strong></span> <span class='ocrx_word' id='word_1_662' title='bbox 3407 3967 3496 4020; x_wconf 88' lang='lat' dir='ltr'><strong>ad-</strong></span> 
     </span>
    </p>
   </div>
   <div class='ocr_carea' id='block_1_83' title="bbox 1915 4058 3495 4127">
    <p class='ocr_par' dir='ltr' id='par_1_83' title="bbox 1915 4058 3495 4127">
     <span class='ocr_line' id='line_1_83' title="bbox 1915 4058 3495 4127; baseline -0.006 -6"><span class='ocrx_word' id='word_1_663' title='bbox 1915 4080 2107 4121; x_wconf 88' lang='lat' dir='ltr'><strong>versus</strong></span> <span class='ocrx_word' id='word_1_664' title='bbox 2133 4064 2267 4120; x_wconf 91' lang='lat' dir='ltr'><strong>istos</strong></span> <span class='ocrx_word' id='word_1_665' title='bbox 2293 4063 2360 4118; x_wconf 91' lang='lat' dir='ltr'><strong>de</strong></span> <span class='ocrx_word' id='word_1_666' title='bbox 2393 4061 2796 4117; x_wconf 86' lang='lat' dir='ltr'><strong>resurrectione</strong></span> <span class='ocrx_word' id='word_1_667' title='bbox 2823 4058 3172 4123; x_wconf 88' lang='lat' dir='ltr'><strong>contendere,</strong></span> <span class='ocrx_word' id='word_1_668' title='bbox 3209 4066 3266 4112; x_wconf 90' lang='lat' dir='ltr'><strong>ut</strong></span> <span class='ocrx_word' id='word_1_669' title='bbox 3292 4066 3345 4112; x_wconf 90' lang='lat' dir='ltr'><strong>et</strong></span> <span class='ocrx_word' id='word_1_670' title='bbox 3373 4072 3495 4127; x_wconf 59' lang='lat' dir='ltr'><strong>qute</strong></span> 
     </span>
    </p>
   </div>
   <div class='ocr_carea' id='block_1_84' title="bbox 1916 4150 3495 4220">
    <p class='ocr_par' dir='ltr' id='par_1_84' title="bbox 1916 4150 3495 4220">
     <span class='ocr_line' id='line_1_84' title="bbox 1916 4150 3495 4220; baseline -0.005 -8"><span class='ocrx_word' id='word_1_671' title='bbox 1916 4174 1946 4212; x_wconf 91' lang='lat' dir='ltr'><strong>a</strong></span> <span class='ocrx_word' id='word_1_672' title='bbox 1966 4158 2235 4213; x_wconf 85' lang='lat' dir='ltr'><strong>veteribus</strong></span> <span class='ocrx_word' id='word_1_673' title='bbox 2254 4155 2451 4210; x_wconf 87' lang='lat' dir='ltr'><strong>tradita</strong></span> <span class='ocrx_word' id='word_1_674' title='bbox 2469 4165 2615 4219; x_wconf 89' lang='lat' dir='ltr'><strong>sunt,</strong></span> <span class='ocrx_word' id='word_1_675' title='bbox 2633 4154 2995 4218; x_wconf 86' lang='lat' dir='ltr'><strong>retineantur,</strong></span> <span class='ocrx_word' id='word_1_676' title='bbox 3010 4150 3172 4220; x_wconf 88' lang='lat' dir='ltr'><strong>idque</strong></span> <span class='ocrx_word' id='word_1_677' title='bbox 3184 4164 3495 4215; x_wconf 77' lang='lat' dir='ltr'><strong>caveamus,</strong></span> 
     </span>
    </p>
   </div>
   <div class='ocr_carea' id='block_1_85' title="bbox 1918 4242 3493 4314">
    <p class='ocr_par' dir='ltr' id='par_1_85' title="bbox 1918 4242 3493 4314">
     <span class='ocr_line' id='line_1_85' title="bbox 1918 4242 3493 4314; baseline -0.007 -8"><span class='ocrx_word' id='word_1_678' title='bbox 1918 4268 1985 4306; x_wconf 90' lang='lat' dir='ltr'><strong>ne</strong></span> <span class='ocrx_word' id='word_1_679' title='bbox 2001 4251 2056 4304; x_wconf 89' lang='lat' dir='ltr'><strong>iu</strong></span> <span class='ocrx_word' id='word_1_680' title='bbox 2074 4263 2337 4305; x_wconf 90' lang='lat' dir='ltr'><strong>sensuum</strong></span> <span class='ocrx_word' id='word_1_681' title='bbox 2353 4245 2798 4301; x_wconf 89' lang='lat' dir='ltr'><strong>inanissimcrum</strong></span> <span class='ocrx_word' id='word_1_682' title='bbox 2815 4244 3047 4314; x_wconf 84' lang='lat' dir='ltr'><strong>ineptias</strong></span> <span class='ocrx_word' id='word_1_683' title='bbox 3066 4242 3493 4307; x_wconf 88' lang='lat' dir='ltr'><strong>descendamus,</strong></span> 
     </span>
    </p>
   </div>
   <div class='ocr_carea' id='block_1_86' title="bbox 1915 4335 3496 4410">
    <p class='ocr_par' dir='ltr' id='par_1_86' title="bbox 1915 4335 3496 4410">
     <span class='ocr_line' id='line_1_86' title="bbox 1915 4335 3496 4410; baseline -0.008 -11"><span class='ocrx_word' id='word_1_684' title='bbox 1915 4359 2105 4399; x_wconf 89' lang='lat' dir='ltr'><strong>eorum</strong></span> <span class='ocrx_word' id='word_1_685' title='bbox 2142 4342 2375 4408; x_wconf 83' lang='lat' dir='ltr'><strong>scilicet,</strong></span> <span class='ocrx_word' id='word_1_686' title='bbox 2411 4354 2532 4410; x_wconf 74' lang='lat' dir='ltr'><strong>quae</strong></span> <span class='ocrx_word' id='word_1_687' title='bbox 2564 4352 2743 4407; x_wconf 87' lang='lat' dir='ltr'><strong>neque</strong></span> <span class='ocrx_word' id='word_1_688' title='bbox 2776 4337 2891 4391; x_wconf 83' lang='lat' dir='ltr'><strong>ﬁeri</strong></span> <span class='ocrx_word' id='word_1_689' title='bbox 2922 4343 3176 4406; x_wconf 83' lang='lat' dir='ltr'><strong>possunt,</strong></span> <span class='ocrx_word' id='word_1_690' title='bbox 3219 4344 3273 4390; x_wconf 90' lang='lat' dir='ltr'><strong>et</strong></span> <span class='ocrx_word' id='word_1_691' title='bbox 3311 4335 3496 4395; x_wconf 83' lang='lat' dir='ltr'><strong>divina</strong></span> 
     </span>
    </p>
   </div>
   <div class='ocr_carea' id='block_1_87' title="bbox 202 4427 1810 4511">
    <p class='ocr_par' dir='ltr' id='par_1_87' title="bbox 202 4428 1810 4511">
     <span class='ocr_line' id='line_1_87' title="bbox 202 4428 1810 4511; baseline 0.004 -21"><span class='ocrx_word' id='word_1_692' title='bbox 202 4428 439 4506; x_wconf 59' lang='grc' dir='ltr'>’φύσεως</span> <span class='ocrx_word' id='word_1_693' title='bbox 472 4438 826 4508; x_wconf 81' lang='grc' dir='ltr'>συνεχόμενον</span> <span class='ocrx_word' id='word_1_694' title='bbox 852 4439 950 4509; x_wconf 85' lang='grc' dir='ltr'><strong>τῆς</strong></span> <span class='ocrx_word' id='word_1_695' title='bbox 984 4440 1430 4511; x_wconf 82' lang='grc' dir='ltr'>καταταττούσης</span> <span class='ocrx_word' id='word_1_696' title='bbox 1461 4440 1658 4505; x_wconf 77' lang='grc' dir='ltr'><strong>ἔξωθέν</strong></span> <span class='ocrx_word' id='word_1_697' title='bbox 1689 4460 1810 4496; x_wconf 89' lang='grc' dir='ltr'>τινα</span> 
     </span>
    </p>
   </div>
   <div class='ocr_carea' id='block_1_88' title="bbox 1918 4427 3498 4511">
    <p class='ocr_par' dir='ltr' id='par_1_88' title="bbox 1918 4427 3498 4505">
     <span class='ocr_line' id='line_1_88' title="bbox 1918 4427 3498 4505; baseline -0.007 -15"><span class='ocrx_word' id='word_1_698' title='bbox 1918 4437 2198 4505; x_wconf 83' lang='lat' dir='ltr'><strong>majestate</strong></span> <span class='ocrx_word' id='word_1_699' title='bbox 2219 4439 2347 4489; x_wconf 84' lang='lat' dir='ltr'><strong>sunt</strong></span> <span class='ocrx_word' id='word_1_700' title='bbox 2387 4432 2629 4500; x_wconf 73' lang='lat' dir='ltr'><strong>indigna.</strong></span> <span class='ocrx_word' id='word_1_701' title='bbox 2654 4428 2925 4496; x_wconf 85' lang='lat' dir='ltr'><strong>Quocirca</strong></span> <span class='ocrx_word' id='word_1_702' title='bbox 2957 4429 3037 4483; x_wconf 88' lang='lat' dir='ltr'><strong>sic</strong></span> <span class='ocrx_word' id='word_1_703' title='bbox 3072 4427 3139 4482; x_wconf 83' lang='lat' dir='ltr'><strong>ad</strong></span> <span class='ocrx_word' id='word_1_704' title='bbox 3162 4443 3285 4483; x_wconf 91' lang='lat' dir='ltr'><strong>eum</strong></span> <span class='ocrx_word' id='word_1_705' title='bbox 3320 4428 3498 4482; x_wconf 83' lang='lat' dir='ltr'><strong>locum</strong></span> 
     </span>
    </p>
   </div>
   <div class='ocr_carea' id='block_1_89' title="bbox 220 4530 1812 4605">
    <p class='ocr_par' dir='ltr' id='par_1_89' title="bbox 220 4530 1812 4605">
     <span class='ocr_line' id='line_1_89' title="bbox 220 4530 1812 4605; baseline 0.004 -22"><span class='ocrx_word' id='word_1_706' title='bbox 220 4530 382 4600; x_wconf 79' lang='grc' dir='ltr'>δίκην</span> <span class='ocrx_word' id='word_1_707' title='bbox 428 4532 635 4601; x_wconf 77' lang='grc' dir='ltr'>τροφῆς</span> <span class='ocrx_word' id='word_1_708' title='bbox 681 4534 761 4594; x_wconf 75' lang='grc' dir='ltr'>εἰς</span> <span class='ocrx_word' id='word_1_709' title='bbox 789 4531 942 4593; x_wconf 80' lang='grc' dir='ltr'>αὐτὸ,</span> <span class='ocrx_word' id='word_1_710' title='bbox 979 4531 1074 4584; x_wconf 78' lang='grc' dir='ltr'><strong>καὶ</strong></span> <span class='ocrx_word' id='word_1_711' title='bbox 1121 4532 1525 4605; x_wconf 85' lang='grc' dir='ltr'>ἀποκρινούσης</span> <span class='ocrx_word' id='word_1_712' title='bbox 1550 4535 1671 4588; x_wconf 73' lang='grc' dir='ltr'>ἀντὶ</span> <span class='ocrx_word' id='word_1_713' title='bbox 1704 4535 1812 4590; x_wconf 81' lang='grc' dir='ltr'>τῶν</span> 
     </span>
    </p>
   </div>
   <div class='ocr_carea' id='block_1_90' title="bbox 220 4622 1810 4695">
    <p class='ocr_par' dir='ltr' id='par_1_90' title="bbox 220 4622 1810 4695">
     <span class='ocr_line' id='line_1_90' title="bbox 220 4622 1810 4695; baseline 0.004 -22"><span class='ocrx_word' id='word_1_714' title='bbox 220 4622 666 4692; x_wconf 78' lang='grc' dir='ltr'>ἐπεισαγομένων</span> <span class='ocrx_word' id='word_1_715' title='bbox 695 4622 880 4694; x_wconf 77' lang='grc' dir='ltr'>ἔτερα,</span> <span class='ocrx_word' id='word_1_716' title='bbox 908 4623 1097 4695; x_wconf 84' lang='grc' dir='ltr'>ὥσπερ</span> <span class='ocrx_word' id='word_1_717' title='bbox 1123 4626 1192 4679; x_wconf 74' lang='grc' dir='ltr'><strong>τὰ</strong></span> <span class='ocrx_word' id='word_1_718' title='bbox 1227 4625 1335 4678; x_wconf 83' lang='grc' dir='ltr'><strong>τῶν</strong></span> <span class='ocrx_word' id='word_1_719' title='bbox 1360 4624 1544 4694; x_wconf 81' lang='grc' dir='ltr'>φυτῶν</span> <span class='ocrx_word' id='word_1_720' title='bbox 1576 4628 1670 4678; x_wconf 77' lang='grc' dir='ltr'><strong>καὶ</strong></span> <span class='ocrx_word' id='word_1_721' title='bbox 1701 4628 1810 4680; x_wconf 83' lang='grc' dir='ltr'><strong>τῶν</strong></span> 
     </span>
    </p>
   </div>
   <div class='ocr_carea' id='block_1_91' title="bbox 220 4713 1809 4785">
    <p class='ocr_par' dir='ltr' id='par_1_91' title="bbox 220 4713 1809 4785">
     <span class='ocr_line' id='line_1_91' title="bbox 220 4713 1809 4785; baseline 0.004 -22"><span class='ocrx_word' id='word_1_722' title='bbox 220 4713 401 4777; x_wconf 66' lang='grc' dir='ltr'>ζώων,</span> <span class='ocrx_word' id='word_1_723' title='bbox 436 4714 496 4766; x_wconf 82' lang='grc' dir='ltr'>τὸ</span> <span class='ocrx_word' id='word_1_724' title='bbox 531 4713 713 4766; x_wconf 79' lang='grc' dir='ltr'>ὑλικὸν</span> <span class='ocrx_word' id='word_1_725' title='bbox 754 4716 1114 4785; x_wconf 80' lang='grc' dir='ltr'>ὑποκείμενον</span> <span class='ocrx_word' id='word_1_726' title='bbox 1147 4715 1405 4769; x_wconf 74' lang='grc' dir='ltr'>οὐδέποτε</span> <span class='ocrx_word' id='word_1_727' title='bbox 1443 4716 1557 4785; x_wconf 78' lang='grc' dir='ltr'>ἔχει</span> <span class='ocrx_word' id='word_1_728' title='bbox 1595 4718 1809 4770; x_wconf 85' lang='grc' dir='ltr'>ταυτόν.</span> 
     </span>
    </p>
   </div>
   <div class='ocr_carea' id='block_1_92' title="bbox 219 4804 1811 4878">
    <p class='ocr_par' dir='ltr' id='par_1_92' title="bbox 219 4804 1811 4878">
     <span class='ocr_line' id='line_1_92' title="bbox 219 4804 1811 4878; baseline 0.003 -21"><span class='ocrx_word' id='word_1_729' title='bbox 219 4804 424 4875; x_wconf 81' lang='grc' dir='ltr'>Διόπερ</span> <span class='ocrx_word' id='word_1_730' title='bbox 466 4806 528 4858; x_wconf 86' lang='grc' dir='ltr'><strong>ού</strong></span> <span class='ocrx_word' id='word_1_731' title='bbox 578 4806 820 4875; x_wconf 73' lang='grc' dir='ltr'>ποταμὸς</span> <span class='ocrx_word' id='word_1_732' title='bbox 857 4805 1173 4877; x_wconf 82' lang='grc' dir='ltr'>ὠνόμασται</span> <span class='ocrx_word' id='word_1_733' title='bbox 1222 4808 1283 4861; x_wconf 87' lang='grc' dir='ltr'>τὸ</span> <span class='ocrx_word' id='word_1_734' title='bbox 1328 4808 1508 4878; x_wconf 82' lang='grc' dir='ltr'>σῶμα.</span> <span class='ocrx_word' id='word_1_735' title='bbox 1553 4809 1697 4862; x_wconf 84' lang='grc' dir='ltr'>Διότι</span> <span class='ocrx_word' id='word_1_736' title='bbox 1735 4810 1811 4873; x_wconf 81' lang='grc' dir='ltr'>ὡς</span> 
     </span>
    </p>
   </div>
   <div class='ocr_carea' id='block_1_93' title="bbox 222 4897 1814 4973">
    <p class='ocr_par' dir='ltr' id='par_1_93' title="bbox 222 4897 1814 4973">
     <span class='ocr_line' id='line_1_93' title="bbox 222 4897 1814 4973; baseline 0.004 -24"><span class='ocrx_word' id='word_1_737' title='bbox 222 4897 365 4967; x_wconf 77' lang='grc' dir='ltr'>πρὸς</span> <span class='ocrx_word' id='word_1_738' title='bbox 415 4898 477 4950; x_wconf 84' lang='grc' dir='ltr'>τὸ</span> <span class='ocrx_word' id='word_1_739' title='bbox 526 4897 755 4967; x_wconf 75' lang='grc' dir='ltr'><strong>ἀκριϐὲς</strong></span> <span class='ocrx_word' id='word_1_740' title='bbox 788 4897 928 4968; x_wconf 84' lang='grc' dir='ltr'>τάχα</span> <span class='ocrx_word' id='word_1_741' title='bbox 960 4898 1082 4952; x_wconf 74' lang='grc' dir='ltr'>οὐδὲ</span> <span class='ocrx_word' id='word_1_742' title='bbox 1132 4900 1225 4953; x_wconf 91' lang='grc' dir='ltr'><strong>δύο</strong></span> <span class='ocrx_word' id='word_1_743' title='bbox 1260 4901 1483 4971; x_wconf 83' lang='grc' dir='ltr'>ἡμερῶν</span> <span class='ocrx_word' id='word_1_744' title='bbox 1513 4901 1574 4954; x_wconf 75' lang='grc' dir='ltr'><strong>τὸ</strong></span> <span class='ocrx_word' id='word_1_745' title='bbox 1599 4902 1814 4973; x_wconf 84' lang='grc' dir='ltr'>πρῶτον</span> 
     </span>
    </p>
   </div>
   <div class='ocr_carea' id='block_1_94' title="bbox 220 4986 1819 5062">
    <p class='ocr_par' dir='ltr' id='par_1_94' title="bbox 220 4986 1819 5062">
     <span class='ocr_line' id='line_1_94' title="bbox 220 4986 1819 5062; baseline 0.004 -22"><span class='ocrx_word' id='word_1_746' title='bbox 220 4986 585 5055; x_wconf 77' lang='grc' dir='ltr'>ὑποκείμενον</span> <span class='ocrx_word' id='word_1_747' title='bbox 613 4986 807 5040; x_wconf 89' lang='grc' dir='ltr'>ταυτόν</span> <span class='ocrx_word' id='word_1_748' title='bbox 838 4989 985 5040; x_wconf 83' lang='grc' dir='ltr'>ἐστιν</span> <span class='ocrx_word' id='word_1_749' title='bbox 1026 4989 1085 5041; x_wconf 86' lang='grc' dir='ltr'>ἐν</span> <span class='ocrx_word' id='word_1_750' title='bbox 1125 4989 1201 5059; x_wconf 82' lang='grc' dir='ltr'><strong>τῷ</strong></span> <span class='ocrx_word' id='word_1_751' title='bbox 1233 4988 1445 5061; x_wconf 85' lang='grc' dir='ltr'>σώματι</span> <span class='ocrx_word' id='word_1_752' title='bbox 1472 4992 1628 5062; x_wconf 81' lang='grc' dir='ltr'>ἡμῶν</span> <span class='ocrx_word' id='word_1_753' title='bbox 1649 5009 1662 5021; x_wconf 81' lang='lat'>&#39;</span> <span class='ocrx_word' id='word_1_754' title='bbox 1697 4994 1819 5047; x_wconf 87' lang='grc' dir='ltr'>καί-</span> 
     </span>
    </p>
   </div>
   <div class='ocr_carea' id='block_1_95' title="bbox 219 5071 1816 5152">
    <p class='ocr_par' dir='ltr' id='par_1_95' title="bbox 219 5071 1816 5152">
     <span class='ocr_line' id='line_1_95' title="bbox 219 5071 1816 5152; baseline 0.005 -22"><span class='ocrx_word' id='word_1_755' title='bbox 219 5095 371 5146; x_wconf 84' lang='grc' dir='ltr'>τοιγε</span> <span class='ocrx_word' id='word_1_756' title='bbox 409 5077 503 5131; x_wconf 76' lang='grc' dir='ltr'><strong>τοῦ</strong></span> <span class='ocrx_word' id='word_1_757' title='bbox 542 5071 653 5131; x_wconf 73' lang='grc' dir='ltr'>οἷον</span> <span class='ocrx_word' id='word_1_758' title='bbox 701 5077 733 5148; x_wconf 82' lang='grc' dir='ltr'><strong>ἢ</strong></span> <span class='ocrx_word' id='word_1_759' title='bbox 764 5078 1001 5141; x_wconf 79' lang='grc' dir='ltr'><strong>Παύλου,</strong></span> <span class='ocrx_word' id='word_1_760' title='bbox 1043 5080 1076 5152; x_wconf 76' lang='grc' dir='ltr'><strong>ἢ</strong></span> <span class='ocrx_word' id='word_1_761' title='bbox 1138 5081 1345 5152; x_wconf 80' lang='grc' dir='ltr'>Πέτρου</span> <span class='ocrx_word' id='word_1_762' title='bbox 1374 5120 1387 5144; x_wconf 91' lang='grc'><strong>,</strong></span> <span class='ocrx_word' id='word_1_763' title='bbox 1416 5083 1502 5135; x_wconf 80' lang='grc' dir='ltr'><strong>ἀεὶ</strong></span> <span class='ocrx_word' id='word_1_764' title='bbox 1528 5082 1622 5135; x_wconf 81' lang='grc' dir='ltr'>τοῦ</span> <span class='ocrx_word' id='word_1_765' title='bbox 1652 5084 1816 5138; x_wconf 79' lang='grc' dir='ltr'>αὐτοῦ</span> 
     </span>
    </p>
   </div>
   <div class='ocr_carea' id='block_1_96' title="bbox 218 5168 1816 5244">
    <p class='ocr_par' dir='ltr' id='par_1_96' title="bbox 218 5168 1816 5244">
     <span class='ocr_line' id='line_1_96' title="bbox 218 5168 1816 5244; baseline 0.003 -21"><span class='ocrx_word' id='word_1_766' title='bbox 218 5170 376 5233; x_wconf 78' lang='grc' dir='ltr'>ὄντος</span> <span class='ocrx_word' id='word_1_767' title='bbox 401 5211 414 5229; x_wconf 87' lang='grc'>,</span> <span class='ocrx_word' id='word_1_768' title='bbox 449 5171 510 5223; x_wconf 78' lang='grc' dir='ltr'>οὐ</span> <span class='ocrx_word' id='word_1_769' title='bbox 546 5170 641 5222; x_wconf 84' lang='grc' dir='ltr'>τοῦ</span> <span class='ocrx_word' id='word_1_770' title='bbox 688 5169 828 5224; x_wconf 79' lang='grc' dir='ltr'>κατὰ</span> <span class='ocrx_word' id='word_1_771' title='bbox 870 5169 1049 5240; x_wconf 74' lang='grc' dir='ltr'>ψυχὴν</span> <span class='ocrx_word' id='word_1_772' title='bbox 1092 5173 1255 5241; x_wconf 88' lang='grc' dir='ltr'>μόνου</span> <span class='ocrx_word' id='word_1_773' title='bbox 1284 5214 1297 5238; x_wconf 89' lang='grc'><strong><em>,</em></strong></span> <span class='ocrx_word' id='word_1_774' title='bbox 1335 5168 1404 5244; x_wconf 81' lang='grc' dir='ltr'>ἦς</span> <span class='ocrx_word' id='word_1_775' title='bbox 1437 5174 1470 5242; x_wconf 81' lang='grc' dir='ltr'><strong>ἡ</strong></span> <span class='ocrx_word' id='word_1_776' title='bbox 1508 5173 1665 5227; x_wconf 78' lang='grc' dir='ltr'>οὐσία</span> <span class='ocrx_word' id='word_1_777' title='bbox 1693 5172 1816 5228; x_wconf 69' lang='grc' dir='ltr'>οὕτε</span> 
     </span>
    </p>
   </div>
   <div class='ocr_carea' id='block_1_97' title="bbox 220 5260 1808 5332">
    <p class='ocr_par' dir='ltr' id='par_1_97' title="bbox 220 5260 1808 5332">
     <span class='ocr_line' id='line_1_97' title="bbox 220 5260 1808 5332; baseline 0.003 -19"><span class='ocrx_word' id='word_1_778' title='bbox 220 5264 307 5330; x_wconf 77' lang='grc' dir='ltr'><strong>ῥεῖ</strong></span> <span class='ocrx_word' id='word_1_779' title='bbox 336 5260 459 5314; x_wconf 77' lang='grc' dir='ltr'><strong>καθ’</strong></span> <span class='ocrx_word' id='word_1_780' title='bbox 487 5262 633 5331; x_wconf 78' lang='grc' dir='ltr'>ἡμᾶς</span> <span class='ocrx_word' id='word_1_781' title='bbox 658 5301 672 5324; x_wconf 90' lang='grc'>,</span> <span class='ocrx_word' id='word_1_782' title='bbox 694 5260 806 5314; x_wconf 74' lang='grc' dir='ltr'>οὔτ’</span> <span class='ocrx_word' id='word_1_783' title='bbox 837 5262 1263 5331; x_wconf 80' lang='grc' dir='ltr'>ἐπεισαγόμενόν</span> <span class='ocrx_word' id='word_1_784' title='bbox 1293 5281 1344 5316; x_wconf 88' lang='grc' dir='ltr'><strong>τι</strong></span> <span class='ocrx_word' id='word_1_785' title='bbox 1374 5262 1487 5332; x_wconf 75' lang='grc' dir='ltr'>ἔχει</span> <span class='ocrx_word' id='word_1_786' title='bbox 1519 5265 1669 5328; x_wconf 82' lang='grc' dir='ltr'>ποτὲ,</span> <span class='ocrx_word' id='word_1_787' title='bbox 1705 5264 1808 5319; x_wconf 77' lang='grc' dir='ltr'>κᾶν</span> 
     </span>
    </p>
   </div>
   <div class='ocr_carea' id='block_1_98' title="bbox 216 5349 1809 5427">
    <p class='ocr_par' dir='ltr' id='par_1_98' title="bbox 216 5349 1809 5427">
     <span class='ocr_line' id='line_1_98' title="bbox 216 5349 1809 5427; baseline 0.003 -22"><span class='ocrx_word' id='word_1_788' title='bbox 216 5352 423 5426; x_wconf 81' lang='grc' dir='ltr'>ρευστὴ</span> <span class='ocrx_word' id='word_1_789' title='bbox 454 5349 520 5426; x_wconf 82' lang='grc' dir='ltr'>ᾖν</span> <span class='ocrx_word' id='word_1_790' title='bbox 555 5354 588 5423; x_wconf 83' lang='grc' dir='ltr'><strong>ἠ</strong></span> <span class='ocrx_word' id='word_1_791' title='bbox 624 5353 784 5423; x_wconf 83' lang='grc' dir='ltr'>φύσις</span> <span class='ocrx_word' id='word_1_792' title='bbox 811 5353 903 5406; x_wconf 79' lang='grc' dir='ltr'>τοῦ</span> <span class='ocrx_word' id='word_1_793' title='bbox 941 5352 1189 5423; x_wconf 80' lang='grc' dir='ltr'>σώματος</span> <span class='ocrx_word' id='word_1_794' title='bbox 1209 5395 1223 5417; x_wconf 89' lang='grc'><em>,</em></span> <span class='ocrx_word' id='word_1_795' title='bbox 1256 5356 1333 5426; x_wconf 80' lang='grc' dir='ltr'><strong>τῷ</strong></span> <span class='ocrx_word' id='word_1_796' title='bbox 1363 5357 1424 5409; x_wconf 82' lang='grc' dir='ltr'>τὸ</span> <span class='ocrx_word' id='word_1_797' title='bbox 1453 5353 1587 5420; x_wconf 76' lang='grc' dir='ltr'>εἶδος</span> <span class='ocrx_word' id='word_1_798' title='bbox 1615 5358 1677 5410; x_wconf 80' lang='grc' dir='ltr'>τὸ</span> <span class='ocrx_word' id='word_1_799' title='bbox 1710 5374 1809 5427; x_wconf 88' lang='grc' dir='ltr'>χα-</span> 
     </span>
    </p>
   </div>
   <div class='ocr_carea' id='block_1_99' title="bbox 225 5430 1812 5519">
    <p class='ocr_par' dir='ltr' id='par_1_99' title="bbox 225 5440 1812 5519">
     <span class='ocr_line' id='line_1_99' title="bbox 225 5440 1812 5519; baseline 0.001 -19"><span class='ocrx_word' id='word_1_800' title='bbox 225 5448 555 5519; x_wconf 74' lang='grc' dir='ltr'>ρακτηρίζον</span> <span class='ocrx_word' id='word_1_801' title='bbox 593 5446 655 5498; x_wconf 83' lang='grc' dir='ltr'>τὸ</span> <span class='ocrx_word' id='word_1_802' title='bbox 694 5440 856 5516; x_wconf 73' lang='grc' dir='ltr'>σῶμα</span> <span class='ocrx_word' id='word_1_803' title='bbox 887 5447 1083 5500; x_wconf 81' lang='grc' dir='ltr'>ταυτὸν</span> <span class='ocrx_word' id='word_1_804' title='bbox 1115 5442 1282 5500; x_wconf 81' lang='grc' dir='ltr'>εἶναι·</span> <span class='ocrx_word' id='word_1_805' title='bbox 1313 5448 1388 5513; x_wconf 83' lang='grc' dir='ltr'>ὡς</span> <span class='ocrx_word' id='word_1_806' title='bbox 1428 5450 1522 5503; x_wconf 80' lang='grc' dir='ltr'>καὶ</span> <span class='ocrx_word' id='word_1_807' title='bbox 1559 5453 1683 5514; x_wconf 65' lang='grc' dir='ltr'>τοὺς</span> <span class='ocrx_word' id='word_1_808' title='bbox 1722 5448 1812 5502; x_wconf 86' lang='grc' dir='ltr'>τύ-</span> 
     </span>
    </p>
   </div>
   <div class='ocr_carea' id='block_1_100' title="bbox 301 5625 777 5693">
    <p class='ocr_par' dir='ltr' id='par_1_100' title="bbox 301 5625 777 5693">
     <span class='ocr_line' id='line_1_100' title="bbox 301 5625 777 5693; baseline 0 -14"><span class='ocrx_word' id='word_1_809' title='bbox 301 5629 316 5659; x_wconf 85' lang='grc'>¹</span> <span class='ocrx_word' id='word_1_810' title='bbox 355 5625 498 5681; x_wconf 81' lang='lat' dir='ltr'><strong>Fort.</strong></span> <span class='ocrx_word' id='word_1_811' title='bbox 550 5625 777 5693; x_wconf 81' lang='grc' dir='ltr'>ἀλόγως.</span> 
     </span>
    </p>
   </div>
   <div class='ocr_carea' id='block_1_101' title="bbox 223 5697 1237 5762">
    <p class='ocr_par' dir='ltr' id='par_1_101' title="bbox 223 5697 1237 5762">
     <span class='ocr_line' id='line_1_101' title="bbox 223 5697 1237 5762; baseline -0.002 -9"><span class='ocrx_word' id='word_1_812' title='bbox 223 5697 247 5728; x_wconf 87' lang='grc'>⁸</span> <span class='ocrx_word' id='word_1_813' title='bbox 291 5697 477 5753; x_wconf 68' lang='lat' dir='ltr'><strong>Matth.</strong></span> <span class='ocrx_word' id='word_1_814' title='bbox 510 5713 567 5762; x_wconf 72' lang='grc' dir='ltr'><strong>ι,</strong></span> <span class='ocrx_word' id='word_1_815' title='bbox 594 5697 684 5754; x_wconf 71' lang='grc'>28.</span> <span class='ocrx_word' id='word_1_816' title='bbox 764 5697 784 5727; x_wconf 79' lang='grc'>⁸</span> <span class='ocrx_word' id='word_1_817' title='bbox 819 5697 980 5753; x_wconf 79' lang='lat' dir='ltr'><strong>Rom.</strong></span> <span class='ocrx_word' id='word_1_818' title='bbox 1007 5711 1124 5762; x_wconf 84' lang='lat' dir='ltr'><strong>vm,</strong></span> <span class='ocrx_word' id='word_1_819' title='bbox 1158 5698 1237 5752; x_wconf 86' lang='lat' dir='ltr'><strong>tl.</strong></span> 
     </span>
    </p>
   </div>
   <div class='ocr_carea' id='block_1_102' title="bbox 1887 5624 1998 5681">
    <p class='ocr_par' dir='ltr' id='par_1_102' title="bbox 1887 5624 1998 5681">
     <span class='ocr_line' id='line_1_102' title="bbox 1887 5624 1998 5681; baseline 0.009 -1"><span class='ocrx_word' id='word_1_820' title='bbox 1887 5624 1943 5680; x_wconf 72' lang='grc' dir='ltr'>οὗ</span> <span class='ocrx_word' id='word_1_821' title='bbox 1952 5645 1998 5681; x_wconf 86' lang='grc' dir='ltr'><strong>ν.</strong></span> 
     </span>
    </p>
   </div>
   <div class='ocr_carea' id='block_1_103' title="bbox 889 5623 1835 5700">
    <p class='ocr_par' dir='ltr' id='par_1_103' title="bbox 889 5623 1835 5700">
     <span class='ocr_line' id='line_1_103' title="bbox 889 5623 1835 5700; baseline 0.008 -24"><span class='ocrx_word' id='word_1_822' title='bbox 889 5623 1086 5679; x_wconf 78' lang='lat' dir='ltr'><strong>’Fort.</strong></span> <span class='ocrx_word' id='word_1_823' title='bbox 1143 5624 1343 5700; x_wconf 67' lang='grc' dir='ltr'>αύτῶν.</span> <span class='ocrx_word' id='word_1_824' title='bbox 1404 5627 1675 5700; x_wconf 82' lang='lat' dir='ltr'><strong>lntcrprcs</strong></span> <span class='ocrx_word' id='word_1_825' title='bbox 1734 5629 1835 5699; x_wconf 78' lang='lat' dir='ltr'><strong>leg.</strong></span> 
     </span>
    </p>
   </div>
   <div class='ocr_carea' id='block_1_104' title="bbox 1916 4518 3499 4595">
    <p class='ocr_par' dir='ltr' id='par_1_104' title="bbox 1916 4518 3499 4595">
     <span class='ocr_line' id='line_1_104' title="bbox 1916 4518 3499 4595; baseline -0.007 -13"><span class='ocrx_word' id='word_1_826' title='bbox 1916 4527 2230 4582; x_wconf 83' lang='lat' dir='ltr'><strong>ratiocinari</strong></span> <span class='ocrx_word' id='word_1_827' title='bbox 2286 4526 2576 4581; x_wconf 84' lang='lat' dir='ltr'><strong>convenit:</strong></span> <span class='ocrx_word' id='word_1_828' title='bbox 2606 4522 2821 4595; x_wconf 79' lang='lat' dir='ltr'><strong>Corpus</strong></span> <span class='ocrx_word' id='word_1_829' title='bbox 2852 4536 3033 4581; x_wconf 90' lang='lat' dir='ltr'><strong>omne,</strong></span> <span class='ocrx_word' id='word_1_830' title='bbox 3069 4518 3215 4590; x_wconf 92' lang='lat' dir='ltr'><strong>quod</strong></span> <span class='ocrx_word' id='word_1_831' title='bbox 3275 4520 3499 4589; x_wconf 88' lang='lat' dir='ltr'><strong>quidem</strong></span> 
     </span>
    </p>
   </div>
   <div class='ocr_carea' id='block_1_105' title="bbox 1916 4602 3501 4686">
    <p class='ocr_par' dir='ltr' id='par_1_105' title="bbox 1916 4602 3501 4686">
     <span class='ocr_line' id='line_1_105' title="bbox 1916 4602 3501 4686; baseline -0.008 -11"><span class='ocrx_word' id='word_1_832' title='bbox 1916 4630 2111 4675; x_wconf 87' lang='lat' dir='ltr'><strong>natura</strong></span> <span class='ocrx_word' id='word_1_833' title='bbox 2157 4621 2492 4681; x_wconf 88' lang='lat' dir='ltr'><strong>continetur,</strong></span> <span class='ocrx_word' id='word_1_834' title='bbox 2534 4631 2657 4686; x_wconf 66' lang='lat' dir='ltr'><strong>qua:</strong></span> <span class='ocrx_word' id='word_1_835' title='bbox 2693 4602 3045 4669; x_wconf 67' lang='lat' dir='ltr'><strong>extrinsecus</strong></span> <span class='ocrx_word' id='word_1_836' title='bbox 3089 4611 3291 4680; x_wconf 87' lang='lat' dir='ltr'><strong>aliquid</strong></span> <span class='ocrx_word' id='word_1_837' title='bbox 3321 4610 3367 4665; x_wconf 91' lang='lat' dir='ltr'><strong>ei</strong></span> <span class='ocrx_word' id='word_1_838' title='bbox 3407 4610 3501 4663; x_wconf 88' lang='lat' dir='ltr'><strong>ali-</strong></span> 
     </span>
    </p>
   </div>
   <div class='ocr_carea' id='block_1_106' title="bbox 1917 4701 3500 4775">
    <p class='ocr_par' dir='ltr' id='par_1_106' title="bbox 1917 4701 3500 4775">
     <span class='ocr_line' id='line_1_106' title="bbox 1917 4701 3500 4775; baseline -0.008 -9"><span class='ocrx_word' id='word_1_839' title='bbox 1917 4714 2082 4768; x_wconf 85' lang='lat' dir='ltr'><strong>menti</strong></span> <span class='ocrx_word' id='word_1_840' title='bbox 2123 4715 2299 4766; x_wconf 87' lang='lat' dir='ltr'><strong>instar</strong></span> <span class='ocrx_word' id='word_1_841' title='bbox 2338 4708 2583 4772; x_wconf 90' lang='lat' dir='ltr'><strong>asciscit,</strong></span> <span class='ocrx_word' id='word_1_842' title='bbox 2625 4721 2834 4775; x_wconf 89' lang='lat' dir='ltr'><strong>proque</strong></span> <span class='ocrx_word' id='word_1_843' title='bbox 2888 4705 2955 4758; x_wconf 87' lang='lat' dir='ltr'><strong>iis</strong></span> <span class='ocrx_word' id='word_1_844' title='bbox 2996 4701 3500 4773; x_wconf 58' lang='lat' dir='ltr'><strong>quasuﬂiciuntur</strong></span> 
     </span>
    </p>
   </div>
   <div class='ocr_carea' id='block_1_107' title="bbox 1915 4797 3500 4869">
    <p class='ocr_par' dir='ltr' id='par_1_107' title="bbox 1915 4797 3500 4869">
     <span class='ocr_line' id='line_1_107' title="bbox 1915 4797 3500 4869; baseline -0.008 -8"><span class='ocrx_word' id='word_1_845' title='bbox 1915 4806 2163 4862; x_wconf 79' lang='lat' dir='ltr'><strong>excernit</strong></span> <span class='ocrx_word' id='word_1_846' title='bbox 2192 4803 2297 4856; x_wconf 89' lang='lat' dir='ltr'><strong>alia</strong></span> <span class='ocrx_word' id='word_1_847' title='bbox 2327 4820 2339 4855; x_wconf 92' lang='lat'>:</span> <span class='ocrx_word' id='word_1_848' title='bbox 2370 4799 2681 4869; x_wconf 88' lang='lat' dir='ltr'><strong>cujusmodi</strong></span> <span class='ocrx_word' id='word_1_849' title='bbox 2710 4806 2840 4853; x_wconf 89' lang='lat' dir='ltr'><strong>sunt</strong></span> <span class='ocrx_word' id='word_1_850' title='bbox 2876 4797 3128 4865; x_wconf 88' lang='lat' dir='ltr'><strong>stirpium</strong></span> <span class='ocrx_word' id='word_1_851' title='bbox 3157 4809 3413 4865; x_wconf 91' lang='lat' dir='ltr'><strong>corpora,</strong></span> <span class='ocrx_word' id='word_1_852' title='bbox 3443 4802 3500 4849; x_wconf 81' lang='lat' dir='ltr'><strong>et</strong></span> 
     </span>
    </p>
   </div>
   <div class='ocr_carea' id='block_1_108' title="bbox 1918 4891 3500 4963">
    <p class='ocr_par' dir='ltr' id='par_1_108' title="bbox 1918 4891 3500 4963">
     <span class='ocr_line' id='line_1_108' title="bbox 1918 4891 3500 4963; baseline -0.008 -12"><span class='ocrx_word' id='word_1_853' title='bbox 1918 4897 2235 4951; x_wconf 83' lang='lat' dir='ltr'><strong>animalium</strong></span> <span class='ocrx_word' id='word_1_854' title='bbox 2277 4909 2404 4963; x_wconf 87' lang='lat' dir='ltr'><strong>pars</strong></span> <span class='ocrx_word' id='word_1_855' title='bbox 2444 4893 2534 4947; x_wconf 90' lang='lat' dir='ltr'><strong>illa</strong></span> <span class='ocrx_word' id='word_1_856' title='bbox 2579 4907 2703 4945; x_wconf 92' lang='lat' dir='ltr'><strong>cum</strong></span> <span class='ocrx_word' id='word_1_857' title='bbox 2762 4891 2991 4945; x_wconf 87' lang='lat' dir='ltr'><strong>materia</strong></span> <span class='ocrx_word' id='word_1_858' title='bbox 3023 4898 3320 4943; x_wconf 89' lang='lat' dir='ltr'><strong>concreta:</strong></span> <span class='ocrx_word' id='word_1_859' title='bbox 3356 4902 3500 4942; x_wconf 58' lang='lat' dir='ltr'><strong>nun-</strong></span> 
     </span>
    </p>
   </div>
   <div class='ocr_carea' id='block_1_109' title="bbox 1916 4979 3499 5059">
    <p class='ocr_par' dir='ltr' id='par_1_109' title="bbox 1916 4979 3499 5059">
     <span class='ocr_line' id='line_1_109' title="bbox 1916 4979 3499 5059; baseline -0.008 -16"><span class='ocrx_word' id='word_1_860' title='bbox 1916 5005 2079 5059; x_wconf 78' lang='lat' dir='ltr'><strong>quam</strong></span> <span class='ocrx_word' id='word_1_861' title='bbox 2113 5003 2281 5042; x_wconf 91' lang='lat' dir='ltr'><strong>unum</strong></span> <span class='ocrx_word' id='word_1_862' title='bbox 2330 4985 2585 5055; x_wconf 82' lang='lat' dir='ltr'><strong>idemque</strong></span> <span class='ocrx_word' id='word_1_863' title='bbox 2636 4997 2942 5038; x_wconf 88' lang='lat' dir='ltr'><strong>remanere.</strong></span> <span class='ocrx_word' id='word_1_864' title='bbox 2982 4979 3138 5035; x_wconf 89' lang='lat' dir='ltr'><strong>Unde</strong></span> <span class='ocrx_word' id='word_1_865' title='bbox 3189 4993 3299 5033; x_wconf 90' lang='lat' dir='ltr'><strong>non</strong></span> <span class='ocrx_word' id='word_1_866' title='bbox 3346 4979 3499 5035; x_wconf 82' lang='lat' dir='ltr'><strong>male</strong></span> 
     </span>
    </p>
   </div>
   <div class='ocr_carea' id='block_1_110' title="bbox 1915 5069 3498 5150">
    <p class='ocr_par' dir='ltr' id='par_1_110' title="bbox 1915 5069 3498 5150">
     <span class='ocr_line' id='line_1_110' title="bbox 1915 5069 3498 5150; baseline -0.008 -15"><span class='ocrx_word' id='word_1_867' title='bbox 1915 5081 2115 5138; x_wconf 83' lang='lat' dir='ltr'><strong>ﬂuvius</strong></span> <span class='ocrx_word' id='word_1_868' title='bbox 2162 5078 2383 5150; x_wconf 81' lang='lat' dir='ltr'><strong>quidam</strong></span> <span class='ocrx_word' id='word_1_869' title='bbox 2438 5092 2640 5146; x_wconf 90' lang='lat' dir='ltr'><strong>corpus</strong></span> <span class='ocrx_word' id='word_1_870' title='bbox 2684 5090 2807 5130; x_wconf 90' lang='lat' dir='ltr'><strong>esse</strong></span> <span class='ocrx_word' id='word_1_871' title='bbox 2855 5073 3076 5128; x_wconf 89' lang='lat' dir='ltr'><strong>dicitur.</strong></span> <span class='ocrx_word' id='word_1_872' title='bbox 3115 5069 3387 5138; x_wconf 89' lang='lat' dir='ltr'><strong>Quoniam</strong></span> <span class='ocrx_word' id='word_1_873' title='bbox 3451 5069 3498 5124; x_wconf 88' lang='lat' dir='ltr'><strong>si</strong></span> 
     </span>
    </p>
   </div>
   <div class='ocr_carea' id='block_1_111' title="bbox 1916 5161 3500 5233">
    <p class='ocr_par' dir='ltr' id='par_1_111' title="bbox 1916 5161 3500 5233">
     <span class='ocr_line' id='line_1_111' title="bbox 1916 5161 3500 5233; baseline -0.008 -7"><span class='ocrx_word' id='word_1_874' title='bbox 1916 5181 2171 5227; x_wconf 87' lang='lat' dir='ltr'><strong>accurate</strong></span> <span class='ocrx_word' id='word_1_875' title='bbox 2226 5164 2661 5232; x_wconf 80' lang='lat' dir='ltr'><strong>consideremus,</strong></span> <span class='ocrx_word' id='word_1_876' title='bbox 2711 5182 2780 5221; x_wconf 92' lang='lat' dir='ltr'><strong>ne</strong></span> <span class='ocrx_word' id='word_1_877' title='bbox 2836 5163 3002 5219; x_wconf 86' lang='lat' dir='ltr'><strong>biduo</strong></span> <span class='ocrx_word' id='word_1_878' title='bbox 3064 5162 3283 5233; x_wconf 87' lang='lat' dir='ltr'><strong>quidem</strong></span> <span class='ocrx_word' id='word_1_879' title='bbox 3348 5161 3500 5231; x_wconf 88' lang='lat' dir='ltr'><strong>prior</strong></span> 
     </span>
    </p>
   </div>
   <div class='ocr_carea' id='block_1_112' title="bbox 1917 5255 3499 5330">
    <p class='ocr_par' dir='ltr' id='par_1_112' title="bbox 1917 5255 3499 5330">
     <span class='ocr_line' id='line_1_112' title="bbox 1917 5255 3499 5330; baseline -0.007 -13"><span class='ocrx_word' id='word_1_880' title='bbox 1917 5264 2145 5317; x_wconf 79' lang='lat' dir='ltr'><strong>materia</strong></span> <span class='ocrx_word' id='word_1_881' title='bbox 2184 5261 2240 5317; x_wconf 89' lang='lat' dir='ltr'><strong>in</strong></span> <span class='ocrx_word' id='word_1_882' title='bbox 2283 5260 2610 5330; x_wconf 85' lang='lat' dir='ltr'><strong>corporibus</strong></span> <span class='ocrx_word' id='word_1_883' title='bbox 2647 5257 2853 5311; x_wconf 85' lang='lat' dir='ltr'><strong>nostris</strong></span> <span class='ocrx_word' id='word_1_884' title='bbox 2884 5255 3074 5311; x_wconf 88' lang='lat' dir='ltr'><strong>eadem</strong></span> <span class='ocrx_word' id='word_1_885' title='bbox 3128 5261 3499 5320; x_wconf 87' lang='lat' dir='ltr'><strong>constansque</strong></span> 
     </span>
    </p>
   </div>
   <div class='ocr_carea' id='block_1_113' title="bbox 1919 5345 3497 5426">
    <p class='ocr_par' dir='ltr' id='par_1_113' title="bbox 1919 5345 3497 5426">
     <span class='ocr_line' id='line_1_113' title="bbox 1919 5345 3497 5426; baseline -0.01 -16"><span class='ocrx_word' id='word_1_886' title='bbox 1919 5364 2249 5426; x_wconf 83' lang='lat' dir='ltr'><strong>perseverat.</strong></span> <span class='ocrx_word' id='word_1_887' title='bbox 2298 5354 2436 5408; x_wconf 84' lang='lat' dir='ltr'><strong>Cum</strong></span> <span class='ocrx_word' id='word_1_888' title='bbox 2490 5353 2707 5406; x_wconf 80' lang='lat' dir='ltr'><strong>interim</strong></span> <span class='ocrx_word' id='word_1_889' title='bbox 2757 5348 2962 5404; x_wconf 83' lang='lat' dir='ltr'><strong>Paulus</strong></span> <span class='ocrx_word' id='word_1_890' title='bbox 3016 5346 3249 5416; x_wconf 79' lang='lat' dir='ltr'><strong>exempli</strong></span> <span class='ocrx_word' id='word_1_891' title='bbox 3290 5345 3497 5415; x_wconf 76' lang='lat' dir='ltr'><strong>gratia,</strong></span> 
     </span>
    </p>
   </div>
   <div class='ocr_carea' id='block_1_114' title="bbox 1923 5434 3500 5512">
    <p class='ocr_par' dir='ltr' id='par_1_114' title="bbox 1923 5434 3500 5512">
     <span class='ocr_line' id='line_1_114' title="bbox 1923 5434 3500 5512; baseline -0.007 -12"><span class='ocrx_word' id='word_1_892' title='bbox 1923 5449 2002 5503; x_wconf 75' lang='lat' dir='ltr'><strong>vel</strong></span> <span class='ocrx_word' id='word_1_893' title='bbox 2056 5446 2253 5503; x_wconf 85' lang='lat' dir='ltr'><strong>Petrus</strong></span> <span class='ocrx_word' id='word_1_894' title='bbox 2286 5447 2429 5501; x_wconf 86' lang='lat' dir='ltr'><strong>idem</strong></span> <span class='ocrx_word' id='word_1_895' title='bbox 2471 5442 2831 5499; x_wconf 88' lang='lat' dir='ltr'><strong>nihilominus</strong></span> <span class='ocrx_word' id='word_1_896' title='bbox 2884 5440 3162 5512; x_wconf 83' lang='lat' dir='ltr'><strong>persistat,</strong></span> <span class='ocrx_word' id='word_1_897' title='bbox 3194 5452 3302 5492; x_wconf 89' lang='lat' dir='ltr'><strong>non</strong></span> <span class='ocrx_word' id='word_1_898' title='bbox 3336 5434 3500 5490; x_wconf 83' lang='lat' dir='ltr'><strong>modo</strong></span> 
     </span>
    </p>
   </div>
   <div class='ocr_carea' id='block_1_115' title="bbox 2096 5614 3511 5689">
    <p class='ocr_par' dir='ltr' id='par_1_115' title="bbox 2096 5614 3511 5689">
     <span class='ocr_line' id='line_1_115' title="bbox 2096 5614 3511 5689; baseline -0.01 -9"><span class='ocrx_word' id='word_1_899' title='bbox 2096 5627 2115 5657; x_wconf 84' lang='grc'>³</span> <span class='ocrx_word' id='word_1_900' title='bbox 2151 5625 2347 5681; x_wconf 77' lang='lat' dir='ltr'><strong>Ezech.</strong></span> <span class='ocrx_word' id='word_1_901' title='bbox 2401 5639 2623 5689; x_wconf 66' lang='lat' dir='ltr'><strong>xxxvii,</strong></span> <span class='ocrx_word' id='word_1_902' title='bbox 2685 5622 2792 5676; x_wconf 66' lang='grc' dir='ltr'>ιρις.</span> <span class='ocrx_word' id='word_1_903' title='bbox 2907 5621 2927 5651; x_wconf 75' lang='grc'><strong>⁸</strong></span> <span class='ocrx_word' id='word_1_904' title='bbox 2981 5615 3167 5673; x_wconf 76' lang='lat' dir='ltr'><strong>Matth.</strong></span> <span class='ocrx_word' id='word_1_905' title='bbox 3209 5631 3349 5681; x_wconf 73' lang='lat' dir='ltr'><strong>vnn,</strong></span> <span class='ocrx_word' id='word_1_906' title='bbox 3411 5614 3511 5677; x_wconf 60' lang='lat' dir='ltr'><strong>ll,</strong></span> 
     </span>
    </p>
   </div>
  </div>
