3846 6120
319 279 449 335 1091

1704 271 1770 329 S.
1803 268 2152 327 EPIPHANH

3394 279 3452 332 ’l
3463 278 3570 336 099

316 401 360 456 si
395 397 515 468 ejus
579 395 813 450 animam
864 401 1099 464 spectes,
1148 390 1310 463 cujus
1352 390 1659 447 substantia
1710 407 1890 461 neque

1998 409 2126 456 πους
2157 390 2337 462 μένειν
2364 391 2490 455 τοὺς
2519 391 2713 456 αὐτοὺς
2731 432 2745 456 ,
2778 395 2854 456 εἰς
2886 393 2909 425 ⁸
2934 392 3032 465 τὴν
3073 394 3333 466 ποιότητα
3360 396 3573 467 Πέτρου

316 488 459 544 ﬂuxa
489 494 574 543 est
624 488 680 541 in
737 484 929 549 nobis,
978 500 1155 554 neque
1206 483 1502 554 quidquam
1545 483 1889 544 extﬁnsecus

315 582 595 635 invectum
619 578 837 649 accipit,
869 577 962 633 sed
995 576 1065 631 ob
1089 576 1141 630 id
1176 582 1458 646 pneterea,
1494 574 1641 645 quod
1664 575 1889 631 tametsi

314 673 460 728 velut
525 674 581 726 in
635 679 896 741 perpetua
950 669 1186 723 ﬂuxione
1242 668 1313 724 sit
1370 675 1564 721 natura
1609 668 1890 737 corporis,

1993 482 2089 535 καὶ
2122 480 2333 534 Παύλου
2370 481 2470 553 τὴν
2499 481 2816 553 σωματικὴν
2859 484 3318 555 παριστάνοντας·
3354 483 3480 536 καθ’
3510 486 3573 555 ἣν

1996 575 2258 646 ποιότητα
2296 574 2391 628 καὶ
2447 573 2601 626 οὐλαὶ
2657 574 2720 626 ἐκ
2777 574 2983 628 παίδων
3031 576 3410 647 παραμένουσι
3460 578 3575 640 τοῖς

1998 664 2232 736 σώμασι,
2274 665 2370 718 καὶ
2400 664 2536 720 ἄλλα
2564 665 2686 718 τινὰ
2720 665 3003 737 ἰδιώματα,
3035 666 3219 735 φακοί.

315 765 500 818 eadem
533 763 704 818 forma
734 767 1069 831 permaneat,
1102 775 1223 828 qua:
1250 759 1497 828 corporis
1530 759 1705 813 nostri
1733 757 1889 828 quasi
1921 766 2050 811 nota
2089 756 2333 826 quaedam
2369 764 2453 811 est
2487 757 2726 827 propria.
2759 758 2876 814 Non
2917 760 3077 815 aliter
3147 768 3312 832 atque
3372 762 3578 817 eadem

315 856 499 925 ligurm
563 862 818 915 manent,
873 866 994 921 quae
1040 848 1186 904 Petri
1250 847 1511 918 Paulique
1566 862 1863 918 corporum
1929 848 2222 917 qualitates
2271 846 2663 932 conformando
2699 849 3001 905 exhibent:
3050 866 3148 921 per
3205 867 3371 924 quam
3408 855 3578 908 etiam

315 946 632 1015 qualitatem
693 943 927 1005 accidit,
978 947 1036 994 ut
1094 947 1148 995 et
1183 939 1471 994 cicatrices
1523 938 1635 1008 jam
1694 947 1808 992 tum
1854 953 1893 993 ο
1924 941 2114 1009 pueris
2152 940 2208 995 in
2236 940 2559 1010 corporibus
2618 949 2995 1011 permaneant,
3033 944 3249 1014 aliaque
3286 948 3577 1010 nonnulla,

315 1054 434 1111 quae
480 1038 825 1109 singulorum
885 1035 1105 1106 propria
1169 1041 1297 1089 sunt
1340 1047 1355 1084 :
1411 1031 1722 1103 cujusmodi
1773 1040 1905 1087 sunt
1943 1033 2255 1103 lentigines.

385 1133 465 1188 Ad
507 1134 622 1186 haec
655 1131 780 1184 licet
825 1128 1020 1183 similis
1051 1141 1312 1196 corporea
1341 1126 1433 1180 illa
1464 1126 1640 1181 forma
1668 1125 1759 1189 sit,
1783 1138 1893 1195 qua

315 1224 510 1280 Petrus
556 1222 870 1289 Paulusque
924 1218 1271 1288 potissimum
1312 1218 1691 1282 constituitur,
1728 1215 1893 1286 idque

316 1310 517 1386 ipsum,
547 1313 692 1386 quod
728 1314 783 1367 in
815 1309 1225 1366 resurrectione
1249 1310 1449 1364 animae
1478 1308 1660 1364 denuo
1692 1307 1893 1362 tribui-

315 1419 425 1473 tur,
453 1407 547 1463 sed
589 1406 641 1460 iu
694 1405 890 1459 melius
917 1415 1244 1457 conversum
1276 1418 1291 1455 r:
1330 1400 1443 1456 non
1479 1408 1662 1454 tamen
1699 1399 1892 1455 eadem

315 1505 399 1555 est
424 1498 513 1552 illa
544 1495 788 1559 materia,
824 1510 947 1565 quae
979 1493 1198 1564 corpori
1228 1493 1464 1564 primum
1498 1492 1664 1546 insita
1695 1488 1890 1544 fuerat.

313 1589 390 1643 Ac
419 1585 879 1660 quemadmodum
915 1586 1131 1656 species
1170 1584 1289 1655 ipsa
1321 1584 1388 1640 ad
1426 1583 1680 1638 ultimum
1716 1595 1900 1651 usque

319 1680 507 1738 eadem
539 1686 640 1741 est,
671 1678 775 1733 etsi
803 1678 994 1749 ingens
1029 1677 1368 1748 propriarum
1415 1675 1713 1729 formarum
1747 1684 1899 1729 nota-

314 1785 548 1840 rumque
579 1768 828 1823 videatur
871 1783 996 1824 esse
1052 1767 1345 1823 diversitas
1376 1786 1389 1823 :
1425 1767 1585 1838 537
1634 1768 1711 1823 ita
1743 1774 1799 1823 et
1840 1767 1894 1821 in

315 1875 403 1926 eo,
434 1861 503 1917 de
548 1874 658 1930 quo
687 1859 923 1930 agimus,
972 1857 1385 1930 intelligendum
1426 1867 1532 1925 est,
1572 1867 1896 1928 praesentem

317 1952 567 2022 corporis
608 1950 844 2021 speciem
872 1947 1118 2004 eamdem
1142 1964 1265 2004 esse
1286 1963 1412 2003 cum
1439 1948 1643 2015 futura,
1678 1963 1802 2003 cum
1829 1962 1898 2003 eo

314 2054 516 2108 tamen,
548 2052 607 2098 ut
645 2041 986 2097 incredibilis
1020 2042 1075 2096 in
1106 2042 1301 2096 melius
1322 2042 1393 2096 sit
1428 2041 1612 2097 futura
1639 2042 1889 2097 mutatio.

312 2134 546 2192 Necesse
589 2134 736 2190 enim
786 2140 872 2189 est
915 2132 1155 2187 animam
1184 2133 1465 2204 corporeis
1494 2132 1550 2187 in
1611 2132 1749 2189 locis
1789 2135 1896 2187 haz-

321 2237 537 2284 rentem
582 2225 972 2282 consentaneis
996 2224 1101 2280 sibi
1138 2223 1213 2279 uti
1245 2224 1589 2294 corporibus.
1627 2224 1807 2295 Atque
1840 2230 1898 2278 ut

218 2366 223 2373 .
321 2320 367 2375 si
408 2320 463 2374 in
509 2316 834 2390 aquatilium
872 2324 1124 2371 naturam
1163 2328 1457 2371 conversos
1478 2315 1642 2369 vitam
1673 2314 1729 2369 in
1760 2314 1897 2369 mari

313 2411 512 2480 degere
571 2424 671 2467 nos
703 2415 1001 2479 oporteret,
1056 2406 1429 2462 necessarium
1466 2405 1608 2461 foret
1645 2420 1749 2462 nos
1792 2405 1898 2461 alia

313 2518 607 2575 corporum
676 2501 1067 2557 constitutione
1126 2501 1468 2571 pisciumque
1547 2500 1717 2555 simili
1775 2513 1900 2555 esse

318 2594 580 2668 praeditos
630 2612 645 2649 :
698 2595 775 2647 ita
831 2593 925 2663 qui
984 2591 1249 2646 caelorum
1315 2591 1471 2662 regni
1525 2590 1897 2646 haereditatem

315 2686 520 2742 adituri
549 2690 697 2750 sunt,
725 2697 791 2738 ac
823 2683 1060 2738 diversis
1085 2682 1140 2736 in
1188 2681 1411 2737 sedibus
1440 2680 1758 2747 habitaturi,
1787 2680 1899 2752 spi-

317 2779 499 2832 ritalia
540 2790 761 2848 quoque
810 2788 1041 2844 corpora
1089 2773 1327 2828 habeant
1369 2787 1596 2830 necesse
1624 2781 1733 2838 est,
1787 2787 1896 2827 non

314 2871 463 2942 quod
517 2871 669 2941 prior
720 2867 1103 2939 exstinguatur
1132 2865 1380 2937 species,
1414 2866 1629 2921 tametsi
1670 2866 1726 2920 in
1778 2864 1899 2919 illu-

2060 1127 2169 1179 Καὶ
2191 1126 2283 1179 ἐπὶ
2311 1124 2520 1189 τούτοις
2552 1124 2609 1178 εἴ
2633 1124 2688 1178 τι
2720 1125 2868 1178 ἐστιν
2903 1125 3091 1197 ὅμοιον
3127 1129 3286 1184 τοῦτο
3321 1131 3386 1187 τδ
3413 1129 3577 1198 εἶδος.

1992 1216 2114 1272 καθ’
2159 1218 2188 1271 ὃ
2219 1219 2565 1272 εἰδοποιεῖται
2592 1218 2621 1269 ὁ
2655 1218 2858 1288 Πέτρος
2894 1219 2990 1272 καὶ
3021 1222 3051 1274 ὁ
3079 1220 3290 1286 Παῦλος
3313 1265 3330 1290 ,
3370 1225 3435 1278 τὸ
3474 1244 3578 1280 σω-

1996 1309 2257 1380 ματικὸν,
2313 1309 2344 1362 ὃ
2390 1311 2447 1362 ἐν
2479 1313 2546 1381 τῇ
2597 1310 2891 1364 ἀναστάσει
2932 1312 3272 1384 περιτίθεται
3305 1315 3473 1369 πάλιν
3509 1321 3577 1390 τῇ

1995 1399 2140 1471 ψυχῇ
2167 1440 2184 1465 ,
2215 1399 2308 1452 ἐπὶ
2334 1399 2394 1453 τδ
2428 1402 2677 1471 κρεῖττον
2708 1401 3076 1472 μεταϐάλλον,
3105 1405 3167 1458 οὐ
3206 1407 3429 1472 πάντως
3462 1410 3581 1465 τόδε

1997 1488 2079 1544 ἔτι
2107 1491 2502 1561 ἐντεταγμένον
2541 1491 2602 1546 τὸ
2640 1493 2782 1548 κατὰ
2808 1493 2907 1565 τὴν
2940 1496 3163 1567 πρώτην
3193 1499 3578 1571 ὑποκείμενον.

1999 1576 2211 1651 Ὥσπερ
2237 1579 2293 1633 δὲ
2326 1580 2388 1634 τὸ
2419 1577 2557 1644 εἶδός
2598 1583 2716 1636 ἐστι
2757 1584 2918 1655 μέχρι
2949 1584 3043 1638 τοῦ
3080 1585 3315 1659 πέρατος
3336 1631 3352 1656 ,
3397 1591 3503 1644 κᾶν
3531 1594 3580 1645 οι

1996 1671 2340 1744 χαρακτῆρες
2362 1672 2561 1726 δοκῶσι
2591 1673 2792 1746 πολλὴν
2820 1676 2962 1747 ἐχειν
2991 1678 3375 1752 παραλλαγήν·
3405 1682 3580 1747 οὕτως

1997 1762 2217 1833 νοητέον
2250 1762 2346 1816 καὶ
2378 1763 2471 1816 ἐπὶ
2495 1762 2590 1816 τοῦ
2624 1765 2890 1835 παρόντος
2921 1762 3062 1831 εἶδος
3100 1769 3298 1824 ταυτὸν
3332 1766 3477 1825 εἶναι
3504 1773 3580 1845 τῷ

2000 1850 2248 1922 μέλλοντι
2272 1891 2287 1916 ,
2319 1852 2579 1924 πλείστης
2622 1854 2752 1924 ὅσης
2791 1857 3056 1929 ἐσομένης
3091 1859 3191 1931 τῆς
3218 1863 3312 1915 ἐπὶ
3359 1863 3581 1918 κάλλιον

1994 1939 2322 2012 μεταϐολῆς.
2373 1942 2691 2010 Ἀναγκαῖον
2735 1944 2846 2014 γὰρ
2899 1946 3001 2018 τὴν
3049 1947 3228 2021 ψυχὴν
3280 1953 3340 2005 ἐν
3393 1953 3580 2019 τόποις

1999 2035 2335 2103 σωματικοῖς
2373 2032 2723 2106 ὑπάρχουσαν
2777 2038 3080 2109 κεχρῆσθαι
3133 2040 3349 2114 σώμασι
3377 2047 3578 2100 καταλ-

1996 2121 2177 2195 λήλοις
2206 2126 2317 2189 τοῖς
2343 2126 2585 2195 τρόποις.
2604 2127 2714 2181 Καὶ
2734 2127 2927 2202 ὥσπερ
2954 2132 3012 2185 ἐν
3035 2131 3281 2209 θαλάσσῃ
3305 2135 3407 2209 ζῇν
3433 2141 3579 2210 ἡμᾶς

1996 2215 2251 2288 ἐνύδρους
2281 2218 2605 2288 γενομένους
2654 2220 2702 2272 εἰ
2737 2222 2933 2295 ἐχρῆν,
2979 2226 3198 2290 πάντως
3225 2227 3292 2281 ἂν
3331 2230 3442 2284 ἔδει
3472 2249 3577 2286 ua-

2002 2310 2308 2381 ραπλησιαν
2339 2311 2483 2381 ἔχειν
2517 2314 2611 2366 καὶ
2632 2312 2730 2384 τὴν
2768 2315 2936 2386 ἄλλην
2968 2316 3165 2387 ἰχθύων
3194 2322 3536 2376 κατάστασιν
3566 2343 3578 2353 ·

1996 2401 2170 2465 οὕτως
2189 2444 2203 2469 ,
2245 2401 2537 2473 μέλλοντας
2587 2403 2941 2477 κληρονομεῖν
2990 2406 3268 2478 βασιλείαν
3306 2412 3580 2485 οὐρανῶν,

1997 2495 2092 2549 καὶ
2134 2495 2191 2547 ἐν
2226 2494 2413 2559 τόποις
2460 2495 2808 2567 διαφέρουσιν
2841 2497 3083 2564 ἔσεσθαι,
3118 2502 3420 2572 ἀναγκαῖον
3451 2506 3580 2580 χρῆ.

2000 2585 2123 2640 σθαι
2150 2585 2365 2658 σώμασι
2399 2591 2819 2658 πνευματικοῖς.
2849 2590 2970 2661 οὐχὶ
2995 2592 3089 2646 τοῦ
3112 2594 3287 2660 εἴδους
3313 2597 3409 2651 τοῦ
3442 2617 3578 2671 7:90-

1996 2677 2155 2748 τέρου
2186 2677 2606 2749 ἁφανιζομένου,
2647 2681 2751 2736 κᾶν
2775 2683 2871 2736 ἐπὶ
2895 2683 2957 2739 τὸ
2987 2684 3324 2759 ἐνδοξότερον
3352 2691 3579 2764 γένηται

1997 2768 2162 2825 αὐτοῦ
2199 2772 2232 2839 ἠ
2283 2772 2458 2842 τροπή
2486 2787 2500 2801 ⁸
2528 2770 2729 2845 ’ὥσπερ
2768 2769 2839 2846 ἦν
2884 2773 3059 2847 Ἰησοῦ
3076 2772 3212 2843 εἶδος
3235 2818 3252 2844 ,
3291 2778 3385 2835 καὶ
3416 2784 3579 2838 Μωῦ-
3644 2788 3666 2805 ‘

2000 2862 2171 2926 σέως,
2216 2863 2309 2915 καὶ
2355 2861 2571 2933 Ἡλίου,
2601 2865 2701 2937 οὐχ
2736 2866 3016 2939 ἐτερονλν
3051 2873 3117 2943 τῇ
3150 2874 3583 2947 μεταμορφώσει

322 2965 492 3019 strius
530 2959 789 3032 quiddam
813 2958 1218 3031 gloriosiusque
1248 2964 1508 3012 mutetur.
1533 2955 1892 3023 Quemadmo-
1920 2959 1962 3019 C
1996 2953 2125 3026 παρ’
2159 2954 2189 3008 ὃ
2218 2950 2306 3025 ἦν.

320 3055 449 3111 dum
479 3053 631 3118 Iesu,
688 3067 752 3107 ac
801 3050 1023 3123 Moysis,
1057 3059 1111 3106 et
1149 3050 1278 3105 Eliae
1307 3050 1517 3119 species
1550 3050 1604 3106 in
1633 3047 1898 3104 transfor-

317 3145 555 3201 maiione
588 3157 697 3198 non
727 3142 853 3206 alia,
880 3157 1042 3213 quam
1066 3156 1188 3212 quae
1213 3140 1368 3195 initio
1401 3146 1541 3205 erat,
1578 3139 1856 3196 exstitit‘.

389 3233 502 3289 XV.
534 3231 654 3287 Non
684 3238 737 3286 te
765 3231 931 3302 igitur
962 3229 1227 3295 ot'l‘endat,
1267 3229 1313 3285 si
1344 3230 1467 3300 quis
1498 3229 1729 3300 primam
1760 3227 1894 3282 sub-

312 3326 515 3395 jectam
537 3314 820 3376 materiam
846 3336 954 3375 non
977 3320 1219 3375 eamdem
1247 3327 1375 3374 tunc
1400 3319 1637 3374 futuram
1671 3320 1895 3386 dixerit,

317 3431 441 3469 cum
470 3428 539 3468 ne
569 3413 735 3468 biduo
768 3411 991 3482 quidem
1022 3409 1185 3465 modo
1216 3413 1462 3466 eamdem
1501 3411 1649 3465 illam
1679 3427 1897 3482 perma-

318 3522 447 3562 nere
477 3519 641 3579 posse
667 3505 809 3559 ratio
834 3505 959 3576 ipsa
986 3502 1251 3568 declaret,
1278 3504 1323 3558 si
1348 3503 1473 3573 quis
1505 3514 1741 3558 mentem
1766 3504 1896 3559 velit

319 3598 627 3652 advertere.
659 3593 1144 3651 Animadversione
1159 3601 1418 3665 prasterea
1437 3593 1660 3665 dignum
1677 3602 1731 3649 et
1758 3595 1895 3651 illud

315 3695 428 3742 est:
454 3686 732 3745 diversum
772 3686 1033 3744 seminari
1057 3700 1277 3756 corpus,
1300 3684 1686 3756 diversumque
1704 3701 1892 3741 resur-

312 3794 459 3851 gere.
478 3775 786 3835 Seminatar
804 3778 945 3833 enim
973 3793 1162 3847 corpus
1181 3775 1433 3843 animale,
1448 3786 1682 3851 resurget
1705 3793 1892 3847 corpus

226 3909 241 3923 .
313 3870 554 3942 spiritale
595 3869 637 3923 '.
681 3868 778 3924 His
800 3868 1052 3924 omnibus
1073 3866 1343 3937 ejusmodi
1374 3866 1443 3921 ab
1471 3865 1733 3937 Apostoio
1760 3869 1893 3924 sub-

309 3944 601 4031 jiciuntur,
634 3958 833 4029 quibus
871 3973 973 4013 nos
1007 3964 1280 4012 terrenam
1315 3946 1628 4026 qualitatem
1658 3958 1739 4013 sic
1768 3972 1891 4014 esse

316 4053 587 4121 posituros
636 4048 817 4115 docet,
858 4057 917 4104 ut
959 4049 1077 4119 ipsa
1126 4047 1184 4102 in
1236 4048 1642 4105 resurrectione
1675 4049 1888 4119 species

314 4144 464 4200 salva
483 4143 800 4213 integraque
822 4147 1164 4212 permaneat:
1185 4137 1298 4195 Hoc
1316 4149 1492 4195 autem
1509 4142 1649 4206 dico,
1667 4143 1883 4212 fratres,

285 4235 559 4304 quoniam
602 4249 728 4287 caro
764 4240 814 4286 et
857 4230 1070 4301 sanguis
1121 4246 1336 4299 regnum
1369 4230 1468 4286 Dei
1502 4232 1770 4302 possidere
1792 4251 1883 4290 tte-

2066 3219 2167 3273 lE'.
2196 3219 2286 3291 Μὴ
2321 3218 2629 3293 προσκοπτε
2655 3221 2852 3287 τοίνυν,
2899 3223 2947 3276 ει
2987 3222 3048 3276 τὸ
3094 3224 3309 3296 πρῶτον
3352 3227 3579 3282 ὑποκεί-

1999 3327 2157 3381 μενον
2188 3312 2265 3366 ἄνι
2291 3328 2375 3376 τις
2403 3312 2553 3380 λέγοι
2582 3312 2657 3383 μὴ
2707 3312 2922 3367 ἔσεσθαι
2954 3315 3149 3370 ταυτὸν
3188 3315 3335 3383 τότε,
3392 3320 3529 3374 ὅπου
3553 3323 3581 3377 ἐ

1995 3403 2151 3473 λόγος
2183 3408 2294 3468 τοῖς
2335 3404 2645 3474 ἐφιστάνειν
2683 3406 3000 3475 δυναμένοις
3027 3396 3316 3471 δείκνυσιν,
3352 3410 3436 3465 ὃτι
3459 3412 3579 3467 οὐδὲ

1995 3495 2089 3549 νῦν
2114 3497 2335 3551 δύναται
2370 3498 2464 3551 δύο
2491 3497 2713 3570 ἡμερῶν
2751 3493 2891 3552 εἶναι
2924 3499 2986 3552 τὸ
3018 3499 3235 3570 πρῶτον
3276 3502 3582 3574 ὑποκείμε-

1993 3605 2103 3645 νον.
2162 3587 2344 3653 Ἄξιον
2374 3588 2432 3642 δὲ
2464 3589 2750 3660 ἐπιστῆναι
2783 3591 2876 3643 καὶ
2906 3590 2969 3643 τὸ
3006 3590 3241 3661 ἑτεροῖον
3276 3591 3381 3662 μὲν
3424 3593 3583 3647 amb-

1996 3680 2203 3754 ρεσθαι,
2231 3683 2467 3754 ἑτεροῖον
2488 3681 2546 3735 δέ
2568 3681 2909 3738 ἀνίστασθαι.
2941 3683 3249 3752 Σπείρεται
3271 3684 3382 3753 γὰρ
3405 3686 3582 3754 σῶμα

1992 3771 2580 3842 ψυχικόν,ὲγειρεται
2598 3773 2774 3842 σῶμα
2792 3774 3215 3842 πνευματικόν.
3245 3774 3360 3829 Καὶ
3385 3777 3582 3846 exupe-

1997 3881 2078 3936 ρει
2109 3865 2275 3918 πᾶσιν
2296 3865 2325 3917 ὸ
2369 3862 2711 3930 Ἀπόστολος,
2744 3864 2929 3935 σχεδὸν
2958 3866 3058 3937 τὴν
3086 3865 3282 3937 γηῖνην
3310 3869 3578 3940 ποιότητα

1991 3958 2139 4028 ἡμᾶς
2171 3956 2438 4010 διδάσκων
2469 3956 2821 4013 ἀποτίθεσθαι
2851 3957 3066 4029 μέλλειν
3085 3962 3259 4032 ἡμᾶς,
3288 3960 3384 4016 τοῦ
3400 3962 3580 4026 εἴδους

1959 4048 2301 4121 ,σωζομένου
2353 4048 2494 4104 κατὰ
2533 4050 2633 4122 τὴν
2664 4049 2960 4106 ἀνάστασιν
2982 4068 2997 4084 ο
3059 4051 3239 4108 Τοῦτο
3282 4053 3352 4107 δέ
3398 4072 3576 4124 φημι,

1987 4143 2258 4212 ἀδελφοὶ,
2288 4142 2378 4197 ὅτι
2406 4145 2564 4211 σὰρξ
2600 4142 2700 4197 καὶ
2725 4138 2868 4213 αἷμα
2886 4142 3215 4208 ,βασιλειαν
3243 4143 3401 4199 Θεοῦ
3424 4147 3577 4213 raq-

1981 4237 2320 4308 ρονομῆσαι
2347 4239 2420 4292 οὐ
2441 4237 2746 4300 δύνανται,
2773 4237 2916 4293 οὐδὲ
2935 4239 2973 4307 ἠ
2995 4240 3186 4307 φθορὰ
3210 4237 3323 4307 τὴν
3346 4237 3577 4308 ἀφθαρ-

311 4334 526 4397 queunt,
557 4338 718 4394 neque
741 4322 1007 4391 corruptio
1038 4323 1486 4392 incorruptionem
1519 4324 1565 4380 ³.
1589 4324 1702 4380 Etsi
1738 4327 1884 4382 enim

1998 4304 2155 4383 aia-rt
2201 4304 2361 4393 Ἴσως
2390 4328 2490 4401 μὲν
2515 4327 2625 4401 γὰρ
2647 4328 2799 4384 ἔσται
2828 4304 3076 4399 περὶτοῦ
3095 4304 3189 4383 τὸν
3223 4304 3421 4399 αγιονῖ
3455 4304 3575 4385 δια·

313 4415 545 4472 fortasse
593 4415 852 4471 eximium
881 4413 1138 4484 quiddam
1173 4423 1489 4469 sanctorum
1534 4418 1744 4486 corpori
1783 4418 1885 4473 tri-

312 4508 585 4562 buendum
625 4506 751 4569 erit,
784 4512 844 4559 ut
874 4504 930 4559 id
960 4504 1144 4559 carnis
1179 4504 1296 4571 ipsa
1325 4505 1629 4575 proprietas
1657 4521 1884 4564 conser-

311 4607 419 4665 vet,
445 4614 573 4659 caro
595 4607 777 4654 tamen
803 4596 1039 4669 amplius
1059 4613 1165 4651 non
1193 4599 1314 4661 erit,
1343 4598 1438 4655 sed
1465 4599 1610 4669 quod
1635 4600 1690 4654 in
1713 4615 1882 4657 carne

308 4693 455 4747 velut
498 4692 715 4763 propria
762 4692 997 4762 quadam
1038 4698 1169 4745 nota
1205 4697 1323 4745 erat
1363 4691 1729 4761 impressum,
1780 4692 1886 4749 hoc

309 4783 451 4840 idem
483 4784 538 4837 in
572 4783 803 4854 spiritali
832 4798 1063 4853 corpore
1093 4783 1529 4853 consignandum
1560 4784 1685 4839 erit.

378 4874 535 4942 Quod
575 4890 707 4930 vero
736 4876 801 4928 ad
832 4889 927 4929 eos
967 4872 1270 4943 Scriptura:
1297 4874 1447 4929 locos
1470 4876 1686 4944 attinet,
1723 4877 1816 4947 qui
1849 4892 1882 4931 a

308 4964 572 5020 fratribus
606 4964 810 5020 nostris
840 4963 1197 5034 objiciuntur,
1226 4964 1299 5018 ita
1327 4965 1565 5021 breviter
1591 4982 1882 5024 occurrere

307 5070 620 5126 possumus,
637 5062 801 5125 atque
820 5055 1091 5125 imprimis
1111 5054 1183 5117 ei,
1203 5071 1363 5124 quem
1383 5071 1444 5110 cx
1463 5055 1743 5113 Ezechiele
1762 5074 1881 5129 pro-

307 5144 508 5201 ferunt.
571 5142 781 5199 Etenim
827 5144 873 5201 si
921 5144 1206 5200 mdiorum
1246 5154 1484 5200 mentem
1545 5160 1609 5202 ac
1654 5163 1881 5219 scopum

307 5232 534 5291 velimus
581 5232 882 5300 attendere,
930 5247 1092 5303 quem
1138 5232 1192 5286 iu
1234 5232 1511 5303 prophetae
1552 5235 1736 5291 verbis
1776 5236 1882 5291 sibi

304 5332 739 5394 proposuerunt,
786 5338 1132 5394 consequens
1170 5330 1285 5390 est,
1336 5338 1406 5378 ne
1450 5324 1615 5379 ullam
1659 5326 1880 5395 quidem

305 5413 489 5469 carnis
511 5414 966 5471 resurrectionem
992 5411 1161 5467 videri
1185 5451 1198 5477 ,
1235 5414 1330 5469 sed
1359 5416 1567 5470 ossium
1589 5413 1878 5481 duntaxat,

381 5569 399 5600 ⁸
429 5568 627 5643 μαιιιι.
654 5589 786 5636 xvu,
813 5572 849 5625 2
877 5588 1031 5643 seqq.
1104 5576 1124 5606 ¹
1154 5574 1175 5643 Ῑ
1202 5574 1329 5628 Cor.
1369 5591 1459 5639 xv,
1485 5575 1575 5628 Η.
1647 5575 1668 5606 ³
1700 5574 1831 5631 ibid.
1882 5576 1890 5630 ἔ

2050 5576 2067 5606 ι
2100 5574 2248 5632 Fort.
2281 5578 2422 5642 τούς.

309 5630 393 5694 hic
429 5637 587 5693 locus
618 5630 909 5711 corruptus
932 5630 1034 5698 est.
1104 5646 1122 5674 ⁸
1141 5642 1285 5697 Fort.
1315 5630 1616 5697 ἐπεῖὂσον.

1990 4419 2375 4506 κρατούμενον.
2396 4421 2501 4476 ὑπὸ
2527 4421 2621 4477 τοῦ
2655 4420 3033 4486 ἰδιοποιοῦντός
3065 4437 3196 4477 ποτε
3222 4422 3321 4493 τὴν
3352 4423 3535 4493 σάρκα
3551 4440 3568 4456 ·

1992 4510 2129 4582 σὰρξ
2173 4511 2231 4565 δέ
2262 4512 2472 4578 οὐκέτι,
2511 4513 2624 4568 ἀλλ’
2662 4514 2800 4586 ὅπερ
2832 4512 2963 4567 ποτέ
3002 4514 3470 4587 ἐχαρακτηρίζετο
3508 4518 3572 4571 ἐν

1986 4606 2055 4674 τῇ
2082 4605 2268 4675 σαρκὶ,
2316 4605 2474 4660 τοῦτο
2509 4605 3079 4679 χαρακτηρισθήσεται
3109 4607 3168 4661 ἐν
3203 4607 3286 4678 τῷ
3314 4624 3568 4679 πνευμα-

1984 4696 2123 4767 τικῷ
2156 4696 2388 4768 σώματι.

2054 4870 2165 4927 Καὶ
2201 4872 2337 4945 πρὸς
2378 4872 2447 4926 τὰ
2476 4874 2697 4944 ῥήματα
2727 4871 2784 4928 δέ
2815 4871 2924 4927 τῶν
2958 4871 3213 4944 Γραφῶν.
3249 4874 3287 4929 ἃ
3330 4876 3566 4946 παρατιο

1984 4961 2166 5017 θενται
2209 4962 2259 5017 oi
2300 4963 2517 5032 ἀδελφοὶ
2564 4963 2740 5034 ἡμῶν,
2790 4961 2965 5017 ταῦτα
3004 4962 3152 5017 ἔστιν
3198 4965 3404 5017 εἰπεῖν·
3468 4966 3567 5021 καὶ

1980 5054 2195 5126 πρῶτον
2216 5057 2272 5108 ἐν
2292 5054 2370 5125 τῷ
2392 5054 2670 5125 Ἱεζεκιὴλ,
2689 5055 2780 5107 ἐπὶ
2801 5052 2862 5107 τὸ
2877 5055 3000 5109 ὅσον
3014 5055 3036 5089 ⁸
3061 5055 3145 5125 ἐφ’
3172 5048 3253 5119 οἷς
3276 5056 3562 5127 βούλονται
3614 5086 3621 5087 ί

1976 5146 2028 5198 oi
2050 5143 2407 5214 ἁπλούστεροι
2435 5144 2575 5199 κατὰ
2596 5144 2694 5208 τὰς
2716 5144 2888 5210 λέξεις
2913 5146 3138 5211 ταύτας,
3162 5146 3284 5202 οὐδὲ
3317 5149 3563 5203 ἀνάστα-

1980 5252 2063 5298 σις
2092 5234 2311 5306 σαρκῶν
2332 5235 2505 5300 ἔσται,
2524 5234 2659 5289 ἀλλὰ
2683 5235 2885 5290 ὀστέων
2910 5238 3090 5307 μόνον,
3117 5239 3212 5292 καὶ
3243 5240 3558 5312 δερμάτων,

1977 5325 2072 5379 καὶ
2092 5324 2316 5396 νεύρων.
2349 5326 2500 5397 ’Ἅμα
2523 5343 2580 5379 τε
2607 5327 2701 5380 καὶ
2731 5328 3071 5383 ὑποδεικτέον
3091 5332 3297 5395 αὐτοῖς,
3326 5333 3413 5385 ὅτι
3433 5348 3555 5387 συν-

1977 5414 2336 5487 αρπάζονται,
2375 5416 2449 5483 ὡς
2485 5416 2558 5489 μὴ
2590 5419 2904 5488 νενοηκότες
2946 5422 3008 5473 τὸ
3035 5422 3445 5511 γεγραμμένον.
3479 5424 3559 5480 Οὐ

2506 5578 2526 5611 ³
2548 5578 2673 5636 For.
2705 5580 2955 5651 ’περιττὸν
2986 5580 3046 5633 τὸ
3076 5581 3182 5635 τῶν
3210 5581 3406 5650 ἁγίων.
3446 5582 3557 5640 Sed
