3794 6140
157 271 296 331 1093

890 266 1256 331 ἈΒἾΕΚΞῸΞ
1293 266 1637 328 ΗιιῈίὶΕΞΕΞ
1674 267 1739 322 Ll

1948 268 1988 321 Τ
1995 267 2108 324 0M.
2149 267 2170 322 l
2197 300 2262 308 -ο-
2296 268 2571 328 IUERES.
2601 267 2787 324 LXIV.

3289 271 3425 333 10%

155 392 282 462 γὰρ.
317 391 364 443 εί
386 391 518 443 ὀστᾶ
544 387 888 462 ὀνομάζεται,
910 393 1136 457 ’παντως
1161 393 1229 447 τὰ
1255 393 1388 446 ὀστᾶ
1415 390 1588 446 ταῦτα
1617 409 1735 462 νοη-

1926 389 2201 444 .icularum
2237 400 2400 461 atque
2437 406 2752 448 nervorum.
2801 389 2908 448 Sed
2935 399 2991 448 et
3021 392 3156 448 illud
3198 393 3425 450 demon-

154 483 300 536 ¹ιτέον·
333 480 523 552 ὥσπερ
571 483 688 536 οὐδὲ
719 485 774 536 ὲν
811 484 906 555 τῷ,
955 483 1392 552 Διεσκορττίσθη
1435 481 1629 534 πάντα
1663 482 1732 534 τὰ

157 571 305 628 ὀστᾶ
321 591 440 643 μου
459 591 473 603 ο
489 575 804 639 καὶ,“⁹1ασαι’
813 592 910 644 με,
924 570 957 626 ὅ
964 593 1011 628 τι
1025 574 1321 643 ἐταράχθη
1340 572 1411 627 τὰ
1431 571 1580 626 ὀστᾶ
1592 590 1730 642 μου,

154 665 388 737 φανεροῦ
409 665 559 730 ὄντος
579 666 672 720 τοῦ
693 668 767 738 μὴ
783 665 1035 735 λέγεσθαι
1052 666 1118 720 τὰ
1133 667 1264 718 ὀστᾶ
1281 664 1420 720 κατά
1435 664 1532 735 τὴν
1552 664 1733 734 κοινὴν

155 758 400 830 ἐκδοχὴν.
419 759 770 830 Ἐπιφέρεται
787 758 917 828 γοῦν
939 758 1015 829 τῷ
1026 759 1189 827 λόγῳ·
1208 756 1508 811 ”οτιαύτοὶ
1521 754 1725 825 λέγου-

153 865 274 903 σιν·
297 851 418 902 ’Ότι
447 850 601 919 ξηρὰ
620 849 824 920 γέγονε
841 849 910 904 τὰ
932 849 1081 905 ὀστᾶ
1097 844 1439 922 ἠμῶνῙΑρά
1464 866 1527 918 γε
1544 850 1735 916 λέγου-

156 960 259 1006 σιν,
278 942 439 1010 Ξηρὰ
454 943 658 1013 γέγονε
672 945 742 997 τὰ
756 943 937 998 ὀστέα
952 942 1139 1013 ἡμῶν,
1155 942 1399 1004 θέλοντες
1415 941 1733 994 ἀνίστασθαι

155 1032 520 1102 συναχθέντας
581 1033 742 1086 Ἀλλά
767 1033 925 1086 τοῦτο
955 1033 1256 1104 ἀμήχανον.
1313 1031 1535 1098 Λέγοιεν
1567 1030 1611 1083 δ’
1645 1029 1731 1092 ἂν,

153 1122 303 1192 Ξηρά
333 1122 522 1190 γέγονε
548 1123 614 1177 τὰ
645 1123 804 1176 ὀστέα
847 1123 1024 1193 ἡμῶν,
1067 1125 1124 1176 ὲν
1162 1121 1562 1191 αἰχμαλωσίαις
1590 1120 1734 1188 γενό·

156 1230 328 1283 μενοι,
386 1213 478 1280 καὶ
527 1215 705 1266 πᾶσαν
756 1210 992 1283 ζωτικὴν
1047 1211 1225 1265 νοτίδα
1275 1209 1731 1280 ἀποϐεϐληκότες.

166 1303 515 1374 Ἐπιφέρουσι
563 1302 693 1372 γοῦν
736 1304 816 1363 τὸ.
858 1304 1192 1357 Ἀπόλωλεν
1233 1304 1270 1370 ἠ
1315 1302 1489 1368 ἐλπὶς
1524 1301 1691 1371 ἡμῶν
1718 1321 1731 1334 ·

153 1392 708 1463 διαπεφωνήκαμεν.
741 1393 950 1448 Οὐκοῦν
977 1396 1009 1464 ἡ
1038 1393 1339 1463 ἐπαγγελία
1370 1394 1472 1463 τῆς
1498 1394 1734 1449 ἀναστά-

157 1503 295 1549 σεως
325 1485 418 1537 τοῦ
449 1485 579 1538 λαοῦ
609 1487 754 1538 ὲστιν
781 1485 886 1538 ἀπὸ
912 1483 1006 1537 τοῦ
1029 1483 1341 1555 πτώματος,
1365 1485 1459 1538 καὶ
1473 1484 1572 1554 τῆς
1597 1485 1737 1538 οἱον·

155 1578 204 1631 εὶ
242 1578 566 1648 νεκρότητος
613 1579 680 1648 ἢν
715 1577 1093 1649 νενέκρωνται,
1131 1575 1218 1629 διὰ
1256 1577 1326 1629 τά
1362 1578 1736 1648 ἁμαρτήματα

155 1670 267 1733 τοῖς
295 1669 508 1739 ἐχθροῖς
540 1667 961 1739 παραδοθέντες.
997 1668 1108 1721 Καὶ
1131 1670 1177 1720 οἱ
1204 1668 1514 1738 ἁμαρτωλοὶ
1540 1668 1596 1721 δὲ
1631 1669 1736 1723 ὑπὸ

155 1760 248 1814 τοῦ
283 1761 533 1830 Σωτῆρος
566 1759 815 1828 λέγονται
856 1753 994 1810 εἶναι
1042 1757 1203 1828 τάφοι
1227 1757 1486 1828 γέμοντες
1532 1758 1737 1812 ὀστέων

1848 483 2132 537 strandum
2165 483 2301 553 ipsis
2329 491 2434 549 est,
2467 492 2670 540 temere
2701 486 2825 541 illos
2855 486 2911 540 in
2950 501 3194 542 errorem
3225 487 3424 558 abripi,

1844 573 1973 628 dum
2006 575 2198 645 scripti
2227 575 2555 630 sententiam
2583 592 2925 648 nequaquam
2954 579 3284 650 percipiunt.
3313 579 3423 635 Ne-

1838 680 1941 734 que
1963 665 2108 719 enim
2133 681 2258 720 cum
2282 680 2409 720 ossa
2435 666 2812 730 nominantur,
2833 667 2947 722 haec
2980 671 3097 739 ipsa
3114 685 3236 740 quae
3256 670 3427 726 habe-

1837 771 1960 810 mus
1978 771 2104 812 ossa
2119 773 2220 826 par
2237 765 2320 812 est
2339 757 2532 827 accipi,
2550 757 2626 810 ιιιὶ
2648 774 2821 829 neque
2840 759 2893 813 in
2918 761 3004 815 his
3019 761 3152 817 locis
3172 761 3263 816 ubi
3289 762 3429 816 scri-

1837 853 1988 916 ptum
2011 839 2122 900 est:
2151 845 2402 916 Dispersa
2423 856 2548 901 sunt
2571 849 2748 902 omnia
2765 848 2929 920 538
2944 867 3064 906 ossa
3082 868 3197 906 mea
3211 852 3252 917 ¹;
3277 860 3428 906 tum:

1838 936 1983 992 Sana
2017 955 2118 1001 me,
2146 939 2395 1008 quoniam
2425 939 2742 994 conturbata
2777 951 2898 995 sunt
2931 959 3053 996 ossa
3089 945 3272 1008 mea’;
3299 959 3427 999 cum

1838 1030 1907 1084 sit
1947 1029 2299 1086 manifestum
2342 1046 2451 1085 non
2487 1031 2790 1086 secundum
2828 1033 3104 1102 vulgarem
3146 1035 3427 1089 notionem

1837 1122 2043 1176 ossium
2078 1138 2278 1178 nomen
2314 1124 2590 1194 usurpari.
2647 1123 2884 1180 Proinde
2923 1125 3104 1179 statim
3141 1127 3327 1181 eadem
3370 1126 3428 1181 in

1837 1215 2087 1270 oratione
2109 1215 2484 1286 subjungitur.
2512 1213 2590 1270 Eo
2620 1216 2758 1285 quod
2783 1216 2886 1285 ipsi
2925 1215 3142 1270 dicunt:
3164 1217 3430 1284 Quoniam

1838 1305 1997 1360 arida
2021 1307 2170 1376 facta
2193 1317 2314 1362 sunt
2341 1323 2462 1361 ossa
2481 1317 2666 1361 nostra
2681 1307 2721 1361 ³.
2745 1306 2884 1361 Num
2904 1308 3007 1363 hoc
3028 1308 3194 1379 igitur
3215 1309 3428 1375 dicunt,

1837 1397 2006 1452 Arida
2037 1397 2184 1467 facta
2220 1405 2345 1451 sunt
2373 1414 2496 1452 ossa
2528 1407 2734 1460 nostra,
2772 1395 2918 1467 quod
2953 1387 3143 1452 eadem
3177 1398 3230 1451 in
3258 1414 3432 1454 unum

1837 1491 2066 1545 collecta
2093 1490 2284 1544 volunt
2313 1490 2633 1560 resurgere?
2668 1489 2829 1559 Atqui
2865 1489 2979 1544 lieri
3009 1489 3154 1545 istud
3188 1504 3298 1544 non
3329 1506 3431 1561 po.

1839 1587 1966 1636 test.
2012 1581 2192 1647 Quare
2227 1579 2380 1634 arida
2429 1581 2550 1636 ideo
2599 1595 2700 1635 sua
2752 1581 2947 1636 dicunt
2983 1596 3132 1647 ossa,
3181 1583 3325 1653 quod
3372 1583 3431 1637 in

1839 1671 2248 1742 captivitatibus
2280 1673 2374 1727 diu
2425 1673 2594 1728 habiti
2636 1674 2854 1728 vitalem
2892 1689 3107 1730 omnem
3144 1680 3432 1731 humorem

1839 1763 2142 1818 amiserint.
2194 1761 2348 1818 Unde
2391 1774 2446 1819 et
2499 1763 2633 1818 illud
2677 1765 2953 1822 inferunt:
3001 1765 3170 1820 Periit
3196 1781 3309 1834 spes
3329 1783 3432 1846 ito-

157 1853 252 1905 καὶ
291 1852 466 1922 πάσης
489 1851 849 1922 ἀκαθαρσίας.
904 1849 1112 1922 Πρέπει
1156 1849 1213 1904 δὲ
1256 1849 1333 1920 τῷ
1359 1850 1478 1920 Θεῷ
1502 1852 1740 1921 ἀνοίγειν

1926 1870 1988 1908 a:
2028 1853 2251 1908 abscissi
2289 1871 2471 1909 sumus
2503 1855 2546 1908 ⁸.
2589 1855 2858 1921 Quocirca
2893 1857 3315 1912 resurrectionis
3341 1857 3432 1911 illa

153 1943 225 2022 ξτά
263 1944 504 2014 μνημεῖα
549 1943 805 2003 ἑκάστου,
847 1942 942 1996 καὶ
974 1941 1189 2012 ἐξάγειν
1223 1943 1287 1995 ἐκ
1319 1941 1427 1994 τῶν
1461 1944 1740 2013 μνημείων

1926 1944 2043 2014 pulo
2067 1943 2210 1999 facta
2240 1945 2534 2016 promissio
2555 1945 2621 1999 ab
2645 1945 2736 1999 illa
2767 1945 2926 2000 ruina
2969 1961 3034 2001 ac
3068 1946 3215 2002 velut
3237 1960 3434 2002 eneca-

157 2035 306 2104 ἡμᾶς
342 2033 830 2105 ὲζωοποιημένους,
867 2033 1054 2104 ὥσπερ
1082 2035 1110 2086 ὀ
1140 2031 1330 2104 Σωτὴρ
1370 2031 1463 2085 τόν
1492 2033 1740 2108 Λάζαρον

1926 2052 2010 2101 ne,
2053 2051 2159 2108 qua
2205 2037 2462 2093 exstincti
2511 2045 2663 2102 sunt,
2705 2053 2829 2093 cum
2879 2046 3102 2109 propter
3135 2039 3342 2095 scelera
3376 2037 3434 2092 in

157 2125 406 2178 εἵλκυσεν
438 2126 564 2192 ἔξω.

1926 2129 2088 2183 stium
2117 2137 2440 2199 potestatem
2486 2128 2672 2183 traditi
2714 2138 2862 2192 sunt,
2895 2129 3143 2198 quaedam
3174 2135 3259 2184 est
3293 2127 3440 2182 exci-

159 2219 295 2271 tatio
332 2217 533 2271 futura.
591 2214 732 2281 Quin
765 2215 928 2270 etiam
984 2223 1301 2286 peccatores
1338 2230 1368 2269 a
1408 2214 1691 2272 Salvatore
1718 2220 1969 2290 sepulcra
1999 2235 2122 2275 esse
2175 2219 2434 2274 dicuntur
2477 2219 2697 2286 ossibus
2722 2231 2884 2290 atque
2913 2219 3058 2273 omni
3093 2219 3440 2275 inmunditia

158 2312 340 2382 plena.
377 2308 484 2364 Sed
517 2308 646 2363 illud
678 2308 876 2362 divinae
905 2306 1176 2376 maiestati
1206 2307 1481 2371 convenit,
1513 2316 1571 2361 ut
1600 2309 1938 2378 singulorum
1964 2311 2216 2379 sepulcra
2242 2307 2554 2380 patefaciat,
2587 2319 2642 2364 et
2671 2324 2772 2363 nos
2803 2308 2869 2362 ad
2909 2308 3074 2362 vitam
3103 2309 3440 2366 instauratos

160 2421 193 2463 e
221 2403 592 2460 monumentis
621 2403 841 2468 educat,
869 2402 1094 2473 perinde.
1125 2417 1188 2457 ac
1216 2401 1482 2457 Lazarum
1519 2401 1666 2457 foras
1699 2401 1951 2457 Salvator
1980 2403 2236 2457 extraxit.

229 2499 347 2566 tq'.
397 2495 470 2550 Τὸ
499 2496 576 2561 δὲ,
620 2494 775 2549 Ἐκεῖ
792 2494 964 2549 ἔσται
993 2497 1025 2549 ό
1054 2495 1380 2564 κλαυθμός,
1421 2494 1518 2548 καὶ
1550 2498 1583 2549 ὀ
1603 2495 1754 2563 βρυ-

159 2590 309 2661 γμὸς
336 2588 456 2643 τῶν
485 2588 766 2652 ὀδόντων,
796 2586 932 2658 πρὸς
956 2586 1153 2650 αὐτοὺς
1180 2587 1504 2657 ἀπορητέον,
1552 2587 1633 2639 ὅτι
1665 2587 1754 2650 Ὠς

155 2683 217 2737 ὲν
237 2681 411 2752 τούτῳ
427 2679 506 2750 τῷ
530 2680 628 2751 βίῳ
651 2681 756 2733 πᾶν
783 2678 945 2749 μέλος
969 2677 1050 2742 εἷς
1072 2696 1195 2733 τινα
1215 2679 1402 2749 χρείαν
1431 2681 1458 2732 ό
1481 2681 1753 2749 Δημιουρ-

161 2773 254 2842 γὸς
280 2773 702 2844 κατεσκεύασεν,
725 2770 897 2835 οὕτως
925 2772 1016 2826 καὶ
1039 2773 1164 2835 τοὺς
1197 2771 1414 2835 ὀδόντας
1445 2771 1525 2834 εἰς
1552 2772 1612 2824 τὸ
1637 2771 1745 2825 δια-

159 2865 458 2918 κόπτεσθαι
515 2864 610 2935 τὴν
656 2862 881 2934 στερεὰν
913 2865 1137 2934 τροφήν.
1187 2860 1282 2925 Τίς
1318 2857 1410 2914 οῦν
1446 2861 1604 2933 χρεία
1634 2864 1746 2924 τοῖς

159 2953 548 3026 κολαζομένοις
578 2954 839 3021 ὀδόντωνς
867 2953 940 3006 Οὐ
973 2953 1081 3024 γὰρ
1114 2954 1194 3016 εἰς
1218 2953 1316 3024 τὴν
1345 2951 1568 3020 γέενναν
1596 2953 1748 3016 ὄντες

1930 2494 2069 2551 XVI.
2105 2493 2224 2550 Jam
2255 2510 2387 2551 vero
2418 2495 2564 2565 quod
2609 2495 2755 2550 hunc
2784 2494 2964 2549 locum
3013 2493 3314 2563 objiciunt:
3353 2493 3442 2550 lbi

1860 2587 1958 2640 erit
1985 2587 2138 2655 ﬂetus
2160 2595 2209 2640 et
2232 2585 2433 2640 stridor
2453 2585 2750 2648 dentium“,
2769 2584 2848 2640 sic
2879 2585 3140 2640 adversus
3174 2585 3297 2642 illos
3323 2585 3442 2643 dis-

1855 2678 2158 2748 putandum
2189 2685 2298 2733 est:
2335 2678 2471 2733 Cum
2507 2679 2562 2732 in
2590 2677 2691 2731 hac
2712 2676 2822 2730 vita
2855 2676 3157 2730 membrum
3190 2691 3352 2731 omne
3373 2677 3442 2732 ad

1859 2785 2016 2824 usum
2049 2769 2288 2840 aliquem
2330 2784 2361 2823 a
2391 2784 2608 2825 summo
2653 2768 2747 2822 illo
2779 2767 2986 2838 Opiﬁce
3027 2769 3096 2822 sit
3135 2768 3440 2833 conditum,

1856 2871 1968 2916 tum
1989 2877 2118 2917 vero
2140 2861 2333 2917 dentes
2354 2861 2533 2917 solido
2557 2859 2679 2914 cibo
2701 2859 3120 2914 c'omminuendo
3141 2867 3269 2915 sunt
3285 2858 3440 2918 facti.

1859 2953 2001 3020 Quid
2030 2954 2194 3025 igitur
2223 2953 2483 3009 dentibus
2510 2967 2648 3022 opus
2671 2951 2779 3005 illis
2803 2961 2906 3015 est,
2939 2951 3031 3020 qui
3061 2952 3201 3020 apud
3233 2952 3443 3008 inferos

159 3046 283 3100 κατ’
327 3045 520 3108 αὐτοὺς
563 3044 846 3113 φάγονται.
898 3042 1007 3094 Καὶ
1050 3041 1311 3105 δεικτέον,
1362 3043 1442 3095 ὅτι
1475 3041 1536 3096 οὐ
1569 3041 1740 3094 πάντα

1926 3045 2213 3100 uciantur?
2236 3043 2354 3101 Non
2376 3046 2543 3112 enim,
2575 3045 2790 3114 opinor,
2823 3043 3120 3113 quidquam
3148 3043 3260 3097 illic
3285 3059 3446 3098 matt-

163 3132 692 3206 παραλαμϐἀνεσθαι
734 3133 818 3186 δεῖ
860 3130 1000 3185 κατά
1047 3129 1106 3182 τὸ
1140 3129 1408 3200 κείμενον.
1473 3131 1746 3196 Ὀδόντας

87 3293 89 3295 ι
161 3226 312 3296 γοῦν,
340 3226 525 3296 φησιν,
549 3223 911 3294 ἁμαρτωλῶν
933 3222 1333 3291 συνέτριψας·
1362 3222 1478 3285 καὶ,
1506 3222 1618 3288 Τὰς
1635 3222 1747 3291 μύ-

160 3321 280 3385 λας
323 3317 444 3372 τῶν
486 3316 752 3370 λεόντων
784 3312 1167 3366 συνέθλαοέν
1200 3314 1231 3366 ό
1271 3312 1508 3379 Κύριος.
1561 3313 1656 3377 Τίς
1693 3313 1748 3365 δὲ

161 3409 338 3473 οὕτως
353 3407 580 3480 ἠλίθιος,
603 3407 676 3470 ὡς
696 3404 1119 3476 ὑπολαμϐάνειν,
1137 3405 1220 3457 ὅτι
1239 3403 1422 3474 τηρῶν
1441 3403 1509 3457 τὰ
1526 3403 1751 3475 σώματα

161 3501 273 3555 τῶν
297 3498 640 3573 ἁμαρτωλῶν
662 3498 856 3562 όΘεὸς,
877 3498 1003 3560 τοὺς
1020 3497 1240 3560 ὀδόντας
1267 3496 1446 3550 αὐτῶν
1477 3495 1751 3567 συντρίϐει

165 3591 328 3662 μόνον
356 3610 371 3660 ;
411 3592 621 3661 Ὥσπερ
650 3584 743 3642 οῦν
791 3587 843 3640 εῐ
865 3605 970 3652 τις,
1001 3586 1168 3641 θέλων
1188 3586 1361 3640 ταῦτα
1383 3585 1554 3651 οὕτως
1584 3586 1748 3656 ἔχειν,

165 3683 485 3755 θλιϐόμενος
513 3682 724 3734 εἵλκετο
772 3680 856 3730 ἐπ’
894 3679 1241 3748 ἀλληγορίαν,
1292 3677 1462 3740 οὕτως
1492 3678 1752 3748 ζητητέον

163 3774 274 3828 τῶν
295 3773 673 3844 κολαζομένων
689 3771 778 3823 τὸν
797 3770 934 3841 βρυγ
941 3769 1039 3838 μὸν
1059 3768 1166 3820 τῶν
1186 3767 1434 3833 ὀδόντων,
1459 3768 1556 3838 τῆς
1576 3767 1756 3836 ψυχῆς

161 3864 397 3936 δύναμιν
434 3861 742 3936 μασητικὴν
768 3859 1020 3932 ἐχούσης,
1046 3860 1164 3928 ἣτις
1195 3861 1252 3910 ὲν
1279 3857 1456 3929 καιρῷ
1482 3856 1575 3909 τοῦ
1607 3857 1757 3925 ἐλέγ-

161 3975 258 4030 χου
303 3959 442 4031 περὶ
480 3958 588 4012 τῶν
629 3951 1045 4026 ἁμαρτημάτων
1080 3949 1221 4004 κατά
1253 3949 1342 4001 τὸν
1378 3948 1756 4020 συγκρουσμὸν

163 4052 272 4105 τῶν
293 4053 527 4106 ὀδόντων
557 4050 646 4122 (ὡς
693 4043 983 4119 ἐφρόνησε)
1043 4041 1224 4113 βρύξει
1260 4043 1383 4104 τοὺς
1411 4041 1647 4104 ὀδόντας.
1684 4041 1758 4094 Τὸ

162 4141 241 4206 δὲ,
284 4143 594 4210 Φοϐήθητε
635 4141 741 4195 τὸν
774 4136 1114 4206 δυνάμενον
1152 4135 1248 4188 καὶ
1284 4131 1498 4202 ψυχὴν
1547 4132 1644 4186 καὶ
1692 4131 1758 4185 τὸ

165 4231 338 4303 σῶμα
371 4234 679 4290 ἀπολέσαι
711 4233 780 4286 ἐν
809 4233 1045 4300 γεέννῃ,
1080 4227 1219 4297 τάχα
1249 4225 1346 4296 μὲν
1375 4226 1636 4288 διδάσκει,
1671 4224 1756 4276 ὅτι

1864 3137 2164 3194 dueaturos
2190 3153 2313 3193 esse
2341 3137 2598 3192 dixerint.
2642 3135 2725 3189 Ad
2753 3135 2867 3190 haec
2895 3133 3126 3189 docendi
3159 3142 3311 3201 sunt,
3332 3151 3444 3191 non

1854 3230 2038 3285 omnia
2087 3229 2315 3300 perinde
2367 3227 2686 3299 accipienda
2745 3241 2869 3283 esse
2917 3241 2982 3280 ac
3035 3227 3239 3296 scripta
3287 3236 3438 3282 sunt.

1851 3319 2032 3386 Quare
2075 3318 2186 3394 alio
2233 3317 2355 3372 loco
2393 3318 2655 3386 scriptum
2699 3321 2782 3369 est
2833 3331 2846 3365 :
2885 3311 3077 3366 Dentes
3107 3320 3443 3380 peccatorum

1867 3407 2194 3462 contrivisti“
2215 3422 2230 3472 ;
2256 3408 2382 3460 item
2404 3421 2416 3456 :
2437 3404 2613 3459 Malas
2633 3405 2836 3460 leonum
2859 3403 3114 3474 confregit
3129 3402 3384 3456 Dominus
3397 3403 3442 3457 '.

1867 3499 2003 3552 Nam
2033 3496 2158 3568 quis
2181 3497 2318 3552 adeo
2335 3495 2567 3551 stolidus
2588 3504 2689 3561 est,
2722 3502 2778 3548 ut
2801 3493 2907 3549 sibi
2934 3493 3258 3563 persuadeat
3274 3492 3445 3548 Deum

1857 3588 2152 3644 reservatis
2193 3594 2541 3656 peccatorum
2569 3582 2892 3652 corporibus
2929 3582 3074 3636 solos
3096 3580 3288 3636 dentes
3312 3595 3448 3635 con-

1855 3680 2074 3734 terere?
2135 3676 2204 3731 Ut
2255 3677 2420 3746 igitur
2443 3676 2536 3744 qui
2578 3675 2693 3728 haee
2735 3676 2806 3727 ita
2859 3688 2918 3728 se
2965 3673 3168 3727 habere
3197 3673 3347 3735 velit,
3387 3671 3442 3726 in

1855 3768 2134 3839 angustias
2168 3766 2473 3833 conjectus,
2503 3762 2570 3816 ad
2600 3763 2950 3832 allegoricum
2984 3776 3208 3815 sensum
3238 3761 3322 3814 vel
3356 3760 3443 3813 in-

1855 3861 2001 3914 vitus
2031 3856 2294 3910 trahitur:
2346 3854 2424 3908 sic
2466 3851 2533 3906 de
2568 3851 2804 3908 stridore
2836 3851 3080 3905 dentium
3120 3848 3175 3902 in
3224 3849 3311 3902 his
3347 3847 3444 3917 qui

1857 3945 2141 4018 suppliciis
2164 3943 2494 4006 afﬁciuntur,
2528 3939 2806 4010 inquirere
2836 3939 2977 3994 idem
3005 3945 3260 4007 Oportet;
3296 3952 3436 4007 qna-

1860 4050 2018 4095 tenus
2060 4036 2239 4090 anima
2275 4031 2694 4089 commandendi
2742 4031 3062 4084 nonnullam
3101 4030 3210 4082 vim
3257 4030 3444 4093 habet.

1857 4146 1963 4203 qua
1993 4128 2186 4182 ultimo
2219 4126 2311 4180 illo
2350 4125 2548 4195 judicii
2601 4132 2866 4193 tempore,
2914 4138 3039 4176 cum
3088 4121 3156 4177 de
3205 4124 3448 4192 peccatis

1857 4221 2086 4294 quaestio
2116 4221 2428 4284 habebitur,
2453 4218 2681 4289 perinde
2711 4224 2770 4272 ut
2800 4217 2987 4272 collidi
3019 4217 3214 4273 dentes
3243 4218 3443 4281 solent,

164 4322 464 4394 ἀσώματος
515 4327 549 4395 ὴ
595 4323 769 4395 ψυχὴ,
823 4321 963 4391 τάχα
1013 4318 1069 4371 δὲ
1112 4316 1264 4412 δηλοξ
1318 4317 1412 4368 καὶ
1458 4315 1539 4368 ὅτι
1587 4315 1740 4384 χωρὶς

1926 4332 1937 4368 ι
1968 4323 2084 4368 tum
2109 4313 2368 4368 dentibus
2393 4310 2800 4381 quodammodo
2830 4310 3101 4368 stridebit.
3136 4308 3271 4364 Illud
3297 4325 3446 4372 vero,

169 4413 422 4486 σώματος
460 4417 521 4470 οὐ
565 4415 955 4485 κολασθήσεται
980 4427 993 4440 ο
1039 4408 1169 4480 περὶ
1209 4402 1268 4462 οῦ
1311 4405 1756 4475 φυσιολογοῦντες

169 4505 242 4559 τά
295 4512 426 4580 περὶ
481 4508 575 4562 τοῦ
623 4507 818 4572 εἴδους,
867 4506 962 4559 καὶ
1005 4503 1098 4556 τοῦ
1147 4501 1362 4573 πρώτου
1396 4498 1755 4570 ὑποκειμένου

173 4599 503 4672 εἰρήκαμεν.

1868 4407 2064 4462 Timete
2091 4423 2229 4468 eum,
2264 4405 2353 4476 qui
2385 4412 2554 4474 potest
2586 4412 2636 4458 et
2670 4405 2908 4458 animum
2937 4412 2988 4457 et
3022 4419 3211 4472 corpus
3237 4403 3452 4472 perdere

1867 4501 1920 4553 in
1945 4496 2293 4570 gehennam“.
2344 4495 2484 4551 forte
2525 4496 2578 4551 id
2615 4511 2784 4551 unum
2816 4510 2916 4550 nos
2946 4495 3128 4558 docet,
3170 4505 3450 4563 expertem

1867 4606 1992 4646 esse
2024 4589 2274 4659 corporis
2309 4587 2577 4654 animam;
2629 4593 2724 4641 aut
2763 4586 2895 4640 illud
2933 4587 3179 4655 insuper,
3213 4586 3452 4640 animam

178 4692 295 4747 sine
323 4709 558 4766 corpore
600 4691 780 4747 nullas
808 4705 1000 4762 poenas
1044 4704 1167 4746 esse
1203 4688 1629 4760 persoluturam.
1687 4685 1764 4740 De
1803 4701 1912 4757 quo
1942 4699 2173 4755 corpore
2202 4699 2325 4754 quae
2350 4683 2417 4738 ad
2457 4682 2693 4752 speciem
2725 4695 2789 4736 ac
2817 4681 3048 4751 primam
3113 4681 3276 4751 539
3329 4680 3453 4734 sub—

174 4785 378 4855 jectum
417 4789 698 4844 materiam
750 4788 1088 4853 attinebant,
1143 4785 1307 4855 paulo
1358 4794 1483 4838 ante
1528 4783 1761 4838 naturali
1804 4783 2016 4836 ratione
2041 4779 2422 4834 disseruimus.

250 4879 364 4932 Kal.
412 4883 473 4936 τὸ
508 4878 658 4950 παρὰ
687 4877 764 4949 τῷ
811 4878 1117 4947 Ἀποστόλῳ
1146 4877 1222 4939 δὲ,
1263 4875 1630 4940 Ζωοποιήσει
1666 4875 1763 4928 καὶ

181 4967 251 5021 τὰ
279 4972 471 5037 θνητὰ
493 4969 662 5040 ἡμῶν
683 4970 946 5038 σώματα,
974 4967 1168 5038 θνητοῦ
1195 4967 1346 5032 ὄντος
1371 4967 1463 5021 τοῦ
1491 4965 1762 5036 σώματος,

134 5096 146 5104 .
182 5061 276 5112 καὶ
297 5064 360 5115 οὑ
400 5064 718 5134 μετέχοντος
739 5061 838 5131 τῆς
872 5061 1128 5132 ἀληθινῆς
1161 5061 1328 5131 ζωῆς,
1374 5059 1594 5113 δύναται
1625 5076 1767 5130 παρ-

185 5154 443 5219 ιστάνειν,
459 5157 592 5210 ὅπου
615 5153 674 5208 τὸ
696 5153 1001 5223 σωματικὸν
1033 5149 1188 5216 εἶδος,
1209 5152 1337 5222 περὶ
1359 5144 1419 5203 οῦ
1440 5151 1764 5221 εἰρήκαμεν,

179 5242 248 5309 τῇ
281 5241 444 5310 φύσει
476 5245 666 5317 θνητὸν
695 5244 774 5307 ὂν,
803 5243 949 5297 ὅταν
970 5243 1222 5313 Χριστὸς
1248 5240 1560 5311 φανερωθῇ
1589 5242 1627 5309 ἠ
1652 5239 1763 5306 ζωὴ

182 5325 373 5395 ἡμῶν,
406 5335 499 5387 καὶ
527 5335 659 5388 αὐτὸ
688 5333 1012 5404 μεταϐάλλει
1042 5332 1150 5386 ἀπὸ
1177 5331 1271 5385 τοῦ
1305 5326 1444 5385 εἶναι
1481 5330 1640 5400 σῶμα
1667 5330 1763 5383 θα-

181 5414 344 5472 νάτου
371 5421 726 5497 ζωοποιηθὲν,
752 5424 839 5478 διὰ
862 5424 920 5478 τὸ
941 5423 1165 5493 Πνεῦμα
1185 5423 1245 5476 τὸ
1267 5420 1563 5487 ζωοποιοῦν
1589 5423 1652 5473 ἐκ
1674 5419 1768 5474 τοῦ

256 5571 274 5602 ⁸
301 5570 444 5632 Psal.
481 5596 599 5644 xxi,
626 5581 712 5634 15.
788 5581 808 5610 ⁸
835 5577 980 5634 Psal.
1014 5593 1088 5640 τι,
1113 5577 1165 5631 3.
1241 5574 1477 5631 'Ezcch.
1507 5589 1712 5637 xxxvii,
1745 5573 1830 5626 Η.
1908 5571 1930 5602 ⁸

256 5655 318 5700 tt.
353 5646 400 5700 7.
494 5651 522 5684 ⁸
550 5651 737 5700 Matth.
771 5667 824 5700 κ.
851 5650 942 5700 28.
1019 5650 1039 5681 ⁹
1070 5646 1228 5700 Rom.
1272 5663 1388 5700 vttt.
1419 5647 1504 5700 il.
1585 5646 1626 5678 ¹⁰
1657 5644 1774 5700 Col.
1805 5659 1887 5700 ιιι.
1919 5641 1953 5698 4

185 5655 318 5710 ιγιι,
353 5646 400 5700 7.
494 5651 522 5684 ⁸
549 5651 737 5706 Matth.
771 5667 824 5717 Χ,
851 5650 942 5704 28.
1019 5650 1039 5681 ’
1070 5646 1228 5704 Rom.
1272 5663 1388 5711 vttt,
1419 5647 1504 5701 il.

1941 4874 2009 4927 At
2039 4887 2166 4926 vero
2192 4870 2398 4925 dictum
2423 4868 2554 4922 illud
2575 4867 2852 4938 Apostoli:
2899 4865 3197 4935 Viviﬁcabit
3230 4877 3277 4920 et
3305 4883 3450 4922 moro

1871 4963 2005 5017 talia
2029 4971 2212 5016 nostra
2238 4962 2522 5028 corpora”;
2547 4973 2670 5012 cum
2697 4965 2945 5012 nostrum
2976 4959 3204 5013 mortale
3235 4959 3304 5012 sit
3331 4972 3452 5013 cor-

1872 5069 1996 5125 pus.
2029 5067 2130 5106 nec
2159 5066 2301 5106 verte
2322 5051 2445 5104 vitae
2471 5049 2765 5120 particeps,
2786 5047 2931 5102 istud
2964 5047 3140 5117 ipsum
3173 5047 3453 5102 declarare

1870 5149 2069 5214 potest,
2111 5156 2430 5210 corpoream
2461 5139 2602 5193 hanc
2634 5139 2868 5208 speciem
2898 5137 2964 5192 de
2989 5151 3094 5207 qua
3123 5144 3280 5191 antea
3310 5135 3454 5190 dixi-

1873 5254 2014 5301 mus,
2051 5250 2171 5306 qua:
2200 5243 2412 5289 naturae
2451 5231 2698 5286 mortalis
2729 5237 2835 5297 est,
2876 5245 2995 5283 cum
3020 5227 3263 5284 Christus
3285 5244 3455 5298 appa-

1871 5329 2035 5383 ruerit
2062 5329 2170 5382 vita
2189 5336 2373 5382 nostra
2393 5326 2459 5391 ¹⁰,
2484 5334 2536 5381 et
2565 5325 2736 5395 ipsam
2761 5323 2827 5378 ab
2842 5337 2907 5379 eo
2928 5331 3092 5385 statu,
3113 5337 3222 5392 quo
3245 5319 3455 5391 peccati

1876 5435 2078 5490 corpus
2116 5425 2253 5483 erat,
2297 5431 2422 5473 esse
2455 5415 2808 5482 mutandam;
2857 5421 3212 5485 posteaquam
3246 5411 3453 5467 scilicet

1908 5571 1930 5602 ⁸
1963 5573 2095 5630 ibid.
2171 5573 2192 5605 ⁸
2225 5570 2414 5628 Matth.
2448 5585 2564 5628 νιιι.
2609 5570 2692 5625 12.
2773 5569 2794 5601 ⁸
2818 5567 2963 5633 Psal.
3007 5585 3090 5636 ιιι,
3121 5567 3155 5624 8
3253 5567 3271 5598 ⁷
3305 5565 3449 5629 Psal.
