3794 6140
228 310 367 369 1097

892 302 1261 365 ADVERSUS
1297 303 1639 361 IIIERESES
1679 304 1805 361 LIB.
1842 306 1908 363 Il.
1952 308 2113 365 T0.\l.
2159 309 2270 366 I.—-
2311 309 2579 366 ΗᾸΞΒΕΒ.
2614 308 2797 364 LXIV.

3339 307 3474 371 i098

237 421 506 494 Ἱερεμίαν
547 421 800 492 δεσμίους
857 424 998 494 ἡμᾶς
1062 427 1161 493 γῆς
1193 428 1283 483 διὰ
1321 427 1421 500 τὴν
1456 426 1594 499 πρὸς
1648 428 1806 501 σῶμα

1916 429 2130 495 iecturis
2164 427 2543 497 os1endemus;
2578 445 2754 499 neque
2777 428 2847 482 ah
2874 424 3106 483 Jeremia
3137 440 3236 483 nos
3267 425 3475 480 vinctos

227 511 511 566 κοινωνίαν
544 513 845 584 εἰρηκέναι,
883 514 1017 585 μήτε
1048 514 1138 569 τὸν
1165 517 1329 578 Δαϐὶδ
1352 516 1494 575 κατά
1518 517 1678 572 τοῦτο
1706 536 1803 571 πε-

226 604 590 675 πεδημένους.
621 603 802 668 ’Ἄξιον
822 606 929 676 γάρ
970 603 1144 663 ταῦτα
1165 608 1482 681 προφέρειν,
1510 610 1567 661 ὲν
1589 603 1671 672 οἷς
1696 610 1802 679 μά-

225 696 384 749 λιστα
411 695 690 764 φαίνονται
713 695 1114 761 διαπίπτοντες.
1143 698 1277 767 Περὶ
1304 699 1402 769 μὲν
1422 694 1514 753 οὖν
1549 699 1656 755 τῶν
1681 700 1804 771 δερ-

226 788 467 861 ματίνων
486 786 750 858 χιτώνων,
781 788 873 841 καὶ
894 789 976 841 ὅτι
996 788 1101 860 πρὸ
1128 788 1229 860 τῆς
1250 791 1596 861 κατασκευῆς
1625 790 1806 843 αὐτῶν

220 878 277 931 οἱ
322 877 739 948 πρωτόπλαστοι
779 879 965 949 διῆγον
1017 879 1155 949 μετά
1205 879 1475 951 σώματος,
1510 878 1808 944 ἀθανασίας

227 969 611 1033 ἀπολαύοντες,
644 970 725 1023 ἔτι
772 987 834 1025 τε
868 972 964 1024 καὶ
992 971 1067 1035 ὡς
1102 972 1163 1025 οὐ
1193 971 1413 1026 δύναται
1442 971 1504 1025 τὸ
1536 970 1696 1042 σῶμα
1721 972 1806 1023 δε-

225 1062 383 1132 σμὸς,
406 1062 501 1115 καὶ
520 1060 709 1132 εἱρκτὴ
731 1061 1066 1133 νομίζεσθαι,
1088 1063 1156 1116 τά
1176 1064 1525 1135 προσήκοντα
1548 1062 1739 1127 εἰπὼν,
1763 1058 1808 1116 ὦ

226 1154 417 1225 ἄνδρες
455 1153 704 1207 δικασταὶ
736 1154 1018 1224 (δικαστὰς
1049 1154 1159 1225 γάρ
1184 1155 1329 1226 ὑμᾶς
1373 1153 1483 1207 τῶν
1519 1156 1715 1225 λόγων,
1763 1150 1809 1209 ὦ

228 1247 485 1316 κράτιστε
528 1245 775 1315 Θεόφιλε,
823 1246 1020 1314 καλῶ),
1050 1246 1321 1319 τρέψομαι
1358 1246 1552 1325 κλοιπὺν
1592 1247 1686 1299 ἐπὶ
1740 1247 1809 1301 τὰ

228 1336 518 1395 ἀκόλουθα.
569 1339 822 1409 καθάπερ
872 1338 1188 1409 ὑπεσχόμην
1230 1338 1347 1393 τῶν
1408 1338 1805 1409 προκειμένων,

222 1427 296 1480 ἵν’
335 1428 746 1500 εὐκρινέστερον
770 1428 969 1499 ἴδωμεν
991 1429 1019 1481 ὃ
1049 1428 1369 1501 βουλόμεθα.

1908 522 2107 576 ωτι-αι’
2139 528 2361 594 propter
2392 521 2830 574 communionem
2863 534 2988 574 cum
3029 531 3260 587 corpore
3303 516 3476 568 nomi-

1905 622 2062 668 natos
2096 628 2251 677 esse;
2305 627 2477 681 neque
2511 610 2767 666 Davidem
2798 618 3081 681 propterra
3109 604 3477 676 compeditos’

1906 703 2199 776 appellare.
2258 699 2380 756 Ilaec
2429 701 2573 754 enim
2615 701 2961 769 potissmium
3002 698 3476 761 commemoranda

1907 802 2055 858 sunt,
2087 793 2140 846 in
2167 792 2366 862 quibus
2403 790 2635 845 maxime
2670 805 2701 844 a
2729 792 2957 846 veritate
2987 789 3257 845 excidisse
3286 788 3478 843 viden-

1909 888 2015 932 tur.
2071 878 2147 934 De
2178 880 2417 949 pelliccis
2448 880 2633 949 itaque
2681 879 2905 944 tunicis,
2949 887 3115 949 utque
3160 880 3479 950 priusquam

1907 987 1985 1025 cae
2026 970 2427 1026 conﬁcerentur
2456 986 2688 1042 corpore
2734 970 2942 1040 praediti
2983 971 3144 1041 primi
3177 972 3351 1028 nostri
3384 988 3480 1042 pa-

1904 1071 2087 1122 rentes
2109 1062 2440 1126 exstiterint,
2473 1072 2528 1118 et
2555 1064 2983 1125 immortalitatis
3008 1073 3318 1136 compotes;
3365 1073 3478 1122 tum

1907 1169 2133 1209 nervum
2167 1165 2220 1209 et
2249 1168 2522 1209 carcerem
2556 1154 2741 1209 haberi
2776 1170 2883 1209 non
2932 1171 3093 1227 posse
3138 1171 3359 1227 corpus,
3389 1156 3480 1211 ubi

1904 1254 2171 1316 quantum
2201 1262 2423 1309 necesse
2449 1254 2533 1302 est
2555 1247 2926 1317 disputarem,
2955 1249 3170 1318 judiees
3198 1248 3316 1320 (vos
3335 1249 3479 1305 enim

1904 1351 2218 1391 sermonum
2236 1344 2547 1409 nostrorum
2563 1335 2961 1408 judices,teque
2980 1338 3030 1392 in
3049 1339 3262 1409 primis,
3281 1338 3482 1408 Optime

1904 1426 2223 1497 Theophile,
2274 1408 2614 1499 pronuntio),
2653 1427 2717 1483 ad
2743 1444 2805 1483 ea
2829 1444 2948 1498 quae
2986 1408 3265 1498 proposito
3294 1433 3485 1483 nostro

228 1530 596 1575 consentanea
629 1528 757 1575 sunt
785 1538 838 1575 ct
866 1524 1260 1592 consequentia
1292 1538 1397 1587 me,
1434 1530 1493 1576 ut
1531 1522 1808 1593 pollicitus
1846 1536 1988 1588 sum,
2025 1519 2340 1584 conferam,
2395 1530 2451 1575 ut
2478 1520 2530 1575 id
2562 1522 2706 1592 quod
2739 1523 2990 1577 volumus
3051 1522 3255 1578 clarius
3319 1521 3492 1593 inspi-

220 1630 354 1671 cere
381 1615 672 1685 Possimus.

300 1702 407 1758 IH'.
451 1704 507 1757 '0
529 1705 636 1758 τῶν
664 1706 800 1762 ὅλων
837 1706 1165 1778 δημιουργὸς
1196 1706 1348 1771 Θεὸς,
1386 1706 1575 1779 ἐπειδὴ
1605 1707 1666 1759 τὸ
1700 1708 1807 1760 πᾶν

1982 1700 2168 1758 XVIII.
2224 1702 2518 1773 Postquam
2567 1701 2762 1758 artifex
2811 1719 2991 1758 rerum
3039 1705 3283 1760 omnium
3340 1706 3483 1763 Deus

221 1793 509 1858 ,εὐτάκτως
555 1799 938 1868 συνεστήσατο,
975 1798 1223 1873 καθάπερ
1255 1800 1495 1875 μεγάλην
1525 1800 1698 1864 πόλιν,
1726 1800 1808 1852 ‘6:-

1916 1801 2079 1875 t_otam
2115 1794 2257 1848 hanc
2290 1794 2662 1849 universitatis
2691 1795 3184 1864 machinain,velut
3210 1798 3483 1874 ingentem

228 1885 501 1956 εκόσμησε
528 1889 875 1957 προστάσσων
896 1888 972 1960 τῷ
993 1888 1156 1959 λόγῳ,
1179 1889 1405 1950 ἕκαστον
1426 1908 1485 1952 τε
1507 1890 1655 1962 αὑτῷ
1674 1908 1809 1963 συμ-

228 1975 422 2049 φώνως
451 1977 731 2048 ἡρμόσατο
764 1982 1049 2050 στοιχεῖον,
1082 1980 1175 2032 καὶ
1206 1981 1385 2035 πάντα
1415 1981 1568 2046 ζώων
1603 1983 1811 2053 πεπλή-

229 2084 374 2139 ρωτο
400 2069 698 2140 διαφοραῖς,
741 2070 828 2123 ἵνα
856 2071 1075 2134 τελείως
1103 2074 1131 2124 ὁ
1154 2073 1359 2142 κόσμος
1384 2074 1464 2135 εἰς
1488 2072 1683 2135 κάλλος
1710 2075 1810 2126 αὺ-

230 2158 389 2230 ξηθῇ,
437 2161 694 2223 παντοίας
728 2160 943 2228 φύσεως
977 2159 1323 2232 ζωοτοκήσας
1370 2163 1602 2234 μορφὰς,
1636 2164 1809 2233 ἄστρα

233 2251 332 2321 μὲν
364 2250 504 2304 κατά
539 2251 630 2304 τὸν
673 2252 922 2321 οὐρανὸν,
974 2252 1068 2303 καὶ
1109 2251 1291 2322 πτηνά
1340 2252 1483 2307 κατά
1528 2253 1619 2306 τὸν
1650 2253 1808 2324 ἀέρα,

228 2342 534 2414 τετράποδα
553 2342 608 2394 δὲ
625 2343 767 2396 κατά
783 2343 881 2414 τὴν
900 2343 1027 2414 γῆν,
1058 2343 1153 2397 καὶ
1185 2345 1359 2416 νηκτά
1386 2346 1526 2400 κατά
1549 2347 1610 2400 τὸ
1635 2347 1807 2419 ὕδωρο

229 2432 534 2486 τελευταῖον
582 2434 673 2486 τὸν
717 2433 1025 2505 ἄνθρωπον,
1079 2437 1482 2513 προετοιμάσας
1518 2437 1593 2501 ὡς
1634 2437 1810 2493 οἰκίαν

230 2523 379 2594 αὐτῷ
408 2523 701 2594 καλλίστην
747 2526 808 2578 τὸ
852 2527 981 2589 πᾶν,
1037 2526 1262 2597 μίμημα
1301 2529 1398 2597 τῆς
1432 2528 1566 2591 ἰδίας
1604 2528 1810 2594 εἰκόνος

229 2613 471 2685 ἐμφερὲς
498 2616 576 2679 εἰς
598 2615 686 2668 τὸν
708 2616 912 2685 κόσμον
939 2618 1252 2687 εἰσήγαγεν,
1280 2617 1498 2689 ἄγαλμα
1521 2619 1596 2683 ὡς
1618 2621 1675 2672 ὲν
1700 2620 1811 2691 ναῷ

229 2705 444 2778 φαιδρῷ
467 2706 631 2760 καλὸν
651 2710 771 2769 ταῖς
784 2706 978 2762 ἑαυτοῦ
1002 2708 1161 2781 χερσὶ
1181 2710 1631 2774 κατασκευάσας..
1654 2711 1812 2764 Ἠτεί-

233 2814 398 2852 στατο
427 2796 556 2871 γὰρ,
587 2799 668 2852 ὅτι
705 2799 922 2863 πάντως
957 2801 1094 2866 ὅπερ
1126 2800 1192 2854 ἂν
1223 2804 1289 2873 τῇ
1317 2799 1512 2853 ἑαυτοῦ
1542 2802 1807 2877 τεχνήση·

231 2905 319 2942 ται
349 2889 513 2961 χειρὶ,
544 2888 602 2954 ἐξ
623 2889 868 2961 ἀνάγκης
898 2889 1050 2944 ἔσται
1072 2890 1359 2957 ἀθάνατον,
1388 2892 1484 2945 ἀτε
1508 2893 1808 2956 ἀθανασίας

234 2980 413 3053 ῑἔργον.
472 2979 795 3044 Ἀθανασίας
831 2980 938 3053 γὰρ
970 2982 1215 3036 ἀθάνατα
1245 2983 1516 3052 γίγνεται,
1554 2982 1810 3054 καθάπερ

233 3072 329 3125 καὶ
350 3072 421 3125 τὰ
454 3072 600 3125 κακά
636 3072 853 3136 κακίας,
881 3072 977 3124 καὶ
1016 3070 1084 3125 τά
1119 3072 1276 3126 ἄδικα
1306 3072 1537 3136 ἀδικίας.
1595 3073 1670 3125 υύ
1701 3074 1809 3145 γὰρ

1912 1867 2147 1955 aliquam
2200 1885 2494 1950 civitatem,
2544 1886 2806 1955 prmclaro
2855 1888 3046 1942 ordine
3097 1867 3364 1953 condidit,
3420 1905 3485 1955 ac

1910 1977 2062 2031 vocis
2086 1978 2317 2047 imperio
2345 1979 2654 2043 constituit,
2687 1980 2741 2037 in
2769 1993 2945 2050 eoque
2972 1981 3241 2036 elementa
3271 1982 3485 2053 singula

1910 2066 2190 2134 aptissime
2225 2068 2554 2139 composuit,
2581 2083 2644 2123 ac
2674 2060 2841 2124 variis
2878 2071 3240 2125 animantium
3268 2074 3486 2142 generi-

1910 2157 2012 2215 bus
2048 2161 2343 2231 complevit
2389 2162 2596 2227 omnia,
2649 2169 2707 2215 ut
2744 2159 2835 2215 hic
2869 2161 3107 2219 mundus
3143 2162 3383 2233 perfecte
3418 2166 3484 2219 ad

1910 2266 2123 2305 omnem
2169 2251 2632 2320 pulchritudinem
2695 2252 3071 2320 adolesceret,
3126 2270 3250 2308 cum
3307 2255 3364 2309 in
3419 2270 3486 2310 eo

1910 2342 2255 2397 omnimodas
2280 2354 2491 2396 natura:
2519 2344 2724 2397 formas
2748 2343 2899 2398 vivas
2926 2343 3306 2415 animatasque
3355 2360 3484 2422 pro-

1910 2439 2173 2499 creasset,
2194 2443 2356 2503 atque
2374 2442 2428 2487 et
2450 2433 2504 2485 in
2528 2433 2666 2487 ccclo
2685 2433 2954 2496 sidera,et
2984 2433 3039 2489 in
3062 2447 3188 2488 aere
3210 2434 3482 2498 volucres.

1909 2534 1962 2578 et
2007 2524 2061 2577 in
2101 2530 2248 2579 terra
2279 2524 2681 2596 quadrupedes,
2717 2532 2771 2589 et
2819 2525 2875 2579 in
2910 2526 3066 2595 aquis
3100 2527 3345 2581 natantia
3374 2527 3488 2582 col-

1912 2618 2169 2683 loeasset,
2207 2627 2543 2693 postremum
2579 2620 2823 2674 onmium
2857 2619 3155 2685 hominem,
3193 2623 3283 2676 cui
3313 2630 3487 2676 totum

1909 2709 2057 2765 hunc
2085 2711 2347 2764 mundum
2382 2711 2530 2766 velut
2558 2712 2834 2781 egregium
2865 2712 3139 2783 quoddam
3171 2714 3486 2784 praetorium

1910 2808 2218 2872 paraverat,
2275 2802 2354 2857 sic
2403 2810 2662 2872 tanquam
2705 2803 3059 2863 simulacrum
3103 2805 3377 2875 quoddam
3419 2806 3487 2871 ad

1910 2894 1993 2950 sui
2015 2893 2242 2966 efﬁgiem
2265 2909 2584 2965 expressum
2609 2895 2664 2949 in
2690 2896 2876 2950 orbem
2901 2896 3233 2963 introduxit;
3269 2912 3331 2950 ac
3344 2900 3488 2953 velut

1909 2985 2244 3055 exquisitum
2273 2986 2490 3056 signum
2522 2988 2774 3042 manibus
2807 2986 2924 3043 suis
2952 2988 3287 3045 elaboratum
3324 2987 3481 3061 55.1

1911 3077 2176 3147 praeclaro
2210 3075 2264 3130 in
2304 3077 2505 3148 templo
2528 3078 2833 3133 constituit.
2868 3076 3055 3148 Neque
3084 3079 3229 3134 enim
3262 3081 3485 3150 ignora-

228 3161 580 3232 δικαιοσύνης
604 3161 772 3233 ἔργον
799 3164 859 3215 τὸ
890 3162 1116 3226 ἀδικεῖν,
1141 3163 1279 3216 ἀλλά
1306 3164 1519 3227 ἀδικίας
1536 3180 1548 3191 ·
1592 3163 1703 3217 οὐδ’
1737 3160 1804 3217 αὖ

1916 3169 2022 3235 bat,
2069 3168 2433 3239 quodcunque
2457 3177 2647 3239 suapte
2676 3183 2836 3223 manu
2864 3166 3127 3235 tinxisset,
3150 3170 3481 3233 necessario.

234 3254 449 3318 ἀδικίας
495 3254 866 3325 ἀντιστρόφως
895 3255 957 3307 τὸ
995 3255 1409 3326 δικαιοπραγεῖν
1450 3255 1633 3325 ἔργον,
1677 3254 1813 3310 ἀλλὰ

233 3346 609 3417 δικαιοσύνηςο
666 3344 856 3418 ὥσπερ
902 3346 1021 3400 οὐδὲ
1064 3346 1369 3416 ἀφθαρσίας
1400 3345 1460 3398 τὸ
1496 3346 1813 3418 φθείρεσθαι

235 3440 431 3502 ποιεῖν,
465 3436 600 3492 ἀλλά
626 3438 854 3509 φθορᾶς,
883 3438 943 3491 τὸ
973 3437 1320 3502 ἀθανατίζειν
1348 3438 1408 3490 οὗ
1441 3437 1666 3509 φθορᾶς,
1698 3437 1814 3491 ἀλλ’

235 3529 565 3599 ἀφθαρσίας.
596 3524 704 3582 Καὶ
728 3528 1050 3601 συλλήϐδην,
1077 3523 1186 3582 οἷον
1206 3529 1272 3583 ἂν
1352 3529 1412 3583 τὸ
1434 3528 1641 3591 ποιοῦν,
1674 3529 1815 3583 κατά

233 3622 326 3675 τὸν
356 3622 516 3675 αὐτὸν
544 3620 716 3684 οὕτως
739 3619 897 3689 λόγον
916 3621 1074 3675 τοῦτο
1102 3620 1419 3690 ποιούμενον
1454 3620 1469 3650 ¹
1495 3619 1555 3685 ἐξ
1575 3620 1816 3690 ἀνάγκης

234 3711 646 3784 ἀπεργάζεσθαι
680 3712 985 3780 συμϐαίνει.
1046 3713 1109 3765 Ὀ
1136 3713 1192 3765 δὲ
1229 3711 1359 3775 Θεὸς
1398 3713 1492 3764 καὶ
1525 3712 1813 3774 ἀθανασία,

237 3804 334 3856 καὶ
371 3801 508 3874 ζωὴ,
553 3803 645 3856 καὶ
681 3802 984 3874 ἀφθαρσία*
1028 3801 1188 3873 ἔργον
1223 3802 1281 3854 δὲ
1323 3801 1605 3873 ἄνθρωπος
1651 3800 1810 3856 Θεοῦ.

236 3895 353 3947 Πᾶν
376 3894 432 3946 δὲ
455 3893 516 3946 τὸ
546 3893 651 3946 ὑπὸ
685 3892 984 3956 ἀθανασίας
1026 3892 1294 3963 ὲργασθὲν
1324 3892 1623 3946 ἀθάνατον
1677 3892 1813 3946 ἀθά-

235 4004 398 4050 νατος
426 3986 534 4058 ἄρα
553 3988 580 4040 ό
608 3985 915 4055 ἄνθρωπος.
938 3985 1028 4038 Διὸ
1058 3985 1121 4056 δὴ
1155 3985 1245 4038 τὸν
1271 3985 1369 4056 μὲν
1399 3984 1685 4056 ἄνθρωπον
1715 3985 1812 4038 αὐ-

236 4076 541 4150 τούργησεν
568 4079 597 4131 ό
618 4076 779 4141 Θεὸς,
813 4076 880 4129 τά
912 4075 970 4130 δὲ
999 4075 1163 4128 λοιπά
1193 4075 1324 4147 γένη
1355 4073 1508 4139 ζώων
1538 4074 1682 4145 ἀέρι,
1717 4076 1811 4127 καὶ

237 4173 334 4244 γῇ,
363 4170 457 4223 καὶ
482 4168 633 4222 ὕδατι
659 4167 959 4238 προσέταξε
990 4165 1197 4236 φέρειν.

1911 3268 2099 3331 utpote
2116 3260 2541 3316 immortalitatis
2556 3275 2713 3332 opus,
2734 3260 3043 3316 immortale
3062 3259 3325 3321 futurum.
3350 3261 3483 3323 Nam

1911 3350 1980 3403 ab
2008 3349 2419 3403 immortalitate
2448 3348 2777 3402 immortalia
2793 3348 3243 3419 proﬁciscuntur,
3278 3352 3425 3406 velut
3456 3370 3486 3419 ιι

1910 3439 2118 3493 malitia
2135 3454 2257 3510 qua:
2286 3438 2428 3494 mala
2449 3445 2597 3501 sunt,
2630 3445 2683 3493 et
2711 3439 2778 3493 ab
2806 3438 3073 3507 injustitia
3106 3439 3329 3510 injusta.
3370 3439 3490 3511 Νοιι

1910 3530 2055 3584 enim
2075 3529 2304 3599 iustitiae
2321 3544 2457 3603 opus
2473 3539 2554 3584 est
2571 3528 2757 3598 iujusti
2780 3529 2982 3599 aliquid
3010 3529 3207 3593 facere,
3231 3532 3324 3586 sed
3347 3532 3461 3601 inju
3477 3562 3491 3571 -

1915 3620 2096 3684 stitiaa,
2113 3636 2290 3691 neque
2306 3635 2373 3675 ex
2395 3618 2791 3691 adversojuste
2812 3618 3014 3687 aliquid
3032 3634 3191 3692 agerc
3212 3620 3492 3689 injustitiae

1913 3716 2018 3771 est,
2039 3706 2407 3777 sedjustitiae;
2441 3706 2664 3777 perinde
2692 3721 2755 3759 ac
2783 3708 3148 3783 corruptelam
3169 3708 3361 3771 afferre
3379 3726 3491 3764 non

1911 3797 2347 3868 incorruptionis
2381 3807 2484 3861 est,
2519 3795 2614 3851 sed
2646 3796 3016 3874 corruptionis
3045 3801 3347 3876 proprium.
3401 3802 3491 3855 Sic

1912 3889 2217 3945 immortale
2241 3888 2423 3944 facere
2448 3904 2557 3943 non
2585 3889 2975 3968 corruptionis.
3001 3892 3096 3945 sed
3126 3892 3485 3961 incorruptio-

1917 3980 2005 4033 nis
2040 3988 2142 4035 est.
2192 3979 2369 4056 Atque
2416 3986 2474 4032 ut
2523 3992 2634 4039 uno
2679 3980 2844 4033 verbo
2884 3977 3085 4042 dicam.
3127 3982 3288 4052 quale
3318 3992 3403 4038 est
3438 3984 3492 4041 iri

1919 4070 2064 4141 quod
2114 4072 2252 4140 agitj,
2304 4072 2413 4126 tale
2450 4072 2506 4126 id
2543 4070 2757 4126 ellicere
2795 4073 3109 4127 necessario
3148 4073 3309 4138 solet,
3346 4078 3491 4144 quod

1917 4164 1986 4219 ab
2016 4179 2082 4219 eo
2118 4162 2460 4238 producitur.
2520 4164 2684 4234 Atqui
2715 4162 2858 4219 Deus
2895 4175 2947 4219 et
2975 4164 3358 4221 immortalitas
3386 4175 3491 4230 est,

238 4271 293 4321 et
320 4263 447 4328 vita,
478 4269 533 4316 et
564 4259 934 4330 incorruptio;
975 4258 1137 4312 homo
1167 4271 1296 4312 vero
1330 4255 1425 4311 Dei
1456 4272 1595 4327 opus
1622 4264 1727 4311 est.
1752 4255 2030 4329 Quidquid
2052 4271 2183 4311 vero
2211 4256 2280 4311 ab
2306 4255 2716 4310 immortalitate
2745 4254 3063 4321 fabricatur,
3094 4258 3400 4315 immortale
3423 4261 3490 4314 sit

237 4367 476 4429 oportet.
523 4357 704 4424 Quare
739 4355 1068 4413 immortalis
1098 4362 1183 4410 est
1220 4353 1729 4424 homo.‘Propterea
1748 4353 1891 4409 Deus
1920 4353 2194 4415 hominem
2226 4368 2323 4409 sua
2354 4369 2517 4408 manu
2543 4352 2732 4407 tinxit:
2769 4362 2961 4408 uetera
2985 4370 3112 4409 vero
3139 4355 3492 4414 animantium

235 4467 439 4525 genera
467 4466 667 4515 aerem,
705 4456 905 4504 terram
934 4460 988 4503 et
1012 4464 1207 4518 aquam
1241 4448 1408 4517 jussit
1447 4447 1766 4516 producere.
3493 4430 3498 4443 ’

314 4549 633 4620 Ἀνθρωπος
694 4550 750 4603 δὲ
804 4549 1141 4620 ἀληθέστατα
1201 4548 1413 4623 λέγεται
1470 4546 1610 4609 κατά
1660 4547 1808 4615 φύσιι

1994 4544 2260 4601 (Ζιιξιειυιιι
2292 4544 2477 4607 ιιοιιιο,
2502 4543 2546 4599 si
2577 4543 2698 4614 ejus
2727 4550 2978 4597 naturam
3011 4541 3291 4611 inspicias,
3329 4546 3505 4599 veris-

237 4641 364 4705 οὔτε
420 4642 565 4714 ψυχὴ
619 4644 786 4714 χωρὶς
840 4642 1109 4712 σώματος,
1136 4640 1246 4694 οὔτ’
1307 4636 1373 4694 αὖ
1433 4640 1589 4709 σῶμα
1648 4637 1816 4715 χωρὶς

237 4738 436 4808 ψυχῆς,
469 4735 604 4789 ἀλλά
649 4737 707 4788 τὸ
755 4737 817 4788 ὲκ
850 4734 1158 4798 συστάσεως
1202 4732 1377 4806 ψυχῆς
1416 4732 1510 4785 καὶ
1564 4733 1817 4799 σώματος

237 4833 320 4893 εἰς
365 4829 491 4899 μίαν
537 4827 635 4897 τὴν
683 4825 775 4883 τοῦ
818 4824 983 4881 καλοῦ
1044 4825 1254 4896 μορφὴν
1328 4822 1598 4876 συντεθέν.
1654 4820 1816 4875 Ὅθεν

236 4919 489 4975 ἐντεῦθεν
522 4918 785 4973 ἀθάνατον
821 4917 885 4988 δὴ
926 4917 1017 4969 τὸν
1062 4916 1343 4986 ἄνθρωπον
1385 4913 1661 4982 γεγονέναι
1696 4914 1817 4977 φαί-

243 5030 415 5076 νεται,
466 5011 671 5081 φθορᾶς
713 5008 768 5060 δὲ
804 5009 1019 5077 ἀπάσης
1060 5009 1154 5060 καὶ
1189 5008 1356 5059 νόσων
1411 5004 1586 5066 ἐκτός.
1643 5002 1818 5056 Μαθοι

241 5107 286 5159 δ’
317 5107 380 5161 ἄν
409 5122 492 5168 τις
544 5103 700 5157 τοῦτο
750 5103 842 5162 καὶ
888 5102 996 5154 ἀπὸ
1029 5101 1140 5170 τῆς
1174 5100 1392 5171 Γραφῆς
1436 5095 1651 5158 ἱκανῶς.
1698 5095 1820 5147 Ἐπὶ

244 5196 353 5267 γὰρ
408 5195 515 5251 τῶν
575 5194 747 5248 ἄλλων
771 5234 785 5259 ,
852 5191 1024 5244 ὁπόσα
1084 5190 1291 5262 χρόνων
1353 5185 1821 5259 μετακοσμοῦνται

243 5273 546 5350 διαστολαῖς
584 5284 820 5357 ἡὸὦντα,
866 5282 959 5334 καὶ¹
1004 5280 1374 5351 γηράσκοντα,
1432 5274 1819 5345 Ἐξαγαγέτω,

247 5378 485 5447 λέγεται,
514 5376 589 5430 τὰ
618 5374 807 5429 ὕδατα
834 5370 1051 5440 ἑρπετὰ
1082 5369 1299 5440 ψυχῶν
1337 5367 1559 5430 ζωσῶν,
1592 5366 1691 5420 καὶ
1719 5382 1823 5418 πε-

247 5468 412 5531 τεινὰ
443 5466 740 5535 πετόμενα
769 5462 867 5517 ἐπὶ
900 5460 1009 5529 τῆς
1040 5460 1173 5529 τῆς,
1208 5458 1360 5514 κατὰ
1401 5458 1467 5511 τὸ
1518 5456 1822 5524 στερέωμα

248 5560 355 5626 τοῦ
387 5557 675 5627 οὐρανοῦ·
702 5556 816 5619 καὶ,
834 5552 1194 5623 Ἐξαγαγέτω
1216 5550 1252 5617 ή
1282 5549 1357 5620 γῆ
1390 5547 1605 5618 ψυχὴν
1625 5546 1822 5607 ζῶσαν

323 5722 339 5758 ⁸
376 5721 499 5779 Cor.
561 5722 620 5773 τὸ
642 5738 751 5772 ποι.
830 5723 848 5751 ²
881 5717 1011 5773 Thr.
1043 5732 1123 5780 ιιι,
1151 5716 1238 5770 Si.

530 5814 802 5881 PAFROL.
837 5814 953 5873 (in.
1002 5810 1166 5871 XLI.

1921 4639 2059 4694 sime
2084 4654 2209 4693 esse
2229 4637 2433 4691 dicitur
2458 4650 2567 4688 non
2594 4634 2843 4704 corporis
2865 4647 3057 4701 expers
3088 4633 3289 4695 anima,
3320 4649 3493 4702 neque

1921 4743 2125 4797 corpus
2165 4726 2346 4778 anima
2390 4722 2747 4787 destitutum;
2808 4719 2901 4775 sed
2946 4719 2999 4773 id
3052 4721 3196 4796 quod
3235 4721 3288 4773 in
3330 4738 3492 4777 unum

1919 4816 2134 4886 pulchri
2163 4814 2396 4883 bonique
2430 4811 2660 4866 formam
2691 4827 2757 4866 ex
2787 4811 2982 4867 animo:
3008 4818 3061 4864 et
3088 4812 3334 4886 corporis
3359 4827 3492 4866 con-

1918 4906 2202 4978 iunctione
2247 4905 2536 4960 conﬂatur.
2596 4902 2675 4957 Ex
2707 4919 2816 4975 quo
2846 4903 3065 4976 quidem
3113 4905 3291 4975 colligi
3334 4922 3493 4976 posse

1922 4999 2158 5063 videtur,
2186 4995 2546 5051 immortalem
2573 4994 2843 5049 hominem
2863 5009 2985 5058 esse
3017 4992 3242 5056 factum,
3266 5011 3365 5049 nec
3388 5012 3493 5050 non

1923 5104 1973 5144 et
2024 5089 2394 5158 corruptionis
2440 5086 2654 5154 omnis,
2722 5102 2786 5140 ac
2830 5086 3144 5140 morborum
3194 5096 3493 5157 expertem.

1921 5179 2097 5249 Atque
2122 5179 2224 5233 hoe
2253 5178 2430 5249 ipsum
2463 5191 2634 5231 sacrae
2662 5175 2878 5230 Littera:
2906 5175 3122 5246 abunde
3149 5192 3250 5231 nos
3274 5177 3490 5231 docent.

1919 5267 2054 5322 Nam
2085 5269 2139 5322 in
2178 5254 2422 5337 reliquis,
2455 5280 2576 5336 qua:
2613 5274 2917 5335 temporum
2947 5272 3151 5330 mutata
3179 5265 3372 5334 spatiis
3399 5265 3493 5318 ad-

1918 5361 2161 5415 olescere
2185 5374 2250 5413 ac
2271 5374 2664 5413 consenescere
2694 5359 2901 5413 solent:
2939 5342 3266 5423 Producaut,
3294 5356 3491 5427 inquit,

1920 5466 2070 5520 aqua:
2092 5451 2306 5513 reptilia
2330 5451 2628 5504 animarum
2648 5451 2925 5503 virentium
2944 5458 2993 5502 et
3013 5448 3242 5503 volucres
3260 5449 3493 5504 volantes

1920 5558 2076 5611 super
2107 5551 2323 5608 terram,
2348 5545 2508 5611 juxta
2535 5541 2924 5613 ﬁrmmuenmm
2953 5543 3125 5597 cazli‘.
3160 5539 3318 5595 Item:
3356 5538 3491 5593 Pro-

1320 5717 1338 5746 ³
1365 5714 1509 5771 Psal.
1537 5729 1695 5780 chv,
1728 5713 1779 5766 7.
1855 5710 1878 5736 ⁸
1910 5710 2045 5766 Gen.
2091 5726 2128 5772 ι,
2163 5707 2231 5761 9.0

3136 5804 3214 5863 35
