3846 6148
360 326 507 385 4099
1750 326 1812 380 S.
1853 319 2193 380 EPIl’llANll
3485 324 3547 383 ll
3568 324 3645 382 3‘)

366 442 529 496 ducat
583 449 722 495 terra
777 439 1009 494 animum
1058 440 1308 494 viventem
1371 423 1650 495 secundum
1697 441 1940 509 speciem.

2057 438 2206 493 κατὰ
2229 438 2401 509 γένος
2428 437 2781 508 τετράποδα,
2811 438 2910 493 κω
2937 437 3175 507 ἑρπετὰ,
3208 436 3310 491 καὶ
3329 437 3507 506 θηρία
3538 437 3655 506 τῆς

368 531 763 603 quadrupedia,
833 532 1050 603 reptilia
1105 540 1155 586 et
1210 530 1403 587 bestias
1467 544 1620 588 terra?
1663 532 1940 588 secundum

2054 528 2163 601 γῆς
2197 530 2348 585 κατὰ
2385 531 2578 601 γένος.
2633 531 2761 585 Ἐπὶ
2801 530 2859 585 δὲ
2895 529 2995 585 τοῦ
3047 528 3337 602 ἀνθρώπου
3380 529 3659 593 ὡσαύτως

364 642 525 696 genus
553 625 591 680 ¹.
629 622 731 679 Ubi
758 623 825 679 ad
859 623 1136 678 hominem
1158 622 1490 693 perventum
1521 634 1644 691 est,
1691 639 1798 680 non
1830 641 1940 695 per-

2053 621 2306 687 ἐκείνοις,
2350 620 2712 693 Ἑξαγαγέτω
2739 604 2899 693 ήῖγνῆ.
2933 622 3152 676 οὐκέτι·
3190 622 3245 694 ἢ,
3274 620 3658 691 Ἔξαγαγέτω

366 714 491 770 inde
518 728 575 770 ut
608 714 664 769 in
694 713 818 769 aliis
846 713 1019 769 dixit:
1075 710 1347 768 Producat
1371 717 1557 768 terra:
1590 721 1706 777 aut,
1744 713 1940 768 Produ-

2052 714 2124 769 τὰ
2180 714 2400 768 ὕδατα·
2455 715 2510 785 ἢ,
2565 714 3009 783 Γενηθήτωσαν
3055 712 3395 784 φωστῆρες.
3461 712 3657 776 Ἀλλὰ,

368 812 494 860 cant
535 817 723 876 aquw:
758 817 872 871 aut,
908 803 1072 859 Fiant
1113 804 1403 858 luminaria
1418 807 1460 858 '.
1503 802 1630 870 Sed,
1659 790 1940 859 Faciamus

2051 805 2401 876 Ποιήσωμεν
2416 804 2732 875 ἄνθρωπον
2749 808 2877 861 κατ’
2903 807 3128 869 εἰκόνα,
3160 805 3262 860 καὶ
3281 807 3416 862 καθ’
3439 806 3633 875 ὁμοίω

365 898 628 953 hominem
660 897 729 952 ad
762 898 1067 968 imaginem,
1106 905 1155 951 et
1182 894 1588 950 similitudinem
1611 906 1851 950 nostram
1897 907 1948 951 et

363 992 545 1060 prwsit
573 987 827 1060 piscibus,
852 998 901 1044 et
932 987 1239 1043 volatilibus
1270 987 1406 1051 cali,
1435 996 1488 1041 et
1518 987 1775 1041 universis
1792 1003 1949 1057 pecu-

364 1083 519 1136 dibus
538 1082 577 1136 ⁸.
622 1081 707 1144 Et,
741 1080 955 1151 Accepit
996 1078 1132 1134 Deus
1165 1079 1230 1134 de
1250 1078 1376 1133 limo
1407 1089 1581 1144 terra,
1617 1089 1665 1132 et
1695 1078 1947 1147 formavit

365 1175 625 1229 hominem
650 1173 693 1226 ‘.

436 1264 623 1320 XVill.
664 1265 844 1335 Atque
895 1272 955 1318 ut
1003 1263 1245 1319 hominis
1301 1278 1331 1318 a
1380 1263 1594 1319 caeteris
1646 1262 1948 1319 discrimen

2051 914 2156 952 σιν
2196 898 2512 969 ἡμετέραν,
2549 900 2644 953 καὶ
2696 899 3049 969 ἀρχέτωσαν
3089 898 3197 954 τῶν
3255 900 3505 969 ἰχθύων,
3548 899 3655 954 καὶ

2049 989 2171 1044 τῶν
2222 989 2510 1045 πετεινῶν
2564 991 2671 1045 τοῦ
2723 993 3008 1067 οὐρανοῦ,
3057 990 3156 1046 καὶ
3217 991 3470 1046 πάντων
3528 991 3655 1045 τῶν

2056 1082 2321 1153 κτηνῶνσ
2379 1086 2495 1148 καὶ,
2562 1086 2817 1140 Ἔλαϐεν
2853 1088 2886 1141 ό
2945 1084 3085 1153 Θεὸς
3153 1084 3309 1156 χοῦν
3370 1083 3493 1139 ἀπὸ
3539 1080 3651 1155 τῆς

2050 1174 2183 1247 γῆς,
2213 1174 2310 1229 καὶ
2339 1174 2577 1229 ἔπλασε
2612 1174 2720 1228 τὸν
2751 1175 3087 1244 ἄνθρωπον.

2120 1268 2229 1323 IH'.
2268 1268 2380 1320 Καὶ
2413 1267 2501 1321 ἵνα
2539 1266 2603 1339 δὴ
2659 1266 2858 1338 μᾶλλον
2891 1269 2986 1322 καὶ
3031 1268 3191 1339 ὑμεῖς
3232 1265 3336 1338 τὴν
3376 1266 3657 1339 διαφορὰν

369 1359 544 1429 magis
576 1372 641 1412 ac
674 1357 845 1427 magis
876 1356 1076 1411 intueri
1104 1356 1346 1425 possitis,
1380 1364 1757 1425 quantumque
1793 1364 1949 1410 ante-

365 1454 527 1508 cellat
557 1451 834 1513 omnibus,
858 1456 911 1504 et
940 1455 999 1503 ut
1024 1447 1331 1503 secundum
1362 1454 1489 1517 post
1519 1446 1746 1516 angelos
1771 1446 1951 1517 digni-

365 1544 496 1599 tatis
547 1543 726 1597 locum
778 1540 1037 1595 obtinens
1083 1539 1497 1593 immortalitate
1543 1538 1616 1593 sit
1663 1538 1946 1607 praeditus,

363 1648 463 1705 age
490 1632 638 1688 istud
670 1633 850 1703 ipsum
876 1632 1060 1686 denuo
1091 1644 1156 1685 ex
1209 1645 1337 1684 vera
1366 1637 1421 1684 et
1449 1629 1950 1709 orthodoxaratio-

360 1741 432 1782 ne
463 1724 830 1795 disputemus.
870 1720 1033 1794 542
1075 1719 1286 1777 Etenim
1331 1721 1546 1776 caeteris
1573 1720 1791 1792 quidem
1825 1722 1940 1776 ani-

2051 1725 2209 1797 σμόν.
2246 1725 2373 1789 Τοῖς
2405 1725 2504 1796 μὲν
2530 1724 2640 1797 γὰρ
2673 1724 2780 1778 ἀπὸ
2809 1724 2905 1795 τῆς
2938 1722 3192 1794 εἰσπνοῆς
3237 1718 3333 1774 τοῦ
3368 1719 3520 1774 κατὰ
3550 1720 3656 1774 τὸν

360 1818 643 1872 mantibus
669 1831 733 1870 ex
765 1815 913 1869 illius
949 1814 1200 1885 spiritus,
1250 1813 1343 1884 qui
1378 1829 1474 1883 per
1500 1828 1681 1868 aerem
1711 1814 1940 1869 diffusus

2050 1818 2189 1889 ἀέρα
2229 1816 2537 1889 πνεύματος
2580 1816 2940 1888 ὲμψυχῶσθαι
2972 1816 2992 1848 ⁷
3028 1814 3185 1885 ἐδόθη
3224 1813 3286 1866 τὸ
3316 1810 3440 1884 ζῇν,
3475 1811 3560 1883 τῷ
3585 1810 3651 1864 δὲ

361 1905 813 1987 est‘immissione
834 1906 1018 1959 anima
1046 1912 1131 1960 est
1154 1903 1374 1973 vitaque
1402 1919 1689 1959 concessa.
1723 1902 1940 1958 llomini

2050 1910 2108 1977 ἐξ
2128 1910 2298 1981 αὐτῆς
2317 1910 2417 1981 τῆς
2443 1909 2710 1965 ἀθανάτου
2737 1912 2831 1964 καὶ
2855 1907 3220 1980 διαφερούσης
3241 1905 3453 1970 οὐσίας.
3526 1906 3651 1959 Ἐν·-

2049 1358 2337 1431 αἴσθησθε,
2368 1359 2445 1423 ὡς
2470 1359 2605 1413 ὅλων
2629 1360 2727 1413 καὶ
2763 1359 2929 1413 παντὶ
2984 1358 3095 1414 τῶν
3128 1359 3302 1413 ἄλλων
3340 1358 3654 1429 διαφέρων,

2049 1450 2146 1505 καὶ
2174 1451 2232 1503 ὲν
2275 1448 2505 1520 δευτέρᾳ
2545 1451 2680 1520 τιμῇ
2728 1446 2836 1501 τῶν
2863 1446 3110 1517 ἀγγέλων
3150 1443 3587 1515 ἐγκαταλεχθεὶς
3625 1445 3655 1497 ὁ

2048 1540 2333 1614 ἄνθρωπος
2374 1539 2690 1612 εὑρίσκεται
2737 1538 3005 1603 ἀθάνατος
3044 1536 3142 1603 ὣν,
3183 1537 3314 1609 φέρε
3365 1536 3515 1590 κατά
3555 1535 3656 1588 τὸν

2049 1632 2224 1705 ἁληθῆ
2251 1633 2412 1687 πάλιν
2449 1632 2542 1686 καὶ
2570 1632 2850 1704 ὀρθόδοξον
2889 1632 2983 1686 καὶ
3019 1630 3180 1685 τοῦτο
3223 1628 3466 1684 διαλάϐω
3493 1628 3653 1697 λογι-

210 5825 216 5831 .
321 5802 330 5835 ἱ

362 2005 494 2053 vero
545 1994 785 2067 idipsum
839 2009 905 2050 ex
957 1994 1253 2049 immortali
1292 2003 1455 2064 atque
1485 1992 1773 2048 excellenti
1808 1993 1943 2048 sub-

361 2089 565 2146 stantia
590 2087 854 2143 tributum
878 2106 890 2141 :
919 2084 1205 2156 Inspiravit
1225 2087 1366 2140 enim
1384 2083 1525 2139 Deus
1548 2086 1603 2139 in
1624 2085 1813 2155 faciem
1830 2085 1943 2155 ejus

359 2181 687 2251 spiraculum
720 2179 840 2234 uiue
865 2194 885 2243 ;
913 2188 962 2233 et
998 2178 1173 2248 factus
1216 2186 1294 2233 est
1326 2178 1479 2231 homo
1512 2177 1569 2231 in
1600 2178 1835 2232 animam
1867 2178 1945 2232 vi-

357 2280 560 2328 rentem
577 2267 621 2327 '.
657 2268 771 2327 Illis
808 2269 1019 2325 servire
1067 2277 1231 2340 atque
1265 2267 1495 2339 imperio
1533 2268 1783 2334 subesse,
1816 2266 1945 2323 huic

358 2364 630 2422 dominari
657 2372 823 2435 atque
856 2362 1147 2434 imperium
1197 2376 1457 2417 exercere
1488 2363 1804 2415 mandatum
1835 2367 1940 2417 est.

358 2458 456 2514 Illa
494 2456 744 2512 diversas
769 2462 1096 2509 naturarum
1130 2452 1335 2524 effigies
1382 2451 1700 2523 formasque
1747 2451 1940 2508 sortita

359 2559 526 2618 sunt;
559 2553 831 2620 quotquot
855 2545 946 2601 Dei
977 2545 1139 2616 jussu
1168 2544 1345 2600 solida
1379 2552 1433 2601 et
1468 2543 1821 2615 aspectabilis
1846 2557 1943 2595 na-

357 2649 482 2697 tura
511 2639 788 2711 produxit.
818 2636 957 2692 Huic
984 2636 1077 2692 Dei
1106 2634 1276 2690 indita
1300 2634 1600 2691 similitudo
1630 2641 1714 2688 est
1743 2633 1807 2687 ad
1835 2633 1943 2703 pri-

356 2749 502 2788 mam
532 2731 703 2792 illam,
731 2739 786 2784 et
823 2722 1158 2798 unigenitam
1196 2725 1373 2780 Patris
1397 2725 1688 2795 imaginem
1722 2723 1942 2793 penitus

357 2838 616 2894 expressa
656 2836 673 2875 :
702 2817 851 2874 Fecit
895 2819 1037 2874 enim
1068 2817 1210 2871 Deus
1238 2817 1494 2871 hominm:
1519 2832 1538 2879 ;
1570 2814 1639 2868 ad
1662 2814 1942 2885 imaginem

357 2914 457 2970 Dei
485 2913 609 2983 fecit
640 2912 841 2969 illum“.
862 2909 1015 2967 Unde
1043 2918 1097 2966 et
1124 2910 1369 2964 simulam
1386 2923 1475 2961 um
1494 2921 1675 2971 suum,
1700 2914 1944 2976 utquam

360 3006 595 3059 maxime
645 3003 863 3058 ﬁrmum
911 3015 977 3057 ac
1020 3002 1216 3057 stabile
1248 3013 1412 3063 esset,
1445 3010 1633 3053 curam
1669 2999 1939 3064 adhibuit,

360 3113 496 3151 neve
542 3097 897 3167 corruptione
932 3094 1131 3150 tentari
1167 3092 1325 3147 facile
1357 3099 1561 3162 posset,
1602 3091 1827 3162 perinde
1858 3098 1942 3144 at-

358 3204 465 3257 que
493 3187 685 3242 ellictis
731 3203 761 3241 a
794 3202 852 3242 se
897 3184 1098 3242 statuis
1145 3184 1436 3239 consulere
1468 3182 1706 3237 artiﬁces
1736 3183 1936 3237 solent.

359 3276 464 3343 Qui
495 3292 604 3329 non
638 3275 799 3329 modo
825 3275 1248 3329 simulacrorum
1282 3286 1509 3326 suorum
1543 3271 1938 3341 pulchritudini

358 3383 425 3423 ac
473 3367 659 3423 decori
710 3366 956 3431 student,
994 3371 1055 3418 ut
1084 3364 1283 3419 eximia
1315 3364 1495 3432 specie
1540 3378 1603 3417 ac
1652 3363 1940 3433 magnifica

358 3459 492 3522 sint,
518 3456 614 3513 sed
644 3456 807 3511 etiam
839 3454 1325 3520 immortalitatem,
1354 3452 1533 3523 quoad
1566 3464 1817 3523 possunt,
1843 3454 1941 3509 iis-

357 3548 482 3604 dem
513 3547 648 3618 ipsis
685 3546 926 3601 tribuere
960 3552 1252 3611 conantur,
1284 3552 1343 3597 ut
1369 3559 1532 3614 quam
1560 3545 1939 3614 longissimum

356 3637 412 3693 in
469 3626 686 3709 tempus
738 3638 947 3709 integra
1015 3635 1348 3707 minimeque
1400 3635 1670 3690 dissoluta
1729 3651 1941 3706 pt'l'ma-

356 3739 539 3785 neant.
577 3730 633 3785 Id
680 3729 825 3801 quod
848 3727 1117 3783 Phidiam
1165 3728 1307 3783 inter
1332 3735 1560 3783 cazteros
1597 3726 1794 3783 fecisse
1829 3744 1941 3785 me-

356 3831 592 3879 morant.
620 3820 721 3878 ille
750 3822 919 3887 enim,
955 3836 1079 3876 cum
1108 3819 1374 3892 Olympici
1402 3818 1556 3877 lovis
1583 3820 1939 3876 simulacrum

351 3915 606 3972 ﬁnxisset
657 3930 724 3971 ex
760 3914 947 3981 ebore,
978 3911 1156 3969 oleum
1195 3912 1261 3967 ad
1312 3913 1478 3982 pedes
1532 3920 1658 3969 ante
1703 3921 1939 3968 statuam

350 4007 515 4076 jussit
541 4005 768 4075 edundi,
799 4021 910 4077 quo
944 4002 1253 4060 immortale
1281 4003 1428 4058 illam
1463 4011 1728 4074 quantum
1758 4014 1940 4074 posset

350 4098 605 4156 efﬁceret.

418 4192 557 4248 Cum
589 4190 755 4262 igitur
793 4189 848 4244 in
881 4188 951 4244 iis
984 4186 1267 4259 operibus,
1302 4201 1425 4257 qua:
1464 4186 1717 4243 manibus
1750 4189 1946 4245 elabo-.

351 4284 612 4342 raverint.
643 4279 886 4335 artifices
930 4279 1036 4334 ista
1088 4278 1424 4342 moliantur;
1455 4292 1641 4333 nonne
1670 4287 1939 4348 praestan-

351 4376 599 4432 tissimus
624 4372 712 4425 ille
736 4370 917 4441 opifex
950 4367 1116 4433 Deus,
1147 4370 1242 4441 qui
1274 4369 1358 4424 vel
1387 4385 1453 4425 ex
1485 4370 1657 4425 nihilo
1685 4386 1940 4440 procrea-

352 4484 410 4525 re
444 4474 619 4538 potest
651 4464 859 4527 omnia,
890 4478 1045 4519 suam
1076 4462 1222 4516 illam
1255 4463 1471 4517 ratione
1511 4462 1794 4531 praeditam
1825 4464 1937 4519 elii-
1969 4483 2013 4537 ι)

246 4612 249 4613 ν
348 4560 512 4631 giem,
543 4556 793 4613 videlicet
822 4553 1119 4617 hominem,
1148 4553 1324 4606 multo
1353 4551 1530 4624 magis
1552 4554 1940 4624 sempiternam

347 4661 400 4707 et
454 4649 819 4707 immortalem
870 4646 1089 4717 penitus
1141 4644 1569 4716 necessarioque
1615 4644 1941 4701 fabricavit?

348 4745 432 4799 An
480 4745 665 4814 potius
713 4740 1077 4811 ignominiose
1107 4739 1245 4794 adeo
1291 4738 1620 4795 dissolutam
1661 4738 1939 4809 corrumpi

347 4844 400 4890 et
443 4835 670 4891 interire
721 4831 1015 4904 permisit?
1047 4830 1226 4901 Atque
1257 4846 1376 4886 eam
1430 4830 1650 4901 quidem
1683 4829 1935 4901 elligiem,

347 4942 509 4998 quam
555 4926 811 4981 manibus
864 4922 1138 4994 perpetire
1200 4922 1318 4978 suis
1376 4922 1639 4993 singulari
1695 4922 1930 4991 quadam

348 5020 557 5074 ratione
587 5018 845 5087 dignatus
888 5023 995 5079 est,
1028 5029 1191 5085 quam
1228 5012 1295 5067 ad
1335 5012 1626 5081 imaginem
1673 5026 1828 5066 suam
1868 5027 1932 5066 ac

345 5110 781 5173 similitudinem,
821 5107 969 5163 velut
1008 5105 1195 5159 mundi
1245 5104 1475 5157 alterum
1529 5100 1794 5155 mundum
1836 5118 1931 5156 ex-

2047 2003 2322 2071 εςςύσησε
2334 2001 2443 2072 γὰρ
2463 2004 2494 2055 ό
2516 2000 2660 2067 Θεὸς
2678 2003 2766 2065 εἰς
2786 2000 2853 2055 τὸ
2881 1994 3207 2069 πρόσωπον
3225 1995 3415 2052 αὑτοῦ
3437 1994 3651 2063 πνοὴν

2047 2092 2225 2164 ζωῆςο
2264 2096 2364 2149 καὶ
2405 2092 2647 2164 ἐγένετο
2690 2093 3004 2162 ἅνθρωπος
3043 2096 3133 2160 εὶς
3170 2093 3389 2162 ψυχὴν
3417 2087 3647 2152 ζῶσαν.

2047 2184 2159 2239 Καὶ
2184 2185 2296 2248 τοῖς
2322 2184 2422 2256 μὲν
2448 2184 2720 2240 δουλεύειν
2763 2186 2858 2239 καὶ
2889 2182 3154 2256 ἄρχεσθαι
3184 2183 3532 2255 προσετάγη,
3564 2179 3654 2250 τῷ

2046 2274 2103 2327 δὲ
2138 2276 2327 2347 ἄρχειν
2365 2276 2461 2329 καὶ
2495 2274 2795 2340 δεσπόζειν.
2825 2276 2936 2330 Καὶ
2960 2276 3072 2337 τοῖς
3109 2272 3209 2345 μὲν
3244 2272 3485 2344 διάφορα
3508 2272 3649 2341 σχή-

2050 2384 2195 2439 ματα
2225 2368 2439 2436 φύσεων
2480 2366 2731 2435 δίδονται,
2774 2369 2869 2421 καὶ
2917 2365 3141 2437 μορφαὶ,
3194 2364 3401 2427 ὁπόσας
3434 2365 3470 2433 ὴ
3518 2380 3649 2415 στεο

2052 2458 2268 2530 ρέμνιος
2303 2459 2396 2511 καὶ
2423 2458 2594 2531 ὁρατὴ
2644 2458 2807 2527 φύσις
2836 2456 3149 2517 κελεύοντος
3185 2451 3282 2506 τοῦ
3316 2451 3456 2505 Θεοῦ
3486 2452 3647 2519 ἐγέν-

2046 2567 2199 2621 νησε,
2230 2548 2308 2620 τῷ
2337 2549 2392 2602 δὲ
2422 2548 2652 2612 θεοειδὲς
2689 2549 2784 2602 καὶ
2817 2545 3135 2609 θεοείκελον,
3163 2543 3257 2598 καὶ
3289 2544 3472 2598 πάντα
3506 2542 3646 2614 πρὸς

2046 2642 2260 2714 ἐκείνην
2282 2641 2743 2714 ἀπηκριϐωμένον
2779 2641 2879 2711 τὴν
2911 2639 3264 2712 πρωτότυπον
3294 2634 3391 2689 τοῦ
3421 2635 3647 2705 [ἰατρὸς

2046 2737 2140 2790 καὶ
2190 2728 2454 2807 μονογενῆ
2503 2735 2703 2788 εἰκόνα⁶
2764 2733 3050 2802 Ἐποίησε
3105 2732 3215 2801 τὰρ
3252 2732 3286 2784 ό
3334 2728 3483 2795 Θεὸς
3533 2727 3645 2805 τῲ·

2046 2827 2390 2895 ἄνθρωπον*
2428 2827 2555 2881 κατ’
2580 2825 2785 2881 εἰκόνα
2812 2824 2960 2880 Θεοῦ
2981 2823 3273 2891 ἐποίησεν
3296 2820 3511 2875 αὐτόν.
3549 2817 3648 2873 Διδ

2046 2916 2142 2972 καὶ
2187 2915 2454 2986 ἐμέλησεν
2515 2914 2663 2985 αὐτῷ
2710 2914 2807 2985 τῆς
2864 2912 2958 2966 τοῦ
3004 2910 3264 2983 σφετέρου
3315 2909 3645 2980 ἀγάλματος

2045 3004 2323 3080 διαμονῆς,
2361 3003 2448 3061 ἵνα
2489 3006 2562 3079 μὴ
2593 3006 2860 3060 εὐάλωτον
2957 3003 3096 3077 πρὸς
3127 3001 3463 3074 διαφθοράνο
3498 3000 3645 3057 καθ-

2047 3103 2192 3175 άπερ
2216 3101 2310 3155 καὶ
2354 3100 2462 3154 τῶν
2504 3099 2841 3170 ἀνδριάντων
2868 3100 2979 3162 τοῖς
3019 3097 3393 3167 δημιουργοῖς.
3420 3095 3497 3148 Οὐ
3530 3094 3645 3163 γὰρ

2046 3195 2206 3267 μόνον
2240 3193 2469 3256 κάλλους
2516 3191 2623 3246 τῶν
2670 3190 2999 3261 ἀγαλμάτων
3030 3187 3214 3246 αὐτοῖς
3256 3188 3353 3240 καὶ
3394 3186 3499 3256 τῆς
3546 3186 3644 3239 εὐ-

2045 3287 2310 3360 πρεπείας
2353 3283 2530 3338 αὐτῶν
2584 3282 2991 3353 πεφρόντισται,
3026 3280 3175 3343 ὅπως
3220 3274 3323 3332 ὦσι
3368 3276 3641 3349 περικαλ-

2043 3380 2154 3444 λεῖς
2201 3380 2233 3451 ἦ
2275 3378 2733 3451 μεγαλοπρεπεῖς,
2768 3374 2903 3429 ἀλλά
2943 3373 3038 3428 καὶ
3066 3372 3164 3443 τῆς
3196 3373 3276 3435 εἰς
3311 3370 3374 3426 τὸ
3408 3370 3642 3424 δυνατδν

2045 3470 2227 3540 σφισιν
2261 3470 2447 3532 αὐτοῖς
2484 3464 2784 3530 ἀθανασίας
2812 3466 2922 3520 τῶν
2955 3461 3458 3535 δημιουργημόπων
3496 3461 3641 3532 πρόο

2043 3574 2191 3611 νοιαν
2222 3557 2513 3621 ποιεῖσθαι,
2545 3558 2625 3620 εἰς
2655 3554 2747 3609 τὸν
2795 3555 3115 3627 μακραίωνα
3144 3553 3337 3623 χρόνον
3367 3550 3639 3613 διασώζε-

2046 3649 2167 3717 σθαι
2206 3649 2281 3721 μὴ
2312 3649 2567 3721 λυόμενα,
2609 3645 2861 3717 καθάπερ
2900 3647 2994 3700 καὶ
3034 3644 3269 3709 Φειδίας.
3298 3636 3472 3707 Οὗτος
3499 3642 3639 3714 γὰρ,

2046 3742 2187 3815 μετά
2216 3743 2277 3796 τὸ
2327 3741 2735 3796 κατασκευάσαι
2759 3739 2821 3793 τὸ
2865 3740 3084 3793 Πισαῖον
3127 3738 3344 3792 εἴδωλον
3399 3734 3486 3806 (ἐξ
3527 3734 3640 3789 tas.

2044 3851 2243 3904 φαντος
2257 3835 2313 3889 δὲ
2334 3833 2493 3888 τοῦτο
2518 3830 2635 3906 ἦν),
2655 3832 2834 3887 ἔλαιον
2854 3829 3127 3902 ἐκκεῖσθαι
3157 3827 3493 3900 προσέταξεν
3517 3828 3642 3898 (34)

2043 3926 2185 3993 ἀμφὶ
2206 3928 2330 3989 τοὺς
2352 3925 2518 3989 πόδας
2544 3923 2857 3997 ἔμπροσθεν
2880 3921 2972 3977 τοῦ
2999 3919 3331 3991 ἀγάλματος,
3357 3917 3639 3973 ἀθάνατον

2044 4018 2122 4078 εἰς
2153 4016 2378 4088 δᾶναμιν
2413 4017 2705 4088 φυλάσσειν
2740 4016 2760 4045 ⁸
2787 4013 2938 4067 αὐτό.
3016 4057 3022 4065 .

2113 4184 2223 4241 Καὶ
2256 4180 2436 4240 τοίνυν
2468 4191 2517 4242 ei
2546 4188 2657 4243 τῶν
2680 4190 3051 4260 χειροτμήτων
3073 4186 3245 4251 οὕτως
3274 4186 3634 4259 δημιουργοὶ,

2041 4280 2070 4332 ὁ
2101 4277 2233 4343 Θεὸς
2258 4280 2286 4331 ὁ
2311 4279 2715 4350 ἀριστοτέχνας,
2757 4281 2815 4344 ὃς
2844 4278 3019 4334 πάντα
3053 4277 3403 4346 δύναται-καὶ
3433 4279 3493 4344 ἐξ
3526 4279 3633 4331 οὖν

2040 4369 2209 4423 ὄντων
2236 4374 2430 4434 ποιεῖν,
2471 4372 2533 4424 ού
2572 4370 2772 4442 μᾶλλον
2798 4373 2858 4426 τὸ
2902 4371 3121 4443 ἄγαλμα
3148 4370 3210 4422 τὸ
3250 4369 3472 4438 λογικὸν
3498 4371 3618 4423 tau

2041 4463 2133 4516 τοῦ
2160 4464 2248 4516 τὸν
2296 4463 2573 4536 ἄνθρωπον
2602 4464 2905 4537 ἀνώλεθρον
2943 4464 3038 4518 καὶ
3076 4461 3341 4516 ἀθάνατον
3389 4456 3530 4513 εἶναι
3567 4461 3629 4512 τὸ

2040 4556 2302 4628 παράπαν
2335 4556 2394 4621 ἐξ
2421 4558 2637 4629 ἀπάσης
2667 4559 2911 4627 ἀνάγκης
2935 4554 3335 4627 ἐμηχανήσατο,
3358 4552 3477 4606 ἀλλ’
3501 4554 3625 4607 sta-

2039 4663 2131 4700 σεν
2165 4646 2339 4711 οὕτως
2369 4648 2673 4719 ἀτιμότατα
2723 4649 2984 4720 λυόμενον
3029 4644 3236 4717 ὀλέθρῳ
3280 4642 3625 4716 παραδοῦναι

2035 4737 2130 4790 καὶ
2153 4738 2348 4810 φθορᾷ,
2380 4737 2784 4811 δδιαφερόντως
2808 4740 3005 4809 ἠξίωσε
3029 4739 3147 4801 ταῖς
3173 4736 3368 4790 ἑαυτοῦ
3388 4734 3626 4805 ποιῆσαι

2033 4828 2212 4900 χερσὶ,
2264 4830 2384 4884 κατ’
2436 4830 2617 4883 εἰκόνα
2667 4829 3077 4902 μορφοποιήσας
3136 4827 3289 4894 αὐτὸ,
3350 4827 3445 4880 καὶ
3495 4827 3623 4881 καθ’

2036 4921 2293 4992 ὁμοίωσιν
2315 4922 2412 4995 τὴν
2446 4920 2661 4987 ἑαυτοῦ,
2691 4922 2783 4976 τὸν
2817 4922 3017 4993 κόσμον
3045 4919 3138 4974 τοῦ
3185 4920 3409 4990 κόσμου,
3446 4919 3517 4973 δι’
3558 4914 3621 4974 οὗ

2039 5012 2243 5082 κόσμος
2284 5014 2537 5083 ὲγένετο;
2584 5014 2696 5068 Οὐκ
2732 5012 2878 5066 ἔστιν
2923 5014 3115 5065 εἰπεῖν.
3164 5012 3353 5084 Ἀπῄει
3391 5011 3501 5082 γὰρ
3542 5014 3627 5072 εἰς

2036 5104 2349 5176 ἀφροσύνην
2376 5104 2684 5177 ἐπαρθέντα
2721 5103 2984 5175 φρονῆσαι
3015 5103 3192 5156 τοῦτο.

346 5197 589 5273 pressit:
625 5200 785 5271 cujus
831 5197 1069 5265 denique
1115 5209 1280 5249 causa
1329 5191 1566 5247 mundus
1609 5201 1694 5245 est
1728 5191 1925 5247 factus.
1967 5192 2084 5248 Dici
2104 5196 2261 5250 istud
2295 5198 2522 5252 omnino
2551 5214 2661 5253 non
2690 5204 2891 5268 potest.
2930 5194 3182 5250 Proxime
3229 5194 3378 5250 enim
3418 5194 3489 5247 ad
3533 5194 3609 5247 in-

344 5298 556 5355 saniam
593 5296 901 5358 accederet,
927 5292 1024 5362 qui
1056 5290 1111 5345 id
1138 5304 1281 5345 vana
1310 5288 1569 5357 Opinione
1599 5285 1820 5343 inflatus
1853 5289 2079 5345 auderet
2108 5307 2376 5348 asserere.

416 5453 593 5507 ‘Gen.
635 5449 796 5512 uel.
906 5446 1089 5501 'ibid.
1130 5420 1217 5499 it.
1312 5439 1605 5496 'ibid.26.

348 5520 373 5551 ⁸
399 5521 461 5576 Ρ.
497 5522 806 5589 φυλάσσων.

415 5636 527 5705 (3‘)
569 5637 811 5705 Ἕλαων
830 5627 1554 5705 ἐκκεῖσθοᾳιῂπροσέτηι’ῗτίῖν·.
1584 5623 1802 5705 Plinius
1826 5629 1917 5705 lii).

348 5698 435 5768 XV,
470 5698 591 5767 cap,
637 5704 724 5770 Π,
755 5705 821 5759 de
854 5698 1006 5760 ol'éo:
1055 5700 1407 5753 Existinmmr
1584 5698 1707 5745 ‘wn
1754 5698 1918 5751 vindi-

1726 5439 1747 5471 "
1769 5438 1902 5498 Gen.
1938 5458 2001 5510 ιι,
2037 5447 2088 5500 7.

2200 5449 2467 5506 “ibidem.
2579 5453 2600 5485 ⁸
2631 5451 2765 5508 Gen.
2806 5469 2842 5518 l,
2869 5451 2940 5505 27
3031 5448 3051 5479 ⁷
3085 5448 3210 5504 Cor.
3273 5447 3613 5519 ὲῷυχεῖσθιι.

2032 5630 2200 5686 cando
2227 5648 2259 5684 a
2290 5633 2433 5686 carie
2468 5636 2598 5689 utile
2634 5651 2766 5690 esse.
2823 5633 2974 5690 Certe
3001 5632 3348 5689 simulacrum
3386 5627 3615 5684 Saturni

2028 5700 2207 5755 Roma:
2235 5703 2376 5757 intus
2410 5703 2544 5762 oleo.
2563 5706 2813 5775 repletum
2839 5714 2936 5759 est.

2882 5862 2911 5873 κ
