3846 6176
211 349 350 405 1101
870 347 1239 399 Αυκ·ι;ιὶδυδ
1281 345 1623 396 ιιιηιίξιῖείς
1664 344 1786 395 Llii.

1860 345 1895 395 ἓ.
1942 344 2108 397 ἹὈΜ.
2152 344 2190 396 1.
2234 374 2301 385 -η
2343 344 2614 398 militiis.
2658 343 2840 400 LXIV.

3354 345 3493 401 “03

287 475 390 526 ω’,
438 469 576 522 Ἀλλ’
614 467 743 531 ἴσως
771 468 846 539 μὴ
884 467 1279 536 ἐπιστήσαντες
1312 466 1540 529 ἑαυτοὺς
1576 468 1710 538 πρὸς
1737 468 1802 521 τὰ

1978 462 2120 521 XIX.
2163 466 2268 521 Sed
2299 483 2419 537 qua:
2446 467 2709 523 hactenus
2743 466 3020 539 proposita
3057 474 3207 529 sunt,
3240 483 3272 521 o
3304 469 3499 537 Aglao-

205 562 486 637 λεχθέντα,
517 554 563 615 ὧ
606 559 940 630 Ἀγλαοφῶν,
970 557 1153 624 λέξετε
1175 575 1187 586 ·
1218 558 1326 611 Kal.
1362 558 1577 622 πῶς,-εἰ
1613 558 1813 613 ἀθάνα-

207 673 306 711 τον
338 651 406 726 ἦν
440 656 503 707 ὲκ
550 652 818 723 γενέσεως
856 651 978 704 καθ’
1012 651 1157 721 ὑμᾶς
1198 649 1260 702 τὸ
1307 648 1466 715 ζῶον,
1521 651 1811 721 γεγένηται

208 740 432 819 θνητὸν,
488 746 649 800 ὁπότε
685 745 746 797 τὸ
794 743 1062 799 ἀθάνατον
1104 743 1540 816 ἀμεταστρὸφως
1591 743 1750 797 τοῦτο
1784 744 1813 796 ὃ

206 840 363 891 ἐστιν
416 831 556 890 εἶναι
600 833 726 907 χρὴ,
770 833 844 905 μὴ
894 832 1257 905 μεταπίπτον,
1302 833 1336 903 ἢ
1388 832 1811 904 ἐξανιστάμενον

208 930 296 992 είς
330 927 428 1000 τὴν
467 925 713 997 αἰσχίονα
748 925 841 977 xal.
867 923 1066 995 θνητὴν
1096 922 1293 993 etiam;
1341 922 1646 994 Ἀμήχανον
1678 922 1809 993 γὰρ,

210 1020 340 1073 ἐπεὶ
384 1020 485 1072 οὐκ
524 1017 671 1071 ἐστιν
712 1016 1000 1071 ἀθάνατον.
1047 1013 1293 1086 Ἐπειδὴ,
1323 1013 1484 1079 λέξω,
1518 1014 1811 1085 γενόμενον

206 1110 561 1178 αὐτεξούσιον
593 1108 730 1182 πρὸς
767 1110 867 1182 τὴν
898 1109 1109 1181 αἰρεσιν
1149 1105 1244 1160 τοῦ
1271 1104 1463 1171 καλοῦ,
1490 1106 1585 1160 καὶ
1622 1105 1811 1161 τοῦτον

204 1204 306 1260 τὸν
333 1202 534 1275 θεσμὸν
582 1200 821 1274 εἰληφὼς
851 1202 880 1255 6
929 1199 1222 1273 μισόκαλος
1267 1198 1496 1264 ἐπιστὰς
1520 1199 1812 1254 -έόάσκανε

208 1296 426 1367 ψθόνος.
445 1296 504 1350 '0
528 1293 638 1365 γὰρ
661 1293 792 1357 Θεὸς
816 1291 995 1346 ἔκτισε
1027 1293 1119 1346 τὸν
1149 1293 1434 1365 ἄνθρωπον
1460 1291 1556 1346 ἐπὶ
1598 1290 1806 1363 ἀφθαρ-

211 1387 329 1461 σίᾳ,
366 1388 459 1441 καὶ
487 1385 670 1440 εἰκόνα
696 1385 795 1455 τῆς
825 1383 959 1448 ιδίας
1004 1384 1306 1456 ἀῖδιότητος
1343 1384 1596 1456 ἐποίησεν
1625 1383 1808 1437 αὐτόν.

212 1480 325 1534 Καὶ
357 1467 468 1548 γ’ὰρ
494 1480 526 1533 d
555 1477 700 1543 Θεὸς
724 1474 984 1530 θάνατον
1013 1478 1124 1529 οὐκ
1158 1476 1469 1543 ἐποίησεν,
1501 1473 1645 1529 οὐδὲ
1685 1472 1813 1541 τέρ-

208 1586 388 1649 gerat
423 1573 515 1626 ἐπ’
561 1571 830 1637 ἀπωλείᾳ
874 1568 1122 1631 ζώντων.
1173 1569 1377 1636 Φθόνῳ
1414 1569 1483 1623 δὲ
1524 1569 1810 1624 διαϐόλου

213 1660 470 1725 θάνατος
497 1659 788 1726 εἰσῆλθεν
810 1661 897 1725 είς
928 1660 1037 1712 τὸν
1068 1659 1305 1729 κόσμον
1326 1676 1337 1688 ο
1371 1658 1624 1732 καθάπερ
1659 1660 1749 1713 καὶ
1777 1661 1810 1731 ἡ

214 1754 385 1824 Σοφία
414 1753 735 1825 Σαλομὼνος
762 1753 876 1825 (55)
916 1756 1199 1825 μαρτυρεῖ.
1238 1742 1348 1809 Kal.
1380 1753 1547 1808 πόθεν
1578 1756 1606 1808 6
1644 1752 1807 1807 θάνα-

214 1864 325 1910 τος.
370 1846 526 1910 πάλιν
557 1846 622 1917 δὴ
649 1845 903 1915 λέγεσθαι
927 1845 1164 1918 ἀνάγκη,
1190 1847 1238 1900 εί
1262 1846 1337 1919 μὴ
1371 1846 1600 1901 θάνατον
1626 1846 1810 1916 ἐποίη-

215 1955 308 1993 σεν
333 1941 362 1991 6
396 1936 550 2002 Θεὸς,
568 1940 616 1990 εἰ
647 1937 756 1991 ἀπὸ
782 1936 875 1990 τοῦ
910 1936 1130 2006 φθόνου,
1154 1939 1248 1992 καὶ
1274 1938 1392 2002 πῶς
1429 1940 1458 1992 6
1490 1937 1683 2008 φθόνος
1711 1937 1811 2006 τῆς

215 2029 523 2103 βουλήσεως
551 2029 751 2102 μᾶλλον
778 2031 967 2101 ἴσχυσε
1004 2028 1099 2083 τοῦ
1123 2030 1280 2084 Θεοῦ.
1298 2030 1459 2084 Ἀλλά
1500 2029 1659 2083 τοῦτο
1682 2022 1810 2082 δύσ-

215 2139 398 2193 φημον
435 2119 698 2192 λέξωμεν.
763 2120 934 2174 Πόθεν
964 2122 992 2173 6
1021 2120 1249 2190 φθόνος;
1285 2123 1313 2174 6
1338 2119 1634 2188 ἀντιλέγων
1671 2119 1810 2189 ὲρεῖ.

216 2215 280 2268 Εἰ
305 2213 413 2285 γὰρ
435 2212 545 2277 ἀπὸ
572 2211 665 2266 τοῦ
686 2212 957 2279 διαϐόλου,
980 2214 1077 2267 καὶ
1102 2212 1189 2266 διὰ
1215 2212 1267 2265 τί
1298 2211 1542 2276 διάϐολος
1571 2210 1810 2280 ἐγένετο,

211 2311 265 2364 εἰ
300 2307 517 2377 ἐγένετο
537 2323 553 2373 ;

1914 558 2082 627 phon,
2115 558 2299 612 minus
2331 566 2539 611 attento
2588 556 2819 611 forsitan
2852 557 3036 611 animo
3079 556 3501 611 considerantes

1913 650 2150 718 objicere
2178 649 2284 703 ista
2319 646 2572 718 poteritis
2608 667 2619 701 :
2645 648 2702 703 Si
2734 649 3039 703 immortale
3071 649 3138 703 ab
3168 649 3376 719 origine
3400 664 3498 702 sua

1913 741 2116 795 animal
2168 740 2303 796 illud
2355 740 2651 804 exstiterit,
2681 740 2775 811 qui
2821 741 3039 795 tandem
3094 742 3321 796 mortale
3375 758 3499 797 esse

1912 832 2125 901 potuit;
2161 846 2285 885 cum
2320 829 2589 901 quidquid
2624 839 2709 885 est
2743 831 3071 896 innnortale,
3109 832 3213 887 hoc
3242 833 3388 903 quod
3417 842 3499 889 est

1914 924 2093 995 ipsum
2142 931 2409 994 perpetuo
2442 940 2564 979 esse
2596 923 2811 986 debeat,
2852 940 2950 980 nec
2986 926 3040 979 in
3073 926 3319 982 viliorem
3350 942 3499 981 mor-

1915 1018 2186 1088 talemque
2214 1026 2464 1079 naturam
2493 1018 2879 1088 degenerando
2903 1018 3360 1092 trauseat?543
3391 1019 3501 1073 lloc

1911 1110 2059 1163 enim
2112 1100 2227 1163 fl‘éri
2276 1109 2486 1179 nequit,
2531 1110 2734 1179 alioqui
2793 1110 3102 1165 immortale
3155 1127 3261 1164 non
3316 1112 3499 1165 fuerit.

1915 1198 2021 1255 Sed
2052 1214 2152 1269 ego
2182 1199 2279 1254 tibi
2313 1214 2535 1254 causam
2569 1200 2647 1255 rei
2693 1200 2856 1270 lmjus
2894 1204 3158 1272 aperiam.
3183 1202 3319 1257 Cum
3354 1203 3499 1257 enim

1914 1290 1982 1345 ad
2015 1291 2143 1347 boni
2180 1292 2449 1348 delectum
2487 1292 2703 1347 arbitrii
2731 1293 2982 1348 libertate
3004 1301 3152 1351 esset
3174 1295 3502 1358 instructus.

1913 1398 1977 1438 ac
2025 1384 2198 1454 legem
2243 1384 2392 1437 illam
2440 1385 2764 1455 accepisset,
2803 1386 3042 1456 pessima
3072 1402 3199 1441 eum
3244 1402 3503 1457 superve-

1915 1474 2072 1530 niens
2119 1474 2469 1530 labefactavit
2521 1477 2745 1531 invidia.
2786 1477 3066 1548 Siquidem
3122 1478 3266 1534 Deus
3302 1495 3500 1533 corru-

1914 1567 2103 1637 ptione
2129 1576 2409 1621 carentem
2438 1568 2717 1623 hominem
2749 1572 2978 1635 creavit,
3007 1578 3061 1626 et
3084 1572 3153 1627 ad
3180 1573 3504 1627 aeternitatis

1915 1673 2029 1713 sua:
2068 1658 2329 1729 produxit
2361 1660 2688 1731 imaginem:
2724 1660 2860 1716 Deus
2884 1664 3019 1717 enim
3054 1674 3273 1718 mortem
3306 1682 3405 1718 non
3425 1666 3501 1733 fe-

1914 1751 2008 1811 cit,
2039 1766 2130 1804 nec
2162 1750 2456 1805 delectatur
2504 1752 2557 1805 in
2600 1752 2896 1819 perditione
2944 1755 3244 1808 viventium.
3292 1754 3503 1810 Invidia

1910 1855 2028 1893 vero
2060 1838 2263 1893 diaboli
2297 1857 2438 1895 mors
2469 1843 2686 1895 intravit
2722 1843 2777 1895 in
2807 1843 3084 1909 mundum,
3123 1854 3178 1898 ut
3219 1862 3315 1915 per
3349 1845 3503 1899 Salo-

1911 1949 2125 1988 monem
2160 1933 2437 2005 Sapientia
2462 1938 2751 1991 testatur'.
2790 1935 2894 1991 Sed
2926 1937 3195 1993 undenam
3227 1955 3374 1995 mors
3397 1956 3495 1994 cx-

1911 2025 2113 2078 Stilerit
2164 2025 2519 2094 repetendum
2570 2028 2886 2082 necessario
2932 2029 3091 2083 nobis
3138 2038 3241 2093 est,
3277 2038 3319 2085 si
3362 2030 3504 2088 Deus

1911 2118 2057 2171 illam
2088 2133 2195 2171 non
2228 2116 2456 2182 fecerit;
2491 2135 2615 2172 nam
2646 2120 2689 2174 si
2726 2121 2794 2171 ab
2822 2120 3024 2175 invidia
3077 2122 3376 2193 profectam
3421 2125 3506 2179 di-

1912 2210 2078 2275 xeris,
2125 2208 2403 2279 quomodo
2456 2211 2675 2263 tandem
2729 2210 2932 2266 invidia
2983 2211 3167 2268 divina
3224 2217 3505 2271 voluntate

1913 2300 2034 2373 plus
2076 2303 2283 2357 valuit?
2315 2301 2422 2357 Sed
2457 2302 2560 2357 hoc
2596 2304 2745 2358 dictu
2784 2304 2976 2360 infelix
3007 2306 3505 2379 detestandumque

216 2401 468 2457 dicamus
502 2415 516 2453 :
548 2395 824 2453 undenam
861 2395 1062 2452 invidia
1090 2395 1338 2475 profecta
1363 2397 1434 2451 sit
1460 2394 1807 2452 adversarius
1845 2394 2059 2466 quaerit.
2095 2390 2231 2449 Nam
2285 2393 2333 2453 si
2378 2408 2407 2447 a
2446 2393 2664 2449 diabolo
2696 2398 3051 2467 respondeas,
3108 2415 3212 2454 cur
3277 2403 3504 2455 omnino

216 2492 471 2554 diabolus
490 2492 729 2555 exstitit,
756 2490 801 2545 si
827 2491 1125 2561 productus
1152 2499 1237 2547 est
1266 2491 1596 2562 aliquando?

283 2584 374 2638 K’.
389 2585 497 2639 Kal.
519 2585 547 2639 6
564 2586 800 2656 ποιήσας
817 2584 1143 2638 αὐτόνέστιν
1159 2582 1331 2648 αἴτιος
1346 2581 1441 2638 τοῦ
1461 2580 1808 2639 εἶναικακόν.

1981 2573 2100 2632 XX.
2125 2574 2203 2630 Ac
2226 2573 2474 2646 profecto
2492 2575 2587 2646 qui
2606 2576 2755 2631 illum
2770 2578 3020 2634 condidit
3039 2590 3231 2638 auctor
3256 2590 3379 2642 mali
3411 2590 3504 2645 de-

226 2670 391 2730 Ἀλλά
421 2675 661 2740 ἀναίτιος
688 2676 869 2747 πάντη
903 2676 1091 2731 κακῶν
1124 2679 1272 2731 ἐστιν
1294 2680 1322 2730 6
1351 2676 1483 2741 Θεός
1501 2693 1515 2707 ·
1548 2677 1810 2747 ἀγένητος

1918 2668 2001 2722 bet
2033 2667 2223 2721 videri.
2254 2667 2421 2737 Atqui
2450 2670 2718 2723 malorum
2746 2683 2917 2726 causa
2947 2671 3091 2731 Deus
3115 2692 3236 2732 esse
3267 2695 3373 2734 non
3402 2698 3501 2753 po-

218 2770 331 2842 ᾶρα
367 2771 395 2823 6
419 2768 682 2834 διάϐολος.
714 2770 826 2824 Kal.
876 2771 922 2823 εί
968 2770 1250 2840 ἀγένητος,
1288 2770 1381 2823 καὶ
1436 2768 1672 2841 ἀπαθὴς,
1721 2768 1810 2821 καὶ

1918 2768 2052 2815 test:
2088 2774 2263 2829 quare
2281 2760 2350 2813 ab
2374 2759 2531 2814 nullo
2548 2759 2852 2829 productus
2871 2771 2956 2818 est
2981 2763 3253 2823 diabolus.
3273 2769 3425 2836 Quod
3456 2774 3505 2828 si

217 2860 545 2934 ἀνώλεθρος,
573 2862 668 2916 καὶ
699 2862 973 2934 ἀνενδεὴς.
1007 2860 1097 2933 Τῷ
1119 2863 1228 2935 γάρ
1266 2863 1517 2933 ἀγενήτῳ
1551 2860 1608 2925 ἐξ
1647 2860 1815 2929 ἀνάγ-

219 2966 327 3022 κης
370 2952 585 3024 ἀπάσης
636 2951 809 3007 ταῦτα
858 2953 1123 3027 ὑπάρχειν
1169 2954 1298 3024 χρή.
1355 2953 1413 3005 ὐ
1461 2952 1516 3005 δὲ
1564 2951 1810 3014 διάϐολος

221 3047 599 3116 καταργεῖται,
634 3045 727 3099 καὶ
768 3044 1079 3108 κολάζεται.
1115 3044 1187 3097 Τὸ
1220 3044 1277 3098 δὲ
1309 3043 1670 3115 κολαζόμενον
1701 3045 1809 3115 ἄρα

1916 2851 1991 2905 ita
2021 2861 2126 2915 est,
2154 2867 2332 2921 neque
2364 2852 2478 2921 pati
2509 2852 2808 2922 quidquam
2841 2864 3042 2925 potest,
3071 2868 3125 2913 et
3148 2863 3298 2915 exitii
3330 2880 3501 2932 prnu-

1919 2943 2122 3011 riaeque
2146 2949 2230 2996 est
2248 2941 2428 2996 omnis
2445 2957 2663 3011 expers.
2684 2943 2816 2998 Nam
2836 2946 2979 3016 quod
2999 2964 3276 3019 nunquam
3298 2955 3470 3023 prodi
3489 2987 3502 2996 -

1917 3040 2066 3087 etum
2122 3041 2229 3099 est,
2278 3033 2406 3088 huic
2452 3033 2634 3088 inesse
2676 3035 2791 3089 hare
2830 3039 3012 3092 omnia
3054 3056 3279 3100 necesse
3305 3054 3408 3102 est.
3436 3049 3506 3105 At

220 3137 547 3200 ἀλλοιοῦται,
601 3137 697 3190 καὶ
753 3135 973 3206 πάσχει.
1015 3135 1248 3198 Ἀπαθὲς
1300 3135 1357 3188 δὲ
1411 3136 1472 3188 τὸ
1514 3134 1810 3205 ἀγένητον·

1918 3125 2120 3179 diaboli
2152 3132 2385 3179 conatus
2417 3125 2470 3179 in
2503 3127 2735 3181 nihilum
2783 3129 3068 3197 redigitur,
3110 3134 3360 3207 idemque
3407 3157 3497 3210 pu-

217 3231 324 3284 οὐκ
372 3229 479 3304 ἄρα
508 3229 792 3301 ἀγένητος,
840 3226 977 3281 ἀλλά
1019 3228 1245 3297 γενητὸς
1288 3229 1316 3281 6
1348 3226 1627 3297 διάϐολος·
1658 3229 1705 3279 εἰ
1753 3227 1810 3280 δὲ

221 3322 467 3395 γενητὸς,
500 3324 596 3376 καὶ
639 3324 746 3377 πᾶν
785 3322 847 3376 τὸ
877 3321 1243 3392 γεγενημένον
1290 3321 1397 3375 ἀπό
1442 3337 1588 3384 τινος
1640 3321 1817 3393 ἀρχῆς

206 3406 461 3484 Ἐγένετο,
493 3415 587 3468 καὶ
625 3414 775 3468 ἐστιν
803 3412 970 3468 αὑτοῦ
1008 3412 1344 3484 δημιουργὸς
1386 3412 1482 3466 καὶ
1513 3411 1607 3465 τοῦ
1636 3410 1816 3465 διαδό-

212 3505 338 3559 τλου.
372 3506 481 3559 Καὶ
512 3504 742 3577 πότερον
786 3504 1041 3567 κάκεῖνος
1073 3500 1336 3573 ἀγένητὸς
1379 3502 1549 3563 ἐστιν,
1590 3499 1623 3571 ἢ
1657 3516 1818 3571 γενη-

219 3600 352 3665 τός;
392 3597 555 3653 Ἀλλά
586 3598 650 3652 τὸ
675 3596 940 3667 ἀγένητον
962 3592 1101 3649 εἶναι
1137 3595 1297 3666 μόνον
1329 3592 1571 3646 νοεῖσθαι
1592 3594 1698 3665 χρὴ
1726 3593 1816 3647 τὸν

214 3691 385 3746 Θεόν·
418 3690 540 3744 οὐδὲ
563 3690 673 3761 γὰρ
706 3684 845 3743 εἶναι
877 3688 940 3741 τὸ
966 3687 1183 3742 σύνολον
1216 3684 1326 3757 (56)
1353 3685 1489 3761 ὄλαξς
1520 3686 1585 3738 ἐκ
1615 3684 1817 3748 παντὸς

220 3785 305 3846 εἰς
333 3782 393 3836 τὸ
418 3781 679 3851 παράπαν
697 3779 886 3849 ἕτερος
912 3776 1243 3848 δημιουργὸς
1268 3774 1408 3847 πλὴν
1432 3772 1600 3828 αὐτοῦ
1623 3790 1636 3804 ·
1670 3772 1819 3841 Ἐγὼ

220 3871 477 3944 πρῶτος,
518 3871 617 3925 καὶ
638 3869 755 3939 ἐγὼ
780 3869 931 3939 μετὰ
958 3867 1166 3931 ταῦτα,
1202 3866 1301 3919 καὶ
1332 3864 1502 3931 πλὴν
1533 3863 1679 3933 ἐμοῦ
1706 3862 1817 3917 ἆλ-

220 3970 336 4032 ἁος
362 3966 474 4019 οὐκ
511 3963 646 4019 ἐστι
677 3961 841 4028 Θεόςη.
885 3961 1020 4014 Οὐδὲ
1054 3957 1554 4030 μετασκευάζεσθαι
1586 3956 1668 4009 δεῖ
1690 3974 1740 4008 τι
1774 3956 1813 4020 ί,

219 4060 258 4131 ἢ
282 4058 559 4123 κτίςεσθαι
583 4056 735 4127 παρά
753 4053 851 4126 τὴν
871 4052 1036 4107 αὑτοῦ
1056 4051 1279 4105 δύναται
1295 4048 1513 4122 βουλήν.
1532 4047 1643 4102 Kal
1664 4047 1771 4119 γὰρ
1789 4050 1821 4105 6

222 4151 353 4215 Υἱὸς
381 4149 535 4203 οὐδὲν
562 4149 653 4219 ἀφ’
680 4145 875 4201 ἑαυτοῦ
912 4143 1173 4200 δύνασθαι
1204 4144 1377 4196 ποιεῖν
1409 4140 1681 4213 ὁμολογεῖ,
1710 4140 1819 4193 ἐὰν

220 4241 306 4313 μὴ
327 4241 532 4310 ,ϐλέπῃ
562 4241 668 4294 τὸν
681 4238 911 4306 Πατέρα
934 4237 1244 4290 ποιοῦντα.
1270 4236 1340 4288 *Α
1362 4235 1475 4303 γὰρ
1501 4232 1597 4295 ἂν,
1630 4232 1815 4303 φησὶν,

220 4338 259 4390 ό
286 4333 486 4403 Πατὴρ
518 4326 682 4401 ποιῇ,
731 4330 920 4384 ταῦτα
952 4328 1049 4381 καὶ
1088 4331 1119 4381 ὀ
1156 4326 1285 4391 Fide
1314 4325 1488 4379 ποιεῖ.
1540 4324 1675 4377 Οὐδὲ
1712 4325 1818 4394 μήν

219 4440 279 4481 τι
308 4426 585 4497 πολέμιον,
639 4422 670 4495 ἢ
707 4421 1014 4486 ἁντιδοξοῦν
1065 4418 1303 4490 αὐτῷ,ἢ
1348 4417 1592 4471 ἀντίθεόν
1638 4419 1813 4469 ἐστιν’

222 4518 370 4584 ἐπεὶ,
401 4517 505 4571 κᾶν
539 4518 587 4570 εί
614 4513 961 4586 ἀντέπρασσέ
979 4531 1031 4565 τι
1055 4511 1133 4582 τῷ
1162 4510 1302 4580 Θεῷ,
1328 4508 1606 4563 ἐπαύσατο
1634 4510 1698 4563 ἂν
1720 4508 1814 4563 τοῦ

1921 3217 2090 3272 nitur.
2134 3216 2292 3284 Quod
2350 3226 2531 3273 autem
2583 3220 2827 3288 punitur,
2879 3216 3122 3280 mutatur
3164 3245 3226 3282 ae
3278 3234 3503 3302 patitur.

1916 3309 2081 3379 Atqui
2114 3311 2228 3381 pati
2260 3310 2393 3365 nihil
2422 3319 2603 3379 potest
2633 3313 2775 3381 quod
2804 3317 3162 3384 productione
3189 3331 3360 3378 caret.
3381 3324 3505 3380 Non

1920 3400 2083 3470 igitur
2116 3400 2500 3471 productionis
2529 3420 2760 3476 expers;
2793 3407 2885 3461 sed
2917 3411 3220 3478 productus
3250 3414 3506 3487 aliquan-

1917 3495 1989 3547 do
2021 3494 2296 3550 diabolus.
2332 3493 2454 3549 Iam
2484 3514 2615 3552 vero
2642 3514 2768 3553 cum
2797 3510 2848 3554 et
2879 3502 3179 3570 productus
3208 3507 3297 3563 ille
3330 3509 3422 3574 sit,
3452 3520 3529 3565 rt’

1919 3587 2189 3658 quidquid
2219 3589 2548 3659 productum
2573 3599 2677 3654 est,
2713 3592 2783 3646 ab
2839 3594 3018 3665 aliquo
3071 3598 3339 3670 principio
3376 3618 3506 3672 pro-

1918 3681 2142 3735 ductum
2176 3676 2285 3744 sit,
2310 3697 2656 3753 consequens
2678 3693 2762 3739 est
2783 3687 3019 3755 aliquem
3051 3705 3194 3755 esse,
3227 3707 3256 3745 a
3286 3709 3397 3762 quo
3433 3698 3508 3749 sit

1918 3783 2243 3844 procreatus
2272 3774 2543 3830 diabolus.
2580 3776 2902 3831 Utrumnam
2937 3780 3103 3848 igitur
3152 3785 3316 3836 etiam
3372 3801 3504 3856 pro-

1918 3865 2119 3919 ductus
2149 3865 2239 3919 ille
2262 3863 2387 3919 fuit.
2410 3879 2479 3918 an
2510 3865 2736 3935 produci
2770 3884 2876 3920 non
2907 3871 3122 3939 potuit?
3148 3889 3330 3927 verum
3355 3879 3502 3945 quod

1919 3954 2300 4026 productionis
2330 3963 2416 4010 est
2447 3971 2666 4026 expers,
2693 3972 2791 4026 par
2822 3966 2903 4011 est
2933 3977 3098 4014 umnn
3129 3961 3394 4019 duntaxat
3422 3969 3506 4020 in-

1918 4047 2087 4118 telligi
2122 4045 2312 4101 Deum.
2350 4044 2536 4116 Neque
2569 4048 2712 4101 enim
2747 4050 2891 4104 ullus
2922 4065 3044 4106 esse
3073 4063 3252 4121 potest
3278 4061 3505 4114 omnino

1920 4147 2118 4209 praeter
2158 4139 2309 4192 illum
2357 4139 2533 4209 ipsum
2578 4139 2780 4209 opifex.
2821 4139 2933 4211 Ego
2962 4144 3188 4213 primus,
3222 4147 3421 4219 inquit,
3454 4164 3505 4206 et

1918 4248 2011 4303 ego
2052 4232 2388 4294 novissimus,
2422 4242 2471 4285 et
2504 4240 2699 4300 prater
2744 4249 2823 4287 me
2862 4252 2966 4288 non
3015 4247 3091 4290 est
3134 4240 3271 4293 alius
3305 4239 3442 4295 Deus
3464 4244 3503 4296 ‘.

1922 4322 2030 4378 Sed
2068 4339 2244 4394 neque
2270 4324 2597 4378 commutari
2632 4325 2910 4395 quidpiam
2941 4342 3004 4383 ac
3038 4339 3233 4397 prazter
3265 4334 3384 4403 ejus
3418 4354 3506 4390 vn.

1920 4414 2185 4469 luntatem
2227 4416 2506 4485 procreari
2561 4425 2760 4486 potest.
2797 4417 3007 4475 Etenim
3038 4421 3203 4480 Filius
3228 4427 3361 4480 nihil
3412 4445 3507 4498 per

1922 4522 2045 4563 sese
2072 4506 2252 4563 facere
2282 4522 2444 4577 posse
2474 4510 2785 4577 confitetur,
2814 4512 2919 4567 nisi
2964 4514 3016 4568 id
3053 4513 3269 4582 Patrem
3303 4520 3496 4588 facien-

221 4606 387 4683 εἶναι,
423 4609 676 4680 λυθείσης
699 4605 864 4661 αὑτοῦ
893 4607 959 4676 τῇ
993 4601 1089 4656 τοῦ
1118 4602 1253 4655 Θεοῦ
1280 4600 1504 4673 δυνάμει
1536 4601 1629 4654 καὶ
1671 4600 1810 4670 ἰσχύῖ

1925 4608 2025 4652 tem
2061 4599 2270 4653 viderit.
2303 4599 2435 4665 Qua:
2477 4599 2641 4661 enim.
2679 4602 2874 4671 inquit,
2922 4602 3082 4657 Pater
3115 4607 3263 4673 facit,
3304 4610 3415 4663 liazc
3457 4623 3506 4665 et

220 4706 323 4773 ’τῆς
353 4698 800 4770 συστάσεωςυΤῷ
827 4698 937 4769 γάρ
960 4696 1241 4767 ποιήσαντι
1264 4693 1423 4747 λῦσαι
1451 4693 1596 4765 μόνῳ
1627 4692 1720 4745 καὶ
1747 4691 1815 4743 τά

221 4795 470 4849 ἀθάνατα
498 4791 745 4846 δυνατόν.

1924 4688 2105 4743 Filius
2136 4687 2324 4759 facit‘.
2365 4688 2550 4758 Neque
2591 4706 2720 4744 vero
2772 4692 3052 4747 inimicum
3099 4697 3378 4765 quiddam.
3414 4713 3503 4757 aut

1925 4795 2236 4851 repugnans
2274 4795 2338 4833 ac
2371 4779 2480 4833 Deo
2526 4783 2864 4836 contrarium
2920 4794 3044 4840 est:
3077 4789 3122 4842 si
3177 4791 3304 4859 quid
3356 4796 3503 4848 enim

221 4894 396 4952 esset,
427 4884 575 4954 quod
602 4882 713 4938 Deo
741 4878 1046 4943 resisteret,
1077 4892 1199 4935 esse
1245 4876 1472 4932 omnino
1513 4875 1814 4938 desineret,
1853 4888 1919 4928 eo
1951 4872 2099 4943 quod
2133 4871 2315 4925 divina
2341 4872 2545 4925 virtute
2575 4886 2640 4925 ac
2675 4874 2872 4929 robore
2940 4878 3121 4934 omnis
3180 4881 3325 4937 illius
3369 4899 3503 4939 eon-

222 4974 443 5030 stitntio
487 4974 899 5028 dissolveretur.
931 4969 1145 5039 Quippe
1177 4967 1331 5023 solus
1362 4968 1451 5021 ille
1487 4967 1567 5020 vel
1599 4980 1662 5020 ea
1693 4980 1817 5035 quae
1858 4974 1986 5020 sunt
2015 4961 2345 5016 immortalia
2379 4963 2683 5018 dissolvere
2714 4973 2910 5039 potest,
2942 4969 3034 5037 qui
3064 4972 3330 5039 condidit.

302 5068 428 5120 ΚΝ.
467 5067 532 5119 Τί
566 5063 657 5118 οὖν
688 5068 719 5118 6
746 5064 991 5127 διάϐολος
1026 5061 1272 5128 λέξεται;
1305 5057 1527 5128 Πνεῦμα
1566 5058 1694 5129 περὶ
1717 5055 1818 5128 τὴν

222 5157 359 5231 ὕλην
391 5159 532 5229 ἕχον,
561 5157 813 5227 καθάπερ
841 5154 1056 5227 ἐλέχθη,
1096 5148 1142 5207 ὦ
1181 5152 1520 5223 Ἀθηναγόρα
1556 5150 1690 5221 (57),
1718 5165 1814 5217 γε-

299 5317 313 5347 ³
347 5314 477 5370 Cor.
538 5314 702 5385 δήτι.
782 5315 801 5343 ⁸
840 5311 967 5381 Sap.
998 5327 1037 5376 ι,
1068 5311 1152 5364 15.

300 5468 414 5539 (55)
464 5468 744 5537 Καθάπερ
793 5466 894 5539 καὶ.
922 5468 978 5539 γὴ
1034 5463 1223 5539 Σοφία
1270 5458 1817 5539 ΣίιιοέιῶγοςΆιεί-

1998 5053 2162 5126 544
2196 5051 2341 5108 XXI.
2384 5054 2654 5118 Quidnam
2690 5057 2856 5128 igitur
2879 5060 3097 5116 tandem
3122 5063 3398 5121 diabolum
3420 5082 3499 5124 es-

1924 5164 1982 5203 se
2014 5146 2302 5201 dicemus?
2333 5144 2597 5217 Spiritum
2627 5148 2899 5218 videlicet,
2922 5152 3014 5223 qui
3046 5153 3193 5208 circa
3226 5159 3503 5214 materiam

1234 5310 1252 5338 ³
1284 5307 1387 5363 lsa.
1425 5323 1570 5368 κων,
1602 5304 1656 5359 6.
1730 5301 1928 5360 ‘Joan.
1950 5318 2003 5367 ν,
2039 5303 2124 5358 19.

1916 5456 2251 5540 Methodmm
2268 5459 2578 5541 scripsisse
2605 5461 2683 5541 τῷ
2713 5463 3086 5541 domum.
3152 5467 3231 5525 Ex
3259 5470 3500 5529 Athena.

229 5528 324 5592 tur
353 5528 647 5609 Sapientia:
678 5528 817 5592 liber
841 5528 1219 5609 Salomgniab
1245 5528 1633 5603 antiquissimo
1656 5528 1817 5584 Patre
1916 5543 2084 5609 geras,
2128 5529 2329 5609 inquit,
2376 5528 2664 5609 ,εειιιςηιὶίι
2694 5528 2949 5609 diabolus
2996 5528 3224 5609 spiritus
3249 5551 3355 5603 est.
3381 5528 3499 5602 lete.

230 5603 513 5663 tribuitur.
551 5607 686 5662 Vide
718 5614 772 5662 et
802 5623 957 5661 num.
991 5603 1080 5659 56.

1915 5599 2231 5686 Qupdqppd
2249 5599 2485 5686 “Paulum
2506 5600 2851 5686 Leopardum
2870 5609 2972 5686 lib.
2996 5599 3089 5664 xix
3117 5599 3501 5686 Enzend.,cap.

306 5679 418 5750 (36)
451 5678 604 5732 Οὐδὲ
634 5677 744 5746 γὰρ
769 5674 923 5750 εἶναι
955 5676 1020 5750 τιὸ
1050 5675 1338 5750 σύνολον.
1378 5671 1810 5750 Parum-integer

1918 5668 1948 5722 9
1999 5678 2207 5750 ppstea
2248 5670 2586 5750 reperimus;
2620 5668 2730 5742 'qui
2762 5684 2822 5750 et
2857 5678 3217 5750 Athenagora-
3244 5697 3310 5737 e:
3345 5668 3506 5745 ora};

235 5741 326 5802 hic
351 5741 502 5803 lorus
522 5741 755 5802 videtur.
782 5746 886 5802 Sed
915 5746 1088 5814 hujus
1100 5745 1427 5799 sententiam
1451 5741 1810 5814 reddidimus.

308 5818 421 5885 (37)
452 5817 728 5887 Καθάπερ
765 5810 1006 5887 ἐλέχθη,
1047 5810 1095 5870 ὦ
1132 5815 1508 5882 Ἀθηναγόρα.
1554 5811 1816 5880 Suspicor

1912 5737 2012 5822 pro
2031 5737 2231 5822 Christ.
2265 5737 2748 5822 verba‘citatuqum
2772 5737 3501 5822 glethodiusvdescripserati

1928 5807 2200 5861 Ἐναντίον
2239 5808 2299 5861 τὸ
2329 5812 2456 5882 περὶ
2488 5812 2584 5886 τὴν
2615 5807 2747 5885 ὕλην
2777 5814 2899 5886 ἔχον
2942 5807 3177 5890 πνεῦμα,
