3794 6134
154 302 297 361 H05

815 296 1183 353 ADVERSL'S
1225 296 1565 353 ll.lillESES
1603 297 1731 353 LIB.
1772 297 1834 353 ll.
1873 294 2032 352 T051.
2080 296 2120 350 Ι.
2161 326 2228 335 -
2269 291 2543 349 ΠᾹΞΒΕΒ.
2585 291 2766 346 LXIV.

3270 290 3405 347 1106

149 417 494 490 ἐπιστροφὴν
525 416 681 485 δίκην
707 413 931 485 πληγῶν
962 412 1161 484 εὑρέθη
1181 429 1193 443 ο
1232 413 1331 484 οὐχ
1353 414 1380 467 ὁ
1414 412 1512 482 τῆς
1549 414 1729 485 ἁμαρ-

1849 420 2081 482 :eptures
2131 411 2402 480 primaria:
2450 424 2515 465 ac
2549 407 2833 479 praecipuae
2882 420 3062 461 causa:
3113 413 3261 471 sunt,
3306 420 3407 461 cur

154 514 293 575 πίας,
319 507 365 568 ὦ
389 509 710 579 σοφώτατοι,
735 506 850 560 ἀλλ’
875 505 904 557 ὁ
927 505 1028 574 τῆς
1052 502 1375 568 διαζεύξεως
1394 504 1493 574 τῆς
1526 504 1725 576 σαρκὸς

149 603 249 654 καὶ
301 600 396 653 τοῦ
446 597 747 671 χωρισμοῢ.
795 595 1151 662 Αύτεξούσιος
1182 594 1289 669 γὰρ
1330 593 1404 649 ὢν
1439 596 1533 650 καὶ
1568 596 1726 649 αὑτο-

154 694 378 764 κράτωρ
398 694 426 745 ὀ
450 692 758 761 ἄνθρωπος,
790 688 884 742 xal.
918 688 1310 742 αύτοδέσποτον
1350 686 1603 759 βούλησιν
1636 687 1729 740 καὶ

155 781 610 853 αὐτοπροαίρετον
650 780 786 852 πρὸς
812 780 912 852 τὴν
948 780 1181 849 αἰρεσιν,
1215 780 1289 842 ὼς
1318 779 1474 848 ἔφην,
1497 777 1591 831 τοῦ
1626 795 1729 833 κα-

149 872 249 927 λοῦ
274 872 471 936 λαϐὼν,
506 872 742 935 ἀκούσας
774 888 866 928 τε’
919 871 1054 925 Ἀπὸ
1112 871 1338 937 παντὸς
1390 871 1582 935 ξύλου
1622 870 1728 924 τοῦ

154 969 226 1019 ἐν
268 966 347 1031 τῷ
391 964 735 1033 παραδείσῳ
781 962 1076 1033 φάγεσθεο
1113 964 1230 1017 ἀπὸ
1262 962 1331 1015 δὲ
1380 964 1485 1016 τοῦ
1539 962 1729 1025 ξύλου

157 1056 262 1111 τοῦ
306 1055 622 1125 γινώσκειν
662 1055 850 1108 καλὸν
893 1053 994 1107 καὶ
1038 1055 1306 1121 πονηρὸν
1352 1055 1423 1106 οὐ
1468 1053 1733 1122 φάγεσθε

152 1145 259 1198 ἀπ’
294 1144 500 1197 αὐτοῦ.
536 1139 621 1213 ᾟ
665 1142 716 1195 δ’
764 1142 841 1195 ἂν
879 1142 1066 1211 ἡμέρῃ
1116 1142 1341 1211 φάγητε
1387 1141 1486 1194 ἀπ’
1522 1140 1728 1205 αὑτοῦ,

157 1232 393 1299 θανάτῳ
430 1232 827 1287 ἀποθανεῖσθε
849 1249 864 1263 ·
897 1232 989 1285 ἀπ’
1021 1231 1187 1285 αὐτοῦ
1217 1234 1297 1295 είς
1324 1232 1384 1284 τὸ
1408 1234 1621 1300 φαγεῖν,
1654 1229 1732 1301 τῷ

155 1325 385 1395 διαϐόλῳ
407 1325 463 1378 δὲ
482 1323 895 1396 δελεασαμένηὴ
927 1324 1089 1393 σοφία
1108 1322 1364 1387 ποικίλως
1388 1322 1523 1393 πρὸς
1545 1324 1559 1353 ¹
1591 1339 1733 1393 παρ-

159 1414 330 1485 ακοὴν
380 1413 618 1468 πείσοντι
643 1452 658 1477 ,
709 1413 941 1484 ἡθέτησε
980 1414 1079 1484 τὴν
1135 1414 1354 1485 ἐντολὴν
1406 1413 1499 1466 τοῦ
1555 1413 1691 1467 Θεοῦ
1716 1428 1729 1442 ·

162 1506 257 1558 καὶ
292 1505 508 1574 ἐγένετο
537 1504 694 1558 τοῦτο
737 1505 882 1575 αὐτῷ
912 1507 993 1568 εἰς
1038 1504 1352 1565 σκάνδαλον,
1386 1506 1480 1558 καὶ
1513 1507 1590 1569 εἰς
1627 1523 1733 1558 πα-

161 1597 310 1665 γίδα,
336 1597 428 1649 καὶ
449 1598 529 1660 εἰς
560 1592 785 1649 σκῶλον.
812 1596 885 1648 Οὐ
919 1595 1027 1666 γὰρ
1055 1594 1308 1665 ἐποίησεν
1332 1593 1363 1645 ὁ
1388 1593 1519 1657 Θεὸς
1544 1594 1733 1658 κακὸν,

159 1687 285 1740 οὐδὲ.
338 1688 453 1739 ἐστι
497 1687 558 1739 τὸ
607 1686 825 1739 σύνολον
861 1685 997 1749 ὅλως
1036 1686 1099 1741 ἐκ
1146 1684 1346 1745 παντὸς
1381 1684 1441 1736 τὸ
1475 1685 1736 1755 παράπαν

1834 503 1987 573 pueri
2024 502 2210 557 dolore
2238 502 2516 572 plagarum
2539 500 2861 555 alliciantur.
2897 498 3051 554 Bona
3070 500 3231 569 igitur
3257 513 3407 554 mors

1835 600 1941 656 est,
1990 607 2114 645 cum
2172 592 2453 661 plagarum
2509 589 2683 645 instar
2727 589 2795 644 ad
2829 588 3162 643 coercendos
3209 603 3406 658 pueros

1836 693 2053 754 reperta
2086 683 2176 737 sit.
2227 681 2344 736 Non
2399 691 2742 752 peccatorum
2777 682 2899 737 dico
2947 690 3199 743 mortem,
3250 693 3285 733 ο
3319 695 3408 733 sa-

1837 776 2159 847 pientissimi
2192 775 2464 840 homines,
2496 773 2592 830 sed
2620 788 2740 830 eam
2764 789 2872 843 qua
2902 774 3118 828 animus
3142 789 3173 827 a
3213 786 3411 842 corpo-

1836 871 1914 925 ris
1978 870 2259 925 consortio
2304 875 2611 939 separatur.
2671 866 2805 922 Nam
2858 883 2979 923 eum
3028 868 3161 923 liber
3207 881 3271 921 ac
3321 866 3409 922 sui

1831 962 1977 1032 juris
2019 970 2167 1018 esset
2198 962 2362 1016 homo
2391 962 2592 1026 factus,
2627 969 2683 1015 et
2713 960 2782 1015 ad
2809 959 3038 1015 honesta
3076 960 3410 1029 capessenda

1836 1055 1921 1107 sui
1965 1053 2137 1124 ipsius
2185 1053 2398 1109 arbitrii
2433 1053 2762 1122 consiliique
2797 1052 3133 1106 voluntatem
3168 1052 3412 1121 accepis-

1837 1158 1940 1213 set,
1974 1164 2038 1203 ae
2076 1147 2391 1201 mandatum
2428 1146 2572 1202 istud
2612 1145 2918 1201 audiisset:
2950 1144 3025 1198 De
3083 1141 3223 1197 omni
3273 1146 3412 1214 ligno

1833 1239 2073 1309 paradisi
2100 1237 2409 1300 comedetis;
2440 1238 2503 1290 de
2525 1236 2668 1307 ligno
2702 1245 2876 1290 autem
2912 1235 3148 1289 scientiw
3170 1233 3291 1288 boui
3320 1245 3412 1288 aut

1838 1329 1970 1383 mali
1997 1344 2100 1382 non
2128 1326 2424 1381 comedetis.
2462 1325 2780 1394 Quacunque
2807 1333 2983 1378 autem
3012 1324 3097 1377 die
3135 1323 3411 1377 comedetis

1839 1419 1902 1474 de
1930 1419 2047 1481 illo,
2090 1431 2255 1472 ntorte
2300 1417 2596 1472 moriemini
2631 1415 2674 1480 ³,
2723 1430 2820 1485 per
2852 1430 2973 1470 sese
3014 1414 3079 1468 ad
3123 1412 3414 1468 comeden-

1840 1514 1968 1567 dum
2006 1511 2283 1577 inductus,
2325 1526 2390 1565 ac
2436 1508 2653 1565 diaboli,
2681 1507 3001 1570 calliditate,
3055 1506 3149 1575 qui
3199 1506 3264 1560 ad
3299 1506 3418 1558 viu-

1841 1603 2064 1658 laudum
2124 1601 2411 1672 imperium
2461 1601 2630 1655 variis
2681 1598 2858 1654 modis
2919 1598 3214 1660 incitabat,
3266 1597 3414 1652 velut

1843 1695 2142 1758 inescatus,
2204 1693 2294 1749 Dei
2327 1702 2652 1763 praeceptum
2688 1702 3064 1762 transgressus
3100 1699 3220 1745 est:
3255 1689 3417 1759 idque

158 1778 333 1842 αἴτιος
367 1777 562 1830 κακοῦ.
601 1775 763 1829 ’Λλλά
798 1776 904 1828 πᾶν
940 1776 1077 1845 ὅπερ
1106 1770 1171 1828 ἂν
1197 1771 1541 1838 αὐτεξούσιον
1566 1774 1738 1839 οὕτως

1849 1786 2021 1854 ipsum
2065 1786 2312 1841 scandali
2340 1786 2535 1849 instar,
2560 1792 2614 1839 et
2646 1784 2848 1853 laquei,
2885 1790 2939 1836 et
2976 1781 3295 1837 oﬂ‘eusionis
3320 1797 3416 1836 cx-

157 1867 254 1921 ὐπ’
290 1865 454 1921 αὐτοῦ
490 1866 733 1935 γεγονὸς,
769 1865 802 1936 ἢ
843 1865 979 1936 πρὸς
1016 1865 1076 1918 τὸ
1110 1864 1467 1933 φυλάξασθαι,
1511 1865 1603 1919 καὶ
1640 1883 1737 1936 τηρ

161 1958 326 2031 ρῆσαι
361 1960 546 2030 νόμον,
568 1958 627 2011 δν
652 1959 812 2023 αὐτὸς
838 1958 1060 2023 δικαίως
1086 1958 1436 2018 διεστείλατο,
1469 1956 1543 2029 μὴ
1565 1958 1739 2029 τηρῆ-

159 2068 260 2104 σαν
314 2049 532 2120 λέγεται
583 2049 770 2103 κακόν.
838 2050 1124 2122 Βαρυτάτη
1160 2050 1218 2103 δὲ
1261 2049 1430 2121 βλάϐη
1490 2049 1551 2102 τὸ
1596 2066 1738 2120 παρ-

158 2140 397 2196 ακοῦσαι
428 2140 561 2195 Θεοῦ
592 2143 717 2204 τοὺς
750 2142 909 2212 ὄρους
956 2143 1054 2211 τῆς
1097 2141 1238 2194 κατά
1285 2141 1346 2194 τὸ
1393 2140 1736 2205 αὐτεξούσιον

153 2232 479 2305 ὑπερϐάντα
503 2232 869 2303 δικαιοσύνης.
895 2230 1078 2295 "005v,
1110 2231 1294 2303 ἐπειδὴ
1315 2231 1735 2305 κατερῤυπὼθη,

160 2324 260 2378 καὶ
308 2324 678 2395 κατεμιάνθη,
729 2324 826 2394 τῆς
898 2323 1226 2391 ἀποφάσεως
1280 2323 1663 2395 ἀποστατήσας
1708 2327 1738 2379 ὁ

159 2416 260 2472 ἄνθ
270 2422 449 2487 ρωπος
472 2415 565 2468 τοῦ
591 2415 748 2478 Θεοῦ,
777 2414 871 2468 καὶ
896 2413 1116 2485 κηλίδας
1142 2414 1521 2484 ὲναπεμάξατο
1541 2415 1738 2479 κακίας

162 2508 388 2576 πολλὰς,
421 2508 487 2572 ἂς
507 2509 535 2561 ὁ
564 2508 744 2579 ἄρχων
773 2500 930 2570 οὗτος
962 2507 1268 2577 ἀπεκύησε,
1300 2506 1395 2559 καὶ¹
1430 2507 1611 2578 πατὴρ
1642 2507 1739 2576 τῆς

162 2598 394 2668 πλάνης,
432 2600 644 2661 πόνον,
672 2595 814 2650 κατά
850 2597 949 2668 τὴν
990 2594 1236 2667 Γραφὴν,
1270 2594 1627 2662 συλλαϐὼν,
1654 2596 1741 2650 ἵνα

160 2689 259 2743 τὸν
285 2690 571 2759 ἄνθρωπον
616 2682 753 2759 πρὸς
792 2686 1006 2741 ἀδικίαν
1045 2686 1133 2740 ἀεὶ
1180 2685 1473 2755 φαντάζειν
1504 2686 1603 2759 ἔχῃ
1647 2686 1740 2741 καὶ

161 2784 353 2844 κινεῖν,
398 2782 426 2833 ὁ
469 2779 602 2843 Θεὸς
643 2782 672 2833 ὁ
719 2778 1113 2849 παντοκράτωρ
1158 2776 1427 2830 ἀθάνατον
1471 2777 1640 2831 κακὸν
1682 2776 1742 2843 ἐξ

163 2872 456 2941 ἐπιϐουλῆς
493 2871 615 2925 ἰδὼν
643 2870 1005 2941 γεγενημένον
1025 2910 1038 2933 ,
1074 2868 1323 2940 καθάπερ
1357 2869 1451 2921 καὶ
1499 2869 1526 2921 ὁ
1559 2868 1741 2922 διάϐο-

162 2962 253 3028 λος
303 2964 501 3027 πλάνος
540 2959 628 3034 ἦν,
659 2964 784 3025 τοὺς
818 2960 1443 3033 δερματίνουςιχιτῶνας
1467 2960 1555 3015 διὰ
1581 2960 1742 3014 τοῦτο

164 3055 594 3117 κατεσκεύασεν,
641 3052 805 3107 οἱονεί⁵
852 3051 1155 3124 νεκρότητα
1200 3052 1508 3124 περιϐαλὼν
1547 3052 1736 3106 αὐτόν·

1837 1876 2020 1941 stitit;
2054 1875 2253 1929 malum
2290 1875 2436 1930 enim
2474 1871 2619 1928 Deus
2652 1888 2758 1928 non
2796 1871 2946 1935 fecit,
2979 1885 3080 1925 nec
3112 1870 3224 1924 ullo
3256 1869 3418 1925 modo

1837 1978 2029 2023 auctor
2059 1966 2206 2022 illius
2236 1973 2340 2021 est.
2378 1964 2487 2020 Sed
2517 1963 2781 2035 quidquid
2800 1962 3014 2018 arbitrii
3046 1961 3130 2018 sui
3152 1968 3421 2031 potestate

1838 2060 2127 2131 praeditum
2159 2059 2229 2115 ab
2254 2073 2321 2114 eo
2349 2057 2554 2113 factum
2581 2066 2689 2123 est,
2730 2064 2791 2111 ut
2819 2071 2982 2127 quam
3017 2055 3189 2124 legem
3224 2054 3421 2124 justis-

1839 2150 1978 2205 sime
2011 2147 2412 2219 prmseripserit
2439 2147 2733 2202 observare
2777 2146 2970 2216 possit,
3008 2144 3117 2199 nisi
3152 2160 3271 2200 eam
3306 2160 3422 2199 sero

1837 2240 2064 2307 vaverit,
2094 2239 2298 2294 malum
2338 2238 2660 2309 appellatur.
2692 2235 2789 2291 Est
2816 2243 2999 2289 autem
3033 2235 3419 2306 gravissimum

1839 2331 1943 2387 hoc
1971 2331 2231 2386 damnum
2270 2330 2325 2385 in
2353 2328 2567 2400 primis,
2598 2327 2692 2384 Dei
2723 2327 2976 2382 mandata
3010 2328 3284 2398 negligere
3305 2366 3320 2390 ,
3357 2341 3422 2381 ac

1834 2423 2082 2494 iustitiae,
2135 2437 2257 2493 quae
2307 2421 2568 2491 adjuncta
2607 2419 2844 2475 libertati
2896 2422 3002 2483 'est,
3039 2418 3240 2474 limites
3282 2432 3421 2489 pra:-

1838 2516 2025 2570 terire.
2072 2513 2228 2570 Unde
2259 2523 2613 2585 posteaquam
2645 2527 2675 2566 a
2723 2511 2814 2565 Dei
2844 2510 3116 2566 sententia
3163 2508 3423 2565 deﬁciens

1841 2606 2007 2662 homo
2035 2604 2356 2676 inquinatus
2387 2611 2494 2668 est,
2524 2618 2589 2657 ac
2622 2602 2804 2658 delicti
2839 2602 3094 2657 sordibus
3132 2599 3421 2665 obsolevit,

1840 2696 2067 2766 vitiique
2110 2694 2544 2765 quamplurimas
2575 2691 2844 2761 expressit
2884 2691 2940 2745 in
2988 2704 3121 2744 sese
3153 2688 3422 2751 maculas,

1842 2799 1979 2854 quas
2034 2784 2287 2853 princeps
2322 2781 2411 2836 ille
2439 2791 2492 2836 et
2520 2780 2726 2835 erroris
2766 2793 2966 2848 parens
3010 2776 3300 2842 indiderat,
3329 2776 3423 2846 qui

1844 2875 2096 2941 laborem,
2130 2883 2188 2929 ut
2238 2874 2519 2945 Scriptura
2564 2872 2802 2943 loquitur
2827 2870 2849 2902 ⁸
2875 2911 2891 2936 ,
2939 2870 3208 2939 concepit;
3239 2878 3299 2923 ut
3329 2869 3425 2923 lio-

1844 2964 2043 3018 minein
2093 2962 2162 3018 ad
2209 2963 2612 3033 improbitatem
2657 2972 2919 3032 perpetuo
2972 2958 3258 3014 fraudibus
3307 2957 3425 3013 suis

1845 3056 2063 3111 trahere
2106 3070 2172 3110 ac
2222 3053 2619 3111 circumvenire
2664 3059 2862 3124 queat;
2908 3050 3253 3122 omnipotens
3281 3040 3425 3105 Deus

164 3147 312 3210 ὅπως
342 3147 428 3201 διὰ
459 3147 557 3216 τῆς
593 3144 800 3207 λύσεως
837 3142 931 3197 τοῦ
960 3143 1207 3215 σώματος
1245 3145 1357 3197 πᾶν
1405 3143 1467 3196 τὸ
1502 3145 1559 3197 ἐν
1597 3143 1739 3216 αὐτῷ

1850 3156 2114 3203 aeternum
2150 3148 2302 3202 illum
2333 3146 2592 3201 daemonis
2620 3142 2904 3199 fraudibus
2949 3143 3150 3197 malum
3193 3156 3316 3198 esse
3344 3142 3425 3195 fa-

164 3237 424 3308 γεννηθὲν
451 3234 621 3290 κακὸν
644 3234 911 3308 ἀποθάνῃ.

1850 3247 1998 3295 etum
2044 3239 2258 3304 videns,
2307 3246 2366 3292 ut
2413 3247 2468 3293 et
2512 3238 2779 3308 impostor
2819 3234 3068 3290 diabolus
3115 3241 3255 3297 erat,
3299 3248 3430 3304 pro—

164 3341 348 3404 pterea
406 3331 663 3401 pelliceas
702 3338 752 3384 et
781 3330 903 3384 illas
943 3328 1158 3383 tunicas
1202 3327 1404 3395 fecit’,
1438 3344 1548 3400 quo
1591 3330 1743 3387 illum
1778 3335 1924 3390 velut
1964 3343 2139 3390 morte
2181 3334 2415 3405 quadam
2455 3333 2722 3397 indueret,
2756 3340 2817 3385 ut
2867 3346 2929 3387 ea
2988 3330 3241 3401 corporis
3306 3327 3426 3382 dis-

162 3423 437 3480 solutione
493 3421 758 3494 quidquid
810 3421 866 3475 in
910 3436 978 3475 eo
1023 3421 1151 3475 mali
1202 3420 1528 3492 productum
1578 3420 1755 3477 fuerat
1791 3425 2264 3482 intermoreretur.

236 3515 363 3568 ΚΓ.
406 3514 790 3584 Προηπόρηται
837 3511 895 3567 δὲ
948 3511 1088 3582 ἤδη,
1134 3511 1229 3565 καὶ⁷
1272 3512 1560 3584 ἀπεδείχθη
1626 3514 1751 3577 τοὺς

162 3605 518 3677 δερματίνους
578 3603 811 3675 χιτῶνας
871 3600 945 3673 μὴ
995 3599 1233 3659 εἶναιτὰ
1275 3601 1524 3672 σώματα.
1563 3603 1755 3674 Ὅμως

163 3698 223 3753 δὲ
252 3698 347 3751 καὶ
377 3695 538 3749 πάλιν
566 3694 644 3766 (οὐ
666 3697 776 3766 γὰρ
805 3693 951 3758 ἅπαξ
978 3693 1200 3765 ῥητέον)
1236 3692 1550 3763 φράζωμεν.
1578 3693 1752 3755 Αὐτὸς

166 3790 275 3860 πρὸ
294 3789 396 3858 τῆς
421 3786 766 3856 κατασκευῆς
794 3784 974 3837 αὐτῶν
1002 3785 1030 3836 ὁ
1059 3783 1481 3854 πρωτόπλαστος
1499 3784 1753 3853 ὁμολογεῖ

168 3882 264 3934 καὶ
295 3881 430 3933 ὀστᾶ
466 3877 610 3949 ἔχειν
638 3877 732 3931 καὶ
778 3875 1008 3947 σάρκας,
1042 3875 1208 3928 ὁπότε
1252 3874 1337 3944 δὴ,
1388 3874 1485 3945 τὴν
1516 3876 1752 3941 γυναῖκα

170 3969 320 4041 αὑτῷ
344 3968 748 4043 προσαχθεῖσαν
775 3966 1134 4037 θεασάμενος,
1163 3965 1342 4019 Τοῦτο
1364 3965 1482 4019 νῦν
1503 3964 1752 4030 ὀστοῦν,

168 4062 472 4133 ἐφώνησεν,
501 4062 571 4115 ἐκ
614 4061 733 4115 τῶν
781 4058 980 4113 ὀστῶν
1018 4076 1159 4128 μου,
1206 4058 1306 4111 καὶ
1342 4057 1497 4126 σὰρξ
1536 4056 1605 4111 ἐκ
1643 4055 1756 4126 τῆς

169 4153 397 4221 σαρκός
420 4169 561 4222 μου.
601 4149 763 4219 Αὕτη
797 4147 1171 4216 κληθήσεται
1209 4146 1364 4217 γυνὴ
1384 4189 1399 4213 ,
1435 4148 1521 4201 ὅτι
1550 4147 1619 4201 ἐκ
1649 4147 1756 4202 τοῦ

169 4243 393 4314 ἀνδρὸς
424 4242 615 4311 αὐτῆς
649 4239 909 4310 ἐλήφθη.
938 4240 1189 4293 ’Ἕνεκεν
1231 4240 1446 4294 τούτου
1479 4239 1757 4294 καταλεί-

170 4339 273 4407 ψει
300 4334 611 4404 ἄνθρωπος
639 4332 745 4387 τὸν
770 4332 997 4399 πατέρα
1019 4330 1205 4385 αὐτοῦ
1230 4330 1331 4383 καὶ
1362 4330 1476 4399 τὴν
1496 4329 1744 4400 μητέρα,

171 4427 273 4482 καὶ
330 4422 945 4495 προσκολληθήσεται
990 4420 1067 4490 τῇ
1113 4422 1350 4492 γυναικὶ
1394 4422 1618 4477 αὐτοῦ’
1652 4421 1750 4475 καὶ

168 4519 414 4576 ἔσονται
443 4521 495 4572 ol
524 4516 634 4571 δύο
663 4519 750 4582 εἰς
779 4514 978 4584 σάρκα
999 4517 1168 4585 μίαν.
1205 4515 1281 4567 Οὐ
1323 4513 1529 4585 γὰρζδὴ
1559 4512 1749 4578 ἀνέξο-

176 4628 274 4683 μαι
324 4608 745 4682 φληναφούντων
795 4606 980 4671 τινῶν,
1012 4606 1106 4659 καὶ⁴
1159 4603 1491 4675 βιαζομένων
1532 4604 1748 4675 ἀπηρυ-

172 4702 517 4775 θριασμένως
544 4701 642 4771 τὴν
675 4699 917 4771 Γραφὴν,
954 4699 1052 4753 Δἵνα
1095 4697 1277 4760 αὐτοῖς
1325 4696 1390 4764 δὴ
1432 4693 1633 4765 σαρκὸς
1670 4692 1743 4765 μὴ

171 4791 311 4852 εἶναι
341 4791 691 4866 προχώρησις
709 4791 729 4822 ⁸
756 4792 1121 4862 ήάνάστασις,
1144 4789 1279 4842 ὀστᾶ
1299 4785 1464 4856 νοητὰ
1487 4786 1580 4838 καὶ
1613 4787 1746 4857 σάρ-

172 4904 275 4949 κας
314 4882 512 4954 νοητὰς
552 4881 960 4952 ὑποτιθεμένων
983 4922 997 4946 ,
1034 4880 1129 4934 καὶ
1181 4880 1368 4935 ἄλλοτε
1416 4877 1588 4941 ἄλλως
1641 4878 1752 4932 ἄνω

172 4979 270 5033 καὶ
303 4977 453 5031 κάτω
498 4972 981 5045 μεταϐαλλομένων
1022 4972 1390 5043 ἀλληγορίαις.
1432 4970 1544 5023 Καὶ
1578 4970 1753 5022 ταῦτα

168 5069 335 5130 οὕτω,
371 5065 447 5129 ὼς
476 5065 808 5135 γέγραπται,
843 5062 1364 5133 παραλαμϐάνεσθαι
1394 5060 1753 5133 κρατύνοντος

173 5160 267 5215 τοῦ
300 5156 539 5229 Χριστοῦ
586 5156 686 5226 τὴν
732 5154 975 5226 Γραφὴν,
1013 5154 1143 5207 ἔνθα
1185 5154 1606 5224 πυνθανομένοις
1640 5156 1756 5216 τοῖς

175 5250 493 5321 Φαρισαίοις
521 5248 650 5318 περὶ
679 5243 960 5317 χωρισμοῦ
987 5244 1246 5313 γυναικὸς
1273 5244 1652 5316 ἀποκρίνεται,
1673 5243 1754 5297 ὅτι

186 5344 313 5397 Ἀπ’
334 5341 527 5411 ἀρχῆς
550 5343 582 5394 ό
606 5338 843 5402 κτίσας,
873 5336 1062 5404 ἄρσεν
1078 5326 1177 5388 καὶ
1196 5332 1351 5402 θῆλυ
1368 5334 1637 5400 ἐποίησε,
1656 5332 1753 5386 καί

173 5431 343 5489 εἶπεν
362 5449 375 5463 ⁸
406 5434 660 5487 ’Ἕνεκεν
685 5431 899 5485 τούτου
929 5428 1278 5497 καταίείψει
1309 5426 1617 5495 ἄνθρωπος
1647 5426 1755 5479 τὸν

174 5527 403 5597 πατέρα
431 5525 530 5581 καὶ
551 5525 668 5594 τὴν
694 5523 941 5596 μητέρα,
968 5523 1062 5578 καὶ
1087 5523 1155 5577 τὰ
1182 5523 1328 5594 ἑξῆς.
1366 5520 1492 5586 Πῶς
1521 5522 1629 5593 γὰρ
1662 5519 1754 5573 ἐπὶ

1924 3515 2088 3589 546
2123 3514 2318 3572 XXIII.
2373 3514 2507 3569 Illud
2556 3530 2685 3570 vero
2731 3514 2841 3585 jam
2892 3520 3051 3568 antea
3090 3511 3427 3581 diaputatum

1855 3614 1969 3669 est,
2031 3613 2503 3674 monstratumque
2555 3604 2809 3674 pelliceas
2830 3602 3041 3657 tunicas
3110 3599 3258 3655 aliud
3305 3614 3430 3655 esse

1853 3703 2053 3767 praeter
2082 3711 2332 3760 corpora.
2377 3692 2484 3748 Sed
2526 3692 2881 3747 nihilominus
2913 3690 3055 3745 idem
3103 3705 3300 3745 rursus
3326 3689 3431 3759 (di-

1851 3786 2083 3841 cendum
2112 3785 2257 3839 enim
2291 3783 2492 3852 saepius
2518 3782 2624 3850 est)
2660 3782 2764 3835 hoc
2794 3781 2916 3834 loco
2947 3785 3278 3847 repetamus.
3310 3775 3430 3831 Pri-

1851 3894 1973 3932 mus
2005 3876 2172 3946 igitur
2208 3875 2325 3945 ipse
2362 3888 2583 3944 parens,
2624 3880 2915 3941 antequam
2949 3884 3027 3924 eae
3058 3868 3257 3923 tunica:
3300 3882 3431 3922 con-

1852 3978 2164 4032 suerentur,
2214 3981 2341 4022 ossa
2394 3980 2453 4021 se
2494 3972 2550 4019 et
2607 3976 2825 4017 carnem
2877 3960 3078 4015 habere
3119 3958 3430 4021 conﬁtetur,

1850 4076 1974 4116 cum
2009 4060 2266 4114 nimirum
2309 4056 2629 4129 perductam
2677 4054 2745 4109 ad
2794 4068 2918 4108 sese
2967 4051 3249 4105 mulierem
3302 4064 3432 4103 con-

1852 4151 2142 4221 templatus
2172 4189 2187 4211 ,
2224 4147 2336 4202 Hoc
2370 4163 2507 4201 nunc
2536 4163 2614 4212 os,
2646 4145 2847 4215 inquit,
2875 4158 2941 4197 ea:
2970 4141 3174 4197 ossibus
3200 4141 3439 4208 meis,.et

1854 4259 1980 4296 caro
2007 4243 2071 4296 de
2103 4256 2261 4294 carne
2289 4256 2424 4294 mea.
2460 4237 2590 4293 Haec
2636 4236 2909 4291 vocabitur
2940 4234 3149 4301 mulier,
3182 4233 3433 4304 quoniam

1856 4336 1920 4390 de
1949 4338 2059 4391 viro
2089 4346 2298 4404 sumpta
2341 4343 2441 4388 est.
2482 4331 2703 4400 Propter
2732 4330 2826 4383 hoc
2864 4329 3119 4399 relinquet
3153 4328 3307 4381 liomo‘
3336 4343 3435 4396 pa-

1860 4439 1990 4483 trem
2030 4438 2078 4483 et
2112 4438 2338 4482 matrem
2383 4441 2558 4491 suam,
2594 4433 2641 4478 et
2689 4422 2978 4477 adhaerebit
3030 4421 3187 4475 uxori
3221 4436 3354 4484 sum,
3388 4429 3437 4473 ct

1856 4530 2009 4576 erunt
2050 4520 2153 4573 duo
2204 4521 2257 4574 in
2301 4534 2512 4573 carnem
2561 4533 2722 4570 unum
2756 4516 2800 4570 ‘.
2850 4513 3036 4585 Neque
3084 4514 3227 4569 enim
3258 4520 3438 4567 certos

1862 4612 2115 4666 homines
2159 4611 2301 4665 ferre
2328 4625 2576 4680 possum,
2625 4608 2720 4678 qui
2756 4606 3009 4661 consulto
3044 4613 3321 4674 nugantur
3372 4617 3439 4656 ae

1853 4699 2164 4770 Scripturas
2212 4698 2685 4769 impudentissime
2726 4696 3075 4764 detorquent,
3117 4709 3226 4765 quo
3257 4709 3416 4747 suum

1851 4792 1985 4846 illud
2038 4792 2105 4846 de
2160 4790 2396 4845 tollenda
2445 4788 2849 4844 resurrectione
2883 4787 3079 4856 dogma
3134 4785 3430 4857 procedat;

1851 4882 1942 4952 qui
1988 4881 2111 4936 ideo
2146 4890 2200 4936 et
2249 4896 2379 4935 ossa
2420 4878 2666 4951 quaedam
2712 4876 3098 4947 intelligibilia,
3136 4883 3190 4930 et
3233 4890 3430 4929 carnes

1856 4974 2105 5029 similiter
2148 4972 2520 5042 intelligibiles
2566 4968 2863 5026 commenti
2906 4980 3056 5033 sunt,
3100 4983 3164 5022 ac
3194 4966 3309 5022 suis
3353 4966 3433 5017 al-

1852 5065 2074 5136 legoriis
2109 5066 2245 5121 alias
2287 5065 2447 5119 aliter
2491 5078 2714 5119 sursum
2746 5061 3113 5131 deorsumque
3151 5074 3271 5113 sese
3302 5071 3436 5111 con-

1852 5166 2091 5211 vertunt.
2127 5155 2289 5227 Atqui
2318 5155 2433 5211 haec
2479 5153 2705 5226 perinde
2751 5168 2815 5224 ac
2861 5152 3063 5221 scripta
3105 5155 3253 5212 sunt,
3286 5147 3433 5201 acci-

1853 5248 2049 5320 pienda
2085 5263 2209 5304 esse
2252 5247 2460 5304 Christi
2511 5247 2800 5303 conﬁrmat
2842 5243 3162 5306 auctoritas,
3205 5239 3294 5295 ubi
3349 5239 3430 5293 iu-

1855 5341 2261 5410 tcrrogantibus
2293 5339 2587 5396 Pharisaeis
2615 5339 2684 5395 de
2713 5338 2903 5393 uxoris
2923 5334 3179 5399 divortio,
3204 5347 3432 5401 respon-

1853 5432 1945 5486 det
1977 5433 1997 5462 "
2031 5451 2043 5486 :
2079 5433 2157 5486 Ab
2196 5435 2350 5488 initio
2389 5435 2480 5504 qui
2519 5433 2715 5487 creavit
2759 5430 3053 5485 masculum
3082 5437 3128 5481 et
3179 5426 3432 5497 feminam

1854 5520 2007 5591 fecit,
2054 5531 2105 5577 et
2138 5522 2318 5579 dixit:
2356 5523 2577 5593 Propter
2611 5522 2706 5577 hoc
2747 5522 2998 5591 relinquet
3032 5519 3185 5574 homo
3231 5528 3432 5586 patrem

239 5645 253 5674 ‘
274 5645 577 5713 Corruptus
610 5641 698 5695 hic
725 5640 911 5713 locum
975 5642 994 5670 ’
1021 5640 1148 5696 Cor.
1178 5639 1532 5711 προχωρήσῃ.
1601 5638 1620 5671 ³
1646 5637 1739 5694 Gel

1849 5675 1864 5703 ,
1899 5638 1983 5709 16,
2015 5641 2095 5695 l7.
2176 5642 2194 5673 δ
2226 5641 2370 5698 Psal.
2409 5658 2503 5707 ru,
2538 5641 2622 5697 15.
2690 5641 2865 5697 'Gcn.
2898 5657 2977 5706 III,
3001 5637 3091 5696 ει.
3154 5638 3172 5670 ⁸
3206 5635 3339 5695 Ceu.
3374 5651 3431 5702 η,

166 5711 265 5779 25,
292 5713 381 5768 24.
454 5710 479 5745 ’⁷
516 5712 702 5768 Matth.
741 5726 853 5776 xix,
887 5710 939 5766 4.
