3846 6216
378 312 512 370 H07

1704 272 1709 277 ’
1762 312 1820 369 s.
1862 312 2207 370 EPIPHANII

376 436 424 484 et
464 437 708 489 matrem,
760 433 865 482 etc.
903 427 1120 498 Alioqui
1170 431 1448 500 quomodo
1492 431 1562 488 de
1602 433 1800 489 animis
1831 434 1964 490 solis

2094 434 2261 507 μυχῶν
2297 434 2458 505 μόνον
2502 432 2585 498 τὸ,
2625 429 2997 497 Αὺεάνεσθε,
3030 426 3130 481 καὶ
3160 423 3536 494 πληρώσατε
3571 421 3684 490 τὴν

376 517 605 587 intelligi
646 515 792 571 istud
839 524 1017 586 potest
1051 535 1063 571 :
1097 516 1330 574 Crescite
1360 530 1409 574 et
1438 519 1630 591 replete
1684 530 1881 576 terram
1910 524 1973 578 ‘?‘

377 609 505 663 ltem
538 607 671 662 illud
706 626 719 662 :
757 609 967 675 Accepit
1001 607 1144 663 Deus
1172 609 1240 664 de
1272 613 1399 666 timo
1430 624 1605 680 terrm,
1635 623 1684 669 et
1716 615 1962 684 formavit

375 702 635 756 hominem
668 702 727 769 ’ς
760 701 907 772 quod
953 700 1022 758 de
1064 717 1299 774 corpore
1320 706 1553 777 proprie
1583 707 1789 762 dictum
1821 708 1967 765 vide-

372 801 484 848 tur.
533 792 720 864 Neque
759 795 906 849 enim
952 795 1021 849 de
1059 795 1211 860 limo,
1258 797 1434 868 deque
1466 800 1815 868 gravioribus
1857 801 1966 857 illis

376 887 763 957 concretisque
792 887 960 942 rebus
986 902 1144 942 suam
1178 888 1358 943 anima
1389 896 1644 945 naturam
1670 892 1963 961 expressit.

377 977 456 1032 Ex
487 992 599 1048 quo
629 978 940 1034 certissime
969 978 1102 1033 illud
1124 978 1378 1043 elﬁcitur,
1402 989 1531 1036 ante
1560 982 1821 1054 pelliceas
1845 983 1968 1038 illas

378 1071 596 1125 tunicas
637 1084 871 1140 corpore
920 1069 1210 1139 prteditum
1253 1070 1531 1127 hominem
1586 1071 1780 1128 fuisse.
1840 1070 1968 1128 Hice

378 1163 523 1220 enim
545 1150 738 1217 omnia
771 1170 898 1219 ante
924 1162 1165 1220 hominis
1208 1163 1424 1234 lapsum
1463 1166 1817 1235 pronuntiata
1846 1182 1969 1223 esse

379 1263 634 1323 constat;
678 1261 880 1310 caetera
921 1269 1052 1310 vero
1078 1254 1146 1310 de
1199 1255 1411 1312 tunicis
1446 1256 1672 1315 nonnisi
1715 1263 1839 1328 post
1883 1257 1966 1312 la-

381 1363 565 1418 psum.

450 1436 816 1504 Quamobrem
850 1440 1254 1497 consideranda
1284 1441 1444 1497 nobis
1464 1457 1629 1514 porro
1660 1449 1808 1507 sunt,
1848 1459 1970 1515 quae

380 1530 439 1584 in
491 1530 749 1587 manibus
794 1531 1085 1597 habemus,
1133 1548 1257 1588 cum
1304 1532 1442 1588 illud
1480 1535 1697 1590 abunde
1742 1534 1970 1591 demon-

381 1622 763 1686 straverimus,
816 1629 1062 1678 seorteas
1116 1623 1238 1678 illas
1296 1624 1515 1679 tunicas
1575 1639 1811 1694 corpora
1858 1639 1970 1679 non

376 1714 575 1778 fuisse.
610 1715 706 1770 sed
750 1713 897 1768 illam
933 1729 967 1768 a
1006 1714 1238 1779 ratione,
1278 1715 1426 1770 velut
1469 1716 1789 1771 animalium
1822 1731 1972 1772 mor-

2067 528 2207 600 γῆν,
2246 524 2666 598 παραληπτέον;
2707 524 2741 596 ἢ
2790 522 2872 586 τὸ,
2923 520 3146 574 Ἕλαϐε
3174 517 3345 597 χοῦν
3388 513 3522 571 ἀπὸ
3574 512 3685 581 τῆς

2066 619 2181 692 γῆς
2210 622 2244 674 ό
2270 618 2438 685 Θεὸς,
2473 618 2572 671 καὶ
2606 616 2843 671 ἔπλασε
2871 613 2980 668 τὸν
3020 613 3371 681 ἄνθρωπον·
3406 611 3435 663 ὃ
3465 608 3686 681 acupis»;

2067 713 2162 764 ἐπὶ
2207 709 2304 765 τοῦ
2355 708 2611 783 σώματος
2655 705 2908 778 λελέχθαι
2961 704 3232 775 φαίνεται.
3271 704 3350 757 Οὐ
3404 701 3528 773 γὰρ
3577 700 3684 754 ἀπὸ

2066 804 2163 858 τοῦ
2202 803 2326 875 χοὸς
2364 803 2460 856 καὶ
2502 801 2612 855 τῶν
2663 794 2983 871 βαρύτέρωγ
3028 797 3129 868 τὴν
3172 795 3365 851 οὐσίαν
3403 796 3684 865 ἐκτήσατο

2069 899 2102 968 ὴ
2140 896 2310 967 ψυχή.
2362 894 2528 947 Ὥστε
2579 892 2915 963 συνέστηκεν
2962 891 3028 942 ὲκ
3075 886 3279 951 παντὸς
3318 885 3682 956 ἀληθέστατα

2070 985 2178 1058 πρὸ
2205 986 2312 1039 τῶν
2342 983 2686 1056 δερματίνων
2721 978 3272 1053 σεσωματοποιῆσθαι
3302 976 3568 1049 χιτώνων
3594 975 3686 1029 τὸν

2070 1077 2377 1149 ἄνθρωπον.
2401 1076 2589 1131 Ταῦτα
2626 1074 2738 1147 γὰρ
2776 1072 2882 1146 πρὸ
2911 1070 3005 1126 τοῦ
3033 1072 3286 1124 ἐκπεσεῖν
3302 1067 3477 1123 αὑτὸν
3502 1067 3680 1121 ἃπαν-

2052 1186 2140 1226 ,τα
2171 1171 2421 1244 εἴρηται·
2453 1168 2526 1223 τὰ
2561 1169 2618 1223 δὲ
2649 1167 2790 1222 κατὰ
2823 1167 2950 1230 τοὺς
2977 1163 3213 1237 χιτῶνας
3240 1162 3384 1235 μετὰ
3417 1160 3487 1218 τὺ
3513 1160 3682 1212 ἐκπε-

2074 1265 2213 1322 σεϊν,

2147 1439 2314 1496 Ὅθεν
2363 1441 2535 1512 ἴωμεν
2579 1438 2743 1492 πάλιν
2787 1436 3208 1507 ἐπισκεψόμενοι
3242 1433 3314 1487 τὰ
3358 1434 3424 1485 ἐν
3464 1430 3683 1503 χερσὶν,

2076 1533 2280 1598 ἱκανῶς
2322 1531 2711 1598 ἀποδείξαντες
2746 1531 2823 1603 μὴ
2860 1526 2999 1585 εἶναι
3030 1530 3158 1594 τοὺς
3186 1527 3572 1600 δερματίνους
3600 1543 3683 1594 χι-

2074 1626 2254 1690 τῶνας
2275 1624 2349 1679 τὰ
2375 1623 2628 1695 σώματα,
2654 1624 2791 1679 ἀλλὰ
2821 1624 2921 1695 τὴν
2943 1621 3050 1676 ἀπὸ
3071 1620 3168 1675 τοῦ
3191 1620 3353 1689 λόγου
3375 1618 3500 1671 τῶν
3529 1616 3685 1683 ζώων

2076 1719 2381 1790 νεκρότητα
2433 1715 2982 1788 κατεσκευασμένηνο
3025 1713 3186 1768 τοῦτο
3238 1711 3351 1783 γὰρ
3398 1711 3683 1764 λείπεται.

379 1816 516 1868 tem,
547 1814 681 1862 tunc
729 1808 997 1877 temporis
1039 1806 1335 1877 perfectam
1372 1826 1384 1862 :
1425 1808 1528 1862 hoc
1567 1809 1717 1862 enim
1749 1808 1968 1864 demum

2094 1810 2307 1882 ’Λμέλει
2335 1809 2445 1867 τῶν
2479 1810 2622 1881 ὅρων
2653 1807 2758 1873 ἔξω
2795 1807 2888 1863 τοῦ
2924 1807 3260 1880 παραδείσου
3291 1805 3444 1859 κατὰ
3472 1803 3684 1874 ταύτην

383 1904 663 1966 superest.
703 1895 977 1963 Quocirca
1036 1904 1192 1952 extra
1245 1897 1491 1967 paradisi
1543 1900 1845 1963 terminos,
1900 1900 1972 1955 ob

382 2004 503 2042 eam
543 2004 768 2042 causam
820 1988 1058 2055 eiicitur.
1111 1986 1234 2043 Non
1282 1988 1428 2044 enim
1474 1990 1619 2059 quod
1667 2005 1732 2045 ex
1776 1991 1973 2046 arbore

381 2082 511 2134 vita:
552 2095 714 2151 poma
763 2080 1056 2151 decerpere
1103 2098 1168 2136 ac
1211 2081 1499 2137 comedere
1546 2083 1739 2147 nollet,
1803 2067 1994 2139 hami?

384 2188 507 2227 nem
540 2171 684 2228 Deus
719 2173 841 2227 ideo
871 2172 1177 2229 deturbavit
1222 2174 1475 2245 (poterat
1500 2175 1700 2246 quippe
1746 2175 1800 2230 in
1831 2192 1974 2233 sem-

384 2267 658 2335 piternum
690 2265 891 2331 vivere,
929 2281 1054 2320 cum
1087 2266 1317 2323 subinde
1348 2283 1414 2321 ex
1446 2268 1598 2322 vitali
1642 2267 1737 2322 illa
1777 2268 1975 2323 arbore

382 2353 756 2427 comedisset),
787 2357 881 2411 sed
916 2372 983 2412 ne
1011 2357 1338 2422 immortale,
1368 2358 1448 2411 uti
1476 2357 1738 2423 diximus,
1770 2360 1972 2413 malum

383 2454 551 2509 esset,
586 2445 689 2501 sibi
723 2447 1033 2500 cavendum
1084 2447 1311 2516 putavit.
1348 2446 1565 2517 Alioqui
1604 2449 1733 2518 quid
1780 2449 1974 2503 attine-

385 2536 477 2590 bat
517 2535 798 2591 Christum
836 2536 999 2610 547
1054 2538 1107 2592 iu
1155 2547 1332 2595 terras
1377 2556 1409 2595 e
1454 2541 1596 2595 cmlo
1640 2541 1876 2609 mittere,
1927 2541 1974 2597 si

385 2626 610 2681 omnino
652 2628 798 2682 nulla
832 2628 956 2682 vitae
986 2640 1140 2699 parte
1183 2638 1401 2701 gustata
1444 2631 1720 2686 hominem
1756 2633 1976 2701 penitus

386 2719 548 2773 vellet
576 2719 889 2788 exstingui?
915 2718 1072 2785 Quod
1108 2721 1153 2775 si
1178 2721 1441 2776 nonnulla
1469 2722 1634 2775 veluti
1655 2723 1975 2792 pmnitentia

386 2810 612 2864 ductum
677 2809 825 2866 istud
881 2812 1061 2882 egisse
1107 2809 1277 2867 Deum
1328 2811 1679 2870 adversarius
1728 2814 1973 2885 objiciat,

387 2903 660 2959 imbecilla
690 2919 753 2959 ea
786 2904 928 2959 ratio
960 2912 1066 2967 est,
1097 2920 1219 2975 quae
1248 2905 1467 2961 consilii
1508 2906 1562 2965 in
1596 2905 1762 2963 Deum
1797 2916 1978 2962 muta-

388 2999 594 3054 tionem
624 2996 853 3054 invehit.
882 2996 997 3053 Sed
1017 3012 1194 3068 neque
1223 2999 1450 3069 ignarus
1480 2998 1652 3054 futuri
1682 2999 1827 3058 Deus
1869 3010 1975 3066 est,

392 3106 491 3145 nec
528 3089 754 3146 eﬂ'ector
801 3091 963 3157 mali;
997 3091 1091 3147 sed
1119 3100 1174 3146 et
1223 3091 1403 3147 bonus
1444 3092 1501 3147 in
1543 3092 1738 3163 primis
1779 3103 1883 3160 est,
1926 3104 1979 3150 et

2076 1900 2407 1968 ὲξοικίζεται
2436 1902 2535 1974 τὴν
2563 1901 2761 1956 αἰτίαν.
2794 1900 2869 1955 Οὐ
2897 1900 3007 1972 γὰρ
3039 1901 3121 1954 ὅτι
3161 1899 3237 1971 μὴ
3276 1898 3460 1952 θέλων
3489 1900 3521 1952 ὁ
3551 1897 3686 1959 Θεὸς

2075 1995 2186 2048 ἀπὸ
2215 1993 2309 2047 τοῦ
2344 1992 2501 2057 ξύλου
2546 1991 2848 2064 δρέψασθαι
2886 1991 2984 2063 τῆς
3025 1990 3173 2060 ζωῆς
3205 1989 3395 2053 αὑτὸν,
3445 1989 3554 2043 καὶ
3586 2006 3685 2057 φα-

2075 2088 2214 2155 γεῖν,
2238 2085 2493 2153 ἐξέϐαλεν
2525 2082 2788 2157 (ἠδύνατο
2816 2083 2924 2155 γὰρ
2944 2085 3024 2146 εἰς
3046 2082 3140 2135 τὸν
3167 2064 3501 2152 αἰῶναξῇν,
3528 2076 3687 2141 αὖθις

2077 2175 2268 2246 φαγὼν
2314 2174 2421 2230 ἀπὸ
2461 2174 2562 2247 τῆς
2608 2173 2807 2246 ζωῆς),
2840 2172 2957 2227 ἀλλ’
2983 2173 3071 2226 ἵνα
3117 2172 3193 2244 μὴ
3240 2170 3527 2225 ἀθάνατον
3550 2211 3568 2234 ,
3611 2170 3685 2233 ὡς

2078 2266 2414 2339 ὑπεθέμεθα,
2447 2265 2652 2339 γενηθῇ
2686 2265 2749 2319 τὸ
2781 2264 2969 2320 κακόν.
3016 2262 3171 2318 Ἐπεὶ
3197 2261 3289 2318 διὰ
3324 2262 3380 2316 τί
3405 2263 3511 2317 τὸν
3550 2262 3683 2333 Χρι-

2081 2356 2203 2415 στὸν
2226 2354 2336 2409 ἀπὸ
2358 2356 2465 2410 τῶν
2485 2354 2729 2427 οὐρανῶν
2757 2353 3078 2415 ἀπέστειλεν
3097 2355 3177 2416 εἰς
3206 2353 3304 2424 τὴν
3326 2353 3460 2423 γῆν,
3482 2355 3537 2405 εἰ
3551 2352 3686 2415 ὅλως

2077 2450 2312 2521 ἠθέλησε
2340 2447 2487 2520 ζωῆς
2513 2448 2605 2501 τὸν
2638 2445 2926 2519 ἄνθρωπον
2967 2444 3232 2516 ἄγευστον
3266 2443 3578 2500 ἀποθανεῖν
3609 2446 3685 2507 εἰς

2077 2543 2139 2595 τὸ
2187 2540 2488 2608 nava-eleg;
2533 2540 2599 2594 Et
2631 2538 2687 2593 δὲ
2724 2541 2789 2593 ὲκ
2832 2536 3139 2609 μεταμέλοι)
3186 2536 3348 2590 τοῦτο
3397 2537 3545 2608 φαίη
3590 2552 3683 2589 πε-

2080 2631 2368 2705 ποιηκέναι
2408 2632 2501 2686 τὸν
2541 2630 2673 2687 Θεὸν
2711 2633 2740 2685 ὁ
2790 2629 3104 2699 ἀντιλέγων,
3151 2628 3390 2698 ἀσθενὴς
3436 2628 3630 2686 αὐτῶν
3658 2632 3686 2683 ὁ

2078 2725 2258 2796 λόγος,
2299 2724 2773 2798 μεταγινώσκοντα
2796 2724 2888 2778 τὸν
2916 2713 3050 2777 Θεὸν
3080 2721 3340 2793 εἰσάγων.
3385 2724 3538 2776 Ἀλλ’
3564 2721 3685 2776 οὔτε

2079 2819 2338 2886 ἀξύνετος
2356 2817 2449 2873 τοῦ
2470 2818 2755 2890 μέλλοντος
2767 2818 2922 2882 Θεὸς,
2942 2816 3067 2871 οὔτε
3085 2817 3406 2882 κακοποιὸς,
3423 2815 3575 2870 ἀλλὰ
3595 2815 3685 2871 καὶ

2080 2914 2266 2985 ἄκρως
2293 2911 2516 2982 ἀγαθὸς,
2558 2912 2652 2965 καὶ⁵
2686 2909 3075 2983 προγινώσκων
3097 2909 3166 2962 τὰ
3196 2908 3488 2981 μέλλοντα.
3524 2910 3683 2961 Ὥστε

2076 3007 2181 3075 οὐκ
2210 3007 2318 3079 ἄρα
2353 3005 2440 3059 διὰ
2468 3004 2530 3058 τὺ
2574 3004 2648 3076 μὴ
2678 3002 2946 3068 σώζεσθαι
2980 3005 3059 3066 εἰς
3089 3002 3181 3056 τὸν
3217 3002 3393 3055 αἰῶνα
3431 3001 3683 3072 φαγόντα

2081 3098 2243 3152 αὐτὸν
2265 3097 2372 3151 ἀπὸ
2392 3095 2485 3150 τοῦ
2509 3095 2665 3164 ξύλου
2699 3099 2799 3167 τῆς
2829 3096 2997 3166 ζωῆς.
3020 3094 3301 3161 ἐξέϐαλεν,
3335 3094 3479 3149 ἀλλὰ
3514 3094 3607 3148 διὰ
3627 3092 3689 3146 τὸ

390 3185 700 3238 futurorum
732 3183 1020 3254 praescius.
1072 3182 1253 3250 Quare
1302 3197 1414 3243 non
1457 3182 1579 3239 ideo
1607 3183 1837 3254 ejecisse
1871 3202 1975 3261 pu-

2094 3189 2424 3261 μεκρωθῆναι
2454 3154 2670 3261 πρῶτον
2692 3154 2908 3252 θοίᾇάὲῳ
2926 3154 3322 3260 «Eademne
3340 3205 3354 3217 ’
3385 3187 3452 3242 ἵν’
3485 3185 3683 3249 οὕτως,

381 3276 590 3331 'tandus
622 3282 707 3331 est
740 3290 829 3339 ne,
864 3278 910 3332 si
938 3291 1004 3332 ex
1036 3276 1252 3332 arboris
1282 3276 1404 3331 vita:
1433 3275 1612 3331 fructu
1644 3278 1975 3346 comedet-et»,

391 3371 448 3425 in
476 3381 740 3427 aetermim
781 3369 1086 3426 servandus
1117 3368 1294 3436 foret;
1328 3370 1421 3425 sed
1450 3380 1510 3424 ut
1550 3379 1835 3441 peccatum
1867 3371 1978 3442 pri-

2088 3282 2227 3355 μετὰ
2261 3282 2322 3335 τὸ
2370 3280 2660 3334 ἀποθανεῖν
2698 3280 3023 3351 ὲκτακείσης
3052 3279 3153 3349 τῆς
3192 3279 3498 3353 ἁμαρτίας,
3535 3282 3683 3350 ἐγερ-

2087 3373 2201 3438 θεὶς
2226 3371 2509 3444 ἄνθρωπος
2536 3370 2779 3442 καθαρὸς
2805 3372 2954 3444 φάγῃ
2987 3373 3086 3442 τῆς
3114 3370 3281 3443 ζωῆς.

391 3481 541 3518 mum
597 3463 840 3516 onmium
879 3472 1054 3517 morte
1083 3462 1461 3531 perimeretur,
1511 3472 1674 3533 atque
1717 3465 1813 3529 ita,
1868 3480 1995 3519 eum
2027 3473 2177 3522 esset
2222 3475 2509 3530 mortuus,
2562 3465 2710 3519 velut
2759 3472 3088 3535 consumpto
3127 3464 3492 3535 eliquatoque
3567 3477 3677 3534 pec-

392 3568 536 3618 cato,
575 3558 847 3611 excitatus
893 3556 959 3610 ad
1000 3557 1169 3610 vitam
1222 3556 1406 3621 homo,
1457 3572 1522 3612 ac
1564 3558 1753 3628 purior
1795 3560 1975 3621 factus
2012 3561 2489 3621 vitavescerctur.

466 3649 656 3706 XXIV.
697 3649 809 3707 Nec
856 3658 940 3706 est
988 3650 1134 3721 quod
1185 3650 1418 3731 stolidus
1466 3651 1741 3723 quispiam
1786 3660 1993 3710 temere

392 3744 603 3812 jactare
650 3743 869 3808 audeat,
899 3744 1059 3801 aliter
1090 3743 1206 3798 hinc
1254 3760 1377 3799 esse
1423 3746 1800 3814 pronuntiata.
1851 3745 1987 3800 Nam

395 3839 487 3906 qui
526 3852 750 3890 carnem
780 3836 923 3890 hanc
971 3835 1375 3890 immortalitati
1422 3834 1704 3907 capiendae
1734 3834 1986 3890 idoneam

393 3946 516 3985 esse
568 3929 786 3999 penitus
834 3938 1016 4000 negat,
1075 3928 1165 3989 hic
1219 3928 1457 3983 vesaniae
1511 3929 1701 3983 morbo
1734 3928 1994 3999 laborans

394 4031 632 4076 coruum.
657 4022 811 4079 liosis
854 4022 907 4076 in
940 4021 1108 4076 Deum
1146 4020 1376 4077 vocibus
1425 4022 1618 4075 utitur.
1669 4021 1782 4076 Cur
1814 4023 1983 4084 enim,

397 4127 752 4187 posteaquam
787 4114 1028 4189 pellicem
1056 4114 1257 4168 tunica:
1286 4122 1534 4169 consutae
1564 4121 1713 4180 sunt,
1742 4112 1989 4169 Adamus

393 4207 639 4277 eiicitur,
674 4222 739 4260 ac
771 4206 894 4259 vitae
928 4205 1182 4260 arborem
1224 4205 1495 4274 attingere
1526 4204 1816 4272 vivereque
1860 4219 1991 4273 pro-1

395 4299 645 4366 hibetur;
684 4299 733 4352 si
781 4297 895 4351 lieri
929 4296 1156 4350 omnino
1184 4312 1292 4349 non
1328 4304 1531 4365 potest,
1578 4304 1637 4348 ut
1680 4295 1735 4348 in
1785 4296 1987 4364 sempi-

395 4403 612 4444 ternum
666 4389 836 4440 vitam
889 4388 1054 4443 homo
1105 4405 1229 4443 cum
1283 4404 1516 4459 corpore
1557 4388 1847 4448 traducat?
1893 4389 1986 4444 Sic

2157 3656 2289 3728 ΚΝ.
2327 3652 2535 3726 Μηδεὶς
2575 3651 2631 3706 δὲ
2676 3650 2969 3723 ἀϐέλτερος
3005 3650 3081 3702 ὣν
3131 3647 3681 3722 παρακινδυνευέτω.

2084 3746 2161 3811 ὡς
2186 3747 2395 3801 τούτων
2445 3745 2650 3818 ἑτέρως
2687 3742 3009 3815 λεχθέντων.
3055 3742 3113 3796 '0
3153 3742 3265 3814 γὰρ
3313 3741 3456 3804 ὅλως
3510 3738 3677 3813 ὁριζό-

2089 3857 2250 3911 μενος
2280 3839 2381 3910 τὴν
2411 3838 2592 3911 σάρκα
2629 3837 2704 3909 μὴ
2734 3833 2875 3891 εἶναι
2922 3835 3129 3907 ταύτην
3168 3832 3479 3898 ἀθανασίας
3507 3833 3678 3887 δεκτι-

2087 3931 2210 4002 κὴν,
2232 3930 2403 3996 ὅντως
2431 3931 2617 3995 ἀνοίας
2645 3929 2894 3992 ὑπαίτιος
2925 3927 3001 3982 ῶν
3026 3927 3187 3996 νόσῳ,
3215 3925 3561 3998 βλασφημεῖ.
3592 3922 3679 3977 Διὰ

2086 4022 2138 4084 τί
2180 4022 2287 4096 γὰρ
2342 4022 2482 4093 μετὰ
2530 4022 2629 4093 τὴν
2666 4020 2776 4075 τῶν
2815 4019 3058 4091 χιτώνων
3098 4019 3207 4073 τῶν
3260 4017 3615 4090 δερματενων
3656 4017 3680 4069 6

2102 4113 2277 4184 Ἀδὰμ
2313 4113 2659 4184 κατασκευὴν
2698 4110 3020 4166 ἐκϐάλλεται
3045 4150 3058 4171 ,
3103 4109 3454 4180 κωλυόμενος
3491 4110 3678 4180 φαγεῖν

2089 4203 2198 4257 ἀπὸ
2228 4202 2320 4257 τοῦ
2352 4203 2512 4270 ξύλου
2545 4202 2648 4273 τῆς
2675 4202 2849 4273 ζωῆςξ
2884 4202 2977 4256 καὶ
3011 4202 3196 4272 ζῆσαι,
3238 4204 3287 4255 ει
3316 4201 3457 4266 ὅλως
3488 4200 3678 4255 ἀδύνα-

2087 4311 2181 4355 τον
2209 4290 2277 4367 ἦν
2309 4294 2457 4366 μετὰ,
2473 4293 2726 4366 σώματος
2755 4296 2833 4358 ei;
2855 4293 2945 4351 τὸν
2970 4291 3142 4347 αἰῶνα
3169 4290 3335 4363 ζῆσαι
3359 4292 3454 4345 τὸν
3475 4291 3675 4362 ἄνθρω-

2089 4403 2229 4455 πον;
2268 4386 2356 4451 Ὠς
2395 4387 2709 4457 δυναμένου,
2740 4386 2850 4458 γὰρ
2883 4384 3049 4440 αὑτοῦ
3100 4384 3175 4456 μὴ
3214 4384 3556 4449 ἀποθανεῖν,
3594 4382 3677 4436 ἐὰν

395 4482 542 4535 enim
595 4469 910 4536 interdictio
959 4479 1050 4533 illa
1091 4480 1237 4534 edita
1283 4486 1388 4543 est,
1428 4486 1688 4550 tanquam
1734 4481 1848 4539 vita
1896 4482 1976 4536 ille

2094 4476 2201 4531 ἀπὸ
2233 4474 2334 4546 τῆς
2364 4474 2512 4547 ζωῆς
2550 4475 2821 4547 γεύσηται
2844 4474 3046 4537 λαϐὼν,
3085 4475 3118 4544 ὴ
3156 4472 3396 4536 κώλυσις
3451 4474 3672 4542 γίνεται.

395 4574 701 4643 degustata‘
734 4581 963 4627 mortem
1014 4580 1205 4642 posset
1254 4569 1507 4640 rll‘ugere.
1548 4569 1639 4625 Sic
1680 4571 1826 4629 enim
1859 4572 1978 4625 ait:

398 4667 547 4723 Fecit
581 4668 760 4739 itaque
792 4668 1049 4721 Dominus
1082 4664 1223 4721 Dens
1248 4664 1421 4719 Adam
1446 4675 1494 4719 et
1525 4664 1683 4720 uxori
1701 4663 1815 4734 ejus
1850 4665 1993 4716 tuni-

395 4779 485 4817 ms
516 4761 786 4829 pelliceas,
827 4770 874 4814 et
918 4759 1091 4814 induit
1136 4759 1280 4813 illos.
1326 4756 1393 4811 Et
1441 4758 1578 4811 dixit
1634 4756 1823 4812 Deus:
1858 4754 1992 4810 Ecce

396 4857 573 4924 [actus
605 4864 685 4906 est
714 4852 908 4915 Adam,
951 4853 1091 4906 sicut
1136 4868 1272 4905 unus
1302 4866 1367 4905 ea:
1394 4849 1566 4915 nobis,
1605 4859 1663 4905 ut
1710 4858 1995 4920 cognoscat

399 4949 590 5001 bonum
622 4956 670 5000 et
700 4949 920 5001 malum.
955 4942 1022 5001 Et
1050 4959 1188 4997 nunc
1223 4960 1286 4997 ne
1315 4943 1453 5012 forte
1480 4942 1725 5000 extendat
1750 4958 1988 5008 manum,

397 5050 445 5094 ct
479 5047 654 5094 sumat
685 5037 749 5090 de
775 5038 914 5109 ligno
938 5038 1096 5097 vitaz;
1143 5045 1190 5088 et
1227 5032 1466 5088 comedat
1490 5043 1539 5086 et
1570 5033 1708 5087 vivat
1753 5033 1805 5085 in
1835 5042 1990 5086 αἰεν-

398 5150 543 5186 num.
584 5130 650 5184 Et
675 5130 850 5185 emisit
882 5129 1036 5182 illum
1075 5126 1337 5180 Dominus
1370 5124 1513 5179 Deus
1543 5140 1571 5177 e
1593 5123 1849 5191 paradiso
1899 5141 1983 5177 vo-

400 5225 644 5295 luptatis,
690 5233 746 5276 ut
801 5228 1108 5290 operaretur
1154 5206 1374 5279 terram,
1425 5231 1490 5271 ex
1530 5231 1635 5284 qua
1685 5226 1988 5282 assumptus

399 5326 497 5372 est.
537 5314 604 5369 Et
634 5314 784 5383 ejccit
825 5312 998 5366 Adam
1028 5311 1068 5364 ³.
1108 5309 1476 5375 Quamobrem
1507 5312 1722 5382 poterat
1754 5307 1807 5358 in
1842 5316 1998 5361 mter.

400 5424 545 5477 nam
585 5407 769 5462 vivere
821 5418 1056 5473 corpus,
1110 5412 1164 5457 ct
1210 5400 1518 5455 immortale
1574 5397 1721 5461 ﬁeri,
1768 5397 1875 5453 nisi
1923 5398 1993 5453 ab

401 5499 672 5568 gestanda
699 5499 811 5553 vita
859 5490 1007 5551 for-et
1040 5492 1399 5565 proliibilum.
1435 5489 1527 5543 Est
1559 5497 1740 5541 autem
1784 5487 1993 5545 idcirco

405 5591 761 5660 pnihibitum,
809 5600 866 5644 ut
911 5598 965 5642 et
1012 5593 1298 5656 peceatum
1338 5580 1672 5637 exstinctum
1724 5594 1830 5631 una
1866 5594 1992 5634 eum

480 5749 494 5779 ³
533 5746 666 5803 Cen.
701 5760 738 5808 ι,
774 5747 864 5799 '23.
983 5745 1168 5799 "Gen.
1204 5738 1339 5804 “,7.
1872 5737 1937 5786 .i.

2090 4568 2229 4640 Φησὶ
2260 4569 2397 4641 γάρ’
2442 4568 2556 4622 Καὶ
2601 4568 2852 4634 ἐποίησε
2887 4567 3102 4637 Κύριος
3128 4568 3160 4618 ό
3205 4565 3353 4630 Θεὸς
3392 4565 3479 4630 τῷ
3514 4562 3675 4629 Ἀδὰμ

2088 4660 2186 4714 καὶ
2225 4657 2301 4729 τῇ
2331 4660 2569 4728 γυναικὶ
2609 4658 2797 4714 αὐτοῦ
2836 4655 3089 4728 χιτῶνας
3114 4656 3521 4725 (iapygem-ove-
3541 4672 3556 4684 ·
3588 4649 3675 4706 και

2087 4750 2385 4806 ἐνέδυσεν
2413 4754 2658 4818 αὐτούς.
2685 4750 2796 4807 Καὶ
2828 4746 2997 4805 εἶπεν
3021 4752 3054 4804 ό
3095 4749 3270 4813 Θεός·
3320 4748 3481 4802 Ἰδοὺ
3527 4747 3674 4818 rere-

2089 4863 2197 4901 νεν
2234 4847 2405 4917 Ἀδὰμ
2436 4848 2515 4914 ὡς
2548 4842 2638 4913 εἷς
2675 4845 2744 4911 ἐξ
2776 4842 2963 4915 ἡμῶν,
2998 4842 3104 4897 τοῦ
3134 4840 3463 4910 γινώσκειν
3494 4837 3674 4894 καλὸν

2090 4937 2193 4993 καὶ
2218 4940 2509 5007 πονηρόν.
2535 4939 2643 4993 Καὶ
2672 4937 2789 4992 νῦν
2816 4935 3049 5007 μήποτε
3072 4934 3315 5001 excetra
3342 4932 3463 5001 τὴν
3495 4931 3671 5002 χεῖρα.

2088 5031 2193 5086 καὶ
2233 5030 2390 5101 λάϐῃ
2440 5032 2549 5086 τοῦ
2603 5030 2797 5097 ξύλου
2842 5028 2951 5097 τῆς
2973 5026 3156 5095 ζωῆς,
3190 5026 3292 5080 καὶ
3337 5024 3552 5094 φάγῃ,
3591 5020 3673 5077 καὶ

2091 5123 2339 5201 (ﬁderat
2367 5128 2455 5192 εὶς
2488 5125 2596 5180 τὸν
2631 5122 2838 5181 αἰῶνα.
2873 5120 2982 5177 Καὶ
3023 5117 3466 5184 ἐξαπέστειλεν
3499 5115 3672 5171 αὐτὸν

2086 5218 2303 5284 Κύριος
2349 5219 2382 5271 ό
2420 5216 2567 5284 Θεὸς
2604 5216 2674 5270 ἐκ
2729 5215 2835 5269 τοῦ
2883 5209 3252 5279 ,παραδείσου
3297 5206 3413 5275 τῆς
3453 5203 3670 5277 τρυφῆς

2086 5310 2432 5381 ἐριτὶζεσθιιι
2474 5309 2589 5379 τὴν
2615 5307 2755 5381 γῆν.
2783 5305 2852 5372 ἐξ
2892 5301 2967 5375 ἧς
2994 5302 3251 5371 ἐλήφθη.
3279 5298 3392 5354 Καὶ
3432 5296 3670 5363 caecata

2092 5401 2200 5455 τὸν
2235 5401 2440 5472 Ἀδάμ.
2491 5400 2702 5455 Οὐκοῦν
2742 5397 2972 5470 ἠδύνατο
3016 5394 3133 5465 ζῇν,
3194 5393 3242 5444 εἰ
3278 5389 3357 5462 μὴ
3404 5387 3671 5442 κεκώλυτο

2092 5492 2397 5560 γεύσασθαι
2422 5494 2522 5565 τῆς
2548 5494 2712 5564 ζωῆς.
2744 5487 3024 5557 Ἑκωλύθη
3047 5486 3126 5545 δὲ.
3144 5485 3296 5548 ὅπως
3316 5485 3351 5555 ἡ
3376 5481 3481 5552 μὲν
3508 5483 3667 5551 ἁμαρ-

2093 5584 2183 5637 τία
2223 5587 2722 5640 συναποκτανθεῖσα
2754 5582 2831 5654 τῷ
2870 5580 3076 5651 σώματι
3124 5577 3295 5647 θάνῃ,
3328 5577 3392 5629 τὸ
3419 5576 3480 5629 δὲ
3528 5574 3668 5643 σῶμα
