3846 6198
360 307 379 361 l
401 305 415 359 ἲ
438 307 453 359 l
475 306 490 359 l
1761 304 1823 362 S.
1854 298 2200 359 ΕΡΙΡΗΑΝΙΞ
3497 301 3623 363 m9

355 425 595 480 nondum
618 440 681 479 ex
713 424 1022 480 hominibus
1048 429 1220 482 sensit
1243 424 1469 482 omnino
1488 425 1782 491 sublatam,
1804 441 1925 482 cum

2045 426 2129 499 τῆς
2159 421 2437 496 ἁμαρτίας
2463 422 2775 496 ὁλοσχερῶς
2796 423 3145 497 ἀνῃρημένην
3165 438 3185 457 °‘
3203 422 3307 480 ὁτὲ
3338 425 3468 497 μὲν,
3495 425 3624 485 Old-tt

356 519 427 570 ita
464 517 736 586 loquitur:
771 516 887 571 Scio
916 518 1054 572 enim
1086 516 1223 588 quod
1250 535 1354 572 non
1373 516 1575 572 habitat
1610 511 1666 572 in
1704 534 1804 581 me,
1831 510 1927 572 hoc

2045 519 2163 588 rdp,
2195 517 2285 571 ὅτι
2309 520 2421 572 οὐκ
2455 517 2691 571 οικεῒέν
2718 516 2871 586 ἐμοὶ,
2898 517 3212 571 τουτέστιν
3242 517 3324 571 ἐν
3345 516 3431 586 τῇ
3458 526 3626 587 σαρκί

353 618 431 662 εει
465 609 518 660 iu
549 623 705 662 carne
734 624 869 670 mea,
907 608 1121 665 bonum.
1170 607 1309 664 Velle
1341 609 1480 664 enim
1525 609 1734 680 adjacet
1773 609 1926 672 mihi,

352 697 598 766 perﬁcere
637 706 811 751 autent
847 697 1036 751 bonum
1065 699 1297 752 minime.
1336 696 1461 752 Non
1486 699 1623 753 enim
1650 696 1790 767 quod
1812 697 1928 752 colo

355 788 495 855 facio
537 786 883 851 bonum,"s"ed
919 788 1058 858 quod
1087 788 1208 843 nolo
1248 787 1471 852 malum,
1515 787 1612 842 hoc
1658 788 1821 857 facio.
1869 786 1932 842 Si

355 888 530 931 autem
558 878 840 949 quodnolo
874 878 970 931 hoc
1012 878 1172 947 facio,
1203 895 1303 933 non
1332 877 1437 943 iam
1481 894 1571 947 ego
1603 877 1818 946 perﬁcio
1856 876 1929 930 il-

352 971 469 1032 lud,
502 970 591 1024 sed
623 971 768 1041 quod
801 970 1005 1025 habitat
1030 972 1080 1024 iu
1113 987 1192 1024 me
1216 978 1483 1039 peccatum
1512 971 1553 1022 ¹.
1582 968 1726 1022 Idem
1758 966 1925 1023 illud:

355 1063 698 1117 Condelector
726 1063 826 1134 legi
866 1063 963 1117 Dei
997 1060 1284 1117 secundant
1310 1062 1611 1115 interiorem
1648 1059 1926 1115 hominem.

368 1153 525 1207 Video
553 1164 729 1207 autem
748 1150 912 1208 aliam
933 1154 1093 1225 legem
1112 1154 1165 1208 in
1186 1151 1429 1205 membris
1454 1151 1605 1214 meis,
1635 1165 1931 1220 repugnan-

356 1255 457 1298 tem
497 1244 597 1315 legi
627 1246 814 1299 mentis
847 1260 992 1311 mete,
1018 1253 1068 1298 et
1094 1245 1305 1299 omnino
1332 1243 1683 1309 captivantem
1717 1257 1797 1295 me
1833 1240 1934 1311 legi

354 1337 580 1403 peccati,
621 1351 736 1404 qua:
772 1343 851 1389 est
901 1336 958 1387 in
1012 1334 1259 1389 membris
1310 1336 1438 1388 meis
1483 1334 1525 1389 '.
1564 1332 1641 1387 Ita
1690 1330 1930 1386 nondum

355 1435 635 1497 peccatum
677 1428 746 1483 ab
774 1429 908 1498 ipsis
949 1426 1232 1501 radicibus
1279 1425 1458 1482 excidi
1490 1425 1708 1496 penitus
1736 1423 1929 1493 potuit.

355 1513 539 1584 Neque
569 1515 713 1570 enim
750 1513 996 1570 funditus
1024 1523 1104 1570 est
1138 1515 1492 1577 exstinctum,
1517 1512 1610 1569 sed
1632 1513 1933 1568 etiamnum

356 1606 505 1659 vivit.
536 1604 639 1672 Qui
670 1606 815 1661 enim
845 1605 959 1661 ﬁeri
997 1605 1144 1660 istud
1189 1614 1393 1676 posset,
1426 1614 1719 1674 antequam
1771 1603 1934 1658 homo

354 1697 515 1750 morti
548 1703 694 1750 esset
736 1690 1009 1756 addictus,
1045 1702 1105 1749 ut
1152 1709 1275 1749 cum
1323 1707 1390 1748 eo
1418 1699 1736 1761 corruptum
1771 1697 1934 1758 atque

351 1794 735 1854 consumptum
784 1783 1033 1840 funditus
1078 1785 1297 1854 quidem
1328 1783 1506 1853 ipsum
1556 1781 1933 1850 exstinguatur
1963 1770 2006 1825 Β

352 1886 407 1931 et
449 1884 652 1945 pereat,
687 1877 886 1945 planta:
928 1876 1125 1937 instar.
1155 1891 1274 1945 quae
1302 1874 1571 1930 dissoluto
1599 1874 1708 1935 illo,
1742 1873 1795 1925 in
1824 1885 1931 1941 quo

355 1958 556 2022 abditis
579 1983 698 2023 sese
733 1966 1008 2023 radicibus
1041 1965 1421 2031 conservabat,
1445 1964 1744 2021 emoritur:
1772 1962 1934 2018 homo

355 2075 487 2115 vero
518 2060 720 2113 nullam
746 2058 857 2126 jam
887 2059 1104 2112 insitam
1138 2057 1345 2112 habens
1377 2055 1756 2110 amaritudinis
1784 2048 1933 2107 radi-

358 2166 474 2207 cem
515 2151 582 2204 ad
612 2151 777 2204 vitam
824 2144 1110 2219 resurgat?
1140 2151 1326 2217 Itaque
1368 2148 1435 2202 ad
1473 2154 1755 2218 peccatum
1789 2140 1937 2200 velut

355 2242 785 2312 ckstirpandum,
818 2241 1144 2311 penitusque
1171 2238 1458 2295 delendum
1487 2237 1783 2308 epitulator
1822 2252 1924 2290 no-

355 2343 468 2389 ster
514 2348 578 2388 ac
618 2349 744 2388 vere
780 2333 1026 2388 medicus
1074 2332 1219 2388 Deus
1275 2341 1527 2394 mortem,
1568 2330 1726 2399 quasi
1778 2330 1934 2383 auxi-

357 2429 491 2482 liare
515 2426 789 2497 quoddam
820 2425 1302 2487 medicamentum,
1327 2420 1596 2486 adhibuit,
1628 2438 1697 2476 ne
1728 2421 1934 2475 malum

357 2522 413 2575 in
465 2521 643 2583 nobis,
677 2527 864 2590 utpote
913 2516 1332 2580 immortalibus,
1385 2517 1678 2572 excitatum
1736 2513 1937 2583 sempi-

359 2626 571 2667 ternum
615 2619 901 2667 maneret:
934 2626 1037 2666 nos
1088 2621 1267 2665 autem
1310 2608 1545 2679 pessime
1591 2605 1767 2661 aﬂ‘ecti
1817 2611 1871 2660 et
1903 2618 1935 2658 a

358 2705 579 2776 propria
612 2705 814 2759 virtute
842 2711 1198 2775 tegrotantum
1226 2717 1376 2757 more
1403 2699 1771 2755 desciscentes
1808 2697 1935 2751 diu-

361 2790 470 2852 tius
501 2798 553 2851 in
592 2812 658 2852 eo
683 2804 829 2850 statu
864 2810 1230 2857 maneremus,
1261 2809 1384 2848 cum
1419 2794 1689 2862 ingentem
1720 2806 1783 2845 ex
1818 2804 1937 2860 pec-

359 2888 482 2945 cato
517 2885 763 2944 morbum
794 2888 847 2942 in
876 2888 1153 2958 perpetuis
1201 2902 1267 2941 ac
1297 2883 1641 2956 sempiternis
1686 2882 1933 2953 corpori-

336 2980 463 3033 .bus
507 2970 793 3032 aleremus.
827 2966 1172 3046 Proindeque
1210 2976 1277 3030 ad
1324 2976 1605 3044 utriusque
1639 2987 1937 3043 repraesen-

360 3068 580 3123 tandam
626 3068 856 3123 salutem
891 3067 1085 3121 anima:
1130 3067 1340 3122 scilicet
1372 3080 1437 3119 ac
1474 3065 1741 3136 corporis,
1775 3063 1933 3134 quasi

360 3161 627 3217 medicam
673 3155 962 3230 quamdam
1013 3159 1392 3230 purgationem
1424 3158 1499 3212 ita
1528 3165 1756 3212 mortem
1791 3154 1935 3210 Deus

292 3242 299 3249 “
360 3250 711 3321 excogitavit,
738 3256 797 3303 ut
827 3264 929 3304 nos
974 3250 1246 3305 immunes
1279 3244 1346 3303 ab
1376 3249 1522 3304 omni
1554 3247 1754 3302 damno
1800 3245 1938 3301 inle-

362 3328 600 3412 grosque
630 3350 934 3412 praestaret.

433 3424 649 3487 XXVII.
689 3435 795 3504 Age
815 3433 985 3495 enim,
1012 3433 1269 3503 quoniam
1299 3431 1488 3487 multis
1517 3431 1583 3486 ad
1604 3428 1655 3486 id
1677 3426 1940 3501 exemplis

363 3536 503 3591 opus
532 3525 638 3582 est,
669 3522 798 3576 hinc
849 3521 1195 3592 potissimum
1239 3521 1342 3577 ista
1374 3521 1812 3587 consideremus;
1844 3537 1932 3577 ne-

362 3628 470 3683 que
510 3614 663 3683 prius
718 3612 786 3666 ab
814 3627 879 3667 eo
920 3621 1240 3683 argumento
1282 3612 1652 3677 discedamus,
1681 3627 1845 3684 quam
1884 3592 1977 3666 in.

363 3707 650 3761 clariorem
705 3706 1125 3777 explicationem
1187 3718 1253 3759 ac’
1303 3705 1680 3775 probationem
1744 3712 1936 3761 nostra

362 3790 791 3855 desieritoratio.
810 3794 1042 3854 Perinde
1059 3798 1224 3870 igitur
1242 3798 1541 3869 contigisse
1553 3797 1684 3852 mihi
1702 3797 1937 3861 videtur,

364 3909 430 3948 ac
483 3894 528 3949 si
566 3892 934 3964 peritissimus
981 3889 1250 3961 quispiam
1305 3888 1501 3944 artifex
1559 3890 1828 3959 egregiam
1871 3904 1938 3941 ex

364 4000 521 4049 auro,
554 3994 646 4039 aut
673 3985 777 4038 alia
815 3983 1043 4038 materia
1078 3989 1315 4038 statuam
1349 3992 1379 4034 a
1410 3997 1468 4036 se
1501 3980 1840 4042 fabricatam,
1877 3993 1941 4032 ac

367 4067 627 4132 membris
676 4074 932 4130 omnibus
982 4073 1251 4129 concinne
1293 4072 1674 4142 eleganteque
1705 4071 1941 4140 perpoli-

367 4176 476 4218 tam
502 4164 698 4219 iterum
723 4161 961 4229 conﬂet;
994 4161 1137 4232 quod
1174 4162 1319 4215 illam
1353 4160 1583 4215 subinde
1613 4160 1684 4214 ab
1717 4159 1941 4230 nequis-

368 4257 508 4311 simo
564 4255 748 4324 aliquo
800 4253 1058 4307 lmdatam
1115 4254 1561 4308 animadverterit
1596 4273 1608 4307 :
1642 4254 1737 4323 qui
1803 4254 1944 4307 hanc

367 4357 560 4401 statua:
610 4339 1071 4414 pulchritudinem
1131 4360 1243 4413 prae
1291 4345 1494 4398 invidia
1557 4361 1666 4400 non
1723 4342 1941 4409 ferens,

2025 629 2169 680 μου,
2215 608 2464 682 φράζων,
2513 608 2580 662 τὸ
2619 608 2865 677 ἀγαθόν.
2918 601 2994 663 Τὸ
3032 608 3145 678 γὰρ
3182 609 3406 666 θέλειν
3453 611 3616 679 παρά-

2031 704 2221 758 κειταί
2239 720 2364 772 μοι,
2393 701 2461 755 τὸ
2488 701 2559 755 δὲ
2594 697 3054 771 κατεργάζεσθαι
3084 701 3152 754 τὸ
3177 702 3394 756 καλὸν
3425 702 3522 756 οὔ.
3554 704 3627 756 οὐ

2030 792 2142 862 γὰρ
2173 790 2205 844 ὃ
2245 791 2399 845 θέλω
2428 788 2578 844 ποιῶ
2604 789 2848 859 ἀγαθὸν,
2879 789 3017 845 ἀλλ’
3050 789 3082 843 ὃ
3120 792 3191 844 οὐ
3228 789 3404 845 θέλω
3429 789 3626 856 κακὸν,

2030 884 2207 938 τοῦτο
2238 881 2515 952 πράσσω.
2561 885 2632 936 Et
2679 881 2748 935 δὲ
2793 881 2825 936 ὃ
2876 884 2949 937 οὐ
2999 882 3181 946 θέλω,
3226 882 3430 937 τοῦτο
3472 881 3628 946 ποιῶ,

2031 971 2233 1028 οὐκέτι
2268 971 2384 1041 ἐγὼ
2424 970 2847 1042 κατεργάζομαι
2891 972 3062 1038 αὐτὸ,
3093 973 3230 1027 ἀλλ’
3290 973 3337 1037 ἡ
3382 972 3629 1027 οἰκοῦσα

2029 1067 2100 1120 ἐν
2124 1064 2255 1134 ἐμοὶ
2278 1065 2565 1134 ἁμαρτία·
2600 1064 2691 1118 ὁτὲ
2725 1064 2813 1127 δὲ,
2840 1064 3184 1134 Συνήδομαι
3216 1063 3307 1130 τῷ
3340 1065 3515 1134 νόμῳ
3534 1059 3633 1120 τοῦ

2034 1158 2181 1212 Θεοῦ
2212 1157 2361 1211 κατὰ
2389 1155 2498 1210 τὸν
2521 1156 2644 1210 ἔσω
2673 1155 3011 1225 ἄνθρωπον.
3062 1155 3285 1210 Βλέπω
3320 1156 3401 1210 δὲ
3435 1155 3630 1224 ἕτερον

2031 1240 2220 1318 νόμον
2242 1247 2313 1302 ἐν
2337 1247 2462 1315 τοῖς
2485 1246 2706 1317 μέλεσι
2727 1265 2870 1317 μου,
2899 1248 3539 1318 ἀντιστρατευόμενον
3558 1247 3629 1314 τῷ

2031 1342 2194 1410 νόμῳ
2241 1338 2349 1395 τοῦ
2380 1339 2523 1407 νοός
2556 1358 2698 1410 μου,
2740 1339 2842 1394 καὶ
2890 1341 2959 1394 ἐκ
2992 1342 3220 1407 παντὸς
3259 1340 3626 1411 αἰχμαλωτί-

2034 1421 2209 1494 ζοντά
2228 1448 2306 1501 με
2342 1429 2422 1496 τῷ
2448 1431 2611 1500 νόμῳ
2648 1430 2761 1499 τῆς
2789 1431 3080 1500 ἁμαρτίας
3108 1427 3191 1500 τῷ
3223 1432 3369 1486 ὄντι
3406 1432 3482 1485 ἐν
3515 1431 3627 1497 τοῖς

2029 1521 2250 1592 μέλεσι
2291 1537 2432 1590 μου.
2479 1518 2667 1583 Οὕτως
2720 1520 2932 1574 οὐδέπω
2975 1520 3074 1592 τὴν
3124 1521 3423 1593 ἁμαρτίαν
3476 1522 3627 1575 αὑτό-

2034 1634 2275 1688 πρεμνον
2318 1618 2383 1670 ὲκ
2428 1614 2599 1687 ῥιζῶν
2643 1614 2970 1685 διακοπῆναι
3009 1615 3232 1688 συνέϐη.
3284 1617 3369 1670 Οὐ
3415 1615 3526 1688 γὰρ
3554 1616 3624 1679 εἰς

2034 1708 2187 1771 τέλος
2209 1707 2499 1770 ἀπέθανεν,
2539 1705 2676 1759 ἀλλὰ
2713 1705 2803 1777 ζῇ.
2830 1694 2957 1770 Πῶς
2980 1706 3091 1778 γὰρ
3130 1706 3239 1778 πρὸ
3266 1706 3375 1761 τοῦ
3416 1708 3625 1779 περισε-

2033 1800 2261 1872 ϐλῆσθαι
2292 1798 2509 1869 θανάτῳ
2534 1797 2625 1851 τὸν
2656 1796 2964 1867 ἄνθρωπον,
2999 1796 3086 1851 ἵνα
3112 1797 3264 1867 αὐτῷ
3292 1814 3619 1868 συμμαραν-

2036 1887 2187 1941 θεῖσα
2208 1887 2302 1940 καὶ
2324 1903 2385 1938 συ
2394 1884 2692 1956 μφθίνασα,
2712 1883 2850 1955 αὑτὴ
2891 1879 2990 1954 μὲν
3020 1885 3101 1948 εἰς
3122 1884 3298 1957 ἄρδην
3362 1886 3623 1955 ἀπόληται

2034 1979 2129 2033 καὶ
2158 1976 2463 2048 διαφθαρῇ,
2496 1975 2748 2046 καθάπερ
2794 1976 2981 2045 φυτὸν,
3031 1975 3289 2040 λυθέντος
3326 1978 3389 2030 ὲν
3417 1969 3464 2044 ᾧ
3504 1977 3622 2048 κρύ-

2035 2086 2243 2124 πτουσα
2270 2068 2370 2131 τὰς
2402 2068 2557 2138 ῥίζας
2606 2066 2778 2137 αὐτῆς
2810 2065 3129 2132 διεσώζετο·
3171 2069 3199 2121 6
3246 2068 3307 2121 δὲ
3344 2069 3622 2139 ἅνθρωπος

2036 2157 2193 2225 αὖθις
2220 2160 2420 2232 μηκέτι
2456 2158 2615 2231 ῥίζαν
2648 2158 3064 2213 ἐνθωπεύουσαν
3093 2160 3329 2231 πικρίας
3370 2159 3512 2231 ἔχων
3544 2160 3617 2226 ἐξ·

2035 2251 2270 2324 εγερθῇ;
2305 2251 2518 2321 Ὥσπερ
2548 2246 2640 2304 οὖν
2667 2249 3115 2322 ἀλεξιφαρμάκου
3149 2251 3363 2323 τρόπον
3406 2245 3618 2303 ὑπὸτοῦ

2034 2340 2371 2411 ἀλεξητῆρος
2406 2340 2603 2411 ἡμῶν,
2654 2340 2750 2393 καλ¹
2801 2339 3017 2404 ἀληθῶς
3072 2340 3257 2414 ἰατροῦ
3306 2340 3452 2394 Θεοῦ
3496 2337 3617 2409 πρὸς

2034 2431 2323 2504 ὲκρίζωσιν
2352 2431 2453 2501 τῆς
2488 2433 2763 2502 ἁμαρτίας
2803 2431 3124 2504 παρελήφθη
3168 2435 3196 2486 ὁ
3232 2433 3494 2495 θάνατος,
3534 2430 3617 2483 καὶ

2035 2523 2362 2594 ἀφανισμὸν,
2419 2523 2510 2576 ἵνα
2542 2522 2617 2594 μὴ
2639 2522 2941 2588 διαιωνίξον
2976 2524 3035 2577 ἐν
3072 2526 3204 2595 ήμῢι
3240 2524 3331 2594 εἴη
3374 2523 3439 2575 τὸ
3462 2519 3618 2575 κακὸν

2035 2614 2321 2678 ἀθάνατον,
2343 2612 2439 2668 ἅτε
2462 2615 2519 2666 ὲν
2544 2611 2832 2677 ἀθανάτοις
2855 2614 3138 2667 ἀνατεῖλαν
3159 2630 3170 2642 ·
3195 2613 3359 2668 αὐτοὶ
3382 2612 3442 2667 δὲ
3467 2611 3615 2663 λελω-

2036 2703 2104 2776 6η
2115 2702 2286 2775 μένοι,
2312 2705 2406 2758 καὶ
2435 2705 2728 2768 ἐκστάντες
2752 2704 3054 2758 νοσούντων
3075 2706 3276 2776 τρόπον
3300 2705 3405 2775 τῆς
3423 2702 3612 2759 οἰκείας

2037 2794 2260 2866 ἀρετῆς,
2297 2794 2391 2846 ἐπὶ
2432 2793 2567 2847 πολὺ
2606 2788 3001 2864 διατρίϐωμεν,
3033 2790 3129 2846 ἅτε
3173 2795 3231 2846 ἐν
3261 2788 3613 2862 ὐφεστηκὸσιν

2036 2886 2124 2939 ἀεὶ
2152 2887 2246 2938 καὶ
2300 2884 2592 2949 ἀθανάτοις
2623 2883 2839 2957 σώμασι
2878 2880 2977 2957 τὴν
3018 2886 3163 2940 κατά
3208 2886 3273 2940 τὸ
3322 2883 3613 2956 ἁμάρτημα

2041 2977 2286 3049 μεγάλην
2310 2978 2605 3048 τρέφοντες
2636 2980 2812 3035 νόσον.
2840 2980 2932 3033 Διὸ
2958 2977 3023 3051 δὴ
3048 2977 3231 3042 καλῶς
3256 2977 3463 3048 ταύτην
3491 2973 3613 3044 πρὸς

2039 3067 2206 3139 ἄμφω
2236 3070 2509 3141 σωτηρίαν
2543 3071 2636 3125 καὶ
2666 3071 2846 3142 ψυχῆς
2883 3072 2979 3125 καὶ
3017 3069 3272 3139 σώματος
3304 3081 3615 3140 φαρμακευο

2039 3159 2198 3230 τικῆς
2228 3158 2429 3230 τρόπον
2462 3160 2782 3233 καθάρσεως
2807 3161 2898 3214 τὸν
2928 3160 3157 3214 θάνατον
3184 3161 3212 3213 ὁ
3240 3160 3379 3224 Θεὸς
3409 3158 3609 3230 εὕρατο,

2043 3246 2130 3304 ἵνα
2162 3251 2495 3323 πανάμωμοι
2517 3252 2612 3306 καὶ
2640 3252 2844 3316 ἀσινεῖς
2871 3251 3047 3315 οὕτως
3071 3248 3517 3323 ὲξεργασθῶμεν.

2111 3425 2238 3483 KZ'.
2262 3429 2398 3500 Φέρε
2454 3428 2582 3501 γὰρ,
2633 3428 2820 3498 ἐπειδὴ
2869 3427 3079 3481 πολλῶν
3122 3427 3206 3481 δεῖ
3240 3426 3352 3480 τῶν
3400 3422 3522 3497 περὶ
3552 3422 3609 3475 τά

2039 3518 2266 3575 τοιαῦτα
2296 3521 2776 3593 παραδειγμάτων,
2805 3519 3053 3573 ἐντεῦθεν
3083 3518 3223 3574 αὐτά
3243 3519 3477 3590 μάλιστα
3500 3531 3607 3569 σκε·

2040 3612 2324 3683 πτώμεθα,
2352 3613 2425 3685 μὴ
2463 3614 2842 3684 ἀφιστάμενοι,
2874 3614 3003 3686 πρὶν
3018 3614 3084 3667 ἂν
3109 3612 3329 3685 πρῶτον
3362 3613 3441 3675 εἰς
3473 3607 3607 3675 abbr,-

2041 3704 2264 3776 λοτέραν
2299 3696 2595 3774 ἑρμηνείαν
2654 3701 3060 3774 ἀποτελευτήσῃ
3123 3703 3219 3755 καὶ
3275 3697 3540 3764 ἀπόδειξιν
3582 3696 3607 3747 6

2041 3798 2217 3867 λόγος.
2245 3789 2496 3850 Φαίνεται
2528 3792 2706 3848 τοίνυν
2732 3792 3069 3867 ῶσπερείτις
3095 3792 3429 3866 δημιουργὸς
3460 3789 3605 3857 ἄκρος

2042 3888 2263 3960 ἄγαλμα
2310 3888 2472 3941 καλὸν
2533 3888 2638 3941 ὑπὸ
2686 3885 2708 3920 ³
2754 3887 2959 3959 χρυσοῦ
3022 3882 3539 3956 κατεσκευασμένον,
3574 3874 3602 3945 ἤ

2045 3980 2175 4053 ὕλης
2198 3978 2387 4052 ἑτέρας
2410 3978 2579 4050 αὐτῷ,
2613 3978 2707 4033 καὶ
2732 3977 2910 4033 πάντα
2927 3978 2996 4032 τὰ
3028 3979 3164 4050 μέλη
3195 3976 3517 4048 συμμέτρως
3539 3968 3604 4023 εἰς

2046 4073 2240 4136 κάλλος
2256 4064 2583 4143 διακεκοσμη
2594 4064 2771 4142 μένον,
2790 4068 2951 4124 πάλιν
2978 4068 3225 4141 χωνεύοι,
3255 4060 3603 4135 λελωϐημένον

2045 4166 2198 4234 ἄφνω
2240 4165 2575 4235 θεασάμενος
2607 4160 2712 4217 ὑπό
2738 4180 2882 4227 τινος
2916 4161 3202 4232 ἀνθρώπου
3237 4155 3600 4231 πονηροτάτου.

2046 4256 2125 4325 ὃς,
2155 4258 2255 4310 οὐκ
2306 4246 2544 4325 ἐνεγκὼν
2604 4248 2710 4308 ὑπὸ
2757 4254 3056 4325 βασκανίας
3101 4251 3377 4324 εὐπρεπὲς
3403 4239 3603 4302 εἷναιτὺ

2050 4336 2291 4415 ἄγαλμα,
2323 4343 2559 4409 ἐσίνατο,
2611 4345 2849 4417 ματαίαν
2882 4344 3075 4416 ἡδονὴν
3118 4343 3496 4414 καρπούμενος
3523 4327 3601 4387 τηῧ

371 4435 547 4489 labem
584 4425 747 4504 550
793 4433 1031 4502 aliquam
1084 4432 1288 4487 inferre
1322 4433 1632 4495 studuerit,
1677 4446 1786 4503 quo
1828 4434 1937 4487 ina-

2052 4432 2265 4506 φθόνου.
2299 4436 2543 4508 Πρόσχες
2566 4437 2696 4509 γὰρ,
2737 4432 2782 4489 ὦ
2814 4436 3094 4506 σοφώτατε
3145 4432 3475 4504 Ἀγλαοφῶν,
3516 4428 3598 4486 ὅτι,

369 4543 496 4584 nem
548 4542 613 4583 ex
666 4524 871 4580 invidia
896 4535 996 4579 sua
1024 4523 1260 4578 fructum
1290 4533 1527 4594 caperet.
1560 4523 1948 4581 Animadverte

369 4620 537 4681 enim,
569 4633 603 4673 ο
630 4616 1034 4689 sapientissime
1057 4615 1396 4687 Aglaophon,
1437 4616 1483 4671 si
1516 4616 1857 4686 deturpatam
1885 4632 1947 4671 ac

370 4710 629 4766 fmdatam
697 4710 847 4765 illam
874 4709 1076 4765 habere
1107 4716 1343 4764 statuam
1383 4708 1517 4763 nolit
1535 4707 1751 4773 artifex,
1781 4719 1944 4778 quam

372 4812 527 4856 tanto
580 4800 763 4857 studio
817 4800 1207 4872 diligentiaque
1256 4800 1574 4864 elaborarit,
1626 4815 1844 4856 rursum
1892 4802 1946 4855 in

373 4896 610 4948 animam
642 4892 1018 4960 inducturum,
1037 4900 1098 4947 ut
1129 4892 1275 4946 illam
1293 4892 1601 4957 conﬂatam,
1625 4893 1803 4963 qualis
1832 4900 1952 4947 erat

373 4992 552 5049 antea,
584 4985 812 5039 reficiat.
840 4983 994 5050 Quod
1026 4985 1073 5039 si
1116 4984 1344 5039 idndere
1371 4983 1573 5050 denuo,
1611 4993 1665 5039 et
1694 4985 1748 5039 in
1780 4999 1947 5037 unum

375 5093 572 5147 cogere
603 5092 709 5131 non
750 5076 934 5141 libeat,
972 5077 1067 5132 sed
1103 5092 1222 5131 eam
1253 5076 1521 5131 duntaxat
1560 5074 1859 5130 emendans
1887 5090 1951 5128 ac

375 5167 681 5237 corrigeus.
722 5169 793 5220 ita
843 5166 921 5220 uti
956 5182 1016 5222 se
1058 5166 1243 5230 habet,
1282 5167 1575 5236 relinquat,
1615 5179 1840 5219 necesse
1868 5172 1952 5220 est

378 5258 489 5330 igni
521 5257 894 5312 caudel‘actam
916 5271 982 5313 ac
1006 5258 1183 5313 fabrili
1205 5265 1321 5312 arte
1352 5266 1699 5312 retractatam
1722 5255 1949 5326 eﬂigiem

380 5365 488 5404 non
526 5348 770 5404 eamdem
809 5363 1031 5404 manere
1059 5349 1316 5419 amplius,
1347 5348 1440 5403 sed
1464 5356 1854 5403 commutatam
1890 5362 1955 5402 ac

380 5442 700 5497 distractam
766 5440 958 5496 videri.
1009 5439 1191 5507 Quare
1239 5442 1286 5495 si
1335 5441 1653 5511 praeclarum
1694 5456 1758 5493 ac.
1817 5441 1955 5496 labis

379 5534 561 5587 omnis
607 5546 804 5603 expers
859 5547 998 5604 opus
1035 5547 1193 5588 suum
1223 5547 1346 5587 esse
1391 5533 1642 5595 voluerit,
1684 5531 1954 5603 confringi

453 5690 470 5721 ⁸
506 5688 662 5746 Rom.
699 5707 793 5749 vu.
827 5690 1009 5748 1&20.
1083 5694 1107 5725 ‘
1138 5689 1267 5745 ibid.
1420 5692 1506 5743 ’Ἴ

2051 4530 2099 4582 εἰ
2135 4527 2375 4599 βούλοιτο
2421 4529 2494 4599 μὴ
2538 4522 2674 4582 εἶναι
2701 4524 3061 4598 σεσινωμένον
3091 4526 3227 4589 ὅλως
3252 4528 3280 4580 ὀ
3304 4517 3597 4596 δημιουργὸς

2053 4619 2148 4672 καὶ
2178 4610 2376 4687 ψεκτὸν
2407 4614 2468 4671 τὸ
2496 4619 2633 4689 μετά
2672 4618 2942 4691 τοσαύτης
2991 4617 3138 4686 αὐτῷ
3176 4617 3413 4686 σπουδῆς
3440 4630 3491 4666 τε
3526 4605 3596 4660 καὶ

2058 4709 2335 4779 φροντίδος
2368 4709 2765 4781 πεπονημένὸν.
2807 4709 2967 4764 πάλιν
2998 4710 3464 4780 προ-τραπήσεται,
3491 4715 3593 4765 69‘."

2059 4796 2337 4872 χωνεύσας
2368 4792 2518 4865 αὑτὸ,
2554 4802 2794 4855 τοιοῦτον
2817 4790 3010 4864 ποιεῖν,
3040 4796 3150 4855 οἷον
3171 4801 3267 4854 καὶ
3289 4798 3508 4872 πρόσθεν
3526 4789 3594 4861 ἦν.

2059 4883 2122 4945 Εἰ
2150 4888 2206 4944 δὲ
2230 4892 2303 4963 μὴ
2335 4892 2684 4962 ἀναχωνεύοι.
2716 4888 2849 4964 μηδὲ
2900 4893 3222 4961 ἀναγκάζοι,
3248 4893 3314 4963 ἐᾷ
3344 4892 3400 4945 δὲ
3428 4886 3592 4959 μένειν,

2058 4980 2375 5052 θεραπεύων
2426 4978 2557 5034 αὐτὸ
2594 4980 2688 5034 καὶ
2752 4979 3252 5051 ἐπανορθούμενος,
3306 4980 3506 5046 ἀνάγκη
3546 4966 3595 5027 5+.

2059 5073 2526 5145 πυρακτούμενον,
2564 5074 2656 5127 καὶ
2683 5072 3077 5144 χαλκευόμενον
3109 5072 3169 5125 τὸ
3189 5071 3410 5141 ἄγαλμα
3440 5060 3592 5139 μηκέτι

2057 5162 2316 5218 δύνασθαι
2354 5164 2743 5235 διατηρηθῆναι
2787 5164 2849 5217 τὸ
2885 5164 3037 5230 αὐτὸ,
3084 5164 3219 5219 ἀλλά
3248 5156 3597 5235 διηλλαγμένον

2060 5255 2275 5310 ἔσεσθαι
2327 5257 2421 5310 καὶ
2476 5257 2915 5327 ὑπεσπασμὲνον.
2971 5257 3069 5309 Διά
3102 5256 3277 5315 τοῦτο,
3312 5258 3361 5309 εἰ
3402 5249 3594 5325 βούλοιτο

2064 5349 2227 5402 καλὸν
2265 5348 2395 5401 αὐτὸ
2440 5348 2533 5401 καὶ
2571 5348 2799 5419 ἄμωμον
2842 5346 3065 5416 εἶναιτὸ
3094 5349 3275 5420 ἔργον,
3308 5337 3592 5401 ἁναθλᾶσθαι

2064 5441 2214 5502 αὐτὸ,
2233 5440 2326 5493 καὶ
2347 5439 2777 5510 ἀναχωνεύεσθαι
2811 5430 2911 5505 δεῖ,
2939 5442 3087 5503 ὅπως
3111 5440 3179 5492 τὰ
3215 5439 3315 5508 μὲν
3336 5438 3457 5507 ἔτλη
3477 5432 3494 5462 ⁸
3523 5421 3592 5480 καὶ

2064 5532 2132 5585 τὰ
2162 5531 2505 5602 ἀλλοιώματα
2522 5532 2697 5585 πάντα
2722 5532 2790 5585 τὰ
2814 5531 2871 5595 ἐξ
2897 5532 3187 5602 ἐπιϐουλῆς
3208 5531 3357 5601 αὐτῷ
3386 5527 3469 5584 καὶ
3494 5516 3589 5592 φθέ·

1586 5689 1763 5746 ’COI.
1832 5689 1957 5743 ἀπὸ.
2035 5689 2209 5744 ‘Cor.
2271 5689 2455 5759 αξσχη.
