3794 6140
217 332 351 398 {illi

903 333 1271 401 ADVERSUS
1310 336 1653 399 emensas
1688 334 1817 399 LIB.
1860 339 1923 399 ιι.
1966 332 2129 400 rem.
2176 341 2215 398 ι.
2255 375 2325 387 -
2362 335 2639 400 ιιΑειιεε.
2681 296 2867 399 Lxrv.

3369 339 3508 401 illi

215 467 312 508 νου
335 453 677 529 ὑπάρξαντα.
699 447 839 512 αὐτὰ
862 450 963 531 μὲν
988 458 1077 514 διά
1097 458 1195 532 τῆς
1227 461 1535 531 ἀνασκευῆς
1569 460 1663 514 καὶ
1690 459 1811 514 ἀναα

2003 458 2261 531 nﬁarique
2288 467 2485 515 iterum
2534 467 2774 531 oportet,
2817 467 2877 515 ut
2916 442 3184 530 quidquid
3214 455 3512 512 malevolo-

216 546 540 619 χωνεύσεως
555 549 929 623 ἀπό).ηται,τὸ
949 552 1007 606 δὲ
1030 556 1111 618 εἰς
1138 553 1199 607 τὸ
1234 553 1428 617 ἑαυτοῦ
1458 549 1597 614 εἶδος
1628 552 1812 617 ἀσινὲς

218 636 315 690 καὶ
346 638 639 707 ἀκίϐδηλον
670 636 827 707 αὖθις
852 640 1074 713 ἄγαλμα
1100 643 1416 715 ὁμοιότατον
1460 643 1611 714 αὐτῷ
1633 660 1803 697 κατα-

219 730 520 803 σκευασθῇ.
540 731 631 803 Τῷ
665 732 764 803 μὲν
793 734 902 805 γάρ
930 735 1208 807 ἀγάλματι
1241 734 1540 790 ἀπολέσθαι
1567 735 1671 789 οὐκ
1698 734 1814 789 ἔστι

222 818 412 895 [κατὰ]
450 822 529 892 τῷ
555 823 704 894 αὐτῷ
741 825 985 899 τεχνίτῃ,
1020 827 1124 882 κᾶν
1169 827 1332 882 πάλιν
1358 829 1437 891 εἰς
1470 825 1603 898 ὕλην
1639 826 1812 899 λυθῇο

220 911 739 985 ἀποκατασταθῆναι
773 917 830 971 δὲ
856 917 993 972 ἔστι.
1027 919 1153 983 Τοῖς
1179 918 1394 990 αῖσχεσι
1432 914 1527 973 καὶ
1552 918 1816 991 λωδήμα-

222 1018 310 1057 σιν
360 1003 656 1061 ἀπολέσθαι
709 1010 807 1080 μὲν
864 1009 1007 1075 ἐστι,
1060 1012 1321 1083 τήκονται
1354 1011 1497 1084 γάρ·
1531 1012 1815 1065 (Ιιιιτοκατα-⁵

224 1096 487 1168 σταθῆναι
516 1099 573 1153 δὲ
603 1099 703 1154 οὐκ
744 1101 881 1168 ἐστι,
907 1103 995 1157 διά
1031 1104 1092 1157 τὸ
1126 1105 1183 1158 έν
1212 1101 1365 1178 πάσῃ
1384 1104 1548 1176 τέχνῃ
1574 1104 1667 1157 τὸν
1693 1104 1817 1176 ἀρι-

222 1203 346 1242 στον
373 1190 708 1265 δημιουργὸν
738 1193 812 1265 μὴ
869 1193 1006 1265 πρὸς
1031 1190 1092 1249 τὸ
1127 1196 1338 1267 αἴσχιον
1369 1195 1402 1266 ἢ
1431 1194 1819 1266 ὲπιτευχθησό-

224 1289 387 1351 μενον
423 1283 576 1354 ὁρᾷν,
617 1284 753 1338 ἀ).λά
796 1285 932 1357 πρὸς
961 1286 1024 1341 τὺ
1061 1286 1374 1360 σύμμετρον
1404 1287 1501 1341 καὶ
1537 1286 1693 1353 εὐθὲς
1720 1280 1814 1341 τοῦ

220 1370 285 1445 δη
295 1391 418 1445 μιου
426 1390 557 1445 ργου
565 1374 749 1450 μένου.

1914 568 2034 607 rum
2071 552 2261 607 fraude
2296 559 2459 623 atque
2484 551 2685 606 invidia
2707 550 3068 622 turpitudinis
3092 564 3158 603 ac
3182 549 3298 603 vitii
3328 557 3413 602 est
3433 547 3512 601 al-

1915 645 2106 705 latum,
2132 644 2531 699 instauratione
2559 658 2621 698 ac
2664 634 2990 698 cauillatione
3043 641 3288 696 tollatur.
3333 637 3514 694 Simu-

1917 738 2125 792 lacrum
2150 752 2312 807 porro
2348 736 2527 807 ipsum
2554 735 2823 806 integrum
2858 744 2910 790 et
2946 736 3176 791 illaesum
3195 734 3375 789 denuo
3405 732 3510 787 sibi

1919 842 2081 896 quam
2131 826 2471 881 simillimum
2519 824 2798 880 reddatur.
2851 823 2929 879 Ita
2972 826 3117 880 enim
3156 831 3354 880 statuae
3403 822 3511 893 ipsi

1918 919 2168 989 contigit,
2205 933 2313 972 non
2346 928 2404 973 ut
2434 916 2630 989 artiﬁci
2659 932 2760 973 suo
2787 925 2997 986 pereat,
3032 918 3248 972 tametsi
3279 917 3333 971 in
3354 931 3513 972 suam

1924 1010 2206 1065 materiem
2254 1010 2531 1077 solvatur;
2559 1008 2656 1064 sed
2691 1017 2751 1063 ut
2776 1009 2830 1063 in
2856 1009 3126 1077 integrum
3151 1008 3510 1074 restituatur;

1922 1101 2075 1157 Iabes
2108 1102 2289 1156 autem
2347 1116 2542 1157 omnes
2579 1116 2644 1155 ac
2702 1099 2982 1156 fteditates
3013 1115 3137 1155 cum
3188 1100 3306 1170 ipsa
3355 1099 3514 1154 colli-

1923 1193 2184 1264 quatione
2217 1200 2470 1264 pereant,
2511 1207 2623 1247 non
2649 1192 2885 1263 amplius
2927 1190 3159 1247 redeunt
3190 1200 3515 1261 :propterea

1922 1286 2069 1359 quod
2102 1287 2158 1341 in
2196 1285 2345 1340 omni
2400 1293 2519 1340 artc
2546 1281 3251 1355 pmstantissimuSOpil‘ex
3302 1298 3411 1336 non
3460 1280 3516 1335 id

1924 1372 2069 1450 quod
2097 1377 2151 1432 in
2180 1391 2346 1447 opere
2376 1390 2478 1431 suo
2505 1373 2864 1446 turpitudinis
2884 1380 2940 1429 et
2964 1371 3287 1428 oﬂ‘ensionis
3309 1367 3518 1440 aliquid
3592 1414 3597 1423 τ

222 1470 443 1538 habeat,
478 1474 572 1529 sed
604 1475 751 1545 quod
787 1476 1074 1547 aptissime
1108 1474 1449 1533 modulatum
1495 1477 1814 1549 aﬁ‘abreque
1849 1477 2051 1531 factum
2077 1482 2182 1540 est,
2216 1472 2321 1529 sibi
2352 1478 2654 1543 proponat.

295 1562 505 1620 Ταυτὸν
550 1569 658 1641 γὰρ
683 1570 933 1639 φαίνεται
964 1570 1022 1626 δέ
1056 1591 1146 1644 μοι
1177 1575 1273 1627 καὶ
1317 1572 1403 1643 ἐφ’
1451 1574 1609 1646 ἡμῶν
1637 1575 1665 1628 ὁ
1686 1566 1821 1639 Θεὸς

224 1656 397 1722 οὕτως
421 1658 907 1734 διῳκονομηκέναι.
938 1662 1042 1719 Τὸν
1073 1667 1182 1740 γὰρ
1208 1665 1497 1738 ἄνθρωπον
1532 1667 1598 1720 τὸ
1625 1667 1823 1737 εὐπρε-

226 1746 494 1802 πέστατον
527 1751 721 1804 ἑαυτοῦ
744 1753 1012 1824 τέχνημα,
1033 1755 1327 1825 βασκάνοις
1355 1756 1693 1829 ὲπιῦουλαῖς,
1725 1759 1819 1812 καὶ

226 1838 406 1910 φθόνῳ
420 1844 805 1914 κεκακωμένον
831 1844 974 1911 ἰδὼν,
997 1847 1096 1900 οὐκ
1116 1847 1376 1918 ἠνέσχετο
1394 1848 1634 1902 τοιοῦτον
1651 1865 1819 1902 κατα-

225 1928 409 2002 λεῖψαι
440 1934 826 2005 φιλάνθρωπος
869 1937 964 2001 ὢν,
1003 1938 1152 2002 ὅπως
1182 1938 1255 2010 μὴ
1284 1938 1351 1992 δι’
1376 1938 1572 2003 αἰῶνος
1608 1938 1692 2011 εἴη
1722 1956 1822 2010 με·

228 2024 583 2095 μωμημένος,
638 2027 904 2083 ἀθάνατον
951 2029 1089 2101 ἔχων
1136 2033 1194 2084 ὲν
1254 2030 1435 2102 ἑαυτῷ
1476 2031 1569 2085 τὸν
1615 2031 1817 2101 ψόγον·

224 2116 360 2172 ἀλλά
415 2119 660 2174 διέλυσεν
710 2125 789 2186 εἰς
826 2121 958 2193 ὕλην
990 2124 1176 2188 πάλιν,
1209 2124 1297 2177 ἵνα
1334 2124 1423 2178 διὰ
1449 2125 1549 2196 τῆς
1573 2125 1821 2179 ἀναπλά-

227 2221 366 2272 σεως
394 2210 687 2274 ὲκτακῶσι.
716 2214 810 2267 καὶ¹
841 2208 1246 2284 ὲξαφανισθῶσι
1274 2212 1453 2270 πάντα
1484 2215 1555 2269 τά
1574 2217 1632 2270 ὲν
1669 2214 1822 2287 αὺτῷ

229 2301 570 2371 μωμήματα.
635 2298 709 2356 Τὸ
750 2302 862 2376 γὰρ
916 2302 1033 2359 ἐκεῖ
1093 2306 1536 2377 ἀναχωνευθῆναι
1579 2305 1673 2360 τὸν
1724 2306 1819 2361 ἀν-

226 2387 471 2462 δριάντα,
500 2390 661 2448 τοῦτο
681 2396 743 2448 τὸ
768 2396 1007 2451 ἐνταῦθα
1036 2397 1353 2465 ἀποθανεῖν,
1383 2401 1479 2453 καὶ
1506 2398 1822 2469 διαλυθῆναι

225 2482 287 2534 τὸ
321 2481 480 2554 σῶμα
507 2499 520 2515 ·
558 2486 618 2539 τὸ
653 2486 711 2540 δὲ
762 2488 879 2541 ἐκεῖ
904 2490 1503 2562 ἀναμορφωποιηθῆναι
1531 2490 1629 2562 τὴν
1666 2489 1819 2560 ὓλην,

227 2573 886 2649 ἢάνακοσμοποιηθῆναι,
933 2580 1093 2633 τοῦτο
1129 2580 1365 2635 ἐνταῦθα
1401 2582 1541 2653 μετὰ
1582 2582 1642 2635 τὸ
1685 2582 1823 2635 ἀπο-

228 2664 409 2718 Θανείν
440 2667 500 2721 τὸ
520 2669 823 2739 ἀναστῆναι
848 2687 862 2702 ’
896 2671 1087 2744 ὥσπερ
1128 2673 1223 2726 καὶ
1252 2675 1281 2726 ὁ
1319 2675 1607 2746 προφήτης
1657 2675 1823 2746 Ἰερε-

233 2758 382 2829 μίας.
403 2761 624 2827 Τούτοις
655 2763 764 2836 γὰρ
814 2765 914 2837 ἤδη
967 2767 1061 2820 καὶ
1085 2767 1248 2831 αὐτὸς
1281 2760 1385 2820 ὧδε
1415 2767 1590 2820 ταῦτα
1621 2785 1825 2838 παρεγ-

230 2854 356 2924 γυᾷ,
393 2855 503 2909 Καὶ
545 2856 823 2923 κατέϐην,
854 2857 1050 2926 λέγων.
1075 2860 1163 2924 εὶς
1188 2858 1296 2912 τὸν
1322 2856 1492 2914 οἷκον
1514 2860 1622 2914 τοῦ
1650 2878 1826 2929 κεραι-

230 2944 412 3014 μέως·
441 2947 539 3000 καὶ
572 2946 702 3002 ὶδοὺ
733 2948 919 3013 αὐτὸς
938 2950 1126 3002 ἐποίει
1144 2949 1322 3019 ἔργον
1343 2950 1442 3003 ἐπὶ
1473 2950 1595 3005 τῶν
1617 2953 1824 3016 λίθων,

1998 1570 2144 1626 Idem
2176 1568 2343 1641 igitur
2383 1568 2438 1623 in
2468 1566 2628 1623 nobis
2660 1564 2862 1621 fecisse
2903 1563 3040 1620 mihi
3068 1561 3216 1620 Deus
3254 1571 3309 1619 et
3340 1561 3518 1618 admi-

1926 1664 2197 1719 nistrasse
2228 1661 2465 1717 videtur.
2490 1661 2628 1715 Cum
2661 1660 2809 1715 enim
2836 1657 3126 1727 hominem
3167 1653 3517 1726 elegantissi-

1926 1769 2077 1811 mum
2106 1770 2246 1825 opus
2278 1769 2441 1809 suum
2476 1751 2846 1808 fraudulentis
2881 1750 3092 1806 artibus
3114 1756 3278 1819 atque
3306 1745 3514 1802 invidia

1921 1848 2162 1920 pessime
2193 1846 2448 1901 aﬁ‘ectum
2480 1845 2711 1909 videret,
2742 1845 2905 1899 talem
2928 1857 3026 1914 pro
3060 1856 3160 1898 sua
3180 1839 3516 1912 benignitate

1922 1942 2236 2011 relinquere
2288 1939 2485 2003 noluit,
2536 1953 2604 1993 ne
2641 1938 2747 1991 hac
2789 1937 2845 1990 in
2899 1951 3117 1991 omnem
3154 1933 3515 1989 azternitatem

1921 2033 2138 2088 macula
2185 2039 2334 2088 esset
2386 2030 2677 2095 infectum,
2708 2045 2834 2085 eum
2882 2029 3272 2100 sempiternam
3304 2026 3357 2080 in
3392 2039 3516 2080 sese

1922 2125 2100 2179 labem
2126 2125 2273 2179 illam
2317 2124 2618 2189 retineret;
2652 2122 2749 2178 sed
2807 2122 2862 2176 in
2896 2120 3184 2176 materiam
3215 2119 3397 2174 denuo
3432 2131 3516 2172 re-

1923 2216 2108 2279 solvit,
2138 2224 2199 2269 ut
2261 2214 2523 2285 quidquid
2583 2214 2637 2268 in
2674 2229 2740 2268 eo
2779 2213 3037 2267 vitiosum
3066 2220 3204 2276 erat,
3242 2209 3513 2264 reforma-

1923 2307 2073 2362 tione
2104 2306 2223 2376 ipsa
2239 2306 2388 2360 velut
2415 2306 2716 2375 eliquatum
2732 2312 2897 2374 atque
2925 2304 3258 2377 exstinctum
3286 2301 3509 2371 periret.

1925 2400 2081 2466 Quod
2148 2399 2293 2454 enim
2358 2397 2467 2452 illic
2531 2405 2619 2453 est
2677 2405 2874 2453 statuae
2922 2393 3200 2457 conﬁatio,
3248 2392 3388 2448 idem
3422 2393 3510 2445 hic

1926 2508 2074 2567 m‘ors
2100 2498 2185 2547 est
2249 2491 2648 2560 dissolutioque
2694 2488 2985 2559 corporis;
3017 2501 3082 2540 ac
3113 2485 3258 2556 quod
3286 2484 3397 2539 illic
3423 2492 3511 2540 est

1926 2584 2124 2639 iterum
2179 2581 2513 2637 conformari
2560 2579 2845 2635 materiam
2895 2579 3148 2648 atquein
3217 2576 3511 2648 pristinum

1926 2678 2160 2731 nitorem
2196 2675 2432 2738 restitui,
2459 2673 2601 2729 idem
2623 2674 2713 2728 hie
2731 2680 2951 2741 estpost
2977 2671 3185 2725 obitum
3203 2683 3510 2738 resurgere.

1928 2770 2029 2825 Cui
2088 2783 2141 2824 et
2208 2767 2476 2837 propheta
2522 2764 2793 2821 Jeremias
2849 2764 3198 2834 astipulatur.
3235 2760 3335 2815 Ilic
3364 2760 3512 2815 enim

1927 2862 2119 2917 eadem
2173 2863 2398 2914 omnino
2457 2859 2623 2914 docet
2674 2857 2762 2912 bis
2793 2856 2974 2911 verbis
3010 2874 3024 2909 :
3058 2853 3126 2907 Et
3174 2851 3420 2908 descendi
3460 2852 3516 2906 in

1927 2955 2142 3009 domum
2173 2954 2357 3024 ﬁguli;
2394 2961 2442 3008 et
2458 2968 2574 3006 ecce
2595 2950 2685 3005 ille
2714 2949 2944 3020 faciebat
2981 2962 3113 3021 opus
3143 2962 3300 3016 super
3326 2944 3520 3014 lapidi-

3036 6 3045 15 ι
3064 2 3175 17 “Iul-I-
3196 0 3675 15 ι-εεηι--η-ῄ-ι--ιιμπ

231 3037 328 3125 καὶ
379 3036 623 3093 διέπεσε
669 3039 736 3093 τὸ
766 3040 1008 3110 ἀγγεῖον
1051 3041 1082 3095 ὃ
1110 3042 1299 3096 ἐποίει
1343 3043 1414 3096 ἐν
1434 3042 1563 3109 ταῖς
1613 3044 1811 3113 χερσὶν

2003 3066 2046 3113 s,
2070 3058 2118 3102 et
2145 3047 2340 3102 excidit
2361 3063 2474 3112 vas,
2509 3045 2650 3116 quod
2681 3042 2910 3114 ﬁngebat
2939 3043 2992 3095 in
3030 3040 3277 3094 manibus
3301 3039 3434 3101 suis,
3469 3046 3519 3090 et

232 3128 438 3195 αὐτοῦ,
468 3130 563 3184 καὶ
597 3126 786 3185 πάλιν
812 3134 1105 3201 ἐποίησεν
1134 3133 1281 3188 αὐτό
1316 3134 1560 3204 ἀγγεῖον
1595 3135 1811 3205 ἕτερον,

2003 3157 2144 3195 rsum
2172 3140 2325 3202 ﬁnxit
2350 3140 2440 3193 illc
2480 3154 2572 3192 vas
2607 3137 2834 3192 alterum
2855 3132 3298 3206 quemadmodum
3320 3130 3523 3197 placuit

237 3219 435 3287 καθὼς
464 3220 690 3290 ἤρεσεν
715 3219 976 3277 ἐνώπιον
1026 3225 1214 3278 αὑτοῦ
1247 3224 1355 3279 τοῦ
1403 3227 1674 3295 ποιῆσαι.
1718 3228 1811 3282 Καὲ

2003 3232 2036 3294 i,
2061 3240 2118 3284 ut
2147 3231 2365 3301 faceret.
2402 3228 2471 3283 Et
2509 3229 2714 3298 factum
2766 3236 2845 3282 est
2873 3228 3083 3282 verbum
3121 3223 3336 3279 Domini
3363 3221 3520 3292 551

232 3312 467 3383 ἐγένετο
504 3314 688 3385 λόγος
735 3316 959 3384 Kvplov
980 3317 1130 3384 πρὸς
1140 3316 1243 3385 μὲ,
1269 3316 1498 3389 λέγων*
1537 3320 1605 3372 Εἰ
1636 3318 1811 3386 καθὼς

2003 3326 2004 3329 “
2059 3339 2139 3377 me
2189 3323 2366 3376 dicens
2402 3338 2420 3375 :
2449 3321 2513 3377 Si
2550 3319 2996 3391 quemadmodum
3036 3317 3233 3387 ligulas
3274 3315 3383 3384 ipse
3420 3328 3527 3366 non

233 3407 268 3458 ὁ
301 3404 594 3473 κεραμεὺς
623 3401 823 3471 οὗτος,
878 3408 950 3460 οὐ
984 3405 1326 3477 δυνήσομαι
1366 3408 1544 3463 τοῦτο
1580 3409 1809 3478 ποιῆσα

2004 3425 2114 3470 tero
2151 3415 2248 3469 hoc
2272 3414 2447 3483 facere
2502 3412 2667 3474 vobis,
2699 3412 2886 3465 domus
2909 3409 3128 3464 Israel?
3172 3407 3305 3462 Ecce
3359 3406 3526 3460 lutum

233 3494 411 3564 ὑμᾶς,
456 3492 623 3564 οἶκος
678 3496 786 3552 τοῦ
844 3497 1126 3568 Ἰσραήλ;
1193 3500 1349 3555 Ἰδοὺ
1396 3504 1431 3556 ὁ
1483 3501 1681 3570 πηλὸς
1727 3504 1811 3557 toi

2003 3507 2086 3561 παιὶ
2126 3524 2213 3562 vos
2250 3508 2377 3561 estis
2403 3507 2456 3560 in
2479 3505 2723 3560 manibus
2752 3505 2878 3558 meis
2905 3504 2952 3555 ¹.

235 3589 538 3659 κεραμέως
570 3590 743 3659 ὑμεῖς
790 3592 934 3645 ἐστε
973 3592 1045 3645 ἐν
1068 3592 1200 3660 ταῖς
1233 3594 1410 3663 χερσί
1438 3613 1584 3664 μου.

304 3683 439 3737 KH'.
463 3684 709 3755 Πρόσχες
739 3685 849 3757 γάρ
875 3686 1045 3749 ὅπως,
1076 3686 1152 3750 ὡς
1191 3685 1348 3757 ἔφην,
1380 3688 1517 3757 μετά
1548 3688 1609 3741 τὸ
1636 3705 1833 3760 παρα-

234 3777 396 3848 ϐῆναι
422 3775 513 3830 τὸν
536 3776 843 3848 ἄνθρωπον,
870 3780 903 3850 ἡ
940 3778 1151 3850 μεγάλη
1179 3780 1318 3849 χεὶρ,
1348 3781 1430 3842 εἰς
1448 3782 1627 3843 νῖκος¹
1667 3798 1831 3835 κατα-

235 3868 415 3939 ὴίψαι
442 3870 503 3922 τὸ
528 3870 728 3940 ἑαυτῆς
759 3868 921 3943 ἔργον
968 3871 1070 3923 οὐκ
1105 3870 1406 3941 ηὐδόκησεν
1453 3871 1530 3935 ὼς
1562 3871 1836 3942 κίϐδηλον,

247 3960 490 4031 πονηροῦ
511 3961 711 4024 ἀδίκως
731 3960 863 4013 αὐτὸ
883 3960 1270 4032 λυμηναμένου
1290 3961 1581 4033 βασκάνοις
1600 3964 1801 4027 αἰτίαις
1824 3980 1839 3997 ·

240 4052 376 4106 ἀλλὰ
409 4052 685 4124 ἀνατήξας
718 4052 1005 4105 ἀνέδευσεν
1033 4049 1190 4117 αὖθις
1219 4055 1305 4117 εἰς
1338 4054 1529 4124 πηλὸν,
1563 4052 1653 4109 οἷα
1675 4073 1843 4128 κερα-

244 4146 398 4216 μεὺς,
436 4145 492 4209 ὃς
521 4144 885 4199 ἀναπλάσσων
911 4146 1043 4199 αὐτὸ
1089 4146 1227 4217 πρὸς
1253 4146 1313 4200 τὺ
1339 4147 1708 4219 ἀφανισθῆναι
1742 4148 1843 4219 μὲν

237 4234 327 4288 διὰ
391 4236 490 4307 τῆς
525 4236 885 4301 ἁναπλάσεως
936 4238 1115 4291 πάντα
1150 4237 1218 4290 τὰ
1243 4239 1299 4291 ὲν
1333 4237 1483 4309 αὑτῷ
1510 4239 1696 4311 αἴσχη,
1739 4240 1831 4293 καὶ

2009 3685 2249 3742 XXVIII.
2315 3675 2490 3742 Velim
2541 3686 2687 3741 istud
2731 3683 2998 3747 attendas,
3040 3681 3117 3736 uti
3156 3680 3291 3743 dixi,
3341 3692 3527 3749 quem-

1940 3776 2235 3831 admodum
2265 3783 2391 3845 post
2427 3776 2667 3831 hominis
2692 3774 2951 3830 delictum
2983 3772 3178 3842 ingens
3211 3770 3302 3823 illa
3332 3780 3527 3821 manus

1941 3883 2079 3938 epus
2108 3882 2268 3922 suum
2325 3875 2587 3935 tanquam
2635 3864 3008 3920 adulterinum
3067 3863 3121 3916 in
3159 3868 3308 3915 tanta
3337 3865 3532 3945 c‘ontui

1941 3961 2103 4015 tnelia
2166 3960 2480 4029 probroque
2540 3958 2852 4028 relinquere
2905 3956 3163 4021 noluerit,
3227 3967 3351 4007 cum
3408 3966 3528 4007 eum

1942 4051 2190 4106 nefarius
2249 4050 2427 4105 hostis
2484 4065 2548 4105 ex
2607 4048 2811 4103 invidia
2852 4046 3131 4101 violasset.
3169 4040 3275 4097 Sed
3339 4053 3535 4094 rursus

1944 4146 2266 4215 eliquatum.
2299 4154 2354 4199 et
2386 4144 2440 4197 in
2481 4143 2654 4197 lutum
2696 4140 2983 4197 subactum
3034 4136 3181 4207 ﬁguli
3219 4149 3369 4189 more
3392 4131 3533 4187 rele-

1946 4237 2102 4299 cerit,
2131 4244 2191 4289 ut
2216 4252 2280 4289 ea
2310 4234 2701 4291 reformatione
2729 4231 3097 4303 quodcunque
3115 4230 3170 4284 in
3188 4244 3252 4285 eo
3274 4227 3535 4283 fmdatum

240 4327 545 4399 θλάσματα,
569 4327 868 4399 γενηθῆναι
884 4346 941 4382 τε
961 4328 1024 4381 τὸ
1044 4330 1152 4382 πᾶν
1171 4329 1376 4383 ἄνωθεν
1394 4331 1700 4402 ἀμέμπτως
1713 4334 1811 4404 ἀρε

2003 4348 2011 4385 :
2046 4329 2376 4387 contusione
2417 4329 2785 4385 deformatum
2813 4336 2932 4383 erat
2962 4326 3180 4397 penitus
3228 4322 3535 4384 tolleretur;

242 4419 388 4472 στὸν.
413 4414 491 4474 Ἦ
519 4421 632 4474 οὐκ
657 4421 783 4488 ἔχει
806 4419 1104 4484 ἐξουσίαν
1128 4423 1161 4474 ό
1186 4421 1484 4490 κεραμεὺς
1503 4421 1610 4476 τοῦ
1640 4426 1811 4490 πηλο-

2003 4424 2129 4478 »εἱιιε
2164 4438 2296 4478 vero
2326 4422 2629 4492 opiﬁcium,
2664 4428 2723 4476 ut
2741 4429 2861 4476 erat
2881 4428 3066 4484 antea,
3091 4416 3536 4491 reprehensionis

240 4512 308 4564 ἐκ
336 4511 441 4565 τοῦ
476 4510 664 4566 αὐτοῦ
692 4510 1043 4581 φυράματος
1080 4510 1340 4579 ποιῆσαι
1377 4512 1624 4579 σκεῦος,
1662 4513 1693 4567 ὃ
1729 4512 1811 4583 μὲ

2003 4531 2158 4586 xpers
2187 4531 2252 4570 ac
2276 4517 2581 4585 jucundum
2612 4514 2846 4570 exsistit.
2887 4513 3075 4567 Annon
3119 4511 3274 4565 habet
3313 4517 3536 4580 potesta-

241 4606 327 4670 εἰς
364 4603 564 4673 τιμὴν,
598 4603 630 4657 ὃ
663 4603 732 4658 δὲ
752 4607 841 4672 εις
861 4605 1136 4674 damur;
1187 4605 1252 4658 Ὃ
1281 4604 1343 4675 δή
1363 4606 1481 4658 ἐστι
1530 4604 1710 4673 (τοῦτο
1740 4605 1848 4678 γὰρ

240 4698 270 4750 ὁ
319 4697 637 4761 ’Δπὸστολός
687 4714 777 4768 μοι
816 4697 1012 4770 δηλοῦν
1041 4698 1350 4769 petiverat)“
1390 4698 1482 4767 Μή
1516 4715 1568 4749 τι
1598 4696 1848 4761 ἐξουσίαν

242 4787 345 4839 οὐκ
408 4787 521 4856 ἔχει
571 4788 600 4839 ὁ
655 4786 789 4852 Θεὸς
845 4789 954 4843 ἀπὸ
997 4791 1098 4861 τῆς
1126 4790 1258 4862 ὕλης
1294 4790 1529 4844 ἑκάστου
1554 4790 1657 4861 τῆς
1677 4792 1849 4863 αὐτῆς

241 4877 582 4942 ἀναπλάσας,
631 4880 727 4933 καὶ
775 4881 1167 4954 ἀνακοσμήσας
1210 4879 1349 4947 εἶδος
1399 4883 1653 4947 ἕκαστον,
1693 4883 1726 4954 ἢ
1767 4886 1848 4949 είς

245 4969 414 5041 τιμὴν
458 4969 620 5041 ἡμῶν
678 4973 979 5044 ἀναστῆναι
1034 4975 1129 5029 καὶ
1186 4975 1347 5040 δόξαν
1404 4964 1469 5046 il,
1497 4976 1579 5039 εἰς
1618 4975 1840 5046 ἀτιμίαν

246 5063 339 5121 καὶ
400 5062 759 5134 κατάκρισιν;
813 5065 910 5129 Εἰς
950 5066 1176 5138 ἀτιμίαν
1232 5068 1331 5138 μὲν
1390 5066 1498 5120 τῶν
1538 5069 1597 5122 ὲν
1660 5069 1843 5141 ἀμαρ-

254 5156 387 5218 τίαις
445 5155 665 5225 φαύλως
713 5157 1068 5230 βιωσάντων,
1139 5160 1223 5223 εἰς
1266 5160 1433 5231 τιμὴν
1489 5159 1547 5212 δὲ
1612 5160 1723 5215 τῶν
1783 5164 1842 5214 ὲν

245 5248 559 5320 δικαιοσύνῃ
579 5266 593 5280 ·
624 5248 879 5323 καθάπερ
920 5250 1165 5324 ἐδηλώθη
1203 5253 1298 5306 καὶ
1325 5251 1406 5323 τῷ
1450 5252 1684 5322 Δανιὴλ,
1720 5252 1852 5308 Ὅτι

247 5343 464 5398 πολλοὶ
503 5342 623 5398 τῶν
648 5344 1061 5402 καθευδόντων
1103 5347 1172 5401 ὲν
1205 5347 1319 5418 γῆς
1342 5347 1585 5417 χώματι,
1618 5347 1850 5417 λέγοντι,

247 5434 772 5504 ἐβεγερθήσονται,
796 5433 961 5494 οὗτοι
981 5440 1070 5505 εἰς
1100 5437 1255 5507 ζωὴν
1275 5437 1536 5502 αὶώνιον,
1554 5440 1651 5493 καὶ
1680 5435 1847 5497 οὗτοι

248 5531 336 5595 εις
361 5530 705 5601 ὀνειδισμὸν
726 5533 826 5587 και
847 5534 1154 5603 αἰσχύνην
1175 5530 1447 5601 αἰώνιονί·
1474 5534 1593 5594 καὶ,
1616 5536 1679 5587 Οἱ
1702 5548 1853 5587 συν-

251 5622 442 5688 ιέντες
491 5621 920 5695 ἐκλάμψουσιν
969 5625 1049 5692 ὡς
1083 5627 1122 5694 ἡ
1174 5628 1527 5696 λαμπρότης
1566 5626 1672 5679 τοῦ
1706 5641 1842 5679 στε-

324 5779 344 5812 ¹
386 5777 442 5835 F.
476 5782 671 5844 νεῖκος.
752 5784 771 5814 ²
810 5781 921 5839 Jer.
958 5800 1110 5847 ιιι-ιιι,
1147 5783 1268 5839 3-6.
1348 5785 1365 5811 -‘
1395 5783 1551 5838 Ilutu.
1584 5800 1655 5850 ix,
1692 5783 1781 5837 Ἦ.

1962 4618 2064 4662 tem
2089 4609 2284 4679 ﬁgulus
2317 4608 2417 4660 luti
2444 4623 2508 4661 ea:
2528 4606 2709 4661 eadem
2738 4621 2920 4659 massa
2942 4605 3115 4673 facere
3140 4620 3254 4665 vas,
3287 4601 3438 4655 aliud
3469 4600 3537 4654 ad

1957 4699 2230 4761 honorent,
2268 4698 2417 4751 aliud
2460 4697 2529 4751 ad
2562 4696 2939 4751 contumeliam
2963 4696 3025 4748 ’?
3069 4692 3225 4759 Quod
3276 4691 3418 4746 idem
3456 4696 3537 4745 est

1947 4792 2023 4861 (id
2058 4792 2204 4845 enim
2258 4791 2569 4861 signiﬁcare
2620 4789 2750 4843 mihi
2782 4788 2922 4844 velle
2968 4787 3185 4841 videtur
3216 4784 3536 4855 Apostolus)

1946 4904 2009 4943 ac
2041 4889 2086 4942 si
2119 4872 2327 4942 diceret
2356 4902 2370 4939 :
2401 4875 2593 4941 Nonne
2623 4891 2949 4957 potestatem
2987 4882 3151 4937 habet
3188 4880 3330 4935 Deus
3363 4895 3427 4934 ex
3457 4893 3538 4934 ea-

1946 4983 2069 5039 dem
2099 4982 2367 5053 cujusque
2396 4979 2623 5035 materia
2637 4978 2979 5049 singulorum
3018 4975 3246 5031 formam
3278 4972 3531 5028 reﬁciens

1947 5088 2003 5133 et
2036 5076 2374 5137 instaurans,
2415 5074 2581 5127 alium
2601 5072 2666 5127 ad
2706 5073 2967 5127 honorem
2999 5080 3053 5127 et
3080 5070 3334 5142 gloriam,
3371 5067 3537 5122 alium

1952 5169 2019 5224 ad
2051 5167 2332 5223 infamiam
2370 5176 2424 5221 et
2453 5163 2859 5219 damnationem
2889 5161 3167 5217 excitare?
3193 5160 3272 5214 Ad
3308 5158 3540 5229 ignomi-

1950 5263 2099 5317 niam
2125 5261 2344 5332 quidem
2372 5274 2470 5315 eos
2503 5258 2593 5329 qui
2628 5258 2683 5312 in
2733 5266 3084 5328 peccatorum
3142 5251 3538 5309 consuetudine

1950 5354 2187 5424 turpiter
2217 5353 2507 5417 vixerunt;
2539 5353 2605 5406 ad
2641 5352 2903 5406 honorem
2956 5364 3088 5404 vero
3117 5363 3214 5404 eos
3245 5346 3337 5417 qui
3371 5345 3536 5398 vitam

1949 5444 2016 5497 ad
2036 5444 2307 5514 justitiam
2332 5444 2840 5500 accommodarunt.
2860 5441 3015 5508 Quod
3049 5448 3103 5495 et
3132 5454 3163 5492 a
3195 5436 3415 5491 Danielc
3442 5435 3538 5487 de-

1954 5537 2217 5591 claratum
2251 5547 2335 5593 est
2363 5557 2377 5593 :
2404 5539 2668 5604 Quoniam
2696 5538 2851 5592 mulli
2878 5534 3255 5592 dormientium
3292 5533 3348 5586 in
3380 5540 3538 5584 terra:

1951 5646 2138 5699 aggere
2171 5641 2461 5702 rcsurgent,
2488 5631 2539 5684 lci
2581 5630 2648 5685 ad
2674 5632 3124 5694 rimmwternam,
3159 5636 3208 5721 c't
3232 5626 3284 5680 Ιιί
3319 5626 3385 5679 ad
3411 5639 3534 5695 prc-
