3794 6136
297 308 432 359 1117

948 304 1318 360 Αυνειιδυε
1360 305 1700 362 ΙΙᾸΞΒΕΞοΕΒ
1738 306 1864 361 LIB.
1908 305 1972 365 Il.
2015 308 2179 364 ΤΟΜ.
2220 312 2261 365 l.
2296 342 2366 372 —,
2409 311 2685 368 li/ERES.
2729 311 2913 369 LXIV.

3397 317 3537 376 1118

296 427 383 481 ἶνα
408 419 559 488 αὖθις
616 422 750 476 σῶον
800 422 1013 497 πλασθῇ
1059 425 1154 479 καὶ
1185 425 1355 495 ὑγιές.
1378 426 1488 481 Καὶ
1517 428 1667 482 οὐδὲν
1689 427 1863 493 ἐξελέ-

1975 426 2234 501 deinceps
2286 430 2667 501 integrumque
2718 430 3000 486 formetur.
3049 429 3161 486 Nec
3204 442 3287 487 est
3316 434 3542 489 omnino

296 516 419 570 σθαι
437 515 572 578 ἅλως
590 514 650 568 τὸ
674 513 889 569 σύνολον
903 519 1002 586 τῆς
1023 516 1261 589 μεγάλης
1291 518 1384 571 καὶ
1406 519 1673 590 κραταιᾶς
1700 516 1863 572 αὑτοῦ

294 606 474 678 χειρὸς
510 604 645 678 πρὸς
687 604 963 660 ἀπώλειαν
1013 608 1107 661 καὶ
1156 608 1374 682 ὃλεθρον
1404 609 1599 674 σθένει,
1635 611 1696 664 οὐ
1732 611 1862 680 πῦρ,

293 699 353 750 οὐ
377 696 622 760 θάνατος,
650 695 710 748 οὐ
742 695 950 759 σκότος,
1002 697 1064 749 οὐ
1095 698 1244 767 χάος,
1288 699 1349 751 οὐ
1386 698 1581 771 φθορά.
1636 700 1730 766 Τίς
1758 700 1866 770 γὰρ

293 787 469 858 ἡμᾶς,
522 786 676 859 φησὶ,
723 788 964 856 χωρίσει
1023 786 1137 841 ἀπὸ
1191 786 1299 856 τῆς
1325 787 1564 858 ἀγάπης
1602 790 1710 843 τοῦ
1736 792 1868 857 Χρι·

293 879 444 934 στοῦ
470 896 488 941 ;
518 879 577 943 ὃς
605 878 963 950 ἑρμηνεύεται
1015 879 1134 950 χεὶρ
1165 878 1259 932 τοῦ
1295 878 1506 949 Πατρός
1545 879 1639 932 καὶ
1674 878 1864 946 Λόγος.

295 972 529 1039 autem,
586 970 625 1039 ἢ
673 970 1057 1039 στενοχωρία,
1100 968 1138 1038 ἣ
1176 968 1447 1038 διωγμὸς,
1509 970 1548 1038 ἢ
1583 969 1778 1038 λιμός,
1822 969 1858 1038 ἢ

292 1065 609 1131 γυμνότης,
656 1063 695 1132 ἣ
741 1063 1049 1129 κίνδυνος,
1109 1062 1147 1131 ἢ
1190 1061 1490 1131 μάχαιρα;
1523 1063 1727 1129 Καθὼς
1774 1064 1867 1133 γέ-

293 1170 563 1225 γραπται,
594 1153 684 1207 ὅτι
729 1154 938 1208 ἕνεκεν
974 1153 1095 1208 σοῦ
1134 1155 1543 1223 θανατούμεθα
1563 1153 1716 1221 ὅλην
1755 1155 1870 1222 τὴν

293 1246 539 1316 ἡμέραν,
569 1244 1069 1314 ἐλογίσθημενώς
1090 1245 1351 1311 πρόϐατα
1379 1242 1644 1312 σφαγῆς.
1705 1244 1867 1298 Ἀλλ’

290 1340 361 1392 ἐν
377 1338 606 1402 τούτοις
638 1334 827 1389 πᾶσιν
841 1333 1248 1403 ὑπερνικῶμεν
1271 1333 1369 1387 διὰ
1393 1332 1498 1387 τοῦ
1519 1333 1865 1403 ἀγαπήσανο

293 1445 395 1493 τος
432 1426 589 1495 ἡμᾶς
613 1444 627 1457 ·
659 1425 1019 1497 ἀληθέστατα,
1050 1425 1134 1477 ἴνα
1178 1422 1460 1496 πληρωθῇ,
1497 1422 1679 1487 καθὼς
1711 1423 1865 1492 ἔφην,
1892 1438 1896 1467 ι

210 1567 215 1571 ,
292 1520 375 1585 τὸ,
410 1517 558 1588 Ἐγὼ
612 1514 942 1580 ἀποκτενῶ,
996 1513 1095 1568 καὶ
1151 1512 1259 1583 ζῇν
1296 1512 1530 1578 ποιήσω
1560 1528 1573 1542 ·
1604 1512 1865 1579 πατάξω,

294 1608 454 1678 κάγὼ
485 1606 745 1677 ἰάσομαι.
796 1605 906 1659 Καὶ
959 1607 1070 1657 οὐκ
1099 1604 1268 1658 ἐστιν
1308 1602 1375 1669 ὃς
1395 1602 1686 1666 ἐξελεῗται
1710 1601 1869 1672 ἡμᾶς

1968 518 2287 589 quidquam,
2344 520 2486 589 quod
2548 521 2615 574 ab
2654 521 2858 591 ingenti
2918 521 3066 577 illius
3100 521 3335 591 fortique
3376 538 3539 578 manu

1966 626 2069 666 nos
2102 611 2168 665 ad
2191 611 2470 666 interitum
2502 627 2565 666 ac
2597 616 2893 683 perniciem
2918 615 3092 684 possit
3118 616 3396 671 eximere:
3429 634 3539 672 non

1969 702 2130 771 ignis,
2160 718 2271 756 non
2295 717 2463 767 mors,
2501 705 2893 767 nontenebrae,
2924 721 3032 761 non
3057 706 3245 773 chaos,
3282 721 3387 761 non
3418 723 3542 762 cor-

1967 793 2169 862 ruptio.
2210 792 2341 857 Quis
2388 794 2526 846 enim
2551 809 2644 847 nos
2678 795 2961 870 separqbit,
2992 796 3192 867 inquit,
3222 815 3254 851 a
3280 798 3543 853 charitate

1968 882 2206 938 Christi?
2227 882 2385 953 553
2415 900 2574 952 quem
2603 883 2782 940 Patris
2802 902 3019 941 manum
3039 903 3103 941 ac
3117 886 3349 943 Verbum
3373 890 3542 943 inter-

1969 983 2266 1044 pretamur.
2303 974 2636 1030 Tribulatio?
2658 986 2749 1028 aut
2787 979 3076 1043 angustia?
3101 989 3191 1031 aut
3211 982 3496 1048 persecutio
3514 982 3541 1037 Ρ

1969 1070 2061 1114 aut
2078 1062 2289 1130 fames?
2318 1066 2408 1115 dut
2438 1063 2651 1117 nuditas
2672 1066 2697 1119 Ρ
2722 1074 2815 1117 aut
2835 1067 3165 1133 periculum?
3196 1080 3286 1122 aut
3303 1070 3542 1138 gladius!

1966 1153 2406 1222 quemadmodum
2457 1155 2712 1221 scriptum
2767 1167 2845 1210 est
2875 1171 2893 1209 :
2921 1156 3185 1223 Quoniam
3227 1170 3438 1229 propter
3491 1172 3542 1218 te

1969 1246 2357 1311 mortiﬁcamur
2414 1246 2678 1316 quotidie;
2728 1248 2983 1302 aestimati
3024 1266 3230 1315 sumus,
3257 1252 3393 1305 sicut
3423 1268 3539 1307 oves

1969 1336 2264 1390 occisionis.
2289 1335 2393 1390 Sed
2416 1337 2469 1389 in
2493 1336 2573 1390 his
2602 1338 2841 1391 omnibus
2859 1353 3168 1405 superamus
3201 1357 3290 1406 per
3303 1357 3421 1393 eum
3453 1341 3543 1410 qui

1967 1442 2061 1478 nos
2091 1425 2275 1480 dilexit
2304 1429 2349 1481 ³.
2372 1424 2674 1483 Verissime
2698 1428 2943 1492 omnino,
2980 1436 3040 1482 ut
3068 1430 3196 1484 illud
3230 1432 3538 1501 impleatur,

1968 1517 2425 1585 quemadmodum
2450 1518 2727 1573 diximus:
2762 1518 2872 1589 Ego
2897 1519 3156 1585 occidam,
3186 1532 3234 1576 et
3256 1539 3348 1592 ego
3378 1524 3545 1577 vivere

1968 1608 2198 1677 faciam;
2219 1610 2533 1675 percutiam,
2559 1622 2607 1664 et
2641 1627 2733 1681 ego
2747 1613 2968 1677 sanabo,
2993 1623 3040 1667 et
3063 1630 3164 1667 non
3190 1624 3268 1667 est
3290 1617 3541 1683 quierunt

292 1702 362 1755 ἐκ
388 1700 498 1768 τῆς
540 1697 775 1768 ἀγάπης
792 1697 897 1751 τοῦ
954 1696 1103 1750 Θεοῦ
1141 1695 1253 1764 τῆς
1291 1696 1361 1749 ἐν
1397 1695 1629 1763 Χριστῷ
1673 1693 1863 1762 Ἰησοῦ

1975 1716 2063 1753 nos
2095 1715 2160 1752 ex
2197 1699 2455 1754 cltaritate
2511 1699 2629 1765 Dei,
2698 1718 2814 1769 qua:
2845 1712 2922 1757 est
2967 1704 3020 1756 in
3050 1703 3261 1759 Christo
3285 1704 3434 1766 Jesu,
3470 1706 3539 1759 ad

295 1792 430 1862 πρὸς
472 1788 765 1844 ἀπώλειαν.
818 1787 909 1840 Διὸ
941 1788 1032 1841 καὶ
1071 1786 1470 1856 ἐλογίσθημεν
1498 1786 1578 1850 ὡς
1605 1787 1867 1854 πρόϐατα

292 1882 563 1953 σφαγῆς·
602 1883 702 1935 Ζνα
750 1880 1157 1943 ἀποθανόντες
1200 1876 1278 1945 τῇ
1313 1878 1565 1946 ἁμαρτίᾳ
1600 1874 1868 1944 ζήσωμεν

289 1974 372 2040 τῷ
397 1973 536 2040 Θεῷ.
572 1973 681 2026 Καὶ
708 1970 880 2025 ταῦτα
908 1970 1005 2041 μὲν
1038 1969 1200 2041 μέχρι
1234 1956 1486 2021 τοσούτου
1524 1966 1824 2036 διεσκέφθω
1847 1984 1864 1999 ο

291 2066 362 2123 τὰ
391 2067 448 2119 δὲ
471 2065 667 2136 συνεχῆ
688 2065 897 2126 τούτοις
925 2056 1027 2117 ὧδε
1044 2061 1221 2115 πάλιν
1242 2059 1670 2132 προχειριστέον.

358 2158 484 2212 AA'.
516 2158 579 2209 Εἰ
626 2157 733 2209 πᾶν
764 2153 823 2208 τὸ
867 2151 1201 2223 γεννώμενον
1245 2154 1409 2204 νοσεῖ·
1446 2152 1718 2221 προτείνει
1753 2148 1865 2220 γὰρ

287 2245 460 2311 οὕτως
482 2247 512 2299 ὁ
537 2245 597 2312 ἐξ
617 2245 860 2308 ἐναντίας
877 2243 1027 2297 "Kal.
1060 2241 1198 2296 κατά
1223 2242 1320 2314 τὴν
1349 2240 1580 2310 γένεσιν,
1602 2239 1695 2293 καὶ
1725 2238 1867 2292 κατά

289 2339 389 2410 τὴν
417 2338 623 2410 τροφὴν
668 2337 776 2391 ἀπὸ
818 2336 926 2390 τῶν
974 2335 1337 2408 προσιόντων,
1387 2332 1572 2403 φησὶν,
1618 2329 1862 2398 αὔξεται,

290 2432 387 2488 καὶ
412 2431 522 2484 ἀπὸ
546 2429 656 2484 τῶν
692 2429 959 2482 ἀπιόντων
993 2426 1328 2485 ἐλαττοῦται·
1358 2423 1427 2476 τὰ
1463 2423 1519 2479 δὲ
1552 2422 1627 2495 μὴ
1663 2420 1864 2491 γεννώ-

294 2538 435 2593 μενα
467 2518 719 2589 ὑγιαίνει,
750 2517 886 2589 μηδὲ
917 2519 1083 2580 νοσεῖ,
1123 2515 1258 2587 μηδὲ
1304 2513 1639 2585 προσδεῖται,
1675 2513 1707 2584 ἢ
1748 2513 1867 2565 ἐπι-

291 2614 474 2683 θυμεῖ·
506 2610 764 2679 ἐπιθυμεῖ
794 2610 852 2663 δὲ
880 2609 947 2663 τά
973 2606 1288 2678 γεννώμενα
1316 2608 1410 2660 καὶ
1439 2606 1746 2669 συνουσίας,
1770 2604 1865 2657 καὶ

288 2703 520 2774 τροφῆς.
546 2702 620 2754 Τὸ
656 2701 714 2754 te
740 2700 1028 2772 ἐπιθυμεῖν
1061 2701 1231 2753 νοσεῖν
1263 2700 1415 2763 ἐστι,
1451 2698 1512 2751 τὸ
1558 2697 1617 2751 δὲ
1653 2698 1727 2767 μὴ
1761 2697 1867 2750 δεῖ·

290 2796 437 2861 σθαι,
471 2794 603 2866 μηδὲ
644 2792 953 2863 ἐπιθυμεῖν,
984 2792 1270 2859 ὑγιαίνειν·
1303 2792 1450 2844 νοσεῖ
1478 2790 1535 2843 δὲ
1565 2790 1636 2844 τὰ
1664 2787 1866 2858 γεννώ-

291 2901 448 2954 μενα,
482 2883 563 2936 ὅτι
606 2881 895 2951 ἐπιθυμεῖ,
924 2880 991 2933 τὰ
1018 2879 1074 2932 δὲ
1125 2880 1198 2950 μὴ
1237 2879 1552 2949 γεννώμενα
1591 2879 1653 2931 ού
1696 2880 1862 2934 νοσεῖ.

284 2976 493 3045 Πάσχει
529 2973 584 3026 δὲ
630 2973 699 3025 τὰ
742 2972 1000 3026 νοσοῦντα
1049 2968 1081 3038 ἣ
1126 2971 1267 3024 κατὰ
1333 2969 1537 3040 πλῆθος
1582 2971 1615 3041 ἢ
1657 2970 1865 3023 ἔνδειαν

1970 1790 2194 1843 exitium
2243 1790 2517 1844 videlicet.
2579 1790 2846 1855 Quocirca
2901 1794 3154 1848 aestimati
3191 1812 3371 1849 sumus
3402 1797 3541 1849 sicut

1968 1897 2081 1934 oves
2113 1881 2407 1946 occisionis,
2430 1890 2487 1934 ut
2514 1884 2708 1936 mortui
2732 1894 2942 1951 peccato
2968 1886 3198 1940 vivamus
3223 1886 3326 1940 Deo
3361 1887 3407 1940 ³.
3433 1887 3538 1941 Sed

1967 1970 2034 2023 de
2094 1971 2180 2024 his
2220 1971 2501 2026 hactenus.
2544 1971 2700 2029 Nunc
2752 1990 2872 2043 qua:
2906 1975 2993 2030 his
3033 1985 3401 2032 consentanea
3432 1977 3543 2033 sint

1968 2063 2113 2117 hunc
2142 2065 2194 2116 in
2224 2065 2442 2117 modum
2472 2066 2838 2133 expromenda
2872 2074 3021 2120 sunt.

2039 2153 2225 2206 XXXI.
2259 2153 2315 2207 Si
2353 2155 2404 2208 id
2442 2170 2625 2218 omne,
2666 2156 2811 2225 quod
2841 2158 3080 2227 genitum
3111 2165 3214 2228 est,
3256 2174 3397 2228 aegre
3421 2175 3541 2215 sese

1967 2242 2147 2297 habet.
2183 2243 2258 2296 Ita
2289 2243 2435 2296 enim
2463 2246 2811 2300 adversarius
2844 2246 3038 2315 objicit
3073 2266 3085 2299 :
3114 2245 3193 2301 Ac
3221 2256 3329 2300 tam
3362 2247 3415 2301 in
3446 2262 3541 2317 ge-

1966 2334 2252 2389 neratione
2281 2334 2419 2402 ipsa,
2454 2350 2617 2404 quam
2652 2338 2952 2402 nutricatu,
2979 2348 3031 2392 et
3058 2339 3127 2392 ab
3156 2339 3543 2396 accedentibus

1966 2434 2214 2495 augetur,
2248 2434 2302 2480 et
2336 2427 2404 2480 ab
2437 2426 2829 2482 decedentibus
2869 2429 3169 2497 minuitur;
3205 2445 3326 2500 qua:
3358 2438 3540 2485 autem

1966 2518 2193 2571 minime
2247 2517 2563 2587 gignuntur,
2610 2519 2968 2575 saluberrima
3020 2530 3171 2585 sunt,
3226 2535 3328 2576 nec
3368 2536 3541 2590 aegro-

1966 2616 2082 2662 tant
2118 2623 2383 2677 unquam,
2440 2624 2617 2677 neque
2665 2610 2830 2665 ullius
2881 2611 2959 2665 rei
3005 2611 3272 2680 indigent,
3322 2617 3413 2664 aut
3448 2626 3541 2678 ap-

1966 2707 2190 2770 petunt;
2236 2714 2357 2769 qua:
2392 2706 2569 2753 autem
2601 2701 2781 2768 genita
2824 2709 2973 2765 sunt,
3017 2709 3071 2755 et
3104 2702 3332 2765 coitum,
3362 2701 3539 2765 etali-

1967 2797 2209 2843 mentum
2235 2795 2501 2857 appetunt
2537 2806 2551 2842 :
2591 2797 2676 2844 est
2708 2798 2887 2846 autem
2920 2799 3176 2861 appetere
3210 2791 3349 2845 idem
3383 2799 3541 2860 atque

1963 2878 2623 2948 aegrotare;econtrario
2673 2895 2803 2934 vero
2858 2881 3061 2935 nullius
3121 2880 3386 2949 indigere,
3444 2894 3541 2932 nec

1966 2978 2242 3041 appetere,
2282 2970 2420 3023 idem
2462 2976 2546 3024 est
2576 2984 2639 3023 ac
2673 2985 2866 3024 sanum
2907 2986 3059 3037 esse;
3094 2978 3355 3042 a-grotant
3383 2985 3546 3039 porro

286 3064 397 3117 τῶν
427 3061 865 3134 προσγινομένων
900 3060 994 3114 καὶ
1027 3057 1454 3129 ἀπογινομένων·
1483 3058 1545 3112 τὸ
1570 3058 1628 3112 δὲ
1656 3059 1863 3129 πάσχον

1975 3077 2301 3133 ιςυεεειιιιιιιιε
2327 3069 2453 3114 nata
2482 3050 2629 3124 sunt,
2662 3062 2788 3130 quia
2820 3063 3248 3131 concupiscunt;
3277 3077 3397 3131 qua:
3419 3076 3546 3115 vero

288 3156 385 3209 καὶ
415 3154 588 3223 φθίνει
618 3153 712 3205 καὶ
736 3151 1053 3204 ἀπόλλυται·
1080 3151 1270 3221 διόπερ
1300 3149 1395 3203 καὶ
1432 3151 1705 3217 γεννᾶται.
1738 3149 1866 3201 Γεν-

288 3246 446 3298 vitat
474 3245 530 3297 δὲ
555 3246 583 3296 ὁ
624 3241 939 3314 ἄνθρωπος·
974 3243 1032 3295 οὐ
1075 3242 1293 3295 δύναται
1325 3240 1432 3312 ἄρα
1481 3241 1693 3311 ἀπαθὴς
1727 3236 1865 3294 εἶναι

287 3338 316 3388 ὁ
348 3335 630 3407 ἅνθρωπος
674 3335 767 3388 καὶ
799 3324 1081 3398 ἀθάνατος.
1138 3333 1483 3387 Καταπίπτει
1525 3334 1622 3404 μὲν
1651 3329 1742 3387 οὖν
1772 3335 1866 3387 καὶ

292 3428 388 3480 ἐπὶ
414 3426 622 3490 τούτοις
662 3426 845 3489 αὐτοῖς
880 3428 907 3479 ό
936 3426 1111 3494 λόγος.
1152 3427 1211 3478 Ei
1244 3426 1353 3497 γὰρ
1380 3427 1486 3480 πᾶν
1523 3426 1584 3478 τὸ
1611 3426 1866 3496 γιγνόμε-

289 3534 402 3583 νον,
443 3517 476 3588 ἢ
522 3515 861 3586 γεννώμενον
907 3516 1203 3570 ἀπόλλυται
1246 3515 1508 3587 (διαφέρει
1562 3517 1667 3586 γὰρ
1720 3517 1866 3569 οὐδὲν

286 3607 463 3672 οὕτως
497 3610 691 3661 εἰπεῖν·
720 3607 907 3677 ἐπειδὴ
936 3608 1028 3661 καὶ
1053 3609 1103 3659 οἱ
1137 3607 1551 3679 πρωτόπλαστοι
1582 3608 1681 3661 οὐκ
1711 3609 1866 3676 ἐγεν-

286 3700 551 3771 νήθησαν,
583 3698 696 3753 ἀλλ’
733 3699 1115 3769 ἑγενήθησαν)·
1147 3699 1363 3767 γενητοὶ
1401 3698 1458 3753 δὲ
1498 3698 1593 3752 καὶ⁸
1623 3701 1671 3753 οἱ
1700 3699 1865 3767 ἄγγε-

285 3792 390 3859 λοι,
424 3792 515 3846 καὶ
544 3792 599 3844 αἱ
632 3790 801 3859 ψυχαὶ
853 3790 938 3860 (⁸0
971 3788 1157 3842 ποιῶν
1186 3789 1325 3852 τοὺς
1357 3787 1649 3856 ἀγγέλους
1681 3788 1866 3840 αὐτοῦ

285 3880 999 3953 πνεύματα)·,άπόλλυνται
1030 3878 1137 3950 ἄρα
1168 3880 1216 3931 οἱ
1248 3878 1465 3946 ἄγγελοι
1496 3880 1614 3930 κατ’
1644 3877 1863 3944 αὐτοὺς,

285 3976 381 4027 καὶ
411 3975 469 4027 ai
513 3971 697 4042 ψυχαί.
740 3969 898 4022 Ἀλλά
941 3968 1063 4022 οὔτε
1096 3970 1143 4021 οἱ
1174 3968 1423 4037 ἄγγελοι,
1451 3967 1573 4020 οὔτε
1610 3968 1666 4020 αἱ
1699 3967 1867 4037 ψυχαὶ

286 4065 640 4121 ἀπόλλυνται·
668 4062 911 4117 ἀθάνατα
932 4059 1041 4131 γὰρ
1063 4059 1235 4113 ταῦτα
1250 4060 1345 4112 καὶ
1361 4058 1664 4129 ἀδάμαστοι,
1685 4057 1868 4121 καθὼς

282 4159 573 4228 ὁποιήσας
616 4151 757 4208 εἶναι
809 4152 1148 4224 βεϐούληται.
1209 4151 1499 4214 Ἀθάνατος
1549 4149 1657 4221 ἄρα
1700 4151 1792 4203 καὶ
1843 4150 1869 4202 ό

283 4248 595 4321 ἄνθρωπος.
630 4248 743 4300 Οὐκ
771 4245 999 4316 ἀρεστὸν
1025 4245 1082 4297 δὲ
1117 4245 1325 4307 ἐκεῖνο,
1360 4242 1422 4296 τὸ
1452 4242 1629 4311 λέγειν
1662 4243 1740 4306 εἰς
1768 4242 1869 4315 ἄρ-

282 4340 381 4411 δην
420 4337 742 4395 ἀπολεῖσθαι
770 4337 828 4389 τὸ
863 4337 991 4401 πᾶν,
1050 4335 1144 4388 καὶ
1175 4335 1277 4405 γῆν
1316 4334 1413 4387 καὶ
1470 4333 1607 4405 ἀέρα
1645 4335 1739 4386 καὶ
1781 4335 1871 4386 οὑ-

1970 3154 2192 3209 minime
2240 3161 2368 3207 nata
2410 3161 2559 3217 sunt,
2596 3168 2706 3208 non
2750 3160 3036 3223 aegrotant.
3080 3151 3199 3207 Jam
3234 3168 3364 3209 vero
3394 3168 3546 3222 quae-

1968 3260 2182 3315 cunque
2202 3260 2342 3315 aegra
2384 3252 2533 3307 sunt,
2575 3260 2764 3299 eorum
2796 3260 2916 3315 quas
2953 3244 3220 3298 accedunt
3250 3243 3549 3298 decedunt-

1968 3351 2053 3395 re.
2084 3336 2240 3404 copia
2272 3335 2354 3388 vel
2392 3335 2577 3403 inopia
2619 3335 2903 3399 laborant;
2937 3335 3080 3404 quod
3116 3342 3294 3390 autem
3322 3334 3547 3404 patitur,

1970 3426 2248 3496 corrumpi
2284 3434 2447 3495 atque
2480 3425 2706 3480 interire
2734 3442 2960 3481 necesse
2987 3434 3095 3490 est,
3123 3427 3284 3496 cujus
3316 3427 3390 3482 rei
3424 3442 3550 3497 gra-

1970 3522 2045 3575 tia
2072 3521 2331 3590 gignitur.
2365 3519 2527 3588 Atqui
2565 3517 2727 3571 homo
2749 3518 3010 3589 gignitur.
3032 3518 3151 3573 Non
3179 3528 3358 3589 potest
3388 3520 3550 3590 igitur

1971 3612 2133 3665 homo
2163 3610 2438 3678 passionis
2467 3624 2662 3678 expers
2707 3619 2762 3664 et
2810 3610 3134 3664 immortalis
3172 3625 3314 3665 esse.
3348 3611 3547 3665 Verum

1970 3703 2053 3756 vel
2078 3703 2143 3753 iis
2160 3702 2295 3770 ipsis
2320 3701 2533 3754 illorum
2556 3700 2820 3755 evertitur
2835 3701 3031 3753 oratio.
3061 3699 3197 3772 Nam
3221 3702 3266 3755 si
3287 3701 3547 3770 quidquid

1972 3791 2293 3860 productum
2349 3798 2443 3842 aut
2494 3790 2738 3858 genitum
2785 3797 2901 3855 est,
2957 3780 3145 3844 interit
3179 3790 3337 3859 (nihil
3370 3800 3547 3844 autem

1973 3879 2159 3940 refert,
2198 3877 2244 3932 si
2278 3876 2349 3928 ita
2384 3876 2707 3937 dixerimus,
2751 3874 3011 3943 quoniam
3055 3874 3213 3944 primi
3247 3874 3419 3929 nostri
3450 3889 3549 3943 pa-

1971 3978 2157 4023 rentes
2181 3983 2286 4022 non
2311 3967 2478 4039 geniti
2507 3975 2657 4029 sunt,
2677 3966 2772 4021 sed
2794 3965 3090 4036 producti):
3120 3981 3244 4019 cum
3272 3973 3326 4019 et
3350 3965 3547 4033 angeli,

1973 4068 2027 4115 et
2066 4060 2261 4114 animas
2305 4060 2586 4129 productae
2624 4060 2734 4114 sint
2769 4059 3056 4130 (scriptum
3088 4065 3172 4113 est
3209 4059 3353 4112 enim
3396 4077 3409 4114 :
3445 4058 3551 4124 Qui

1974 4150 2103 4218 facit
2142 4150 2355 4219 angelos
2400 4166 2521 4204 suos
2564 4149 2783 4216 spiritus
2807 4148 2888 4217 δ),
2919 4164 2985 4202 ex
3027 4147 3244 4201 illorum
3295 4147 3552 4217 opinione

1972 4256 2314 4311 consequens
2345 4250 2448 4305 est,
2486 4249 2594 4294 tam
2623 4241 2867 4311 angelos,
2902 4254 3064 4310 quam
3103 4239 3316 4294 animas
3354 4239 3548 4308 perire.

1974 4334 2043 4387 At
2081 4348 2257 4402 neque
2296 4331 2493 4402 angeli,
2523 4346 2700 4401 neque
2726 4331 2920 4385 animat
2951 4329 3232 4397 occidunt,
3255 4336 3384 4384 sunt
3406 4327 3552 4386 enim

289 4432 452 4503 ρανδν
496 4430 571 4502 μὴ
618 4427 856 4482 ἔσεσθαι.
904 4426 1383 4497 Ἐκπυρωθήσεται
1431 4426 1529 4497 μὲν
1575 4424 1684 4498 γὰρ
1732 4426 1863 4495 πρὸς

1975 4425 2345 4489 immortales;
2370 4438 2469 4478 nec
2490 4437 2521 4476 a
2542 4438 2817 4493 quoquam
2840 4422 3084 4479 edomari
3106 4429 3354 4493 possunt,
3374 4436 3553 4492 quem~

283 4521 556 4594 κάθαρσιν
582 4521 675 4574 καὶ
708 4518 1094 4587 ἀνακαινισμὸν
1134 4516 1396 4581 καταϐὰς,
1434 4511 1479 4585 ᾧ
1512 4519 1621 4581 πᾶς
1660 4520 1675 4548 ¹
1710 4519 1739 4570 ὁ
1771 4517 1867 4571 κό-

287 4628 425 4681 σμος
479 4611 947 4681 κατακλυζόμενος
995 4608 1158 4680 πυρὶ,
1200 4608 1261 4661 ού
1317 4607 1422 4679 μὴν
1469 4610 1549 4672 εἰς
1597 4608 1873 4663 ἀπώλειαν

290 4701 572 4755 ἐλεύσεται
603 4701 837 4771 παντελῆ
889 4700 983 4753 καὶ
1024 4698 1250 4769 φθοράν.
1288 4699 1352 4752 Εἰ
1390 4698 1499 4769 γὰρ
1532 4701 1780 4770 κρεῖττον
1812 4697 1874 4751 τὸ

294 4791 373 4861 μὴ
421 4790 560 4845 εἶναι
607 4792 703 4844 τοῦ
755 4788 893 4844 εἶναι
946 4791 1038 4844 τὸν
1088 4790 1321 4860 κόσμον,
1372 4788 1461 4842 διὰ
1492 4789 1543 4841 τί
1590 4788 1650 4842 τὸ
1698 4791 1873 4860 χεῖρον

290 4882 479 4952 ᾑρεῖτο
514 4883 741 4952 ποιήσας
773 4881 861 4934 τὸν
891 4880 1093 4951 κόσμον
1127 4880 1156 4932 ὁ
1195 4879 1359 4942 Θεός;
1390 4878 1645 4942 Ματαίως
1669 4880 1876 4948 ἐχειρο-

292 4971 461 5025 ποίει.
500 4972 708 5025 Οἰκοῦν
738 4973 817 5034 εἰς
857 4970 921 5023 τὸ
970 4969 1106 5024 εἶναι
1155 4971 1250 5024 καὶ
1296 4970 1477 5041 μένειν
1506 4970 1602 5039 τὴν
1642 4970 1817 5022 κτίσιν
1847 4972 1874 5022 ὀ

291 5061 429 5127 Θεὸς
461 5063 877 5133 διεκοσμήσατο,
908 5061 1159 5133 καθάπερ
1188 5063 1281 5115 καὶ
1316 5064 1348 5131 ἡ
1383 5062 1552 5129 Σοφία
1577 5061 1643 5113 δι’
1674 5061 1709 5115 ἃ.
1739 5078 1865 5113 συν-

296 5149 529 5222 ίστησιν,
568 5156 802 5208 Ἔκτισε
830 5153 939 5223 γὰρ
968 5156 1056 5219 εὶς
1102 5155 1168 5206 τὸ
1206 5151 1378 5218 εἶναι,
1414 5153 1669 5222 λέγουσα,
1728 5154 1870 5207 πάν-

295 5260 368 5296 τα
391 5248 423 5298 ό
454 5248 617 5311 Θείς·
649 5245 746 5299 καὶ
783 5244 1062 5313 σωτήριοι
1089 5248 1149 5299 al
1186 5246 1455 5315 γενέσεις
1483 5245 1588 5300 τοῦ
1619 5246 1872 5315 κόσμου,

294 5335 396 5387 καὶ
424 5340 535 5391 οὐκ
563 5338 734 5391 ἐστιν
764 5338 832 5388 ἐν
856 5335 1063 5402 αὐταῖς
1091 5337 1405 5406 φάρμακον
1430 5338 1695 5404 ὀλέθρου.

1975 4517 2266 4571 admodum
2306 4516 2522 4569 illorum
2551 4513 2833 4569 Conditori
2866 4514 3089 4583 placuit.
3132 4512 3301 4583 Igitur
3332 4512 3555 4565 immor-

1978 4608 2104 4662 talis
2128 4614 2211 4661 est
2245 4605 2430 4659 homo.
2463 4603 2568 4659 Sed
2607 4620 2708 4659 nec
2738 4603 2869 4658 illud
2906 4618 3237 4673 magnopere
3268 4602 3471 4672 probo;
3506 4601 3555 4656 si

1979 4707 2033 4753 et
2065 4698 2310 4753 funditus
2337 4697 2439 4751 hoc
2469 4697 2782 4750 universum
2812 4694 3113 4764 periturum
3139 4709 3263 4748 esse
3281 4693 3551 4753 dicamus,

1975 4799 2028 4843 ct
2064 4798 2286 4853 terram,
2316 4796 2479 4856 atque
2504 4801 2709 4850 aerem,
2740 4792 2795 4839 et
2824 4784 3023 4839 ccehtm
3052 4784 3379 4854 quandoque
3402 4782 3554 4837 desi-

1976 4891 2178 4934 turum.
2223 4877 2504 4948 Siquidcm
2553 4883 2702 4930 totus
2734 4874 2823 4927 hic
2849 4872 3111 4936 mundus,
3136 4880 3196 4927 ut
3224 4871 3442 4941 purgari
3473 4870 3554 4925 in-

1976 4971 2319 5040 staurat-ique
2359 4967 2551 5038 possit,
2584 4965 2992 5022 exundantibus
3031 4963 3266 5018 flammis
3301 4961 3557 5017 incendio

1976 5060 2353 5131 conﬂagrabit,
2391 5056 2553 5128 555
2580 5072 2688 5111 non
2723 5064 2900 5110 tamen
2938 5054 3182 5109 interibit
3209 5069 3273 5107 ac
3306 5067 3554 5107 currum-

1979 5166 2136 5225 pezur
2168 5152 2413 5206 omnino.
2456 5148 2665 5204 Etenim
2701 5149 2745 5201 si
2779 5146 3041 5201 mundum
3074 5160 3185 5201 non
3219 5158 3360 5203 esse.
3389 5156 3557 5213 quam

1980 5260 2104 5299 csse
2131 5243 2324 5297 melius
2354 5248 2457 5305 est,
2490 5254 2587 5294 cur
2616 5236 2762 5307 quod
2793 5236 3034 5292 deterius
3061 5247 3145 5292 est
3172 5235 3435 5291 mundum
3468 5232 3550 5287 fa-

1982 5334 2245 5389 bricando
2282 5332 2424 5390 Deus
2447 5334 2693 5401 eligeret,
2728 5347 2793 5388 ac
2826 5332 3028 5388 frustra
3074 5346 3212 5401 opus
3251 5329 3384 5384 illud
3425 5341 3555 5398 pro-

300 5426 555 5487 duceret?
594 5431 958 5499 Quamobrem
1019 5438 1077 5486 ut
1129 5439 1314 5486 essent
1369 5446 1431 5485 ac
1473 5439 1774 5492 manerent,
1826 5429 2075 5485 conditas
2134 5444 2162 5482 a
2209 5441 2268 5482 se
2310 5442 2398 5482 res
2443 5425 2585 5482 Deus
2640 5426 2953 5490 constituit;
2994 5425 3049 5481 id
3086 5423 3229 5493 quod
3275 5419 3556 5483 Sapientia

297 5523 587 5581 confirmat
617 5527 703 5582 his
736 5525 914 5581 verbis
942 5543 954 5579 :
989 5523 1195 5580 Creavit
1235 5525 1372 5580 enim
1404 5531 1458 5578 ut
1489 5532 1657 5578 essent
1689 5523 1868 5577 omnia
1897 5525 2063 5584 Deus;
2097 5530 2143 5574 ct
2178 5520 2437 5575 saluiares
2467 5528 2588 5573 sunt
2620 5519 2801 5573 mundi
2826 5519 3206 5589 generationes.
3241 5514 3352 5585 Nec
3383 5524 3460 5569 est
3500 5515 3552 5567 in

295 5613 402 5669 dlis
431 5623 868 5676 medicamentum
895 5621 1042 5673 exitii
1070 5622 1111 5672 '.

375 5726 392 5761 ⁸
428 5732 558 5789 Cur.
607 5738 765 5799 ἄπας.

847 5741 864 5769 ²
892 5734 1047 5790 llem.
1082 5732 1756 5800 \lll,53'.P5:l|.XLlll,‘2’2.
1834 5730 2048 5787 alI‘ctr.
2089 5749 2146 5797 ιι,
2174 5732 2260 5785 2i.
2344 5732 2522 5788 ‘l‘sul.
2549 5748 2665 5795 cm,
2694 5730 2709 5784 ί
2738 5748 2749 5797 ;
2782 5730 2942 5784 llchr.
2977 5746 3014 5792 ι,
3053 5729 3106 5782 7.
3183 5728 3200 5760 ⁵
3236 5726 3360 5798 Sap.
3391 5739 3427 5790 ι,
3469 5721 3552 5777 14.
