3794 6198
301 297 441 363 “I9

1702 302 1760 364 S.
1799 296 2143 363 EPIPHANII

3404 303 3519 359 “20

373 421 474 478 Cui
499 430 559 479 et
587 436 875 494 perspicue
908 420 1113 480 Paulus
1147 424 1501 494 astipulatur,
1532 423 1661 479 dum
1691 424 1767 480 ita
1797 425 1880 481 lo-

2050 421 2162 477 Καὶ
2184 423 2213 475 ὁ
2243 418 2454 484 Παῦλος
2490 416 2547 474 δὲ
2575 418 2761 489 σαφῶς
2791 424 3075 493 μαρτυρεῖ,
3103 418 3284 488 λέγων
3303 435 3319 452 ⁸
3352 420 3408 475 Ἠ
3433 422 3523 490 γὰρ

303 514 527 583 quitur:
557 512 700 567 Nam
718 516 1039 583 exspectatio
1070 524 1327 569 creatum-
1348 515 1712 570 reuelationem
1732 517 1874 586 ﬁlio-

307 622 425 659 rum
472 605 566 660 Dei
592 617 880 674 exspectat.
930 606 1172 661 Vanitati
1206 608 1348 661 enim
1374 620 1620 662 creatura
1645 608 1878 677 subjecta

305 706 405 763 est,
440 714 544 751 non
574 697 783 762 uolens;
812 698 902 752 sed
935 708 1148 768 propter
1178 715 1292 753 eum
1326 700 1414 768 qui
1437 700 1655 768 subjecit
1684 716 1798 753 eam
1824 702 1878 754 in

306 805 414 857 spe,
447 787 585 858 quod
613 800 663 845 et
689 790 805 856 ipsa
835 799 1080 856 creatura
1110 789 1420 843 liberabitur
1444 807 1475 843 a
1501 791 1744 844 serritute
1763 807 1883 843 cor-

308 879 568 945 ruptionis
602 879 657 932 in
692 877 988 932 libertatem
1013 878 1200 948 gloria:
1227 880 1459 947 ﬁliorum
1486 878 1605 933 Dei.
1625 879 1881 933 'Vanitati

309 969 492 1036 quippe
520 976 770 1021 creatura
792 966 1027 1035 subjecta
1052 976 1152 1031 est,
1187 968 1263 1019 ait
1281 968 1323 1019 ¹.
1351 966 1433 1020 Ab
1461 966 1561 1020 hac
1584 982 1747 1035 porro
1769 983 1884 1022 ser-

310 1060 482 1113 \‘itute
513 1059 803 1113 liberatum
842 1058 910 1111 iri
946 1066 1250 1111 creaturam
1288 1063 1568 1126 exspectat
1600 1071 1612 1110 :
1645 1072 1754 1126 quo
1785 1071 1885 1111 no-

311 1151 459 1205 mine
493 1149 753 1203 mundum
792 1150 935 1203 hunc
969 1149 1279 1218 significare
1322 1149 1531 1202 volunt.
1583 1147 1699 1202 Non
1738 1150 1882 1203 enim

311 1257 435 1311 quise
483 1242 655 1296 videri
700 1249 999 1312 nequeunt,
1053 1240 1147 1295 sed
1202 1241 1317 1295 haec
1366 1253 1487 1311 quae
1533 1242 1886 1310 aspectabilia

315 1343 465 1399 sunt,
517 1335 840 1404 corruptela:
897 1331 1365 1388 serviunt.Mam~t
1426 1333 1590 1402 igitur
1638 1340 1884 1386 creatura

316 1428 592 1481 meliorem
637 1428 689 1480 in
738 1435 939 1481 statum
982 1425 1457 1494 decentioremquta
1489 1432 1765 1486 renovata,
1800 1439 1886 1479 re-

316 1520 656 1572 surrectione
681 1525 902 1587 propter
926 1515 1018 1570 Dei
1047 1516 1186 1569 ﬁlios
1223 1515 1467 1585 gaudens
1499 1522 1553 1569 et
1583 1517 1885 1581 exsultans;

315 1625 543 1679 quorum
572 1610 745 1679 gratia
775 1608 1064 1678 ingemiscit
1086 1616 1135 1661 et
1159 1607 1390 1677 parturit
1440 1606 1591 1660 modo
1613 1609 1632 1638 ²
1680 1606 1890 1660 redem—

316 1702 850 1770 ptionemsnostram
898 1714 927 1753 a
977 1697 1330 1766 corruptione
1367 1697 1481 1765 ipsa
1522 1696 1770 1766 (πωροι-ῖς
1796 1711 1891 1750 ex-

1976 512 2424 582 ἁποκαραδοκία
2450 511 2563 581 τῆς
2589 512 2843 579 κτίσεως
2874 512 2987 579 τὴν
3019 511 3406 581 ἀποκάλυψιν
3427 507 3520 566 τῶν

1977 605 2123 659 υἱῶν
2157 605 2263 658 τοῦ
2303 604 2451 658 Θεοῦ
2493 603 2902 673 ἀπεκδέχεται.
2944 603 3023 672 Τῇ
3067 605 3175 674 γὰρ
3209 606 3526 673 ματαιότητι

1978 693 2017 761 ’ἡ
2059 694 2253 760 κτίσις
2302 692 2589 760 ὑπετάγη,
2643 696 2757 762 οὐχ
2788 693 3035 756 ἑκοῦσα,
3088 695 3253 747 ἀλλὰ
3297 693 3395 747 διὰ
3441 695 3524 746 τὸν

1978 783 2359 848 ὑποτάξαντα
2401 784 2491 843 ea?
2531 784 2753 845 ἐλπίδι,
2803 783 2894 838 ὅτι
2942 784 3039 837 καὶ
3078 783 3234 851 αὺτὴ
3270 785 3310 852 ἡ
3360 785 3530 848 κτίσις

1980 874 2519 944 ἐλευθερωθήσεται
2549 874 2668 929 ἀπὸ
2710 873 2817 943 τῆς
2870 874 3149 941 δουλείας
3194 876 3304 942 τῆς
3332 874 3529 945 φθορᾶς

1981 967 2069 1031 εἰς
2116 964 2232 1033 τὴν
2311 966 2658 1033 ἐλευθερίαν
2716 962 2828 1034 τῆς
2889 965 3075 1035 δόξης
3143 964 3268 1020 τῶν
3330 967 3529 1020 τέκνων

1983 1057 2090 1111 τοῦ
2148 1052 2317 1112 Θεοῦ.
2373 1056 2451 1125 Τῇ
2511 1057 2621 1128 γὰρ
2680 1058 3027 1127 ματαιότητι
3084 1058 3122 1126 ή
3190 1059 3389 1124 κτίσις
3439 1061 3561 1113 ἐστι

1988 1144 2397 1215 ετάγ-η,φησίν.
2454 1146 3010 1218 Ἐλευθερωθήσεσθαι
3055 1144 3111 1200 δὲ
3159 1142 3263 1217 τῆς
3309 1147 3534 1217 τοιαύτης

1985 1235 2227 1299 δουλείας
2260 1237 2531 1307 προσδοκᾷ
2560 1238 2759 1303 κτίσιν,
2798 1237 2891 1291 τὸν
2923 1236 3125 1307 κόσμον
3154 1235 3352 1289 τοῦτον
3376 1235 3535 1306 βουλό-

1992 1344 2151 1399 μενος
2175 1328 2271 1381 νῦν
2300 1328 2505 1383 καλεῖν.
2537 1330 2611 1383 Οὐ
2644 1330 2751 1401 γὰρ
2788 1329 2857 1383 τὰ
2889 1328 2962 1400 μὴ
2993 1328 3307 1399 βλεπόμενα
3336 1332 3398 1398 τῇ
3431 1327 3525 1394 eeo

1992 1423 2058 1492 ρᾷ
2103 1421 2363 1487 δουλεύει,
2411 1422 2546 1476 ἀλλά
2593 1423 2767 1475 ταῦτα
2811 1421 2874 1492 δὴ
2921 1420 2989 1473 τὰ
3033 1421 3362 1491 βλεπόμενα.
3394 1420 3534 1473 Μένει

1987 1514 2097 1583 ἄρα
2124 1514 2156 1583 ἡ
2185 1513 2361 1577 κτίσις
2400 1515 2484 1576 εἰς
2513 1513 2574 1566 τὸ
2606 1514 2826 1584 ἄμεινον
2856 1510 3425 1582 ἀνακαινοποιηθείτα,
3459 1511 3537 1563 καί

1989 1604 2429 1677 εὐπρεπέστερον
2476 1605 2817 1676 ἀγαλλομένη
2838 1644 2853 1667 ,
2890 1603 2984 1657 καὶ
3026 1602 3300 1674 χαίρουσα
3327 1600 3415 1652 ἐπὶ
3446 1602 3536 1662 τοίς

1989 1693 2198 1759 τέκνοις
2241 1692 2335 1749 τοῦ
2377 1694 2510 1749 Θεοῦ
2552 1699 2616 1767 τῇ
2654 1693 2945 1749 ἀναστάσει
2977 1710 2992 1726 ·
3033 1694 3101 1747 δι’
3139 1691 3236 1756 οὓς
3277 1688 3533 1752 στενάζει,

316 1799 593 1860 spectans,
619 1801 679 1846 ut
701 1806 825 1845 cum
856 1805 956 1845 nos
982 1805 1012 1843 a
1041 1786 1555 1843 mortuis-fuerimus
1577 1787 1793 1841 excitati
1823 1801 1887 1841 ac

1999 1786 2089 1839 καὶ
2116 1786 2434 1841 συνωδίνει
2459 1787 2595 1852 νῦν,
2620 1786 2718 1858 τὴν
2742 1786 3116 1859 ἀπολύτρωσιν
3144 1785 3306 1855 ἡμῶν
3338 1782 3439 1836 dra}
3459 1781 3537 1852 τῆς

317 1883 704 1936 mortalitatem
749 1882 936 1935 carnis
972 1881 1398 1943 excusserimus,
1430 1893 1529 1948 pro
1565 1893 1629 1933 eo
1656 1892 1719 1931 ac
1751 1878 1889 1931 scri-

319 1981 470 2043 ptum
503 1984 585 2029 est
616 1994 631 2029 :
667 1973 864 2026 Excute
886 1974 1145 2042 pulverem
1168 1981 1219 2026 et
1251 1987 1543 2041 consurge;
1568 1969 1706 2034 sede,
1731 1967 1892 2023 Jeru-

318 2064 484 2118 salem
504 2065 544 2118 ⁸.
574 2063 821 2133 Cumque
851 2078 880 2115 a
911 2072 1133 2131 peccato
1161 2060 1369 2114 liberati
1403 2060 1687 2126 fuerimus,
1716 2075 1745 2112 a
1770 2074 1893 2113 cor-

321 2157 573 2226 raptione
601 2156 718 2225 ipsa
757 2169 975 2224 quoque
1011 2153 1302 2219 liberetur;
1351 2167 1451 2206 nec
1495 2151 1608 2221 jam
1642 2150 1888 2213 vanitati,

320 2248 415 2302 sed
444 2246 673 2315 iustitia:
700 2245 919 2299 serviat.
956 2243 1165 2298 Scimus
1195 2243 1333 2296 enim
1363 2241 1502 2311 quod
1536 2242 1706 2295 onmis
1736 2257 1889 2294 crea-

324 2344 443 2387 tura
470 2334 762 2404 ingemiscit
801 2341 849 2386 et
880 2332 1111 2401 parturit
1144 2348 1303 2401 usque
1332 2331 1522 2384 adhuc.
1564 2328 1687 2383 Non
1722 2330 1893 2383 solum

322 2435 528 2483 autem.
569 2425 658 2478 sed
708 2433 757 2478 et
808 2440 902 2477 nos
954 2424 1221 2493 primitias
1265 2423 1482 2490 spiritus
1532 2421 1798 2484 habentes,
1844 2430 1893 2475 et

321 2518 423 2584 ipsi
453 2518 505 2569 in
536 2515 682 2569 nobis
710 2515 838 2580 ipsis
862 2518 1115 2584 gemimus
1152 2513 1485 2582 adoptionem
1510 2521 1891 2581 exspectantes,

324 2607 727 2675 redemptionem
753 2606 987 2669 corporis
1019 2604 1254 2658 nostri‘.
1290 2603 1363 2656 Ita
1391 2616 1444 2657 et
1476 2604 1677 2659 Isaias:
1710 2604 1895 2669 Quem-

324 2695 609 2750 admodum
638 2696 798 2758 enim,
830 2695 1031 2763 inquit,
1063 2694 1249 2748 caelum
1273 2707 1462 2747 novum
1489 2703 1537 2747 et
1574 2704 1717 2747 terra
1739 2710 1892 2756 nova,

323 2800 437 2853 qua!
461 2801 552 2854 ego
578 2783 737 2853 facio,
768 2791 979 2837 manent
1004 2798 1182 2836 coram
1210 2798 1307 2846 me,
1343 2782 1471 2834 dicit
1510 2781 1790 2848 Dominus,
1819 2782 1896 2835 sic

323 2873 422 2925 erit
453 2889 623 2927 semen
647 2882 893 2937 vestrum,
919 2879 969 2924 et
992 2887 1177 2924 nomen
1202 2880 1427 2924 vestrum
1450 2871 1471 2902 ⁵
1495 2888 1509 2935 ;
1539 2886 1601 2924 ac
1631 2886 1851 2924 rursum
1878 2888 1892 2926 :

326 2963 415 3019 Sic
452 2967 581 3019 dicit
626 2965 885 3018 Dominus
917 2964 1006 3032 qui
1044 2962 1166 3032 fecit
1216 2964 1423 3023 caelum,
1458 2963 1540 3016 hic
1582 2964 1671 3034 qui
1702 2972 1897 3016 terram

324 3057 585 3119 condidit,
621 3065 669 3108 et
703 3055 825 3124 fecit
858 3055 1049 3119 illam;
1083 3056 1194 3123 ipse
1226 3056 1470 3109 discrevit
1497 3054 1686 3118 illaut;
1714 3072 1814 3109 non
1834 3054 1898 3108 in

1993 1877 2198 1949 φθορᾶς
2224 1879 2317 1932 καὶ
2352 1878 2487 1949 αὐτὴ
2521 1880 2613 1932 τοῦ
2644 1877 2894 1949 σώματος
2947 1877 3379 1947 ἀπεκδεχομένη,
3415 1876 3536 1937 ὅπως

1991 1968 2149 2040 ἡμῶν
2178 1966 2567 2040 ὲξεγερθέντων
2622 1968 2715 2022 καὶ
2748 1965 3229 2037 ἀποτιναξαμένων
3260 1965 3357 2036 τὴν
3380 1961 3538 2031 νεκρό-

1988 2076 2133 2132 τητα
2156 2060 2254 2130 τῆς
2289 2060 2508 2130 σαρκὸς,
2539 2060 2679 2112 κατά
2702 2057 3194 2129 τὸγεγραμμένον·
3236 2054 3533 2117 Ἐκτίναεαι

1992 2152 2099 2205 τὸν
2132 2151 2285 2221 χοῦν
2314 2152 2417 2205 καὶ
2456 2150 2782 2218 ἀνάστηθι’
2829 2150 3112 2215 κάθισον,
3162 2145 3535 2218 Ἰερουσαλήμ.

2008 2241 2508 2316 Ἐλευθερωθέντων
2536 2261 2595 2297 τε
2625 2242 2725 2313 τῆς
2752 2244 3046 2314 ἁμαρτίας,
3075 2240 3535 2311 ἐλευθερωθήσεται

1996 2315 2089 2387 καὶ
2127 2315 2264 2404 οιὐῆ
2308 2333 2407 2403 τῆς
2448 2333 2682 2405 φθορᾶς,
2739 2332 2935 2404 μηκέτι
2976 2334 3039 2403 τῇ
3087 2331 3408 2402 ματαιότητι
3435 2328 3535 2382 δον-

1995 2422 2258 2487 λεύουσα,
2308 2422 2442 2476 ἀλλὰ
2491 2427 2556 2496 τῇ
2599 2424 2929 2498 δικαιοσύνῃ.
2981 2422 3241 2492 Οἴδαμεν
3288 2422 3426 2493 γὰρ,
3465 2420 3536 2474 ὅτι

1995 2515 2162 2569 πᾶσα
2190 2517 2229 2584 ἡ
2273 2515 2469 2582 κτίσις
2510 2515 2893 2580 συστενάζει,
2938 2516 3033 2570 καὶ
3073 2514 3390 2568 συνωδίνει
3427 2512 3537 2581 ἄχρι

1994 2607 2101 2661 τοῦ
2130 2608 2264 2663 νῦν.
2294 2609 2378 2661 οὐ
2401 2610 2593 2676 μόνον
2616 2608 2702 2669 δὲ,
2731 2608 2892 2662 ἀλλὰ
2919 2609 3014 2660 καὶ
3046 2607 3217 2661 αὐτοὶ
3246 2607 3356 2674 τὴν
3384 2606 3537 2672 ἀπαρ-

1996 2697 2118 2767 χὴν
2144 2694 2250 2752 τοῦ
2275 2700 2611 2774 πνεύματος
2636 2698 2898 2768 ἔχοντες.
2924 2698 3021 2754 καὶ
3049 2699 3219 2752 αὐτοὶ
3250 2697 3317 2751 ὲν
3340 2688 3535 2759 ἑαυτοῖς

1997 2788 2378 2859 στενάζομεν,
2423 2793 2732 2844 υἱοθεσίαν
2763 2786 3254 2859 ἀπεκδεχόμενοι,
3283 2786 3390 2856 τὴν
3414 2787 3531 2840 ἀετο-

1996 2880 2298 2947 λὺτρωσιν
2326 2874 2431 2933 τοῦ
2459 2874 2731 2949 σώματος
2751 2878 2938 2949 ἡμῶν.
2975 2875 3084 2933 Καὶ
3109 2880 3138 2932 ὁ
3183 2879 3421 2941 Ἠσαῒαςο
3453 2876 3534 2926 Ὃν

1997 2973 2221 3039 τρόπον
2250 2971 2361 3041 γᾶρ
2388 2970 2420 3025 ὁ
2449 2971 2701 3040 οὐρανὸς
2735 2971 2941 3038 καινὸς
2974 2970 3072 3024 καὶ
3109 2971 3149 3038 ἠ
3193 2968 3271 3041 γῆ
3304 2965 3478 3033 καινὴ,
3503 2961 3533 3015 ἆ

1999 3060 2133 3134 ἐγὼ,
2170 3065 2322 3135 φησὶ.
2355 3063 2534 3128 ποιῶ,
2582 3063 2744 3132 μένει
2775 3063 3031 3118 ἐνώπιόν
3071 3080 3217 3133 μου,
3261 3060 3413 3129 λέγει
3444 3056 3534 3111 Κύ-

323 3162 533 3210 uanum,
580 3147 669 3201 sed
708 3158 763 3199 ut
807 3146 1072 3201 habitetur
1093 3146 1135 3202 ⁸.
1186 3145 1346 3217 555
1394 3146 1526 3199 Nam
1565 3160 1752 3201 revera
1790 3160 1895 3200 non

1999 3173 2150 3224 prcc'
2182 3155 2370 3220 οὕτως
2398 3157 2567 3209 ἔσται
2601 3154 2666 3208 τὸ
2696 3154 2937 3225 σπέρμα
2955 3153 3140 3223 ὑμῶν,
3172 3152 3271 3208 καὶ
3296 3149 3357 3205 τὸ
3381 3149 3534 3216 ὄνομα

325 3237 553 3298 frustra.
592 3239 1024 3309 atque.inaniter
1057 3246 1112 3290 et
1139 3237 1207 3292 ad
1238 3238 1486 3302 exitium,
1526 3253 1589 3292 ex
1627 3238 1903 3307 ineptissi-

325 3341 539 3381 morum
580 3329 861 3384 hominum
914 3327 1174 3396 opinione
1225 3334 1399 3380 totum
1453 3327 1556 3380 hoc
1585 3328 1901 3381 universum

324 3418 565 3471 condidit
615 3418 779 3480 Deus,
830 3418 923 3472 sed
976 3427 1035 3471 ut
1072 3424 1237 3479 esset,
1269 3424 1323 3471 et
1354 3417 1709 3481 habitaretur,
1742 3427 1906 3486 atque

328 3515 691 3577 permaneret.
727 3509 882 3565 Unde
909 3518 965 3565 et
999 3517 1201 3565 terram
1235 3522 1463 3564 necesse
1486 3513 1592 3571 est,
1624 3514 1678 3561 et
1706 3509 1903 3562 malum

328 3607 451 3668 post
485 3598 629 3652 illam
681 3613 865 3654 rerum
910 3601 1155 3654 omnium
1211 3598 1692 3669 conﬂagrationem
1744 3607 1907 3668 atque

325 3697 518 3744 uastum
568 3691 853 3746 exsistere.
906 3692 1018 3746 Cur
1064 3698 1245 3746 autem
1290 3691 1365 3744 ita
1408 3690 1523 3745 ﬁeri
1555 3705 1777 3746 necesse
1810 3692 1903 3757 sit,

327 3782 625 3852 longiorem
656 3797 819 3851 quam
849 3783 1115 3839 hactenus
1163 3797 1469 3838 sermonem
1513 3783 1580 3837 ad
1618 3785 1900 3853 explican-

325 3870 453 3926 dum
485 3873 734 3941 requirit.
766 3870 883 3926 Non
913 3873 1057 3927 enim
1081 3872 1135 3925 in
1161 3872 1389 3926 otiosam
1416 3872 1720 3938 materiem,
1753 3888 1903 3928 eam-

326 3978 452 4031 que,
488 3978 649 4031 quam
687 3971 812 4017 ante
837 3963 1283 4017 constitutionem
1315 3962 1526 4027 habuit,
1567 3972 1621 4017 et
1655 3963 1708 4017 in
1736 3980 1899 4033 quam

324 4054 592 4109 dissoluta
625 4054 806 4119 fuerit,
858 4070 1034 4125 neque
1077 4055 1128 4109 in
1171 4054 1480 4108 absolutum
1515 4055 1793 4111 interitum
1838 4072 1902 4112 ac

327 4147 729 4216 corruptionem
755 4147 974 4202 redacta
998 4147 1333 4202 universitas
1356 4147 1461 4202 ista
1488 4147 1899 4205 reformabilur.
1934 4194 1949 4203 .

1999 3246 2185 3316 ὑμῶν·
2226 3247 2319 3299 καὶ
2362 3246 2555 3299 πάλινο
2603 3246 2764 3300 Οὕτω
2793 3245 2953 3315 λέγει
2986 3245 3206 3313 Κύριος
3245 3245 3279 3297 ὁ
3313 3235 3535 3298 ποιήσας

1998 3338 2107 3391 τὸν
2152 3337 2444 3405 οὐρανὸν,
2477 3332 2654 3403 οὗτος
2696 3339 2729 3390 ὁ
2775 3332 3240 3400 κατασκευάσας
3286 3329 3393 3397 τὴν
3446 3322 3536 3395 Γῆν

1997 3428 2095 3482 καὶ
2130 3427 2390 3494 ποιήσας
2429 3429 2641 3495 αὐτὴν,
2686 3427 2875 3495 ίαύτιὲς
2919 3426 3199 3495 διώρισεν
3243 3420 3423 3489 αὐτὴν
3445 3417 3533 3470 οὐκ

2000 3521 2089 3585 εὶς
2118 3519 2317 3583 κενὸν,
2345 3521 2506 3573 ἀλλὰ
2531 3518 2950 3573 κατοικεῖσθαι.
2987 3519 3197 3580 Ὄντως
3234 3515 3339 3586 γὰρ
3370 3511 3455 3566 οὐκ
3474 3504 3535 3567 είς

2004 3611 2179 3677 κενὸν,
2228 3612 2348 3665 οὐδὲ
2378 3614 2457 3676 είς
2503 3613 2678 3684 μάτην
2727 3612 2862 3683 πρὸς
2891 3610 3162 3663 ἀπώλειαν
3210 3594 3534 3684 umquam?

2002 3699 2130 3764 τοὺς
2161 3682 2749 3773 φρονοῦνταςγμάταια,
2773 3700 2834 3752 τὸ
2865 3701 2971 3752 πᾶν
2994 3701 3023 3752 ὁ
3053 3698 3208 3762 Θεὸς,
3243 3693 3369 3750 ἀλλὰ
3398 3691 3465 3753 εἰς
3490 3682 3535 3738 τδ

2006 3787 2146 3846 εἷναί
2192 3810 2251 3846 τε
2300 3793 2394 3846 καὶ
2425 3793 2718 3857 οίκεῐσθαι,
2770 3791 2865 3845 καὶ
2909 3789 3204 3861 διαμένειν.
3240 3788 3325 3841 Διὸ
3362 3780 3531 3847 ἀνάγκη

2005 3881 2070 3953 δὴ
2117 3884 2208 3936 καὶ
2236 3883 2332 3954 τὴν
2365 3882 2469 3953 γῆν
2498 3879 2672 3946 αὖθις,
2702 3882 2795 3935 καί
2817 3880 2909 3933 τὸν
2935 3864 3161 3950 obpava
3199 3876 3333 3949 μετά
3354 3874 3439 3942 τὴν
3460 3870 3532 3920 ἐκ·

2009 3973 2278 4043 φλόγωσιν
2312 3973 2528 4027 ἔσεσθαι
2575 3973 2795 4027 πάντων
2837 3972 2928 4025 καὶ
2957 3971 3048 4023 τὸν
3096 3968 3355 4043 βρασμόν.
3391 3960 3470 4016 Διὰ
3492 3955 3531 4010 τί

2004 4064 2063 4119 δὲ
2092 4064 2249 4117 τοῦτο
2278 4065 2510 4135 ἀνάγκη,
2537 4063 2693 4132 λόγος
2720 4062 2785 4116 ἂν
2818 4062 2895 4114 ἔτι
2926 4061 3093 4113 πλείω
3132 4059 3243 4113 τῶν
3280 4051 3532 4128 εἰρημένων

2009 4155 2268 4224 γίγνοιτο.
2302 4153 2439 4209 Οὔτε
2467 4155 2576 4227 γὰρ
2602 4158 2679 4218 είς
2711 4154 2841 4224 ὓλην
2867 4153 3063 4225 ἀργὴν,
3089 4152 3181 4204 καὶ
3225 4148 3449 4214 τοιαύτην
3473 4138 3533 4192 ἔτι

330 4236 677 4300 κατάστασιν,
708 4236 824 4290 οἵαν
851 4237 943 4290 καὶ
969 4236 1075 4307 πρὸ
1103 4236 1201 4305 τῆς
1246 4237 1691 4310 διακοσμήσεως,
1753 4244 1833 4305 εἰς
1890 4244 1957 4315 ἢν
2015 4245 2262 4318 διαλυθῇ,
2310 4246 2886 4317 ἀναστοιχειωθήσεται
2940 4244 2998 4296 τὸ
3051 4244 3177 4305 πᾶν,
3233 4240 3336 4294 οὔτ’
3380 4231 3436 4290 αὖ
3475 4229 3533 4288 εἰς

326 4326 602 4379 ἀπώλειαν
638 4324 874 4396 παντελῆ
905 4327 1000 4378 καὶ
1038 4325 1263 4396 φθοράν.

399 4412 614 4467 XXXII.
648 4415 718 4466 At
745 4415 889 4491 enim
929 4414 1192 4482 objicient
1238 4413 1542 4469 adversarii
1580 4432 1592 4468 :
1626 4412 1682 4466 Si
1726 4420 1896 4467 totum

329 4505 432 4558 hoc
460 4505 774 4558 universum
800 4517 1142 4574 nequaquam
1171 4511 1375 4573 pereat,
1405 4502 1676 4574 quomodo
1705 4503 1900 4557 cwlum

328 4614 395 4652 ac
423 4607 623 4653 terram
656 4598 954 4653 transitura
978 4613 1102 4654 esse
1124 4596 1385 4652 Dominus
1406 4597 1540 4652 dicit
1560 4597 1579 4627 ⁷
1597 4597 1619 4650 ?
1637 4594 1904 4667 Propheta

333 4704 484 4755 vero,
519 4691 718 4744 corium
775 4689 909 4744 fumi
962 4689 1137 4745 instar
1168 4705 1289 4745 esse
1334 4689 1659 4760 periturum,
1702 4698 1900 4743 terram

331 4788 511 4834 autem
543 4782 700 4850 quasi
733 4780 1125 4836 vestimentum
1156 4778 1644 4835 inveteratumth
1670 4777 1772 4832 Sed
1807 4791 1906 4829 nos

332 4872 479 4925 hunc
537 4869 837 4941 Scriptura:
880 4886 1087 4926 morem
1148 4885 1272 4926 esse
1321 4869 1793 4941 reSpondebimus,
1849 4874 1907 4920 ut

333 4963 522 5018 mundi
545 4963 1020 5029 instaurationem,
1048 4972 1210 5034 atque
1236 4965 1291 5018 in
1315 4964 1507 5016 melius
1530 4960 1909 5033 praestantius-

333 5072 439 5131 que
495 5056 854 5111 mutationem
910 5057 1191 5110 interitum
1250 5055 1503 5124 appellet,
1557 5059 1742 5121 utpote
1778 5064 1904 5150 lcum

335 5147 482 5216 prior
510 5145 686 5200 forma
726 5148 781 5201 in
819 5148 910 5201 illa
940 5146 1321 5217 jucundiorem
1355 5146 1409 5199 in
1438 5151 1639 5199 statum
1678 5145 1907 5196 conver-

340 5236 489 5292 sione
532 5245 734 5307 pereat.
775 5236 922 5292 Nihil
955 5238 1099 5292 enim
1136 5238 1189 5290 in
1226 5238 1401 5291 sacris
1438 5236 1655 5288 Litteris
1692 5245 1911 5288 contra-

343 5333 475 5383 rium
520 5337 605 5385 est
643 5337 698 5385 et
732 5329 1054 5383 absurdum.
1102 5329 1346 5384 Pra’terit
1380 5329 1519 5382 enim
1548 5328 1719 5397 ﬁgura
1756 5324 1910 5393 hujus

337 5422 520 5475 mundi
540 5420 740 5491 ’..Non
772 5421 1036 5475 mundum
1063 5422 1242 5491 ipsum
1272 5420 1431 5474 dixit.
1459 5419 1548 5472 Sic
1574 5417 1738 5487 igitur
1764 5415 1908 5470 Scri-

341 5511 516 5573 pturis
548 5512 965 5568 usitatissimum
1012 5521 1115 5574 εει,
1163 5509 1534 5565 antecedentis
1579 5509 1631 5562 in
1674 5506 1725 5561 id
1764 5504 1910 5576 quod

419 5644 433 5673 ‘
462 5642 617 5697 Rom.
649 5662 768 5708 vin,
806 5648 990 5703 19-21.

366 5705 385 5734 τ
408 5647 768 5734 ἐσῇοριᾏνιιι,
796 5648 990 5734 ξεν-ιιι..
1016 5651 1090 5734 η’
1117 5650 1246 5734 ibid.
1448 5647 1603 5734 inlisa.
1639 5662 1734 5734 tu,
1770 5648 1804 5699 ἓ
1858 5649 1925 5734 ’,ξ
1961 5650 2093 5707 Rom
2148 5669 2264 5719 vm,
2296 5654 2386 5720 (ὶὲ,
2417 5654 2506 5707 23.

408 5709 593 5765 Matth.
625 5730 772 5770 xxxv.
796 5718 883 5771 35.
961 5720 980 5751 ⁸
1016 5718 1160 5773 Psal.
1195 5735 1268 5777 CI.
1299 5719 1388 5770 ‘27.
1465 5720 1485 5749 ⁹
1518 5717 1535 5768 I
1567 5718 1689 5770 Cor.
1728 5734 1824 5779 vn,
1856 5717 1946 5772 5|.

2077 4419 2199 4473 AB’.
2246 4419 2372 4472 Ἐὰν
2396 4418 2472 4482 δὲ,
2510 4417 2634 4482 Πῶς
2663 4414 2755 4473 οὖν
2776 4458 2790 4482 ,
2817 4419 2911 4473 ἐὰν
2941 4419 3015 4491 μὴ
3042 4419 3331 4473 ἀπόλλυται
3355 4416 3405 4468 τὸ
3434 4410 3529 4470 ait.

2008 4510 2058 4562 οἱ
2108 4510 2165 4576 ἐξ
2211 4508 2460 4572 ἐναντίας
2493 4508 2753 4576 εἴπωσιν,
2795 4512 2824 4564 ὁ
2870 4512 2967 4581 μὲν
3010 4510 3214 4582 Κύριος
3241 4509 3326 4563 τὸν
3349 4500 3527 4576 ούρανδν

2011 4601 2444 4671 παρελεύσεσθαι
2470 4600 2594 4672 ἔφη,
2622 4603 2714 4656 καὶ
2743 4602 2841 4673 τὴν
2866 4603 2990 4673 γῆν·
3017 4604 3045 4655 ὁ
3066 4602 3121 4655 δὲ
3146 4601 3414 4675 «poem;
3434 4596 3530 4647 ἀπο·

2009 4692 2218 4746 λεῖσθαι
2250 4694 2346 4764 μὲν
2375 4693 2604 4764 οὐρανὸν
2633 4694 2708 4757 ὡς
2743 4695 2948 4748 καπνὸν
2969 4736 2984 4760 ,
3016 4695 3112 4765 τὴν
3149 4695 3206 4748 δὲ
3236 4694 3330 4762 γῆν
3353 4689 3416 4749 ὼς
3436 4680 3529 4753 Ῑμά·

2009 4802 2124 4839 τιον
2170 4766 2680 4858 παλαιωθήσεσθαι;
2740 4787 2959 4859 Ἐπειδὴ
2999 4786 3119 4851 ἔθος
3156 4787 3274 4849 ταῖς
3313 4776 3525 4854 Γραφαῖς.

2010 4875 2253 4945 λέξομεν,
2284 4876 2381 4948 τὴν
2407 4879 2486 4941 είς
2524 4880 2583 4931 τὸ
2617 4880 2859 4948 κρεῖττον
2884 4879 2978 4931 καὶ
3013 4878 3339 4949 ἐνδοξότερον
3364 4873 3525 4924 ἀποκα-

2012 4965 2270 5022 τάστασιν
2319 4968 2521 5039 ταύτης
2570 4968 2664 5022 τοῦ
2711 4969 2914 5040 κόσμου
2964 4968 3261 5040 μεταϐολὴν
3306 4959 3526 5019 ἀπώλειαν

2012 5058 2210 5127 λέγειν,
2238 5054 2348 5113 οἷον
2374 5060 2465 5114 τοῦ
2492 5061 2728 5132 πρόσθεν
2758 5062 3031 5133 σχήματος
3052 5040 3397 5129 ἀπολλυμὲνου
3422 5042 3525 5103 κατὰ

2013 5149 2111 5221 τὴν
2143 5151 2223 5214 εἰς
2251 5151 2313 5205 τὸ
2346 5152 2699 5223 φαιδρότατον
2724 5152 2975 5204 ἁπάντων
3002 5150 3324 5219 ἐξαλλαγὴ-ι’
3361 5146 3428 5196 ὅτι
3451 5148 3526 5205 μη·

2014 5241 2173 5310 δεμία
2217 5241 2603 5304 ὑπεναντίωσις
2647 5240 2679 5311 ἢ
2718 5240 2920 5294 ἀτοπία
2947 5242 3004 5293 ἐν
3031 5243 3145 5302 τοῖς
3179 5238 3334 5297 θείοις
3370 5227 3518 5309 λόγως·

2017 5332 2273 5402 Παράγει
2305 5332 2415 5401 γὰρ
2461 5331 2526 5385 τὸ
2570 5330 2779 5400 σχῆμα
2825 5330 2930 5384 τοῦ
2967 5330 3199 5397 κόσμου
3226 5325 3429 5380 τούτου.
3456 5312 3522 5402 καὶ

2015 5423 2112 5493 οὐχ
2138 5424 2164 5472 ὁ
2198 5422 2418 5493 κόσμος,
2494 5424 2728 5493 εἴρηται.
2758 5420 2943 5484 Οὕτως
2968 5421 3086 5484 ἔθος
3115 5419 3370 5473 ἀπώλειαν
3386 5400 3523 5459 καλεῖν

2028 5515 2125 5575 τὰς
2156 5513 2377 5585 Γραφὰς
2403 5519 2500 5584 τὴν
2522 5513 2654 5583 πρὸς
2672 5512 2734 5564 τὸ
2760 5512 2978 5582 ἄμεινον
3004 5510 3116 5564 ἔσθ’
3144 5512 3231 5563 ὅτε
3262 5504 3344 5562 ναὶ
3368 5498 3520 5564 65W"

2609 5653 2628 5684 ‘
2662 5651 2766 5708 lsa.
2801 5667 2944 5719 vat,
2982 5650 3069 5706 ἐξῆ.
3150 5651 3169 5680 ‘
3206 5649 3297 5704 Isu.
3335 5625 3495 5695 ιμ’,δο
