3846 6116
344 289 473 346 “’21

980 280 1351 337 ADVERSUS
1390 278 1735 336 lix’ERESES
1774 279 1901 334 LIB.
1948 278 2014 334 ll.
2061 278 2226 335 ΪΟΜ.
2273 280 2310 334 Ι.
2354 310 2423 321 -
2463 277 2739 333 ηἈΞΙὶΕΒ.
2786 277 2967 333 LXIV.

3474 272 3617 342 “32

342 396 561 482 ,θάτερον
593 410 798 482 τροτὴν
831 408 924 461 τοῦ
962 408 1197 480 πρόσθεν
1242 408 1542 478 σχήματος.
1581 402 1707 462 Οῗον
1736 402 1926 477 ῶσπερ

2036 406 2228 462 melius
2277 420 2342 459 ac.
2393 404 2688 460 formosius
2726 412 2830 467 est,
2887 403 3072 474 [ἰείη-ω
3129 401 3616 457 commutationem

338 506 510 576 ὁπότε.
529 506 592 562 ἄν
614 522 696 567 τις
718 501 993 557 ὁμώλειαν
1021 501 1170 571 λέγοι
1196 500 1289 554 τοῦ
1321 500 1464 554 κατὰ
1486 501 1547 553 τὸ
1579 501 1771 571 νήπιον
1802 502 1932 572 σχή-

339 614 506 668 ματος
548 598 647 669 τὴν
694 599 770 661 εἰς
811 596 903 650 rev
950 597 1121 668 ἄνδρα
1161 595 1255 649 τὸν
1293 592 1500 646 τέλειον
1549 592 1927 664 μεταλλαγὴν,

341 690 679 762 τρεπομένης
711 691 791 753 εἰς
834 688 1066 761 μέγεθος
1095 689 1190 742 καὶ
1228 686 1425 749 κάλλος
1458 686 1557 755 τῆς
1583 684 1801 756 ἡλικίας
1834 684 1928 738 τοῦ

339 780 554 848 νηπίου.
591 782 722 833 Ὅτε
770 779 879 850 γὰρ
928 779 1093 851 ἤμην
1130 778 1370 845 νήπιος,
1401 777 1482 842 ὡς
1526 775 1744 843 νήπιος
1787 774 1928 829 ἐλά-

336 875 508 935 λουν,
546 872 626 937 ὡς
670 872 890 941 νήπιος
921 875 1243 943 ἐφρόνουν,
1288 874 1369 940 ὡς
1413 871 1632 939 νήπιος
1672 867 1931 940 ἐλογιζό-

336 981 473 1031 μηνο
502 964 601 1019 ὅτε
631 965 699 1019 δὲ
744 967 962 1036 γέγονα
1001 966 1180 1037 ἀνὴρ,
1212 968 1287 1021 τὰ
1319 965 1427 1020 τοῦ
1460 966 1684 1034 νηπίου
1712 963 1931 1031 κατήρ-

336 1070 516 1123 γησα.
564 1056 889 1129 Ταραχθήσε
917 1057 1041 1113 σθαι
1066 1060 1167 1132 μὲν
1190 1058 1300 1130 γὰρ
1343 1057 1443 1128 τὴν
1491 1057 1666 1117 κτίσιν
1688 1096 1700 1117 ,
1741 1053 1932 1127 ὥσπερ

336 1146 731 1217 τεθνηξομένην
775 1149 918 1203 κατά
966 1149 1065 1220 τὴν
1103 1150 1445 1220 ἐκπύρωσιν,
1475 1149 1563 1201 ἵνα
1604 1147 1929 1221 ἀνακτισθῇ,

335 1236 394 1287 οὐ
429 1236 534 1308 μὴν
566 1238 889 1293 ἀπολεῖσθαι
915 1239 1314 1311 προσδοκητέω
1337 1255 1350 1268 ο
1377 1240 1527 1302 ὅπως
1564 1239 1611 1295 οἱ
1639 1238 1933 1299 ἀνακαινο-

336 1328 654 1397 ποιηῡέντες
715 1333 774 1384 ὲν
828 1328 1374 1401 ἀνακαινοποιηθέντι
1434 1330 1625 1400 κόσμῳ
1674 1333 1931 1397 ἄγευστοι

335 1417 510 1490 λύπης
556 1424 1011 1494 κατοικήσωμενο
1054 1423 1087 1494 ἢ
1131 1422 1271 1476 κατά
1312 1423 1373 1476 τὸ
1422 1422 1634 1493 λεχθὲν,
1683 1424 1932 1489 Ἐξαποο

334 1510 575 1577 στελεῖς
619 1512 685 1565 τὸ
734 1513 973 1583 πνεῦμά
1021 1528 1174 1578 σου,
1224 1515 1324 1568 καὶ
1370 1516 1836 1584 κτισθήσονται,
1875 1518 1932 1569 ἐν

336 1600 612 1672 ἑκατοστῷ
655 1602 821 1673 τρίτῳ
875 1603 1098 1674 ψαλμῷ,
1134 1604 1233 1658 καί
1260 1605 1718 1670 ἁνακαινιεῖᾷτὸ
1744 1607 1936 1677 πρόσ-

334 1706 498 1745 ωπον
522 1691 633 1761 τῆς
672 1692 804 1764 γῆς,
835 1695 931 1748 τοῦ
972 1696 1320 1768 περιέχοντος
1347 1697 1445 1767 τῆς
1491 1697 1784 1770 εὐκρασίας
1810 1699 1933 1751 ἐπι-

2035 497 2318 551 interitum
2350 497 2551 551 dicere.
2584 494 2818 551 Perinde
2850 509 2915 548 ac
2944 495 2990 548 si
3025 495 3150 563 quis
3187 492 3460 546 infantilis
3485 492 3612 560 figu-

2035 585 2108 644 ne
2158 589 2459 660 perfectum
2510 588 2563 640 in
2605 588 2801 640 virum”
2834 586 3123 641 transitum
3163 600 3225 639 ac
3261 584 3618 641 mutationem

2034 679 2318 734 interitum
2353 676 2616 739 nominet,
2656 690 2780 731 cum
2815 676 2962 729 illius
2994 683 3126 729 aetas
3170 674 3236 727 ad
3288 672 3618 744 magnitudi-

2033 787 2155 826 nem
2196 770 2774 841 pulcln'itudinemque
2822 769 3149 823 traducitur.
3200 764 3333 822 Cum
3365 768 3503 820 enim
3536 779 3623 821 tes-

2034 880 2141 918 sem
2193 864 2466 931 parvulus,
2524 860 2778 931 loquebar
2827 870 2885 913 ut
2928 860 3202 930 parvulus,
3249 861 3516 926 sapiebam
3562 868 3618 914 ut

2031 957 2307 1027 parrulus,
2356 954 2650 1024 cogitabam
2693 962 2750 1007 ut
2790 953 3077 1023 parvulus;
3120 963 3397 1022 postquam
3446 961 3621 1005 autem

2032 1048 2207 1119 factus
2236 1065 2351 1101 sum
2386 1049 2483 1111 τίν,
2511 1046 2760 1101 evacuavi
2788 1061 2906 1116 qua:
2927 1054 3076 1099 erant
3110 1044 3318 1115 parvuli
3341 1047 3379 1101 ¹.
3410 1044 3469 1096 Et
3494 1058 3621 1098 vero

2034 1140 2462 1211 perturbandam
2505 1154 2628 1195 esse
2657 1147 2992 1201 creaturam,
3032 1138 3179 1191 velut
3209 1137 3263 1189 in
3297 1136 3384 1189 illa
3420 1133 3625 1193 conﬂa-

2034 1233 2285 1304 gratione
2318 1233 2641 1302 perituram,
2681 1238 2741 1285 ut
2773 1230 2972 1285 iterum
3008 1236 3249 1293 Creetur,
3285 1242 3392 1280 non
3438 1235 3621 1280 tamen

2035 1325 2492 1397 exstinguendam
2533 1340 2676 1387 esse,
2726 1323 3032 1395 putandum
3081 1330 3185 1386 est,
3223 1332 3281 1375 ut
3318 1321 3621 1376 inStaurato

2035 1418 2242 1471 mundo
2275 1417 2497 1486 ipsimet
2530 1415 2826 1470 instaurati
2856 1429 2921 1470 ac
2949 1413 3158 1469 doloris
3182 1421 3435 1483 expertes
3469 1412 3621 1469 habi-

2035 1517 2248 1574 temus;
2289 1510 2750 1580 quemadmodum
2789 1508 2843 1562 in
2879 1506 3181 1563 centesimo
3213 1508 3374 1561 tertio
3413 1507 3623 1579 psalmo

2036 1605 2315 1672 proditum
2346 1613 2431 1660 est
2465 1621 2477 1657 :
2514 1602 2739 1661 Emitte:
2788 1603 3031 1672 spiritum
3078 1612 3246 1665 tuum,
3289 1610 3337 1657 et
3365 1599 3614 1655 creaban-

2038 1692 2157 1759 bur,
2188 1703 2236 1747 et
2265 1694 2535 1748 renovabis
2561 1694 2751 1763 [aciem
2783 1702 2937 1747 terra:
2961 1695 3002 1746 ¹.
3034 1691 3191 1759 Quod
3224 1693 3480 1751 nimirum
3509 1707 3622 1744 ant-

335 1785 734 1855 τροπενὶσαντος
779 1787 965 1841 λοιπὸν
1014 1787 1107 1841 τοῦ
1141 1788 1299 1843 Θεοῦ.
1359 1789 1655 1859 Ἐσομένης
1693 1788 1802 1861 γάρ
1832 1789 1928 1842 καὶ

2036 1784 2268 1840 bicntem
2308 1800 2490 1839 aerem
2525 1786 3054 1855 temperatissimum
3084 1786 3346 1855 deinceps
3378 1784 3623 1840 facturus

338 1875 478 1945 μετά
509 1876 697 1932 τοῦτον
736 1878 849 1949 ('59)
891 1880 984 1932 τὸν
1028 1879 1204 1934 αἰῶνα
1229 1881 1353 1950 γῆς,
1389 1881 1602 1949 ἀνάγκη
1631 1882 1780 1933 πᾶσα
1805 1879 1927 1932 ἔσε-

336 1968 463 2028 σθαι
499 1972 594 2025 καὶ
643 1972 766 2034 τοὺς
812 1972 1159 2042 οἰκήσοντας,
1190 1973 1375 2026 οὐκέτι
1407 1972 1857 2043 τεθνηξομένους,
1896 1973 1928 2045 ἢ

334 2061 685 2131 γαμήσοντας
719 2062 814 2122 καὶ
866 2064 1317 2136 γεννησομένους,
1390 2064 1506 2118 ἀλλ’
1549 2065 1625 2128 ὡς
1660 2063 1924 2133 ἀγγέλους

335 2152 772 2222 ἀμεταστρόφως
819 2154 876 2205 ἐν
927 2153 1209 2227 ἀφθαρσίᾳ
1250 2154 1318 2207 τὰ
1354 2154 1553 2227 ἄριστα
1596 2152 1924 2227 πράξοντας.

335 2240 427 2293 Διὸ
459 2241 698 2313 ληρῶδες
733 2243 792 2296 τὸ
816 2244 873 2297 ὲν
902 2244 1032 2317 ποίᾳ
1061 2246 1308 2318 διαγωγῇ
1350 2247 1470 2299 τότε
1497 2245 1561 2318 δὴ
1596 2246 1664 2299 τὰ
1701 2244 1928 2316 σώματα

334 2332 547 2388 ἔσονται
592 2335 1050 2409 λέγεσθαι,ψ.ήτε
1086 2338 1269 2410 ἀέρος,
1318 2341 1456 2410 μήτε
1498 2338 1624 2409 γῆς,
1656 2339 1792 2411 μήτε
1817 2336 1929 2390 τῶν

335 2423 511 2477 ἄλλων
539 2426 835 2497 ἐσομένων.

2036 1875 2109 1930 sit
2144 1874 2307 1930 Deus.
2338 1877 2475 1931 Cum
2514 1877 2661 1932 enim
2710 1885 2834 1947 post
2869 1877 3053 1933 saeculi
3101 1879 3386 1947 praesentis
3419 1875 3624 1929 exitum

2033 1965 2213 2020 adlmc
2260 1976 2406 2021 terra
2459 1979 2880 2036 perseveratum
2935 1971 3028 2033 sit,
3080 1968 3423 2023 habitatores
3466 1967 3521 2026 in
3559 1982 3623 2020 ea

2031 2058 2300 2127 quosdam
2337 2059 2518 2113 inesse
2554 2074 2783 2114 necesse
2810 2068 2931 2124 est;
2960 2060 3052 2129 qui
3084 2075 3185 2114 nec
3214 2059 3465 2115 morituri
3499 2067 3624 2113 sum

2033 2151 2289 2220 amplius,
2337 2152 2858 2221 nequecopulandi
2898 2153 3107 2221 nuptiis
3147 2160 3241 2205 aut
3277 2152 3626 2223 procreandi?

2032 2244 2207 2300 soboli
2240 2258 2462 2314 cperant
2498 2242 2702 2304 daturi,
2755 2242 2918 2316 556
2968 2244 3063 2297 sed
3107 2244 3427 2313 angelorum
3474 2257 3626 2295 more

2032 2336 2151 2392 sine
2186 2336 2295 2389 ulla
2332 2335 2628 2390 mutatione
2676 2336 2730 2389 in
2767 2335 3196 2392 immortalitatis
3237 2342 3380 2391 statu
3416 2335 3622 2405 Optima

2032 2427 2143 2481 sint
2187 2442 2419 2498 qua'que
2464 2424 2682 2479 facturi.
2726 2424 3073 2495 Proindeque
3114 2425 3342 2481 Stultum
3374 2434 3455 2480 est
3488 2440 3624 2495 qua-

337 2535 463 2575 nam
496 2520 619 2575 vitae
660 2523 873 2577 ratione
918 2539 1087 2579 usura
1130 2523 1243 2579 sint
1281 2538 1516 2595 corpora
1561 2537 1834 2595 quzerere,
1875 2520 1922 2577 si
1959 2536 2063 2575 nec
2097 2535 2212 2585 aer,
2277 2537 2453 2592 neque
2506 2529 2674 2588 terra,
2724 2536 2901 2591 neque
2957 2521 3256 2592 quidquam
3298 2528 3623 2576 ca-terorum
3674 2540 3683 2549 -

337 2610 411 2666 sit
445 2612 681 2682 amplius
716 2612 985 2670 futurum.

406 2704 528 2758 AI".
567 2706 750 2770 ’Ἄξιον
775 2707 832 2761 δὲ
877 2709 1101 2762 κάκεῖνο
1130 2708 1269 2781 πρὸς
1297 2712 1410 2773 τοῖς
1453 2709 1767 2781 εἰρημένοις
1806 2708 1929 2760 ἑπι-

338 2799 581 2862 σκοπεῖν,
609 2796 684 2862 ῶς
710 2798 823 2869 ἔχει
854 2799 1055 2872 πολλὴν
1080 2800 1401 2865 διάπτωσιν,
1437 2803 1486 2854 εἰ
1509 2801 1591 2854 δεῖ
1616 2801 1930 2872 παρρησίαν

335 2886 491 2954 ἄγειν
518 2890 646 2959 περὶ
672 2888 899 2955 τούτων,
926 2885 970 2942 ti)
1012 2890 1349 2959 Ἀγλαοφῶν,
1379 2890 1760 2961 διαλεγόμενος
1787 2908 1929 2961 πρα-

335 2979 584 3051 γμάτων,
623 2984 844 3056 Φράσας
878 2984 988 3055 γὰρ
1031 2986 1415 3057 ἀποφήνασθαι
1461 2987 1551 3040 τὸν
1597 2986 1822 3057 Κύριον,
1855 2987 1930 3050 ὡς

335 3075 385 3126 οἰ
415 3075 513 3146 τῆς
543 3076 896 3141 ἀναστάσεως
924 3078 1243 3149 τευξόμενοι
1275 3079 1490 3136 ἔσονται
1514 3081 1636 3133 τότε
1668 3081 1744 3143 ὡς
1773 3080 1931 3149 ἀγγε-
1960 3117 2001 3170 C

335 3166 438 3230 λοι,
470 3165 599 3222 ἔνθα
644 3171 998 3241 πειράξουσιν
1038 3171 1201 3225 αὐτὸν
1234 3174 1283 3225 οἱ
1318 3172 1691 3231 Σαδδουκαῖοι,
1730 3172 1931 3241 ἐπέφε-

340 3277 460 3331 ρεν·
503 3263 564 3315 Oi
592 3261 649 3314 δὲ
680 3263 932 3331 ἄγγελοι,
965 3264 1122 3327 ἐκτὸς
1151 3264 1303 3327 ὄντες
1334 3266 1535 3337 σαρκὸς
1561 3265 1619 3317 ὲν
1660 3266 1930 3336 μακαριόο

333 3370 496 3424 τητος
524 3354 787 3426 ἀκρότητι
806 3396 821 3417 ,
852 3356 940 3409 διὰ
970 3356 1130 3409 τοῦτο
1163 3356 1256 3409 καὶ
1300 3356 1459 3427 δόξης
1485 3357 1608 3410 εἰσί.
1644 3359 1754 3411 Καὶ
1785 3359 1933 3429 ἡμᾶς

333 3442 390 3497 δὲ
437 3444 547 3516 ἄρα
590 3445 936 3511 ἐξισάζεσθαι
981 3445 1277 3517 μέλλοντας
1319 3448 1594 3516 ἀγγέλοις,
1624 3449 1837 3519 ἀνάγκη
1867 3448 1931 3519 δὴ

336 3535 560 3607 σαρκῶν
593 3536 853 3602 ὡσαύτως
878 3538 1111 3601 ἐκείνοις
1139 3540 1382 3610 γυμνοὺς
1409 3539 1628 3593 ἔσεσθαι
1655 3540 1784 3594 δεῖν.
1818 3541 1931 3593 Οὐκ

335 3627 660 3699 ἐπιστήσας.
692 3622 737 3681 ὧ
760 3631 974 3701 ἄριστε,
1003 3629 1079 3694 ὡς
1104 3631 1133 3683 ὁ
1161 3631 1397 3701 ποιήσας
1429 3632 1525 3683 καὶ
1555 3631 1932 3701 διακοσμήσας

335 3719 395 3786 ἐξ
436 3720 535 3773 οὐκ
580 3720 751 3774 ὄντων
794 3721 856 3773 τὸ
890 3724 1000 3776 πᾶν
1048 3724 1146 3795 τὴν
1179 3723 1288 3776 τῶν
1334 3721 1617 3776 ἀθανάτων
1662 3723 1844 3791 φύσιν,
1867 3723 1929 3778 οὐ

341 3815 503 3885 μόνον
536 3817 617 3879 εἰς
653 3813 924 3883 ἀγγέλους
952 3816 1048 3869 καὶ
1072 3816 1421 3886 λειτουργοὺς
1447 3815 1730 3885 διανείμας
1758 3814 1932 3869 διεκό-

339 3921 568 3976 σμησεν,
603 3905 737 3959 ἀλλά
766 3905 860 3959 καὶ
892 3908 971 3968 εἰς
997 3906 1174 3977 ἀρχὰς
1193 3949 1207 3971 ,
1241 3907 1335 3959 καὶ
1379 3905 1622 3977 Θρόνους,
1653 3907 1749 3961 καὶ
1776 3907 1931 3973 ἐξου-

338 3997 474 4060 σίας.
514 3998 677 4052 Ἀλλο
711 3999 821 4071 γάρ
870 3990 1028 4068 γένος
1071 3999 1132 4053 τὸ
1165 3998 1274 4053 τῶν
1306 3998 1528 4069 ἀρχῶν,
1575 3999 1670 4053 καὶ
1715 3999 1843 4053 ἄλλο
1870 4000 1932 4054 τὸ

339 4088 447 4147 τῶν
489 4089 746 4155 ἐξουσιῶν
768 4102 784 4122 ⁸
821 4091 903 4143 ὅτι
950 4090 1024 4162 μὴ
1052 4090 1242 4159 τάγμα
1276 4088 1357 4153 ἓν,
1390 4090 1484 4142 καὶ
1516 4089 1614 4159 μία
1646 4089 1928 4154 σύστασις,

337 4181 432 4236 καὶ
460 4181 624 4252 φυλὴ,
651 4183 745 4235 καὶ
774 4182 981 4253 πατριά
1006 4182 1117 4235 τῶν
1148 4181 1450 4247 ἀθανάτων,
1478 4181 1613 4236 ἀλλὰ
1644 4183 1803 4253 γένη,
1837 4184 1932 4236 καὶ

338 4274 526 4344 φυλαὶ,
559 4276 655 4329 καί
686 4275 962 4347 διαφοραί.
995 4277 1105 4330 Καὶ
1124 4274 1250 4328 οὔτε
1277 4275 1348 4328 τά
1376 4274 1642 4347 χερουὸὶμ
1663 4274 1766 4346 τῆς
1796 4274 1929 4338 ἰδίας

337 4366 668 4437 έξιστάμενα
712 4366 928 4435 φύσεως
976 4369 1055 4432 εἰς
1097 4366 1194 4438 τὴν
1234 4365 1342 4420 τῶν
1372 4366 1621 4436 ἀγγέλων
1658 4368 1801 4422 ἰδέαν
1835 4384 1931 4439 με-

2110 2697 2345 2754 XXXIII.
2375 2698 2473 2755 Est
2499 2700 2631 2755 illud
2665 2701 2911 2770 insuper,
2944 2716 2977 2755 ο
3004 2700 3345 2774 Aglaophon,
3373 2703 3626 2758 conside—

2035 2792 2250 2846 ratione
2286 2792 2534 2862 dignum,
2575 2808 2763 2848 errare
2795 2794 2948 2848 illum
2988 2797 3339 2851 vehementer
3377 2810 3440 2849 ac
3485 2795 3623 2860 falli,

2034 2884 2080 2938 si
2117 2883 2260 2952 quod
2304 2900 2393 2939 res
2441 2892 2524 2939 est
2568 2885 2835 2940 audacter
2882 2887 3245 2957 pronuntiare
3285 2888 3467 2950 liceat,
3498 2904 3623 2943 cum

2035 2974 2104 3026 iis
2136 2974 2203 3028 de
2234 2975 2397 3029 rebus
2438 2991 2748 3031 sermonem
2789 2977 3047 3033 instituit.
3092 2977 3224 3035 Nam
3259 2994 3382 3032 cum
3426 2980 3499 3033 ita
3541 2979 3628 3033 di-

2035 3063 2229 3129 xissel,
2282 3065 2568 3120 Dominum
2626 3065 2947 3123 Sadduca‘is
2999 3069 3336 3124 tentantibus
3396 3086 3628 3140 respon—

2035 3157 2224 3212 disse:
2257 3158 2361 3229 Qui
2413 3169 2697 3229 compotes
2737 3161 3164 3218 resurrectionis
3207 3169 3414 3224 essent,
3456 3178 3623 3232 ange-

2036 3249 2207 3303 lorum
2241 3250 2419 3306 instar
2449 3250 2667 3307 futuros
2693 3250 2746 3319 ⁸;
2778 3260 2903 3322 post
2936 3253 3041 3307 ista
3074 3254 3357 3320 subjunxit
3387 3273 3399 3307 :
3430 3255 3619 3324 Angeli

2034 3356 2198 3412 porro
2227 3343 2411 3397 carnis
2436 3352 2689 3414 expertes
2716 3345 2770 3398 in
2802 3360 3015 3398 sutmna
3046 3343 3301 3401 felicitate
3327 3346 3527 3414 degunt
3555 3361 3620 3402 ac

2033 3432 2230 3503 gloria.
2269 3431 2451 3499 Quare
2481 3442 2535 3489 et
2570 3450 2693 3499 nos,
2732 3451 2872 3505 quos
2905 3435 3109 3505 aequari
3143 3437 3349 3506 angelis
3382 3445 3620 3506 oportet,

2034 3539 2266 3580 necesse
2304 3534 2389 3583 est
2421 3527 2488 3583 ad
2521 3528 2771 3582 eumdem
2806 3530 3026 3583 modum
3061 3544 3228 3584 carne
3260 3529 3483 3584 nudari.
3513 3529 3626 3586 Nec

2037 3613 2193 3677 illud,
2238 3618 2443 3686 optime
2484 3618 2755 3682 virorum,
2801 3619 3193 3673 animadvertit
3222 3635 3370 3684 eum,
3420 3622 3514 3690 qui
3557 3630 3625 3675 ex

2034 3706 2207 3763 nihilo
2238 3708 2503 3761 mundum
2536 3708 2847 3773 fabricavit,
2881 3725 2945 3764 ac
2974 3712 3285 3776 constituit,
3320 3728 3427 3766 non
3459 3728 3627 3784 ange-

2034 3796 2102 3852 lis
2141 3799 2302 3852 modo
2334 3808 2387 3853 et
2421 3800 2766 3856 administris
2797 3803 2948 3868 suis,
2982 3804 3077 3857 sed
3112 3811 3167 3856 et
3197 3804 3622 3874 principatibus,

2032 3890 2246 3945 thronis
2319 3905 2384 3947 ac
2456 3893 2820 3961 potestatibus
2885 3895 3133 3949 eamdem
3192 3895 3623 3952 immortalitatis
3700 3942 3711 3953 .

2033 3981 2403 4036 conditionem
2430 3982 2711 4039 tribuisse.
2742 3983 2904 4038 Aliud
2928 3986 3073 4039 enim
3102 3996 3188 4041 est
3215 3986 3621 4057 principatuum

2032 4089 2238 4145 genus;
2270 4075 2421 4130 aliud
2456 4083 2809 4145 potestatum,
2852 4092 2918 4132 eo
2949 4078 3094 4148 quod
3125 4095 3236 4133 non
3280 4096 3424 4135 unus
3461 4080 3619 4143 ordo.

2033 4180 2134 4223 nec
2175 4181 2345 4219 unum
2377 4167 2545 4221 veluti
2580 4182 2781 4237 corpus
2812 4182 2877 4223 ac
2919 4168 3096 4224 tribus
3133 4170 3529 4226 immortalium
3568 4181 3624 4227 et

2034 4253 2239 4310 familia
2272 4255 2380 4323 sit;
2414 4256 2509 4312 sed
2545 4271 2806 4328 generum
2842 4273 2907 4313 ac
2938 4260 3086 4314 velut
3113 4262 3402 4315 nationum
3437 4262 3624 4316 divor-

2034 4349 2133 4404 tia.
2180 4347 2371 4420 Neque
2407 4350 2694 4408 cherubim
2730 4351 2898 4422 igitur
2942 4352 3011 4407 ab
3051 4362 3248 4408 natura
3298 4370 3396 4409 sua
3449 4355 3624 4411 desci-

260 4483 271 4493 ~
336 4456 786 4522 τασκευάζονται,
834 4459 963 4511 οὔτε
1006 4459 1086 4522 εἰς
1132 4458 1335 4529 ἑτέρων
1387 4459 1549 4513 πάλιν
1586 4461 1635 4513 οἰ
1686 4460 1925 4529 ἄγγελοι.

2036 4443 2245 4499 scentia
2279 4444 2335 4498 in
2365 4445 2682 4516 angelorum
2710 4446 3080 4502 conditionem
3111 4456 3419 4511 transeunt,
3446 4465 3624 4519 neque

339 4546 492 4605 Εἶναι
522 4548 630 4623 γὰρ
660 4549 803 4603 αὑτά
832 4553 937 4621 χρὴ
984 4549 1077 4603 καὶ
1108 4550 1137 4602 ὃ
1172 4551 1299 4612 εἰσι,
1333 4549 1427 4603 καὶ
1461 4549 1490 4602 ὃ
1519 4550 1828 4620 γεγόνασιν.
1866 4549 1931 4603 Εἰ

337 4642 449 4713 γάρ
497 4641 593 4694 καὶ
622 4642 650 4694 ὁ
692 4640 980 4706 ἄνθρωπος
1024 4640 1114 4693 τὸν
1159 4639 1361 4710 κόσμον
1393 4642 1582 4704 οἰκεῖν,
1614 4641 1707 4693 καὶ
1737 4639 1845 4694 τῶν
1874 4642 1931 4693 ὲν

337 4734 407 4787 αὖ
418 4731 489 4802 τῷ
517 4731 736 4784 πάντων
770 4729 1123 4802 ἡγεμονεύειν
1145 4729 1509 4793 κατασταθεὶς
1543 4730 1639 4801 τῆς
1668 4728 1726 4796 ἐξ
1754 4729 1932 4801 ἀρχῆς

338 4824 751 4894 διακοσμήσεως
782 4822 1052 4886 ἀθάνατος
1080 4821 1178 4890 ὢν,
1205 4822 1302 4876 τοῦ
1338 4817 1476 4875 εἶναι
1517 4820 1804 4892 ἄνθρῶπος
1836 4822 1929 4875 οὗ·

340 4933 471 4971 ποτε
524 4914 1031 4988 μεταϐληθήσεται,
1075 4913 1199 4967 οὔτε
1250 4914 1331 4976 εἰς
1375 4912 1474 4984 τὴν
1513 4910 1623 4964 τῶν
1656 4912 1925 4979 ἀγγέλων,

340 5009 464 5062 οὔτε
491 5011 570 5072 εἰς
599 5007 697 5079 τὴν
720 5006 830 5061 τῶν
854 5007 1056 5077 ἐτέρων
1095 5007 1334 5078 μορφήνο
1360 5005 1442 5059 ὅτι
1469 5003 1605 5075 μηδὲ
1629 5006 1677 5057 οἰ
1708 5003 1930 5073 ἄγγελοι

343 5102 422 5164 εἰς
453 5100 552 5170 τὴν
581 5099 758 5153 ἄλλων
785 5097 887 5170 τῆς
930 5097 991 5163 ἐξ
1019 5099 1198 5171 ἀρχῆς
1245 5097 1390 5160 ἰδέας
1423 5094 1928 5168 μετακοσμούμενοι

347 5190 796 5264 μεταϐάλλονται.

418 5395 431 5427 ε
468 5391 485 5444 1
518 5391 647 5446 Cor.
670 5404 792 5454 xm,
824 5390 911 5443 11.

441 5551 532 5621 39)
569 5547 906 5621 Ἐσομένῃς
933 5543 1198 5621 τὰρ-καὶ.
1209 5542 1362 5614 μετὰ
1401 5541 1636 5621 conitor.
1666 5538 1791 5621 _l_iicr
1814 5555 1939 5609 per-

350 5611 540 5693 spicue
573 5611 1018 5693 post'judieitim
1054 5611 1548 5693 ltoutiiiesterrant
1591 5611 1936 5666 habitaturos

353 5683 590 5749 asserit,-
615 5683 818 5744 non'ut
853 5686 1136 5742 Cltiliastze
1168 5683 1235 5738 ad
1287 5683 1783 5752 aliquotdnntaxat
1830 5697 1935 5734 sae-

356 5765 501 5823 cula.
531 5776 610 5815 sic
643 5769 701 5814 ut
738 5760 955 5813 interim
986 5769 1241 5828 suprema
1280 5755 1372 5807 illa
1404 5753 1684 5819 fclicitale,
1723 5752 1822 5805 hor
1851 5761 1932 5805 est

989 5389 1010 5419 ²
1034 5386 1181 5443 Psal.
1213 5401 1333 5450 cm,
1367 5386 1457 5440 50.
1533 5385 1556 5418 ³
1585 5383 1753 5439 Marc.
1787 5399 1885 5449 xu,
1916 5384 2007 5439 ‘25.

2032 4544 2228 4592 contra
2263 4538 2497 4593 aliorum
2548 4539 2606 4592 in
2656 4547 2907 4593 naturam
2960 4540 3137 4609 angeli
3189 4551 3620 4597 commutantur.

2034 4630 2248 4702 Quippe
2281 4630 2429 4700 quod
2461 4637 2516 4685 et
2547 4638 2696 4690 sunt,
2721 4641 2775 4684 et
2809 4630 3121 4699 cujusmodi
3157 4634 3427 4701 producta
3466 4644 3616 4695 sunt.

2033 4737 2156 4777 esse
2178 4722 2267 4775 illa
2291 4735 2519 4775 necesse
2539 4727 2642 4774 est.
2674 4718 2886 4773 Etenim
2909 4722 2954 4775 si
2976 4729 3030 4774 et
3052 4720 3237 4785 homo,
3261 4722 3353 4792 qui
3389 4730 3448 4775 ut
3479 4722 3625 4778 hunc

2033 4811 2297 4866 mundum
2359 4811 2652 4877 habitaret,
2686 4813 3052 4883 omnibusque
3082 4813 3174 4881 qui
3223 4814 3279 4867 in
3343 4828 3409 4869 eo
3472 4822 3623 4878 sunt,

2037 4910 2319 4972 praeesset,
2340 4917 2406 4957 ex
2431 4902 2607 4972 prima
2632 4901 2995 4971 dispositione
3016 4903 3355 4958 constitutus
3374 4911 3479 4967 est,
3498 4919 3623 4957 cum

2038 4996 2109 5049 sit
2129 4995 2477 5061 immortalis,
2503 5009 2781 5067 nunquam
2816 4995 2871 5049 in
2901 4995 3243 5067 angelorum,
3274 5004 3368 5049 aut
3398 4996 3626 5051 alterius

2039 5086 2335 5156 cujuslibet
2385 5086 2618 5142 formam
2679 5103 2747 5142 ex
2800 5087 3021 5143 homine
3062 5087 3466 5142 convertendus
3502 5095 3620 5151 est;

2041 5190 2192 5237 certe
2246 5197 2367 5245 nec,
2412 5181 2594 5253 angeli
2623 5181 2692 5237 ab
2721 5197 2807 5245 ea,
2858 5196 3023 5252 quam
3076 5181 3234 5236 initio
3262 5181 3439 5237 sortiti
3473 5190 3622 5242 sunt,

2042 5275 2221 5343 Specie
2255 5289 2318 5329 ae
2372 5285 2568 5330 natura
2613 5272 2999 5330 transformari
3029 5273 3340 5344 mutarique
3371 5280 3623 5344 possunt.

2047 5552 2273 5611 aspectu
2303 5541 2394 5595 Dei
2420 5547 2703 5606 carerent;
2733 5555 2921 5593 verum
2946 5546 3003 5592 nt
3031 5547 3084 5591 et
3110 5545 3372 5611 perpetuo
3403 5536 3455 5590 in
3480 5544 3625 5611 terra

2046 5608 2326 5683 «li-gerent.
2363 5618 2419 5665 et
2455 5625 2668 5666 sumina
2721 5611 3079 5664 nihilominus
3112 5608 3229 5664 illis
3280 5625 3342 5663 ac
3387 5608 3626 5678 perfecta

2045 5682 2301 5740 beatitate
2335 5682 2670 5739 fruerentur.
