3794 6140
250 314 387 368 “9.5

316 429 383 483 Et
409 443 534 484 vero
560 426 808 484 Christus
832 423 1130 480 adveniens
1158 439 1270 479 non
1298 424 1352 478 in
1379 422 1605 478 alteram
1635 428 1823 478 demu-
1852 433 1897 484 Α

244 522 349 576 tari
374 520 626 588 vertique
655 527 906 572 naturam
936 515 1172 571 hominis
1202 522 1457 586 Oportere
1488 511 1826 583 praedicavit,

246 609 344 665 sed
378 610 431 662 in
467 609 518 663 id
556 606 737 663 redire
762 607 1052 685 duntaxat,
1086 605 1235 676 quod
1270 605 1426 660 initio
1453 602 1650 666 fuerat,
1682 610 1831 656 ante-

245 715 410 769 quam
448 698 743 765 excideret,
779 705 894 754 tum
925 712 1050 752 eum
1090 705 1237 752 esset
1270 696 1619 751 immortalis.
1652 692 1832 762 Siqui-

244 789 368 846 dem
388 805 611 845 necesse
637 798 720 844 est
746 790 1176 860 unumquodque
1191 802 1401 853 eorum,
1421 804 1540 859 quae
1563 788 1830 856 producta

244 891 393 945 sunt,
432 882 487 935 in
525 883 745 953 prepria
787 889 996 936 naturae
1028 896 1143 938 suae
1183 879 1360 935 forma
1409 895 1474 934 ac
1518 878 1833 932 conditione

244 984 590 1043 permanere,
633 980 693 1026 ut
730 973 987 1028 omnibus
1019 971 1205 1025 omnia
1242 971 1625 1042 compleantur
1659 988 1672 1024 :
1704 979 1832 1039 puta

247 1064 502 1119 cmlestes
547 1064 752 1133 angelis
799 1064 982 1128 orbes,
1024 1062 1203 1116 throni
1245 1062 1628 1132 potestatibus,
1666 1060 1835 1113 admi-

255 1154 451 1209 nistris
489 1154 730 1220 lumina;
763 1154 1060 1209 diviniores
1083 1167 1250 1223 porro
1284 1152 1466 1219 sedes,
1500 1151 1834 1207 sinceriore-

248 1260 357 1314 que
392 1244 599 1297 lumina
632 1244 979 1313 seraphimis,
1017 1245 1111 1314 qui
1153 1259 1381 1299 summa:
1422 1244 1497 1297 illi
1540 1243 1832 1314 providen-

250 1336 359 1395 tiae.
392 1351 497 1405 qua
533 1335 713 1389 omnia
748 1338 1120 1401 continentur,
1168 1338 1315 1391 velut
1351 1336 1695 1406 apparitores
1739 1350 1829 1389 as-

246 1426 475 1482 sistunt.
529 1425 762 1481 Mundus
803 1426 1041 1497 denique
1086 1427 1423 1487 hominibus.
1468 1426 1627 1497 557
1663 1425 1829 1495 Atqui

251 1517 300 1572 si
336 1517 389 1570 in
419 1518 641 1587 angelos
682 1518 882 1571 mutari
912 1517 1164 1573 homines
1193 1518 1656 1575 concesserimus.
1695 1532 1831 1572 con-

247 1622 488 1677 sequens
531 1616 616 1663 est
650 1616 708 1661 ut
736 1616 789 1662 et
824 1609 1046 1679 angelos
1089 1609 1145 1663 in
1188 1615 1505 1678 potestates,
1547 1615 1602 1662 et
1635 1608 1735 1662 has
1774 1608 1828 1660 in

1654 306 1712 361 S.
1757 302 2094 360 EPlPllANll

3382 304 3535 359 ιτεε

2007 423 2064 476 Ὀ
2095 422 2203 494 γὰρ
2229 420 2462 493 Χριστὸς
2493 415 2629 493 ἧκεν
2662 418 2760 474 οὐκ
2794 422 2875 481 εἰς
2901 422 3088 493 ἑτέραν
3119 421 3526 492 μεταπλασθῆ-

1931 532 2020 567 ναι
2054 514 2347 585 κηρύσσων
2368 553 2382 578 ,
2419 513 2451 583 ἦ
2488 512 2998 584 μετασκευασθῆναι
3044 511 3142 582 τὴν
3175 510 3539 583 ἀνθρωπείαν

1933 605 2125 676 φύσιν,
2169 604 2304 659 ἀλλά
2362 606 2443 669 εἰς
2474 604 2503 657 ὃ
2545 599 2612 675 ἦν
2652 603 2710 669 ἐξ
2754 604 2929 676 ἀρχῆς
2973 602 3081 676 πρὸ
3121 602 3216 657 τοῦ
3263 602 3538 655 ἐκπεσεῖν

1933 697 2200 760 ἀθάνατος
2231 695 2328 752 ὢν.
2355 696 2475 767 Χρὴ
2506 694 2614 768 γάρ
2646 696 2703 747 ὲν
2740 694 2819 763 τῷ
2864 695 2977 766 ἰδίῳ
3006 697 3106 766 τῆς
3128 693 3296 758 ἕξεως
3331 690 3540 746 ἑαυτοῦ

1933 787 2088 857 τύπῳ
2119 786 2228 839 τῶν
2261 785 2504 856 γενητῶν
2551 785 2779 838 ἕκαστον
2818 783 3021 855 μένειν,
3063 784 3152 838 ἵνα
3175 784 3362 838 πάντα
3393 781 3542 836 πάν-

1934 895 2042 931 των
2071 872 2174 931 ὧσι
2206 876 2632 947 πεπληρωμένα,
2659 876 2877 946 οὐρανοὶ
2906 876 3002 945 μὲν
3041 875 3312 944 ἀγγέλων,
3348 873 3543 945 θρόνοι

1933 966 1990 1022 δὲ
2020 967 2312 1034 ἐξουσιῶν,
2356 967 2511 1035 φῶτα
2556 967 2614 1019 δὲ
2646 966 3009 1038 λειτουργῶν
3045 968 3137 1019 καὶ
3167 967 3217 1018 οἱ
3257 965 3542 1036 θειότεροι

1934 1060 2115 1126 τόποι,
2149 1058 2242 1112 καὶ
2274 1058 2345 1111 τά
2374 1059 2647 1130 ἀκραιφνῆ
2678 1058 2832 1128 φῶτα
2858 1056 2968 1111 τῶν
2995 1058 3257 1128 σεραφὶμ,
3287 1055 3326 1110 ἀ
3391 1073 3544 1125 παρ-

1933 1151 2194 1220 εστήκασι
2215 1151 2280 1220 τῇ
2322 1148 2535 1220 μεγάλῃ
2567 1147 2727 1219 βουλῇ
2763 1146 3127 1218 διακρατούσῃ
3152 1145 3213 1199 τὸ
3242 1147 3379 1199 πάνθ
3412 1147 3443 1197 ὁ
3474 1144 3537 1198 δὲ

1935 1240 2140 1310 κόσμος
2182 1237 2511 1311 ἀνθρώπων.
2577 1239 2700 1290 Ἐὰν
2745 1238 2801 1292 δὲ
2863 1236 3294 1309 μεταϐάλλεσθαι
3345 1236 3542 1304 δῶμεν

1929 1330 2056 1393 τοὺς
2073 1328 2391 1400 ἀνθρώπους
2414 1330 2494 1392 εἰς
2513 1329 2798 1397 ἀγγέλους,
2824 1327 2940 1400 ὥρα
2970 1326 3413 1398 μεταϐάλλεσθαι
3443 1327 3542 1379 λέ-

1935 1438 2054 1490 γειν
2083 1421 2179 1474 καὶ
2209 1420 2336 1485 τοὺς
2364 1419 2630 1489 ἀγγέλους
2660 1422 2737 1484 εἰς
2784 1419 3047 1484 ἐξουσίας,
3088 1420 3184 1473 καὶ
3213 1418 3427 1481 ταύτας
3449 1419 3541 1482 εἰς

1937 1513 2065 1568 ἀλλο
2097 1510 2368 1578 miluo,
2409 1511 2518 1565 ἐστ’
2556 1511 2622 1565 ἂν
2654 1514 2682 1565 ὁ
2723 1511 2879 1581 λόγος
2916 1510 3123 1575 ἀναϐὰς
3162 1512 3244 1575 εἰς
3280 1511 3541 1565 κίνδυνον

1939 1604 2155 1676 ἐμπέσῃ
2168 1642 2182 1656 .
2664 1599 2677 1615 ⁵

246 1700 395 1753 aliud
421 1707 583 1770 atque
605 1700 758 1756 aliud
791 1704 1030 1758 transire
1058 1702 1329 1770 dicamus,
1360 1702 1535 1757 donec
1565 1703 1633 1757 ad
1658 1701 1943 1772 superiora
1973 1714 2155 1755 sermo
2182 1698 2538 1771 progrediens
2571 1697 2942 1768 periculosius
2968 1696 3303 1767 implicetur.

318 1791 557 1848 XXXIV.
610 1793 797 1864 Neque
843 1810 971 1850 vero
1025 1796 1173 1865 quod
1215 1797 1364 1851 velut
1409 1795 1609 1850 malum
1652 1795 1828 1850 homi-

2008 1795 2130 1846 AA’.
2155 1793 2296 1846 Ἀλλ’
2323 1791 2446 1844 οὔτε
2470 1791 2546 1855 ὡς
2572 1791 2773 1859 φαῦλον
2802 1791 3204 1861 τεκτηνάμενος
3229 1793 3259 1843 ό
3278 1789 3417 1853 Θεὸς
3438 1790 3537 1843 τὸν

245 1894 373 1936 nem
397 1883 752 1938 fabricaverit
779 1884 947 1949 Deus,
973 1894 1067 1939 aut
1093 1886 1145 1939 in
1170 1900 1235 1939 eo
1263 1885 1513 1956 ﬁngendo
1539 1886 1829 1952 aberrarit,

249 1977 502 2043 angelum
555 1985 741 2047 postea
800 1975 979 2032 facere
1015 1979 1165 2033 illum
1211 1979 1415 2045 voluit,
1462 1979 1617 2048 quasi
1653 1980 1831 2050 ipsum

249 2065 642 2121 vilissimorum
692 2066 949 2137 opiﬁcum
1002 2069 1177 2123 instar
1218 2070 1542 2140 pmnitentia
1574 2071 1829 2141 cepisset.

248 2153 435 2225 Neque
477 2172 602 2212 cum
640 2160 892 2229 angelum
932 2159 1201 2230 principio
1231 2159 1412 2216 facere
1433 2162 1829 2228 constituisset,

248 2262 427 2327 neque
475 2247 530 2302 id
586 2257 730 2303 esset
790 2261 1109 2318 assecutus,
1177 2252 1450 2307 hominem
1502 2256 1829 2324 procreavit.

248 2335 483 2392 Nimium
524 2338 669 2393 istud
705 2340 1036 2395 imbecillum
1071 2351 1172 2398 est.
1217 2343 1330 2398 Cur
1356 2345 1525 2417 igitur
1555 2346 1830 2400 hominem

252 2429 504 2495 faciebat,
533 2446 642 2486 non
674 2432 951 2505 angelum,
980 2434 1025 2488 si
1051 2436 1302 2506 angelum
1333 2438 1607 2493 hominem
1632 2438 1830 2506 facere,

251 2536 361 2575 non
407 2521 683 2577 hominem
751 2524 1066 2592 cogitabat?
1115 2526 1197 2580 An
1252 2528 1379 2598 quia
1425 2543 1534 2582 non
1583 2520 1837 2599 poterat‘.i

250 2610 722 2667 Contumeliosum
744 2614 892 2668 istud
914 2624 970 2668 et
993 2616 1216 2686 impium
1251 2626 1353 2674 est.
1378 2619 1461 2673 An
1485 2620 1540 2674 in
1564 2622 1834 2680 deteriore

253 2711 555 2773 occupatus
589 2705 733 2775 quod
771 2707 1125 2776 praestantius
1168 2720 1251 2763 est
1287 2709 1610 2779 ditl‘erebat?
1641 2713 1738 2769 Est
1777 2723 1832 2769 et

255 2794 391 2849 illud
423 2796 843 2866 perabsurdum.
890 2797 1077 2870 Neque
1109 2800 1252 2854 enim
1288 2802 1340 2855 in
1389 2803 1662 2858 moliendo
1687 2805 1832 2859 bono

254 2888 340 2942 vel
363 2889 582 2943 aberrat
616 2888 790 2954 Deus,
828 2892 915 2946 vel
960 2892 1016 2945 in
1066 2892 1212 2946 aliud
1246 2905 1460 2966 tempus
1506 2896 1702 2964 rejicit,
1750 2898 1832 2951 vel

252 2978 553 3034 destitutus
591 2980 800 3035 viribus
834 2986 939 3044 est,
971 2981 1066 3037 sed
1105 2990 1159 3037 et
1192 2991 1469 3054 utcunque
1507 2986 1745 3051 libuerit,
1780 2996 1833 3041 et

1932 1884 2240 1956 ἄνθρωπον,
2264 1880 2298 1955 ἢ
2325 1885 2706 1955 διαμαρτὴσας
2734 1882 2897 1937 αὑτοῦ⁹
2923 1882 3050 1953 περὶ
3075 1882 3173 1953 τὴν
3201 1881 3527 1945 διάπλασιν,

1932 1976 2159 2046 ἄγγελον
2193 1975 2352 2029 αὐτὸν
2393 1975 2517 2029 ὖστε
2530 1991 2619 2046 ρον
2644 1975 2903 2045 ἐπενόησε
2924 1975 3166 2044 ποιῆσαι,
3200 1975 3531 2043 μεταγνοὺς,

1930 2069 2121 2140 ὥσπερ
2156 2070 2204 2122 οἱ
2236 2058 2559 2138 φαυλότατοι
2587 2067 2693 2120 τῶν
2729 2066 3096 2138 δημιουργῶν·
3139 2064 3262 2119 οὔτε
3293 2067 3535 2135 ἀγγεὶον

1933 2162 2052 2215 κατ’
2089 2158 2263 2231 ἀρχὰς
2307 2159 2539 2229 θελήσας
2587 2160 2834 2231 ποιῆσαι,
2876 2157 2972 2211 καὶ
3015 2158 3089 2227 μὴ
3118 2157 3393 2226 δυνηθεὶς,
3436 2157 3536 2211 6w.

1933 2251 2150 2323 θρωπον
2180 2250 2429 2303 ἔπλασεν.
2458 2249 2711 2312 Ἀσθενὲς
2742 2247 2903 2304 τοῦτο
2934 2248 3063 2319 γάρ.
3102 2247 3167 2299 Τί
3188 2247 3250 2318 δή
3278 2264 3411 2300 ποτε
3434 2244 3534 2300 οἷν

1933 2343 2023 2397 τὸν
2054 2342 2342 2414 ἄνθρωπον
2373 2340 2566 2405 ἐποίει,
2593 2341 2687 2393 καὶ
2716 2336 2817 2394 οὐκ
2851 2339 3102 2408 ἄγγελον,
3143 2338 3259 2406 εἴγε
3292 2338 3533 2407 ἄγγελον

1933 2437 2022 2490 τὸν
2051 2436 2360 2508 ἄνθρωπον,
2392 2436 2487 2489 καὶ
2510 2437 2610 2488 οὐκ
2636 2435 2923 2506 ἄνθρωπον
2951 2431 3200 2502 γενέσθαι
3226 2432 3528 2503 ἠθέλησενς

1926 2528 2034 2592 ,Ὧς
2079 2529 2138 2581 οὐ
2188 2527 2520 2597 δυνάμενοςς
2574 2526 2927 2597 Βλάσφημον.
2982 2523 3147 2577 Ἀλλὰ
3196 2522 3535 2576 ἀνεϐάλλετο

1936 2620 2064 2691 περὶ
2094 2618 2188 2672 τοῦ
2222 2618 2533 2690 κρείττονος
2555 2618 2616 2671 τὸ
2645 2620 2828 2688 χεῖρον
2851 2614 3054 2680 ποιῶν;
3080 2615 3193 2667 Καὶ
3206 2612 3381 2666 τοῦτο
3402 2613 3532 2665 ἄτο-

1935 2698 2055 2763 πον.
2088 2709 2227 2763 Οὔτε
2250 2708 2358 2782 γάρ
2379 2707 2765 2777 διασφάλλεται
2796 2708 2923 2779 περὶ
2954 2707 3014 2760 τὸ
3047 2710 3220 2760 ποιεῖν
3246 2706 3311 2760 τὸ
3331 2707 3527 2765 καλὸν,

1935 2799 2055 2853 οὔτε
2091 2798 2472 2861 ἀναϐάλλεται,
2509 2797 2633 2851 οὒτε
2664 2797 2940 2851 ἀδυνατεῖ·
2964 2795 3100 2851 ἀλλά
3126 2793 3221 2849 καὶ
3250 2796 3328 2859 ὡς
3354 2795 3528 2862 θέλει,

1936 2890 2031 2944 ml.
2058 2892 2146 2943 ὅτε
2177 2889 2323 2942 θέλει
2352 2890 2413 2942 τὸ
2439 2888 2698 2942 δύνασθαι
2739 2888 2849 2958 ἔχει
2894 2887 3123 2957 δύναμις
3170 2884 3269 2940 ὢν.
3310 2886 3532 2941 Οὐκοῦν

1938 2978 2077 3035 εἶναι
2093 2980 2183 3036 τὸν
2206 2981 2490 3051 ἄνθρωπον
2506 2980 2790 3051 ἄνθρωπον
2815 2979 2982 3032 θέλων
3001 2978 3059 3042 ἐξ
3087 2976 3265 3050 ἀρχῆς
3282 2976 3529 3030 ἔκτισεν..

255 3068 477 3138 quando
500 3068 740 3137 libuerit,
778 3072 970 3142 agendi
1003 3079 1270 3143 potestate
1298 3048 1557 3142 prsrditus
1578 3089 1682 3143 εει,
1709 3048 1828 3133 cum

2095 3072 2284 3137 θέλων,
2299 3048 2441 3125 θέλει
2457 3072 2512 3126 δὲ
2528 3072 2588 3125 τι
2611 3048 2796 3136 καλὸν,
2810 3070 2969 3126 καλὸν
2986 3071 3083 3141 res
3104 3048 3415 3143 ἄνθρωπος,
3445 3073 3535 3126 5v-

253 3157 328 3212 sit
355 3158 472 3228 ipsa
506 3159 766 3228 potentia.
800 3160 1167 3227 Quamobrem
1202 3163 1475 3219 hominem
1505 3182 1628 3221 esse
1659 3168 1837 3222 homi-

254 3263 378 3304 nem
407 3248 596 3305 volens
622 3251 777 3304 initio
811 3253 1089 3320 produxit.
1136 3253 1290 3320 Quod
1325 3256 1371 3311 si
1397 3259 1449 3312 id
1476 3260 1663 3314 volens
1690 3260 1836 3326 fecit,

252 3342 568 3396 vultautem
596 3341 741 3411 quod
781 3342 982 3398 bonum
1008 3352 1124 3409 est,
1152 3347 1314 3401 homo
1345 3365 1471 3403 vero
1494 3351 1698 3405 bonum
1728 3362 1833 3418 est,

257 3431 509 3502 idemque
562 3448 628 3487 ex
686 3434 868 3488 anima
947 3445 1162 3492 constat
1199 3446 1252 3492 et
1295 3454 1541 3510 corpore,
1586 3445 1836 3515 sequitur

257 3523 482 3578 minime
515 3530 666 3577 extra
696 3539 898 3593 corpus
932 3526 1209 3582 hominem
1241 3528 1390 3598 fore;
1430 3532 1525 3587 sed
1559 3548 1683 3587 cum
1710 3550 1832 3589 eor-

257 3626 409 3682 pore,
452 3628 520 3667 ne
566 3613 707 3668 alius
742 3624 935 3684 praeter
971 3616 1244 3673 hominem
1279 3621 1442 3676 homo
1476 3624 1827 3693 producatur.

256 3697 409 3768 Opus
453 3699 597 3754 enim
642 3708 726 3755 est
770 3703 846 3755 uti
893 3702 1002 3759 Deo
1036 3705 1365 3764 innnortalia
1411 3716 1611 3781 genera
1651 3717 1833 3770 omnia

257 3800 562 3845 serventur.
604 3790 813 3847 Creavit
844 3796 981 3849 enim
1017 3799 1117 3868 {ait
1151 3798 1453 3872 Sapientia)
1487 3804 1746 3860 hominem
1780 3808 1834 3861 in

256 3884 689 3952 incorruptione;
746 3885 816 3938 ad
858 3888 1142 3958 imaginem
1190 3893 1505 3946 wternitalis
1553 3911 1665 3949 rure
1712 3895 1832 3965 fecit

1933 3164 2150 3237 θρωπος
2175 3164 2231 3217 δὲ
2263 3164 2323 3216 τὸ
2348 3166 2412 3217 ὲκ
2450 3163 2630 3234 ψυχῆς
2670 3164 2765 3217 καὶ
2802 3162 3050 3234 σώματος
3091 3161 3308 3231 λέγεται
3342 3180 3538 3217 συντε-

1933 3256 2045 3309 θένο
2087 3258 2188 3310 οὐκ
2217 3256 2367 3309 ἔσται
2400 3256 2509 3326 ἄρα
2543 3255 2698 3319 ἐκτὸς
2725 3255 2974 3326 σώματος
2999 3258 3026 3309 ὁ
3053 3255 3359 3325 ἄνθρωπος.
3392 3256 3534 3308 ἀλλὰ

1936 3350 2073 3420 μετά
2100 3348 2373 3421 σώματος,
2410 3350 2495 3402 ἵνα
2534 3349 2607 3420 μὴ
2636 3349 2792 3413 ἄλλος
2817 3349 3100 3421 ἄνθρωπος
3132 3349 3285 3420 παρὰ
3316 3351 3413 3403 τὸν
3439 3353 3535 3404 ἇν-

1932 3440 2150 3512 θρωπον
2175 3440 2428 3511 γεννηθῇ.
2477 3441 2567 3492 Δεῖ
2606 3440 2713 3511 γάρ
2741 3440 2820 3512 τῷ
2865 3440 2984 3511 Θεῷ
3012 3441 3079 3493 τά
3106 3440 3352 3494 ἀθάνατα
3389 3443 3535 3509 γένη

1928 3530 2107 3584 πάντα
2140 3530 2426 3594 σώζεσθαι.
2480 3532 2723 3584 "Extitre
2770 3530 2901 3600 γὰρ,
2929 3531 3153 3602 φησὶνή
3185 3531 3377 3598 Σοφία,
3422 3535 3537 3584 tfr

1938 3619 2252 3688 ἄνθρωπον
2284 3622 2316 3672 ό
2357 3619 2501 3687 Θεὸς
2524 3620 2622 3673 ἐπὶ
2651 3621 2974 3689 ἀφθαρσίᾳ,
3010 3621 3106 3675 καὶ
3137 3622 3345 3675 εἰκόνα
3368 3621 3391 3652 ³
3423 3621 3536 3686 τῆς

1942 3711 2096 3777 ιδίας
2146 3710 2478 3778 ἀιδιότητος
2507 3711 2800 3778 ἐποίησεν
2832 3712 3035 3766 αὐτόν.
3073 3713 3187 3765 Οὐκ
3214 3711 3324 3782 ἄρα
3352 3714 3532 3765 ἀπόλ-

1940 3803 2094 3855 λυται
2136 3802 2198 3854 τὸ
2249 3802 2440 3873 σῶμαο
2501 3804 2531 3856 ό
2584 3802 2693 3871 γὰρ
2739 3803 3025 3876 ἄνθρωπος
3074 3805 3139 3857 ὲκ
3191 3804 3375 3875 ψυχῆς
3433 3805 3535 3858 καὶ

1943 3893 2222 3965 σώματος.

257 3971 410 4025 illum
441 3971 481 4025 ⁸.
518 3971 732 4042 Corpus
779 3974 961 4045 itaque
981 3994 1090 4031 non
1133 3994 1361 4048 prorsus
1407 3982 1797 4054 exstinguitur,
1848 4000 1973 4041 cum
2008 3984 2170 4037 homo
2198 3999 2263 4038 ex
2285 3997 2516 4053 corpore
2551 3984 2839 4055 animaque
2868 3987 3156 4040 coalescat.

329 4058 543 4115 XXXV.
570 4064 645 4117 Ae
674 4066 815 4129 vide,
847 4082 1052 4136 quaeso,
1077 4072 1532 4140 quemadmodum
1570 4074 1832 4134 Dominus

257 4155 446 4211 eadem
474 4155 563 4209 illa
588 4157 803 4214 tradere
825 4160 1141 4217 Sadduczeis
1164 4167 1618 4221 resurrectionem
1646 4171 1831 4227 carnis

259 4246 633 4302 inﬁciantibus
676 4250 926 4306 voluerit.
961 4252 1057 4306 Est
1085 4254 1230 4307 enim
1265 4255 1367 4309 hoc
1403 4255 1828 4315 Saulduczeorum

2006 4073 2129 4130 AE'.
2168 4076 2258 4130 Διὸ
2290 4075 2602 4147 ἐπίστησον,
2647 4076 2722 4139 ὡς
2763 4078 2792 4129 ὁ
2828 4077 3026 4148 Κύριος
3065 4077 3131 4130 τὰ
3165 4078 3306 4131 αὑτά
3344 4081 3526 4137 ταῦτα

1935 4167 2206 4221 διδάσκειν
2251 4166 2439 4230 θέλων,
2491 4167 2565 4239 μὴ
2617 4168 2983 4222 πιστευόντων
3022 4169 3393 4225 Σαδδουκαίων
3443 4180 3527 4239 εἰς

1935 4257 2032 4330 τὴν
2061 4257 2356 4312 ἀνάστασιν
2389 4258 2489 4329 τῆς
2518 4259 2738 4330 σαρκός.
2770 4261 2956 4331 Δόγμα
2984 4261 3092 4331 γὰρ
3112 4261 3271 4315 τοῦτο
3294 4265 3528 4319 Σαδδου-

258 4339 475 4405 dogtna.
506 4335 658 4390 Unde
684 4338 913 4392 conficta
936 4340 1029 4423 illa
1054 4342 1120 4396 de
1150 4345 1397 4406 muliere,
1427 4347 1600 4416 deque
1624 4360 1827 4417 septem

2012 4351 2124 4403 ξων.
2160 4350 2320 4404 Ὅθεν
2353 4353 2819 4421 συσκευασάμενοι
2856 4352 2952 4421 τὴν
2982 4353 3122 4405 κατὰ
3152 4353 3252 4425 τὴν
3276 4359 3521 4422 γυναῖκα

260 4425 525 4479 tratribus
577 4427 863 4497 parabole,
896 4420 1056 4499 quam
1106 4430 1365 4488 adversus
1410 4439 1833 4495 resurrectionis

259 4530 548 4584 corporum
581 4516 772 4587 dogma
803 4531 1207 4590 proponerent:
1240 4528 1579 4582 Accesserant
1605 4530 1673 4583 ad
1688 4548 1829 4597 eum,

259 4607 465 4677 inquit,
502 4618 551 4662 et
604 4609 916 4678 Saddtrccei,
953 4614 1182 4671 dicentes
1236 4624 1672 4678 resurrectionem
1729 4642 1829 4680 non

257 4715 371 4754 esse
405 4702 447 4755 ².
480 4699 714 4756 Proinde
740 4702 1013 4770 Christus,
1038 4708 1083 4760 si
1109 4708 1256 4762 nulla
1277 4713 1460 4767 carnis
1481 4724 1628 4770 esset
1656 4731 1834 4771 resur-

260 4790 451 4853 rectio,
481 4791 575 4845 sed
616 4795 794 4848 anima
826 4796 1093 4853 duntaxat
1123 4802 1353 4858 salutem
1380 4818 1828 4877 consequeretur,

259 4879 370 4935 illis
408 4882 620 4949 utique,
652 4894 839 4955 utpote
873 4897 1021 4945 recte
1048 4906 1112 4947 ac
1155 4897 1414 4963 praeclare
1444 4899 1829 4965 sentientibus,

259 4986 414 5025 suam
466 4976 843 5032 auctoritatem
893 4981 1233 5053 adjungeret.
1285 4986 1447 5057 Atqui
1496 4992 1601 5043 alia
1646 4994 1829 5046 omnia

258 5062 575 5130 respondit;
599 5073 684 5119 et:
711 5066 775 5120 In
803 5072 1202 5135 resurrectione.
1226 5075 1418 5144 inquit.
1450 5094 1608 5146 neque
1631 5077 1829 5132 ducunt

258 5166 469 5219 uxores,
509 5170 670 5224 neque
704 5158 944 5222 nubunt;
995 5162 1086 5216 sed
1116 5173 1173 5216 ut
1207 5165 1380 5236 angeli
1419 5167 1472 5220 in
1512 5168 1640 5221 ca'lo
1679 5180 1822 5222 sunt.

256 5240 374 5297 Non
404 5247 549 5313 quod
584 5262 804 5319 carnem
843 5253 1076 5322 amplius
1119 5271 1227 5310 non
1261 5258 1515 5322 habeant,
1550 5260 1642 5315 sed
1681 5262 1825 5331 quod

258 5337 707 5405 nuptias'mutuo
737 5344 916 5399 nullas
944 5349 1304 5416 contrahant;
1352 5350 1515 5421 558
1551 5353 1643 5407 sed
1681 5355 1827 5407 deiu-

258 5439 385 5493 ceps
413 5432 733 5498 corruptela:
766 5444 893 5488 sunt
934 5438 1111 5491 omnis
1144 5448 1413 5509 expertes.
1453 5441 1517 5495 Et
1549 5441 1697 5496 addit
1727 5460 1827 5499 nos

260 5514 363 5568 hac
399 5518 454 5569 in
490 5530 641 5587 parte
675 5524 992 5592 angelorum
1032 5543 1153 5582 esse
1189 5531 1420 5596 similes,
1472 5539 1531 5585 ut
1565 5532 1827 5598 quemad-

336 5666 354 5697 ¹
382 5666 510 5733 Sap.
544 5685 602 5736 ιι,
628 5673 716 5726 25.
795 5679 813 5707 ⁸
847 5676 1034 5760 Matth.
1072 5697 1203 5746 xin,
1233 5682 1303 5735 23

1402 5684 1419 5714 ³
1457 5683 1515 5736 F.
1550 5686 1669 5739 κατ’
1705 5688 1906 5741 εἰκόνα.

1931 4441 2024 4494 καὶ
2065 4441 2192 4503 τοὺς
2235 4440 2375 4493 έπτά
2419 4440 2678 4510 ἀδελφοὺς
2725 4441 3058 4512 παραϐολὴν,
3113 4443 3203 4496 ἴνα
3246 4444 3341 4497 τὸν
3385 4449 3519 4518 περὶ

1930 4533 2280 4595 ἀναστάσεως
2302 4533 2399 4599 τῆς
2434 4532 2634 4604 σαρκὸς
2658 4532 2817 4601 λόγον
2856 4533 3197 4603 ἀπορήσωσι,
3228 4535 3518 4604 Προσῆλ-

1931 4626 2039 4677 θον
2059 4621 2239 4689 αὐτῷ,
2273 4623 2425 4691 φησι,
2473 4622 2569 4676 καὶ
2601 4623 3010 4685 Σαδδουκαῖοι,
3047 4624 3332 4693 λέγοντες
3361 4629 3516 4682 ἀνά-

1930 4731 2154 4769 στασιν
2175 4714 2261 4785 μὴ
2296 4716 2466 4768 εἶναι.
2502 4716 2560 4767 '0
2590 4711 2682 4769 οὖν
2716 4715 2968 4785 Χριστὸς,
2999 4718 3047 4769 εἰ
3075 4716 3150 4787 μὴ
3175 4713 3243 4788 ἦν
3269 4718 3515 4773 ἀνάστα»

1928 4824 2012 4869 σις
2051 4805 2274 4877 σαρκὸς,
2317 4804 2452 4857 ἀλλά
2492 4805 2653 4876 μόνον
2684 4804 2916 4871 ἐσώζετο
2945 4806 3112 4878 ψυχὴ,
3153 4807 3403 4863 συνέθετο
3442 4810 3516 4866 ἂν

1923 4897 2128 4959 αὐτοῖς,
2159 4896 2235 4959 ὡς
2265 4896 2444 4959 καλῶς
2473 4896 2564 4948 καὶ
2595 4894 2771 4967 ὀρθῶς
2802 4894 3076 4968 φρονοῦσι.
3118 4896 3257 4951 Νυνὶ
3278 4897 3337 4950 δὲ
3367 4900 3510 4952 ἀπο-

1924 4987 2189 5059 κρίνεται,
2214 4986 2406 5056 λέγων’
2446 4988 2546 5040 Ἐν
2564 4986 2639 5056 τῇ
2660 4987 2991 5043 ἀναστάσει
3021 4989 3160 5043 οὔτε
3182 4992 3507 5060 γαμοῦσιν.

1922 5079 2061 5133 οὔτε
2116 5081 2530 5148 faetorem-me
2575 5080 2716 5134 ἀλλ’
2756 5082 2838 5148 ὡς
2873 5080 3114 5150 ἄγγελοι
3157 5082 3229 5135 ἐν
3268 5083 3510 5154 οἰφαιῷ

1925 5175 2104 5226 εἰσιν.
2136 5172 2210 5224 Οὐ
2248 5171 2324 5242 τῷ
2361 5172 2540 5243 σάρκα
2571 5172 2646 5243 μὴ
2689 5171 2852 5243 ἔχειν,
2889 5172 3024 5225 ἀλλά
3067 5171 3147 5244 τῷ
3189 5174 3264 5247 μὴ
3305 5179 3507 5244 γαμεῖν

1926 5261 2019 5315 καὶ⁴
2059 5261 2373 5331 γαμεῖσθαι,
2402 5262 2537 5317 ἀλλὰ
2569 5258 2707 5318 εἶναι
2734 5264 2918 5317 λοιπὸν
2957 5266 3015 5320 ὲν
3054 5265 3355 5338 ἀφθαρσίᾳ.
3396 5268 3508 5323 Καὶ

1926 5370 2090 5424 φησιν
2131 5352 2380 5422 ἀγγέλοις
2420 5354 2562 5408 κατὰ
2603 5354 2760 5409 τοῦτο
2799 5355 3409 5427 παραπλησιασθέντας·
3436 5361 3515 5422 ἰν·

1925 5443 2114 5514 ὥσπερ
2141 5446 2188 5495 οἱ
2227 5445 2447 5511 ἄγγελοι
2478 5448 2534 5498 ὲν
2559 5445 2636 5517 τῷ
2666 5445 2901 5518 οὐρανῷ,
2933 5445 3109 5511 οὕτως
3138 5450 3235 5503 καὶ
3264 5452 3427 5523 ἡμεῖς
3459 5461 3517 5511 ὲν

1924 5535 2000 5606 τῷ
2033 5534 2365 5606 παραδείσῳ,
2400 5538 2535 5608 μήτε
2570 5539 2770 5609 γάμοις
2809 5539 2841 5608 ἢ
2871 5536 3181 5603 εἰλαπίναις
3205 5539 3291 5595 ἔτι
3314 5545 3506 5620 σχολά-
