3794 6164
231 383 366 436 “'35

879 381 918 433 Α
930 378 1195 433 DVEIISLL
1211 376 1249 433 S
1288 375 1630 432 lIxERESES
1670 373 1796 427 ΜΒ.

1943 368 2107 427 Tim.
2145 373 2186 426 ιε
2213 403 2277 412 -—
2314 366 2587 425 IIJERES.
2623 364 2783 424 LXIV

3342 365 3479 422 “9.6

230 502 430 560 ξοντες,
481 495 615 550 ἀλλά
663 495 788 549 τοῦί
841 497 1061 566 βλέπειν
1096 498 1185 550 τὸν
1218 497 1369 561 Θεὸν,
1410 497 1505 551 καὶ
1538 498 1801 567 γεωργεῖν

1942 492 2128 547 Iodum
2161 492 2337 561 angeli
2371 493 2423 546 in
2456 494 2595 546 uelo
2616 531 2630 555 ,
2668 491 2747 547 sic
2792 504 2894 544 nos
2927 489 2981 544 in
3016 487 3271 559 paradiso
3303 504 3479 557 neque

229 588 325 661 τὴν
354 588 518 658 ζωήν,
556 588 980 658 πρυτανεύοντος
1014 591 1142 660 ἡμῖν
1176 589 1268 642 τοῦ
1299 588 1553 660 Χριστοῦ.
1587 589 1661 642 Οὐ
1692 589 1799 658 γὰρ

230 674 407 745 εἶπεν,
458 680 711 732 Ἔσονται
754 679 1004 749 ἄγγελοι,
1049 680 1190 746 ἀλλ’;
1243 680 1324 748 ὠς
1375 679 1643 750 ἄγγελοι,
1688 673 1800 732 οἷον

228 770 374 838 δόξῃ
398 770 515 840 μὲν
535 770 633 823 καὶ
657 759 816 841 τιμῆ,
846 773 990 825 κατὰ
1025 774 1086 825 τὸ
1116 772 1523 844 γεγραμμένον,
1544 772 1802 839 ἐστεφα-

228 861 502 930 νωμένοι,
528 858 730 933 ,ϐραχὺ
766 862 833 916 δέ
863 881 919 917 τι
951 865 1110 933 παρὰ
1138 864 1275 931 τοὺς
1308 863 1603 933 ἀγγέλους
1637 863 1804 916 διαλ-

228 952 590 1018 λάσσοντες,
611 953 705 1007 καὶ
733 953 900 1022 ἐγγὺς
929 953 1080 1017 ὄντες
1096 954 1188 1007 τοῦ
1219 949 1359 1006 εἶναι
1385 951 1622 1021 ἄγγελοι.
1650 952 1800 1004 Καθ-

230 1041 373 1113 άπερ
398 1044 444 1095 εί
475 1042 658 1112 ἔλεγεν
681 1063 695 1076 ·
727 1044 909 1116 Οὔσης
936 1043 1190 1109 εὐταξίας
1228 1044 1368 1098 κατά
1400 1043 1490 1097 τὸν
1521 1044 1679 1114 ἀέρα,
1709 1043 1802 1096 καὶ

229 1132 493 1204 γαλήνης,
539 1134 633 1186 καὶ
672 1136 885 1198 νυκτὸς,
926 1135 1020 1188 καὶ
1059 1135 1276 1188 πάντων
1306 1134 1415 1188 τῶν
1444 1134 1542 1205 τῆς
1574 1135 1803 1205 σελήνης

230 1224 454 1296 αἰθερίῳ
485 1226 623 1296 φωτὶ
663 1225 1110 1297 κεκοσμημένων,
1146 1228 1179 1298 ή
1222 1227 1416 1299 σελήνη
1460 1227 1639 1295 φαίνει
1668 1226 1744 1290 ὡς
1774 1227 1803 1278 6

229 1315 399 1386 ἥλιος.
450 1317 559 1370 Καὶ
604 1318 663 1370 οὐ
716 1318 931 1381 πάντως
978 1317 1044 1371 ἂν
1077 1319 1227 1390 ἥλιον
1272 1316 1413 1373 εἶναι
1445 1318 1541 1391 τὴν
1576 1319 1803 1392 σελήνην

228 1409 640 1481 ἀπομαρτυρεῖν
671 1410 834 1463 αὐτὸν
865 1409 1116 1482 λέγομεν,
1148 1411 1262 1466 ἀλλ’
1289 1411 1363 1475 ὡς
1394 1411 1562 1483 ἥλιον.
1595 1412 1803 1484 Ὥσπερ

221 1501 325 1555 καὶ
345 1500 405 1553 τὸ
430 1501 503 1572 μὴ
525 1502 768 1574 ὑπάρχον
790 1504 1010 1575 χρυσὸς,
1040 1505 1208 1574 ἐγγὺς
1228 1505 1284 1559 δὲ
1302 1504 1394 1559 τοῦ
1416 1500 1556 1558 εἶναι
1581 1500 1802 1576 χρυσὸς,

230 1591 469 1661 πεφυκὸς
493 1593 568 1656 ὼς
596 1595 793 1667 χρυσὸς
828 1593 1065 1665 λέγεται,
1102 1597 1193 1650 καί
1230 1598 1289 1649 οὐ
1315 1598 1533 1671 χρυσός.
1564 1598 1626 1650 El
1656 1596 1712 1649 δὲ
1736 1591 1804 1667 ἦν

228 1680 447 1753 χρυσὸς,
467 1681 565 1734 οὐκ
590 1683 806 1753 ἐλέγετο
828 1683 893 1738 ἂν
915 1684 991 1749 ὡς
1012 1686 1229 1756 χρυσὸς,
1254 1685 1389 1739 ἀλλά
1406 1686 1624 1757 χρυσός.
1650 1685 1805 1740 Ἐπεὶ

228 1774 285 1829 δὲ
312 1774 386 1847 μὴ
415 1775 527 1829 ἔστι
563 1780 781 1846 χρυσὸς,
818 1777 989 1830 ἀλλά¹
1020 1776 1117 1831 τοῦ
1148 1774 1283 1832 εἶναι
1310 1778 1528 1849 χρυσὸς,
1558 1779 1652 1832 καὶ
1671 1796 1799 1848 φαν-

114 1938 121 1944 ι
227 1865 485 1931 τάξεσθαι
507 1868 598 1920 τὸν
629 1870 845 1938 χρυσὸν,
873 1869 948 1933 ὼς
969 1858 1167 1940 χρυσὸς
1194 1870 1431 1939 λέγεται.

300 2128 457 2187 Οὕτω
503 2133 597 2187 καὶ
649 2133 725 2197 ὡς
779 2133 1047 2203 ἀγγέλους
1101 2133 1320 2188 ἔσεσθαι
1378 2134 1626 2203 λέγοντος
1677 2137 1804 2199 τοὺς

227 2224 415 2294 ἀγίους
456 2227 513 2280 ὲν
558 2228 623 2298 τῇ
669 2225 983 2291 ἀναστάσει,
1036 2227 1137 2280 οὐκ
1181 2228 1312 2280 αὐτὸ
1351 2226 1508 2279 τοῦτο
1539 2226 1804 2295 ἀγγέλους

226 2316 389 2370 αὐτὸν
443 2311 872 2385 ἐπαγγέλλεσθαι
921 2317 1192 2388 ἀκούομεν
1242 2319 1370 2381 τοὺς
1423 2317 1610 2387 ἁγίους
1643 2320 1699 2372 ὲν
1736 2320 1801 2390 τῇ

226 2407 523 2462 ἀναστάσει
571 2406 811 2472 ἔσεσθαι,
845 2407 982 2461 ἀλλά
1023 2408 1190 2476 ἐγγὺς
1220 2407 1314 2461 τοῦ
1348 2402 1486 2461 εἶναι
1518 2407 1801 2476 ἀγγέλους.

228 2498 395 2551 Ὥστε
438 2496 776 2567 ἀλογώτατον
813 2495 1014 2566 λέγειν,
1055 2496 1242 2567 ἐπειδὴ
1272 2497 1301 2548 6
1329 2496 1562 2568 Χριστὸς
1595 2497 1807 2565 ἀπεφή-

226 2607 359 2644 νατο
387 2590 512 2654 τοὺς
537 2589 725 2659 ἁγίους
747 2585 976 2661 ὀφθῆναι
1001 2586 1076 2651 ὡς
1102 2587 1367 2658 ἀγγέλους
1397 2589 1456 2641 ὲν
1480 2581 1805 2659 τῇάναστά-

227 2698 334 2743 σει,
366 2680 436 2734 τά
464 2680 691 2752 σώματα
716 2680 805 2734 διά
832 2680 987 2734 τοῦτο
1011 2679 1182 2734 ταῦτα
1216 2681 1291 2751 μὴ
1320 2679 1657 2734 ἀνίστασθαι·
1684 2680 1806 2734 καί·

224 2788 311 2824 τοι
346 2771 448 2842 τῆς
493 2771 690 2838 λέξεως
728 2772 897 2843 αὐτὴν
937 2772 1037 2842 τὴν
1076 2768 1275 2842 πρᾶξιν
1316 2770 1582 2842 δηλούσης
1623 2772 1808 2842 σαφῶς

224 2861 323 2916 τοῦ
368 2864 773 2934 συμϐαίνοντος.
832 2864 1152 2928 Ἀνάστασις
1187 2864 1295 2935 γὰρ
1327 2864 1427 2916 οὐκ
1467 2864 1559 2916 ἐπὶ
1596 2863 1691 2917 τοῦ
1733 2862 1807 2934 μὴ

226 2952 603 3017 πεπτωκότος,
643 2952 756 3005 ἀλλ’
790 2953 884 3006 ἐπὶ
922 2953 1018 3007 τοῦ
1063 2954 1413 3015 πεπτωκότος
1450 2952 1667 3021 λέγεται
1714 2954 1807 3006 καὶ

226 3043 611 3114 ἀνισταμένου·
647 3043 835 3115 ὥσπερ
871 3044 1074 3098 ὁπόταν
1111 3044 1258 3113 λέγει
1298 3046 1387 3098 καὶ
1427 3047 1455 3098 6
1500 3047 1803 3117 προφήτης·

222 3133 339 3225 καὶ
375 3135 702 3225 ἀναστήσω
747 3135 864 3203 τὴν
911 3134 1154 3204 σκηνὴν
1198 3135 1378 3189 Δαϐὶδ
1422 3135 1538 3204 τὴν
1580 3148 1806 3189 πεπτω·
1833 3166 1879 3225 c

225 3223 428 3279 κυῖαν.
476 3224 679 3278 Ἔπεσε
729 3225 786 3279 δὲ
834 3225 1111 3279 ὀκλάσασα
1158 3228 1190 3299 ἡ
1237 3225 1445 3297 ποθητὴ
1478 3225 1588 3297 (40)
1633 3225 1807 3297 σκηνὴ

223 3315 329 3386 τῆς
363 3314 544 3386 ψυχῆς
584 3316 672 3381 είς
712 3313 832 3383 γῆν
865 3313 1153 3384 χώματος.
1204 3315 1278 3369 Οὐ
1327 3315 1437 3386 γάρ
1473 3316 1534 3369 τὸ
1570 3317 1643 3386 μὴ
1684 3314 1808 3386 θνῆο

226 3420 382 3471 σκον,
412 3404 547 3459 ἀλλά
576 3405 637 3458 τὸ
666 3405 897 3476 θνῆσκον
927 3405 1187 3459 κλίνεται.
1221 3407 1457 3478 Θνήσκει
1488 3406 1545 3460 δὲ
1582 3408 1614 3478 ἡ
1650 3406 1805 3477 σάρξ·

221 3495 377 3568 ψυχὴ
406 3498 516 3570 γὰρ
542 3497 830 3562 ἀθάνατος.
862 3499 972 3552 Καὶ
996 3498 1172 3554 τοίνυν
1205 3500 1253 3552 εί
1283 3500 1316 3570 ἡ
1345 3498 1491 3570 ψυχὴ
1521 3498 1807 3563 ἀθάνατος,

226 3587 394 3659 σῶμα
432 3589 489 3642 δὲ
516 3591 545 3644 6
574 3589 785 3661 νεκρός·
827 3590 876 3643 oi
910 3589 1158 3658 λέγοντες
1186 3590 1484 3645 ἀνάστασιν
1516 3590 1614 3661 μὲν
1644 3586 1808 3657 εἶναι,

223 3677 436 3750 σαρκὸς
463 3679 521 3734 δὲ
561 3679 637 3751 μὴ
676 3674 834 3745 εἶναι,
868 3679 1159 3752 ἀρνοῦνται
1185 3682 1496 3736 ἀνάστασιν·
1525 3684 1607 3737 ὅτι
1648 3682 1722 3755 μὴ
1751 3684 1811 3738 τὸ

221 3767 428 3835 ἑστὼς,
462 3770 598 3825 ἀλλά
642 3770 705 3824 τὸ
744 3770 1031 3834 πεπτωκὸς
1086 3771 1177 3824 καὶ
1218 3771 1398 3826 κλιθὲν
1455 3772 1806 3841 διανίσταται,

1905 583 2110 653 nuptiis
2137 582 2404 652 amplius,
2447 596 2621 652 neque
2648 579 2913 635 conviviis
2949 577 3351 648 indulgeamus,
3383 576 3481 635 sed

1905 673 1957 727 in
1985 672 2406 742 contemplando
2427 671 2536 726 Deo
2558 670 2963 739 excolendaque
2988 669 3098 724 vita
3124 669 3295 723 simus
3315 681 3483 721 occu-

1903 766 2037 836 pati,
2082 765 2313 840 praeside
2361 780 2424 819 ac
2478 765 2822 819 moderatore
2865 762 3106 817 Christo.
3162 759 3279 813 Non
3333 757 3479 813 enim

1903 858 2062 923 dixit,
2103 859 2275 912 Erunt
2299 857 2473 927 angeli
2514 874 2527 910 :
2563 856 2655 909 sed
2680 894 2694 918 ,
2726 856 2860 909 sicut
2898 853 3107 924 angeli;
3144 852 3367 923 perinde
3417 864 3481 904 ac

1901 949 2074 1020 gloria
2097 958 2147 1003 et
2176 950 2372 1003 honore
2392 948 2655 1006 coronati,
2685 945 2761 997 uti
2789 945 3052 1014 scriptum
3075 950 3179 1007 est,
3201 939 3481 1012 paululum

1902 1057 2022 1096 vero
2055 1042 2119 1095 ab
2153 1039 2353 1109 angelis
2396 1038 2698 1107 cli/ferentes
2726 1036 2768 1098 ³,
2809 1042 2973 1103 atque
3012 1033 3227 1086 illorum
3272 1041 3483 1085 natura

1905 1133 2163 1204 proximi.
2203 1131 2372 1197 Quasi
2410 1131 2482 1184 ita
2512 1130 2717 1183 «liceret
2746 1148 2758 1183 :
2795 1126 3111 1196 Tranquillo
3142 1141 3236 1193 per
3264 1135 3479 1178 noctem

1904 1240 1973 1279 ac
2000 1238 2197 1280 sereno
2220 1238 2366 1288 aere,
2390 1236 2514 1276 cum
2539 1220 2749 1275 etelesti
2780 1220 2919 1274 lunae
2943 1220 3063 1272 luce
3089 1217 3483 1271 collustrantur

1905 1317 2113 1383 omnia,
2157 1316 2290 1373 solis
2319 1314 2493 1369 instar
2520 1313 2646 1367 luna
2673 1310 3001 1380 resplendet.
3040 1307 3176 1362 Tum
3199 1308 3342 1361 enim
3374 1321 3483 1360 non

1903 1410 2135 1466 omnino
2163 1409 2334 1464 solem
2359 1422 2483 1462 esse
2505 1407 2689 1460 lunam
2714 1419 2779 1463 ex
2807 1403 2952 1457 illius
2994 1401 3307 1458 testimonio
3331 1398 3485 1453 colli-

1904 1518 2175 1575 geremus,
2203 1500 2300 1557 sed
2331 1500 2397 1554 ad
2432 1500 2601 1555 solem
2626 1495 2904 1552 accedere.
2939 1495 3093 1548 Sicut
3118 1492 3262 1564 quod
3287 1505 3481 1546 aurum

1905 1609 2018 1649 non
2047 1602 2150 1655 est,
2185 1604 2237 1648 et
2260 1606 2394 1648 auro
2419 1599 2599 1645 tamen
2628 1596 2825 1644 natura
2856 1601 2953 1641 sua
2988 1585 3349 1656 propinquius
3372 1591 3480 1647 est,

1906 1701 2017 1741 non
2053 1670 2271 1750 aurum,
2299 1682 2393 1738 sed
2422 1681 2542 1735 auri
2573 1679 2753 1735 simile
2782 1692 2906 1732 esse
2931 1675 3152 1740 dicitur,
3184 1673 3329 1743 quod
3355 1674 3483 1744 qui-

1908 1778 2030 1833 dem
2071 1792 2263 1831 aurum
2306 1775 2352 1830 si
2396 1780 2562 1836 esset,
2610 1787 2717 1826 non
2756 1770 2875 1825 auri
2910 1769 3106 1830 simile,
3142 1767 3235 1823 sed
3288 1780 3480 1820 aurum

1905 1870 2203 1925 diceretur.
2235 1865 2391 1921 Nune
2424 1864 2683 1935 quoniam
2717 1876 2910 1915 aurum
2942 1875 3051 1915 non
3085 1866 3190 1925 est,
3225 1857 3319 1914 sed
3350 1872 3483 1912 au-ro

1904 1959 2238 2030 proximum,
2295 1955 2653 2025 ejusdemque
2709 1952 2974 2007 mentitur
3029 1950 3303 2021 speciem,
3362 1947 3481 2003 auri

1905 2051 2085 2107 simile
2118 2056 2489 2118 nuncupatur.

1976 2139 2177 2194 Eodem
2209 2137 2370 2191 modo
2409 2150 2633 2205 prorsus
2659 2132 2879 2203 quodin
2916 2134 3319 2188 resurrectione
3353 2146 3483 2186 san-

1905 2239 2023 2285 ctos
2055 2229 2371 2297 angelorum
2410 2226 2526 2280 fore
2567 2227 2777 2279 similes
2816 2225 3213 2293 pronuntiavit,
3252 2240 3360 2277 non
3404 2225 3485 2277 sic

1905 2320 2282 2391 accipiendum
2304 2327 2407 2381 est,
2433 2317 2588 2386 quasi
2619 2316 2671 2369 in
2707 2318 3022 2384 angelorum
3051 2324 3302 2368 naturam
3333 2325 3484 2368 tran-

1905 2414 2226 2469 scribendos
2237 2426 2360 2466 esse
2377 2418 2600 2464 sanctos
2616 2409 2667 2462 in
2687 2408 2777 2460 illa
2798 2406 3202 2463 resurrectione
3223 2406 3484 2473 voluerit;

1908 2504 2001 2560 sed
2037 2504 2171 2557 nihil
2206 2500 2376 2568 aliud,
2412 2500 2517 2555 nisi
2558 2500 2872 2570 angelorum
2920 2497 3217 2554 conditioni
3259 2500 3485 2568 propin—

1908 2610 2046 2666 quos
2066 2594 2299 2649 futuros.
2322 2590 2689 2658 Quamobrem
2708 2590 3099 2645 stultissimum
3125 2590 3252 2643 mihi
3273 2590 3489 2643 videtur

1908 2687 1985 2741 ita
2025 2686 2281 2755 colligere
2312 2702 2325 2737 :
2361 2681 2632 2748 Quoniam
2669 2679 2923 2736 Christus
2952 2689 3175 2735 sanctos
3212 2681 3265 2734 in
3303 2694 3488 2734 resur-

1908 2778 2152 2834 rectione
2179 2783 2438 2846 tanquam
2463 2773 2691 2844 angelos
2718 2774 2892 2828 visum
2919 2773 2985 2827 iri
3012 2772 3344 2842 praedixerit,
3375 2771 3490 2826 haec

1909 2867 2118 2922 idcirco
2163 2875 2545 2921 resurrectura
2588 2879 2697 2918 nwn
2737 2879 2858 2919 esse
2892 2879 3144 2934 corpora.
3175 2862 3491 2918 Praesertim

1909 2975 2035 3015 eum
2057 2958 2379 3014 vocabulum
2403 2957 2582 3027 ipsum
2608 2955 2728 3026 ejus
2748 2957 2891 3026 quod
2917 2956 3186 3025 contingit
3219 2958 3487 3010 actionem

1908 3049 2195 3121 perspicue
2216 3047 2476 3103 declaret.
2505 3046 2640 3100 Nam
2660 3047 2993 3102 resurrectio
3015 3061 3123 3101 non
3147 3047 3214 3102 de
3233 3061 3320 3113 eo,
3344 3045 3492 3116 quod

1913 3155 2194 3211 nunquam
2247 3137 2465 3202 cecidit,
2520 3139 2616 3193 sed
2661 3138 2728 3192 de
2762 3152 2858 3203 eo,
2894 3137 3042 3208 quod
3081 3139 3280 3194 cecidit
3327 3146 3494 3208 atque

1907 3238 2104 3293 iterum
2151 3230 2421 3300 assurgit,
2465 3238 2785 3298 usurpatur.
2848 3228 3004 3285 Velut
3053 3245 3178 3284 cum
3230 3230 3493 3300 propheta

1906 3323 2079 3378 dicit:
2118 3320 2187 3375 Et
2237 3322 2480 3374 excitabo
2520 3320 2924 3374 tabernaculum
2962 3319 3135 3375 David
3178 3320 3317 3391 quod
3350 3322 3489 3376 ceci-

1907 3415 1986 3469 dit
2020 3414 2062 3468 ‘.
2104 3412 2318 3469 Cecidit
2373 3428 2536 3482 porro
2581 3424 2826 3482 optatum
2881 3412 3015 3467 illud
3072 3414 3266 3467 anima:
3311 3414 3496 3467 taber-

1908 3508 2165 3563 naculum
2207 3507 2261 3559 in
2307 3515 2506 3558 terram
2553 3505 2759 3575 aggeris
2783 3504 2805 3535 ⁸
2841 3505 3167 3574 collapsum.
3202 3505 3319 3559 Non
3351 3507 3495 3560 enim

1908 3596 2056 3668 quod
2084 3612 2190 3649 non
2217 3595 2449 3649 moritur
2469 3633 2482 3657 ,
2511 3592 2607 3647 Sed
2631 3591 2777 3662 quod
2802 3594 3037 3646 moritur
3076 3593 3340 3647 inclinare
3363 3592 3499 3645 dici-

1911 3699 2019 3741 tur.
2040 3687 2108 3740 At
2142 3687 2377 3739 moritur
2405 3698 2554 3738 caro.
2584 3682 2782 3735 Anima
2807 3683 3010 3752 quippe
3042 3683 3366 3736 immortalis
3391 3691 3495 3737 est.

1908 3778 2250 3846 Quapropter
2288 3775 2334 3828 si
2374 3773 2703 3827 immortalis
2727 3780 2814 3827 est
2860 3774 3063 3837 anima,
3112 3788 3315 3843 corpus
3365 3788 3498 3827 vero

221 3859 370 3913 κατά
390 3860 455 3914 τὸ
478 3860 882 3932 γεγραμμένον·
908 3859 1004 3928 Μὴ
1029 3863 1061 3914 ό
1081 3862 1315 3915 πίπτων
1336 3863 1448 3916 οὐκ
1470 3863 1801 3929 ἀνίσταται,

1943 3869 2142 3923 adaver
2158 3878 2270 3934 est;
2295 3868 2386 3937 qui
2418 3867 2487 3921 ita
2508 3868 2972 3921 resurrectionem
3001 3864 3118 3920 fore
3139 3865 3494 3927 conﬁtentur,
3530 3868 3531 3871 “

220 3947 262 4017 ἢ
289 3953 324 4004 ό
353 3951 756 4021 ἀποστρέφων
786 3954 896 4005 οὐκ
929 3952 1322 4021 ἀναστρέφει;

1942 3968 2117 4014 team
2149 3958 2371 4013 nihilad
2405 3974 2626 4014 carnem
2663 3968 2938 4028 pertinere
2980 3966 3201 4028 putent,
3248 3973 3501 4012 resurre-

220 4041 470 4098 ctionem
507 4042 752 4097 funditus
797 4048 1019 4109 negant.
1068 4041 1520 4112 Quandoquidem
1564 4059 1673 4099 non
1708 4046 1843 4101 illud
1881 4050 2030 4119 quod
2055 4056 2183 4114 stat,
2212 4048 2306 4104 sed
2336 4048 2481 4119 quod
2504 4048 2808 4119 ceciditnet
2835 4047 3145 4111 inclinavit,
3201 4062 3501 4118 exsurgere.

220 4129 456 4200 dicitur,
508 4151 607 4205 pro
636 4150 701 4190 eo
730 4149 792 4188 ac
833 4132 1100 4204 scriptum
1133 4141 1218 4189 est
1266 4152 1280 4190 :
1321 4133 1467 4188 Num
1501 4137 1591 4206 qui
1636 4139 1825 4192 cecidit
1882 4156 1985 4194 non
2028 4143 2306 4211 resurget?
2351 4148 2443 4194 aut
2487 4140 2577 4205 qui
2618 4156 2835 4194 auersus
2867 4148 2945 4194 est
2983 4155 3089 4193 non
3133 4141 3504 4193 revertetur"!

292 4228 438 4296 Aq'.
492 4230 611 4283 Ὅτι
639 4229 694 4282 δὲ
728 4229 995 4293 ἀθάνατος
1028 4231 1061 4300 ἡ
1095 4229 1264 4301 ψυχὴ,
1297 4229 1534 4298 ἐδίδαξεν
1566 4234 1801 4304 ἀναφαν-

1990 4236 2154 4308 559
2170 4235 2409 4291 XXXVI.
2450 4235 2606 4303 Quod
2630 4245 2810 4291 autem
2841 4235 3170 4292 immortalis
3197 4236 3377 4291 anima
3406 4237 3499 4299 sit,

220 4317 313 4373 δὸν
344 4323 374 4374 6
412 4324 626 4395 Κύριος
652 4322 745 4375 καὶ
779 4320 843 4374 δι’
877 4320 1094 4387 ἑαυτοῦ,
1127 4323 1220 4376 καὶ
1246 4321 1333 4377 διά
1367 4322 1686 4396 Σαλομῶνος
1734 4327 1801 4379 εί-

1942 4329 2207 4385 nanil‘este
2252 4328 2519 4383 Dominus
2568 4343 2693 4382 cum
2737 4341 2834 4398 per
2876 4342 3021 4395 sese,
3054 4334 3167 4382 tum
3204 4343 3300 4398 per
3348 4326 3504 4384 Salo-

220 4409 362 4466 πών.
394 4416 475 4468 Δι’
508 4412 703 4467 ἑαυτοῦ
733 4412 832 4484 μὲν
857 4413 915 4466 ὲν
942 4415 1010 4483 τῇ
1045 4413 1189 4466 κατὰ
1210 4412 1301 4466 τὸν
1334 4411 1587 4468 πλούσιον
1611 4416 1704 4468 καὶ
1721 4415 1801 4470 τοι

1942 4436 2139 4477 nonem
2191 4419 2434 4476 edocuit.
2488 4418 2592 4475 Per
2638 4435 2759 4475 sese
2807 4418 3052 4490 quidem,
3097 4419 3155 4473 in
3211 4419 3398 4476 divitis
3442 4434 3506 4473 ac

221 4503 438 4575 πένητα
469 4504 727 4580 Λάζαρον
758 4505 990 4578 ἱστορίᾳ,
1016 4502 1105 4557 τὸν
1129 4502 1226 4573 μὲν
1243 4507 1301 4557 ὲν
1323 4503 1542 4569 κόλποις
1561 4505 1801 4579 Ἀϐραὰμ

1942 4514 2108 4569 .azari
2131 4514 2389 4585 pauperis
2410 4513 2639 4568 historia
2658 4513 2697 4566 ":
2722 4526 2954 4581 quorum
2976 4513 3117 4566 hunc
3140 4512 3192 4566 in
3211 4511 3506 4568 Abrahami

221 4591 348 4659 δοὺς
390 4599 773 4654 ἀναπαύεσθαι
816 4599 954 4670 μετά
986 4597 1083 4669 τὴν
1114 4597 1370 4651 ἀπόθεσιν
1414 4597 1507 4652 τοῦ
1544 4598 1801 4670 σώματος

1942 4605 2041 4660 ιὶηυ
2076 4616 2201 4677 post
2234 4612 2462 4660 exutum
2502 4618 2705 4673 corpus
2735 4603 3084 4671 acquiescere
3117 4603 3292 4655 voluit
3323 4621 3337 4658 :
3372 4605 3507 4659 alte-

224 4685 317 4742 τὺν
358 4690 417 4744 δὲ
454 4697 515 4748 ὲν
553 4694 863 4766 ἀχθηδόσιν,
908 4687 990 4757 οἷς
1020 4692 1398 4765 διαλεγόμενον
1438 4693 1527 4748 τὸν
1566 4695 1801 4768 Ἀϐραὰμ

1942 4713 2042 4753 ἰιιη
2067 4697 2407 4752 cruciatibus
2428 4694 2711 4750 damnavit
2731 4709 2746 4757 ;
2763 4708 2794 4747 e
2819 4693 3020 4762 quibus
3042 4709 3166 4747 eum
3193 4694 3509 4748 Abrahamo

225 4786 520 4857 εἰσήγαγε·
554 4791 640 4845 διά
666 4789 985 4862 Σαλομῶνος
1013 4788 1071 4842 δὲ
1103 4790 1160 4843 ὲν
1188 4791 1253 4861 τῇ
1287 4790 1698 4865 ἐπιγραφομένῃ
1726 4791 1801 4844 Σο

1942 4789 2321 4858 :olloquentem
2348 4784 2678 4840 introduxit.
2707 4781 2853 4838 Idem
2877 4798 3010 4837 vero
3033 4799 3130 4853 per
3155 4782 3506 4840 Salonzonem

226 4876 352 4946 φίᾳ,
389 4878 545 4946 ἔνθα,
576 4883 828 4936 Δικαιων
864 4885 923 4936 al
959 4880 1152 4951 ψυχαὶ
1187 4881 1258 4937 ἐν
1286 4881 1458 4950 χειρί,
1487 4881 1796 4953 γέγραπται

1944 4896 1978 4935 n
2007 4895 2073 4935 eo
2102 4880 2242 4934 libro
2269 4879 2362 4948 qui
2407 4875 2684 4946 Sapientia
2721 4875 3044 4930 inscribitur
3077 4876 3337 4941 ostendit,
3372 4877 3461 4931 ubi
3488 4915 3506 4941 ,

229 4968 407 5031 Θεοῦ,
433 4973 535 5027 καὶ
563 4976 634 5028 οὐ
658 4973 744 5043 μὴ
768 4973 994 5043 ἅψηται
1018 4972 1219 5029 αὐτῶν
1237 4972 1534 5040 βάσανος.
1567 4973 1801 5039 Ἕόοξαι

1942 4971 2223 5035 iustorum,
2272 4969 2481 5040 inquit,
2516 4968 2709 5023 animae
2738 4970 2794 5021 in
2825 4983 2987 5020 manu
3020 4966 3118 5022 Dei
3146 4977 3290 5028 sunt.
3322 4977 3371 5022 et
3406 4985 3508 5022 non

227 5055 301 5109 ἐν
343 5061 682 5135 ὀφθαλμοῖς
722 5065 1001 5133 ἀφρόνων
1048 5064 1345 5129 τεθνάναι,
1398 5064 1498 5119 καὶ
1537 5065 1801 5134 ἐλογίσθη

1942 5071 2104 5132 tanget
2124 5061 2245 5115 illo:
2262 5064 2601 5114 tormentum.
2635 5058 2880 5113 Visicunt
2896 5058 2948 5110 in
2967 5057 3132 5112 oculis
3150 5058 3509 5127 insipientium

228 5148 506 5219 κάκωσις
533 5156 571 5224 ἠ
599 5154 813 5220 ἔξοδος
841 5153 1060 5218 αὐτῶν,
1090 5154 1189 5208 καὶ
1218 5156 1256 5222 ἠ
1290 5155 1391 5224 ἀφ’
1421 5154 1593 5223 ήμῶν
1616 5156 1801 5223 πορείι

1942 5152 2086 5213 neri,
2117 5161 2165 5206 et
2196 5150 2463 5206 metimata
2487 5158 2565 5204 est
2588 5149 2799 5220 afﬂictio
2828 5148 3003 5203 exilus
3033 5147 3274 5211 illorum,
3302 5147 3508 5216 etquod

229 5239 601 5315 σύντριμμα.
655 5249 717 5300 Ol
764 5244 831 5299 δέ
870 5247 1029 5298 είσιν
1056 5245 1127 5299 ἐν
1155 5245 1387 5315 εἰρήνῃ,
1430 5245 1527 5299 καὶ
1566 5247 1603 5315 ἡ
1648 5247 1801 5311 ἐλπὶς

1942 5262 1959 5298 ι
1983 5244 2131 5298 nobis
2156 5253 2232 5297 est
2256 5244 2359 5296 iter
2389 5242 2781 5297 exterminium.
2822 5240 2918 5296 Illi
2940 5250 3112 5294 autem
3138 5250 3257 5294 sunt
3280 5241 3335 5293 in
3360 5255 3506 5307 pace,

231 5330 439 5386 αὐτῶν
467 5339 804 5404 ἀθανασίας
835 5337 1090 5411 πλήρης,
1134 5337 1299 5391 Ὅθεν
1332 5339 1579 5408 σώματος
1623 5341 1654 5411 ή
1695 5340 1799 5394 ἀνά

1942 5346 1977 5391 ιι
2007 5351 2119 5405 spes
2155 5334 2374 5389 illorum
2403 5332 2809 5388 immortalitate
2838 5331 2992 5402 plena
3022 5340 3098 5385 est
3134 5331 3177 5383 ".
3214 5329 3353 5401 Ergo
3382 5343 3509 5383 cor-

233 5430 447 5487 στασις,
482 5430 581 5482 καὶ
614 5431 674 5483 οὐ
707 5429 904 5500 ψυχῆς·
932 5410 994 5481 οὐ
1024 5427 1133 5500 γὰρ
1155 5429 1244 5482 τὸν
1267 5429 1479 5483 έστῶτά
1502 5447 1583 5493 τις
1610 5410 1798 5500 ἀνίστη

1942 5430 2081 5499 poris
2109 5433 2193 5483 est
2217 5426 2573 5490 resurrectio,
2604 5441 2711 5479 non
2739 5425 2968 5491 animm;
2998 5438 3170 5493 neque
3193 5422 3338 5478 enim
3364 5428 3515 5474 stan-

2288 5606 2295 5613 ο
2335 5568 2357 5602 ³
2385 5565 2521 5624 Dan.
2550 5584 2645 5633 ιιι,
2669 5566 2725 5621 2.
2832 5565 2853 5596 ⁸
2873 5560 2986 5617 Jer.
3013 5578 3133 5624 xm,
3166 5560 3218 5615 ι.
3329 5556 3349 5590 ⁷
3377 5557 3508 5613 Luc.

312 5551 446 5636 TF3,
480 5563 581 5624 τῷ.
660 5569 680 5599 ⁸
714 5566 872 5621 Deest
900 5566 1108 5636 .ὲγγύς.
1185 5566 1207 5598 ⁸
1245 5566 1391 5622 l’sal.
1436 5583 1551 5629 vut,
1615 5566 1668 5621 6.
1746 5567 1768 5600 ⁸

1945 5582 1971 5623 s
2032 5584 2107 5633 Ix,
2142 5568 2228 5623 Η.
2288 5606 2295 5613 .
2335 5568 2357 5602 ³
2385 5565 2521 5624 Dan.
2550 5584 2645 5633 ιιι,
2669 5566 2725 5621 2.
2832 5560 2986 5617 θεον.
3013 5528 3218 5624 Χιιιξι.

235 5632 346 5679 xt’t.
383 5627 450 5684 19
482 5651 643 5708 seqq.
719 5638 740 5670 ⁸
770 5637 897 5708 Sap.
920 5627 1011 5701 ιιῖξ
1034 5627 1152 5699 ίξὸε

306 5743 422 5801 (Mil
460 5750 691 5809 Ἐπεσε
712 5756 777 5807 δὲ
808 5752 1128 5807 ὀκλάσασα
1158 5753 1195 5818 ἠ
1222 5752 1472 5820 ποθητή.
1502 5748 1628 5805 Cor.
1695 5751 1933 5825 παθητὴ.

1185 5566 1207 5598 ³
1245 5566 1391 5622 l’sal.
1436 5583 1551 5629 vui,
1615 5566 1668 5621 6.
1746 5567 1768 5600 ⁸
1802 5569 1971 5623 Amos
2032 5584 2107 5633 Ix,
2142 5568 2228 5623 Η.
