3846 6122
1423 156 1439 185 Γ

360 231 500 287 ΗΞἹ

1789 228 1846 281 8.
1887 225 2229 283 EPIPHANII

3496 236 3638 296 “‘23

352 366 460 407 tem
498 351 661 416 ullus,
697 350 789 403 sed
818 348 1091 417 jacentem
1114 346 1296 418 erigit.
1330 346 1419 403 Uti
1449 362 1626 418 neque
1657 361 1794 403 sano
1818 362 1938 404 cor-

2047 367 2149 415 σιν,
2183 348 2319 404 ἀλλά
2349 349 2442 405 τὸν
2490 350 2750 423 κείμενον·
2805 353 2996 427 ὥσπερ
3037 354 3160 410 οὐδὲ
3201 356 3291 411 τὸν
3323 358 3642 429 ὑγίαινον-ια

353 443 493 517 peri,
524 440 617 497 sed
654 442 794 495 male
824 438 1018 493 aﬂ‘ccto
1046 439 1346 495 remedium
1377 438 1688 493 adhibetur.

422 530 579 596 Quod
616 532 659 586 si
693 532 818 600 quis
854 531 1313 586 resurrectionem
1349 530 1545 584 animae
1578 545 1686 584 non
1722 531 1941 600 corpori

350 629 666 673 eventuram
713 619 1050 689 pertinacius
1088 618 1359 673 aﬂirmare
1405 619 1556 682 velit,
1614 633 1810 689 magna
1855 626 1942 673 est

356 707 594 763 hominis
642 710 912 765 stoliditas
951 719 1005 765 et
1042 709 1302 763 amentia.
1345 708 1506 763 Prius
1552 709 1700 763 enim
1743 709 1942 763 anima:

352 802 763 871 corruptionem
796 818 861 857 ac
893 802 1315 857 dissolutionem
1346 815 1574 856 necesse
1598 810 1683 856 est
1713 816 1937 856 asseve-

353 901 456 955 ret,
484 903 539 946 ut
569 894 720 946 illius
744 894 916 962 partis
936 908 1058 947 esse
1086 890 1548 945 resurrectionem
1574 888 1808 955 inferat;
1836 905 1942 944 nec

353 997 583 1052 prorsus
637 984 872 1039 delirare
921 981 1018 1038 sed
1074 990 1354 1050 utcunque
1405 980 1614 1050 aliquid
1665 980 1941 1037 disserere

255 1126 268 1141 ,
348 1075 628 1128 videatur.
662 1071 866 1126 Verum
894 1071 1087 1127 demus
1120 1071 1222 1125 hoc
1257 1069 1331 1123 illi
1360 1110 1374 1135 ,
1408 1076 1467 1122 ut
1501 1069 1785 1123 mortalem
1817 1085 1941 1125 esse

349 1160 591 1220 animam
619 1161 859 1217 deﬁniat.
890 1160 1009 1216 Jain
1036 1162 1268 1216 duorum
1292 1160 1524 1215 alterum
1550 1159 1681 1229 poni
1711 1174 1941 1216 necesse

350 1262 437 1309 est
458 1271 474 1317 ;
498 1264 591 1307 aut
624 1269 746 1309 vere
774 1255 1164 1324 pronuntiasse
1196 1251 1510 1318 Dominum,
1542 1266 1670 1306 cum
1713 1251 1942 1306 immor-

350 1345 519 1398 talem
545 1346 666 1399 esse
689 1345 928 1397 animam
957 1341 1179 1407 docuit,
1211 1351 1267 1397 et
1292 1341 1373 1396 sic
1392 1338 1640 1395 eamdem
1660 1337 1941 1409 corrumpi

351 1433 647 1490 falsissime
692 1432 1015 1505 praedicari;
1066 1440 1162 1486 aut
1201 1432 1350 1486 illam
1398 1439 1550 1487 certe
1591 1446 1783 1487 revera
1815 1446 1941 1487 cor.-

350 1524 567 1594 rumpi,
625 1526 872 1594 adeoque
925 1522 1290 1579 immortalem
1350 1523 1499 1578 illam
1558 1530 1723 1593 atque
1771 1522 1939 1577 exitio

350 1622 628 1669 carentem
651 1629 795 1681 esse,
819 1627 1105 1689 perperam
1127 1613 1382 1669 docuisse
1402 1613 1716 1679 Christum;
1743 1621 1856 1667 tum
1881 1613 1939 1668 in

2045 440 2457 513 θεραπεύουσιν,
2489 441 2627 496 ἀλλά
2658 442 2750 497 τὸν
2780 445 3081 516 πάσχοντα.

2113 533 2178 585 Εἰ
2205 532 2262 586 δέ
2285 550 2369 595 τις
2396 533 2495 604 τὴν
2525 535 2822 589 ἀνάστασιν
2850 536 2943 589 ἐπὶ
2971 538 3070 608 τῆς
3096 538 3300 612 ψυχῆς,
3331 542 3427 596 καὶ
3454 542 3531 614 μὴ
3553 545 3645 597 ἐπὶ

2042 623 2144 694 τῆς
2172 623 2376 696 σαρκὸς
2407 623 2655 695 βιάζεται
2689 625 2868 694 λέγειν
2906 626 3152 693 ἔσεσθαι,
3188 630 3358 702 πολλὴ
3397 633 3499 703 μὲν
3531 652 3646 704 μω-

2044 714 2139 785 ρία
2178 715 2354 786 τούτῳ
2399 718 2494 770 καὶ
2523 716 2739 797 ἀλογία.
2766 702 2938 788 Λέγει
2970 721 3082 793 γὰρ
3107 722 3131 755 ⁸
3167 722 3376 795 φθορὰν
3404 702 3643 797 πρῶτον,

2041 806 2138 859 καὶ
2167 805 2320 859 λύσιν
2349 807 2440 860 τὸν
2469 794 2709 863 τοιοῦτον
2734 810 2833 881 τῆς
2851 810 3034 885 ψυχῆς
3057 794 3355 881 δεικνύναι,
3380 794 3470 868 ἵνα
3492 818 3647 892 δείξῃ

2041 895 2108 967 δὴ
2136 898 2231 951 καὶ
2260 898 2359 968 τὴν
2378 899 2698 963 ἀνάστασιν,
2739 903 2812 973 μή
2841 919 2924 956 τοι
2957 902 3230 975 ληροῦντά
3256 923 3342 975 γε,
3376 909 3520 962 ἀλλά
3547 926 3644 962 σα-

2042 988 2158 1056 φῶς
2194 987 2421 1057 λέγοντὰ
2460 1008 2514 1044 τι
2548 992 2856 1060 φαίνεσθαι.
2891 993 3085 1064 Ὅμως
3110 997 3244 1053 γοῦν
3276 1000 3461 1055 δοτέον
3489 1003 3645 1073 αύτῷ

2042 1076 2243 1148 θνητὴν
2266 1079 2556 1150 ὁρίσασθαι
2594 1080 2693 1157 τὴν
2725 1083 2924 1155 ψυχήν.
2967 1088 3124 1139 Δυοῖν
3153 1098 3264 1163 γαρ
3296 1107 3380 1144 τοι
3409 1091 3643 1164 θάτερον

2039 1167 2218 1222 ταῦτα
2249 1169 2455 1235 θετέον,
2493 1171 2526 1242 ἢ
2557 1172 2732 1244 ἀληθῆ
2766 1175 2858 1228 τὸν
2886 1174 3087 1248 Κύριον
3122 1179 3512 1252 ἀποφήνασθαι
3541 1185 3644 1256 τὴν

2040 1256 2221 1328 ψυχὴν
2258 1258 2529 1315 ἀθάνατον
2578 1262 2917 1333 διδάσκοντα,
2966 1267 3063 1319 καὶ
3110 1267 3311 1341 ψεῦδος
3355 1271 3529 1342 αὐτὴν
3584 1273 3646 1327 τὸ

2043 1347 2363 1420 φθείρεσθαι
2410 1350 2610 1420 λέγειν·
2655 1354 2689 1425 ἢ
2734 1353 3081 1428 φθείρεσθαι,
3120 1360 3213 1412 καὶ
3244 1359 3443 1435 ψεῦδος
3470 1363 3646 1433 αὐτὴν

2041 1439 2104 1493 τὸ
2130 1440 2417 1514 ἀνόλεθρον
2449 1444 2546 1499 καὶ
2572 1444 2841 1502 ἀθάνατον
2878 1445 3017 1503 εἷναι
3061 1451 3335 1507 διδάσκειν
3376 1456 3471 1511 τὸν
3506 1458 3648 1530 Χρι-

2044 1531 2170 1589 στὸν
2219 1533 2315 1586 καὶ
2365 1536 2422 1588 ὲν
2453 1538 2519 1607 τῇ
2568 1537 2711 1593 κατά
2735 1539 2829 1592 τὸν
2871 1540 3128 1597 πλούσιον
3174 1545 3271 1598 καὶ
3304 1547 3395 1601 τὸν
3431 1548 3646 1619 πένητα

2042 1621 2263 1693 φράσει,
2296 1624 2392 1677 καὶ
2417 1626 2476 1682 ὲν
2515 1629 2582 1696 τῇ
2622 1626 2765 1681 κατά
2805 1629 2897 1683 τὸν
2929 1632 3167 1687 Μωῦσέα
3198 1636 3292 1688 καὶ
3317 1637 3410 1689 τὸν
3451 1637 3646 1693 Ἠλίαν

349 1705 443 1759 illa
464 1704 652 1761 divitis
690 1721 755 1760 ac
788 1705 1046 1771 pauperis
1077 1704 1310 1759 historia
1339 1705 1354 1737 ¹
1382 1723 1397 1771 ;
1422 1710 1539 1757 tum
1570 1704 1624 1756 in
1652 1703 1845 1769 altera,
1882 1703 1938 1758 in

2047 1704 2299 1784 ὀπτασίᾳ.
2355 1714 2496 1768 Ἀλλ’
2522 1716 2675 1770 οὐδὲν
2710 1719 2740 1770 ὁ
2773 1717 2981 1790 Κύριος
3024 1719 3201 1786 ἄλλως
3243 1724 3570 1793 ἐφθέγξατο,
3606 1726 3642 1794 ἢ

351 1812 462 1868 qua
489 1797 670 1854 Moses
691 1807 855 1868 atque
876 1796 1024 1852 Elias
1047 1797 1303 1867 apparuit
1323 1798 1369 1850 ³.
1395 1796 1559 1864 Atqui
1582 1794 1720 1849 nihil
1741 1803 1948 1850 temere

354 1888 576 1944 loeutus
603 1897 707 1951 est,
740 1902 917 1951 neque
943 1889 1208 1943 mentitus
1226 1895 1310 1946 est
1328 1886 1611 1941 Dominus.
1634 1884 1754 1940 Non
1775 1887 1944 1953 enim,

355 1991 415 2037 ut
438 1980 712 2050 apostolis
736 1980 1015 2047 illuderct,
1040 1979 1203 2034 inane
1241 1979 1309 2034 iis
1330 1979 1688 2034 simulacrum
1715 1993 1780 2033 ac
1806 1978 1948 2033 ludi—

352 2082 506 2121 cram
548 2069 786 2138 specicm
818 2068 1096 2134 ostendit,
1142 2083 1269 2123 cum
1314 2069 1367 2122 in
1418 2078 1605 2124 monte
1654 2067 1826 2122 Eliam
1881 2083 1947 2125 ac

255 2156 267 2171 '
353 2160 595 2232 Hoysem
626 2161 936 2229 exbibuit';
967 2162 1061 2216 sed
1104 2161 1251 2231 quod
1286 2162 1467 2232 reipsa
1504 2173 1664 2217 erant
1686 2164 1806 2217 sine
1834 2163 1947 2218 ullo

352 2253 643 2307 mendacio
674 2252 951 2322 patefecit.
1000 2250 1152 2306 Unde
1184 2251 1269 2307 vel
1308 2251 1755 2321 imperitissimus
1792 2251 1946 2322 quis-

2043 1802 2329 1874 ἐψεύσατο.
2360 1808 2435 1860 Ού
2462 1808 2571 1880 γάρ
2596 1810 2815 1865 εἴδωλον
2840 1812 2874 1883 ἢ
2903 1811 3217 1885 φάντασμα,
3247 1818 3376 1880 τοὺς
3402 1819 3645 1872 ἀποστό-

2043 1892 2169 1959 λους
2193 1895 2514 1978 βουλόμενος
2537 1902 2775 1975 ἀπατᾷν,
2801 1904 3075 1960 ἐδείκνυεν
3103 1908 3287 1972 αὐτοῖς
3315 1909 3373 1962 ὲν
3398 1908 3477 1981 τῷ
3499 1909 3643 1984 δρει,

2043 1986 2134 2045 τὸν
2192 1988 2378 2045 Ἠλίαν
2423 1993 2518 2046 καὶ
2562 1993 2653 2049 τὸν
2687 1996 2952 2065 Μωῦσέα,
2984 1998 3099 2052 ἀλλ’
3124 1998 3153 2053 θ
3179 1995 3322 2070 ἦσαν
3366 2000 3644 2072 ἀψευδῶς.

2046 2078 2232 2166 Ὥστε,
2270 2081 2348 2146 ὡς
2381 2082 2513 2148 ἔπος
2559 2087 2758 2156 εἰπεῖν,
2807 2091 2904 2144 καὶ
2945 2090 3036 2144 τὸν
3064 2091 3510 2163 δυσμαθέστατον
3536 2112 3647 2166 μα·-

2051 2164 2164 2219 θεῖν
2185 2167 2456 2227 ἀθάνατον
2484 2174 2647 2230 αὑτὸν
2669 2172 2834 2244 εἶναι,
2871 2178 2966 2233 καὶ
2983 2180 3273 2253 ἀνὸλεθρον
3303 2164 3646 2237 διαϐεϐαιοῦ-

2053 2256 2179 2312 σθαι
2215 2260 2313 2333 τὴν
2342 2263 2543 2337 ψυχήν,

348 2364 478 2420 que,
508 2358 569 2402 ut
593 2362 704 2401 uno
755 2347 924 2403 verbo
974 2347 1191 2412 dicam,
1236 2346 1548 2417 intelligere
1600 2352 1806 2421 potest,
1836 2345 2201 2411 immortalem
2230 2357 2298 2413 ab
2329 2358 2473 2430 ipso,
2500 2370 2556 2417 et
2577 2362 2731 2419 exitii
2760 2364 3059 2423 immunem
3089 2370 3327 2426 animam
3352 2387 3474 2430 esse
3501 2389 3644 2430 con-

349 2442 584 2499 ﬁrmari.

422 2510 684 2588 XXXt’il.
718 2534 980 2603 Corporis
1030 2533 1215 2603 itaque
1273 2534 1608 2588 resurrectio
1660 2543 1766 2602 est,
1822 2550 1935 2593 non

349 2625 567 2690 animm,
617 2632 678 2680 ut
713 2627 768 2679 in
796 2627 1205 2696 corruptionem
1241 2625 1457 2696 lapsum
1497 2626 1719 2683 Davidis
1750 2629 1937 2684 taber-

349 2717 610 2774 naculum
655 2724 909 2786 resurgat
943 2734 957 2779 ;
990 2726 1153 2786 atque
1178 2717 1269 2769 ubi
1292 2717 1628 2785 constiterit,
1649 2729 1703 2775 et
1728 2719 1939 2774 instau-

351 2820 532 2865 ratum
563 2808 747 2872 luerit,
779 2808 925 2863 sicut
944 2808 1062 2863 dies
1085 2807 1295 2871 saeculi,
1338 2808 1656 2866 inviolabile
1679 2809 1939 2881 deinceps

351 2914 419 2954 ac
442 2900 838 2970 sempiternum
865 2907 1203 2970 permaneat.
1224 2897 1411 2968 Neque
1431 2914 1562 2955 vero
1591 2900 1759 2956 Deum
1787 2901 1940 2955 arbi-

2113 2537 2234 2593 AZ'.
2272 2539 2481 2595 Οὐκοῦν
2516 2544 2719 2613 σαρκὸς
2749 2545 2782 2616 ἡ
2814 2545 3111 2611 ἀνάστασις
3153 2548 3411 2627 γίνεται,
3435 2555 3499 2607 ού
3537 2554 3640 2625 ψυα

2042 2629 2165 2701 χῆς,
2209 2630 2358 2695 ὅπως
2408 2632 2442 2702 ἡ
2491 2638 2816 2690 πεπτωκυῖα
2862 2638 2957 2691 τοῦ
2996 2640 3162 2694 Δαόὶδ
3194 2643 3276 2707 είς
3303 2644 3402 2715 τὴν
3430 2645 3642 2718 φθορὰν

2042 2719 2254 2789 ἀναστῇ
2298 2721 2494 2792 σκηνὴ,
2537 2724 2633 2776 καὶ
2664 2725 2968 2791 ἀναστᾶσα,
3002 2730 3095 2781 καὶ
3123 2731 3638 2806 ἀνοικοδομηθεῖσα,

2045 2809 2229 2874 καθὼς
2263 2812 2320 2867 αἱ
2366 2813 2570 2887 ἡμέραι
2614 2816 2708 2868 τοῦ
2757 2818 2973 2884 αἰῶνος,
3023 2823 3264 2893 ἀπήμων
3309 2825 3498 2880 λοιπὸν
3542 2831 3634 2884 καὶ

2046 2901 2382 2968 ἀδιάπτωτος
2405 2905 2668 2977 διαμένοι.
2706 2911 2826 2964 Ὅτι
2854 2914 2928 2991 μὴ
2952 2914 3029 2983 τῷ
3053 2915 3171 2987 Θεῷ
3194 2919 3295 2989 τὴν
3316 2919 3528 2993 λιθίνην
3553 2926 3621 2977 οἰκ

350 2994 489 3047 trari
508 2969 773 3048 debemus
805 2969 1074 3062 lapideam
1096 2992 1235 3046 vello
1266 2991 1429 3062 560
1452 2994 1680 3048 domum
1719 2992 1938 3050 Davidis

2047 2995 2171 3049 κίαν
2207 2969 2510 3067 δείμασθαι⁷
2530 2999 2625 3053 τοῦ
2665 2969 2866 3069 Δαῦὶδί
2896 2969 3032 3087 μηδὲ
3079 2970 3154 3065 ἴνί

352 3096 663 3151 exstruere,
694 3099 875 3155 neque
901 3085 959 3139 in
990 3085 1203 3140 calesti
1229 3100 1400 3156 regno
1430 3086 1691 3141 eximium
1723 3087 1947 3159 aliquod

348 3178 692 3235 domicilium
738 3189 1084 3234 construere.
1124 3178 1230 3234 Sed
1261 3180 1329 3234 de
1369 3196 1536 3235 carne
1578 3182 1764 3252 loqui,
1798 3181 1946 3252 quod

354 3272 1021 3327 animae-tabernaculum
1066 3280 1173 3335 est,
1218 3272 1362 3341 quod
1411 3273 1630 3342 quidem
1673 3273 1789 3329 suis
1830 3274 1948 3344 ipse

352 3364 609 3418 manibus
633 3364 855 3418 molitus
883 3373 987 3417 est.
1022 3361 1106 3416 Tu
1137 3379 1285 3427 vero,
1319 3364 1726 3434 sapientissime
1748 3364 1948 3434 Aglao-

353 3454 500 3523 phon
526 3493 542 3515 ,
579 3452 726 3505 hunc
765 3450 832 3503 ad
882 3450 1103 3504 modum
1157 3450 1263 3505 ista
1308 3450 1620 3505 considera.
1661 3448 1945 3505 Facillime

350 3543 498 3598 enim
550 3543 642 3596 illa
674 3543 859 3595 animo
903 3543 1214 3611 perceperis
1236 3582 1250 3603 .
1291 3544 1337 3597 si
1371 3543 1437 3596 ad
1471 3543 1859 3598 dormientium
1889 3551 1945 3599 et

348 3632 853 3705 expergiscentium
912 3633 1326 3688 similitudinem
1387 3635 1648 3691 attendis.
1704 3633 1841 3689 Nam
1895 3636 1943 3690 si

353 3742 584 3782 somnus
611 3726 843 3796 vigiliam
865 3726 1132 3794 sequitur,
1160 3734 1213 3781 et
1239 3742 1491 3782 somnum
1517 3726 1938 3799 expergefactio,

352 3821 521 3890 idque
554 3819 980 3875 resurrectionis
1024 3833 1089 3873 ac
1112 3822 1304 3877 mortis
1351 3829 1435 3877 est
1467 3822 1736 3877 nonnulla
1767 3824 1940 3879 medi-

349 3913 483 3967 tatio
512 3930 526 3967 :
559 3912 763 3983 quippe

664 4002 733 4056 Et
764 4020 949 4058 somno
978 4013 1025 4057 et
1058 4005 1215 4058 morti
1242 4004 1485 4072 geminis,

2045 3087 2154 3142 τῶν
2196 3088 2443 3162 οὐρανῶν
2490 3092 2668 3146 οἰκίαν
2704 3098 2804 3167 σχῇ
2846 3097 3037 3177 καλὴν,
3074 3100 3209 3161 ἀλλά
3239 3102 3338 3176 τὴν
3372 3105 3551 3178 σάρκα
3576 3113 3629 3160 τῖ

2047 3178 2245 3249 σκῆνος
2275 3180 2374 3250 τῆς
2406 3180 2603 3253 ψυχῆς,
2644 3185 2711 3255 ἣν
2751 3187 2912 3252 αὐτὸς
2940 3192 3060 3254 ταῖς
3093 3192 3287 3247 ἑαυτοῦ
3310 3198 3500 3268 χερσὶν
3522 3200 3629 3251 ἐτες

2045 3271 2302 3342 κτήνατο.
2337 3273 2669 3329 Σκοπεῖσθαι
2706 3277 2764 3331 δέ
2799 3294 2879 3346 σε,
2907 3274 2952 3333 ὦ
2976 3283 3255 3352 σοφώτατε
3295 3288 3633 3360 Ἀγλαοφῶν.

2045 3362 2246 3416 οὑτωσὶ
2273 3365 2399 3442 χρή.
2426 3364 2650 3431 Πάντως
2676 3368 2732 3420 δὲ
2772 3371 2943 3441 ῥᾷστα
2975 3373 3197 3449 μαθήσῃ
3224 3377 3402 3443 τοῦτο,
3427 3380 3523 3433 ἐὰν
3546 3382 3633 3432 ἐπὶ

2045 3450 2145 3521 τὴν
2191 3453 2285 3506 τοῦ
2332 3455 2616 3510 καθεύδειν
2650 3458 2837 3513 είκόνα
2870 3463 3116 3536 πρόσχῃς
3156 3467 3250 3520 καὶ
3288 3467 3635 3524 ἀνίστασθαι.

2046 3538 2111 3591 Εἰ
2150 3538 2259 3612 γὰρ
2291 3542 2353 3594 τὸ
2382 3543 2584 3600 ύπνοῦν
2615 3547 2723 3600 ἀπὸ
2761 3549 2852 3602 τοῦ
2884 3551 3270 3626 ἐγρηγορέναι,
3303 3559 3400 3611 καὶ
3448 3562 3509 3612 τὸ
3545 3561 3611 3613 ἀν

2049 3631 2300 3686 ίστασθαι
2346 3635 2453 3688 ἀπὸ
2477 3636 2572 3689 τοῦ
2607 3638 2887 3695 καθεύδειν
2919 3644 3150 3712 γίνεται,
3185 3649 3280 3702 καὶ
3312 3650 3472 3705 τοῦτο
3510 3654 3635 3706 dvo.

2047 3727 2291 3793 στάσεως
2322 3731 2419 3784 καὶ
2444 3733 2677 3787 θανάτου
2716 3736 2936 3808 μελέτη·

2205 3999 2403 4066 Ὕπνῳ
2431 4002 2543 4071 γὰρ
2573 4002 2673 4057 καὶ
2705 4003 2938 4071 θανάτῳ
2961 4003 3182 4075 δίδυμα
3201 3998 3289 4059 ὧν
3313 4006 3383 4060 ἓν
3418 4009 3441 4040 ³
3460 4044 3478 4071 ,

349 4095 579 4167 perinde
609 4096 986 4151 necessarium
1016 4106 1122 4159 est,
1160 4103 1218 4149 ut
1240 4106 1294 4150 ct
1324 4097 1651 4154 reviviscere
1674 4106 1847 4156 morte
1869 4102 1938 4155 sit

2047 4091 2260 4164 ἀνάγκη
2288 4091 2352 4165 δὴ
2386 4094 2481 4147 καὶ
2513 4094 2575 4147 τὸ
2605 4095 3046 4149 ἀναδιώσκεσθαι
3102 4093 3242 4152 εἶναι
3300 4100 3367 4152 ὲκ
3421 4101 3519 4154 τοῦ
3550 4118 3637 4155 τε-

349 4189 647 4259 posterius,
675 4195 736 4241 ut
759 4188 1010 4258 corporis
1036 4188 1141 4243 vita
1176 4189 1459 4251 succedat,
1485 4205 1609 4244 cum
1633 4198 1687 4246 et
1705 4192 1938 4248 excitari

2047 4181 2255 4252 θνάναι,
2305 4186 2382 4248 εἰς
2413 4185 2474 4238 τὸ
2524 4184 2624 4258 ζῇν
2661 4186 2761 4258 τὴν
2787 4189 2987 4261 σάρκα,
3020 4189 3180 4262 εἴπερ
3207 4191 3305 4244 καὶ
3334 4191 3398 4245 τὺ
3426 4193 3637 4262 ἀνεγεί-

347 4296 380 4337 e
401 4282 803 4337 dormientibus
824 4282 1099 4351 quispiam
1121 4281 1356 4337 dicatur.
1382 4282 1594 4338 Etenim
1615 4292 1674 4338 ut
1696 4299 1726 4340 e
1743 4301 1938 4342 somno

2047 4275 2235 4344 ρεσθαι
2265 4278 2330 4329 ὲκ
2362 4276 2471 4330 τῶν
2511 4277 2903 4334 καθευδόντων.
2940 4280 3031 4345 Ὧς
3060 4282 3170 4354 γὰρ
3203 4284 3269 4336 ὲκ
3298 4284 3397 4338 τοῦ
3435 4285 3633 4339 καθεύο

347 4370 532 4440 vigilia
553 4371 824 4439 sequitur,
851 4378 907 4423 et
929 4370 1024 4439 qui
1048 4369 1250 4426 dormit
1277 4387 1385 4427 non
1410 4372 1466 4426 in
1491 4372 1681 4427 eodem
1709 4375 1935 4432 omnino

2047 4367 2152 4421 δειν
2176 4367 2238 4421 τὸ
2264 4369 2626 4441 ἐγρηγορέναι
2652 4370 2884 4439 γίνεται,
2916 4373 3010 4426 καὶ
3038 4372 3099 4426 ού
3132 4373 3352 4439 πάντως
3374 4379 3403 4430 δ
3433 4377 3633 4431 καθεύ-

349 4460 542 4514 babitu
593 4460 874 4529 persistit.
908 4470 965 4513 ut
992 4459 1212 4515 assidue
1240 4460 1514 4529 dormiat;
1561 4462 1658 4517 sed
1703 4463 1938 4521 subinde

2047 4459 2143 4514 Βων
2177 4463 2236 4513 ὲν
2282 4459 2358 4531 τῷ
2404 4462 2553 4533 αὐτῷ
2590 4463 2831 4535 διαμένει
2884 4467 3122 4537 σχήματι
3180 4468 3266 4520 ἀεὶ
3330 4468 3627 4533 καθεύδων,

347 4548 767 4618 consurgit;ita
806 4556 860 4601 et
897 4564 962 4603 ex
1016 4556 1192 4603 morte
1241 4551 1350 4604 vita
1391 4562 1794 4622 consequetur;
1837 4570 1938 4611 nec

2047 4550 2176 4604 ἀλλά
2198 4547 2356 4616 αὖθις
2382 4554 2691 4609 ἀνίσταται·
2730 4555 2905 4620 οὕτως
2942 4557 3037 4611 καὶ
3063 4557 3124 4610 τὸ
3156 4558 3255 4631 ζῇν
3283 4562 3349 4613 ἐκ
3374 4561 3471 4615 τοῦ
3495 4564 3630 4615 ἀπο-

346 4639 573 4695 οιιιιιίιιο
592 4641 685 4709 qui
704 4650 957 4695 mortuus
977 4649 1061 4695 est
1084 4648 1205 4710 post
1225 4650 1453 4698 mortem
1473 4643 1663 4698 eodem
1694 4645 1750 4699 in
1787 4654 1932 4701 statu

345 4741 681 4801 perseverat.
706 4732 842 4788 Cum
864 4732 1009 4787 enim
1034 4743 1157 4802 post
1182 4749 1434 4790 somnum
1457 4736 1642 4807 vigilia
1661 4738 1930 4805 succedit,

342 4830 399 4878 et
428 4831 553 4893 post
583 4824 795 4894 lapsum
825 4825 1103 4894 excitatio,
1142 4834 1197 4880 et
1228 4835 1353 4898 post
1393 4828 1801 4885 demolitionem
1846 4831 1934 4886 in-

344 4916 633 4980 stauratio,
655 4931 840 4972 nonne
869 4925 924 4972 et
953 4919 1021 4974 ab
1046 4934 1132 4986 eo,
1161 4919 1307 4989 quod
1333 4920 1642 4984 inclinavit,
1673 4922 1931 4992 quodque

344 5011 622 5059 mortuum
676 5014 783 5070 est,
834 5008 1202 5077 exspectanda
1267 5008 1602 5063 resurrectio
1653 5009 1768 5063 est?
1811 5008 1930 5064 Non

341 5096 485 5145 enim
514 5093 625 5147 haec
646 5110 746 5149 nos
769 5095 973 5150 frustra
994 5097 1340 5160 conﬁtemur,
1367 5104 1729 5167 posteaquam
1751 5113 1929 5153 emor-

343 5191 436 5236 tua
469 5198 701 5254 c0rpora
742 5194 909 5252 sunt,
951 5189 1133 5243 denuo
1171 5189 1516 5242 reviviscere.
1559 5186 1713 5253 Quod
1750 5188 1926 5257 ipsum

344 5286 451 5325 non
503 5272 558 5327 in
602 5289 795 5329 somno
834 5277 1035 5342 solum,
1082 5284 1139 5331 et
1189 5276 1688 5347 expergefactionc,
1733 5279 1828 5333 sed
1868 5278 1923 5333 in

342 5364 647 5421 seminibus
694 5381 758 5420 ac
803 5368 1064 5439 stirpibus
1092 5370 1328 5431 intuere,
1358 5368 1404 5421 si
1448 5367 1619 5431 Iubet,
1662 5371 1927 5438 quemad-

345 5456 564 5509 modum
614 5460 1073 5516 resurrectionem
1118 5460 1234 5513 htcc
1273 5459 1453 5513 omnia
1500 5459 1795 5529 praedicare
1842 5463 1925 5517 vi-

2040 4641 2224 4697 θανεῖν
2252 4646 2612 4717 ωμὸήσεται,
2642 4647 2738 4703 καὶ
2757 4649 2819 4702 οὐ
2842 4648 3059 4714 πάντως
3088 4652 3116 4702 ὁ
3142 4650 3457 4716 ἀποθανὼν,
3480 4656 3628 4708 ἐπει-

2038 4732 2134 4787 δὰν
2167 4735 2449 4801 ἀποθάνοι,
2489 4739 2547 4791 ὲν
2566 4738 2645 4809 τῷ
2670 4739 2817 4811 αύτῷ
2841 4740 3017 4812 μένει.
3052 4743 3113 4795 Ei
3141 4742 3252 4813 γὰρ
3286 4746 3351 4797 ἐκ
3378 4744 3474 4798 τοῦ
3511 4762 3624 4798 κοι-

2042 4827 2247 4897 μᾶσθαι
2293 4830 2355 4883 τὸ
2407 4831 2788 4903 ἐγρηγορέναι,
2829 4836 2925 4888 καὶ
2958 4837 3022 4888 ἐκ
3061 4836 3154 4889 τοῦ
3195 4840 3384 4890 πεσεῖν
3416 4837 3477 4891 τὸ
3534 4838 3627 4890 ἀν-

2040 4917 2358 4990 εγερθῆναι,
2393 4923 2489 4975 καὶ
2523 4924 2588 4976 ἐκ
2620 4923 2713 4976 τοῦ
2740 4925 3147 4998 καταϐληθῆναι
3172 4929 3234 4981 τὸ
3258 4930 3619 5001 ἀνοικοδομη-

2036 5008 2216 5082 θῆναιθ
2250 5012 2334 5077 τίς
2380 5017 2596 5086 μηχανὴ
2643 5019 2739 5070 καὶ
2788 5019 2855 5070 ἐκ
2903 5018 2999 5072 τοῦ
3026 5020 3329 5087 ,κλιθέντος
3378 5021 3454 5093 μὴ
3499 5020 3622 5093 οὐχὶ

2036 5103 2342 5175 προσδοκᾷν
2370 5106 2431 5159 τὸ
2456 5107 2875 5179 ἀναστήσεσθαι,
2911 5112 3005 5164 καὶ
3031 5113 3095 5164 ἐκ
3124 5112 3379 5176 θανόντος
3407 5115 3470 5167 τὸ
3497 5116 3621 5167 ἁνα-

2036 5194 2368 5265 στήσεσθαι;
2404 5199 2515 5251 Καὶ
2538 5197 2648 5270 γὰρ
2680 5203 2844 5272 ἡμεῖς
2876 5201 3048 5256 ταῦτα
3075 5204 3173 5256 οὐκ
3201 5203 3620 5277 ἐξαπατώμενοι

2033 5283 2426 5358 ὁμολογοῦμεν,
2470 5291 2536 5344 ἐκ
2575 5288 2687 5345 τῶν
2738 5292 3049 5346 τεθνεώτων
3101 5294 3369 5365 σωμάτων
3397 5295 3459 5348 τὺ
3489 5296 3622 5349 dva-

2032 5373 2363 5433 ϐιώσκεσθαι
2391 5382 2733 5452 συμϐαίνειν.
2767 5385 2878 5439 Καὶ
2907 5386 2981 5457 μὴ
3012 5387 3169 5456 μόνον
3195 5388 3377 5453 τοῦτο,
3414 5392 3465 5443 εἰ
3495 5389 3619 5460 βούο

2031 5468 2134 5533 λει,
2164 5471 2270 5524 ἀπὸ
2298 5473 2392 5526 τοῦ
2420 5474 2704 5531 καθεύδειν
2726 5479 2939 5545 σκόπει,
2983 5482 3077 5535 καὶ
3106 5482 3450 5550 ἀνίστασθαι,
3479 5484 3618 5539 ἀλλὰ

412 5651 434 5687 ⁸
463 5651 592 5705 Luc.
623 5671 734 5717 xw.
774 5657 836 5713 l9
861 5674 980 5720 sua.
1057 5660 1077 5691 ¹
1108 5657 1296 5713 Matth.
1326 5672 1454 5722 xv”,
1496 5657 1513 5710 l
1550 5670 1670 5727 sqq.
1748 5656 1768 5687 ³
1791 5661 1924 5719 ibid.

2055 5671 2180 5730 Cor.
2239 5681 2331 5732 Δεῖ
2353 5679 2481 5749 γάρ.
2561 5682 2582 5715 ⁸
2617 5683 2744 5741 Cor.
2813 5684 3148 5757 διδυμάοσιν.
3179 5684 3390 5741 Homeri
3423 5685 3498 5744 II.
