  <div class='ocr_page' id='page_1' title='image "/cluster/home/n/w/nwhite01/storage/ocr_20150623/41/mdp.39015008169818/586.png"; bbox 0 0 3794 6182; ppageno 0'>
   <div class='ocr_carea' id='block_1_1' title="bbox 237 317 377 373">
    <p class='ocr_par' dir='ltr' id='par_1_1' title="bbox 237 317 377 373">
     <span class='ocr_line' id='line_1_1' title="bbox 237 317 377 373; baseline 0.007 -1"><span class='ocrx_word' id='word_1_1' title='bbox 237 317 377 373; x_wconf 64' lang='lat' dir='ltr'><strong>{I29</strong></span> 
     </span>
    </p>
   </div>
   <div class='ocr_carea' id='block_1_2' title="bbox 957 295 1828 369">
    <p class='ocr_par' dir='ltr' id='par_1_2' title="bbox 957 299 1828 369">
     <span class='ocr_line' id='line_1_2' title="bbox 957 299 1828 369; baseline -0.014 0"><span class='ocrx_word' id='word_1_2' title='bbox 957 308 1326 369; x_wconf 77' lang='lat' dir='ltr'><strong>ADVERSUS</strong></span> <span class='ocrx_word' id='word_1_3' title='bbox 1362 303 1698 365; x_wconf 60' lang='lat' dir='ltr'><strong>lleRESES</strong></span> <span class='ocrx_word' id='word_1_4' title='bbox 1735 299 1828 358; x_wconf 69' lang='lat' dir='ltr'><strong>LII</strong></span> 
     </span>
    </p>
   </div>
   <div class='ocr_carea' id='block_1_3' title="bbox 1940 295 2881 369">
    <p class='ocr_par' dir='ltr' id='par_1_3' title="bbox 1940 295 2881 357">
     <span class='ocr_line' id='line_1_3' title="bbox 1940 295 2881 357; baseline -0.003 -3"><span class='ocrx_word' id='word_1_5' title='bbox 1940 299 1966 355; x_wconf 57' lang='grc' dir='ltr'>ἱ.</span> <span class='ocrx_word' id='word_1_6' title='bbox 2009 298 2172 357; x_wconf 75' lang='lat' dir='ltr'><strong>TOM.</strong></span> <span class='ocrx_word' id='word_1_7' title='bbox 2213 298 2253 355; x_wconf 86' lang='grc'>1.</span> <span class='ocrx_word' id='word_1_8' title='bbox 2297 329 2346 340; x_wconf 84' lang='grc'><strong><em>-</em></strong></span> <span class='ocrx_word' id='word_1_9' title='bbox 2384 296 2658 355; x_wconf 65' lang='grc' dir='ltr'><strong>11ιΕΙὶΕ5.</strong></span> <span class='ocrx_word' id='word_1_10' title='bbox 2696 295 2881 353; x_wconf 74' lang='lat' dir='ltr'><strong>LXIV.</strong></span> 
     </span>
    </p>
   </div>
   <div class='ocr_carea' id='block_1_4' title="bbox 3346 294 3484 351">
    <p class='ocr_par' dir='ltr' id='par_1_4' title="bbox 3346 294 3484 351">
     <span class='ocr_line' id='line_1_4' title="bbox 3346 294 3484 351; baseline 0.014 -3"><span class='ocrx_word' id='word_1_11' title='bbox 3346 294 3484 351; x_wconf 74' lang='lat'><strong>“30</strong></span> 
     </span>
    </p>
   </div>
   <div class='ocr_carea' id='block_1_5' title="bbox 238 412 1828 502">
    <p class='ocr_par' dir='ltr' id='par_1_5' title="bbox 238 425 1810 502">
     <span class='ocr_line' id='line_1_5' title="bbox 238 425 1810 502; baseline -0.008 -15"><span class='ocrx_word' id='word_1_12' title='bbox 238 433 333 487; x_wconf 77' lang='grc' dir='ltr'>καὶ</span> <span class='ocrx_word' id='word_1_13' title='bbox 375 429 485 487; x_wconf 88' lang='grc' dir='ltr'><strong>άπὸ</strong></span> <span class='ocrx_word' id='word_1_14' title='bbox 523 429 634 484; x_wconf 85' lang='grc' dir='ltr'>τῶν</span> <span class='ocrx_word' id='word_1_15' title='bbox 684 427 1016 502; x_wconf 77' lang='grc' dir='ltr'><strong>σπερμάτων</strong></span> <span class='ocrx_word' id='word_1_16' title='bbox 1049 431 1145 483; x_wconf 71' lang='grc' dir='ltr'><strong>καὶ</strong></span> <span class='ocrx_word' id='word_1_17' title='bbox 1179 427 1383 499; x_wconf 81' lang='grc' dir='ltr'>φυτῶν,</span> <span class='ocrx_word' id='word_1_18' title='bbox 1431 426 1507 488; x_wconf 77' lang='grc' dir='ltr'>ὡς</span> <span class='ocrx_word' id='word_1_19' title='bbox 1548 426 1606 478; x_wconf 80' lang='grc' dir='ltr'>ὲν</span> <span class='ocrx_word' id='word_1_20' title='bbox 1646 425 1810 477; x_wconf 83' lang='grc' dir='ltr'>πᾶσιν</span> 
     </span>
    </p>
   </div>
   <div class='ocr_carea' id='block_1_6' title="bbox 1940 412 3491 502">
    <p class='ocr_par' dir='ltr' id='par_1_6' title="bbox 1940 412 3491 490">
     <span class='ocr_line' id='line_1_6' title="bbox 1940 412 3491 490; baseline -0.006 -17"><span class='ocrx_word' id='word_1_21' title='bbox 1940 419 2168 475; x_wconf 85' lang='lat' dir='ltr'><strong>leantur.</strong></span> <span class='ocrx_word' id='word_1_22' title='bbox 2206 418 2401 490; x_wconf 82' lang='lat' dir='ltr'><strong>Aspice</strong></span> <span class='ocrx_word' id='word_1_23' title='bbox 2428 419 2658 483; x_wconf 84' lang='lat' dir='ltr'><strong>semina,</strong></span> <span class='ocrx_word' id='word_1_24' title='bbox 2685 432 2805 489; x_wconf 73' lang='lat' dir='ltr'><strong>qua:</strong></span> <span class='ocrx_word' id='word_1_25' title='bbox 2838 413 2983 470; x_wconf 87' lang='lat' dir='ltr'><strong>nuda</strong></span> <span class='ocrx_word' id='word_1_26' title='bbox 3023 428 3087 469; x_wconf 86' lang='lat' dir='ltr'><strong>ac</strong></span> <span class='ocrx_word' id='word_1_27' title='bbox 3118 426 3283 468; x_wconf 86' lang='lat' dir='ltr'><strong>carne</strong></span> <span class='ocrx_word' id='word_1_28' title='bbox 3309 412 3491 471; x_wconf 84' lang='lat' dir='ltr'><strong>.desti-</strong></span> 
     </span>
    </p>
   </div>
   <div class='ocr_carea' id='block_1_7' title="bbox 235 503 1828 593">
    <p class='ocr_par' dir='ltr' id='par_1_7' title="bbox 235 513 1816 593">
     <span class='ocr_line' id='line_1_7' title="bbox 235 513 1816 593; baseline -0.007 -15"><span class='ocrx_word' id='word_1_29' title='bbox 235 525 418 586; x_wconf 84' lang='grc' dir='ltr'>αύτοίς</span> <span class='ocrx_word' id='word_1_30' title='bbox 464 525 497 593; x_wconf 79' lang='grc' dir='ltr'><strong>ὴ</strong></span> <span class='ocrx_word' id='word_1_31' title='bbox 541 521 841 586; x_wconf 83' lang='grc' dir='ltr'>ἀνάστασις</span> <span class='ocrx_word' id='word_1_32' title='bbox 881 521 1328 591; x_wconf 78' lang='grc' dir='ltr'><strong>καταγγέλλεται.</strong></span> <span class='ocrx_word' id='word_1_33' title='bbox 1369 515 1670 588; x_wconf 81' lang='grc' dir='ltr'>Κατάμαθε</span> <span class='ocrx_word' id='word_1_34' title='bbox 1708 513 1816 584; x_wconf 99' lang='lat'><strong>7&amp;9</strong></span> 
     </span>
    </p>
   </div>
   <div class='ocr_carea' id='block_1_8' title="bbox 1940 503 3491 593">
    <p class='ocr_par' dir='ltr' id='par_1_8' title="bbox 1940 503 3491 577">
     <span class='ocr_line' id='line_1_8' title="bbox 1940 503 3491 577; baseline -0.006 -12"><span class='ocrx_word' id='word_1_35' title='bbox 1940 519 2031 566; x_wconf 87' lang='lat' dir='ltr'><strong>uta</strong></span> <span class='ocrx_word' id='word_1_36' title='bbox 2072 517 2231 565; x_wconf 73' lang='lat' dir='ltr'><strong>terrae</strong></span> <span class='ocrx_word' id='word_1_37' title='bbox 2266 509 2611 574; x_wconf 71' lang='lat' dir='ltr'><strong>mandantur,</strong></span> <span class='ocrx_word' id='word_1_38' title='bbox 2647 507 2845 564; x_wconf 89' lang='lat' dir='ltr'><strong>dehinc</strong></span> <span class='ocrx_word' id='word_1_39' title='bbox 2874 503 3115 577; x_wconf 78' lang='lat' dir='ltr'><strong>perfecta</strong></span> <span class='ocrx_word' id='word_1_40' title='bbox 3146 518 3491 559; x_wconf 83' lang='lat' dir='ltr'><strong>consumma-</strong></span> 
     </span>
    </p>
   </div>
   <div class='ocr_carea' id='block_1_9' title="bbox 236 606 1820 686">
    <p class='ocr_par' dir='ltr' id='par_1_9' title="bbox 236 606 1820 686">
     <span class='ocr_line' id='line_1_9' title="bbox 236 606 1820 686; baseline -0.007 -16"><span class='ocrx_word' id='word_1_41' title='bbox 236 617 309 671; x_wconf 82' lang='grc' dir='ltr'><strong>τά</strong></span> <span class='ocrx_word' id='word_1_42' title='bbox 335 614 647 686; x_wconf 81' lang='grc' dir='ltr'>σπέρματα,</span> <span class='ocrx_word' id='word_1_43' title='bbox 686 614 804 677; x_wconf 87' lang='grc' dir='ltr'>πῶς</span> <span class='ocrx_word' id='word_1_44' title='bbox 834 613 1041 684; x_wconf 84' lang='grc' dir='ltr'>γυμνὰ,</span> <span class='ocrx_word' id='word_1_45' title='bbox 1083 612 1218 684; x_wconf 69' lang='grc' dir='ltr'>φησὶ</span> <span class='ocrx_word' id='word_1_46' title='bbox 1237 613 1277 676; x_wconf 86' lang='grc'><strong>¹,</strong></span> <span class='ocrx_word' id='word_1_47' title='bbox 1309 611 1404 666; x_wconf 72' lang='grc' dir='ltr'>καὶ</span> <span class='ocrx_word' id='word_1_48' title='bbox 1434 609 1654 680; x_wconf 82' lang='grc' dir='ltr'>άσαρκα</span> <span class='ocrx_word' id='word_1_49' title='bbox 1689 606 1820 678; x_wconf 86' lang='grc' dir='ltr'>βάλ-</span> 
     </span>
    </p>
   </div>
   <div class='ocr_carea' id='block_1_10' title="bbox 239 694 1819 776">
    <p class='ocr_par' dir='ltr' id='par_1_10' title="bbox 239 694 1819 776">
     <span class='ocr_line' id='line_1_10' title="bbox 239 694 1819 776; baseline -0.009 -16"><span class='ocrx_word' id='word_1_50' title='bbox 239 705 393 761; x_wconf 86' lang='grc' dir='ltr'>λεται</span> <span class='ocrx_word' id='word_1_51' title='bbox 425 707 506 769; x_wconf 81' lang='grc' dir='ltr'><strong>είς</strong></span> <span class='ocrx_word' id='word_1_52' title='bbox 534 704 635 776; x_wconf 84' lang='grc' dir='ltr'><strong>τὴν</strong></span> <span class='ocrx_word' id='word_1_53' title='bbox 660 703 786 774; x_wconf 82' lang='grc' dir='ltr'>γῆν,</span> <span class='ocrx_word' id='word_1_54' title='bbox 813 704 908 758; x_wconf 77' lang='grc' dir='ltr'><strong>καὶ</strong></span> <span class='ocrx_word' id='word_1_55' title='bbox 932 700 1410 773; x_wconf 71' lang='grc' dir='ltr'>τελεσφορούμενα</span> <span class='ocrx_word' id='word_1_56' title='bbox 1436 696 1599 752; x_wconf 82' lang='grc' dir='ltr'>πάλιν</span> <span class='ocrx_word' id='word_1_57' title='bbox 1631 694 1819 749; x_wconf 83' lang='grc' dir='ltr'>ἀποδί-</span> 
     </span>
    </p>
   </div>
   <div class='ocr_carea' id='block_1_11' title="bbox 238 785 1822 865">
    <p class='ocr_par' dir='ltr' id='par_1_11' title="bbox 238 785 1822 865">
     <span class='ocr_line' id='line_1_11' title="bbox 238 785 1822 865; baseline -0.008 -15"><span class='ocrx_word' id='word_1_58' title='bbox 238 796 407 850; x_wconf 83' lang='grc' dir='ltr'><strong>δοται.</strong></span> <span class='ocrx_word' id='word_1_59' title='bbox 455 795 608 848; x_wconf 81' lang='grc' dir='ltr'>Ἐπεὶ</span> <span class='ocrx_word' id='word_1_60' title='bbox 648 795 698 848; x_wconf 89' lang='grc' dir='ltr'><strong>εί</strong></span> <span class='ocrx_word' id='word_1_61' title='bbox 740 793 962 865; x_wconf 78' lang='grc' dir='ltr'>θνήσκοι</span> <span class='ocrx_word' id='word_1_62' title='bbox 1000 792 1098 863; x_wconf 80' lang='grc' dir='ltr'><strong>μὲν</strong></span> <span class='ocrx_word' id='word_1_63' title='bbox 1131 792 1225 845; x_wconf 75' lang='grc' dir='ltr'><strong>καὶ</strong></span> <span class='ocrx_word' id='word_1_64' title='bbox 1269 792 1494 860; x_wconf 87' lang='grc' dir='ltr'>σήποιτο</span> <span class='ocrx_word' id='word_1_65' title='bbox 1521 786 1590 840; x_wconf 85' lang='grc' dir='ltr'><strong>τά</strong></span> <span class='ocrx_word' id='word_1_66' title='bbox 1653 785 1822 856; x_wconf 85' lang='grc' dir='ltr'>σπέρ-</span> 
     </span>
    </p>
   </div>
   <div class='ocr_carea' id='block_1_12' title="bbox 245 874 1822 959">
    <p class='ocr_par' dir='ltr' id='par_1_12' title="bbox 245 874 1822 959">
     <span class='ocr_line' id='line_1_12' title="bbox 245 874 1822 959; baseline -0.008 -17"><span class='ocrx_word' id='word_1_67' title='bbox 245 874 413 959; x_wconf 85' lang='grc' dir='ltr'>ματα,</span> <span class='ocrx_word' id='word_1_68' title='bbox 459 887 525 941; x_wconf 75' lang='grc' dir='ltr'>ἐκ</span> <span class='ocrx_word' id='word_1_69' title='bbox 564 885 623 941; x_wconf 78' lang='grc' dir='ltr'><strong>δὲ</strong></span> <span class='ocrx_word' id='word_1_70' title='bbox 661 885 770 940; x_wconf 82' lang='grc' dir='ltr'>τῶν</span> <span class='ocrx_word' id='word_1_71' title='bbox 800 885 1132 956; x_wconf 80' lang='grc' dir='ltr'><strong>σπερμάτων</strong></span> <span class='ocrx_word' id='word_1_72' title='bbox 1164 881 1361 953; x_wconf 80' lang='grc' dir='ltr'><strong>μηκέτι</strong></span> <span class='ocrx_word' id='word_1_73' title='bbox 1393 879 1453 933; x_wconf 88' lang='grc' dir='ltr'><strong>τὸ</strong></span> <span class='ocrx_word' id='word_1_74' title='bbox 1481 878 1690 949; x_wconf 75' lang='grc' dir='ltr'>άναζῇν</span> <span class='ocrx_word' id='word_1_75' title='bbox 1727 876 1822 930; x_wconf 76' lang='grc' dir='ltr'>καὶ</span> 
     </span>
    </p>
   </div>
   <div class='ocr_carea' id='block_1_13' title="bbox 168 970 1824 1049">
    <p class='ocr_par' dir='ltr' id='par_1_13' title="bbox 168 970 1824 1049">
     <span class='ocr_line' id='line_1_13' title="bbox 168 970 1824 1049; baseline -0.008 -15"><span class='ocrx_word' id='word_1_76' title='bbox 168 1015 170 1018; x_wconf 52' lang='grc' dir='ltr'><strong>ν</strong></span> <span class='ocrx_word' id='word_1_77' title='bbox 243 979 399 1049; x_wconf 82' lang='grc' dir='ltr'>φύειν</span> <span class='ocrx_word' id='word_1_78' title='bbox 419 979 657 1048; x_wconf 83' lang='grc' dir='ltr'>γένοιτο·</span> <span class='ocrx_word' id='word_1_79' title='bbox 682 977 764 1041; x_wconf 89' lang='grc' dir='ltr'><strong>τίς</strong></span> <span class='ocrx_word' id='word_1_80' title='bbox 788 975 1225 1049; x_wconf 72' lang='grc' dir='ltr'>ἡάποκλήρωσις</span> <span class='ocrx_word' id='word_1_81' title='bbox 1252 972 1326 1044; x_wconf 83' lang='grc' dir='ltr'>μὴ</span> <span class='ocrx_word' id='word_1_82' title='bbox 1346 972 1466 1043; x_wconf 73' lang='grc' dir='ltr'>οὐχὶ</span> <span class='ocrx_word' id='word_1_83' title='bbox 1490 970 1668 1024; x_wconf 84' lang='grc' dir='ltr'>πάντα</span> <span class='ocrx_word' id='word_1_84' title='bbox 1694 984 1824 1022; x_wconf 88' lang='grc' dir='ltr'>κατ-</span> 
     </span>
    </p>
   </div>
   <div class='ocr_carea' id='block_1_14' title="bbox 242 1067 1094 1143">
    <p class='ocr_par' dir='ltr' id='par_1_14' title="bbox 242 1067 1094 1143">
     <span class='ocr_line' id='line_1_14' title="bbox 242 1067 1094 1143; baseline -0.008 -16"><span class='ocrx_word' id='word_1_85' title='bbox 242 1072 587 1143; x_wconf 83' lang='grc' dir='ltr'>αναλωθῆναι</span> <span class='ocrx_word' id='word_1_86' title='bbox 615 1072 695 1133; x_wconf 71' lang='grc' dir='ltr'>εἰς</span> <span class='ocrx_word' id='word_1_87' title='bbox 725 1069 787 1122; x_wconf 90' lang='grc' dir='ltr'><strong>τὸ</strong></span> <span class='ocrx_word' id='word_1_88' title='bbox 811 1067 1094 1131; x_wconf 85' lang='grc' dir='ltr'>τεθνάναι;</span> 
     </span>
    </p>
   </div>
   <div class='ocr_carea' id='block_1_15' title="bbox 314 1152 1823 1232">
    <p class='ocr_par' dir='ltr' id='par_1_15' title="bbox 314 1152 1823 1232">
     <span class='ocr_line' id='line_1_15' title="bbox 314 1152 1823 1232; baseline -0.01 -11"><span class='ocrx_word' id='word_1_89' title='bbox 314 1168 446 1221; x_wconf 80' lang='lat' dir='ltr'><strong>AH&#39;.</strong></span> <span class='ocrx_word' id='word_1_90' title='bbox 486 1162 647 1218; x_wconf 79' lang='grc' dir='ltr'>Ἀλλὰ</span> <span class='ocrx_word' id='word_1_91' title='bbox 675 1161 784 1232; x_wconf 86' lang='grc' dir='ltr'>γὰρ</span> <span class='ocrx_word' id='word_1_92' title='bbox 814 1161 945 1230; x_wconf 72' lang='grc' dir='ltr'>περὶ</span> <span class='ocrx_word' id='word_1_93' title='bbox 969 1158 1174 1212; x_wconf 86' lang='grc' dir='ltr'>τούτων</span> <span class='ocrx_word' id='word_1_94' title='bbox 1212 1156 1381 1211; x_wconf 92' lang='grc' dir='ltr'>πλείω</span> <span class='ocrx_word' id='word_1_95' title='bbox 1406 1154 1584 1223; x_wconf 86' lang='grc' dir='ltr'>λέγειν</span> <span class='ocrx_word' id='word_1_96' title='bbox 1609 1154 1677 1208; x_wconf 83' lang='grc' dir='ltr'><strong>τὰ</strong></span> <span class='ocrx_word' id='word_1_97' title='bbox 1705 1152 1823 1217; x_wconf 74' lang='grc' dir='ltr'>νῦν,</span> 
     </span>
    </p>
   </div>
   <div class='ocr_carea' id='block_1_16' title="bbox 240 1245 1826 1331">
    <p class='ocr_par' dir='ltr' id='par_1_16' title="bbox 240 1245 1826 1331">
     <span class='ocr_line' id='line_1_16' title="bbox 240 1245 1826 1331; baseline -0.011 -16"><span class='ocrx_word' id='word_1_98' title='bbox 240 1253 290 1315; x_wconf 81' lang='grc' dir='ltr'><strong>ὦ</strong></span> <span class='ocrx_word' id='word_1_99' title='bbox 322 1258 580 1331; x_wconf 81' lang='grc' dir='ltr'><strong>κράτιστε</strong></span> <span class='ocrx_word' id='word_1_100' title='bbox 605 1251 852 1322; x_wconf 79' lang='grc' dir='ltr'>Θεόφιλε,</span> <span class='ocrx_word' id='word_1_101' title='bbox 880 1251 1223 1323; x_wconf 81' lang='grc' dir='ltr'><strong>παρήσομεν,</strong></span> <span class='ocrx_word' id='word_1_102' title='bbox 1249 1249 1344 1302; x_wconf 75' lang='grc' dir='ltr'><strong>καὶ</strong></span> <span class='ocrx_word' id='word_1_103' title='bbox 1368 1249 1415 1302; x_wconf 86' lang='grc' dir='ltr'>οἱ</span> <span class='ocrx_word' id='word_1_104' title='bbox 1445 1246 1621 1300; x_wconf 77' lang='grc' dir='ltr'>λοιποὶ</span> <span class='ocrx_word' id='word_1_105' title='bbox 1642 1245 1826 1318; x_wconf 77' lang='grc' dir='ltr'>κριταὶ</span> 
     </span>
    </p>
   </div>
   <div class='ocr_carea' id='block_1_17' title="bbox 242 1335 1824 1418">
    <p class='ocr_par' dir='ltr' id='par_1_17' title="bbox 242 1335 1824 1418">
     <span class='ocr_line' id='line_1_17' title="bbox 242 1335 1824 1418; baseline -0.011 -13"><span class='ocrx_word' id='word_1_106' title='bbox 242 1351 357 1405; x_wconf 84' lang='grc' dir='ltr'>τῶν</span> <span class='ocrx_word' id='word_1_107' title='bbox 389 1350 583 1418; x_wconf 86' lang='grc' dir='ltr'>λόγων.</span> <span class='ocrx_word' id='word_1_108' title='bbox 619 1346 889 1415; x_wconf 79' lang='grc' dir='ltr'>Λάσωμεν</span> <span class='ocrx_word' id='word_1_109' title='bbox 915 1344 973 1397; x_wconf 81' lang='grc' dir='ltr'><strong>δὲ</strong></span> <span class='ocrx_word' id='word_1_110' title='bbox 998 1344 1092 1396; x_wconf 80' lang='grc' dir='ltr'><strong>καὶ</strong></span> <span class='ocrx_word' id='word_1_111' title='bbox 1120 1341 1190 1395; x_wconf 89' lang='grc' dir='ltr'><strong>τά</strong></span> <span class='ocrx_word' id='word_1_112' title='bbox 1216 1340 1427 1403; x_wconf 88' lang='grc' dir='ltr'><strong>τούτοις</strong></span> <span class='ocrx_word' id='word_1_113' title='bbox 1456 1337 1653 1408; x_wconf 77' lang='grc' dir='ltr'>ἐφεξῆς</span> <span class='ocrx_word' id='word_1_114' title='bbox 1692 1335 1824 1390; x_wconf 86' lang='grc' dir='ltr'>ἀκό-</span> 
     </span>
    </p>
   </div>
   <div class='ocr_carea' id='block_1_18' title="bbox 245 1423 1827 1506">
    <p class='ocr_par' dir='ltr' id='par_1_18' title="bbox 245 1423 1827 1506">
     <span class='ocr_line' id='line_1_18' title="bbox 245 1423 1827 1506; baseline -0.013 -10"><span class='ocrx_word' id='word_1_115' title='bbox 245 1441 435 1505; x_wconf 80' lang='grc' dir='ltr'>λουθα,</span> <span class='ocrx_word' id='word_1_116' title='bbox 470 1439 545 1502; x_wconf 83' lang='grc' dir='ltr'>ὡς</span> <span class='ocrx_word' id='word_1_117' title='bbox 573 1436 850 1506; x_wconf 80' lang='grc' dir='ltr'>ἀφέστηκε</span> <span class='ocrx_word' id='word_1_118' title='bbox 895 1430 990 1486; x_wconf 80' lang='grc' dir='ltr'>τοῦ</span> <span class='ocrx_word' id='word_1_119' title='bbox 1021 1430 1232 1493; x_wconf 80' lang='grc' dir='ltr'>δέοντος</span> <span class='ocrx_word' id='word_1_120' title='bbox 1262 1428 1477 1500; x_wconf 87' lang='grc' dir='ltr'>μακράν</span> <span class='ocrx_word' id='word_1_121' title='bbox 1499 1427 1541 1481; x_wconf 81' lang='lat'><strong>’.</strong></span> <span class='ocrx_word' id='word_1_122' title='bbox 1599 1426 1657 1479; x_wconf 87' lang='grc' dir='ltr'>Ὀ</span> <span class='ocrx_word' id='word_1_123' title='bbox 1695 1423 1827 1486; x_wconf 85' lang='grc' dir='ltr'><strong>Θεὸς</strong></span> 
     </span>
    </p>
   </div>
   <div class='ocr_carea' id='block_1_19' title="bbox 245 1506 1827 1604">
    <p class='ocr_par' dir='ltr' id='par_1_19' title="bbox 245 1506 1827 1604">
     <span class='ocr_line' id='line_1_19' title="bbox 245 1506 1827 1604; baseline -0.013 -16"><span class='ocrx_word' id='word_1_124' title='bbox 245 1534 359 1604; x_wconf 87' lang='lat'><strong>7&amp;9</strong></span> <span class='ocrx_word' id='word_1_125' title='bbox 401 1529 550 1600; x_wconf 84' lang='grc' dir='ltr'><strong>αὑτῷ</strong></span> <span class='ocrx_word' id='word_1_126' title='bbox 590 1527 749 1581; x_wconf 90' lang='grc' dir='ltr'>πάλιν</span> <span class='ocrx_word' id='word_1_127' title='bbox 797 1506 966 1588; x_wconf 81' lang='grc' dir='ltr'>αὑτὰς</span> <span class='ocrx_word' id='word_1_128' title='bbox 1003 1523 1107 1586; x_wconf 79' lang='grc' dir='ltr'><strong>τὰς</strong></span> <span class='ocrx_word' id='word_1_129' title='bbox 1144 1520 1322 1593; x_wconf 80' lang='grc' dir='ltr'>ψυχάς</span> <span class='ocrx_word' id='word_1_130' title='bbox 1356 1520 1414 1573; x_wconf 81' lang='grc' dir='ltr'>ἐν</span> <span class='ocrx_word' id='word_1_131' title='bbox 1454 1521 1521 1590; x_wconf 81' lang='grc' dir='ltr'>τῇ</span> <span class='ocrx_word' id='word_1_132' title='bbox 1562 1514 1704 1571; x_wconf 82' lang='grc' dir='ltr'>κατὰ</span> <span class='ocrx_word' id='word_1_133' title='bbox 1735 1515 1827 1569; x_wconf 85' lang='grc' dir='ltr'><strong>τὸν</strong></span> 
     </span>
    </p>
   </div>
   <div class='ocr_carea' id='block_1_20' title="bbox 245 1606 1829 1696">
    <p class='ocr_par' dir='ltr' id='par_1_20' title="bbox 245 1606 1829 1696">
     <span class='ocr_line' id='line_1_20' title="bbox 245 1606 1829 1696; baseline -0.014 -16"><span class='ocrx_word' id='word_1_134' title='bbox 245 1622 540 1696; x_wconf 74' lang='grc' dir='ltr'>ἑξηκοστὸν</span> <span class='ocrx_word' id='word_1_135' title='bbox 565 1620 778 1691; x_wconf 79' lang='grc' dir='ltr'><strong>ψαλμὸν</strong></span> <span class='ocrx_word' id='word_1_136' title='bbox 805 1615 1114 1687; x_wconf 78' lang='grc' dir='ltr'>προφητείᾳ</span> <span class='ocrx_word' id='word_1_137' title='bbox 1136 1614 1230 1668; x_wconf 78' lang='grc' dir='ltr'><strong>καὶ</strong></span> <span class='ocrx_word' id='word_1_138' title='bbox 1266 1613 1512 1683; x_wconf 88' lang='grc' dir='ltr'>πέμπτον</span> <span class='ocrx_word' id='word_1_139' title='bbox 1539 1606 1829 1680; x_wconf 76' lang='grc' dir='ltr'>βεϐιασμέ-</span> 
     </span>
    </p>
   </div>
   <div class='ocr_carea' id='block_1_21' title="bbox 247 1697 1829 1785">
    <p class='ocr_par' dir='ltr' id='par_1_21' title="bbox 247 1697 1829 1785">
     <span class='ocr_line' id='line_1_21' title="bbox 247 1697 1829 1785; baseline -0.013 -14"><span class='ocrx_word' id='word_1_140' title='bbox 247 1735 355 1781; x_wconf 83' lang='grc' dir='ltr'><strong>νως</strong></span> <span class='ocrx_word' id='word_1_141' title='bbox 383 1713 551 1785; x_wconf 76' lang='grc' dir='ltr'>αὐτὴν</span> <span class='ocrx_word' id='word_1_142' title='bbox 583 1711 678 1765; x_wconf 73' lang='grc' dir='ltr'>καὶ</span> <span class='ocrx_word' id='word_1_143' title='bbox 718 1707 1000 1770; x_wconf 77' lang='grc' dir='ltr'>ἀνοῖκείως</span> <span class='ocrx_word' id='word_1_144' title='bbox 1045 1703 1398 1774; x_wconf 83' lang='grc' dir='ltr'>ὲκτιθεμένῳ,</span> <span class='ocrx_word' id='word_1_145' title='bbox 1439 1700 1513 1764; x_wconf 84' lang='grc' dir='ltr'>ὥς</span> <span class='ocrx_word' id='word_1_146' title='bbox 1542 1717 1699 1770; x_wconf 80' lang='grc' dir='ltr'>φησι,</span> <span class='ocrx_word' id='word_1_147' title='bbox 1728 1697 1829 1769; x_wconf 82' lang='grc' dir='ltr'>τὴν</span> 
     </span>
    </p>
   </div>
   <div class='ocr_carea' id='block_1_22' title="bbox 245 1792 1823 1873">
    <p class='ocr_par' dir='ltr' id='par_1_22' title="bbox 245 1792 1823 1873">
     <span class='ocr_line' id='line_1_22' title="bbox 245 1792 1823 1873; baseline -0.011 -10"><span class='ocrx_word' id='word_1_148' title='bbox 245 1808 545 1863; x_wconf 81' lang='grc' dir='ltr'>ἀνάστασιν</span> <span class='ocrx_word' id='word_1_149' title='bbox 575 1804 666 1859; x_wconf 72' lang='grc' dir='ltr'><strong>ἐπὶ</strong></span> <span class='ocrx_word' id='word_1_150' title='bbox 691 1802 852 1873; x_wconf 79' lang='grc' dir='ltr'>μόνου</span> <span class='ocrx_word' id='word_1_151' title='bbox 878 1799 970 1853; x_wconf 81' lang='grc' dir='ltr'>τοῦ</span> <span class='ocrx_word' id='word_1_152' title='bbox 994 1798 1164 1861; x_wconf 74' lang='grc' dir='ltr'>εἴδους</span> <span class='ocrx_word' id='word_1_153' title='bbox 1188 1794 1456 1861; x_wconf 81' lang='grc' dir='ltr'>σώζεσθαι</span> <span class='ocrx_word' id='word_1_154' title='bbox 1483 1794 1565 1848; x_wconf 87' lang='grc' dir='ltr'><strong>δεῖ</strong></span> <span class='ocrx_word' id='word_1_155' title='bbox 1593 1792 1823 1864; x_wconf 87' lang='grc' dir='ltr'>προσδο-</span> 
     </span>
    </p>
   </div>
   <div class='ocr_carea' id='block_1_23' title="bbox 247 1884 1821 1970">
    <p class='ocr_par' dir='ltr' id='par_1_23' title="bbox 247 1884 1821 1970">
     <span class='ocr_line' id='line_1_23' title="bbox 247 1884 1821 1970; baseline -0.011 -16"><span class='ocrx_word' id='word_1_156' title='bbox 247 1901 374 1970; x_wconf 75' lang='grc' dir='ltr'>κᾷν.</span> <span class='ocrx_word' id='word_1_157' title='bbox 408 1898 519 1952; x_wconf 67' lang='grc' dir='ltr'><strong>Καὶ</strong></span> <span class='ocrx_word' id='word_1_158' title='bbox 551 1896 637 1949; x_wconf 78' lang='grc' dir='ltr'>ἵνα</span> <span class='ocrx_word' id='word_1_159' title='bbox 675 1893 749 1965; x_wconf 80' lang='grc' dir='ltr'>μὴ</span> <span class='ocrx_word' id='word_1_160' title='bbox 793 1892 974 1963; x_wconf 78' lang='grc' dir='ltr'>είπῃς,</span> <span class='ocrx_word' id='word_1_161' title='bbox 1018 1890 1101 1943; x_wconf 86' lang='grc' dir='ltr'><strong>ὄτι</strong></span> <span class='ocrx_word' id='word_1_162' title='bbox 1145 1889 1244 1944; x_wconf 82' lang='grc' dir='ltr'><strong>οὐκ</strong></span> <span class='ocrx_word' id='word_1_163' title='bbox 1290 1888 1377 1940; x_wconf 72' lang='grc' dir='ltr'>ἀεὶ</span> <span class='ocrx_word' id='word_1_164' title='bbox 1401 1885 1512 1955; x_wconf 73' lang='grc'><strong>(41)</strong></span> <span class='ocrx_word' id='word_1_165' title='bbox 1561 1884 1821 1956; x_wconf 82' lang='grc' dir='ltr'>μανθάνει</span> 
     </span>
    </p>
   </div>
   <div class='ocr_carea' id='block_1_24' title="bbox 247 1976 1823 2055">
    <p class='ocr_par' dir='ltr' id='par_1_24' title="bbox 247 1976 1823 2055">
     <span class='ocr_line' id='line_1_24' title="bbox 247 1976 1823 2055; baseline -0.01 -11"><span class='ocrx_word' id='word_1_166' title='bbox 247 1987 561 2051; x_wconf 67' lang='grc' dir='ltr'>σκοτεινῶςθ</span> <span class='ocrx_word' id='word_1_167' title='bbox 592 1988 798 2048; x_wconf 75' lang='grc' dir='ltr'>ἐκεῖνος</span> <span class='ocrx_word' id='word_1_168' title='bbox 829 1983 938 2055; x_wconf 82' lang='grc' dir='ltr'><strong>γάρ</strong></span> <span class='ocrx_word' id='word_1_169' title='bbox 966 1981 1123 2035; x_wconf 79' lang='grc' dir='ltr'>τοῦτο</span> <span class='ocrx_word' id='word_1_170' title='bbox 1159 1979 1421 2034; x_wconf 75' lang='grc' dir='ltr'>διέλαϐεν·</span> <span class='ocrx_word' id='word_1_171' title='bbox 1471 1976 1612 2046; x_wconf 86' lang='grc' dir='ltr'>Ἐγὼ</span> <span class='ocrx_word' id='word_1_172' title='bbox 1640 1976 1697 2031; x_wconf 81' lang='grc' dir='ltr'>δέ</span> <span class='ocrx_word' id='word_1_173' title='bbox 1740 1992 1823 2028; x_wconf 92' lang='grc' dir='ltr'><strong>σοι</strong></span> 
     </span>
    </p>
   </div>
   <div class='ocr_carea' id='block_1_25' title="bbox 248 2068 1823 2151">
    <p class='ocr_par' dir='ltr' id='par_1_25' title="bbox 248 2068 1823 2151">
     <span class='ocr_line' id='line_1_25' title="bbox 248 2068 1823 2151; baseline -0.01 -15"><span class='ocrx_word' id='word_1_174' title='bbox 248 2081 587 2151; x_wconf 84' lang='grc' dir='ltr'>σαφέστερον</span> <span class='ocrx_word' id='word_1_175' title='bbox 624 2072 726 2132; x_wconf 83' lang='grc' dir='ltr'><strong>ὧδε</strong></span> <span class='ocrx_word' id='word_1_176' title='bbox 752 2078 843 2131; x_wconf 89' lang='grc' dir='ltr'><strong>τὸν</strong></span> <span class='ocrx_word' id='word_1_177' title='bbox 876 2074 1000 2130; x_wconf 82' lang='grc' dir='ltr'>νοῦν</span> <span class='ocrx_word' id='word_1_178' title='bbox 1046 2072 1235 2127; x_wconf 83' lang='grc' dir='ltr'>τοῦτον</span> <span class='ocrx_word' id='word_1_179' title='bbox 1277 2071 1634 2142; x_wconf 75' lang='grc' dir='ltr'>ἐξηγήσομαι.</span> <span class='ocrx_word' id='word_1_180' title='bbox 1684 2068 1823 2138; x_wconf 85' lang='grc' dir='ltr'><strong>Ἤδη</strong></span> 
     </span>
    </p>
   </div>
   <div class='ocr_carea' id='block_1_26' title="bbox 247 2159 1825 2254">
    <p class='ocr_par' dir='ltr' id='par_1_26' title="bbox 247 2159 1825 2254">
     <span class='ocr_line' id='line_1_26' title="bbox 247 2159 1825 2254; baseline -0.011 -25"><span class='ocrx_word' id='word_1_181' title='bbox 247 2174 361 2247; x_wconf 85' lang='lat'><strong>7&amp;9</strong></span> <span class='ocrx_word' id='word_1_182' title='bbox 392 2173 609 2235; x_wconf 88' lang='grc' dir='ltr'>πάντως</span> <span class='ocrx_word' id='word_1_183' title='bbox 636 2170 886 2242; x_wconf 79' lang='grc' dir='ltr'>ἑώρακας</span> <span class='ocrx_word' id='word_1_184' title='bbox 904 2167 1082 2239; x_wconf 83' lang='grc' dir='ltr'>δέρμα</span> <span class='ocrx_word' id='word_1_185' title='bbox 1106 2162 1268 2229; x_wconf 78' lang='grc' dir='ltr'>ζώου,</span> <span class='ocrx_word' id='word_1_186' title='bbox 1299 2162 1332 2234; x_wconf 82' lang='grc' dir='ltr'>ἢ</span> <span class='ocrx_word' id='word_1_187' title='bbox 1362 2162 1494 2254; x_wconf 71' lang='grc' dir='ltr'>ἄλλο</span> <span class='ocrx_word' id='word_1_188' title='bbox 1509 2179 1560 2215; x_wconf 91' lang='grc' dir='ltr'><strong>τι</strong></span> <span class='ocrx_word' id='word_1_189' title='bbox 1586 2159 1825 2254; x_wconf 79' lang='grc' dir='ltr'>τοιοῦτον</span> 
     </span>
    </p>
   </div>
   <div class='ocr_carea' id='block_1_27' title="bbox 246 2252 1821 2336">
    <p class='ocr_par' dir='ltr' id='par_1_27' title="bbox 246 2252 1821 2336">
     <span class='ocr_line' id='line_1_27' title="bbox 246 2252 1821 2336; baseline -0.008 -17"><span class='ocrx_word' id='word_1_190' title='bbox 246 2264 514 2336; x_wconf 85' lang='grc' dir='ltr'>γεμισθὲν</span> <span class='ocrx_word' id='word_1_191' title='bbox 541 2261 751 2327; x_wconf 77' lang='grc' dir='ltr'>ὕδατος,</span> <span class='ocrx_word' id='word_1_192' title='bbox 784 2262 953 2323; x_wconf 84' lang='grc' dir='ltr'>ὅπως,</span> <span class='ocrx_word' id='word_1_193' title='bbox 982 2257 1078 2312; x_wconf 76' lang='grc' dir='ltr'>ἐὰν</span> <span class='ocrx_word' id='word_1_194' title='bbox 1107 2256 1245 2328; x_wconf 90' lang='grc' dir='ltr'>πρὸς</span> <span class='ocrx_word' id='word_1_195' title='bbox 1270 2255 1450 2323; x_wconf 81' lang='grc' dir='ltr'>ὀλίγον</span> <span class='ocrx_word' id='word_1_196' title='bbox 1479 2252 1821 2324; x_wconf 82' lang='grc' dir='ltr'>κενούμενον,</span> 
     </span>
    </p>
   </div>
   <div class='ocr_carea' id='block_1_28' title="bbox 245 2345 1823 2430">
    <p class='ocr_par' dir='ltr' id='par_1_28' title="bbox 245 2345 1823 2430">
     <span class='ocr_line' id='line_1_28' title="bbox 245 2345 1823 2430; baseline -0.01 -17"><span class='ocrx_word' id='word_1_197' title='bbox 245 2358 391 2430; x_wconf 81' lang='grc' dir='ltr'>πρὸς</span> <span class='ocrx_word' id='word_1_198' title='bbox 414 2355 592 2426; x_wconf 78' lang='grc' dir='ltr'>ὀλίγον</span> <span class='ocrx_word' id='word_1_199' title='bbox 623 2354 900 2424; x_wconf 82' lang='grc' dir='ltr'>πληροῖτο,</span> <span class='ocrx_word' id='word_1_200' title='bbox 935 2351 1022 2405; x_wconf 76' lang='grc' dir='ltr'><strong>ἀεὶ</strong></span> <span class='ocrx_word' id='word_1_201' title='bbox 1045 2350 1106 2403; x_wconf 89' lang='grc' dir='ltr'><strong>τὸ</strong></span> <span class='ocrx_word' id='word_1_202' title='bbox 1134 2345 1272 2412; x_wconf 81' lang='grc' dir='ltr'>εἶδος</span> <span class='ocrx_word' id='word_1_203' title='bbox 1293 2347 1353 2401; x_wconf 88' lang='grc' dir='ltr'><strong>τὸ</strong></span> <span class='ocrx_word' id='word_1_204' title='bbox 1376 2346 1507 2400; x_wconf 82' lang='grc' dir='ltr'>αὐτὸ</span> <span class='ocrx_word' id='word_1_205' title='bbox 1534 2345 1823 2400; x_wconf 83' lang='grc' dir='ltr'>δείκνυσιν.</span> 
     </span>
    </p>
   </div>
   <div class='ocr_carea' id='block_1_29' title="bbox 244 2434 1828 2519">
    <p class='ocr_par' dir='ltr' id='par_1_29' title="bbox 244 2434 1828 2519">
     <span class='ocr_line' id='line_1_29' title="bbox 244 2434 1828 2519; baseline -0.011 -15"><span class='ocrx_word' id='word_1_206' title='bbox 244 2446 380 2504; x_wconf 75' lang='grc' dir='ltr'>Οἶον</span> <span class='ocrx_word' id='word_1_207' title='bbox 402 2446 512 2517; x_wconf 85' lang='lat'><strong>7&amp;9</strong></span> <span class='ocrx_word' id='word_1_208' title='bbox 537 2446 604 2500; x_wconf 80' lang='grc' dir='ltr'><strong>ἂν</strong></span> <span class='ocrx_word' id='word_1_209' title='bbox 702 2444 762 2497; x_wconf 86' lang='grc' dir='ltr'><strong>τὸ</strong></span> <span class='ocrx_word' id='word_1_210' title='bbox 787 2441 1064 2514; x_wconf 80' lang='grc' dir='ltr'>περιέχον,</span> <span class='ocrx_word' id='word_1_211' title='bbox 1092 2439 1303 2509; x_wconf 81' lang='grc' dir='ltr'><strong>ἀνάγκη</strong></span> <span class='ocrx_word' id='word_1_212' title='bbox 1332 2438 1471 2512; x_wconf 84' lang='grc' dir='ltr'>πρὸς</span> <span class='ocrx_word' id='word_1_213' title='bbox 1494 2435 1626 2490; x_wconf 81' lang='grc' dir='ltr'>αὐτὸ</span> <span class='ocrx_word' id='word_1_214' title='bbox 1650 2435 1745 2490; x_wconf 68' lang='grc' dir='ltr'>καὶ</span> <span class='ocrx_word' id='word_1_215' title='bbox 1767 2434 1828 2488; x_wconf 90' lang='grc' dir='ltr'><strong>τὸ</strong></span> 
     </span>
    </p>
   </div>
   <div class='ocr_carea' id='block_1_30' title="bbox 241 2527 1831 2610">
    <p class='ocr_par' dir='ltr' id='par_1_30' title="bbox 241 2527 1831 2610">
     <span class='ocr_line' id='line_1_30' title="bbox 241 2527 1831 2610; baseline -0.01 -13"><span class='ocrx_word' id='word_1_216' title='bbox 241 2542 404 2605; x_wconf 80' lang='grc' dir='ltr'>ἐντὸς</span> <span class='ocrx_word' id='word_1_217' title='bbox 433 2536 885 2610; x_wconf 78' lang='grc' dir='ltr'>σχηματίζεσθαι.</span> <span class='ocrx_word' id='word_1_218' title='bbox 907 2535 1045 2606; x_wconf 71' lang='grc' dir='ltr'>Φέρε</span> <span class='ocrx_word' id='word_1_219' title='bbox 1066 2534 1172 2606; x_wconf 87' lang='lat'><strong>7&amp;9</strong></span> <span class='ocrx_word' id='word_1_220' title='bbox 1196 2531 1556 2604; x_wconf 83' lang='grc' dir='ltr'>ὑπεκρέοντος</span> <span class='ocrx_word' id='word_1_221' title='bbox 1583 2528 1677 2583; x_wconf 78' lang='grc' dir='ltr'>τοῦ</span> <span class='ocrx_word' id='word_1_222' title='bbox 1709 2527 1831 2582; x_wconf 73' lang='grc' dir='ltr'><strong>ὓδα-</strong></span> 
     </span>
    </p>
   </div>
   <div class='ocr_carea' id='block_1_31' title="bbox 241 2621 1830 2702">
    <p class='ocr_par' dir='ltr' id='par_1_31' title="bbox 241 2621 1830 2702">
     <span class='ocr_line' id='line_1_31' title="bbox 241 2621 1830 2702; baseline -0.01 -14"><span class='ocrx_word' id='word_1_223' title='bbox 241 2651 363 2696; x_wconf 85' lang='grc' dir='ltr'>τος,</span> <span class='ocrx_word' id='word_1_224' title='bbox 407 2631 462 2685; x_wconf 78' lang='grc' dir='ltr'><strong>εί</strong></span> <span class='ocrx_word' id='word_1_225' title='bbox 494 2648 578 2694; x_wconf 90' lang='grc' dir='ltr'><strong>τις</strong></span> <span class='ocrx_word' id='word_1_226' title='bbox 608 2628 937 2702; x_wconf 73' lang='grc' dir='ltr'>προσϐάλλει</span> <span class='ocrx_word' id='word_1_227' title='bbox 967 2626 1239 2694; x_wconf 81' lang='grc' dir='ltr'>τοσοῦτον,</span> <span class='ocrx_word' id='word_1_228' title='bbox 1280 2626 1404 2679; x_wconf 83' lang='grc' dir='ltr'>ὅσον</span> <span class='ocrx_word' id='word_1_229' title='bbox 1446 2624 1706 2693; x_wconf 79' lang='grc' dir='ltr'>ἐκχεῖται,</span> <span class='ocrx_word' id='word_1_230' title='bbox 1754 2621 1830 2693; x_wconf 82' lang='grc' dir='ltr'>μὴ</span> 
     </span>
    </p>
   </div>
   <div class='ocr_carea' id='block_1_32' title="bbox 243 2713 1830 2793">
    <p class='ocr_par' dir='ltr' id='par_1_32' title="bbox 243 2713 1830 2793">
     <span class='ocr_line' id='line_1_32' title="bbox 243 2713 1830 2793; baseline -0.009 -14"><span class='ocrx_word' id='word_1_231' title='bbox 243 2726 358 2779; x_wconf 76' lang='grc' dir='ltr'><strong>ἐῶν</strong></span> <span class='ocrx_word' id='word_1_232' title='bbox 394 2723 484 2777; x_wconf 91' lang='grc' dir='ltr'><strong>τὸν</strong></span> <span class='ocrx_word' id='word_1_233' title='bbox 513 2721 681 2776; x_wconf 88' lang='grc' dir='ltr'>άσκὸν</span> <span class='ocrx_word' id='word_1_234' title='bbox 707 2719 922 2793; x_wconf 85' lang='grc' dir='ltr'>ἀθρόως</span> <span class='ocrx_word' id='word_1_235' title='bbox 951 2718 1255 2789; x_wconf 81' lang='grc' dir='ltr'>κενωθῆναι</span> <span class='ocrx_word' id='word_1_236' title='bbox 1281 2715 1376 2771; x_wconf 83' lang='grc' dir='ltr'>τοῦ</span> <span class='ocrx_word' id='word_1_237' title='bbox 1415 2715 1626 2778; x_wconf 80' lang='grc' dir='ltr'>ὕδατος,</span> <span class='ocrx_word' id='word_1_238' title='bbox 1668 2715 1717 2766; x_wconf 79' lang='lat' dir='ltr'><strong>si</strong></span> <span class='ocrx_word' id='word_1_239' title='bbox 1755 2713 1830 2785; x_wconf 81' lang='grc' dir='ltr'>μὴ</span> 
     </span>
    </p>
   </div>
   <div class='ocr_carea' id='block_1_33' title="bbox 242 2800 1832 2887">
    <p class='ocr_par' dir='ltr' id='par_1_33' title="bbox 242 2800 1832 2887">
     <span class='ocr_line' id='line_1_33' title="bbox 242 2800 1832 2887; baseline -0.01 -14"><span class='ocrx_word' id='word_1_240' title='bbox 242 2819 470 2887; x_wconf 82' lang='grc' dir='ltr'><strong>ἀνάγκη</strong></span> <span class='ocrx_word' id='word_1_241' title='bbox 496 2814 707 2869; x_wconf 81' lang='grc' dir='ltr'>τοιοῦτο</span> <span class='ocrx_word' id='word_1_242' title='bbox 730 2811 1019 2883; x_wconf 80' lang='grc' dir='ltr'>φαίνεσθαι</span> <span class='ocrx_word' id='word_1_243' title='bbox 1050 2811 1112 2865; x_wconf 90' lang='grc' dir='ltr'><strong>τὸ</strong></span> <span class='ocrx_word' id='word_1_244' title='bbox 1138 2809 1579 2882; x_wconf 83' lang='grc' dir='ltr'>προστιθέμενον,</span> <span class='ocrx_word' id='word_1_245' title='bbox 1606 2800 1715 2859; x_wconf 75' lang='grc' dir='ltr'>οἷον</span> <span class='ocrx_word' id='word_1_246' title='bbox 1736 2804 1832 2859; x_wconf 75' lang='grc' dir='ltr'>καὶ</span> 
     </span>
    </p>
   </div>
   <div class='ocr_carea' id='block_1_34' title="bbox 241 2898 1833 2974">
    <p class='ocr_par' dir='ltr' id='par_1_34' title="bbox 241 2898 1833 2974">
     <span class='ocr_line' id='line_1_34' title="bbox 241 2898 1833 2974; baseline -0.009 -9"><span class='ocrx_word' id='word_1_247' title='bbox 241 2911 308 2965; x_wconf 83' lang='grc' dir='ltr'><strong>τὸ</strong></span> <span class='ocrx_word' id='word_1_248' title='bbox 339 2910 474 2974; x_wconf 80' lang='grc' dir='ltr'>πᾶν,</span> <span class='ocrx_word' id='word_1_249' title='bbox 513 2906 601 2961; x_wconf 84' lang='grc' dir='ltr'><strong>διὰ</strong></span> <span class='ocrx_word' id='word_1_250' title='bbox 630 2906 693 2959; x_wconf 87' lang='grc' dir='ltr'><strong>τὸ</strong></span> <span class='ocrx_word' id='word_1_251' title='bbox 726 2903 866 2959; x_wconf 79' lang='grc' dir='ltr'>εἶναι</span> <span class='ocrx_word' id='word_1_252' title='bbox 890 2904 987 2958; x_wconf 72' lang='grc' dir='ltr'><strong>καὶ</strong></span> <span class='ocrx_word' id='word_1_253' title='bbox 1013 2902 1074 2956; x_wconf 88' lang='grc' dir='ltr'><strong>τὸ</strong></span> <span class='ocrx_word' id='word_1_254' title='bbox 1104 2901 1358 2974; x_wconf 80' lang='grc' dir='ltr'>περιέχον</span> <span class='ocrx_word' id='word_1_255' title='bbox 1380 2901 1442 2955; x_wconf 86' lang='grc' dir='ltr'><strong>τὸ</strong></span> <span class='ocrx_word' id='word_1_256' title='bbox 1470 2898 1602 2954; x_wconf 82' lang='grc' dir='ltr'>αὐτὸ</span> <span class='ocrx_word' id='word_1_257' title='bbox 1624 2899 1644 2931; x_wconf 90' lang='grc'><em>³</em></span> <span class='ocrx_word' id='word_1_258' title='bbox 1677 2915 1833 2969; x_wconf 89' lang='grc' dir='ltr'>περι-</span> 
     </span>
    </p>
   </div>
   <div class='ocr_carea' id='block_1_35' title="bbox 242 2995 1194 3073">
    <p class='ocr_par' dir='ltr' id='par_1_35' title="bbox 242 2995 1194 3073">
     <span class='ocr_line' id='line_1_35' title="bbox 242 2995 1194 3073; baseline -0.008 -15"><span class='ocrx_word' id='word_1_259' title='bbox 242 3004 387 3068; x_wconf 78' lang='grc' dir='ltr'>θεὶς,</span> <span class='ocrx_word' id='word_1_260' title='bbox 431 3003 515 3073; x_wconf 78' lang='grc' dir='ltr'>ῥεῖ</span> <span class='ocrx_word' id='word_1_261' title='bbox 538 2999 632 3055; x_wconf 79' lang='grc' dir='ltr'>καὶ</span> <span class='ocrx_word' id='word_1_262' title='bbox 663 2999 897 3071; x_wconf 82' lang='grc' dir='ltr'>ὰπορρεῖ</span> <span class='ocrx_word' id='word_1_263' title='bbox 933 2997 994 3052; x_wconf 91' lang='grc' dir='ltr'><strong>τὸ</strong></span> <span class='ocrx_word' id='word_1_264' title='bbox 1032 2995 1194 3068; x_wconf 73' lang='grc' dir='ltr'>ὕδωρ.</span> 
     </span>
    </p>
   </div>
   <div class='ocr_carea' id='block_1_36' title="bbox 317 3172 1834 3251">
    <p class='ocr_par' dir='ltr' id='par_1_36' title="bbox 317 3172 1834 3251">
     <span class='ocr_line' id='line_1_36' title="bbox 317 3172 1834 3251; baseline -0.007 -14"><span class='ocrx_word' id='word_1_265' title='bbox 317 3182 439 3238; x_wconf 64' lang='grc' dir='ltr'><strong>Καὶ</strong></span> <span class='ocrx_word' id='word_1_266' title='bbox 457 3181 520 3251; x_wconf 83' lang='grc' dir='ltr'><strong>δὴ</strong></span> <span class='ocrx_word' id='word_1_267' title='bbox 559 3178 740 3233; x_wconf 75' lang='grc' dir='ltr'>καὶτὸ</span> <span class='ocrx_word' id='word_1_268' title='bbox 777 3177 936 3250; x_wconf 82' lang='grc' dir='ltr'>σῶμα</span> <span class='ocrx_word' id='word_1_269' title='bbox 973 3175 1180 3241; x_wconf 84' lang='grc' dir='ltr'>τούτοις</span> <span class='ocrx_word' id='word_1_270' title='bbox 1212 3177 1241 3228; x_wconf 95' lang='grc' dir='ltr'><strong>ὁ</strong></span> <span class='ocrx_word' id='word_1_271' title='bbox 1279 3173 1479 3229; x_wconf 77' lang='grc' dir='ltr'>ἐθέλων</span> <span class='ocrx_word' id='word_1_272' title='bbox 1514 3172 1834 3236; x_wconf 78' lang='grc' dir='ltr'>ἀπεικάζειν</span> 
     </span>
    </p>
   </div>
   <div class='ocr_carea' id='block_1_37' title="bbox 237 3262 1837 3341">
    <p class='ocr_par' dir='ltr' id='par_1_37' title="bbox 237 3262 1837 3341">
     <span class='ocr_line' id='line_1_37' title="bbox 237 3262 1837 3341; baseline -0.009 -11"><span class='ocrx_word' id='word_1_273' title='bbox 237 3276 349 3330; x_wconf 84' lang='grc' dir='ltr'><strong>οὐκ</strong></span> <span class='ocrx_word' id='word_1_274' title='bbox 406 3271 804 3341; x_wconf 80' lang='grc' dir='ltr'>αἱδεσθήσεται.</span> <span class='ocrx_word' id='word_1_275' title='bbox 871 3268 1143 3332; x_wconf 81' lang='grc' dir='ltr'>Ὡσαύτως</span> <span class='ocrx_word' id='word_1_276' title='bbox 1194 3265 1303 3338; x_wconf 92' lang='lat'><strong>7&amp;9</strong></span> <span class='ocrx_word' id='word_1_277' title='bbox 1328 3266 1421 3320; x_wconf 72' lang='grc' dir='ltr'><strong>καὶ</strong></span> <span class='ocrx_word' id='word_1_278' title='bbox 1470 3264 1541 3319; x_wconf 81' lang='grc' dir='ltr'><strong>τά</strong></span> <span class='ocrx_word' id='word_1_279' title='bbox 1583 3264 1692 3319; x_wconf 88' lang='grc' dir='ltr'><strong>άπὸ</strong></span> <span class='ocrx_word' id='word_1_280' title='bbox 1736 3262 1837 3333; x_wconf 82' lang='grc' dir='ltr'>τῆς</span> 
     </span>
    </p>
   </div>
   <div class='ocr_carea' id='block_1_38' title="bbox 237 3357 1839 3441">
    <p class='ocr_par' dir='ltr' id='par_1_38' title="bbox 237 3357 1839 3441">
     <span class='ocr_line' id='line_1_38' title="bbox 237 3357 1839 3441; baseline -0.009 -18"><span class='ocrx_word' id='word_1_281' title='bbox 237 3366 462 3441; x_wconf 76' lang='grc' dir='ltr'>τροφῆς</span> <span class='ocrx_word' id='word_1_282' title='bbox 496 3362 925 3433; x_wconf 87' lang='grc' dir='ltr'>άντεισαγόμενα</span> <span class='ocrx_word' id='word_1_283' title='bbox 951 3359 1071 3415; x_wconf 77' lang='grc' dir='ltr'>ἀντὶ</span> <span class='ocrx_word' id='word_1_284' title='bbox 1116 3359 1224 3413; x_wconf 85' lang='grc' dir='ltr'><strong>τῶν</strong></span> <span class='ocrx_word' id='word_1_285' title='bbox 1254 3357 1663 3425; x_wconf 82' lang='grc' dir='ltr'>ὐπεξεωθεισῶν</span> <span class='ocrx_word' id='word_1_286' title='bbox 1710 3373 1839 3426; x_wconf 89' lang='grc' dir='ltr'>σαρ-</span> 
     </span>
    </p>
   </div>
   <div class='ocr_carea' id='block_1_39' title="bbox 238 3445 1841 3523">
    <p class='ocr_par' dir='ltr' id='par_1_39' title="bbox 238 3445 1841 3523">
     <span class='ocr_line' id='line_1_39' title="bbox 238 3445 1841 3523; baseline -0.009 -11"><span class='ocrx_word' id='word_1_287' title='bbox 238 3458 365 3514; x_wconf 80' lang='grc' dir='ltr'><strong>κῶν</strong></span> <span class='ocrx_word' id='word_1_288' title='bbox 396 3456 483 3518; x_wconf 80' lang='grc' dir='ltr'><strong>εἰς</strong></span> <span class='ocrx_word' id='word_1_289' title='bbox 515 3453 577 3506; x_wconf 91' lang='grc' dir='ltr'><strong>τὸ</strong></span> <span class='ocrx_word' id='word_1_290' title='bbox 618 3453 803 3523; x_wconf 86' lang='grc' dir='ltr'>σχῆμα</span> <span class='ocrx_word' id='word_1_291' title='bbox 848 3450 941 3505; x_wconf 78' lang='grc' dir='ltr'>τοῦ</span> <span class='ocrx_word' id='word_1_292' title='bbox 989 3449 1334 3521; x_wconf 86' lang='grc' dir='ltr'>περιέχοντος</span> <span class='ocrx_word' id='word_1_293' title='bbox 1360 3448 1552 3511; x_wconf 67' lang='grc' dir='ltr'>εἴδους</span> <span class='ocrx_word' id='word_1_294' title='bbox 1604 3445 1841 3518; x_wconf 80' lang='grc' dir='ltr'>μεταϐα-</span> 
     </span>
    </p>
   </div>
   <div class='ocr_carea' id='block_1_40' title="bbox 238 3537 1839 3613">
    <p class='ocr_par' dir='ltr' id='par_1_40' title="bbox 238 3537 1839 3613">
     <span class='ocr_line' id='line_1_40' title="bbox 238 3537 1839 3613; baseline -0.012 -10"><span class='ocrx_word' id='word_1_295' title='bbox 238 3547 499 3604; x_wconf 81' lang='grc' dir='ltr'>λοῦνται.</span> <span class='ocrx_word' id='word_1_296' title='bbox 539 3542 650 3597; x_wconf 73' lang='grc' dir='ltr'><strong>Καὶ</strong></span> <span class='ocrx_word' id='word_1_297' title='bbox 687 3542 882 3596; x_wconf 85' lang='grc' dir='ltr'>ὁπόσον</span> <span class='ocrx_word' id='word_1_298' title='bbox 926 3541 1024 3613; x_wconf 83' lang='grc' dir='ltr'><strong>μὲν</strong></span> <span class='ocrx_word' id='word_1_299' title='bbox 1061 3541 1128 3593; x_wconf 84' lang='grc' dir='ltr'><strong>ἂν</strong></span> <span class='ocrx_word' id='word_1_300' title='bbox 1175 3538 1316 3593; x_wconf 73' lang='grc' dir='ltr'>κατὰ</span> <span class='ocrx_word' id='word_1_301' title='bbox 1358 3539 1486 3603; x_wconf 77' lang='grc' dir='ltr'>τοὺς</span> <span class='ocrx_word' id='word_1_302' title='bbox 1526 3537 1839 3608; x_wconf 77' lang='grc' dir='ltr'>ὀφθαλμοὺς</span> 
     </span>
    </p>
   </div>
   <div class='ocr_carea' id='block_1_41' title="bbox 237 3624 1840 3712">
    <p class='ocr_par' dir='ltr' id='par_1_41' title="bbox 237 3624 1840 3712">
     <span class='ocr_line' id='line_1_41' title="bbox 237 3624 1840 3712; baseline -0.009 -15"><span class='ocrx_word' id='word_1_303' title='bbox 237 3638 512 3712; x_wconf 85' lang='grc' dir='ltr'>διαχυθῇ,</span> <span class='ocrx_word' id='word_1_304' title='bbox 552 3639 664 3700; x_wconf 84' lang='grc' dir='ltr'>τοῖς</span> <span class='ocrx_word' id='word_1_305' title='bbox 696 3634 993 3705; x_wconf 78' lang='grc' dir='ltr'>ὀφθαλμοῖς</span> <span class='ocrx_word' id='word_1_306' title='bbox 1040 3632 1242 3687; x_wconf 74' lang='grc' dir='ltr'>ἔοικεν·</span> <span class='ocrx_word' id='word_1_307' title='bbox 1274 3631 1468 3685; x_wconf 87' lang='grc' dir='ltr'>ὁπόσον</span> <span class='ocrx_word' id='word_1_308' title='bbox 1513 3624 1747 3684; x_wconf 65' lang='grc' dir='ltr'>δὲκατά</span> <span class='ocrx_word' id='word_1_309' title='bbox 1780 3629 1840 3683; x_wconf 91' lang='grc' dir='ltr'><strong>τὸ</strong></span> 
     </span>
    </p>
   </div>
   <div class='ocr_carea' id='block_1_42' title="bbox 236 3719 1836 3805">
    <p class='ocr_par' dir='ltr' id='par_1_42' title="bbox 236 3719 1836 3805">
     <span class='ocr_line' id='line_1_42' title="bbox 236 3719 1836 3805; baseline -0.008 -20"><span class='ocrx_word' id='word_1_310' title='bbox 236 3732 573 3805; x_wconf 85' lang='grc' dir='ltr'>πρόσωπον,</span> <span class='ocrx_word' id='word_1_311' title='bbox 598 3724 675 3797; x_wconf 81' lang='grc' dir='ltr'><strong>τῷ</strong></span> <span class='ocrx_word' id='word_1_312' title='bbox 723 3722 999 3795; x_wconf 83' lang='grc' dir='ltr'>προσώπῳ</span> <span class='ocrx_word' id='word_1_313' title='bbox 1018 3740 1032 3754; x_wconf 87' lang='grc'><strong>·</strong></span> <span class='ocrx_word' id='word_1_314' title='bbox 1061 3722 1257 3776; x_wconf 76' lang='grc' dir='ltr'>ὁπόσον</span> <span class='ocrx_word' id='word_1_315' title='bbox 1290 3721 1347 3775; x_wconf 80' lang='grc' dir='ltr'><strong>δὲ</strong></span> <span class='ocrx_word' id='word_1_316' title='bbox 1379 3721 1520 3774; x_wconf 79' lang='grc' dir='ltr'>κατὰ</span> <span class='ocrx_word' id='word_1_317' title='bbox 1559 3720 1626 3774; x_wconf 83' lang='grc' dir='ltr'>τὰ</span> <span class='ocrx_word' id='word_1_318' title='bbox 1654 3719 1836 3790; x_wconf 72' lang='grc' dir='ltr'>ἕτερα,</span> 
     </span>
    </p>
   </div>
   <div class='ocr_carea' id='block_1_43' title="bbox 235 3811 1839 3884">
    <p class='ocr_par' dir='ltr' id='par_1_43' title="bbox 235 3811 1839 3884">
     <span class='ocr_line' id='line_1_43' title="bbox 235 3811 1839 3884; baseline -0.011 -5"><span class='ocrx_word' id='word_1_319' title='bbox 235 3823 490 3884; x_wconf 86' lang='grc' dir='ltr'>τούτοις.</span> <span class='ocrx_word' id='word_1_320' title='bbox 529 3820 689 3872; x_wconf 79' lang='grc' dir='ltr'>Ὥστε</span> <span class='ocrx_word' id='word_1_321' title='bbox 716 3817 806 3870; x_wconf 92' lang='grc' dir='ltr'><strong>τὸν</strong></span> <span class='ocrx_word' id='word_1_322' title='bbox 834 3814 997 3868; x_wconf 85' lang='grc' dir='ltr'>αὐτὸν</span> <span class='ocrx_word' id='word_1_323' title='bbox 1032 3815 1260 3868; x_wconf 72' lang='grc' dir='ltr'>ἕκαστον</span> <span class='ocrx_word' id='word_1_324' title='bbox 1287 3811 1591 3881; x_wconf 81' lang='grc' dir='ltr'>φαίνεσθαι,</span> <span class='ocrx_word' id='word_1_325' title='bbox 1619 3811 1718 3863; x_wconf 83' lang='grc' dir='ltr'><strong>ούκ</strong></span> <span class='ocrx_word' id='word_1_326' title='bbox 1746 3811 1839 3864; x_wconf 88' lang='grc' dir='ltr'>ού-</span> 
     </span>
    </p>
   </div>
   <div class='ocr_carea' id='block_1_44' title="bbox 236 3900 1836 3982">
    <p class='ocr_par' dir='ltr' id='par_1_44' title="bbox 236 3900 1836 3982">
     <span class='ocr_line' id='line_1_44' title="bbox 236 3900 1836 3982; baseline -0.009 -12"><span class='ocrx_word' id='word_1_327' title='bbox 236 3915 357 3971; x_wconf 82' lang='grc' dir='ltr'>σῶν</span> <span class='ocrx_word' id='word_1_328' title='bbox 379 3911 499 3967; x_wconf 84' lang='grc' dir='ltr'>τῶν</span> <span class='ocrx_word' id='word_1_329' title='bbox 533 3907 749 3982; x_wconf 82' lang='grc' dir='ltr'>σαρκῶν</span> <span class='ocrx_word' id='word_1_330' title='bbox 777 3908 833 3960; x_wconf 81' lang='grc' dir='ltr'>ὲν</span> <span class='ocrx_word' id='word_1_331' title='bbox 858 3905 1037 3976; x_wconf 82' lang='grc' dir='ltr'>ταυτῷ</span> <span class='ocrx_word' id='word_1_332' title='bbox 1063 3903 1170 3958; x_wconf 83' lang='grc' dir='ltr'>τῶν</span> <span class='ocrx_word' id='word_1_333' title='bbox 1195 3903 1425 3975; x_wconf 86' lang='grc' dir='ltr'>πρώτων</span> <span class='ocrx_word' id='word_1_334' title='bbox 1444 3900 1836 3974; x_wconf 78' lang='grc' dir='ltr'>ὑποκειμένων,</span> 
     </span>
    </p>
   </div>
   <div class='ocr_carea' id='block_1_45' title="bbox 233 3994 1837 4068">
    <p class='ocr_par' dir='ltr' id='par_1_45' title="bbox 233 3994 1837 4068">
     <span class='ocr_line' id='line_1_45' title="bbox 233 3994 1837 4068; baseline -0.011 -4"><span class='ocrx_word' id='word_1_335' title='bbox 233 4007 383 4064; x_wconf 86' lang='grc' dir='ltr'>ἀλλὰ</span> <span class='ocrx_word' id='word_1_336' title='bbox 419 4001 524 4057; x_wconf 80' lang='grc' dir='ltr'>τοῦ</span> <span class='ocrx_word' id='word_1_337' title='bbox 551 3999 742 4064; x_wconf 71' lang='grc' dir='ltr'>εἴδους,</span> <span class='ocrx_word' id='word_1_338' title='bbox 765 3997 899 4052; x_wconf 85' lang='grc' dir='ltr'>καθὸ</span> <span class='ocrx_word' id='word_1_339' title='bbox 924 3995 1311 4051; x_wconf 82' lang='grc' dir='ltr'>είδοποιοῦνται</span> <span class='ocrx_word' id='word_1_340' title='bbox 1331 3994 1396 4049; x_wconf 86' lang='grc' dir='ltr'>τὰ</span> <span class='ocrx_word' id='word_1_341' title='bbox 1418 3995 1837 4068; x_wconf 87' lang='grc' dir='ltr'>προσγινόμενα.</span> 
     </span>
    </p>
   </div>
   <div class='ocr_carea' id='block_1_46' title="bbox 232 4086 1841 4162">
    <p class='ocr_par' dir='ltr' id='par_1_46' title="bbox 232 4086 1841 4162">
     <span class='ocr_line' id='line_1_46' title="bbox 232 4086 1841 4162; baseline -0.01 -6"><span class='ocrx_word' id='word_1_342' title='bbox 232 4102 355 4157; x_wconf 80' lang='grc' dir='ltr'><strong>Καὶ</strong></span> <span class='ocrx_word' id='word_1_343' title='bbox 384 4095 581 4151; x_wconf 84' lang='grc' dir='ltr'>τοίνυν</span> <span class='ocrx_word' id='word_1_344' title='bbox 623 4094 671 4145; x_wconf 88' lang='grc' dir='ltr'><strong>εί</strong></span> <span class='ocrx_word' id='word_1_345' title='bbox 727 4092 799 4162; x_wconf 85' lang='grc' dir='ltr'>μή</span> <span class='ocrx_word' id='word_1_346' title='bbox 835 4093 1000 4160; x_wconf 85' lang='grc' dir='ltr'>ὲσμεν</span> <span class='ocrx_word' id='word_1_347' title='bbox 1046 4088 1096 4141; x_wconf 76' lang='grc' dir='ltr'>οἱ</span> <span class='ocrx_word' id='word_1_348' title='bbox 1143 4086 1317 4152; x_wconf 70' lang='grc' dir='ltr'>αὐτοὶ,</span> <span class='ocrx_word' id='word_1_349' title='bbox 1356 4086 1461 4141; x_wconf 76' lang='grc' dir='ltr'>κᾶν</span> <span class='ocrx_word' id='word_1_350' title='bbox 1515 4086 1610 4140; x_wconf 76' lang='grc' dir='ltr'><strong>ἐπὶ</strong></span> <span class='ocrx_word' id='word_1_351' title='bbox 1653 4086 1841 4154; x_wconf 86' lang='grc' dir='ltr'>ὀλίγας</span> 
     </span>
    </p>
   </div>
   <div class='ocr_carea' id='block_1_47' title="bbox 228 4176 1840 4267">
    <p class='ocr_par' dir='ltr' id='par_1_47' title="bbox 228 4176 1840 4267">
     <span class='ocr_line' id='line_1_47' title="bbox 228 4176 1840 4267; baseline -0.016 -18"><span class='ocrx_word' id='word_1_352' title='bbox 228 4191 498 4267; x_wconf 76' lang='grc' dir='ltr'>ἡμέρας,</span> <span class='ocrx_word' id='word_1_353' title='bbox 540 4184 618 4255; x_wconf 82' lang='grc' dir='ltr'>τῷ</span> <span class='ocrx_word' id='word_1_354' title='bbox 656 4181 889 4254; x_wconf 85' lang='grc' dir='ltr'>σώματι,</span> <span class='ocrx_word' id='word_1_355' title='bbox 934 4179 1070 4233; x_wconf 82' lang='grc' dir='ltr'>ἀλλὰ</span> <span class='ocrx_word' id='word_1_356' title='bbox 1107 4179 1186 4250; x_wconf 82' lang='grc' dir='ltr'>τῷ</span> <span class='ocrx_word' id='word_1_357' title='bbox 1228 4178 1361 4232; x_wconf 80' lang='grc' dir='ltr'>εἴδει</span> <span class='ocrx_word' id='word_1_358' title='bbox 1406 4180 1464 4232; x_wconf 77' lang='grc' dir='ltr'>ὲν</span> <span class='ocrx_word' id='word_1_359' title='bbox 1508 4178 1586 4250; x_wconf 83' lang='grc' dir='ltr'>τῷ</span> <span class='ocrx_word' id='word_1_360' title='bbox 1629 4176 1840 4267; x_wconf 45' lang='grc' dir='ltr'>σῶμαέτι</span> 
     </span>
    </p>
   </div>
   <div class='ocr_carea' id='block_1_48' title="bbox 231 4262 1841 4357">
    <p class='ocr_par' dir='ltr' id='par_1_48' title="bbox 231 4262 1841 4357">
     <span class='ocr_line' id='line_1_48' title="bbox 231 4262 1841 4357; baseline -0.016 -17"><span class='ocrx_word' id='word_1_361' title='bbox 231 4262 430 4357; x_wconf 72' lang='grc' dir='ltr'>(τοῦτο</span> <span class='ocrx_word' id='word_1_362' title='bbox 460 4276 580 4351; x_wconf 71' lang='lat'><strong>7&amp;9</strong></span> <span class='ocrx_word' id='word_1_363' title='bbox 610 4274 767 4345; x_wconf 88' lang='grc' dir='ltr'>μόνον</span> <span class='ocrx_word' id='word_1_364' title='bbox 794 4272 1024 4343; x_wconf 69' lang='grc' dir='ltr'>ἕστηκεν</span> <span class='ocrx_word' id='word_1_365' title='bbox 1051 4268 1159 4323; x_wconf 88' lang='grc' dir='ltr'><strong>άπὸ</strong></span> <span class='ocrx_word' id='word_1_366' title='bbox 1191 4269 1480 4339; x_wconf 86' lang='grc' dir='ltr'>γενέσεως)</span> <span class='ocrx_word' id='word_1_367' title='bbox 1499 4285 1513 4300; x_wconf 92' lang='grc'><strong>·</strong></span> <span class='ocrx_word' id='word_1_368' title='bbox 1538 4267 1717 4340; x_wconf 81' lang='grc' dir='ltr'>πολλῷ</span> <span class='ocrx_word' id='word_1_369' title='bbox 1747 4262 1841 4322; x_wconf 76' lang='grc' dir='ltr'><strong>οὖν</strong></span> 
     </span>
    </p>
   </div>
   <div class='ocr_carea' id='block_1_49' title="bbox 235 4359 1842 4450">
    <p class='ocr_par' dir='ltr' id='par_1_49' title="bbox 235 4359 1842 4450">
     <span class='ocr_line' id='line_1_49' title="bbox 235 4359 1842 4450; baseline -0.011 -19"><span class='ocrx_word' id='word_1_370' title='bbox 235 4375 460 4450; x_wconf 76' lang='grc' dir='ltr'>μᾶλλον</span> <span class='ocrx_word' id='word_1_371' title='bbox 504 4366 631 4423; x_wconf 79' lang='grc' dir='ltr'>οὐδὲ</span> <span class='ocrx_word' id='word_1_372' title='bbox 684 4365 803 4419; x_wconf 81' lang='grc' dir='ltr'>τότε</span> <span class='ocrx_word' id='word_1_373' title='bbox 843 4363 891 4415; x_wconf 82' lang='grc' dir='ltr'><strong>οἱ</strong></span> <span class='ocrx_word' id='word_1_374' title='bbox 930 4361 1083 4416; x_wconf 78' lang='grc' dir='ltr'>αὐτοὶ</span> <span class='ocrx_word' id='word_1_375' title='bbox 1118 4359 1255 4433; x_wconf 84' lang='grc' dir='ltr'>μετὰ</span> <span class='ocrx_word' id='word_1_376' title='bbox 1300 4360 1398 4433; x_wconf 86' lang='grc' dir='ltr'>τὴν</span> <span class='ocrx_word' id='word_1_377' title='bbox 1443 4359 1609 4433; x_wconf 84' lang='grc' dir='ltr'>αὐτὴν</span> <span class='ocrx_word' id='word_1_378' title='bbox 1662 4359 1842 4429; x_wconf 90' lang='grc' dir='ltr'>σάρκα</span> 
     </span>
    </p>
   </div>
   <div class='ocr_carea' id='block_1_50' title="bbox 1919 593 3490 670">
    <p class='ocr_par' dir='ltr' id='par_1_50' title="bbox 1919 593 3490 670">
     <span class='ocr_line' id='line_1_50' title="bbox 1919 593 3490 670; baseline -0.004 -16"><span class='ocrx_word' id='word_1_379' title='bbox 1919 610 2083 670; x_wconf 88' lang='lat' dir='ltr'><strong>taque</strong></span> <span class='ocrx_word' id='word_1_380' title='bbox 2129 599 2454 656; x_wconf 87' lang='lat' dir='ltr'><strong>redduntur.</strong></span> <span class='ocrx_word' id='word_1_381' title='bbox 2499 598 2635 654; x_wconf 86' lang='lat' dir='ltr'><strong>Nam</strong></span> <span class='ocrx_word' id='word_1_382' title='bbox 2676 599 2723 654; x_wconf 90' lang='lat' dir='ltr'><strong>si</strong></span> <span class='ocrx_word' id='word_1_383' title='bbox 2777 604 3120 652; x_wconf 75' lang='lat' dir='ltr'><strong>morerentur</strong></span> <span class='ocrx_word' id='word_1_384' title='bbox 3158 593 3377 666; x_wconf 86' lang='lat' dir='ltr'><strong>quidem</strong></span> <span class='ocrx_word' id='word_1_385' title='bbox 3426 607 3490 647; x_wconf 90' lang='lat' dir='ltr'><strong>ac</strong></span> 
     </span>
    </p>
   </div>
   <div class='ocr_carea' id='block_1_51' title="bbox 1918 684 3493 763">
    <p class='ocr_par' dir='ltr' id='par_1_51' title="bbox 1918 684 3493 763">
     <span class='ocr_line' id='line_1_51' title="bbox 1918 684 3493 763; baseline -0.005 -16"><span class='ocrx_word' id='word_1_386' title='bbox 1918 700 2299 763; x_wconf 86' lang='lat' dir='ltr'><strong>putrescerent</strong></span> <span class='ocrx_word' id='word_1_387' title='bbox 2342 692 2551 747; x_wconf 86' lang='lat' dir='ltr'><strong>semina</strong></span> <span class='ocrx_word' id='word_1_388' title='bbox 2571 727 2588 751; x_wconf 87' lang='lat'><strong>,</strong></span> <span class='ocrx_word' id='word_1_389' title='bbox 2616 705 2717 746; x_wconf 88' lang='lat' dir='ltr'><strong>nec</strong></span> <span class='ocrx_word' id='word_1_390' title='bbox 2746 705 2810 745; x_wconf 84' lang='lat' dir='ltr'><strong>ex</strong></span> <span class='ocrx_word' id='word_1_391' title='bbox 2842 689 2929 745; x_wconf 92' lang='lat' dir='ltr'><strong>his</strong></span> <span class='ocrx_word' id='word_1_392' title='bbox 2968 687 3265 758; x_wconf 80' lang='lat' dir='ltr'><strong>quidquam</strong></span> <span class='ocrx_word' id='word_1_393' title='bbox 3299 684 3493 741; x_wconf 81' lang='lat' dir='ltr'><strong>revivi-</strong></span> 
     </span>
    </p>
   </div>
   <div class='ocr_carea' id='block_1_52' title="bbox 1919 779 3490 853">
    <p class='ocr_par' dir='ltr' id='par_1_52' title="bbox 1919 779 3490 853">
     <span class='ocr_line' id='line_1_52' title="bbox 1919 779 3490 853; baseline -0.008 -12"><span class='ocrx_word' id='word_1_394' title='bbox 1919 793 2095 841; x_wconf 78' lang='lat' dir='ltr'><strong>sceret</strong></span> <span class='ocrx_word' id='word_1_395' title='bbox 2115 797 2179 838; x_wconf 84' lang='lat' dir='ltr'><strong>ac</strong></span> <span class='ocrx_word' id='word_1_396' title='bbox 2203 783 2493 853; x_wconf 89' lang='lat' dir='ltr'><strong>pullularet</strong></span> <span class='ocrx_word' id='word_1_397' title='bbox 2516 781 2693 848; x_wconf 88' lang='lat' dir='ltr'><strong>aliud;</strong></span> <span class='ocrx_word' id='word_1_398' title='bbox 2715 796 2836 852; x_wconf 84' lang='lat' dir='ltr'><strong>quae</strong></span> <span class='ocrx_word' id='word_1_399' title='bbox 2858 796 2979 837; x_wconf 89' lang='lat' dir='ltr'><strong>sors</strong></span> <span class='ocrx_word' id='word_1_400' title='bbox 3004 789 3149 836; x_wconf 89' lang='lat' dir='ltr'><strong>esset</strong></span> <span class='ocrx_word' id='word_1_401' title='bbox 3174 779 3279 834; x_wconf 89' lang='lat' dir='ltr'><strong>alia</strong></span> <span class='ocrx_word' id='word_1_402' title='bbox 3306 792 3490 832; x_wconf 89' lang='lat' dir='ltr'><strong>rerum</strong></span> 
     </span>
    </p>
   </div>
   <div class='ocr_carea' id='block_1_53' title="bbox 1920 871 3493 944">
    <p class='ocr_par' dir='ltr' id='par_1_53' title="bbox 1920 871 3493 944">
     <span class='ocr_line' id='line_1_53' title="bbox 1920 871 3493 944; baseline -0.006 -14"><span class='ocrx_word' id='word_1_403' title='bbox 1920 882 2084 944; x_wconf 86' lang='lat' dir='ltr'><strong>atque</strong></span> <span class='ocrx_word' id='word_1_404' title='bbox 2127 873 2392 941; x_wconf 85' lang='lat' dir='ltr'><strong>conditio,</strong></span> <span class='ocrx_word' id='word_1_405' title='bbox 2432 888 2594 944; x_wconf 89' lang='lat' dir='ltr'><strong>quam</strong></span> <span class='ocrx_word' id='word_1_406' title='bbox 2635 885 2694 929; x_wconf 89' lang='lat' dir='ltr'><strong>ut</strong></span> <span class='ocrx_word' id='word_1_407' title='bbox 2726 871 2907 928; x_wconf 87' lang='lat' dir='ltr'><strong>omnia</strong></span> <span class='ocrx_word' id='word_1_408' title='bbox 2955 880 3130 928; x_wconf 88' lang='lat' dir='ltr'><strong>morte</strong></span> <span class='ocrx_word' id='word_1_409' title='bbox 3166 876 3493 939; x_wconf 90' lang='lat' dir='ltr'><strong>consumpta</strong></span> 
     </span>
    </p>
   </div>
   <div class='ocr_carea' id='block_1_54' title="bbox 1921 966 2515 1036">
    <p class='ocr_par' dir='ltr' id='par_1_54' title="bbox 1921 966 2515 1036">
     <span class='ocr_line' id='line_1_54' title="bbox 1921 966 2515 1036; baseline 0 -16"><span class='ocrx_word' id='word_1_410' title='bbox 1921 972 2136 1036; x_wconf 77' lang='lat' dir='ltr'><strong>penitus</strong></span> <span class='ocrx_word' id='word_1_411' title='bbox 2168 966 2515 1023; x_wconf 78' lang='lat' dir='ltr'><strong>occiderent?</strong></span> 
     </span>
    </p>
   </div>
   <div class='ocr_carea' id='block_1_55' title="bbox 1994 1142 3495 1215">
    <p class='ocr_par' dir='ltr' id='par_1_55' title="bbox 1994 1142 3495 1215">
     <span class='ocr_line' id='line_1_55' title="bbox 1994 1142 3495 1215; baseline 0 -17"><span class='ocrx_word' id='word_1_412' title='bbox 1994 1142 2278 1200; x_wconf 80' lang='lat' dir='ltr'><strong>XXXVIII.</strong></span> <span class='ocrx_word' id='word_1_413' title='bbox 2320 1142 2427 1200; x_wconf 81' lang='lat' dir='ltr'><strong>Sed</strong></span> <span class='ocrx_word' id='word_1_414' title='bbox 2457 1143 2525 1200; x_wconf 91' lang='lat' dir='ltr'><strong>de</strong></span> <span class='ocrx_word' id='word_1_415' title='bbox 2556 1144 2643 1200; x_wconf 88' lang='lat' dir='ltr'><strong>his</strong></span> <span class='ocrx_word' id='word_1_416' title='bbox 2673 1144 2923 1215; x_wconf 88' lang='lat' dir='ltr'><strong>pluribus</strong></span> <span class='ocrx_word' id='word_1_417' title='bbox 2955 1143 3255 1214; x_wconf 75' lang='lat' dir='ltr'><strong>diSputare,</strong></span> <span class='ocrx_word' id='word_1_418' title='bbox 3292 1144 3495 1214; x_wconf 87' lang='lat' dir='ltr'><strong>optime</strong></span> 
     </span>
    </p>
   </div>
   <div class='ocr_carea' id='block_1_56' title="bbox 1925 1237 3497 1309">
    <p class='ocr_par' dir='ltr' id='par_1_56' title="bbox 1925 1237 3497 1309">
     <span class='ocr_line' id='line_1_56' title="bbox 1925 1237 3497 1309; baseline -0.001 -17"><span class='ocrx_word' id='word_1_419' title='bbox 1925 1237 2245 1309; x_wconf 87' lang='lat' dir='ltr'><strong>Theophile,</strong></span> <span class='ocrx_word' id='word_1_420' title='bbox 2268 1254 2474 1308; x_wconf 83' lang='lat' dir='ltr'><strong>vosque</strong></span> <span class='ocrx_word' id='word_1_421' title='bbox 2489 1239 2670 1293; x_wconf 62' lang='lat' dir='ltr'><strong>caeteri</strong></span> <span class='ocrx_word' id='word_1_422' title='bbox 2688 1253 2999 1305; x_wconf 84' lang='lat' dir='ltr'><strong>sermonum</strong></span> <span class='ocrx_word' id='word_1_423' title='bbox 3022 1248 3331 1293; x_wconf 87' lang='lat' dir='ltr'><strong>nostrorum</strong></span> <span class='ocrx_word' id='word_1_424' title='bbox 3354 1238 3497 1293; x_wconf 82' lang='lat' dir='ltr'><strong>arbi-</strong></span> 
     </span>
    </p>
   </div>
   <div class='ocr_carea' id='block_1_57' title="bbox 1930 1331 3496 1402">
    <p class='ocr_par' dir='ltr' id='par_1_57' title="bbox 1930 1331 3496 1402">
     <span class='ocr_line' id='line_1_57' title="bbox 1930 1331 3496 1402; baseline -0.001 -16"><span class='ocrx_word' id='word_1_425' title='bbox 1930 1332 2022 1395; x_wconf 87' lang='lat' dir='ltr'><strong>tri,</strong></span> <span class='ocrx_word' id='word_1_426' title='bbox 2078 1332 2134 1386; x_wconf 90' lang='lat' dir='ltr'><strong>in</strong></span> <span class='ocrx_word' id='word_1_427' title='bbox 2186 1332 2472 1401; x_wconf 77' lang='lat' dir='ltr'><strong>praesentia</strong></span> <span class='ocrx_word' id='word_1_428' title='bbox 2529 1331 3023 1402; x_wconf 87' lang='lat' dir='ltr'><strong>supersedebimus.</strong></span> <span class='ocrx_word' id='word_1_429' title='bbox 3080 1331 3212 1398; x_wconf 65' lang='lat' dir='ltr'><strong>Quae</strong></span> <span class='ocrx_word' id='word_1_430' title='bbox 3261 1347 3387 1387; x_wconf 82' lang='lat' dir='ltr'><strong>vero</strong></span> <span class='ocrx_word' id='word_1_431' title='bbox 3431 1332 3496 1387; x_wconf 79' lang='lat' dir='ltr'><strong>iis</strong></span> 
     </span>
    </p>
   </div>
   <div class='ocr_carea' id='block_1_58' title="bbox 1929 1419 3500 1490">
    <p class='ocr_par' dir='ltr' id='par_1_58' title="bbox 1929 1419 3500 1490">
     <span class='ocr_line' id='line_1_58' title="bbox 1929 1419 3500 1490; baseline -0.001 -15"><span class='ocrx_word' id='word_1_432' title='bbox 1929 1428 2300 1477; x_wconf 88' lang='lat' dir='ltr'><strong>consentanea</strong></span> <span class='ocrx_word' id='word_1_433' title='bbox 2323 1434 2386 1474; x_wconf 91' lang='lat' dir='ltr'><strong>ac</strong></span> <span class='ocrx_word' id='word_1_434' title='bbox 2407 1420 2800 1490; x_wconf 85' lang='lat' dir='ltr'><strong>consequentia</strong></span> <span class='ocrx_word' id='word_1_435' title='bbox 2822 1428 2971 1486; x_wconf 91' lang='lat' dir='ltr'><strong>sunt,</strong></span> <span class='ocrx_word' id='word_1_436' title='bbox 2999 1419 3271 1490; x_wconf 89' lang='lat' dir='ltr'><strong>quomodo</strong></span> <span class='ocrx_word' id='word_1_437' title='bbox 3292 1421 3500 1476; x_wconf 87' lang='lat' dir='ltr'><strong>scilicet</strong></span> 
     </span>
    </p>
   </div>
   <div class='ocr_carea' id='block_1_59' title="bbox 1927 1511 3499 1584">
    <p class='ocr_par' dir='ltr' id='par_1_59' title="bbox 1927 1511 3499 1584">
     <span class='ocr_line' id='line_1_59' title="bbox 1927 1511 3499 1584; baseline -0.001 -19"><span class='ocrx_word' id='word_1_438' title='bbox 1927 1513 2117 1582; x_wconf 91' lang='lat' dir='ltr'><strong>procul</strong></span> <span class='ocrx_word' id='word_1_439' title='bbox 2145 1512 2213 1567; x_wconf 86' lang='lat' dir='ltr'><strong>ab</strong></span> <span class='ocrx_word' id='word_1_440' title='bbox 2240 1526 2411 1582; x_wconf 89' lang='lat' dir='ltr'><strong>scopo</strong></span> <span class='ocrx_word' id='word_1_441' title='bbox 2442 1512 2742 1577; x_wconf 85' lang='lat' dir='ltr'><strong>aberrarit,</strong></span> <span class='ocrx_word' id='word_1_442' title='bbox 2773 1513 3033 1584; x_wconf 88' lang='lat' dir='ltr'><strong>deinceps</strong></span> <span class='ocrx_word' id='word_1_443' title='bbox 3070 1512 3372 1569; x_wconf 86' lang='lat' dir='ltr'><strong>videamus.</strong></span> <span class='ocrx_word' id='word_1_444' title='bbox 3401 1511 3499 1565; x_wconf 84' lang='lat' dir='ltr'><strong>Et-</strong></span> 
     </span>
    </p>
   </div>
   <div class='ocr_carea' id='block_1_60' title="bbox 1928 1602 3500 1675">
    <p class='ocr_par' dir='ltr' id='par_1_60' title="bbox 1928 1602 3500 1675">
     <span class='ocr_line' id='line_1_60' title="bbox 1928 1602 3500 1675; baseline -0.001 -16"><span class='ocrx_word' id='word_1_445' title='bbox 1928 1604 2072 1659; x_wconf 90' lang='lat' dir='ltr'><strong>enim</strong></span> <span class='ocrx_word' id='word_1_446' title='bbox 2124 1603 2214 1659; x_wconf 89' lang='lat' dir='ltr'><strong>ille</strong></span> <span class='ocrx_word' id='word_1_447' title='bbox 2253 1602 2320 1659; x_wconf 90' lang='lat' dir='ltr'><strong>de</strong></span> <span class='ocrx_word' id='word_1_448' title='bbox 2367 1604 2567 1660; x_wconf 88' lang='lat' dir='ltr'><strong>animis</strong></span> <span class='ocrx_word' id='word_1_449' title='bbox 2612 1603 2892 1660; x_wconf 86' lang='lat' dir='ltr'><strong>disserens</strong></span> <span class='ocrx_word' id='word_1_450' title='bbox 2931 1606 2997 1661; x_wconf 90' lang='lat' dir='ltr'><strong>ad</strong></span> <span class='ocrx_word' id='word_1_451' title='bbox 3051 1605 3319 1675; x_wconf 87' lang='lat' dir='ltr'><strong>psalmum</strong></span> <span class='ocrx_word' id='word_1_452' title='bbox 3371 1621 3500 1672; x_wconf 80' lang='lat' dir='ltr'><strong>va,</strong></span> 
     </span>
    </p>
   </div>
   <div class='ocr_carea' id='block_1_61' title="bbox 1931 1695 3503 1766">
    <p class='ocr_par' dir='ltr' id='par_1_61' title="bbox 1931 1695 3503 1766">
     <span class='ocr_line' id='line_1_61' title="bbox 1931 1695 3503 1766; baseline 0.001 -17"><span class='ocrx_word' id='word_1_453' title='bbox 1931 1709 2093 1765; x_wconf 83' lang='lat' dir='ltr'><strong>quem</strong></span> <span class='ocrx_word' id='word_1_454' title='bbox 2140 1695 2380 1750; x_wconf 81' lang='lat' dir='ltr'><strong>violenta</strong></span> <span class='ocrx_word' id='word_1_455' title='bbox 2432 1695 2667 1765; x_wconf 84' lang='lat' dir='ltr'><strong>quadam</strong></span> <span class='ocrx_word' id='word_1_456' title='bbox 2720 1695 3165 1765; x_wconf 85' lang='lat' dir='ltr'><strong>interpretatione</strong></span> <span class='ocrx_word' id='word_1_457' title='bbox 3218 1697 3503 1766; x_wconf 87' lang='lat' dir='ltr'><strong>alienaque</strong></span> 
     </span>
    </p>
   </div>
   <div class='ocr_carea' id='block_1_62' title="bbox 1854 1769 3502 1859">
    <p class='ocr_par' dir='ltr' id='par_1_62' title="bbox 1854 1769 3502 1859">
     <span class='ocr_line' id='line_1_62' title="bbox 1854 1769 3502 1859; baseline 0.002 -17"><span class='ocrx_word' id='word_1_458' title='bbox 1854 1769 1898 1828; x_wconf 70' lang='grc' dir='ltr'><strong>Β</strong></span> <span class='ocrx_word' id='word_1_459' title='bbox 1925 1788 2185 1852; x_wconf 87' lang='lat' dir='ltr'><strong>declarat,</strong></span> <span class='ocrx_word' id='word_1_460' title='bbox 2206 1786 2705 1853; x_wconf 79' lang='lat' dir='ltr'><strong>llesurrectionem,</strong></span> <span class='ocrx_word' id='word_1_461' title='bbox 2726 1787 2923 1859; x_wconf 84' lang='lat' dir='ltr'><strong>inquit,</strong></span> <span class='ocrx_word' id='word_1_462' title='bbox 2937 1789 3294 1845; x_wconf 80' lang='lat' dir='ltr'><strong>solihominis</strong></span> <span class='ocrx_word' id='word_1_463' title='bbox 3315 1788 3502 1845; x_wconf 63' lang='lat' dir='ltr'><strong>formae</strong></span> 
     </span>
    </p>
   </div>
   <div class='ocr_carea' id='block_1_63' title="bbox 1926 1879 3498 1949">
    <p class='ocr_par' dir='ltr' id='par_1_63' title="bbox 1926 1879 3498 1949">
     <span class='ocr_line' id='line_1_63' title="bbox 1926 1879 3498 1949; baseline 0.003 -14"><span class='ocrx_word' id='word_1_464' title='bbox 1926 1879 2220 1935; x_wconf 81' lang='lat' dir='ltr'><strong>convenire</strong></span> <span class='ocrx_word' id='word_1_465' title='bbox 2246 1879 2550 1949; x_wconf 88' lang='lat' dir='ltr'><strong>putandum</strong></span> <span class='ocrx_word' id='word_1_466' title='bbox 2574 1888 2680 1936; x_wconf 88' lang='lat' dir='ltr'><strong>est.</strong></span> <span class='ocrx_word' id='word_1_467' title='bbox 2704 1881 2783 1935; x_wconf 83' lang='lat' dir='ltr'><strong>Ac</strong></span> <span class='ocrx_word' id='word_1_468' title='bbox 2805 1896 2874 1936; x_wconf 91' lang='lat' dir='ltr'><strong>ne</strong></span> <span class='ocrx_word' id='word_1_469' title='bbox 2899 1881 3032 1936; x_wconf 89' lang='lat' dir='ltr'><strong>illud</strong></span> <span class='ocrx_word' id='word_1_470' title='bbox 3060 1880 3293 1938; x_wconf 82' lang='lat' dir='ltr'><strong>fortasse</strong></span> <span class='ocrx_word' id='word_1_471' title='bbox 3315 1883 3467 1939; x_wconf 86' lang='lat' dir='ltr'><strong>dicas</strong></span> <span class='ocrx_word' id='word_1_472' title='bbox 3483 1925 3498 1946; x_wconf 88' lang='lat'><strong>,</strong></span> 
     </span>
    </p>
   </div>
   <div class='ocr_carea' id='block_1_64' title="bbox 1922 1969 3504 2043">
    <p class='ocr_par' dir='ltr' id='par_1_64' title="bbox 1922 1969 3504 2043">
     <span class='ocr_line' id='line_1_64' title="bbox 1922 1969 3504 2043; baseline 0.001 -16"><span class='ocrx_word' id='word_1_473' title='bbox 1922 1973 2162 2028; x_wconf 85' lang='lat' dir='ltr'><strong>obscure</strong></span> <span class='ocrx_word' id='word_1_474' title='bbox 2187 1969 2342 2042; x_wconf 78' lang='lat'><strong>561</strong></span> <span class='ocrx_word' id='word_1_475' title='bbox 2378 1970 2544 2025; x_wconf 88' lang='lat' dir='ltr'><strong>istum</strong></span> <span class='ocrx_word' id='word_1_476' title='bbox 2577 1970 2841 2027; x_wconf 88' lang='lat' dir='ltr'><strong>discenda</strong></span> <span class='ocrx_word' id='word_1_477' title='bbox 2869 1972 2958 2026; x_wconf 87' lang='lat' dir='ltr'><strong>illa</strong></span> <span class='ocrx_word' id='word_1_478' title='bbox 2997 1973 3369 2043; x_wconf 84' lang='lat' dir='ltr'><strong>proposuisse,</strong></span> <span class='ocrx_word' id='word_1_479' title='bbox 3401 1973 3504 2028; x_wconf 87' lang='lat' dir='ltr'><strong>hoc</strong></span> 
     </span>
    </p>
   </div>
   <div class='ocr_carea' id='block_1_65' title="bbox 1924 2061 3500 2133">
    <p class='ocr_par' dir='ltr' id='par_1_65' title="bbox 1924 2061 3500 2133">
     <span class='ocr_line' id='line_1_65' title="bbox 1924 2061 3500 2133; baseline 0.002 -16"><span class='ocrx_word' id='word_1_480' title='bbox 1924 2064 2103 2132; x_wconf 88' lang='lat' dir='ltr'><strong>ipsum</strong></span> <span class='ocrx_word' id='word_1_481' title='bbox 2132 2062 2224 2118; x_wconf 89' lang='lat' dir='ltr'><strong>ille</strong></span> <span class='ocrx_word' id='word_1_482' title='bbox 2252 2063 2572 2133; x_wconf 86' lang='lat' dir='ltr'><strong>disputavit.</strong></span> <span class='ocrx_word' id='word_1_483' title='bbox 2601 2061 2713 2133; x_wconf 77' lang='lat' dir='ltr'><strong>Ego</strong></span> <span class='ocrx_word' id='word_1_484' title='bbox 2741 2077 2875 2118; x_wconf 76' lang='lat' dir='ltr'><strong>vero</strong></span> <span class='ocrx_word' id='word_1_485' title='bbox 2905 2062 3109 2118; x_wconf 90' lang='lat' dir='ltr'><strong>clarius</strong></span> <span class='ocrx_word' id='word_1_486' title='bbox 3132 2065 3349 2119; x_wconf 90' lang='lat' dir='ltr'><strong>illorum</strong></span> <span class='ocrx_word' id='word_1_487' title='bbox 3376 2080 3500 2120; x_wconf 61' lang='lat' dir='ltr'><strong>vero</strong></span> 
     </span>
    </p>
   </div>
   <div class='ocr_carea' id='block_1_66' title="bbox 1924 2153 3509 2230">
    <p class='ocr_par' dir='ltr' id='par_1_66' title="bbox 1924 2153 3509 2230">
     <span class='ocr_line' id='line_1_66' title="bbox 1924 2153 3509 2230; baseline 0.003 -22"><span class='ocrx_word' id='word_1_488' title='bbox 1924 2153 2121 2208; x_wconf 87' lang='lat' dir='ltr'><strong>borum</strong></span> <span class='ocrx_word' id='word_1_489' title='bbox 2144 2169 2365 2209; x_wconf 87' lang='lat' dir='ltr'><strong>sensum</strong></span> <span class='ocrx_word' id='word_1_490' title='bbox 2387 2153 2603 2209; x_wconf 83' lang='lat' dir='ltr'><strong>ltuncin</strong></span> <span class='ocrx_word' id='word_1_491' title='bbox 2622 2153 2842 2209; x_wconf 91' lang='lat' dir='ltr'><strong>modum</strong></span> <span class='ocrx_word' id='word_1_492' title='bbox 2857 2156 3098 2225; x_wconf 86' lang='lat' dir='ltr'><strong>aperiam</strong></span> <span class='ocrx_word' id='word_1_493' title='bbox 3119 2175 3131 2211; x_wconf 91' lang='lat'>:</span> <span class='ocrx_word' id='word_1_494' title='bbox 3156 2155 3372 2220; x_wconf 83' lang='lat' dir='ltr'><strong>Vidisti,</strong></span> <span class='ocrx_word' id='word_1_495' title='bbox 3395 2161 3509 2230; x_wconf 81' lang='lat' dir='ltr'><strong>Opi-</strong></span> 
     </span>
    </p>
   </div>
   <div class='ocr_carea' id='block_1_67' title="bbox 1925 2245 3503 2320">
    <p class='ocr_par' dir='ltr' id='par_1_67' title="bbox 1925 2245 3503 2320">
     <span class='ocr_line' id='line_1_67' title="bbox 1925 2245 3503 2320; baseline 0.004 -21"><span class='ocrx_word' id='word_1_496' title='bbox 1925 2260 2049 2309; x_wconf 89' lang='lat' dir='ltr'><strong>nor,</strong></span> <span class='ocrx_word' id='word_1_497' title='bbox 2087 2245 2382 2315; x_wconf 86' lang='lat' dir='ltr'><strong>aliquando</strong></span> <span class='ocrx_word' id='word_1_498' title='bbox 2407 2245 2600 2315; x_wconf 88' lang='lat' dir='ltr'><strong>pellem</strong></span> <span class='ocrx_word' id='word_1_499' title='bbox 2627 2245 2900 2309; x_wconf 88' lang='lat' dir='ltr'><strong>animalis,</strong></span> <span class='ocrx_word' id='word_1_500' title='bbox 2941 2248 3227 2304; x_wconf 90' lang='lat' dir='ltr'><strong>autsimile</strong></span> <span class='ocrx_word' id='word_1_501' title='bbox 3245 2249 3503 2320; x_wconf 90' lang='lat' dir='ltr'><strong>quiddam</strong></span> 
     </span>
    </p>
   </div>
   <div class='ocr_carea' id='block_1_68' title="bbox 1927 2336 3503 2413">
    <p class='ocr_par' dir='ltr' id='par_1_68' title="bbox 1927 2336 3503 2413">
     <span class='ocr_line' id='line_1_68' title="bbox 1927 2336 3503 2413; baseline 0.003 -21"><span class='ocrx_word' id='word_1_502' title='bbox 1927 2352 2069 2409; x_wconf 87' lang='lat' dir='ltr'><strong>aqua</strong></span> <span class='ocrx_word' id='word_1_503' title='bbox 2083 2338 2371 2409; x_wconf 89' lang='lat' dir='ltr'><strong>repletum.</strong></span> <span class='ocrx_word' id='word_1_504' title='bbox 2393 2336 2508 2392; x_wconf 84' lang='lat' dir='ltr'><strong>Hoc</strong></span> <span class='ocrx_word' id='word_1_505' title='bbox 2526 2338 2571 2393; x_wconf 89' lang='lat' dir='ltr'><strong>si</strong></span> <span class='ocrx_word' id='word_1_506' title='bbox 2595 2338 2851 2408; x_wconf 87' lang='lat' dir='ltr'><strong>paulatim</strong></span> <span class='ocrx_word' id='word_1_507' title='bbox 2877 2339 3211 2396; x_wconf 79' lang='lat' dir='ltr'><strong>exinanitum</strong></span> <span class='ocrx_word' id='word_1_508' title='bbox 3244 2342 3503 2413; x_wconf 90' lang='lat' dir='ltr'><strong>paulatim</strong></span> 
     </span>
    </p>
   </div>
   <div class='ocr_carea' id='block_1_69' title="bbox 1928 2428 3506 2504">
    <p class='ocr_par' dir='ltr' id='par_1_69' title="bbox 1928 2428 3506 2504">
     <span class='ocr_line' id='line_1_69' title="bbox 1928 2428 3506 2504; baseline 0.004 -20"><span class='ocrx_word' id='word_1_509' title='bbox 1928 2428 2238 2500; x_wconf 60' lang='lat' dir='ltr'><strong>inlphatur,</strong></span> <span class='ocrx_word' id='word_1_510' title='bbox 2263 2428 2510 2485; x_wconf 88' lang='lat' dir='ltr'><strong>eamdem</strong></span> <span class='ocrx_word' id='word_1_511' title='bbox 2537 2438 2799 2501; x_wconf 88' lang='lat' dir='ltr'><strong>perpetuo</strong></span> <span class='ocrx_word' id='word_1_512' title='bbox 2821 2429 3052 2486; x_wconf 83' lang='lat' dir='ltr'><strong>formam</strong></span> <span class='ocrx_word' id='word_1_513' title='bbox 3070 2433 3290 2488; x_wconf 85' lang='lat' dir='ltr'><strong>retinet.</strong></span> <span class='ocrx_word' id='word_1_514' title='bbox 3316 2434 3506 2504; x_wconf 84' lang='lat' dir='ltr'><strong>Cujus-</strong></span> 
     </span>
    </p>
   </div>
   <div class='ocr_carea' id='block_1_70' title="bbox 1930 2520 3505 2596">
    <p class='ocr_par' dir='ltr' id='par_1_70' title="bbox 1930 2520 3505 2596">
     <span class='ocr_line' id='line_1_70' title="bbox 1930 2520 3505 2596; baseline 0.004 -22"><span class='ocrx_word' id='word_1_515' title='bbox 1930 2521 2074 2576; x_wconf 90' lang='lat' dir='ltr'><strong>modi</strong></span> <span class='ocrx_word' id='word_1_516' title='bbox 2102 2521 2249 2576; x_wconf 90' lang='lat' dir='ltr'><strong>enim</strong></span> <span class='ocrx_word' id='word_1_517' title='bbox 2274 2528 2359 2576; x_wconf 87' lang='lat' dir='ltr'><strong>est</strong></span> <span class='ocrx_word' id='word_1_518' title='bbox 2384 2520 2436 2575; x_wconf 90' lang='lat' dir='ltr'><strong>id</strong></span> <span class='ocrx_word' id='word_1_519' title='bbox 2462 2521 2606 2591; x_wconf 88' lang='lat' dir='ltr'><strong>quod</strong></span> <span class='ocrx_word' id='word_1_520' title='bbox 2632 2521 2898 2586; x_wconf 81' lang='lat' dir='ltr'><strong>continet,</strong></span> <span class='ocrx_word' id='word_1_521' title='bbox 2927 2538 3154 2579; x_wconf 89' lang='lat' dir='ltr'><strong>necesse</strong></span> <span class='ocrx_word' id='word_1_522' title='bbox 3178 2533 3262 2580; x_wconf 84' lang='lat' dir='ltr'><strong>est</strong></span> <span class='ocrx_word' id='word_1_523' title='bbox 3282 2526 3331 2580; x_wconf 92' lang='lat' dir='ltr'><strong>ei</strong></span> <span class='ocrx_word' id='word_1_524' title='bbox 3357 2526 3505 2596; x_wconf 89' lang='lat' dir='ltr'><strong>quod</strong></span> 
     </span>
    </p>
   </div>
   <div class='ocr_carea' id='block_1_71' title="bbox 1934 2612 3504 2688">
    <p class='ocr_par' dir='ltr' id='par_1_71' title="bbox 1934 2612 3504 2688">
     <span class='ocr_line' id='line_1_71' title="bbox 1934 2612 3504 2688; baseline 0.004 -22"><span class='ocrx_word' id='word_1_525' title='bbox 1934 2613 2083 2668; x_wconf 89' lang='lat' dir='ltr'><strong>intus</strong></span> <span class='ocrx_word' id='word_1_526' title='bbox 2119 2622 2204 2669; x_wconf 89' lang='lat' dir='ltr'><strong>est</strong></span> <span class='ocrx_word' id='word_1_527' title='bbox 2230 2612 2584 2668; x_wconf 82' lang='lat' dir='ltr'><strong>conformari.</strong></span> <span class='ocrx_word' id='word_1_528' title='bbox 2616 2614 2729 2685; x_wconf 81' lang='lat' dir='ltr'><strong>Age</strong></span> <span class='ocrx_word' id='word_1_529' title='bbox 2751 2616 2894 2669; x_wconf 85' lang='lat' dir='ltr'><strong>enim</strong></span> <span class='ocrx_word' id='word_1_530' title='bbox 2913 2655 2927 2681; x_wconf 91' lang='lat'><strong>,</strong></span> <span class='ocrx_word' id='word_1_531' title='bbox 2955 2631 3078 2671; x_wconf 90' lang='lat' dir='ltr'><strong>cum</strong></span> <span class='ocrx_word' id='word_1_532' title='bbox 3113 2632 3253 2688; x_wconf 90' lang='lat' dir='ltr'><strong>aqua</strong></span> <span class='ocrx_word' id='word_1_533' title='bbox 3276 2618 3468 2673; x_wconf 80' lang='lat' dir='ltr'><strong>diﬂluit</strong></span> <span class='ocrx_word' id='word_1_534' title='bbox 3489 2661 3504 2681; x_wconf 87' lang='lat'><strong>,</strong></span> 
     </span>
    </p>
   </div>
   <div class='ocr_carea' id='block_1_72' title="bbox 1933 2705 3505 2790">
    <p class='ocr_par' dir='ltr' id='par_1_72' title="bbox 1933 2705 3505 2790">
     <span class='ocr_line' id='line_1_72' title="bbox 1933 2705 3505 2790; baseline 0.003 -29"><span class='ocrx_word' id='word_1_535' title='bbox 1933 2707 1977 2761; x_wconf 89' lang='lat' dir='ltr'><strong>si</strong></span> <span class='ocrx_word' id='word_1_536' title='bbox 2032 2707 2158 2790; x_wconf 81' lang='lat' dir='ltr'><strong>quis</strong></span> <span class='ocrx_word' id='word_1_537' title='bbox 2194 2706 2529 2763; x_wconf 87' lang='lat' dir='ltr'><strong>tantumdem</strong></span> <span class='ocrx_word' id='word_1_538' title='bbox 2612 2705 2883 2776; x_wconf 82' lang='lat' dir='ltr'><strong>en‘undat,</strong></span> <span class='ocrx_word' id='word_1_539' title='bbox 2937 2718 3197 2780; x_wconf 89' lang='lat' dir='ltr'><strong>quantum</strong></span> <span class='ocrx_word' id='word_1_540' title='bbox 3251 2711 3505 2774; x_wconf 85' lang='lat' dir='ltr'><strong>elabitur,</strong></span> 
     </span>
    </p>
   </div>
   <div class='ocr_carea' id='block_1_73' title="bbox 1932 2798 3505 2877">
    <p class='ocr_par' dir='ltr' id='par_1_73' title="bbox 1932 2798 3505 2877">
     <span class='ocr_line' id='line_1_73' title="bbox 1932 2798 3505 2877; baseline 0.003 -24"><span class='ocrx_word' id='word_1_541' title='bbox 1932 2813 2111 2869; x_wconf 88' lang='lat' dir='ltr'><strong>neque</strong></span> <span class='ocrx_word' id='word_1_542' title='bbox 2167 2807 2338 2855; x_wconf 89' lang='lat' dir='ltr'><strong>utrem</strong></span> <span class='ocrx_word' id='word_1_543' title='bbox 2388 2814 2542 2869; x_wconf 66' lang='lat' dir='ltr'><strong>aquae</strong></span> <span class='ocrx_word' id='word_1_544' title='bbox 2584 2798 2875 2877; x_wconf 76' lang='lat' dir='ltr'><strong>confertim</strong></span> <span class='ocrx_word' id='word_1_545' title='bbox 2909 2801 3185 2856; x_wconf 78' lang='lat' dir='ltr'><strong>exhauriri</strong></span> <span class='ocrx_word' id='word_1_546' title='bbox 3233 2804 3505 2873; x_wconf 88' lang='lat' dir='ltr'><strong>patiatur,</strong></span> 
     </span>
    </p>
   </div>
   <div class='ocr_carea' id='block_1_74' title="bbox 1932 2890 3503 2963">
    <p class='ocr_par' dir='ltr' id='par_1_74' title="bbox 1932 2890 3503 2963">
     <span class='ocr_line' id='line_1_74' title="bbox 1932 2890 3503 2963; baseline 0.001 -18"><span class='ocrx_word' id='word_1_547' title='bbox 1932 2905 2160 2946; x_wconf 86' lang='lat' dir='ltr'><strong>necesse</strong></span> <span class='ocrx_word' id='word_1_548' title='bbox 2173 2898 2257 2946; x_wconf 87' lang='lat' dir='ltr'><strong>est</strong></span> <span class='ocrx_word' id='word_1_549' title='bbox 2273 2891 2379 2946; x_wconf 90' lang='lat' dir='ltr'><strong>tale</strong></span> <span class='ocrx_word' id='word_1_550' title='bbox 2398 2891 2568 2946; x_wconf 80' lang='lat' dir='ltr'><strong>videri</strong></span> <span class='ocrx_word' id='word_1_551' title='bbox 2592 2891 2734 2962; x_wconf 85' lang='lat' dir='ltr'><strong>quod</strong></span> <span class='ocrx_word' id='word_1_552' title='bbox 2757 2890 2994 2956; x_wconf 85' lang='lat' dir='ltr'><strong>additur,</strong></span> <span class='ocrx_word' id='word_1_553' title='bbox 3019 2894 3178 2963; x_wconf 90' lang='lat' dir='ltr'><strong>quale</strong></span> <span class='ocrx_word' id='word_1_554' title='bbox 3199 2900 3281 2949; x_wconf 90' lang='lat' dir='ltr'><strong>est</strong></span> <span class='ocrx_word' id='word_1_555' title='bbox 3306 2901 3503 2962; x_wconf 88' lang='lat' dir='ltr'><strong>totum,</strong></span> 
     </span>
    </p>
   </div>
   <div class='ocr_carea' id='block_1_75' title="bbox 1933 2982 3505 3056">
    <p class='ocr_par' dir='ltr' id='par_1_75' title="bbox 1933 2982 3505 3056">
     <span class='ocr_line' id='line_1_75' title="bbox 1933 2982 3505 3056; baseline 0.002 -17"><span class='ocrx_word' id='word_1_556' title='bbox 1933 2999 1999 3039; x_wconf 89' lang='lat' dir='ltr'><strong>eo</strong></span> <span class='ocrx_word' id='word_1_557' title='bbox 2021 2984 2162 3054; x_wconf 90' lang='lat' dir='ltr'><strong>quod</strong></span> <span class='ocrx_word' id='word_1_558' title='bbox 2188 2984 2328 3038; x_wconf 78' lang='lat' dir='ltr'><strong>idem</strong></span> <span class='ocrx_word' id='word_1_559' title='bbox 2353 2982 2486 3037; x_wconf 88' lang='lat' dir='ltr'><strong>illud</strong></span> <span class='ocrx_word' id='word_1_560' title='bbox 2516 2983 2694 3055; x_wconf 87' lang='lat' dir='ltr'><strong>ipsum</strong></span> <span class='ocrx_word' id='word_1_561' title='bbox 2718 2992 2821 3050; x_wconf 87' lang='lat' dir='ltr'><strong>est,</strong></span> <span class='ocrx_word' id='word_1_562' title='bbox 2844 2983 2990 3056; x_wconf 86' lang='lat' dir='ltr'><strong>quod</strong></span> <span class='ocrx_word' id='word_1_563' title='bbox 3015 2986 3279 3055; x_wconf 88' lang='lat' dir='ltr'><strong>continet,</strong></span> <span class='ocrx_word' id='word_1_564' title='bbox 3304 2985 3505 3043; x_wconf 84' lang='lat' dir='ltr'><strong>ﬂuente</strong></span> 
     </span>
    </p>
   </div>
   <div class='ocr_carea' id='block_1_76' title="bbox 1858 3075 2568 3168">
    <p class='ocr_par' dir='ltr' id='par_1_76' title="bbox 1858 3075 2568 3168">
     <span class='ocr_line' id='line_1_76' title="bbox 1858 3075 2568 3168; baseline 0 -39"><span class='ocrx_word' id='word_1_565' title='bbox 1858 3106 1905 3168; x_wconf 62' lang='grc' dir='ltr'>ο</span> <span class='ocrx_word' id='word_1_566' title='bbox 1936 3090 2000 3131; x_wconf 91' lang='lat' dir='ltr'><strong>ac</strong></span> <span class='ocrx_word' id='word_1_567' title='bbox 2029 3075 2307 3131; x_wconf 85' lang='lat' dir='ltr'><strong>diﬂluente</strong></span> <span class='ocrx_word' id='word_1_568' title='bbox 2334 3075 2568 3146; x_wconf 86' lang='lat' dir='ltr'><strong>liquore.</strong></span> 
     </span>
    </p>
   </div>
   <div class='ocr_carea' id='block_1_77' title="bbox 2004 3169 3510 3241">
    <p class='ocr_par' dir='ltr' id='par_1_77' title="bbox 2004 3169 3510 3241">
     <span class='ocr_line' id='line_1_77' title="bbox 2004 3169 3510 3241; baseline 0.001 -18"><span class='ocrx_word' id='word_1_569' title='bbox 2004 3169 2107 3236; x_wconf 86' lang='lat' dir='ltr'><strong>Qui</strong></span> <span class='ocrx_word' id='word_1_570' title='bbox 2163 3170 2324 3241; x_wconf 81' lang='lat' dir='ltr'><strong>igitur</strong></span> <span class='ocrx_word' id='word_1_571' title='bbox 2378 3184 2576 3239; x_wconf 87' lang='lat' dir='ltr'><strong>corpus</strong></span> <span class='ocrx_word' id='word_1_572' title='bbox 2617 3184 2741 3224; x_wconf 93' lang='lat' dir='ltr'><strong>cum</strong></span> <span class='ocrx_word' id='word_1_573' title='bbox 2797 3169 2884 3225; x_wconf 88' lang='lat' dir='ltr'><strong>his</strong></span> <span class='ocrx_word' id='word_1_574' title='bbox 2928 3169 3091 3226; x_wconf 89' lang='lat' dir='ltr'><strong>rebus</strong></span> <span class='ocrx_word' id='word_1_575' title='bbox 3139 3169 3387 3226; x_wconf 82' lang='lat' dir='ltr'><strong>conferre</strong></span> <span class='ocrx_word' id='word_1_576' title='bbox 3412 3185 3510 3225; x_wconf 79' lang='lat' dir='ltr'><strong>vo-</strong></span> 
     </span>
    </p>
   </div>
   <div class='ocr_carea' id='block_1_78' title="bbox 1937 3261 3506 3334">
    <p class='ocr_par' dir='ltr' id='par_1_78' title="bbox 1937 3261 3506 3334">
     <span class='ocr_line' id='line_1_78' title="bbox 1937 3261 3506 3334; baseline -0.002 -16"><span class='ocrx_word' id='word_1_577' title='bbox 1937 3264 2137 3328; x_wconf 90' lang='lat' dir='ltr'><strong>luerit,</strong></span> <span class='ocrx_word' id='word_1_578' title='bbox 2189 3265 2328 3318; x_wconf 88' lang='lat' dir='ltr'><strong>citra</strong></span> <span class='ocrx_word' id='word_1_579' title='bbox 2383 3263 2642 3334; x_wconf 84' lang='lat' dir='ltr'><strong>pudorem</strong></span> <span class='ocrx_word' id='word_1_580' title='bbox 2683 3264 2853 3318; x_wconf 90' lang='lat' dir='ltr'><strong>ullum</strong></span> <span class='ocrx_word' id='word_1_581' title='bbox 2906 3263 3010 3318; x_wconf 92' lang='lat' dir='ltr'><strong>hoc</strong></span> <span class='ocrx_word' id='word_1_582' title='bbox 3067 3261 3248 3319; x_wconf 87' lang='lat' dir='ltr'><strong>faciet.</strong></span> <span class='ocrx_word' id='word_1_583' title='bbox 3302 3262 3506 3319; x_wconf 87' lang='lat' dir='ltr'><strong>Eodem</strong></span> 
     </span>
    </p>
   </div>
   <div class='ocr_carea' id='block_1_79' title="bbox 1935 3355 3507 3427">
    <p class='ocr_par' dir='ltr' id='par_1_79' title="bbox 1935 3355 3507 3427">
     <span class='ocr_line' id='line_1_79' title="bbox 1935 3355 3507 3427; baseline -0.001 -17"><span class='ocrx_word' id='word_1_584' title='bbox 1935 3356 2136 3427; x_wconf 90' lang='lat' dir='ltr'><strong>quippe</strong></span> <span class='ocrx_word' id='word_1_585' title='bbox 2164 3356 2325 3411; x_wconf 91' lang='lat' dir='ltr'><strong>modo</strong></span> <span class='ocrx_word' id='word_1_586' title='bbox 2354 3357 2692 3421; x_wconf 88' lang='lat' dir='ltr'><strong>alimentum,</strong></span> <span class='ocrx_word' id='word_1_587' title='bbox 2721 3355 2866 3426; x_wconf 89' lang='lat' dir='ltr'><strong>quod</strong></span> <span class='ocrx_word' id='word_1_588' title='bbox 2896 3356 3221 3412; x_wconf 88' lang='lat' dir='ltr'><strong>amissarum</strong></span> <span class='ocrx_word' id='word_1_589' title='bbox 3260 3356 3507 3410; x_wconf 90' lang='lat' dir='ltr'><strong>carnium</strong></span> 
     </span>
    </p>
   </div>
   <div class='ocr_carea' id='block_1_80' title="bbox 1940 3447 3509 3519">
    <p class='ocr_par' dir='ltr' id='par_1_80' title="bbox 1940 3447 3509 3519">
     <span class='ocr_line' id='line_1_80' title="bbox 1940 3447 3509 3519; baseline 0.001 -18"><span class='ocrx_word' id='word_1_590' title='bbox 1940 3448 2061 3503; x_wconf 90' lang='lat' dir='ltr'><strong>loco</strong></span> <span class='ocrx_word' id='word_1_591' title='bbox 2115 3448 2514 3513; x_wconf 74' lang='lat' dir='ltr'><strong>substituitur,</strong></span> <span class='ocrx_word' id='word_1_592' title='bbox 2574 3448 2631 3503; x_wconf 93' lang='lat' dir='ltr'><strong>in</strong></span> <span class='ocrx_word' id='word_1_593' title='bbox 2671 3449 3005 3505; x_wconf 88' lang='lat' dir='ltr'><strong>continentis</strong></span> <span class='ocrx_word' id='word_1_594' title='bbox 3059 3447 3245 3503; x_wconf 70' lang='lat' dir='ltr'><strong>formae</strong></span> <span class='ocrx_word' id='word_1_595' title='bbox 3283 3449 3509 3519; x_wconf 80' lang='lat' dir='ltr'><strong>ﬁguram</strong></span> 
     </span>
    </p>
   </div>
   <div class='ocr_carea' id='block_1_81' title="bbox 1938 3536 3514 3610">
    <p class='ocr_par' dir='ltr' id='par_1_81' title="bbox 1938 3536 3514 3610">
     <span class='ocr_line' id='line_1_81' title="bbox 1938 3536 3514 3610; baseline 0.001 -16"><span class='ocrx_word' id='word_1_596' title='bbox 1938 3539 2284 3610; x_wconf 89' lang='lat' dir='ltr'><strong>speciemque</strong></span> <span class='ocrx_word' id='word_1_597' title='bbox 2317 3545 2583 3592; x_wconf 86' lang='lat' dir='ltr'><strong>mutatur.</strong></span> <span class='ocrx_word' id='word_1_598' title='bbox 2615 3536 2695 3592; x_wconf 84' lang='lat' dir='ltr'><strong>Ex</strong></span> <span class='ocrx_word' id='word_1_599' title='bbox 2748 3553 2858 3608; x_wconf 93' lang='lat' dir='ltr'><strong>quo</strong></span> <span class='ocrx_word' id='word_1_600' title='bbox 2902 3536 3166 3609; x_wconf 83' lang='lat' dir='ltr'><strong>quidquid</strong></span> <span class='ocrx_word' id='word_1_601' title='bbox 3217 3538 3274 3592; x_wconf 91' lang='lat' dir='ltr'><strong>in</strong></span> <span class='ocrx_word' id='word_1_602' title='bbox 3322 3540 3514 3596; x_wconf 87' lang='lat' dir='ltr'><strong>oculos</strong></span> 
     </span>
    </p>
   </div>
   <div class='ocr_carea' id='block_1_82' title="bbox 1938 3630 3512 3705">
    <p class='ocr_par' dir='ltr' id='par_1_82' title="bbox 1938 3630 3512 3705">
     <span class='ocr_line' id='line_1_82' title="bbox 1938 3630 3512 3705; baseline 0.003 -20"><span class='ocrx_word' id='word_1_603' title='bbox 1938 3630 2290 3698; x_wconf 83' lang='lat' dir='ltr'><strong>dill‘unditur,</strong></span> <span class='ocrx_word' id='word_1_604' title='bbox 2322 3632 2607 3686; x_wconf 89' lang='lat' dir='ltr'><strong>oculorum</strong></span> <span class='ocrx_word' id='word_1_605' title='bbox 2647 3631 2707 3686; x_wconf 81' lang='lat' dir='ltr'><strong>iit</strong></span> <span class='ocrx_word' id='word_1_606' title='bbox 2737 3632 2946 3699; x_wconf 89' lang='lat' dir='ltr'><strong>simile,</strong></span> <span class='ocrx_word' id='word_1_607' title='bbox 2979 3643 3038 3688; x_wconf 90' lang='lat' dir='ltr'><strong>ut</strong></span> <span class='ocrx_word' id='word_1_608' title='bbox 3068 3642 3123 3689; x_wconf 87' lang='lat' dir='ltr'><strong>et</strong></span> <span class='ocrx_word' id='word_1_609' title='bbox 3156 3634 3338 3690; x_wconf 79' lang='lat' dir='ltr'><strong>vultus</strong></span> <span class='ocrx_word' id='word_1_610' title='bbox 3368 3636 3512 3705; x_wconf 89' lang='lat' dir='ltr'><strong>quod</strong></span> 
     </span>
    </p>
   </div>
   <div class='ocr_carea' id='block_1_83' title="bbox 1938 3722 3514 3794">
    <p class='ocr_par' dir='ltr' id='par_1_83' title="bbox 1938 3722 3514 3794">
     <span class='ocr_line' id='line_1_83' title="bbox 1938 3722 3514 3794; baseline 0.003 -17"><span class='ocrx_word' id='word_1_611' title='bbox 1938 3723 1994 3777; x_wconf 92' lang='lat' dir='ltr'><strong>in</strong></span> <span class='ocrx_word' id='word_1_612' title='bbox 2028 3724 2235 3778; x_wconf 84' lang='lat' dir='ltr'><strong>vultum</strong></span> <span class='ocrx_word' id='word_1_613' title='bbox 2283 3722 2648 3794; x_wconf 80' lang='lat' dir='ltr'><strong>dispergitur:</strong></span> <span class='ocrx_word' id='word_1_614' title='bbox 2690 3738 2753 3778; x_wconf 90' lang='lat' dir='ltr'><strong>ac</strong></span> <span class='ocrx_word' id='word_1_615' title='bbox 2791 3732 3111 3780; x_wconf 72' lang='lat' dir='ltr'><strong>czeterorum</strong></span> <span class='ocrx_word' id='word_1_616' title='bbox 3152 3726 3354 3782; x_wconf 87' lang='lat' dir='ltr'><strong>similia</strong></span> <span class='ocrx_word' id='word_1_617' title='bbox 3386 3726 3514 3781; x_wconf 86' lang='lat' dir='ltr'><strong>red-</strong></span> 
     </span>
    </p>
   </div>
   <div class='ocr_carea' id='block_1_84' title="bbox 1892 3812 3512 3893">
    <p class='ocr_par' dir='ltr' id='par_1_84' title="bbox 1892 3812 3512 3893">
     <span class='ocr_line' id='line_1_84' title="bbox 1892 3812 3512 3893; baseline 0.002 -24"><span class='ocrx_word' id='word_1_618' title='bbox 1892 3890 1895 3893; x_wconf 88' lang='lat'><em>_</em></span> <span class='ocrx_word' id='word_1_619' title='bbox 1939 3814 2144 3869; x_wconf 90' lang='lat' dir='ltr'><strong>duntur</strong></span> <span class='ocrx_word' id='word_1_620' title='bbox 2177 3812 2281 3867; x_wconf 85' lang='lat' dir='ltr'><strong>hoc</strong></span> <span class='ocrx_word' id='word_1_621' title='bbox 2321 3813 2520 3878; x_wconf 90' lang='lat' dir='ltr'><strong>modo,</strong></span> <span class='ocrx_word' id='word_1_622' title='bbox 2568 3828 2688 3883; x_wconf 69' lang='lat' dir='ltr'><strong>qua:</strong></span> <span class='ocrx_word' id='word_1_623' title='bbox 2738 3829 2836 3883; x_wconf 92' lang='lat' dir='ltr'><strong>per</strong></span> <span class='ocrx_word' id='word_1_624' title='bbox 2886 3814 2976 3868; x_wconf 90' lang='lat' dir='ltr'><strong>illa</strong></span> <span class='ocrx_word' id='word_1_625' title='bbox 3021 3814 3381 3886; x_wconf 88' lang='lat' dir='ltr'><strong>dissipantur.</strong></span> <span class='ocrx_word' id='word_1_626' title='bbox 3432 3818 3512 3872; x_wconf 81' lang='lat' dir='ltr'><strong>Ex</strong></span> 
     </span>
    </p>
   </div>
   <div class='ocr_carea' id='block_1_85' title="bbox 1939 3905 3509 3985">
    <p class='ocr_par' dir='ltr' id='par_1_85' title="bbox 1939 3905 3509 3985">
     <span class='ocr_line' id='line_1_85' title="bbox 1939 3905 3509 3985; baseline 0.001 -24"><span class='ocrx_word' id='word_1_627' title='bbox 1939 3922 2048 3978; x_wconf 88' lang='lat' dir='ltr'><strong>quo</strong></span> <span class='ocrx_word' id='word_1_628' title='bbox 2081 3906 2158 3971; x_wconf 83' lang='lat' dir='ltr'><strong>iit,</strong></span> <span class='ocrx_word' id='word_1_629' title='bbox 2183 3913 2244 3960; x_wconf 91' lang='lat' dir='ltr'><strong>ut</strong></span> <span class='ocrx_word' id='word_1_630' title='bbox 2275 3905 2415 3962; x_wconf 88' lang='lat' dir='ltr'><strong>idem</strong></span> <span class='ocrx_word' id='word_1_631' title='bbox 2443 3921 2566 3985; x_wconf 80' lang='lat' dir='ltr'><strong>esse</strong></span> <span class='ocrx_word' id='word_1_632' title='bbox 2596 3906 2820 3962; x_wconf 85' lang='lat' dir='ltr'><strong>cuilibet</strong></span> <span class='ocrx_word' id='word_1_633' title='bbox 2847 3908 3112 3972; x_wconf 79' lang='lat' dir='ltr'><strong>videatur,</strong></span> <span class='ocrx_word' id='word_1_634' title='bbox 3147 3925 3271 3965; x_wconf 90' lang='lat' dir='ltr'><strong>eum</strong></span> <span class='ocrx_word' id='word_1_635' title='bbox 3296 3910 3509 3965; x_wconf 84' lang='lat' dir='ltr'><strong>interim</strong></span> 
     </span>
    </p>
   </div>
   <div class='ocr_carea' id='block_1_86' title="bbox 1939 3997 3514 4068">
    <p class='ocr_par' dir='ltr' id='par_1_86' title="bbox 1939 3997 3514 4068">
     <span class='ocr_line' id='line_1_86' title="bbox 1939 3997 3514 4068; baseline 0 -14"><span class='ocrx_word' id='word_1_636' title='bbox 1939 4014 2157 4063; x_wconf 89' lang='lat' dir='ltr'><strong>carnes,</strong></span> <span class='ocrx_word' id='word_1_637' title='bbox 2185 4013 2306 4068; x_wconf 81' lang='lat' dir='ltr'><strong>quae</strong></span> <span class='ocrx_word' id='word_1_638' title='bbox 2333 3999 2507 4068; x_wconf 85' lang='lat' dir='ltr'><strong>prima</strong></span> <span class='ocrx_word' id='word_1_639' title='bbox 2538 4006 2655 4053; x_wconf 89' lang='lat' dir='ltr'><strong>erat</strong></span> <span class='ocrx_word' id='word_1_640' title='bbox 2683 3997 2929 4068; x_wconf 90' lang='lat' dir='ltr'><strong>corporis</strong></span> <span class='ocrx_word' id='word_1_641' title='bbox 2955 4000 3203 4062; x_wconf 86' lang='lat' dir='ltr'><strong>materia,</strong></span> <span class='ocrx_word' id='word_1_642' title='bbox 3231 4016 3340 4056; x_wconf 88' lang='lat' dir='ltr'><strong>non</strong></span> <span class='ocrx_word' id='word_1_643' title='bbox 3366 4017 3514 4056; x_wconf 89' lang='lat' dir='ltr'><strong>eum-</strong></span> 
     </span>
    </p>
   </div>
   <div class='ocr_carea' id='block_1_87' title="bbox 1940 4089 3514 4162">
    <p class='ocr_par' dir='ltr' id='par_1_87' title="bbox 1940 4089 3514 4162">
     <span class='ocr_line' id='line_1_87' title="bbox 1940 4089 3514 4162; baseline -0.001 -15"><span class='ocrx_word' id='word_1_644' title='bbox 1940 4091 2061 4147; x_wconf 90' lang='lat' dir='ltr'><strong>dem</strong></span> <span class='ocrx_word' id='word_1_645' title='bbox 2101 4098 2303 4147; x_wconf 88' lang='lat' dir='ltr'><strong>statum</strong></span> <span class='ocrx_word' id='word_1_646' title='bbox 2333 4093 2642 4156; x_wconf 88' lang='lat' dir='ltr'><strong>retineant,</strong></span> <span class='ocrx_word' id='word_1_647' title='bbox 2677 4090 2773 4145; x_wconf 91' lang='lat' dir='ltr'><strong>sed</strong></span> <span class='ocrx_word' id='word_1_648' title='bbox 2815 4089 2987 4144; x_wconf 81' lang='lat' dir='ltr'><strong>forma</strong></span> <span class='ocrx_word' id='word_1_649' title='bbox 3013 4090 3313 4158; x_wconf 76' lang='lat' dir='ltr'><strong>duntaxat,</strong></span> <span class='ocrx_word' id='word_1_650' title='bbox 3348 4106 3379 4145; x_wconf 90' lang='lat' dir='ltr'><strong>a</strong></span> <span class='ocrx_word' id='word_1_651' title='bbox 3407 4108 3514 4162; x_wconf 90' lang='lat' dir='ltr'><strong>qua</strong></span> 
     </span>
    </p>
   </div>
   <div class='ocr_carea' id='block_1_88' title="bbox 1942 4182 3513 4254">
    <p class='ocr_par' dir='ltr' id='par_1_88' title="bbox 1942 4182 3513 4254">
     <span class='ocr_line' id='line_1_88' title="bbox 1942 4182 3513 4254; baseline 0 -15"><span class='ocrx_word' id='word_1_652' title='bbox 1942 4198 2005 4239; x_wconf 86' lang='lat' dir='ltr'><strong>ea</strong></span> <span class='ocrx_word' id='word_1_653' title='bbox 2052 4183 2502 4254; x_wconf 76' lang='lat' dir='ltr'><strong>conﬁgurantur,</strong></span> <span class='ocrx_word' id='word_1_654' title='bbox 2545 4197 2666 4252; x_wconf 62' lang='lat' dir='ltr'><strong>qua:</strong></span> <span class='ocrx_word' id='word_1_655' title='bbox 2718 4182 2786 4236; x_wconf 88' lang='lat' dir='ltr'><strong>ad</strong></span> <span class='ocrx_word' id='word_1_656' title='bbox 2819 4197 3029 4253; x_wconf 77' lang='lat' dir='ltr'><strong>corpus</strong></span> <span class='ocrx_word' id='word_1_657' title='bbox 3070 4182 3357 4239; x_wconf 88' lang='lat' dir='ltr'><strong>accedunt.</strong></span> <span class='ocrx_word' id='word_1_658' title='bbox 3392 4183 3513 4239; x_wconf 78' lang='lat' dir='ltr'><strong>1am</strong></span> 
     </span>
    </p>
   </div>
   <div class='ocr_carea' id='block_1_89' title="bbox 1944 4273 3513 4347">
    <p class='ocr_par' dir='ltr' id='par_1_89' title="bbox 1944 4273 3513 4347">
     <span class='ocr_line' id='line_1_89' title="bbox 1944 4273 3513 4347; baseline 0.002 -19"><span class='ocrx_word' id='word_1_659' title='bbox 1944 4289 2072 4329; x_wconf 84' lang='lat' dir='ltr'><strong>vero</strong></span> <span class='ocrx_word' id='word_1_660' title='bbox 2128 4274 2174 4330; x_wconf 90' lang='lat' dir='ltr'><strong>si</strong></span> <span class='ocrx_word' id='word_1_661' title='bbox 2226 4273 2293 4328; x_wconf 91' lang='lat' dir='ltr'><strong>ad</strong></span> <span class='ocrx_word' id='word_1_662' title='bbox 2334 4274 2696 4345; x_wconf 87' lang='lat' dir='ltr'><strong>paucissimos</strong></span> <span class='ocrx_word' id='word_1_663' title='bbox 2744 4273 2861 4330; x_wconf 90' lang='lat' dir='ltr'><strong>dies</strong></span> <span class='ocrx_word' id='word_1_664' title='bbox 2897 4291 3007 4329; x_wconf 80' lang='lat' dir='ltr'><strong>non</strong></span> <span class='ocrx_word' id='word_1_665' title='bbox 3042 4275 3237 4343; x_wconf 90' lang='lat' dir='ltr'><strong>iidem,</strong></span> <span class='ocrx_word' id='word_1_666' title='bbox 3273 4276 3418 4347; x_wconf 66' lang='lat' dir='ltr'><strong>quad</strong></span> <span class='ocrx_word' id='word_1_667' title='bbox 3447 4279 3513 4331; x_wconf 91' lang='lat' dir='ltr'><strong>ad</strong></span> 
     </span>
    </p>
   </div>
   <div class='ocr_carea' id='block_1_90' title="bbox 1943 4351 3515 4440">
    <p class='ocr_par' dir='ltr' id='par_1_90' title="bbox 1943 4351 3515 4440">
     <span class='ocr_line' id='line_1_90' title="bbox 1943 4351 3515 4440; baseline 0.002 -19"><span class='ocrx_word' id='word_1_668' title='bbox 1943 4351 2145 4439; x_wconf 84' lang='lat' dir='ltr'><strong>corpus</strong></span> <span class='ocrx_word' id='word_1_669' title='bbox 2182 4368 2409 4433; x_wconf 87' lang='lat' dir='ltr'><strong>attinet,</strong></span> <span class='ocrx_word' id='word_1_670' title='bbox 2442 4383 2759 4424; x_wconf 89' lang='lat' dir='ltr'><strong>maneamus</strong></span> <span class='ocrx_word' id='word_1_671' title='bbox 2781 4407 2795 4432; x_wconf 89' lang='lat'><strong>,</strong></span> <span class='ocrx_word' id='word_1_672' title='bbox 2829 4368 2922 4423; x_wconf 89' lang='lat' dir='ltr'><strong>sed</strong></span> <span class='ocrx_word' id='word_1_673' title='bbox 2974 4369 3090 4423; x_wconf 90' lang='lat' dir='ltr'><strong>sola</strong></span> <span class='ocrx_word' id='word_1_674' title='bbox 3143 4384 3264 4438; x_wconf 69' lang='lat' dir='ltr'><strong>qua:</strong></span> <span class='ocrx_word' id='word_1_675' title='bbox 3299 4370 3515 4440; x_wconf 89' lang='lat' dir='ltr'><strong>corpori</strong></span> 
     </span>
    </p>
   </div>
   <div class='ocr_carea' id='block_1_91' title="bbox 232 4449 1828 4538">
    <p class='ocr_par' dir='ltr' id='par_1_91' title="bbox 232 4449 1828 4538">
     <span class='ocr_line' id='line_1_91' title="bbox 232 4449 1828 4538; baseline -0.013 -15"><span class='ocrx_word' id='word_1_676' title='bbox 232 4449 517 4538; x_wconf 67' lang='grc' dir='ltr'>ἐσόμεθα,</span> <span class='ocrx_word' id='word_1_677' title='bbox 561 4455 698 4512; x_wconf 78' lang='grc' dir='ltr'>ἀλλὰ</span> <span class='ocrx_word' id='word_1_678' title='bbox 741 4453 882 4509; x_wconf 81' lang='grc' dir='ltr'>κατὰ</span> <span class='ocrx_word' id='word_1_679' title='bbox 913 4454 974 4507; x_wconf 92' lang='grc' dir='ltr'><strong>τὸ</strong></span> <span class='ocrx_word' id='word_1_680' title='bbox 1001 4450 1139 4517; x_wconf 73' lang='grc' dir='ltr'>εῒδος</span> <span class='ocrx_word' id='word_1_681' title='bbox 1179 4452 1238 4506; x_wconf 91' lang='grc' dir='ltr'><strong>τὸ</strong></span> <span class='ocrx_word' id='word_1_682' title='bbox 1263 4453 1357 4506; x_wconf 72' lang='grc' dir='ltr'><strong>καὶ</strong></span> <span class='ocrx_word' id='word_1_683' title='bbox 1382 4450 1477 4505; x_wconf 85' lang='grc' dir='ltr'>νῦν</span> <span class='ocrx_word' id='word_1_684' title='bbox 1514 4453 1603 4505; x_wconf 70' lang='lat' dir='ltr'><strong>del.</strong></span> <span class='ocrx_word' id='word_1_685' title='bbox 1644 4451 1828 4535; x_wconf 75' lang='grc' dir='ltr'>διασω-</span> 
     </span>
    </p>
   </div>
   <div class='ocr_carea' id='block_1_92' title="bbox 1940 4449 3518 4538">
    <p class='ocr_par' dir='ltr' id='par_1_92' title="bbox 1944 4457 3518 4533">
     <span class='ocr_line' id='line_1_92' title="bbox 1944 4457 3518 4533; baseline 0.001 -22"><span class='ocrx_word' id='word_1_686' title='bbox 1944 4458 2144 4514; x_wconf 89' lang='lat' dir='ltr'><strong>insidet</strong></span> <span class='ocrx_word' id='word_1_687' title='bbox 2174 4458 2347 4513; x_wconf 82' lang='lat' dir='ltr'><strong>forma</strong></span> <span class='ocrx_word' id='word_1_688' title='bbox 2374 4476 2387 4513; x_wconf 90' lang='lat'>:</span> <span class='ocrx_word' id='word_1_689' title='bbox 2419 4458 2471 4512; x_wconf 89' lang='lat' dir='ltr'><strong>id</strong></span> <span class='ocrx_word' id='word_1_690' title='bbox 2513 4458 2658 4513; x_wconf 89' lang='lat' dir='ltr'><strong>enim</strong></span> <span class='ocrx_word' id='word_1_691' title='bbox 2692 4472 2862 4512; x_wconf 92' lang='lat' dir='ltr'><strong>unum</strong></span> <span class='ocrx_word' id='word_1_692' title='bbox 2905 4457 2973 4513; x_wconf 89' lang='lat' dir='ltr'><strong>ab</strong></span> <span class='ocrx_word' id='word_1_693' title='bbox 3011 4467 3134 4512; x_wconf 90' lang='lat' dir='ltr'><strong>ortu</strong></span> <span class='ocrx_word' id='word_1_694' title='bbox 3166 4467 3425 4533; x_wconf 79' lang='lat' dir='ltr'><strong>constans</strong></span> <span class='ocrx_word' id='word_1_695' title='bbox 3453 4474 3518 4513; x_wconf 89' lang='lat' dir='ltr'><strong>ac</strong></span> 
     </span>
    </p>
   </div>
   <div class='ocr_carea' id='block_1_93' title="bbox 232 4526 1840 4631">
    <p class='ocr_par' dir='ltr' id='par_1_93' title="bbox 232 4526 1840 4631">
     <span class='ocr_line' id='line_1_93' title="bbox 232 4526 1840 4631; baseline -0.009 -18"><span class='ocrx_word' id='word_1_696' title='bbox 232 4526 485 4631; x_wconf 63' lang='grc' dir='ltr'>ξάμενον</span> <span class='ocrx_word' id='word_1_697' title='bbox 527 4551 589 4603; x_wconf 84' lang='grc' dir='ltr'>ὲν</span> <span class='ocrx_word' id='word_1_698' title='bbox 627 4549 759 4618; x_wconf 81' lang='grc' dir='ltr'>ἡμῖν</span> <span class='ocrx_word' id='word_1_699' title='bbox 810 4545 900 4599; x_wconf 53' lang='grc' dir='ltr'><strong>καλ</strong></span> <span class='ocrx_word' id='word_1_700' title='bbox 950 4544 1124 4616; x_wconf 83' lang='grc' dir='ltr'>μένον.</span> <span class='ocrx_word' id='word_1_701' title='bbox 1158 4545 1222 4598; x_wconf 85' lang='lat' dir='ltr'><strong>&quot;O</strong></span> <span class='ocrx_word' id='word_1_702' title='bbox 1251 4545 1360 4616; x_wconf 89' lang='lat'><strong>7&amp;9</strong></span> <span class='ocrx_word' id='word_1_703' title='bbox 1386 4547 1503 4598; x_wconf 82' lang='grc' dir='ltr'>ἐκεῖ</span> <span class='ocrx_word' id='word_1_704' title='bbox 1539 4544 1601 4599; x_wconf 91' lang='grc' dir='ltr'><strong>τὸ</strong></span> <span class='ocrx_word' id='word_1_705' title='bbox 1640 4526 1840 4617; x_wconf 80' lang='grc' dir='ltr'>δέρμα,</span> 
     </span>
    </p>
   </div>
   <div class='ocr_carea' id='block_1_94' title="bbox 229 4633 1845 4708">
    <p class='ocr_par' dir='ltr' id='par_1_94' title="bbox 229 4633 1845 4708">
     <span class='ocr_line' id='line_1_94' title="bbox 229 4633 1845 4708; baseline -0.019 -3"><span class='ocrx_word' id='word_1_706' title='bbox 229 4649 407 4705; x_wconf 81' lang='grc' dir='ltr'>τοῦτο</span> <span class='ocrx_word' id='word_1_707' title='bbox 442 4641 511 4695; x_wconf 87' lang='grc' dir='ltr'><strong>τὸ</strong></span> <span class='ocrx_word' id='word_1_708' title='bbox 568 4633 707 4700; x_wconf 76' lang='grc' dir='ltr'>εἶδος</span> <span class='ocrx_word' id='word_1_709' title='bbox 740 4636 957 4691; x_wconf 78' lang='grc' dir='ltr'>ἐνθάδε·</span> <span class='ocrx_word' id='word_1_710' title='bbox 987 4635 1016 4689; x_wconf 82' lang='grc' dir='ltr'><strong>ὃ</strong></span> <span class='ocrx_word' id='word_1_711' title='bbox 1057 4635 1114 4689; x_wconf 81' lang='grc' dir='ltr'><strong>δὲ</strong></span> <span class='ocrx_word' id='word_1_712' title='bbox 1159 4636 1275 4689; x_wconf 77' lang='grc' dir='ltr'>ἐκεῖ</span> <span class='ocrx_word' id='word_1_713' title='bbox 1320 4635 1383 4689; x_wconf 92' lang='grc' dir='ltr'><strong>τὸ</strong></span> <span class='ocrx_word' id='word_1_714' title='bbox 1431 4633 1574 4707; x_wconf 79' lang='grc' dir='ltr'>ὕδωρ</span> <span class='ocrx_word' id='word_1_715' title='bbox 1614 4638 1707 4690; x_wconf 69' lang='grc' dir='ltr'>ἐπὶ</span> <span class='ocrx_word' id='word_1_716' title='bbox 1742 4637 1845 4708; x_wconf 69' lang='grc' dir='ltr'><strong>τῆς</strong></span> 
     </span>
    </p>
   </div>
   <div class='ocr_carea' id='block_1_95' title="bbox 231 4727 1843 4800">
    <p class='ocr_par' dir='ltr' id='par_1_95' title="bbox 231 4727 1843 4800">
     <span class='ocr_line' id='line_1_95' title="bbox 231 4727 1843 4800; baseline -0.009 -3"><span class='ocrx_word' id='word_1_717' title='bbox 231 4739 496 4799; x_wconf 81' lang='grc' dir='ltr'>εἰκόνος,</span> <span class='ocrx_word' id='word_1_718' title='bbox 528 4728 691 4784; x_wconf 81' lang='grc' dir='ltr'>τοῦτο</span> <span class='ocrx_word' id='word_1_719' title='bbox 722 4728 952 4783; x_wconf 77' lang='grc' dir='ltr'>ἐνταῦθα</span> <span class='ocrx_word' id='word_1_720' title='bbox 982 4727 1044 4781; x_wconf 91' lang='grc' dir='ltr'><strong>τὸ</strong></span> <span class='ocrx_word' id='word_1_721' title='bbox 1070 4728 1490 4800; x_wconf 88' lang='grc' dir='ltr'>προσγινόμενον</span> <span class='ocrx_word' id='word_1_722' title='bbox 1524 4728 1617 4782; x_wconf 67' lang='grc' dir='ltr'>καὶ</span> <span class='ocrx_word' id='word_1_723' title='bbox 1648 4728 1843 4798; x_wconf 83' lang='grc' dir='ltr'>ἀπογι-</span> 
     </span>
    </p>
   </div>
   <div class='ocr_carea' id='block_1_96' title="bbox 229 4816 1841 4903">
    <p class='ocr_par' dir='ltr' id='par_1_96' title="bbox 229 4816 1841 4903">
     <span class='ocr_line' id='line_1_96' title="bbox 229 4816 1841 4903; baseline -0.006 -20"><span class='ocrx_word' id='word_1_724' title='bbox 229 4835 503 4903; x_wconf 82' lang='grc' dir='ltr'>νόμενον.</span> <span class='ocrx_word' id='word_1_725' title='bbox 544 4822 756 4890; x_wconf 81' lang='grc' dir='ltr'>Ὠσπερ</span> <span class='ocrx_word' id='word_1_726' title='bbox 784 4816 875 4873; x_wconf 81' lang='grc' dir='ltr'><strong>οὖν</strong></span> <span class='ocrx_word' id='word_1_727' title='bbox 898 4820 992 4874; x_wconf 83' lang='grc' dir='ltr'>νῦν</span> <span class='ocrx_word' id='word_1_728' title='bbox 1024 4820 1117 4873; x_wconf 78' lang='grc' dir='ltr'>τοῦ</span> <span class='ocrx_word' id='word_1_729' title='bbox 1163 4818 1413 4891; x_wconf 86' lang='grc' dir='ltr'>σώματος</span> <span class='ocrx_word' id='word_1_730' title='bbox 1442 4820 1542 4873; x_wconf 82' lang='grc' dir='ltr'><strong>οὐκ</strong></span> <span class='ocrx_word' id='word_1_731' title='bbox 1569 4819 1720 4884; x_wconf 77' lang='grc' dir='ltr'>ὄντος</span> <span class='ocrx_word' id='word_1_732' title='bbox 1748 4819 1841 4873; x_wconf 81' lang='grc' dir='ltr'>τοῦ</span> 
     </span>
    </p>
   </div>
   <div class='ocr_carea' id='block_1_97' title="bbox 228 4909 1843 4983">
    <p class='ocr_par' dir='ltr' id='par_1_97' title="bbox 228 4909 1843 4983">
     <span class='ocr_line' id='line_1_97' title="bbox 228 4909 1843 4983; baseline 0.002 -22"><span class='ocrx_word' id='word_1_733' title='bbox 228 4919 441 4981; x_wconf 65' lang='grc' dir='ltr'>αὑτοῦ,</span> <span class='ocrx_word' id='word_1_734' title='bbox 478 4913 636 4981; x_wconf 84' lang='grc' dir='ltr'>ὅμως</span> <span class='ocrx_word' id='word_1_735' title='bbox 664 4912 693 4962; x_wconf 91' lang='grc' dir='ltr'><strong>ὁ</strong></span> <span class='ocrx_word' id='word_1_736' title='bbox 716 4909 997 4980; x_wconf 71' lang='grc' dir='ltr'>χαρακτὴρ</span> <span class='ocrx_word' id='word_1_737' title='bbox 1023 4911 1051 4962; x_wconf 94' lang='grc' dir='ltr'><strong>ὁ</strong></span> <span class='ocrx_word' id='word_1_738' title='bbox 1077 4910 1217 4964; x_wconf 75' lang='grc' dir='ltr'>κατὰ</span> <span class='ocrx_word' id='word_1_739' title='bbox 1245 4910 1343 4981; x_wconf 83' lang='grc' dir='ltr'><strong>τὴν</strong></span> <span class='ocrx_word' id='word_1_740' title='bbox 1369 4909 1536 4982; x_wconf 81' lang='grc' dir='ltr'>αὐτὴν</span> <span class='ocrx_word' id='word_1_741' title='bbox 1572 4909 1784 4983; x_wconf 83' lang='grc' dir='ltr'>μορφὴν</span> <span class='ocrx_word' id='word_1_742' title='bbox 1814 4912 1843 4964; x_wconf 93' lang='grc' dir='ltr'><strong>ὁ</strong></span> 
     </span>
    </p>
   </div>
   <div class='ocr_carea' id='block_1_98' title="bbox 232 4999 1840 5074">
    <p class='ocr_par' dir='ltr' id='par_1_98' title="bbox 232 4999 1840 5074">
     <span class='ocr_line' id='line_1_98' title="bbox 232 4999 1840 5074; baseline -0.009 -4"><span class='ocrx_word' id='word_1_743' title='bbox 232 5013 415 5074; x_wconf 78' lang='grc' dir='ltr'>αὐτὸς</span> <span class='ocrx_word' id='word_1_744' title='bbox 451 5003 721 5066; x_wconf 79' lang='grc' dir='ltr'>σώζεται·</span> <span class='ocrx_word' id='word_1_745' title='bbox 747 5000 917 5064; x_wconf 74' lang='grc' dir='ltr'>οὕτως</span> <span class='ocrx_word' id='word_1_746' title='bbox 951 5001 998 5053; x_wconf 84' lang='grc' dir='ltr'><strong>εί</strong></span> <span class='ocrx_word' id='word_1_747' title='bbox 1030 5001 1125 5054; x_wconf 79' lang='grc' dir='ltr'><strong>καὶ</strong></span> <span class='ocrx_word' id='word_1_748' title='bbox 1150 5002 1300 5065; x_wconf 79' lang='grc' dir='ltr'>ὄντος</span> <span class='ocrx_word' id='word_1_749' title='bbox 1330 5000 1423 5054; x_wconf 80' lang='grc' dir='ltr'>τοῦ</span> <span class='ocrx_word' id='word_1_750' title='bbox 1473 4999 1722 5073; x_wconf 81' lang='grc' dir='ltr'>σώματος</span> <span class='ocrx_word' id='word_1_751' title='bbox 1745 5002 1840 5056; x_wconf 80' lang='grc' dir='ltr'>τοῦ</span> 
     </span>
    </p>
   </div>
   <div class='ocr_carea' id='block_1_99' title="bbox 233 5090 1840 5167">
    <p class='ocr_par' dir='ltr' id='par_1_99' title="bbox 233 5090 1840 5167">
     <span class='ocr_line' id='line_1_99' title="bbox 233 5090 1840 5167; baseline -0.014 -4"><span class='ocrx_word' id='word_1_752' title='bbox 233 5103 441 5167; x_wconf 83' lang='grc' dir='ltr'>αὐτοῦ,</span> <span class='ocrx_word' id='word_1_753' title='bbox 471 5098 559 5159; x_wconf 79' lang='grc' dir='ltr'><strong>είς</strong></span> <span class='ocrx_word' id='word_1_754' title='bbox 586 5093 646 5146; x_wconf 89' lang='grc' dir='ltr'><strong>τὸ</strong></span> <span class='ocrx_word' id='word_1_755' title='bbox 671 5092 1004 5163; x_wconf 76' lang='grc' dir='ltr'>ἐνδοξότερον</span> <span class='ocrx_word' id='word_1_756' title='bbox 1029 5094 1090 5146; x_wconf 91' lang='grc' dir='ltr'><strong>τὸ</strong></span> <span class='ocrx_word' id='word_1_757' title='bbox 1118 5090 1255 5158; x_wconf 81' lang='grc' dir='ltr'>εἶδος</span> <span class='ocrx_word' id='word_1_758' title='bbox 1287 5093 1539 5165; x_wconf 77' lang='grc' dir='ltr'>αὐξηθὲν,</span> <span class='ocrx_word' id='word_1_759' title='bbox 1575 5090 1757 5148; x_wconf 78' lang='grc' dir='ltr'>οὐκέτι</span> <span class='ocrx_word' id='word_1_760' title='bbox 1783 5096 1840 5147; x_wconf 80' lang='grc' dir='ltr'><strong>ὲν</strong></span> 
     </span>
    </p>
   </div>
   <div class='ocr_carea' id='block_1_100' title="bbox 231 5182 1841 5272">
    <p class='ocr_par' dir='ltr' id='par_1_100' title="bbox 231 5182 1841 5272">
     <span class='ocr_line' id='line_1_100' title="bbox 231 5182 1841 5272; baseline -0.002 -31"><span class='ocrx_word' id='word_1_761' title='bbox 231 5191 503 5272; x_wconf 79' lang='grc' dir='ltr'>φθαρτῷ,</span> <span class='ocrx_word' id='word_1_762' title='bbox 542 5183 662 5240; x_wconf 82' lang='grc' dir='ltr'>ἀλλ’</span> <span class='ocrx_word' id='word_1_763' title='bbox 688 5185 746 5236; x_wconf 82' lang='grc' dir='ltr'>ὲν</span> <span class='ocrx_word' id='word_1_764' title='bbox 776 5182 975 5235; x_wconf 85' lang='grc' dir='ltr'>ἀπαθεῖ</span> <span class='ocrx_word' id='word_1_765' title='bbox 1001 5184 1093 5239; x_wconf 67' lang='grc' dir='ltr'>καὶ</span> <span class='ocrx_word' id='word_1_766' title='bbox 1120 5183 1474 5255; x_wconf 82' lang='grc' dir='ltr'>πνευματικῷ</span> <span class='ocrx_word' id='word_1_767' title='bbox 1502 5182 1841 5255; x_wconf 84' lang='grc' dir='ltr'>δειχθήσεται</span> 
     </span>
    </p>
   </div>
   <div class='ocr_carea' id='block_1_101' title="bbox 233 5272 1841 5365">
    <p class='ocr_par' dir='ltr' id='par_1_101' title="bbox 233 5272 1841 5365">
     <span class='ocr_line' id='line_1_101' title="bbox 233 5272 1841 5365; baseline -0.009 -23"><span class='ocrx_word' id='word_1_768' title='bbox 233 5293 490 5365; x_wconf 88' lang='grc' dir='ltr'>σώματι.</span> <span class='ocrx_word' id='word_1_769' title='bbox 533 5278 748 5349; x_wconf 85' lang='grc' dir='ltr'>Ὥσπερ</span> <span class='ocrx_word' id='word_1_770' title='bbox 795 5272 904 5329; x_wconf 74' lang='grc' dir='ltr'>οἷον</span> <span class='ocrx_word' id='word_1_771' title='bbox 939 5274 1016 5346; x_wconf 85' lang='grc' dir='ltr'>τῷ</span> <span class='ocrx_word' id='word_1_772' title='bbox 1049 5276 1221 5348; x_wconf 81' lang='grc' dir='ltr'><strong>Ἰησοῦ</strong></span> <span class='ocrx_word' id='word_1_773' title='bbox 1265 5276 1405 5331; x_wconf 81' lang='grc' dir='ltr'>κατὰ</span> <span class='ocrx_word' id='word_1_774' title='bbox 1436 5275 1533 5348; x_wconf 79' lang='grc' dir='ltr'>τὴν</span> <span class='ocrx_word' id='word_1_775' title='bbox 1565 5275 1841 5347; x_wconf 78' lang='grc' dir='ltr'>μεταμόρο</span> 
     </span>
    </p>
   </div>
   <div class='ocr_carea' id='block_1_102' title="bbox 1946 4550 3517 4626">
    <p class='ocr_par' dir='ltr' id='par_1_102' title="bbox 1946 4550 3517 4626">
     <span class='ocr_line' id='line_1_102' title="bbox 1946 4550 3517 4626; baseline 0.003 -21"><span class='ocrx_word' id='word_1_776' title='bbox 1946 4550 2141 4605; x_wconf 89' lang='lat' dir='ltr'><strong>stabile</strong></span> <span class='ocrx_word' id='word_1_777' title='bbox 2185 4561 2465 4609; x_wconf 90' lang='lat' dir='ltr'><strong>remanet:</strong></span> <span class='ocrx_word' id='word_1_778' title='bbox 2496 4555 2668 4609; x_wconf 92' lang='lat' dir='ltr'><strong>multo</strong></span> <span class='ocrx_word' id='word_1_779' title='bbox 2705 4556 2879 4626; x_wconf 78' lang='lat' dir='ltr'><strong>magis</strong></span> <span class='ocrx_word' id='word_1_780' title='bbox 2908 4570 3015 4610; x_wconf 90' lang='lat' dir='ltr'><strong>non</strong></span> <span class='ocrx_word' id='word_1_781' title='bbox 3048 4555 3243 4620; x_wconf 87' lang='lat' dir='ltr'><strong>iidem,</strong></span> <span class='ocrx_word' id='word_1_782' title='bbox 3276 4556 3418 4626; x_wconf 89' lang='lat' dir='ltr'><strong>quod</strong></span> <span class='ocrx_word' id='word_1_783' title='bbox 3448 4556 3517 4610; x_wconf 89' lang='lat' dir='ltr'><strong>ad</strong></span> 
     </span>
    </p>
   </div>
   <div class='ocr_carea' id='block_1_103' title="bbox 1945 4644 3516 4714">
    <p class='ocr_par' dir='ltr' id='par_1_103' title="bbox 1945 4644 3516 4714">
     <span class='ocr_line' id='line_1_103' title="bbox 1945 4644 3516 4714; baseline 0.004 -20"><span class='ocrx_word' id='word_1_784' title='bbox 1945 4654 2165 4695; x_wconf 89' lang='lat' dir='ltr'><strong>carnem</strong></span> <span class='ocrx_word' id='word_1_785' title='bbox 2206 4651 2456 4712; x_wconf 86' lang='lat' dir='ltr'><strong>spectat,</strong></span> <span class='ocrx_word' id='word_1_786' title='bbox 2495 4644 2589 4699; x_wconf 90' lang='lat' dir='ltr'><strong>illo</strong></span> <span class='ocrx_word' id='word_1_787' title='bbox 2624 4651 2866 4714; x_wconf 87' lang='lat' dir='ltr'><strong>tempore</strong></span> <span class='ocrx_word' id='word_1_788' title='bbox 2895 4660 3021 4699; x_wconf 86' lang='lat' dir='ltr'><strong>esse</strong></span> <span class='ocrx_word' id='word_1_789' title='bbox 3050 4645 3378 4714; x_wconf 87' lang='lat' dir='ltr'><strong>poterimus,</strong></span> <span class='ocrx_word' id='word_1_790' title='bbox 3422 4645 3516 4701; x_wconf 81' lang='lat' dir='ltr'><strong>sed</strong></span> 
     </span>
    </p>
   </div>
   <div class='ocr_carea' id='block_1_104' title="bbox 1946 4729 3516 4807">
    <p class='ocr_par' dir='ltr' id='par_1_104' title="bbox 1946 4729 3516 4807">
     <span class='ocr_line' id='line_1_104' title="bbox 1946 4729 3516 4807; baseline 0.004 -24"><span class='ocrx_word' id='word_1_791' title='bbox 1946 4729 2119 4784; x_wconf 79' lang='lat' dir='ltr'><strong>forma</strong></span> <span class='ocrx_word' id='word_1_792' title='bbox 2155 4738 2363 4787; x_wconf 90' lang='lat' dir='ltr'><strong>tantum</strong></span> <span class='ocrx_word' id='word_1_793' title='bbox 2388 4771 2402 4792; x_wconf 84' lang='lat'><strong>,</strong></span> <span class='ocrx_word' id='word_1_794' title='bbox 2436 4749 2556 4803; x_wconf 71' lang='lat' dir='ltr'><strong>qua:</strong></span> <span class='ocrx_word' id='word_1_795' title='bbox 2585 4735 2641 4789; x_wconf 93' lang='lat' dir='ltr'><strong>in</strong></span> <span class='ocrx_word' id='word_1_796' title='bbox 2674 4735 2832 4792; x_wconf 88' lang='lat' dir='ltr'><strong>nobis</strong></span> <span class='ocrx_word' id='word_1_797' title='bbox 2861 4748 3124 4807; x_wconf 84' lang='lat' dir='ltr'><strong>perpetuo</strong></span> <span class='ocrx_word' id='word_1_798' title='bbox 3173 4736 3333 4790; x_wconf 91' lang='lat' dir='ltr'><strong>modo</strong></span> <span class='ocrx_word' id='word_1_799' title='bbox 3379 4751 3516 4790; x_wconf 85' lang='lat' dir='ltr'><strong>con-</strong></span> 
     </span>
    </p>
   </div>
   <div class='ocr_carea' id='block_1_105' title="bbox 1950 4825 3516 4898">
    <p class='ocr_par' dir='ltr' id='par_1_105' title="bbox 1950 4825 3516 4898">
     <span class='ocr_line' id='line_1_105' title="bbox 1950 4825 3516 4898; baseline 0.003 -21"><span class='ocrx_word' id='word_1_800' title='bbox 1950 4830 2199 4877; x_wconf 83' lang='lat' dir='ltr'><strong>servatur</strong></span> <span class='ocrx_word' id='word_1_801' title='bbox 2244 4838 2308 4878; x_wconf 90' lang='lat' dir='ltr'><strong>ac</strong></span> <span class='ocrx_word' id='word_1_802' title='bbox 2364 4826 2624 4895; x_wconf 87' lang='lat' dir='ltr'><strong>persistit.</strong></span> <span class='ocrx_word' id='word_1_803' title='bbox 2674 4825 2808 4881; x_wconf 90' lang='lat' dir='ltr'><strong>Nam</strong></span> <span class='ocrx_word' id='word_1_804' title='bbox 2844 4827 2988 4898; x_wconf 89' lang='lat' dir='ltr'><strong>quod</strong></span> <span class='ocrx_word' id='word_1_805' title='bbox 3035 4827 3089 4880; x_wconf 90' lang='lat' dir='ltr'><strong>in</strong></span> <span class='ocrx_word' id='word_1_806' title='bbox 3127 4829 3393 4897; x_wconf 89' lang='lat' dir='ltr'><strong>superiori</strong></span> <span class='ocrx_word' id='word_1_807' title='bbox 3425 4828 3516 4883; x_wconf 86' lang='lat' dir='ltr'><strong>illa</strong></span> 
     </span>
    </p>
   </div>
   <div class='ocr_carea' id='block_1_106' title="bbox 1950 4911 3515 4982">
    <p class='ocr_par' dir='ltr' id='par_1_106' title="bbox 1950 4911 3515 4982">
     <span class='ocr_line' id='line_1_106' title="bbox 1950 4911 3515 4982; baseline 0.001 -15"><span class='ocrx_word' id='word_1_808' title='bbox 1950 4911 2305 4969; x_wconf 81' lang='lat' dir='ltr'><strong>similitudine</strong></span> <span class='ocrx_word' id='word_1_809' title='bbox 2351 4914 2506 4982; x_wconf 88' lang='lat' dir='ltr'><strong>pellis</strong></span> <span class='ocrx_word' id='word_1_810' title='bbox 2551 4923 2634 4969; x_wconf 86' lang='lat' dir='ltr'><strong>est</strong></span> <span class='ocrx_word' id='word_1_811' title='bbox 2661 4955 2676 4979; x_wconf 89' lang='lat'><strong>,</strong></span> <span class='ocrx_word' id='word_1_812' title='bbox 2719 4915 2862 4970; x_wconf 88' lang='lat' dir='ltr'><strong>idem</strong></span> <span class='ocrx_word' id='word_1_813' title='bbox 2897 4923 2981 4970; x_wconf 89' lang='lat' dir='ltr'><strong>est</strong></span> <span class='ocrx_word' id='word_1_814' title='bbox 3022 4915 3124 4970; x_wconf 88' lang='lat' dir='ltr'><strong>hoc</strong></span> <span class='ocrx_word' id='word_1_815' title='bbox 3154 4914 3274 4969; x_wconf 91' lang='lat' dir='ltr'><strong>loco</strong></span> <span class='ocrx_word' id='word_1_816' title='bbox 3306 4914 3515 4969; x_wconf 77' lang='lat' dir='ltr'><strong>forma:</strong></span> 
     </span>
    </p>
   </div>
   <div class='ocr_carea' id='block_1_107' title="bbox 1948 5003 3519 5077">
    <p class='ocr_par' dir='ltr' id='par_1_107' title="bbox 1948 5003 3519 5077">
     <span class='ocr_line' id='line_1_107' title="bbox 1948 5003 3519 5077; baseline 0.001 -21"><span class='ocrx_word' id='word_1_817' title='bbox 1948 5003 2093 5073; x_wconf 88' lang='lat' dir='ltr'><strong>quod</strong></span> <span class='ocrx_word' id='word_1_818' title='bbox 2124 5012 2301 5060; x_wconf 87' lang='lat' dir='ltr'><strong>autem</strong></span> <span class='ocrx_word' id='word_1_819' title='bbox 2334 5006 2444 5060; x_wconf 91' lang='lat' dir='ltr'><strong>illic</strong></span> <span class='ocrx_word' id='word_1_820' title='bbox 2474 5022 2637 5077; x_wconf 77' lang='lat' dir='ltr'><strong>aqua,</strong></span> <span class='ocrx_word' id='word_1_821' title='bbox 2668 5007 2907 5077; x_wconf 88' lang='lat' dir='ltr'><strong>idipsum</strong></span> <span class='ocrx_word' id='word_1_822' title='bbox 2934 5008 2987 5061; x_wconf 93' lang='lat' dir='ltr'><strong>in</strong></span> <span class='ocrx_word' id='word_1_823' title='bbox 3022 5007 3300 5077; x_wconf 87' lang='lat' dir='ltr'><strong>proposito</strong></span> <span class='ocrx_word' id='word_1_824' title='bbox 3328 5014 3519 5060; x_wconf 72' lang='lat' dir='ltr'><strong>nostro</strong></span> 
     </span>
    </p>
   </div>
   <div class='ocr_carea' id='block_1_108' title="bbox 1948 5097 3518 5167">
    <p class='ocr_par' dir='ltr' id='par_1_108' title="bbox 1948 5097 3518 5167">
     <span class='ocr_line' id='line_1_108' title="bbox 1948 5097 3518 5167; baseline 0.002 -18"><span class='ocrx_word' id='word_1_825' title='bbox 1948 5097 2078 5151; x_wconf 89' lang='lat' dir='ltr'><strong>illud</strong></span> <span class='ocrx_word' id='word_1_826' title='bbox 2112 5107 2232 5158; x_wconf 87' lang='lat' dir='ltr'><strong>est.</strong></span> <span class='ocrx_word' id='word_1_827' title='bbox 2268 5098 2427 5167; x_wconf 86' lang='lat' dir='ltr'><strong>cujus</strong></span> <span class='ocrx_word' id='word_1_828' title='bbox 2480 5101 2726 5155; x_wconf 82' lang='lat' dir='ltr'><strong>accessio</strong></span> <span class='ocrx_word' id='word_1_829' title='bbox 2776 5100 2833 5155; x_wconf 77' lang='lat' dir='ltr'><strong>ﬁt</strong></span> <span class='ocrx_word' id='word_1_830' title='bbox 2888 5110 2981 5155; x_wconf 89' lang='lat' dir='ltr'><strong>aut</strong></span> <span class='ocrx_word' id='word_1_831' title='bbox 3028 5100 3293 5154; x_wconf 78' lang='lat' dir='ltr'><strong>decchio.</strong></span> <span class='ocrx_word' id='word_1_832' title='bbox 3340 5097 3518 5164; x_wconf 85' lang='lat' dir='ltr'><strong>Quare</strong></span> 
     </span>
    </p>
   </div>
   <div class='ocr_carea' id='block_1_109' title="bbox 1947 5191 3515 5261">
    <p class='ocr_par' dir='ltr' id='par_1_109' title="bbox 1947 5191 3515 5261">
     <span class='ocr_line' id='line_1_109' title="bbox 1947 5191 3515 5261; baseline 0.001 -20"><span class='ocrx_word' id='word_1_833' title='bbox 1947 5191 2436 5258; x_wconf 89' lang='lat' dir='ltr'><strong>quemadmodum,</strong></span> <span class='ocrx_word' id='word_1_834' title='bbox 2471 5192 2573 5246; x_wconf 91' lang='lat' dir='ltr'><strong>ctsi</strong></span> <span class='ocrx_word' id='word_1_835' title='bbox 2626 5208 2733 5246; x_wconf 88' lang='lat' dir='ltr'><strong>non</strong></span> <span class='ocrx_word' id='word_1_836' title='bbox 2784 5191 2922 5247; x_wconf 88' lang='lat' dir='ltr'><strong>idem</strong></span> <span class='ocrx_word' id='word_1_837' title='bbox 2961 5193 3122 5247; x_wconf 90' lang='lat' dir='ltr'><strong>modo</strong></span> <span class='ocrx_word' id='word_1_838' title='bbox 3167 5206 3367 5261; x_wconf 88' lang='lat' dir='ltr'><strong>corpus</strong></span> <span class='ocrx_word' id='word_1_839' title='bbox 3409 5198 3515 5250; x_wconf 87' lang='lat' dir='ltr'><strong>est.</strong></span> 
     </span>
    </p>
   </div>
   <div class='ocr_carea' id='block_1_110' title="bbox 1947 5279 3518 5354">
    <p class='ocr_par' dir='ltr' id='par_1_110' title="bbox 1947 5279 3518 5354">
     <span class='ocr_line' id='line_1_110' title="bbox 1947 5279 3518 5354; baseline 0.001 -19"><span class='ocrx_word' id='word_1_840' title='bbox 1947 5279 2134 5336; x_wconf 79' lang='lat' dir='ltr'><strong>eadem</strong></span> <span class='ocrx_word' id='word_1_841' title='bbox 2167 5281 2518 5338; x_wconf 84' lang='lat' dir='ltr'><strong>nihilominus</strong></span> <span class='ocrx_word' id='word_1_842' title='bbox 2542 5281 2728 5339; x_wconf 81' lang='lat' dir='ltr'><strong>formae</strong></span> <span class='ocrx_word' id='word_1_843' title='bbox 2762 5285 2974 5354; x_wconf 83' lang='lat' dir='ltr'><strong>species</strong></span> <span class='ocrx_word' id='word_1_844' title='bbox 3013 5299 3077 5338; x_wconf 91' lang='lat' dir='ltr'><strong>ac</strong></span> <span class='ocrx_word' id='word_1_845' title='bbox 3109 5281 3276 5354; x_wconf 70' lang='lat' dir='ltr'><strong>figura</strong></span> <span class='ocrx_word' id='word_1_846' title='bbox 3322 5283 3518 5337; x_wconf 89' lang='lat' dir='ltr'><strong>retine-</strong></span> 
     </span>
    </p>
   </div>
   <div class='ocr_carea' id='block_1_111' title="bbox 311 5457 1945 5537">
    <p class='ocr_par' dir='ltr' id='par_1_111' title="bbox 311 5457 1945 5537">
     <span class='ocr_line' id='line_1_111' title="bbox 311 5457 1945 5537; baseline 0.004 -29"><span class='ocrx_word' id='word_1_847' title='bbox 311 5476 331 5508; x_wconf 79' lang='grc' dir='ltr'><strong>ι</strong></span> <span class='ocrx_word' id='word_1_848' title='bbox 372 5469 440 5526; x_wconf 76' lang='lat' dir='ltr'><strong>F,</strong></span> <span class='ocrx_word' id='word_1_849' title='bbox 483 5462 679 5537; x_wconf 83' lang='grc' dir='ltr'>φύσει,</span> <span class='ocrx_word' id='word_1_850' title='bbox 756 5459 1018 5514; x_wconf 77' lang='lat' dir='ltr'><strong>&#39;Mutilus</strong></span> <span class='ocrx_word' id='word_1_851' title='bbox 1058 5457 1229 5514; x_wconf 90' lang='lat' dir='ltr'><strong>locus.</strong></span> <span class='ocrx_word' id='word_1_852' title='bbox 1309 5459 1472 5515; x_wconf 77' lang='lat' dir='ltr'><strong>&#39;Vox</strong></span> <span class='ocrx_word' id='word_1_853' title='bbox 1520 5461 1610 5515; x_wconf 89' lang='lat' dir='ltr'><strong>illa</strong></span> <span class='ocrx_word' id='word_1_854' title='bbox 1662 5458 1945 5516; x_wconf 88' lang='lat' dir='ltr'><strong>mendosa.</strong></span> 
     </span>
    </p>
   </div>
   <div class='ocr_carea' id='block_1_112' title="bbox 307 5628 1828 5718">
    <p class='ocr_par' dir='ltr' id='par_1_112' title="bbox 307 5631 1828 5718">
     <span class='ocr_line' id='line_1_112' title="bbox 307 5631 1828 5718; baseline -0.002 -27"><span class='ocrx_word' id='word_1_855' title='bbox 307 5642 428 5718; x_wconf 73' lang='grc'><strong>(41)</strong></span> <span class='ocrx_word' id='word_1_856' title='bbox 454 5634 578 5696; x_wconf 77' lang='grc' dir='ltr'><strong>Καὶ</strong></span> <span class='ocrx_word' id='word_1_857' title='bbox 600 5632 725 5715; x_wconf 48' lang='grc' dir='ltr'><strong>’ἵνα</strong></span> <span class='ocrx_word' id='word_1_858' title='bbox 748 5631 834 5703; x_wconf 80' lang='grc' dir='ltr'>μὴ</span> <span class='ocrx_word' id='word_1_859' title='bbox 863 5633 1061 5702; x_wconf 76' lang='grc' dir='ltr'>εἴπῃς,</span> <span class='ocrx_word' id='word_1_860' title='bbox 1092 5633 1181 5687; x_wconf 81' lang='grc' dir='ltr'>ὅτι</span> <span class='ocrx_word' id='word_1_861' title='bbox 1214 5636 1326 5690; x_wconf 84' lang='grc' dir='ltr'>οὐκ</span> <span class='ocrx_word' id='word_1_862' title='bbox 1353 5634 1463 5691; x_wconf 81' lang='grc' dir='ltr'>ἀεί.</span> <span class='ocrx_word' id='word_1_863' title='bbox 1504 5635 1705 5694; x_wconf 79' lang='lat' dir='ltr'><strong>Desunt</strong></span> <span class='ocrx_word' id='word_1_864' title='bbox 1761 5647 1828 5691; x_wconf 90' lang='lat' dir='ltr'><strong>n0</strong></span> 
     </span>
    </p>
   </div>
   <div class='ocr_carea' id='block_1_113' title="bbox 1940 5628 3523 5718">
    <p class='ocr_par' dir='ltr' id='par_1_113' title="bbox 1940 5628 3523 5704">
     <span class='ocr_line' id='line_1_113' title="bbox 1940 5628 3523 5704; baseline -0.005 -13"><span class='ocrx_word' id='word_1_865' title='bbox 1940 5635 2040 5691; x_wconf 73' lang='lat' dir='ltr'><strong>Illa.</strong></span> <span class='ocrx_word' id='word_1_866' title='bbox 2094 5633 2170 5690; x_wconf 78' lang='lat' dir='ltr'><strong>Ac</strong></span> <span class='ocrx_word' id='word_1_867' title='bbox 2206 5633 2344 5690; x_wconf 77' lang='lat' dir='ltr'><strong>forte</strong></span> <span class='ocrx_word' id='word_1_868' title='bbox 2395 5635 2468 5689; x_wconf 89' lang='lat' dir='ltr'><strong>ita</strong></span> <span class='ocrx_word' id='word_1_869' title='bbox 2507 5633 2912 5691; x_wconf 80' lang='lat' dir='ltr'><strong>rescribendum</strong></span> <span class='ocrx_word' id='word_1_870' title='bbox 2957 5634 3039 5688; x_wconf 81' lang='grc' dir='ltr'><strong>ὅτι</strong></span> <span class='ocrx_word' id='word_1_871' title='bbox 3081 5633 3170 5689; x_wconf 76' lang='grc' dir='ltr'>ἀεὶ</span> <span class='ocrx_word' id='word_1_872' title='bbox 3223 5628 3523 5704; x_wconf 73' lang='grc' dir='ltr'>διαλαμϐάο</span> 
     </span>
    </p>
   </div>
   <div class='ocr_carea' id='block_1_114' title="bbox 230 5720 689 5782">
    <p class='ocr_par' dir='ltr' id='par_1_114' title="bbox 230 5720 689 5782">
     <span class='ocr_line' id='line_1_114' title="bbox 230 5720 689 5782; baseline -0.039 0"><span class='ocrx_word' id='word_1_873' title='bbox 230 5741 317 5782; x_wconf 84' lang='grc' dir='ltr'><strong>νει</strong></span> <span class='ocrx_word' id='word_1_874' title='bbox 354 5720 689 5771; x_wconf 63' lang='lat' dir='ltr'><strong>uxoremn);-</strong></span> 
     </span>
    </p>
   </div>
   <div class='ocr_carea' id='block_1_115' title="bbox 588 5798 1252 5861">
    <p class='ocr_par' dir='ltr' id='par_1_115' title="bbox 588 5798 1252 5861">
     <span class='ocr_line' id='line_1_115' title="bbox 588 5798 1252 5861; baseline 0.006 -4"><span class='ocrx_word' id='word_1_875' title='bbox 588 5801 861 5857; x_wconf 68' lang='lat' dir='ltr'><strong>l’nnoc.</strong></span> <span class='ocrx_word' id='word_1_876' title='bbox 914 5798 1028 5858; x_wconf 83' lang='lat' dir='ltr'><strong>Gn.</strong></span> <span class='ocrx_word' id='word_1_877' title='bbox 1092 5798 1252 5861; x_wconf 80' lang='lat' dir='ltr'><strong>XLI.</strong></span> 
     </span>
    </p>
   </div>
   <div class='ocr_carea' id='block_1_116' title="bbox 3151 5793 3227 5853">
    <p class='ocr_par' dir='ltr' id='par_1_116' title="bbox 3151 5793 3227 5853">
     <span class='ocr_line' id='line_1_116' title="bbox 3151 5793 3227 5853; baseline -0.013 0"><span class='ocrx_word' id='word_1_878' title='bbox 3151 5793 3227 5853; x_wconf 81' lang='lat'><strong>36</strong></span> 
     </span>
    </p>
   </div>
  </div>
