3794 6174
377 265 515 321 1131

1808 262 1869 318 S.
1912 262 2251 320 EPINIANII

3491 266 3609 320 H39.

379 394 506 452 tur,
542 384 616 440 ita
652 385 780 441 licet
808 399 915 441 non
952 382 1095 439 idem
1124 395 1327 452 corpus
1359 386 1610 448 exsistat,
1649 379 1820 437 forma
1837 383 1947 453 ipsa

2059 401 2232 454 cpomv
2273 379 2361 456 ἦν,
2398 383 2487 438 ὅτε
2531 381 2612 448 είς
2651 384 2714 438 τὸ
2752 382 2877 455 ὅρος
2916 380 3084 458 ἀνέθη
3127 380 3264 453 μετὰ
3288 380 3498 453 ⁸Πέτρου
3531 383 3610 436 καὶ

381 478 810 547 praestantiorem
853 477 908 531 in
943 483 1142 533 statum
1180 482 1367 529 evecta
1391 513 1408 538 ,
1454 489 1564 529 non
1609 473 1721 545 jam
1752 474 1804 528 in
1834 488 1952 529 cor-

2056 473 2152 527 τοῦ
2186 474 2466 537 Μωῦσὲως
2505 474 2601 528 καὶ
2646 472 2745 527 τοῦ
2785 472 2967 526 Ἡλίου
3008 470 3116 526 τῶν
3157 470 3430 541 ὀφθέντων
3463 469 3613 541 αὐτῷ.

381 570 623 640 ruptibili
657 585 906 640 corpore,
933 570 1027 625 sed
1055 568 1329 640 passionis
1359 578 1579 639 experte
1610 568 1951 640 spiritalique
1984 568 2494 640 comprehendetur.
2524 567 2846 640 Cujusmodi
2878 565 3041 623 Iesus
3068 566 3275 630 habuit,
3302 572 3427 636 post
3456 573 3606 620 trans-

378 668 757 736 tigurationem
799 667 941 721 hanc
966 665 1188 737 quando
1234 664 1287 718 in
1314 672 1551 720 montem
1579 679 1704 720 cum
1742 664 1903 725 Petro
1926 712 1942 737 ,
1995 669 2180 740 Moyse
2218 677 2272 723 et
2308 667 2425 723 Elia
2448 708 2463 732 ,
2496 667 2591 737 qui
2634 675 2749 721 tum
2781 667 2860 723 illi
2892 672 3283 737 apparuerunt,
3318 664 3608 720 ascendit‘.

447 757 690 815 XXXIX.
738 757 847 815 Sed
890 758 960 814 de
1009 759 1097 815 his
1150 758 1456 814 hactenus:
1504 759 1619 813 haac
1672 762 1816 815 enim
1870 771 1956 819 est

316 892 324 901 .
379 849 630 918 Origenis
657 849 974 923 dogmatum
1006 864 1221 905 summa
1257 849 1692 919 comprehensio.
1718 849 1876 918 Quod
1906 854 1953 909 si

377 942 502 1013 quis
556 943 994 998 adversariorum
1045 940 1249 996 Christi
1305 956 1507 1012 corpus
1560 943 1825 1013 objiciat-,
1865 940 1955 1000 ’eo

376 1034 522 1104 quod
553 1033 713 1105 562
735 1033 1110 1103 primogenitus
1133 1041 1463 1087 mortuorum
1484 1051 1545 1088 ac
1567 1035 1818 1103 primitiae
1838 1037 1958 1091 dor-

377 1124 647 1177 mientium
667 1121 967 1193 appelletur
993 1123 1037 1182 ³,
1078 1123 1259 1191 itaque
1284 1122 1506 1193 colligat
1533 1142 1547 1179 :
1589 1123 1954 1190 Quemadmo-

377 1214 506 1269 dum
535 1214 625 1267 ille
652 1212 992 1275 resurrexit,
1034 1211 1110 1265 ita
1154 1219 1209 1267 et
1240 1222 1615 1268 resurrectura
1645 1221 1841 1270 caetera
1869 1215 1954 1269 vi-

375 1304 515 1368 deri,
552 1313 611 1358 ut
644 1301 915 1373 quomodo
939 1300 1195 1357 Christus
1233 1303 1575 1369 resurrexit,
1607 1304 1689 1359 sic
1726 1312 1781 1359 et
1810 1303 1951 1361 Deus

377 1402 623 1449 mortuos
671 1408 769 1463 per
819 1390 1006 1448 Jesum
1061 1391 1295 1448 adducat
1333 1392 1387 1459 ³;
1432 1408 1555 1447 cum
1611 1392 1731 1463 ipso
1784 1409 1949 1465 porro

374 1485 501 1541 Jesu
530 1500 730 1556 corpus
767 1487 848 1541 sic
894 1500 1017 1541 esse
1046 1498 1074 1539 a
1118 1474 1352 1541 mortuis
1388 1485 1683 1540 excitatum
1710 1525 1725 1550 ,
1758 1484 1952 1541 iisdem

376 1578 454 1631 uti
481 1577 742 1633 carnibus
769 1617 783 1643 ,
815 1578 1147 1649 ossibusque
1177 1586 1493 1643 constaret,
1534 1577 1586 1633 id
1628 1578 1771 1649 quod
1803 1578 1951 1634 Tho-

373 1685 472 1724 mas
494 1684 816 1740 persuasum
846 1669 1012 1725 fuerit
1042 1687 1056 1736 ;
1087 1685 1190 1726 nos
1214 1669 1282 1723 ad
1309 1684 1374 1725 ea
1399 1670 1480 1724 sic
1504 1668 1949 1740 respondeamus:

2130 762 2253 817 AO'.
2288 764 2400 817 Καὶ
2440 761 2615 817 ταῦτα
2665 761 2765 833 μὲν
2813 760 2972 833 μέχρι
3012 758 3265 814 τοσούτου
3310 758 3606 828 διεσκέφθαι.

2056 852 2244 915 Οὕτως
2272 851 2382 921 γὰρ
2420 852 2497 915 ὡς
2543 851 2600 904 ἒν
2631 849 2912 921 κεφαλαίῳ
2948 847 3058 903 τῶν
3099 845 3410 919 Ὡριγένους
3434 845 3610 915 δογμασ

2056 941 2321 1012 τισμῶνὸ
2363 941 2507 1005 νοῦς.
2553 940 2679 995 Ἐὰν
2721 940 2780 993 δέ
2826 956 2913 1002 τις
2965 938 3073 992 τῶν
3119 934 3607 1007 ἀμφισϐητούντων,

2058 1033 2489 1104 προὸαλλόμενος
2522 1031 2584 1086 τὸ
2618 1030 2780 1102 σῶμα
2827 1030 2924 1084 τοῦ
2969 1025 3231 1102 Χριστοῦ,
3258 1026 3353 1081 διὰ
3385 1025 3452 1080 τὸ
3479 1039 3608 1095 πρω-

2057 1124 2307 1177 τότοκον
2334 1120 2455 1176 τῶν
2476 1120 2707 1191 νεκρῶν
2745 1121 2844 1175 καὶ
2877 1118 3164 1189 ἀπαρχὴν
3190 1116 3354 1172 αὑτὸν
3388 1117 3607 1189 εἰρῆσθαι

2057 1212 2178 1266 τῶν
2219 1211 2686 1282 κεκοιμημένων,
2724 1212 2910 1282 λέγοι,
2959 1212 3063 1277 ὅτι,
3122 1209 3380 1281 καθάπερ
3430 1210 3607 1272 ἐκεῖνος

2058 1304 2283 1374 ἀνέστη,
2305 1304 2485 1357 καὶτὰ
2508 1302 2685 1357 πάντα
2706 1303 2972 1366 ὡσαύτως
2996 1304 3175 1355 έκεῖνο
3198 1300 3312 1355 δεῖν
3335 1302 3605 1371 προσδοκᾷν

2058 1392 2475 1465 ἀναστήσεσθαι,
2511 1394 2618 1458 ἵνα,
2648 1392 2838 1465 ὥσπερ
2864 1393 3097 1465 Χριστὸς
3119 1392 3437 1463 ἐγήγερται,
3464 1389 3605 1452 οὕτως

2059 1486 2155 1540 καὶ
2179 1488 2207 1539 ό
2229 1483 2370 1549 ’Θεὸς
2402 1487 2527 1550 τοὺς
2561 1485 2923 1557 κοιμηθέντας
2938 1485 3029 1540 διὰ
3055 1483 3148 1538 τοῦ
3190 1482 3369 1554 Ἰησοῦ
3398 1482 3507 1547 ἄξει
3528 1482 3603 1534 σὺν

2056 1575 2211 1647 αὺτῷ
2231 1592 2245 1607 ·
2270 1577 2575 1647 ’ἐγήγερται
2602 1576 2659 1629 δὲ
2697 1577 2760 1629 τὸ
2797 1573 2893 1628 τοῦ
2938 1573 3134 1644 Ἰησοῦ,
3166 1572 3266 1626 καὶ
3296 1571 3397 1634 τὰς
3427 1571 3602 1641 σάρκας

2059 1666 2124 1731 ἃς
2157 1663 2292 1739 εἶχε,
2319 1668 2415 1721 καὶ
2444 1667 2514 1721 τὰ
2534 1667 2688 1730 ὀστᾶ,
2727 1665 2981 1736 καθάπερ
3013 1663 3241 1734 ἐπείσθη
3277 1664 3374 1716 καὶ
3398 1660 3598 1732 Θωμᾶς·

370 1761 579 1817 Christi
611 1776 816 1833 corpus
842 1776 954 1817 non
980 1776 1048 1816 ex
1081 1762 1358 1817 voluntate
1390 1760 1494 1816 viri
1513 1762 1555 1827 δ,
1590 1775 1653 1816 ac
1676 1762 1947 1832 voluptate

2058 1761 2336 1833 λέξωμεν·
2390 1759 2552 1814 Ἀλλὰ
2580 1760 2641 1814 τὸ
2686 1758 2781 1813 τοῦ
2838 1754 3076 1828 Χριστοῦ
3109 1755 3274 1827 σῶμα
3319 1755 3415 1810 οὐκ
3455 1748 3516 1824 ἧν
3554 1753 3600 1804 ὲιι

372 1855 659 1923 somnique
684 1854 1073 1924 congressione
1111 1853 1167 1907 in
1198 1851 1582 1922 iniquitatibus
1604 1867 1730 1908 esse
1758 1867 1953 1909 susce-

371 1953 525 2014 ptum
553 1946 597 2009 ⁸,
640 1952 695 1999 et
745 1945 801 1999 in
848 1944 1090 2014 peccatis
1143 1943 1389 2014 genitum
1433 1943 1477 2008 ⁸,
1524 1943 1620 1999 sed
1651 1944 1718 2000 de
1744 1944 1953 2015 Spiritu

372 2018 566 2092 saneto
583 2045 640 2092 et
659 2036 927 2092 Altissimi
947 2036 1147 2091 virtute
1162 2036 1206 2101 ",
1236 2049 1300 2090 ac
1318 2033 1541 2107 Virgine
1569 2043 1913 2106 procreatum
1934 2054 1950 2104 ;

373 2138 525 2183 tuum
554 2137 736 2183 autem
770 2142 967 2183 somno
1004 2140 1070 2181 ac
1108 2126 1387 2197 voluptate
1416 2126 1784 2197 sordibusque
1815 2141 1952 2182 con-

371 2229 539 2275 stare.
584 2218 774 2285 .Quam
825 2219 897 2274 ob
952 2224 1176 2275 causam
1213 2218 1432 2289 sapiens
1492 2217 1583 2273 ille
1620 2217 1814 2272 Sirach
1878 2219 1953 2273 ita

370 2309 689 2377 pronuntiat
717 2324 730 2360 :
757 2304 892 2362 Cum
922 2307 1062 2361 enim
1095 2307 1350 2360 morietur
1383 2306 1536 2361 homo
1558 2346 1575 2371 ,
1594 2346 1599 2352 .
1618 2306 1953 2363 hwreditabit

369 2409 665 2466 serpentes,
714 2409 762 2453 et
805 2398 1031 2464 bestias,
1071 2408 1120 2454 et
1157 2415 1351 2453 vermes
1374 2399 1415 2451 ⁸.
1459 2397 1540 2452 Ad
1587 2398 1703 2454 haec
1731 2414 1952 2457 Lxxxvn

370 2486 620 2554 psalmo:
654 2485 910 2559 Nunquid
948 2491 1172 2542 mortuis
1204 2488 1366 2557 facies
1397 2488 1691 2553 mirabilia,
1722 2502 1811 2544 aut
1846 2506 1954 2545 mc-

368 2574 475 2628 dici
508 2575 837 2629 suscitabunt
875 2584 923 2630 et
951 2576 1341 2645 confitebuntur
1370 2574 1463 2628 tibi
1487 2578 1511 2630 ?
1543 2574 1800 2646 Nunquid
1827 2592 1953 2630 nar-

370 2666 508 2718 rabit
562 2665 753 2735 aliquis
804 2665 860 2718 in
904 2664 1143 2734 sepulcro
1199 2662 1619 2719 misericordiam
1666 2674 1854 2728 tuam,
1902 2673 1954 2719 et

369 2757 637 2810 veritatem
668 2766 813 2811 tuam
839 2756 892 2809 in
913 2756 1246 2825 perditione?
1275 2753 1532 2823 Nunquid
1575 2740 1954 2825 cognoscentur

369 2848 423 2901 in
456 2848 678 2917 tenebris
728 2848 999 2902 mirabilia
1040 2856 1133 2901 tua
1158 2887 1174 2913 ,
1214 2856 1264 2901 et
1314 2847 1537 2916 justitia
1575 2856 1667 2900 tua
1705 2846 1764 2900 in
1810 2855 1953 2901 terra

369 2938 647 2994 oblivionis
680 2940 746 2994 οἳ
774 2939 1054 3010 Ejusmodi
1100 2947 1155 2995 et
1186 2940 1291 2994 alia
1326 2937 1621 3010 Scriptum
1652 2939 1817 2994 verba
1843 2939 1956 2993 cui-

2054 1852 2362 1925 θελήματος
2389 1852 2603 1925 ἀνδρὸς,
2625 1849 2820 1923 ἡδονῆς
2849 1848 3002 1919 ὕπνῳ
3025 1845 3408 1929 συνελθούσης,
3431 1846 3484 1897 ὲν
3507 1843 3598 1897 ἀνο-

2057 1944 2207 2016 μίαις
2229 1942 2550 2015 συλληφθὲν,
2584 1944 2679 1997 καὶ
2703 1939 2962 2011 κισσηθὲν
2984 1940 3042 1992 ὲν
3072 1936 3394 2009 ἁμαρτίαις,
3412 1934 3533 1990 ἀλλὰ
3553 1934 3599 1985 ἐκ

2055 2037 2372 2107 Πνεύματος
2399 2034 2577 2104 ἁγίου,
2616 2034 2710 2088 καὶ
2746 2032 3026 2103 δυνάμεως
3066 2030 3348 2099 ’1⁸ψίστου,
3373 2028 3459 2082 καὶ
3483 2025 3596 2094 Παρ-

2055 2126 2230 2181 θένου.
2258 2127 2332 2180 Τὸ
2357 2127 2415 2180 δὲ
2447 2125 2538 2180 σὺν
2581 2124 2751 2189 ὕπνος
2783 2124 2924 2189 ἐστὶ,
2970 2123 3065 2177 καὶ
3095 2122 3284 2194 ἡδονὴ,
3321 2121 3413 2174 καὶ
3443 2118 3593 2190 ῥύπος.

2054 2219 2165 2274 Καὶ
2199 2219 2289 2274 διὰ
2322 2217 2477 2272 τοῦτο
2496 2217 2592 2284 καὶ
2618 2220 2646 2272 ὁ
2675 2215 2837 2286 σοφὸς
2857 2214 3078 2287 Σειρὰχ,
3121 2215 3225 2268 Ἐν
3252 2213 3363 2283 γὰρ
3387 2209 3461 2276 τῷ
3482 2209 3595 2263 ἀπο-

2054 2310 2344 2379 θνήσκειν
2374 2310 2706 2379 ἄνθρωπον,
2731 2305 3161 2376 ἀποφθέγγεται,
3193 2299 3593 2373 κληρονομήσει

2054 2404 2294 2474 ἑρπετὰ,
2324 2402 2426 2457 καὶ
2463 2401 2658 2471 θηρία,
2691 2399 2790 2454 καὶ
2834 2397 3160 2466 σκώληκας
3183 2414 3196 2427 ·
3223 2395 3323 2450 καὶ
3349 2396 3405 2448 ἐν
3437 2392 3591 2462 ὀγδοη-

2053 2494 2232 2566 κοστῷ
2256 2493 2458 2565 ψαλμῷ
2502 2492 2713 2564 ἑϐδόμῳ
2736 2508 2750 2523 ·
2782 2490 2879 2560 Μὴ
2912 2490 3038 2556 τοῖς
3078 2489 3317 2558 νεκροῖς
3363 2484 3589 2551 ποιήσεις

2053 2585 2375 2656 θαυμάσια,
2418 2585 2457 2655 ἢ
2489 2583 2677 2653 ἰατροὶ
2715 2581 3159 2650 ἀναστήσουσι,
3211 2579 3313 2633 καὶ
3354 2577 3590 2647 ἐξομολο-

2052 2677 2345 2749 γήσονταί
2358 2692 2489 2740 σοι;
2506 2679 2562 2729 Μ
2566 2676 2603 2744 ἡ
2618 2673 2979 2745 διηγήσεταὶ
2995 2691 3087 2739 τις
3102 2672 3174 2726 ἐν
3195 2670 3361 2740 τάφῳ
3374 2668 3442 2722 τὸ
3452 2666 3587 2730 ἔλεός

2052 2784 2191 2832 σου,
2225 2770 2324 2823 καὶ
2352 2768 2466 2837 τὴν
2505 2766 2797 2834 ἀλήθειάν
2828 2780 2945 2819 σου
2985 2765 3056 2818 ἐν
3092 2762 3170 2832 τῇ
3207 2756 3585 2828 ἁπωλείωᾶἡ

2052 2858 2470 2930 γνωσθήσεται
2494 2858 2565 2912 ἐν
2591 2856 2672 2922 τῷ
2701 2857 2903 2911 σκότει
2933 2855 3008 2910 τὰ
3036 2852 3341 2924 θαυμάσιὰ
3366 2868 3486 2914 σου,
3509 2846 3581 2901 καὶ

2053 2953 2093 3021 ἡ
2148 2951 2505 3018 δικαιοσύνη
2557 2963 2676 3003 σου
2724 2948 2795 3002 ἐν
2850 2946 2928 3018 em"
2980 2943 3458 3015 magnam,-
3500 2938 3583 2993 Καὶ

371 3031 501 3086 libet
535 3032 790 3103 colligere
819 3033 982 3098 licet,
1018 3048 1108 3099 ne,
1132 3033 1179 3088 si
1208 3033 1390 3088 omnia
1412 3033 1637 3102 copiose
1665 3031 1947 3102 complecti

2056 3042 2217 3115 ἕτερα
2245 3042 2301 3095 δὲ
2333 3042 2554 3113 ῥήματα
2583 3036 2809 3092 τοιαῦτα
2836 3037 2916 3109 τῷ
2953 3035 3264 3108 βουλομένῳ
3296 3033 3517 3100 συνάγειν
3534 3030 3581 3079 lx

369 3136 433 3177 ac
481 3137 911 3181 commemorare
964 3124 1239 3191 velimus,
1298 3123 1559 3195 majorem
1615 3124 1672 3179 in
1726 3124 1948 3180 modum

368 3224 650 3271 excrescat
679 3216 878 3270 oratio.

827 3410 1073 3490 Sequitur
1100 3433 1164 3473 ea:
1203 3417 1259 3471 Μ
1262 3418 1489 3473 etltodio.

440 3532 551 3588 XL.
585 3530 721 3587 Cum
764 3530 995 3587 Proclus
1044 3546 1187 3602 aegre
1239 3529 1456 3586 dicendi
1512 3529 1672 3586 linem
1710 3529 1948 3598 fecisset,

366 3625 460 3681 diu
509 3626 577 3681 iis
624 3624 716 3695 qui
763 3625 991 3680 aderant
1041 3624 1394 3690 tacentibus,
1446 3630 1502 3679 et
1540 3622 1608 3677 ad
1662 3622 1953 3679 inlidclita-

364 3727 476 3772 tem
513 3714 728 3772 abunde
768 3716 1058 3787 prostratis
1081 3756 1095 3781 ,
1129 3724 1485 3785 posteaquam
1534 3714 1766 3771 desiisse
1798 3715 1948 3770 illum

368 3808 763 3874 animadverti,
812 3809 1015 3865 sensim
1049 3815 1213 3879 caput
1246 3808 1501 3864 attollens
1542 3822 1608 3863 ac
1644 3809 1947 3879 respirans,

370 3893 440 3957 ιη’
470 3904 505 3957 ii
554 3903 646 3973 qui
694 3901 749 3957 in
788 3902 922 3956 mari
956 3901 1254 3971 navigant,
1292 3901 1385 3956 ubi
1442 3899 1624 3956 sedari
1653 3907 1951 3971 tempestas

368 3996 577 4065 carpit,
633 4003 873 4049 tremens
912 3992 1094 4048 adhuc
1145 3992 1507 4048 nihilominus
1565 4005 1630 4045 ac
1681 3991 1950 4062 vertigine

367 4094 653 4157 correptus
683 4084 783 4159 (ut
812 4086 957 4141 enim
987 4084 1134 4165 quod
1169 4099 1257 4140 res
1286 4092 1370 4141 est
1405 4084 1638 4155 ingenue
1672 4082 1830 4140 vobis
1868 4083 1949 4137 fa-

368 4185 506 4241 tear,
538 4184 690 4231 tanta
719 4177 934 4231 dicendi
969 4178 1127 4247 copia
1168 4191 1233 4231 ac
1260 4176 1518 4231 facultate
1553 4175 1841 4246 perculsus
1885 4189 1950 4230 ac

368 4267 514 4322 velut
536 4268 770 4322 obrutus
802 4266 1060 4334 fueram),
1090 4266 1158 4321 ad
1190 4265 1521 4321 Auxentium
1546 4280 1864 4329 conversus,
1895 4272 1949 4321 et

366 4373 490 4411 eum
521 4357 832 4427 appellans,
861 4356 1096 4410 Auxenti
1119 4397 1135 4422 ,
1164 4357 1408 4427 inquam,
1441 4371 1550 4411 non
1582 4364 1787 4412 temere
1813 4371 1941 4429 poe-

370 4448 535 4502 ticum
565 4446 696 4501 illud
721 4448 1043 4516 usurpatum
1072 4447 1310 4502 arbitror
1336 4466 1351 4502 :

720 4555 861 4610 Dum
875 4556 1052 4627 juncti
1073 4567 1355 4627 properant
1384 4556 1559 4641 ambo.

368 4668 484 4726 Duo
514 4670 714 4742 quippe
744 4671 1044 4727 adversarii
1073 4681 1223 4727 sunt.
1258 4671 1440 4739 Quare
1477 4672 1761 4728 amborum
1805 4674 1950 4730 vires

368 4763 633 4818 ambobus
684 4764 844 4819 nobis
878 4764 1215 4820 sustinendae
1269 4774 1415 4821 sunt.
1452 4762 1530 4820 'l‘e
1575 4766 1721 4821 enim
1757 4781 1951 4837 pugnae

369 4855 631 4911 adversus
669 4856 792 4912 illos
837 4862 891 4911 et
918 4857 1238 4913 certaminis
1268 4856 1573 4927 adjutorem
1612 4865 1667 4913 et
1713 4859 1952 4929 opitula-

438 5011 456 5096 ξ
490 5009 681 5065 Matth.
717 5027 850 5073 xvu,
888 5012 912 5065 1
940 5028 1087 5082 sqq.;
1121 5010 1288 5066 Mare.
1320 5028 1394 5075 IX,
1427 5013 1451 5066 1
1482 5027 1604 5138 sqq).

438 5097 551 5138 san.
574 5098 671 5138 vu.
705 5081 760 5136 2.
831 5081 1014 5138 'Psal.
1050 5099 1102 5138 ι..
1135 5082 1189 5135 7.
1267 5084 1288 5115 ⁷
1317 5081 1450 5137 Luc.
1494 5099 1531 5138 ι.
1601 5120 1604 5132 ς

365 5080 388 5112 ³
421 5079 551 5152 Sap.
574 5098 671 5146 vu,
705 5081 760 5136 2.
831 5079 1102 5149 'Psalﬁn,
1135 5082 1189 5135 7.
1267 5084 1288 5115 ⁷
1317 5081 1450 5137 Luc.
1494 5079 1531 5149 ι,

362 5254 578 5333 ζμὲ)
642 5261 893 5333 demere
964 5262 1281 5317 Μεθοδίου.
1336 5260 1614 5319 Hactenus
1678 5262 1933 5320 Proclus.

362 5329 631 5401 Deinceps
664 5330 920 5386 Methodii
963 5342 1150 5402 partes
1185 5340 1334 5396 sunt,
1383 5334 1478 5402 qui
1529 5333 1793 5390 adversus
1816 5335 1940 5389 Ori-

359 5417 552 5469 genem
584 5402 830 5465 disserit,
862 5402 1021 5470 cujus
1054 5403 1418 5472 patrocinium
1452 5418 1483 5456 a
1520 5403 1715 5459 Proclo
1750 5419 1940 5460 susce-

363 5480 513 5538 ptum
546 5474 708 5541 paulo
729 5480 851 5540 post
884 5472 1102 5527 iudicat.
1141 5474 1338 5528 Verum
1362 5473 1408 5529 si
1430 5472 1611 5528 Procli
1634 5483 1719 5528 est
1744 5490 1806 5530 ea
1828 5477 1943 5530 dis-

362 5542 747 5614 putatio,qu
778 5558 806 5594 a
837 5558 989 5614 num.
1030 5543 1092 5614 l'l
1118 5543 1183 5596 ad
1224 5542 1373 5614 lutue
1414 5560 1588 5614 usque
1619 5545 1941 5614 pertexitur,

366 5623 473 5681 non
520 5612 678 5663 video
726 5612 1181 5679 quemadmodum
1212 5611 1464 5681 Origenis
1501 5611 1732 5669 causam
1763 5615 1945 5670 defen-

366 5676 455 5728 dat
476 5716 491 5739 ,
519 5692 644 5732 cum
671 5676 789 5748 ejus
819 5681 1013 5751 dogma
1045 5676 1383 5740 validissime
1416 5685 1647 5754 refellat,
1674 5696 1728 5741 et
1758 5701 1943 5741 resur-

2053 3132 2160 3187 τῶν
2204 3131 2437 3205 Γραφῶν
2464 3134 2725 3202 πάρεστιν
2749 3129 2870 3193 ὅσα,
2901 3128 2989 3181 ἵνα
3018 3126 3093 3198 μὴ
3123 3126 3343 3181 πάντων
3363 3124 3501 3195 ἡμεῖς
3524 3118 3581 3178 εἰς

2053 3223 2256 3295 πλῆθος
2288 3221 2745 3295 μνημονεύοντες,
2773 3218 3176 3273 πολυπλασίονα
3199 3218 3307 3273 τῶν
3330 3210 3579 3286 εἰρημένων

2052 3314 2379 3387 αὐξήσωμεν
2404 3312 2582 3382 λόγον.

2484 3426 2710 3483 Λοιπὸν
2748 3426 3039 3482 Μεθοδίου
3073 3424 3214 3498 (42).

2122 3542 2212 3596 Μ’.
2258 3541 2348 3606 Ὠς
2382 3535 2476 3595 οὖν
2524 3541 2797 3595 ἐπαύσατο
2839 3539 2998 3610 μόγις
3038 3539 3132 3593 καὶ
3163 3540 3194 3592 ὁ
3245 3536 3480 3610 Πρόκλος,
3508 3529 3575 3583 καὶ

2053 3635 2180 3707 σιγὴ
2229 3634 2337 3689 τῶν
2390 3633 2674 3705 παρόντων
2718 3629 2785 3706 ἦν
2831 3633 2924 3686 ἐπὶ
2974 3630 3129 3698 πολὺ,
3184 3626 3574 3699 καταϐληθέντων

2052 3713 2253 3789 ίπανῶς
2282 3723 2419 3796 πρὸς
2443 3723 2718 3785 ἀπιστίαν,
2751 3723 2846 3777 καὶ
2872 3721 2984 3792 ἐγὼ
3002 3720 3273 3794 ᾐσθόμην,
3304 3720 3380 3773 ὅτι
3404 3714 3468 3785 τῷ
3490 3710 3573 3766 ὄντι

2052 3815 2403 3888 πεπαυμένος
2425 3814 2541 3884 εἵην
2570 3800 2634 3879 ίδ,
2658 3814 2840 3886 ἠρέμα
2875 3814 2975 3886 τὴν
3013 3811 3252 3885 κεφαλὴν
3284 3810 3470 3879 ἐπάρας
3504 3801 3571 3857 καὶ

2050 3907 2417 3971 ἀναπνεύσας,
2471 3905 2661 3979 ὥσπερ
2703 3907 2752 3959 οἱ
2802 3905 3056 3970 πλέοντες
3092 3904 3189 3958 τοῦ
3253 3903 3469 3975 κύματος
3498 3894 3568 3965 ἤδη

2042 4000 2359 4073 λωφῶντος,
2418 4000 2742 4073 ὑποτρέμων
2784 3999 2864 4054 ἔτι
2915 4000 3010 4054 καὶ
3054 3996 3421 4068 σκοτιζόμενος
3466 3987 3569 4061 (ἐϐε-

2051 4097 2266 4167 ϐλήμην
2294 4094 2424 4165 γὰρ,
2473 4092 2548 4158 ὼς
2600 4093 2737 4165 πρὸς
2783 4093 2928 4163 ὑμᾶς
2962 4091 3222 4163 εἰρήσθω,
3255 4091 3319 4160 τῇ
3360 4083 3565 4149 δεινότητι

2050 4184 2158 4239 τῶν
2191 4184 2364 4255 λόγων
2394 4182 2854 4255 κατηντλημένος)
2880 4198 2894 4212 ο
2925 4181 3199 4252 τρέπομαι
3234 4179 3360 4251 πρὸς
3395 4174 3470 4228 τὸν
3490 4168 3564 4223 Αὖ-

2051 4277 2275 4344 ξέντιον,
2319 4275 2415 4329 καὶ
2452 4273 2689 4338 καλέσας
2734 4273 2918 4338 αὐτὸν,
2954 4268 3026 4325 Ὦ
3075 4270 3346 4339 Αὺξέντιε,
3391 4260 3561 4335 νομίζων

2051 4370 2212 4442 ἔφην,
2247 4368 2322 4441 μὴ
2359 4369 2539 4441 μάτην
2561 4366 2810 4439 λελέχθαι
2834 4367 2895 4421 τὸ
2925 4364 3227 4438 ποιητικὸν,

2405 4568 2530 4622 Σύν
2550 4583 2614 4621 τε
2645 4563 2817 4620 δυοῖν
2839 4561 3185 4635 ἐρχομένων
3204 4562 3268 4614 ’⁸.

2053 4676 2164 4731 Καὶ
2202 4676 2311 4748 γὰρ
2346 4677 2398 4730 oi
2421 4675 2817 4746 ἀνταγωνισταὶ
2842 4674 2955 4730 δύο.
2986 4674 3079 4729 Διὸ
3105 4673 3285 4736 σθένος
3322 4664 3553 4739 ἀμφότεροί

2051 4766 2379 4839 ἀμφοτέρων
2406 4768 2695 4839 ἐπέχομεν.
2721 4767 3196 4836 Συναντιλήπτορα
3221 4763 3323 4833 γὰρ
3343 4758 3425 4813 καὶ

2053 4836 2359 4933 αγωνιστὴν
2387 4836 2650 4934 αἱροθμαί
2700 4876 2760 4914 σε
2779 4860 2881 4929 τῆς
2909 4846 3046 4929 πρὸς
3071 4858 3264 4921 αὐτοὺς
3299 4852 3467 4926 μάχης,
3499 4836 3550 4909 μὴ

1682 5014 1704 5044 ¹
1735 5014 1905 5136 Apoc.

1728 5085 1749 5116 ⁸
1802 5083 1946 5136 ‘ccli.

2060 5033 2074 5082 ὅ
2132 5012 2303 5071 lCor.
2342 5033 2432 5076 XV.
2458 5015 2549 5072 90.
2647 5014 2910 5071 ³1Τ1ιρε.
2938 5031 3011 5084 ιν,
3056 5014 3145 5069 13.
3220 5014 3239 5045 ⁸
3265 5010 3406 5066 Joan.
3432 4997 3544 5062 1.13.

2062 5126 2076 5136 .
2101 5080 2183 5136 13.
2259 5088 2281 5119 ⁹
2320 5085 2466 5136 Psal.
2493 5102 2736 5136 unum.
2771 5087 2958 5136 11-15.
3037 5085 3081 5118 ⁸⁸
3105 5084 3165 5136 F.
3202 5083 3304 5136 εἴη.
3361 5068 3539 5127 ¹¹11.Κι

1601 5082 1652 5137 5.
1728 5085 1749 5116 ο
1778 5068 1946 5141 Ecca.

2060 5068 2205 5151 ,le
2229 5068 2469 5143 ’δίδὲᾶιζ
2492 5068 2736 5154 ιξᾶιιχνιι,
2754 5068 3011 5142 liv-i757."
3037 5085 3081 5118 ιο
3104 5068 3165 5141 F.
3202 5083 3304 5153 εἴη.
3361 5078 3396 5109 ¹¹
3419 5072 3474 5127 ll.
3494 5068 3539 5121 Κ·

2044 5264 2346 5320 rectionem
2383 5279 2673 5335 corporum
2713 5263 2962 5335 aliirmet.
3009 5261 3115 5317 Sed
3148 5272 3318 5335 neque
3347 5241 3539 5335 lethﬂli

2044 5350 2392 5406 consequens
2422 5322 2683 5389 refutatio
2732 5333 2799 5388 ad
2846 5322 3249 5406 antecedentem
3273 5322 3430 5406 Procli

2046 5396 2264 5460 monent
2314 5406 2580 5476 pertinet;
2636 5415 2691 5459 et
2728 5400 3424 5476 Aglaophontisorationem

2048 5451 2264 5460 -··“··ν···
2315 5451 2580 5476 νν·-···ν-τ
2639 5451 2691 5486 ‘."
2728 5451 3122 5485 --υ·“νν··ν.-·“.-
3519 5476 3533 5485 .

2048 5477 2240 5537 vincit,
2274 5492 2395 5545 quae
2426 5476 2573 5548 nulla
2605 5476 2694 5529 hic
2719 5482 2921 5548 exstat.
2957 5474 3068 5548 Hic
3090 5481 3247 5544 igitur
3276 5451 3533 5548 Ιξειξςεοέέξ,

2049 5527 2657 5617 quaadvenissem:
2674 5527 2996 5617 avias.ng
3022 5527 3267 5617 plc‘Faqtle
3290 5527 3533 5617 isticltﬁtgt

2050 5594 2820 5681 ὲὶέιῗιὧῖιίιιῖἷεέἷῗρἶιὲεῗἐἷ
2833 5594 3121 5670 ﬁcit—1663'
3140 5594 3297 5667 vlibér
3339 5594 3532 5659 exstaret.

2053 5687 2295 5743 discerni
2344 5686 2735 5759 emcndarique
2764 5695 3005 5763 possent.
