3794 6140
253 303 386 359 H33

1628 11 2268 37 mm

858 358 869 367 κ
937 305 1305 362 Αυνειιευδ
1344 304 1682 364 HASRESES
1721 306 1813 362 ιιι

1949 344 1957 361 .
1997 303 2160 360 TOM.
2202 304 2240 359 ι.
2281 336 2350 346 -
2389 301 2662 357 ΗιλΕιιΕΞ.
2701 299 2885 356 LXIV.

3362 299 3502 355 1154

249 421 379 490 ἡμῖν
407 422 436 473 ὁ
469 419 780 490 Ἀγλαοφῶν
817 420 953 492 μετὰ
990 423 1233 495 Πρόκλου
1258 426 1350 479 καὶ
1375 426 1682 497 Ὢριγένους
1711 426 1813 489 τοῖς

1951 436 2102 476 orem
2127 422 2292 493 eligo,
2324 436 2393 476 ne
2417 420 2733 491 Aglaophon
2759 430 2883 470 eum
2916 413 3111 469 Proelo
3145 420 3200 469 et
3245 412 3500 485 Origene,

250 511 367 582 ἅμα
393 516 707 583 τρεπτικοῖς
732 514 749 545 ¹
794 514 915 568 καθ’
940 517 972 585 ἡ
983 514 1099 585 μῶν
1128 516 1472 588 ὡπλισμένος
1498 518 1677 587 λόγοις
1734 519 1827 572 ὲκ-

252 601 391 673 πέσῃ
420 603 441 632 ³
474 601 573 673 τὴν
618 603 932 658 ἀνάστασιν.
970 605 1104 672 Ἀγε
1141 600 1235 660 οὖν
1266 605 1831 678 ἀπιπαραταξιῦμεθα

250 694 361 755 τοῖς
388 691 715 761 σοφίσμασιν
746 692 947 759 αὐτῶν,
985 694 1151 764 μηδὲν
1194 694 1301 747 τῶν
1337 694 1713 764 ἀντιλογικῶν,
1749 689 1831 757 οἷς

249 780 413 833 δειλοὶ
451 766 753 850 βάλλονται,
786 782 1134 854 φοϐηθέντες.
1169 786 1280 839 Καὶ
1318 785 1427 857 γὰρ
1460 785 1610 840 οὐδὲν
1644 788 1702 839 ὲν
1733 786 1833 838 αὐ-

251 876 362 937 τοῖς
389 874 540 942 ὑγιὲς
564 874 684 928 οὐδὲ
716 876 930 944 πάγιον,
962 876 1097 930 ἀλλὰ
1138 877 1411 947 φαντασία
1443 877 1603 948 μόνον
1631 877 1832 948 εὐπρε-

253 962 360 1032 πὴς
394 962 653 1033 ῥημάτων
685 965 823 1034 πρὸς
855 964 1189 1035 κατάπληξιν
1218 964 1327 1020 τῶν
1381 963 1705 1027 ἀκουόντων,
1739 962 1832 1015 καὶ

253 1052 426 1106 πειθὼ
473 1055 981 1125 κατεσκευασμένη,
1028 1058 1090 1109 οὺ
1123 1057 1222 1127 τῆς
1272 1056 1531 1127 ἀληθείας
1572 1056 1694 1109 οὐδὲ
1735 1054 1829 1108 τοῦ

253 1143 625 1215 συμφέροντος
672 1144 851 1217 χάριν,
895 1146 1031 1199 ἀλλά
1075 1144 1169 1199 τοῦ
1217 1144 1385 1210 δεῖξαι
1436 1147 1547 1208 τοῖς
1595 1143 1831 1215 παροῦσι

252 1236 378 1299 τοὺς
414 1235 607 1303 λόγους
648 1236 864 1305 σοφούς.
906 1237 1183 1290 Ἐντεῦθεν
1217 1238 1347 1306 γοῦν
1382 1239 1496 1301 τοῖς
1535 1236 1749 1301 πολλοῖς
1782 1238 1831 1291 οἱ

253 1328 318 1380 ὲκ
341 1326 448 1380 τῶν
473 1327 698 1382 εἰκότων
736 1328 848 1382 ἔσθ’
880 1330 970 1382 ὅτε
1011 1330 1159 1398 λόγοι
1188 1331 1321 1401 πρὸς
1351 1330 1546 1394 κάλλος
1586 1331 1682 1383 καὶ
1709 1329 1832 1401 ἠδο-

251 1420 350 1490 νὴν
389 1419 798 1491 πεποικιλμένοι
830 1421 1029 1491 μᾶλλον
1055 1422 1165 1475 τῶν
1197 1425 1277 1486 εἰς
1317 1422 1606 1493 ἀκρίϐειαν
1641 1422 1833 1493 ἐξητα-

253 1511 466 1580 σμένων
517 1510 822 1582 νομίζονται
869 1513 1295 1585 σπουδαιότεροι,
1348 1515 1457 1568 τῶν
1499 1515 1832 1570 διδασκάλων

250 1602 375 1657 οὔτε
406 1604 541 1675 πρὸς
567 1605 628 1658 τὸ
656 1604 928 1675 βέλτιστον
949 1605 1341 1678 ἁμιλλωμένων
1378 1606 1457 1661 ἔτι
1490 1609 1584 1661 καὶ
1614 1610 1828 1680 σεμνὸν,

250 1695 386 1748 ἀλλά
418 1695 556 1765 πρὸς
591 1698 651 1748 τὸ
699 1694 892 1768 ἀρέσαι
940 1698 1034 1750 καὶ
1088 1698 1449 1769 εὐημερῆσαι,
1500 1698 1751 1771 καθάπερ
1780 1702 1830 1755 οί

254 1789 526 1857 σοφισταὶ,
555 1790 604 1842 οἳ
656 1789 846 1860 μισθὸν
881 1790 1160 1862 αἱροῦνται
1200 1792 1308 1845 τῶν
1335 1792 1530 1859 λόγων,
1572 1792 1833 1846 ὲπευωνι-
1866 1774 1909 1832 Β

251 1878 466 1948 ζόμενοι
513 1879 612 1949 τῆς
651 1879 843 1948 σοφίας
895 1879 1159 1943 ἐπαίνοις.
1196 1881 1269 1933 Τὸ
1314 1882 1412 1952 μὲν
1457 1878 1551 1936 οὖν
1608 1870 1832 1937 παλαιὸν

253 1968 427 2038 βραχὺ
452 1968 732 2033 παντελῶς
758 1969 818 2023 τὺ
846 1971 973 2041 περὶ
997 1970 1096 2042 τὴν
1122 1971 1378 2045 ἐξήγησιν
1402 1969 1492 2045 ἦν,
1522 1973 1834 2045 φιλοτιμου-

254 2060 432 2130 μένων
462 2060 536 2133 μὴ
566 2061 807 2133 τέρπειν,
840 2061 976 2116 ἀλλά
996 2063 1226 2132 ὠφελεῖν
1255 2066 1381 2128 τοὺς
1418 2066 1692 2137 παρόντας
1719 2066 1827 2119 τῶν

249 2155 394 2208 τότε.

1933 515 2075 584 aptis
2116 513 2182 567 ad
2221 502 2572 568 refellendum
2603 509 2906 565 rationibus
2949 508 3276 570 instructus,
3318 522 3504 563 resur-

1931 606 2232 661 rectionem
2283 612 2507 659 evertat.
2567 603 2735 674 Igitur
2783 600 3096 672 sophisticis
3150 599 3366 655 illorum
3410 615 3504 655 ca-

1932 696 2156 751 lumniis
2186 693 2549 751 resistendum
2584 693 2744 749 nobis
2794 702 2912 760 est,
2947 707 3124 762 neque
3156 692 3373 747 illorum
3410 706 3502 745 ra-

1931 787 2110 840 tiones
2132 785 2327 854 quibus
2343 784 2500 855 563
2522 784 2745 853 ignavos
2775 784 3039 854 impetunt
3068 784 3177 839 ullo
3202 783 3364 838 modo
3393 798 3506 838 me-

1934 877 2171 932 tuendm.
2198 876 2345 931 Nihil
2372 881 2517 932 enim
2541 878 2595 931 in
2625 877 2712 936 his
2741 891 2933 931 sanum
2963 884 3047 932 est
3076 885 3239 947 atque
3265 876 3504 939 firmum,

1932 970 2027 1025 sed
2058 972 2351 1024 verborum
2387 969 2650 1024 duntaxat
2677 976 2907 1025 ornatus
2946 969 3015 1023 ad
3058 982 3313 1039 pompam
3350 976 3406 1023 et
3438 965 3507 1020 ad

1933 1060 2269 1117 audientium
2321 1060 2741 1116 admirationem
2789 1061 3128 1125 instructus,
3162 1074 3229 1114 ac
3280 1073 3506 1131 persua-

1932 1154 2094 1210 dendi
2133 1154 2408 1225 quoddam
2467 1153 2798 1209 lenocinium
2843 1170 2954 1209 non
3003 1154 3283 1219 veritatis,
3331 1167 3509 1222 neque

1935 1247 2185 1302 utilitatis
2220 1247 2385 1302 ullius
2408 1288 2423 1313 ,
2464 1247 2558 1302 sed
2597 1247 2987 1303 ostentationis
3022 1261 3192 1302 causa
3223 1259 3509 1314 compara-

1930 1346 2073 1403 tum,
2112 1349 2172 1394 ut
2208 1339 2436 1394 callidos
2471 1354 2535 1394 ac
2569 1340 2798 1395 solerter
2834 1339 3173 1410 excogitatos
3231 1351 3511 1393 sermones

1934 1428 2276 1484 auditoribus
2331 1428 2643 1485 exhibeant.
2698 1429 2875 1500 Atque
2935 1428 3063 1483 hinc
3114 1442 3511 1497 nonnunquam

1935 1520 2138 1574 accidit
2171 1530 2229 1574 ut
2255 1536 2377 1591 qua:
2405 1535 2471 1575 ex
2498 1521 2891 1577 verisimilibus
2930 1520 3177 1576 deductae
3215 1528 3343 1576 sunt
3381 1534 3509 1574 ora-

1934 1614 2141 1677 tiones,
2176 1621 2232 1668 et
2274 1613 2339 1669 ad
2376 1614 2614 1685 speciem
2643 1628 2708 1669 ac
2746 1613 3076 1682 voluptatem
3107 1620 3349 1675 ornatae,
3390 1613 3512 1668 aliis

1936 1704 2345 1773 pnestantiores
2374 1704 2701 1768 videantur,
2755 1720 2876 1775 quae
2926 1704 2993 1758 ad
3042 1704 3511 1759 accuratissimam

1942 1796 2189 1851 veritatis
2240 1811 2488 1849 normam
2528 1802 2733 1850 exactre
2785 1807 2932 1850 sunt.
2985 1794 3061 1850 Ex
3096 1810 3206 1866 quo
3261 1794 3318 1849 fit
3352 1803 3411 1850 ut
3458 1802 3515 1850 et

1941 1887 2198 1942 doctores
2230 1903 2339 1942 non
2374 1887 2487 1957 jam
2514 1888 2592 1951 ei,
2622 1888 2766 1957 quod
2797 1888 3061 1957 Optimum
3092 1887 3162 1942 sit
3205 1886 3515 1957 gravitatis«

1941 1996 2049 2049 que
2077 1980 2294 2049 plenum
2316 2019 2330 2044 ,
2366 1980 2656 2042 studeant,
2689 1980 2781 2035 sed
2812 1980 2864 2034 id
2905 1978 3200 2042 duntaxat,
3232 1979 3376 2048 quod
3409 1980 3516 2048 pla-

1935 2079 2020 2125 cet
2075 2072 2329 2141 quodque
2358 2072 2602 2126 seeundo
2636 2072 2823 2127 favore
2857 2070 3049 2136 fertur,
3085 2070 3401 2141 respiciant,
3433 2070 3512 2123 uti

1939 2165 2198 2233 εορΙιὶεῑεε
2236 2165 2419 2219 facere
2453 2175 2887 2228 consueverunt,
2928 2164 3021 2234 qui
3056 2164 3363 2218 orationum
3396 2177 3516 2218 sua-

250 2263 374 2305 rum
410 2249 713 2305 mercedem
747 2250 1078 2320 accipientes
1112 2252 1376 2307 doctrinae
1427 2259 1481 2307 et
1512 2252 1866 2309 'eruditiunis
1918 2269 2035 2309 suae
2089 2255 2342 2311 laudibus
2400 2264 2657 2327 tanquam
2713 2254 2805 2309 vili
2860 2250 3097 2325 quodam
3153 2256 3324 2323 pretio
3373 2254 3513 2309 redi-

251 2350 495 2397 muntur.
529 2341 605 2395 Ac
631 2341 829 2413 priscis
854 2343 1072 2412 quidem
1105 2344 1444 2413 temporibus
1503 2360 1716 2399 summa
1767 2353 1888 2401 erat
1935 2347 1987 2400 in
2022 2348 2345 2413 explicando
2382 2349 2625 2404 brevitas
2646 2388 2659 2411 ,
2693 2361 2817 2402 cum
2868 2346 2923 2399 in
2966 2345 3019 2400 id
3053 2344 3130 2399 illi
3164 2347 3508 2416 potissimum

251 2442 656 2506 incumberent;
685 2457 792 2496 non
827 2450 884 2496 ut
906 2443 1268 2507 oblectarent,
1303 2442 1396 2497 sed
1425 2454 1483 2497 ut
1512 2444 1836 2513 prodessent
1876 2445 2238 2500 auditoribus.

336 2535 453 2603 ’Λφ’
483 2529 542 2589 οὗ
572 2534 627 2587 δὲ
673 2535 857 2588 λοιπὸν
886 2537 966 2599 είς
1012 2536 1294 2608 ῥᾳστώνην
1337 2537 1620 2610 ἐπετράπη
1669 2540 1833 2593 πᾶσιν

252 2624 577 2697 ἑρμηνεύειν
618 2624 815 2692 ἐξεῖναι
857 2626 957 2689 τὰς
1007 2625 1250 2695 Γραφὰς,
1286 2628 1380 2680 καλ⁵
1425 2629 1624 2692 πάντες
1658 2631 1739 2693 είς
1776 2628 1836 2682 τὸ

251 2720 477 2790 ποιῆσαι
501 2718 598 2788 μὲν
621 2717 681 2771 τὸ
700 2718 864 2771 καλὸν
897 2718 1277 2790 ἠμϐλύνθησαν
1296 2719 1624 2791 πλησθέντες
1648 2722 1838 2792 οἰήμα-

252 2826 345 2872 τος
369 2826 382 2840 ο
421 2809 548 2879 περὶ
583 2809 643 2861 τὸ
672 2808 1049 2878 λογικεύεσθαι
1083 2809 1141 2862 δὲ
1167 2809 1478 2881 προέκοψαν
1501 2810 1836 2874 καλλωπιζόο

255 2916 429 2969 μενοι,
463 2899 540 2963 ὡς
571 2900 748 2952 πάντα
777 2899 1066 2967 γινώσκειν
1110 2901 1445 2972 ὑπάρχοντες
1473 2900 1656 2965 δεινοὶ,
1694 2900 1838 2955 διδά-

254 2992 480 3046 σκεσθαι
522 2992 617 3062 μὲν
641 2991 919 3062 ὁμολογεῖν
956 2992 1178 3064 χρῄζειν
1214 2993 1571 3058 αἰδεσθέντες,
1604 2995 1837 3065 φιλονει-

252 3086 371 3138 κεῖν
417 3083 473 3135 δὲ
516 3059 713 3154 μᾶλλον
775 3084 870 3136 καὶ
916 3059 1220 3155 προπηδᾷν,
1271 3084 1346 3148 ὡς
1400 3087 1449 3138 οἱ
1494 3059 1834 3139 διδάσκαλοι·
1866 3059 1908 3116 C

252 3174 649 3245 θρασυνθέντες
686 3174 818 3243 γοῦν
861 3174 1255 3240 ἐντεῦθεν,ιτοῦ
1300 3176 1395 3246 μὲν
1444 3175 1707 3240 εὐλαόοὖς
1744 3176 1840 3230 καὶ

252 3269 455 3339 πράου,
487 3269 581 3322 καὶ
603 3269 777 3322 πάντα
803 3266 1059 3320 δύνασθαι
1089 3269 1264 3321 ποιεῖν
1290 3267 1380 3320 τὸν
1405 3266 1536 3321 Θεὸν
1568 3263 1642 3322 ὧν
1667 3269 1840 3339 ὲπηγ-

252 3358 493 3425 γείλατο,
536 3359 597 3411 τὸ
622 3359 644 3389 ³
677 3358 951 3413 πιστεύειν
991 3357 1332 3428 ὠλίσθησαν·
1362 3361 1443 3423 είς
1480 3359 1537 3413 δὲ
1583 3360 1839 3431 ζητήσεις

249 3451 420 3516 κενάς
446 3452 540 3506 καὶ
587 3451 935 3522 βλασφημίας
981 3451 1170 3521 ἥκασι,
1212 3450 1288 3522 μὴ
1316 3452 1630 3522 νοήσαντες,
1660 3450 1736 3513 ώς
1777 3451 1838 3502 οὐ

250 3541 322 3615 τὰ
352 3542 491 3614 ἔργα
519 3542 627 3596 τῶν
653 3542 826 3610 λόγων
860 3541 1192 3614 ἐπετηδεύθη
1223 3544 1403 3613 χάριν,
1438 3542 1573 3597 ἀλλὰ
1601 3542 1711 3595 τῶν
1745 3542 1836 3616 ἔρ-

249 3650 367 3700 γων
398 3637 448 3688 οί
479 3635 655 3704 λόγοι·
705 3634 892 3706 ὥσπερ
924 3634 1191 3705 ἰατρικῆς,
1225 3635 1291 3688 δι’
1331 3629 1408 3689 ὧν
1444 3636 1569 3699 τοὺς
1605 3635 1839 3705 κάμνον·

249 3741 354 3787 τας
377 3726 460 3779 δεῖ
488 3724 774 3789 σώζεσθαι,
809 3724 916 3777 τῶν
947 3724 1120 3793 λόγων
1146 3724 1328 3795 ἔργοις
1371 3724 1745 3795 κυρουμένωψ
1772 3724 1839 3776 ἶν’

251 3818 619 3891 ἡρμοσμένων
658 3816 817 3889 ἡμῶν
850 3819 1027 3872 πάντα
1061 3818 1388 3888 συμφώνως,
1416 3818 1445 3870 ὁ
1474 3816 1599 3878 νοῦς
1624 3814 1710 3887 εἴη
1729 3818 1840 3880 τοῖς

248 3909 503 3981 ἀρίστοις
533 3910 711 3979 λόγοις
735 3912 803 3963 τὰ
833 3909 937 3982 ἤθη
970 3913 1036 3983 τῇ
1072 3909 1292 3982 γλώσσῃ
1320 3908 1529 3979 συνῳδὰ
1559 3908 1836 3981 παρέχων,

246 4000 413 4073 δίκην
445 4003 637 4074 λύρας,
684 4002 818 4055 ἀλλά
851 4002 924 4074 μὴ
955 4003 1169 4073 ἄμουσα
1218 4002 1313 4055 καὶ
1352 4000 1676 4071 ἀσύμφωνα.
1716 4001 1840 4053 Ἐπὶ

246 4093 363 4162 γὰρ
389 4094 474 4167 τῷ
505 4094 810 4166 κτήσασθαι
837 4094 979 4149 κατά
1008 4094 1265 4166 ἀλήθειαν
1293 4092 1655 4162 ἀγωνίζεσθαι
1678 4093 1839 4147 δεῖτὸ

244 4183 465 4242 δίκαιον
499 4189 707 4250 ἀσκεῖν,
755 4188 850 4241 καὶ
900 4188 1000 4241 οὐκ
1049 4188 1142 4239 ἐπὶ
1170 4187 1247 4258 τῷ
1285 4185 1481 4248 δοκεῖν,
1512 4185 1702 4256 χωλῶς
1729 4187 1840 4239 ἐπι-

243 4273 512 4332 ϐαίνοντα
550 4278 762 4348 σοφίας,
786 4278 879 4331 καὶ
911 4277 1047 4349 πρὸς
1067 4277 1224 4344 δόξαν
1257 4275 1455 4347 μᾶλλον
1488 4275 1519 4347 ἢ
1544 4276 1678 4348 πρὸς
1703 4275 1839 4347 ἀλή-

243 4365 402 4424 θειαν
444 4370 823 4442 ἁμιλλώμενον
867 4370 1136 4442 πρόθυρα,
1183 4370 1278 4423 καὶ
1319 4370 1705 4442 προσχήματα,
1743 4369 1839 4422 καὶ

245 4462 432 4517 πᾶσαν
464 4463 872 4535 ὐποδυσάμενον
906 4463 1006 4534 τῆς
1034 4461 1376 4535 ὑποκρίσεως
1407 4462 1505 4534 τὴν
1534 4462 1755 4533 σκευήν.

2012 2537 2372 2608 Posteaquam
2429 2552 2559 2593 vero
2597 2538 3065 2609 explanandarum
3101 2537 3509 2609 Scripturarum

1936 2630 2090 2685 nullo
2126 2629 2324 2699 cuique
2351 2628 2567 2699 negotio
2600 2626 2831 2684 facultas
2863 2622 2945 2685 cst
2983 2645 3264 2697 concessa,
3305 2632 3521 2684 univcr-

1942 2722 2099 2792 sique
2151 2721 2293 2776 fastu
2347 2736 2411 2775 ac
2457 2720 2541 2775 sui
2600 2722 2857 2791 opinione
2908 2722 3078 2777 inﬂati
3125 2722 3192 2777 ad
3228 2723 3326 2788 id,
3365 2723 3514 2794 quod

1940 2821 2149 2868 rectum
2215 2819 2346 2876 est,
2411 2812 2592 2867 obtusi
2654 2822 2817 2884 atque
2871 2814 3091 2869 hebetes
3155 2813 3281 2869 facti
3346 2824 3511 2876 sunt,

1941 2918 2167 2973 magnos
2195 2918 2327 2958 vero
2368 2903 2420 2958 in
2454 2903 2818 2957 ratiocinandi
2857 2905 3157 2960 subtilitate
3194 2920 3514 2975 progressus
3608 2944 3611 2945 ν

1942 2994 2230 3074 fecerunt,
2266 3009 2330 3049 ac
2383 2993 2568 3049 fucum
2607 2996 2661 3050 in
2711 2995 2943 3051 dicendo
2996 2998 3294 3053 consectati
3346 3007 3513 3061 sunt,

1942 3087 2167 3156 perinde
2198 3101 2260 3141 ac
2290 3101 2471 3141 rerum
2498 3086 2742 3141 omnium
2775 3088 3002 3149 scientia
3035 3090 3276 3159 prazditi:
3307 3104 3429 3143 cum
3462 3098 3516 3144 et

1942 3174 2128 3230 doceri
2169 3190 2229 3231 se
2274 3191 2413 3246 opus
2466 3174 2667 3231 habere
2714 3177 2959 3232 confiteri
2993 3178 3421 3244 erubescerent,
3463 3189 3517 3235 et

1943 3268 2285 3323 contentiose
2306 3266 2515 3337 jurgari
2542 3282 2606 3322 ac
2635 3269 2887 3339 prosilire
2917 3278 3314 3340 praceptorum
3344 3270 3517 3326 instar

1941 3361 2199 3425 mallent;
2247 3369 2360 3415 tum
2400 3360 2617 3415 demum
2646 3361 2881 3423 accidit,
2926 3372 2985 3417 nt
3021 3364 3327 3419 temeritate
3380 3380 3516 3434 qua-

1944 3451 2067 3506 dam
2092 3451 2219 3505 elati
2246 3450 2314 3505 ab
2340 3452 2594 3522 religiosa
2624 3462 3018 3524 mansuctaque
3044 3454 3210 3508 animi
3235 3453 3518 3511 affectione

1945 3557 2009 3597 ac
2036 3542 2359 3599 credulitate
2396 3543 2487 3598 illa
2525 3543 2934 3611 desciscerent,
2989 3560 3096 3617 qua
3142 3544 3309 3603 Deum
3358 3563 3519 3618 posse

1944 3633 2209 3703 quidquid
2276 3636 2592 3704 promiserit
2644 3636 2853 3703 cllicere
2916 3638 3019 3693 sibi
3086 3638 3515 3707 persuaderent,

1942 3736 2137 3779 contra
2164 3742 2296 3780 vero
2335 3725 2402 3779 ad
2439 3727 2631 3781 inanes
2681 3728 3011 3797 quaestiones
3059 3742 3122 3781 ac
3149 3727 3516 3797 blasphemias

1941 3816 2135 3871 deduci
2167 3832 2227 3873 se
2265 3825 2601 3887 paterentur,
2643 3834 2711 3872 ne
2742 3817 2873 3872 illud
2912 3817 3128 3888 quidem
3171 3812 3515 3873 animadver-

1943 3916 2121 3963 tentes
2173 3923 2280 3963 non
2316 3923 2479 3978 opera
2525 3911 2643 3979 ipsa
2693 3923 3051 3975 sermonum,
3092 3908 3188 3964 sed
3234 3923 3515 3965 sermones

1940 4016 2166 4072 operum
2200 4001 2372 4073 gratia
2414 4003 2720 4073 comparari
2750 4043 2764 4065 ,
2806 4009 2864 4056 ut
2896 4002 2949 4056 in
2985 4001 3256 4057 medicina
3288 4018 3389 4058 usu
3425 4018 3518 4057 ve-

1943 4095 2061 4148 nire
2110 4093 2420 4157 cernimus,
2456 4092 2511 4148 in
2558 4108 2666 4164 qua
2716 4093 2974 4148 nimirum
3034 4109 3317 4150 sermones
3362 4093 3519 4149 factis

1941 4187 2049 4241 illis
2098 4186 2555 4256 comprobantur,
2586 4185 2788 4257 quibus
2836 4192 3101 4256 aegrotum
3136 4187 3517 4257 repraesentari

1942 4286 2195 4333 sanatum
2234 4284 2469 4347 oportet.
2516 4278 2635 4346 Quo
2665 4276 2918 4332 videlicet
2950 4277 3238 4347 aptissimo
3281 4277 3517 4346 quodam

1940 4373 2210 4422 concentu
2247 4370 2565 4438 temperati,
2600 4366 2868 4438 ejusmodi
2913 4374 3148 4421 mentem
3202 4366 3519 4432 habeamus,

1877 4443 1920 4497 ί)
1946 4474 2066 4529 qua:
2100 4459 2569 4529 praestantissimis
2598 4458 2943 4513 sermonibus
2972 4463 3369 4510 consentaneos
3408 4470 3521 4509 mo-

244 4566 338 4606 res
370 4570 490 4624 pra:
520 4571 579 4612 se
610 4555 783 4620 ferat,
823 4555 953 4627 lyrae
995 4553 1281 4625 cujusdam
1333 4554 1531 4619 instar,
1595 4568 1703 4608 non
1766 4553 2130 4607 abhorrentes
2175 4559 2339 4622 atque
2383 4550 2688 4606 discordes.
2729 4549 2940 4620 Qu'ppe
2992 4550 3057 4604 ad
3109 4550 3160 4604 id
3188 4591 3202 4616 ,
3248 4561 3304 4603 ut
3332 4564 3520 4604 revera

246 4658 543 4718 compotes
594 4651 800 4716 simus,
831 4667 940 4706 non
982 4659 1042 4704 ut
1074 4665 1197 4706 esse
1234 4650 1538 4715 videamur,
1589 4652 1739 4704 omni
1769 4658 1857 4705 est
1901 4651 2063 4705 nobis
2127 4648 2292 4702 animi
2348 4649 2699 4702 contentione
2757 4646 2985 4701 colenda
3025 4646 3275 4716 justitia,
3306 4652 3364 4699 ut
3411 4660 3519 4701 non

246 4742 424 4798 veluti
454 4746 817 4801 claudicando
850 4747 1134 4818 sapientia:
1168 4747 1409 4803 studium
1444 4762 1821 4816 capessamus,
1873 4763 2052 4817 neque
2090 4745 2156 4799 ad
2184 4746 2411 4816 gloriam
2444 4744 2643 4815 magis,
2671 4759 2833 4813 quam
2870 4742 2936 4797 ad
2998 4743 3279 4798 veritatem
3346 4743 3523 4796 enita-

246 4848 399 4902 mur,
451 4848 548 4895 aut
589 4841 669 4896 sic
719 4849 980 4913 tanquam
1031 4844 1287 4898 eximiam
1318 4843 1611 4913 quamdam
1648 4841 1845 4899 faciem
1895 4851 1949 4898 et
1987 4843 2206 4897 inanem
2261 4841 2498 4911 speciem
2538 4838 2909 4903 obducamus,
2960 4820 3289 4908 omn'emque
3350 4838 3522 4892 simu-

247 4924 480 4985 lationis
512 4938 766 4985 ornatum
799 4941 1229 5004 apparatumque
1259 4935 1573 4991 subeamus.

321 5022 467 5080 MA'.
508 5025 627 5078 Εἰσὶ
658 5024 788 5097 γὰρ,
811 5028 948 5080 εἰσιν
978 5028 1027 5080 οἳ
1059 5027 1231 5097 λόγων
1263 5026 1542 5099 τραγικῶς
1571 5044 1840 5098 κεκοσμη-

252 5111 436 5179 μένων
455 5117 777 5188 προσόολαῖς
792 5117 831 5181 ³,
848 5118 1097 5191 καθάπερ
1112 5122 1364 5189 γυναῖκες
1385 5122 1440 5174 αἱ
1461 5120 1658 5187 ἔξωθεν
1676 5121 1841 5193 ὠραϊ-

250 5200 485 5273 ξὸμεναι
518 5212 657 5283 πρὸς
686 5211 902 5282 ἀπάτην
927 5212 1206 5282 ἐντέχνως,
1239 5213 1333 5266 ἐὰν
1377 5214 1451 5284 μή
1488 5231 1571 5277 τις
1598 5211 1839 5281 πεφυλα-

248 5295 473 5363 γμένως
506 5304 697 5366 αὐταῖς
723 5303 827 5357 τῶν
849 5303 927 5356 ἔτι
948 5304 1224 5375 νεωτέρων
1240 5304 1555 5377 «pacatam
1576 5308 1640 5375 τῇ
1659 5303 1838 5357 πίστει

251 5386 346 5438 καὶ
390 5395 694 5460 νηπτικῶς.
730 5394 890 5447 Ὅθεν
933 5394 1276 5465 εὐλαϐητέον,
1314 5395 1419 5467 πρὸ
1465 5395 1560 5450 τοῦ
1593 5411 1840 5465 καταμα-

249 5471 365 5528 θεῖν
399 5483 685 5553 ἁσφαλῶς,
718 5489 794 5551 εἰς
822 5489 918 5559 τὴν
933 5487 1156 5558 καρδίαν
1185 5487 1525 5554 εἰσδέξασθαι
1554 5488 1645 5541 τὸν
1666 5484 1841 5540 τοιοῦ-

249 5580 343 5619 τον
382 5570 567 5642 λόγον.
597 5580 708 5634 Καὶ
735 5579 841 5651 γὰρ
879 5578 1167 5647 φθάνουσιν
1209 5581 1257 5631 oi
1300 5578 1675 5645 ἐξαπατῶντες
1709 5578 1839 5630 πολ-

2021 5021 2181 5095 564
2209 5020 2345 5075 XLI.
2375 5020 2514 5076 Sunt
2542 5021 2686 5077 enim
2714 5017 2980 5089 profecto,
3012 5025 3157 5083 sunt,
3191 5018 3283 5088 qui
3313 5022 3521 5076 oratio-

1934 5116 2035 5171 nis
2074 5115 2331 5185 tragicam
2368 5112 2437 5167 ad
2486 5126 2736 5181 pompam
2789 5117 3063 5165 exornatae
3115 5110 3347 5165 artiﬁcio
3399 5128 3521 5167 sese

1946 5206 2254 5271 venditant,
2282 5204 2358 5259 uti
2400 5203 2654 5257 mulieres
2688 5199 2865 5255 facere
2896 5201 3104 5265 solent;
3130 5215 3271 5271 qum,
3322 5200 3387 5255 ad
3425 5202 3522 5255 illi-

1945 5298 2200 5354 ciendum
2251 5312 2316 5351 ac
2361 5295 2771 5366 decipiendum,
2801 5303 3086 5349 externum
3126 5294 3372 5364 corporis
3405 5295 3520 5348 cul-

1945 5399 2060 5446 tum
2115 5406 2178 5446 ac
2233 5389 2563 5446 lenocinium
2614 5388 2909 5453 adhibent,
2967 5387 3073 5441 nisi
3126 5402 3339 5445 summa
3395 5401 3519 5441 cum

1947 5485 2115 5539 animi
2148 5484 2435 5547 cautione,
2468 5467 2570 5538 fide
2623 5497 2686 5537 ac
2739 5481 3034 5537 sobrietate
3074 5482 3268 5535 muniti
3296 5481 3362 5535 ad
3396 5480 3519 5533 illas

1949 5577 2327 5632 adolescentes
2372 5576 2561 5631 oculos
2602 5575 2879 5646 adjiciam.
2922 5573 3192 5639 Quocirca
3230 5572 3519 5644 diligenter

325 5724 342 5755 ¹
375 5724 439 5784 F.
472 5733 913 5809 ἀνατρεπτικοὶς.
1006 5738 1025 5769 ²
1056 5737 1325 5810 Corrttpta
1357 5753 1457 5793 vox
1488 5743 1594 5794 est.
1682 5736 1701 5769 ³
1725 5704 1813 5790 [τί

2003 5734 2024 5765 ⁸
2065 5733 2125 5788 F.
2164 5733 2475 5806 προϐολαῖς.
