3794 6134
368 249 395 300 1
416 240 512 300 155

1762 237 1819 294 S.
1861 234 2225 294 EPIPHANII.

3482 227 3583 284 “56

372 353 674 411 cavendum
707 359 793 409 est
817 392 832 417 ,
868 367 971 417 ne,
1001 356 1291 422 antequam
1322 358 1495 407 totam
1530 365 1644 406 rem
1693 357 1944 406 accurate

2053 349 2205 414 λάκις
2228 347 2357 413 τοὺς
2379 346 2729 410 διδάσκοντας
2745 360 2758 376 ⁸
2782 344 3035 418 καθάπερ
3058 344 3151 398 καὶ
3164 342 3477 417 αίΣειρῆνες
3494 348 3587 410 τοὺς

374 446 783 516 perceperimus
806 485 826 510 ,
856 444 1125 515 ejusmodi
1174 458 1456 500 sermones
1506 443 1574 498 ad
1605 443 1818 499 animos
1850 458 1950 498 no—

374 542 522 590 stros
557 534 930 591 adhaerescere
968 534 1263 604 patiamur.
1322 531 1477 602 Smpe
1527 533 1671 587 enim
1722 532 1945 597 accidit,

375 636 435 680 ut
463 626 784 695 deceptores
834 626 1122 680 doctorum
1173 639 1396 694 cperam
1436 630 1804 688 antevertant,
1838 639 1949 678 non

375 719 532 773 aliter
570 732 634 771 ac
658 715 879 771 Sirenes
913 716 1291 771 crudelitatem
1322 730 1477 771 suam
1512 723 1566 771 et
1617 714 1671 768 in
1703 715 1951 771 homines

375 807 560 861 odium
600 808 699 873 iis,
730 807 822 876 qui
862 821 985 861 sese
1011 805 1261 877 fugiunt,
1293 808 1561 861 suavitate
1588 805 1737 861 vocis
1772 805 1951 860 occul-

375 906 512 953 tant.
540 898 697 965 Quod
728 899 832 953 nisi
872 899 947 951 ita
971 906 1077 960 est.
1121 898 1362 973 inquam,
1391 895 1647 960 Auxenti,
1694 912 1816 967 qua:
1854 906 1949 951 tua

373 1000 460 1047 est
488 992 556 1047 de
589 1006 653 1046 ea
691 1007 750 1046 re
784 991 1088 1046 sententia?
1117 989 1317 1045 Eadem
1346 1004 1468 1060 qua:
1497 996 1611 1050 tua.
1643 988 1948 1060 respondit.

368 1083 611 1139 Proinde
662 1083 955 1137 contrariae
1002 1082 1275 1151 opinionis
1318 1081 1595 1151 sophistas
1631 1096 1824 1137 omnes
1877 1082 1953 1137 si-

378 1178 752 1231 mulacrorum
801 1175 1045 1231 veritatis
1091 1175 1393 1230 imitatores
1423 1190 1548 1230 esse
1585 1174 1857 1242 dicimus,
1888 1190 1953 1230 ac

378 1269 624 1324 veritatis
677 1268 849 1338 ipsius
892 1268 1132 1338 ignaros,
1185 1266 1493 1337 cujusmodi
1524 1274 1653 1322 sunt
1690 1267 1950 1337 pictores.

379 1359 513 1414 Nam
542 1368 596 1416 et
623 1361 711 1416 isti
743 1361 962 1415 navium
995 1358 1327 1414 architectos
1347 1400 1362 1425 ,
1392 1366 1447 1414 et
1489 1372 1654 1413 naves
1687 1359 1837 1428 ipsas
1888 1372 1953 1412 ae

378 1452 772 1519 gubernatores
829 1450 1135 1522 exprimere
1191 1449 1458 1505 imitando
1508 1449 1728 1506 student
1756 1491 1772 1517 ,
1828 1464 1955 1506 cum

373 1539 817 1596 fabricandarum
882 1541 1109 1595 navium
1168 1539 1620 1611 gubernandique
1684 1539 1795 1593 sint
1852 1538 1955 1593 im-

2054 440 2356 511 φεύγοντας
2390 438 2560 504 αὑτὰς
2591 438 2895 510 κρύπτουσι
2928 437 3198 510 μακρόθεν
3224 437 3291 491 τὸ
3331 437 3591 511 μισάνθρω-

2054 548 2155 585 πον
2195 533 2262 602 τῇ
2287 531 2642 601 καλλιφωνία.
2677 531 2750 584 Ἢ
2781 528 2921 593 πῶς,
2948 522 2995 582 ῶ
3020 528 3298 595 Αύξέντιε,
3333 528 3459 599 ἐφην
3490 528 3588 597 ἐγὼ,

2054 623 2137 677 σοὶ
2158 625 2174 654 ί
2195 623 2368 677 ταῦτα
2396 622 2673 688 τίθεσθαι;
2699 623 2809 676 Καὶ
2831 622 2891 686 ὃς
2909 620 3241 691 ἀπεκρίνατο
3256 639 3270 650 ·
3296 620 3473 684 Οὕτως
3494 620 3590 674 καθ·

2056 715 2200 787 άπερ
2237 716 2332 769 καὶ
2374 715 2459 769 σύ.
2494 712 2704 768 Οὐκοῦν
2750 713 2969 777 πάντως
2993 713 3101 767 τῶν
3139 710 3457 784 ἑτεροδόξων
3497 713 3592 775 τοὺς

2053 808 2314 878 σοφιστὰς
2363 808 2608 880 μιμητὰς
2639 805 2874 860 είδώλων
2909 804 3167 877 ἀληθείας
3213 800 3355 858 εἶναι
3385 804 3592 874 λέγομεν,

2052 898 2307 970 ἀλήθειαν
2340 899 2414 971 μὴ
2445 898 2834 968 γινώσκοντας,
2877 897 3123 967 καθάπερ
3148 895 3484 967 ζωγράφους.
3510 896 3595 949 Καὶ

2052 992 2158 1063 γὰρ
2191 983 2340 1044 οὗτοι
2376 989 2658 1062 μιμεῖσθαι
2696 989 2797 1059 μὲν
2829 988 3163 1059 ναυπηγοὺς,
3208 989 3307 1041 καὶ⁵
3335 988 3504 1051 πλοῖα,
3525 987 3595 1039 καὶ

2054 1083 2390 1155 κυϐερνήτας
2439 1080 2814 1153 ἐπιχειροῦσι,
2870 1082 3170 1151 ναυπηγεῖν
3225 1079 3323 1133 καὶ
3372 1078 3596 1151 κυϐερνᾷν

2056 1174 2133 1244 μὴ
2172 1172 2550 1242 γινώσκοντες.
2585 1170 3158 1236 Οὐκοῦν’ἀποξέοντες
3192 1170 3372 1235 θέλεις
3402 1171 3467 1223 τὰ
3487 1169 3596 1241 χρώ-

2057 1282 2200 1336 ματα
2228 1264 2505 1336 πείθωμεν
2535 1263 2717 1317 αὐτῶν
2744 1263 2813 1317 τά
2856 1260 3206 1335 θαυμάζοντα
3244 1262 3349 1326 τὰς
3386 1263 3597 1325 τοιαύτας

2053 1356 2270 1428 γραφὰς
2294 1355 2503 1418 παιδία,
2542 1356 2625 1409 ὃτι
2655 1354 2781 1408 οὔτε
2807 1354 2868 1408 τὸ
2898 1354 3081 1408 πλοῖον
3106 1353 3295 1407 πλοῖόν
3325 1354 3484 1415 ἐστιν,
3504 1350 3597 1404 οὔτε

2052 1450 2082 1502 ὁ
2110 1448 2448 1521 κυϐερνήτης
2478 1446 2841 1519 κυϐερνήτης,
2876 1447 3012 1501 ἀλλὰ
3049 1450 3226 1518 τοῖχος
3262 1445 3457 1511 ἔξωθεν
3485 1443 3592 1515 πρὸς

2054 1538 2244 1609 τέρψιν
2281 1537 2538 1609 χρώμασι
2564 1539 2660 1592 καὶ
2685 1541 2925 1611 γραφαῖς
2953 1537 3404 1608 κεκοσμημένος;
3428 1536 3524 1589 Καὶ
3536 1536 3597 1587 ὅτι

377 1628 554 1700 periti.
611 1628 778 1686 Visne
825 1629 1027 1701 igitur,
1070 1635 1129 1683 ut
1172 1628 1386 1684 abrasis
1433 1628 1712 1684 coloribus
1767 1629 1944 1698 pueris

2061 1628 2295 1699 μιμηταὶ
2341 1627 2440 1695 μὲν
2470 1625 2691 1681 εἰδώλου
2720 1627 2909 1681 πλοίου
2953 1626 3048 1681 καὶ
3090 1626 3430 1698 κυϐερνήτου
3464 1626 3508 1678 σί
3530 1623 3598 1692 δην

370 1722 713 1789 picturarum
746 1720 962 1775 illarum
998 1719 1366 1774 admiratione
1397 1718 1589 1775 deﬁxis
1622 1718 1944 1789 persuadeat

2063 1719 2497 1792 μιουργήσαντές
2525 1720 2664 1772 εἰσιν
2703 1719 2812 1773 ἀπὸ
2839 1718 2948 1773 τῶν
2975 1718 3285 1791 χρωμάτων
3323 1716 3501 1780 ταῦτα,
3528 1715 3597 1769 καὶ

378 1828 503 1869 mus
523 1854 537 1877 ,
580 1828 756 1883 neque
788 1827 979 1866 navem
1001 1826 1142 1867 esse
1181 1826 1304 1881 quae
1331 1811 1488 1867 navis
1517 1811 1750 1877 videtur,
1785 1826 1944 1881 nequt

2055 1813 2116 1867 ού
2144 1811 2351 1875 πλοίου,
2387 1809 2595 1881 μακρὸν
2616 1809 2677 1863 τὸ
2708 1810 2941 1864 ἀκοῦσαι
2971 1808 3226 1864 ποθοῦντι
3246 1809 3311 1863 τὸ
3339 1808 3593 1880 προοίμιον,

375 1903 796 1971 gubernatorem
834 1904 928 1973 qui
984 1902 1318 1973 gubernator
1372 1910 1667 1973 appareat,
1717 1902 1813 1958 sed
1864 1916 1944 1973 pa-

2055 1903 2193 1959 ἀλλὰ
2241 1902 2540 1973 ὠφέλιμον,
2589 1900 2748 1973 ἔφην,
2790 1895 2836 1954 ὦ
2865 1901 3073 1974 ἄριστε.
3106 1902 3188 1956 Τὰ
3234 1900 3346 1972 γάρ
3395 1897 3596 1954 ἀπὺτῶν

377 1995 567 2050 ι·ἱεῑεηι
594 2010 717 2051 esse
743 1995 972 2066 picturis
995 2009 1061 2050 ac
1082 1993 1361 2049 coloribus
1394 1993 1739 2049 extrinsecus
1771 1993 1838 2048 ad
1863 2009 1944 2049 vo-

2057 1992 2431 2047 θεοπνεύστων
2469 1992 2699 2064 Γραφῶν
2729 1994 2971 2064 ῥήματα,
3000 1988 3083 2058 οἷς
3108 1990 3597 2064 ὲπιχρωματίζοντες

379 2083 644 2153 luptatem
675 2082 974 2138 ornatum?
1005 2081 1163 2148 Quod
1196 2089 1376 2137 autem
1403 2120 1419 2147 ,
1464 2082 1672 2152 optime
1700 2082 1816 2146 vir,
1874 2084 1959 2136 in-

376 2188 540 2242 quam
564 2213 581 2239 ,
611 2172 893 2229 simulacri
931 2172 1194 2227 duntaxat
1236 2171 1394 2226 navis
1439 2185 1503 2227 ac
1551 2172 1956 2242 gubernatoris,

377 2281 485 2320 non
539 2265 695 2319 navis
735 2264 911 2335 ipsius
967 2264 1272 2320 imitatores
1329 2263 1475 2330 sint,
1534 2265 1628 2334 qui
1681 2264 1956 2334 ejusmodi

375 2369 541 2425 opera
570 2354 813 2410 colorum
845 2353 1104 2409 varietate
1142 2353 1435 2419 ﬁnxerunt,
1473 2352 1693 2424 longum
1720 2360 1805 2408 est
1831 2354 1953 2425 qui-

375 2447 498 2503 dem
528 2447 598 2502 iis
636 2446 729 2516 qui
778 2446 969 2519 audire
1001 2445 1228 2515 cupiunt
1260 2443 1579 2508 exordium,
1625 2444 1720 2500 sed
1768 2452 1952 2500 tamen

376 2538 529 2595 utile.
582 2537 794 2592 Etenim
847 2538 894 2593 si
944 2535 1249 2590 divinarum
1286 2537 1690 2615 Scripturarum
1747 2535 1952 2601 verba,

2062 2084 2426 2138 ποικίλλουσιν
2462 2085 2672 2140 ἑαυτῶν
2705 2084 2843 2157 πρὸς
2888 2086 3115 2156 ἀπάτην
3139 2078 3291 2138 οὗτοι
3332 2083 3429 2155 τὴν
3457 2081 3594 2147 δόξαν.

2052 2177 2400 2249 δικαιοσύνην
2440 2177 2686 2242 αὐθαδῶς
2736 2177 2831 2232 καὶ
2872 2176 3126 2248 ἀλήθειαν
3162 2176 3526 2248 ὀνομάζοντες,
3547 2173 3591 2226 ού

2053 2268 2413 2338 γινώσκοντες
2432 2269 2569 2332 ὅλως
2596 2269 2962 2340 δικαιοσύνην,
2988 2271 3041 2324 εῖ
3062 2286 3148 2333 τις
3175 2269 3450 2340 ἀφέλοιτο,
3469 2266 3597 2320 πόσον

2057 2361 2159 2415 οίει
2220 2361 2604 2432 γυμνωθέντας
2655 2363 2850 2425 αὐτοὺς
2897 2361 3007 2417 τῶν
3062 2360 3326 2415 τοιούτων
3366 2358 3598 2431 ὀνομάτων

2058 2450 2554 2521 χλευασθήσεσθαι;
2603 2452 2753 2506 Πάνυ
2799 2452 2955 2519 πολὺ,
3014 2452 3142 2525 ἔφη.
3188 2452 3426 2525 Πότερον
3453 2443 3598 2511 οὗν.ὧ

2058 2542 2338 2608 Αύξέντιε,
2378 2538 2448 2615 ἦν
2474 2544 2531 2597 δὲ
2559 2543 2690 2613 ἐγὼ,
2743 2546 2807 2599 σὺ
2840 2544 3018 2615 βούλει
3054 2544 3263 2617 ταύτης
3289 2542 3598 2617 ἡγεμονεύειν

375 2631 578 2701 quibus
607 2629 919 2700 Opinionem
968 2642 1124 2683 suam
1175 2628 1239 2683 ad
1280 2626 1617 2681 illudendum
1647 2667 1660 2689 ,
1693 2633 1944 2697 tanquam

2058 2632 2158 2702 τῆς
2190 2633 2333 2700 ὁδοῦ,
2367 2634 2400 2706 ἢ
2443 2634 2554 2704 ἐγὼ
2582 2637 2887 2708 ήγήσυμαι;
2916 2637 3155 2703 Δίκαιον,
3204 2637 3335 2709 ἔφη,
3373 2637 3451 2691 σοὶ
3476 2636 3596 2705 ἡγεῖ-

377 2723 530 2776 vario
559 2723 804 2776 colorum
837 2734 1032 2790 genere
1059 2758 1075 2784 ,
1118 2717 1461 2789 distinguunt
1490 2756 1504 2780 ,
1567 2732 1631 2772 ac
1678 2717 1944 2786 justitiam

2059 2722 2204 2779 σθαι.
2224 2726 2297 2779 Σὺ
2324 2726 2434 2798 γὰρ
2454 2727 2750 2799 κατάρχεις
2773 2729 2866 2782 τοῦ
2901 2729 3082 2798 λόγου.

375 2814 764 2882 veritatemque
792 2817 1109 2881 arroganter
1133 2808 1438 2871 nominant,
1468 2806 1694 2877 justiti'a:
1725 2807 1941 2876 penitus
1971 2807 2183 2879 ignari;
2219 2812 2316 2869 sed
2374 2814 2420 2871 si
2479 2816 2603 2885 quis
2642 2816 2733 2871 illa
2769 2816 3037 2882 detrahat,
3095 2834 3265 2890 quam
3320 2828 3378 2875 tu
3433 2818 3596 2873 ridicu-~

376 2905 458 2961 los
482 2905 595 2960 fore
619 2904 742 2958 illos
766 2903 1049 2958 existimas
1072 2901 1380 2957 istiusmodi
1407 2899 1691 2955 vocabulis
1728 2900 1958 2954 exutos?
2006 2901 2201 2959 Mirum
2237 2905 2293 2960 in
2330 2906 2580 2972 mOdum,
2634 2909 2833 2979 inquit.
2871 2909 3010 2964 Tum
3059 2926 3159 2981 ego
3193 2929 3210 2967 :
3264 2903 3405 2966 Num
3435 2921 3486 2966 tu
3522 2912 3596 2963 via:

378 2997 525 3051 illius
559 2994 665 3050 dux
700 2993 1056 3060 essemavis,
1094 2992 1327 3046 Auxenti
1356 3031 1370 3055 ,
1402 3007 1472 3046 an
1509 3005 1597 3045 me
1623 2989 1815 3060 potius
1851 2990 2047 3046 ducem
2077 2995 2377 3052 adhibere?
2411 2997 2653 3070 Equum
2717 3008 2801 3056 est
2847 3000 3039 3057 ducem
3094 3002 3148 3059 te
3196 3018 3359 3070 esse,
3411 3016 3595 3072 respon-

375 3088 488 3142 dit:
509 3085 590 3141 'I‘u
620 3085 763 3140 enim
783 3085 833 3139 ei
865 3085 1104 3140 sermoni
1134 3084 1361 3155 prazisti.

450 3179 609 3234 XLII.
651 3178 766 3233 lioe
816 3179 982 3248 igitur
1018 3178 1225 3235 dictum
1260 3184 1345 3234 est
1379 3180 1520 3249 (age
1570 3178 1715 3234 enim
1760 3179 1944 3250 Aglao-

2129 3180 2263 3234 MB'.
2287 3181 2498 3236 Οὐκοῦν
2525 3180 2742 3252 ἐλέγετο
2769 3182 2926 3255 (φέρε
2960 3184 3065 3258 γὰρ
3098 3185 3239 3259 πρὸς
3274 3187 3438 3259 μέρος
3455 3187 3504 3254 ἐξ
3520 3187 3595 3257 ἀρ·

377 3272 600 3341 phontis
647 3270 969 3326 sententiam
1007 3271 1075 3327 ab
1124 3271 1285 3325 initio
1322 3273 1611 3342 repetitam
1637 3272 1957 3343 singillatim

377 3359 816 3433 expendamus),
863 3362 1101 3416 animam
1135 3378 1355 3432 corpus,
1390 3364 1534 3434 quod
1563 3363 1957 3420 circumfusum

384 3458 539 3510 nobis
570 3462 676 3518 est,
714 3454 770 3508 in
806 3453 989 3509 delicti
1024 3470 1243 3525 pcenam
1277 3457 1677 3527 assumpsisse,
1707 3472 1828 3513 cum
1860 3473 1956 3514 su-

381 3544 686 3615 perioribus
736 3545 1072 3616 temporibus
1112 3546 1181 3600 ab
1220 3561 1285 3601 eo
1324 3556 1593 3617 separata
1642 3562 1855 3602 summa
1899 3548 1955 3602 in

380 3637 637 3692 felicitate
693 3636 932 3707 degeret.
994 3636 1207 3693 Etenim
1261 3648 1506 3695 scorteas
1563 3640 1683 3695 illas
1738 3640 1956 3695 tunicas

377 3742 608 3798 corpora
642 3742 764 3783 esse
806 3727 1059 3793 dicebat,
1095 3729 1309 3805 quibus,
1346 3729 1506 3801 565
1565 3729 1790 3786 inclusa:
1827 3737 1956 3787 sunt

376 3822 606 3883 animas,
641 3828 700 3874 ut
748 3827 1024 3875 mortuum
1076 3821 1209 3876 illud
1263 3836 1466 3893 corpus
1502 3822 1954 3879 circumferentes

375 3922 565 3962 eorum
616 3921 738 3978 quae
814 3909 1238 3975 commiserant,
1304 3925 1497 3980 poenas
1559 3910 1951 3981 dependerent.

377 3995 569 4052 Nonne
609 3998 723 4052 haec
775 4006 889 4054 ate
932 3999 1090 4054 initio
1125 4001 1407 4070 proposita
1445 4008 1597 4066 sunt,
1643 4016 1677 4056 ο
1708 4002 1956 4057 medice?

376 4087 457 4142 Tu
485 4104 636 4154 vero,
668 4090 714 4145 si
747 4091 929 4146 minus
963 4090 1243 4145 recordari
1270 4089 1490 4157 videor,
1515 4091 1791 4145 memoriae
1820 4105 1954 4147 mea:

375 4183 654 4251 subjicito.
693 4181 839 4236 Nihil
871 4198 935 4237 ea
990 4198 1049 4237 re
1089 4196 1236 4237 nunc
1274 4183 1494 4252 quidem
1544 4197 1684 4254 opus
1718 4190 1840 4248 est,
1878 4183 1955 4238 ait

372 4274 484 4328 ille.
518 4272 654 4326 Nam
686 4273 800 4327 haec
833 4274 950 4342 ipsa
988 4281 1286 4344 sunt,'qua:
1315 4273 1491 4342 primo
1520 4274 1642 4329 loco
1688 4273 1947 4331 diximus.

374 4360 518 4426 Quid
556 4361 796 4416 deinde?
831 4360 1023 4419 Nonne
1059 4363 1164 4417 hoc
1195 4369 1384 4431 postea
1411 4362 1610 4431 saepius
1645 4376 1676 4416 a
1711 4373 1762 4417 te
1799 4378 1952 4418 com-

375 4460 734 4507 memoratum
768 4463 885 4518 est,
942 4468 1139 4524 magno
1188 4453 1344 4507 nobis
1393 4452 1782 4524 impedimento
1825 4470 1949 4512 esse

373 4557 598 4614 corpus,
654 4544 720 4597 ad
751 4559 937 4598 eorum
970 4559 1090 4614 qua:
1125 4558 1317 4599 revera
1348 4552 1514 4611 sunt,
1551 4546 1949 4616 perceptionem
1986 4541 2026 4596 D

373 4648 437 4688 ac
488 4635 804 4701 scientiam;
840 4635 984 4706 quod
1016 4636 1214 4704 partim
1255 4634 1310 4689 in
1358 4650 1425 4690 eo
1458 4635 1705 4691 curando
1744 4651 1808 4692 ac
1859 4637 1947 4693 fo-

371 4725 549 4780 vendo
576 4727 1040 4797 simusoccupati,
1070 4727 1267 4795 partim
1290 4726 1495 4782 ventris
1532 4742 1634 4783 nos
1680 4727 1949 4783 illecebrae

371 4832 434 4870 ac
459 4817 785 4886 cupiditates
813 4816 1197 4873 infestent?Ad
1222 4818 1334 4871 hare
1355 4818 1743 4873 maledicentiae
1769 4819 1949 4874 omnis

373 4910 428 4959 in
466 4906 631 4961 Deum
658 4947 671 4971 ,
709 4922 772 4961 ac
799 4917 1144 4977 peccatorum
1174 4908 1417 4962 omnium
1463 4922 1685 4963 causam
1724 4908 1791 4963 ad
1822 4925 1947 4964 cor-

370 5013 472 5066 pus
517 4996 731 5061 rel'erri,
768 5006 1056 5068 propterea
1102 4997 1246 5067 quod
1290 5012 1386 5066 per
1413 5012 1534 5053 sese
1566 4998 1684 5053 sine
1716 5013 1946 5068 corpore

372 5104 600 5158 peccare
629 5105 854 5161 prorsus
892 5091 1071 5143 anima
1121 5104 1230 5144 non
1281 5088 1504 5158 potest?
1538 5087 1691 5143 Unde
1736 5096 1789 5144 et
1821 5100 1945 5163 post

368 5181 576 5235 obitum
603 5220 619 5246 ,
659 5197 767 5251 quo
808 5189 1032 5251 peccato
1084 5190 1248 5250 atque
1288 5180 1343 5234 in
1399 5178 1566 5234 Deum
1599 5184 1943 5237 contumacia

368 5287 565 5327 vacare
594 5273 649 5326 in
679 5274 819 5327 caelo
851 5280 1056 5342 posset,
1093 5272 1181 5325 ubi
1216 5286 1340 5326 cuin
1376 5272 1583 5343 angelis
1611 5272 1660 5327 ei
1705 5271 1937 5329 domici-

370 5368 503 5422 lium
538 5368 896 5423 constitutum
948 5374 1060 5432 est,
1103 5368 1329 5422 liberam
1378 5368 1527 5422 illam
1584 5383 1673 5423 ac.
1709 5382 1939 5440 corpore

373 5456 628 5513 nudatam
667 5472 789 5515 esse
837 5458 1035 5515 debere
1063 5501 1077 5525 ,
1116 5457 1555 5530 quandoquidem
1614 5461 1937 5531 inquinandi

2060 3272 2163 3342 χῆς
2191 3272 2501 3336 ἀκολούθως
2549 3273 2641 3328 τὸν
2681 3274 3083 3344 Ἀγλαοφῶντος
3114 3275 3452 3349 ἐξετάσωμεν
3477 3275 3595 3342 νοῦν)

2059 3365 2092 3435 ή
2121 3363 2267 3436 ψυχὴ
2317 3364 2378 3418 τὸ
2410 3364 2569 3436 σῶμα
2602 3366 2691 3420 διὰ
2718 3365 2815 3437 τὴν
2858 3366 3166 3439 παράϐασιν
3205 3368 3237 3422 ὃ
3279 3368 3595 3441 περικείμεθα

2064 3454 2605 3526 τοῦτοὰνειληφέναι,
2637 3457 2847 3528 χρόνοις
2869 3460 2982 3521 τοῖς
3011 3459 3122 3512 ἄνω
3147 3468 3322 3531 χωρίς
3344 3460 3493 3516 αύτοῦ
3519 3477 3596 3530 μα-

2055 3544 2265 3616 καρίως
2286 3544 2537 3610 διάξασα.
2564 3546 2703 3609 Τοὺς
2722 3546 2830 3617 γὰρ
2856 3547 3212 3617 δερματίνους
3245 3546 3383 3603 εἶναι
3404 3548 3595 3621 χιτῶνας

2058 3635 2308 3706 σώματα,
2356 3638 2436 3701 είς
2467 3637 2503 3693 ἃ
2534 3637 2806 3710 ὲνεῖρχθαι
2852 3638 3049 3711 συνέϐη
3098 3640 3198 3705 τὰς
3236 3641 3432 3714 ψυχὰς,
3468 3640 3594 3709 δίκην
3707 3646 3709 3714 i

2054 3726 2205 3790 ὅπως
2236 3723 2312 3782 ὧν
2352 3728 2586 3800 ἔδρασαν
2615 3731 3039 3803 νεκροφοροῦσαι
3069 3732 3439 3806 παράσχωσιν.
3470 3734 3528 3787 Ἦ
3546 3731 3592 3784 ού

2054 3817 2227 3873 ταῦτα
2285 3820 2502 3892 πρῶτον
2544 3816 2612 3893 ἦν
2666 3822 2723 3876 ὲν
2775 3823 2918 3895 ἀρχῇ
2966 3822 3036 3876 τὰ
3064 3823 3327 3895 λεχθέντα
3379 3825 3475 3879 ὑπὸ
3502 3822 3591 3885 σοῦ,

2057 3914 2242 3986 ίατρέ;
2275 3915 2412 3969 Ἀλλ’
2436 3917 2516 3979 εἰς
2545 3916 2846 3988 ὑπόμνησιν
2873 3918 2968 3972 ἐάν
2993 3919 3075 3983 τίς
3098 3921 3120 3950 ³
3153 3938 3235 3974 σοι
3268 3921 3509 3992 φαίνομαι
3534 3917 3589 3988 μὴ

2057 4008 2440 4079 μεμνημένος*
2494 4009 2615 4063 οὐδὲ
2663 4009 2757 4063 νῦν
2796 4011 3152 4083 ὑπομνήσεως
3197 4013 3283 4078 είς
3321 4013 3469 4067 τοῦτο

2052 4100 2203 4153 Αὑτὰ
2232 4099 2408 4154 ταῦτα
2454 4100 2563 4171 γὰρ
2606 4096 2675 4173 ἦν
2708 4102 2768 4154 ἐν
2802 4102 3038 4172 πρώτοις
3075 4104 3206 4174 ἡμῖν
3236 4105 3309 4159 τὰ
3346 4102 3588 4176 είρημένα.

2054 4189 2119 4242 Τί
2148 4188 2206 4243 δὲ
2234 4189 2357 4260 οὐχὶ
2385 4191 2480 4244 καὶ
2508 4190 2666 4245 τοῦτο
2700 4194 2757 4245 ἐν
2785 4194 2898 4257 τοῖς
2935 4192 3061 4265 ἑξῆς
3087 4193 3310 4264 ἐλέγετο
3350 4191 3590 4263 πολλαχῶς

2052 4279 2156 4333 ὑπὸ
2172 4280 2287 4343 σοῦ,
2306 4282 2382 4345 ὡς
2396 4281 2647 4352 ἐμποδὼν
2663 4284 2798 4356 πρὸς
2813 4284 2911 4356 τὴν
2932 4286 3232 4357 κατάληψιν
3250 4290 3380 4360 ἡμῖν
3394 4287 3449 4340 τὸ
3465 4285 3589 4353 σῶμα

2050 4373 2158 4425 τῶν
2184 4372 2352 4435 ὅντως
2372 4372 2563 4442 ὅντων,
2589 4375 2682 4430 καὶ
2704 4376 2921 4446 γνῶσιν,
2943 4377 3030 4432 διὰ
3048 4378 3147 4443 τὰς
3167 4381 3304 4450 πρὸς
3325 4381 3383 4434 τὸ
3405 4378 3588 4447 κοσμεῖν

2050 4463 2309 4535 ἀσχολίας
2338 4465 2469 4519 αὐτὸ
2491 4467 2584 4519 καὶ
2607 4467 2952 4538 θεραπεύειν,
2977 4470 3208 4539 γίνεται,
3232 4472 3441 4535 καὶτὰς
3458 4468 3587 4527 ἄλλας

2054 4554 2153 4619 τὰς
2184 4556 2310 4627 περὶ
2338 4554 2437 4627 τὴν
2474 4558 2766 4628 ἐπιθυμίαν
2805 4561 2903 4631 τῆς
2931 4562 3167 4633 γαστρὸς
3196 4561 3502 4635 προσϐολὰς,
3527 4557 3584 4610 ἔτι

2054 4662 2114 4698 τε
2148 4645 2528 4718 βλασφημιῶν,
2570 4651 2663 4702 καὶ
2690 4652 2957 4706 παντοίων
2980 4654 3150 4707 αἴτιον
3180 4654 3581 4727 ἁμαρτημάτων·

2052 4734 2139 4788 διά
2171 4736 2233 4789 τὸ
2267 4738 2343 4810 μὴ
2383 4737 2641 4794 δύνασθαι
2674 4740 2797 4794 καθ’
2829 4742 3026 4814 ἑαυτὴν
3054 4744 3177 4816 δίχα
3212 4745 3453 4817 σώματος
3476 4741 3582 4800 ὅλως

2055 4827 2373 4899 άμαρτῆσαι
2421 4829 2521 4901 τὴν
2546 4831 2743 4903 ψυχὴν,
2790 4834 2884 4887 καὶ
2915 4834 3004 4887 διὰ
3037 4836 3193 4890 τοῦτο
3235 4838 3370 4908 μετὰ
3396 4835 3482 4908 τὴν
3517 4834 3579 4885 ἐν·

2051 4918 2241 4973 τεῦθεν
2274 4921 2581 4993 ἀποδημίαν
2609 4925 2762 4988 ἐκτὸς
2797 4926 3211 4998 ἁμαρτημάτων
3238 4932 3381 4993 ὅπως
3420 4928 3578 4984 ἔσοιτο.

2052 5011 2147 5064 καὶ
2174 5014 2454 5084 παρακοῆς
2486 5016 2543 5067 ἐν
2577 5018 2690 5079 τοῖς
2718 5017 2985 5088 οὐρανοῖς,
3015 5018 3145 5075 ἔνθα
3176 5021 3267 5075 καί
3296 5021 3390 5085 τὰς
3409 5021 3577 5088 διατρι-

2050 5102 2150 5166 ϐὰς
2194 5103 2304 5168 ἕξει
2348 5105 2486 5175 μετὰ
2523 5106 2630 5161 τῶν
2677 5109 2943 5177 ἀγγέλων,
2995 5112 3283 5185 ἐλευθέραν
3327 5112 3480 5183 αὐτὴν
3507 5106 3578 5161 καὶ

2048 5194 2261 5264 γυμνὴν
2309 5198 2505 5268 χρῆναι
2555 5197 2825 5270 διαμεῖναι
2887 5201 3173 5274 σώματος;
3224 5206 3496 5277 ἐπειδήπερ
3532 5197 3577 5252 τδ

2050 5281 2210 5353 σῶμα
2238 5285 2333 5338 τοῦ
2367 5288 2688 5358 χραίνεσθαι
2724 5290 2882 5346 τοῦτο
2924 5294 3018 5347 καὶ
3053 5297 3382 5369 ἁμαρτάνειν
3416 5288 3577 5363 παραίο

2044 5390 2158 5429 τιον
2188 5376 2323 5448 αὐτῇ
2348 5378 2444 5431 καὶ
2473 5381 2733 5451 συνεργὸν
2764 5383 2991 5453 γίνεται.
3026 5388 3192 5443 ’Ἄνευ
3225 5390 3328 5462 γὰρ
3372 5386 3574 5456 σώματος

2044 5466 2322 5539 ἀμήχανον
2365 5471 2677 5545 ἁμαρτῆσαι
2716 5476 2917 5549 ψυχήν.
2956 5480 3115 5536 Ὅθεν
3149 5483 3235 5537 ἵνα
3268 5483 3356 5539 τὸν
3389 5482 3571 5549 ἄπειρον

462 5615 691 5671 ‘Deesse
735 5618 953 5673 videtur
977 5620 1247 5675 nonnihil.
1327 5622 1345 5653 ³
1375 5618 1435 5674 F.
1514 5618 1600 5688 ἄγ’
1634 5621 1713 5683 είς
1740 5620 1906 5696 ὑπομ.
1940 5622 2034 5680 ἐάν
2060 5642 2130 5680 τι.
