  <div class='ocr_page' id='page_1' title='image "/cluster/home/n/w/nwhite01/storage/ocr_20150623/41/mdp.39015008169818/590.png"; bbox 0 0 3794 6136; ppageno 0'>
   <div class='ocr_carea' id='block_1_1' title="bbox 247 258 380 312">
    <p class='ocr_par' dir='ltr' id='par_1_1' title="bbox 247 258 380 312">
     <span class='ocr_line' id='line_1_1' title="bbox 247 258 380 312; baseline -0.015 0"><span class='ocrx_word' id='word_1_1' title='bbox 247 258 380 312; x_wconf 77' lang='lat' dir='ltr'><strong>H57</strong></span> 
     </span>
    </p>
   </div>
   <div class='ocr_carea' id='block_1_2' title="bbox 899 268 1796 340">
    <p class='ocr_par' dir='ltr' id='par_1_2' title="bbox 899 268 1796 330">
     <span class='ocr_line' id='line_1_2' title="bbox 899 268 1796 330; baseline 0.008 -8"><span class='ocrx_word' id='word_1_2' title='bbox 899 268 1271 326; x_wconf 78' lang='lat' dir='ltr'><strong>ADVERSUS</strong></span> <span class='ocrx_word' id='word_1_3' title='bbox 1309 270 1651 328; x_wconf 71' lang='lat' dir='ltr'><strong>HAERESES</strong></span> <span class='ocrx_word' id='word_1_4' title='bbox 1689 270 1796 330; x_wconf 84' lang='lat' dir='ltr'><strong>LIB</strong></span> 
     </span>
    </p>
   </div>
   <div class='ocr_carea' id='block_1_3' title="bbox 1911 268 2858 340">
    <p class='ocr_par' dir='ltr' id='par_1_3' title="bbox 1912 277 2858 340">
     <span class='ocr_line' id='line_1_3' title="bbox 1912 277 2858 340; baseline 0.003 -7"><span class='ocrx_word' id='word_1_5' title='bbox 1912 321 1924 333; x_wconf 96' lang='lat'><strong>.</strong></span> <span class='ocrx_word' id='word_1_6' title='bbox 1967 277 2130 336; x_wconf 86' lang='lat' dir='ltr'><strong>TOM.</strong></span> <span class='ocrx_word' id='word_1_7' title='bbox 2171 283 2212 336; x_wconf 87' lang='grc'><strong>1.</strong></span> <span class='ocrx_word' id='word_1_8' title='bbox 2251 313 2320 326; x_wconf 88' lang='grc'><strong><em>--</em></strong></span> <span class='ocrx_word' id='word_1_9' title='bbox 2357 281 2634 339; x_wconf 72' lang='lat' dir='ltr'><strong>IUERES.</strong></span> <span class='ocrx_word' id='word_1_10' title='bbox 2676 281 2858 340; x_wconf 78' lang='lat' dir='ltr'><strong>LXIV.</strong></span> 
     </span>
    </p>
   </div>
   <div class='ocr_carea' id='block_1_4' title="bbox 3351 281 3490 334">
    <p class='ocr_par' dir='ltr' id='par_1_4' title="bbox 3351 281 3490 334">
     <span class='ocr_line' id='line_1_4' title="bbox 3351 281 3490 334; baseline -0.007 0"><span class='ocrx_word' id='word_1_11' title='bbox 3351 281 3490 334; x_wconf 71' lang='lat'><strong>“38</strong></span> 
     </span>
    </p>
   </div>
   <div class='ocr_carea' id='block_1_5' title="bbox 236 377 1796 475">
    <p class='ocr_par' dir='ltr' id='par_1_5' title="bbox 236 377 1796 462">
     <span class='ocr_line' id='line_1_5' title="bbox 236 377 1796 462; baseline 0.012 -33"><span class='ocrx_word' id='word_1_12' title='bbox 236 377 619 451; x_wconf 82' lang='grc' dir='ltr'><strong>ἀναμάρτητος</strong></span> <span class='ocrx_word' id='word_1_13' title='bbox 665 382 836 439; x_wconf 82' lang='grc' dir='ltr'>αἰῶνα</span> <span class='ocrx_word' id='word_1_14' title='bbox 875 389 1109 462; x_wconf 79' lang='grc' dir='ltr'>τηρηθῇ,</span> <span class='ocrx_word' id='word_1_15' title='bbox 1145 392 1328 445; x_wconf 84' lang='grc' dir='ltr'>οὐκέτι</span> <span class='ocrx_word' id='word_1_16' title='bbox 1380 395 1444 447; x_wconf 82' lang='grc' dir='ltr'>τὸ</span> <span class='ocrx_word' id='word_1_17' title='bbox 1487 395 1796 449; x_wconf 71' lang='grc' dir='ltr'>ταλαντεῦω</span> 
     </span>
    </p>
   </div>
   <div class='ocr_carea' id='block_1_6' title="bbox 1911 377 3475 475">
    <p class='ocr_par' dir='ltr' id='par_1_6' title="bbox 1915 393 3475 475">
     <span class='ocr_line' id='line_1_6' title="bbox 1915 393 3475 475; baseline 0.002 -23"><span class='ocrx_word' id='word_1_18' title='bbox 1915 399 2000 453; x_wconf 92' lang='lat' dir='ltr'><strong>sui</strong></span> <span class='ocrx_word' id='word_1_19' title='bbox 2035 403 2405 475; x_wconf 83' lang='lat' dir='ltr'><strong>peccandique</strong></span> <span class='ocrx_word' id='word_1_20' title='bbox 2455 395 2626 462; x_wconf 78' lang='lat' dir='ltr'><strong>causa</strong></span> <span class='ocrx_word' id='word_1_21' title='bbox 2659 393 2736 461; x_wconf 85' lang='lat' dir='ltr'><strong>illi</strong></span> <span class='ocrx_word' id='word_1_22' title='bbox 2775 417 2975 474; x_wconf 90' lang='lat' dir='ltr'><strong>corpus</strong></span> <span class='ocrx_word' id='word_1_23' title='bbox 3018 412 3100 458; x_wconf 89' lang='lat' dir='ltr'><strong>est</strong></span> <span class='ocrx_word' id='word_1_24' title='bbox 3127 442 3140 465; x_wconf 91' lang='lat'><strong>,</strong></span> <span class='ocrx_word' id='word_1_25' title='bbox 3170 408 3223 457; x_wconf 88' lang='lat' dir='ltr'><strong>et</strong></span> <span class='ocrx_word' id='word_1_26' title='bbox 3253 401 3475 456; x_wconf 83' lang='lat' dir='ltr'><strong>admini-</strong></span> 
     </span>
    </p>
   </div>
   <div class='ocr_carea' id='block_1_7' title="bbox 234 469 1812 556">
    <p class='ocr_par' dir='ltr' id='par_1_7' title="bbox 234 469 1812 556">
     <span class='ocr_line' id='line_1_7' title="bbox 234 469 1812 556; baseline 0.012 -36"><span class='ocrx_word' id='word_1_27' title='bbox 234 469 406 540; x_wconf 75' lang='grc' dir='ltr'>αὐτὴν</span> <span class='ocrx_word' id='word_1_28' title='bbox 447 473 528 536; x_wconf 81' lang='grc' dir='ltr'><strong>είς</strong></span> <span class='ocrx_word' id='word_1_29' title='bbox 563 473 662 545; x_wconf 81' lang='grc' dir='ltr'>τὴν</span> <span class='ocrx_word' id='word_1_30' title='bbox 693 476 896 549; x_wconf 77' lang='grc' dir='ltr'>φθοράν</span> <span class='ocrx_word' id='word_1_31' title='bbox 929 481 1081 534; x_wconf 85' lang='grc' dir='ltr'>κάτω</span> <span class='ocrx_word' id='word_1_32' title='bbox 1119 483 1214 535; x_wconf 81' lang='grc' dir='ltr'>καὶ</span> <span class='ocrx_word' id='word_1_33' title='bbox 1263 483 1361 554; x_wconf 81' lang='grc' dir='ltr'>τὴν</span> <span class='ocrx_word' id='word_1_34' title='bbox 1407 485 1618 538; x_wconf 79' lang='grc' dir='ltr'>ἀδικίαν</span> <span class='ocrx_word' id='word_1_35' title='bbox 1653 486 1812 556; x_wconf 91' lang='grc' dir='ltr'>σῶμα</span> 
     </span>
    </p>
   </div>
   <div class='ocr_carea' id='block_1_8' title="bbox 234 558 1810 640">
    <p class='ocr_par' dir='ltr' id='par_1_8' title="bbox 234 558 1810 640">
     <span class='ocr_line' id='line_1_8' title="bbox 234 558 1810 640; baseline 0.014 -30"><span class='ocrx_word' id='word_1_36' title='bbox 234 558 522 629; x_wconf 70' lang='grc' dir='ltr'>λήψεσθαι.</span> <span class='ocrx_word' id='word_1_37' title='bbox 571 565 794 636; x_wconf 86' lang='grc' dir='ltr'>Ἐλέχθη</span> <span class='ocrx_word' id='word_1_38' title='bbox 827 571 923 622; x_wconf 74' lang='grc' dir='ltr'>καὶ</span> <span class='ocrx_word' id='word_1_39' title='bbox 962 571 1140 627; x_wconf 80' lang='grc' dir='ltr'>τοῦτο.</span> <span class='ocrx_word' id='word_1_40' title='bbox 1168 572 1233 625; x_wconf 94' lang='grc' dir='ltr'><strong>Τί</strong></span> <span class='ocrx_word' id='word_1_41' title='bbox 1276 573 1332 626; x_wconf 86' lang='grc' dir='ltr'>δὲ</span> <span class='ocrx_word' id='word_1_42' title='bbox 1378 576 1468 628; x_wconf 73' lang='grc' dir='ltr'>καὶ</span> <span class='ocrx_word' id='word_1_43' title='bbox 1517 575 1696 640; x_wconf 87' lang='grc' dir='ltr'>καλῶς</span> <span class='ocrx_word' id='word_1_44' title='bbox 1728 594 1810 632; x_wconf 88' lang='grc' dir='ltr'><strong>σοι</strong></span> 
     </span>
    </p>
   </div>
   <div class='ocr_carea' id='block_1_9' title="bbox 232 648 1806 735">
    <p class='ocr_par' dir='ltr' id='par_1_9' title="bbox 232 648 1806 735">
     <span class='ocr_line' id='line_1_9' title="bbox 232 648 1806 735; baseline 0.015 -36"><span class='ocrx_word' id='word_1_45' title='bbox 232 648 396 700; x_wconf 76' lang='grc' dir='ltr'>τοῦτο</span> <span class='ocrx_word' id='word_1_46' title='bbox 426 652 520 704; x_wconf 78' lang='grc' dir='ltr'>καὶ</span> <span class='ocrx_word' id='word_1_47' title='bbox 550 653 743 724; x_wconf 83' lang='grc' dir='ltr'><strong>ὀρθῶς,</strong></span> <span class='ocrx_word' id='word_1_48' title='bbox 772 656 927 728; x_wconf 71' lang='grc' dir='ltr'>ἔφην,</span> <span class='ocrx_word' id='word_1_49' title='bbox 957 661 1161 732; x_wconf 78' lang='grc' dir='ltr'><strong>ἥγησαι</strong></span> <span class='ocrx_word' id='word_1_50' title='bbox 1182 662 1426 734; x_wconf 82' lang='grc' dir='ltr'>λελέχθαι</span> <span class='ocrx_word' id='word_1_51' title='bbox 1452 682 1465 731; x_wconf 90' lang='grc'><strong>;</strong></span> <span class='ocrx_word' id='word_1_52' title='bbox 1493 668 1602 720; x_wconf 72' lang='grc' dir='ltr'><strong>Καὶ</strong></span> <span class='ocrx_word' id='word_1_53' title='bbox 1622 668 1674 720; x_wconf 90' lang='grc' dir='ltr'><strong>τί</strong></span> <span class='ocrx_word' id='word_1_54' title='bbox 1705 685 1806 735; x_wconf 86' lang='grc' dir='ltr'>σοι,</span> 
     </span>
    </p>
   </div>
   <div class='ocr_carea' id='block_1_10' title="bbox 233 740 1808 829">
    <p class='ocr_par' dir='ltr' id='par_1_10' title="bbox 233 740 1808 829">
     <span class='ocr_line' id='line_1_10' title="bbox 233 740 1808 829; baseline 0.015 -38"><span class='ocrx_word' id='word_1_55' title='bbox 233 740 363 812; x_wconf 81' lang='grc' dir='ltr'>ἔφη,</span> <span class='ocrx_word' id='word_1_56' title='bbox 394 742 552 797; x_wconf 82' lang='grc' dir='ltr'>τοῦτο</span> <span class='ocrx_word' id='word_1_57' title='bbox 572 746 847 819; x_wconf 82' lang='grc' dir='ltr'>διαφέρειν</span> <span class='ocrx_word' id='word_1_58' title='bbox 880 753 895 782; x_wconf 75' lang='grc' dir='ltr'><strong>ί</strong></span> <span class='ocrx_word' id='word_1_59' title='bbox 916 769 931 818; x_wconf 89' lang='grc'><strong>;</strong></span> <span class='ocrx_word' id='word_1_60' title='bbox 967 752 1126 807; x_wconf 84' lang='grc' dir='ltr'>Ἀλλὰ</span> <span class='ocrx_word' id='word_1_61' title='bbox 1146 755 1246 807; x_wconf 78' lang='grc' dir='ltr'>οὐκ</span> <span class='ocrx_word' id='word_1_62' title='bbox 1270 754 1493 829; x_wconf 79' lang='grc' dir='ltr'><strong>ἐλέγξῃς</strong></span> <span class='ocrx_word' id='word_1_63' title='bbox 1517 759 1608 810; x_wconf 75' lang='grc' dir='ltr'><strong>τὸν</strong></span> <span class='ocrx_word' id='word_1_64' title='bbox 1632 759 1808 828; x_wconf 85' lang='grc' dir='ltr'>λόγον.</span> 
     </span>
    </p>
   </div>
   <div class='ocr_carea' id='block_1_11' title="bbox 235 830 1812 918">
    <p class='ocr_par' dir='ltr' id='par_1_11' title="bbox 235 830 1812 918">
     <span class='ocr_line' id='line_1_11' title="bbox 235 830 1812 918; baseline 0.015 -37"><span class='ocrx_word' id='word_1_65' title='bbox 235 830 372 884; x_wconf 83' lang='grc' dir='ltr'><strong>Οὐδὲ</strong></span> <span class='ocrx_word' id='word_1_66' title='bbox 409 832 586 906; x_wconf 77' lang='grc' dir='ltr'>ψυχὴν</span> <span class='ocrx_word' id='word_1_67' title='bbox 614 837 690 901; x_wconf 88' lang='grc' dir='ltr'>δὲ,</span> <span class='ocrx_word' id='word_1_68' title='bbox 728 840 858 908; x_wconf 87' lang='grc' dir='ltr'><strong>ὲγὼ.</strong></span> <span class='ocrx_word' id='word_1_69' title='bbox 909 843 1067 896; x_wconf 85' lang='grc' dir='ltr'>Ἀλλὰ</span> <span class='ocrx_word' id='word_1_70' title='bbox 1095 843 1162 896; x_wconf 83' lang='grc' dir='ltr'><strong>δι’</strong></span> <span class='ocrx_word' id='word_1_71' title='bbox 1194 845 1230 899; x_wconf 75' lang='grc' dir='ltr'>ἃ</span> <span class='ocrx_word' id='word_1_72' title='bbox 1264 845 1509 918; x_wconf 71' lang='grc' dir='ltr'>εἴρηκας,</span> <span class='ocrx_word' id='word_1_73' title='bbox 1541 849 1688 913; x_wconf 80' lang='grc' dir='ltr'>ὅπως</span> <span class='ocrx_word' id='word_1_74' title='bbox 1726 851 1812 916; x_wconf 81' lang='grc' dir='ltr'><strong>ἐξ·</strong></span> 
     </span>
    </p>
   </div>
   <div class='ocr_carea' id='block_1_12' title="bbox 231 922 1808 1011">
    <p class='ocr_par' dir='ltr' id='par_1_12' title="bbox 231 922 1808 1011">
     <span class='ocr_line' id='line_1_12' title="bbox 231 922 1808 1011; baseline 0.017 -39"><span class='ocrx_word' id='word_1_75' title='bbox 231 922 496 993; x_wconf 72' lang='grc' dir='ltr'>ετάζηται</span> <span class='ocrx_word' id='word_1_76' title='bbox 526 929 555 979; x_wconf 81' lang='grc' dir='ltr'><strong>ὁ</strong></span> <span class='ocrx_word' id='word_1_77' title='bbox 599 928 774 997; x_wconf 87' lang='grc' dir='ltr'><strong>λόγος,</strong></span> <span class='ocrx_word' id='word_1_78' title='bbox 806 931 984 998; x_wconf 89' lang='grc' dir='ltr'>καλῶς</span> <span class='ocrx_word' id='word_1_79' title='bbox 1010 937 1103 988; x_wconf 84' lang='grc' dir='ltr'>καὶ</span> <span class='ocrx_word' id='word_1_80' title='bbox 1148 937 1342 1007; x_wconf 85' lang='grc' dir='ltr'><strong>ὀρθῶς,</strong></span> <span class='ocrx_word' id='word_1_81' title='bbox 1371 940 1494 1011; x_wconf 75' lang='grc' dir='ltr'>ἔφη.</span> <span class='ocrx_word' id='word_1_82' title='bbox 1534 941 1723 1007; x_wconf 86' lang='grc' dir='ltr'>Καλῶς</span> <span class='ocrx_word' id='word_1_83' title='bbox 1751 945 1808 999; x_wconf 85' lang='grc' dir='ltr'><strong>δέ</strong></span> 
     </span>
    </p>
   </div>
   <div class='ocr_carea' id='block_1_13' title="bbox 231 1013 1807 1101">
    <p class='ocr_par' dir='ltr' id='par_1_13' title="bbox 231 1013 1807 1101">
     <span class='ocr_line' id='line_1_13' title="bbox 231 1013 1807 1101; baseline 0.017 -38"><span class='ocrx_word' id='word_1_84' title='bbox 231 1027 319 1101; x_wconf 77' lang='grc' dir='ltr'><strong>σοι</strong></span> <span class='ocrx_word' id='word_1_85' title='bbox 350 1013 498 1068; x_wconf 85' lang='grc' dir='ltr'>δοκεῖ</span> <span class='ocrx_word' id='word_1_86' title='bbox 539 1018 780 1074; x_wconf 89' lang='grc' dir='ltr'>τίθεσθαι</span> <span class='ocrx_word' id='word_1_87' title='bbox 815 1023 909 1077; x_wconf 80' lang='grc' dir='ltr'>καὶ</span> <span class='ocrx_word' id='word_1_88' title='bbox 939 1025 1133 1096; x_wconf 83' lang='grc' dir='ltr'><strong>ὀρθῶς,</strong></span> <span class='ocrx_word' id='word_1_89' title='bbox 1179 1029 1238 1092; x_wconf 81' lang='grc' dir='ltr'>ὃς</span> <span class='ocrx_word' id='word_1_90' title='bbox 1271 1031 1448 1101; x_wconf 81' lang='grc' dir='ltr'>ἑαυτῷ</span> <span class='ocrx_word' id='word_1_91' title='bbox 1480 1032 1549 1085; x_wconf 83' lang='grc' dir='ltr'>τὰ</span> <span class='ocrx_word' id='word_1_92' title='bbox 1593 1035 1807 1090; x_wconf 78' lang='grc' dir='ltr'>ἐναντία</span> 
     </span>
    </p>
   </div>
   <div class='ocr_carea' id='block_1_14' title="bbox 228 1098 1809 1194">
    <p class='ocr_par' dir='ltr' id='par_1_14' title="bbox 228 1098 1809 1194">
     <span class='ocr_line' id='line_1_14' title="bbox 228 1098 1809 1194; baseline 0.017 -42"><span class='ocrx_word' id='word_1_93' title='bbox 228 1098 404 1194; x_wconf 79' lang='grc' dir='ltr'>λέγων</span> <span class='ocrx_word' id='word_1_94' title='bbox 440 1107 533 1158; x_wconf 75' lang='grc' dir='ltr'>καὶ</span> <span class='ocrx_word' id='word_1_95' title='bbox 560 1108 892 1179; x_wconf 81' lang='grc' dir='ltr'>ἀσύμφωνα;</span> <span class='ocrx_word' id='word_1_96' title='bbox 915 1115 1037 1166; x_wconf 83' lang='grc' dir='ltr'>Οὐδ’</span> <span class='ocrx_word' id='word_1_97' title='bbox 1069 1117 1235 1181; x_wconf 87' lang='grc' dir='ltr'>ὅπως.</span> <span class='ocrx_word' id='word_1_98' title='bbox 1261 1119 1325 1170; x_wconf 91' lang='grc' dir='ltr'>Τί</span> <span class='ocrx_word' id='word_1_99' title='bbox 1354 1098 1445 1174; x_wconf 76' lang='grc' dir='ltr'>οὖν</span> <span class='ocrx_word' id='word_1_100' title='bbox 1470 1138 1484 1187; x_wconf 91' lang='lat'><strong>;</strong></span> <span class='ocrx_word' id='word_1_101' title='bbox 1531 1124 1809 1194; x_wconf 76' lang='grc' dir='ltr'>Ἀμούσως</span> 
     </span>
    </p>
   </div>
   <div class='ocr_carea' id='block_1_15' title="bbox 226 1191 1801 1286">
    <p class='ocr_par' dir='ltr' id='par_1_15' title="bbox 226 1191 1801 1286">
     <span class='ocr_line' id='line_1_15' title="bbox 226 1191 1801 1286; baseline 0.018 -43"><span class='ocrx_word' id='word_1_102' title='bbox 226 1191 340 1286; x_wconf 53' lang='grc' dir='ltr'><strong>γὰρ</strong></span> <span class='ocrx_word' id='word_1_103' title='bbox 373 1194 546 1260; x_wconf 77' lang='grc' dir='ltr'>οὕτως</span> <span class='ocrx_word' id='word_1_104' title='bbox 579 1215 660 1253; x_wconf 89' lang='grc' dir='ltr'><strong>σοι</strong></span> <span class='ocrx_word' id='word_1_105' title='bbox 693 1203 938 1269; x_wconf 88' lang='grc' dir='ltr'>φαίνεται</span> <span class='ocrx_word' id='word_1_106' title='bbox 969 1206 1067 1278; x_wconf 81' lang='grc' dir='ltr'>τὴν</span> <span class='ocrx_word' id='word_1_107' title='bbox 1097 1208 1353 1282; x_wconf 75' lang='grc' dir='ltr'>ἀλήθειαν</span> <span class='ocrx_word' id='word_1_108' title='bbox 1381 1191 1801 1286; x_wconf 80' lang='grc' dir='ltr'>ὑποκρίνεσθαι;</span> 
     </span>
    </p>
   </div>
   <div class='ocr_carea' id='block_1_16' title="bbox 229 1283 1806 1376">
    <p class='ocr_par' dir='ltr' id='par_1_16' title="bbox 229 1283 1806 1376">
     <span class='ocr_line' id='line_1_16' title="bbox 229 1283 1806 1376; baseline 0.017 -41"><span class='ocrx_word' id='word_1_109' title='bbox 229 1283 458 1376; x_wconf 76' lang='grc' dir='ltr'>Πάντων</span> <span class='ocrx_word' id='word_1_110' title='bbox 513 1289 767 1358; x_wconf 87' lang='grc' dir='ltr'>μάλιστα,</span> <span class='ocrx_word' id='word_1_111' title='bbox 802 1294 927 1366; x_wconf 77' lang='grc' dir='ltr'>ἔφη.</span> <span class='ocrx_word' id='word_1_112' title='bbox 977 1299 1090 1351; x_wconf 81' lang='grc' dir='ltr'>Οὐκ</span> <span class='ocrx_word' id='word_1_113' title='bbox 1138 1301 1245 1372; x_wconf 79' lang='grc' dir='ltr'>ἄρα</span> <span class='ocrx_word' id='word_1_114' title='bbox 1293 1283 1537 1376; x_wconf 31' lang='grc' dir='ltr'>ἀποδέχῃ.</span> <span class='ocrx_word' id='word_1_115' title='bbox 1583 1309 1672 1360; x_wconf 80' lang='grc' dir='ltr'>τὸν</span> <span class='ocrx_word' id='word_1_116' title='bbox 1707 1310 1806 1374; x_wconf 89' lang='grc' dir='ltr'><strong>τὰς</strong></span> 
     </span>
    </p>
   </div>
   <div class='ocr_carea' id='block_1_17' title="bbox 227 1375 1804 1465">
    <p class='ocr_par' dir='ltr' id='par_1_17' title="bbox 227 1375 1804 1465">
     <span class='ocr_line' id='line_1_17' title="bbox 227 1375 1804 1465; baseline 0.018 -38"><span class='ocrx_word' id='word_1_117' title='bbox 227 1375 507 1447; x_wconf 83' lang='grc' dir='ltr'>ἁμαρτίας</span> <span class='ocrx_word' id='word_1_118' title='bbox 549 1384 851 1440; x_wconf 77' lang='grc' dir='ltr'>ἐντείνοντα</span> <span class='ocrx_word' id='word_1_119' title='bbox 883 1390 1018 1460; x_wconf 84' lang='grc' dir='ltr'>πρὸς</span> <span class='ocrx_word' id='word_1_120' title='bbox 1048 1392 1110 1445; x_wconf 86' lang='grc' dir='ltr'>τὸ</span> <span class='ocrx_word' id='word_1_121' title='bbox 1145 1393 1334 1463; x_wconf 76' lang='grc' dir='ltr'>ψευδὲς</span> <span class='ocrx_word' id='word_1_122' title='bbox 1376 1375 1537 1465; x_wconf 87' lang='grc' dir='ltr'>μέλος</span> <span class='ocrx_word' id='word_1_123' title='bbox 1571 1399 1676 1453; x_wconf 88' lang='grc' dir='ltr'><strong>τῶν</strong></span> <span class='ocrx_word' id='word_1_124' title='bbox 1717 1401 1804 1455; x_wconf 84' lang='grc' dir='ltr'>λό-</span> 
     </span>
    </p>
   </div>
   <div class='ocr_carea' id='block_1_18' title="bbox 226 1472 996 1547">
    <p class='ocr_par' dir='ltr' id='par_1_18' title="bbox 226 1472 996 1547">
     <span class='ocr_line' id='line_1_18' title="bbox 226 1472 996 1547; baseline 0.021 -28"><span class='ocrx_word' id='word_1_125' title='bbox 226 1483 373 1535; x_wconf 84' lang='grc' dir='ltr'>γων;</span> <span class='ocrx_word' id='word_1_126' title='bbox 401 1472 520 1525; x_wconf 80' lang='grc' dir='ltr'>Οὐδ’</span> <span class='ocrx_word' id='word_1_127' title='bbox 552 1475 702 1540; x_wconf 86' lang='grc' dir='ltr'>ὅπως</span> <span class='ocrx_word' id='word_1_128' title='bbox 733 1478 786 1530; x_wconf 87' lang='grc' dir='ltr'><strong>τί</strong></span> <span class='ocrx_word' id='word_1_129' title='bbox 810 1475 902 1534; x_wconf 83' lang='grc' dir='ltr'>οὖν</span> <span class='ocrx_word' id='word_1_130' title='bbox 937 1482 996 1547; x_wconf 82' lang='grc'><strong>¹;</strong></span> 
     </span>
    </p>
   </div>
   <div class='ocr_carea' id='block_1_19' title="bbox 1919 496 3488 566">
    <p class='ocr_par' dir='ltr' id='par_1_19' title="bbox 1919 496 3488 566">
     <span class='ocr_line' id='line_1_19' title="bbox 1919 496 3488 566; baseline -0.001 -20"><span class='ocrx_word' id='word_1_131' title='bbox 1919 496 2089 546; x_wconf 88' lang='lat' dir='ltr'><strong>stram</strong></span> <span class='ocrx_word' id='word_1_132' title='bbox 2139 509 2361 564; x_wconf 84' lang='lat' dir='ltr'><strong>operam</strong></span> <span class='ocrx_word' id='word_1_133' title='bbox 2397 498 2640 566; x_wconf 68' lang='lat' dir='ltr'><strong>prmbet?</strong></span> <span class='ocrx_word' id='word_1_134' title='bbox 2673 496 2807 551; x_wconf 91' lang='lat' dir='ltr'><strong>Nam</strong></span> <span class='ocrx_word' id='word_1_135' title='bbox 2859 497 3065 566; x_wconf 79' lang='lat' dir='ltr'><strong>absque</strong></span> <span class='ocrx_word' id='word_1_136' title='bbox 3101 508 3330 563; x_wconf 87' lang='lat' dir='ltr'><strong>corpore</strong></span> <span class='ocrx_word' id='word_1_137' title='bbox 3363 508 3488 562; x_wconf 85' lang='lat' dir='ltr'><strong>pec-</strong></span> 
     </span>
    </p>
   </div>
   <div class='ocr_carea' id='block_1_20' title="bbox 1917 586 3488 658">
    <p class='ocr_par' dir='ltr' id='par_1_20' title="bbox 1917 586 3488 658">
     <span class='ocr_line' id='line_1_20' title="bbox 1917 586 3488 658; baseline 0.001 -22"><span class='ocrx_word' id='word_1_138' title='bbox 1917 597 2041 638; x_wconf 86' lang='lat' dir='ltr'><strong>care</strong></span> <span class='ocrx_word' id='word_1_139' title='bbox 2090 586 2269 640; x_wconf 89' lang='lat' dir='ltr'><strong>anima</strong></span> <span class='ocrx_word' id='word_1_140' title='bbox 2322 604 2428 642; x_wconf 90' lang='lat' dir='ltr'><strong>non</strong></span> <span class='ocrx_word' id='word_1_141' title='bbox 2463 598 2659 658; x_wconf 88' lang='lat' dir='ltr'><strong>potest.</strong></span> <span class='ocrx_word' id='word_1_142' title='bbox 2695 590 2822 644; x_wconf 87' lang='lat' dir='ltr'><strong>Ideo</strong></span> <span class='ocrx_word' id='word_1_143' title='bbox 2876 596 2934 642; x_wconf 93' lang='lat' dir='ltr'><strong>ut</strong></span> <span class='ocrx_word' id='word_1_144' title='bbox 2989 586 3201 641; x_wconf 77' lang='lat' dir='ltr'><strong>infinito</strong></span> <span class='ocrx_word' id='word_1_145' title='bbox 3245 594 3488 653; x_wconf 84' lang='lat' dir='ltr'><strong>tempore</strong></span> 
     </span>
    </p>
   </div>
   <div class='ocr_carea' id='block_1_21' title="bbox 1913 675 3485 749">
    <p class='ocr_par' dir='ltr' id='par_1_21' title="bbox 1913 675 3485 749">
     <span class='ocr_line' id='line_1_21' title="bbox 1913 675 3485 749; baseline 0.001 -23"><span class='ocrx_word' id='word_1_146' title='bbox 1913 675 2121 742; x_wconf 89' lang='lat' dir='ltr'><strong>peccati</strong></span> <span class='ocrx_word' id='word_1_147' title='bbox 2153 691 2353 747; x_wconf 86' lang='lat' dir='ltr'><strong>corpus</strong></span> <span class='ocrx_word' id='word_1_148' title='bbox 2375 694 2568 748; x_wconf 82' lang='lat' dir='ltr'><strong>expers</strong></span> <span class='ocrx_word' id='word_1_149' title='bbox 2600 695 2718 734; x_wconf 89' lang='lat' dir='ltr'><strong>esse</strong></span> <span class='ocrx_word' id='word_1_150' title='bbox 2740 680 2930 749; x_wconf 89' lang='lat' dir='ltr'><strong>possit,</strong></span> <span class='ocrx_word' id='word_1_151' title='bbox 2955 694 3064 733; x_wconf 88' lang='lat' dir='ltr'><strong>non</strong></span> <span class='ocrx_word' id='word_1_152' title='bbox 3091 677 3221 732; x_wconf 88' lang='lat' dir='ltr'><strong>illud</strong></span> <span class='ocrx_word' id='word_1_153' title='bbox 3252 676 3485 744; x_wconf 75' lang='lat' dir='ltr'><strong>amplius</strong></span> 
     </span>
    </p>
   </div>
   <div class='ocr_carea' id='block_1_22' title="bbox 1912 769 3482 840">
    <p class='ocr_par' dir='ltr' id='par_1_22' title="bbox 1912 769 3482 840">
     <span class='ocr_line' id='line_1_22' title="bbox 1912 769 3482 840; baseline -0.001 -23"><span class='ocrx_word' id='word_1_154' title='bbox 1912 778 2115 834; x_wconf 88' lang='lat' dir='ltr'><strong>corpus</strong></span> <span class='ocrx_word' id='word_1_155' title='bbox 2137 769 2387 838; x_wconf 75' lang='lat' dir='ltr'><strong>accipiet,</strong></span> <span class='ocrx_word' id='word_1_156' title='bbox 2419 771 2562 839; x_wconf 89' lang='lat' dir='ltr'><strong>quod</strong></span> <span class='ocrx_word' id='word_1_157' title='bbox 2592 786 2808 840; x_wconf 86' lang='lat' dir='ltr'><strong>pessum</strong></span> <span class='ocrx_word' id='word_1_158' title='bbox 2829 771 2973 824; x_wconf 89' lang='lat' dir='ltr'><strong>illam</strong></span> <span class='ocrx_word' id='word_1_159' title='bbox 3001 770 3066 823; x_wconf 90' lang='lat' dir='ltr'><strong>ad</strong></span> <span class='ocrx_word' id='word_1_160' title='bbox 3119 769 3482 836; x_wconf 80' lang='lat' dir='ltr'><strong>corruptelam</strong></span> 
     </span>
    </p>
   </div>
   <div class='ocr_carea' id='block_1_23' title="bbox 1911 857 3484 932">
    <p class='ocr_par' dir='ltr' id='par_1_23' title="bbox 1911 857 3484 932">
     <span class='ocr_line' id='line_1_23' title="bbox 1911 857 3484 932; baseline -0.001 -21"><span class='ocrx_word' id='word_1_161' title='bbox 1911 863 1965 911; x_wconf 86' lang='lat' dir='ltr'><strong>et</strong></span> <span class='ocrx_word' id='word_1_162' title='bbox 1991 857 2058 910; x_wconf 91' lang='lat' dir='ltr'><strong>ad</strong></span> <span class='ocrx_word' id='word_1_163' title='bbox 2090 859 2409 926; x_wconf 70' lang='lat' dir='ltr'><strong>iniustitiam</strong></span> <span class='ocrx_word' id='word_1_164' title='bbox 2439 862 2712 932; x_wconf 87' lang='lat' dir='ltr'><strong>deprimit.</strong></span> <span class='ocrx_word' id='word_1_165' title='bbox 2741 861 2854 916; x_wconf 86' lang='lat' dir='ltr'><strong>lloc</strong></span> <span class='ocrx_word' id='word_1_166' title='bbox 2890 863 3065 931; x_wconf 88' lang='lat' dir='ltr'><strong>ipsum</strong></span> <span class='ocrx_word' id='word_1_167' title='bbox 3088 901 3102 922; x_wconf 88' lang='lat'><strong>,</strong></span> <span class='ocrx_word' id='word_1_168' title='bbox 3150 860 3226 912; x_wconf 85' lang='lat' dir='ltr'><strong>ait</strong></span> <span class='ocrx_word' id='word_1_169' title='bbox 3255 860 3375 921; x_wconf 86' lang='lat' dir='ltr'><strong>ille,</strong></span> <span class='ocrx_word' id='word_1_170' title='bbox 3404 857 3484 909; x_wconf 89' lang='lat' dir='ltr'><strong>di-</strong></span> 
     </span>
    </p>
   </div>
   <div class='ocr_carea' id='block_1_24' title="bbox 1917 948 3485 1022">
    <p class='ocr_par' dir='ltr' id='par_1_24' title="bbox 1917 948 3485 1022">
     <span class='ocr_line' id='line_1_24' title="bbox 1917 948 3485 1022; baseline 0.002 -22"><span class='ocrx_word' id='word_1_171' title='bbox 1917 948 2114 1004; x_wconf 84' lang='lat' dir='ltr'><strong>ximus.</strong></span> <span class='ocrx_word' id='word_1_172' title='bbox 2156 949 2294 1005; x_wconf 86' lang='lat' dir='ltr'><strong>Num</strong></span> <span class='ocrx_word' id='word_1_173' title='bbox 2332 959 2387 1006; x_wconf 91' lang='lat' dir='ltr'><strong>tu</strong></span> <span class='ocrx_word' id='word_1_174' title='bbox 2418 969 2546 1008; x_wconf 83' lang='lat' dir='ltr'><strong>vero</strong></span> <span class='ocrx_word' id='word_1_175' title='bbox 2573 993 2588 1018; x_wconf 90' lang='lat'><strong>,</strong></span> <span class='ocrx_word' id='word_1_176' title='bbox 2646 955 2916 1022; x_wconf 86' lang='lat' dir='ltr'><strong>inquam,</strong></span> <span class='ocrx_word' id='word_1_177' title='bbox 2953 963 3096 1006; x_wconf 89' lang='lat' dir='ltr'><strong>recte</strong></span> <span class='ocrx_word' id='word_1_178' title='bbox 3130 967 3192 1004; x_wconf 89' lang='lat' dir='ltr'><strong>ac</strong></span> <span class='ocrx_word' id='word_1_179' title='bbox 3229 951 3485 1018; x_wconf 77' lang='lat' dir='ltr'><strong>praeclare</strong></span> 
     </span>
    </p>
   </div>
   <div class='ocr_carea' id='block_1_25' title="bbox 1916 1038 3480 1110">
    <p class='ocr_par' dir='ltr' id='par_1_25' title="bbox 1916 1038 3480 1110">
     <span class='ocr_line' id='line_1_25' title="bbox 1916 1038 3480 1110; baseline -0.001 -18"><span class='ocrx_word' id='word_1_180' title='bbox 1916 1038 2119 1093; x_wconf 92' lang='lat' dir='ltr'><strong>dictum</strong></span> <span class='ocrx_word' id='word_1_181' title='bbox 2158 1041 2289 1096; x_wconf 91' lang='lat' dir='ltr'><strong>illud</strong></span> <span class='ocrx_word' id='word_1_182' title='bbox 2319 1045 2646 1099; x_wconf 74' lang='lat' dir='ltr'><strong>existimas?</strong></span> <span class='ocrx_word' id='word_1_183' title='bbox 2679 1044 2819 1110; x_wconf 86' lang='lat' dir='ltr'><strong>Quid</strong></span> <span class='ocrx_word' id='word_1_184' title='bbox 2854 1044 2995 1097; x_wconf 90' lang='lat' dir='ltr'><strong>enim</strong></span> <span class='ocrx_word' id='word_1_185' title='bbox 3031 1051 3119 1095; x_wconf 89' lang='lat' dir='ltr'><strong>tua</strong></span> <span class='ocrx_word' id='word_1_186' title='bbox 3161 1042 3361 1096; x_wconf 78' lang='lat' dir='ltr'><strong>refert?</strong></span> <span class='ocrx_word' id='word_1_187' title='bbox 3387 1040 3480 1092; x_wconf 76' lang='lat' dir='ltr'><strong>ait;</strong></span> 
     </span>
    </p>
   </div>
   <div class='ocr_carea' id='block_1_26' title="bbox 1916 1130 3482 1205">
    <p class='ocr_par' dir='ltr' id='par_1_26' title="bbox 1916 1130 3482 1205">
     <span class='ocr_line' id='line_1_26' title="bbox 1916 1130 3482 1205; baseline 0.003 -22"><span class='ocrx_word' id='word_1_188' title='bbox 1916 1130 2078 1202; x_wconf 82' lang='lat' dir='ltr'><strong>Atqui</strong></span> <span class='ocrx_word' id='word_1_189' title='bbox 2131 1133 2378 1188; x_wconf 79' lang='lat' dir='ltr'><strong>refellere</strong></span> <span class='ocrx_word' id='word_1_190' title='bbox 2428 1134 2530 1189; x_wconf 90' lang='lat' dir='ltr'><strong>ista</strong></span> <span class='ocrx_word' id='word_1_191' title='bbox 2565 1151 2670 1188; x_wconf 91' lang='lat' dir='ltr'><strong>non</strong></span> <span class='ocrx_word' id='word_1_192' title='bbox 2718 1136 2939 1205; x_wconf 89' lang='lat' dir='ltr'><strong>poteris.</strong></span> <span class='ocrx_word' id='word_1_193' title='bbox 2971 1134 3154 1203; x_wconf 87' lang='lat' dir='ltr'><strong>Neque</strong></span> <span class='ocrx_word' id='word_1_194' title='bbox 3202 1151 3328 1190; x_wconf 83' lang='lat' dir='ltr'><strong>vero</strong></span> <span class='ocrx_word' id='word_1_195' title='bbox 3362 1135 3482 1188; x_wconf 87' lang='lat' dir='ltr'><strong>ani-</strong></span> 
     </span>
    </p>
   </div>
   <div class='ocr_carea' id='block_1_27' title="bbox 1912 1225 3484 1297">
    <p class='ocr_par' dir='ltr' id='par_1_27' title="bbox 1912 1225 3484 1297">
     <span class='ocr_line' id='line_1_27' title="bbox 1912 1225 3484 1297; baseline 0.002 -21"><span class='ocrx_word' id='word_1_196' title='bbox 1912 1238 2077 1288; x_wconf 88' lang='lat' dir='ltr'><strong>mam,</strong></span> <span class='ocrx_word' id='word_1_197' title='bbox 2113 1225 2338 1294; x_wconf 89' lang='lat' dir='ltr'><strong>subjeci.</strong></span> <span class='ocrx_word' id='word_1_198' title='bbox 2371 1225 2568 1280; x_wconf 83' lang='lat' dir='ltr'><strong>Verum</strong></span> <span class='ocrx_word' id='word_1_199' title='bbox 2599 1244 2661 1282; x_wconf 83' lang='lat' dir='ltr'><strong>ex</strong></span> <span class='ocrx_word' id='word_1_200' title='bbox 2702 1228 2786 1283; x_wconf 89' lang='lat' dir='ltr'><strong>his</strong></span> <span class='ocrx_word' id='word_1_201' title='bbox 2818 1244 2938 1297; x_wconf 90' lang='lat' dir='ltr'><strong>quae</strong></span> <span class='ocrx_word' id='word_1_202' title='bbox 2967 1227 3174 1290; x_wconf 76' lang='lat' dir='ltr'><strong>dixisti,</strong></span> <span class='ocrx_word' id='word_1_203' title='bbox 3213 1227 3484 1296; x_wconf 79' lang='lat' dir='ltr'><strong>plaeetne,</strong></span> 
     </span>
    </p>
   </div>
   <div class='ocr_carea' id='block_1_28' title="bbox 1915 1316 3482 1390">
    <p class='ocr_par' dir='ltr' id='par_1_28' title="bbox 1915 1316 3482 1390">
     <span class='ocr_line' id='line_1_28' title="bbox 1915 1316 3482 1390; baseline 0.001 -22"><span class='ocrx_word' id='word_1_204' title='bbox 1915 1324 1974 1369; x_wconf 93' lang='lat' dir='ltr'><strong>ut</strong></span> <span class='ocrx_word' id='word_1_205' title='bbox 2007 1316 2060 1369; x_wconf 90' lang='lat' dir='ltr'><strong>in</strong></span> <span class='ocrx_word' id='word_1_206' title='bbox 2110 1333 2416 1374; x_wconf 87' lang='lat' dir='ltr'><strong>sermonem</strong></span> <span class='ocrx_word' id='word_1_207' title='bbox 2472 1328 2622 1373; x_wconf 90' lang='lat' dir='ltr'><strong>tuum</strong></span> <span class='ocrx_word' id='word_1_208' title='bbox 2655 1321 3029 1390; x_wconf 82' lang='lat' dir='ltr'><strong>inquiramus?</strong></span> <span class='ocrx_word' id='word_1_209' title='bbox 3070 1320 3249 1382; x_wconf 86' lang='lat' dir='ltr'><strong>Belle,</strong></span> <span class='ocrx_word' id='word_1_210' title='bbox 3283 1318 3482 1385; x_wconf 86' lang='lat' dir='ltr'><strong>inquit,</strong></span> 
     </span>
    </p>
   </div>
   <div class='ocr_carea' id='block_1_29' title="bbox 1915 1409 3485 1482">
    <p class='ocr_par' dir='ltr' id='par_1_29' title="bbox 1915 1409 3485 1482">
     <span class='ocr_line' id='line_1_29' title="bbox 1915 1409 3485 1482; baseline 0.002 -21"><span class='ocrx_word' id='word_1_211' title='bbox 1915 1422 1978 1462; x_wconf 89' lang='lat' dir='ltr'><strong>ac</strong></span> <span class='ocrx_word' id='word_1_212' title='bbox 2008 1410 2310 1463; x_wconf 84' lang='lat' dir='ltr'><strong>commode.</strong></span> <span class='ocrx_word' id='word_1_213' title='bbox 2343 1409 2580 1466; x_wconf 80' lang='lat' dir='ltr'><strong>Rectene</strong></span> <span class='ocrx_word' id='word_1_214' title='bbox 2607 1427 2737 1465; x_wconf 84' lang='lat' dir='ltr'><strong>vero</strong></span> <span class='ocrx_word' id='word_1_215' title='bbox 2781 1427 2842 1466; x_wconf 91' lang='lat' dir='ltr'><strong>ac</strong></span> <span class='ocrx_word' id='word_1_216' title='bbox 2883 1413 3144 1482; x_wconf 75' lang='lat' dir='ltr'><strong>pi-zcclare</strong></span> <span class='ocrx_word' id='word_1_217' title='bbox 3183 1425 3374 1464; x_wconf 84' lang='lat' dir='ltr'><strong>censes</strong></span> <span class='ocrx_word' id='word_1_218' title='bbox 3418 1409 3485 1460; x_wconf 81' lang='lat' dir='ltr'><strong>ab</strong></span> 
     </span>
    </p>
   </div>
   <div class='ocr_carea' id='block_1_30' title="bbox 1914 1499 3482 1571">
    <p class='ocr_par' dir='ltr' id='par_1_30' title="bbox 1914 1499 3482 1571">
     <span class='ocr_line' id='line_1_30' title="bbox 1914 1499 3482 1571; baseline 0.001 -21"><span class='ocrx_word' id='word_1_219' title='bbox 1914 1511 1980 1550; x_wconf 91' lang='lat' dir='ltr'><strong>eo</strong></span> <span class='ocrx_word' id='word_1_220' title='bbox 2013 1499 2248 1568; x_wconf 90' lang='lat' dir='ltr'><strong>positum</strong></span> <span class='ocrx_word' id='word_1_221' title='bbox 2287 1501 2489 1570; x_wconf 90' lang='lat' dir='ltr'><strong>aliquid</strong></span> <span class='ocrx_word' id='word_1_222' title='bbox 2511 1541 2524 1565; x_wconf 92' lang='lat'><strong>,</strong></span> <span class='ocrx_word' id='word_1_223' title='bbox 2559 1502 2653 1570; x_wconf 90' lang='lat' dir='ltr'><strong>qui</strong></span> <span class='ocrx_word' id='word_1_224' title='bbox 2706 1501 2809 1555; x_wconf 83' lang='lat' dir='ltr'><strong>sibi</strong></span> <span class='ocrx_word' id='word_1_225' title='bbox 2849 1503 2953 1571; x_wconf 88' lang='lat' dir='ltr'><strong>ipsi</strong></span> <span class='ocrx_word' id='word_1_226' title='bbox 2992 1501 3264 1556; x_wconf 87' lang='lat' dir='ltr'><strong>contraria</strong></span> <span class='ocrx_word' id='word_1_227' title='bbox 3297 1515 3359 1554; x_wconf 89' lang='lat' dir='ltr'><strong>ac</strong></span> <span class='ocrx_word' id='word_1_228' title='bbox 3386 1515 3482 1568; x_wconf 84' lang='lat' dir='ltr'><strong>pa-</strong></span> 
     </span>
    </p>
   </div>
   <div class='ocr_carea' id='block_1_31' title="bbox 227 1568 3482 1662">
    <p class='ocr_par' dir='ltr' id='par_1_31' title="bbox 227 1568 3482 1662">
     <span class='ocr_line' id='line_1_31' title="bbox 227 1568 3482 1662; baseline 0.009 -47"><span class='ocrx_word' id='word_1_229' title='bbox 227 1577 354 1618; x_wconf 88' lang='lat' dir='ltr'><strong>rum</strong></span> <span class='ocrx_word' id='word_1_230' title='bbox 409 1568 738 1626; x_wconf 83' lang='lat' dir='ltr'><strong>cohaerentia</strong></span> <span class='ocrx_word' id='word_1_231' title='bbox 814 1574 1074 1646; x_wconf 84' lang='lat' dir='ltr'><strong>loquatur</strong></span> <span class='ocrx_word' id='word_1_232' title='bbox 1096 1586 1124 1633; x_wconf 74' lang='grc' dir='ltr'><strong>’ἰ</strong></span> <span class='ocrx_word' id='word_1_233' title='bbox 1187 1579 1408 1637; x_wconf 78' lang='lat' dir='ltr'><strong>Minime</strong></span> <span class='ocrx_word' id='word_1_234' title='bbox 1461 1599 1634 1651; x_wconf 85' lang='lat' dir='ltr'><strong>sane,</strong></span> <span class='ocrx_word' id='word_1_235' title='bbox 1684 1587 1842 1642; x_wconf 81' lang='lat' dir='ltr'><strong>dixit.</strong></span> <span class='ocrx_word' id='word_1_236' title='bbox 1899 1590 2041 1657; x_wconf 86' lang='lat' dir='ltr'><strong>Quid</strong></span> <span class='ocrx_word' id='word_1_237' title='bbox 2094 1594 2291 1662; x_wconf 82' lang='lat' dir='ltr'><strong>igitur?</strong></span> <span class='ocrx_word' id='word_1_238' title='bbox 2345 1568 2485 1648; x_wconf 71' lang='lat' dir='ltr'><strong>Num</strong></span> <span class='ocrx_word' id='word_1_239' title='bbox 2523 1568 2623 1649; x_wconf 83' lang='lat' dir='ltr'><strong>tibi</strong></span> <span class='ocrx_word' id='word_1_240' title='bbox 2673 1568 2907 1650; x_wconf 78' lang='lat' dir='ltr'><strong>absurde</strong></span> <span class='ocrx_word' id='word_1_241' title='bbox 2949 1595 3037 1649; x_wconf 91' lang='lat' dir='ltr'><strong>ille</strong></span> <span class='ocrx_word' id='word_1_242' title='bbox 3089 1595 3369 1649; x_wconf 76' lang='lat' dir='ltr'><strong>veritatem</strong></span> <span class='ocrx_word' id='word_1_243' title='bbox 3408 1593 3482 1648; x_wconf 79' lang='lat' dir='ltr'><strong>si-</strong></span> 
     </span>
    </p>
   </div>
   <div class='ocr_carea' id='block_1_32' title="bbox 227 1662 3484 1764">
    <p class='ocr_par' dir='ltr' id='par_1_32' title="bbox 227 1662 3484 1764">
     <span class='ocr_line' id='line_1_32' title="bbox 227 1662 3484 1764; baseline 0.01 -53"><span class='ocrx_word' id='word_1_244' title='bbox 227 1662 473 1763; x_wconf 79' lang='lat' dir='ltr'><strong>mulasse</strong></span> <span class='ocrx_word' id='word_1_245' title='bbox 499 1667 759 1724; x_wconf 87' lang='lat' dir='ltr'><strong>videtur?</strong></span> <span class='ocrx_word' id='word_1_246' title='bbox 794 1672 1047 1740; x_wconf 89' lang='lat' dir='ltr'><strong>Omnino,</strong></span> <span class='ocrx_word' id='word_1_247' title='bbox 1087 1679 1386 1746; x_wconf 86' lang='lat' dir='ltr'><strong>respondit.</strong></span> <span class='ocrx_word' id='word_1_248' title='bbox 1413 1680 1490 1737; x_wconf 82' lang='lat' dir='ltr'><strong>Ne</strong></span> <span class='ocrx_word' id='word_1_249' title='bbox 1518 1698 1642 1738; x_wconf 90' lang='lat' dir='ltr'><strong>eum</strong></span> <span class='ocrx_word' id='word_1_250' title='bbox 1675 1686 1895 1755; x_wconf 90' lang='lat' dir='ltr'><strong>quidem</strong></span> <span class='ocrx_word' id='word_1_251' title='bbox 1938 1689 2105 1761; x_wconf 79' lang='lat' dir='ltr'><strong>igitur</strong></span> <span class='ocrx_word' id='word_1_252' title='bbox 2131 1692 2362 1761; x_wconf 89' lang='lat' dir='ltr'><strong>probare</strong></span> <span class='ocrx_word' id='word_1_253' title='bbox 2397 1701 2569 1762; x_wconf 91' lang='lat' dir='ltr'><strong>potes,</strong></span> <span class='ocrx_word' id='word_1_254' title='bbox 2621 1693 2708 1764; x_wconf 85' lang='lat' dir='ltr'><strong>qui</strong></span> <span class='ocrx_word' id='word_1_255' title='bbox 2754 1693 2946 1748; x_wconf 90' lang='lat' dir='ltr'><strong>delicta</strong></span> <span class='ocrx_word' id='word_1_256' title='bbox 2996 1692 3063 1745; x_wconf 92' lang='lat' dir='ltr'><strong>ad</strong></span> <span class='ocrx_word' id='word_1_257' title='bbox 3116 1691 3311 1746; x_wconf 78' lang='lat' dir='ltr'><strong>falsum</strong></span> <span class='ocrx_word' id='word_1_258' title='bbox 3357 1704 3484 1743; x_wconf 84' lang='lat' dir='ltr'><strong>ora-</strong></span> 
     </span>
    </p>
   </div>
   <div class='ocr_carea' id='block_1_33' title="bbox 223 1752 2254 1852">
    <p class='ocr_par' dir='ltr' id='par_1_33' title="bbox 223 1752 2254 1852">
     <span class='ocr_line' id='line_1_33' title="bbox 223 1752 2254 1852; baseline 0.017 -49"><span class='ocrx_word' id='word_1_259' title='bbox 223 1752 394 1852; x_wconf 76' lang='lat' dir='ltr'><strong>tionis</strong></span> <span class='ocrx_word' id='word_1_260' title='bbox 416 1769 741 1817; x_wconf 89' lang='lat' dir='ltr'><strong>concentum</strong></span> <span class='ocrx_word' id='word_1_261' title='bbox 766 1772 927 1835; x_wconf 85' lang='lat' dir='ltr'><strong>atque</strong></span> <span class='ocrx_word' id='word_1_262' title='bbox 949 1767 1288 1825; x_wconf 85' lang='lat' dir='ltr'><strong>harmoniam</strong></span> <span class='ocrx_word' id='word_1_263' title='bbox 1314 1773 1599 1830; x_wconf 78' lang='lat' dir='ltr'><strong>intendat?</strong></span> <span class='ocrx_word' id='word_1_264' title='bbox 1619 1752 1800 1846; x_wconf 75' lang='lat' dir='ltr'><strong>Nullo,</strong></span> <span class='ocrx_word' id='word_1_265' title='bbox 1838 1752 2034 1852; x_wconf 69' lang='lat' dir='ltr'><strong>inquit,</strong></span> <span class='ocrx_word' id='word_1_266' title='bbox 2073 1752 2254 1840; x_wconf 79' lang='lat' dir='ltr'><strong>modo.</strong></span> 
     </span>
    </p>
   </div>
   <div class='ocr_carea' id='block_1_34' title="bbox 291 1845 1796 1946">
    <p class='ocr_par' dir='ltr' id='par_1_34' title="bbox 291 1845 1796 1932">
     <span class='ocr_line' id='line_1_34' title="bbox 291 1845 1796 1932; baseline 0.017 -36"><span class='ocrx_word' id='word_1_267' title='bbox 291 1845 504 1900; x_wconf 80' lang='grc' dir='ltr'>Οὐκοῦν</span> <span class='ocrx_word' id='word_1_268' title='bbox 525 1849 643 1904; x_wconf 81' lang='grc' dir='ltr'>οὐδὲ</span> <span class='ocrx_word' id='word_1_269' title='bbox 665 1856 892 1909; x_wconf 82' lang='grc' dir='ltr'><strong>σεαυτοῦ</strong></span> <span class='ocrx_word' id='word_1_270' title='bbox 923 1857 1172 1927; x_wconf 90' lang='grc' dir='ltr'>λέγοντος</span> <span class='ocrx_word' id='word_1_271' title='bbox 1196 1861 1470 1932; x_wconf 81' lang='grc' dir='ltr'><strong>ἀμούσως,</strong></span> <span class='ocrx_word' id='word_1_272' title='bbox 1488 1866 1594 1917; x_wconf 82' lang='grc' dir='ltr'>οὐδ’</span> <span class='ocrx_word' id='word_1_273' title='bbox 1623 1868 1796 1921; x_wconf 81' lang='grc' dir='ltr'>ὁτιοῦν</span> 
     </span>
    </p>
   </div>
   <div class='ocr_carea' id='block_1_35' title="bbox 1911 1845 3480 1946">
    <p class='ocr_par' dir='ltr' id='par_1_35' title="bbox 1914 1845 3480 1946">
     <span class='ocr_line' id='line_1_35' title="bbox 1914 1845 3480 1946; baseline 0.001 -24"><span class='ocrx_word' id='word_1_274' title='bbox 1914 1845 1927 1852; x_wconf 40' lang='grc'><strong>⁷</strong></span> <span class='ocrx_word' id='word_1_275' title='bbox 1973 1845 2141 1942; x_wconf 82' lang='lat' dir='ltr'><strong>Igitur</strong></span> <span class='ocrx_word' id='word_1_276' title='bbox 2184 1889 2250 1928; x_wconf 92' lang='lat' dir='ltr'><strong>ne</strong></span> <span class='ocrx_word' id='word_1_277' title='bbox 2293 1881 2343 1928; x_wconf 92' lang='lat' dir='ltr'><strong>te</strong></span> <span class='ocrx_word' id='word_1_278' title='bbox 2387 1875 2564 1946; x_wconf 90' lang='lat' dir='ltr'><strong>ipsum</strong></span> <span class='ocrx_word' id='word_1_279' title='bbox 2608 1874 2826 1945; x_wconf 87' lang='lat' dir='ltr'><strong>quidem</strong></span> <span class='ocrx_word' id='word_1_280' title='bbox 2866 1870 3181 1944; x_wconf 79' lang='lat' dir='ltr'><strong>probaveris</strong></span> <span class='ocrx_word' id='word_1_281' title='bbox 3239 1872 3329 1941; x_wconf 89' lang='lat' dir='ltr'><strong>qui</strong></span> <span class='ocrx_word' id='word_1_282' title='bbox 3371 1881 3480 1924; x_wconf 87' lang='lat' dir='ltr'><strong>tam</strong></span> 
     </span>
    </p>
   </div>
   <div class='ocr_carea' id='block_1_36' title="bbox 219 1931 1806 2026">
    <p class='ocr_par' dir='ltr' id='par_1_36' title="bbox 219 1931 1806 2026">
     <span class='ocr_line' id='line_1_36' title="bbox 219 1931 1806 2026; baseline 0.018 -42"><span class='ocrx_word' id='word_1_283' title='bbox 219 1931 504 2026; x_wconf 76' lang='grc' dir='ltr'>ἀποδείξῃ.</span> <span class='ocrx_word' id='word_1_284' title='bbox 565 1941 699 2006; x_wconf 74' lang='lat' dir='ltr'><strong>Aab;</strong></span> <span class='ocrx_word' id='word_1_285' title='bbox 750 1945 888 2018; x_wconf 83' lang='grc' dir='ltr'>γὰρ’</span> <span class='ocrx_word' id='word_1_286' title='bbox 921 1948 1227 2020; x_wconf 89' lang='grc' dir='ltr'>άσωμάτως</span> <span class='ocrx_word' id='word_1_287' title='bbox 1282 1955 1659 2026; x_wconf 82' lang='grc' dir='ltr'><strong>ἡμαρτηκέναι</strong></span> <span class='ocrx_word' id='word_1_288' title='bbox 1707 1959 1806 2023; x_wconf 83' lang='grc' dir='ltr'>τὰς</span> 
     </span>
    </p>
   </div>
   <div class='ocr_carea' id='block_1_37' title="bbox 219 2023 1816 2116">
    <p class='ocr_par' dir='ltr' id='par_1_37' title="bbox 219 2023 1816 2116">
     <span class='ocr_line' id='line_1_37' title="bbox 219 2023 1816 2116; baseline 0.014 -37"><span class='ocrx_word' id='word_1_289' title='bbox 219 2023 422 2116; x_wconf 68' lang='grc' dir='ltr'>ψυχάς,</span> <span class='ocrx_word' id='word_1_290' title='bbox 463 2030 870 2101; x_wconf 87' lang='grc' dir='ltr'>ἀποσφαλείσας</span> <span class='ocrx_word' id='word_1_291' title='bbox 904 2039 1003 2109; x_wconf 80' lang='grc' dir='ltr'><strong>τῆς</strong></span> <span class='ocrx_word' id='word_1_292' title='bbox 1045 2041 1281 2112; x_wconf 76' lang='grc' dir='ltr'>ἐντολῆς,</span> <span class='ocrx_word' id='word_1_293' title='bbox 1307 2023 1421 2099; x_wconf 61' lang='grc' dir='ltr'>καί.</span> <span class='ocrx_word' id='word_1_294' title='bbox 1467 2023 1682 2116; x_wconf 74' lang='grc' dir='ltr'>φράσας</span> <span class='ocrx_word' id='word_1_295' title='bbox 1719 2049 1816 2102; x_wconf 77' lang='grc' dir='ltr'><strong>διὰ</strong></span> 
     </span>
    </p>
   </div>
   <div class='ocr_carea' id='block_1_38' title="bbox 219 2115 1808 2212">
    <p class='ocr_par' dir='ltr' id='par_1_38' title="bbox 219 2115 1808 2212">
     <span class='ocr_line' id='line_1_38' title="bbox 219 2115 1808 2212; baseline 0.016 -44"><span class='ocrx_word' id='word_1_296' title='bbox 219 2115 322 2187; x_wconf 79' lang='grc' dir='ltr'>τὴν</span> <span class='ocrx_word' id='word_1_297' title='bbox 355 2122 585 2191; x_wconf 82' lang='grc' dir='ltr'>ἀνομίαν</span> <span class='ocrx_word' id='word_1_298' title='bbox 622 2127 746 2190; x_wconf 83' lang='grc' dir='ltr'>τοὺς</span> <span class='ocrx_word' id='word_1_299' title='bbox 784 2123 1017 2198; x_wconf 81' lang='grc' dir='ltr'>χιτῶνας</span> <span class='ocrx_word' id='word_1_300' title='bbox 1047 2133 1238 2196; x_wconf 84' lang='grc' dir='ltr'>αὐταῖς</span> <span class='ocrx_word' id='word_1_301' title='bbox 1278 2132 1503 2206; x_wconf 77' lang='grc' dir='ltr'>ὕστερον</span> <span class='ocrx_word' id='word_1_302' title='bbox 1531 2138 1657 2202; x_wconf 80' lang='grc' dir='ltr'>τοὺς</span> <span class='ocrx_word' id='word_1_303' title='bbox 1686 2140 1808 2212; x_wconf 81' lang='grc' dir='ltr'>δερ-</span> 
     </span>
    </p>
   </div>
   <div class='ocr_carea' id='block_1_39' title="bbox 222 2209 1807 2301">
    <p class='ocr_par' dir='ltr' id='par_1_39' title="bbox 222 2209 1807 2301">
     <span class='ocr_line' id='line_1_39' title="bbox 222 2209 1807 2301; baseline 0.015 -41"><span class='ocrx_word' id='word_1_304' title='bbox 222 2209 486 2277; x_wconf 87' lang='grc' dir='ltr'>ματίνους</span> <span class='ocrx_word' id='word_1_305' title='bbox 519 2213 807 2272; x_wconf 85' lang='grc' dir='ltr'>δεδωκέναι</span> <span class='ocrx_word' id='word_1_306' title='bbox 840 2221 932 2273; x_wconf 83' lang='grc' dir='ltr'>τὸν</span> <span class='ocrx_word' id='word_1_307' title='bbox 969 2221 1119 2289; x_wconf 86' lang='grc' dir='ltr'>Θεὸν,</span> <span class='ocrx_word' id='word_1_308' title='bbox 1157 2225 1244 2278; x_wconf 77' lang='grc' dir='ltr'>ἵνα</span> <span class='ocrx_word' id='word_1_309' title='bbox 1275 2224 1428 2296; x_wconf 85' lang='grc' dir='ltr'>δίκην</span> <span class='ocrx_word' id='word_1_310' title='bbox 1449 2209 1807 2301; x_wconf 64' lang='grc' dir='ltr'>νεκροφοροῧ-</span> 
     </span>
    </p>
   </div>
   <div class='ocr_carea' id='block_1_40' title="bbox 220 2305 1801 2393">
    <p class='ocr_par' dir='ltr' id='par_1_40' title="bbox 220 2305 1801 2393">
     <span class='ocr_line' id='line_1_40' title="bbox 220 2305 1801 2393; baseline 0.015 -41"><span class='ocrx_word' id='word_1_311' title='bbox 220 2317 314 2353; x_wconf 91' lang='grc' dir='ltr'><strong>σαι</strong></span> <span class='ocrx_word' id='word_1_312' title='bbox 347 2305 691 2393; x_wconf 84' lang='grc' dir='ltr'><strong>παράσχωσι,</strong></span> <span class='ocrx_word' id='word_1_313' title='bbox 715 2311 946 2380; x_wconf 85' lang='grc' dir='ltr'>χιτῶνας</span> <span class='ocrx_word' id='word_1_314' title='bbox 977 2314 1044 2367; x_wconf 84' lang='grc' dir='ltr'>τὰ</span> <span class='ocrx_word' id='word_1_315' title='bbox 1076 2314 1299 2386; x_wconf 88' lang='grc' dir='ltr'>σώματα</span> <span class='ocrx_word' id='word_1_316' title='bbox 1333 2319 1564 2388; x_wconf 87' lang='grc' dir='ltr'>φράσας,</span> <span class='ocrx_word' id='word_1_317' title='bbox 1591 2322 1801 2393; x_wconf 83' lang='grc' dir='ltr'>προῖόν-</span> 
     </span>
    </p>
   </div>
   <div class='ocr_carea' id='block_1_41' title="bbox 216 2392 1805 2483">
    <p class='ocr_par' dir='ltr' id='par_1_41' title="bbox 216 2392 1805 2483">
     <span class='ocr_line' id='line_1_41' title="bbox 216 2392 1805 2483; baseline 0.016 -42"><span class='ocrx_word' id='word_1_318' title='bbox 216 2407 312 2483; x_wconf 84' lang='grc' dir='ltr'><strong>τος</strong></span> <span class='ocrx_word' id='word_1_319' title='bbox 339 2392 434 2446; x_wconf 85' lang='grc' dir='ltr'>τοῦ</span> <span class='ocrx_word' id='word_1_320' title='bbox 463 2395 620 2465; x_wconf 85' lang='grc' dir='ltr'>λόγου</span> <span class='ocrx_word' id='word_1_321' title='bbox 654 2401 1062 2473; x_wconf 79' lang='grc' dir='ltr'>ἐπιλαθόμενος,</span> <span class='ocrx_word' id='word_1_322' title='bbox 1093 2405 1129 2459; x_wconf 78' lang='grc' dir='ltr'>ἃ</span> <span class='ocrx_word' id='word_1_323' title='bbox 1149 2407 1209 2459; x_wconf 84' lang='grc' dir='ltr'>τὸ</span> <span class='ocrx_word' id='word_1_324' title='bbox 1231 2407 1446 2477; x_wconf 89' lang='grc' dir='ltr'>πρῶτον</span> <span class='ocrx_word' id='word_1_325' title='bbox 1477 2392 1698 2476; x_wconf 72' lang='grc' dir='ltr'>ὑπέθου,</span> <span class='ocrx_word' id='word_1_326' title='bbox 1731 2412 1805 2483; x_wconf 82' lang='grc' dir='ltr'>μὴ</span> 
     </span>
    </p>
   </div>
   <div class='ocr_carea' id='block_1_42' title="bbox 217 2482 1801 2572">
    <p class='ocr_par' dir='ltr' id='par_1_42' title="bbox 217 2482 1801 2572">
     <span class='ocr_line' id='line_1_42' title="bbox 217 2482 1801 2572; baseline 0.016 -39"><span class='ocrx_word' id='word_1_327' title='bbox 217 2482 479 2540; x_wconf 82' lang='grc' dir='ltr'>δύνασθαι</span> <span class='ocrx_word' id='word_1_328' title='bbox 510 2490 631 2542; x_wconf 79' lang='grc' dir='ltr'>καθ’</span> <span class='ocrx_word' id='word_1_329' title='bbox 660 2493 857 2564; x_wconf 81' lang='grc' dir='ltr'>ἑαυτὴν</span> <span class='ocrx_word' id='word_1_330' title='bbox 895 2495 995 2567; x_wconf 86' lang='grc' dir='ltr'>τὴν</span> <span class='ocrx_word' id='word_1_331' title='bbox 1032 2497 1209 2568; x_wconf 76' lang='grc' dir='ltr'>ψυχὴν</span> <span class='ocrx_word' id='word_1_332' title='bbox 1251 2500 1564 2572; x_wconf 83' lang='grc' dir='ltr'>ἀμαρτῆσαι</span> <span class='ocrx_word' id='word_1_333' title='bbox 1604 2482 1801 2571; x_wconf 67' lang='grc' dir='ltr'>λέγεις,</span> 
     </span>
    </p>
   </div>
   <div class='ocr_carea' id='block_1_43' title="bbox 221 2573 1805 2662">
    <p class='ocr_par' dir='ltr' id='par_1_43' title="bbox 221 2573 1805 2662">
     <span class='ocr_line' id='line_1_43' title="bbox 221 2573 1805 2662; baseline 0.015 -40"><span class='ocrx_word' id='word_1_334' title='bbox 221 2573 300 2624; x_wconf 84' lang='grc' dir='ltr'><strong>Οὐ</strong></span> <span class='ocrx_word' id='word_1_335' title='bbox 337 2577 640 2642; x_wconf 81' lang='grc' dir='ltr'>πεφυκέναι</span> <span class='ocrx_word' id='word_1_336' title='bbox 673 2579 780 2652; x_wconf 87' lang='grc' dir='ltr'><strong>γὰρ</strong></span> <span class='ocrx_word' id='word_1_337' title='bbox 812 2583 949 2647; x_wconf 82' lang='grc' dir='ltr'>ὅλως</span> <span class='ocrx_word' id='word_1_338' title='bbox 979 2585 1116 2656; x_wconf 90' lang='grc' dir='ltr'>πρὸς</span> <span class='ocrx_word' id='word_1_339' title='bbox 1146 2585 1322 2651; x_wconf 86' lang='grc' dir='ltr'>τοῦτο,</span> <span class='ocrx_word' id='word_1_340' title='bbox 1352 2589 1488 2642; x_wconf 81' lang='grc' dir='ltr'>ἀλλὰ</span> <span class='ocrx_word' id='word_1_341' title='bbox 1516 2591 1805 2662; x_wconf 85' lang='grc' dir='ltr'>παραίτιον</span> 
     </span>
    </p>
   </div>
   <div class='ocr_carea' id='block_1_44' title="bbox 217 2663 1805 2754">
    <p class='ocr_par' dir='ltr' id='par_1_44' title="bbox 217 2663 1805 2754">
     <span class='ocr_line' id='line_1_44' title="bbox 217 2663 1805 2754; baseline 0.014 -40"><span class='ocrx_word' id='word_1_342' title='bbox 217 2663 361 2754; x_wconf 61' lang='grc' dir='ltr'><strong>αὸτῇ</strong></span> <span class='ocrx_word' id='word_1_343' title='bbox 393 2669 662 2723; x_wconf 83' lang='grc' dir='ltr'>παντοίων</span> <span class='ocrx_word' id='word_1_344' title='bbox 691 2672 878 2727; x_wconf 87' lang='grc' dir='ltr'>κακῶν</span> <span class='ocrx_word' id='word_1_345' title='bbox 897 2675 956 2728; x_wconf 87' lang='grc' dir='ltr'>τὸ</span> <span class='ocrx_word' id='word_1_346' title='bbox 980 2675 1138 2747; x_wconf 89' lang='grc' dir='ltr'>σῶμα</span> <span class='ocrx_word' id='word_1_347' title='bbox 1157 2679 1458 2746; x_wconf 82' lang='grc' dir='ltr'>γεγονέναι.</span> <span class='ocrx_word' id='word_1_348' title='bbox 1485 2681 1645 2734; x_wconf 85' lang='grc' dir='ltr'><strong>Ὅθεν</strong></span> <span class='ocrx_word' id='word_1_349' title='bbox 1671 2683 1805 2754; x_wconf 87' lang='grc' dir='ltr'>πρὸς</span> 
     </span>
    </p>
   </div>
   <div class='ocr_carea' id='block_1_45' title="bbox 216 2750 1800 2843">
    <p class='ocr_par' dir='ltr' id='par_1_45' title="bbox 216 2750 1800 2843">
     <span class='ocr_line' id='line_1_45' title="bbox 216 2750 1800 2843; baseline 0.016 -40"><span class='ocrx_word' id='word_1_350' title='bbox 216 2750 872 2843; x_wconf 68' lang='grc' dir='ltr'>τδμὴπαρορμηθῆναι</span> <span class='ocrx_word' id='word_1_351' title='bbox 925 2767 1062 2838; x_wconf 81' lang='grc' dir='ltr'>πρὸς</span> <span class='ocrx_word' id='word_1_352' title='bbox 1112 2768 1324 2823; x_wconf 83' lang='grc' dir='ltr'>ἀδικίαν</span> <span class='ocrx_word' id='word_1_353' title='bbox 1382 2772 1570 2843; x_wconf 84' lang='grc' dir='ltr'>αὐτὴν,</span> <span class='ocrx_word' id='word_1_354' title='bbox 1626 2750 1800 2840; x_wconf 80' lang='grc' dir='ltr'>αὖθις,</span> 
     </span>
    </p>
   </div>
   <div class='ocr_carea' id='block_1_46' title="bbox 218 2842 1804 2934">
    <p class='ocr_par' dir='ltr' id='par_1_46' title="bbox 218 2842 1804 2934">
     <span class='ocr_line' id='line_1_46' title="bbox 218 2842 1804 2934; baseline 0.016 -40"><span class='ocrx_word' id='word_1_355' title='bbox 218 2842 477 2917; x_wconf 85' lang='grc' dir='ltr'>καθάπερ</span> <span class='ocrx_word' id='word_1_356' title='bbox 511 2851 706 2923; x_wconf 83' lang='grc' dir='ltr'>συνέϐη</span> <span class='ocrx_word' id='word_1_357' title='bbox 747 2855 838 2908; x_wconf 83' lang='grc' dir='ltr'>καὶ</span> <span class='ocrx_word' id='word_1_358' title='bbox 872 2856 1104 2928; x_wconf 78' lang='grc' dir='ltr'>πρόσθεν</span> <span class='ocrx_word' id='word_1_359' title='bbox 1135 2860 1239 2912; x_wconf 84' lang='grc' dir='ltr'><strong>ὑπὸ</strong></span> <span class='ocrx_word' id='word_1_360' title='bbox 1282 2861 1376 2914; x_wconf 81' lang='grc' dir='ltr'>τοῦ</span> <span class='ocrx_word' id='word_1_361' title='bbox 1408 2842 1679 2934; x_wconf 82' lang='grc' dir='ltr'>σώματος,</span> <span class='ocrx_word' id='word_1_362' title='bbox 1715 2864 1804 2918; x_wconf 77' lang='grc' dir='ltr'><strong>οὔ·</strong></span> 
     </span>
    </p>
   </div>
   <div class='ocr_carea' id='block_1_47' title="bbox 215 2938 1799 3024">
    <p class='ocr_par' dir='ltr' id='par_1_47' title="bbox 215 2938 1799 3024">
     <span class='ocr_line' id='line_1_47' title="bbox 215 2938 1799 3024; baseline 0.016 -40"><span class='ocrx_word' id='word_1_363' title='bbox 215 2938 441 3000; x_wconf 77' lang='grc' dir='ltr'>τωςοείς</span> <span class='ocrx_word' id='word_1_364' title='bbox 489 2942 616 3004; x_wconf 81' lang='grc' dir='ltr'>τοὺς</span> <span class='ocrx_word' id='word_1_365' title='bbox 657 2943 860 3009; x_wconf 75' lang='grc' dir='ltr'>αἰῶνας</span> <span class='ocrx_word' id='word_1_366' title='bbox 915 2948 1086 3019; x_wconf 78' lang='grc' dir='ltr'>αὐτὴν</span> <span class='ocrx_word' id='word_1_367' title='bbox 1140 2949 1356 3006; x_wconf 79' lang='grc' dir='ltr'>ἔσεσθαι</span> <span class='ocrx_word' id='word_1_368' title='bbox 1403 2955 1574 3024; x_wconf 71' lang='grc' dir='ltr'>χωρὶς</span> <span class='ocrx_word' id='word_1_369' title='bbox 1616 2956 1799 3010; x_wconf 83' lang='grc' dir='ltr'>αὐτοῦ.</span> 
     </span>
    </p>
   </div>
   <div class='ocr_carea' id='block_1_48' title="bbox 217 3026 1804 3118">
    <p class='ocr_par' dir='ltr' id='par_1_48' title="bbox 217 3026 1804 3118">
     <span class='ocr_line' id='line_1_48' title="bbox 217 3026 1804 3118; baseline 0.015 -40"><span class='ocrx_word' id='word_1_370' title='bbox 217 3026 416 3082; x_wconf 79' lang='grc' dir='ltr'>Καίτοι</span> <span class='ocrx_word' id='word_1_371' title='bbox 444 3033 654 3103; x_wconf 87' lang='grc' dir='ltr'>πρῶτον</span> <span class='ocrx_word' id='word_1_372' title='bbox 683 3038 850 3092; x_wconf 77' lang='grc' dir='ltr'>εἰπὼν</span> <span class='ocrx_word' id='word_1_373' title='bbox 883 3041 940 3093; x_wconf 79' lang='grc' dir='ltr'>ἐν</span> <span class='ocrx_word' id='word_1_374' title='bbox 968 3041 1045 3112; x_wconf 83' lang='grc' dir='ltr'>τῷ</span> <span class='ocrx_word' id='word_1_375' title='bbox 1077 3045 1390 3116; x_wconf 84' lang='grc' dir='ltr'>παραδείσῳ</span> <span class='ocrx_word' id='word_1_376' title='bbox 1425 3048 1530 3118; x_wconf 87' lang='grc' dir='ltr'>πρὸ</span> <span class='ocrx_word' id='word_1_377' title='bbox 1562 3048 1655 3100; x_wconf 85' lang='grc' dir='ltr'>τοῦ</span> <span class='ocrx_word' id='word_1_378' title='bbox 1698 3049 1804 3102; x_wconf 84' lang='grc' dir='ltr'><strong>σώ-</strong></span> 
     </span>
    </p>
   </div>
   <div class='ocr_carea' id='block_1_49' title="bbox 219 3123 1799 3211">
    <p class='ocr_par' dir='ltr' id='par_1_49' title="bbox 219 3123 1799 3211">
     <span class='ocr_line' id='line_1_49' title="bbox 219 3123 1799 3211; baseline 0.013 -39"><span class='ocrx_word' id='word_1_379' title='bbox 219 3137 394 3190; x_wconf 89' lang='grc' dir='ltr'>ματος</span> <span class='ocrx_word' id='word_1_380' title='bbox 416 3123 513 3194; x_wconf 78' lang='grc' dir='ltr'><strong>τὴν</strong></span> <span class='ocrx_word' id='word_1_381' title='bbox 534 3125 729 3198; x_wconf 76' lang='grc' dir='ltr'>ψυχὴν.</span> <span class='ocrx_word' id='word_1_382' title='bbox 751 3131 910 3184; x_wconf 86' lang='grc' dir='ltr'>ὁπότε</span> <span class='ocrx_word' id='word_1_383' title='bbox 941 3131 1021 3186; x_wconf 79' lang='grc' dir='ltr'>ἔτι</span> <span class='ocrx_word' id='word_1_384' title='bbox 1055 3136 1298 3206; x_wconf 88' lang='grc' dir='ltr'>μακαρία</span> <span class='ocrx_word' id='word_1_385' title='bbox 1326 3138 1418 3190; x_wconf 75' lang='grc' dir='ltr'>καὶ</span> <span class='ocrx_word' id='word_1_386' title='bbox 1451 3138 1688 3210; x_wconf 85' lang='grc' dir='ltr'>ἀναλγὴς</span> <span class='ocrx_word' id='word_1_387' title='bbox 1711 3137 1799 3211; x_wconf 81' lang='grc' dir='ltr'>ἦν,</span> 
     </span>
    </p>
   </div>
   <div class='ocr_carea' id='block_1_50' title="bbox 1911 1959 3487 2036">
    <p class='ocr_par' dir='ltr' id='par_1_50' title="bbox 1911 1959 3487 2036">
     <span class='ocr_line' id='line_1_50' title="bbox 1911 1959 3487 2036; baseline -0.003 -22"><span class='ocrx_word' id='word_1_388' title='bbox 1911 1961 2148 2018; x_wconf 84' lang='lat' dir='ltr'><strong>absurde</strong></span> <span class='ocrx_word' id='word_1_389' title='bbox 2191 1963 2434 2034; x_wconf 89' lang='lat' dir='ltr'><strong>loquare.</strong></span> <span class='ocrx_word' id='word_1_390' title='bbox 2500 1963 2636 2017; x_wconf 89' lang='lat' dir='ltr'><strong>Nam</strong></span> <span class='ocrx_word' id='word_1_391' title='bbox 2668 1979 2790 2017; x_wconf 87' lang='lat' dir='ltr'><strong>cum</strong></span> <span class='ocrx_word' id='word_1_392' title='bbox 2823 1976 3079 2036; x_wconf 83' lang='lat' dir='ltr'><strong>peccasse</strong></span> <span class='ocrx_word' id='word_1_393' title='bbox 3108 1959 3254 2014; x_wconf 81' lang='lat' dir='ltr'><strong>citra</strong></span> <span class='ocrx_word' id='word_1_394' title='bbox 3283 1975 3487 2028; x_wconf 78' lang='lat' dir='ltr'><strong>corpus</strong></span> 
     </span>
    </p>
   </div>
   <div class='ocr_carea' id='block_1_51' title="bbox 1909 2053 3485 2120">
    <p class='ocr_par' dir='ltr' id='par_1_51' title="bbox 1909 2053 3485 2120">
     <span class='ocr_line' id='line_1_51' title="bbox 1909 2053 3485 2120; baseline 0 -16"><span class='ocrx_word' id='word_1_395' title='bbox 1909 2053 2121 2107; x_wconf 90' lang='lat' dir='ltr'><strong>animas</strong></span> <span class='ocrx_word' id='word_1_396' title='bbox 2162 2054 2559 2120; x_wconf 89' lang='lat' dir='ltr'><strong>concessisses,</strong></span> <span class='ocrx_word' id='word_1_397' title='bbox 2589 2070 2651 2107; x_wconf 89' lang='lat' dir='ltr'><strong>ac</strong></span> <span class='ocrx_word' id='word_1_398' title='bbox 2682 2054 2995 2108; x_wconf 88' lang='lat' dir='ltr'><strong>mandatum</strong></span> <span class='ocrx_word' id='word_1_399' title='bbox 3032 2067 3152 2109; x_wconf 86' lang='lat' dir='ltr'><strong>esse</strong></span> <span class='ocrx_word' id='word_1_400' title='bbox 3180 2061 3485 2120; x_wconf 76' lang='lat' dir='ltr'><strong>transgres~</strong></span> 
     </span>
    </p>
   </div>
   <div class='ocr_carea' id='block_1_52' title="bbox 1909 2143 3482 2215">
    <p class='ocr_par' dir='ltr' id='par_1_52' title="bbox 1909 2143 3482 2215">
     <span class='ocr_line' id='line_1_52' title="bbox 1909 2143 3482 2215; baseline 0.001 -20"><span class='ocrx_word' id='word_1_401' title='bbox 1909 2157 2024 2208; x_wconf 87' lang='lat' dir='ltr'><strong>sas,</strong></span> <span class='ocrx_word' id='word_1_402' title='bbox 2072 2152 2236 2213; x_wconf 90' lang='lat' dir='ltr'><strong>atque</strong></span> <span class='ocrx_word' id='word_1_403' title='bbox 2281 2145 2351 2198; x_wconf 92' lang='lat' dir='ltr'><strong>ob</strong></span> <span class='ocrx_word' id='word_1_404' title='bbox 2394 2146 2444 2199; x_wconf 92' lang='lat' dir='ltr'><strong>id</strong></span> <span class='ocrx_word' id='word_1_405' title='bbox 2491 2153 2775 2215; x_wconf 86' lang='lat' dir='ltr'><strong>peccatum</strong></span> <span class='ocrx_word' id='word_1_406' title='bbox 2825 2152 3065 2200; x_wconf 90' lang='lat' dir='ltr'><strong>scortcas</strong></span> <span class='ocrx_word' id='word_1_407' title='bbox 3112 2144 3218 2197; x_wconf 88' lang='lat' dir='ltr'><strong>illis</strong></span> <span class='ocrx_word' id='word_1_408' title='bbox 3267 2143 3482 2196; x_wconf 85' lang='lat' dir='ltr'><strong>tunicas</strong></span> 
     </span>
    </p>
   </div>
   <div class='ocr_carea' id='block_1_53' title="bbox 1908 2232 3482 2306">
    <p class='ocr_par' dir='ltr' id='par_1_53' title="bbox 1908 2232 3482 2306">
     <span class='ocr_line' id='line_1_53' title="bbox 1908 2232 3482 2306; baseline -0.002 -20"><span class='ocrx_word' id='word_1_409' title='bbox 1908 2232 2178 2288; x_wconf 89' lang='lat' dir='ltr'><strong>obtulisse</strong></span> <span class='ocrx_word' id='word_1_410' title='bbox 2205 2233 2393 2301; x_wconf 85' lang='lat' dir='ltr'><strong>Deum,</strong></span> <span class='ocrx_word' id='word_1_411' title='bbox 2425 2244 2482 2289; x_wconf 90' lang='lat' dir='ltr'><strong>ut</strong></span> <span class='ocrx_word' id='word_1_412' title='bbox 2505 2251 2567 2290; x_wconf 89' lang='lat' dir='ltr'><strong>ea</strong></span> <span class='ocrx_word' id='word_1_413' title='bbox 2597 2244 2936 2291; x_wconf 82' lang='lat' dir='ltr'><strong>mortuorum</strong></span> <span class='ocrx_word' id='word_1_414' title='bbox 2963 2236 3265 2306; x_wconf 82' lang='lat' dir='ltr'><strong>gestatione</strong></span> <span class='ocrx_word' id='word_1_415' title='bbox 3290 2248 3482 2302; x_wconf 74' lang='lat' dir='ltr'><strong>pmnas</strong></span> 
     </span>
    </p>
   </div>
   <div class='ocr_carea' id='block_1_54' title="bbox 1913 2325 3481 2395">
    <p class='ocr_par' dir='ltr' id='par_1_54' title="bbox 1913 2325 3481 2395">
     <span class='ocr_line' id='line_1_54' title="bbox 1913 2325 3481 2395; baseline 0.001 -16"><span class='ocrx_word' id='word_1_416' title='bbox 1913 2325 2324 2395; x_wconf 86' lang='lat' dir='ltr'><strong>persolverent;</strong></span> <span class='ocrx_word' id='word_1_417' title='bbox 2387 2327 2605 2383; x_wconf 86' lang='lat' dir='ltr'><strong>tunicas</strong></span> <span class='ocrx_word' id='word_1_418' title='bbox 2662 2329 2804 2382; x_wconf 85' lang='lat' dir='ltr'><strong>enim</strong></span> <span class='ocrx_word' id='word_1_419' title='bbox 2856 2331 2988 2383; x_wconf 88' lang='lat' dir='ltr'><strong>istas</strong></span> <span class='ocrx_word' id='word_1_420' title='bbox 3039 2326 3106 2381; x_wconf 92' lang='lat' dir='ltr'><strong>de</strong></span> <span class='ocrx_word' id='word_1_421' title='bbox 3157 2327 3481 2395; x_wconf 85' lang='lat' dir='ltr'><strong>corporibus</strong></span> 
     </span>
    </p>
   </div>
   <div class='ocr_carea' id='block_1_55' title="bbox 1907 2416 3478 2490">
    <p class='ocr_par' dir='ltr' id='par_1_55' title="bbox 1907 2416 3478 2490">
     <span class='ocr_line' id='line_1_55' title="bbox 1907 2416 3478 2490; baseline 0.001 -20"><span class='ocrx_word' id='word_1_422' title='bbox 1907 2417 2329 2487; x_wconf 90' lang='lat' dir='ltr'><strong>interpretaris,</strong></span> <span class='ocrx_word' id='word_1_423' title='bbox 2387 2434 2513 2474; x_wconf 92' lang='lat' dir='ltr'><strong>cum</strong></span> <span class='ocrx_word' id='word_1_424' title='bbox 2575 2419 2721 2482; x_wconf 71' lang='lat' dir='ltr'><strong>haec,</strong></span> <span class='ocrx_word' id='word_1_425' title='bbox 2801 2416 3056 2490; x_wconf 89' lang='lat' dir='ltr'><strong>inquam,</strong></span> <span class='ocrx_word' id='word_1_426' title='bbox 3111 2417 3478 2478; x_wconf 83' lang='lat' dir='ltr'><strong>asscruisses,</strong></span> 
     </span>
    </p>
   </div>
   <div class='ocr_carea' id='block_1_56' title="bbox 1907 2510 3480 2583">
    <p class='ocr_par' dir='ltr' id='par_1_56' title="bbox 1907 2510 3480 2583">
     <span class='ocr_line' id='line_1_56' title="bbox 1907 2510 3480 2583; baseline -0.002 -19"><span class='ocrx_word' id='word_1_427' title='bbox 1907 2510 2287 2580; x_wconf 84' lang='lat' dir='ltr'><strong>progrediente</strong></span> <span class='ocrx_word' id='word_1_428' title='bbox 2333 2511 2592 2583; x_wconf 87' lang='lat' dir='ltr'><strong>deinceps</strong></span> <span class='ocrx_word' id='word_1_429' title='bbox 2639 2513 2919 2576; x_wconf 88' lang='lat' dir='ltr'><strong>oratione,</strong></span> <span class='ocrx_word' id='word_1_430' title='bbox 2951 2512 3098 2565; x_wconf 87' lang='lat' dir='ltr'><strong>velut</strong></span> <span class='ocrx_word' id='word_1_431' title='bbox 3121 2525 3308 2564; x_wconf 89' lang='lat' dir='ltr'><strong>eorum</strong></span> <span class='ocrx_word' id='word_1_432' title='bbox 3359 2525 3480 2578; x_wconf 73' lang='lat' dir='ltr'><strong>qua:</strong></span> 
     </span>
    </p>
   </div>
   <div class='ocr_carea' id='block_1_57' title="bbox 1907 2605 3480 2672">
    <p class='ocr_par' dir='ltr' id='par_1_57' title="bbox 1907 2605 3480 2672">
     <span class='ocr_line' id='line_1_57' title="bbox 1907 2605 3480 2672; baseline -0.002 -17"><span class='ocrx_word' id='word_1_433' title='bbox 1907 2611 2062 2657; x_wconf 85' lang='lat' dir='ltr'><strong>antea</strong></span> <span class='ocrx_word' id='word_1_434' title='bbox 2111 2618 2479 2672; x_wconf 88' lang='lat' dir='ltr'><strong>proposueras</strong></span> <span class='ocrx_word' id='word_1_435' title='bbox 2528 2605 2730 2660; x_wconf 89' lang='lat' dir='ltr'><strong>oblitus</strong></span> <span class='ocrx_word' id='word_1_436' title='bbox 2761 2645 2775 2670; x_wconf 93' lang='lat'><strong>,</strong></span> <span class='ocrx_word' id='word_1_437' title='bbox 2839 2619 2944 2658; x_wconf 89' lang='lat' dir='ltr'><strong>non</strong></span> <span class='ocrx_word' id='word_1_438' title='bbox 3005 2617 3166 2672; x_wconf 89' lang='lat' dir='ltr'><strong>posse</strong></span> <span class='ocrx_word' id='word_1_439' title='bbox 3217 2615 3312 2670; x_wconf 86' lang='lat' dir='ltr'><strong>per</strong></span> <span class='ocrx_word' id='word_1_440' title='bbox 3359 2615 3480 2653; x_wconf 86' lang='lat' dir='ltr'><strong>sese</strong></span> 
     </span>
    </p>
   </div>
   <div class='ocr_carea' id='block_1_58' title="bbox 1906 2689 3480 2764">
    <p class='ocr_par' dir='ltr' id='par_1_58' title="bbox 1906 2689 3480 2764">
     <span class='ocr_line' id='line_1_58' title="bbox 1906 2689 3480 2764; baseline -0.003 -20"><span class='ocrx_word' id='word_1_441' title='bbox 1906 2692 2142 2746; x_wconf 86' lang='lat' dir='ltr'><strong>animam</strong></span> <span class='ocrx_word' id='word_1_442' title='bbox 2171 2707 2412 2762; x_wconf 51' lang='lat' dir='ltr'><strong>,peccare</strong></span> <span class='ocrx_word' id='word_1_443' title='bbox 2449 2693 2783 2749; x_wconf 83' lang='lat' dir='ltr'><strong>conﬁrmas:</strong></span> <span class='ocrx_word' id='word_1_444' title='bbox 2815 2693 2980 2764; x_wconf 78' lang='lat'><strong>566</strong></span> <span class='ocrx_word' id='word_1_445' title='bbox 3025 2708 3199 2760; x_wconf 90' lang='lat' dir='ltr'><strong>neque</strong></span> <span class='ocrx_word' id='word_1_446' title='bbox 3233 2689 3377 2746; x_wconf 91' lang='lat' dir='ltr'><strong>enim</strong></span> <span class='ocrx_word' id='word_1_447' title='bbox 3411 2689 3480 2741; x_wconf 88' lang='lat' dir='ltr'><strong>ad</strong></span> 
     </span>
    </p>
   </div>
   <div class='ocr_carea' id='block_1_59' title="bbox 1906 2782 3481 2855">
    <p class='ocr_par' dir='ltr' id='par_1_59' title="bbox 1906 2782 3481 2855">
     <span class='ocr_line' id='line_1_59' title="bbox 1906 2782 3481 2855; baseline -0.003 -19"><span class='ocrx_word' id='word_1_448' title='bbox 1906 2782 1959 2836; x_wconf 90' lang='lat' dir='ltr'><strong>id</strong></span> <span class='ocrx_word' id='word_1_449' title='bbox 1989 2798 2018 2836; x_wconf 93' lang='lat' dir='ltr'><strong>a</strong></span> <span class='ocrx_word' id='word_1_450' title='bbox 2059 2794 2252 2838; x_wconf 90' lang='lat' dir='ltr'><strong>natura</strong></span> <span class='ocrx_word' id='word_1_451' title='bbox 2297 2800 2418 2840; x_wconf 90' lang='lat' dir='ltr'><strong>esse</strong></span> <span class='ocrx_word' id='word_1_452' title='bbox 2457 2794 2824 2855; x_wconf 87' lang='lat' dir='ltr'><strong>comparatam</strong></span> <span class='ocrx_word' id='word_1_453' title='bbox 2861 2827 2875 2850; x_wconf 93' lang='lat'><strong>,</strong></span> <span class='ocrx_word' id='word_1_454' title='bbox 2907 2784 3000 2839; x_wconf 89' lang='lat' dir='ltr'><strong>sed</strong></span> <span class='ocrx_word' id='word_1_455' title='bbox 3047 2784 3312 2837; x_wconf 88' lang='lat' dir='ltr'><strong>malorum</strong></span> <span class='ocrx_word' id='word_1_456' title='bbox 3371 2795 3481 2835; x_wconf 83' lang='lat' dir='ltr'><strong>om-</strong></span> 
     </span>
    </p>
   </div>
   <div class='ocr_carea' id='block_1_60' title="bbox 1906 2871 3480 2947">
    <p class='ocr_par' dir='ltr' id='par_1_60' title="bbox 1906 2871 3480 2947">
     <span class='ocr_line' id='line_1_60' title="bbox 1906 2871 3480 2947; baseline -0.004 -20"><span class='ocrx_word' id='word_1_457' title='bbox 1906 2873 2055 2927; x_wconf 88' lang='lat' dir='ltr'><strong>nium</strong></span> <span class='ocrx_word' id='word_1_458' title='bbox 2085 2890 2304 2931; x_wconf 88' lang='lat' dir='ltr'><strong>causam</strong></span> <span class='ocrx_word' id='word_1_459' title='bbox 2337 2876 2386 2930; x_wconf 91' lang='lat' dir='ltr'><strong>ei</strong></span> <span class='ocrx_word' id='word_1_460' title='bbox 2434 2891 2632 2947; x_wconf 89' lang='lat' dir='ltr'><strong>corpus</strong></span> <span class='ocrx_word' id='word_1_461' title='bbox 2671 2877 2938 2930; x_wconf 87' lang='lat' dir='ltr'><strong>attulisse.</strong></span> <span class='ocrx_word' id='word_1_462' title='bbox 2966 2875 3145 2940; x_wconf 84' lang='lat' dir='ltr'><strong>Quare</strong></span> <span class='ocrx_word' id='word_1_463' title='bbox 3186 2889 3251 2926; x_wconf 90' lang='lat' dir='ltr'><strong>ne</strong></span> <span class='ocrx_word' id='word_1_464' title='bbox 3285 2871 3350 2925; x_wconf 77' lang='lat' dir='ltr'><strong>ad</strong></span> <span class='ocrx_word' id='word_1_465' title='bbox 3382 2871 3480 2924; x_wconf 89' lang='lat' dir='ltr'><strong>im-</strong></span> 
     </span>
    </p>
   </div>
   <div class='ocr_carea' id='block_1_61' title="bbox 1906 2962 3477 3034">
    <p class='ocr_par' dir='ltr' id='par_1_61' title="bbox 1906 2962 3477 3034">
     <span class='ocr_line' id='line_1_61' title="bbox 1906 2962 3477 3034; baseline -0.003 -18"><span class='ocrx_word' id='word_1_466' title='bbox 1906 2964 2229 3031; x_wconf 86' lang='lat' dir='ltr'><strong>probitatem</strong></span> <span class='ocrx_word' id='word_1_467' title='bbox 2275 2965 2472 3019; x_wconf 90' lang='lat' dir='ltr'><strong>iterum</strong></span> <span class='ocrx_word' id='word_1_468' title='bbox 2518 2965 2794 3028; x_wconf 87' lang='lat' dir='ltr'><strong>incitetur,</strong></span> <span class='ocrx_word' id='word_1_469' title='bbox 2827 2962 3283 3034; x_wconf 86' lang='lat' dir='ltr'><strong>quemadmodum</strong></span> <span class='ocrx_word' id='word_1_470' title='bbox 3321 2965 3477 3012; x_wconf 72' lang='lat' dir='ltr'><strong>auten</strong></span> 
     </span>
    </p>
   </div>
   <div class='ocr_carea' id='block_1_62' title="bbox 1904 3049 3480 3127">
    <p class='ocr_par' dir='ltr' id='par_1_62' title="bbox 1904 3049 3480 3127">
     <span class='ocr_line' id='line_1_62' title="bbox 1904 3049 3480 3127; baseline -0.004 -19"><span class='ocrx_word' id='word_1_471' title='bbox 1904 3070 1966 3108; x_wconf 81' lang='lat' dir='ltr'><strong>ex</strong></span> <span class='ocrx_word' id='word_1_472' title='bbox 2020 3057 2342 3127; x_wconf 78' lang='lat' dir='ltr'><strong>contagione</strong></span> <span class='ocrx_word' id='word_1_473' title='bbox 2381 3058 2627 3127; x_wconf 85' lang='lat' dir='ltr'><strong>corporis</strong></span> <span class='ocrx_word' id='word_1_474' title='bbox 2679 3057 2966 3119; x_wconf 88' lang='lat' dir='ltr'><strong>acciderat,</strong></span> <span class='ocrx_word' id='word_1_475' title='bbox 3006 3056 3085 3108; x_wconf 91' lang='lat' dir='ltr'><strong>sic</strong></span> <span class='ocrx_word' id='word_1_476' title='bbox 3126 3053 3273 3106; x_wconf 86' lang='lat' dir='ltr'><strong>illam</strong></span> <span class='ocrx_word' id='word_1_477' title='bbox 3311 3049 3381 3104; x_wconf 90' lang='lat' dir='ltr'><strong>ab</strong></span> <span class='ocrx_word' id='word_1_478' title='bbox 3415 3065 3480 3103; x_wconf 89' lang='lat' dir='ltr'><strong>eo</strong></span> 
     </span>
    </p>
   </div>
   <div class='ocr_carea' id='block_1_63' title="bbox 1907 3145 3478 3219">
    <p class='ocr_par' dir='ltr' id='par_1_63' title="bbox 1907 3145 3478 3219">
     <span class='ocr_line' id='line_1_63' title="bbox 1907 3145 3478 3219; baseline -0.006 -15"><span class='ocrx_word' id='word_1_479' title='bbox 1907 3156 2214 3217; x_wconf 88' lang='lat' dir='ltr'><strong>separatam</strong></span> <span class='ocrx_word' id='word_1_480' title='bbox 2283 3159 2543 3219; x_wconf 88' lang='lat' dir='ltr'><strong>perpetuo</strong></span> <span class='ocrx_word' id='word_1_481' title='bbox 2607 3149 2866 3204; x_wconf 83' lang='lat' dir='ltr'><strong>futuram.</strong></span> <span class='ocrx_word' id='word_1_482' title='bbox 2921 3147 3085 3217; x_wconf 85' lang='lat' dir='ltr'><strong>Atqui</strong></span> <span class='ocrx_word' id='word_1_483' title='bbox 3134 3145 3296 3216; x_wconf 87' lang='lat' dir='ltr'><strong>paulo</strong></span> <span class='ocrx_word' id='word_1_484' title='bbox 3353 3150 3478 3196; x_wconf 84' lang='lat' dir='ltr'><strong>ante</strong></span> 
     </span>
    </p>
   </div>
   <div class='ocr_carea' id='block_1_64' title="bbox 215 3215 1796 3309">
    <p class='ocr_par' dir='ltr' id='par_1_64' title="bbox 215 3215 1796 3304">
     <span class='ocr_line' id='line_1_64' title="bbox 215 3215 1796 3304; baseline 0.014 -40"><span class='ocrx_word' id='word_1_485' title='bbox 215 3215 620 3286; x_wconf 79' lang='grc' dir='ltr'>ἡμαρτηκέναι.</span> <span class='ocrx_word' id='word_1_486' title='bbox 663 3223 964 3291; x_wconf 79' lang='grc' dir='ltr'>Παραϐἄσα</span> <span class='ocrx_word' id='word_1_487' title='bbox 1019 3227 1126 3297; x_wconf 74' lang='grc' dir='ltr'><strong>γὰρ</strong></span> <span class='ocrx_word' id='word_1_488' title='bbox 1177 3228 1274 3298; x_wconf 83' lang='grc' dir='ltr'>τὴν</span> <span class='ocrx_word' id='word_1_489' title='bbox 1322 3229 1562 3302; x_wconf 78' lang='grc' dir='ltr'>ἐντολὴν,</span> <span class='ocrx_word' id='word_1_490' title='bbox 1606 3249 1796 3304; x_wconf 87' lang='grc' dir='ltr'>κεκρα-</span> 
     </span>
    </p>
   </div>
   <div class='ocr_carea' id='block_1_65' title="bbox 1911 3215 3475 3309">
    <p class='ocr_par' dir='ltr' id='par_1_65' title="bbox 1911 3232 3475 3309">
     <span class='ocr_line' id='line_1_65' title="bbox 1911 3232 3475 3309; baseline -0.006 -18"><span class='ocrx_word' id='word_1_491' title='bbox 1911 3238 2171 3305; x_wconf 86' lang='lat' dir='ltr'><strong>dixeras,</strong></span> <span class='ocrx_word' id='word_1_492' title='bbox 2218 3241 2456 3294; x_wconf 88' lang='lat' dir='ltr'><strong>animam</strong></span> <span class='ocrx_word' id='word_1_493' title='bbox 2501 3248 2626 3294; x_wconf 88' lang='lat' dir='ltr'><strong>ante</strong></span> <span class='ocrx_word' id='word_1_494' title='bbox 2678 3255 2878 3309; x_wconf 88' lang='lat' dir='ltr'><strong>corpus</strong></span> <span class='ocrx_word' id='word_1_495' title='bbox 2922 3238 2976 3291; x_wconf 91' lang='lat' dir='ltr'><strong>in</strong></span> <span class='ocrx_word' id='word_1_496' title='bbox 3021 3236 3296 3307; x_wconf 87' lang='lat' dir='ltr'><strong>paradiso,</strong></span> <span class='ocrx_word' id='word_1_497' title='bbox 3346 3232 3475 3285; x_wconf 89' lang='lat' dir='ltr'><strong>dum</strong></span> 
     </span>
    </p>
   </div>
   <div class='ocr_carea' id='block_1_66' title="bbox 213 3305 1797 3396">
    <p class='ocr_par' dir='ltr' id='par_1_66' title="bbox 213 3305 1797 3396">
     <span class='ocr_line' id='line_1_66' title="bbox 213 3305 1797 3396; baseline 0.005 -27"><span class='ocrx_word' id='word_1_498' title='bbox 213 3305 464 3378; x_wconf 81' lang='grc' dir='ltr'>τημένης</span> <span class='ocrx_word' id='word_1_499' title='bbox 495 3308 516 3340; x_wconf 91' lang='grc'>³</span> <span class='ocrx_word' id='word_1_500' title='bbox 562 3311 664 3383; x_wconf 70' lang='grc' dir='ltr'>ἤδη</span> <span class='ocrx_word' id='word_1_501' title='bbox 710 3313 799 3368; x_wconf 84' lang='grc' dir='ltr'>διὰ</span> <span class='ocrx_word' id='word_1_502' title='bbox 849 3317 947 3387; x_wconf 83' lang='grc' dir='ltr'>τὴν</span> <span class='ocrx_word' id='word_1_503' title='bbox 1013 3318 1144 3388; x_wconf 84' lang='grc' dir='ltr'>πρὸς</span> <span class='ocrx_word' id='word_1_504' title='bbox 1195 3319 1282 3374; x_wconf 80' lang='grc' dir='ltr'><strong>τὸν</strong></span> <span class='ocrx_word' id='word_1_505' title='bbox 1319 3320 1442 3389; x_wconf 66' lang='grc' dir='ltr'>ὄφιν</span> <span class='ocrx_word' id='word_1_506' title='bbox 1490 3322 1660 3376; x_wconf 88' lang='grc' dir='ltr'>πειθὼ</span> <span class='ocrx_word' id='word_1_507' title='bbox 1699 3326 1797 3396; x_wconf 82' lang='grc' dir='ltr'><strong>τῆς</strong></span> 
     </span>
    </p>
   </div>
   <div class='ocr_carea' id='block_1_67' title="bbox 213 3396 1794 3486">
    <p class='ocr_par' dir='ltr' id='par_1_67' title="bbox 213 3396 1794 3486">
     <span class='ocr_line' id='line_1_67' title="bbox 213 3396 1794 3486; baseline 0.015 -39"><span class='ocrx_word' id='word_1_508' title='bbox 213 3396 511 3469; x_wconf 78' lang='grc' dir='ltr'>ἁμαρτίας,</span> <span class='ocrx_word' id='word_1_509' title='bbox 544 3402 742 3475; x_wconf 84' lang='grc' dir='ltr'>δεσμὸν</span> <span class='ocrx_word' id='word_1_510' title='bbox 774 3406 910 3478; x_wconf 76' lang='grc' dir='ltr'>αὐτῇ</span> <span class='ocrx_word' id='word_1_511' title='bbox 948 3408 1008 3459; x_wconf 88' lang='grc' dir='ltr'>τὸ</span> <span class='ocrx_word' id='word_1_512' title='bbox 1056 3408 1215 3479; x_wconf 85' lang='grc' dir='ltr'>σῶμα</span> <span class='ocrx_word' id='word_1_513' title='bbox 1251 3411 1493 3466; x_wconf 88' lang='grc' dir='ltr'>δεδόσθαι</span> <span class='ocrx_word' id='word_1_514' title='bbox 1536 3415 1794 3486; x_wconf 87' lang='grc' dir='ltr'>τιμωρόν.</span> 
     </span>
    </p>
   </div>
   <div class='ocr_carea' id='block_1_68' title="bbox 1907 3323 3478 3396">
    <p class='ocr_par' dir='ltr' id='par_1_68' title="bbox 1907 3323 3478 3396">
     <span class='ocr_line' id='line_1_68' title="bbox 1907 3323 3478 3396; baseline -0.004 -14"><span class='ocrx_word' id='word_1_515' title='bbox 1907 3329 2085 3385; x_wconf 88' lang='lat' dir='ltr'><strong>adhuc</strong></span> <span class='ocrx_word' id='word_1_516' title='bbox 2131 3330 2279 3396; x_wconf 78' lang='lat' dir='ltr'><strong>felix,</strong></span> <span class='ocrx_word' id='word_1_517' title='bbox 2315 3340 2368 3386; x_wconf 92' lang='lat' dir='ltr'><strong>et</strong></span> <span class='ocrx_word' id='word_1_518' title='bbox 2399 3349 2428 3384; x_wconf 85' lang='lat' dir='ltr'><strong>a</strong></span> <span class='ocrx_word' id='word_1_519' title='bbox 2457 3332 2644 3386; x_wconf 89' lang='lat' dir='ltr'><strong>dolore</strong></span> <span class='ocrx_word' id='word_1_520' title='bbox 2688 3331 2949 3386; x_wconf 89' lang='lat' dir='ltr'><strong>immunis</strong></span> <span class='ocrx_word' id='word_1_521' title='bbox 3000 3337 3168 3392; x_wconf 88' lang='lat' dir='ltr'><strong>esset,</strong></span> <span class='ocrx_word' id='word_1_522' title='bbox 3225 3339 3347 3380; x_wconf 86' lang='lat' dir='ltr'><strong>sese</strong></span> <span class='ocrx_word' id='word_1_523' title='bbox 3384 3323 3478 3376; x_wconf 89' lang='lat' dir='ltr'><strong>ob-</strong></span> 
     </span>
    </p>
   </div>
   <div class='ocr_carea' id='block_1_69' title="bbox 1906 3417 3477 3494">
    <p class='ocr_par' dir='ltr' id='par_1_69' title="bbox 1906 3417 3477 3494">
     <span class='ocr_line' id='line_1_69' title="bbox 1906 3417 3477 3494; baseline -0.006 -17"><span class='ocrx_word' id='word_1_524' title='bbox 1906 3423 2197 3478; x_wconf 77' lang='lat' dir='ltr'><strong>strinxisse</strong></span> <span class='ocrx_word' id='word_1_525' title='bbox 2257 3431 2502 3493; x_wconf 87' lang='lat' dir='ltr'><strong>peccato.</strong></span> <span class='ocrx_word' id='word_1_526' title='bbox 2563 3423 2774 3494; x_wconf 84' lang='lat' dir='ltr'><strong>Quippe</strong></span> <span class='ocrx_word' id='word_1_527' title='bbox 2827 3424 3031 3477; x_wconf 86' lang='lat' dir='ltr'><strong>violato</strong></span> <span class='ocrx_word' id='word_1_528' title='bbox 3071 3421 3160 3474; x_wconf 90' lang='lat' dir='ltr'><strong>Dei</strong></span> <span class='ocrx_word' id='word_1_529' title='bbox 3197 3417 3477 3477; x_wconf 85' lang='lat' dir='ltr'><strong>mandato,</strong></span> 
     </span>
    </p>
   </div>
   <div class='ocr_carea' id='block_1_70' title="bbox 215 3489 3480 3586">
    <p class='ocr_par' dir='ltr' id='par_1_70' title="bbox 215 3489 3480 3586">
     <span class='ocr_line' id='line_1_70' title="bbox 215 3489 3480 3586; baseline 0.008 -41"><span class='ocrx_word' id='word_1_530' title='bbox 215 3502 344 3542; x_wconf 89' lang='lat' dir='ltr'><strong>cum</strong></span> <span class='ocrx_word' id='word_1_531' title='bbox 367 3489 480 3558; x_wconf 85' lang='lat' dir='ltr'><strong>jam</strong></span> <span class='ocrx_word' id='word_1_532' title='bbox 517 3502 819 3561; x_wconf 83' lang='lat' dir='ltr'><strong>peccatum,</strong></span> <span class='ocrx_word' id='word_1_533' title='bbox 852 3511 951 3567; x_wconf 82' lang='lat' dir='ltr'><strong>pro</strong></span> <span class='ocrx_word' id='word_1_534' title='bbox 977 3513 1042 3552; x_wconf 88' lang='lat' dir='ltr'><strong>eo</strong></span> <span class='ocrx_word' id='word_1_535' title='bbox 1067 3501 1213 3568; x_wconf 92' lang='lat' dir='ltr'><strong>quod</strong></span> <span class='ocrx_word' id='word_1_536' title='bbox 1248 3503 1486 3573; x_wconf 85' lang='lat' dir='ltr'><strong>serpenti</strong></span> <span class='ocrx_word' id='word_1_537' title='bbox 1533 3516 1810 3575; x_wconf 89' lang='lat' dir='ltr'><strong>paruerat,</strong></span> <span class='ocrx_word' id='word_1_538' title='bbox 1847 3509 2186 3579; x_wconf 83' lang='lat' dir='ltr'><strong>invaluisset,</strong></span> <span class='ocrx_word' id='word_1_539' title='bbox 2221 3489 2422 3585; x_wconf 79' lang='lat' dir='ltr'><strong>corpus</strong></span> <span class='ocrx_word' id='word_1_540' title='bbox 2453 3515 2531 3568; x_wconf 91' lang='lat' dir='ltr'><strong>illi</strong></span> <span class='ocrx_word' id='word_1_541' title='bbox 2574 3489 2826 3586; x_wconf 78' lang='lat' dir='ltr'><strong>supplicii</strong></span> <span class='ocrx_word' id='word_1_542' title='bbox 2875 3514 2998 3567; x_wconf 89' lang='lat' dir='ltr'><strong>loco</strong></span> <span class='ocrx_word' id='word_1_543' title='bbox 3041 3509 3246 3571; x_wconf 78' lang='lat' dir='ltr'><strong>vinculi</strong></span> <span class='ocrx_word' id='word_1_544' title='bbox 3306 3507 3480 3562; x_wconf 73' lang='lat' dir='ltr'><strong>inslaf</strong></span> 
     </span>
    </p>
   </div>
   <div class='ocr_carea' id='block_1_71' title="bbox 214 3583 642 3641">
    <p class='ocr_par' dir='ltr' id='par_1_71' title="bbox 214 3583 642 3641">
     <span class='ocr_line' id='line_1_71' title="bbox 214 3583 642 3641; baseline 0.007 -3"><span class='ocrx_word' id='word_1_545' title='bbox 214 3583 642 3641; x_wconf 84' lang='lat' dir='ltr'><strong>circumdatum.</strong></span> 
     </span>
    </p>
   </div>
   <div class='ocr_carea' id='block_1_72' title="bbox 290 3674 1793 3763">
    <p class='ocr_par' dir='ltr' id='par_1_72' title="bbox 290 3674 1793 3763">
     <span class='ocr_line' id='line_1_72' title="bbox 290 3674 1793 3763; baseline 0.013 -36"><span class='ocrx_word' id='word_1_546' title='bbox 290 3674 458 3729; x_wconf 84' lang='grc' dir='ltr'>Ὥστε</span> <span class='ocrx_word' id='word_1_547' title='bbox 492 3677 525 3748; x_wconf 77' lang='grc' dir='ltr'>ἢ</span> <span class='ocrx_word' id='word_1_548' title='bbox 555 3679 616 3732; x_wconf 84' lang='grc' dir='ltr'>τὸ</span> <span class='ocrx_word' id='word_1_549' title='bbox 644 3681 904 3754; x_wconf 85' lang='grc' dir='ltr'>πρότερον</span> <span class='ocrx_word' id='word_1_550' title='bbox 932 3685 964 3756; x_wconf 85' lang='grc' dir='ltr'>ἢ</span> <span class='ocrx_word' id='word_1_551' title='bbox 1001 3686 1062 3739; x_wconf 84' lang='grc' dir='ltr'>τὸ</span> <span class='ocrx_word' id='word_1_552' title='bbox 1079 3686 1303 3760; x_wconf 75' lang='grc' dir='ltr'>ὕστερον</span> <span class='ocrx_word' id='word_1_553' title='bbox 1331 3689 1430 3744; x_wconf 80' lang='grc' dir='ltr'>οὐκ</span> <span class='ocrx_word' id='word_1_554' title='bbox 1467 3691 1640 3762; x_wconf 85' lang='grc' dir='ltr'>ὀρθῶς</span> <span class='ocrx_word' id='word_1_555' title='bbox 1663 3692 1793 3763; x_wconf 76' lang='grc' dir='ltr'>ἔχει.</span> 
     </span>
    </p>
   </div>
   <div class='ocr_carea' id='block_1_73' title="bbox 217 3767 1796 3856">
    <p class='ocr_par' dir='ltr' id='par_1_73' title="bbox 217 3767 1796 3856">
     <span class='ocr_line' id='line_1_73' title="bbox 217 3767 1796 3856; baseline 0.013 -38"><span class='ocrx_word' id='word_1_556' title='bbox 217 3767 378 3820; x_wconf 87' lang='grc' dir='ltr'>Ἤτοι</span> <span class='ocrx_word' id='word_1_557' title='bbox 413 3769 523 3841; x_wconf 74' lang='grc' dir='ltr'><strong>γὰρ</strong></span> <span class='ocrx_word' id='word_1_558' title='bbox 559 3772 666 3842; x_wconf 86' lang='grc' dir='ltr'>πρὸ</span> <span class='ocrx_word' id='word_1_559' title='bbox 697 3773 945 3844; x_wconf 87' lang='grc' dir='ltr'>σώματος</span> <span class='ocrx_word' id='word_1_560' title='bbox 981 3779 1217 3850; x_wconf 78' lang='grc' dir='ltr'>ἥμαρτε,</span> <span class='ocrx_word' id='word_1_561' title='bbox 1249 3782 1343 3834; x_wconf 79' lang='grc' dir='ltr'>καὶ</span> <span class='ocrx_word' id='word_1_562' title='bbox 1385 3782 1536 3836; x_wconf 82' lang='grc' dir='ltr'>οὐδέν</span> <span class='ocrx_word' id='word_1_563' title='bbox 1578 3802 1629 3837; x_wconf 90' lang='grc' dir='ltr'><strong>τι</strong></span> <span class='ocrx_word' id='word_1_564' title='bbox 1661 3785 1796 3856; x_wconf 82' lang='grc' dir='ltr'>μᾶλ-</span> 
     </span>
    </p>
   </div>
   <div class='ocr_carea' id='block_1_74' title="bbox 211 3858 1796 3945">
    <p class='ocr_par' dir='ltr' id='par_1_74' title="bbox 211 3858 1796 3945">
     <span class='ocr_line' id='line_1_74' title="bbox 211 3858 1796 3945; baseline 0.012 -35"><span class='ocrx_word' id='word_1_565' title='bbox 211 3858 326 3923; x_wconf 78' lang='grc' dir='ltr'>λον,</span> <span class='ocrx_word' id='word_1_566' title='bbox 357 3858 462 3912; x_wconf 73' lang='grc' dir='ltr'>κᾶν</span> <span class='ocrx_word' id='word_1_567' title='bbox 494 3861 568 3932; x_wconf 85' lang='grc' dir='ltr'>μὴ</span> <span class='ocrx_word' id='word_1_568' title='bbox 599 3862 735 3935; x_wconf 86' lang='grc' dir='ltr'>λάϐῃ</span> <span class='ocrx_word' id='word_1_569' title='bbox 784 3866 961 3938; x_wconf 82' lang='grc' dir='ltr'>σῶμα,</span> <span class='ocrx_word' id='word_1_570' title='bbox 1005 3870 1403 3943; x_wconf 81' lang='grc' dir='ltr'>ἁμαρτήσεται,</span> <span class='ocrx_word' id='word_1_571' title='bbox 1437 3874 1533 3926; x_wconf 80' lang='grc' dir='ltr'>καὶ</span> <span class='ocrx_word' id='word_1_572' title='bbox 1568 3875 1796 3945; x_wconf 91' lang='grc' dir='ltr'>μάταιος</span> 
     </span>
    </p>
   </div>
   <div class='ocr_carea' id='block_1_75' title="bbox 213 3951 1790 4042">
    <p class='ocr_par' dir='ltr' id='par_1_75' title="bbox 213 3951 1790 4042">
     <span class='ocr_line' id='line_1_75' title="bbox 213 3951 1790 4042; baseline 0.014 -41"><span class='ocrx_word' id='word_1_573' title='bbox 213 3951 252 4022; x_wconf 78' lang='grc' dir='ltr'>ἡ</span> <span class='ocrx_word' id='word_1_574' title='bbox 284 3952 417 4022; x_wconf 81' lang='grc' dir='ltr'>περὶ</span> <span class='ocrx_word' id='word_1_575' title='bbox 440 3952 534 4005; x_wconf 86' lang='grc' dir='ltr'>τοῦ</span> <span class='ocrx_word' id='word_1_576' title='bbox 568 3954 642 4026; x_wconf 81' lang='grc' dir='ltr'>μὴ</span> <span class='ocrx_word' id='word_1_577' title='bbox 677 3957 997 4014; x_wconf 85' lang='grc' dir='ltr'>ἀνίστασθαι</span> <span class='ocrx_word' id='word_1_578' title='bbox 1025 3962 1086 4014; x_wconf 78' lang='grc' dir='ltr'><strong>τὸ</strong></span> <span class='ocrx_word' id='word_1_579' title='bbox 1129 3961 1288 4034; x_wconf 88' lang='grc' dir='ltr'>σῶμα</span> <span class='ocrx_word' id='word_1_580' title='bbox 1317 3967 1726 4038; x_wconf 87' lang='grc' dir='ltr'>περισσολογία·</span> <span class='ocrx_word' id='word_1_581' title='bbox 1757 3970 1790 4042; x_wconf 82' lang='grc' dir='ltr'>ἢ</span> 
     </span>
    </p>
   </div>
   <div class='ocr_carea' id='block_1_76' title="bbox 213 4043 1794 4132">
    <p class='ocr_par' dir='ltr' id='par_1_76' title="bbox 213 4043 1794 4132">
     <span class='ocr_line' id='line_1_76' title="bbox 213 4043 1794 4132; baseline 0.014 -38"><span class='ocrx_word' id='word_1_582' title='bbox 213 4043 358 4113; x_wconf 75' lang='grc' dir='ltr'>μετὰ</span> <span class='ocrx_word' id='word_1_583' title='bbox 410 4043 682 4114; x_wconf 85' lang='grc' dir='ltr'>σώματος,</span> <span class='ocrx_word' id='word_1_584' title='bbox 722 4050 817 4103; x_wconf 74' lang='grc' dir='ltr'>καὶ</span> <span class='ocrx_word' id='word_1_585' title='bbox 857 4052 918 4104; x_wconf 86' lang='grc' dir='ltr'>οὐ</span> <span class='ocrx_word' id='word_1_586' title='bbox 973 4051 1430 4128; x_wconf 68' lang='grc' dir='ltr'>δύνανταισῶμα</span> <span class='ocrx_word' id='word_1_587' title='bbox 1473 4061 1520 4112; x_wconf 81' lang='grc' dir='ltr'>οἱ</span> <span class='ocrx_word' id='word_1_588' title='bbox 1572 4061 1794 4132; x_wconf 85' lang='grc' dir='ltr'>χιτῶνες</span> 
     </span>
    </p>
   </div>
   <div class='ocr_carea' id='block_1_77' title="bbox 212 4132 1797 4225">
    <p class='ocr_par' dir='ltr' id='par_1_77' title="bbox 212 4132 1797 4225">
     <span class='ocr_line' id='line_1_77' title="bbox 212 4132 1797 4225; baseline 0.014 -40"><span class='ocrx_word' id='word_1_589' title='bbox 212 4132 532 4205; x_wconf 77' lang='grc' dir='ltr'>νομίζεσθαι</span> <span class='ocrx_word' id='word_1_590' title='bbox 568 4133 703 4192; x_wconf 81' lang='grc' dir='ltr'>εἶναι</span> <span class='ocrx_word' id='word_1_591' title='bbox 742 4141 791 4193; x_wconf 90' lang='grc' dir='ltr'><strong>οί</strong></span> <span class='ocrx_word' id='word_1_592' title='bbox 827 4141 1154 4214; x_wconf 84' lang='grc' dir='ltr'>δερμάτινοιί</span> <span class='ocrx_word' id='word_1_593' title='bbox 1200 4148 1525 4218; x_wconf 81' lang='grc' dir='ltr'>Εὐρίσκεται</span> <span class='ocrx_word' id='word_1_594' title='bbox 1557 4153 1665 4225; x_wconf 84' lang='grc' dir='ltr'><strong>γὰρ</strong></span> <span class='ocrx_word' id='word_1_595' title='bbox 1693 4155 1797 4224; x_wconf 82' lang='grc' dir='ltr'>πρὸ</span> 
     </span>
    </p>
   </div>
   <div class='ocr_carea' id='block_1_78' title="bbox 211 4225 1792 4317">
    <p class='ocr_par' dir='ltr' id='par_1_78' title="bbox 211 4225 1792 4317">
     <span class='ocr_line' id='line_1_78' title="bbox 211 4225 1792 4317; baseline 0.014 -40"><span class='ocrx_word' id='word_1_596' title='bbox 211 4225 312 4296; x_wconf 84' lang='grc' dir='ltr'>τῆς</span> <span class='ocrx_word' id='word_1_597' title='bbox 355 4233 706 4317; x_wconf 75' lang='grc' dir='ltr'>κατασκευῆς</span> <span class='ocrx_word' id='word_1_598' title='bbox 735 4233 912 4317; x_wconf 80' lang='grc' dir='ltr'>αὐτῶν</span> <span class='ocrx_word' id='word_1_599' title='bbox 943 4235 1212 4309; x_wconf 83' lang='grc' dir='ltr'>ἀθετήσας</span> <span class='ocrx_word' id='word_1_600' title='bbox 1241 4241 1269 4291; x_wconf 94' lang='grc' dir='ltr'><strong>ὁ</strong></span> <span class='ocrx_word' id='word_1_601' title='bbox 1299 4240 1582 4312; x_wconf 82' lang='grc' dir='ltr'>ἅνθρωπος</span> <span class='ocrx_word' id='word_1_602' title='bbox 1616 4245 1792 4317; x_wconf 83' lang='grc' dir='ltr'>(πρὸς)</span> 
     </span>
    </p>
   </div>
   <div class='ocr_carea' id='block_1_79' title="bbox 211 4310 1796 4399">
    <p class='ocr_par' dir='ltr' id='par_1_79' title="bbox 211 4310 1796 4399">
     <span class='ocr_line' id='line_1_79' title="bbox 211 4310 1796 4399; baseline 0.013 -32"><span class='ocrx_word' id='word_1_603' title='bbox 211 4316 313 4387; x_wconf 78' lang='grc' dir='ltr'><strong>τὴν</strong></span> <span class='ocrx_word' id='word_1_604' title='bbox 345 4317 496 4370; x_wconf 90' lang='grc' dir='ltr'>θείαν</span> <span class='ocrx_word' id='word_1_605' title='bbox 534 4310 779 4392; x_wconf 70' lang='grc' dir='ltr'>ἐντολήν·</span> <span class='ocrx_word' id='word_1_606' title='bbox 815 4316 876 4376; x_wconf 74' lang='grc' dir='ltr'>οὗ</span> <span class='ocrx_word' id='word_1_607' title='bbox 919 4325 1012 4378; x_wconf 78' lang='grc' dir='ltr'><strong>καὶ</strong></span> <span class='ocrx_word' id='word_1_608' title='bbox 1056 4326 1215 4397; x_wconf 90' lang='grc' dir='ltr'>χάριν</span> <span class='ocrx_word' id='word_1_609' title='bbox 1262 4329 1310 4381; x_wconf 79' lang='grc' dir='ltr'>οἱ</span> <span class='ocrx_word' id='word_1_610' title='bbox 1359 4310 1582 4399; x_wconf 79' lang='grc' dir='ltr'>χιτῶνες</span> <span class='ocrx_word' id='word_1_611' title='bbox 1624 4310 1796 4386; x_wconf 54' lang='grc' dir='ltr'>άάταζ</span> 
     </span>
    </p>
   </div>
   <div class='ocr_carea' id='block_1_80' title="bbox 216 4411 1797 4493">
    <p class='ocr_par' dir='ltr' id='par_1_80' title="bbox 216 4411 1797 4493">
     <span class='ocr_line' id='line_1_80' title="bbox 216 4411 1797 4493; baseline 0.009 -32"><span class='ocrx_word' id='word_1_612' title='bbox 216 4411 594 4476; x_wconf 79' lang='grc' dir='ltr'>σκευάζονται,</span> <span class='ocrx_word' id='word_1_613' title='bbox 631 4411 730 4484; x_wconf 78' lang='grc' dir='ltr'>τὴν</span> <span class='ocrx_word' id='word_1_614' title='bbox 771 4414 1052 4485; x_wconf 87' lang='grc' dir='ltr'>γύμνωσιν</span> <span class='ocrx_word' id='word_1_615' title='bbox 1091 4418 1191 4488; x_wconf 79' lang='grc' dir='ltr'>τὴν</span> <span class='ocrx_word' id='word_1_616' title='bbox 1234 4418 1342 4472; x_wconf 78' lang='grc' dir='ltr'>ἀπὸ</span> <span class='ocrx_word' id='word_1_617' title='bbox 1373 4420 1474 4489; x_wconf 85' lang='grc' dir='ltr'>τῆς</span> <span class='ocrx_word' id='word_1_618' title='bbox 1524 4422 1797 4493; x_wconf 84' lang='grc' dir='ltr'>ἁμαρτίας</span> 
     </span>
    </p>
   </div>
   <div class='ocr_carea' id='block_1_81' title="bbox 213 4500 1797 4583">
    <p class='ocr_par' dir='ltr' id='par_1_81' title="bbox 213 4500 1797 4583">
     <span class='ocr_line' id='line_1_81' title="bbox 213 4500 1797 4583; baseline 0.009 -31"><span class='ocrx_word' id='word_1_619' title='bbox 213 4500 398 4554; x_wconf 87' lang='grc' dir='ltr'>αὐτῶν</span> <span class='ocrx_word' id='word_1_620' title='bbox 445 4505 886 4575; x_wconf 80' lang='grc' dir='ltr'>προσγενομένην</span> <span class='ocrx_word' id='word_1_621' title='bbox 945 4505 1292 4576; x_wconf 65' lang='grc' dir='ltr'>καλύψοντες.</span> <span class='ocrx_word' id='word_1_622' title='bbox 1354 4509 1518 4563; x_wconf 80' lang='grc' dir='ltr'>Ἀλλὰ</span> <span class='ocrx_word' id='word_1_623' title='bbox 1571 4513 1797 4583; x_wconf 88' lang='grc' dir='ltr'>πότερον</span> 
     </span>
    </p>
   </div>
   <div class='ocr_carea' id='block_1_82' title="bbox 215 4590 1800 4671">
    <p class='ocr_par' dir='ltr' id='par_1_82' title="bbox 215 4590 1800 4671">
     <span class='ocr_line' id='line_1_82' title="bbox 215 4590 1800 4671; baseline 0.008 -28"><span class='ocrx_word' id='word_1_624' title='bbox 215 4590 390 4644; x_wconf 89' lang='grc' dir='ltr'>πείθω</span> <span class='ocrx_word' id='word_1_625' title='bbox 421 4609 502 4658; x_wconf 86' lang='grc' dir='ltr'><strong>σε,</strong></span> <span class='ocrx_word' id='word_1_626' title='bbox 534 4596 628 4647; x_wconf 76' lang='grc' dir='ltr'>καὶ</span> <span class='ocrx_word' id='word_1_627' title='bbox 655 4597 806 4667; x_wconf 80' lang='grc' dir='ltr'>ὁρᾷς,</span> <span class='ocrx_word' id='word_1_628' title='bbox 834 4597 907 4661; x_wconf 86' lang='grc' dir='ltr'><strong>ὡς</strong></span> <span class='ocrx_word' id='word_1_629' title='bbox 935 4598 1112 4670; x_wconf 81' lang='grc' dir='ltr'>ἑαυτῷ</span> <span class='ocrx_word' id='word_1_630' title='bbox 1145 4600 1426 4671; x_wconf 81' lang='grc' dir='ltr'>μαχόμενα</span> <span class='ocrx_word' id='word_1_631' title='bbox 1457 4601 1678 4668; x_wconf 82' lang='grc' dir='ltr'>ὑπέθου,</span> <span class='ocrx_word' id='word_1_632' title='bbox 1705 4604 1800 4656; x_wconf 81' lang='grc' dir='ltr'><strong>καί</strong></span> 
     </span>
    </p>
   </div>
   <div class='ocr_carea' id='block_1_83' title="bbox 217 4685 1795 4765">
    <p class='ocr_par' dir='ltr' id='par_1_83' title="bbox 217 4685 1795 4765">
     <span class='ocr_line' id='line_1_83' title="bbox 217 4685 1795 4765; baseline 0.008 -28"><span class='ocrx_word' id='word_1_633' title='bbox 217 4701 301 4738; x_wconf 84' lang='grc' dir='ltr'><strong>σοι</strong></span> <span class='ocrx_word' id='word_1_634' title='bbox 350 4685 509 4739; x_wconf 81' lang='grc' dir='ltr'>τοῦτο</span> <span class='ocrx_word' id='word_1_635' title='bbox 545 4690 832 4760; x_wconf 83' lang='grc' dir='ltr'>γεγένηται</span> <span class='ocrx_word' id='word_1_636' title='bbox 872 4691 1072 4760; x_wconf 85' lang='grc' dir='ltr'>σαφές;</span> <span class='ocrx_word' id='word_1_637' title='bbox 1103 4693 1178 4745; x_wconf 86' lang='grc' dir='ltr'><strong><em>Ἦ</em></strong></span> <span class='ocrx_word' id='word_1_638' title='bbox 1227 4693 1436 4746; x_wconf 79' lang='grc' dir='ltr'>οὐδέπω</span> <span class='ocrx_word' id='word_1_639' title='bbox 1485 4695 1795 4765; x_wconf 86' lang='grc' dir='ltr'>μανθάνεις,</span> 
     </span>
    </p>
   </div>
   <div class='ocr_carea' id='block_1_84' title="bbox 214 4769 1799 4858">
    <p class='ocr_par' dir='ltr' id='par_1_84' title="bbox 214 4769 1799 4858">
     <span class='ocr_line' id='line_1_84' title="bbox 214 4769 1799 4858; baseline 0.006 -28"><span class='ocrx_word' id='word_1_640' title='bbox 214 4769 263 4830; x_wconf 80' lang='grc' dir='ltr'>ὧ</span> <span class='ocrx_word' id='word_1_641' title='bbox 304 4776 637 4845; x_wconf 81' lang='grc' dir='ltr'>Ἀγλαοφῶν,</span> <span class='ocrx_word' id='word_1_642' title='bbox 682 4780 848 4852; x_wconf 77' lang='grc' dir='ltr'>ἔφην,</span> <span class='ocrx_word' id='word_1_643' title='bbox 902 4782 932 4835; x_wconf 80' lang='grc' dir='ltr'><strong>ὃ</strong></span> <span class='ocrx_word' id='word_1_644' title='bbox 984 4782 1164 4852; x_wconf 90' lang='grc' dir='ltr'>λέγω;</span> <span class='ocrx_word' id='word_1_645' title='bbox 1205 4783 1490 4849; x_wconf 84' lang='grc' dir='ltr'>Μανθάνω,</span> <span class='ocrx_word' id='word_1_646' title='bbox 1539 4785 1664 4858; x_wconf 82' lang='grc' dir='ltr'>ἔφη,</span> <span class='ocrx_word' id='word_1_647' title='bbox 1705 4789 1799 4840; x_wconf 73' lang='grc' dir='ltr'>καὶ</span> 
     </span>
    </p>
   </div>
   <div class='ocr_carea' id='block_1_85' title="bbox 216 4864 1800 4941">
    <p class='ocr_par' dir='ltr' id='par_1_85' title="bbox 216 4864 1800 4941">
     <span class='ocr_line' id='line_1_85' title="bbox 216 4864 1800 4941; baseline 0.006 -21"><span class='ocrx_word' id='word_1_648' title='bbox 216 4864 402 4920; x_wconf 83' lang='grc' dir='ltr'>οὐκέτι</span> <span class='ocrx_word' id='word_1_649' title='bbox 432 4865 624 4936; x_wconf 89' lang='grc' dir='ltr'>δέομαι</span> <span class='ocrx_word' id='word_1_650' title='bbox 645 4869 894 4941; x_wconf 85' lang='grc' dir='ltr'>δεύτερον</span> <span class='ocrx_word' id='word_1_651' title='bbox 922 4872 1256 4927; x_wconf 82' lang='grc' dir='ltr'>ἀκούσασθαι</span> <span class='ocrx_word' id='word_1_652' title='bbox 1275 4891 1289 4904; x_wconf 90' lang='grc'><strong>·</strong></span> <span class='ocrx_word' id='word_1_653' title='bbox 1321 4873 1455 4927; x_wconf 87' lang='grc' dir='ltr'>ἀλλὰ</span> <span class='ocrx_word' id='word_1_654' title='bbox 1484 4873 1670 4928; x_wconf 79' lang='grc' dir='ltr'>ἔλαθον</span> <span class='ocrx_word' id='word_1_655' title='bbox 1699 4876 1800 4931; x_wconf 78' lang='grc' dir='ltr'>οὐκ</span> 
     </span>
    </p>
   </div>
   <div class='ocr_carea' id='block_1_86' title="bbox 218 4956 1796 5038">
    <p class='ocr_par' dir='ltr' id='par_1_86' title="bbox 218 4956 1796 5038">
     <span class='ocr_line' id='line_1_86' title="bbox 218 4956 1796 5038; baseline 0.011 -29"><span class='ocrx_word' id='word_1_656' title='bbox 218 4956 397 5028; x_wconf 85' lang='grc' dir='ltr'>ὀρθῶς</span> <span class='ocrx_word' id='word_1_657' title='bbox 425 4957 614 5012; x_wconf 80' lang='grc' dir='ltr'>είπών.</span> <span class='ocrx_word' id='word_1_658' title='bbox 661 4960 898 5032; x_wconf 81' lang='grc' dir='ltr'>Ἀνάγκη</span> <span class='ocrx_word' id='word_1_659' title='bbox 943 4962 1051 5034; x_wconf 89' lang='grc' dir='ltr'><strong>γάρ</strong></span> <span class='ocrx_word' id='word_1_660' title='bbox 1085 4981 1196 5034; x_wconf 89' lang='grc' dir='ltr'>μοι,</span> <span class='ocrx_word' id='word_1_661' title='bbox 1232 4965 1485 5018; x_wconf 85' lang='grc' dir='ltr'>δεδωκότι</span> <span class='ocrx_word' id='word_1_662' title='bbox 1514 4967 1640 5029; x_wconf 82' lang='grc' dir='ltr'>τοὺς</span> <span class='ocrx_word' id='word_1_663' title='bbox 1673 4966 1796 5038; x_wconf 84' lang='grc' dir='ltr'>δερ-</span> 
     </span>
    </p>
   </div>
   <div class='ocr_carea' id='block_1_87' title="bbox 224 5048 1799 5126">
    <p class='ocr_par' dir='ltr' id='par_1_87' title="bbox 224 5048 1799 5126">
     <span class='ocr_line' id='line_1_87' title="bbox 224 5048 1799 5126; baseline 0.006 -24"><span class='ocrx_word' id='word_1_664' title='bbox 224 5049 481 5119; x_wconf 87' lang='grc' dir='ltr'>ματίνους</span> <span class='ocrx_word' id='word_1_665' title='bbox 511 5049 744 5120; x_wconf 89' lang='grc' dir='ltr'>χιτῶνας</span> <span class='ocrx_word' id='word_1_666' title='bbox 791 5048 930 5108; x_wconf 81' lang='grc' dir='ltr'>εἶναι</span> <span class='ocrx_word' id='word_1_667' title='bbox 974 5054 1042 5107; x_wconf 86' lang='grc' dir='ltr'><strong>τὰ</strong></span> <span class='ocrx_word' id='word_1_668' title='bbox 1082 5054 1329 5126; x_wconf 86' lang='grc' dir='ltr'>σώματα,</span> <span class='ocrx_word' id='word_1_669' title='bbox 1361 5054 1662 5125; x_wconf 86' lang='grc' dir='ltr'>ὁμολογεῖν,</span> <span class='ocrx_word' id='word_1_670' title='bbox 1703 5057 1799 5111; x_wconf 69' lang='grc' dir='ltr'>καὶ</span> 
     </span>
    </p>
   </div>
   <div class='ocr_carea' id='block_1_88' title="bbox 223 5141 1800 5218">
    <p class='ocr_par' dir='ltr' id='par_1_88' title="bbox 223 5141 1800 5218">
     <span class='ocr_line' id='line_1_88' title="bbox 223 5141 1800 5218; baseline 0.004 -25"><span class='ocrx_word' id='word_1_671' title='bbox 223 5141 353 5212; x_wconf 72' lang='grc' dir='ltr'>πρὶν</span> <span class='ocrx_word' id='word_1_672' title='bbox 379 5143 460 5205; x_wconf 81' lang='grc' dir='ltr'><strong>εἰς</strong></span> <span class='ocrx_word' id='word_1_673' title='bbox 495 5143 558 5194; x_wconf 86' lang='grc' dir='ltr'>τὸ</span> <span class='ocrx_word' id='word_1_674' title='bbox 602 5142 760 5214; x_wconf 88' lang='grc' dir='ltr'>σῶμα</span> <span class='ocrx_word' id='word_1_675' title='bbox 796 5144 893 5216; x_wconf 84' lang='grc' dir='ltr'>τὴν</span> <span class='ocrx_word' id='word_1_676' title='bbox 925 5143 1102 5215; x_wconf 75' lang='grc' dir='ltr'>ψυχὴν</span> <span class='ocrx_word' id='word_1_677' title='bbox 1126 5146 1458 5217; x_wconf 79' lang='grc' dir='ltr'>ἐληλυθέναι,</span> <span class='ocrx_word' id='word_1_678' title='bbox 1489 5148 1800 5218; x_wconf 79' lang='grc' dir='ltr'>ἡμαρτηκέ-</span> 
     </span>
    </p>
   </div>
   <div class='ocr_carea' id='block_1_89' title="bbox 1978 3692 3481 3767">
    <p class='ocr_par' dir='ltr' id='par_1_89' title="bbox 1978 3692 3481 3767">
     <span class='ocr_line' id='line_1_89' title="bbox 1978 3692 3481 3767; baseline 0.001 -21"><span class='ocrx_word' id='word_1_679' title='bbox 1978 3692 2151 3763; x_wconf 87' lang='lat' dir='ltr'><strong>Igitur</strong></span> <span class='ocrx_word' id='word_1_680' title='bbox 2199 3695 2280 3748; x_wconf 87' lang='lat' dir='ltr'><strong>vel</strong></span> <span class='ocrx_word' id='word_1_681' title='bbox 2334 3695 2507 3767; x_wconf 89' lang='lat' dir='ltr'><strong>prius,</strong></span> <span class='ocrx_word' id='word_1_682' title='bbox 2568 3697 2652 3751; x_wconf 88' lang='lat' dir='ltr'><strong>vel</strong></span> <span class='ocrx_word' id='word_1_683' title='bbox 2709 3697 2983 3766; x_wconf 89' lang='lat' dir='ltr'><strong>posterius</strong></span> <span class='ocrx_word' id='word_1_684' title='bbox 3041 3709 3328 3765; x_wconf 84' lang='lat' dir='ltr'><strong>perperam</strong></span> <span class='ocrx_word' id='word_1_685' title='bbox 3364 3709 3394 3747; x_wconf 89' lang='lat' dir='ltr'><strong>a</strong></span> <span class='ocrx_word' id='word_1_686' title='bbox 3429 3705 3481 3748; x_wconf 89' lang='lat' dir='ltr'><strong>tc</strong></span> 
     </span>
    </p>
   </div>
   <div class='ocr_carea' id='block_1_90' title="bbox 1905 3777 3476 3858">
    <p class='ocr_par' dir='ltr' id='par_1_90' title="bbox 1905 3777 3476 3858">
     <span class='ocr_line' id='line_1_90' title="bbox 1905 3777 3476 3858; baseline 0 -21"><span class='ocrx_word' id='word_1_687' title='bbox 1905 3786 2142 3854; x_wconf 89' lang='lat' dir='ltr'><strong>positum</strong></span> <span class='ocrx_word' id='word_1_688' title='bbox 2193 3794 2296 3844; x_wconf 90' lang='lat' dir='ltr'><strong>est.</strong></span> <span class='ocrx_word' id='word_1_689' title='bbox 2350 3785 2484 3843; x_wconf 89' lang='lat' dir='ltr'><strong>Nam</strong></span> <span class='ocrx_word' id='word_1_690' title='bbox 2540 3795 2634 3841; x_wconf 88' lang='lat' dir='ltr'><strong>aut</strong></span> <span class='ocrx_word' id='word_1_691' title='bbox 2679 3794 2804 3841; x_wconf 89' lang='lat' dir='ltr'><strong>ante</strong></span> <span class='ocrx_word' id='word_1_692' title='bbox 2854 3801 3054 3855; x_wconf 89' lang='lat' dir='ltr'><strong>corpus</strong></span> <span class='ocrx_word' id='word_1_693' title='bbox 3098 3777 3476 3858; x_wconf 72' lang='lat' dir='ltr'><strong>deliquit,&#39;ac,</strong></span> 
     </span>
    </p>
   </div>
   <div class='ocr_carea' id='block_1_91' title="bbox 1905 3877 3481 3948">
    <p class='ocr_par' dir='ltr' id='par_1_91' title="bbox 1905 3877 3481 3948">
     <span class='ocr_line' id='line_1_91' title="bbox 1905 3877 3481 3948; baseline -0.001 -19"><span class='ocrx_word' id='word_1_694' title='bbox 1905 3877 2124 3932; x_wconf 89' lang='lat' dir='ltr'><strong>tametsi</strong></span> <span class='ocrx_word' id='word_1_695' title='bbox 2155 3893 2357 3948; x_wconf 90' lang='lat' dir='ltr'><strong>corpus</strong></span> <span class='ocrx_word' id='word_1_696' title='bbox 2395 3878 2617 3932; x_wconf 87' lang='lat' dir='ltr'><strong>minime</strong></span> <span class='ocrx_word' id='word_1_697' title='bbox 2649 3885 2914 3941; x_wconf 85' lang='lat' dir='ltr'><strong>resumat,</strong></span> <span class='ocrx_word' id='word_1_698' title='bbox 2959 3877 3315 3930; x_wconf 81' lang='lat' dir='ltr'><strong>nihilominus</strong></span> <span class='ocrx_word' id='word_1_699' title='bbox 3361 3891 3481 3945; x_wconf 88' lang='lat' dir='ltr'><strong>pec-</strong></span> 
     </span>
    </p>
   </div>
   <div class='ocr_carea' id='block_1_92' title="bbox 1903 3967 3478 4036">
    <p class='ocr_par' dir='ltr' id='par_1_92' title="bbox 1903 3967 3478 4036">
     <span class='ocr_line' id='line_1_92' title="bbox 1903 3967 3478 4036; baseline 0.001 -16"><span class='ocrx_word' id='word_1_700' title='bbox 1903 3967 2068 4034; x_wconf 88' lang='lat' dir='ltr'><strong>cabit,</strong></span> <span class='ocrx_word' id='word_1_701' title='bbox 2123 3977 2178 4022; x_wconf 86' lang='lat' dir='ltr'><strong>ct</strong></span> <span class='ocrx_word' id='word_1_702' title='bbox 2229 3969 2408 4023; x_wconf 89' lang='lat' dir='ltr'><strong>inanis</strong></span> <span class='ocrx_word' id='word_1_703' title='bbox 2453 3971 2556 4023; x_wconf 90' lang='lat' dir='ltr'><strong>erit</strong></span> <span class='ocrx_word' id='word_1_704' title='bbox 2602 3969 2781 4024; x_wconf 87' lang='lat' dir='ltr'><strong>omnis</strong></span> <span class='ocrx_word' id='word_1_705' title='bbox 2830 3969 2921 4022; x_wconf 84' lang='lat' dir='ltr'><strong>illa</strong></span> <span class='ocrx_word' id='word_1_706' title='bbox 2979 3976 3169 4022; x_wconf 86' lang='lat' dir='ltr'><strong>contra</strong></span> <span class='ocrx_word' id='word_1_707' title='bbox 3230 3967 3478 4036; x_wconf 86' lang='lat' dir='ltr'><strong>corporis</strong></span> 
     </span>
    </p>
   </div>
   <div class='ocr_carea' id='block_1_93' title="bbox 1903 4059 3479 4132">
    <p class='ocr_par' dir='ltr' id='par_1_93' title="bbox 1903 4059 3479 4132">
     <span class='ocr_line' id='line_1_93' title="bbox 1903 4059 3479 4132; baseline 0 -20"><span class='ocrx_word' id='word_1_708' title='bbox 1903 4059 2360 4115; x_wconf 88' lang='lat' dir='ltr'><strong>resurrectionem</strong></span> <span class='ocrx_word' id='word_1_709' title='bbox 2410 4076 2474 4115; x_wconf 90' lang='lat' dir='ltr'><strong>ac</strong></span> <span class='ocrx_word' id='word_1_710' title='bbox 2531 4077 2933 4132; x_wconf 83' lang='lat' dir='ltr'><strong>supervacanea</strong></span> <span class='ocrx_word' id='word_1_711' title='bbox 2992 4062 3334 4132; x_wconf 85' lang='lat' dir='ltr'><strong>disputatio:</strong></span> <span class='ocrx_word' id='word_1_712' title='bbox 3384 4068 3479 4112; x_wconf 89' lang='lat' dir='ltr'><strong>aut</strong></span> 
     </span>
    </p>
   </div>
   <div class='ocr_carea' id='block_1_94' title="bbox 1901 4153 3474 4222">
    <p class='ocr_par' dir='ltr' id='par_1_94' title="bbox 1901 4153 3474 4222">
     <span class='ocr_line' id='line_1_94' title="bbox 1901 4153 3474 4222; baseline 0.001 -18"><span class='ocrx_word' id='word_1_713' title='bbox 1901 4165 2026 4204; x_wconf 90' lang='lat' dir='ltr'><strong>cum</strong></span> <span class='ocrx_word' id='word_1_714' title='bbox 2079 4165 2310 4220; x_wconf 87' lang='lat' dir='ltr'><strong>corpore</strong></span> <span class='ocrx_word' id='word_1_715' title='bbox 2358 4154 2604 4221; x_wconf 85' lang='lat' dir='ltr'><strong>peccavit</strong></span> <span class='ocrx_word' id='word_1_716' title='bbox 2629 4193 2642 4218; x_wconf 94' lang='lat'><strong>,</strong></span> <span class='ocrx_word' id='word_1_717' title='bbox 2681 4165 2843 4222; x_wconf 87' lang='lat' dir='ltr'><strong>atque</strong></span> <span class='ocrx_word' id='word_1_718' title='bbox 2874 4154 2948 4207; x_wconf 89' lang='lat' dir='ltr'><strong>ita</strong></span> <span class='ocrx_word' id='word_1_719' title='bbox 2981 4161 3207 4209; x_wconf 81' lang='lat' dir='ltr'><strong>scorteae</strong></span> <span class='ocrx_word' id='word_1_720' title='bbox 3240 4153 3343 4206; x_wconf 88' lang='lat' dir='ltr'><strong>illae</strong></span> <span class='ocrx_word' id='word_1_721' title='bbox 3383 4160 3474 4205; x_wconf 88' lang='lat' dir='ltr'><strong>tu-</strong></span> 
     </span>
    </p>
   </div>
   <div class='ocr_carea' id='block_1_95' title="bbox 1901 4239 3475 4316">
    <p class='ocr_par' dir='ltr' id='par_1_95' title="bbox 1901 4239 3475 4316">
     <span class='ocr_line' id='line_1_95' title="bbox 1901 4239 3475 4316; baseline 0.002 -23"><span class='ocrx_word' id='word_1_722' title='bbox 1901 4240 2037 4294; x_wconf 60' lang='lat' dir='ltr'><strong>nicae</strong></span> <span class='ocrx_word' id='word_1_723' title='bbox 2092 4239 2160 4294; x_wconf 92' lang='lat' dir='ltr'><strong>ad</strong></span> <span class='ocrx_word' id='word_1_724' title='bbox 2209 4257 2410 4312; x_wconf 84' lang='lat' dir='ltr'><strong>corpus</strong></span> <span class='ocrx_word' id='word_1_725' title='bbox 2469 4243 2660 4300; x_wconf 80' lang='lat' dir='ltr'><strong>referri</strong></span> <span class='ocrx_word' id='word_1_726' title='bbox 2715 4260 2823 4298; x_wconf 92' lang='lat' dir='ltr'><strong>non</strong></span> <span class='ocrx_word' id='word_1_727' title='bbox 2876 4253 3152 4315; x_wconf 83' lang='lat' dir='ltr'><strong>poterunt,</strong></span> <span class='ocrx_word' id='word_1_728' title='bbox 3207 4243 3475 4316; x_wconf 83' lang='lat' dir='ltr'><strong>siquidem</strong></span> 
     </span>
    </p>
   </div>
   <div class='ocr_carea' id='block_1_96' title="bbox 1903 4335 3481 4402">
    <p class='ocr_par' dir='ltr' id='par_1_96' title="bbox 1903 4335 3481 4402">
     <span class='ocr_line' id='line_1_96' title="bbox 1903 4335 3481 4402; baseline 0.001 -18"><span class='ocrx_word' id='word_1_729' title='bbox 1903 4339 2197 4402; x_wconf 87' lang='lat' dir='ltr'><strong>antequam</strong></span> <span class='ocrx_word' id='word_1_730' title='bbox 2247 4335 2351 4388; x_wconf 73' lang='lat' dir='ltr'><strong>illa:</strong></span> <span class='ocrx_word' id='word_1_731' title='bbox 2399 4344 2830 4400; x_wconf 87' lang='lat' dir='ltr'><strong>consuerentur,</strong></span> <span class='ocrx_word' id='word_1_732' title='bbox 2883 4337 3127 4391; x_wconf 89' lang='lat' dir='ltr'><strong>divinum</strong></span> <span class='ocrx_word' id='word_1_733' title='bbox 3159 4337 3227 4391; x_wconf 91' lang='lat' dir='ltr'><strong>ab</strong></span> <span class='ocrx_word' id='word_1_734' title='bbox 3260 4335 3481 4389; x_wconf 89' lang='lat' dir='ltr'><strong>homine</strong></span> 
     </span>
    </p>
   </div>
   <div class='ocr_carea' id='block_1_97' title="bbox 1903 4424 3476 4498">
    <p class='ocr_par' dir='ltr' id='par_1_97' title="bbox 1903 4424 3476 4498">
     <span class='ocr_line' id='line_1_97' title="bbox 1903 4424 3476 4498; baseline 0.004 -22"><span class='ocrx_word' id='word_1_735' title='bbox 1903 4424 2164 4480; x_wconf 87' lang='lat' dir='ltr'><strong>violatum</strong></span> <span class='ocrx_word' id='word_1_736' title='bbox 2209 4441 2332 4482; x_wconf 87' lang='lat' dir='ltr'><strong>esse</strong></span> <span class='ocrx_word' id='word_1_737' title='bbox 2370 4436 2701 4498; x_wconf 84' lang='lat' dir='ltr'><strong>praeceptum</strong></span> <span class='ocrx_word' id='word_1_738' title='bbox 2747 4428 3254 4492; x_wconf 89' lang='lat' dir='ltr'><strong>animadvertimus,</strong></span> <span class='ocrx_word' id='word_1_739' title='bbox 3313 4427 3476 4497; x_wconf 87' lang='lat' dir='ltr'><strong>cujus</strong></span> 
     </span>
    </p>
   </div>
   <div class='ocr_carea' id='block_1_98' title="bbox 1905 4516 3477 4591">
    <p class='ocr_par' dir='ltr' id='par_1_98' title="bbox 1905 4516 3477 4591">
     <span class='ocr_line' id='line_1_98' title="bbox 1905 4516 3477 4591; baseline 0.003 -21"><span class='ocrx_word' id='word_1_740' title='bbox 1905 4516 2131 4586; x_wconf 88' lang='lat' dir='ltr'><strong>insuper</strong></span> <span class='ocrx_word' id='word_1_741' title='bbox 2178 4533 2342 4574; x_wconf 90' lang='lat' dir='ltr'><strong>causa</strong></span> <span class='ocrx_word' id='word_1_742' title='bbox 2379 4529 2706 4591; x_wconf 71' lang='lat' dir='ltr'><strong>comparatre</strong></span> <span class='ocrx_word' id='word_1_743' title='bbox 2735 4521 2838 4575; x_wconf 76' lang='lat' dir='ltr'><strong>illae</strong></span> <span class='ocrx_word' id='word_1_744' title='bbox 2867 4522 3066 4575; x_wconf 75' lang='lat' dir='ltr'><strong>tunica:</strong></span> <span class='ocrx_word' id='word_1_745' title='bbox 3096 4529 3243 4585; x_wconf 84' lang='lat' dir='ltr'><strong>sunt,</strong></span> <span class='ocrx_word' id='word_1_746' title='bbox 3275 4523 3477 4590; x_wconf 86' lang='lat' dir='ltr'><strong>quibus</strong></span> 
     </span>
    </p>
   </div>
   <div class='ocr_carea' id='block_1_99' title="bbox 1907 4609 3476 4678">
    <p class='ocr_par' dir='ltr' id='par_1_99' title="bbox 1907 4609 3476 4678">
     <span class='ocr_line' id='line_1_99' title="bbox 1907 4609 3476 4678; baseline 0.001 -18"><span class='ocrx_word' id='word_1_747' title='bbox 1907 4613 2196 4660; x_wconf 85' lang='lat' dir='ltr'><strong>contracta</strong></span> <span class='ocrx_word' id='word_1_748' title='bbox 2256 4624 2321 4662; x_wconf 81' lang='lat' dir='ltr'><strong>ex</strong></span> <span class='ocrx_word' id='word_1_749' title='bbox 2375 4617 2597 4678; x_wconf 85' lang='lat' dir='ltr'><strong>peccato</strong></span> <span class='ocrx_word' id='word_1_750' title='bbox 2649 4610 2878 4664; x_wconf 88' lang='lat' dir='ltr'><strong>nuditas</strong></span> <span class='ocrx_word' id='word_1_751' title='bbox 2929 4610 3295 4676; x_wconf 73' lang='lat' dir='ltr'><strong>obtegeretur.</strong></span> <span class='ocrx_word' id='word_1_752' title='bbox 3338 4609 3476 4664; x_wconf 86' lang='lat' dir='ltr'><strong>Num</strong></span> 
     </span>
    </p>
   </div>
   <div class='ocr_carea' id='block_1_100' title="bbox 1906 4697 3477 4769">
    <p class='ocr_par' dir='ltr' id='par_1_100' title="bbox 1906 4697 3477 4769">
     <span class='ocr_line' id='line_1_100' title="bbox 1906 4697 3477 4769; baseline -0.001 -19"><span class='ocrx_word' id='word_1_753' title='bbox 1906 4699 2121 4753; x_wconf 85' lang='lat' dir='ltr'><strong>tandem</strong></span> <span class='ocrx_word' id='word_1_754' title='bbox 2147 4697 2242 4753; x_wconf 91' lang='lat' dir='ltr'><strong>tibi</strong></span> <span class='ocrx_word' id='word_1_755' title='bbox 2262 4700 2364 4751; x_wconf 89' lang='lat' dir='ltr'><strong>ista</strong></span> <span class='ocrx_word' id='word_1_756' title='bbox 2389 4697 2715 4768; x_wconf 84' lang='lat' dir='ltr'><strong>persuadeo,</strong></span> <span class='ocrx_word' id='word_1_757' title='bbox 2736 4699 2895 4768; x_wconf 86' lang='lat' dir='ltr'><strong>idque</strong></span> <span class='ocrx_word' id='word_1_758' title='bbox 2923 4699 3057 4752; x_wconf 86' lang='lat' dir='ltr'><strong>adeo</strong></span> <span class='ocrx_word' id='word_1_759' title='bbox 3081 4701 3274 4763; x_wconf 88' lang='lat' dir='ltr'><strong>sentis,</strong></span> <span class='ocrx_word' id='word_1_760' title='bbox 3296 4716 3477 4769; x_wconf 55' lang='lat' dir='ltr'><strong>quem.</strong></span> 
     </span>
    </p>
   </div>
   <div class='ocr_carea' id='block_1_101' title="bbox 1904 4786 3477 4864">
    <p class='ocr_par' dir='ltr' id='par_1_101' title="bbox 1904 4786 3477 4864">
     <span class='ocr_line' id='line_1_101' title="bbox 1904 4786 3477 4864; baseline 0.002 -25"><span class='ocrx_word' id='word_1_761' title='bbox 1904 4786 2194 4841; x_wconf 89' lang='lat' dir='ltr'><strong>admodum</strong></span> <span class='ocrx_word' id='word_1_762' title='bbox 2224 4798 2400 4842; x_wconf 89' lang='lat' dir='ltr'><strong>tecum</strong></span> <span class='ocrx_word' id='word_1_763' title='bbox 2432 4789 2548 4858; x_wconf 92' lang='lat' dir='ltr'><strong>ipse</strong></span> <span class='ocrx_word' id='word_1_764' title='bbox 2586 4791 2800 4864; x_wconf 87' lang='lat' dir='ltr'><strong>ratione</strong></span> <span class='ocrx_word' id='word_1_765' title='bbox 2823 4797 2914 4844; x_wconf 90' lang='lat' dir='ltr'><strong>tua</strong></span> <span class='ocrx_word' id='word_1_766' title='bbox 2940 4790 3288 4855; x_wconf 83' lang='lat' dir='ltr'><strong>dissenseris,</strong></span> <span class='ocrx_word' id='word_1_767' title='bbox 3315 4799 3477 4864; x_wconf 84' lang='lat' dir='ltr'><strong>atque</strong></span> 
     </span>
    </p>
   </div>
   <div class='ocr_carea' id='block_1_102' title="bbox 1903 4877 3478 4951">
    <p class='ocr_par' dir='ltr' id='par_1_102' title="bbox 1903 4877 3478 4951">
     <span class='ocr_line' id='line_1_102' title="bbox 1903 4877 3478 4951; baseline 0.004 -20"><span class='ocrx_word' id='word_1_768' title='bbox 1903 4877 2006 4932; x_wconf 91' lang='lat' dir='ltr'><strong>hoc</strong></span> <span class='ocrx_word' id='word_1_769' title='bbox 2032 4893 2061 4932; x_wconf 88' lang='lat' dir='ltr'><strong>a</strong></span> <span class='ocrx_word' id='word_1_770' title='bbox 2099 4895 2183 4933; x_wconf 89' lang='lat' dir='ltr'><strong>me</strong></span> <span class='ocrx_word' id='word_1_771' title='bbox 2227 4880 2322 4933; x_wconf 88' lang='lat' dir='ltr'><strong>tibi</strong></span> <span class='ocrx_word' id='word_1_772' title='bbox 2363 4887 2447 4934; x_wconf 92' lang='lat' dir='ltr'><strong>est</strong></span> <span class='ocrx_word' id='word_1_773' title='bbox 2479 4883 2763 4951; x_wconf 86' lang='lat' dir='ltr'><strong>perspicue</strong></span> <span class='ocrx_word' id='word_1_774' title='bbox 2793 4884 3197 4937; x_wconf 87' lang='lat' dir='ltr'><strong>monstratum?</strong></span> <span class='ocrx_word' id='word_1_775' title='bbox 3227 4884 3307 4936; x_wconf 89' lang='lat' dir='ltr'><strong>An</strong></span> <span class='ocrx_word' id='word_1_776' title='bbox 3346 4900 3478 4938; x_wconf 87' lang='lat' dir='ltr'><strong>non-</strong></span> 
     </span>
    </p>
   </div>
   <div class='ocr_carea' id='block_1_103' title="bbox 1903 4967 3476 5046">
    <p class='ocr_par' dir='ltr' id='par_1_103' title="bbox 1903 4967 3476 5046">
     <span class='ocr_line' id='line_1_103' title="bbox 1903 4967 3476 5046; baseline 0.004 -24"><span class='ocrx_word' id='word_1_777' title='bbox 1903 4967 2030 5022; x_wconf 91' lang='lat' dir='ltr'><strong>dum</strong></span> <span class='ocrx_word' id='word_1_778' title='bbox 2087 4970 2231 5038; x_wconf 88' lang='lat' dir='ltr'><strong>quod</strong></span> <span class='ocrx_word' id='word_1_779' title='bbox 2292 4970 2415 5025; x_wconf 90' lang='lat' dir='ltr'><strong>dico</strong></span> <span class='ocrx_word' id='word_1_780' title='bbox 2472 4973 2726 5042; x_wconf 83' lang='lat' dir='ltr'><strong>percipis,</strong></span> <span class='ocrx_word' id='word_1_781' title='bbox 2782 4973 3139 5044; x_wconf 82' lang='lat' dir='ltr'><strong>Aglaophon?</strong></span> <span class='ocrx_word' id='word_1_782' title='bbox 3197 4975 3306 5046; x_wconf 81' lang='lat' dir='ltr'><strong>Ego</strong></span> <span class='ocrx_word' id='word_1_783' title='bbox 3349 4992 3476 5030; x_wconf 90' lang='lat' dir='ltr'><strong>vero</strong></span> 
     </span>
    </p>
   </div>
   <div class='ocr_carea' id='block_1_104' title="bbox 1905 5058 3474 5130">
    <p class='ocr_par' dir='ltr' id='par_1_104' title="bbox 1905 5058 3474 5130">
     <span class='ocr_line' id='line_1_104' title="bbox 1905 5058 3474 5130; baseline 0.006 -19"><span class='ocrx_word' id='word_1_784' title='bbox 1905 5058 2168 5130; x_wconf 87' lang='lat' dir='ltr'><strong>percipio.</strong></span> <span class='ocrx_word' id='word_1_785' title='bbox 2205 5060 2410 5130; x_wconf 91' lang='lat' dir='ltr'><strong>inquit,</strong></span> <span class='ocrx_word' id='word_1_786' title='bbox 2455 5077 2556 5115; x_wconf 91' lang='lat' dir='ltr'><strong>nec</strong></span> <span class='ocrx_word' id='word_1_787' title='bbox 2595 5063 2784 5118; x_wconf 90' lang='lat' dir='ltr'><strong>audire</strong></span> <span class='ocrx_word' id='word_1_788' title='bbox 2819 5065 3060 5120; x_wconf 90' lang='lat' dir='ltr'><strong>secundo</strong></span> <span class='ocrx_word' id='word_1_789' title='bbox 3101 5080 3326 5120; x_wconf 85' lang='lat' dir='ltr'><strong>necesse</strong></span> <span class='ocrx_word' id='word_1_790' title='bbox 3368 5075 3474 5127; x_wconf 80' lang='lat' dir='ltr'><strong>est.</strong></span> 
     </span>
    </p>
   </div>
   <div class='ocr_carea' id='block_1_105' title="bbox 1911 5145 3478 5225">
    <p class='ocr_par' dir='ltr' id='par_1_105' title="bbox 1911 5145 3478 5225">
     <span class='ocr_line' id='line_1_105' title="bbox 1911 5145 3478 5225; baseline 0.005 -24"><span class='ocrx_word' id='word_1_791' title='bbox 1911 5145 2016 5202; x_wconf 87' lang='lat' dir='ltr'><strong>Sed</strong></span> <span class='ocrx_word' id='word_1_792' title='bbox 2066 5149 2252 5203; x_wconf 90' lang='lat' dir='ltr'><strong>nescio</strong></span> <span class='ocrx_word' id='word_1_793' title='bbox 2303 5166 2411 5220; x_wconf 92' lang='lat' dir='ltr'><strong>quo</strong></span> <span class='ocrx_word' id='word_1_794' title='bbox 2455 5152 2619 5206; x_wconf 88' lang='lat' dir='ltr'><strong>modo</strong></span> <span class='ocrx_word' id='word_1_795' title='bbox 2657 5153 2973 5225; x_wconf 88' lang='lat' dir='ltr'><strong>imprudens</strong></span> <span class='ocrx_word' id='word_1_796' title='bbox 3029 5171 3311 5224; x_wconf 85' lang='lat' dir='ltr'><strong>perperam</strong></span> <span class='ocrx_word' id='word_1_797' title='bbox 3375 5155 3478 5210; x_wconf 89' lang='lat' dir='ltr'><strong>ista</strong></span> 
     </span>
    </p>
   </div>
   <div class='ocr_carea' id='block_1_106' title="bbox 221 5226 1796 5315">
    <p class='ocr_par' dir='ltr' id='par_1_106' title="bbox 221 5226 1796 5310">
     <span class='ocr_line' id='line_1_106' title="bbox 221 5226 1796 5310; baseline 0.004 -25"><span class='ocrx_word' id='word_1_798' title='bbox 221 5247 330 5293; x_wconf 86' lang='grc' dir='ltr'>ναι,</span> <span class='ocrx_word' id='word_1_799' title='bbox 366 5231 482 5284; x_wconf 83' lang='grc' dir='ltr'>ἀνθ’</span> <span class='ocrx_word' id='word_1_800' title='bbox 509 5226 582 5286; x_wconf 87' lang='grc' dir='ltr'>ὧν</span> <span class='ocrx_word' id='word_1_801' title='bbox 605 5233 710 5305; x_wconf 85' lang='grc' dir='ltr'>πρὸ</span> <span class='ocrx_word' id='word_1_802' title='bbox 738 5235 834 5306; x_wconf 82' lang='grc' dir='ltr'>τῆς</span> <span class='ocrx_word' id='word_1_803' title='bbox 856 5237 1199 5307; x_wconf 80' lang='grc' dir='ltr'>κατασκευῆς</span> <span class='ocrx_word' id='word_1_804' title='bbox 1229 5237 1406 5291; x_wconf 86' lang='grc' dir='ltr'>αὐτῶν</span> <span class='ocrx_word' id='word_1_805' title='bbox 1436 5240 1468 5310; x_wconf 84' lang='grc' dir='ltr'>ἡ</span> <span class='ocrx_word' id='word_1_806' title='bbox 1491 5238 1796 5309; x_wconf 87' lang='grc' dir='ltr'>παράϐασις</span> 
     </span>
    </p>
   </div>
   <div class='ocr_carea' id='block_1_107' title="bbox 1911 5226 3478 5315">
    <p class='ocr_par' dir='ltr' id='par_1_107' title="bbox 1911 5236 3478 5315">
     <span class='ocr_line' id='line_1_107' title="bbox 1911 5236 3478 5315; baseline 0.006 -27"><span class='ocrx_word' id='word_1_807' title='bbox 1911 5236 2124 5304; x_wconf 81' lang='lat' dir='ltr'><strong>iactavi.</strong></span> <span class='ocrx_word' id='word_1_808' title='bbox 2160 5237 2396 5295; x_wconf 89' lang='lat' dir='ltr'><strong>Necesse</strong></span> <span class='ocrx_word' id='word_1_809' title='bbox 2429 5248 2512 5295; x_wconf 88' lang='lat' dir='ltr'><strong>est</strong></span> <span class='ocrx_word' id='word_1_810' title='bbox 2544 5245 2687 5296; x_wconf 88' lang='lat' dir='ltr'><strong>enim</strong></span> <span class='ocrx_word' id='word_1_811' title='bbox 2723 5259 2849 5297; x_wconf 93' lang='lat' dir='ltr'><strong>cum</strong></span> <span class='ocrx_word' id='word_1_812' title='bbox 2899 5246 3155 5315; x_wconf 90' lang='lat' dir='ltr'><strong>pelliceas</strong></span> <span class='ocrx_word' id='word_1_813' title='bbox 3185 5245 3305 5301; x_wconf 82' lang='lat' dir='ltr'><strong>illas</strong></span> <span class='ocrx_word' id='word_1_814' title='bbox 3331 5248 3478 5298; x_wconf 82' lang='lat' dir='ltr'><strong>tuni-</strong></span> 
     </span>
    </p>
   </div>
   <div class='ocr_carea' id='block_1_108' title="bbox 224 5319 1798 5397">
    <p class='ocr_par' dir='ltr' id='par_1_108' title="bbox 224 5319 1798 5397">
     <span class='ocr_line' id='line_1_108' title="bbox 224 5319 1798 5397; baseline 0.007 -27"><span class='ocrx_word' id='word_1_815' title='bbox 224 5319 459 5387; x_wconf 74' lang='grc' dir='ltr'>ἐγένετο.</span> <span class='ocrx_word' id='word_1_816' title='bbox 495 5321 592 5374; x_wconf 87' lang='grc' dir='ltr'><strong>Διὰ</strong></span> <span class='ocrx_word' id='word_1_817' title='bbox 629 5322 728 5394; x_wconf 85' lang='grc' dir='ltr'><strong>τὴν</strong></span> <span class='ocrx_word' id='word_1_818' title='bbox 769 5325 1076 5392; x_wconf 82' lang='grc' dir='ltr'>παράϐασιν</span> <span class='ocrx_word' id='word_1_819' title='bbox 1107 5326 1215 5396; x_wconf 84' lang='grc' dir='ltr'><strong>γὰρ</strong></span> <span class='ocrx_word' id='word_1_820' title='bbox 1253 5327 1302 5378; x_wconf 76' lang='lat' dir='ltr'><strong>ot</strong></span> <span class='ocrx_word' id='word_1_821' title='bbox 1343 5327 1566 5397; x_wconf 86' lang='grc' dir='ltr'>χιτῶνες</span> <span class='ocrx_word' id='word_1_822' title='bbox 1596 5327 1798 5392; x_wconf 81' lang='grc' dir='ltr'>αὐτοῖς,</span> 
     </span>
    </p>
   </div>
   <div class='ocr_carea' id='block_1_109' title="bbox 227 5410 1800 5484">
    <p class='ocr_par' dir='ltr' id='par_1_109' title="bbox 227 5410 1800 5484">
     <span class='ocr_line' id='line_1_109' title="bbox 227 5410 1800 5484; baseline 0.006 -22"><span class='ocrx_word' id='word_1_823' title='bbox 227 5411 319 5463; x_wconf 70' lang='grc' dir='ltr'>καὶ</span> <span class='ocrx_word' id='word_1_824' title='bbox 360 5410 426 5464; x_wconf 88' lang='grc' dir='ltr'><strong>δι’</strong></span> <span class='ocrx_word' id='word_1_825' title='bbox 463 5412 643 5467; x_wconf 83' lang='grc' dir='ltr'>αὐτῶν</span> <span class='ocrx_word' id='word_1_826' title='bbox 678 5415 710 5484; x_wconf 89' lang='grc' dir='ltr'>ἠ</span> <span class='ocrx_word' id='word_1_827' title='bbox 757 5415 960 5469; x_wconf 88' lang='grc' dir='ltr'>τούτων</span> <span class='ocrx_word' id='word_1_828' title='bbox 1001 5413 1182 5480; x_wconf 80' lang='grc' dir='ltr'>αὐτοῖς</span> <span class='ocrx_word' id='word_1_829' title='bbox 1230 5417 1664 5482; x_wconf 88' lang='grc' dir='ltr'>κατασκεύασις,</span> <span class='ocrx_word' id='word_1_830' title='bbox 1705 5419 1800 5472; x_wconf 78' lang='grc' dir='ltr'><strong>καὶ</strong></span> 
     </span>
    </p>
   </div>
   <div class='ocr_carea' id='block_1_110' title="bbox 225 5501 1802 5581">
    <p class='ocr_par' dir='ltr' id='par_1_110' title="bbox 225 5501 1802 5581">
     <span class='ocr_line' id='line_1_110' title="bbox 225 5501 1802 5581; baseline 0.008 -27"><span class='ocrx_word' id='word_1_831' title='bbox 225 5501 322 5572; x_wconf 83' lang='grc' dir='ltr'>οὐχ</span> <span class='ocrx_word' id='word_1_832' title='bbox 355 5503 387 5574; x_wconf 81' lang='grc' dir='ltr'><strong>ἡ</strong></span> <span class='ocrx_word' id='word_1_833' title='bbox 427 5505 736 5576; x_wconf 89' lang='grc' dir='ltr'>παράϐασις</span> <span class='ocrx_word' id='word_1_834' title='bbox 807 5507 897 5562; x_wconf 85' lang='grc' dir='ltr'><strong>διὰ</strong></span> <span class='ocrx_word' id='word_1_835' title='bbox 949 5509 1075 5573; x_wconf 77' lang='grc' dir='ltr'>τοὺς</span> <span class='ocrx_word' id='word_1_836' title='bbox 1115 5509 1345 5580; x_wconf 84' lang='grc' dir='ltr'>χιτῶνας</span> <span class='ocrx_word' id='word_1_837' title='bbox 1390 5512 1670 5581; x_wconf 72' lang='grc' dir='ltr'>γίγνεται*</span> <span class='ocrx_word' id='word_1_838' title='bbox 1707 5513 1802 5566; x_wconf 77' lang='grc' dir='ltr'><strong>καὶ</strong></span> 
     </span>
    </p>
   </div>
   <div class='ocr_carea' id='block_1_111' title="bbox 1901 5321 3472 5406">
    <p class='ocr_par' dir='ltr' id='par_1_111' title="bbox 1901 5321 3472 5406">
     <span class='ocr_line' id='line_1_111' title="bbox 1901 5321 3472 5406; baseline 0.006 -25"><span class='ocrx_word' id='word_1_839' title='bbox 1901 5342 1996 5384; x_wconf 89' lang='lat' dir='ltr'><strong>cas</strong></span> <span class='ocrx_word' id='word_1_840' title='bbox 2055 5344 2285 5399; x_wconf 90' lang='lat' dir='ltr'><strong>corpora</strong></span> <span class='ocrx_word' id='word_1_841' title='bbox 2331 5347 2455 5387; x_wconf 91' lang='lat' dir='ltr'><strong>esse</strong></span> <span class='ocrx_word' id='word_1_842' title='bbox 2495 5321 2871 5390; x_wconf 78' lang='lat' dir='ltr'><strong>concesserim</strong></span> <span class='ocrx_word' id='word_1_843' title='bbox 2897 5376 2911 5401; x_wconf 91' lang='lat'><strong>,</strong></span> <span class='ocrx_word' id='word_1_844' title='bbox 2946 5337 3182 5390; x_wconf 88' lang='lat' dir='ltr'><strong>animam</strong></span> <span class='ocrx_word' id='word_1_845' title='bbox 3235 5351 3472 5406; x_wconf 91' lang='lat' dir='ltr'><strong>quoque,</strong></span> 
     </span>
    </p>
   </div>
   <div class='ocr_carea' id='block_1_112' title="bbox 1905 5421 3472 5498">
    <p class='ocr_par' dir='ltr' id='par_1_112' title="bbox 1905 5421 3472 5498">
     <span class='ocr_line' id='line_1_112' title="bbox 1905 5421 3472 5498; baseline 0.004 -24"><span class='ocrx_word' id='word_1_846' title='bbox 1905 5421 2226 5491; x_wconf 84' lang='lat' dir='ltr'><strong>priusquam</strong></span> <span class='ocrx_word' id='word_1_847' title='bbox 2267 5422 2322 5477; x_wconf 90' lang='lat' dir='ltr'><strong>in</strong></span> <span class='ocrx_word' id='word_1_848' title='bbox 2357 5439 2557 5497; x_wconf 89' lang='lat' dir='ltr'><strong>corpus</strong></span> <span class='ocrx_word' id='word_1_849' title='bbox 2604 5427 2834 5495; x_wconf 85' lang='lat' dir='ltr'><strong>subiret,</strong></span> <span class='ocrx_word' id='word_1_850' title='bbox 2888 5443 3144 5498; x_wconf 88' lang='lat' dir='ltr'><strong>peccasse</strong></span> <span class='ocrx_word' id='word_1_851' title='bbox 3179 5426 3426 5481; x_wconf 82' lang='lat' dir='ltr'><strong>conﬁteri</strong></span> <span class='ocrx_word' id='word_1_852' title='bbox 3461 5447 3472 5481; x_wconf 94' lang='lat'><strong>:</strong></span> 
     </span>
    </p>
   </div>
   <div class='ocr_carea' id='block_1_113' title="bbox 1905 5517 3476 5591">
    <p class='ocr_par' dir='ltr' id='par_1_113' title="bbox 1905 5517 3476 5591">
     <span class='ocr_line' id='line_1_113' title="bbox 1905 5517 3476 5591; baseline 0.005 -25"><span class='ocrx_word' id='word_1_853' title='bbox 1905 5521 2190 5584; x_wconf 89' lang='lat' dir='ltr'><strong>propterea</strong></span> <span class='ocrx_word' id='word_1_854' title='bbox 2223 5517 2368 5586; x_wconf 92' lang='lat' dir='ltr'><strong>quod</strong></span> <span class='ocrx_word' id='word_1_855' title='bbox 2393 5518 2672 5584; x_wconf 82' lang='lat' dir='ltr'><strong>delictum,</strong></span> <span class='ocrx_word' id='word_1_856' title='bbox 2699 5527 2988 5591; x_wconf 88' lang='lat' dir='ltr'><strong>antequam</strong></span> <span class='ocrx_word' id='word_1_857' title='bbox 3023 5521 3128 5574; x_wconf 69' lang='lat' dir='ltr'><strong>ill&#39;e</strong></span> <span class='ocrx_word' id='word_1_858' title='bbox 3152 5520 3360 5587; x_wconf 79' lang='lat' dir='ltr'><strong>tierent,</strong></span> <span class='ocrx_word' id='word_1_859' title='bbox 3393 5530 3476 5576; x_wconf 85' lang='lat' dir='ltr'><strong>est</strong></span> 
     </span>
    </p>
   </div>
   <div class='ocr_carea' id='block_1_114' title="bbox 300 5676 1796 5768">
    <p class='ocr_par' dir='ltr' id='par_1_114' title="bbox 300 5676 1793 5763">
     <span class='ocr_line' id='line_1_114' title="bbox 300 5676 1793 5763; baseline 0.008 -34"><span class='ocrx_word' id='word_1_860' title='bbox 300 5677 315 5708; x_wconf 79' lang='grc'>¹</span> <span class='ocrx_word' id='word_1_861' title='bbox 346 5676 405 5730; x_wconf 79' lang='lat' dir='ltr'><strong>F.</strong></span> <span class='ocrx_word' id='word_1_862' title='bbox 449 5678 710 5752; x_wconf 74' lang='grc' dir='ltr'>διαφέρει.</span> <span class='ocrx_word' id='word_1_863' title='bbox 766 5683 857 5741; x_wconf 85' lang='lat' dir='ltr'><strong>sed</strong></span> <span class='ocrx_word' id='word_1_864' title='bbox 902 5685 1419 5763; x_wconf 35' lang='lat' dir='ltr'><strong>narum-commoda</strong></span> <span class='ocrx_word' id='word_1_865' title='bbox 1473 5687 1583 5740; x_wconf 73' lang='lat' dir='ltr'><strong>lucc</strong></span> <span class='ocrx_word' id='word_1_866' title='bbox 1636 5686 1793 5742; x_wconf 89' lang='lat' dir='ltr'><strong>lectio</strong></span> 
     </span>
    </p>
   </div>
   <div class='ocr_carea' id='block_1_115' title="bbox 1911 5676 3494 5768">
    <p class='ocr_par' dir='ltr' id='par_1_115' title="bbox 1911 5688 3494 5768">
     <span class='ocr_line' id='line_1_115' title="bbox 1911 5688 3494 5768; baseline 0.004 -24"><span class='ocrx_word' id='word_1_867' title='bbox 1911 5688 2076 5744; x_wconf 79' lang='lat' dir='ltr'><strong>Jetur.</strong></span> <span class='ocrx_word' id='word_1_868' title='bbox 2153 5690 2172 5720; x_wconf 81' lang='lat'>&#39;</span> <span class='ocrx_word' id='word_1_869' title='bbox 2205 5689 2262 5743; x_wconf 83' lang='lat' dir='ltr'><strong>F.</strong></span> <span class='ocrx_word' id='word_1_870' title='bbox 2311 5691 2421 5744; x_wconf 72' lang='grc' dir='ltr'>οὐδ’</span> <span class='ocrx_word' id='word_1_871' title='bbox 2471 5692 2616 5756; x_wconf 78' lang='grc' dir='ltr'>ὅπως</span> <span class='ocrx_word' id='word_1_872' title='bbox 2659 5691 2767 5750; x_wconf 77' lang='grc' dir='ltr'>οὖν.</span> <span class='ocrx_word' id='word_1_873' title='bbox 2847 5697 2865 5726; x_wconf 83' lang='grc'><em>³</em></span> <span class='ocrx_word' id='word_1_874' title='bbox 2901 5693 2954 5751; x_wconf 82' lang='lat' dir='ltr'><strong>F.</strong></span> <span class='ocrx_word' id='word_1_875' title='bbox 2999 5698 3494 5768; x_wconf 64' lang='grc' dir='ltr'>κεκρατυμμένηςι“</span> 
     </span>
    </p>
   </div>
  </div>
