3794 6172
352 221 485 278 “39

1724 225 1780 282 S.
1819 225 2160 284 EPIPHANll

3436 225 3534 279 IHO

354 338 675 402 admissum.
734 338 868 393 Nam
919 340 989 395 ob
1039 339 1206 412 legem
1254 341 1509 398 violatam
1561 342 1759 399 tunica
1811 344 1920 401 illis

2037 360 2086 397 ικ
2111 342 2314 414 ταύτης
2344 340 2442 413 τῆς
2462 340 2751 411 ὁμολογίας
2794 336 3299 409 συγκατατίθεσθαι,
3326 336 3394 401 ὡς
3422 340 3471 391 οὐ
3496 341 3538 393 τὸ

357 429 552 483 oblata:
594 435 744 491 sunt,
794 430 864 486 ob
914 445 1143 501 eamque
1166 439 1443 499 consulare;
1490 448 1668 502 neque
1701 441 1921 504 propter

357 519 574 573 tunicas
601 519 691 572 illa
715 527 800 574 est
827 518 969 574 facta
1005 519 1340 575 commissio.
1368 519 1499 586 Quae
1526 534 1650 574 cum
1691 518 1923 591 professi

358 608 646 676 fuerimus,
703 612 959 668 assentiri
1001 626 1107 667 una
1135 621 1187 667 et
1217 610 1349 666 illud
1380 610 1661 676 debemus,
1692 626 1762 665 ne
1796 610 1924 664 huic

356 703 573 773 quidem
604 705 821 774 corpori
853 712 1111 774 tanquam
1145 717 1326 758 causa:
1361 702 1489 758 mali
1521 710 1728 774 partem
1760 703 1942 757 ullam.

358 811 480 852 esse
505 796 871 864 tribuendam,
893 796 985 851 sed
1011 796 1187 867 ipsam
1217 810 1314 866 per
1334 809 1454 851 sese
1488 796 1723 848 animam
1752 800 1926 847 totam

360 887 508 942 illam
560 890 850 944 sustinere.
905 887 1088 955 Quare
1134 888 1350 944 tametsi
1384 902 1585 958 corpus
1640 900 1748 940 non
1776 899 1928 940 resu-

360 988 494 1043 mat,
550 980 905 1036 nihilominus
972 980 1237 1050 peccabit,
1293 994 1418 1034 cum
1464 987 1519 1034 et
1573 989 1733 1034 antea
1787 978 1928 1033 citra

282 1070 285 1071 ⁷
358 1084 560 1140 corpus
591 1071 915 1141 peccaverit.
944 1069 1286 1141 Omninoque
1323 1069 1580 1126 stolidum
1611 1077 1697 1125 est
1732 1083 1929 1140 negare

363 1161 433 1217 ob
475 1162 526 1217 id
563 1153 764 1230 corpus
824 1170 919 1215 aut
976 1177 1194 1217 carnem
1261 1176 1424 1232 posse
1479 1175 1786 1231 resurgere,
1860 1176 1932 1216 ne

361 1254 578 1324 corpori
610 1262 885 1323 utcunque
912 1254 981 1310 sit
1014 1268 1178 1309 causa
1205 1251 1484 1324 peccandi.
1502 1251 1754 1307 Peccabit
1779 1252 1924 1308 enim

361 1349 551 1418 utique
597 1348 775 1418 posito
821 1361 1069 1417 corpore,
1106 1354 1164 1401 ut
1194 1355 1248 1401 et
1270 1352 1395 1400 ante
1430 1358 1632 1414 corpus
1660 1356 1923 1412 peccave-

361 1447 466 1502 rat,
497 1440 597 1494 etsi
632 1454 830 1507 corpus
852 1454 958 1492 non
1004 1436 1234 1492 subinde
1275 1436 1523 1506 recipiat.
1574 1433 1648 1488 Ex
1685 1448 1793 1504 quo
1830 1448 1926 1489 ne-

2020 433 2177 504 σῶμα
2223 431 2380 486 τοῦτο
2424 432 2711 503 παραίτιον
2759 431 2958 494 κακίας
3011 430 3177 493 ἐστὶν,
3232 427 3344 482 ἀλλ’
3374 429 3538 500 aio-riui;

2017 523 2165 597 ψυχὴ
2196 525 2253 578 ὲν
2275 525 2465 595 ἑαυτῇ.
2499 525 2610 589 Διὸ,
2646 523 2750 577 κᾶν
2777 522 3013 596 μὴκλάϐῃ
3036 521 3097 574 τὸ
3128 519 3309 591 σῶμα,
3338 520 3539 590 ἁμαρ-ιη.

2022 630 2194 678 σεται,
2234 614 2533 686 ἐπειδήπερ
2561 614 2656 667 καὶ
2688 612 2922 685 πρόσθεν
2951 613 3163 684 ἥμαρτε
3210 611 3375 683 χωρὶς
3400 611 3545 681 σῶμα·

2020 722 2133 769 τος.
2173 705 2285 758 Καὶ
2322 705 2546 777 ἀνόητον
2577 704 2639 758 τὸ
2686 704 2865 774 λέγειν
2899 702 3197 757 ἀναϐιῶναι
3227 701 3304 773 μὴ
3334 701 3542 756 δύνασθαι

2022 796 2085 849 τὸ
2112 795 2292 866 σῶμα,
2323 795 2409 850 διὰ
2443 794 2603 850 τοῦτο
2631 795 2751 868 (τὴν
2791 796 2971 868 σάρκα
3000 792 3049 866 ’³)
3081 796 3166 849 ἴνα
3208 795 3284 867 μὴ
3311 794 3547 866 παραίτιος

2023 888 2090 958 τῇ
2116 886 2260 959 ψυχῇ
2288 887 2381 941 τοῦ
2411 887 2728 961 ἀμαρτῆσαι
2758 888 2982 958 γενηθῇ.
3009 886 3405 959 Ἀμαρτήσεται
3450 886 3546 955 γὰρ,

2022 977 2098 1042 ὡς
2128 978 2223 1032 καὶ
2252 979 2358 1050 πρὸ
2397 980 2491 1033 τοῦ
2533 980 2783 1051 σώματος
2812 979 3079 1050 ἥμαρτεν,
3111 977 3285 1043 οὕτως
3332 977 3418 1030 καὶ
3447 978 3550 1046 μετὰ

2023 1070 2123 1142 τήν
2145 1070 2238 1124 τοῦ
2272 1070 2522 1142 σώματος
2567 1071 2848 1137 ἀπόθεσιν,
2886 1070 2988 1125 κᾶν
3024 1070 3098 1141 μὴ
3131 1065 3292 1133 αὖθις
3332 1067 3391 1121 τὸ
3430 1065 3546 1135 σῶμα

2026 1161 2298 1235 ἀπολάϐῃ.
2328 1162 2491 1216 Ὅθεν
2525 1163 2734 1234 ἀνάγκη
2770 1179 2862 1233 μοι
2881 1161 2970 1215 διά
2989 1160 3164 1216 ταῦτα
3195 1161 3333 1232 μήτε
3357 1156 3549 1229 ἐμαυτοῦ

2036 1254 2174 1325 μήτε
2205 1253 2367 1309 ἄλλου
2404 1254 2760 1326 ἀποδέχεσθαι
2803 1254 3050 1323 λέγοντος
3088 1253 3215 1316 τοὺς
3249 1249 3550 1325 δερματίνους

2030 1343 2265 1415 χιτῶνας
2291 1340 2433 1401 εἶναι
2464 1344 2534 1398 τὰ
2561 1344 2807 1415 σώματα.
2848 1346 2911 1398 El.
2946 1344 3005 1397 δὲ
3046 1340 3427 1412 ἀποδεξαίμην,
3455 1341 3543 1408 ὁιω

2030 1435 2209 1505 λογεῖν
2241 1438 2346 1509 χρή
2376 1455 2442 1507 με
2470 1438 2564 1492 καὶ
2587 1437 2658 1491 τά
2685 1436 2969 1510 εἰρημένα.

361 1544 515 1585 cesse
566 1536 649 1586 est
699 1545 875 1600 neque
915 1545 1001 1584 me
1053 1529 1253 1599 ipsum,
1315 1542 1493 1597 neque
1524 1527 1756 1582 alterum
1789 1542 1819 1579 a
1853 1541 1941 1580 me
2003 1529 2222 1598 probari
2257 1529 2418 1601 567
2471 1531 2565 1600 qui
2618 1538 2860 1588 scorteas
2899 1528 3115 1584 tunicas
3158 1540 3391 1598 carpam
3427 1523 3554 1578 fuisse

359 1620 574 1675 dixerit.
612 1619 766 1686 Quod
798 1621 842 1675 si
874 1620 928 1674 id
969 1636 1070 1692 ego
1117 1618 1483 1689 comprobem,
1526 1631 1631 1672 una
1663 1617 1752 1681 iis,
1792 1632 1914 1686 qua:
1956 1616 2091 1685 dixi,
2118 1621 2374 1676 assentiri
2416 1622 2688 1677 convenit.

306 1717 320 1731 '
431 1706 608 1762 XLlll.
660 1706 740 1761 Ad
772 1708 887 1762 hazc
918 1723 1020 1778 ego
1052 1706 1238 1763 :‘lllud
1291 1721 1442 1769 vero,
1493 1719 1526 1760 o
1569 1703 1921 1774 Aglaophon,

2099 1708 2231 1763 Mf".
2280 1709 2346 1762 Τί
2395 1709 2473 1772 δὲ,
2519 1711 2642 1780 οὐχὶ
2695 1711 2935 1772 κάκεῖνο,
2986 1707 3145 1779 ἔφην,
3184 1700 3232 1762 ὦ
3269 1701 3554 1774 Ἀγλαοῗιῶνν

360 1812 542 1852 nonne
572 1798 671 1853 tibi
694 1812 979 1868 perperam
1028 1796 1251 1850 allatum
1299 1794 1556 1849 videtur?
1614 1792 1754 1860 Quid
1796 1792 1928 1848 illud

361 1889 484 1943 est?
553 1889 751 1959 inquit.
809 1888 1045 1957 Corpus,
1101 1886 1358 1956 inquam,
1428 1900 1673 1940 asserere
1726 1883 1930 1939 vinculi

365 1981 541 2036 instar
592 1995 656 2035 ac
695 1980 971 2049 compedis
1010 1977 1275 2034 adversus
1312 1977 1548 2031 animam
1606 1991 1729 2032 esse
1763 1974 1933 2030 fabri-

364 2080 546 2127 catum
578 2089 591 2126 :
626 2069 770 2141 quod
798 2080 851 2125 et
881 2068 1141 2140 propheta
1166 2070 1376 2124 vinctos
1404 2082 1505 2122 nos
1541 2067 1593 2121 in
1631 2077 1775 2120 terra
1810 2080 1933 2122 esse

366 2163 512 2217 dicat
541 2165 582 2227 ί,
621 2171 674 2217 et
709 2161 876 2216 David
915 2161 1253 2232 compeditos
1291 2159 1602 2230 appellat“?
1634 2157 1770 2211 Tum
1798 2158 1929 2213 ille:

364 2250 741 2322 Respondere,
774 2249 977 2321 inquit,
1019 2258 1129 2304 tam
1156 2248 1406 2320 expedite
1437 2248 1536 2303 tibi
1565 2261 1796 2317 nequeo.
1822 2247 1934 2302 Cur

365 2350 549 2397 autem
581 2356 705 2396 cum
741 2342 849 2396 alio
878 2340 1059 2412 potius
1092 2355 1199 2395 non
1236 2338 1523 2409 disputas?
1560 2336 1628 2391 At
1656 2352 1756 2408 ego
1788 2336 1935 2406 (sen-

368 2450 544 2491 seram
579 2435 722 2489 enim
771 2422 1058 2490 erubuisse
1101 2433 1398 2494 hominem,
1431 2429 1792 2499 convincique
1821 2443 1937 2482 me-

367 2528 579 2597 tuere),
635 2527 775 2581 Num
830 2536 885 2580 tu
943 2525 1160 2581 tandem
1222 2524 1517 2579 adductum
1581 2536 1667 2577 me
1730 2520 1933 2575 invidia

367 2625 529 2689 putas
565 2616 801 2671 voluisse
847 2613 1114 2679 refellere,
1162 2627 1226 2668 ac
1276 2628 1384 2667 non
1426 2612 1605 2683 potius
1639 2608 1785 2679 quod
1817 2613 1934 2663 erat

368 2710 707 2781 propositum
775 2708 1055 2764 declarare
1120 2702 1409 2762 voluisse?
1483 2701 1589 2759 Sed
1648 2703 1786 2758 heus
1843 2701 1930 2755 tul

364 2816 467 2857 nec
506 2811 557 2858 te
610 2799 932 2871 interrogari
968 2800 1165 2869 pigeat.
1217 2794 1380 2853 Vides
1429 2795 1576 2853 enim
1614 2809 1725 2850 non
1755 2796 1938 2866 parvis

368 2896 436 2950 de
462 2893 625 2948 rebus
652 2899 839 2946 natum
893 2891 1039 2946 hunc
1086 2889 1244 2945 nobis
1282 2904 1404 2945 esse
1455 2900 1782 2952 sermonem,
1840 2884 1937 2941 sed

369 2985 438 3039 de
456 2997 526 3039 eo
556 2983 791 3046 scilicet,
818 2996 1052 3052 quanam
1095 2981 1304 3035 ratione
1349 2977 1681 3035 credendum
1720 2977 1811 3032 sit.
1840 2975 1936 3029 Et-

2030 1799 2178 1853 δοκεῖ
2207 1817 2287 1854 σοι
2322 1800 2396 1871 μὴ
2424 1799 2602 1872 ὀρθῶς
2647 1799 2826 1870 Exsul;
2856 1797 2930 1852 Τὸ
2975 1800 3163 1862 ποῖον;
3209 1796 3285 1850 Th
3315 1794 3490 1862 λέγειν,
3509 1786 3555 1860 ἦν

2031 1892 2087 1945 δὲ
2128 1890 2259 1961 ἐγὼ,
2302 1891 2499 1962 δεσμὸν
2537 1892 2633 1945 καὶ
2677 1891 2840 1955 πέδας
2878 1891 2938 1944 τὸ
2981 1890 3140 1961 σῶμα
3189 1883 3556 1960 μεμηχανῆσθαι

2033 1984 2174 2038 κατά
2199 1983 2300 2054 τῆς
2329 1982 2508 2054 ψυχῆς
2535 2001 2548 2013 ο
2599 1982 2693 2037 καὶ
2725 1984 2806 2036 ὅτι
2835 1981 2930 2035 καὶ
2969 1982 2999 2034 ὁ
3040 1980 3330 2051 προφήτης
3356 1973 3559 2045 δεσμίους

2032 2074 2135 2145 γῆς
2172 2072 2276 2144 ἔφη
2334 2074 2510 2144 ἡμᾶς’
2552 2072 2639 2126 διὰ
2679 2071 2855 2125 τοῦτο·
2879 2071 2974 2126 καὶ
2998 2073 3027 2124 ὀ
3072 2068 3238 2122 Δαϐὶδ
3299 2063 3559 2133 πεπεδημὲ·

2034 2182 2191 2231 νους;
2218 2164 2321 2219 Καὶ
2351 2163 2428 2228 ὃς,
2454 2164 2567 2218 Οὐκ
2595 2163 2703 2234 ἔχω
2731 2181 2813 2217 σοι
2857 2163 3164 2234 προχείρως
3190 2155 3557 2231 ἀποκρίνασθαι.

2034 2255 2160 2327 ἔφη.
2194 2255 2356 2310 Ἀλλά
2379 2255 2433 2308 τί
2466 2254 2609 2325 ἄλλῳ
2636 2254 2695 2308 ού
2728 2253 3001 2321 διαλέγει;
3036 2252 3147 2307 Καὶ
3179 2249 3294 2320 ἐγὼ
3343 2247 3559 2320 (ᾐσθόμην

2035 2347 2143 2421 γὰρ
2166 2347 2293 2421 ἐρυθ
2303 2350 2422 2420 ριᾷν
2440 2346 2624 2415 αὐτὸν,
2651 2345 2918 2416 φεύγοντα
2946 2344 3273 2415 ἐλεγχθῆναι
3297 2342 3383 2396 τὸν
3407 2336 3560 2407 λόγον),

2037 2440 2149 2494 Οἴει
2187 2438 2296 2511 γὰρ
2346 2439 2422 2511 μὴ
2468 2438 2610 2515 κατά
2660 2437 2854 2506 φθόνον
2905 2438 3203 2508 ἐπιχειρεῖν
3235 2451 3319 2487 ,σε
3372 2428 3558 2498 ἐλέγξαι.

2039 2531 2195 2603 ἔφην,
2246 2530 2340 2586 καὶ
2380 2529 2456 2602 μή
2508 2529 2569 2582 τὸ
2618 2530 2976 2601 προκείμενον
3022 2526 3335 2595 καταφανὲς
3377 2522 3559 2592 φιλονει·

2040 2628 2156 2679 κεῖν
2198 2624 2420 2695 ποιῆσαι
2446 2642 2461 2690 ;
2490 2625 2654 2690 Ἀλλ’,
2706 2618 2753 2678 ὦ
2814 2619 3009 2690 ἀγαθὲ,
3063 2618 3138 2691 μὴ
3202 2617 3486 2685 ἀποκάμοις
3516 2610 3562 2662 ἂν

2041 2716 2412 2789 ἐρωτώμενος.
2454 2717 2619 2787 Ὁρᾷς
2650 2715 2780 2787 γὰρ,
2827 2714 2903 2777 ὡς
2938 2713 3001 2766 οὐ
3056 2711 3189 2782 περὶ
3233 2705 3429 2778 μικρῶν
3463 2703 3563 2755 εἰσιν

2042 2812 2171 2883 ἡμῖν
2195 2812 2244 2863 οί
2273 2809 2448 2879 λόγοι,
2476 2809 2588 2864 ἀλλ’
2607 2809 2791 2862 ὅντινα
2818 2808 2924 2879 χρὴ
2949 2804 3151 2877 τρόπον
3176 2795 3561 2855 πεπιστευκέναι·

2042 2904 2138 2956 καὶ
2186 2901 2294 2974 γὰρ
2349 2902 2502 2955 οὐδὲν
2547 2897 2700 2971 οἶμαι
2755 2898 3022 2953 τοσούτων
3062 2894 3256 2950 κακῶν
3287 2892 3310 2924 ⁸
3349 2886 3564 2959 ἀνθρώπῳ

2042 2994 2316 3065 γενέσθαι,
2366 2994 2490 3048 ὅσον
2541 2993 2651 3046 ἀπὸ
2688 2991 2797 3045 τῶν
2842 2988 3176 3059 ἀναγκαίων,
3213 2985 3403 3041 ὁπόταν
3437 2976 3563 3051 ψευδῆ

368 3075 517 3130 enim
557 3074 764 3128 nullum
798 3071 1001 3127 homini
1027 3071 1246 3142 gravius
1276 3070 1477 3124 malum
1504 3068 1756 3123 accidere
1781 3081 1934 3138 posse

2044 3083 2171 3154 περὶ
2194 3081 2374 3136 αὐτῶν
2391 3078 2621 3149 δοξάζοι.
2647 3080 2748 3134 Ἴθι
2773 3075 2868 3134 οὗν
2892 3077 3188 3151 προθύμως
3220 3075 3355 3149 πρὸς
3383 3071 3565 3165 casper-

370 3175 524 3238 puto,
573 3179 736 3236 quam
786 3162 1114 3219 necessariis
1167 3178 1236 3218 ex
1280 3162 1466 3225 rebus,
1496 3175 1622 3216 cum
1651 3158 1844 3215 falsam
1874 3158 1934 3213 de

2043 3174 2261 3244 τὼμενα
2297 3173 2601 3242 ἀποσαφειο
2639 3172 2734 3226 καὶ
2773 3172 2867 3225 ὲάν
2901 3171 2955 3224 τί
2992 3183 3073 3224 σοι
3106 3168 3291 3237 λέγειν
3326 3162 3495 3234 ἀληθὲς
3513 3158 3564 3229 μὴ

368 3258 478 3314 illis
507 3256 816 3327 opinionem
862 3253 1192 3324 conceperit.
1210 3240 1394 3307 Palam
1428 3252 1617 3323 igitur,
1649 3264 1856 3321 quaeso,
1889 3256 1944 3304 et

374 3349 633 3403 alacriter
685 3345 753 3399 ad
812 3346 1145 3416 interrogata
1201 3343 1570 3413 respondeas;
1622 3357 1688 3397 ac
1724 3341 1773 3396 si
1813 3339 1944 3410 quid

373 3440 559 3494 minus
598 3452 788 3492 verum
827 3436 1188 3507 proposuisse
1216 3434 1427 3500 videor,
1460 3433 1670 3502 majore
1699 3432 1957 3488 veritatis

375 3546 539 3601 quam
592 3530 697 3585 mei
745 3528 926 3584 studio
970 3527 1170 3583 ductus
1219 3527 1504 3597 redargue.
1536 3523 1671 3579 Nam
1697 3523 1947 3593 redargui

376 3625 578 3694 ipsum,
610 3635 773 3692 quam
812 3620 976 3674 alium
1026 3619 1354 3690 redarguere
1394 3618 1553 3688 longe
1588 3616 1949 3672 excellentius

377 3729 499 3770 esse
548 3712 748 3768 bonum
799 3710 1070 3776 arbitror,
1103 3724 1212 3779 quo
1247 3706 1457 3764 scilicet
1487 3706 1666 3777 majus
1694 3715 1776 3762 est
1807 3705 1950 3760 malo

378 3807 558 3877 ipsum
582 3803 741 3874 eripi,
776 3816 940 3874 quam
972 3802 1110 3856 alios
1143 3802 1375 3870 eripere.
1404 3799 1519 3871 Age
1547 3800 1711 3872 igitur
1741 3798 1951 3854 collatis

378 3895 607 3951 invicem
658 3880 1024 3956 sermonibus,
1070 3890 1569 3960 videamus-ecquid
1607 3906 1638 3944 a
1675 3906 1734 3946 se
1764 3897 1953 3944 mutuo

378 3986 724 4045 dissentiant.
771 3984 893 4040 Non
938 3985 1082 4040 enim
1141 3983 1277 4038 levia
1330 3990 1457 4038 sunt
1488 3982 1608 4050 illa,-
1647 3983 1715 4037 de
1752 3981 1953 4052 quibus

380 4077 789 4141 contendimus,
824 4075 918 4132 sed
950 4072 1243 4146 ejusmodi,
1295 4080 1356 4129 ut
1410 4081 1465 4129 et
1499 4073 1593 4127 illa
1636 4073 1779 4128 scire
1818 4089 1956 4144 pra:-

2043 3264 2213 3328 δοκῶ,
2283 3265 2482 3337 μᾶλλον
2535 3266 2635 3336 τῆς
2683 3263 2938 3334 ἀληθείας
3004 3260 3302 3331 φροντίσας
3360 3256 3391 3325 ῆ
3441 3248 3565 3322 ἐμοῦ,

2046 3357 2281 3427 ἔλεγξον.
2336 3355 2538 3421 Μεῖζον
2595 3356 2704 3427 γὰρ
2762 3354 2968 3423 ἀγαθὸν
3024 3352 3087 3405 τὸ
3149 3347 3456 3420 ἐλεγχθῆναι
3499 3337 3565 3393 τοῦ

2046 3450 2261 3520 ἐλέγξαι
2300 3449 2532 3521 νομίζω·
2574 3451 2682 3519 ὅσῳ
2725 3447 2908 3518 μεῖζόν
2948 3448 3062 3499 ἐστι
3091 3444 3152 3497 τὸ
3189 3443 3349 3497 αὐτὸν
3384 3434 3569 3492 ἀπαλλα-

2046 3541 2208 3611 γῆναι
2238 3539 2410 3593 κακοῦ
2453 3538 2546 3592 τοῦ
2598 3537 2754 3592 ἀλλον
2803 3534 3130 3599 ἀπαλλάξαι.
3177 3534 3313 3605 Φέρε
3343 3524 3445 3594 οὖν,
3474 3522 3567 3592 παρ’

2049 3631 2309 3702 ἀλλήλους
2335 3631 2355 3661 ⁵
2377 3628 2814 3702 παραϐάλλοντες
2841 3628 2967 3690 τοὺς
2997 3625 3213 3694 λόγους,
3244 3613 3564 3702 σκεπτώμεθα,

2051 3726 2105 3779 εἴ
2125 3698 2182 3777 τί
2203 3698 2489 3777 διοίσουσιν
2515 3720 2781 3793 ἀλλήλων.
2811 3720 2921 3774 Καὶ
2964 3719 3072 3790 γὰρ
3111 3717 3369 3788 τυγχάνει
3398 3698 3570 3793 ιτερὶῷ

2052 3816 2504 3890 ἀμφισϐητοῦμεν
2531 3817 2592 3869 οὐ
2630 3790 2770 3870 πάνυ
2803 3813 3012 3884 σμικρά
3053 3813 3202 3876 ὄντα,
3234 3807 3367 3864 ἀλλά
3386 3801 3493 3873 περὶ

2053 3886 2252 3963 είδέναι
2288 3886 2347 3961 τε
2377 3886 2614 3970 κάλλιον,
2652 3906 2727 3976 μὴ
2752 3906 2951 3959 εἰδέναι
2978 3920 3038 3956 τε
3064 3901 3311 3973 αἰσχρόν.
3335 3891 3510 3952 Οὐκοῦν
3525 3886 3569 3976 οξ)

2058 4002 2154 4072 μὲν
2175 3999 2237 4053 οὐ
2265 3998 2504 4069 νομίζεις
2532 3975 2827 4051 ἀναϐιῶναι
2870 3995 2930 4048 τὸ
2974 3993 3157 4064 σῶμα,
3186 3987 3386 4062 νομίζω
3408 3975 3567 4072 δὲ

2056 4066 2205 4144 Πάνυ
2386 4084 2499 4155 οὖν,
2545 4087 2835 4158 ἐφην,-καὶ
2862 4085 2926 4138 δι’
2955 4083 2992 4138 ἃ
3036 4081 3260 4153 εἴρηκα.
3308 4076 3410 4132 Καὶ
3441 4071 3492 4125 σὺ
3515 4066 3569 4128 δὲ’

381 4168 623 4225 stantius
665 4169 767 4233 sit,
821 4174 876 4222 et
928 4167 1182 4238 ignorare
1231 4166 1634 4237 turpissimum.
1685 4163 1767 4219 Tu
1793 4164 1934 4234 igitui

2054 4176 2122 4253 ἦν
2146 4180 2243 4252 μὲν
2278 4177 2409 4248 ἐγὼ,
2439 4180 2637 4249 δεσμὸν
2681 4178 2832 4239 αὐτὸ,
2876 4176 2972 4230 καὶ
3009 4173 3279 4244 φυλακὴν,
3326 4167 3410 4222 καὶ
3442 4161 3568 4253 σῆμσξι

381 4260 706 4315 reviviscere
727 4272 928 4327 corpus
953 4272 1059 4312 non
1088 4258 1372 4312 existimas
1401 4276 1415 4311 :
1449 4273 1549 4328 ego
1573 4272 1705 4313 vero
1735 4271 1932 4312 censeo

2058 4248 2360 4343 καὶ-ἄχθος,
2419 4274 2513 4326 καὶ
2540 4248 2715 4335 πέδας
2761 4269 2898 4324 εῖναι
2938 4268 3107 4340 ἔφης·
3132 4265 3247 4335 ἐγὼ
3289 4263 3343 4318 δὲ
3373 4260 3427 4314 0'5
3452 4248 3569 4343 φημίτ

382 4350 462 4404 lta
491 4366 550 4406 se
600 4365 692 4405 res
741 4349 925 4413 habet,
985 4348 1182 4419 inquit,
1224 4364 1291 4404 ex
1334 4349 1419 4404 his
1467 4365 1588 4420 quae
1626 4357 1785 4403 antea
1819 4349 1931 4404 dixi

2072 4340 2295 4437 mallit.
2319 4363 2445 4434 εφη,
2478 4364 2570 4434 μοὶ
2596 4362 2790 4432 λέγεις.
2825 4362 2934 4416 Καὶ
2974 4359 3079 4431 μὴν
3115 4358 3181 4412 δι’
3205 4351 3491 4411 ἀκολασίας,
3510 4340 3572 4437 καὶ

384 4440 675 4505 Prazterea,
712 4440 955 4511 inquam,
983 4440 1259 4494 vinculum
1291 4439 1432 4494 idem
1459 4455 1521 4494 ac
1550 4439 1877 4508 custodiam,
1907 4457 1934 4497 e

2064 4434 2291 4527 πλάνης,
2335 4455 2428 4507 καὶ
2471 4454 2666 4526 λύπης,
2702 4456 2798 4509 καὶ⁸
2831 4451 3024 4524 θυμοῦ,
3060 4451 3156 4506 καὶ
3190 4444 3468 4519 συλλήϐδην
3499 4434 3572 4489 τῶν

385 4534 716 4604 sepulcrum,
744 4540 799 4588 et
823 4547 961 4587 onus
989 4545 1053 4586 ac
1076 4530 1294 4602 pedicas
1315 4547 1435 4587 esse
1463 4531 1682 4599 dixisti;
1708 4547 1806 4604 ego
1829 4548 1934 4588 verr

2064 4547 2237 4603 ἄλλων
2261 4546 2535 4613 ἁπάντων,
2560 4542 2635 4600 ὧν
2659 4541 2796 4599 εἶναι
2821 4538 3107 4615 παραίτιον
3125 4540 3259 4594 αὐτὸ
3277 4535 3446 4593 κακῶν
3459 4531 3570 4597 εφηῦ

386 4642 493 4681 non
527 4625 818 4682 assentior.
841 4622 1002 4691 Vere,
1031 4623 1229 4695 inquit,
1261 4638 1293 4678 a
1323 4631 1375 4680 te
1413 4624 1516 4679 ista
1550 4623 1832 4680 dicuntur.
1875 4625 1934 4679 A4

2067 4637 2357 4709 ἐμποδίζον
2392 4638 2523 4708 ἡμῖν
2548 4635 2648 4707 τὴν
2680 4636 2818 4707 πρὸς
2853 4634 2914 4687 τὸ
2946 4631 3163 4687 κάλλιον
3204 4628 3374 4702 ὁρμὴν
3406 4623 3489 4691 τῆς
3505 4615 3572 4685 ξίν·

385 4718 500 4774 haec
558 4716 1015 4788 intemperantia,
1066 4730 1290 4783 errore,
1342 4715 1591 4781 tristitia,
1652 4716 1934 4773 iracundia

2060 4737 2183 4809 χῆς,
2219 4737 2294 4810 μὴ
2338 4736 2443 4791 ὲῶν
2472 4736 2565 4790 τὸν
2606 4736 2773 4799 ὅντως
2814 4735 2983 4788 ὄντων
3024 4734 3104 4795 είς
3149 4724 3435 4796 κατάληψιν
3470 4714 3572 4788 qui;

386 4807 728 4878 caeterisque,
765 4813 824 4861 ut
855 4822 965 4861 uno
997 4806 1161 4861 verbo
1199 4804 1402 4868 dicam,
1440 4806 1934 4876 mnnibus,quorun

2061 4804 2157 4894 καὶ
2189 4804 2390 4910 γνωσιν
2424 4837 2735 4910 παρελθεῖν.
2775 4833 2894 4889 Κᾶν
2922 4833 3031 4905 γὰρ
3074 4830 3483 4902 ἐπιχειρήσωμεν
3505 4812 3571 4879 θη·

387 4908 447 4954 ιιι
517 4897 785 4952 malorum
852 4911 1073 4951 causam
1136 4895 1409 4951 sustinere
1477 4911 1677 4969 corpus
1737 4897 1934 4953 asseris

2065 4895 2255 4999 οεῢσαί
2282 4959 2335 4995 τι
2358 4942 2464 4995 τῶν
2489 4895 2677 4999 όντων,
2717 4937 2805 4992 ἀεὶ
2839 4895 3242 4999 παρεμπίπτων
3260 4895 3271 4899 -
3290 4895 3435 4997 ζόφος
3462 4911 3574 4982 Coi?“

390 4991 585 5044 animae
608 4988 675 5043 ad
701 4987 924 5043 meliora
950 4988 1210 5058 impetum
1241 4989 1526 5060 praepediri
1549 4988 1757 5055 dixisti,
1786 5004 1927 5057 nequ

392 5082 573 5114 εἶπαι-ρ
623 5094 720 5114 nnc
778 5078 843 5114 σπι
883 5095 1072 5114 οηριιιη
1133 5096 1251 5114 num
1288 5081 1464 5114 πιοίηαοι
1519 5088 1643 5114 cun!
1714 5095 1934 5114 nnmnrn

2064 4953 2255 5017 petierat
2282 4959 2335 4995 τι
2358 4953 2464 4995 των
2489 4953 2677 5003 οντων,
2717 4953 2805 4992 aet
2839 4953 3242 5009 παρεμπιπτων
3290 4953 3433 4997 saevus
3462 4953 3571 4982 »νγ--

2062 5044 2152 5098 τὸν
2176 5043 2450 5114 λογισμὸν.
2511 5042 2582 5114 μὴ
2613 5038 2923 5110 ἐπιτρέπων
2969 5036 3121 5108 ἡμᾶς
3176 5011 3571 5114 ἐπισκοπῆσαιῖὺ

366 5082 573 5151 ‘sinere
622 5094 723 5135 nos
777 5078 847 5134 ad
883 5095 1098 5146 eorum,
1131 5096 1251 5149 quae
1288 5081 1467 5150 reipsa
1518 5088 1666 5143 sunt,
1714 5095 1964 5150 compre—
2064 5078 2458 5151 ξῗνῗῗίθνννῗ
2511 5078 2920 5151 "'3_°"""’""'_'
2977 5078 3051 5151 '_“"
3048 5078 3121 5151 :1
3176 5078 3546 5151 'jf";_’__f_m1

2063 5145 2259 5217 ἀληθὲς
2288 5144 2520 5217 τρανῶς.
2564 5143 2805 5212 ’Λπάτης
2834 5138 2943 5210 γὰρ
2972 5138 3005 5209 ὴ
3043 5136 3133 5190 διὰ
3168 5133 3276 5187 τῶν
3305 5129 3439 5183 ὤτων

392 5173 710 5229 hensionem
760 5186 824 5226 ac
875 5171 1163 5228 scientiam
1200 5172 1502 5241 pervenire.
1537 5170 1764 5238 Quoties
1817 5170 1965 5224 enim

394 5209 710 5229 ..ωωιυηυιη
760 5209 824 5226 ..ν
875 5209 1163 5228 smmum...
1200 5209 1502 5241 μυρμηυ.
1539 5209 1764 5238 κων-,νυ

394 5279 585 5319 eorum
641 5278 766 5334 quae
815 5271 945 5318 sunt
993 5262 1254 5333 indagare
1296 5262 1503 5333 aliquid
1536 5262 1809 5328 volumus,
1852 5269 1934 5315 tur

2066 5209 2421 5319 πεπλήρωται
2459 5244 2669 5315 σκέψις,
2709 5209 2785 5307 (δέ
2823 5240 2988 5312 ἔφηεῖ⁶
3020 5238 3235 5306 ἀπάτης
3274 5232 3327 5285 δὲ
3368 5209 3570 5334 καὶῇἕᾶ

397 5311 585 5319 -..-_.--
645 5311 764 5334 γη
815 5311 944 5318 η---
993 5311 1253 5333 ---πυ-η
1297 5311 1503 5333 πη---
1549 5311 1809 5328 ____-____,
1855 5311 1928 5315 -__

396 5356 592 5411 oborta
639 5354 816 5425 caligo
870 5353 1144 5409 mentibus
1184 5354 1391 5409 nostris
1431 5353 1686 5410 tenebras
1715 5351 1934 5407 offundit

2066 5345 2165 5417 τῆς
2196 5311 2390 5416 δᾷεως,
2418 5311 2633 5417 ἀπάτης
2675 5345 2730 5399 δὲ
2773 5344 2869 5398 καὶ⁹
2906 5343 2939 5412 ἡ
2976 5338 3065 5393 διὰ
3111 5336 3220 5391 τῶν
3256 5311 3567 5425 ἀλλωναίσθή·

398 5462 574 5517 neque
597 5422 880 5501 veritatem
914 5443 1150 5509 dilucide
1184 5459 1212 5498 a
1248 5444 1410 5500 nobis
1443 5443 1710 5515 pervideri
1748 5444 1934 5514 patitur

2073 5463 2231 5500 σεων·
2273 5448 2468 5519 Ὁρᾷς.
2512 5448 2651 5519 ἔφη,
2698 5439 2744 5502 ὧ
2784 5442 3077 5512 Εὐϐούλιε,
3123 5440 3199 5506 ὡς
3252 5433 3355 5507 ἐγὼ
3410 5422 3568 5487 Ereti”;

473 5570 486 5597 '
515 5566 682 5620 Zach.
720 5580 793 5628 Ix,
830 5563 916 5616 ll.
994 5566 1014 5595 '
1049 5563 1196 5620 Psal.
1228 5581 1351 5630 ην,
1382 5566 1495 5620 7.”³
1558 5564 1669 5621 Nisi
1720 5565 1812 5618 ml.
1858 5564 1934 5638 τὴ·

407 5636 593 5687 κακόν.
634 5636 653 5666 ⁵
717 5633 777 5687 F.
802 5632 1068 5703 ἀλλήλοις.

2037 5567 2158 5640 ἱρκα
2211 5560 2375 5642 legas,
2425 5582 2825 5639 supervacanea
2884 5565 2987 5622 ista
3040 5572 3192 5620 sunt.
3273 5567 3291 5593 ⁸
3326 5544 3565 5614 Excedam

482 5670 593 5687 ,νινΐι
720 5670 741 5687 ι
766 5673 777 5687 I
803 5670 1068 5697 Ἆηιιιλιιυυό
