3846 6152
285 205 421 264 “43

1692 217 1750 275 S.
1784 217 2121 277 EPIPHANII

3390 211 3540 268 HM

284 335 415 374 num
445 320 641 377 animae
670 323 950 382 vinculum
988 330 1118 386 est?
1154 320 1479 386 Afﬁrmavit.
1521 329 1847 388 Utrumnam

1960 334 2012 404 5η
2021 332 2182 405 μένος
2201 330 2261 385 οὐ
2281 330 2503 386 δύναται
2525 327 2858 401 ἁμαρτάνειν
2875 342 2892 393 ;
2914 325 3028 381 Καὶ
3052 324 3288 381 ἐνταῦθα
3308 324 3546 379 ἐπένευ-

282 412 450 482 igitur
481 416 723 484 quandiu
757 418 811 472 in
844 419 949 475 hoc
998 434 1227 492 corpore
1281 437 1493 485 sumus,
1549 421 1624 477 ita
1670 437 1859 493 pecca-

282 517 427 565 mus,
480 512 541 559 ut
574 504 640 559 ad
697 506 751 561 id
795 522 927 564 caro
976 509 1095 581 ipsa
1147 511 1494 567 consentiat?
1530 510 1852 570 Peccamus.

278 592 477 664 inquit.
517 596 585 649 At
614 597 707 668 qui
737 601 1068 658 constrictus
1100 610 1206 668 est,
1248 618 1473 673 peccare
1502 618 1610 659 non
1642 601 1857 673 potest?

1954 439 2065 477 σεν.
2099 423 2361 493 Ἀγχεται
2384 422 2512 492 γάρ.
2543 418 2668 475 Ναί.
2693 419 2786 491 Μὴ
2805 418 3041 490 ὲὼμενος
3061 416 3167 470 ὑπὸ
3183 414 3280 470 τοῦ
3299 414 3543 486 δεσμοῦς

1952 513 2138 584 Δῆλον.
2192 513 2351 566 Ἀλλὰ
2414 512 2476 566 τὸ
2524 512 2623 584 μὲν
2684 510 2844 583 σῶμα
2901 511 3039 583 πρὸς
3090 510 3154 563 τὸ
3213 510 3544 581 ἀμαρτῆσαι

1954 604 2249 677 συνεργόν;
2300 604 2427 657 Ναί.
2482 604 2671 675 Εῖργει
2705 603 2763 656 δὲ
2808 604 2838 655 δ
2894 601 3111 672 δεσμός.
3146 599 3382 670 Συνέφη.
3415 599 3545 651 Οὐκ

279 682 347 738 Et
404 685 530 742 huic
585 690 792 759 pariter
841 707 1103 751 assensus
1160 702 1264 750 est.
1326 694 1561 765 Angitur
1602 695 1749 751 enim
1790 708 1856 748 ac

1960 694 2062 766 ἄρα
2089 694 2151 747 τὸ
2180 693 2340 765 σῶμα
2367 696 2396 748 ὁ
2422 692 2638 764 δεσμὸς,
2668 690 2792 745 οὔτε
2828 690 2969 744 κατὰ
3004 691 3083 754 σὲ,
3119 688 3245 742 οὔτε
3264 686 3410 742 κατὰ
3432 685 3545 740 ἄλ·-

280 786 584 835 coercetur.
626 781 815 852 Recte,
855 786 1051 858 inquit.
1091 787 1225 842 Nam
1258 788 1327 843 ab
1362 786 1595 842 vinculis
1639 785 1855 841 inbibe-

278 868 408 922 tur?
435 868 553 926 Nou
587 874 808 931 dubium
837 885 943 945 est,
981 878 1284 949 respondit.
1315 877 1515 934 Verum
1548 892 1750 947 corpus
1782 875 1852 932 ad

278 963 613 1027 peccandum
641 967 1022 1025 administrum
1045 972 1160 1027 est?
1192 971 1309 1037 Est,
1338 970 1534 1042 inquit.
1560 967 1847 1024 Vinculum

1957 787 2070 850 λον,
2123 785 2288 858 ἔφην,
2325 779 2371 840 ὧ
2414 783 2753 855 Ἀγλαοφῶνο
2794 784 2929 838 ἀλλὰ
2984 782 3122 854 πρὸς
3165 780 3430 850 ἑκάτερον
3467 778 3545 849 τῇ

1955 877 2100 949 ψυχῇ
2133 878 2411 950 συνεργὸν,
2458 879 2569 973 εἶτε
2620 876 2758 950 πρὸς
2789 877 2854 931 τὸ
2897 876 3130 947 ἀγαθὸν,
3167 874 3277 928 εῐτε
3308 871 3451 943 πρὸς
3476 867 3548 922 τὺ

1956 968 2144 1023 κακόν.
2181 968 2505 1041 Συνεχώρει.

280 1056 461 1105 autem
515 1056 767 1112 coercet?
803 1058 1029 1114 Annuit.
1094 1057 1356 1132 Sequitur
1402 1058 1630 1130 proinde
1668 1073 1848 1128 neque
1913 1073 1980 1114 ex
2029 1068 2142 1124 tua,
2194 1058 2551 1130 Aglaophon,
2602 1073 2782 1130 neque
2825 1072 2893 1113 es
2956 1056 3185 1112 alterius
3233 1053 3544 1117 sententia,

279 1144 559 1202 vinculum
618 1164 743 1207 esse
794 1166 1024 1223 corpus;
1080 1155 1176 1211 sed
1223 1155 1290 1210 ad
1356 1154 1661 1216 utrumvis,
1702 1163 1814 1207 tam
1864 1153 2069 1208 bonum
2125 1153 2368 1220 scilicet,
2416 1168 2581 1225 quam
2628 1153 2865 1215 malum,
2916 1152 3112 1206 anima:
3158 1148 3380 1221 adjutor
3424 1159 3545 1203 est.

279 1238 581 1296 Concessit.

350 1354 510 1413 XLV.
552 1357 677 1417 Haec
707 1376 831 1417 cum
863 1362 939 1418 ita
1002 1365 1134 1431 sint,
1186 1372 1340 1421 tuum
1388 1374 1492 1432 est,
1518 1366 1855 1440 Aglaophon,

282 1462 518 1519 purgare
562 1467 680 1521 qua:
730 1463 894 1510 antea
946 1457 1203 1526 posuisti.
1242 1458 1443 1515 Aiebas
1472 1460 1616 1514 enim
1655 1473 1857 1529 corpus

278 1540 475 1597 animm
500 1544 1094 1614 vinculum,carcerem
1141 1564 1206 1605 ac
1238 1550 1531 1621 compedes
1556 1567 1698 1607 esse.
1726 1550 1858 1618 Quae

2027 1362 2161 1420 ME'.
2185 1361 2394 1418 Οὐκοῦν
2422 1361 2564 1417 οὕτω
2588 1361 2653 1434 δὴ
2674 1360 2878 1415 τούτων
2911 1359 3143 1431 ἑχόντων
3172 1357 3545 1432 arumnam,

1956 1450 2001 1510 ὧ
2035 1454 2371 1525 Ἀγλαοφῶν,
2406 1454 2541 1526 πρὸς
2587 1453 2625 1508 ἃ
2665 1453 2882 1526 πρῶτον
2933 1452 3158 1506 ὑπέθου.
3202 1452 3383 1523 Ἐφης
3425 1452 3543 1523 γὰρ

1954 1546 2153 1618 δεσμὸν
2186 1547 2279 1600 καὶ
2308 1545 2533 1617 εἱρκτὴν
2562 1545 2659 1598 καὶ
2700 1542 2869 1608 πέδας
2905 1543 2966 1597 τὸ
3000 1542 3164 1614 σῶμα
3211 1542 3311 1613 τῆς
3354 1543 3542 1613 ψυχῆς

278 1645 400 1684 cum
435 1631 504 1689 iis
532 1648 654 1704 quae
690 1636 852 1692 modo
885 1636 1093 1704 dixisti,
1135 1654 1479 1710 nequaquam
1502 1641 1853 1697 conveniunt.

1960 1640 2015 1692 ὲν
2038 1639 2150 1703 τοῖς
2182 1636 2509 1709 ἔμπροσθεν.
2542 1637 2652 1690 Kal.
2688 1636 2842 1709 ὁρᾷς,
2877 1634 2954 1700 ὡς
2992 1636 3054 1689 οὐ
3088 1634 3374 1706 συνᾴδουσι
3409 1635 3543 1687 τοῦ·

276 1718 382 1786 Qui
409 1723 554 1778 enim
579 1728 878 1783 convenire
909 1738 1160 1799 possunt,
1188 1731 1236 1786 si
1275 1730 1493 1802 quidem
1522 1748 1750 1789 necesse
1773 1743 1860 1788 est

275 1828 498 1869 carnem
529 1817 730 1872 vinculi
753 1818 928 1875 instar
958 1820 1424 1889 haberi,animam
1443 1838 1574 1879 vero
1609 1824 1859 1895 adjutore

277 1906 343 1960 ad
377 1907 558 1963 scelus
580 1910 656 1963 uti
675 1911 929 1985 vinculo?
964 1914 1109 1983 quod
1140 1915 1358 1984 quidem
1385 1916 1499 1970 lieri
1527 1916 1679 1971 nullo
1700 1927 1858 1987 pacto

278 2004 475 2066 potest.
491 1997 624 2053 Nam
649 2016 774 2056 cum
802 2012 1028 2075 propter
1058 2006 1317 2063 delictum
1350 2021 1524 2078 poenae
1548 2008 1859 2064 constituta:

278 2088 411 2153 sint,
453 2098 514 2144 ut
545 2090 742 2148 atl‘ecta
790 2094 979 2151 dolore
1032 2098 1212 2152 anima
1244 2096 1313 2153 ad
1362 2098 1654 2154 colendum
1687 2098 1857 2155 Deum

275 2180 583 2248 erudiatur,
638 2183 829 2242 ﬁerine
870 2195 1073 2256 potest,
1114 2194 1173 2242 ut
1200 2188 1267 2243 ad
1297 2187 1746 2245 committendum
1778 2187 1859 2245 fa-

275 2272 437 2330 cinus
470 2290 672 2346 corpus
705 2277 782 2332 illi
812 2279 1130 2349 adjumento
1158 2281 1471 2352 auxilioque
1499 2297 1622 2338 esse
1650 2282 1860 2354 possit?

277 2362 509 2422 Vincula
545 2368 768 2440 quippe,
809 2371 1095 2436 custodiae,
1153 2374 1448 2444 compedes
1501 2382 1557 2430 et
1595 2374 1649 2428 id
1682 2389 1857 2446 genus

275 2459 457 2514 omnia
484 2475 771 2531 pmnarum
803 2463 1190 2530 instrumenta,
1238 2482 1361 2537 qua:
1391 2466 1459 2521 ad
1488 2467 1858 2523 emendandos

275 2547 528 2604 homines
562 2552 854 2620 pertinent,
904 2562 1258 2624 peccatorum
1306 2570 1370 2611 ac
1399 2557 1668 2612 scelerum
1704 2557 1756 2610 in
1789 2557 1858 2614 iis

274 2641 369 2709 qui
420 2640 729 2709 puniuntur
786 2647 1307 2715 compesceudorum
1354 2646 1407 2702 vi
1450 2646 1677 2718 praedita
1706 2657 1854 2703 sunt.

274 2730 411 2785 Nam
444 2747 550 2788 non
587 2732 727 2799 ideo,
767 2744 828 2789 ut
855 2736 1161 2792 sceleratus
1197 2738 1408 2808 majora
1463 2739 1673 2815 scelera
1706 2755 1860 2794 com-

276 2824 477 2885 mittat,
511 2823 659 2878 velut
700 2826 1013 2895 praesidium
1052 2829 1329 2899 quoddam
1378 2830 1658 2887 vinculum
1704 2831 1859 2887 adbi-

275 2911 455 2976 betur,
504 2914 598 2970 sed
663 2924 724 2970 ut
776 2932 842 2973 co
893 2917 1056 2974 modo
1084 2918 1247 2990 570
1273 2922 1554 2978 cruciatus
1597 2937 1628 2976 a
1668 2938 1860 2994 perpe-

1956 1749 2071 1796 τοις
2098 1730 2134 1785 ἃ
2160 1730 2333 1803 ἔφης;
2360 1730 2485 1794 Πῶς
2516 1728 2625 1801 γὰρ
2662 1728 2958 1799 συνᾴδοιεν,
3003 1728 3160 1800 εἴπερ
3187 1745 3251 1797 γε
3295 1728 3542 1796 ἀνάγκη,

1957 1817 2002 1877 ὧ
2024 1825 2235 1896 ἄριστε,
2267 1822 2464 1893 δεσμὸν
2495 1820 2593 1892 μὲν
2622 1822 2720 1891 τὴν
2754 1820 2933 1892 σάρκα
2957 1819 3315 1892 νομίζεσθαι,“
3340 1820 3446 1906 τὴν
3482 1819 3546 1873 δὲ

1956 1914 2133 1987 ψυχὴν
2162 1914 2407 1987 συνεργῷ
2433 1914 2571 1985 πρὸς
2601 1913 2819 1969 ἀδικίαν
2849 1910 3107 1984 χρῆσθαι,
3145 1911 3238 1963 καὶ
3280 1907 3549 1980 συμπρᾶ-

1944 2024 2113 2081 ίκτορι
2160 2005 2241 2078 τῷ
2278 2004 2484 2076 δεσμῷ,
2528 2005 2668 2076 ὅπερ
2719 2004 3016 2067 ἀδύνατον;
3048 2003 3111 2056 Εί
3153 2001 3261 2070 γὰρ
3291 1999 3380 2053 διὰ
3437 1999 3549 2070 τὴν

1958 2097 2235 2171 ἁμαρτίαν
2271 2096 2690 2168 βασανιπήριον
2720 2094 2900 2166 ἐδόθη.
2935 2093 3071 2165 πρὸς
3094 2093 3154 2146 τὸ
3179 2090 3548 2159 ἀλγυνθεῖσαν

1957 2189 2038 2249 εἰς
2070 2186 2131 2239 τὸ
2171 2186 2337 2256 τιμᾷν
2369 2183 2460 2240 τὸν
2498 2184 2632 2238 Θεὸν
2674 2183 3028 2253 παιδευθῆναι
3058 2180 3156 2252 τὴν
3188 2179 3389 2251 ψυχὴν,
3424 2178 3549 2243 πῶς

1959 2279 2212 2350 συνεργεῖ
2238 2277 2333 2331 καὶ
2371 2275 2794 2345 συναγωνίζεται
2821 2274 2882 2328 τὸ
2914 2274 3074 2345 σῶμα
3104 2274 3242 2344 αὐτῇ
3290 2271 3431 2344 πρὸς
3476 2269 3550 2324 τὺ

1957 2370 2198 2434 ἀδικεῖνς
2249 2368 2449 2440 Δεσμοὶ
2503 2368 2612 2440 γὰρ
2652 2366 2748 2421 καὶ
2791 2366 3051 2437 φυλακαὶ,
3099 2365 3193 2420 καὶ
3229 2363 3409 2429 πέδαι,
3446 2363 3549 2416 καὶ

1958 2461 2260 2535 συλλήϐδην
2289 2461 2348 2514 ai
2376 2460 2624 2516 τοιαῦται
2650 2463 2823 2516 πᾶσαι
2864 2460 2999 2531 πρὸς
3042 2458 3416 2529 ἐπανόρθωσιν
3460 2472 3551 2509 τι·-

1960 2555 2135 2627 μωροὶ
2159 2555 2400 2626 μηχαναὶ
2442 2553 2732 2623 ὲφεκτικαὶ
2772 2551 2865 2606 τοῦ
2909 2551 3120 2606 ἀδικεῖν
3161 2549 3257 2603 καὶ
3286 2547 3546 2620 ἁμαρτάο

1956 2663 2068 2700 νειν
2120 2650 2232 2711 τοῖς
2283 2645 2665 2717 κολαζομένοις
2705 2645 3008 2714 γίγνονται.
3047 2640 3123 2696 Οὐ
3173 2641 3284 2711 γὰρ
3329 2639 3484 2703 ὅπως
3512 2639 3550 2693 ὁ

1956 2738 2224 2810 ἀδικήσας
2253 2739 2488 2811 ἀδικήσῃ
2514 2737 2696 2803 πλέον,
2725 2735 2986 2808 συνεργὸς
3006 2733 3156 2806 αὐτῷ
3180 2733 3319 2805 πρδς
3342 2733 3405 2785 τὸ
3427 2732 3550 2786 ἁδι-

1957 2835 2120 2886 κεῖνό
2151 2831 2349 2903 δεσμὸς
2384 2831 2602 2895 δίδοται,
2655 2830 2774 2885 ἀλλ’
2822 2830 2970 2893 ὅπως
3003 2827 3141 2900 λήξῃ
3182 2826 3278 2880 τοῦ
3309 2825 3542 2883 ἀδικεῖν,

1960 2924 2382 2995 βασανιζόμενος
2411 2922 2502 2977 διὰ
2526 2922 2635 2976 τῶν
2657 2922 2890 2995 δεσμῶν.
2927 2922 3041 2975 Kal.
3073 2922 3182 2992 γὰρ
3205 2921 3255 2974 οἱ
3285 2918 3549 2974 δικασταὶ

275 3005 490 3062 trandis
534 3008 873 3066 facinoribus
907 3011 1157 3068 desistat.
1189 3013 1369 3085 Atque
1416 3030 1482 3070 ea
1543 3030 1711 3073 causa
1772 3025 1859 3072 est

1960 3017 2131 3090 ταύτῃ
2163 3016 2384 3070 πεδοῢσι
2406 3016 2534 3079 τοὺς
2559 3015 2816 3084 φαύλους.
2834 3014 3149 3069 Κωλύονται
3177 3011 3307 3083 γὰρ,
3331 3011 3437 3065 κᾶν
3468 3012 3545 3081 μὴ

280 3112 380 3152 cur
427 3097 723 3157 facinorosi
758 3101 1007 3159 homines
1036 3104 1273 3162 vinculis
1313 3121 1343 3160 a
1370 3106 1559 3177 judice
1586 3110 1858 3165 constrin-

279 3199 497 3259 gantur,
524 3201 812 3264 propterea
843 3197 989 3266 quod
1007 3198 1074 3251 ab
1094 3198 1163 3253 iis
1190 3199 1274 3254 vel
1305 3200 1459 3256 inviti
1489 3202 1618 3256 mali
1651 3201 1857 3273 aliquid

281 3280 463 3338 facere
482 3284 863 3353 prohibentur.
883 3287 1027 3354 Quin
1045 3288 1156 3345 imo
1176 3289 1474 3346 liberorum
1501 3307 1566 3346 ac
1606 3293 1690 3349 sui
1715 3293 1859 3364 juris

281 3371 584 3436 hominum,
646 3391 880 3445 quorum
938 3394 1097 3434 nemo
1154 3380 1321 3434 vitam
1382 3396 1538 3437 suam
1578 3383 1856 3449 observat,

280 3477 510 3531 peccare
540 3466 826 3535 proprium
858 3477 963 3532 est,
999 3485 1108 3525 non
1141 3471 1469 3527 vinctorum.
1506 3472 1683 3530 Homo
1729 3489 1861 3529 vero

280 3552 516 3621 primum
532 3554 752 3625 quidem
771 3558 1128 3627 parricidium
1147 3561 1390 3630 admisit,
1413 3564 1578 3620 veluti
1595 3566 1799 3623 C'ainus
1816 3567 1857 3622 ί.

279 3641 418 3698 Tum
442 3644 510 3700 ad
539 3645 912 3705 inﬁdelitatem
948 3650 1207 3717 adolevit,
1241 3654 1537 3711 simulacra
1569 3666 1862 3713 veneratus

277 3745 382 3801 est,
415 3753 447 3792 a
490 3735 600 3794 Deo
631 3739 883 3798 descivit.
934 3739 1154 3799 Fierine
1210 3744 1381 3815 igitur
1436 3754 1621 3816 potest
1688 3756 1749 3804 ut
1809 3749 1861 3805 ei

278 3843 481 3899 corpus
542 3839 800 3902 tanquam
860 3833 1141 3890 vinculum
1198 3835 1269 3891 sit
1341 3837 1708 3894 attributum?
1755 3839 1864 3895 Aut

277 3922 552 3990 quomodo
581 3922 745 3989 Deus,
784 3942 907 3982 cum
935 3942 995 3983 se
1027 3929 1191 3984 homo
1218 3930 1461 3999 peccatis
1489 3940 1617 3988 ante
1661 3946 1863 4003 corpus

277 4012 683 4081 obstrinxisset,
720 4016 789 4071 ad
846 4018 1055 4087 majora
1103 4020 1311 4074 scelera
1347 4020 1495 4076 velut
1548 4022 1860 4092 praesidium

277 4103 553 4172 quoddam
575 4106 621 4160 ei
651 4120 853 4177 corpus
882 4107 1126 4162 allinxit?
1151 4108 1434 4175 Quomodo
1481 4112 1718 4183 denique
1740 4121 1864 4183 post

276 4194 413 4249 illud
470 4197 793 4253 fabricatum
842 4200 1118 4256 vinculum
1173 4202 1249 4256 ita
1304 4204 1521 4260 locutus
1570 4206 1866 4262 estzEcce

277 4301 459 4339 coram
490 4296 538 4340 te
555 4289 708 4356 posui
735 4289 896 4341 vitam
918 4299 964 4342 et
998 4300 1217 4343 mortem
1228 4306 1247 4355 ;
1271 4292 1403 4363 elige
1432 4295 1594 4348 vitam
1623 4312 1642 4351 .'
1670 4295 1863 4352 bonum

1961 3110 2279 3182 βούλωνται,
2312 3111 2628 3165 κακοποιεῖν
2649 3109 2754 3163 ὑπὸ
2774 3107 2882 3162 τῶν
2913 3107 3149 3178 δεσμῶν.
3198 3104 3546 3173 Ἐλευθερια-

1959 3202 2159 3267 ζόντων
2197 3201 2341 3255 δὲτὸ
2371 3203 2700 3273 κακουργεῖν
2749 3201 2886 3264 ἔστι,
2926 3198 3023 3252 καὶ
3066 3195 3283 3262 ζώντων
3331 3194 3545 3263 agrum--

1958 3311 2123 3360 κτως,
2150 3292 2264 3347 ἀλλ’
2292 3294 2355 3347 οὐ
2389 3291 2802 3363 πεπεδημένων.
2836 3290 2896 3344 Ὀ
2925 3290 2981 3343 δὲ
3005 3288 3099 3344 ἄνθ
3110 3304 3289 3360 ρωπος
3322 3286 3541 3358 πρῶτον

1963 3386 2062 3458 μὲν
2087 3384 2366 3454 ἐφόνευσε,
2397 3383 2540 3439 κατὰ
2558 3383 2650 3438 τὸν
2675 3382 2838 3448 Κάῖν,
2859 3382 3073 3454 ηὐξήθη
3100 3381 3237 3453 πρὸς
3259 3380 3543 3442 ἀπιστίαν,

1960 3477 2201 3541 εἰδώλοις
2217 3476 2538 3549 προσέσχεν,
2561 3475 2942 3544 ἀπεστάτησεν
2967 3473 3076 3528 ἀπὸ
3096 3470 3254 3526 Θεοῦ.
3278 3471 3393 3525 Kal.
3422 3469 3545 3533 πῶς

1960 3564 2110 3635 αὐτῷ
2131 3564 2327 3636 δεσμὸς
2351 3563 2412 3617 τὸ
2439 3563 2597 3635 σῶμα
2622 3564 2777 3635 ἐδόθη
2800 3579 2814 3628 ;
2845 3565 2915 3617 ἸΙ
2947 3561 3066 3627 πῶς
3092 3561 3291 3627 ὁΘεδς,
3320 3560 3462 3632 μετὰ
3483 3559 3545 3614 τὺ

1961 3655 2068 3724 πρὸ
2096 3654 2347 3727 σώματος
2371 3655 2643 3726 ἀνομῆσαι
2662 3653 2755 3709 τὸν
2777 3653 3093 3726 ἄνθρωπον,
3115 3652 3380 3725 συνεργὸν
3406 3651 3547 3723 πρὸς

1964 3748 2178 3803 ἀδικίαν
2202 3748 2351 3821 αὑτῷ
2400 3748 2622 3819 μείζονα
2645 3747 2708 3801 τὸ
2755 3746 2917 3818 σῶμα
2947 3747 3130 3812 ἐδοτο;
3174 3745 3300 3821 Πῶς
3341 3744 3401 3798 δὲ
3450 3745 3546 3799 καὶ

1920 3835 1939 3857 ⁸
1965 3840 2104 3911 μετὰ
2150 3840 2251 3913 τὴν
2300 3818 2646 3911 κατασκευὴν
2697 3838 2792 3892 τοῦ
2844 3836 3044 3909 δεσμοῦ
3087 3837 3169 3904 τὸ,
3234 3818 3391 3890 Ἰδοὺ
3424 3833 3544 3911 πρὸ

1962 3932 2287 4001 προσώπου
2313 3930 2704 4000 σου,λέγεται,
2732 3929 2965 3984 τέθεικα
2984 3927 3101 3996 τὴν
3128 3925 3284 3996 ζωὴν
3313 3926 3413 3980 καί
3437 3924 3547 3980 τὸν

1964 4021 2243 4087 θάνατον,
2280 4020 2523 4086 ἕκλεξαι
2567 4020 2682 4089 τὴν
2723 4018 2908 4084 ζωήν-ο
2957 4018 3026 4072 τὸ
3057 4016 3284 4089 ἀγαθὸν
3327 4016 3430 4071 καί
3474 4016 3547 4071 τὸ

1963 4113 2250 4184 πονηρὸν,
2303 4114 2546 4178 ἐκλεξαι
2584 4113 2653 4168 τὸ
2691 4114 2945 4183 ἀγαθόν’
2969 4111 3089 4176 καὶ,
3132 4111 3271 4165 Ἐὰν
3329 4108 3547 4177 θέλητε

1964 4192 2062 4262 κάξ
2092 4205 2493 4272 εὶσακούσητέ
2519 4221 2678 4275 μου;
2717 4203 2903 4258 Ταῦτα
2931 4203 3043 4273 γὰρ
3079 4202 3160 4267 ὡς
3207 4201 3356 4273 αὐτῷ
3390 4202 3547 4266 ἐξου-

1968 4298 2229 4363 σιάζοντι,
2256 4298 2349 4351 καὶ
2372 4298 2470 4368 οὐχ
2499 4297 2577 4361 ὡς
2598 4296 2704 4350 ὑπὸ
2741 4296 2915 4366 δεσμὰ
2968 4297 3066 4349 καὶ
3118 4295 3367 4364 ἀνάγκην
3414 4295 3545 4362 ἀγο-

276 4383 326 4430 et
352 4376 590 4441 malum;
615 4377 746 4445 elige
775 4377 967 4463 bonum
996 4380 1037 4434 ’.
1063 4379 1196 4435 Item
1233 4397 1247 4434 :
1279 4381 1340 4437 Si
1369 4384 1639 4440 volueritis
1667 4395 1716 4441 el
1761 4404 1859 4441 au-

1965 4392 2109 4461 μένῳ
2134 4388 2364 4463 ὲρῤήθη.
2399 4389 2564 4442 Ὥστε
2594 4390 2660 4442 ὲκ
2686 4389 2885 4451 παντὸς
2912 4386 3265 4441 συνίστασθαι
3289 4388 3423 4458 μήτε
3448 4385 3547 4440 πέ-

277 4468 485 4522 dieritis
510 4485 589 4522 me
618 4468 678 4522 ’ἲ
705 4468 831 4525 Haec
861 4470 1007 4526 enim
1040 4471 1116 4525 illi
1150 4479 1404 4543 tanquam
1455 4474 1705 4534 libertate
1734 4493 1865 4548 prae-

278 4561 415 4627 dito,
449 4576 560 4617 non
605 4563 843 4621 vinculis
877 4579 942 4620 ac
984 4567 1311 4622 necessitate
1355 4575 1549 4624 coacto
1599 4569 1747 4624 dicta
1779 4571 1865 4625 vi-

279 4654 498 4711 dentur.
518 4655 586 4711 Ut
617 4657 853 4727 idipsum
880 4658 1105 4716 omnino
1130 4661 1591 4729 consequens'sit,
1614 4677 1725 4718 non
1741 4678 1865 4718 esse

279 4762 481 4819 corpus
498 4752 819 4822 compedum
831 4794 845 4817 ,
859 4762 953 4807 aut
977 4756 1263 4824 custodiae,
1279 4765 1372 4812 aut
1386 4756 1726 4812 vinculorum
1744 4756 1864 4812 loco

278 4840 621 4911 habendum,
662 4861 839 4916 neque
885 4847 1099 4904 vinctas
1144 4857 1301 4904 teme
1332 4849 1537 4905 idcirco
1564 4849 1864 4919 appellatas

280 4933 525 4999 animas,
583 4938 741 5006 quasi
803 4940 1034 4995 terrenis
1092 4940 1424 5009 quibusdam
1503 4939 1864 5009 compedibus

280 5029 426 5083 Deus
481 5028 603 5084 illas
658 5029 1015 5087 damnaverit.
1073 5030 1207 5085 Nam
1250 5031 1525 5102 quomodo
1575 5046 1764 5086 verum
1809 5031 1861 5085 id

279 5134 401 5174 esse
431 5127 634 5189 potest,
666 5135 792 5175 cum
820 5122 1189 5176 demonstrari
1216 5124 1364 5177 nulla
1398 5122 1609 5178 ratione
1640 5123 1864 5194 possit?

279 5209 387 5265 Sed
418 5219 471 5267 et
500 5212 787 5281 perspicue
815 5213 946 5265 illud
979 5213 1276 5268 absurdum
1316 5221 1435 5279 est,
1471 5229 1672 5286 corpus
1709 5214 1859 5269 arbi-

281 5303 412 5357 trari
436 5301 490 5356 in
519 5310 723 5357 aaterna
770 5303 861 5356 illa
894 5303 1003 5357 vita
1029 5305 1221 5373 procul
1257 5305 1326 5359 ab
1360 5307 1541 5360 anima
1572 5306 1812 5360 futurqu
1840 5344 1854 5368 ,

281 5395 423 5463 quod
456 5395 585 5450 huic
614 5395 745 5450 illud
778 5403 1038 5465 tauquam
1071 5394 1349 5449 vinculum
1383 5412 1447 5452 ac
1475 5396 1676 5466 pedica:
1702 5396 1813 5452 sint
1840 5414 1855 5462 ;

356 5619 371 5643 ‘
407 5613 537 5670 Gen.
566 5620 714 5683 tv,8.
793 5622 811 5651 '
843 5620 995 5675 Deut.
1032 5620 1275 5680 xxx,15.
1356 5623 1673 5688 ’lsa.l,19.

1959 4483 2057 4546 δας
2096 4482 2129 4554 ἢ
2172 4480 2437 4552 φυλακὴν,
2473 4479 2506 4552 ἢ
2542 4479 2778 4550 δεσμοὺς
2809 4478 3051 4550 νομίζειν
3072 4478 3134 4531 τὸ
3172 4477 3355 4554 σῶμα,
3403 4477 3543 4548 μήτε

1960 4572 2295 4644 δεσμώτιδας
2327 4570 2433 4641 γῆς
2462 4571 2551 4624 διὰ
2582 4569 2756 4625 ταῦτα
2787 4570 2885 4633 τὰς
2912 4569 3091 4639 ψυχὰς
3129 4571 3342 4639 χοῖκαῖς
3372 4583 3544 4621 κατα-

1961 4664 2239 4735 κρίνοντος
2265 4662 2437 4726 αὐτὰς
2465 4660 2560 4715 τοῦ
2596 4658 2731 4714 Θεοῦ
2758 4660 2976 4731 δεθῆναι
3003 4658 3215 4723 πέδαις.
3252 4658 3378 4722 Πῶς
3408 4657 3542 4729 γὰρ,

1959 4751 2120 4805 ὁπότε
2169 4751 2244 4822 μὴ
2284 4751 2506 4806 δύναται
2560 4750 2945 4821 ἀποδειχθῆναι
2985 4749 3185 4816 τοῦτος
3219 4750 3454 4803 'Atomv
3485 4748 3544 4802 δὲ

1964 4847 2187 4900 κάκεῖνο
2220 4843 2514 4915 προφανῶς
2550 4844 2610 4898 τὺ
2636 4843 2841 4898 οἴεσθαι
2882 4843 2944 4896 τὸ
2987 4843 3148 4915 σῶμα
3178 4844 3237 4898 ὲν
3274 4845 3339 4915 τῇ
3400 4842 3543 4896 κατὰ

1961 4939 2085 5001 τοὺς
2118 4935 2324 4999 αἰῶνας
2345 4935 2588 5007 διαγωγῇ
2616 4936 2690 5007 μὴ
2727 4935 3044 4989 συνέσεσθαι
3071 4938 3138 5007 τῇ
3165 4935 3335 5007 ψυχῇ,
3364 4934 3454 4987 διὰ
3482 4934 3545 4988 τὸ

1959 5026 2158 5098 δεσμὸν
2191 5025 2343 5097 αὐτῷ
2366 5028 2459 5081 καὶ
2493 5027 2661 5090 πέδας
2693 5022 2855 5092 εἶναι,
2890 5026 2978 5080 ἴνα
3011 5026 3086 5097 μὴ
3130 5026 3343 5081 αἰώνιοι
3373 5024 3550 5094 γενὼ·

1962 5119 2102 5192 μεθα
2151 5120 2471 5191 κατάκριτοι
2502 5118 2800 5190 δεσμῶται,
2847 5118 2989 5173 κατὰ
3024 5118 3151 5183 τοὺς
3193 5117 3451 5189 φθορέας,
3482 5118 3542 5167 ἐν

1962 5217 2030 5285 τῇ
2074 5212 2323 5285 βασιλείᾳ
2372 5211 2465 5265 τοῦ
2518 5211 2696 5280 φωτὸς
2757 5211 3026 5281 ἐσόμενοι.
3072 5209 3383 5281 Λελυμένου
3434 5210 3545 5280 γὰρ

1968 5305 2190 5370 ἱκανῶς,
2221 5305 2319 5359 καὶ
2354 5303 2760 5373 ἐξελεγχθέντος
2787 5303 2881 5356 τοῦ
2904 5302 3085 5371 λόγου,
3129 5304 3188 5355 ὲν
3241 5296 3286 5371 ᾧ
3339 5302 3543 5372 δεσμὸν

1961 5394 2062 5466 τῆς
2086 5394 2265 5465 ψυχῆς
2309 5391 2577 5464 ὡρίσαντο
2619 5389 2757 5449 εἶναι
2798 5392 2896 5463 τὴν
2936 5394 3134 5463 σάρκα,
3177 5392 3397 5447 λέλυται
3448 5392 3544 5448 καὶ
