3846 6108
245 219 380 276 Hi5

883 225 1254 284 ADVERSUS
1293 228 1636 287 "AERESES
1676 231 1800 288 LIB.

1958 234 2123 293 TOM.
2169 236 2207 289 Ι.
2247 268 2316 278 —
2357 237 2631 294 ιιΑΞιιΕδ.
2670 237 2856 294 LXIV.
3205 245 3244 264 "

3376 241 3508 296 [HO

241 336 304 392 τὸ
331 331 469 390 εἶναι
494 329 630 408 (ιωι
662 337 737 409 μὴ
770 337 1044 410 δεσμῶται
1077 341 1143 394 δι’
1167 343 1337 415 αὐτὴν
1377 347 1435 398 ἐν
1476 347 1542 417 τῇ
1576 345 1822 418 βασιλείᾳ

1947 363 1993 403 te
2019 349 2366 420 sempiternis
2400 353 2638 408 vinculis
2669 354 3058 408 sceleratormn
3094 355 3271 409 instar
3303 355 3507 411 addicti

240 430 339 484 τοῦ
378 431 576 498 φωτὸς,
616 431 683 502 ἢν
722 432 1202 505 ἀπολαμϐάνομεν,
1227 436 1487 508 ἐσόμεθα,
1527 438 1616 492 διὰ
1665 438 1824 492 τοῦτο

241 520 345 574 οὐκ
367 522 754 591 ἀναστήσεται.

1930 440 2374 504 videamur,cum
2397 443 2450 496 in
2477 444 2656 498 lucido
2679 445 2771 499 illo
2795 461 2964 516 regno
2991 447 3165 500 simus
3193 445 3506 502 habitaturi.

1931 531 2068 585 Cum
2125 533 2271 586 enim
2323 533 2537 590 abunde
2587 537 2854 590 dissoluta
2909 553 2974 592 ac
3020 538 3251 593 refutata
3305 541 3377 596 sit
3419 542 3509 595 illa
3611 577 3618 584 ο

245 617 540 683 sententia,
571 633 693 688 quae
726 619 922 675 animae
962 620 1243 676 vinculum
1297 637 1519 677 carnem
1577 619 1700 679 esse
1754 625 2069 690 definiebat,
2127 642 2234 680 una
2266 636 2320 682 et
2345 628 2476 682 illud
2513 631 2808 698 refellitur;
2859 647 3060 703 corpus
3114 635 3238 690 ideo
3288 637 3512 692 minimc

243 722 726 779 resurrecturum;
764 731 832 785 ne
867 716 922 769 in
955 717 1240 786 splendido
1267 718 1359 773 illo
1394 735 1582 789 regno,
1616 721 1660 775 si
1697 721 1831 774 illud
1867 721 2260 791 receperimus.
2295 724 2460 777 vincti
2489 739 2613 779 esse
2638 724 2940 780 videamur.

315 812 466 877 ΜΨ.
498 810 747 866 Ποταπὸν
790 812 896 883 γὰρ
932 812 1118 867 λοιπὸν
1145 815 1226 878 είς
1261 813 1433 867 πειθὼ
1475 819 1586 879 τοῖς
1635 817 1826 887 δυσχε-

249 901 525 972 ραίνουσιν
558 901 742 972 ἕτερον
786 902 1068 973 ἀλήθευμα
1106 905 1211 975 χρὴ
1253 905 1548 970 δεικνύναι,
1591 907 1671 967 είς
1727 925 1830 961 πα-

245 993 370 1061 γίδα
405 993 501 1063 τήν
534 993 711 1064 σάρκα
753 993 906 1064 δίκην
945 994 1244 1064 ὑφέξουσαν
1276 996 1384 1050 τῶν
1427 999 1830 1068 ἡμαρτημένων

247 1083 538 1154 ἐμϐιϐάζει
565 1101 577 1112 ·
605 1085 741 1155 ὅπερ
773 1086 792 1115 ⁸
825 1083 1024 1154 μᾶλλον
1053 1085 1086 1155 ἢ
1111 1084 1422 1156 ὀρθοδοξίας
1441 1086 1608 1140 ἐστίν.
1635 1089 1696 1140 Et
1722 1088 1831 1159 γὰρ

248 1173 356 1244 πρὸ
385 1175 485 1244 τῆς
519 1175 904 1244 παραϐάσεως,
938 1175 1188 1246 καθάπερ
1221 1177 1321 1247 ήδη
1355 1179 1449 1230 καὶ
1497 1181 1554 1231 ἐν
1585 1181 1696 1242 τοῖς
1734 1179 1833 1249 ἐμ-

249 1265 488 1335 προσθεν
532 1263 858 1335 ἐξεθέμεθα,
905 1265 1136 1336 σώματα
1185 1267 1479 1338 ἐκέκτηντο
1523 1268 1578 1321 αἱ
1638 1269 1828 1339 ψυχαὶ,

249 1357 368 1419 πῶς
404 1358 484 1420 είς
540 1357 744 1424 παγίδα
796 1355 1022 1428 ὕστερον
1080 1358 1217 1428 μετὰ
1262 1359 1362 1430 τὴν
1397 1358 1710 1430 παράϐασιν
1755 1361 1834 1421 εἰς

191 1462 198 1468 “
252 1449 412 1519 σῶμα
439 1449 846 1520 ἐμϐιϐάζονται,
871 1452 970 1503 οὐκ
1000 1450 1152 1514 ὄντος
1180 1451 1396 1523 χρόνου,
1423 1455 1481 1505 ἐν
1509 1446 1553 1520 ᾦ
1582 1453 1710 1524 πρὶν
1744 1453 1838 1505 αὖε

249 1541 351 1606 τὰς
380 1541 440 1594 τὸ
481 1541 643 1612 σῶμα
671 1541 854 1596 λαϐεῖν
892 1542 1310 1614 ἐξημάρτοσαν;
1360 1547 1435 1598 Οὐ
1469 1546 1580 1616 γὰρ
1625 1545 1837 1616 ἐμφροο

2004 816 2188 871 XLVl.
2229 819 2360 885 Quae
2388 821 2554 885 enim,
2591 821 2682 874 illa
2715 821 2948 888 sublata,
2981 830 3126 878 certa
3156 839 3219 878 ac
3249 833 3512 880 constans

1928 909 2071 962 ratio
2098 925 2222 965 esse
2254 919 2451 980 potest,
2481 927 2588 980 qua
2617 911 2669 964 id
2694 927 2837 980 aegre
2863 911 3164 969 ferentibus
3191 915 3513 983 persuaderi

1929 1000 2125 1070 possit,
2186 1002 2420 1054 animam
2476 1008 2532 1053 ut
2582 1001 2904 1054 delictorum
2944 1017 3166 1056 suorum
3203 1018 3392 1072 poenas
3419 1018 3517 1056 ex—

1931 1094 2126 1155 solvat,
2152 1094 2207 1148 in
2240 1094 2381 1148 hanc
2413 1109 2631 1148 carnem
2689 1094 2838 1146 velut
2887 1093 2941 1146 in
2989 1094 3243 1163 laqueum
3275 1094 3518 1163 conjici?

1931 1185 2078 1254 quod
2134 1182 2380 1238 stultitiae
2437 1185 2632 1254 magis,
2664 1200 2827 1254 quam
2857 1185 3087 1240 sincerae
3121 1185 3242 1238 fidei
3275 1186 3515 1239 tribuen-

1931 1275 2061 1328 dum
2101 1283 2376 1343 cst;,,nam
2431 1290 2553 1327 cum
2601 1282 2728 1328 ante
2759 1274 3017 1326 violatum
3053 1273 3145 1328 Dei
3179 1274 3518 1336 mandatum,

1933 1373 1994 1420 ut
2025 1375 2186 1419 antea
2223 1366 2669 1425 monstravimus,
2695 1366 3019 1434 corporibus
3050 1365 3287 1434 praedita:
3318 1364 3522 1418 fuerint

1934 1458 2150 1521 animae,
2186 1472 2423 1526 quonam
2466 1466 2626 1526 pacto
2676 1457 2976 1510 secundum
3024 1456 3285 1510 delictum
3318 1455 3522 1509 includi

1935 1565 2166 1619 corpore
2206 1557 2523 1619 potuerunt,
2553 1565 2677 1602 cum
2709 1564 2818 1602 non
2856 1557 3110 1618 suppetat
3142 1557 3356 1616 tempus
3387 1562 3518 1616 quo,

251 1649 342 1695 νος
364 1633 454 1686 ὀτέ
489 1635 586 1703 μὲν
617 1635 693 1698 ὡς
725 1635 814 1688 διὰ
836 1635 896 1688 τὸ
927 1635 1086 1707 σῶμα
1116 1637 1294 1707 λέγειν
1325 1639 1424 1702 τὰς
1453 1639 1631 1709 ψυχὰς
1655 1642 1836 1712 ἡμαρ-

1947 1641 2258 1712 priusquam
2281 1656 2483 1709 corpus
2517 1639 2826 1703 induerent,
2858 1640 2910 1692 in
2942 1647 3223 1708 peccatum
3255 1638 3524 1707 prolapsa:

251 1725 498 1788 τηκέναι,
525 1727 616 1779 6τέ
637 1727 714 1791 δέ,
743 1729 1042 1800 ἐπειδήπερ
1075 1731 1428 1801 ήμάρτησαν,
1454 1731 1540 1784 διὰ
1569 1733 1724 1786 τοῦτο
1745 1737 1839 1788 καὶ

253 1815 454 1886 δεσμὸν
478 1817 627 1882 αὐτὸ,
659 1821 752 1872 καὶ
786 1821 988 1888 παγίδα
1020 1821 1156 1892 πρὸς
1185 1823 1508 1895 κατάκρισιν
1532 1824 1836 1892 γεγονέναι.

256 1910 319 1962 Εί
345 1909 453 1980 γὰρ
489 1909 578 1962 διὰ
612 1911 674 1963 τὸ
707 1911 871 1982 ,σῶμα
901 1913 1169 1984 ἥμαρτον,
1206 1914 1374 1983 συνῆν
1408 1915 1514 1985 ἄρα
1566 1914 1627 1980 ἐξ
1663 1915 1841 1985 ἀρχῆς

255 2002 450 2065 αὑταῖς
480 2004 575 2055 καὶ¹
603 2003 709 2073 πρὸ
734 2003 834 2073 τῆς
863 2004 1137 2075 ἁμαρτίας
1164 2005 1226 2057 τὸ
1265 2004 1441 2075 σῶμα.
1473 2005 1596 2068 Πῶς
1622 2007 1730 2078 γὰρ
1754 2007 1840 2060 διὰ

255 2094 416 2147 τοῦτο
443 2096 776 2166 ἡμάρτανον,
811 2096 838 2148 ὃ
868 2097 940 2166 μὴ
974 2092 1041 2168 ἦν
1073 2097 1327 2166 μηδέπω;
1362 2099 1423 2150 Εἰ
1455 2097 1510 2150 δὲ
1538 2100 1703 2166 παγὶς
1738 2100 1844 2153 πά-

256 2186 338 2238 λιν
360 2185 508 2255 αὑτῷ
532 2184 592 2237 τὸ
622 2184 781 2256 σῶμα
813 2186 906 2239 καὶ⁹
950 2186 1106 2239 πέδαι
1137 2185 1444 2256 νομίζεται,
1494 2187 1589 2239 καὶ
1619 2187 1838 2258 δεσμὸς,

256 2277 440 2330 οὐκέτι
490 2275 550 2328 τὸ
601 2277 1011 2348 συναμφότερον
1055 2275 1252 2341 αἴτιον,
1312 2277 1450 2330 ἀλλὰ
1484 2277 1630 2349 ψυχὴ
1680 2279 1838 2350 μόνη,

259 2371 610 2442 άμαρτῆσαν.
648 2369 714 2422 Τί
748 2369 856 2439 γὰρ
915 2368 1053 2438 μετὰ
1095 2368 1156 2421 τὸ
1190 2370 1506 2441 ἁμαρτῆσαι
1550 2371 1628 2441 τῷ
1661 2373 1843 2443 ἁμαρ-

257 2462 517 2532 τήσαντις
550 2459 736 2530 Δεσμὰ
767 2459 862 2512 καὶ
891 2459 1139 2528 παγίδες,
1175 2460 1268 2512 καὶ
1301 2461 1457 2514 πέδαι
1501 2463 1843 2516 κατασκευά-

259 2552 464 2617 ζονται.
508 2551 670 2604 Ἀλλὰ
709 2552 806 2622 μὲν
852 2551 916 2624 δὴ
963 2552 1417 2623 ὡμολογήσαμεν,
1467 2555 1540 2625 μὴ
1583 2554 1843 2608 δύνασθαι

257 2644 453 2715 δεσμὸν
492 2638 629 2697 εἶναι
657 2642 717 2695 τὸ
749 2643 908 2714 σῶμα
939 2643 1036 2713 τῆς
1056 2643 1236 2713 ψυχῆς
1259 2661 1271 2673 ·
1307 2645 1500 2717 ἐπειδὴ
1524 2646 1584 2698 τὸ
1614 2646 1710 2716 μὲν
1737 2645 1844 2698 σῶ-

263 2752 338 2806 μα
379 2735 515 2805 πρὸς
545 2735 804 2806 ἑκάτερα,
842 2735 936 2788 καὶ
986 2736 1124 2806 πρὸς
1174 2735 1236 2788 τὸ
1290 2735 1498 2788 δίκαιον
1533 2737 1626 2788 καὶ
1660 2736 1845 2790 ἄδικον

262 2829 536 2897 συνεργεῖ,
581 2828 609 2879 ό
655 2826 712 2878 δὲ
767 2825 966 2896 δεσμὸς
1017 2826 1191 2896 εἴργει
1238 2824 1332 2878 τοῦ
1384 2825 1608 2879 ἀδικεῖν.
1659 2827 1843 2891 Ὥστε,

259 2921 398 2990 ὅπερ
423 2919 587 2986 λέγω,
620 2919 764 2972 δυοῖν
795 2917 1042 2989 θάτερον.
1080 2918 1149 2969 Ἦ
1179 2915 1286 2987 γὰρ
1312 2916 1370 2981 ἐξ
1395 2917 1570 2988 ἀρχῆς
1599 2919 1843 2989 ἡμάρτο-

1940 1733 2103 1787 sunt?
2135 1731 2321 1802 Neque
2346 1749 2475 1787 vero
2509 1734 2594 1787 sui
2625 1747 2849 1802 compos
2879 1742 2980 1792 est,
3015 1731 3106 1801 qui
3139 1731 3274 1785 alias
3304 1739 3524 1799 propter

1938 1837 2139 1892 corpus
2161 1839 2419 1893 peccasse
2442 1825 2598 1894 571
2623 1834 2776 1894 putat
2798 1824 3029 1888 animas,
3055 1823 3212 1887 alias,
3235 1831 3522 1891 postquam

1940 1916 2312 1984 peccaverint.
2349 1915 2539 1969 eodem
2569 1917 2660 1969 illo
2695 1931 2924 1985 corpore
2954 1926 3211 1984 tanquam
3239 1913 3432 1967 vinclis
3461 1927 3525 1965 ac

1940 2005 2296 2075 compedibus
2322 2004 2489 2061 fuisse
2503 2007 2810 2061 damnatas.
2835 2007 2892 2060 Si
2918 2007 3060 2060 enim
3089 2013 3312 2075 propter
3329 2018 3528 2072 corpus

1941 2097 2290 2167 deliquerint,
2328 2112 2451 2151 cum
2483 2112 2548 2151 eo
2596 2098 2680 2150 vel
2714 2105 2841 2150 ante
2893 2104 3176 2166 peccatum
3223 2096 3530 2161 conjuncta:

1944 2189 2146 2242 fuerint
2169 2195 2406 2256 oportet.
2428 2186 2644 2255 Alioqui
2668 2194 2890 2255 propter
2912 2185 2962 2238 id
2991 2184 3135 2255 quod
3164 2183 3407 2238 nondum
3442 2198 3530 2237 cx-

1943 2277 2182 2338 stiterat,
2207 2289 2468 2344 peccasse
2493 2275 2766 2344 quomodo
2795 2274 3129 2343 potuerunt?
3155 2272 3308 2338 Quod
3341 2276 3386 2327 si
3419 2273 3530 2326 vin-

1943 2369 2052 2422 culi
2088 2369 2209 2422 loco
2248 2367 2634 2437 compedisque
2663 2381 2866 2436 corpus
2909 2372 2992 2420 est
3028 2365 3244 2426 animae,
3278 2377 3386 2418 non
3415 2363 3527 2432 jam

1948 2460 2167 2530 utrique
2189 2460 2349 2514 simul
2375 2468 2480 2525 est,
2499 2460 2590 2512 sed
2615 2459 2809 2511 animae
2834 2457 3095 2510 duntaxat
3125 2455 3334 2525 peccati
3362 2468 3530 2508 causa

1945 2553 2254 2606 tribuenda.
2280 2551 2421 2618 Quid
2454 2559 2538 2606 est
2559 2551 2723 2613 enim,
2749 2549 2890 2620 quod
2918 2546 3218 2603 secundum
3249 2553 3529 2616 peccatum

1944 2647 1991 2702 ei
2020 2648 2111 2716 qui
2141 2646 2382 2716 peccarit
2411 2645 2717 2715 inﬂigitur?
2741 2644 2968 2697 Vincula
2997 2641 3254 2696 nimirum
3295 2655 3357 2694 ac
3382 2654 3533 2693 com-

1944 2739 2112 2808 pedes
2146 2747 2428 2808 parantur.
2454 2735 2565 2792 Nos
2599 2745 2777 2791 autem
2807 2737 2970 2805 paulo
3007 2733 3137 2788 illud
3176 2740 3302 2788 ante
3329 2731 3534 2785 fateba—

1946 2843 2090 2892 mur,
2141 2842 2342 2898 corpus
2394 2828 2588 2881 animae
2651 2827 2930 2880 vinculum
2988 2841 3111 2880 esse
3164 2841 3274 2879 non
3330 2837 3531 2893 posse.

1947 2921 2204 2988 quoniam
2240 2920 2305 2974 ad
2342 2927 2654 2990 utrumque,
2694 2927 2802 2972 tam
2847 2919 3056 2988 justum
3090 2918 3322 2980 scilicet,
3368 2930 3532 2984 quam

265 3029 362 3081 μεν
394 3010 531 3082 μετὰ
577 3009 860 3081 σώματος,
907 3011 1004 3064 καὶ⁹
1050 3010 1111 3062 οὐ
1162 3009 1408 3079 φαίνεται
1451 3009 1664 3080 χρόνος,
1716 3014 1773 3063 ἐν
1800 3005 1842 3080 ᾧ

1948 3011 2238 3080 injustum,
2274 3012 2582 3066 ministerio
2633 3011 2880 3081 corporis
2935 3009 3281 3078 adjuvamur.
3319 3009 3383 3060 At
3411 3007 3533 3060 vin-

259 3099 418 3163 ἐκτὸς
451 3100 772 3172 ὑπήρξαμεν
812 3099 1088 3170 σώματος,
1125 3100 1220 3152 καὶ⁸
1267 3100 1539 3154 συναίτιον
1578 3100 1638 3153 τὸ
1686 3101 1846 3171 σῶμα

262 3194 357 3246 καὶ
384 3193 570 3246 κακῶν
603 3197 668 3264 τῇ
697 3195 842 3264 ψυχῇ
876 3194 971 3245 καὶ
1007 3191 1256 3261 ἀγαθῶν·
1290 3193 1322 3262 ἢ
1369 3193 1538 3264 χωρὶς
1595 3193 1846 3263 σώματος

261 3285 579 3357 ἡμάρτομεν
607 3287 958 3355 διαγαγόντες
982 3303 996 3317 ·
1041 3286 1133 3338 καὶ
1176 3286 1416 3339 ἀναίτιον
1443 3286 1505 3339 τὸ
1554 3285 1713 3357 σῶμα
1749 3305 1848 3341 κα-

261 3375 386 3440 κίας
415 3377 480 3430 ἐκ
525 3377 746 3440 παντός.
801 3375 964 3428 Ἀλλὰ
1008 3374 1178 3446 χωρὶς
1225 3373 1478 3444 σώματος
1519 3375 1624 3428 ὑπὸ
1651 3375 1847 3442 ἀλόγου

259 3467 456 3541 ἡδονῆς
508 3470 568 3522 οὐ
614 3472 895 3538 κρατεῖται
943 3470 975 3539 ή
1027 3467 1196 3540 ψυχή.
1244 3468 1662 3540 Ἐκρατήθηταν
1707 3467 1762 3521 δὲ
1795 3468 1847 3521 οἱ

261 3557 677 3630 πρωτόπλαστοι
709 3561 890 3631 ἀλόγῳ
920 3559 1302 3623 δελεασθέντες
1333 3559 1512 3631 ἡδονῇ.

1944 3103 2134 3156 "culum
2167 3103 2238 3156 ab
2267 3117 2332 3157 eo
2357 3102 2502 3172 quod
2534 3103 2797 3171 injustum
2852 3108 2938 3156 est
2995 3098 3386 3155 committendo
3434 3113 3535 3152 nos

1951 3193 2228 3264 prohibet.
2259 3193 2338 3247 Ex
2381 3209 2491 3263 quo
2541 3194 2797 3256 alterum,
2830 3194 2910 3246 uti
2965 3191 3226 3253 diximus,
3262 3205 3292 3244 e
3321 3189 3536 3244 duobus

1947 3286 2216 3356 sequitur.
2254 3286 2361 3339 Aut
2389 3287 2535 3341 enim
2559 3285 2716 3339 initio
2747 3300 2871 3338 cum
2909 3298 3138 3354 corpore
3165 3280 3533 3352 peccavimus;

1949 3395 2051 3434 nec
2078 3379 2249 3432 ullum
2283 3385 2502 3446 tempus
2530 3383 2779 3447 apparet,
2815 3390 2926 3446 quo
2956 3375 3076 3430 sine
3105 3387 3337 3442 corpore
3368 3369 3538 3424 fueri-

1949 3485 2109 3538 mus;
2163 3480 2356 3542 estque
2415 3471 2687 3525 bonorum
2745 3469 3126 3537 malorumque
3190 3479 3357 3521 causa
3411 3477 3536 3516 cum

1947 3563 2132 3616 anima
2160 3562 2527 3618 communiter
2560 3575 2780 3630 corpus.
2823 3559 2931 3613 Aut
2966 3567 3079 3612 tum
3117 3563 3402 3628 peccatum
3446 3551 3542 3606 ad-

262 3655 534 3721 misimus,
565 3671 690 3712 cum
717 3657 854 3713 citra
898 3673 1100 3728 corpus
1134 3659 1488 3726 degeremus,
1520 3665 1580 3712 ut
1607 3659 1676 3713 ab
1706 3658 1856 3712 omni
1886 3659 2108 3713 malitiae
2143 3658 2303 3726 culpa
2340 3671 2544 3725 corpus
2575 3657 2818 3709 immune
2871 3653 2962 3708 sit.
3019 3651 3182 3720 Atqui
3223 3650 3371 3704 nulla
3422 3646 3542 3700 sine

261 3761 494 3817 corpore
547 3747 779 3802 rationis
852 3759 1078 3818 experte
1130 3747 1414 3817 voluptate
1465 3747 1587 3818 capi
1643 3747 1828 3801 anima
1854 3755 2054 3818 potest.
2121 3746 2445 3816 Cujusmodi
2507 3745 2671 3816 primi
2735 3744 2922 3799 nostri'
2965 3753 3220 3814 parentes
3285 3739 3540 3794 illecebra

261 3846 404 3914 capti
430 3845 784 3915 superatique
813 3844 999 3899 sunt’.

331 3930 440 3988 Ἦν
491 3936 601 4007 ἄρα
645 3938 678 4006 ή
749 3936 896 4007 ψυχὴ
936 3937 1076 4008 μετὰ
1127 3935 1379 4008 σώματος
1430 3937 1525 3991 καὶ
1582 3938 1689 4010 πρὸ
1747 3938 1850 4009 τῆς

263 4029 559 4099 ἁμαρτίας.
613 4029 750 4100 Περὶ
793 4030 902 4100 γὰρ
948 4029 1042 4082 τοῦ
1081 4028 1157 4100 μὴ
1202 4031 1469 4100 ἐγχωρεῖν
1518 4032 1648 4084 αὐτὸ
1696 4030 1853 4102 νομί-

263 4121 452 4186 ζεσθαι
499 4121 587 4175 διὰ
623 4120 722 4192 τὴν
774 4121 1090 4192 παράϐασιν
1126 4123 1326 4192 δεσμὸν
1359 4123 1450 4175 ἐπὶ
1491 4124 1734 4194 τιμωρίᾳ
1761 4140 1854 4192 γε·

2017 3937 2212 3992 Anima
2260 3937 2427 4008 igitur
2470 3935 2692 4006 corpori
2746 3931 3042 4001 conjuncta
3073 3930 3365 3984 fuitetiam
3417 3935 3543 3982 ante

1947 4035 2260 4098 peccatum.
2310 4025 2468 4092 Quod
2508 4025 2656 4080 enim
2697 4021 2999 4076 absurdum
3057 4021 3147 4083 sit,
3207 4033 3382 4087 pmnac
3423 4018 3543 4074 loco

1949 4132 2152 4187 corpus
2195 4117 2394 4170 anima:
2445 4120 2568 4185 post
2611 4118 2894 4182 peccatum
2949 4121 3205 4179 tauquam
3264 4107 3541 4161 vinculum

263 4211 479 4280 γονότα,
516 4212 581 4264 ἶν’
627 4212 866 4282 ἄκρατον
890 4214 922 4284 ή
948 4212 1092 4284 ψυχὴ
1137 4213 1231 4266 καὶ
1270 4212 1468 4282 συνεχῆ
1502 4214 1621 4264 κατ’
1656 4213 1842 4275 αὐτοὺς

1952 4209 2124 4264 fuisse
2147 4208 2531 4270 constitutum,
2553 4213 2612 4258 ut
2629 4203 2844 4258 addicta
2871 4209 3090 4256 mortuo
3107 4201 3342 4271 gerendo
3360 4201 3542 4254 anima

266 4304 500 4373 βάσανον
539 4303 635 4375 ἔχῃ
678 4304 1102 4375 νεκροφοροῦσα,
1151 4303 1292 4358 δοκῶ
1330 4321 1418 4374 μοι
1454 4304 1634 4376 πλήρη
1681 4303 1842 4357 ταῦτα

1955 4316 2110 4356 mero
2155 4299 2398 4370 quodam
2459 4297 2710 4369 supplicii
2737 4311 2936 4367 genere
2987 4308 3050 4348 ac
3105 4293 3441 4362 sempiterno
3474 4307 3541 4345 ex

264 4394 364 4466 ἥδη
433 4394 571 4464 μετὰ
630 4395 810 4464 πάσης
865 4394 1192 4460 ἀποδείξεως
1253 4395 1632 4467 δεδηλωκέναι.
1688 4395 1842 4449 Ὅθεν

1955 4393 2173 4448 illorum
2221 4393 2483 4464 opinione
2526 4391 2826 4454 crucietur,
2873 4387 3061 4442 videor
3092 4385 3226 4438 illud
3274 4384 3542 4439 hactenus

263 4487 568 4542 ἀσύστατον
619 4490 714 4541 καὶ
748 4488 1062 4542 ἀνένδεκτον
1095 4489 1156 4540 τὸ
1206 4489 1304 4560 μὲν
1342 4488 1500 4558 σῶμα
1535 4487 1736 4556 παγίδα
1769 4487 1842 4538 τί-

1957 4486 2175 4541 abunde
2221 4486 2552 4556 copioseque
2599 4483 3030 4538 demonstrasse.
3083 4477 3264 4543 Quare
3321 4477 3542 4530 minime

265 4579 454 4634 θεσθαι
485 4580 579 4632 καὶ
623 4581 820 4650 δεσμὰ,
857 4581 949 4634 τὸν
987 4581 1044 4634 δὲ
1082 4581 1215 4634 Θεὸν
1244 4581 1486 4647 εἰσάγειν
1531 4580 1631 4642 τὰς
1674 4579 1842 4649 ψυχὰς

1957 4579 2242 4634 cohaerens
2295 4593 2358 4632 ac
2391 4576 2675 4648 probabile
2720 4574 2956 4636 videtur,
2996 4569 3171 4639 laquei
3224 4583 3288 4621 ac
3340 4567 3542 4620 vinculi

265 4674 346 4735 είς
385 4674 485 4743 τὴν
527 4673 752 4741 παγίδα,
797 4673 952 4744 δίκην
994 4672 1331 4742 ὑφεξούσας·
1381 4671 1586 4727 ἄνωθεν
1634 4673 1698 4726 ἐκ
1735 4672 1842 4744 τρί-

1960 4673 2136 4727 instar
2173 4686 2295 4726 esse
2327 4661 2639 4739 corpus,'in
2671 4665 3059 4737 quodanimas
3097 4659 3238 4714 Deus
3290 4657 3542 4727 supplicii

265 4783 360 4820 του
411 4765 742 4819 ἐκϐάλλοντα
784 4765 1052 4836 οὐρανοῦ,
1108 4767 1190 4820 ὅτι
1246 4765 1453 4821 ἄνωθεν
1506 4766 1861 4835 παρήκουσαν

263 4859 365 4929 τῆς
403 4859 645 4928 ἐντολῆς.
702 4860 846 4930 Πρὸς
901 4860 954 4912 τί
997 4860 1108 4931 γάρ
1157 4877 1241 4922 τις
1294 4858 1494 4929 βλέψας
1517 4857 1859 4910 πιστεύσειεν

264 4952 380 5013 τοῖς
412 4949 552 5002 οὕτω
585 4949 676 5002 ὑπ’
705 4951 884 5003 αὐτῶν
918 4951 1210 5023 προπετῶς
1254 4949 1604 5023 εἰρημένοις;
1640 4949 1859 5019 Καίπερ

265 5042 366 5094 οὐκ
408 5041 626 5113 ἔχοντος
669 5041 845 5106 οὕτως
889 5045 984 5096 τοῦ
1024 5043 1272 5114 ψαλμοῦ,
1323 5042 1428 5096 κᾶν
1479 5040 1857 5111 βεϐιασμένως

267 5131 429 5185 αὑτὸν
470 5132 794 5186 ἐκτίθενται.
845 5133 996 5187 Αὐτὰ
1044 5135 1098 5187 δὲ
1142 5135 1382 5206 προοίσω
1414 5133 1483 5186 τὰ
1518 5132 1850 5202 ἐγκείμενα⁶

269 5224 354 5277 ῐνα
390 5224 488 5294 (δὲ)
521 5226 617 5278 καὶ
639 5225 699 5278 τὸ
735 5225 980 5296 μυθῶδες
1006 5226 1183 5279 αὐτῶν
1210 5227 1311 5297 τῆς
1339 5225 1652 5298 ἐξηγήσεως
1686 5227 1854 5296 φανῇ,

267 5315 444 5388 ὀρθῶς
489 5317 564 5388 μὴ
613 5316 876 5370 θελόντων
935 5321 1074 5371 νοεῖν
1129 5318 1228 5382 τὰς
1279 5320 1521 5390 Γραφάς.
1575 5319 1696 5371 Etsi.
1746 5318 1856 5389 γὰρ

345 5475 363 5506 ¹
398 5474 708 5546 Corruptus
737 5481 821 5532 est
856 5475 944 5529 hic
970 5475 1146 5530 locus.
1225 5476 1245 5505 ³
1275 5473 1429 5530 Deest
1466 5472 1674 5545 aliquid
1695 5481 1749 5528 et
1773 5475 1842 5544 ἐμ

1947 5469 2171 5536 άζεσθαι
2194 5469 2298 5542 leg.

1959 4781 2126 4822 causa
2161 4764 2518 4819 nihilominus
2573 4763 2802 4822 inserat,
2843 4773 2980 4828 quas
3006 4771 3036 4810 e
3067 4753 3228 4809 tertio
3279 4751 3417 4806 coelo
3451 4749 3546 4803 de-

1961 4857 2216 4920 turbarit,
2246 4855 2391 4925 quod
2423 4853 2740 4908 mandatum
2778 4865 2937 4907 suum
2970 4847 3062 4901 illo
3099 4845 3152 4898 in
3202 4845 3324 4898 loco
3371 4841 3542 4894 viola-

1957 4951 2089 5004 rint.
2128 4947 2270 5014 Quid
2317 4954 2398 5002 cst
2430 4948 2597 5007 enim,
2631 4960 2740 5014 quo
2772 4954 2880 4998 tam
2923 4949 3127 4996 temere
3170 4937 3285 4990 haec
3332 4934 3400 4988 ab
3432 4933 3542 4988 illis
3645 4975 3652 4980 .

1956 5041 2218 5096 afﬁrmata
2263 5038 2577 5111 persuaderi
2611 5033 2862 5106 possint?
2893 5031 3031 5086 Cum
3067 5025 3370 5099 praesertim
3407 5022 3543 5076 nihil

1959 5133 2230 5205 ejusmodi
2264 5131 2506 5202 psalmus
2537 5128 2628 5183 ille
2660 5127 2963 5190 contineat,
3029 5119 3244 5176 tametsi
3302 5130 3398 5188 per
3433 5113 3542 5205 vim

1961 5204 2083 5296 ejus
2117 5223 2446 5281 sententiam
2481 5221 2810 5289 detorquere
2848 5211 3153 5270 conentur?
3193 5206 3300 5262 Sed
3353 5204 3542 5296 eadem

1964 5293 2054 5370 illa
2082 5315 2245 5371 verba
2275 5315 2406 5368 libet
2442 5311 2659 5375 afferre,
2725 5322 2834 5377 quo
2897 5302 3117 5360 illorum
3165 5293 3546 5368 interpretatio

2395 5467 2574 5522 'Gen.
2616 5480 2696 5529 ιιι,
2731 5463 2753 5516 1
2795 5477 2914 5532 sqq.

347 5653 460 5724 (ιό)
503 5654 760 5710 Λέλινται
803 5653 899 5709 καὶ
941 5652 1003 5708 τὸ
1048 5649 1219 5708 εἶναι.
1286 5649 1566 5721 Expuncta
1610 5647 1842 5705 vocula-4

1947 5663 1971 5700 ι
2005 5652 2284 5716 utcunque
2318 5640 2589 5698 sententia
2624 5631 2944 5694 cohaerebit.
