3846 6142
326 176 464 231 ΗΠ

1706 183 1764 239 S.
1806 184 2149 242 EPIPHANII

3468 194 3617 247 MSS

326 312 490 368 quam
542 298 797 356 inanibus
839 299 911 356 sit
937 297 1139 356 referta
1200 298 1403 359 fabulis
1476 312 1757 374 appareat,
1812 305 1911 376 qui

2021 305 2156 361 οὕτω
2197 322 2316 369 πως
2362 304 2533 377 δήπου
2567 303 2857 376 λεχθέντεν
2906 303 3302 376 Ἐδοκιμασας
3341 304 3534 375 ἡμᾶς.
3578 313 3618 365 ὁ

328 386 735 459 Scripturarum
758 400 967 446 rectam
1002 391 1421 462 intelligentiam
1447 395 1755 465 repudiant.
1781 394 1908 452 Hmc

324 479 470 534 enim
493 480 586 537 illo
625 482 679 536 in
716 483 929 552 psalmo
964 482 1221 555 leguntur
1250 500 1265 536 :
1312 483 1560 540 Probasti
1588 502 1710 554 nos,
1743 485 1906 551 Deus;

324 573 440 643 igne
491 589 587 627 nos
632 575 976 639 examinasli,
1036 575 1173 631 sicut
1228 578 1567 634 examinatur
1608 588 1904 648 argentum.

330 661 604 718 Induxisti
633 683 728 720 nos
759 666 814 720 in
848 667 1125 738 laqueum;
1151 669 1376 738 posuisti
1432 669 1797 726 tribulationes
1851 672 1908 727 in

323 752 482 806 dorso
521 762 724 809 nostro.
758 753 1071 826 Imposuisti
1100 758 1335 814 homines
1364 758 1525 830 572
1549 774 1705 827 super
1730 760 1909 829 capita

324 850 529 898 nostra.
549 842 915 902 Transivimus
944 865 1037 919 per
1058 850 1231 918 ignem
1276 860 1325 905 et
1360 866 1575 920 aquam,
1600 861 1650 905 et
1674 852 1909 913 eduxisti

324 951 418 989 nos
447 937 503 991 in
560 937 895 1010 refrigerium
925 940 965 994 ί.
994 939 1208 1008 Quibus
1242 928 1735 1012 statim—adjiciunt
1767 962 1781 998 :
1813 942 1909 1000 His

325 1026 522 1083 anima:
571 1031 921 1088 sermonibus
970 1040 1219 1100 utuntur,
1268 1047 1392 1104 quae
1434 1032 1491 1088 in
1521 1049 1728 1107 corpus
1764 1035 1910 1091 velut

322 1118 376 1173 in
410 1119 688 1191 laqueum,
712 1139 741 1178 e
771 1124 935 1179 tertio
965 1125 1106 1180 coelo
1136 1124 1229 1179 ubi
1274 1132 1331 1181 et
1381 1126 1674 1196 paradisus
1703 1134 1807 1190 est,
1840 1126 1908 1182 ad

322 1222 602 1271 certamen
629 1216 823 1272 delata:
849 1225 998 1274 sunt.
1029 1216 1165 1274 Nam
1201 1218 1271 1276 iis
1300 1219 1505 1284 verbis,
1548 1219 1910 1276 Transiuimus

320 1322 415 1375 per
450 1308 621 1380 ignem
646 1317 698 1364 et
723 1326 938 1380 aquam,
972 1319 1068 1366 aut
1102 1312 1299 1367 animae
1324 1319 1634 1368 maternum
1666 1328 1764 1383 per
1801 1321 1913 1369 ute-

325 1412 445 1452 rum
498 1400 554 1453 in
608 1397 755 1454 hunc
781 1399 1048 1455 mundum
1080 1400 1349 1458 transitus
1386 1401 1733 1474 exprimitur,
1765 1402 1912 1474 quod

322 1487 380 1542 in
442 1496 595 1544 tanto
654 1489 911 1546 incendio
967 1499 1132 1561 atque
1189 1491 1423 1549 humore
1480 1502 1770 1562 versetur;
1818 1505 1913 1551 aut

320 1577 568 1648 ejusdem
608 1580 664 1634 in
699 1579 840 1636 hanc
872 1579 1039 1635 vitam
1073 1597 1104 1638 e
1138 1583 1280 1638 coelo
1318 1582 1508 1654 lapsus
1562 1585 1907 1654 ostenditur;

322 1669 378 1722 in
403 1684 513 1740 quo
540 1684 665 1726 cum
694 1671 838 1743 ignis
865 1672 1029 1727 veluti
1058 1672 1257 1739 fontes,
1280 1684 1391 1729 tum
1414 1675 1716 1746 illam,qu:e
1741 1691 1907 1748 supra

320 1765 729 1821 ﬁrmamentum
750 1774 852 1835 est,
870 1782 1139 1839 aquarum
1156 1770 1267 1829 vim
1291 1770 1615 1843 copiamque
1633 1775 1911 1830 transmit-

321 1854 410 1910 tit.
461 1855 671 1914 Contra
729 1873 871 1928 quos
909 1860 1088 1915 visum
1140 1866 1227 1915 est
1281 1860 1414 1915 mihi
1461 1861 1763 1932 disputare.
1794 1864 1911 1936 Age

321 1946 529 2017 itaque,
559 1949 901 2019 Aglaophon,
957 1959 1016 2004 tu
1061 1966 1160 2020 pro
1188 1951 1322 2018 illis,
1373 1968 1498 2025 quae
1539 1952 1723 2010 atferri
1753 1954 1909 2014 abiis

320 2046 576 2109 possunt,
612 2038 971 2109 respondeas.

391 2127 597 2185 XLVII.
643 2130 897 2202 Inprimis
934 2132 1079 2188 enim
1108 2117 1418 2206 paradisus
1451 2137 1564 2203 ille,
1599 2138 1669 2195 de
1715 2153 1824 2211 quo
1852 2139 1912 2195 in

322 2221 500 2292 primo
515 2230 705 2277 nostro
734 2230 958 2293 parente
974 2225 1173 2303 dejecti
1191 2226 1419 2294 fuimus,
1436 2230 1671 2286 eximius
1687 2232 1908 2301 quidam

325 2313 472 2367 haud
503 2313 670 2369 dubie
696 2313 798 2370 hac
823 2315 881 2369 in
911 2325 1056 2372 terra
1085 2318 1240 2374 locus
1268 2327 1375 2386 est,
1401 2302 1455 2376 et
1485 2320 1552 2376 ad
1578 2322 1907 2392 exquisitam

323 2406 619 2475 quamdam
646 2420 709 2463 ac
758 2407 1221 2479 Iucundissimam
1269 2414 1486 2484 piorum
1520 2415 1763 2485 requiem
1812 2415 1912 2471 ha-

322 2498 762 2573 bitationemque
797 2509 1068 2560 secretus.
1100 2502 1348 2562 Indidem
1399 2523 1562 2578 porro
1595 2509 1800 2581 Tigris,
1855 2516 1912 2564 et

322 2591 633 2664 Euphrates
664 2602 972 2667 cutemque
1026 2596 1253 2654 ﬂumina
1284 2600 1728 2671 proﬁciscuntur,
1776 2616 1914 2674 quo-

322 2700 445 2739 rum
492 2686 547 2739 in
595 2687 967 2745 continentem
1012 2697 1258 2746 nostram
1315 2691 1683 2748 derivationes
1724 2708 1787 2748 ac
1818 2692 1915 2748 de—

322 2791 521 2833 cursus
554 2778 855 2843 exundant.
897 2779 1018 2837 Nou
1056 2783 1200 2838 enim
1233 2783 1286 2838 in
1320 2790 1495 2841 terras
1545 2799 1577 2840 e
1626 2785 1767 2845 cmlo
1815 2784 1914 2840 de;

322 2868 473 2936 lapsa
529 2868 895 2939 praecipitant.
936 2870 1125 2942 Neque
1179 2873 1323 2930 enim
1387 2881 1593 2929 tantam
1648 2886 1914 2945 aquarum

325 2959 525 3014 molem
562 2974 686 3014 cum
707 2959 912 3031 ingenti
943 2978 1008 3019 ex
1035 2964 1144 3020 allo
1174 2965 1378 3039 impetu
1416 2965 1732 3036 depressam
1758 2966 1918 3021 susti-

322 3063 455 3106 nere
481 3059 627 3107 terra
665 3053 955 3124 potuisset.
989 3054 1096 3110 Sed
1122 3070 1225 3110 nec
1254 3056 1553 3127 Apostolus
1597 3056 1915 3128 paradisum

321 3143 487 3199 tertio
525 3136 747 3202 in’cmlo
777 3146 1033 3210 collocat,
1079 3148 1124 3205 si
1165 3150 1291 3220 quis
1330 3148 1481 3207 illius
1516 3148 1678 3205 Verba
1726 3148 1913 3205 subtili

322 3236 563 3305 quadam
583 3237 943 3311 intelligentia
967 3247 1256 3313 penetrare
1283 3243 1478 3313 possit.
1515 3240 1677 3307 Novi,
1710 3242 1913 3313 inquit.

322 3329 587 3385 hominem
616 3339 827 3398 raptum
856 3330 925 3384 ad
975 3333 1188 3386 tertium
1217 3332 1425 3396 cretum,
1451 3341 1499 3388 et
1527 3331 1763 3387 eumdem
1799 3334 1917 3388 novi

322 3419 606 3487 hominem,
633 3423 744 3478 sive
802 3423 859 3476 in
915 3437 1152 3490 corpore,
1180 3424 1284 3479 sive
1332 3432 1487 3479 extra
1531 3438 1745 3492 corpus,
1774 3422 1914 3478 Deus

322 3510 457 3571 scit;
511 3512 765 3581 quoniam
818 3521 1005 3580 raptus
1055 3520 1134 3567 est
1182 3512 1237 3567 in
1289 3511 1599 3582 paradisum
1625 3515 1668 3569 ¹.
1704 3512 1916 3579 Quibus

322 3600 509 3657 verbis
532 3600 643 3657 duo
673 3601 778 3659 sibi
801 3602 1025 3658 maximi
1041 3602 1300 3659 momenti
1327 3602 1599 3675 patefacta
1623 3602 1913 3673 signiﬁcat,

322 3707 450 3747 cum
500 3691 585 3747 bis
615 3693 911 3764 perspicue
940 3702 1088 3752 esset
1121 3703 1483 3767 assumptus;
1518 3694 1756 3766 primum
1797 3701 1913 3749 tcr-

322 3787 462 3842 tium
501 3787 555 3842 in
586 3790 811 3855 emtum,
853 3789 1056 3846 deinde
1105 3789 1162 3845 in
1198 3788 1538 3861 paradisum.
1587 3785 1716 3843 Haec
1768 3786 1915 3842 enim

320 3877 639 3935 verba:Scio
661 3889 870 3949 raptum
890 3882 1193 3952 Itujusmodi
1210 3899 1372 3953 usque
1390 3880 1457 3936 ad
1476 3882 1687 3939 tertium
1704 3881 1912 3944 emtum,

329 3971 608 4043 peculiare
662 3973 946 4041 quiddam,
1003 3989 1128 4029 cum
1160 3973 1228 4029 ad
1262 3975 1489 4030 tertium
1533 3973 1734 4030 coelum
1767 3980 1915 4028 esset

322 4071 572 4130 evectus,
600 4069 884 4120 ostensum
936 4064 1012 4119 illi
1069 4079 1195 4121 esse
1248 4065 1656 4123 demonstrant.
1683 4063 1753 4119 At
1782 4064 1914 4119 illud

324 4156 473 4228 quod
504 4157 823 4228 subjicitur:
848 4155 914 4210 Et
943 4158 1051 4212 scio
1069 4157 1376 4227 hujusmodi
1401 4158 1691 4226 hominem,
1721 4159 1829 4215 sive
1860 4159 1916 4212 in

327 4267 567 4318 corpore,
601 4251 707 4307 sive
751 4257 906 4303 extra
947 4265 1173 4319 corpus;
1203 4252 1455 4320 quoniam
1496 4259 1680 4320 raptus
1731 4259 1808 4307 est
1858 4248 1915 4304 in

2010 397 2177 465 Θεὸς,
2207 398 2524 468 ἐκύρωσας
2551 396 2731 468 ἡμᾶς,
2761 397 2844 464 ὡς
2864 397 3157 467 κυροῦται
3184 398 3251 451 τὸ
3284 399 3622 469 ἀργύριον.

2003 490 2339 562 Εὶσήγαγες
2379 488 2539 560 ἡμᾶς
2577 491 2666 556 εις
2704 488 2822 559 τὴν
2870 488 3095 558 παγίδα
3117 506 3131 521 ο
3168 489 3315 545 ἔθου
3357 491 3625 558 θλίψεις

2005 582 2106 637 ἐπὶ
2150 580 2259 637 τὸν
2307 580 2504 637 νῶτον
2547 580 2739 652 ἡμῶν.
2796 581 3192 648 Ἐπεϐιϐασας
3239 580 3623 648 ἀνθρώπους

2006 670 2106 726 ἐπὶ
2164 671 2274 738 τὰς
2322 671 2587 741 κεφαλὰς
2660 670 2846 742 ἡμῶν.
2885 671 3226 741 Διήλθομεν
3259 669 3365 726 διὰ
3406 672 3621 740 πυρὸς

2007 763 2107 817 καὶ
2139 762 2383 832 ὕδατος,
2424 765 2522 820 καὶ
2572 763 2867 835 ἐξήγαγες
2906 763 3067 835 ἡμᾶς
3109 767 3198 834 εἰς
3236 764 3611 834 ἀναψυχήν.

2007 854 2120 909 Kal.
2150 854 2354 920 εὐθέως
2391 855 2746 928 ἐπιφέρουσιο
2799 855 2984 910 Ταῦτα
3019 855 3079 910 δὲ
3121 855 3230 911 ὐπὸ
3258 856 3372 910 τῶν
3408 855 3615 926 ψυχῶν

2008 948 2245 1019 εἴρηται,
2273 946 2382 1001 τῶν
2409 950 2491 1012 είς
2527 948 2629 1021 τὴν
2658 948 2863 1017 παγίδα
2895 948 2957 1003 τὸ
3002 946 3182 1020 σῶμα,
3219 949 3299 1012 ὡς
3342 948 3429 1009 εἰς
3458 945 3616 1013 ἀγῶ-

2009 1054 2199 1110 νισμα,
2231 1038 2660 1110 κατενεχθεισῶν
2688 1041 2753 1094 ὲκ
2780 1038 2875 1094 τοῦ
2901 1038 3087 1113 τρίτου
3121 1037 3381 1112 οὐρανοῦ,
3418 1036 3559 1091 ἔνθα
3581 1039 3616 1091 δ

2011 1131 2357 1202 παράδεισος.
2383 1130 2456 1185 Τὸ
2477 1131 2588 1204 γὰρ
2604 1172 2620 1199 ,
2644 1131 2977 1203 Διήλθομεν
2999 1131 3099 1186 διὰ
3115 1131 3310 1200 πυρὸς
3331 1129 3441 1184 καὶ
3460 1128 3615 1183 ὕδα-

2009 1239 2133 1289 τος,
2162 1223 2303 1293 ἦτοι,
2332 1224 2488 1296 φησὶ,
2508 1223 2608 1293 τὴν
2630 1223 2720 1278 διὰ
2772 1223 2989 1294 μήτρας
3026 1224 3108 1287 είς
3136 1222 3230 1277 τὸν
3259 1221 3478 1292 κόσμον
3506 1219 3613 1290 τῆς

2009 1313 2190 1386 ψυχῆς
2234 1315 2467 1387 πάροδον
2517 1314 2687 1388 δηλοῖ,
2725 1317 3024 1389 ἐπειδήπερ
3065 1318 3125 1371 ὲν
3152 1315 3315 1386 φλογὶ
3356 1314 3613 1387 τοσαύτῃ

2011 1406 2108 1462 καὶ
2141 1406 2378 1479 ὑγρασία
2405 1408 2826 1478 καταγίγνεται’
2863 1409 2899 1481 ἢ
2935 1408 3036 1483 τὴν
3080 1406 3190 1462 ἀπὸ
3213 1408 3325 1462 τῶν
3352 1406 3613 1480 οὐρανῶν

2010 1499 2363 1555 κατάπτωσιν
2414 1501 2509 1554 ἐπὶ
2560 1501 2652 1555 τὸν
2702 1500 2816 1572 βίον
2866 1501 3225 1573 διερχομένην
3260 1499 3365 1569 τὰς
3414 1498 3614 1570 πηγὰς

2012 1591 2108 1646 τοῦ
2143 1591 2315 1664 πυρὸς
2356 1593 2451 1647 καὶ
2478 1594 2545 1647 τὰ
2584 1594 2726 1666 ὑπὲρ
2769 1591 2841 1647 τά
2880 1593 3028 1648 νῶτα
3071 1592 3167 1647 τοῦ
3209 1591 3613 1665 στερεώματος

1941 1649 1983 1704 Β
2012 1684 2198 1740 ὕδατα.
2223 1649 2387 1757 ’Πρὸς
2419 1684 2514 1749 οὓς
2553 1649 2738 1756 ὴξίούν
2766 1683 3099 1740 ἐνίστασθαι.
3150 1683 3290 1757 Φέρε
3310 1649 3613 1755 γὰρ.

2011 1777 2214 1842 αὐτῶν,
2270 1770 2316 1830 ὦ
2357 1776 2695 1848 Ἀγλαοφῶν,
2740 1776 2907 1842 αὐτὸς
2944 1777 3169 1849 ποίησαι
3214 1775 3316 1848 τὴν
3361 1777 3613 1845 ἀπόκρι-

2012 1886 2116 1935 σιν,
2144 1870 2197 1923 τί
2238 1869 2474 1936 λέξουσι.

2082 2134 2217 2190 ΜΖ¹.
2258 2133 2483 2207 Πρῶτον
2517 2135 2625 2207 γὰρ
2654 2139 2683 2190 δ
2711 2136 3059 2208 παράδεισος,
3088 2135 3211 2191 ὅθεν
3245 2138 3342 2191 καὶ
3369 2138 3613 2211 ἐξεϐλή-

2012 2219 2208 2294 θημεν,
2256 2222 2314 2276 ὲν
2359 2221 2437 2294 τῷ
2486 2222 2928 2295 πρωτοπλάστῳ,
2981 2225 3046 2279 ἐκ
3082 2225 3290 2299 ταύτης
3329 2228 3457 2282 ἐστὶ
3506 2228 3613 2299 τῆς

2012 2313 2117 2386 γῆς
2157 2312 2437 2386 προδήλως
2477 2314 2642 2379 τόπος
2691 2314 2988 2387 ἐξαίρετος,
3042 2317 3181 2390 πρὸς
3227 2319 3437 2377 ἄλυπον
3468 2322 3610 2375 ἀνά.-

2012 2422 2216 2458 παυσιν
2280 2406 2374 2459 καὶ
2439 2404 2715 2477 διαγωγὴν
2776 2409 2889 2471 τοῖς
2967 2407 3139 2477 ἁγίοις
3212 2410 3611 2483 ἀφωρισμένος

2013 2497 2320 2569 κρείττονα.
2396 2496 2517 2550 Ἀπ’
2558 2494 2723 2551 αὐτοῦ
2775 2498 2870 2551 καὶ
2918 2497 3010 2553 τὸν
3057 2499 3286 2571 Τίγριν,
3344 2501 3447 2555 καὶ
3510 2502 3609 2556 τὸν

2011 2589 2327 2662 Εὐφράτην,
2364 2587 2456 2641 καὶ
2493 2587 2618 2669 τοὺς
2646 2587 2867 2653 λοιποὺς
2912 2590 3192 2659 ποταμοὺς
3229 2590 3357 2654 τοὺς
3382 2591 3606 2646 ἐκεῖθεν

2013 2682 2411 2755 προχεομένους
2432 2682 2664 2737 ἐνταῦθα
2693 2680 3000 2750 φαίνεσθαι,
3042 2681 3151 2739 τῶν
3178 2683 3473 2754 ῥευμάτων
3505 2684 3608 2748 τὰς

2012 2775 2293 2839 διεκϐολὰς
2325 2778 2405 2841 είς
2429 2776 2533 2847 τὴν
2583 2774 2705 2831 καθ’
2733 2774 2881 2845 ἡμᾶς
2920 2774 3150 2845 ἤπειρον
3182 2774 3605 2839 ἐπικλύζοντας.

2015 2866 2089 2918 Οὐ
2141 2866 2251 2937 γὰρ
2302 2865 2411 2920 ἀπὸ
2458 2865 2565 2919 τῶν
2606 2864 2851 2936 οὐρανῶν
2904 2863 3115 2918 ἀνωθεν
3152 2866 3607 2936 καταράσσονται

2015 2950 2285 3027 χεόμενοι.
2330 2956 2484 3011 Ἐπεί
2523 2956 2645 3010 οὐδὲ
2676 2956 2887 3030 ὑπέστη
2922 2956 2989 3011 ἂν
3025 2959 3061 3028 ἡ
3109 2957 3183 3029 γῆ
3217 2957 3381 3027 δγκον
3411 2956 3605 3011 τοσοῦ-

2013 3063 2105 3101 τον
2166 3046 2378 3121 ἀθρόως
2430 3047 2491 3113 ἐξ
2540 3047 2705 3118 ὕψους
2753 3047 3194 3119 καταφερόμενον
3240 3047 3607 3112 ὐποδέξασθαι

2017 3138 2229 3203 ὓδατος.
2298 3140 2438 3194 Ἀλλ’
2473 3140 2598 3199 οὐδὲ
2657 3142 2686 3194 ὁ
2740 3139 3064 3203 Ἀπόστολος
3122 3138 3446 3199 ὑποτίθεται
3487 3139 3605 3209 (Η)

2013 3232 2105 3286 τὸν
2142 3234 2465 3306 παράδεισον
2497 3228 2637 3287 εἶναι
2671 3233 2729 3288 ὲν
2777 3232 2948 3304 τρίτῳ
2976 3231 3191 3306 οὐρανῷ
3233 3235 3349 3296 τοῖς
3388 3231 3608 3287 λεπτῶν

2016 3330 2319 3403 ἀκροᾶσθαι
2373 3327 2547 3397 λόγων
2599 3325 3012 3398 ἐπισταμένοις,
3062 3328 3210 3381 Οἶδα
3247 3325 3360 3397 γὰρ
3416 3326 3609 3394 ἁρπα-

2013 3425 2196 3494 γέντα
2219 3423 2329 3488 ἕως
2361 3423 2588 3490 τρίτου,
2634 3418 2831 3488 λέγων,
2867 3419 3129 3487 οὐρανοῦ
3148 3438 3162 3452 σ
3196 3418 3296 3473 καὶ
3338 3415 3475 3473 οἶδα
3498 3418 3610 3472 τὸν

2014 3515 2287 3571 τοιοῦτον
2328 3513 2663 3583 ἄνθρωπον,
2698 3510 2819 3565 εἴτε
2862 3511 2933 3565 ἐν
2975 3510 3223 3582 σώματι,
3260 3511 3388 3589 ⁶εἴτε
3427 3509 3610 3581 χωρὶς

2016 3608 2317 3679 σόψατος,
2357 3610 2390 3662 ὁ
2437 3606 2580 3674 Θεὸς
2619 3600 2805 3671 οἶδεν,
2837 3606 2927 3660 ὅτι
2968 3603 3208 3675 ἡρπάγη
3243 3608 3331 3670 εὶς
3358 3604 3470 3661 τὸν
3495 3620 3609 3659 πα-

2008 3700 2320 3772 ράδεισον.
2390 3697 2495 3751 Δύο
2556 3696 2929 3767 ἀποκαλύψεις
2995 3695 3236 3768 μεγάλας
3300 3694 3610 3767 ἑωρακέναι

2021 3793 2233 3865 μηνύει,
2252 3791 2331 3855 δὶς
2352 3790 2682 3861 ἀναληφθεὶς
2702 3789 2947 3862 ἐναργῶς
2964 3807 2978 3821 ·
3005 3787 3155 3854 ἅπαξ
3181 3787 3276 3860 μὲν
3295 3787 3403 3852 ἕως
3422 3789 3607 3859 τρίτου

2016 3880 2269 3954 οὐρανοῦ,
2312 3879 2459 3946 ἅπαξ
2482 3882 2540 3935 δὲ
2581 3884 2663 3947 είς
2697 3882 2788 3936 τὸν
2822 3879 3169 3952 παράδεισον.
3202 3880 3277 3934 Τὸ
3302 3879 3437 3950 γὰρ,
3460 3875 3609 3933 οῖδα

2016 3974 2359 4045 ἁρπαγέντα
2406 3972 2515 4028 τὸν
2571 3974 2846 4029 τοιοῦτον
2896 3972 3009 4040 ἕως
3066 3972 3268 4041 τρίτου
3316 3971 3607 4040 οὐρανοῦ,

2022 4064 2164 4130 ἰδίως
2191 4064 2531 4136 ἀποκάλυψιν
2561 4064 2708 4137 αὐτῷ
2732 4063 2873 4118 κατὰ
2906 4063 2997 4117 τὸν
3027 4062 3209 4135 τρίτον
3241 4062 3608 4135 ἀναληφθέντι

2018 4158 2320 4228 πεφηνέναι
2354 4157 2657 4231 συνίστησι.
2692 4156 2765 4209 Τὸ
2805 4156 2882 4219 δὲ,
2928 4153 3037 4210 Καὶ
3079 4150 3233 4222 οῖδα,
3281 4153 3444 4209 πάλιν
3486 4154 3609 4237 {m-

2019 4246 2339 4320 φερόμενον,
2382 4246 2491 4300 τὸν
2534 4246 2808 4301 τοιοῦτον
2850 4242 3185 4314 ἄνθρωπον,
3212 4242 3334 4297 εἴτε
3381 4242 3454 4296 ἐν
3494 4242 3610 4297 σώ-

323 4342 659 4411 paradisum,
727 4340 877 4395 aliud
938 4355 1132 4397 rursus
1178 4341 1233 4396 in
1275 4341 1529 4411 paradiso
1580 4341 1911 4412 patefactum

2021 4356 2174 4409 ματι,
2219 4337 2340 4393 εἴτε
2381 4338 2554 4407 ἐκτὸς
2595 4337 2701 4393 τοῦ
2748 4335 3045 4408 σώματος,
3095 4338 3186 4393 ὅτι
3230 4334 3479 4405 ἡρπάγη
3520 4337 3610 4402 εὶς

329 4434 435 4504 ipsi
471 4442 634 4505 atque
663 4432 964 4488 indicatum
1000 4431 1362 4489 demonstrat.

365 4636 369 4639 ·
400 4614 675 4682 Quocirca
706 4629 925 4670 canorae
954 4614 1074 4670 isla:
1104 4628 1262 4684 nugae
1294 4620 1446 4678 sunt,
1477 4620 1531 4670 et
1565 4614 1631 4668 ad
1662 4628 1915 4685 pompam

326 4707 688 4780 speciemque
721 4705 929 4778 tragice
959 4706 1226 4771 confictae,
1257 4705 1471 4762 demitti
1523 4721 1554 4762 e
1597 4708 1738 4763 caelo
1795 4706 1917 4761 ani-

327 4814 450 4855 mas
479 4813 751 4863 asserere,
786 4806 950 4869 atque
974 4797 1029 4852 in
1072 4797 1219 4853 hunc
1248 4796 1564 4856 inferiorem
1608 4799 1799 4855 orbem
1826 4797 1930 4854 de-

330 4893 514 4964 lapsos
570 4891 761 4963 igneos
819 4892 999 4947 fontes
1037 4899 1093 4948 ct
1151 4908 1344 4963 aquas.
1391 4909 1512 4963 quae
1543 4892 1709 4964 573
1752 4906 1920 4964 supra

330 4984 740 5039 ﬁrmamentum
781 4984 1044 5050 eminent,
1086 4992 1488 5053 transcurrere;
1527 4999 1655 5038 nam
1686 4994 1740 5039 et
1768 4984 1918 5039 Ada-

333 5091 458 5131 mus
484 5076 805 5147 neutiquam
835 5091 867 5131 e
889 5076 1031 5132 coelo
1065 5075 1315 5145 dejectus
1352 5085 1457 5141 est,
1490 5074 1587 5132 sed
1623 5090 1689 5130 ex
1734 5090 1800 5129 eo
1829 5090 1920 5146 pa-

246 5189 257 5199 ·
332 5167 544 5233 radiso,
580 5168 674 5238 qui
699 5169 753 5223 in
776 5167 925 5223 Eden
959 5165 1137 5222 fuerat
1166 5165 1234 5221 ad
1285 5166 1552 5221 orientem
1587 5164 1837 5221 consitus
1874 5166 1916 5221 ³.

333 5260 455 5318 Non
503 5262 675 5328 enim,
708 5267 1005 5330 antequam
1055 5272 1259 5326 corpus
1318 5256 1593 5319 indueret.
1630 5266 1919 5327 peccatum

2015 4434 2126 4488 τὸν
2147 4430 2536 4500 παράδεισον,
2574 4430 2768 4500 ἑτέραν
2801 4426 2956 4494 αὖθις
2993 4428 3141 4501 αὐτῷ
3182 4428 3608 4501 πεφανερῶσθαι

2017 4524 2159 4579 κατά
2196 4523 2287 4578 τὸν
2316 4523 2642 4596 παράδεισον
2678 4521 3020 4592 ἀποκάλυψιν
3057 4521 3319 4575 δείκνυσι.

2091 4612 2425 4687 Τερετισμδς
2456 4607 2549 4667 οὖν
2594 4614 2712 4667 ἐστι
2754 4612 2849 4667 καὶ
2900 4611 3290 4684 τραγικολογία
3341 4611 3405 4664 τὸ
3439 4629 3609 4665 uara-

2018 4704 2307 4762 ϐάλλεσθαι
2353 4704 2534 4774 λέγειν
2581 4703 2680 4770 τὰς
2717 4703 2896 4775 ψυχὰς
2937 4705 3001 4757 ὲκ
3029 4702 3139 4757 τῶν
3194 4702 3467 4776 οὐρανῶν,
3517 4703 3609 4755 καὶ

2015 4797 2311 4853 διαϐαίνειν
2351 4796 2446 4851 τοῦ
2486 4797 2657 4870 πυρὸς
2693 4796 2794 4861 τὰς
2830 4797 3038 4869 πηγὰς,
3083 4796 3177 4851 καὶ⁸
3213 4796 3285 4851 τὰ
3323 4796 3496 4850 ὕδατα
3541 4794 3610 4848 τά

2015 4888 2154 4962 ὑπὲρ
2194 4891 2263 4944 τά
2294 4889 2442 4944 νῶτα
2486 4889 2580 4943 τοῦ
2618 4886 3018 4961 στερεὼματος,
3055 4890 3136 4953 εἰς
3166 4888 3257 4942 τὸν
3292 4887 3418 4942 καθ’
3461 4889 3608 4960 ἡμᾶς

2018 4985 2326 5054 φερομένας
2380 4983 2604 5052 κόσμον.
2663 4982 2816 5038 Ἐπεὶ
2876 4982 3011 5055 μηδὲ
3068 4983 3097 5035 ὁ
3155 4981 3328 5052 Ἀδὰμ
3381 4982 3447 5035 ὲκ
3500 4981 3609 5034 τῶν

2016 5068 2264 5145 οὐρανῶν
2293 5072 2580 5146 ἐξεϐλήθη,
2614 5073 2750 5128 ἀλλά
2791 5074 2900 5128 ἀπὸ
2922 5073 3017 5128 τοῦ
3060 5072 3203 5127 κατὰ
3247 5072 3517 5138 ἀνατολὰς
3551 5076 3608 5126 ἐν

2030 5164 2193 5237 Ἐδὲμ
2238 5165 2646 5237 πεφυτευμένον
2690 5167 3040 5237 παραδείσου.
3086 5165 3162 5219 Οὐ
3203 5164 3314 5237 γὰρ
3353 5164 3463 5237 πρὸ
3508 5169 3608 5237 τῆς

2016 5244 2458 5329 ὲνσωματῖὒσεως
2495 5258 2558 5312 τὸ
2578 5258 2958 5331 ιπαρὰπτωιια
2978 5299 2992 5322 ,
3036 5257 3289 5329 καθάπερ
3323 5256 3609 5329 ἐδείξαμεν

424 5419 442 5450 ⁸
463 5414 608 5472 Psal.
640 5429 768 5482 uv,
803 5414 990 5473 i042.
1064 5414 1086 5446 ³
1115 5411 1158 5469 ll
1181 5412 1311 5473 Cor.
1338 5427 1437 5476 xu,
1460 5411 1585 5469 2-4.
1674 5413 1694 5446 ³
1723 5409 1861 5467 Gen.
1897 5427 1955 5476 ιι,
1992 5411 2078 5467 15.

404 5572 515 5641 (Η)
562 5570 715 5626 Ἀλλ’
743 5569 889 5623 οὐδὲ
918 5574 951 5623 ό
1005 5569 1357 5635 Ἀπόστολος
1397 5566 1754 5641 ὑποτίθεται.
1800 5564 1910 5641 Me-

332 5637 552 5706 thodius
584 5642 659 5699 ita
689 5642 756 5699 de
785 5641 1029 5712 Apostoli
1066 5647 1224 5711 raptu
1272 5640 1455 5703 sentit,
1506 5654 1513 5659 ·
1545 5648 1552 5651 ‘
1595 5656 1645 5690 -n
1709 5637 1909 5693 coelum

2017 5566 2215 5641 primo,
2239 5572 2354 5641 tum
2381 5565 2399 5641 ξ
2405 5583 2434 5620 η
2457 5566 2770 5637 paradisum
2789 5574 3065 5627 terrenum
3091 5567 3435 5629 siterectus:
3458 5566 3605 5641 quod

2022 5638 2247 5695 uberius
2284 5636 2548 5694 declarat.
