3794 6180
240 252 390 307 1149

828 299 835 305 .
928 251 1300 311 ADVERSUS
1338 253 1679 310 IIASRESES
1717 253 1798 310 Lll

1917 252 1953 309 I.
1996 252 2164 312 TOM.
2203 255 2246 312 l.
2289 287 2355 297 —
2392 253 2668 311 HERES.
2704 252 2891 308 LXIV.

3354 252 3492 309 “50

236 370 478 438 ἱκανῶς,
520 370 630 425 οὐδ’
677 369 809 426 αὐτὸ
846 370 1004 442 σῶμα
1029 373 1208 441 -παγὶς
1248 372 1425 428 τοῦτο.
1473 373 1635 427 Ἀλλὰ
1678 371 1798 444 μετέ

1919 372 2180 443 contigit,
2217 378 2278 426 ut
2305 371 2524 426 abunde
2566 378 2693 426 ante
2726 370 3054 435 docuimus;
3089 382 3266 439 neque
3292 383 3493 438 corpus

229 462 345 534 τὴν
383 463 462 525 είς
509 463 572 517 τὸ
623 464 781 534 σῶμα
833 462 1109 534 σύμφυσιν
1162 464 1260 534 τῆς
1302 463 1478 536 ψυχῆς
1518 464 1725 534 γίνεται
1762 463 1823 518 τὸ

234 552 601 622 παράπτωμα
622 568 635 581 ·
678 552 760 605 ὅτι
798 549 957 606 τοῦτο
984 552 1389 624 συναμφότερον
1432 555 1461 607 6
1503 553 1816 625 ἄνθρωπος’

234 642 343 694 καὶ
369 644 402 713 ἡ
430 644 495 696 ὲκ
538 641 633 696 τοῦ
663 642 994 714 παραδείσου
1037 644 1387 708 κατάπτωσις
1413 644 1622 699 ἐνθάδε.
1666 644 1725 698 '0
1764 644 1823 698 δὲ

230 733 384 797 ὅλως
453 734 753 807 προσέσχεν
809 733 1259 807 ἐπιμελέστερον,
1336 718 1681 805 Ἀγλαοφῶν,
1741 735 1823 806 τῷ

228 823 390 895 λόγῳ
409 842 424 857 σ
467 825 603 879 ἀλλὰ
642 825 936 880 διετείνατο
991 826 1121 898 περὶ
1159 826 1503 899 πραγμάτων
1548 827 1820 899 διανόησιν

232 918 346 971 οὐκ
389 917 620 987 ἐχόντων
665 916 1034 988 ἐπιχείρησιν,
1080 917 1221 971 κατὰ
1271 918 1370 982 τὰς
1418 917 1574 985 δόξας
1617 916 1818 989 ἐξηγή-

233 1007 445 1062 σασθαι
485 1007 595 1062 τῶν
646 1008 864 1076 φαύλων
913 1008 1004 1063 τὸν
1051 1008 1300 1080 ψαλμὸν,
1357 1009 1486 1082 περὶ
1527 1004 1602 1063 ὧν
1641 1008 1818 1079 λέγειν

234 1099 418 1153 πλείω
455 1098 795 1170 παρήσομεν.

309 1391 458 1447 ΜΗ’.
494 1391 764 1463 Βούλομαι
805 1390 934 1462 γὰρ,
976 1389 1165 1462 ἐπειδὴ
1208 1390 1353 1456 ἅπαξ
1389 1391 1468 1454 είς
1502 1391 1563 1445 τὸ
1603 1390 1816 1445 διευθῠ-

225 1498 329 1534 ναι
369 1482 469 1552 τὴν
499 1480 796 1553 μοχθηρίαν
837 1480 1015 1535 αὐτῶν
1040 1482 1270 1552 ἥκομεν,
1303 1480 1695 1552 ἀπογυμνῶσαι
1722 1482 1817 1536 καὶ

224 1572 443 1643 ταύτης
470 1573 652 1651 αὐτοῖς
675 1574 774 1644 τῆς
818 1573 1153 1645 προφητείας
1179 1572 1280 1645 τὴν
1317 1574 1609 1645 πρόφασιν.
1654 1573 1817 1628 Ἐδο-

226 1663 502 1733 κίιιασας
527 1662 706 1734 ἡμᾶς,
753 1667 787 1719 ό
831 1664 993 1731 Θεὸς,
1038 1664 1138 1718 καὶ
1171 1665 1487 1733 ἐπύρωσας
1524 1665 1700 1735 ἡμᾶς,
1730 1665 1812 1731 ὡς

224 1730 531 1822 πυροῦται
556 1730 643 1807 ~c6
662 1730 986 1825 ἀργύριον.
1023 1730 1723 1829 Δοκιμασθέντεςνδιαρκῶς
1760 1730 1809 1810 oi
1836 1730 1882 1788 Β

228 1843 518 1915 μάρτυρες
561 1845 619 1897 ὲν
660 1846 785 1909 ταῖς
827 1845 970 1898 κατὰ
1006 1845 1133 1909 τοὺς
1177 1845 1518 1917 πειρασμοὺς
1559 1845 1666 1900 τῶν
1709 1845 1810 1917 βα-

226 1935 417 1989 σάνων
461 1932 788 2006 προσϐολαῖς
828 1936 934 2006 (τὰ
999 1935 1170 1990 πολλὰ
1227 1934 1338 2007 γὰρ
1394 1938 1473 2000 είς
1530 1935 1631 2006 τὴν
1686 1935 1808 1990 καθ’

223 2027 385 2097 ἡμᾶς
424 2028 481 2079 αι
516 2029 838 2096 προφητεῖαι
884 2024 1066 2080 πίστιν
1106 2026 1480 2100 πληροῦνται),
1514 2026 1611 2080 καὶ
1652 2028 1809 2080 εὐσε-

223 2116 348 2181 ϐῶς
377 2117 470 2171 καὶ
489 2117 937 2189 ἐρρωμενέστατα
961 2118 1364 2190 διαθλήσαντες,
1406 2116 1807 2189 εὐχαριστοῦσι,

220 2208 310 2273 τὸ,
368 2207 727 2278 ἐδοκίμασας
765 2209 941 2278 ἡμᾶς,
983 2206 1253 2278 λέγοντες,
1287 2207 1367 2279 τῷ
1403 2208 1558 2279 Θεῷο
1605 2209 1684 2274 ὃς,
1722 2210 1810 2264 ἵνα

222 2300 333 2373 τὴν
369 2296 528 2365 δόξαν
567 2301 697 2371 παρ’
731 2299 878 2371 αὐτῷ
927 2301 1231 2372 κτήσωνται
1268 2300 1508 2371 μείζονα,
1550 2300 1641 2353 διὰ
1680 2301 1808 2354 πολ-

222 2390 343 2446 λῶν
381 2391 577 2455 αὐτοὺς
623 2391 816 2462 ήλεγξε
861 2392 1058 2455 πόνων,
1103 2393 1195 2446 τὸν
1243 2391 1457 2463 ἀληθῶς
1512 2393 1810 2464 Ὀλυμπια-

223 2483 330 2537 κὸν
374 2483 561 2553 ἀγῶνα
607 2484 829 2555 νικῆσαι
873 2482 1113 2555 προθείς.
1162 2484 1272 2538 Καὶ
1303 2482 1688 2553 ἐπισκέψασθε,
1734 2484 1810 2548 ὡς

223 2575 446 2638 τούτοις
489 2574 698 2646 συνῳδὰ
729 2575 910 2644 σαφῶς
939 2577 1051 2638 τοῖς
1094 2573 1272 2642 λόγοις
1300 2574 1562 2646 περὶτῶν
1605 2574 1810 2646 μαρτύ-

228 2686 348 2740 ρων
397 2667 552 2721 καὶὸ
594 2665 843 2740 Σολομὼν
890 2666 1325 2736 ἀναφθέγγεται·
1368 2666 1429 2720 οὑ
1483 2666 1590 2737 γὰρ
1631 2667 1810 2737 ἀμάρ-

221 2778 398 2832 τυρος
447 2763 477 2814 6
520 2761 676 2830 λόγος
729 2759 823 2815 καὶ¹
877 2757 1051 2814 ἄλλων
1088 2754 1351 2827 Γραφῶν·
1410 2757 1490 2810 ὅτι
1545 2756 1608 2809 '0
1665 2756 1810 2822 Θεὸς

222 2852 557 2919 ἐπείρασεν
613 2849 863 2922 αὐτοὺς,
933 2849 1029 2903 καὶ
1086 2844 1265 2916 εὗρεν
1313 2848 1538 2914 αὐτοὺς
1598 2848 1810 2915 ἀξίους

222 2941 469 2996 ἑαυτοῦ.
526 2941 623 3007 Ὠς
661 2940 896 3009 χρυσὸν
920 2939 991 2993 ἐν
1033 2940 1406 3007 χωνευτηρίῳ
1448 2939 1810 3009 ἐδοκίμασεν

1922 460 2102 532 ipsum
2159 460 2340 531 laquei
2401 460 2576 515 instar
2604 459 2822 515 aﬂtxum
2851 466 2953 515 est.
2982 457 3088 514 Sed
3120 465 3232 513 tum
3258 458 3493 527 denique

1919 561 2204 627 peccatum
2232 559 2317 607 est
2345 551 2666 617 admissum,
2698 567 2823 606 cum
2858 551 2915 606 in
2957 566 3126 605 unum
3149 564 3351 620 corpus
3380 550 3494 604 ani-

1919 657 2118 712 maque
2162 641 2516 706 coaluissent,
2552 647 2839 711 propterea
2870 640 3015 711 quod
3043 655 3108 694 ex
3142 645 3373 708 utroque
3403 638 3493 693 ho-

1919 733 2085 788 minis
2115 738 2313 786 natura
2357 729 2902 802 conﬂatum-estque
2954 729 3010 783 in
3065 729 3211 784 hunc
3249 729 3425 782 locum
3459 743 3490 782 ε

1919 822 2175 893 paradiso
2205 822 2352 876 facta
2401 822 2727 892 deportatio.
2770 819 2864 876 llle
2896 836 3048 886 vero,
3086 836 3119 876 ο
3146 820 3484 890 Aglaophon,

1919 929 2028 969 non
2049 920 2256 969 attente
2284 913 2575 968 admodum
2629 913 2684 968 in
2739 912 2886 967 illius
2919 910 3025 967 loci
3052 912 3379 968 sententiam
3410 910 3488 964 in-
3572 928 3576 931 ·

1919 1005 2133 1071 cubuit,
2184 1004 2284 1060 sed
2322 1019 2385 1061 ea
2415 1004 2746 1075 disputando
2778 1003 3047 1060 aﬂirmare
3078 1004 3329 1069 instituit,
3366 1018 3487 1073 quae

1917 1096 2126 1168 percipi
2172 1096 2324 1151 nullo
2356 1095 2519 1151 modo
2552 1104 2806 1166 possunt,
2857 1102 3021 1166 atque
3074 1110 3142 1152 ex
3195 1109 3486 1165 pravorum

1917 1190 2203 1247 hominum
2263 1190 2521 1262 opinione
2571 1191 2847 1260 explicare
2898 1188 3166 1261 psalmum
3210 1188 3362 1243 illum
3404 1202 3488 1258 ag-

1916 1296 2142 1352 gressus
2176 1288 2282 1337 est.

1983 1394 2214 1451 XLVIII.
2260 1395 2417 1452 Libet
2473 1395 2642 1461 enim,
2696 1393 3142 1466 quandoquidem
3201 1393 3369 1448 semel
3420 1390 3485 1445 ad

1914 1485 2134 1542 illorum
2198 1485 2705 1559 reprehendendam
2764 1486 3061 1557 nequitiam
3124 1487 3443 1541 devenimus
3470 1524 3485 1551 ,

1914 1578 2061 1635 illius
2099 1579 2308 1635 oraculi
2361 1579 2643 1635 declarare
2688 1586 2947 1634 mentem.
2982 1576 3232 1632 Probasti
3256 1594 3373 1641 nos,
3405 1578 3488 1632 in-

1914 1671 2053 1741 quit,
2089 1669 2253 1735 Deus,
2285 1679 2336 1725 et
2357 1672 2473 1742 igne
2504 1687 2600 1726 nos
2627 1670 2969 1734 examinasti,
2996 1669 3489 1724 sicutexaminatur

1911 1768 2202 1830 argentum.
2230 1759 2334 1815 Ubi
2358 1768 2648 1832 martyres,
2682 1759 2773 1830 qui
2802 1759 3093 1815 tormentis
3140 1772 3205 1813 ac
3239 1758 3490 1813 cruciati-

1910 1849 2015 1906 bus
2053 1851 2289 1906 admotis
2334 1851 2558 1907 assidue
2608 1854 2910 1923 probantur
2955 1850 3121 1920 lsaepe
3166 1850 3312 1905 enim
3358 1864 3488 1920 pro-

1911 1937 2201 2007 phetarum
2232 1953 2498 2009 responsa
2529 1938 2586 1994 in
2615 1939 2719 1996 [ide
2745 1946 2934 1995 nostra
2969 1953 3032 1992 ac
3065 1938 3487 2009 religione‘com-

1911 2029 2176 2100 plentur),
2226 2037 2585 2101 posteaquam
2648 2030 2737 2102 pie
2793 2045 2857 2086 ac
2934 2030 3151 2086 fortiter
3209 2038 3484 2086 certamen

1909 2120 2183 2186 obierunt,
2217 2122 2285 2178 iis
2319 2122 2455 2193 ipsis
2478 2123 2681 2187 verbis,
2717 2122 2970 2177 Probasti
2997 2139 3111 2185 nos,
3143 2120 3255 2176 Deo
3280 2122 3484 2192 gratias

1910 2218 2079 2283 agunt
2109 2231 2120 2266 :
2153 2212 2270 2283 qui,
2311 2221 2373 2267 ut
2407 2213 2677 2283 majorem
2726 2213 2804 2267 illi
2830 2212 3062 2280 gloriam
3098 2212 3239 2281 apud
3272 2227 3331 2267 se
3354 2226 3482 2281 pro-

1910 2313 2275 2368 mererentur,
2306 2303 2476 2359 variis
2502 2304 2627 2359 illos
2646 2303 2941 2358 laboribus
2970 2301 3269 2372 periclitari
3291 2301 3482 2367 voluit,

1912 2408 1976 2448 ac
2008 2408 2135 2450 vere
2166 2393 2479 2467 Olympiaci
2518 2395 2805 2465 cujusdam
2845 2393 3163 2449 certaminis
3196 2392 3481 2448 victoriam

1912 2486 2213 2558 proposuit.
2235 2487 2408 2554 Quam
2430 2502 2558 2544 vero
2585 2493 2952 2542 consentanea
2971 2486 3037 2542 iis
3060 2486 3128 2541 de
3154 2485 3483 2557 martyribus

1912 2591 1943 2633 a
1975 2577 2267 2635 Salomone
2298 2580 2650 2651 pronuntiata
2682 2579 2813 2644 sint,
2832 2576 3110 2633 attendite.
3130 2575 3316 2646 Neque
3338 2577 3480 2630 enim

1912 2673 2141 2726 aliarum
2183 2671 2589 2741 Scripturarum
2639 2670 2959 2726 testimonio
3012 2683 3280 2724 caremus.
3320 2665 3481 2728 Deus,

1911 2762 2111 2833 inquit,
2140 2763 2356 2816 tentavit
2379 2762 2524 2826 illos,
2557 2770 2605 2815 et
2629 2761 2822 2814 invenit
2853 2775 2941 2813 eos
2985 2757 3170 2827 dignos
3216 2773 3290 2810 se.
3338 2753 3481 2809 Tan-

1910 2870 2069 2925 quam
2100 2869 2290 2907 aurum
2313 2853 2369 2907 in
2400 2853 2615 2922 fornace
2640 2850 2880 2921 probavit
2904 2849 3055 2914 illos;
3087 2858 3140 2902 et
3179 2848 3312 2902 sicut
3335 2846 3483 2900 Ιιοίο-

1911 2955 2154 3001 caustum
2185 2945 2464 2999 suavitatis
2494 2945 2691 3012 accepit
2722 2943 2877 3005 illos;
2899 2949 2949 2996 et
2974 2942 3028 2995 in
3053 2949 3279 3009 tempore
3302 2939 3485 2993 visita-

224 3033 488 3098 αὐτοὺς,
571 3032 669 3087 καὶ
729 3032 810 3095 ὡς
867 3029 1262 3099 όλοκάρπωμα
1315 3030 1566 3095 εὐωδίας
1618 3044 1798 3112 προςν-

1917 3037 2072 3091 tionis
2117 3037 2397 3099 illorum',
2448 3043 2580 3099 etc.,
2638 3049 2761 3088 cum
2821 3043 2978 3088 antea
3037 3032 3260 3086 dixisset
3292 3047 3305 3083 :
3340 3028 3482 3083 Etsi

220 3124 478 3189 εδέξατο
513 3122 751 3188 αὐτούς.
791 3121 900 3175 Καὶ
928 3122 999 3174 ἐν
1020 3118 1200 3188 καιρῷ
1225 3120 1561 3189 ἐπισκοπῆς
1583 3120 1807 3176 αὐτῶν⁹

225 3215 473 3289 πρόσθεν
520 3212 688 3268 εἰπών
710 3228 724 3246 ο
770 3213 882 3268 Καὶ
909 3211 1019 3282 γὰρ
1055 3212 1164 3265 ἐὰν
1201 3212 1272 3265 ἐν
1311 3211 1447 3281 ὄψει
1485 3211 1814 3280 ἀνθρώπων

222 3305 638 3367 κολασθῶσιν,
673 3307 712 3374 ἡ
744 3305 921 3371 ἐλπὶς
942 3303 1142 3358 αὐτῶν
1168 3304 1501 3370 ἀθανασίας
1537 3304 1774 3372 πλήρης
1793 3319 1808 3336 ο

225 3400 329 3455 καὶ
369 3397 546 3468 ὀλίγα
572 3395 1013 3461 παιδευθέντες,
1041 3395 1276 3466 μεγάλα
1306 3392 1812 3464 εὐεργετηθήσον-

225 3505 347 3544 ται.
402 3485 567 3541 Ἀλλὰ
594 3486 688 3541 καὶ
711 3489 768 3539 ὲν
789 3485 865 3556 τῷ
902 3491 1020 3556 ρκγ¹
1044 3484 1243 3559 ψαλμῷ
1278 3485 1339 3538 τὸ
1372 3486 1692 3558 ε-ίρημένονο
1742 3490 1811 3541 Ei

220 3581 309 3653 μὴ
346 3581 439 3635 ὅτι
481 3581 696 3648 Κύριος
741 3575 823 3650 ἦν
845 3578 916 3633 ἐν
951 3577 1117 3647 ἡμῖν,
1168 3578 1238 3630 ἐν
1268 3576 1349 3644 τῷ
1397 3578 1813 3648 exaravi-ﬁrm

222 3670 580 3740 ἀνθρώπους
627 3671 719 3740 ἐφ’
758 3668 935 3739 ἡμᾶς,
985 3669 1101 3738 ἄρα
1137 3668 1356 3736 ζῶντας
1403 3670 1481 3724 ἂν
1527 3672 1813 3725 κατέπιον

224 3762 409 3836 ἡμᾶς.
461 3760 831 3831 Χειμάῤῥουν
875 3759 1127 3829 διῆλθεν
1169 3761 1208 3829 ἠ
1240 3759 1411 3829 ψυχὴ
1443 3759 1644 3830 ἡμῶν
1697 3761 1813 3830 ἄρα

224 3856 480 3925 διῆλθεν
506 3855 545 3922 ἡ
572 3853 743 3923 ψυχὴ
782 3852 950 3922 ἡμῶν
978 3850 1044 3906 τὸ
1074 3851 1230 3920 ὕδωρ
1264 3852 1331 3906 τὸ
1362 3854 1807 3907 ἀνυπόστατον.

225 3947 579 4017 Εὐλογητὸς
616 3947 851 4014 Κύριος,
883 3944 951 4010 ὃς
992 3946 1102 3997 οὐκ
1132 3942 1354 4007 ἔδωκεν
1393 3942 1551 4014 ἡμᾶς
1583 3948 1671 4011 εις
1705 3944 1811 4013 θή-

224 4057 342 4111 ραν
391 4038 518 4104 τοῖς
576 4037 830 4092 ὀδοῦσιν
882 4034 1100 4091 αὐτῶν.
1159 4035 1233 4090 Ἠ
1263 4036 1449 4112 ,ψυχὴ
1504 4036 1674 4108 ἡμῶν
1729 4037 1811 4102 ὡς

226 4130 554 4199 στρουθίον
579 4129 839 4197 ἐρῤύσθη
863 4128 931 4180 ἐκ
972 4126 1084 4195 τῆς
1114 4126 1364 4197 παγίδος
1392 4126 1511 4181 τῶν
1535 4131 1812 4197 θηρευόν.

226 4238 363 4276 των.
429 4221 493 4276 Ἡ
533 4220 712 4290 παγίς
744 4204 1100 4289 ³συνετρίϐη,
1155 4220 1255 4276 καὶ
1301 4219 1475 4289 ἡμεῖς
1521 4220 1812 4289 ἐρῤύσθη-

224 4330 360 4384 μεν.
406 4314 473 4368 Oi
517 4309 789 4385 μάρτυρές
824 4315 963 4367 εἰσιν
1012 4318 1060 4368 οἱ
1084 4314 1398 4385 ψάλλοντες.
1455 4316 1558 4368 Δύο
1599 4315 1656 4369 δὲ
1700 4315 1808 4369 τῶν

1911 3145 2088 3183 coram
2139 3127 2435 3182 hominibus
2466 3134 2722 3180 tormenta
2754 3125 2899 3193 passi
2932 3131 3074 3185 sunt,
3103 3138 3218 3191 spes
3267 3121 3482 3175 illorum

1909 3219 2315 3275 immortalitate
2335 3218 2488 3286 plena
2517 3224 2614 3272 est.
2657 3214 2722 3269 In
2765 3214 2947 3283 paucis
3001 3212 3244 3280 correpti,
3291 3227 3483 3286 magna

1904 3310 2158 3381 beneﬁcia
2200 3318 2567 3380 consequentur.
2606 3309 2653 3362 '.
2692 3304 2963 3359 Praeterea
3026 3304 3238 3374 psalmo
3288 3281 3480 3366 οίιιιιι,

1910 3417 2033 3456 cum
2057 3401 2160 3457 ista
2189 3400 2485 3456 dicuntur:
2516 3397 2641 3452 Nisi
2669 3397 2794 3468 quia
2827 3395 3080 3449 Dominus
3101 3403 3213 3448 erat
3233 3395 3287 3447 in
3308 3392 3479 3455 nobis,

1909 3509 2027 3547 cum
2052 3501 2385 3562 exsurgerent
2416 3491 2649 3545 homines
2686 3491 2739 3541 in
2786 3503 2905 3550 nos,
2954 3486 3087 3555 forte
3129 3487 3268 3540 vivos
3297 3484 3483 3555 deglu-
3522 3474 3536 3489 ’

1911 3590 2095 3642 tissent
2126 3605 2240 3643 nos.
2280 3587 2583 3642 Torrentem
2634 3582 2976 3653 pertransivit
3024 3581 3204 3633 anima
3258 3591 3482 3633 nostra:

1911 3679 2134 3743 forsitan
2160 3680 2534 3748 pertransisset
2572 3676 2751 3729 anima
2795 3683 2979 3728 nostra
3007 3688 3199 3742 aquam
3226 3670 3481 3723 intolera—

1911 3771 2087 3826 bilem.
2124 3769 2440 3824 Benedictus
2485 3766 2767 3829 Dominus,
2806 3765 2897 3834 qui
2957 3780 3062 3818 non
3111 3762 3254 3816 dedit
3295 3778 3390 3815 nos
3428 3762 3481 3814 in

1910 3863 2205 3933 captionem
2231 3860 2471 3915 dentibus
2493 3872 2696 3914 eorum.
2716 3856 2912 3909 Anima
2938 3862 3121 3908 nostra
3143 3854 3279 3906 sicut
3300 3867 3484 3919 passer

1908 3960 2087 4023 erepta
2113 3960 2190 4007 est
2233 3950 2298 4005 de
2333 3950 2519 4020 laqueo
2571 3947 2894 4002 venantium.
2931 3944 3173 4016 Laqueus
3219 3946 3481 3999 contritus

1908 4054 2006 4113 est,
2036 4054 2084 4099 et
2114 4059 2209 4099 nos
2234 4041 2447 4097 liberati
2475 4056 2656 4096 sumus
2676 4039 2719 4093 ⁸.
2742 4036 3007 4108 Martyres
3030 4034 3192 4108 574Ι
3213 4036 3480 4106 psalmum

1912 4136 2067 4191 illum
2118 4133 2498 4204 pronuntiant.
2547 4130 2754 4200 Duplex
2812 4144 2977 4201 porro
3033 4126 3481 4196 triumphantium

1907 4234 2208 4296 martyrum
2241 4223 2443 4277 chorus
2469 4228 2577 4277 est.
2608 4220 2758 4275 Alter
2784 4220 2932 4273 enim
2961 4217 3029 4274 ad
3053 4216 3261 4271 Novum
3287 4215 3481 4271 Testa-

1907 4326 2152 4373 mentum
2173 4356 2188 4383 ,
2225 4315 2363 4371 alter
2390 4314 2459 4369 ad
2489 4313 2661 4369 Vetus
2694 4312 2960 4383 pertinet;
3014 4310 3108 4380 qui
3149 4308 3368 4379 quidem
3427 4307 3480 4361 in

229 4406 552 4461 καλλινίκων
581 4407 628 4459 οι
675 4407 826 4477 χοροὶ
863 4405 1174 4479 μαρτύρων,
1223 4402 1304 4470 εἷς
1346 4406 1440 4477 μὲν
1488 4406 1798 4480 τῆςΔιαθή-

1917 4409 2123 4482 patroni
2147 4423 2210 4463 ac
2244 4406 2386 4478 regis
2415 4406 2659 4463 omnium
2695 4403 2786 4459 Dei
2812 4403 3077 4457 honorem
3105 4401 3313 4456 alterna
3345 4400 3482 4452 invi-

230 4514 333 4568 κης
352 4498 454 4569 τῆς
466 4497 694 4569 Καινῆς,
718 4497 942 4570 θάτερος
964 4497 1021 4551 δὲ
1038 4499 1139 4570 τῆς
1168 4497 1432 4565 Παλαιᾶς,
1455 4499 1811 4569 ἀντίφθογγον

198 4587 400 4659 ,ὕμνον
449 4587 756 4658 συμφώνως
801 4588 879 4659 τῷ
938 4588 1246 4659 ὁπερμὰχῳ
1292 4588 1412 4660 Θεῷ
1455 4590 1550 4643 καὶ
1603 4589 1813 4659 βασιλεῖ

231 4680 340 4732 τῶν
390 4678 527 4733 ὅλων
570 4681 1013 4751 ἀναπέμποντες·
1078 4679 1471 4751 Ἐδοκίμασας
1530 4681 1718 4751 ἡμᾶς,
1776 4686 1810 4738 ὁ

235 4770 410 4835 Θεός·
465 4770 778 4838 ἐπύρωσας
823 4770 1003 4842 ἡμᾶς,
1057 4773 1138 4839 ὡς
1188 4771 1476 4840 πυροῦται
1509 4772 1575 4826 τὸ
1633 4774 1811 4844 ἀργύ-

231 4877 380 4930 ριον.
443 4859 777 4930 Εἰσήγαγες
828 4862 985 4932 ἡμᾶς
1044 4865 1133 4931 εὶς
1189 4862 1305 4932 τὴν
1357 4863 1612 4932 παγίδω
1667 4866 1809 4920 ἔθου

238 4953 472 5020 θλίψεις
500 4950 597 5003 ἐπὶ
632 4950 738 5004 τὸν
764 4951 958 5008 νῶτον
992 4955 1160 5024 ἡμῶν
1180 4973 1193 4986 ο
1227 4955 1290 5008 τὸ
1324 4955 1671 5027 δικαστήριον
1699 4956 1806 5012 τῶν

237 5041 422 5104 ἐθνῶν,
469 5041 501 5113 ἢ
541 5042 668 5105 τοὺς
708 5047 1075 5115 πειρασμοὺς,
1140 5045 1262 5100 καθ’
1326 5045 1416 5111 οὓς
1462 5047 1807 5113 ὲκθλιϐέντες

243 5133 472 5204 ἰσχυρῶς
509 5132 962 5204 ἐδοκιμάσθησαν.
1001 5137 1338 5205 Δοκίμασόν
1362 5153 1439 5206 με
1477 5137 1607 5207 γὰρ,
1649 5141 1804 5209 φησι,

1916 4516 2034 4557 cem
2063 4500 2224 4570 hujus
2253 4499 2441 4571 hymni
2464 4495 2830 4553 modulatione
2847 4494 3211 4564 respondent:
3238 4491 3484 4545 Probasti

1917 4609 2034 4654 nos,
2063 4590 2239 4652 Deus;
2264 4592 2382 4660 igne
2401 4606 2494 4643 nos
2521 4587 2859 4649 examinasti,
2884 4588 3019 4638 sicut
3042 4584 3377 4637 examinatur
3403 4597 3485 4635 ar.

1913 4692 2143 4752 genium.
2171 4679 2445 4733 Induxisti
2483 4691 2577 4731 nos
2604 4676 2656 4728 in
2684 4675 2926 4744 laqueum
2948 4685 2967 4723 :
2999 4667 3223 4736 posuisti
3257 4666 3484 4720 tributae

1917 4777 2081 4829 tiones
2106 4775 2158 4827 in
2190 4772 2346 4825 dorso
2390 4777 2592 4823 nostra.
2617 4765 2723 4822 Ubi
2765 4762 3057 4818 tribunalia
3086 4759 3367 4839 gentilium
3418 4773 3484 4813 ac

1914 4867 2244 4923 tentationes
2275 4861 2604 4934 signiﬁcant,
2636 4856 2837 4928 quibus
2874 4853 3052 4910 vexati
3086 4867 3150 4907 ac
3179 4852 3323 4906 velut
3359 4851 3483 4922 igne

1912 4957 2152 5028 percocti
2182 4934 2514 5011 validissime
2550 4949 2764 5021 probati
2802 4952 2947 5002 sunt.
2978 4943 3158 4998 Proba
3202 4958 3282 4995 me
3312 4944 3477 5006 enim,

1913 5045 2109 5116 inquit,
2146 5044 2307 5110 Deus,
2344 5051 2395 5098 et
2435 5049 2577 5097 tenta
2620 5053 2746 5094 me:
2784 5051 2880 5090 ure
2920 5050 3067 5089 renes
3101 5049 3242 5087 meos
3290 5041 3342 5086 et
3391 5045 3486 5085 cor

1912 5154 2104 5193 meum.

242 5231 432 5299 Κύριε,
465 5228 563 5283 καὶ
604 5229 894 5298 πείρασόν
919 5247 1015 5299 με.
1055 5233 1346 5299 Πύρωσον
1379 5232 1520 5297 τοὺς
1552 5235 1811 5302 νεφρούς
1841 5252 1962 5305 μου
1992 5232 2089 5287 καὶ
2134 5229 2251 5299 τὴν
2284 5226 2538 5297 καρδίαν
2565 5242 2706 5297 μου.

309 5320 525 5389 Αεγέτω
565 5321 629 5392 δὴ
677 5321 772 5374 καὶ
821 5320 1069 5392 Ἀϐραὰμ
1113 5322 1205 5375 ἐπὶ
1250 5322 1328 5393 τῷ
1374 5327 1653 5393 μονογενεῐ
1700 5341 1803 5377 πυ-

245 5413 429 5485 ρωθεὶς
470 5413 538 5468 τὰ
584 5413 885 5485 σπλάγχνα,
930 5416 1275 5485 προτιμήσας
1314 5432 1377 5468 τε
1423 5415 1484 5470 τὸ
1534 5414 1626 5468 τοῦ
1665 5414 1800 5470 Θεοῦ

247 5506 437 5577 μᾶλλον
486 5506 831 5579 πρόσταγμα,
885 5504 1019 5577 μετὰ
1081 5506 1143 5560 τὸ
1188 5504 1452 5561 ἀκοῦσαι*
1526 5506 1799 5580 Ἀϐραὰμ,

314 5690 329 5721 ⁸
361 5688 482 5761 Sap.
516 5705 598 5757 ill,
634 5689 683 5753 5,
721 5688 773 5745 6.
849 5692 866 5719 ¹
891 5685 1020 5745 ibid.
1057 5687 1109 5744 4.
1188 5687 1206 5719 ³
1245 5687 1388 5746 Psa'.
1418 5705 1604 5757 cum,
1644 5691 1751 5747 I~7.

1984 5324 2165 5378 Liceat
2215 5328 2267 5375 et
2300 5321 2412 5375 haec
2446 5317 2754 5373 Abrahamo
2805 5313 3008 5374 dicere,
3048 5323 3174 5365 cum
3232 5305 3483 5376 unigeme

1910 5417 2005 5472 lilii
2045 5416 2225 5487 gratia
2256 5412 2404 5468 illius
2435 5411 2645 5467 viscera
2683 5406 2849 5463 veluti
2905 5403 3140 5476 quodam
3194 5400 3317 5469 igne
3362 5404 3480 5451 ιον-ι

1908 5516 2180 5574 rcrenlur,
2223 5522 2285 5562 ac
2312 5504 2570 5578 majorem
2603 5501 2773 5560 divini
2810 5496 3048 5555 mandati
3080 5495 3344 5551 rationem
3375 5488 3482 5544 iia-
