3846 6180
302 232 433 289 “5|

1665 255 1671 262 -
1699 227 1758 284 S.
1798 226 2166 288 EPIPHANII.

3411 197 3567 259 Ἦΰὲ

298 350 475 414 beret;
510 347 677 411 hunc,
715 344 961 417 inquam,
995 344 1193 416 psalmi
1226 344 1407 399 locum
1439 350 1688 415 usurpet,
1720 350 1872 414 post-

2005 344 2177 401 θεῖσαι
2196 343 2326 408 ιτοῦ
2381 342 2595 407 παιδός
2644 353 2760 393 σου
2777 375 2795 403 ,
2833 329 3179 401 ἀπορρίψας
3235 320 3308 417 τι)
3355 319 3569 417 ξίφος-

297 451 456 507 quam
496 452 684 493 vocem
732 437 880 489 illam
936 436 1187 505 accepit:
1222 433 1514 497 Abraham,
1558 448 1714 503 parce
1756 432 1873 502 ﬁlio

301 537 410 593 tuo,
431 537 483 584 et
512 527 747 597 gladium
775 526 943 595 abjice
968 525 1007 580 ¹.
1038 525 1288 581 Probasti
1307 542 1423 590 nos,
1442 525 1614 591 Deus;
1639 526 1757 596 igne
1779 541 1873 578 nos

299 620 643 683 examinasti,
690 619 829 672 sicut
880 618 1219 672 examinata:-
1257 626 1551 687 argentum.
1588 615 1786 671 Eadem
1819 621 1874 670 et

302 708 404 762 Job
455 709 621 764 verba
669 710 934 779 proterat,
969 720 1321 781 posteaquam
1372 717 1428 765 et
1485 709 1630 764 illius
1675 723 1877 779 corpus

304 800 591 866 purulenta
646 799 801 855 sanie
864 800 1170 867 distillavit,
1228 807 1283 856 et
1316 801 1618 855 amicorum
1677 799 1878 870 probra

306 890 553 961 pertulit,
587 901 641 945 et
681 892 933 963 corporis
966 894 1302 948 cruciatibus
1334 891 1562 949 allectus
1612 903 1727 959 est;
1754 907 1879 947 cum

307 996 402 1050 per
428 982 719 1050 procellam
739 983 1045 1052 loquentem
1062 983 1166 1038 sibi
1194 984 1359 1037 Deum
1382 983 1695 1039 exaudisset
1711 980 1879 1037 :Num

308 1079 365 1122 tu
392 1085 473 1123 me
499 1070 665 1123 aliam
688 1070 752 1123 ob
776 1087 992 1126 causam
1017 1071 1113 1125 tibi
1134 1071 1367 1124 locutum
1389 1070 1697 1136 arbitraris,
1720 1088 1881 1141 quam

306 1170 364 1213 ut
373 1160 549 1229 justus
566 1176 819 1230 apparens
836 1163 893 1216 ’?
918 1161 1090 1226 Dicat,
1111 1162 1331 1232 inquam
1354 1180 1368 1217 :
1394 1161 1631 1217 Posuisti
1659 1162 1883 1218 tribula-

309 1251 477 1302 tiones
497 1265 677 1303 coram
724 1249 895 1315 nobis,
923 1250 1162 1316 Domine,
1196 1260 1252 1305 ut
1282 1268 1377 1307 nos
1411 1261 1663 1322 tauquam
1696 1254 1750 1306 in
1769 1252 1883 1322 [or-

309 1358 438 1395 nace
468 1358 659 1395 aurum
685 1341 958 1410 probares.
990 1344 1123 1399 Item
1162 1350 1218 1399 et
1244 1353 1359 1400 tres
1392 1345 1449 1398 in
1483 1342 1705 1401 fornace
1728 1342 1882 1415 pueri

309 1432 603 1487 concinant
629 1446 752 1487 rore
779 1431 1003 1502 perfusi,
1020 1449 1088 1488 ne
1107 1434 1364 1490 incendio
1383 1434 1836 1492 concrementur'
1866 1453 1880 1490 :

311 1522 565 1578 Probain
593 1541 709 1590 nos,
754 1522 919 1591 Deus;
962 1526 1078 1596 igne
1109 1542 1204 1580 nos
1226 1528 1568 1595 examinasti,
1601 1530 1736 1582 sicut
1757 1542 1887 1582 exa-

311 1616 549 1669 minatur
568 1626 863 1687 argentum.
894 1616 1256 1672 Transivimus
1279 1634 1369 1688 per
1390 1621 1562 1690 ignem
1593 1629 1643 1674 et
1667 1636 1882 1690 aquam,

1986 409 2377 506 δεδοκίμασας
2405 432 2582 503 ἡμᾶς,
2618 433 2651 485 ὁ
2697 428 2839 494 Θεός
2860 441 2873 457 ⁵
2911 422 3231 490 ἐκύρωσας
3263 409 3460 506 ἡμᾶςτ

1974 498 2266 598 πυροῦται
2293 498 2367 581 τό
2401 498 2705 596 ἀργύριον.
2735 517 2957 587 Δεγέτω
2986 513 3082 605 και
3117 507 3263 605 ‘lt‘pG,
3285 596 3299 605 Ι
3320 500 3489 605 μετὰ⁶
3509 498 3577 605 τί)

1974 589 2312 694 ὰπόρῥεῦσαι
2353 589 2453 689 τὴν
2486 589 2769 687 σαπρίαν,
2812 609 2906 663 κα)⁵
2939 596 3306 694 ὁνειδισθῆναί
3350 610 3417 694 τε
3464 589 3579 644 ὑπὸ

1974 685 2098 764 τῶν.
2123 685 2327 781 ἐειλων,
2370 685 2466 762 καὶ
2507 685 2742 776 ἀλγῆσαι
2783 700 2844 755 τὸ
2886 698 3045 769 σῶμα
3064 734 3081 759 ,
3138 691 3229 746 διὰ
3289 685 3580 745 λαίλαπος

1976 780 2217 865 ἀκούσας
2258 799 2546 863 λαλοῦντος
2575 795 2723 867 αὐτῷ
2746 792 2840 848 τοῦ
2873 788 3009 845 Θεοῦ
3028 805 3041 819 ·
3081 785 3204 841 Οἴει
3242 797 3328 852 με
3358 780 3583 839 ἄλλως

1976 908 2077 948 σοι
2115 888 2628 962 κεχρηματικέναι,
2655 886 2695 955 ἢ
2719 886 2822 940 ἵνα
2855 878 3052 953 φανῇς
3088 877 3360 973 δίκαιος-ς

1979 985 2217 1054 θλίψεις
2252 980 2530 1037 ἐναντίον
2554 979 2577 1011 ⁸
2618 975 2822 1047 ἡμῶν,
2866 972 3077 1041 Κύριε,
3125 967 3232 1021 ira
3496 965 3584 1023 ὡς

1980 1053 2216 1148 χρυσόν
2269 1075 2341 1129 ἐν
2397 1068 2771 1143 χωνευτηρίφ
2824 1061 3178 1133 δοκιμασίας.
3232 1053 3583 1148 [λεγέτωσαν

1981 1144 2078 1224 καὶ
2129 1168 2180 1222 oi.
2235 1168 2383 1240 τρεῖς
2418 1166 2482 1218 ,ὲν
2536 1166 2603 1236 τῇ
2645 1157 2864 1231 καμίνῳ
2919 1154 3110 1216 παῖδες
3155 1144 3578 1240 δροσιςόμενοι,

1981 1261 2070 1314 ἵνα
2115 1259 2190 1330 μὴ
2227 1235 2683 1327 ’καταφλεχθῶσιν
2716 1251 2821 1305 ὑπὸ
2861 1247 2955 1303 τοῦ
2994 1243 3198 1317 πυρός’
3233 1235 3585 1335 ΑἘδοκίμς·

1980 1365 2100 1415 σας
2146 1346 2325 1417 ἡμᾶς,
2372 1349 2407 1402 ὀ
2439 1346 2615 1412 Θεός·
2647 1343 2965 1412 ὲπύρωσας
2991 1335 3171 1407 ἡμᾶς,
3214 1331 3296 1397 ὡς
3343 1331 3586 1396 πυροῦ-

1983 1457 2079 1495 ται
2107 1438 2174 1494 τὸ
2202 1438 2507 1511 ἀργύριον.
2557 1434 2883 1504 Διήλθομεν
2915 1428 3015 1483 διὰ
3054 1423 3247 1496 πυρὸς

1984 1549 2118 1601 τος·
2187 1508 2296 1586 καί
2344 1529 2635 1601 ἐξήγαγες
2688 1524 2846 1596 ἡμᾶς
2902 1523 2992 1588 εὶς
3048 1510 3409 1584 ἀναψυχήν·
3493 1508 3587 1572 Ὦς

1988 1626 2162 1678 εἰπεῖν
2197 1622 2366 1694 κάμοὶ
2388 1619 2467 1691 τῷ
2492 1618 2739 1690 Μεθοδίῳ
2759 1634 2774 1647 ’
2823 1617 2881 1671 '0
2913 1614 3046 1677 Θεὸς
3086 1614 3116 1666 ὁ
3143 1605 3586 1678 παντοκράτωρ.

308 1716 358 1760 et
388 1704 620 1761 eduxiin
649 1725 743 1762 nos
771 1709 828 1762 in
855 1708 1207 1780 refrigerium.
1243 1710 1401 1777 Quod
1431 1712 1640 1767 utinam
1670 1720 1724 1767 et
1753 1711 1885 1766 mihi

2005 1717 2016 1768 ί
2070 1713 2309 1776 αἰώνιος,
2365 1713 2394 1766 ό
2451 1711 2641 1781 Πατὴρ
2696 1708 2791 1762 τοῦ
2842 1702 3102 1777 Χριστοῦ,
3154 1701 3212 1754 ὲν
3258 1700 3327 1769 τῇ
3390 1693 3590 1767 ἡμέρᾳ

310 1794 587 1852 Methodio
629 1813 902 1868 usurpare
956 1799 1254 1869 aliquando
1295 1801 1490 1869 liceat,
1540 1803 1888 1872 omnipotens

308 1892 366 1941 et
398 1894 599 1941 aeterne
621 1885 788 1952 Deus,
822 1887 986 1944 Pater
1015 1890 1246 1957 Christi,
1277 1904 1402 1945 cum
1451 1892 1509 1945 in
1540 1891 1630 1947 die
1666 1901 1758 1947 tua
1792 1908 1889 1964 per

311 1977 493 2046 ignem
522 1979 643 2033 sine
674 1980 785 2034 ullo
816 1980 1006 2037 dolore
1032 1982 1326 2047 transiero,
1357 1992 1413 2039 et
1446 1998 1734 2055 aquarum,
1769 2001 1892 2057 qua:

310 2066 366 2120 in
397 2067 588 2122 urendi
624 2075 875 2124 naturam
912 2079 1134 2129 mutata:
1155 2074 1287 2139 sint,
1319 2074 1584 2146 impetum
1612 2076 1888 2148 effugero:

314 2157 559 2215 Transivi
584 2175 677 2230 per
715 2162 888 2232 ignem
917 2172 967 2218 et
998 2181 1214 2235 aquam,
1241 2175 1291 2220 et
1342 2168 1574 2223 eduxisti
1623 2185 1703 2224 me
1733 2170 1790 2224 in
1813 2186 1889 2225 re-

310 2247 606 2319 frigerium.
656 2250 782 2307 Haec
833 2262 919 2310 est
950 2256 1098 2311 enim
1135 2257 1216 2312 tui
1253 2260 1564 2316 amantibus
1594 2276 1625 2314 a
1656 2269 1711 2316 te
1746 2261 1893 2316 edita

312 2340 603 2408 promissio
623 2360 637 2397 :
662 2340 723 2397 Si
741 2345 1017 2400 transieris
1031 2361 1123 2413 per
1147 2358 1538 2417 aquam,tecum
1557 2338 1675 2404 sum
1695 2360 1781 2416 ;et
1797 2350 1896 2422 μα.

312 2428 457 2481 mina
471 2445 576 2484 non
592 2431 902 2487 concludent
921 2443 989 2488 te.
1015 2434 1082 2489 Et
1105 2436 1151 2489 si
1175 2438 1452 2492 transieris
1474 2454 1566 2506 per
1583 2440 1772 2510 ignem,
1788 2456 1893 2494 non

310 2519 661 2588 comburcris;
683 2525 903 2594 ﬂamma
922 2541 1025 2581 non
1050 2526 1315 2582 comburet
1337 2537 1384 2580 te
1403 2529 1446 2583 ⁸.
1469 2528 1572 2584 Sed
1602 2531 1669 2586 de
1699 2531 1893 2602 psalmi

312 2610 460 2665 illius
497 2611 944 2684 interpretatione
981 2615 1196 2671 abunde
1240 2618 1504 2675 hactenus
1532 2627 1618 2674 est
1659 2618 1890 2675 dictum.

382 2702 571 2759 XLIX.
612 2705 771 2762 Nunc
806 2708 942 2763 illud
1000 2710 1462 2766 considerandum
1523 2719 1629 2776 est,
1682 2712 1739 2767 in
1784 2727 1895 2784 quo

313 2792 483 2851 variis
507 2796 740 2852 somniis
764 2798 1156 2855 dormientium
1186 2817 1338 2858 more
1365 2801 1541 2859 delusi
1572 2803 1893 2874 Apostolum

316 2887 431 2940 haec
456 2887 663 2944 dixisse
685 2889 942 2959 iactitant
967 2906 981 2946 :
1017 2891 1125 2963 Ego
1149 2903 1327 2948 autem
1355 2893 1583 2949 vivebam
1607 2894 1893 2966 aliquando

314 2977 429 3031 sine
458 2977 567 3048 lege
591 2979 646 3047 ';
678 2981 970 3052 statimque
1004 2984 1309 3048 clamitant,
1341 2985 1489 3038 illam
1526 2986 1685 3054 primi
1716 2985 1889 3039 nostri

316 3070 563 3138 parentis
588 3078 716 3125 ante
738 3087 940 3141 corpus
969 3074 1214 3144 legisque
1236 3074 1704 3145 praescriptionem
1732 3074 1893 3144 575

320 3160 486 3215 vitam
527 3176 651 3217 esse
699 3162 1054 3228 declaratam,
1095 3173 1155 3219 ut
1199 3181 1322 3236 quae
1376 3175 1680 3237 sequuntur
1735 3166 1895 3223 fidem

316 3252 558 3307 faciunt:
592 3253 704 3325 Ego
727 3270 844 3309 vero
869 3256 1103 3310 carnalis
1125 3273 1265 3324 sum,
1296 3260 1627 3314 venundatus
1650 3259 1747 3314 sub
1775 3275 1897 3329 pec-

320 3346 570 3410 catum“;
602 3344 859 3416 quoniam
894 3347 996 3402 sub
1025 3350 1232 3416 peccati
1255 3356 1578 3418 poteStatem
1630 3365 1693 3403 ac
1721 3349 1899 3404 domi-

318 3444 506 3490 natum
541 3435 712 3505 redigi
766 3435 922 3490 aliter
954 3437 1119 3491 homo
1167 3453 1277 3493 non
1307 3447 1541 3509 poterat,
1576 3440 1757 3510 eique,
1790 3440 1902 3494 vio-

318 3524 430 3580 lato
460 3526 740 3590 mandato,
763 3526 1087 3592 venundari,
1116 3527 1226 3583 nisi
1255 3544 1422 3585 carne
1443 3531 1702 3601 praeditus
1739 3530 1902 3585 exsti-

319 3616 499 3672 tisset.
536 3615 672 3672 Nam
726 3617 909 3672 anima
965 3634 1063 3689 per
1100 3635 1223 3677 sese
1249 3622 1403 3679 nullo
1436 3633 1661 3694 peccato
1692 3624 1900 3695 corripi

320 3717 523 3780 potest.
558 3707 640 3765 0b
677 3711 731 3767 id
769 3719 928 3767 acute
968 3713 1155 3767 statim
1191 3714 1325 3771 illud
1364 3715 1605 3786 adjecit:
1636 3716 1747 3789 Ego
1773 3734 1899 3772 car-

319 3801 458 3855 nalis
508 3817 648 3868 sum,
680 3806 1010 3861 venundatus
1052 3806 1148 3862 sub
1177 3816 1388 3878 peccato
1423 3848 1439 3873 ,
1492 3825 1616 3887 cum
1652 3810 1706 3865 id
1740 3816 1902 3864 antea

318 3894 588 3949 dixisset;
622 3893 733 3966 Ego
766 3900 1001 3953 vivebam
1058 3900 1348 3970 aliquando
1396 3902 1510 3955 sine
1559 3902 1668 3972 lege
1692 3902 1736 3959 ".
1768 3901 1902 3969 Qua)

321 4000 450 4040 cutn
485 3984 564 4039 illi
599 3985 871 4050 dicerent,
903 3990 1147 4062 plerique
1178 3991 1234 4045 in
1265 3999 1543 4061 stuporem
1590 3993 1905 4049 admiratio-

318 4089 555 4145 nemque
619 4078 1101 4144 convertebantpr.
1160 4077 1279 4134 Jam
1338 4096 1470 4137 vero
1542 4089 1901 4153 posteaquam

318 4167 528 4224 veritas
573 4176 657 4225 est
709 4168 1165 4227 manifestissime
1221 4174 1514 4243 patefacta,
1582 4190 1690 4229 non
1741 4175 1904 4230 modo

320 4259 480 4331 longe
512 4275 609 4318 eos
645 4261 952 4328 aberrasse,
985 4263 1078 4319 sed
1118 4271 1173 4319 et
1231 4280 1504 4320 summam
1557 4265 1624 4321 ad
1655 4266 1906 4335 blasphe-

1992 1822 2085 1879 σου
2127 1803 2373 1859 διαϐάντι
2400 1801 2464 1857 τὸ
2498 1800 2609 1873 πῦρ
2639 1798 2924 1869 άναλγητι,
2961 1796 3055 1851 καὶ
3083 1791 3193 1847 τῶν
3229 1789 3474 1853 ὑδάτων,
3504 1787 3590 1847 εἰς
3664 1870 3673 1879 ⁸

1989 1877 2088 1970 τῆν
2112 1894 2413 1966 καυστικὴν
2448 1890 2874 1965 μεταωηθὲντες
2905 1890 2926 1922 ⁸
2956 1887 3139 1957 φύσιν,
3170 1878 3590 1970 ὕπεξαλύξαντι

1991 1968 2091 2052 τὰς
2129 1986 2326 2059 ὁρμὰς,
2372 1983 2629 2053 Διῆλθον
2676 1981 2773 2036 διὰ
2825 1978 3011 2047 πυρὸς
3057 1974 3157 2030 καὶ
3197 1972 3447 2036 ὕδατος,
3480 1968 3589 2021 καὶ

1990 2077 2282 2149 samum
2324 2093 2404 2147 με
2444 2078 2532 2143 εις
2563 2071 2889 2142 ἀνάψυξιν.
2929 2070 3002 2123 Σὺ
3053 2067 3163 2138 γὰρ
3188 2066 3234 2099 ιο
3273 2064 3419 2133 αὕτη
3465 2062 3589 2122 τοῖς

1992 2148 2248 2241 ἀγαπῶσί
2278 2186 2337 2222 σε
2366 2169 2400 2240 ἡ
2429 2162 2729 2234 ἐπαγγελία
2750 2180 2763 2193 ο
2813 2161 2954 2217 Ἐὰν
2972 2158 3297 2221 διαϐαίνεις
3327 2152 3407 2206 δι’
3436 2148 3591 2204 ὕδα-

1993 2280 2129 2330 τος,
2164 2262 2317 2332 μετὰ
2379 2257 2495 2314 σοῦ
2527 2259 2676 2327 ειμι·
2725 2253 2824 2310 καὶ
2869 2249 3117 2321 ποταμοί
3171 2250 3244 2302 οὐ
3289 2242 3592 2313 συγκλει-

1994 2354 2184 2411 σουσι
2210 2367 2304 2406 σε.
2351 2349 2478 2405 Κᾶν
2515 2348 2826 2415 διαϐαίνῃς
2854 2345 2954 2400 διὰ
2981 2341 3194 2411 πυρὸς,
3234 2340 3309 2393 οὐ
3346 2335 3438 2407 μὴ
3470 2351 3588 2388 κα-

1998 2446 2284 2501 τακαύσει
2320 2456 2416 2496 σε.
2459 2439 2620 2495 Ἀλλὰ
2664 2438 2775 2509 γὰρ
2818 2438 2947 2510 περὶ
2989 2435 3088 2507 τῆς
3118 2431 3264 2489 κατὰ
3304 2430 3403 2484 τὸν
3440 2427 3591 2498 ψαλ-

1997 2543 2101 2616 μὸν
2135 2540 2450 2612 ἐξηγήσεως
2484 2536 2602 2604 ἃλις
2636 2534 2749 2608 ἔχει
2786 2532 2978 2588 ταῦτα.

2066 2716 2200 2772 ΜΘν.
2252 2716 2347 2780 El;
2389 2713 2449 2768 δὲ
2481 2714 2658 2768 έκεῖνο
2699 2708 3073 2772 διασκεπτέον,
3108 2708 3169 2761 ὲν
3302 2700 3590 2771 πολυμόρο

1995 2829 2111 2881 φως
2138 2808 2610 2882 ὲμφανταζόμενοι
2643 2805 2902 2869 ἀπάταις,
2937 2800 3307 2857 καθευδόντων
3349 2795 3586 2882 τρόπον,

1995 2881 2385 2969 ἀποφαίνονται
2429 2895 2521 2950 τὸν
2581 2892 2899 2948 ’Δπόστολον
2938 2889 3220 2962 εἰρηκέναι
3242 2899 3257 2915 ·
3317 2883 3464 2954 Ἐγὼ
3516 2881 3590 2935 δὲ

1994 2990 2140 3052 ἔζων
2196 2987 2376 3059 χωρὶς
2428 2988 2616 3056 νόμου
2671 2983 2849 3039 ποτέο
2899 2983 2994 3036 καὶ
3047 2979 3246 3052 βοῶσι·
3299 2976 3415 3048 Τὴν
3475 2974 3590 3046 πρὸ

1997 3083 2098 3154 τῆς
2143 3081 2364 3151 ἐντολῆς
2424 3079 2582 3151 ἡμῶν
2624 3080 2682 3133 ὲν
2725 3076 2803 3148 τῷ
2846 3072 3257 3147 πρωτοπλάστῳ
3302 3068 3590 3138 διαγωγὴν

2000 3173 2108 3246 πρὸ
2140 3171 2392 3245 σώματος
2435 3171 2561 3242 ἔφη,
2598 3170 2676 3233 ὡς
2711 3168 2782 3221 τὰ
2811 3164 3182 3236 ἐπιφερόμενα
3228 3163 3587 3232 συνίστησινδ

2012 3263 2160 3335 Ἐγὼ
2199 3264 2269 3318 δὲ
2318 3260 2606 3331 σάρκινός
2649 3261 2800 3331 ειμι,
2866 3256 3246 3326 πεπραμένος
3306 3253 3431 3309 ὑπὸ
3472 3250 3595 3320 τὴν

1999 3357 2313 3427 ἁμαρτίαν.
2377 3356 2499 3409 Ὅτι
2547 3354 2622 3425 μὴ
2668 3352 2842 3416 ἄλλως
2897 3352 2927 3404 ὁ
2984 3348 3271 3420 ἄνθρωπος
3315 3344 3590 3417 ἄρχεσθαι

2000 3449 2254 3520 ἠδύνατο,
2297 3446 2394 3502 καὶ
2438 3443 2787 3518 κυριεύεσθαι
2831 3429 2937 3498 bno
2978 3440 3074 3496 τοῦ
3116 3438 3311 3504 κακοῦ,
3350 3437 3591 3509 πραθεὶς

2002 3537 2152 3610 αὐτῷ
2194 3537 2283 3592 διὰ
2320 3538 2420 3611 τὴν
2458 3536 2791 3611 παράϐασιν,
2822 3535 2871 3589 εί
2917 3533 2992 3606 μὴ
3035 3532 3290 3604 σάρκινός
3331 3524 3400 3602 ἦν
3428 3544 3594 3598 γεγο-

2002 3626 2129 3693 νώς.
2184 3628 2457 3702 Ἀληπτος
2496 3626 2607 3699 γὰρ
2649 3624 2770 3679 καθ’
2811 3621 3011 3694 ἑαυτὴν
3055 3623 3089 3693 ἠ
3120 3617 3288 3691 ψυχὴ,
3326 3616 3490 3689 φησι,
3522 3618 3592 3686 τῇ

2003 3719 2269 3793 ἁμαρτίᾳ.
2316 3720 2409 3774 Διὸ
2449 3718 2687 3792 δριμέως
2742 3716 2994 3787 ἐπήγαγε
3029 3713 3122 3777 τὺ,
3182 3708 3326 3781 Ἐγὼ
3378 3707 3593 3776 adpra-

2002 3811 2110 3876 νός
2152 3813 2298 3877 ειμι,
2344 3808 2723 3878 πεπραμένος
2759 3805 2876 3861 ὑπὸ
2917 3804 3032 3873 τὴν
3069 3802 3405 3873 ἁμαρτίαν.
3459 3799 3597 3869 πρό-

2006 3902 2132 3956 σθεν
2175 3899 2345 3956 εἰπὼν
2386 3901 2507 3955 τόδε
2532 3917 2547 3931 ο
2614 3897 2762 3967 Ἐγὼ
2788 3897 2932 3958 ἔζων
2952 3895 3130 3966 χωρὶς
3176 3895 3368 3964 νόμου
3419 3890 3591 3946 ποτέ.

2005 3993 2119 4047 Θαῦ
2127 4009 2203 4064 μα
2252 3993 2350 4063 μὲν
2402 3993 2513 4054 τοῖς
2529 4058 2544 4064 _
2563 3989 2776 4053 πολλοῖς
2797 4029 2812 4052 ,
2854 3985 3023 4041 ταῦτα
3072 3985 3342 4053 λεγόντων
3384 3983 3594 4047 αὐτῶν,

2006 4058 2140 4138 τότε.
2168 4058 2430 4137 ὑπεδύετο
2484 4058 2578 4136 κᾶι
2642 4077 3011 4149 κατάπληξις’
3060 4075 3157 4130 νῦν
3199 4075 3259 4129 δὲ
3302 4072 3597 4147 προκυψά-

2008 4189 2109 4245 σης
2151 4172 2232 4237 είς
2276 4171 2336 4224 τὸ
2380 4168 2758 4240 φανερώτατον
2797 4165 2899 4238 ήδη
2940 4166 3041 4233 τῆς
3079 4163 3362 4235 ἀληθείας,
3395 4165 3460 4217 οὐ
3500 4165 3598 4234 μό-

2008 4280 2098 4318 νον
2152 4260 2348 4335 μακρῷ
2392 4258 2731 4331 πλανώμενοι
2795 4256 3219 4326 καταφαίνονται
3238 4296 3253 4319 ,
3310 4253 3453 4309 ἀλλὰ
3502 4256 3599 4309 καὶ

320 4353 487 4407 miam
516 4354 836 4422 pervenisse
862 4364 1099 4410 constat.
1135 4355 1239 4422 Qui
1264 4371 1388 4412 cum
1417 4366 1544 4413 ante
1571 4365 1892 4428 praeceptum

2013 4354 2177 4425 μέχρι
2222 4352 2322 4423 τῆς
2354 4351 2529 4423 ἄκρας
2570 4348 2950 4411 ἀναϐαίνοντες
2982 4345 3358 4418 βλασφημίας.
3402 4343 3599 4408 Δόντες

319 4447 570 4516 corporis
613 4454 868 4516 expertes
902 4448 1106 4505 vixisse
1140 4449 1309 4506 velint
1365 4450 1601 4517 animas,
1652 4466 1755 4506 nec
1795 4451 1907 4506 ullo

319 4548 417 4603 per
443 4547 566 4588 sese
594 4541 822 4602 peccato
850 4550 1012 4605 posse
1059 4539 1285 4609 corripi,
1322 4539 1487 4593 aliam
1538 4538 1799 4611 deinceps
1849 4542 1905 4595 in

321 4627 638 4696 opinionem
691 4626 922 4698 delapsi,
955 4645 1116 4686 suum
1152 4630 1284 4686 illud
1322 4631 1541 4702 dogma,
1579 4633 1661 4688 vel
1692 4634 1905 4703 seipsos

320 4716 505 4784 potius
541 4723 878 4771 everterunt.
905 4718 1151 4789 Corpora
1176 4721 1322 4776 enim
1352 4721 1545 4778 iisdem
1578 4722 1688 4778 illis
1713 4730 1905 4793 postea

318 4808 471 4863 velut
527 4807 582 4861 in
614 4806 946 4878 supplicium
999 4811 1292 4881 fabricant,
1328 4815 1473 4885 quod
1530 4823 1660 4871 ante
1703 4830 1905 4887 corpus

323 4898 689 4971 peccaverint.
708 4898 852 4967 Quin
880 4903 1044 4958 etiam
1072 4905 1322 4961 convicia
1349 4907 1459 4961 illis
1486 4916 1810 4974 occurrunt,
1842 4915 1903 4963 ut

324 4992 523 5049 vinclis
558 5006 625 5047 ac
683 4993 892 5063 pedicis
954 4996 1134 5051 simile
1186 5013 1313 5054 esse
1357 5012 1562 5068 corpus
1608 4998 1897 5069 allirment,

324 5085 540 5155 aliaque
579 5085 780 5140 stolida
821 5088 872 5141 id
912 5103 1085 5156 genus
1121 5088 1393 5145 el‘futiant.

2011 4445 2121 4516 γὰρ
2149 4443 2457 4515 ἀσωμάτως
2486 4441 2585 4505 τὰς
2632 4440 2808 4512 ψυχὰς
2843 4438 2949 4511 πρὸ
2995 4438 3095 4509 τῆς
3124 4437 3352 4508 ἐντολῆς
3398 4437 3597 4508 βεϐιω-

2009 4536 2192 4599 κέναι,
2244 4533 2517 4604 ἀλήπτους
2568 4549 2630 4586 τε
2685 4527 2821 4585 εἶναι
2863 4528 2984 4583 καθ’
3029 4527 3230 4592 ἑαυτὰς
3276 4530 3343 4581 ὲκ
3394 4528 3600 4591 παντὸς

2006 4628 2075 4697 τῇ
2120 4622 2366 4696 ἁμαρτίᾳ
2395 4620 2792 4693 διανοηθέντες,
2832 4619 2994 4672 πάλιν
3024 4617 3332 4690 ἀνέτρεψαν
3364 4616 3461 4671 τὸν
3507 4617 3598 4670 λό-

2008 4731 2125 4784 γον,
2172 4714 2395 4779 ἑαυτοὺς
2441 4711 2499 4765 δὲ
2544 4711 2678 4765 πολὺ
2725 4708 2943 4783 μᾶλλον.
2993 4708 3077 4762 Τὰ
3117 4707 3227 4780 γὰρ
3258 4708 3325 4779 δὴ
3367 4708 3602 4780 σώματα

2007 4805 2509 4869 κατασκευάζουσιν
2546 4805 2738 4867 αὐταῖς
2788 4802 3014 4873 ὕστερον
3067 4800 3161 4855 ἐπὶ
3202 4802 3475 4872 τιμωρίᾳ,
3514 4800 3601 4855 διὰ

2002 4901 2066 4954 τὸ
2118 4899 2226 4973 πρὸ
2277 4899 2531 4971 σώματος
2570 4896 2739 4959 αὐτὰς
2782 4892 3181 4966 ἡμαρτηκέναι.
3232 4893 3346 4947 Καὶ
3393 4892 3461 4963 δὴ
3509 4894 3602 4946 καὶ

2001 4992 2336 5064 λοιδορήσεις
2391 5007 2450 5043 τε
2515 4988 2748 5059 ἐπῆλθον
2809 4987 3010 5050 αὐτοῖς,
3076 4985 3301 5054 δεσμοῖς
3367 4984 3605 5038 ἀπεικά-

2012 5082 2188 5148 ζουσι,
2240 5085 2336 5137 καὶ
2363 5081 2552 5144 πέδαις
2578 5079 2640 5133 τὸ
2682 5079 2861 5150 σῶμα,
2896 5077 3029 5132 ἄλλα
3054 5093 3113 5129 τε
3161 5076 3368 5146 ἀνόητα
3398 5078 3601 5131 εἰπεῖν,

394 5174 464 5228 At
492 5187 623 5229 vero
651 5173 831 5246 longe,
865 5176 946 5230 uti
971 5177 1107 5241 dixi,
1139 5179 1420 5234 contrario
1450 5178 1616 5233 modo
1655 5194 1778 5235 sese
1813 5194 1892 5235 res

2082 5174 2198 5229 Νῦν
2248 5174 2306 5228 δὲ
2347 5174 2483 5246 ὅπερ
2528 5172 2765 5244 εἴρηται,
2812 5172 2919 5223 πᾶν
2963 5167 3273 5221 τούναντίον
3306 5168 3449 5237 ἔχει.
3486 5169 3605 5241 Χρὴ

324 5266 505 5323 habet.
539 5264 766 5336 Oportet
813 5268 958 5323 enim
1001 5270 1166 5324 etiam
1201 5278 1326 5325 ante
1364 5279 1646 5340 peccatum
1682 5272 1892 5341 corpori

2011 5266 2119 5337 γὰρ
2164 5266 2272 5337 πρὸ
2319 5265 2421 5335 τῆς
2459 5264 2733 5336 ἁμαρτίας
2783 5263 2881 5334 τὴν
2924 5260 3100 5331 ψυχὴν
3138 5259 3412 5330 ὑπάρχειν
3467 5262 3605 5331 μετὰ

325 5367 632 5418 consertam
662 5359 903 5414 animam
928 5359 1117 5418 fuisse.
1142 5361 1357 5432 Alioqui
1383 5377 1510 5418 cum
1546 5361 1728 5415 anima
1754 5362 1892 5417 nullc

2017 5362 2297 5433 σώματος·
2329 5363 2457 5417 ἐπεὶ
2487 5364 2564 5436 (ἡ)
2595 5361 2833 5431 ἄληπτος
2860 5352 2991 5412 οὖσα
3014 5357 3046 5428 ἡ
3071 5353 3217 5426 ψυχὴ
3245 5353 3370 5408 καθ’
3400 5355 3607 5408 ὲαυτὶπν

392 5544 566 5599 'Gen.
627 5535 1034 5609 xquH,l2._
1081 5536 1102 5567 ¹
1154 5534 1256 5592 Job
1288 5535 1460 5609 x_t..3.
1543 5534 1736 5609 _'_Dan.
1790 5552 1871 5599 ιιι,

2005 5553 2152 5609 sqq,
2202 5539 2224 5572 ⁸
2261 5537 2366 5595 lsa.
2403 5556 2559 5609 thn,
2590 5539 2644 5596 2.
2722 5539 2743 5572 ⁸
2779 5539 2934 5594 lion).
2989 5551 3081 5600 vn,
3115 5536 3169 5591 9t
3250 5533 3270 5565 ⁶
3310 5531 3440 5587 ὶιιίοι.
3518 5532 3602 5596 Η,

333 5615 513 5673 'ibid.
543 5612 597 5669 9.
675 5611 697 5643 ⁸
751 5606 810 5664 F.
867 5609 924 5661 ὲν
972 5604 1146 5677 νώτῳ.
1225 5610 1246 5638 ³
1298 5604 1860 5676 F.951qCXr‘l13-q.w_

2007 5604 2068 5663 ΕῘ
2091 5604 2171 5679 ’σὴ
2197 5609 2327 5681 γάρ.
