3846 6114
236 291 374 348 I153

913 287 1282 344 ADVERSUS
1319 285 1662 344 IIERESES
1699 283 1826 340 LIB.

1930 319 1938 336 .
1977 276 2142 362 τοιιρ.
2179 276 2219 332 I.
2259 306 2327 316 —
2366 273 2640 332 IUERES.
2684 269 2870 328 wa.

3354 229 3507 320 im

227 409 293 477 τῇ
320 401 567 475 ἁμαρτίᾳ
594 397 700 456 οὐκ
729 399 794 454 ἂν
818 401 1067 472 ἥμαρτεν
1107 403 1244 465 ὅλως
1271 401 1378 474 πρὸ
1415 401 1510 454 τοῦ
1543 399 1812 470 σώματος.

1930 408 2019 463 per
2057 405 2180 447 sese
2207 396 2434 460 peccato
2469 388 2606 443 allici
2638 395 2823 459 queat,
2854 384 3008 440 nullo
3035 390 3194 455 pacto
3231 388 3357 437 ante
3387 396 3509 436 cor-

232 498 292 550 Εί
345 497 401 549 δέ
443 496 711 566 ἥμαρτεν,
763 492 864 544 οὐκ
908 489 977 562 ἦν
1030 491 1270 562 ἄληπτος
1315 491 1438 544 καθ’
1497 489 1693 560 ἑαυτὴν
1740 490 1808 559 τῇ

232 587 497 658 ἁμαρτίᾳ,
523 585 673 651 ,ἀλλά
695 583 788 637 καὶ
828 583 1100 647 εὐάλωτος
1149 584 1348 654 μᾶλλον
1388 583 1484 636 καὶ
1521 580 1807 652 εῦληπτος.

233 677 322 730 Διὸ
347 677 440 730 καὶ
469 675 650 742 πάλιν,
683 675 786 729 κᾶν
818 675 893 746 μὴ
920 675 1060 746 λάϐῃ
1085 676 1144 728 τὸ
1171 675 1328 745 σῶμα
1352 675 1532 737 τοῦτο,
1563 673 1814 744 ἁμαρτή-

233 783 406 828 σεται,
446 764 634 836 ὥσπερ
663 782 727 834 γε
761 765 853 818 καὶ
887 765 992 835 πρὸ
1021 765 1116 817 τοῦ
1169 765 1351 817 λαϐεῖν
1384 764 1514 817 αὐτὸ
1541 765 1808 834 ἥμαρτεν.

232 858 329 911 Διά
355 858 407 910 τί
435 858 490 910 δέ
518 858 654 920 ὅλως
680 856 775 909 καὶ
816 857 876 910 τὸ
911 858 1070 928 σῶμα
1093 857 1399 926 ἐλάμϐανεν
1420 855 1645 926 ὕστερον
1677 854 1814 924 μετά

233 950 290 1003 τὸ
315 951 729 1020 ὴμαρτηκέναι;
765 950 835 1001 Ἢ
865 949 947 1012 τίς
973 949 1110 1018 αὐτῇ
1146 949 1302 1019 χρεία
1333 947 1581 1018 σώματος
1613 943 1680 1018 ἦν
1706 963 1720 1011 ;
1765 947 1813 998 εί

233 1042 334 1112 μὲν
366 1037 458 1093 οὗν
489 1041 572 1092 ἵνα
607 1039 960 1108 βασανίςηται
1001 1041 1094 1092 καὶ
1126 1041 1287 1110 ἀλγῇ,
1333 1040 1450 1102 πῶς
1501 1040 1702 1109 μᾶλλον
1730 1041 1815 1091 ἐν-

233 1133 416 1203 τρυφᾷ
445 1130 540 1183 καὶ
576 1127 953 1184 ἀκολασταίνει
981 1129 1118 1200 μετά
1145 1129 1396 1199 σώματος
1423 1147 1437 1194 ;
1473 1129 1596 1193 Πῶς
1639 1129 1695 1182 δέ
1722 1128 1816 1183 καὶ

237 1225 292 1278 τὺ
315 1221 658 1287 αὐτεξούσιον
696 1217 834 1274 εἶναι
881 1223 938 1274 ἐν
979 1222 1152 1292 τούτῳ
1181 1221 1428 1290 φαίνεται
1462 1221 1603 1291 ἔχειν
1624 1220 1702 1292 τῷ
1727 1221 1816 1274 κό-

235 1332 397 1386 σμῳ;
436 1315 550 1382 Ἐφ’
585 1315 716 1384 ἡμῖν
749 1312 858 1384 γὰρ
899 1312 960 1365 τὺ
1007 1311 1295 1365 πιστεῦσαι
1341 1315 1550 1376 κεῖται,
1604 1311 1699 1364 καὶ
1754 1311 1819 1364 τὸ

237 1408 314 1480 μὴ
354 1406 661 1462 πιστεῦσαι.
688 1406 855 1460 Ἔνθα
893 1405 949 1458 δὲ
994 1406 1079 1476 ἐφ’
1118 1407 1248 1477 ἡμῖν
1284 1406 1344 1459 τὸ
1377 1405 1663 1459 πιστεῦσαι
1707 1406 1819 1458 κεῖ-

233 1511 322 1547 ται
371 1494 464 1546 καὶ
499 1492 560 1546 τδ
608 1493 681 1564 μὴ
728 1493 1034 1559 πιστεῦσαι,
1075 1495 1158 1562 ἐφ’
1194 1496 1327 1564 ἡμῖν
1375 1494 1436 1548 τὸ
1469 1493 1817 1564 κατορθῶσαι

233 1580 360 1633 σθαι
416 1579 509 1634 καὶ
567 1581 1014 1652 ἀμαρτήσασθαι,
1061 1583 1146 1652 ἐφ’
1192 1585 1324 1654 ἡμῖν
1372 1584 1432 1638 τὸ
1472 1584 1820 1652 ἀγαθοποιεῖν

233 1672 330 1725 καὶ
389 1671 451 1724 τὺ
503 1675 838 1726 κακοποιεῖν.
923 1673 1079 1727 Ἀλλά
1135 1676 1230 1729 καὶ
1278 1677 1311 1745 ἡ
1361 1677 1541 1747 κρίσις
1588 1676 1707 1738 πῶς
1753 1675 1818 1746 δὴ

1921 502 2024 556 pus
2050 497 2279 554 peccare
2303 482 2589 553 potuisset.
2615 479 2713 534 Sin
2737 479 3002 550 peccavit,
3031 477 3227 532 falsum
3251 483 3334 529 est
3358 476 3511 529 nullo

1924 593 2044 634 eam
2097 583 2322 647 peccato
2377 588 2475 644 per
2501 589 2621 628 sese
2668 572 2914 642 potuisse
2953 569 3153 638 corripi
3186 585 3197 618 :
3227 567 3358 636 quin
3398 566 3509 620 imo

1921 670 2082 724 facile
2113 668 2182 722 ab
2233 681 2299 721 eo
2349 663 2528 720 invadi
2564 664 2974 734 expugnarique
3013 661 3210 730 potuit.
3261 657 3416 712 Unde
3455 666 3508 710 et

1921 761 2046 816 licet
2105 760 2286 814 denuo
2339 772 2544 827 corpus
2595 754 2729 808 illud
2782 771 2890 808 non
2944 754 3215 824 accipiat,
3263 749 3508 821 peccabit

1913 855 2290 919 nihilominus,
2339 852 2801 924 quemadmodum
2863 863 3154 920 antequam
3218 865 3344 904 cum
3412 848 3509 901 illo

1915 943 2362 1013 conjungeretur,
2423 940 2749 1012 jamdudum
2803 940 3026 995 fecerat.
3075 941 3346 1007 Quorsum
3379 952 3510 992 vero

1916 1050 2118 1103 corpus
2165 1034 2389 1088 omnino
2444 1041 2567 1102 post
2611 1032 2915 1088 admissum
2948 1032 3204 1086 delictum
3236 1030 3504 1101 capiebat,

1917 1135 2010 1180 aut
2036 1127 2164 1195 quid
2195 1126 2286 1179 illo
2304 1141 2440 1195 opus
2465 1125 2738 1180 habebat?
2764 1124 2822 1177 Si
2853 1132 2913 1178 ut
2942 1125 3210 1194 supplicio
3233 1138 3296 1178 ac
3318 1124 3510 1177 dolore

1918 1217 2246 1283 afﬁceretur,
2300 1233 2400 1271 cur
2451 1232 2572 1270 cum
2608 1231 2839 1286 corpore
2898 1217 3086 1270 hixum
3143 1215 3324 1286 potius
3374 1213 3510 1269 deli-

1918 1309 2146 1378 ciasque
2173 1307 2444 1364 sectatur?
2475 1308 2702 1362 Arbitrii
2744 1323 2875 1362 vero
2909 1309 2992 1362 sui
3028 1308 3333 1362 libertatem
3369 1321 3509 1376 quo-

1924 1400 2087 1454 modo
2109 1399 2344 1454 retinere
2369 1400 2422 1452 in
2456 1399 2558 1454 hoc
2594 1400 2796 1455 mundo
2822 1399 3073 1454 videtur?
3099 1400 3336 1455 Credere
3361 1401 3510 1455 enim

1921 1499 2016 1543 aut
2049 1506 2157 1544 non
2189 1491 2413 1547 credere
2479 1492 2535 1545 in
2583 1499 2768 1544 nostra
2809 1501 2893 1546 est
2934 1493 3211 1547 voluntate
3246 1493 3509 1562 positum.

1923 1581 2025 1637 Ubi
2059 1591 2239 1637 autem
2272 1591 2566 1653 utrumque
2596 1583 2736 1654 juris
2759 1599 2822 1637 ac
2849 1584 3145 1639 voluntatis
3174 1591 3258 1637 est
3283 1593 3508 1644 nostrae.

1921 1689 2268 1741 consequens
2301 1683 2386 1729 est
2416 1683 2475 1728 ut
2511 1684 2566 1729 et
2595 1682 2745 1730 recte
2773 1690 2954 1744 agere,
2983 1675 3067 1729 vel
3097 1689 3341 1744 peccare,
3375 1675 3504 1728 boni

233 1762 611 1836 ἐπιφέρεσθαι,
658 1765 734 1828 ὡς
781 1765 1071 1836 μέλλουσα,
1107 1769 1509 1838 προσδοκᾶσθαι
1548 1767 1628 1821 ἐτι
1661 1766 1820 1821 δύνα-

1930 1763 2127 1833 aliquid
2151 1764 2348 1829 facere,
2375 1765 2457 1819 vel
2480 1767 2629 1831 mali,
2654 1766 2726 1820 sit
2752 1766 3046 1836 integrum.
3071 1766 3318 1832 Quonam
3350 1775 3510 1836 pacto

235 1869 351 1907 ταιο
389 1853 512 1908 καθ’
550 1853 616 1925 ῆν
647 1856 675 1908 ὁ
707 1854 837 1918 Θεὸς
867 1856 1082 1927 ἑκάστῳ
1121 1856 1262 1909 κατά
1288 1856 1356 1909 τά
1383 1857 1519 1926 ἔργα
1552 1856 1647 1909 καὶ
1675 1854 1818 1908 κατὰ

236 1946 305 1998 τὰ.
335 1947 739 2017 ἐπιτηδεύματα
796 1947 1114 2001 ἀποδίδωσι·
1156 1949 1250 2001 καὶ
1297 1948 1395 2018 οὐχ
1427 1949 1502 2012 ὼς
1539 1949 1639 2019 ἤδη
1673 1964 1818 2018 παρ-

237 2034 373 2088 οῦσα
403 2036 811 2106 νομισθήσεται,
851 2037 965 2106 εῐγε
1005 2037 1064 2090 τὸ
1092 2038 1417 2109 γεννηθῆναι
1463 2038 1560 2109 μὲν
1605 2039 1700 2092 καὶ
1737 2039 1818 2102 είς

239 2127 398 2198 σῶμα
427 2127 599 2181 ἐλθεῖν
633 2129 730 2200 τὴν
759 2129 936 2200 ψυχὴν
971 2129 1226 2202 κριθῆναι
1258 2133 1405 2184 ἐστιν
1434 2131 1532 2202 ἤδη
1563 2131 1656 2183 καὶ
1687 2131 1816 2183 ἀντ-

237 2217 564 2272 απολαϐεῖν·
601 2219 662 2272 τὸ
708 2220 766 2272 δὲ
827 2220 1147 2289 ἀποθανεῖν,
1193 2222 1288 2275 καὶ
1349 2222 1683 2294 χωρισθῆναι
1724 2220 1820 2274 τοῦ

240 2311 510 2382 σώματος,
558 2311 985 2383 ἐλευθερωθῆναί
1033 2329 1094 2365 τε
1143 2313 1237 2367 καὶ⁸
1285 2315 1364 2376 είς
1414 2311 1675 2381 ἀνάψυξιν
1737 2311 1823 2365 ἐλ-

240 2403 372 2468 θεῖν,
399 2403 488 2457 διά
529 2403 589 2456 τὸ
632 2403 738 2474 πρὸ
789 2403 1041 2475 σώματος
1085 2405 1254 2476 αὐτὴν
1297 2406 1716 2476 ἀμαρτήσασαν,
1748 2406 1824 2467 ὡς

241 2497 320 2559 εἰς
358 2495 676 2569 κατάκρισιν
715 2497 808 2550 καὶ
849 2496 1141 2568 καταδίκην
1173 2498 1253 2560 είς
1296 2497 1358 2550 τὸ
1400 2497 1558 2568 σῶμα
1594 2495 1820 2567 ἐμϐιϐά-

243 2589 430 2652 ζεσθαι
455 2590 574 2642 καθ’
610 2590 787 2659 ὑμᾶς;
829 2589 1100 2655 Ἀπέδειξε
1133 2590 1188 2643 δὲ
1222 2591 1459 2661 διαρκῶς
1503 2592 1565 2643 ἐκ
1609 2607 1825 2660 περιου·

246 2682 367 2742 σίας
400 2682 429 2732 ὁ
473 2681 650 2749 λόγος,
695 2681 1006 2736 ἀνένδεκτον
1037 2679 1175 2736 εἶναι
1215 2682 1531 2752 νομίζεσθαι
1564 2682 1625 2736 τὸ
1662 2682 1823 2754 σῶμα

247 2773 664 2844 βασανιστήριον
696 2774 790 2826 καὶ
825 2773 990 2838 πέδας
1016 2774 1116 2845 τῆς
1141 2773 1340 2844 ψυχῆς.
1673 2772 1688 2786 ³

316 3043 396 3099 N’.
429 3045 624 3116 Ἤρκει
666 3043 763 3114 μὲν
796 3038 908 3111 οῦν,
944 3044 1052 3097 ἀπὸ
1084 3043 1179 3114 τῆς
1225 3042 1445 3115 Γραφῆς
1487 3044 1656 3114 αὐτῆς
1686 3043 1822 3098 ἀπο-

244 3137 492 3203 δείξαντα
525 3139 631 3210 πρὸ
655 3139 753 3209 τῆς
781 3138 1141 3210 παραϐάσεως
1180 3139 1270 3192 τὸν
1307 3139 1726 3210 πρωτόπλαστον
1760 3139 1825 3190 ἐκ

245 3231 422 3300 ψυχῆς
457 3233 548 3283 καὶ
591 3230 840 3300 σώματος
883 3230 1032 3294 δντα,
1065 3231 1396 3284 καταπαύειν
1429 3230 1520 3283 τὸν
1551 3229 1678 3302 περὶ
1706 3228 1828 3283 τού-

245 3341 355 3376 των
400 3323 634 3377 ἐνταῦθα
679 3323 856 3392 λόγον.
897 3322 1067 3392 Κάγὼ
1103 3324 1198 3377 νῦν
1247 3325 1344 3395 μὲν
1377 3324 1468 3376 ἐπὶ
1518 3323 1827 3392 κεφαλαίων

247 3413 388 3468 αὐτά
419 3413 783 3486 διεξέρχομαι,
815 3416 936 3468 ὅσον
973 3415 1072 3478 τάς
1115 3415 1368 3487 ἀφορμὰς
1399 3414 1508 3468 τῶν
1550 3415 1830 3486 ἐπιχειρη-

253 3501 436 3572 μάτων
479 3501 657 3555 αὺτῶν
705 3503 924 3557 εὐθῦναι
977 3502 1423 3574 διαμιλλώμενος,
1476 3505 1562 3558 ἵνα
1612 3505 1685 3576 μὴ
1730 3502 1830 3574 τὴν

252 3593 594 3664 συμμετρίαν
639 3594 875 3647 ἐκϐαίνω
915 3595 1024 3647 τῶν
1067 3595 1259 3662 λόγων.
1304 3597 1542 3668 Πάρεστι
1574 3595 1684 3666 γὰρ
1728 3595 1828 3667 ήδη

252 3687 474 3738 σκοπεῖν
503 3685 665 3756 ὑμᾶς,
693 3680 738 3738 ὦ
764 3687 1031 3751 δικασταὶ,
1062 3688 1144 3740 ὅτι
1176 3687 1255 3760 τὸ,
1283 3687 1430 3756 Ἐγὼ
1459 3686 1528 3740 δὲ
1557 3685 1700 3748 ἔζων
1725 3706 1832 3754 χω-

247 3777 344 3843 ρὶς
370 3777 557 3845 νόμου
585 3777 748 3841 ποτὲ,
779 3777 1069 3849 λεγόμενον
1113 3781 1170 3832 ἐν
1213 3782 1280 3850 τῇ
1325 3778 1461 3849 πρὸς
1505 3778 1828 3849 Ῥωμαίους,

252 3868 313 3922 οὐ
340 3869 560 3922 δύναται
590 3869 806 3922 πίπτειν
831 3871 911 3934 είς
934 3870 1030 3942 τὴν
1057 3871 1161 3942 πρὸ
1196 3871 1445 3941 σώματος
1489 3873 1609 3924 κατ’
1635 3871 1832 3934 αὐτοὺς

246 3961 525 4032 διαγωγὴν
558 3963 656 4032 τῆς
697 3961 892 4032 ψυχῆς,
921 3962 1172 4033 καθάπερ
1200 3963 1270 4016 τὰ
1309 3963 1676 4034 ἐπιφερόμενα
1707 3963 1834 4017 τού-

254 4074 364 4118 τοις
407 4055 630 4127 μηνύει·
677 4054 777 4108 κᾶν
821 4057 849 4108 ὁ
887 4058 1130 4123 γενναῖος
1171 4047 1324 4118 οὗτος
1373 4053 1553 4124 ίατρὸς
1581 4053 1689 4108 τῶν
1733 4056 1832 4126 ρη-

254 4149 384 4216 τῶν,
413 4148 483 4202 τὰ
522 4148 648 4219 ἐξῆς
681 4147 1032 4217 ἀφελόμενος,
1064 4147 1200 4218 πρὸς
1242 4147 1302 4200 τὸ
1343 4144 1532 4199 δοκοῦν
1565 4143 1714 4215 αὑτῷ
1741 4143 1834 4196 τὸν

257 4242 380 4295 νοῦν
408 4241 664 4294 ἐϐιάσατο
697 4239 1038 4310 μεταπλάσαι
1071 4238 1166 4292 τοῦ
1198 4236 1542 4300 Ἀποστόλου,
1577 4235 1794 4289 ἀνίατόν
1813 4237 1829 4266 ¹

1925 1863 2181 1924 praeterea
2201 1854 2441 1909 futurum
2469 1855 2600 1909 illud
2626 1856 2896 1928 judicium
2929 1857 3234 1925 exspectari
3274 1857 3509 1926 amplius

1927 1954 2104 2017 potest
2131 1962 2142 1996 :
2174 1961 2286 2016 quo
2321 1945 2373 2000 in
2399 1947 2610 2015 judicio
2647 1947 2942 2017 unicuique
2980 1946 3122 2002 Deus
3155 1963 3254 2017 pro
3282 1963 3518 2018 opernnr

1925 2039 2137 2092 ratione
2187 2053 2251 2092 ac
2295 2037 2606 2091 studiorum
2650 2038 2946 2107 rependet;
2973 2046 3026 2091 et
3057 2054 3164 2091 non
3192 2039 3372 2107 potius
3399 2037 3512 2108 jam

1927 2128 2120 2182 adesse
2147 2129 2484 2189 censebitur,
2515 2127 2561 2181 si
2597 2129 2742 2198 gigni
2779 2145 2840 2182 ac
2872 2129 3057 2183 subire
3092 2130 3143 2183 in
3172 2145 3372 2200 corpus
3393 2129 3514 2184 aui-

1929 2235 2072 2273 mam
2133 2219 2274 2273 idem
2331 2218 2493 2289 576
2527 2228 2610 2274 est
2673 2234 2735 2274 ac
2776 2220 3035 2289 judicari,
3086 2228 3141 2273 et
3188 2221 3510 2276 meritorum

1931 2311 2148 2380 prteinia
2202 2312 2514 2380 percipere;
2564 2310 2736 2364 emori
2779 2320 2992 2373 contra.
3025 2322 3187 2382 atque
3212 2327 3241 2364 a
3278 2327 3510 2382 corpore

1932 2401 2167 2472 sejungi,
2225 2403 2362 2456 nihil
2415 2410 2501 2457 est
2544 2402 2713 2467 aliud,
2755 2417 2918 2472 quam
2950 2403 3169 2458 liberari
3203 2418 3266 2459 ac
3293 2403 3512 2459 refocil-

1931 2495 2054 2557 lari,
2089 2505 2376 2565 propterea
2401 2497 2570 2565 quod,
2597 2507 2822 2567 peccato
2852 2505 2978 2551 ante
3017 2512 3218 2566 corpus
3248 2498 3510 2564 admisso,

1929 2587 1983 2641 in
2016 2589 2155 2642 idem
2197 2589 2328 2641 illud
2364 2589 2563 2652 anima,
2603 2590 2752 2642 velut
2779 2589 2847 2642 ad
2870 2590 3197 2659 supplicium
3230 2587 3510 2650 damnata,

1925 2678 2290 2747 compellitur.
2339 2693 2459 2748 qua:
2506 2687 2686 2732 vestra
2742 2689 2830 2752 est
2877 2680 3176 2734 sententia?
3229 2677 3348 2732 Jam
3379 2679 3510 2733 illud

1929 2773 2066 2824 satis
2095 2784 2387 2839 superque,
2421 2770 2649 2824 velutex
2685 2771 3004 2836 abundanti,
3035 2773 3284 2828 oratione
3323 2782 3513 2828 nostra

1930 2858 2358 2914 demonstratum
2387 2867 2489 2923 est,
2525 2858 2638 2914 ﬁeri
2675 2875 2781 2914 non
2801 2877 2982 2930 posse,
3003 2870 3061 2916 ut
3082 2879 3285 2933 corpus
3314 2865 3510 2920 anima:

1853 2992 1895 3049 ο
1931 2949 2094 3006 veluti
2122 2950 2436 3004 carniﬁcina
2468 2965 2532 3004 ac
2563 2953 2836 3006 vinculum
2870 2953 3153 3008 habeatur.

1985 3042 2058 3122 'L.
2091 3043 2266 3113 Atque
2290 3043 2421 3097 illud
2465 3042 2684 3112 quidem
2711 3043 2960 3099 suﬁicere
3000 3045 3234 3111 videtur,
3263 3045 3410 3117 quod
3444 3063 3510 3103 ex

1928 3135 2100 3191 sacris
2128 3133 2355 3190 Litteris
2375 3135 2715 3190 ostendimus
2746 3153 2758 3189 :
2781 3137 3014 3206 primum
3033 3145 3282 3192 nostrum
3315 3155 3512 3209 paren—

1929 3234 2058 3290 tem,
2111 3226 2273 3279 etiam
2315 3233 2442 3280 ante
2493 3225 2776 3290 delictum,
2821 3241 2889 3280 ex
2933 3241 3166 3297 corpore
3224 3230 3516 3302 animaque

1930 3315 2098 3370 fuisse
2127 3314 2444 3382 conﬂatum,
2483 3323 2648 3386 atque
2676 3324 2750 3368 Ita
2775 3316 3088 3386 disputandi
3127 3319 3286 3374 ﬁnem
3313 3321 3512 3380 facere.

1929 3406 2044 3478 Ego
2064 3422 2195 3462 vero
2229 3423 2444 3462 summa
2482 3423 2631 3462 nunc
2660 3408 2880 3462 illorum
2911 3409 3091 3479 capita
3129 3413 3511 3484 perstringam,

1930 3499 2198 3554 duntaxat
2256 3507 2316 3554 ut
2348 3508 2822 3570 argumentorum,
2865 3502 3064 3571 quibus
3094 3511 3342 3568 utuntur,
3381 3521 3520 3576 pra:-

1931 3593 2072 3648 sidia
2094 3607 2158 3647 ac
2179 3591 2519 3646 Ilrmamenta
2549 3593 2853 3646 convellam
2874 3636 2889 3658 ,
2919 3609 2986 3648 ne
3007 3595 3227 3648 modum
3251 3598 3520 3652 orationis

1929 3685 2215 3740 excedam.
2257 3683 2372 3738 Hoc
2415 3686 2527 3753 jam
2581 3685 2724 3739 enim
2767 3686 2966 3740 intueri
3008 3688 3514 3758 potestis.judices,

1929 3773 2046 3828 haec
2072 3775 2319 3844 Apostoli
2353 3774 2516 3828 verba
2539 3788 2551 3823 :
2578 3772 2682 3844 Ego
2703 3773 2933 3829 vivebam
2954 3776 3065 3829 sine
3083 3776 3192 3846 lege
3207 3777 3514 3848 aliquando,

1929 3881 1997 3920 ex
2027 3864 2270 3936 Epistola
2307 3864 2373 3918 ad
2426 3865 2724 3931 Romanos,
2761 3881 3108 3936 nequaquam
3136 3869 3204 3922 ad
3236 3884 3357 3924 eam
3393 3872 3517 3925 vita:

1931 3959 2195 4014 rationem
2227 3973 2388 4028 posse
2421 3959 2735 4024 convenire,
2762 3974 2923 4027 quam
2955 3967 3082 4014 ante
3103 3975 3304 4032 corpus
3333 3963 3513 4017 anima

1932 4059 2225 4108 consecuta
2271 4049 2471 4115 fuerit,
2526 4059 2587 4106 ut
2635 4067 2701 4105 ex
2745 4053 3212 4119 consequentibus
3272 4064 3513 4124 apparet.

1936 4144 2174 4198 Tametsi
2203 4144 2455 4214 egregius
2497 4144 2586 4198 ille
2613 4144 2858 4200 medicus
2889 4160 3170 4201 sacrorum
3200 4149 3516 4214 verborum,

1935 4237 2196 4292 detractis
2242 4236 2488 4305 reliquis,
2524 4236 2768 4306 Apostoli
2804 4245 3039 4293 mentem
3089 4237 3156 4292 ad
3205 4239 3517 4309 opinionem

259 4351 310 4387 τι
336 4332 521 4386 παθὼν
559 4332 676 4386 λίαν
706 4331 799 4385 καὶ
833 4330 1100 4384 παιδικόν.
1148 4328 1290 4382 Ἀντὶ
1319 4328 1428 4399 γὰρ
1453 4327 1547 4380 τοῦ
1573 4327 1708 4397 πρὸς
1735 4325 1826 4390 τὰς

1937 4345 2092 4386 suam
2121 4329 2386 4384 violenter
2409 4328 2707 4386 transferre
2746 4331 3060 4385 contendat.
3092 4331 3151 4385 In
3180 4347 3290 4402 quo
3323 4347 3512 4402 parum

260 4426 466 4489 οἰκείας
497 4425 797 4496 συμφύσεις
841 4423 932 4477 καὶ
977 4421 1224 4493 ἁρμογὰς
1255 4422 1323 4476 τὰ
1356 4421 1494 4492 μέλη
1519 4421 1703 4492 τηρεῖν
1730 4418 1836 4473 τῶν

264 4517 550 4588 σωμάτων,
589 4517 676 4570 ἵνα
719 4515 781 4568 τὸ
815 4517 920 4569 πᾶν
962 4514 1146 4585 ἄρτιον
1189 4514 1332 4566 κατά
1377 4514 1537 4582 φύσιν
1652 4513 1838 4583 σχῆμα

261 4611 355 4666 τοῦ
411 4609 679 4681 σώματος,
734 4608 1116 4680 ἡκρωτηρίασε
1173 4606 1454 4678 παρελθὼν
1507 4607 1597 4660 τὸν
1649 4605 1837 4676 εἱρμὸν

262 4702 360 4773 τῆς
397 4702 644 4771 Γραφῆς·
677 4699 926 4770 καθάπερ
951 4699 1163 4770 Σκύθης
1186 4697 1380 4769 ἐχθροῦ
1422 4714 1566 4761 τινος
1607 4696 1838 4765 ἀφειδῶς

265 4796 400 4863 πρὸς
428 4794 705 4864 ἀναίρεσιν
743 4792 1097 4862 κατατέμνων
1136 4791 1205 4845 τά
1240 4791 1375 4860 μέλη
1419 4784 1548 4842 εἷεν.
1591 4788 1715 4852 Πῶς
1746 4783 1839 4842 οὖν

263 4888 292 4938 ὁ
331 4883 668 4946 Ἀπόστολος,
717 4881 951 4948 λέξουσι,
981 4881 1152 4934 ταῦτα
1198 4880 1530 4949 ἀπεφήνατο,
1572 4879 1620 4929 εἰ
1667 4878 1730 4929 σὺ
1767 4877 1841 4947 μὴ

265 4975 437 5038 οὕτως
461 4975 599 5028 αὐτά
631 4971 912 5038 ἀπέδειξας
941 4971 1117 5042 ἐχειν;
1150 4971 1270 5023 Ὅτι
1304 4969 1485 5040 νόμον,
1524 4967 1726 5037 εἴποιμ’
1753 4967 1840 5031 ἂν,

268 5065 490 5136 θέμενος
530 5059 669 5117 εἷναι
713 5063 813 5134 τὴν
867 5061 1102 5132 ἐντολήν.
1153 5061 1393 5114 Δεδὸσθω
1443 5059 1549 5132 γὰρ
1627 5060 1843 5131 πρῶτον

267 5157 408 5211 κατὰ
435 5157 534 5226 τὴν
574 5155 844 5225 ὑμετέραν
885 5153 1139 5205 ὑπόθεσιν
1173 5151 1272 5223 τὴν
1316 5150 1532 5222 ἐντολὴν
1572 5151 1732 5204 αὑτὸν
1760 5150 1846 5204 νό-

272 5265 368 5319 μον
402 5246 680 5318 εἰρηκέναι
722 5263 734 5274 ·
769 5245 828 5297 οὐ
868 5242 1018 5312 παρὰ
1051 5243 1209 5297 τοῦτο
1256 5243 1349 5296 καὶ
1390 5239 1694 5313 ἀσωμάτως
1737 5241 1845 5313 πρὸ

266 5340 365 5409 τῆς
400 5337 617 5407 ἐντολῆς
653 5337 779 5398 τοὺς
821 5332 1276 5404 πρωτοπλάστους
1314 5331 1542 5386 ὑπέθετο
1585 5330 1845 5402 βεϐιωκέ-

269 5451 379 5497 ναι,
419 5431 554 5484 ἀλλά
601 5429 768 5500 χωρὶς
807 5426 1099 5498 ἁμαρτίας.
1143 5426 1254 5480 Καὶ
1304 5424 1412 5509 γὰρ
1458 5423 1634 5492 ὀλίγος
1675 5425 1703 5477 ὁ
1736 5423 1845 5509 ex}:

271 5524 368 5594 τῆς
409 5522 638 5585 κτίσεως
679 5520 856 5573 αὐτῶν
903 5519 1028 5590 ἄχρι
1069 5518 1170 5588 τῆς
1204 5505 1422 5588 ἐντολῆς
1468 5517 1676 5589 χρόνος,
1705 5518 1762 5568 ἐν
1797 5505 1843 5582 ᾧ

342 5683 358 5714 ί
384 5680 442 5738 F.
468 5680 740 5753 ἀνῖατρον.

1935 4423 2164 4483 medice,
2215 4423 2324 4476 imo
2346 4436 2476 4476 vero
2501 4422 2782 4490 pueriliter
2821 4438 2943 4478 sese
2973 4425 3160 4494 gessit.
3195 4424 3329 4478 Cum
3369 4427 3514 4480 enim

1935 4513 2018 4568 sic
2057 4522 2312 4581 tanquam
2345 4527 2636 4582 corporum
2676 4514 2917 4568 membra
2952 4517 3018 4568 ad
3053 4517 3325 4584 prepriam
3367 4531 3519 4570 com-

1934 4609 2231 4660 missuram
2296 4619 2360 4658 ae
2401 4605 2716 4673 juncturam
2771 4607 3187 4662 accommodare
3239 4607 3516 4672 debuerit,

1937 4707 1995 4754 ut
2017 4700 2225 4765 integra
2250 4710 2313 4749 ac
2345 4697 2526 4749 nativa
2549 4698 2796 4765 corporis
2824 4697 2993 4767 ﬁgura
3020 4708 3290 4765 servetur,
3326 4716 3356 4756 e
3385 4717 3520 4756 con-

1935 4790 2106 4844 trario
2145 4787 2442 4856 Scriptura:
2494 4789 2738 4858 neglecta
2798 4791 2973 4855 serie,
3021 4793 3271 4847 mutilum
3318 4810 3519 4865 corpus

1939 4879 2137 4940 effecit,
2175 4877 2400 4946 perinde
2429 4893 2492 4932 ac
2523 4877 2725 4949 Scytha
2763 4878 2962 4935 hostile
2988 4896 3188 4951 corpus
3223 4884 3521 4940 crudeliter

1937 4969 2232 5024 conﬁciens
2318 4970 2769 5040 membratimque
2835 4974 3156 5028 concidens.
3231 4974 3336 5030 Sed
3405 4977 3520 5032 haec

1941 5061 2110 5115 missa
2153 5058 2440 5115 faciamus.
2472 5061 2538 5115 At
2563 5061 2708 5115 enim
2743 5061 2925 5116 dicent
2953 5081 2965 5116 :
3001 5063 3245 5119 Curhmc
3275 5067 3342 5119 ab
3375 5067 3521 5135 Apo-

1940 5151 2082 5205 stolo
2109 5150 2459 5220 pronuntiata
2489 5159 2640 5214 sunt,
2670 5151 2714 5206 si
2746 5159 2802 5204 tu
2834 5152 2900 5205 ad
2922 5169 3044 5207 cum
3065 5154 3282 5207 modum
3319 5155 3520 5210 habere

1941 5258 2002 5297 se
2029 5243 2134 5298 ista
2174 5242 2500 5312 negaveris?
2550 5241 2875 5313 Respondeo
2913 5259 3012 5314 pro
3046 5253 3316 5314 praecepto
3350 5247 3518 5315 legem

1941 5333 2093 5386 illum
2132 5348 2452 5403 usurpasse.
2497 5331 2662 5388 Detur
2685 5334 2830 5388 enim
2865 5334 2969 5389 hoc
3010 5335 3252 5405 opinioni
3285 5335 3518 5404 primum
3564 5325 3570 5331 ’

1939 5433 2157 5488 vestrae,
2203 5433 2532 5496 prmceptum
2582 5426 2652 5480 ab
2690 5427 2952 5496 Apostolo
3016 5427 3185 5496 legem
3233 5427 3519 5496 appellari.

1939 5517 2058 5574 Non
2092 5517 2299 5574 idcirco
2355 5527 2534 5574 tamen
2579 5520 2825 5591 corporis
2852 5527 3104 5592 expertes
3151 5528 3274 5575 ante
3317 5533 3522 5591 [παιω-
