3846 6144
349 252 492 309 1155

1795 242 1855 300 S.
1895 242 2238 301 EPIPHANII

3502 248 3640 305 “56

348 376 501 437 ptum
526 362 735 437 primos
767 348 1024 435 parentes
1055 359 1229 417 fuisse
1258 361 1452 417 statuit
1477 399 1491 423 .
1542 358 1638 416 sed
1669 361 1941 419 immunes

2073 362 2256 434 ιέζησε
2293 362 2459 434 χωρὶς
2494 362 2791 434 ἁμαρτίας,
2841 363 2940 418 οὑκ
2970 362 3150 428 ἐκτὸς.
3233 403 3248 418 .
3336 403 3352 419 .
3433 407 3453 424 .
3540 406 3554 419 .
3628 407 3645 422 .

346 472 379 511 a
404 462 648 526 peccato.
678 453 847 511 Breve
864 454 1009 510 enim
1044 452 1180 509 illud
1203 459 1422 523 tempus
1453 451 1577 519 fuit,
1613 452 1760 522 quod
1783 453 1930 508 inter
2040 491 2057 507 .
2151 490 2167 506 .

347 548 568 602 illorum
629 547 963 603 creationem
1037 553 1203 617 atque
1244 546 1374 601 editi
1422 543 1680 616 praecepti
1719 553 1935 615 tempus

346 638 660 693 intercessit
689 656 703 693 :
738 638 793 693 in
814 652 924 708 quo
942 639 1063 693 sine
1091 647 1316 708 peccato
1353 637 1508 704 vixit,
1540 654 1650 695 non
1689 645 1868 696 extra.
1944 674 1960 688 .

346 746 550 801 corpus
585 739 759 787 morte
785 732 925 787 aﬂici
953 730 1266 787 conﬁrmat.

419 822 505 880 LI.
539 823 697 890 Quod
743 825 788 881 si
839 823 894 879 id
944 838 1139 878 rursus
1187 822 1470 892 obiiciant,
1501 823 1614 879 Cur
1651 825 1817 896 igitur
1847 837 1937 880 sa-

350 914 555 984 pientia
577 915 765 970 carnis
794 929 918 970 esse
948 912 1061 969 Deo
1092 913 1312 969 inimica
1338 913 1585 970 dicitur?
1648 914 1772 986 Legi
1796 915 1936 970 enim

350 1006 451 1062 Dei
512 1024 618 1062 non
656 1006 981 1076 subjicitur:
1022 1021 1184 1076 neque
1230 1006 1367 1060 enim
1383 1005 1603 1077 potest‘,
1626 1006 1707 1062 sic
1737 1021 1937 1063 occur-

348 1100 582 1156 rendum
611 1100 738 1165 erit,
769 1099 1273 1179 vehementer'illos
1301 1098 1406 1155 hoc
1427 1100 1549 1154 loco
1589 1099 1790 1171 decipi.
1818 1099 1940 1155 Non

349 1192 495 1247 enim
525 1206 747 1247 carnem
778 1190 972 1261 ipsam,
997 1190 1096 1246 sed
1121 1191 1307 1246 carnis
1338 1191 1663 1261 sapientiam
1694 1192 1797 1265 legi
1842 1190 1941 1249 Dei

351 1282 551 1351 subjici
610 1297 721 1336 non
763 1296 925 1351 posse
966 1280 1232 1347 declarat,
1281 1297 1405 1351 qua:
1441 1282 1660 1353 quidem
1706 1297 1737 1337 a
1774 1297 1942 1340 carne

352 1373 646 1444 discrepat.
661 1371 1131 1440 Quemadmodum
1154 1373 1202 1428 si
1236 1370 1387 1427 dicat
1415 1392 1428 1429 :
1461 1373 1690 1445 Argenti
1723 1374 1938 1440 sordes,

350 1466 496 1534 quod
552 1480 660 1520 non
708 1464 843 1521 satis
890 1474 1246 1534 repurgatum
1287 1464 1378 1529 sit,
1411 1472 1472 1518 ut
1499 1480 1568 1521 ex
1596 1480 1662 1521 eo
1691 1480 1791 1522 vas
1821 1465 1941 1521 ido-

350 1574 512 1615 neum
548 1557 661 1614 ﬁeri
691 1558 885 1628 possit,
933 1555 1130 1611 artiﬁci
1168 1571 1279 1613 non
1314 1556 1720 1625 subjiciuntur;
1762 1572 1941 1628 neque

347 1653 494 1706 enim
528 1658 778 1722 possunt.
806 1647 1022 1704 Etenim
1052 1648 1273 1704 cxcerni
1300 1648 1452 1718 prius
1490 1648 1612 1704 illas
1641 1656 1807 1720 atque
1834 1651 1938 1705 eli-

349 1744 505 1813 quari
528 1743 805 1798 convenit.
858 1739 972 1796 Nec
999 1748 1288 1811 argentum
1338 1739 1545 1794 idcirco
1569 1747 1734 1810 negat
1762 1744 1817 1795 in
1842 1756 1936 1795 vas
1971 1780 2013 1835 Β

351 1834 572 1905 aliquod
603 1834 735 1890 utile
764 1830 1101 1901 conformari
1124 1847 1320 1902 posse;
1354 1831 1451 1887 sed
1486 1830 1541 1886 id
1572 1832 1750 1887 solum
1786 1833 1935 1904 quod

352 1928 409 1980 in
464 1933 691 1997 argento
720 1926 1054 1997 subauratum
1093 1937 1160 1978 ac
1190 1930 1415 1993 propter
1451 1921 1711 1978 duritiem
1739 1933 1937 1979 contu-

284 2020 314 2054 '~
352 2032 478 2072 max
508 2028 613 2072 est.
647 2015 738 2070 Sic
764 2015 1059 2086 Apostolus
1086 2014 1155 2069 de
1174 2013 1359 2069 carnis
1388 2012 1658 2084 sapientia
1683 2015 1933 2085 loquens,

353 2125 460 2163 non
496 2123 723 2163 carnem
769 2108 944 2176 ipsam
979 2106 1178 2160 asserit
1203 2104 1299 2160 Dei
1333 2106 1436 2179 legi
1471 2120 1582 2161 non
1611 2121 1776 2177 posse
1805 2108 1938 2163 sub-

347 2200 443 2268 jici
473 2217 486 2254 :
521 2198 619 2255 sed
674 2213 794 2254 eam
835 2212 957 2272 quae
1007 2204 1092 2254 est
1126 2196 1183 2252 in
1222 2211 1390 2252 carne
1445 2196 1789 2268 sapientiam,
1827 2212 1938 2268 quo

353 2292 619 2347 vocabulo
652 2290 801 2346 illius
831 2290 887 2346 in
911 2289 1221 2359 voluptates
1248 2302 1311 2343 ac
1338 2288 1594 2345 libidines
1617 2291 1939 2359 propensio-

354 2398 480 2438 nem
514 2382 805 2454 signiﬁcat.
846 2382 1025 2452 Atque
1057 2381 1160 2436 boc
1188 2380 1315 2436 alibi
1346 2395 1744 2452 nonnunquam
1782 2392 1937 2439 vetus

354 2479 678 2532 fermentum
731 2476 953 2530 malitia:
986 2489 1051 2530 ac
1088 2474 1380 2545 nequitiae'
1414 2482 1592 2541 vocat,
1620 2490 1746 2530 cum
1801 2474 1938 2531 illud

353 2567 646 2624 funditusa
667 2568 824 2623 nobis
841 2565 1115 2637 proﬂigari
1135 2566 1311 2635 jubet.
1332 2565 1735 2637 Nonnunquam
1764 2568 1937 2639 legem

354 2658 592 2729 appellat
624 2666 1020 2729 repugnantem
1054 2656 1156 2728 legi
1185 2656 1406 2725 mentis,
1441 2659 1802 2728 et.captivum
1843 2659 1940 2714 ab-

354 2750 646 2807 ducentem
667 2749 947 2820 ’.Alioqui
982 2748 1029 2805 si
1056 2762 1276 2804 carnem
1304 2749 1479 2819 ipsam
1513 2749 1721 2806 diceret
1743 2750 1940 2805 divinae

354 2842 462 2912 legi
495 2841 698 2912 subjici
750 2856 860 2896 non
895 2855 1081 2910 posse,
1112 2840 1349 2910 primum
1382 2840 1600 2910 quoties
1625 2841 1711 2896 vel
1737 2842 1938 2899 intem-

355 2940 613 3004 peranter
647 2931 852 3003 aliquid
868 2931 1301 2995 faceremus,'vel
1331 2928 1540 2985 furtum
1566 2931 1938 2987 committere-

357 3040 503 3090 mus,
531 3025 614 3080 vel
648 3032 845 3080 caetera
890 3022 943 3078 id
970 3038 1142 3094 genus
1170 3024 1419 3094 corporis
1449 3024 1785 3080 adminiculo
1815 3040 1940 3095 per-

2043 542 2138 599 καὶ
2164 542 2284 614 οὐχὶ
2311 494 2376 598 τῦ
2392 542 2553 614 σῶμα
2573 542 2935 598 θανατοῦσθαι
2954 495 3356 600 ἐϐεϐαιώσατο.

3236 638 3413 710 577
3471 655 3653 713 neque

2113 820 2241 875 NA'.
2260 819 2385 875 Ἐάν
2398 820 2456 875 δὲ
2476 820 2636 875 πάλιν
2657 821 3074 894 άνθυποφέρωσι
3094 822 3359 893 λέγοντες
3384 844 3399 856 ’
3425 825 3566 890 Πῶς
3592 827 3652 899 δὴ

2043 906 2136 964 οῦν
2179 911 2242 964 τὺ
2275 911 2528 984 φρόνημα
2576 912 2674 983 τῆς
2717 913 2919 985 σαρκὸς
2943 910 3081 968 εἶναι
3109 916 3332 988 εἴρηται
3361 917 3553 990 ἔχθρα
3576 922 3654 984 εἰς

2042 1001 2210 1069 Θεόν;
2250 1004 2334 1068 Τῷ
2364 1004 2476 1073 γὰρ
2507 1004 2669 1074 νόμῳ
2699 1003 2806 1059 τοῦ
2848 1006 2998 1061 Θεοῦ
3028 1009 3143 1077 οὐχ
3172 1009 3617 1065 ὑποτάσσεται
3634 1028 3650 1040 ·

2039 1093 2183 1148 οὐδὲ
2204 1095 2315 1164 γὰρ
2346 1094 2626 1150 δύναται·
2658 1096 2898 1164 λεκτέον,
2926 1097 3002 1163 ὡς
3027 1099 3135 1171 ἄρα
3164 1100 3263 1154 καὶ
3289 1100 3505 1157 ἐνθάδε
3535 1104 3651 1157 δια-

2041 1186 2350 1241 πίπτουσιν.
2398 1188 2474 1240 Οὑ
2516 1188 2626 1261 γὰρ
2661 1189 2762 1260 τὴν
2796 1189 2976 1260 σάρκα
3012 1191 3203 1262 αὐτὴν,
3238 1192 3389 1247 άλλὰ
3421 1195 3495 1248 τὸ
3521 1198 3652 1268 φρό-

2039 1294 2190 1349 νημα
2206 1278 2307 1348 τῆς
2328 1280 2527 1352 σαρκὸς
2559 1281 2961 1336 ὑποτάσσεσθαι
2992 1282 3067 1355 μὴ
3085 1282 3356 1338 δύνασθαι
3385 1286 3475 1357 τῷ
3501 1288 3652 1360 νόμῳ

2039 1370 2134 1423 τοῦ
2164 1369 2297 1423 Θεοῦ
2324 1371 2572 1438 ὑπέθετο,
2596 1372 2783 1444 ἕτερον
2818 1373 2971 1445 παρὰ
3007 1374 3105 1446 τὴν
3146 1376 3335 1446 σάρκα
3364 1378 3647 1450 ὑπάρχον.

2039 1462 2308 1533 Καθάπερ
2347 1464 2398 1516 εἰ
2442 1462 2660 1533 ἐλεγενο
2712 1465 2772 1518 '0
2803 1464 2972 1536 ῥύπος
2997 1465 3091 1519 τοῦ
3126 1467 3200 1538 μὴ
3243 1468 3438 1533 καλῶς
3470 1471 3646 1541 ἀργύ-

2045 1570 2137 1625 ρου
2159 1554 2587 1627 καθαρισθέντος
2610 1556 2690 1620 εἰς
2715 1555 2775 1610 τὸ
2801 1556 3051 1625 γενέσθαι
3075 1557 3274 1622 σκεῦος
3298 1560 3647 1631 ἐπιτήδειον,

2038 1646 2137 1717 οὑχ
2166 1648 2531 1701 ὑποτάσσεται
2571 1648 2650 1719 τῷ
2684 1648 3004 1720 δημιουργῷ
3024 1665 3039 1679 ⁸
3073 1649 3196 1703 οὐδὲ
3232 1649 3348 1720 γὰρ
3392 1652 3644 1707 δύναται.

2052 1738 2414 1811 Ἐκϐληθῆναι
2438 1740 2548 1812 γὰρ
2574 1741 2736 1795 αὑτὸν
2767 1741 3029 1813 πρότερον
3053 1743 3148 1795 καὶ
3190 1743 3515 1815 ὲκτακῆναι
3548 1747 3643 1801 δεῖ.

2044 1829 2154 1884 Καὶ
2186 1829 2248 1882 οὐ
2282 1830 2434 1902 παρὰ
2462 1830 2621 1884 τοῦτο
2642 1832 2733 1885 τὸν
2757 1831 2997 1903 ἄργυρον
3020 1832 3350 1903 ἀπεφήνατο
3376 1836 3458 1905 μὴ
3488 1836 3646 1892 δύνα-

2042 1918 2171 1972 σθαι
2199 1920 2280 1983 εἰς
2306 1920 2499 1985 σκεῦος
2532 1921 2832 1993 πονηθῆναι
2853 1924 3144 1995 χρήσιμον,
3167 1926 3307 1979 ἀλλὰ
3341 1928 3410 1980 τὺ
3433 1930 3648 1999 χαλκῶ-

2042 2009 2131 2074 δες
2151 2009 2211 2064 τὸ
2230 2012 2291 2065 ὲν
2308 2011 2388 2083 τῷ
2407 2011 2632 2085 ἀργύρῳ
2648 2014 2743 2067 καὶ
2766 2014 2864 2087 τὴν
2893 2014 3061 2087 ἄλλην
3084 2016 3463 2091 σκληρότητα.
3487 2021 3649 2075 υῦτω

2043 2105 2140 2157 καὶ
2160 2103 2220 2157 τὸ
2240 2105 2496 2176 φρόνημα
2523 2105 2624 2174 τῆς
2654 2105 2854 2178 σαρκὸς
2877 2105 3165 2172 εἰπὼν,,οὑ
3195 2108 3295 2181 τὴν
3328 2112 3521 2183 σάρκα
3539 2113 3645 2186 ἔφη

2048 2194 2123 2267 μὴ
2144 2193 2403 2248 δύνασθαι
2426 2194 2826 2249 ὑποτάσσεσθαι
2847 2194 2924 2267 τῷ
2938 2197 3089 2268 νόμῳ
3112 2196 3208 2252 τοῦ
3226 2197 3391 2264 Θεοῦ,
3410 2200 3557 2254 ἀλλὰ
3588 2202 3648 2254 τὺ

2043 2288 2299 2359 φρόνημα
2325 2288 2384 2341 τὸ
2416 2289 2475 2342 ὲν
2496 2290 2562 2359 τῇ
2591 2289 2774 2359 σαρκὶ,
2805 2282 2916 2341 οἷον
2960 2289 3022 2341 τὸ
3068 2288 3205 2361 πρὸς
3231 2290 3331 2354 τὰς
3360 2292 3648 2363 ἀκρασίας

2043 2380 2215 2452 αὐτῆς
2254 2380 2427 2451 λέγων
2468 2382 2715 2455 ὅρμημα.
2740 2381 2920 2452 Ὅπερ
2962 2380 3194 2453 ἀλλαχοῦ
3243 2382 3334 2436 ὁτὲ
3386 2383 3492 2454 μὲν
3542 2401 3647 2438 πα-

2044 2472 2202 2527 λαιὰν
2257 2473 2434 2545 ζύμην
2490 2472 2689 2537 κακίας
2736 2474 2831 2527 καὶ
2878 2473 3144 2546 πονηρίας
3180 2474 3467 2541 ἐκάλεσεν,
3524 2477 3646 2531 ἑπι-

2047 2567 2299 2639 σπέρχων
2348 2567 2651 2632 αὐτοτελῶς
2680 2567 2776 2639 ἀφ’
2823 2567 2980 2639 ἡμῶν
3035 2566 3390 2638 ἀϊστωθῆναι,
3445 2568 3543 2623 ὁτὲ
3590 2570 3647 2625 δὲ

2044 2658 2207 2729 νόμον
2266 2658 2814 2730 ἀντιστρατευόμενον
2867 2658 2947 2729 τῷ
2995 2660 3145 2730 νόμῳ
3198 2659 3294 2712 τοῦ
3334 2659 3463 2724 νοὸς
3483 2702 3502 2726 ,
3551 2661 3648 2715 καὶ

2043 2750 2531 2821 αἱχμαλωτίζοντα.
2565 2750 2742 2816 Ἐπεὶ,
2792 2752 2840 2805 ei
2889 2750 3058 2827 αὐτὴν
3104 2752 3206 2823 τὴν
3250 2752 3437 2822 σάρκα
3484 2752 3643 2823 ἔλεγε

2046 2842 2124 2915 μὴ
2152 2842 2411 2898 δύνασθαι
2441 2841 2843 2898 ὑποτάσσεσθαι
2877 2842 2955 2914 τῷ
2983 2844 3134 2915 νόμῳ
3169 2843 3264 2897 τοῦ
3291 2843 3456 2911 Θεοῦ,
3488 2847 3646 2918 πρῶ-

2043 2953 2136 2990 τον
2173 2935 2298 2990 οὔτε
2338 2936 2542 3008 μέμψιν
2597 2936 2664 2990 ἂν
2711 2935 3123 3005 ἀσελγαίνοντες
3173 2937 3208 3008 ἢ
3252 2937 3643 3010 λῃστεύοντες,

2046 3029 2080 3100 ἢ
2131 3031 2199 3084 τὰ
2251 3030 2387 3085 ἄλλα
2439 3031 2541 3084 ὅσα
2598 3030 2737 3084 ἄττα
2782 3028 2871 3084 διὰ
2925 3028 3177 3101 σώματος
3224 3032 3570 3102 πράττοντες
3610 3033 3644 3104 ἢ

358 3121 718 3185 petraremus,
744 3114 893 3169 nulla
909 3115 981 3170 ob
1012 3114 1067 3168 id
1094 3114 1237 3185 apud
1263 3115 1473 3185 justum
1482 3114 1723 3185 iudicem
1752 3131 1939 3186 repre-

2073 3122 2323 3186 ιοιοῦντες
2347 3122 2488 3194 ἔχειν
2510 3121 2813 3194 ἐδυνάμεθα
2833 3121 2983 3193 παρὰ
3010 3121 3202 3192 δικαίῳ
3228 3126 3416 3195 κριτῇ,
3443 3125 3644 3179 ἀδυνά-

360 3206 628 3262 hensione
675 3203 827 3275 digni
881 3204 1213 3274 videremur,
1251 3205 1692 3277 quandoquidem
1744 3207 1945 3264 divinae

359 3297 465 3368 legi
495 3296 657 3353 subdi
703 3310 836 3350 caro
885 3296 1113 3350 omnino
1153 3312 1263 3352 non
1315 3304 1515 3367 potest.
1542 3297 1656 3352 Cur
1683 3297 1829 3353 enim
1859 3314 1947 3354 re-

361 3384 733 3459 prehendatur
786 3400 1011 3455 corpus,
1039 3385 1186 3456 quod
1227 3402 1293 3442 ex
1323 3394 1536 3443 naturae
1562 3401 1676 3443 suae
1699 3389 1944 3445 necessi-

363 3485 477 3533 tate
494 3476 693 3531 .vivat?

436 3568 544 3624 Sed
568 3582 746 3637 neque
787 3566 855 3622 ad
894 3566 1277 3624 castimoniam
1317 3576 1412 3624 aut
1446 3568 1706 3624 virtutem
1730 3568 1947 3625 traduci

361 3675 566 3732 corpus
623 3659 847 3731 poterit,
873 3659 1020 3729 quod
1067 3659 1216 3715 bono
1248 3659 1449 3731 subjici
1494 3675 1561 3717 ex
1593 3668 1805 3716 natura:
1834 3676 1949 3718 suae

363 3752 689 3809 conditione
708 3759 967 3823 nequeat.
1002 3749 1137 3809 Nam
1160 3765 1288 3806 cum
1312 3750 1628 3807 istiusmodi
1654 3752 1728 3807 sit
1748 3759 1947 3807 natura

363 3847 574 3912 carnis,
608 3853 670 3899 ut
692 3844 892 3915 divinae
918 3844 1025 3915 legi
1050 3844 1254 3915 subjici
1282 3853 1541 3915 nequeat,
1571 3845 1759 3901 divina
1783 3860 1948 3917 porro

364 3941 453 3995 lex
481 3939 699 4010 justitia
719 3938 791 3995 sit
822 3952 889 3993 ac
916 3937 1307 4008 temperantia;
1362 3953 1542 4009 neque
1575 3937 1948 4010 virginitatem

364 4046 607 4095 servare,
634 4044 810 4102 neque
827 4030 1199 4085 continentem
1222 4044 1347 4085 esse
1367 4044 1529 4101 posse
1555 4029 1774 4099 penitus
1794 4044 1950 4100 opor-

364 4129 524 4179 teret.
591 4121 688 4176 Sin
730 4120 1101 4193 virginitatem
1147 4134 1213 4176 ac
1266 4105 1665 4176 continentiam
1710 4121 1938 4187 colunt,

363 4228 710 4283 consequens
739 4219 847 4276 est,
883 4219 943 4266 ut
971 4217 1027 4267 et
1052 4225 1256 4281 corpus
1284 4211 1604 4281 subjiciant.
1629 4210 1774 4268 Fieri
1799 4213 1949 4268 enim

366 4307 529 4360 aliter
581 4319 691 4358 non
744 4309 948 4372 potest,
984 4310 1045 4356 ut
1089 4317 1119 4356 a
1154 4310 1383 4371 peccato
1435 4317 1559 4358 sese
1607 4303 1946 4359 contineant.

366 4395 591 4453 Falsum
647 4401 734 4451 est
796 4394 982 4465 itaque
1013 4393 1210 4449 divina
1259 4394 1364 4465 legi
1407 4409 1609 4464 corpus
1643 4410 1752 4451 non
1782 4411 1948 4466 posse

2043 3232 2151 3279 τως
2184 3214 2416 3286 ἐχούσης
2451 3214 2552 3286 τῆς
2587 3213 2789 3286 σαρκὸς
2826 3213 3227 3268 ὑποτάσσεσθαι
3255 3213 3336 3286 τῷ
3364 3216 3523 3287 νόμῳ
3547 3216 3644 3270 τοῦ

2043 3304 2202 3360 Θεοῦ.
2235 3304 2358 3369 Πῶς
2396 3304 2506 3377 γὰρ
2529 3298 2603 3359 ἂν
2627 3305 2905 3377 μεμπτέον
2952 3303 3178 3358 ἐδύνατο
3214 3305 3276 3360 τὺ
3304 3306 3472 3377 σῶμα
3497 3308 3646 3363 κατὰ

2044 3397 2144 3473 τὴν
2167 3395 2476 3468 προσοῦσαν
2504 3398 2653 3470 αὑτῷ
2683 3397 2844 3467 φύσιν
2868 3397 3016 3468 βιοῦν
3040 3392 3214 3466 εἷναις

2128 3580 2292 3655 Ἀλλὰ
2317 3581 2439 3636 οὐδὲ
2472 3581 2751 3646 άλλωςέἱς
2785 3579 3008 3650 ἁγνείαν
3038 3581 3072 3653 ἢ
3096 3580 3296 3653 ἀρετὴν
3327 3582 3645 3656 ὑπαχθῆναι

2045 3674 2108 3729 τὸ
2162 3673 2323 3746 σῶμα
2367 3673 2618 3740 ἐδύνατο,
2666 3672 2913 3742 πεφυκὸς
2971 3671 3047 3744 μὴ
3104 3673 3516 3727 ὑποτάσσεσθαι
3567 3675 3647 3747 τῷ

2047 3764 2257 3836 ἀγαθῷ.
2282 3765 2348 3818 Εἰ
2377 3763 2546 3836 γὰρὴ
2580 3763 2743 3833 φύσις
2782 3762 3009 3834 τοιαύτη
3035 3763 3138 3835 τῆς
3187 3764 3412 3836 σαρκὸς,
3446 3766 3523 3836 μὴ
3558 3766 3649 3820 δύ-

2046 3857 2242 3912 νασθαι
2293 3856 2693 3911 ὑποτάσσεσθαι
2736 3855 2813 3928 τῷ
2860 3855 3009 3927 νόμῳ
3060 3854 3155 3909 τοῦ
3191 3854 3351 3921 Θεοῦ,
3390 3857 3563 3928 νόμος
3591 3859 3647 3913 δὲ

2047 3949 2185 4003 Θεοῦ
2216 3947 2530 4020 δικαιοσύνη
2563 3948 2658 4003 καὶ
2685 3946 3005 4020 σωφροσύνη
3026 3964 3041 3978 ·
3069 3946 3239 4018 ἐχρῆν
3268 3946 3406 4018 μηδὲ
3430 3949 3647 4018 παρθε-

2047 4040 2255 4105 νεύειν,
2307 4039 2445 4110 μήτε
2484 4036 2923 4108 -ὲγκρατεύεσθαι
2982 4035 3244 4091 δύνασθαι
3297 4033 3364 4087 τὸ
3420 4034 3649 4089 σύνολον

2046 4132 2184 4197 ὅλως
2217 4135 2282 4187 ὲκ
2307 4131 2528 4195 παντός.
2566 4130 2632 4183 Εἰ
2664 4129 2721 4184 δὲ
2769 4127 3162 4201 παρθενεύουσι
3217 4126 3313 4182 καὶ
3338 4127 3649 4198 ἐγκρατεύ-

2048 4241 2223 4288 ονται,
2252 4222 2492 4293 δηλονότι
2537 4221 2599 4275 τὸ
2638 4221 2797 4292 σῶμα
2836 4219 3253 4275 ὑποτάσσουσιν.
3281 4218 3501 4283 ’Ἄλλως
3536 4220 3647 4291 γὰρ

2049 4314 2478 4387 ὲγκρατεύεσθαι
2508 4312 2783 4386 ἁμαρτίας
2827 4311 3107 4366 ἀδύνατον.
3144 4310 3261 4363 Οὐκ
3298 4309 3413 4383 ἄρα
3444 4311 3510 4364 οὑ
3548 4310 3644 4364 δύ-

2048 4426 2207 4465 ναται
2246 4406 2310 4461 τὸ
2356 4405 2517 4479 σῶμα
2558 4402 2962 4459 ὑποτάσσεσθαι
3008 4401 3087 4473 τῷ
3134 4401 3232 4456 τοῦ
3280 4401 3420 4456 Θεοῦ
3471 4402 3640 4474 νόμῳ.

367 4487 588 4557 subjici.
645 4485 800 4554 Quod
863 4485 912 4541 si
965 4499 1155 4541 verum
1205 4496 1373 4552 esset,
1438 4478 1683 4556 quanam
1732 4489 1943 4545 ratione

2074 4499 2212 4555 Επεὶ
2239 4499 2358 4562 πῶς
2386 4478 2453 4552 ἂν
2486 4498 2515 4550 ὁ
2553 4497 2807 4569 Ἰωάννης
2834 4493 3102 4559 ὑπέταξεν
3128 4492 3330 4547 ἑαυτοῦ
3378 4492 3444 4547 τδ
3484 4494 3648 4565 σῶμα

366 4581 609 4637 Joannes
668 4594 869 4650 corpus
903 4594 1066 4635 suum
1112 4576 1181 4633 ad
1222 4579 1532 4635 casti-tatem
1577 4579 1704 4645 sibi,
1752 4588 1848 4635 aut
1879 4580 1948 4637 ad

365 4675 787 4731 sanctimoniam
842 4671 1061 4736 Petrus,
1091 4671 1259 4743 578
1304 4679 1400 4727 aut
1438 4670 1506 4726 ad
1541 4670 1813 4741 justitiam
1847 4671 1947 4727 de-

367 4767 536 4837 nique
570 4765 753 4820 caeteri
808 4763 1227 4820 subdidissent?
1275 4761 1388 4818 Cur
1424 4764 1592 4819 etiam
1620 4762 1825 4820 Paulus
1870 4764 1946 4818 ita

369 4859 716 4915 monuisset:
754 4853 837 4911 Ne
885 4856 1049 4927 igitur
1085 4863 1263 4926 regnet
1311 4866 1584 4924 peccatum
1629 4857 1685 4911 in
1731 4855 1949 4911 mortali

369 4957 538 5004 vestro
564 4962 804 5018 corpore,
837 4955 897 5000 ut
934 4945 1192 5001 obediatia
1225 4945 1601 5014 cupiditatibus
1633 4946 1822 5012 illius;
1856 4963 1949 5001 nec

364 5041 600 5096 exhibete
636 5039 871 5095 membra
910 5049 1093 5105 uestra
1134 5053 1288 5092 arma
1344 5024 1626 5109 injustitia:
1701 5048 1949 5107 peccato;

367 5134 458 5190 sed
512 5132 748 5189 exhibete
780 5132 913 5196 Deo,
954 5141 1207 5204 tanquam
1256 5146 1322 5186 ea:
1352 5133 1575 5188 mortuis
1611 5132 1835 5185 viventes
1855 5171 1870 5195 ,
1900 5142 1951 5186 et

372 5225 605 5280 membra
657 5234 832 5280 vestra
886 5241 1039 5278 arma
1093 5224 1325 5294 justitia:
1367 5221 1477 5278 Deo
1508 5224 1569 5276 ⁸⁸2
1613 5221 1747 5277 Item
1776 5222 1945 5277 illud:

371 5315 833 5382 Quemadmodum
882 5314 1193 5369 exhibuistie
1252 5313 1487 5368 membra
1542 5323 1716 5367 vestra
1760 5316 1950 5369 servire

370 5406 742 5472 immunditiis,
781 5415 830 5459 et
864 5406 1135 5475 iniquitati
1182 5406 1253 5458 ad
1296 5406 1625 5476 iniquitatem
1649 5420 1668 5458 :
1703 5405 1780 5459 sic
1814 5422 1951 5460 nunc

360 5497 604 5552 exhibete
642 5497 876 5552 membra
913 5506 1086 5552 metra
1130 5497 1319 5551 servire
1357 5497 1588 5566 justitiw
1616 5495 1686 5550 ad
1711 5497 1954 5565 sanctiﬁ-

373 5586 633 5641 cationem
655 5588 699 5642 ⁸.

449 5700 466 5733 ⁸
502 5695 664 5753 Rom.
698 5714 816 5767 vni,
845 5699 900 5751 τ.
976 5702 995 5734 ²
1031 5698 1052 5753 ι
1084 5696 1209 5753 Cor.
1246 5696 1419 5769 vt”.
1498 5696 1517 5729 ³
1547 5697 1705 5753 Rom.
1742 5716 1838 5769 vn,
1866 5700 1956 5757 23.

2044 4592 2126 4654 εἰς
2158 4590 2413 4660 άγνείαν;
2452 4588 2487 4659 ἢ
2517 4587 2634 4651 πῶς
2665 4586 2872 4658 Πέτρος
2914 4587 2994 4648 εἰς
3022 4584 3319 4654 ὁσιότητας
3351 4584 3387 4655 ἢ
3425 4585 3480 4637 οἱ
3512 4584 3647 4639 καθ-

2042 4681 2174 4753 εξῆς
2193 4683 2275 4746 εἰς
2295 4679 2675 4752 δικαιοσύνην,
2710 4678 2838 4743 Πῶς
2876 4676 2931 4731 δὲ
2982 4678 3069 4732 καὶ
3114 4676 3361 4740 Παῦλος·
3390 4676 3494 4746 Μὴ

2038 4774 2416 4841 βασιλευέτω
2457 4774 2497 4841 ἠ
2534 4770 2790 4841 ἁμαρτία
2840 4768 2913 4823 ἐν
2958 4768 3039 4834 τῷ
3085 4767 3285 4838 θνητῷ
3313 4767 3492 4838 ὑμῶν
3526 4769 3645 4823 σώ-

2033 4884 2201 4938 ματι,
2228 4865 2397 4934 λέγει,
2429 4865 2500 4918 ἐν
2528 4862 2608 4929 τῷ
2636 4861 2956 4916 ἐπακούειν
2996 4859 3127 4926 ταῖς
3163 4860 3509 4929 ἐπιθυμίαις
3542 4862 3638 4915 αὑ-

2047 4960 2155 5015 τοῦ
2173 4975 2187 4990 ·
2226 4957 2380 5030 μηδὲ
2408 4953 2800 5025 παριστάνετε
2834 4952 2909 5007 τὰ
2924 4953 3085 5023 μέλη
3122 4950 3293 5021 ὑμῶν
3318 4952 3486 5007 ὅπλα
3518 4952 3645 5007 ἀδιέ

2049 5052 2187 5118 κίας
2226 5049 2300 5118 τῇ
2343 5047 2617 5120 ἁμαρτίᾳ,
2670 5045 2834 5101 ἀλλὰ
2888 5042 3324 5113 παραστήσατε
3367 5044 3451 5111 τῷ
3495 5045 3639 5111 Θεῷ.

2047 5143 2190 5197 ὡσεὶ
2222 5142 2292 5194 ὲκ
2322 5137 2555 5208 νεκρῶν
2574 5136 2814 5202 ζῶντας,
2846 5136 2946 5190 καὶ
2982 5135 3056 5190 τὰ
3080 5135 3239 5205 μέλη
3283 5136 3455 5205 ὑμῶν
3482 5137 3643 5192 ὅπλα

2046 5227 2441 5293 δικαιοσύνης
2482 5223 2564 5292 τῷ
2606 5222 2737 5289 Θεῷ
2767 5240 2787 5288 ;
2836 5224 2932 5278 καὶ
2976 5223 3139 5278 πάλιν
3159 5241 3172 5254 ·
3204 5225 3445 5293 ’Ὠσπερ
3495 5242 3644 5295 παρα

2046 5318 2349 5388 εστήσατε
2397 5316 2470 5370 τὰ
2512 5315 2670 5384 μέλη
2721 5314 2889 5384 ὑμῶν
2940 5315 3133 5371 δοῦλα
3179 5315 3252 5385 τῇ
3298 5318 3643 5388 ἀκαθαρσίᾳ

2046 5408 2145 5462 καὶ
2169 5406 2242 5476 τῇ
2266 5405 2483 5476 ἀνομίᾳ
2512 5408 2599 5471 εις
2624 5404 2745 5472 τὴν
2766 5407 3044 5477 ἀνομίαν,
3086 5407 3276 5474 οὕτως
3303 5407 3423 5461 νῦν
3453 5424 3643 5479 παρα-

2045 5499 2314 5568 στήσατε
2343 5500 2416 5552 τὰ
2447 5496 2603 5567 μέλη
2638 5495 2804 5567 ὑμῶν
2827 5498 3017 5555 δοῦλα
3042 5497 3117 5568 τῇ
3149 5500 3515 5571 δικαιοσύνῃ
3554 5504 3643 5568 εἰς

2050 5592 2368 5661 ἁγιασμόν.

2054 5704 2073 5735 ι
2104 5703 2262 5757 Rom.
2298 5717 2372 5771 νι,
2412 5702 2496 5770 te,
2535 5703 2617 5758 ιδ.
2695 5702 2715 5734 ι
2745 5702 2880 5759 ibid.
2917 5703 3000 5759 19.
