3846 6110
886 272 1253 330 Δθνεῐιδυδ
1289 273 1629 331 ΗᾸΞΙῘΕΞΕΒ
1664 275 1792 333 LIB.

1928 274 2092 335 τοιι.
2132 279 2259 335 1.-
2294 279 2565 339 lUERES.
2606 282 2788 340 LXIV.

314 382 440 479 an’.
481 383 691 439 Οὐκοῦν
727 386 993 456 ἐγίνωσκε
1037 391 1299 447 δύνασθαι
1342 393 1713 450 διευθύνεσθαι
1758 396 1816 449 τὸ

1991 396 2099 453 Lll.
2135 396 2249 454 Hoc
2300 400 2466 471 igitur
2497 402 2852 474 intelligebat,
2881 401 3294 457 tabernaculum
3340 399 3490 479 istud

241 472 527 543 σκήνωμα·
549 475 744 545 τοῦτο,
804 480 898 533 καὶ
938 480 1114 536 νεύειν
1170 483 1306 558 πρὸς
1363 484 1426 539 τὸ
1460 486 1694 555 ἀγαθὸν,
1727 487 1813 542 ἵνα

240 562 587 633 νεκρωθώσιν
635 568 695 621 ἑν
740 568 890 640 αὑτῷ
945 570 1015 625 τὰ
1061 573 1452 645 ἁμαρτήματα.
1497 575 1651 630 Ἐπεὶ
1699 576 1814 642 πῶς

239 648 448 721 ἑτέρως
470 651 797 727 δουλωθῆναι
820 661 886 729 τῇ
912 659 1222 735 δικαιοσύνῃ
1249 662 1511 719 δύναταιὸ
1531 665 1815 737 ἄνθρωπος

242 739 363 807 (καὶ
394 742 481 811 ἐφ’
508 743 706 818 ήμῶν),
733 747 829 802 ἐὰν
854 750 927 821 μὴ
957 752 1221 825 πρότερον
1246 755 1525 820 ὑποτάξας
1555 756 1718 811 αὑτοῦ
1746 758 1816 811 τὰ.

242 831 382 903 μέλη
440 833 539 904 τῆς
590 837 808 909 σαρκὸς,
858 844 938 906 είς
980 843 1042 896 τὸ
1086 844 1162 916 μὴ
1210 845 1503 902 ὑπακούειν
1552 847 1693 903 αὐτὰ
1745 851 1813 920 τῇ

240 924 520 998 ἁμαρτίᾳ,
563 928 698 984 ἀλλὰ
742 935 809 1003 τῇ
860 933 1203 1010 δικαιοσύνῃ,
1262 938 1646 1013 πολιτεύσηται
1695 945 1814 996 κατ’

241 1014 402 1081 ἀξίαν
436 1016 532 1071 τοῦ
576 1020 812 1093 Χριστοῦ
835 1041 851 1089 ;
877 1024 1096 1099 Ἐπειδὴ
1153 1029 1216 1083 τὸ
1259 1030 1595 1103 ἁμαρτῆσαι,
1625 1034 1720 1088 καὶ
1752 1034 1814 1088 τὸ

245 1107 323 1179 μὴ
371 1110 683 1183 ἁμαρτῆσαι
715 1113 803 1170 διὰ
839 1115 934 1170 τοῦ
966 1117 1216 1190 σώματος
1246 1123 1477 1189 γίνεται,
1511 1124 1608 1196 τῆς
1635 1124 1815 1197 ψυχῆς

240 1200 277 1270 ἢ
318 1200 455 1271 πρὸς
505 1202 706 1276 ἀρετὴν
744 1206 777 1278 ἢ
831 1208 968 1280 πρὸς
1017 1210 1216 1265 κακίαν
1258 1212 1474 1284 ὀργάνῳ
1528 1215 1815 1286 χρωμένης

240 1292 412 1363 αὐτῷ.
458 1294 522 1348 El
566 1294 675 1368 γὰρ
725 1298 875 1352 Οὔτε
918 1301 1147 1369 πόρνοι,
1188 1304 1327 1358 οὔτε
1370 1305 1813 1375 εἰδωλολάτραι,

242 1385 383 1444 οὔτε
419 1389 641 1457 μοιχοί.
681 1390 818 1446 οὔτε
860 1394 1301 1463 ἀρσενοκοῖται,
1350 1398 1494 1453 οὔτε
1529 1399 1813 1469 μαλακοί,

241 1476 315 1529 οὔ
324 1492 383 1530 τε
430 1478 702 1547 κλέπται,
753 1484 892 1537 οὔτε
935 1486 1289 1546 πλεονέκται
1302 1526 1319 1553 ,
1357 1488 1499 1543 οὔτε
1538 1490 1814 1559 μέθυσοι,

239 1566 317 1622 οὐ
343 1569 624 1639 λοίδοροι,
651 1573 790 1629 οὔτε
828 1574 1109 1647 ᾄρπαγες,
1137 1579 1465 1643 ,Βασιλείαν
1491 1582 1638 1636 Θεοῦ
1671 1585 1818 1651 κλη-

237 1660 575 1730 ρονομῆσαι
643 1663 929 1719 δύνανται
952 1683 967 1698 ο
1020 1668 1347 1741 πληροῦνται
1395 1671 1451 1725 δὲ
1508 1671 1680 1727 ταῦτα
1723 1674 1817 1728 καὶ

242 1750 601 1822 κρατύνονται
649 1754 737 1809 διὰ
765 1756 859 1810 τοῦ
898 1756 1176 1829 σώματος’
1201 1760 1504 1816 δικαιοῦται
1539 1762 1596 1815 δὲ
1621 1763 1812 1831 οὐδεὶς,
1849 1747 1889 1802 Β

241 1840 339 1895 ἐὰν
379 1842 453 1914 μὴ
488 1844 709 1919 πρῶτον
746 1848 997 1922 κρατήσῃ
1016 1868 1029 1881 ·
1081 1852 1272 1923 κρατεῖ
1324 1853 1382 1907 δὲ
1429 1854 1634 1909 τούτων
1669 1856 1698 1908 ὁ
1726 1856 1817 1910 ὲκ-

241 1932 413 1988 νεύων
461 1936 598 2007 πρὸς
643 1940 995 2013 σωφροσύνην
1045 1944 1138 1997 καὶ
1181 1945 1363 1999 πίστιν
1383 1963 1394 1976 ·
1456 1947 1815 2002 ὑποτάσσεται

240 2024 352 2094 ἄρα
380 2024 458 2096 τῷ
482 2026 632 2098 νόμῳ
650 2029 746 2083 τοῦ
782 2031 936 2086 Θεοῦ.
961 2034 1149 2106 «Νόμος
1175 2037 1283 2109 γὰρ
1305 2037 1440 2092 Θεοῦ
1471 2040 1813 2111 σωφροσύνη.

244 2114 407 2169 Ὥστε
449 2118 478 2171 ὁ
518 2119 836 2187 Ἀπόστολος
881 2124 942 2177 οὑ
975 2125 1075 2197 τὴν
1104 2127 1280 2200 σάρκα
1302 2128 1383 2199 μὴ
1416 2129 1815 2184 ὑποτάσσεσθαι

241 2205 321 2276 τῷ
339 2206 529 2280 ἁγαθῷ
568 2209 695 2282 ἔφη,
734 2212 870 2268 ἀλλὰ
910 2215 971 2268 τὸ
1020 2217 1276 2289 φρόνημα
1303 2220 1403 2290 τῆς
1440 2221 1665 2292 σαρκὸς,
1704 2216 1815 2275 οἷον

241 2292 339 2363 τὴν
371 2295 546 2367 ὁρμὴν
569 2298 759 2370 αὐτῆς,
790 2302 961 2375 αὐτὴν
979 2304 1077 2376 τὴν
1108 2302 1244 2375 π’ρὺς
1281 2308 1343 2361 τὸ
1382 2309 1565 2364 ἄδικον
1613 2309 1814 2365 ἔκκαυ-

244 2402 349 2440 σιν.
394 2388 845 2463 Ἐκκαθαίρεσθαι
877 2397 1008 2465 γοῦν
1030 2398 1157 2470 ἔφη,
1188 2400 1313 2472 ἄχρι
1354 2404 1449 2457 καὶ
1469 2404 1568 2476 τὴν
1599 2422 1818 2477 γαστρι-

245 2483 520 2555 μαργικὴν
558 2485 825 2556 ἀκρασίαν
845 2489 1269 2564 διαμιλλώμενος
1287 2513 1300 2526 ·
1330 2494 1594 2551 διδάσκων
1627 2498 1686 2552 δὲ
1715 2498 1816 2564 τὰς

242 2571 494 2637 τοιαύτας
521 2576 727 2647 ὀρέξεις
760 2580 856 2634 καὶ
884 2581 1079 2653 ἡδονὰς
1118 2584 1528 2652 ἐξαπόλλυσθαι,
1550 2590 1652 2642 -κειλ⁵
1691 2603 1818 2643 κατ-

242 2660 511 2732 αισχύνων
571 2667 697 2730 τοὺς
736 2667 797 2721 τὸ
834 2673 1043 2743 τρυφᾷν
1096 2673 1254 2728 τοῦτο
1298 2676 1392 2729 καὶ
1440 2676 1815 2733 πολιτεύεσθαι

242 2746 377 2805 εἶναι
431 2754 748 2827 νομίζοντας
771 2772 785 2786 ⁸
834 2760 885 2813 οἳ
939 2761 1071 2819 Θεὸν
1126 2765 1385 2836 ἡγοῦνται
1430 2769 1532 2840 τὴν
1586 2771 1811 2826 κοιλίαν.

243 2842 523 2915 Φὰγωμεν
547 2848 647 2903 καί
677 2850 933 2921 πίώμεν·
953 2854 1162 2924 αὔριον
1184 2857 1295 2928 γὰρ
1324 2858 1811 2931 ἀποθνήσκομεν

246 2937 492 3010 καθάπερ
517 2940 769 3013 ἀδηφάγα
795 2943 1025 3016 σώματα
1049 2948 1201 3003 κάτω
1229 2952 1357 3023 accpi.
1393 2950 1494 3022 τὴν
1526 2951 1690 3024 βορὰν
1710 2953 1816 3025 ,μό-

245 3044 333 3083 νον
360 3031 453 3084 καὶ
482 3032 759 3102 τραπέζας
796 3036 1189 3110 ἀσχολούμενα.

315 3297 496 3351 Είπών
532 3313 621 3351 τε·
664 3299 740 3363 Τὰ
764 3298 1050 3369 ,βρώματα
1097 3297 1173 3371 τῇ
1212 3303 1428 3370 κοιλίᾳ,
1464 3305 1565 3359 καὶ
1606 3305 1646 3375 ἠ
1694 3321 1815 3361 xos-

242 3391 347 3445 λία
382 3390 505 3456 τοῖς
544 3391 878 3461 βρώμασιν.
921 3392 984 3446 '0
1026 3392 1096 3447 δὲ
1144 3392 1290 3461 Θεῦς
1327 3396 1426 3450 καὶ
1464 3398 1692 3467 ταύτην
1716 3401 1815 3454 καὶ

243 3481 429 3537 ταῦτα
454 3482 817 3552 καταργήσει
834 3499 850 3515 ο
880 3485 1129 3556 ἐπήγαγε
1146 3503 1162 3518 ·
1195 3487 1266 3540 Τὸ
1305 3486 1376 3541 δὲ
1422 3487 1595 3557 σῶμα
1633 3492 1705 3545 οὐ
1740 3490 1818 3561 τῇ

245 3574 510 3643 πορνείᾳ,
531 3574 694 3630 ἀλλὰ
711 3573 791 3641 τῷ
806 3577 1022 3645 Κυρίῳ,
1049 3577 1148 3632 καὶ
1175 3580 1208 3633 ό
1228 3580 1447 3647 Κύριος
1468 3579 1548 3646 τῷ
1562 3579 1815 3651 σώματι.

257 3667 317 3720 '0
346 3666 415 3721 δὲ
447 3666 591 3734 Θεὸς
623 3666 723 3721 καί
754 3667 866 3723 τὸν
889 3671 1109 3737 Κύριον
1140 3670 1362 3740 ἤγειρε,
1404 3672 1503 3726 καί
1535 3673 1697 3741 ἡμᾶς
1730 3673 1820 3739 ἐξ·

244 4032 510 4105 γένοιτο]
555 4035 622 4091 Ἠ
667 4035 779 4089 οὐκ
820 4033 1020 4089 οῖδατε
1042 4076 1060 4103 ,
1103 4035 1195 4089 ὅτι
1236 4039 1271 4092 ό
1324 4038 1705 4109 κολλώμενος
1741 4041 1821 4112 τῇ

244 4127 436 4194 πόρνῃ
488 4123 561 4178 ἐν
592 4123 766 4194 σῶμά
815 4126 984 4190 certe;
1012 4127 1290 4181 Ἔσονται
1337 4129 1478 4200 γὰρ,
1530 4132 1716 4203 φησιν,
1764 4136 1820 4189 οί

243 4217 353 4273 δύο
376 4220 463 4284 είς
486 4217 682 4287 σάρκα
704 4219 874 4289 μίαν.
909 4219 963 4273 '0
1000 4218 1071 4273 oe
1109 4217 1486 4290 κολλώμενος
1520 4221 1602 4288 τῷ
1627 4225 1822 4294 Κυρίῳ

244 4307 316 4363 ἓν
372 4308 609 4379 πνεῦμά
642 4310 798 4365 «ἐστι.
862 4310 1114 4380 more“
1166 4309 1283 4379 τὴν
1324 4314 1631 4382 πορνείαν.
1689 4315 1822 4373 Πᾶν

1917 503 2082 559 posse
2109 491 2331 561 corrigi,
2363 500 2418 548 et
2454 494 2522 549 ad
2569 495 2772 550 bonum
2806 494 3074 559 converti,
3099 502 3158 548 ut
3186 494 3240 548 in
3269 508 3336 549 eo
3359 508 3492 564 pec-

1914 589 2039 636 cata
2076 582 2294 652 penitus
2340 584 2839 658 exstinguerentur.
2874 586 3007 652 Quae
3042 586 3186 641 enim
3216 586 3318 640 alia
3345 585 3492 641 ratio

1916 681 2024 739 est,
2070 689 2179 746 qua
2219 675 2276 730 in
2330 678 2622 747 quamdam
2675 679 2900 749 justitim
2950 680 3264 735 servitutem
3314 678 3487 748 redigi

1915 764 2081 823 homo
2112 768 2310 837 possit,
2360 769 2468 826 nisi
2496 770 2649 841 prius
2676 772 2856 826 carnis
2881 787 2994 826 sua:
3031 772 3274 826 membra
3314 769 3487 840 subji-

1916 858 2091 924 ciens,
2144 868 2205 928 ut
2261 875 2370 916 non
2398 870 2625 932 peccato
2677 865 2910 935 amplius
2945 863 3346 933 obsequantur,
3393 861 3489 919 sed

1908 949 2156 1017 iustitiae,
2184 934 2347 1007 vitam
2370 969 2524 1008 suam
2550 934 2776 1025 perinde
2801 970 2867 1010 ac
2891 956 3107 1011 Christo
3128 956 3351 1027 dignum
3379 960 3487 1020 est,

1915 1043 2204 1099 instituat?
2247 1044 2515 1111 Quoniam
2566 1047 2787 1117 quidem
2832 1062 3079 1118 peccare,
3112 1050 3195 1103 vel
3223 1065 3332 1104 non
3359 1062 3491 1119 pec-

1915 1150 2042 1190 care
2070 1150 2168 1206 per
2193 1152 2397 1208 corpus
2451 1138 2714 1208 suppetit,
2744 1154 2855 1210 quo
2884 1138 2953 1193 ad
2985 1140 3239 1194 virtutem
3271 1147 3365 1194 aut
3394 1155 3491 1195 ne-

1914 1227 2145 1298 quitiam
2176 1229 2502 1286 administro
2530 1230 2748 1287 animus
2788 1232 2980 1286 utitur.
3019 1233 3088 1287 Et
3124 1232 3341 1302 quidem
3363 1245 3490 1285 cum

1918 1318 2099 1392 Neque
2143 1321 2513 1392 fornicatores,
2582 1338 2674 1377 nec
2713 1323 3037 1389 idololatria,
3085 1340 3177 1378 nec
3237 1322 3487 1385 adulteri,

1914 1427 2079 1481 neque
2105 1416 2466 1468 masculorum
2493 1412 2869 1477 concubitores,
2919 1429 3079 1483 neque
3102 1413 3306 1478 molles,
3331 1428 3493 1483 neque

1915 1500 2078 1570 fures,
2136 1520 2226 1558 nec
2275 1506 2446 1568 avari,
2503 1519 2593 1558 nec
2614 1503 2829 1568 ebriosi,
2862 1520 3023 1574 neque
3074 1505 3447 1558 conciciatores
3472 1545 3489 1570 ,

1914 1609 2077 1663 neque
2115 1604 2351 1664 raptores
2402 1610 2620 1665 regnum
2673 1592 2772 1647 Dei
2815 1592 3086 1664 possidere
3113 1593 3353 1661 possint‘
3378 1608 3394 1658 ;
3423 1606 3490 1646 ea

1915 1696 2081 1752 porro
2134 1684 2319 1739 omnia
2368 1684 2617 1754 corporis
2671 1681 3006 1737 adminiculo
3045 1681 3397 1752 perﬁciantur
3425 1694 3491 1734 ac

1917 1775 2379 1831 corroborentur:
2410 1775 2701 1846 justiticari
2752 1790 2918 1846 porro
2950 1790 3110 1831 nemo
3149 1777 3343 1846 possit,
3382 1774 3489 1829 nisi

1915 1867 2072 1937 prius
2121 1868 2226 1924 ista
2279 1868 2552 1938 superarit
2582 1884 2597 1920 :
2636 1882 2758 1939 qua:
2785 1868 3004 1939 quidem
3036 1868 3085 1923 is
3128 1875 3371 1937 superat,
3393 1866 3490 1936 qui

1916 1970 1977 2011 se
2009 1954 2077 2009 ad
2125 1958 2541 2027 temperantiam
2592 1957 2863 2028 ﬁdemque
2907 1956 3215 2024 convertit;
3257 1954 3492 2012 emcitur

1915 2046 2022 2116 legi
2053 2045 2149 2102 Dei
2183 2063 2386 2118 corpus
2417 2063 2580 2118 posse
2618 2049 2838 2119 subjici.
2871 2047 2964 2103 Dei
2996 2048 3196 2119 quippe
3240 2048 3325 2104 les
3356 2055 3493 2104 tem-

1916 2139 2157 2209 perantia
2195 2146 2309 2193 -est.
2359 2138 2723 2205 Quamobrem
2773 2140 3068 2208 Apostolus
3112 2153 3220 2193 non
3264 2152 3489 2193 carnem

1916 2228 2094 2300 ipsam
2124 2230 2325 2285 asserit
2349 2229 2452 2300 legi
2484 2228 2577 2285 Dei
2603 2229 2804 2299 subjici
2827 2245 2937 2284 non
2965 2245 3146 2301 posse,
3182 2231 3279 2287 sed
3304 2232 3490 2289 carnis

1915 2318 2240 2389 sapientiam
2263 2322 2306 2385 ὀ,
2326 2320 2429 2375 hoc
2456 2327 2561 2383 est,
2587 2321 2707 2390 ejus
2735 2321 3015 2391 impetum,
3036 2330 3090 2377 et
3116 2322 3397 2379 ardentem
3422 2324 3488 2378 ad

1915 2410 2244 2480 injustitiam
2265 2406 2764 2483 inﬂammatamqne
2791 2413 3166 2483 cupiditatem;
3186 2413 3490 2486 Repurgari

1914 2501 2147 2570 proinde
2199 2502 2387 2572 jussit,
2446 2512 2509 2559 ut
2562 2505 2648 2560 vel
2700 2505 2877 2575 ipsam
2929 2506 3139 2562 ventris
3193 2506 3488 2578 ingluviem

1915 2604 2207 2649 conaretur
2250 2596 2628 2667 exstinguere,
2665 2612 2790 2651 cum
2834 2597 3109 2667 ejusmodi
3160 2599 3490 2669 cupiditates

1916 2698 1981 2740 ac
2010 2685 2315 2755 voluptates
2344 2687 2573 2742 interire
2616 2695 2973 2756 monstraret,
3028 2688 3227 2759 iisque,
3256 2690 3350 2760 qui
3405 2689 3491 2747 bis

1916 2777 1993 2831 uti
2017 2776 2231 2833 deliciis
2258 2777 2440 2834 vivere
2481 2792 2607 2834 esse
2637 2779 2945 2847 crederent,
2972 2781 3235 2850 pudorem
3278 2782 3493 2840 incute-

1910 2877 2000 2924 ret
2028 2868 2162 2940 :qui
2195 2867 2363 2923 Deum
2384 2884 2519 2926 esse
2540 2877 2786 2925 ventrem
2830 2870 2857 2903 ³
2886 2871 3223 2926 existimant.
3259 2871 3491 2926 Mandu-

1915 2974 2090 3013 cemus
2141 2967 2192 3013 et
2228 2960 2505 3026 bibamus;
2542 2975 2662 3015 cras
2693 2962 2833 3015 enim
2896 2942 3182 3015 moriemur
3216 2960 3259 3014 δ.
3298 2960 3493 3028 Quem-

1838 3090 1883 3146 ο
1917 3050 2211 3106 admodum
2248 3051 2617 3107 'voracissi-ma
2668 3052 2920 3122 quaedam
2974 3065 3386 3146 corpora,quae
3423 3054 3491 3109 ad

1919 3142 2177 3212 pabulum
2205 3142 2419 3212 abiecta
2452 3151 2568 3197 tota
2614 3144 2673 3199 in
2708 3145 2918 3201 mensis
2942 3158 3005 3200 ac
3037 3145 3304 3201 conviviis
3332 3159 3489 3201 occu-

1920 3241 2142 3305 pantur.

1987 3324 2126 3380 Tum
2149 3333 2437 3395 postquam
2477 3324 2566 3380 his
2594 3325 2777 3383 verbis
2802 3341 2937 3384 usus
2967 3335 3051 3383 est
3087 3346 3101 3383 :
3134 3328 3273 3384 Esca
3300 3330 3490 3394 ventri,

1915 3429 1963 3475 et
1984 3428 2164 3475 uenter
2183 3421 2336 3473 escis.
2353 3416 2492 3473 Deus
2518 3427 2693 3472 autem
2706 3419 2843 3473 hunc
2856 3428 2906 3473 et
2924 3419 3050 3474 illas
3072 3420 3327 3486 destruet;
3342 3421 3494 3492 adje-

1917 3512 2022 3566 cit:
2043 3509 2431 3579 Corpusautem
2455 3522 2559 3565 non
2584 3509 2944 3579 fornicationi,
2958 3512 3049 3567 sed
3069 3512 3307 3578 Domino,
3324 3523 3375 3568 et
3392 3513 3503 3568 Do-.

1916 3603 2090 3657 minus
2116 3603 2343 3670 corpori.
2372 3600 2536 3672 579
2563 3600 2708 3656 Deus
2738 3612 2912 3656 autem
2932 3611 2982 3656 et
3010 3602 3296 3658 Dominum
3323 3606 3494 3659 susci-

1919 3695 2065 3760 tavit,
2094 3702 2143 3747 et
2162 3710 2256 3748 nos
2282 3693 2560 3747 suscitabit
2576 3708 2675 3761 per
2688 3694 2931 3747 virtutem
2955 3694 3139 3762 ipsius.
3170 3696 3251 3749 An
3281 3698 3494 3751 nescitis

1915 3784 2161 3854 quoniam
2186 3784 2419 3838 membra
2439 3793 2613 3838 uestra
2639 3783 2872 3838 membra
2886 3783 3084 3838 Christi
3104 3787 3265 3841 sunt?
3284 3784 3368 3839 An
3397 3787 3500 3856 igi-

1917 3885 2004 3929 tur
2027 3879 2258 3930 memb'ra
2268 3874 2473 3930 Christi
2502 3875 2700 3944 faciam
2718 3874 2951 3929 membra
2970 3876 3256 3930 meretricis
3271 3878 3296 3932 ἵ
3311 3875 3494 3931 Absit!

1920 3966 2150 4022 Nescitis
2178 3968 2429 4038 quoniam
2454 3968 2544 4037 qui
2573 3966 2807 4022 adliceret
2824 3968 3091 4021 meretrici
3110 3984 3274 4022 unum
3303 3984 3494 4038 corpus

1917 4062 2033 4116 est?
2060 4058 2234 4114 Erunt
2269 4059 2430 4125 enim,
2467 4060 2658 4130 inquit,
2687 4058 2793 4113 duo
2830 4060 2888 4113 in
2930 4072 3141 4114 carnem
3179 4075 3364 4114 unam.
3390 4061 3495 4128 Qui

1918 4161 2097 4206 autem
2158 4150 2393 4206 adhcret
2437 4148 2690 4217 Domino,
2726 4166 2865 4205 unus
2911 4151 3131 4219 spiritus
3162 4158 3260 4205 est.
3308 4149 3495 4223 Fugite

1919 4242 2344 4313 fornicationem.
2377 4240 2547 4297 Omne
2583 4249 2863 4311 peccatum
2891 4240 3234 4312 quodcunque
3252 4255 3498 4310 peccave-

1910 4334 2194 4400 rithomo,
2253 4344 2411 4388 extra
2465 4346 2653 4403 corpus
2683 4342 2797 4398 est;
2845 4333 2935 4404 qui
2965 4343 3142 4387 autem
3174 4331 3495 4402 fornicatur,

246 4398 553 4469 ἁμάρτημα
583 4398 615 4453 δ
641 4399 751 4456 ἐὰν
787 4400 1103 4497 ἁμαρτήσῃ
1152 4400 1480 4471 ἀνᾶρωπος,
1513 4404 1687 4473 ἐκτὸς
1714 4408 1816 4462 τοῦ

1920 4427 1981 4480 in
2002 4398 2274 4497 proprium
2301 4440 2488 4494 corpus
2513 4398 2712 4495 peccat.
2731 4425 2814 4479 An
2848 4398 3082 4491 nescitis,
3110 4398 3249 4496 quod
3277 4398 3499 4493 corpora

247 4491 517 4560 σώματός
538 4490 729 4547 ἐστιν.
766 4490 829 4544 ‘0
856 4489 925 4544 δὲ
950 4488 1278 4562 πορνεύων,
1302 4497 1391 4561 sic
1425 4498 1493 4549 τὸ
1522 4496 1678 4551 ἴδιον
1700 4496 1820 4551 σῶ-

242 4598 326 4650 μα
370 4579 708 4650 ἁμαρτάνει.
769 4582 840 4638 Ἦ
878 4583 993 4637 οὐκ
1039 4582 1262 4649 οἴδατε,
1310 4585 1402 4640 ὅτι
1455 4586 1530 4642 τὰ
1574 4587 1823 4658 σώματα

246 4673 412 4743 ὑμῶν
434 4673 582 4740 ναὸς
621 4674 731 4729 τοῦ
768 4674 843 4730 ἐν
866 4674 1011 4746 ὑμῖν
1032 4676 1206 4746 ἁγίου
1251 4680 1598 4748 Πνεύματός
1627 4681 1820 4750 ἐστιν,

247 4761 318 4821 οὗ
342 4765 512 4835 ἔχετε
540 4765 660 4821 ἀπὸ
699 4766 869 4832 Θεοῦ,
897 4768 999 4823 καί
1027 4769 1140 4823 οὐκ
1176 4769 1321 4824 ἐστὲ
1350 4769 1588 4826 ἑαυτῶν
1605 4789 1626 4837 ;
1663 4773 1821 4843 Ἡγο-

212 4855 505 4928 .ράσθητε
536 4857 649 4927 γὰρ
692 4855 887 4927 τιμῆς.
937 4858 1242 4924 Δοεάσασε
1287 4856 1401 4917 οὖν
1440 4860 1549 4915 τὸν
1576 4863 1726 4918 Θεὸν
1752 4864 1825 4919 ἐν

247 4947 327 5014 τῷ
354 4949 578 5020 σώματι
600 4948 787 5019 ὑμῶν.

315 5042 440 5097 NI".
481 5042 746 5114 Πρόσχες,
773 5045 878 5109 ὃτι,
905 5045 1097 5116 ἐπειδὴ
1124 5046 1188 5099 τὸ
1212 5045 1374 5117 σῶμα
1405 5044 1565 5100 τοῦτο
1593 5046 1818 5102 δύναται

243 5136 337 5190 τὸν
365 5136 527 5206 νόμον
552 5135 646 5190 τοῦ
677 5135 815 5190 Θεοῦ
848 5137 944 5191 καὶ
977 5136 1076 5209 τὴν
1111 5138 1411 5193 ἀθανασίαν
1437 5138 1818 5206 ὑποδέξασθαι,

250 5227 344 5280 ἐὰν
386 5225 699 5297 καθαίροιτο
741 5227 845 5298 τῆς
895 5227 1164 5298 ἀκρασίας
1206 5229 1317 5282 τῶν
1352 5229 1815 5300 ὑπεκκαυμάτων,

255 5317 325 5389 μὴ
346 5319 700 5390 χραινόμενον
725 5319 989 5397 ἀθέσμοις
1010 5321 1148 5385 ὅλως
1173 5322 1405 5393 οἴστρων
1428 5322 1814 5396 παμτρισώς,

256 5410 328 5466 διὸ
349 5412 378 5463 ὁ
409 5412 731 5475 Ἀπόστολος
771 5412 945 5466 ταῦτα
988 5412 1345 5482 διεφθέγξατο
1362 5430 1376 5444 ·
1418 5417 1571 5467 ποῖον
1612 5412 1723 5486 γὰρ
1754 5414 1819 5469 τὸ

252 5499 583 5571 κολλώμενον
604 5502 789 5573 ἕτερον
809 5506 878 5575 τῇ
902 5503 1079 5577 πόρνῃ
1098 5504 1192 5558 καὶ
1216 5503 1537 5578 πλησιάζον,
1561 5506 1655 5562 καὶ
1679 5504 1820 5578 σὰρξ

1920 4528 2103 4574 uestra
2140 4518 2387 4587 tentplum
2415 4528 2540 4572 sunt
2579 4517 2812 4587 ejus.qu
2842 4517 2900 4570 in
2958 4516 3105 4571 vobis
3132 4525 3210 4570 est
3238 4516 3495 4586 Spiritus,

1924 4625 2075 4680 quem
2104 4608 2306 4664 habetis
2336 4623 2370 4662 a
2395 4606 2526 4672 Deo,
2551 4617 2720 4663 etnon
2766 4608 2891 4661 estis
2916 4608 3119 4663 uestri?
3154 4606 3335 4677 Empti
3357 4609 3497 4662 enim

1922 4701 2047 4754 estis
2090 4699 2278 4769 pretio.
2336 4695 2646 4768 Gioriﬁcate
2684 4698 2853 4769 igitur
2883 4695 3054 4752 Deum
3101 4697 3496 4766 iit-corporibus

1916 4791 2105 4846 vestris
2135 4789 2179 4844 '.
2756 4816 2757 4819 η

1994 5047 2125 5103 Llll.
2162 5049 2219 5103 In
2264 5063 2374 5119 quo
2414 5049 2577 5105 velim
2628 5050 2762 5105 illud
2810 5040 3253 5118 animadvertas,
3299 5070 3397 5126 pro
3430 5072 3500 5113 eo

1916 5139 2070 5210 quod
2115 5154 2316 5210 corpus
2358 5140 2504 5196 istud
2558 5141 2664 5212 logi
2698 5141 2803 5198 "Dei
2851 5144 3354 5217 immortalitatique
3400 5161 3496 5202 ca-

1919 5232 2129 5302 pianda:
2156 5232 2417 5288 idoneum
2436 5242 2545 5298 est,
2575 5234 2622 5289 si
2653 5235 2722 5290 ab
2746 5236 3006 5292 omnibus
3035 5237 3322 5293 libidinum
3358 5238 3499 5293 inci-

1915 5323 2178 5378 tamentis
2214 5323 2290 5377 ita
2335 5332 2619 5394 purgetur,
2644 5325 2813 5382 nullis
2850 5335 2911 5381 ut
2950 5327 3282 5383 nefariarum
3309 5328 3498 5383 illece-

1914 5414 2138 5470 brarum
2205 5416 2446 5472 stimulis
2502 5420 2959 5486 ‘oommaeuletur,
3007 5421 3212 5477 idcirco
3258 5421 3371 5476 haec
3426 5421 3501 5476 ab

1913 5506 2178 5578 Apostolo
2207 5523 2332 5564 esse
2360 5509 2525 5566 dicta.
2562 5511 2705 5578 Quid
2753 5514 2899 5568 enim
2930 5514 3077 5568 aliud
3124 5523 3229 5575 cst.
3251 5513 3397 5587 quod
3426 5514 3500 5570 a1

318 5680 339 5713 ⁸
370 5678 389 5736 ι
416 5679 542 5738 Cor.
581 5698 652 5748 vi,
684 5682 772 5740 10,
848 5685 868 5714 ¹
893 5683 1048 5739 Rom.
1080 5699 1199 5754 vnl,
1228 5685 1284 5741 7.
1363 5685 1381 5717 ³
1412 5684 1649 5758 ΡΙιίῐρρ.
1672 5703 1751 5754 ιιι,
1792 5688 1814 5742 ι

1953 5688 1973 5723 ⁸
2008 5688 2180 5746 lCor.
2220 5705 2310 5759 xv,
2340 5688 2429 5746 52.
2508 5688 2584 5744 ’Ἰ
2612 5690 2740 5749 Cor.
2772 5708 2846 5762 γι,
2889 5691 3077 5748 15—20.
