3846 6128
366 235 505 295 “59
1779 233 1837 290 S.
1879 233 2218 290 EPIPHANII
3518 236 3655 294 “60

365 359 709 417 meretricem
742 357 1104 425 adhmrescat;
1134 367 1188 413 et
1219 356 1287 413 ad
1312 372 1430 414 eam
1464 356 1710 423 accedat,
1739 373 1947 427 unaque

2059 358 2176 429 μετ’
2229 356 2402 428 αὐτῆς
2434 356 2575 410 κατὰ
2621 356 2721 427 τὴν
2762 354 2945 422 ζεῦξιν
2990 355 3101 409 τῶν
3150 354 3376 426 μελῶν,
3416 353 3523 407 xui.
3562 355 3659 425 τὴν

361 469 487 507 cum
514 454 604 508 illa
633 467 762 507 caro
783 452 1173 522 conjunctione
1207 452 1578 506 membrorum
1609 465 1674 504 ac
1703 464 1947 504 commu-

2055 448 2341 502 κοινωνίαν
2380 448 2510 518 μίαν
2547 447 2872 518 γιγνόμενον
2914 445 3067 516 παρά
3095 445 3260 498 τοῦτο
3291 444 3359 497 τὸ
3397 444 3572 514 σῶμα
3603 446 3662 498 τὺ

360 543 528 599 nione
561 544 796 614 quadam
835 543 1120 606 eﬂiciatur,
1164 550 1525 612 praeterquam
1569 555 1771 610 corpus
1819 539 1953 594 illud

361 641 668 699 externum,
708 632 867 702 cujus
907 632 1214 687 ministerio
1264 630 1449 684 omnia
1484 629 1576 682 illa
1617 628 1952 683 commistioo

361 726 448 781 nis
493 741 784 794 corporum
828 733 882 780 et
927 724 1170 779 ardentis
1215 721 1458 777 libidinis
1506 720 1710 792 ﬂagitia
1760 735 1956 790 perpe-

361 817 612 870 trantur?
645 816 799 872 Unde
835 825 889 872 et
919 833 1070 870 omne
1111 824 1402 884 peccatum,
1435 813 1783 885 quodcunque
1816 813 1955 883 fece-

361 909 429 959 rit
463 906 638 972 homo,
667 918 816 962 extra
846 923 1038 976 corpus
1063 917 1180 970 est;
1209 908 1297 976 qui
1338 916 1511 959 autem
1559 905 1876 974 fornicatur,
1899 905 1956 958 in

357 1001 633 1068 proprium
667 1014 856 1066 corpus
903 1007 1103 1068 peccat.
1137 997 1347 1051 Etenim
1384 996 1724 1067 arrogantia,
1760 993 1955 1048 inlide-

361 1090 509 1151 litas.
548 1091 627 1143 ira
656 1099 820 1160 atque
848 1090 1125 1145 simulatio
1160 1091 1354 1144 anima:
1388 1097 1610 1159 peccata
1643 1097 1792 1143 sunt.
1827 1086 1955 1142 Stu-

275 1174 290 1180 “
361 1198 520 1251 prum
553 1198 685 1238 vero
719 1192 772 1238 et
813 1183 1166 1238 inﬂammatio
1223 1183 1316 1237 illa
1365 1182 1607 1238 libidinis
1659 1195 1953 1251 corporum

361 1273 582 1342 propria
614 1280 759 1328 sunt.
791 1273 1127 1339 Quibuscum
1157 1275 1341 1344 utique
1389 1288 1490 1328 nec
1521 1272 1739 1328 evolare
1772 1273 1954 1326 anima

361 1367 583 1435 poterit,
640 1382 816 1436 neque
867 1367 1240 1436 temperantiae
1283 1365 1520 1421 decretis
1571 1365 1805 1434 subjici;
1859 1363 1954 1420 sed

362 1459 522 1512 ambo
561 1457 765 1514 Christi
814 1474 980 1529 regno
1022 1459 1278 1514 excidere
1322 1473 1546 1512 necesse
1586 1465 1690 1513 est.
1726 1455 1956 1511 Praeter-

359 1562 423 1602 ea
477 1549 522 1603 si
574 1563 804 1618 corpora
863 1558 1050 1604 nostra
1105 1550 1160 1604 in
1215 1548 1582 1605 sanctimonia
1633 1556 1954 1603 conservata

361 1641 619 1708 templum
660 1653 788 1696 sunt
827 1641 1126 1698 habitantis
1168 1642 1224 1696 in
1266 1641 1424 1696 nobis
1476 1639 1749 1710 Spiritus;
1792 1646 1955 1708 atque

357 1738 412 1785 et
445 1732 499 1784 in
531 1747 764 1802 corpore
797 1731 1062 1789 Dominus
1102 1732 1325 1797 residet,
1354 1741 1408 1786 et
1441 1730 1682 1784 membra
1707 1729 1954 1798 corporis

357 1820 567 1877 Christi
604 1825 848 1879 membra
903 1833 1051 1890 sunt,
1098 1824 1322 1879 omnino
1365 1822 1562 1877 divinae
1605 1821 1707 1891 legi
1755 1836 1954 1891 corpus

361 1913 634 1977 subditur,
670 1929 732 1967 ac
765 1929 992 1984 regnum
1027 1913 1119 1969 Dei
1148 1915 1431 1984 possidere
1458 1922 1658 1984 potest.
1687 1913 1793 1980 Qui
1815 1914 1956 1968 enim

357 2005 609 2059 excitavit
644 2003 913 2060 Christum
962 2022 994 2058 a
1029 2006 1281 2070 mortuis,
1332 2005 1635 2073 viviﬁcabit,
1677 2006 1874 2076 inquit,
1905 2015 1956 2062 et

364 2097 615 2149 mortalia
648 2111 869 2164 corpora
898 2105 1067 2151 vestra
1104 2111 1194 2165 per
1231 2095 1610 2149 inhabitantem
1639 2096 1752 2164 ejus
1785 2094 1957 2164 Spiri-

361 2196 473 2241 tum
505 2188 560 2240 in
593 2187 735 2242 vobis
768 2191 783 2220 ¹
812 2205 828 2255 ;
863 2199 918 2241 ut
959 2188 1186 2242 mortale
1231 2187 1328 2241 hoc
1359 2179 1957 2243 induat—immortalita-

361 2287 486 2342 tem,
535 2287 583 2331 et
644 2277 1042 2346 incorruptibile
1093 2278 1564 2347 incorruptionem,
1622 2297 1862 2350 morsque
1899 2281 1957 2336 in

359 2369 632 2421 victoriam
669 2368 1014 2424 absorbeatur
1049 2369 1091 2422 ².
1141 2367 1259 2422 Non
1301 2369 1447 2423 enim
1487 2368 1556 2424 de
1593 2369 1700 2425 alio
1727 2385 1957 2441 corpore

361 2457 464 2512 hoc
495 2459 616 2513 loco
645 2458 960 2529 disputabat
995 2458 1292 2529 Apostolus
1318 2499 1333 2525 ,
1370 2466 1731 2528 praeterquam
1755 2460 1824 2516 de
1853 2463 1957 2518 hoc

361 2547 518 2618 ipso‘,
572 2550 718 2619 quod
761 2550 1129 2620 exstinguitur
1184 2564 1248 2604 ac
1303 2561 1476 2604 morte
1513 2550 1821 2620 coniicitur,
1860 2569 1957 2625 per

361 2642 508 2712 quod
539 2642 773 2696 scortari
804 2643 930 2698 licet
961 2656 1026 2697 ac
1082 2641 1286 2711 ﬂagitia
1313 2642 1674 2700 committere.

434 2735 599 2806 580
629 2733 764 2790 LIV.
817 2733 974 2802 Quod
1027 2731 1075 2790 si
1128 2735 1402 2791 interesse
1452 2736 1706 2791 nonnihil
1753 2751 1954 2808 corpus

361 2826 506 2881 inter
541 2842 606 2881 ac
639 2842 860 2881 carnem
929 2826 1278 2897 suspicentur
1320 2825 1402 2897 (ut
1442 2827 1528 2882 vel
1561 2828 1818 2884 subtilius
1852 2829 1956 2884 boc

361 2917 488 2974 illos
519 2919 681 2974 modo
713 2918 1024 2973 ratiocinari
1051 2918 1361 2988 sinamus);
1397 2917 1533 2973 adeo
1565 2926 1623 2973 ut
1652 2919 1799 2974 aliud
1834 2935 1956 2976 esse

361 3021 564 3077 corpus
621 3015 901 3076 censeant,
957 3007 1105 3063 velut
1165 3007 1339 3078 ipsius
1403 3007 1598 3062 animae
1647 3008 2022 3100 proprium,c

360 3099 508 3168 quod
533 3099 786 3168 usurpari
818 3097 993 3159 oculis
1016 3103 1284 3168 nequeat;
1311 3110 1531 3152 carnem
1557 3105 1739 3153 autem
1773 3104 1953 3153 exter-

363 3205 494 3244 num
525 3190 657 3244 illud
695 3205 839 3256 esse,
871 3188 1018 3261 quod
1065 3190 1240 3245 oculis
1270 3189 1525 3257 cernitur
1557 3206 1571 3243 :
1613 3189 1693 3244 sic
1729 3205 1826 3246 eos
1863 3205 1951 3246 re-

369 3280 558 3337 fellere
587 3281 879 3351 oportebit,
912 3296 1020 3335 non
1057 3279 1218 3334 modo
1255 3279 1485 3334 Paulum
1539 3294 1604 3335 ac
1651 3281 1952 3352 prophetas

359 3373 613 3443 corporis
668 3371 1086 3443 appellationem
1142 3371 1271 3425 huic
1318 3370 1470 3424 carni
1528 3371 1807 3437 tribuere,
1854 3373 1951 3430 sed

342 3465 500 3534 alios
549 3479 769 3532 quoque
806 3461 1181 3532 phi1050phos,
1235 3474 1267 3513 a
1319 3460 1520 3530 quibus
1579 3471 1840 3516 accurata
1897 3463 1952 3518 in

361 3555 555 3627 primis
590 3553 776 3608 haberi
811 3552 953 3606 ratio
993 3551 1272 3605 nominum
1315 3550 1472 3627 solet.
1519 3549 1733 3606 Etenim
1765 3553 1951 3609 carnis

361 3626 741 3718 appellatione,
771 3645 817 3700 si
853 3643 967 3698 hmo
1008 3642 1076 3697 ad
1117 3626 1364 3696 exactam
1415 3641 1660 3698 scientiae
1702 3659 1948 3699 normam

357 3739 576 3808 exigere
618 3737 811 3801 velint,
842 3750 950 3790 non
999 3733 1257 3790 universa
1290 3734 1510 3804 proprie
1547 3733 1734 3803 hujus,
1769 3741 1829 3789 ut
1873 3736 1949 3790 ita

358 3829 556 3894 dicam,
584 3826 920 3884 tabernaculi
969 3826 1142 3881 moles
1181 3824 1525 3895 intelligitur,
1561 3825 1656 3882 sed
1699 3827 1948 3898 quaedam

358 3921 526 3976 totius
555 3933 705 3989 pars,
734 3917 1192 3989 quemadmodum
1227 3931 1376 3981 ossa,
1398 3916 1553 3970 nervi
1571 3924 1736 3987 atque
1767 3933 1944 3986 vente;

357 4024 561 4079 corpus
593 4017 772 4063 autem
804 4016 976 4062 totum
1005 4007 1228 4061 dicitur.
1247 4004 1404 4061 Unde
1432 4012 1486 4060 et
1516 4006 1737 4072 medici,
1762 4008 1855 4077 qui
1880 4007 1948 4062 de

357 4108 552 4154 natura
611 4113 906 4168 corporum
950 4106 1208 4153 accurate
1250 4097 1559 4167 disputant,
1617 4098 1722 4152 hoc
1767 4099 1946 4168 ipsum

355 4191 499 4261 quod
539 4190 870 4260 aspectabile
909 4198 1015 4254 est,
1065 4205 1265 4260 corpus
1317 4203 1440 4244 esse
1483 4191 1750 4245 sentiunt.
1799 4189 1945 4256 Quin

355 4283 473 4350 ipse
518 4280 670 4334 Plato
718 4279 864 4334 istud
915 4281 1092 4348 ipsum
1135 4296 1337 4351 corpus
1377 4297 1500 4337 esse
1550 4296 1658 4336 non
1702 4281 1940 4352 ignorat.

2053 539 2178 605 ἔξω,
2205 539 2275 592 δι’
2312 533 2373 592 οὗ
2411 539 2588 591 πάντα
2619 537 2795 592 ταῦτα
2838 536 3143 608 πληροῦται
3187 535 3258 589 τὰ
3309 534 3464 604 πρὸς
3517 533 3662 604 μίξιν

2057 632 2151 684 καὶ
2195 631 2456 684 ἔκκαυσιν
2508 630 2918 702 ἁμαρτήματα;
2950 627 3112 682 Ὅθεν
3148 627 3247 680 καὶ
3295 623 3432 679 πᾶν
3475 623 3664 695 ἀμάρ-

2051 740 2208 792 τημα
2233 723 2264 776 ὃ
2296 722 2404 776 ἐὰν
2443 723 2671 791 ποιήσῃ
2718 725 2751 776 ὁ
2788 721 3123 789 ἄνθρωπος,
3169 718 3357 784 ἐκτὸς
3394 717 3515 770 τοῦ
3559 715 3664 769 σώ-

2046 815 2236 883 ματός
2253 815 2443 868 ἐστιν.
2479 814 2531 866 Ὁ
2555 813 2624 866 δὲ
2663 813 2995 882 πορνεύων,
3031 815 3118 877 εὶς
3163 809 3232 863 τὸ
3285 809 3461 862 [6:01-
3490 809 3665 877 σῶμα

2052 901 2393 971 ἁμαρτάνει.
2436 902 2616 972 Τύφος
2643 903 2742 972 μὲν
2768 901 2878 972 γὰρ
2908 902 3001 954 καὶ
3031 901 3286 965 ἀπιστία,
3323 900 3431 954 καὶ
3464 898 3662 967 θυμὸς,

2053 994 2148 1047 καὶ
2176 993 2488 1064 ὑπόκρισις,
2519 993 2699 1063 ψυχῆς
2729 994 3124 1063 ἁμαρτήματα.
3160 991 3410 1063 Πορνεία
3456 991 3544 1054 δὲ,
3574 991 3666 1044 καὶ

2053 1079 2289 1156 οἶστρος,
2323 1085 2419 1137 καὶ
2462 1085 2665 1155 τρυφὴ,
2701 1084 2988 1154 σώματος·
3025 1083 3145 1154 μεθ’
3189 1078 3266 1138 ὧν
3318 1083 3460 1137 οὔτε
3519 1083 3665 1154 ψυχὴ

2053 1178 2192 1250 πρὸς
2224 1177 2482 1248 ἀλήθειαν
2510 1177 2909 1247 ἁναπτήσεται,
2947 1175 3071 1229 οὔτε
3116 1176 3502 1248 σωφροσύνης
3539 1178 3666 1230 ὑπο-

2053 1267 2384 1338 ταχθήσεται
2412 1267 2677 1338 δόγμασιν
2700 1283 2712 1296 ·
2743 1266 2878 1319 ἀλλὰ
2910 1267 3078 1338 ἄμφω
3106 1266 3538 1338 διολισθήσουσι
3570 1269 3664 1336 τῆς

2056 1359 2331 1430 βασιλείας
2351 1359 2443 1412 τοῦ
2456 1357 2712 1430 Χριστοῦ.
2729 1359 2839 1412 Καὶ
2858 1359 3057 1418 τοίνυν,
3073 1360 3122 1410 εί
3137 1360 3207 1412 τὰ
3231 1358 3483 1429 σώματα
3503 1360 3661 1430 ἡμῶν

2055 1452 2112 1505 ὲν
2132 1451 2388 1523 ἁγιασμῷ
2421 1450 2855 1523 διακρατούμενα
2887 1450 3012 1514 ναικ·
3039 1452 3155 1504 ὲστι
3180 1450 3278 1504 τοῦ
3310 1454 3376 1504 ὲν
3411 1453 3555 1523 ἡμῖν
3583 1453 3659 1505 oi-

2055 1544 2275 1608 κοῦντος
2303 1543 2643 1614 Πνεύματος,
2665 1543 2758 1596 καὶ⁵
2782 1545 2810 1596 6
2837 1543 3041 1614 Κύριος
3072 1545 3130 1596 ὲν
3161 1542 3244 1614 τῷ
3276 1543 3536 1614 σώματι,
3572 1547 3661 1598 καὶ

2055 1635 2123 1688 τὰ
2179 1633 2314 1705 μέλη
2355 1633 2448 1686 τοῦ
2483 1632 2731 1704 σώματος
2769 1631 2904 1704 μέλη
2953 1632 3212 1704 Χριστοῦ,
3262 1634 3654 1688 ὑποτάσσεται

1987 1707 2029 1762 Β
2055 1725 2164 1796 ἄρα
2211 1724 2271 1777 τὸ
2309 1723 2466 1794 σῶμα
2498 1722 2576 1794 τῷ
2608 1723 2758 1794 νόμῳ
2785 1722 2863 1793 τῷ
2904 1721 3053 1792 θείῳ,
3089 1723 3183 1777 καὶ
3227 1723 3657 1796 κληρονομῆσαι

2055 1815 2279 1870 δύναται
2323 1814 2423 1886 τὴν
2455 1813 2730 1884 βασιλείαν
2780 1812 2875 1866 τοῦ
2926 1812 3086 1870 Θεοῦ.
3145 1812 3208 1867 '0
3256 1813 3374 1884 γὰρ
3416 1816 3658 1886 ἐγείρας

2056 1908 2314 1977 Χριστὸν
2355 1907 2424 1962 ἐκ
2469 1905 2722 1976 νεκρῶν,
2770 1903 3154 1971 ζωοποιήσει,
3205 1908 3384 1977 φησὶ,
3442 1908 3657 1962 καὶτὰ

2056 1998 2245 2068 θνητὰ
2271 1998 2516 2069 σώματα
2534 1997 2704 2067 ὑμῶν
2730 1996 2828 2051 διὰ
2869 1997 2979 2051 τοῦ
3023 1997 3421 2065 ἐνοικοῦντος
3459 1998 3655 2053 αὐτοῦ

2054 2093 2401 2162 Πνεύματος
2427 2091 2498 2146 ἐν
2529 2089 2699 2160 ὑμῖν
2729 2091 2832 2144 ἵνα
2874 2089 2942 2143 τὸ
2985 2088 3208 2158 θνητὸν
3256 2090 3441 2144 τοῦτο
3487 2091 3657 2145 ἐνδύ-

2057 2199 2237 2252 σηται
2313 2181 2430 2250 τὴν
2486 2182 2846 2247 ἀθανασίαν,
2894 2180 2993 2235 καὶ
3055 2180 3122 2235 τὸ
3162 2185 3472 2260 φθαρτὸν
3541 2184 3656 2251 τὴν

2055 2271 2418 2341 ἀφθαρσίαν,
2448 2274 2536 2339 εὶς
2564 2271 2735 2338 νῖκός
2763 2288 2826 2326 τε
2855 2270 3164 2341 καταποθῇ
3199 2276 3232 2327 d
3259 2272 3553 2341 θάνατος.
3579 2276 3652 2328 0-3

2056 2365 2165 2436 γὰρ
2214 2365 2345 2436 περὶ
2391 2364 2552 2419 ἄλλου
2605 2364 2963 2435 διελάμϐανεν
3020 2364 3257 2419 ἐνταῦθα
3318 2367 3588 2438 σώματος
3626 2369 3654 2420 ὁ

2069 2457 2409 2523 Ἀπόστολος,
2440 2457 2578 2513 ἀλλὰ
2610 2457 2739 2529 περὶ
2765 2459 2960 2511 τούτου
2998 2457 3094 2511 καὶ
3133 2459 3229 2513 τοῦ
3265 2459 3654 2533 ἀποθνήσκον-

2055 2566 2147 2612 τος
2201 2549 2296 2603 καὶ
2362 2549 2766 2621 νεκρουμένου,
2824 2549 2891 2603 δι’
2933 2543 2995 2604 οὗ
3042 2552 3140 2606 καὶ
3191 2552 3500 2624 πορνεῦσαι
3559 2557 3650 2609 καὶ

2056 2641 2355 2714 ἀσελγῆσαι
2384 2643 2630 2697 δυνατόν.

2123 2731 2246 2784 ΝΔ’.
2294 2731 2419 2785 Ἐὰν
2446 2731 2503 2785 δὲ
2535 2733 2800 2806 διαφορὰν
2828 2729 2968 2789 εἶναι
3007 2734 3264 2806 σώματος
3286 2737 3430 2808 πρὸς
3464 2737 3651 2808 σάρκα

2057 2823 2473 2887 ὑποτοπάζωσιν
2503 2825 2612 2897 (ἵνα
2638 2825 2701 2897 δὴ
2729 2827 2824 2880 καὶ
2855 2827 3028 2882 ταῦτα
3045 2829 3232 2892 αὐτοῖς
3256 2830 3650 2902 ἐπιτρέψωμεν

2056 2911 2477 2987 λογικεύεσθαι),
2513 2919 2608 2972 καὶ
2652 2918 2812 2989 σῶμα
2860 2920 2958 2990 μὲν
3015 2919 3142 2974 ἄλλο
3189 2921 3491 2992 νομίζοιεν,
3538 2921 3649 2977 οἷον

2057 3005 2224 3075 αὐτῆς
2256 3005 2357 3076 τῆς
2379 3005 2579 3076 ψυχῆς,
2609 3006 2638 3059 ὃ
2663 3007 2737 3079 μὴ
2767 3006 3045 3078 βλέπεται,
3081 3010 3264 3080 σάρκα
3294 3010 3350 3062 δὲ
3393 3011 3562 3064 τοῦτο
3591 3013 3649 3063 τὸ

2055 3094 2160 3162 ἔξω
2190 3096 2252 3148 τὸ
2283 3096 2643 3168 βλεπόμενον
2679 3099 2925 3164 λεκτέον,
2961 3101 3036 3165 ὼς
3077 3102 3137 3153 οὐ
3169 3101 3330 3172 μόνον
3370 3105 3400 3155 6
3433 3103 3648 3166 Παῦλος

2055 3186 2150 3239 καὶ
2177 3188 2226 3239 οἱ
2257 3189 2530 3259 προφῆται
2550 3189 2710 3260 σῶμα
2737 3189 3064 3259 γινώσκουσι
3099 3191 3199 3262 τὴν
3236 3193 3422 3264 σάρκα
3447 3193 3648 3265 ὀνομάη

2054 3279 2241 3343 ζεσθαι
2267 3280 2494 3352 ταύτην,
2538 3282 2675 3335 ἀλλὰ
2702 3285 2796 3336 καὶ
2842 3283 2990 3337 ἄλλοι
3042 3284 3361 3354 φιλόσοφοι,
3395 3287 3532 3357 παρ’
3567 3283 3646 3349 οἷς

2052 3373 2116 3444 δὴ
2147 3372 2380 3443 μάλιστα
2409 3376 2505 3429 καὶ
2535 3377 2569 3446 ὴ
2599 3375 2708 3429 τῶν
2735 3376 3016 3448 ὀνομάτων
3045 3377 3302 3450 ἀκρίϐεια
3328 3385 3646 3452 παρατετήο

2054 3482 2237 3536 ρηται.
2266 3467 2413 3538 Σὰρξ
2439 3467 2549 3539 γὰρ
2572 3469 2732 3533 ὅλως,
2758 3471 2806 3522 εἰ
2837 3469 3112 3540 βούλοιντο
3133 3471 3229 3524 καὶ
3259 3472 3395 3544 περὶ
3431 3473 3643 3528 τούτων

2051 3555 2434 3628 ἐπιστημόνως
2479 3559 2902 3628 ἐπισκέψασθαι,
2935 3561 3043 3622 πᾶς
3080 3561 3110 3614 6
3154 3560 3319 3629 δγκος
3345 3554 3506 3625 οὗτος
3549 3563 3640 3616 τοῦ

2052 3646 2413 3720 σκηνώματος
2433 3649 2590 3720 ήμῶν
2615 3651 2820 3721 κυρίως
2855 3652 2914 3704 οὐ
2941 3651 3182 3720 λέγεται,
3217 3652 3359 3706 ἀλλά
3389 3672 3445 3706 τι
3473 3655 3641 3726 μέρος

2050 3738 2143 3792 τοῦ
2177 3739 2321 3806 ὅλου,
2347 3740 2597 3813 καθάπερ
2622 3741 2654 3812 ἢ
2684 3744 2843 3809 ὀστᾶ,
2874 3743 2907 3813 ἢ
2936 3742 3178 3816 νεῦρα,ἢ
3214 3743 3443 3812 φλέϐες·
3478 3746 3640 3816 σῶμα

2049 3830 2107 3884 δὲ
2134 3831 2196 3884 τὸ
2236 3831 2376 3886 ὅλον.
2408 3831 2572 3886 Ὀθεν
2602 3833 2694 3887 καὶ
2727 3834 2922 3904 ἰατροὶ,
2953 3833 3003 3887 οἳ
3029 3835 3093 3906 δὴ
3124 3835 3218 3888 καὶ
3248 3837 3379 3907 περὶ
3417 3837 3638 3906 φύσεως

2051 3925 2319 3994 σωμάτων
2373 3924 2621 3996 ἀκριϐῶς
2672 3925 2979 3997 διειλήφασι
3005 3966 3020 3991 ,
3083 3928 3242 3998 σῶμα
3297 3928 3635 3997 γινώσκουσι

2047 4013 2206 4068 τοῦτο
2235 4015 2297 4068 τὸ
2335 4014 2685 4086 βλεπόμενον.
2735 4017 2897 4071 Ἀλλὰ
2931 4018 3027 4071 καὶ
3047 4019 3075 4070 ὁ
3101 4019 3330 4072 Πλάτων
3373 4020 3472 4074 καὶ
3501 4022 3637 4074 αὐτὸ

2045 4104 2207 4158 τοῦτο
2240 4105 2400 4176 σῶμα
2426 4107 2518 4160 καὶ
2549 4107 2709 4170 αὐτὸς
2741 4107 3044 4164 ἐπίσταται.
3084 4110 3172 4162 Ἐν
3210 4109 3342 4179 γοῦν
3379 4111 3462 4182 τῷ
3491 4113 3634 4165 Φαί-

2046 4195 2190 4250 δωνι
2225 4199 2254 4250 6
2305 4196 2623 4268 Σωκράτης,
2656 4215 2674 4248 t
2707 4198 2849 4271 ΙἌρα
2889 4198 2964 4270 μὴ
3007 4198 3134 4254 ἄλλο
3171 4216 3228 4252 τι
3269 4199 3366 4253 τὸν
3401 4201 3633 4256 θάνατον

2045 4285 2332 4357 ἡγούμεθα
2375 4282 2536 4352 εἶναι,
2578 4306 2596 4339 ι
2632 4287 2757 4359 ἔφη,
2787 4307 2806 4339 ι
2838 4288 2870 4360 ἢ
2897 4289 3000 4358 τῆς
3029 4288 3213 4359 ψυχῆς
3241 4291 3353 4344 ἀπὸ
3385 4291 3484 4344 τοῦ
3528 4292 3633 4344 σώ-

357 4369 499 4424 Sane
516 4371 570 4425 in
585 4369 848 4423 Phaedone
867 4367 1144 4436 Socrates,
1173 4389 1192 4422 ι
1214 4372 1410 4425 Annon
1425 4372 1589 4437 idem,
1616 4391 1634 4423 ι
1659 4373 1755 4438 ait,
1781 4392 1800 4424 ι
1821 4390 1943 4432 esse

2050 4395 2216 4448 ματος
2244 4377 2598 4448 ἀπαλλαγήν;
2636 4381 2732 4432 καὶ
2768 4375 3092 4434 εἶναιτοῦτο
3122 4381 3380 4436 τεθνάναι
3399 4424 3417 4450 ,
3459 4387 3632 4455 χωρὶς

357 4470 587 4518 mortem
619 4461 1080 4528 existimabimus,
1111 4462 1256 4532 quod
1284 4463 1480 4518 animae
1510 4478 1540 4516 a
1569 4478 1798 4534 corpore
1827 4466 1942 4522 dis-

354 4571 570 4612 cessum
606 4574 618 4610 :
651 4563 813 4624 atque
847 4555 953 4611 hoc
1005 4555 1225 4612 demum
1275 4571 1400 4612 esse
1431 4557 1593 4622 mori,
1629 4572 1828 4627 corpus
1870 4559 1940 4615 ab

326 4647 534 4702 'anima
565 4647 897 4717 disjunctum
926 4661 1022 4718 per
1047 4662 1167 4702 sese
1193 4647 1372 4718 ipsum
1399 4649 1686 4712 exsistere,
1723 4649 1938 4704 itidem-

351 4756 459 4811 que
480 4741 715 4793 animam
745 4754 775 4793 a
799 4754 1029 4810 corpore
1052 4749 1356 4810 separatam
1373 4742 1423 4795 2»
1454 4741 1596 4808 Quid
1626 4743 1818 4798 beatus
1849 4741 1940 4798 ille

353 4831 564 4902 Moyses
601 4833 682 4901 (ut
728 4830 795 4884 ad
824 4831 1037 4887 divinas
1066 4848 1282 4904 quoque
1313 4832 1548 4891 Litteras
1588 4833 1939 4904 veniamus)?

349 4937 531 4977 nonne
574 4937 774 4993 corpus
822 4923 963 4978 idem
1007 4924 1257 4995 intelligit
1302 4940 1444 4994 esse,
1478 4926 1625 4996 quod
1668 4941 1766 4982 nos
1797 4926 1936 4980 dici-

350 5030 495 5080 mus,
550 5029 673 5070 cum
709 5015 782 5068 ita
831 5013 1109 5084 loquitur:
1146 5014 1216 5069 Et
1266 5016 1463 5071 lavabit
1513 5018 1819 5072 vestimenta
1875 5017 1931 5072 in

351 5106 786 5176 purgationibus,
833 5107 922 5176 qui
969 5108 1196 5177 tetigerit
1235 5108 1602 5173 immundum;
1644 5118 1693 5162 et
1733 5109 1935 5164 lavabit

348 5211 537 5264 corpus
562 5213 713 5250 suum
739 5184 914 5266 aqua;
940 5207 990 5251 et
1016 5197 1316 5250 immundus
1341 5198 1440 5251 erit
1481 5197 1548 5250 ad
1575 5214 1842 5267 vesperam
1868 5199 1930 5253 ’?

347 5285 489 5353 Quid
520 5286 586 5342 de
611 5285 748 5342 Jobo
779 5287 1066 5342 dicemus?
1118 5303 1298 5342 nonne
1333 5297 1388 5343 et
1430 5289 1478 5342 is
1517 5288 1751 5357 idipsum
1783 5291 1928 5359 quod

346 5378 716 5448 exstinguitur
765 5386 938 5431 morte
979 5392 1179 5446 corpus
1224 5393 1347 5434 esse
1393 5378 1699 5448 signiﬁcat?
1738 5381 1931 5435 Versa-

313 5476 456 5530 νων,
505 5469 700 5537 inquit,
749 5483 936 5537 corpus
971 5483 1141 5523 meum
1190 5468 1244 5522 in
1291 5469 1564 5536 putredine
1601 5471 1854 5524 vermium
1883 5472 1924 5527 ⁸.

2050 4469 2149 4539 μὲν
2177 4469 2285 4523 ἀπὸ
2317 4469 2418 4540 τῆς
2444 4471 2635 4542 ψυχῆς·
2664 4456 2977 4540 ἀπαλλαγὲν
3017 4472 3150 4526 αὐτὸ
3191 4473 3316 4526 καθ’
3361 4477 3527 4529 ἑαυτὸ
3568 4477 3630 4530 τὸ

2047 4561 2208 4632 σῶμα
2231 4561 2536 4630 γεγονέναι,
2561 4564 2731 4634 χωρὶς
2756 4563 2815 4617 δὲ
2839 4565 2936 4633 τὴν
2965 4564 3142 4635 ψυχὴν
3163 4565 3258 4618 τοῦ
3284 4567 3578 4637 σώματος;
3606 4589 3623 4620 ι

2055 4651 2113 4704 '0
2144 4652 2253 4724 γάρ
2291 4669 2374 4705 τοι
2413 4653 2656 4724 Μωῦσῆς
2687 4658 2716 4707 ὁ
2773 4655 3053 4725 μακάριος,
3083 4655 3345 4726 (ἥκωμεν
3374 4659 3486 4731 γὰρ
3534 4661 3630 4714 καὶ

2043 4741 2137 4796 ἐπὶ
2165 4743 2264 4806 τὰς
2298 4743 2568 4815 κυριακὰς
2592 4744 2692 4815 ήδη
2723 4741 3001 4815 Γραφὰς),
3028 4745 3090 4798 οὐ
3125 4745 3287 4816 σῶμα
3319 4747 3484 4801 τοῦτο
3515 4750 3630 4802 ὀνο-

2046 4833 2314 4904 μάζεσθαι
2371 4835 2693 4902 ἐπίσταται,
2737 4835 2767 4889 ὃ
2809 4835 3078 4905 λέγομεν,
3135 4837 3245 4891 Καὶ
3293 4841 3521 4892 πλυνεῖ
3555 4840 3628 4893 τὰ

2041 4925 2261 4994 ἱμάτια,
2287 4926 2481 4995 λέγων,
2534 4930 2593 4981 ὲν
2625 4929 2738 4991 τοῖς
2781 4928 3164 4999 καθαρισμοῖς,
3206 4932 3240 4983 ὁ
3273 4930 3626 5000 ἐπιψαύσας

2037 5016 2146 5070 τοῦ
2171 5017 2509 5087 ἀκαθάρτου
2532 5036 2545 5051 ·
2590 5019 2691 5072 καὶ
2731 5021 3019 5074 λούσεται
3063 5020 3145 5086 τῷ
3172 5020 3402 5090 σώματι
3434 5024 3624 5078 αὐτοῦ

2033 5103 2225 5171 ὕδατι,
2258 5108 2357 5161 καὶ
2399 5108 2736 5178 ἀκάθαρτος
2767 5110 2940 5164 ἐσται
2971 5111 3083 5177 ἕως
3127 5095 3393 5181 ἑσπέρας
3405 5129 3424 5177 ;
3460 5115 3528 5166 Τί
3565 5115 3622 5166 δὲ

2033 5196 2129 5249 καὶ
2151 5199 2180 5250 ὁ
2212 5197 2365 5263 Ἰώϐς
2395 5200 2456 5253 οὑ
2502 5200 2664 5271 σῶμα
2697 5202 2984 5258 ἐπίσταται
3025 5205 3120 5256 καὶ
3147 5204 3309 5268 αὐτὸς
3356 5205 3523 5259 τοῦτο
3560 5209 3623 5259 τὸ

2033 5288 2394 5361 νεκρούμενον
2431 5293 2638 5360 καλεῖν,
2670 5296 2924 5364 Φύρεται
2965 5297 3033 5350 δέ
3074 5315 3194 5367 μου
3232 5298 3301 5353 τὸ
3342 5299 3521 5368 σῶμα
3551 5301 3620 5353 ἐν

2033 5384 2258 5449 σαπρίᾳ
2291 5385 2649 5454 σκωλήκων,
2682 5387 2892 5456 λέγων;
2931 5388 3094 5442 Ἀλλά
3139 5389 3232 5442 καὶ
3279 5392 3307 5442 6
3337 5391 3616 5462 Σολομὼν,

2030 5473 2115 5528 ὅτι
2146 5478 2250 5542 Εἰς
2283 5477 2651 5548 κακότεχνον
2674 5481 2889 5550 ψυχὴν
2918 5484 3028 5538 οὐκ
3062 5485 3480 5540 είσελεύσεται
3509 5500 3614 5541 σσ-

423 5620 439 5650 ¹
475 5618 634 5673 Item.
670 5635 789 5684 vm,
824 5622 909 5675 ll.
985 5625 1004 5653 ¹
1034 5621 1054 5674 l
1085 5621 1209 5676 Cor.
1245 5638 1331 5686 xv,
1369 5623 1454 5677 55.
1533 5623 1554 5656 ³
1587 5623 1755 5680 Levit.
1792 5641 1899 5682 xw.
1936 5627 1987 5681 8.
2065 5629 2085 5661 ‘
2115 5627 2218 5686 Job
2252 5649 2346 5700 vn,
2380 5633 2432 5689 5.
