3794 6168
1348 52 1427 59 -υ-...ι-
1536 50 1547 57 ι.
1592 46 1601 55 ι
1616 44 1709 55 ..ι-ς’-

171 289 289 346 H51

1716 31 2245 55 HW”,
2264 40 2325 47 ,μη
2354 38 2363 43 -
2384 38 2401 43 η

826 282 1196 341 ADVERSUS
1233 280 1576 337 HERESES
1613 277 1741 334 LIB.
1780 276 1845 334 II.
1888 273 2053 331 TOM.
2095 271 2487 330 I.——H.‘ERES.
2530 269 2716 327 LXIV.

2420 36 2461 43 ___
2476 24 3309 43 #ﬁm‘ﬁwmﬂ-
3330 16 3347 23 ’⁷
3370 18 3381 19 7

3282 259 3421 315 H62

167 421 285 493 pla,
313 419 455 475 οὐδὲ
476 417 826 485 κατοικήσει
851 418 922 472 ἐν
948 417 1254 487 καταχρέῳ
1286 414 1515 485 σώματι
1543 412 1726 482 ἁμαρ·

1942 416 2100 461 ξιονρςι
2133 407 2414 470 Salomon,
2438 405 2506 460 In
2536 403 2870 469 malevolam,
2895 400 3072 473 inquit
3104 401 3148 467 ⁸,
3184 401 3421 455 animum

170 515 305 580 τίας.

233 685 338 739 Καὶ
373 688 432 740 ἐν
469 684 548 756 τῷ
579 685 778 756 Δανιὴλ
815 684 911 737 ἐπὶ
939 683 1047 737 τῶν
1080 680 1401 754 μαρτύρων
1447 681 1569 732 Οὐκ
1600 678 1738 731 ἑκυ-

163 776 400 843 ρίευσεν
420 777 620 830 αὐτῶν
640 777 706 829 τὸ
738 776 859 845 πῦρ
894 775 997 828 τοῦ
1020 773 1327 840 σώματος,
1362 771 1599 840 λέγεται,
1635 769 1736 822 καὶ

167 869 204 937 ἡ
238 867 363 936 θρὶξ
402 866 513 934 τῆς
543 867 809 936 κεφαλῆς
853 865 1052 920 αὐτῶν
1095 868 1205 919 οὐκ
1236 864 1590 933 ἐρλογίσθη.
1629 854 1739 913 Καὶ

165 961 194 1013 ὁ
215 960 410 1030 Κύριος
444 962 500 1012 ὲν
534 960 612 1030 τῷ
636 960 957 1029 Εὖαγγελίῳ
980 974 993 987 ⁸
1027 956 1134 1011 Διά
1176 956 1352 1009 τοῦτο
1376 953 1530 1022 λέγω
1556 952 1699 1022 ὑμῖν
1718 967 1734 981 ⁸

167 1053 259 1123 Μὴ
282 1051 601 1123 μεριμνᾶτε
634 1055 691 1107 τί
728 1054 976 1124 φάγητε,
1010 1053 1049 1122 ἢ
1093 1053 1151 1106 τί
1193 1051 1557 1118 ἐνδύσησθε.
1590 1047 1740 1116 Οὺχὶ

167 1145 205 1214 ή
234 1144 397 1213 ψυχὴ
429 1145 643 1198 πλεῖόν
688 1146 818 1199 ἐστι
864 1143 976 1212 τῆς
1007 1142 1264 1212 τροφῆς,
1309 1142 1407 1196 καὶ
1456 1141 1524 1194 τὸ
1566 1139 1740 1209 σῶμα

166 1235 267 1289 τοῦ
298 1235 665 1305 ἐνδύματος;
695 1237 787 1290 καὶ
819 1239 846 1291 ὀ
888 1235 1210 1299 Ἀπόστολος
1238 1235 1313 1300 δὲ,
1350 1232 1446 1302 Μὴ
1478 1229 1593 1287 οὖν
1620 1232 1735 1296 ,ϐα-

162 1328 449 1383 σιλευέτω
476 1331 515 1397 ἡ
546 1330 800 1399 ἁμαρτία
831 1330 901 1382 ἐν
932 1328 1013 1394 τῷ
1047 1326 1242 1397 θνητῷ
1283 1325 1450 1397 ὑμῶν
1490 1325 1737 1395 σώματι,

164 1419 368 1489 λέγων,
417 1419 576 1489 σῶμα
612 1418 901 1488 γινώσκειν
944 1420 1103 1474 τοῦτο
1141 1418 1170 1472 ὃ
1222 1407 1581 1489 περικείμεθα
1617 1432 1742 1469 συν-

166 1510 341 1581 ίστησι
358 1526 371 1539 ·
397 1511 491 1564 καὶ
519 1496 679 1563 πάλιν
697 1530 709 1541 ·
733 1513 798 1565 Et
828 1510 896 1563 δὲ
920 1511 987 1564 τὸ
1007 1511 1249 1580 Πνεῦμα
1273 1510 1379 1564 τοῦ
1400 1509 1741 1579 ἐγείραντος

179 1598 417 1666 Ἰησοῦν
444 1599 597 1653 οἰκεῖ
619 1600 690 1653 ἐν
719 1600 882 1670 ὑμῖν,
919 1605 950 1654 ὀ
981 1601 1217 1671 ἐγείρας
1255 1600 1513 1669 Χριστὸν
1534 1600 1607 1653 ἐκ
1645 1614 1741 1652 νε-

166 1689 325 1757 κρῶν
368 1687 715 1757 ζωοποιήσει
747 1691 846 1744 καὶ
899 1691 973 1745 τὰ
1007 1692 1195 1758 θνητὰ
1244 1690 1492 1760 σώματα
1541 1690 1735 1760 ὑμῶν·

1838 517 1941 554 non
1974 496 2210 552 introibit
2242 500 2522 567 sapientia,
2558 514 2649 552 nec
2678 495 2941 550 habitabit
2984 496 3041 549 in
3078 507 3295 563 corpore
3328 494 3422 547 ob-

1837 592 1999 646 noxio
2023 600 2258 659 peccato.

1911 681 2019 736 Sed
2046 691 2096 735 ct
2126 679 2268 750 apud
2301 678 2574 734 Danielem
2597 679 2674 734 ita
2700 679 2767 734 de
2793 677 3127 749 martyribus
3157 676 3423 746 scriptum

1838 784 1922 829 est
1955 792 1968 827 :
2013 771 2136 825 Non
2162 771 2467 825 dominatus
2502 781 2577 823 est
2611 771 2665 824 in
2696 771 2911 824 illorum
2954 785 3144 837 corpus
3184 769 3342 838 ignis,
3374 779 3424 819 et

1840 866 2062 935 capillus
2091 866 2278 932 capitis
2307 864 2523 917 illorum
2553 880 2656 916 non
2687 866 2817 915 arsit
2851 864 2891 915 ⁸.
2926 862 3053 917 Item
3092 864 3145 915 in
3179 859 3424 928 Evange-

1841 957 1915 1011 Iio
1949 956 2212 1010 Dominus
2244 973 2256 1008 :
2291 955 2573 1023 Propterea
2613 953 2732 1007 dico
2766 953 2906 1006 vobis
2936 967 2952 1003 :
2987 951 3167 1005 Nolite
3205 950 3424 1004 solliciti

1838 1064 1952 1103 esse
1984 1046 2109 1116 quid
2153 1045 2564 1109 manducabitis,
2599 1054 2692 1099 aut
2721 1043 2847 1115 quid
2894 1043 3201 1098 induemini.
3236 1039 3427 1094 Nonne

1842 1139 2023 1192 anima
2058 1136 2223 1205 pluris
2256 1147 2332 1190 est
2362 1153 2518 1207 quam
2551 1152 2691 1200 esca,
2745 1144 2793 1188 et
2847 1151 3036 1203 corpus
3072 1150 3230 1203 quam
3273 1135 3429 1187 uesti-

1843 1239 2073 1283 mentum
2100 1228 2162 1281 "?
2196 1226 2307 1282 Nec
2358 1228 2541 1282 minus
2596 1228 2893 1298 Apostolus
2929 1227 3013 1281 liis
3063 1224 3245 1280 verbis
3285 1244 3299 1279 :
3345 1224 3428 1279 Ne

1841 1321 2004 1391 igitur
2042 1330 2216 1391 regnet
2258 1331 2530 1390 peccatum
2572 1322 2626 1375 in
2680 1321 2898 1374 mortali
2934 1327 3103 1373 vestro
3147 1333 3361 1386 corpore
3385 1318 3428 1381 ⁸,

1841 1429 2043 1484 corpus
2088 1428 2147 1468 se
2189 1413 2255 1467 de
2304 1429 2390 1476 eo,
2424 1430 2532 1483 quo
2574 1412 2895 1467 circumdati
2931 1427 3143 1474 sumus,
3179 1412 3430 1480 accipere

1841 1505 2216 1572 demonstrat;
2258 1520 2321 1559 ac
2350 1520 2574 1559 rursum
2608 1520 2622 1556 :
2659 1503 2815 1571 Quod
2844 1505 2891 1557 si
2917 1502 3149 1573 Spiritus
3177 1503 3313 1571 ejus,
3339 1503 3432 1573 qui

1844 1598 2121 1653 suscitavit
2172 1595 2380 1661 Iesum,
2432 1596 2639 1650 habitat
2681 1598 2733 1649 in
2780 1594 2965 1660 vobis;
3013 1597 3103 1666 qui
3155 1595 3434 1649 suscitauit

1844 1686 2111 1742 Christum
2150 1706 2185 1742 α
2236 1690 2480 1755 mortuis,
2511 1688 2794 1758 viviﬁcabit
2839 1698 2887 1741 et
2929 1687 3179 1740 mortalia
3208 1702 3434 1755 corpora

166 1781 257 1833 καὶ
287 1780 479 1833 πάλιν·
526 1782 666 1836 Ἐὰν
694 1782 837 1850 εἴπῃ
872 1784 903 1835 ό
931 1757 1113 1848 ποῦς,
1146 1779 1238 1834 ὅτι
1287 1757 1408 1834 (lim
1448 1757 1740 1849 elytvzsip,

1942 1790 2024 1833 tra
2043 1779 2084 1831 ’.
2116 1776 2254 1833 Tum
2277 1780 2385 1833 alio
2404 1781 2524 1835 loco
2547 1800 2559 1834 :
2591 1779 2859 1834 Sidixerit
2881 1796 2968 1848 pes
2992 1793 3008 1832 :
3040 1778 3305 1844 Quoniam
3329 1796 3433 1832 non

162 1874 273 1925 οὐκ
296 1871 412 1940 εἰμὶ
433 1873 502 1925 ἐκ
525 1873 628 1926 τοῦ
653 1871 949 1941 σώματος,
966 1873 1042 1926 οὐ
1064 1872 1224 1940 παρὰ
1243 1871 1420 1925 τοῦτο
1443 1874 1554 1925 οὐκ
1577 1870 1750 1924 ἐστιν

160 1964 232 2017 ἐκ
276 1963 380 2016 τοῦ
417 1948 726 2033 σώματος’
759 1964 854 2017 καὶ
892 1963 1087 2017 πάλιν·
1124 1964 1236 2018 Καὶ
1269 1963 1357 2034 μὴ
1396 1963 1748 2031 ἀσθενήσας

176 2055 433 2124 Ἀϐραὰμ
482 2053 557 2124 τῇ
594 2057 830 2121 πίστει,
888 2057 960 2109 οὐ
1010 2056 1342 2122 κατενόησε
1408 2055 1472 2108 τὸ
1527 2051 1747 2107 ἑαυτοῦ

160 2146 333 2218 σῶμα
372 2149 811 2216 νεκρούμενον·
838 2147 931 2199 καὶ
974 2145 1166 2200 πάλιν·
1202 2146 1348 2212 Τοὺς
1372 2144 1482 2216 γὰρ
1516 2143 1749 2212 πάντας

162 2236 321 2307 ἡμᾶς
366 2236 781 2307 φανερωθῆναι
813 2236 910 2290 δεῖ
948 2235 1291 2305 ἔμπροσθεν
1325 2235 1429 2289 τοῦ
1473 2235 1749 2304 βήματος

160 2329 269 2384 τοῦ
300 2330 581 2398 Χριστοῦ,
610 2332 711 2383 ἵνα
749 2330 1071 2399 κομίσηται
1099 2328 1359 2394 ἕκαστος
1413 2328 1487 2381 τὰ
1518 2326 1616 2382 διὰ
1642 2327 1749 2382 τοῦ

160 2420 460 2490 σώματος,
493 2422 644 2489 πρὸς
681 2420 716 2475 ἂ
745 2421 1004 2489 ἔπραξε·
1035 2422 1130 2475 καὶ
1158 2420 1321 2474 πάλιν
1342 2435 1356 2449 ’
1390 2421 1461 2472 Al
1482 2417 1599 2487 μὲν
1620 2419 1749 2473 ἐπι-

158 2513 378 2567 στολαὶ
406 2513 645 2581 βαρεῖαι
682 2514 779 2567 καὶ
813 2514 1077 2584 ἰσχυραὶ,
1114 2515 1152 2583 ἡ
1196 2513 1265 2567 δὲ
1307 2511 1613 2584 παρουσία
1643 2512 1751 2567 τοῦ

159 2604 440 2675 σώματος
462 2605 755 2673 ἀσθενής·
796 2606 890 2660 καὶ
924 2606 1086 2660 πάλιν
1107 2624 1120 2637 ο
1158 2602 1301 2660 Οἶδα
1336 2605 1654 2675 ἄνθρωπον
1683 2605 1753 2659 ἐν

160 2697 396 2766 Χριστῷ
422 2698 535 2767 πρὸ
559 2697 712 2752 ἐτῶν
748 2697 1233 2767 δεκατεσσάρων,
1264 2698 1385 2752 εἴτε
1420 2700 1491 2753 ἐν
1526 2696 1753 2768 σώματι

160 2792 276 2845 οὐκ
305 2787 457 2855 οῖδα,
486 2790 606 2844 εἴτε
645 2790 820 2858 ἐκτὸς
858 2790 967 2845 τοῦ
1016 2789 1289 2860 σώματος
1318 2792 1429 2845 οὐκ
1463 2790 1621 2845 οῖδα·
1658 2790 1754 2844 καὶ

163 2885 331 2939 πάλιν
355 2902 369 2914 ·
395 2884 596 2950 Οὕτως
640 2884 1009 2962 ὀφείλουσιν
1033 2886 1088 2937 οί
1117 2883 1334 2952 ἄνδρες
1370 2881 1611 2952 ἀγαπᾷν
1648 2885 1753 2949 τὰς

162 2980 396 3036 ἑαυτῶν
442 2978 732 3051 γυναῖκας
756 3019 771 3044 ,
820 2979 902 3045 ὡς
939 2977 1010 3032 τὰ
1061 2978 1293 3033 ἑαυτῶν
1337 2978 1609 3046 σώματαο
1660 2977 1753 3030 καὶ

163 3073 363 3128 πάλιν·
414 3072 607 3139 Αὐτὸς
650 3071 720 3125 δὲ
767 3074 800 3124 d
863 3072 1008 3138 Θεὸς
1067 3069 1180 3140 τῆς
1219 3070 1464 3138 εἰρήνης
1509 3068 1751 3139 ἁγιάσαι
1780 3089 1822 3147 c

162 3163 323 3234 ὑμᾶς
356 3159 658 3228 ὁλοτελῶς
679 3177 692 3191 ο
717 3161 818 3216 καὶ
838 3164 1181 3230 ὁλόκληρον
1204 3162 1372 3231 ὑμῶν
1397 3161 1465 3215 τὸ
1496 3160 1752 3230 πνεῦμα,

163 3255 273 3310 καὶ
306 3257 344 3324 η
384 3254 576 3324 ψυχὴ,
604 3253 702 3308 καὶ
735 3253 801 3307 τὸ
840 3253 1012 3323 σῶμα
1050 3254 1367 3324 ἀμέμπτως
1395 3252 1464 3306 ἐν
1490 3251 1565 3323 τῇ
1605 3268 1756 3322 παρ-

163 3350 352 3417 ουσία
397 3348 506 3403 τοῦ
548 3349 772 3416 Κυρίου
819 3344 990 3416 ἡμῶν
1039 3345 1237 3414 Ἰησοῦ
1274 3344 1535 3413 Χριστοῦ
1583 3362 1759 3413 τηρη-

163 3443 324 3508 θείη.
353 3443 415 3494 Οἱ
453 3440 511 3494 δὲ
551 3439 811 3508 ἀσφαλῶς
839 3439 900 3493 οὐ
941 3439 1236 3509 νοήσαντες
1274 3437 1479 3491 τούτων
1525 3436 1676 3490 οὐδὲν
1700 3440 1757 3491 ὲν

166 3533 321 3604 σάλῳ
350 3533 446 3587 καὶ
473 3534 685 3604 ταραχῇ
720 3530 984 3601 φέρεσθαι
1036 3530 1128 3583 τὸν
1187 3528 1508 3584 Ἀπόστολον
1553 3528 1758 3583 ὑπέλα-

164 3626 284 3690 ϐον,
308 3624 384 3688 ὡς
412 3624 601 3677 στάσιν
630 3621 795 3677 αὐτοῦ
831 3621 930 3685 τὰς
961 3621 1270 3693 διανοήσεις
1308 3621 1417 3675 τῶν
1448 3620 1623 3690 λόγων
1664 3620 1759 3674 καὶ

1851 1888 1967 1925 sum
2003 1888 2213 1931 manus,
2234 1871 2394 1942 581
2422 1889 2526 1926 non
2552 1888 2668 1926 sum
2694 1888 2757 1926 ea:
2782 1888 3031 1940 corpore;
3052 1889 3153 1926 non
3185 1871 3299 1926 ideo
3331 1890 3435 1925 non

1847 1972 1923 2015 est
1952 1977 2015 2015 ex
2033 1978 2252 2031 corpore
2280 1963 2343 2015 ιο.
2367 1960 2497 2017 Item
2543 1980 2555 2016 :
2602 1960 2669 2015 Et
2703 1979 2806 2015 non
2841 1963 3141 2032 inﬁrmatus
3167 1962 3435 2016 Abraham

1850 2051 1993 2120 ﬁde,
2046 2068 2149 2106 non
2180 2051 2552 2105 animadvertit
2605 2068 2793 2121 corpus
2856 2068 3011 2107 suum
3058 2064 3324 2106 mortuum
3370 2052 3434 2105 “.

1852 2143 2101 2197 Deinde:
2138 2142 2280 2195 Nam
2315 2137 2410 2199 nos
2456 2159 2631 2197 omnes
2684 2144 3020 2213 manifestari
3068 2153 3270 2213 oportet
3315 2154 3438 2196 ante

1853 2234 2087 2288 tribunal
2127 2232 2365 2297 Christi,
2421 2244 2477 2287 ut
2531 2235 2723 2301 referat
2776 2236 3130 2305 unusquisque
3179 2251 3295 2305 qua:
3344 2250 3437 2299 per

1851 2342 2070 2395 corpus,
2126 2325 2410 2379 secundum
2466 2341 2583 2396 qua:
2625 2327 2785 2398 gessit
2846 2328 2905 2380 ι’.
2943 2327 3073 2381 Item
3117 2345 3130 2382 :
3184 2324 3437 2395 Epistolas

1850 2419 2059 2490 quidem
2118 2435 2299 2489 graves
2359 2428 2409 2473 et
2461 2418 2658 2488 fortes,
2708 2421 2992 2489 praesentia
3035 2437 3155 2475 vero
3204 2425 3436 2491 corporis

1853 2510 2118 2564 imbecilla
2149 2512 2209 2567 ’³.
2242 2511 2323 2565 Ad
2360 2512 2475 2566 haec
2503 2532 2514 2567 :
2550 2510 2672 2568 Scio
2711 2512 2970 2567 hominem
2997 2514 3049 2567 in
3077 2511 3287 2568 Christo
3318 2526 3438 2570 ante

1854 2616 2019 2654 annos
2049 2602 2464 2670 quatuordecim,
2494 2604 2599 2658 sive
2643 2605 2694 2658 in
2733 2621 2950 2674 corpore
2983 2609 3176 2675 nescio,
3209 2610 3314 2663 sire
3345 2625 3439 2664 ea:-

1855 2700 1937 2744 tra
1969 2707 2155 2760 corpus
2202 2696 2373 2748 nescio
2402 2694 2467 2749 “.
2507 2695 2638 2751 Item
2676 2715 2690 2750 :
2732 2697 2823 2752 Sic
2865 2697 3047 2753 debent
3081 2702 3178 2753 viri
3219 2701 3437 2772 diligere

1854 2799 2045 2838 uxores
2071 2802 2218 2848 suas,
2255 2795 2502 2857 tanquam
2535 2804 2634 2843 sua
2661 2804 2881 2858 corpora
2905 2790 3250 2847 ".Pr-.eterea
3280 2793 3438 2864 :Ipse

1856 2885 2029 2931 autem
2058 2875 2199 2932 Deus
2227 2881 2374 2947 pacis
2414 2881 2712 2951 sanctiﬁcet
2746 2898 2833 2937 vos
2861 2884 3109 2951 penitus;
3149 2895 3200 2940 et
3243 2887 3441 2957 integer

1855 2978 2020 3023 vester
2044 2971 2285 3039 spiritus,
2327 2980 2375 3026 et
2417 2972 2598 3026 anima
2647 2982 2698 3028 et
2743 2991 2932 3044 corpus
2978 2975 3089 3031 sine
3134 2980 3345 3048 querela
3386 2981 3440 3033 in

1855 3063 2079 3118 adventu
2138 3062 2351 3141 Domini
2399 3066 2570 3119 nostri
2606 3064 2736 3121 Iesu
2784 3066 2984 3124 Christi
3021 3082 3251 3128 seruetur
3285 3073 3347 3129 ιθ.
3373 3075 3443 3128 At

1856 3154 1949 3224 qui
2005 3153 2143 3208 nihil
2198 3154 2393 3209 horum
2461 3166 2716 3213 accurate
2777 3160 3125 3232 intelligunt,
3180 3161 3445 3219 ﬂuctuare

1856 3244 2178 3316 Apostolum
2215 3260 2279 3302 ac
2313 3249 2628 3319 perturbate
2653 3249 2782 3305 ferri
2806 3238 3146 3322 iudicarunt,
3178 3263 3443 3328 tanquam

1856 3338 2005 3393 illius
2043 3353 2237 3393 sensus
2276 3354 2339 3394 ac
2374 3340 2664 3397 verborum
2698 3346 2981 3402 sententiae
3013 3347 3310 3405 stabilitate
3347 3351 3443 3404 tir-

1859 3431 2159 3502 mitateque
2206 3433 2425 3502 penitus
2492 3444 2771 3504 carerent,
2830 3454 3003 3510 eaque
3070 3444 3449 3513 pronuntiaret

1863 3544 1984 3601 quae
2019 3528 2251 3585 subinde
2287 3538 2736 3600 retractarentur,
2769 3534 2918 3589 velut
2956 3536 3230 3593 interdum
3266 3555 3451 3595 resur—

1863 3638 1992 3693 gere
2019 3639 2264 3689 carnem,
2305 3624 2580 3681 interdum
2606 3644 2718 3683 non
2744 3644 3050 3701 resurgere.

166 3717 337 3792 ἕδραν
364 3720 466 3772 οὐκ
508 3716 761 3789 ἐχούσας,
793 3716 932 3771 ἀλλὰ
982 3716 1360 3780 ἀναπλεούσας
1412 3715 1526 3770 ἀνω
1561 3715 1655 3770 καὶ
1696 3716 1871 3783 κάτω,
1911 3718 2007 3771 καὶ
2066 3718 2363 3790 όμιλούσας
2416 3721 2786 3795 παλίμφημα,
2840 3726 2929 3780 ὁτὲ
2974 3725 3074 3796 μὲν
3129 3726 3228 3798 τὴν
3270 3729 3449 3801 σάρκα

163 3810 516 3874 ἀνίστασθαι,
548 3809 638 3862 ὁτὲ
681 3808 738 3861 δὲ
782 3808 883 3861 οὐκ
924 3807 1264 3862 ἀνίστασθαι.

241 3904 372 3957 ΝΕ’.
406 3900 569 3964 Ὅθεν
599 3900 687 3953 ἴνα
740 3899 815 3970 μὴ
851 3898 1197 3970 παραλειφθῇ
1227 3897 1335 3952 τῶν
1376 3897 1761 3970 προταθέντων

169 3993 315 4067 μηδὲ
345 3991 424 4058 ἓν,
450 3992 602 4054 ὅπως
623 3989 822 4054 τελέως
853 3990 1206 4062 ὲκτέμνωμεν
1230 3989 1419 4062 ὕδραν,
1449 3992 1528 4056 εἰς
1548 3990 1607 4044 τὸ
1630 4008 1764 4063 προ-

165 4086 432 4157 κείμενον
473 4082 636 4137 πάλιν
670 4082 1131 4155 ὲπανελεύσομαι.
1169 4082 1399 4153 Ἐφεξῆς
1431 4083 1560 4155 γὰρ,
1596 4083 1768 4139 καθά-

165 4192 283 4246 περ
306 4173 644 4244 ὑπεσχόμην,
668 4172 853 4227 καὶτὰ
873 4170 1011 4226 ἄλλα.
1033 4170 1442 4244 προσαποροῢσι
1471 4172 1762 4241 κεφάλαια.

165 4263 346 4330 Αὖθις
376 4262 468 4319 οὖν
506 4265 602 4319 καὶ
631 4264 667 4318 ἀ
696 4264 801 4336 χρὴ
837 4264 975 4335 πρὸς
1008 4262 1149 4317 αὐτὰ
1175 4262 1430 4333 λέγεσθαι
1453 4262 1763 4330 ἀποδείξας,

1930 3896 2039 3953 LV.
2076 3899 2438 3966 Quamobrem
2478 3915 2549 3956 ne
2580 3900 2660 3955 vel
2684 3900 2918 3961 minima
2949 3917 3078 3975 pars
3105 3920 3293 3962 eorum
3324 3925 3449 3981 quae

1859 3993 2138 4062 proposita
2185 3998 2335 4058 sunt,
2377 3993 2861 4063 praetermittatur,
2915 4003 3080 4067 atque
3123 4006 3181 4053 ut
3216 4002 3446 4073 hydram

1859 4082 2033 4153 ipsam
2063 4087 2287 4138 omnino
2327 4084 2694 4150 succidamus,
2730 4086 2798 4140 ad
2829 4087 2883 4142 id
2912 4090 3058 4159 quod
3078 4100 3206 4147 erat
3241 4110 3446 4165 propo-

1862 4175 2026 4230 situm
2078 4182 2343 4230 revertar.
2388 4174 2657 4248 Deinceps
2707 4178 2875 4243 enim,
2901 4188 2962 4235 ut
3000 4185 3361 4251 ostendimus,
3393 4195 3448 4241 et

1861 4266 1917 4321 in
1946 4266 2069 4322 aliis
2098 4266 2425 4338 quibusdam
2467 4269 2741 4340 capitibus
2771 4272 3165 4330 dubitationem
3206 4289 3444 4336 movent.

164 4358 446 4414 ἀκόλουθα
476 4358 813 4429 παραστήσω
840 4354 1020 4410 αὐτῶν
1065 4354 1080 4386 ⁸
1116 4356 1209 4409 καὶ
1241 4355 1507 4427 σύμφωνα
1549 4358 1628 4426 εἰς
1660 4355 1740 4427 τὴπ

1942 4375 2054 4430 ,que
2086 4359 2252 4416 simul
2275 4370 2442 4432 atque
2480 4360 2946 4434 demonstravero,
2978 4384 3224 4439 quaenam
3257 4373 3450 4429 adver-

167 4450 308 4520 περὶ
346 4450 444 4520 τῆς
493 4447 842 4509 ἀναστάσεως
868 4446 967 4517 τῆς
1016 4447 1217 4521 σαρκὸς
1251 4447 1436 4501 πίστιν
1474 4447 1570 4502 καὶ
1620 4445 1761 4501 αὐτά

164 4540 456 4610 εἰρηκότα.
489 4541 689 4610 Ἴωμεν
711 4538 776 4611 δὴ
806 4533 899 4591 οὖν
941 4539 960 4569 ⁹
999 4538 1036 4594 ἃ
1055 4539 1116 4593 τὸ
1149 4539 1364 4610 πρῶτον
1384 4542 1463 4605 εἰς
1489 4541 1579 4594 τὸν
1604 4540 1764 4593 Ἀπό-

168 4632 368 4688 στολον
400 4631 754 4704 προήχθημεν
807 4632 1005 4685 εἰπεῖν.
1050 4631 1123 4685 Τὸ
1165 4632 1296 4703 γὰρ,
1336 4634 1484 4703 Ἐγὼ
1517 4632 1585 4686 δὲ
1620 4629 1764 4694 ἔζων

166 4724 361 4797 χωρὶς
396 4727 584 4793 νόμου
619 4724 797 4790 ποτὲ,
850 4723 1042 4796 λεχθὲν
1083 4724 1232 4796 αὐτῷ
1278 4724 1409 4789 ἄνω,
1461 4723 1559 4796 τὴν
1601 4726 1659 4780 ὲν
1685 4723 1765 4796 τῷ

167 4814 516 4886 παραδείσῳ,
540 4813 797 4879 καθάπαξ
829 4815 850 4847 ⁸
881 4814 940 4882 ἐξ
965 4816 1140 4888 ἀρχῆς
1170 4815 1506 4888 ὑπεθέμεθα,
1537 4815 1643 4889 πρὸ
1664 4815 1767 4887 τῆς

165 4904 404 4974 ἐντολῆς
426 4946 442 4968 ,
495 4905 596 4957 οὐκ
620 4906 778 4970 ἐκτὸς
821 4906 1074 4978 σώματος
1096 4948 1112 4973 ,
1152 4909 1290 4977 ἀλλὰ
1322 4909 1459 4980 μετὰ
1511 4908 1761 4981 σώματος

168 4997 340 5070 ήμῶν
375 4999 432 5050 ὲν
479 4999 595 5061 τοῖς
648 4999 1095 5068 πρωτοπλάστοις
1124 5001 1401 5073 διαγωγὴν
1446 5004 1761 5075 παρεγγυᾷ.

181 5088 414 5160 Ἐπειδὴ
452 5086 558 5158 πρὸ
605 5087 699 5141 τοῦ
732 5087 953 5159 δοθῆναι
990 5092 1091 5163 τὴν
1126 5092 1367 5163 ἐντολὴν,
1400 5091 1529 5162 χοῦν
1558 5094 1588 5144 ὁ
1631 5092 1764 5156 Θεὸς

167 5181 291 5236 ἀπὸ
321 5181 423 5252 τῆς
454 5181 557 5251 γῆς
584 5179 787 5245 λαϐὼν,
827 5180 1029 5235 ἔπλασε
1057 5182 1148 5236 τὸν
1177 5182 1464 5255 ἄνθρωπον
1485 5198 1499 5213 °
1523 5183 1681 5246 ἐκτός
1705 5198 1765 5236 τε

167 5273 480 5344 ἐπιθυμίας
510 5273 793 5344 διήγομεν,
821 5274 881 5327 οὐ
915 5273 1275 5343 γινώσκοντες
1304 5276 1440 5339 ὅλως
1465 5274 1763 5346 ἐπιθυμίας

168 5365 381 5434 ἀλόγου
434 5365 759 5438 προσϐολαῖς
799 5365 843 5432 ⁸,
908 5366 1236 5439 βιαζομένης
1289 5368 1437 5439 ἡμᾶς
1487 5366 1763 5431 ἑλκτικαῖς

175 5456 391 5527 ἡδονῶν
422 5461 796 5530 περιαγωγαῖς
823 5458 960 5531 πρὸς
988 5461 1280 5530 ἀκρασίαν.
1302 5460 1374 5513 Τὸ
1402 5459 1512 5531 γὰρ
1539 5459 1613 5530 μὴ
1640 5457 1763 5529 ἕχον

263 5591 286 5624 ⁸
318 5588 388 5646 F.
421 5592 601 5647 αὐτόν.

173 5661 202 5693 ⁷
240 5660 437 5717 Matth.
470 5678 547 5722 Vl.
586 5662 678 5717 23.

177 5730 279 5788 i0.
360 5734 402 5766 ⁸³
424 5733 467 5788 Il
502 5732 628 5787 Cor.
658 5749 715 5796 χ,
751 5732 837 5787 10.
956 5734 998 5765 ίδ
1027 5734 1065 5787 ll
1099 5734 1225 5791 Cor.
1258 5750 1356 5801 xn,
1390 5734 1445 5786 2.

512 5853 775 5943 Parant.
827 5854 946 5913 Gn.
978 5853 1142 5915 XLI.

701 5594 723 5625 ’
755 5591 915 5664 Deest
970 5594 1055 5664 ἐφ’
1090 5594 1174 5650 vel
1202 5595 1301 5658 εἰς.

1379 5593 1401 5663 ξ
1440 5592 1563 5648 Cor.
1608 5590 1880 5663 καθάπερ.

750 5662 774 5695 ⁸
805 5663 962 5718 Rom.
1007 5662 1085 5723 in.
1132 5667 1221 5719 Η.
1297 5665 1318 5696 ³
1375 5662 1536 5718 Rom.
1573 5679 1695 5723 vm,
1748 5662 1837 5719 ll.

1860 4467 1954 4509 sus
1990 4451 2080 4505 illa
2123 4451 2356 4522 proponi
2394 4453 2648 4519 debeant,
2693 4456 2872 4525 palam
2912 4458 3058 4514 istud
3110 4460 3307 4516 iaciam
3345 4465 3452 4519 :de

1857 4544 2284 4600 resurrectionis
2341 4546 2525 4601 carnis
2607 4545 2711 4603 ﬁde
2769 4562 3138 4608 consentanea
3189 4555 3339 4608 illum
3387 4571 3453 4612 ac

1859 4634 2251 4704 consequentia
2279 4633 2506 4692 dixisse.
2546 4635 2790 4692 Primum
2837 4639 3006 4710 igitur
3036 4642 3101 4697 ad
3142 4643 3233 4697 illa
3263 4648 3451 4700 venia-

1861 4743 2006 4792 mus,
2035 4743 2155 4797 quse
2181 4726 2249 4781 de
2284 4725 2544 4798 Apostolo
2582 4728 2893 4798 injecimus.
2945 4731 3081 4786 Nam
3111 4735 3257 4804 quod
3284 4737 3351 4789 ab
3385 4754 3447 4791 eo

1865 4826 2022 4874 antea
2057 4817 2263 4872 dictum
2309 4828 2414 4885 est,
2462 4817 2574 4890 Ego
2619 4836 2739 4874 vero
2784 4823 3016 4877 vivebam
3047 4825 3159 4879 sine
3194 4825 3301 4897 lege
3342 4828 3449 4881 ali-

1861 4907 2071 4979 quando
2105 4909 2168 4975 ",
2192 4909 2360 4964 vitam
2390 4910 2538 4965 illam
2577 4913 2838 4981 ostendit,
2863 4931 3026 4987 quam
3058 4918 3112 4972 in
3138 4919 3329 4989 primis
3360 4937 3452 4973 nu-

1861 5000 1993 5055 stris
2025 5001 2342 5070 parentibus
2389 5008 2517 5058 ante
2563 5013 2894 5076 praiceptum
2940 5009 3025 5080 (ut
3072 5009 3229 5065 initio
3261 5011 3451 5067 docui-

1862 5094 2006 5156 mus)
2038 5095 2094 5149 in
2124 5096 2379 5165 paradiso
2414 5097 2691 5162 duximus,
2736 5114 2843 5154 non
2885 5108 3040 5156 extra
3088 5118 3308 5173 corpus,
3356 5106 3451 5159 sed

1865 5186 1921 5241 in
1950 5200 2179 5256 corpore
2206 5184 2383 5243 fuisse
2415 5197 2768 5244 transactam.
2802 5191 2943 5247 Ante
2976 5193 3122 5247 enim
3154 5210 3316 5264 quam
3343 5199 3454 5252 edi.

1868 5284 2018 5331 ctum
2050 5274 2292 5343 daretur,
2334 5278 2464 5333 limo
2498 5279 2567 5336 de
2610 5289 2755 5337 terra
2797 5292 3014 5354 sumpto
3051 5287 3325 5343 hominem
3367 5289 3449 5343 ef-

1871 5368 2061 5436 ﬁnxit;
2119 5383 2183 5425 ac
2225 5376 2342 5425 tum
2392 5371 2463 5426 ab
2492 5373 2641 5428 omni
2688 5375 2986 5445 cupiditate
3035 5379 3192 5434 liberi
3236 5381 3453 5449 viveba-

1870 5474 1994 5515 mus
2021 5501 2036 5527 ,
2068 5475 2192 5516 cum
2224 5461 2439 5518 ratione
2474 5462 2750 5520 destituta;
2797 5467 3139 5538 cupiditatis,
3180 5487 3300 5543 quae
3348 5488 3452 5532 nos

1986 5592 2014 5671 ξ
2152 5593 2474 5671 προσϐολάς.
2529 5596 2757 5671 utSap.
2792 5616 2832 5662 ι,
2863 5600 2916 5653 4.
3021 5603 3042 5634 ⁸
3072 5601 3207 5659 Dan.
3247 5614 3328 5671 in,
3362 5606 3451 5660 94.

1921 5662 2313 5743 ηλξϐοιτςξιι.
2363 5666 2447 5719 15.
2526 5662 2971 5743 ¹¹Δῐξοιίι.-ν,19,
3054 5674 3095 5705 ’³
3126 5673 3169 5728 ll
3213 5662 3346 5731 Cor.
3395 5691 3448 5743 ν.
3544 5732 3547 5733 ν

1561 5734 1602 5765 ⁸³
1632 5731 1833 5802 Ephcs.
1878 5747 1932 5799 ν,
1958 5731 2048 5788 23.

2149 5734 2190 5765 ¹⁶
2217 5733 2451 5791 lTbess.
2481 5753 2534 5804 ν,
2584 5738 2676 5794 25.
2710 5741 2798 5815 Vp"
2831 5740 2991 5797 Rom.
3023 5758 3120 5809 vn,
3150 5744 3204 5800 9.

3055 5856 3135 5918 37
