  <div class='ocr_page' id='page_1' title='image "/cluster/home/n/w/nwhite01/storage/ocr_20150623/41/mdp.39015008169818/603.png"; bbox 0 0 3794 6144; ppageno 0'>
   <div class='ocr_carea' id='block_1_1' title="bbox 384 186 521 242">
    <p class='ocr_par' dir='ltr' id='par_1_1' title="bbox 384 186 521 242">
     <span class='ocr_line' id='line_1_1' title="bbox 384 186 521 242; baseline 0.036 -5"><span class='ocrx_word' id='word_1_1' title='bbox 384 186 521 242; x_wconf 76' lang='lat' dir='ltr'><strong>H63</strong></span> 
     </span>
    </p>
   </div>
   <div class='ocr_carea' id='block_1_2' title="bbox 1774 184 2202 241">
    <p class='ocr_par' dir='ltr' id='par_1_2' title="bbox 1774 184 2202 241">
     <span class='ocr_line' id='line_1_2' title="bbox 1774 184 2202 241; baseline 0.005 -2"><span class='ocrx_word' id='word_1_2' title='bbox 1774 184 1833 240; x_wconf 89' lang='lat' dir='ltr'><strong>S.</strong></span> <span class='ocrx_word' id='word_1_3' title='bbox 1863 184 2202 241; x_wconf 77' lang='lat' dir='ltr'><strong>EPIPHANII</strong></span> 
     </span>
    </p>
   </div>
   <div class='ocr_carea' id='block_1_3' title="bbox 3518 198 3643 254">
    <p class='ocr_par' dir='ltr' id='par_1_3' title="bbox 3518 198 3643 254">
     <span class='ocr_line' id='line_1_3' title="bbox 3518 198 3643 254; baseline 0.016 -3"><span class='ocrx_word' id='word_1_4' title='bbox 3518 198 3643 254; x_wconf 69' lang='lat'><strong>“65</strong></span> 
     </span>
    </p>
   </div>
   <div class='ocr_carea' id='block_1_4' title="bbox 378 302 1876 384">
    <p class='ocr_par' dir='ltr' id='par_1_4' title="bbox 378 302 1876 375">
     <span class='ocr_line' id='line_1_4' title="bbox 378 302 1876 375; baseline -0.001 -19"><span class='ocrx_word' id='word_1_5' title='bbox 378 304 593 360; x_wconf 80' lang='lat' dir='ltr'><strong>blandis</strong></span> <span class='ocrx_word' id='word_1_6' title='bbox 619 304 951 375; x_wconf 77' lang='lat' dir='ltr'><strong>voluptatum</strong></span> <span class='ocrx_word' id='word_1_7' title='bbox 987 302 1255 359; x_wconf 82' lang='lat' dir='ltr'><strong>illecebris</strong></span> <span class='ocrx_word' id='word_1_8' title='bbox 1293 302 1360 358; x_wconf 92' lang='lat' dir='ltr'><strong>ad</strong></span> <span class='ocrx_word' id='word_1_9' title='bbox 1391 302 1671 358; x_wconf 86' lang='lat' dir='ltr'><strong>libidinem</strong></span> <span class='ocrx_word' id='word_1_10' title='bbox 1704 303 1876 372; x_wconf 82' lang='lat' dir='ltr'><strong>impell</strong></span> 
     </span>
    </p>
   </div>
   <div class='ocr_carea' id='block_1_5' title="bbox 2147 302 3645 384">
    <p class='ocr_par' dir='ltr' id='par_1_5' title="bbox 2147 304 3645 384">
     <span class='ocr_line' id='line_1_5' title="bbox 2147 304 3645 384; baseline 0.009 -29"><span class='ocrx_word' id='word_1_11' title='bbox 2147 304 2358 377; x_wconf 78' lang='grc' dir='ltr'>ρισμδν,</span> <span class='ocrx_word' id='word_1_12' title='bbox 2400 305 2519 360; x_wconf 85' lang='grc' dir='ltr'>καθ’</span> <span class='ocrx_word' id='word_1_13' title='bbox 2553 306 2610 359; x_wconf 76' lang='grc' dir='ltr'><strong>δν</strong></span> <span class='ocrx_word' id='word_1_14' title='bbox 2652 307 2734 361; x_wconf 72' lang='grc' dir='ltr'>δεῖ</span> <span class='ocrx_word' id='word_1_15' title='bbox 2776 308 3179 376; x_wconf 81' lang='grc' dir='ltr'>πολιτεύεσθαι,</span> <span class='ocrx_word' id='word_1_16' title='bbox 3224 312 3365 384; x_wconf 87' lang='grc' dir='ltr'><strong>μηδέ</strong></span> <span class='ocrx_word' id='word_1_17' title='bbox 3402 311 3645 379; x_wconf 72' lang='grc' dir='ltr'><strong>ἐξουσίαν</strong></span> 
     </span>
    </p>
   </div>
   <div class='ocr_carea' id='block_1_6' title="bbox 377 393 1959 465">
    <p class='ocr_par' dir='ltr' id='par_1_6' title="bbox 377 393 1959 465">
     <span class='ocr_line' id='line_1_6' title="bbox 377 393 1959 465; baseline 0.001 -17"><span class='ocrx_word' id='word_1_18' title='bbox 377 411 445 451; x_wconf 93' lang='lat' dir='ltr'><strong>ne</strong></span> <span class='ocrx_word' id='word_1_19' title='bbox 473 396 718 450; x_wconf 92' lang='lat' dir='ltr'><strong>notitiam</strong></span> <span class='ocrx_word' id='word_1_20' title='bbox 746 395 959 465; x_wconf 78' lang='lat' dir='ltr'><strong>quidem</strong></span> <span class='ocrx_word' id='word_1_21' title='bbox 992 396 1330 450; x_wconf 84' lang='lat' dir='ltr'><strong>haberemus.</strong></span> <span class='ocrx_word' id='word_1_22' title='bbox 1364 393 1500 447; x_wconf 87' lang='lat' dir='ltr'><strong>Nam</strong></span> <span class='ocrx_word' id='word_1_23' title='bbox 1533 393 1677 463; x_wconf 90' lang='lat' dir='ltr'><strong>quod</strong></span> <span class='ocrx_word' id='word_1_24' title='bbox 1709 401 1857 447; x_wconf 88' lang='lat' dir='ltr'><strong>certa</strong></span> <span class='ocrx_word' id='word_1_25' title='bbox 1893 410 1959 449; x_wconf 90' lang='lat' dir='ltr'><strong>ac</strong></span> 
     </span>
    </p>
   </div>
   <div class='ocr_carea' id='block_1_7' title="bbox 377 484 1955 558">
    <p class='ocr_par' dir='ltr' id='par_1_7' title="bbox 377 484 1955 558">
     <span class='ocr_line' id='line_1_7' title="bbox 377 484 1955 558; baseline -0.002 -19"><span class='ocrx_word' id='word_1_26' title='bbox 377 487 598 542; x_wconf 86' lang='lat' dir='ltr'><strong>definita</strong></span> <span class='ocrx_word' id='word_1_27' title='bbox 644 489 759 558; x_wconf 85' lang='lat' dir='ltr'><strong>lege</strong></span> <span class='ocrx_word' id='word_1_28' title='bbox 805 495 973 549; x_wconf 91' lang='lat' dir='ltr'><strong>caret,</strong></span> <span class='ocrx_word' id='word_1_29' title='bbox 1009 485 1072 540; x_wconf 89' lang='lat' dir='ltr'><strong>ad</strong></span> <span class='ocrx_word' id='word_1_30' title='bbox 1123 500 1285 555; x_wconf 90' lang='lat' dir='ltr'><strong>quam</strong></span> <span class='ocrx_word' id='word_1_31' title='bbox 1335 484 1749 539; x_wconf 88' lang='lat' dir='ltr'><strong>accommodare</strong></span> <span class='ocrx_word' id='word_1_32' title='bbox 1785 485 1955 537; x_wconf 91' lang='lat' dir='ltr'><strong>vitam</strong></span> 
     </span>
    </p>
   </div>
   <div class='ocr_carea' id='block_1_8' title="bbox 376 572 1952 647">
    <p class='ocr_par' dir='ltr' id='par_1_8' title="bbox 376 572 1952 647">
     <span class='ocr_line' id='line_1_8' title="bbox 376 572 1952 647; baseline -0.001 -20"><span class='ocrx_word' id='word_1_33' title='bbox 376 585 647 647; x_wconf 91' lang='lat' dir='ltr'><strong>oporteat,</strong></span> <span class='ocrx_word' id='word_1_34' title='bbox 686 592 860 647; x_wconf 90' lang='lat' dir='ltr'><strong>neque</strong></span> <span class='ocrx_word' id='word_1_35' title='bbox 912 576 1080 630; x_wconf 87' lang='lat' dir='ltr'><strong>libera</strong></span> <span class='ocrx_word' id='word_1_36' title='bbox 1124 574 1334 629; x_wconf 86' lang='lat' dir='ltr'><strong>arbitrii</strong></span> <span class='ocrx_word' id='word_1_37' title='bbox 1383 573 1639 628; x_wconf 76' lang='lat' dir='ltr'><strong>facultate</strong></span> <span class='ocrx_word' id='word_1_38' title='bbox 1668 572 1952 643; x_wconf 65' lang='lat' dir='ltr'><strong>praeditum</strong></span> 
     </span>
    </p>
   </div>
   <div class='ocr_carea' id='block_1_9' title="bbox 373 663 1954 737">
    <p class='ocr_par' dir='ltr' id='par_1_9' title="bbox 373 663 1954 737">
     <span class='ocr_line' id='line_1_9' title="bbox 373 663 1954 737; baseline -0.003 -17"><span class='ocrx_word' id='word_1_39' title='bbox 373 676 478 731; x_wconf 84' lang='lat' dir='ltr'><strong>est,</strong></span> <span class='ocrx_word' id='word_1_40' title='bbox 508 674 566 722; x_wconf 93' lang='lat' dir='ltr'><strong>ut</strong></span> <span class='ocrx_word' id='word_1_41' title='bbox 593 667 659 721; x_wconf 91' lang='lat' dir='ltr'><strong>ad</strong></span> <span class='ocrx_word' id='word_1_42' title='bbox 689 667 833 737; x_wconf 92' lang='lat' dir='ltr'><strong>quod</strong></span> <span class='ocrx_word' id='word_1_43' title='bbox 866 666 993 721; x_wconf 89' lang='lat' dir='ltr'><strong>velit</strong></span> <span class='ocrx_word' id='word_1_44' title='bbox 1028 682 1085 721; x_wconf 92' lang='lat' dir='ltr'><strong>se</strong></span> <span class='ocrx_word' id='word_1_45' title='bbox 1115 664 1329 719; x_wconf 87' lang='lat' dir='ltr'><strong>vivendi</strong></span> <span class='ocrx_word' id='word_1_46' title='bbox 1373 678 1544 734; x_wconf 89' lang='lat' dir='ltr'><strong>genus</strong></span> <span class='ocrx_word' id='word_1_47' title='bbox 1579 663 1846 733; x_wconf 81' lang='lat' dir='ltr'><strong>applicet;</strong></span> <span class='ocrx_word' id='word_1_48' title='bbox 1887 676 1954 716; x_wconf 86' lang='lat' dir='ltr'><strong>ex</strong></span> 
     </span>
    </p>
   </div>
   <div class='ocr_carea' id='block_1_10' title="bbox 372 755 1949 828">
    <p class='ocr_par' dir='ltr' id='par_1_10' title="bbox 372 755 1949 828">
     <span class='ocr_line' id='line_1_10' title="bbox 372 755 1949 828; baseline -0.003 -17"><span class='ocrx_word' id='word_1_49' title='bbox 372 772 483 826; x_wconf 89' lang='lat' dir='ltr'><strong>quo</strong></span> <span class='ocrx_word' id='word_1_50' title='bbox 505 757 723 828; x_wconf 86' lang='lat' dir='ltr'><strong>proprie</strong></span> <span class='ocrx_word' id='word_1_51' title='bbox 750 758 1011 812; x_wconf 92' lang='lat' dir='ltr'><strong>honorem</strong></span> <span class='ocrx_word' id='word_1_52' title='bbox 1049 756 1131 813; x_wconf 88' lang='lat' dir='ltr'><strong>vel</strong></span> <span class='ocrx_word' id='word_1_53' title='bbox 1158 755 1611 825; x_wconf 85' lang='lat' dir='ltr'><strong>vituperationem</strong></span> <span class='ocrx_word' id='word_1_54' title='bbox 1654 760 1949 816; x_wconf 89' lang='lat' dir='ltr'><strong>mereatur,</strong></span> 
     </span>
    </p>
   </div>
   <div class='ocr_carea' id='block_1_11' title="bbox 370 845 1953 919">
    <p class='ocr_par' dir='ltr' id='par_1_11' title="bbox 370 845 1953 919">
     <span class='ocr_line' id='line_1_11' title="bbox 370 845 1953 919; baseline -0.002 -16"><span class='ocrx_word' id='word_1_55' title='bbox 370 858 524 904; x_wconf 80' lang='lat' dir='ltr'><strong>extra</strong></span> <span class='ocrx_word' id='word_1_56' title='bbox 553 865 767 905; x_wconf 91' lang='lat' dir='ltr'><strong>omnem</strong></span> <span class='ocrx_word' id='word_1_57' title='bbox 806 865 929 905; x_wconf 90' lang='lat' dir='ltr'><strong>esse</strong></span> <span class='ocrx_word' id='word_1_58' title='bbox 957 847 1433 919; x_wconf 84' lang='lat' dir='ltr'><strong>reprehensionem</strong></span> <span class='ocrx_word' id='word_1_59' title='bbox 1468 845 1696 901; x_wconf 90' lang='lat' dir='ltr'><strong>concedi</strong></span> <span class='ocrx_word' id='word_1_60' title='bbox 1728 860 1953 900; x_wconf 88' lang='lat' dir='ltr'><strong>necesse</strong></span> 
     </span>
    </p>
   </div>
   <div class='ocr_carea' id='block_1_12' title="bbox 370 938 1948 1011">
    <p class='ocr_par' dir='ltr' id='par_1_12' title="bbox 370 938 1948 1011">
     <span class='ocr_line' id='line_1_12' title="bbox 370 938 1948 1011; baseline -0.003 -17"><span class='ocrx_word' id='word_1_61' title='bbox 370 948 453 997; x_wconf 87' lang='lat' dir='ltr'><strong>est</strong></span> <span class='ocrx_word' id='word_1_62' title='bbox 485 960 497 996; x_wconf 93' lang='lat'>:</span> <span class='ocrx_word' id='word_1_63' title='bbox 530 940 971 1011; x_wconf 84' lang='lat' dir='ltr'><strong>quandoquidem</strong></span> <span class='ocrx_word' id='word_1_64' title='bbox 1024 954 1087 995; x_wconf 89' lang='lat' dir='ltr'><strong>ea</strong></span> <span class='ocrx_word' id='word_1_65' title='bbox 1137 938 1524 1009; x_wconf 88' lang='lat' dir='ltr'><strong>concupiscere</strong></span> <span class='ocrx_word' id='word_1_66' title='bbox 1580 951 1689 992; x_wconf 91' lang='lat' dir='ltr'><strong>non</strong></span> <span class='ocrx_word' id='word_1_67' title='bbox 1746 943 1948 1006; x_wconf 88' lang='lat' dir='ltr'><strong>potest,</strong></span> 
     </span>
    </p>
   </div>
   <div class='ocr_carea' id='block_1_13' title="bbox 370 1027 1949 1103">
    <p class='ocr_par' dir='ltr' id='par_1_13' title="bbox 370 1027 1949 1103">
     <span class='ocr_line' id='line_1_13' title="bbox 370 1027 1949 1103; baseline -0.003 -17"><span class='ocrx_word' id='word_1_68' title='bbox 370 1032 570 1102; x_wconf 87' lang='lat' dir='ltr'><strong>quibus</strong></span> <span class='ocrx_word' id='word_1_69' title='bbox 595 1031 757 1103; x_wconf 77' lang='lat'><strong>582</strong></span> <span class='ocrx_word' id='word_1_70' title='bbox 794 1033 898 1103; x_wconf 90' lang='lat' dir='ltr'><strong>ipsi</strong></span> <span class='ocrx_word' id='word_1_71' title='bbox 938 1042 1045 1085; x_wconf 81' lang='lat' dir='ltr'><strong>Iron</strong></span> <span class='ocrx_word' id='word_1_72' title='bbox 1098 1029 1261 1085; x_wconf 90' lang='lat' dir='ltr'><strong>fuerit</strong></span> <span class='ocrx_word' id='word_1_73' title='bbox 1309 1029 1679 1084; x_wconf 83' lang='lat' dir='ltr'><strong>interdictum.</strong></span> <span class='ocrx_word' id='word_1_74' title='bbox 1720 1027 1875 1094; x_wconf 84' lang='lat' dir='ltr'><strong>Quod</strong></span> <span class='ocrx_word' id='word_1_75' title='bbox 1903 1029 1949 1084; x_wconf 88' lang='lat' dir='ltr'><strong>si</strong></span> 
     </span>
    </p>
   </div>
   <div class='ocr_carea' id='block_1_14' title="bbox 370 1119 1950 1193">
    <p class='ocr_par' dir='ltr' id='par_1_14' title="bbox 370 1119 1950 1193">
     <span class='ocr_line' id='line_1_14' title="bbox 370 1119 1950 1193; baseline -0.003 -15"><span class='ocrx_word' id='word_1_76' title='bbox 370 1124 761 1193; x_wconf 88' lang='lat' dir='ltr'><strong>concupiverit,</strong></span> <span class='ocrx_word' id='word_1_77' title='bbox 787 1134 968 1178; x_wconf 89' lang='lat' dir='ltr'><strong>tamen</strong></span> <span class='ocrx_word' id='word_1_78' title='bbox 998 1135 1102 1176; x_wconf 93' lang='lat' dir='ltr'><strong>non</strong></span> <span class='ocrx_word' id='word_1_79' title='bbox 1132 1121 1181 1175; x_wconf 92' lang='lat' dir='ltr'><strong>id</strong></span> <span class='ocrx_word' id='word_1_80' title='bbox 1200 1120 1249 1175; x_wconf 91' lang='lat' dir='ltr'><strong>ei</strong></span> <span class='ocrx_word' id='word_1_81' title='bbox 1278 1119 1493 1174; x_wconf 90' lang='lat' dir='ltr'><strong>crimini</strong></span> <span class='ocrx_word' id='word_1_82' title='bbox 1524 1126 1785 1175; x_wconf 87' lang='lat' dir='ltr'><strong>vertetur.</strong></span> <span class='ocrx_word' id='word_1_83' title='bbox 1811 1119 1950 1173; x_wconf 88' lang='lat' dir='ltr'><strong>Con-</strong></span> 
     </span>
    </p>
   </div>
   <div class='ocr_carea' id='block_1_15' title="bbox 370 1210 1946 1285">
    <p class='ocr_par' dir='ltr' id='par_1_15' title="bbox 370 1210 1946 1285">
     <span class='ocr_line' id='line_1_15' title="bbox 370 1210 1946 1285; baseline -0.003 -16"><span class='ocrx_word' id='word_1_84' title='bbox 370 1216 653 1285; x_wconf 89' lang='lat' dir='ltr'><strong>cupiscere</strong></span> <span class='ocrx_word' id='word_1_85' title='bbox 702 1215 900 1285; x_wconf 89' lang='lat' dir='ltr'><strong>quippe</strong></span> <span class='ocrx_word' id='word_1_86' title='bbox 948 1227 1054 1268; x_wconf 92' lang='lat' dir='ltr'><strong>non</strong></span> <span class='ocrx_word' id='word_1_87' title='bbox 1093 1212 1157 1266; x_wconf 91' lang='lat' dir='ltr'><strong>ad</strong></span> <span class='ocrx_word' id='word_1_88' title='bbox 1196 1227 1258 1266; x_wconf 90' lang='lat' dir='ltr'><strong>ea</strong></span> <span class='ocrx_word' id='word_1_89' title='bbox 1289 1211 1543 1277; x_wconf 90' lang='lat' dir='ltr'><strong>refertur,</strong></span> <span class='ocrx_word' id='word_1_90' title='bbox 1577 1225 1700 1281; x_wconf 63' lang='lat' dir='ltr'><strong>qua:</strong></span> <span class='ocrx_word' id='word_1_91' title='bbox 1727 1210 1946 1275; x_wconf 88' lang='lat' dir='ltr'><strong>adsunt,</strong></span> 
     </span>
    </p>
   </div>
   <div class='ocr_carea' id='block_1_16' title="bbox 370 1302 1944 1379">
    <p class='ocr_par' dir='ltr' id='par_1_16' title="bbox 370 1302 1944 1379">
     <span class='ocr_line' id='line_1_16' title="bbox 370 1302 1944 1379; baseline -0.002 -19"><span class='ocrx_word' id='word_1_92' title='bbox 370 1323 599 1379; x_wconf 80' lang='lat' dir='ltr'><strong>quaeque</strong></span> <span class='ocrx_word' id='word_1_93' title='bbox 635 1306 889 1378; x_wconf 83' lang='lat' dir='ltr'><strong>potestati</strong></span> <span class='ocrx_word' id='word_1_94' title='bbox 918 1314 1118 1361; x_wconf 85' lang='lat' dir='ltr'><strong>nostrae</strong></span> <span class='ocrx_word' id='word_1_95' title='bbox 1146 1303 1451 1374; x_wconf 87' lang='lat' dir='ltr'><strong>subjacent,</strong></span> <span class='ocrx_word' id='word_1_96' title='bbox 1485 1302 1579 1358; x_wconf 89' lang='lat' dir='ltr'><strong>sed</strong></span> <span class='ocrx_word' id='word_1_97' title='bbox 1610 1302 1676 1357; x_wconf 89' lang='lat' dir='ltr'><strong>ad</strong></span> <span class='ocrx_word' id='word_1_98' title='bbox 1710 1318 1776 1358; x_wconf 85' lang='lat' dir='ltr'><strong>ea</strong></span> <span class='ocrx_word' id='word_1_99' title='bbox 1802 1302 1944 1357; x_wconf 90' lang='lat' dir='ltr'><strong>dun-</strong></span> 
     </span>
    </p>
   </div>
   <div class='ocr_carea' id='block_1_17' title="bbox 369 1393 1946 1468">
    <p class='ocr_par' dir='ltr' id='par_1_17' title="bbox 369 1393 1946 1468">
     <span class='ocr_line' id='line_1_17' title="bbox 369 1393 1946 1468; baseline -0.004 -16"><span class='ocrx_word' id='word_1_100' title='bbox 369 1406 518 1453; x_wconf 81' lang='lat' dir='ltr'><strong>taxat</strong></span> <span class='ocrx_word' id='word_1_101' title='bbox 558 1415 677 1468; x_wconf 73' lang='lat' dir='ltr'><strong>quae</strong></span> <span class='ocrx_word' id='word_1_102' title='bbox 710 1398 782 1452; x_wconf 91' lang='lat' dir='ltr'><strong>ita</strong></span> <span class='ocrx_word' id='word_1_103' title='bbox 819 1397 1038 1462; x_wconf 86' lang='lat' dir='ltr'><strong>adsunt,</strong></span> <span class='ocrx_word' id='word_1_104' title='bbox 1085 1404 1143 1451; x_wconf 91' lang='lat' dir='ltr'><strong>ut</strong></span> <span class='ocrx_word' id='word_1_105' title='bbox 1190 1396 1247 1450; x_wconf 93' lang='lat' dir='ltr'><strong>in</strong></span> <span class='ocrx_word' id='word_1_106' title='bbox 1302 1394 1558 1451; x_wconf 84' lang='lat' dir='ltr'><strong>facultate</strong></span> <span class='ocrx_word' id='word_1_107' title='bbox 1605 1402 1793 1450; x_wconf 88' lang='lat' dir='ltr'><strong>nostra</strong></span> <span class='ocrx_word' id='word_1_108' title='bbox 1839 1393 1946 1447; x_wconf 88' lang='lat' dir='ltr'><strong>mi-</strong></span> 
     </span>
    </p>
   </div>
   <div class='ocr_carea' id='block_1_18' title="bbox 368 1483 1946 1560">
    <p class='ocr_par' dir='ltr' id='par_1_18' title="bbox 368 1483 1946 1560">
     <span class='ocr_line' id='line_1_18' title="bbox 368 1483 1946 1560; baseline -0.005 -15"><span class='ocrx_word' id='word_1_109' title='bbox 368 1491 515 1545; x_wconf 91' lang='lat' dir='ltr'><strong>nime</strong></span> <span class='ocrx_word' id='word_1_110' title='bbox 546 1490 653 1546; x_wconf 93' lang='lat' dir='ltr'><strong>sint</strong></span> <span class='ocrx_word' id='word_1_111' title='bbox 681 1488 879 1560; x_wconf 82' lang='lat' dir='ltr'><strong>posita.</strong></span> <span class='ocrx_word' id='word_1_112' title='bbox 913 1487 1067 1554; x_wconf 85' lang='lat' dir='ltr'><strong>Quod</strong></span> <span class='ocrx_word' id='word_1_113' title='bbox 1106 1487 1249 1543; x_wconf 90' lang='lat' dir='ltr'><strong>enim</strong></span> <span class='ocrx_word' id='word_1_114' title='bbox 1294 1485 1453 1540; x_wconf 86' lang='lat' dir='ltr'><strong>alicui</strong></span> <span class='ocrx_word' id='word_1_115' title='bbox 1493 1500 1668 1556; x_wconf 89' lang='lat' dir='ltr'><strong>neque</strong></span> <span class='ocrx_word' id='word_1_116' title='bbox 1698 1492 1780 1540; x_wconf 88' lang='lat' dir='ltr'><strong>est</strong></span> <span class='ocrx_word' id='word_1_117' title='bbox 1808 1483 1946 1539; x_wconf 84' lang='lat' dir='ltr'><strong>veti-</strong></span> 
     </span>
    </p>
   </div>
   <div class='ocr_carea' id='block_1_19' title="bbox 368 1574 1942 1656">
    <p class='ocr_par' dir='ltr' id='par_1_19' title="bbox 368 1574 1942 1656">
     <span class='ocr_line' id='line_1_19' title="bbox 368 1574 1942 1656; baseline -0.008 -16"><span class='ocrx_word' id='word_1_118' title='bbox 368 1594 503 1650; x_wconf 88' lang='lat' dir='ltr'><strong>tum,</strong></span> <span class='ocrx_word' id='word_1_119' title='bbox 536 1601 713 1656; x_wconf 91' lang='lat' dir='ltr'><strong>neque</strong></span> <span class='ocrx_word' id='word_1_120' title='bbox 755 1585 847 1641; x_wconf 92' lang='lat' dir='ltr'><strong>illo</strong></span> <span class='ocrx_word' id='word_1_121' title='bbox 885 1585 931 1641; x_wconf 88' lang='lat' dir='ltr'><strong>is</strong></span> <span class='ocrx_word' id='word_1_122' title='bbox 973 1583 1198 1655; x_wconf 87' lang='lat' dir='ltr'><strong>indiget,</strong></span> <span class='ocrx_word' id='word_1_123' title='bbox 1228 1578 1500 1651; x_wconf 88' lang='lat' dir='ltr'><strong>quomodo</strong></span> <span class='ocrx_word' id='word_1_124' title='bbox 1529 1583 1782 1648; x_wconf 87' lang='lat' dir='ltr'><strong>appetere</strong></span> <span class='ocrx_word' id='word_1_125' title='bbox 1810 1574 1942 1629; x_wconf 90' lang='lat' dir='ltr'><strong>illud</strong></span> 
     </span>
    </p>
   </div>
   <div class='ocr_carea' id='block_1_20' title="bbox 366 1650 2022 1748">
    <p class='ocr_par' dir='ltr' id='par_1_20' title="bbox 366 1650 2022 1748">
     <span class='ocr_line' id='line_1_20' title="bbox 366 1650 2022 1748; baseline -0.007 -18"><span class='ocrx_word' id='word_1_126' title='bbox 366 1690 430 1730; x_wconf 86' lang='lat' dir='ltr'><strong>ac</strong></span> <span class='ocrx_word' id='word_1_127' title='bbox 462 1650 685 1747; x_wconf 71' lang='lat' dir='ltr'><strong>diligere</strong></span> <span class='ocrx_word' id='word_1_128' title='bbox 714 1676 929 1748; x_wconf 88' lang='lat' dir='ltr'><strong>potest?</strong></span> <span class='ocrx_word' id='word_1_129' title='bbox 962 1650 1231 1741; x_wconf 72' lang='lat' dir='ltr'><strong>Quocirca</strong></span> <span class='ocrx_word' id='word_1_130' title='bbox 1246 1650 1526 1740; x_wconf 71' lang='lat' dir='ltr'><strong>scriptum</strong></span> <span class='ocrx_word' id='word_1_131' title='bbox 1572 1675 1656 1723; x_wconf 89' lang='lat' dir='ltr'><strong>est</strong></span> <span class='ocrx_word' id='word_1_132' title='bbox 1690 1685 1703 1720; x_wconf 92' lang='lat'><strong>:</strong></span> <span class='ocrx_word' id='word_1_133' title='bbox 1744 1665 1950 1721; x_wconf 87' lang='lat' dir='ltr'><strong>Concu-</strong></span> <span class='ocrx_word' id='word_1_134' title='bbox 1980 1650 2022 1709; x_wconf 78' lang='grc' dir='ltr'><strong>Β</strong></span> 
     </span>
    </p>
   </div>
   <div class='ocr_carea' id='block_1_21' title="bbox 364 1757 1945 1834">
    <p class='ocr_par' dir='ltr' id='par_1_21' title="bbox 364 1757 1945 1834">
     <span class='ocr_line' id='line_1_21' title="bbox 364 1757 1945 1834; baseline -0.005 -12"><span class='ocrx_word' id='word_1_135' title='bbox 364 1768 672 1834; x_wconf 82' lang='lat' dir='ltr'><strong>piscentiam</strong></span> <span class='ocrx_word' id='word_1_136' title='bbox 725 1784 826 1823; x_wconf 84' lang='lat' dir='ltr'><strong>non</strong></span> <span class='ocrx_word' id='word_1_137' title='bbox 886 1783 1159 1833; x_wconf 83' lang='lat' dir='ltr'><strong>noveram,</strong></span> <span class='ocrx_word' id='word_1_138' title='bbox 1209 1764 1313 1818; x_wconf 83' lang='lat' dir='ltr'><strong>nisi</strong></span> <span class='ocrx_word' id='word_1_139' title='bbox 1368 1762 1451 1817; x_wconf 73' lang='lat' dir='ltr'><strong>lex</strong></span> <span class='ocrx_word' id='word_1_140' title='bbox 1507 1761 1725 1816; x_wconf 67' lang='lat' dir='ltr'><strong>dixisset</strong></span> <span class='ocrx_word' id='word_1_141' title='bbox 1771 1757 1945 1814; x_wconf 81' lang='lat' dir='ltr'><strong>:Nou</strong></span> 
     </span>
    </p>
   </div>
   <div class='ocr_carea' id='block_1_22' title="bbox 365 1853 1948 1929">
    <p class='ocr_par' dir='ltr' id='par_1_22' title="bbox 365 1853 1948 1929">
     <span class='ocr_line' id='line_1_22' title="bbox 365 1853 1948 1929; baseline -0.003 -17"><span class='ocrx_word' id='word_1_142' title='bbox 365 1861 697 1929; x_wconf 76' lang='lat' dir='ltr'><strong>concupisces</strong></span> <span class='ocrx_word' id='word_1_143' title='bbox 734 1860 773 1914; x_wconf 82' lang='grc' dir='ltr'>ί.</span> <span class='ocrx_word' id='word_1_144' title='bbox 810 1858 946 1914; x_wconf 90' lang='lat' dir='ltr'><strong>Cum</strong></span> <span class='ocrx_word' id='word_1_145' title='bbox 993 1858 1136 1913; x_wconf 90' lang='lat' dir='ltr'><strong>enim</strong></span> <span class='ocrx_word' id='word_1_146' title='bbox 1175 1855 1488 1910; x_wconf 90' lang='lat' dir='ltr'><strong>mandatum</strong></span> <span class='ocrx_word' id='word_1_147' title='bbox 1523 1853 1656 1908; x_wconf 91' lang='lat' dir='ltr'><strong>illud</strong></span> <span class='ocrx_word' id='word_1_148' title='bbox 1706 1853 1948 1923; x_wconf 81' lang='lat' dir='ltr'><strong>accepis-</strong></span> 
     </span>
    </p>
   </div>
   <div class='ocr_carea' id='block_1_23' title="bbox 366 1944 1944 2005">
    <p class='ocr_par' dir='ltr' id='par_1_23' title="bbox 366 1944 1944 2005">
     <span class='ocr_line' id='line_1_23' title="bbox 366 1944 1944 2005; baseline -0.004 -1"><span class='ocrx_word' id='word_1_149' title='bbox 366 1958 532 2005; x_wconf 85' lang='lat' dir='ltr'><strong>sent:</strong></span> <span class='ocrx_word' id='word_1_150' title='bbox 573 1949 658 2003; x_wconf 78' lang='lat' dir='ltr'><strong>Ea:</strong></span> <span class='ocrx_word' id='word_1_151' title='bbox 709 1948 893 2004; x_wconf 86' lang='lat' dir='ltr'><strong>arbore</strong></span> <span class='ocrx_word' id='word_1_152' title='bbox 923 1957 1097 2003; x_wconf 87' lang='lat' dir='ltr'><strong>autem</strong></span> <span class='ocrx_word' id='word_1_153' title='bbox 1132 1947 1363 2001; x_wconf 78' lang='lat' dir='ltr'><strong>scientia:</strong></span> <span class='ocrx_word' id='word_1_154' title='bbox 1407 1945 1526 2001; x_wconf 85' lang='lat' dir='ltr'><strong>boni</strong></span> <span class='ocrx_word' id='word_1_155' title='bbox 1574 1954 1622 1998; x_wconf 87' lang='lat' dir='ltr'><strong>et</strong></span> <span class='ocrx_word' id='word_1_156' title='bbox 1665 1944 1795 1998; x_wconf 85' lang='lat' dir='ltr'><strong>mali</strong></span> <span class='ocrx_word' id='word_1_157' title='bbox 1842 1960 1944 1998; x_wconf 84' lang='lat' dir='ltr'><strong>non</strong></span> 
     </span>
    </p>
   </div>
   <div class='ocr_carea' id='block_1_24' title="bbox 366 2035 1940 2111">
    <p class='ocr_par' dir='ltr' id='par_1_24' title="bbox 366 2035 1940 2111">
     <span class='ocr_line' id='line_1_24' title="bbox 366 2035 1940 2111; baseline -0.001 -18"><span class='ocrx_word' id='word_1_158' title='bbox 366 2040 666 2096; x_wconf 80' lang='lat' dir='ltr'><strong>comedetis.</strong></span> <span class='ocrx_word' id='word_1_159' title='bbox 705 2042 1026 2111; x_wconf 80' lang='lat' dir='ltr'><strong>Quacunque</strong></span> <span class='ocrx_word' id='word_1_160' title='bbox 1055 2048 1230 2094; x_wconf 84' lang='lat' dir='ltr'><strong>autem</strong></span> <span class='ocrx_word' id='word_1_161' title='bbox 1260 2038 1344 2093; x_wconf 84' lang='lat' dir='ltr'><strong>die</strong></span> <span class='ocrx_word' id='word_1_162' title='bbox 1364 2035 1693 2091; x_wconf 85' lang='lat' dir='ltr'><strong>comederitis</strong></span> <span class='ocrx_word' id='word_1_163' title='bbox 1722 2052 1787 2091; x_wconf 81' lang='lat' dir='ltr'><strong>ea:</strong></span> <span class='ocrx_word' id='word_1_164' title='bbox 1821 2035 1940 2101; x_wconf 84' lang='lat' dir='ltr'><strong>illa,</strong></span> 
     </span>
    </p>
   </div>
   <div class='ocr_carea' id='block_1_25' title="bbox 2057 394 3646 474">
    <p class='ocr_par' dir='ltr' id='par_1_25' title="bbox 2057 394 3646 474">
     <span class='ocr_line' id='line_1_25' title="bbox 2057 394 3646 474; baseline 0.009 -30"><span class='ocrx_word' id='word_1_165' title='bbox 2057 394 2457 451; x_wconf 82' lang='grc' dir='ltr'>αὐτοδέσποτον</span> <span class='ocrx_word' id='word_1_166' title='bbox 2492 398 2787 470; x_wconf 75' lang='grc' dir='ltr'>λογισμοῦ,</span> <span class='ocrx_word' id='word_1_167' title='bbox 2826 402 2966 471; x_wconf 84' lang='grc' dir='ltr'>ποίῳ</span> <span class='ocrx_word' id='word_1_168' title='bbox 2997 401 3237 472; x_wconf 81' lang='grc' dir='ltr'>χρῆσθαι</span> <span class='ocrx_word' id='word_1_169' title='bbox 3278 405 3528 474; x_wconf 76' lang='grc' dir='ltr'><strong>αἱρεῖται</strong></span> <span class='ocrx_word' id='word_1_170' title='bbox 3560 423 3646 459; x_wconf 81' lang='grc' dir='ltr'>πο-</span> 
     </span>
    </p>
   </div>
   <div class='ocr_carea' id='block_1_26' title="bbox 2057 480 3651 564">
    <p class='ocr_par' dir='ltr' id='par_1_26' title="bbox 2057 480 3651 564">
     <span class='ocr_line' id='line_1_26' title="bbox 2057 480 3651 564; baseline 0.01 -31"><span class='ocrx_word' id='word_1_171' title='bbox 2057 480 2361 553; x_wconf 88' lang='grc' dir='ltr'>λιτεύματι,</span> <span class='ocrx_word' id='word_1_172' title='bbox 2387 486 2474 539; x_wconf 82' lang='grc' dir='ltr'><strong>ἴνα</strong></span> <span class='ocrx_word' id='word_1_173' title='bbox 2505 488 2653 552; x_wconf 74' lang='grc' dir='ltr'>ἰδίως</span> <span class='ocrx_word' id='word_1_174' title='bbox 2679 489 2712 559; x_wconf 81' lang='grc' dir='ltr'>ἢ</span> <span class='ocrx_word' id='word_1_175' title='bbox 2738 490 2968 563; x_wconf 79' lang='grc' dir='ltr'>τιμηθῇ,</span> <span class='ocrx_word' id='word_1_176' title='bbox 2991 492 3024 561; x_wconf 85' lang='grc' dir='ltr'>ἢ</span> <span class='ocrx_word' id='word_1_177' title='bbox 3052 492 3249 564; x_wconf 76' lang='grc' dir='ltr'>ψεχθῇ,</span> <span class='ocrx_word' id='word_1_178' title='bbox 3275 488 3651 549; x_wconf 71' lang='grc' dir='ltr'>ἀνυπεῦθυνον</span> 
     </span>
    </p>
   </div>
   <div class='ocr_carea' id='block_1_27' title="bbox 2056 573 3652 653">
    <p class='ocr_par' dir='ltr' id='par_1_27' title="bbox 2056 573 3652 653">
     <span class='ocr_line' id='line_1_27' title="bbox 2056 573 3652 653; baseline 0.009 -29"><span class='ocrx_word' id='word_1_179' title='bbox 2056 573 2258 636; x_wconf 83' lang='grc' dir='ltr'>παντὸς</span> <span class='ocrx_word' id='word_1_180' title='bbox 2316 574 2555 629; x_wconf 83' lang='grc' dir='ltr'><strong>δεικτέον</strong></span> <span class='ocrx_word' id='word_1_181' title='bbox 2585 578 2608 609; x_wconf 72' lang='grc'>⁸</span> <span class='ocrx_word' id='word_1_182' title='bbox 2644 579 2911 650; x_wconf 80' lang='grc' dir='ltr'><strong>ὑπάρχειν</strong></span> <span class='ocrx_word' id='word_1_183' title='bbox 2951 580 3110 634; x_wconf 80' lang='grc' dir='ltr'>τοῦτο</span> <span class='ocrx_word' id='word_1_184' title='bbox 3154 582 3546 653; x_wconf 76' lang='grc' dir='ltr'>ἐγκλήματος·</span> <span class='ocrx_word' id='word_1_185' title='bbox 3578 588 3652 639; x_wconf 77' lang='grc' dir='ltr'>ὅτι</span> 
     </span>
    </p>
   </div>
   <div class='ocr_carea' id='block_1_28' title="bbox 2057 662 3653 745">
    <p class='ocr_par' dir='ltr' id='par_1_28' title="bbox 2057 662 3653 745">
     <span class='ocr_line' id='line_1_28' title="bbox 2057 662 3653 745; baseline 0.009 -30"><span class='ocrx_word' id='word_1_186' title='bbox 2057 662 2132 735; x_wconf 86' lang='grc' dir='ltr'>μὴ</span> <span class='ocrx_word' id='word_1_187' title='bbox 2170 664 2393 718; x_wconf 79' lang='grc' dir='ltr'>δύναται</span> <span class='ocrx_word' id='word_1_188' title='bbox 2427 666 3049 741; x_wconf 77' lang='grc' dir='ltr'>τούτων’ἐπιθυμῆσαι,</span> <span class='ocrx_word' id='word_1_189' title='bbox 3093 665 3169 725; x_wconf 84' lang='grc' dir='ltr'>ὧν</span> <span class='ocrx_word' id='word_1_190' title='bbox 3206 674 3280 745; x_wconf 77' lang='grc' dir='ltr'><strong>μὴ</strong></span> <span class='ocrx_word' id='word_1_191' title='bbox 3316 674 3653 731; x_wconf 70' lang='grc' dir='ltr'><strong>κεκώλυται.</strong></span> 
     </span>
    </p>
   </div>
   <div class='ocr_carea' id='block_1_29' title="bbox 2054 754 3654 838">
    <p class='ocr_par' dir='ltr' id='par_1_29' title="bbox 2054 754 3654 838">
     <span class='ocr_line' id='line_1_29' title="bbox 2054 754 3654 838; baseline 0.008 -31"><span class='ocrx_word' id='word_1_192' title='bbox 2054 754 2172 808; x_wconf 83' lang='grc' dir='ltr'><strong>Κᾶν</strong></span> <span class='ocrx_word' id='word_1_193' title='bbox 2213 756 2545 829; x_wconf 86' lang='grc' dir='ltr'>ἐπιθυμήσει</span> <span class='ocrx_word' id='word_1_194' title='bbox 2589 759 2668 820; x_wconf 89' lang='grc' dir='ltr'><strong>δέ,</strong></span> <span class='ocrx_word' id='word_1_195' title='bbox 2701 761 2801 814; x_wconf 84' lang='grc' dir='ltr'><strong>οὐκ</strong></span> <span class='ocrx_word' id='word_1_196' title='bbox 2844 762 3239 835; x_wconf 82' lang='grc' dir='ltr'>αἰτιαθήσεται.</span> <span class='ocrx_word' id='word_1_197' title='bbox 3272 766 3351 818; x_wconf 84' lang='lat' dir='ltr'><em>T6</em></span> <span class='ocrx_word' id='word_1_198' title='bbox 3383 766 3500 838; x_wconf 83' lang='grc' dir='ltr'><strong>γὰρ</strong></span> <span class='ocrx_word' id='word_1_199' title='bbox 3540 770 3654 820; x_wconf 77' lang='grc' dir='ltr'>ἐπιο</span> 
     </span>
    </p>
   </div>
   <div class='ocr_carea' id='block_1_30' title="bbox 2053 844 3655 929">
    <p class='ocr_par' dir='ltr' id='par_1_30' title="bbox 2053 844 3655 929">
     <span class='ocr_line' id='line_1_30' title="bbox 2053 844 3655 929; baseline 0.009 -32"><span class='ocrx_word' id='word_1_200' title='bbox 2053 844 2297 917; x_wconf 85' lang='grc' dir='ltr'>θυμῆσαι</span> <span class='ocrx_word' id='word_1_201' title='bbox 2329 849 2449 919; x_wconf 74' lang='grc' dir='ltr'>οὐχὶ</span> <span class='ocrx_word' id='word_1_202' title='bbox 2496 850 2591 901; x_wconf 81' lang='grc' dir='ltr'>ἐπὶ</span> <span class='ocrx_word' id='word_1_203' title='bbox 2628 849 2737 903; x_wconf 85' lang='grc' dir='ltr'><strong>τῶν</strong></span> <span class='ocrx_word' id='word_1_204' title='bbox 2769 852 3051 923; x_wconf 74' lang='grc' dir='ltr'><strong>παρόντων</strong></span> <span class='ocrx_word' id='word_1_205' title='bbox 3129 855 3222 908; x_wconf 72' lang='grc' dir='ltr'><strong>καὶ</strong></span> <span class='ocrx_word' id='word_1_206' title='bbox 3264 857 3655 929; x_wconf 73' lang='grc' dir='ltr'><strong>ὑποκειμένων</strong></span> 
     </span>
    </p>
   </div>
   <div class='ocr_carea' id='block_1_31' title="bbox 2052 938 3653 1023">
    <p class='ocr_par' dir='ltr' id='par_1_31' title="bbox 2052 938 3653 1023">
     <span class='ocr_line' id='line_1_31' title="bbox 2052 938 3653 1023; baseline 0.009 -33"><span class='ocrx_word' id='word_1_207' title='bbox 2052 938 2112 992; x_wconf 88' lang='grc' dir='ltr'><strong>ἐν</strong></span> <span class='ocrx_word' id='word_1_208' title='bbox 2137 938 2355 1011; x_wconf 77' lang='grc' dir='ltr'><strong>ἐξουσίᾳ</strong></span> <span class='ocrx_word' id='word_1_209' title='bbox 2395 941 2606 1005; x_wconf 88' lang='grc' dir='ltr'>πίπτει,</span> <span class='ocrx_word' id='word_1_210' title='bbox 2650 943 2765 996; x_wconf 81' lang='grc' dir='ltr'>ἀλλ’</span> <span class='ocrx_word' id='word_1_211' title='bbox 2799 944 2891 998; x_wconf 77' lang='grc' dir='ltr'><strong>ἐπὶ</strong></span> <span class='ocrx_word' id='word_1_212' title='bbox 2936 944 3047 999; x_wconf 87' lang='grc' dir='ltr'><strong>τῶν</strong></span> <span class='ocrx_word' id='word_1_213' title='bbox 3087 947 3382 1018; x_wconf 81' lang='grc' dir='ltr'><strong>παρόντων</strong></span> <span class='ocrx_word' id='word_1_214' title='bbox 3427 950 3555 1020; x_wconf 82' lang='grc' dir='ltr'>μὲν,</span> <span class='ocrx_word' id='word_1_215' title='bbox 3587 952 3653 1023; x_wconf 73' lang='grc' dir='ltr'>μὴ</span> 
     </span>
    </p>
   </div>
   <div class='ocr_carea' id='block_1_32' title="bbox 2051 1029 3650 1108">
    <p class='ocr_par' dir='ltr' id='par_1_32' title="bbox 2051 1029 3650 1108">
     <span class='ocr_line' id='line_1_32' title="bbox 2051 1029 3650 1108; baseline 0.007 -25"><span class='ocrx_word' id='word_1_216' title='bbox 2051 1030 2222 1085; x_wconf 74' lang='grc' dir='ltr'>ὄντων</span> <span class='ocrx_word' id='word_1_217' title='bbox 2247 1032 2305 1085; x_wconf 87' lang='grc' dir='ltr'><strong>δέ</strong></span> <span class='ocrx_word' id='word_1_218' title='bbox 2340 1034 2399 1086; x_wconf 86' lang='grc' dir='ltr'><strong>ἐν</strong></span> <span class='ocrx_word' id='word_1_219' title='bbox 2429 1032 2668 1105; x_wconf 82' lang='grc' dir='ltr'>ἐξουσίᾳ.</span> <span class='ocrx_word' id='word_1_220' title='bbox 2705 1035 2830 1099; x_wconf 86' lang='grc' dir='ltr'><strong>Πῶς</strong></span> <span class='ocrx_word' id='word_1_221' title='bbox 2864 1034 2973 1107; x_wconf 86' lang='grc' dir='ltr'><strong>γὰρ</strong></span> <span class='ocrx_word' id='word_1_222' title='bbox 3004 1029 3065 1089; x_wconf 73' lang='grc' dir='ltr'><strong>οὖ</strong></span> <span class='ocrx_word' id='word_1_223' title='bbox 3093 1038 3168 1108; x_wconf 82' lang='grc' dir='ltr'>μὴ</span> <span class='ocrx_word' id='word_1_224' title='bbox 3196 1037 3525 1093; x_wconf 83' lang='grc' dir='ltr'>κεκώλυται</span> <span class='ocrx_word' id='word_1_225' title='bbox 3555 1059 3650 1105; x_wconf 82' lang='grc' dir='ltr'>τις,</span> 
     </span>
    </p>
   </div>
   <div class='ocr_carea' id='block_1_33' title="bbox 2054 1121 3654 1204">
    <p class='ocr_par' dir='ltr' id='par_1_33' title="bbox 2054 1121 3654 1204">
     <span class='ocr_line' id='line_1_33' title="bbox 2054 1121 3654 1204; baseline 0.009 -31"><span class='ocrx_word' id='word_1_226' title='bbox 2054 1121 2189 1192; x_wconf 87' lang='grc' dir='ltr'><strong>μηδέ</strong></span> <span class='ocrx_word' id='word_1_227' title='bbox 2242 1123 2429 1195; x_wconf 79' lang='grc' dir='ltr'>ἐνδεής</span> <span class='ocrx_word' id='word_1_228' title='bbox 2472 1126 2619 1191; x_wconf 86' lang='grc' dir='ltr'>ἐστι,</span> <span class='ocrx_word' id='word_1_229' title='bbox 2672 1127 2864 1181; x_wconf 86' lang='grc' dir='ltr'>τούτου</span> <span class='ocrx_word' id='word_1_230' title='bbox 2910 1127 3169 1200; x_wconf 73' lang='grc' dir='ltr'><strong>ἐπιθυμεῖ</strong></span> <span class='ocrx_word' id='word_1_231' title='bbox 3209 1132 3308 1184; x_wconf 74' lang='grc' dir='ltr'>καὶ</span> <span class='ocrx_word' id='word_1_232' title='bbox 3356 1132 3505 1204; x_wconf 75' lang='grc' dir='ltr'>ἐρᾷς</span> <span class='ocrx_word' id='word_1_233' title='bbox 3563 1134 3654 1187; x_wconf 71' lang='grc' dir='ltr'><strong>Διὰ</strong></span> 
     </span>
    </p>
   </div>
   <div class='ocr_carea' id='block_1_34' title="bbox 2049 1211 3652 1294">
    <p class='ocr_par' dir='ltr' id='par_1_34' title="bbox 2049 1211 3652 1294">
     <span class='ocr_line' id='line_1_34' title="bbox 2049 1211 3652 1294; baseline 0.009 -29"><span class='ocrx_word' id='word_1_234' title='bbox 2049 1211 2227 1278; x_wconf 78' lang='grc' dir='ltr'>τοῦτο,</span> <span class='ocrx_word' id='word_1_235' title='bbox 2270 1215 2389 1282; x_wconf 80' lang='grc' dir='ltr'><strong>Τὴν</strong></span> <span class='ocrx_word' id='word_1_236' title='bbox 2420 1215 2740 1286; x_wconf 82' lang='grc' dir='ltr'><strong>ἐπιθυμίαν</strong></span> <span class='ocrx_word' id='word_1_237' title='bbox 2794 1222 2905 1273; x_wconf 84' lang='grc' dir='ltr'>οὐκ</span> <span class='ocrx_word' id='word_1_238' title='bbox 2938 1219 3139 1290; x_wconf 72' lang='grc' dir='ltr'>ᾔδειν,</span> <span class='ocrx_word' id='word_1_239' title='bbox 3167 1224 3218 1276; x_wconf 80' lang='grc' dir='ltr'><strong>εὶ</strong></span> <span class='ocrx_word' id='word_1_240' title='bbox 3261 1221 3355 1291; x_wconf 81' lang='grc' dir='ltr'><strong>μὴ</strong></span> <span class='ocrx_word' id='word_1_241' title='bbox 3390 1227 3426 1278; x_wconf 80' lang='grc' dir='ltr'><em>ὀ</em></span> <span class='ocrx_word' id='word_1_242' title='bbox 3472 1227 3652 1294; x_wconf 79' lang='grc' dir='ltr'>νόμος</span> 
     </span>
    </p>
   </div>
   <div class='ocr_carea' id='block_1_35' title="bbox 2049 1306 3652 1385">
    <p class='ocr_par' dir='ltr' id='par_1_35' title="bbox 2049 1306 3652 1385">
     <span class='ocr_line' id='line_1_35' title="bbox 2049 1306 3652 1385; baseline 0.006 -24"><span class='ocrx_word' id='word_1_243' title='bbox 2049 1306 2284 1377; x_wconf 71' lang='grc' dir='ltr'><strong>ἔλεγεν·</strong></span> <span class='ocrx_word' id='word_1_244' title='bbox 2319 1310 2440 1363; x_wconf 82' lang='grc' dir='ltr'><strong>Οὐκ</strong></span> <span class='ocrx_word' id='word_1_245' title='bbox 2476 1309 2884 1379; x_wconf 77' lang='grc' dir='ltr'>ἐπιθυμήσεις.</span> <span class='ocrx_word' id='word_1_246' title='bbox 2927 1312 3189 1376; x_wconf 77' lang='grc' dir='ltr'><strong>Ἀκούσας</strong></span> <span class='ocrx_word' id='word_1_247' title='bbox 3222 1314 3361 1385; x_wconf 82' lang='grc' dir='ltr'>γὰρ,</span> <span class='ocrx_word' id='word_1_248' title='bbox 3405 1316 3559 1369; x_wconf 70' lang='grc' dir='ltr'><strong>Ἀπὸ</strong></span> <span class='ocrx_word' id='word_1_249' title='bbox 3589 1317 3652 1370; x_wconf 77' lang='grc' dir='ltr'>δὲ</span> 
     </span>
    </p>
   </div>
   <div class='ocr_carea' id='block_1_36' title="bbox 2048 1398 3648 1475">
    <p class='ocr_par' dir='ltr' id='par_1_36' title="bbox 2048 1398 3648 1475">
     <span class='ocr_line' id='line_1_36' title="bbox 2048 1398 3648 1475; baseline 0.006 -24"><span class='ocrx_word' id='word_1_250' title='bbox 2048 1398 2155 1452; x_wconf 79' lang='grc' dir='ltr'>τοῦ</span> <span class='ocrx_word' id='word_1_251' title='bbox 2189 1398 2381 1463; x_wconf 78' lang='grc' dir='ltr'>ξύλου</span> <span class='ocrx_word' id='word_1_252' title='bbox 2412 1400 2519 1454; x_wconf 84' lang='grc' dir='ltr'>τοῦ</span> <span class='ocrx_word' id='word_1_253' title='bbox 2563 1402 2883 1472; x_wconf 74' lang='grc' dir='ltr'><strong>γινώσκειν</strong></span> <span class='ocrx_word' id='word_1_254' title='bbox 2911 1403 3103 1457; x_wconf 78' lang='grc' dir='ltr'><em>καλὸν</em></span> <span class='ocrx_word' id='word_1_255' title='bbox 3133 1404 3233 1457; x_wconf 80' lang='grc' dir='ltr'><strong>καὶ</strong></span> <span class='ocrx_word' id='word_1_256' title='bbox 3266 1406 3557 1475; x_wconf 69' lang='grc' dir='ltr'>πονηρὸν</span> <span class='ocrx_word' id='word_1_257' title='bbox 3583 1412 3648 1461; x_wconf 82' lang='grc' dir='ltr'>οὐ</span> 
     </span>
    </p>
   </div>
   <div class='ocr_carea' id='block_1_37' title="bbox 2047 1488 3646 1565">
    <p class='ocr_par' dir='ltr' id='par_1_37' title="bbox 2047 1488 3646 1565">
     <span class='ocr_line' id='line_1_37' title="bbox 2047 1488 3646 1565; baseline 0.005 -22"><span class='ocrx_word' id='word_1_258' title='bbox 2047 1488 2311 1559; x_wconf 70' lang='grc' dir='ltr'><em>φάγεσθε</em></span> <span class='ocrx_word' id='word_1_259' title='bbox 2354 1490 2455 1544; x_wconf 76' lang='grc' dir='ltr'><strong>ἀπ’</strong></span> <span class='ocrx_word' id='word_1_260' title='bbox 2481 1492 2687 1547; x_wconf 86' lang='grc' dir='ltr'>αὐτοῦ.</span> <span class='ocrx_word' id='word_1_261' title='bbox 2720 1488 2806 1565; x_wconf 72' lang='grc' dir='ltr'><strong>τῌ</strong></span> <span class='ocrx_word' id='word_1_262' title='bbox 2849 1493 2900 1546; x_wconf 85' lang='grc' dir='ltr'>δ’</span> <span class='ocrx_word' id='word_1_263' title='bbox 2931 1493 3007 1547; x_wconf 89' lang='grc' dir='ltr'><strong>ἂν</strong></span> <span class='ocrx_word' id='word_1_264' title='bbox 3041 1494 3229 1563; x_wconf 74' lang='grc' dir='ltr'>ἡμέρᾳ</span> <span class='ocrx_word' id='word_1_265' title='bbox 3265 1495 3518 1565; x_wconf 60' lang='grc' dir='ltr'>φάγητε</span> <span class='ocrx_word' id='word_1_266' title='bbox 3555 1498 3646 1551; x_wconf 65' lang='grc' dir='ltr'><strong>ἀπ’</strong></span> 
     </span>
    </p>
   </div>
   <div class='ocr_carea' id='block_1_38' title="bbox 2049 1580 3644 1659">
    <p class='ocr_par' dir='ltr' id='par_1_38' title="bbox 2049 1580 3644 1659">
     <span class='ocr_line' id='line_1_38' title="bbox 2049 1580 3644 1659; baseline 0.006 -24"><span class='ocrx_word' id='word_1_267' title='bbox 2049 1581 2258 1646; x_wconf 87' lang='grc' dir='ltr'>αὑτοῦ,</span> <span class='ocrx_word' id='word_1_268' title='bbox 2289 1580 2523 1650; x_wconf 82' lang='grc' dir='ltr'><em>θανάτῳ</em></span> <span class='ocrx_word' id='word_1_269' title='bbox 2570 1584 2973 1639; x_wconf 79' lang='grc' dir='ltr'><strong>ἀποθανεῖσθε</strong></span> <span class='ocrx_word' id='word_1_270' title='bbox 2994 1603 3007 1617; x_wconf 69' lang='grc'><strong><em>⁸</em></strong></span> <span class='ocrx_word' id='word_1_271' title='bbox 3040 1585 3162 1638; x_wconf 84' lang='grc' dir='ltr'>τότε</span> <span class='ocrx_word' id='word_1_272' title='bbox 3189 1586 3253 1639; x_wconf 77' lang='grc' dir='ltr'>τὸ</span> <span class='ocrx_word' id='word_1_273' title='bbox 3294 1587 3644 1659; x_wconf 67' lang='grc' dir='ltr'>ἐπιθυμῆσαι</span> 
     </span>
    </p>
   </div>
   <div class='ocr_carea' id='block_1_39' title="bbox 2053 1670 3645 1748">
    <p class='ocr_par' dir='ltr' id='par_1_39' title="bbox 2053 1670 3645 1748">
     <span class='ocr_line' id='line_1_39' title="bbox 2053 1670 3645 1748; baseline 0.004 -21"><span class='ocrx_word' id='word_1_274' title='bbox 2053 1673 2364 1744; x_wconf 62' lang='grc' dir='ltr'><strong>συνένλοιϐον⁹</strong></span> <span class='ocrx_word' id='word_1_275' title='bbox 2389 1675 2483 1727; x_wconf 72' lang='grc' dir='ltr'><strong>καὶ</strong></span> <span class='ocrx_word' id='word_1_276' title='bbox 2510 1676 2843 1748; x_wconf 87' lang='grc' dir='ltr'>ἐνεκίσσησα</span> <span class='ocrx_word' id='word_1_277' title='bbox 2868 1677 2911 1730; x_wconf 80' lang='grc'><strong>⁸.</strong></span> <span class='ocrx_word' id='word_1_278' title='bbox 2941 1677 3016 1731; x_wconf 80' lang='grc' dir='ltr'><strong>Οὐ</strong></span> <span class='ocrx_word' id='word_1_279' title='bbox 3046 1676 3153 1748; x_wconf 82' lang='grc' dir='ltr'><strong>γὰρ</strong></span> <span class='ocrx_word' id='word_1_280' title='bbox 3177 1670 3254 1731; x_wconf 81' lang='grc' dir='ltr'>ὧν</span> <span class='ocrx_word' id='word_1_281' title='bbox 3279 1678 3429 1748; x_wconf 72' lang='grc' dir='ltr'>ἔχει,</span> <span class='ocrx_word' id='word_1_282' title='bbox 3455 1681 3556 1735; x_wconf 79' lang='grc' dir='ltr'><strong>καὶ</strong></span> <span class='ocrx_word' id='word_1_283' title='bbox 3580 1677 3645 1734; x_wconf 72' lang='grc' dir='ltr'>ὧν</span> 
     </span>
    </p>
   </div>
   <div class='ocr_carea' id='block_1_40' title="bbox 2050 1767 3642 1840">
    <p class='ocr_par' dir='ltr' id='par_1_40' title="bbox 2050 1767 3642 1840">
     <span class='ocr_line' id='line_1_40' title="bbox 2050 1767 3642 1840; baseline 0.003 -20"><span class='ocrx_word' id='word_1_284' title='bbox 2050 1767 2372 1835; x_wconf 77' lang='grc' dir='ltr'>ἐξουσιάζει,</span> <span class='ocrx_word' id='word_1_285' title='bbox 2400 1770 2494 1823; x_wconf 76' lang='grc' dir='ltr'>καὶ</span> <span class='ocrx_word' id='word_1_286' title='bbox 2527 1768 2799 1840; x_wconf 82' lang='grc' dir='ltr'>κέχρηται</span> <span class='ocrx_word' id='word_1_287' title='bbox 2828 1768 3013 1832; x_wconf 83' lang='grc' dir='ltr'>αὐτοῖς</span> <span class='ocrx_word' id='word_1_288' title='bbox 3043 1769 3071 1822; x_wconf 99' lang='lat'><strong>6</strong></span> <span class='ocrx_word' id='word_1_289' title='bbox 3099 1768 3422 1840; x_wconf 76' lang='grc' dir='ltr'>ἐπιθυμῶν,</span> <span class='ocrx_word' id='word_1_290' title='bbox 3460 1773 3642 1825; x_wconf 71' lang='grc' dir='ltr'>ἐπιθυ·</span> 
     </span>
    </p>
   </div>
   <div class='ocr_carea' id='block_1_41' title="bbox 2052 1852 3643 1929">
    <p class='ocr_par' dir='ltr' id='par_1_41' title="bbox 2052 1852 3643 1929">
     <span class='ocr_line' id='line_1_41' title="bbox 2052 1852 3643 1929; baseline 0.003 -18"><span class='ocrx_word' id='word_1_291' title='bbox 2052 1861 2173 1929; x_wconf 88' lang='grc' dir='ltr'><strong>μεῖ,</strong></span> <span class='ocrx_word' id='word_1_292' title='bbox 2212 1859 2346 1913; x_wconf 86' lang='grc' dir='ltr'>ἀλλὰ</span> <span class='ocrx_word' id='word_1_293' title='bbox 2385 1852 2459 1913; x_wconf 85' lang='grc' dir='ltr'>ὧν</span> <span class='ocrx_word' id='word_1_294' title='bbox 2513 1857 2838 1922; x_wconf 85' lang='grc' dir='ltr'><strong>κεκώλυται,</strong></span> <span class='ocrx_word' id='word_1_295' title='bbox 2872 1858 2967 1911; x_wconf 69' lang='grc' dir='ltr'><strong>καὶ</strong></span> <span class='ocrx_word' id='word_1_296' title='bbox 3021 1857 3340 1929; x_wconf 78' lang='grc' dir='ltr'>ἀφῄρηται,</span> <span class='ocrx_word' id='word_1_297' title='bbox 3396 1862 3501 1914; x_wconf 74' lang='grc' dir='ltr'><strong>καὶ</strong></span> <span class='ocrx_word' id='word_1_298' title='bbox 3555 1863 3643 1916; x_wconf 69' lang='grc' dir='ltr'>οὐκ</span> 
     </span>
    </p>
   </div>
   <div class='ocr_carea' id='block_1_42' title="bbox 2048 1947 3645 2021">
    <p class='ocr_par' dir='ltr' id='par_1_42' title="bbox 2048 1947 3645 2021">
     <span class='ocr_line' id='line_1_42' title="bbox 2048 1947 3645 2021; baseline 0.003 -19"><span class='ocrx_word' id='word_1_299' title='bbox 2048 1949 2180 2021; x_wconf 81' lang='grc' dir='ltr'>ἔχει.</span> <span class='ocrx_word' id='word_1_300' title='bbox 2212 1949 2304 2002; x_wconf 79' lang='grc' dir='ltr'><strong>Διὸ</strong></span> <span class='ocrx_word' id='word_1_301' title='bbox 2326 1949 2387 2021; x_wconf 84' lang='grc' dir='ltr'>δὴ</span> <span class='ocrx_word' id='word_1_302' title='bbox 2410 1948 2607 2012; x_wconf 83' lang='grc' dir='ltr'>καλῶς,</span> <span class='ocrx_word' id='word_1_303' title='bbox 2646 1947 2765 2016; x_wconf 81' lang='grc' dir='ltr'><strong>Τὴν</strong></span> <span class='ocrx_word' id='word_1_304' title='bbox 2814 1948 3136 2017; x_wconf 81' lang='grc' dir='ltr'><strong>ἐπιθυμίαν</strong></span> <span class='ocrx_word' id='word_1_305' title='bbox 3169 1950 3284 2003; x_wconf 80' lang='grc' dir='ltr'>οὐκ</span> <span class='ocrx_word' id='word_1_306' title='bbox 3314 1950 3524 2019; x_wconf 71' lang='grc' dir='ltr'>ᾔδειν,</span> <span class='ocrx_word' id='word_1_307' title='bbox 3548 1953 3645 2006; x_wconf 83' lang='grc' dir='ltr'>ἐλέ-</span> 
     </span>
    </p>
   </div>
   <div class='ocr_carea' id='block_1_43' title="bbox 2047 2039 3644 2114">
    <p class='ocr_par' dir='ltr' id='par_1_43' title="bbox 2047 2039 3644 2114">
     <span class='ocr_line' id='line_1_43' title="bbox 2047 2039 3644 2114; baseline 0.002 -19"><span class='ocrx_word' id='word_1_308' title='bbox 2047 2040 2173 2114; x_wconf 86' lang='grc' dir='ltr'>χθη,</span> <span class='ocrx_word' id='word_1_309' title='bbox 2208 2043 2260 2095; x_wconf 81' lang='grc' dir='ltr'>εί</span> <span class='ocrx_word' id='word_1_310' title='bbox 2281 2040 2366 2111; x_wconf 82' lang='grc' dir='ltr'>μὴ</span> <span class='ocrx_word' id='word_1_311' title='bbox 2400 2044 2432 2095; x_wconf 83' lang='grc' dir='ltr'><strong><em>ό</em></strong></span> <span class='ocrx_word' id='word_1_312' title='bbox 2470 2041 2653 2110; x_wconf 83' lang='grc' dir='ltr'>νόμος</span> <span class='ocrx_word' id='word_1_313' title='bbox 2684 2041 2927 2110; x_wconf 76' lang='grc' dir='ltr'><strong>ἔλεγεν·</strong></span> <span class='ocrx_word' id='word_1_314' title='bbox 2971 2041 3095 2094; x_wconf 78' lang='grc' dir='ltr'><strong>Οὐκ</strong></span> <span class='ocrx_word' id='word_1_315' title='bbox 3118 2039 3553 2111; x_wconf 80' lang='grc' dir='ltr'><strong>ἐπιθυμήσεις.</strong></span> <span class='ocrx_word' id='word_1_316' title='bbox 3586 2047 3644 2098; x_wconf 87' lang='lat'><strong>&#39;0</strong></span> 
     </span>
    </p>
   </div>
   <div class='ocr_carea' id='block_1_44' title="bbox 364 2128 1862 2207">
    <p class='ocr_par' dir='ltr' id='par_1_44' title="bbox 364 2128 1862 2199">
     <span class='ocr_line' id='line_1_44' title="bbox 364 2128 1862 2199; baseline -0.002 -14"><span class='ocrx_word' id='word_1_317' title='bbox 364 2141 532 2186; x_wconf 88' lang='lat' dir='ltr'><strong>morte</strong></span> <span class='ocrx_word' id='word_1_318' title='bbox 553 2132 850 2187; x_wconf 85' lang='lat' dir='ltr'><strong>moriemini</strong></span> <span class='ocrx_word' id='word_1_319' title='bbox 881 2134 900 2164; x_wconf 84' lang='grc'>²</span> <span class='ocrx_word' id='word_1_320' title='bbox 934 2150 947 2186; x_wconf 91' lang='lat'><strong>:</strong></span> <span class='ocrx_word' id='word_1_321' title='bbox 979 2139 1093 2187; x_wconf 91' lang='lat' dir='ltr'><strong>tum</strong></span> <span class='ocrx_word' id='word_1_322' title='bbox 1129 2131 1345 2186; x_wconf 91' lang='lat' dir='ltr'><strong>demum</strong></span> <span class='ocrx_word' id='word_1_323' title='bbox 1380 2129 1729 2199; x_wconf 84' lang='lat' dir='ltr'><strong>cupiditatem</strong></span> <span class='ocrx_word' id='word_1_324' title='bbox 1760 2128 1862 2183; x_wconf 66' lang='lat' dir='ltr'><strong>ani]</strong></span> 
     </span>
    </p>
   </div>
   <div class='ocr_carea' id='block_1_45' title="bbox 2146 2128 3644 2207">
    <p class='ocr_par' dir='ltr' id='par_1_45' title="bbox 2146 2130 3644 2207">
     <span class='ocr_line' id='line_1_45' title="bbox 2146 2130 3644 2207; baseline 0.003 -22"><span class='ocrx_word' id='word_1_325' title='bbox 2146 2135 2320 2187; x_wconf 81' lang='grc' dir='ltr'>ἐστιν·</span> <span class='ocrx_word' id='word_1_326' title='bbox 2364 2133 2447 2186; x_wconf 80' lang='grc' dir='ltr'><strong>Οὐ</strong></span> <span class='ocrx_word' id='word_1_327' title='bbox 2499 2130 2765 2201; x_wconf 69' lang='grc' dir='ltr'><em>φάγεσθε</em></span> <span class='ocrx_word' id='word_1_328' title='bbox 2809 2131 2912 2185; x_wconf 78' lang='grc' dir='ltr'><strong>ἀπ’</strong></span> <span class='ocrx_word' id='word_1_329' title='bbox 2945 2132 3151 2186; x_wconf 81' lang='grc' dir='ltr'>αὐτοῦ.</span> <span class='ocrx_word' id='word_1_330' title='bbox 3196 2132 3501 2189; x_wconf 69' lang='grc' dir='ltr'>Ἐντεῦθεν</span> <span class='ocrx_word' id='word_1_331' title='bbox 3546 2135 3644 2207; x_wconf 75' lang='grc' dir='ltr'><strong>γὰρ</strong></span> 
     </span>
    </p>
   </div>
   <div class='ocr_carea' id='block_1_46' title="bbox 363 2220 1861 2298">
    <p class='ocr_par' dir='ltr' id='par_1_46' title="bbox 363 2220 1861 2296">
     <span class='ocr_line' id='line_1_46' title="bbox 363 2220 1861 2296; baseline -0.003 -16"><span class='ocrx_word' id='word_1_332' title='bbox 363 2226 635 2296; x_wconf 85' lang='lat' dir='ltr'><strong>concepit.</strong></span> <span class='ocrx_word' id='word_1_333' title='bbox 690 2222 811 2279; x_wconf 85' lang='lat' dir='ltr'><strong>Non</strong></span> <span class='ocrx_word' id='word_1_334' title='bbox 855 2224 998 2279; x_wconf 90' lang='lat' dir='ltr'><strong>enim</strong></span> <span class='ocrx_word' id='word_1_335' title='bbox 1042 2238 1164 2294; x_wconf 68' lang='lat' dir='ltr'><strong>qum</strong></span> <span class='ocrx_word' id='word_1_336' title='bbox 1206 2220 1439 2293; x_wconf 89' lang='lat' dir='ltr'><strong>cupidus</strong></span> <span class='ocrx_word' id='word_1_337' title='bbox 1474 2221 1709 2293; x_wconf 90' lang='lat' dir='ltr'><strong>quisque</strong></span> <span class='ocrx_word' id='word_1_338' title='bbox 1753 2220 1807 2275; x_wconf 93' lang='lat' dir='ltr'><strong>in</strong></span> <span class='ocrx_word' id='word_1_339' title='bbox 1847 2237 1861 2292; x_wconf 88' lang='grc' dir='ltr'><strong>ι</strong></span> 
     </span>
    </p>
   </div>
   <div class='ocr_carea' id='block_1_47' title="bbox 2148 2220 3646 2298">
    <p class='ocr_par' dir='ltr' id='par_1_47' title="bbox 2151 2222 3646 2298">
     <span class='ocr_line' id='line_1_47' title="bbox 2151 2222 3646 2298; baseline 0.005 -22"><span class='ocrx_word' id='word_1_340' title='bbox 2151 2224 2319 2295; x_wconf 82' lang='grc' dir='ltr'>ήσατο</span> <span class='ocrx_word' id='word_1_341' title='bbox 2356 2223 2519 2276; x_wconf 86' lang='grc' dir='ltr'>τόπον</span> <span class='ocrx_word' id='word_1_342' title='bbox 2565 2224 2660 2276; x_wconf 81' lang='grc' dir='ltr'>καὶ</span> <span class='ocrx_word' id='word_1_343' title='bbox 2690 2223 2945 2295; x_wconf 73' lang='grc' dir='ltr'>ἀφορμὴν</span> <span class='ocrx_word' id='word_1_344' title='bbox 2974 2222 3242 2277; x_wconf 76' lang='grc' dir='ltr'><em>εἰσελθεῖν</em></span> <span class='ocrx_word' id='word_1_345' title='bbox 3268 2224 3419 2298; x_wconf 81' lang='grc' dir='ltr'>πρὸς</span> <span class='ocrx_word' id='word_1_346' title='bbox 3444 2227 3512 2281; x_wconf 77' lang='grc' dir='ltr'>τὸ</span> <span class='ocrx_word' id='word_1_347' title='bbox 3543 2228 3646 2283; x_wconf 83' lang='grc' dir='ltr'>δια-</span> 
     </span>
    </p>
   </div>
   <div class='ocr_carea' id='block_1_48' title="bbox 330 2313 1828 2387">
    <p class='ocr_par' dir='ltr' id='par_1_48' title="bbox 330 2314 1828 2384">
     <span class='ocr_line' id='line_1_48' title="bbox 330 2314 1828 2384; baseline 0 -14"><span class='ocrx_word' id='word_1_348' title='bbox 330 2323 562 2383; x_wconf 63' lang='grc' dir='ltr'>,ιεειιιιε</span> <span class='ocrx_word' id='word_1_349' title='bbox 602 2316 765 2372; x_wconf 86' lang='lat' dir='ltr'><strong>habet</strong></span> <span class='ocrx_word' id='word_1_350' title='bbox 810 2325 864 2371; x_wconf 89' lang='lat' dir='ltr'><strong>et</strong></span> <span class='ocrx_word' id='word_1_351' title='bbox 908 2315 1138 2381; x_wconf 90' lang='lat' dir='ltr'><strong>obtinet,</strong></span> <span class='ocrx_word' id='word_1_352' title='bbox 1176 2314 1351 2383; x_wconf 89' lang='lat' dir='ltr'><strong>iisque</strong></span> <span class='ocrx_word' id='word_1_353' title='bbox 1380 2314 1458 2369; x_wconf 93' lang='lat' dir='ltr'><strong>uti</strong></span> <span class='ocrx_word' id='word_1_354' title='bbox 1487 2321 1685 2384; x_wconf 90' lang='lat' dir='ltr'><strong>potest,</strong></span> <span class='ocrx_word' id='word_1_355' title='bbox 1717 2329 1781 2369; x_wconf 89' lang='lat' dir='ltr'><strong>ea</strong></span> <span class='ocrx_word' id='word_1_356' title='bbox 1811 2330 1828 2370; x_wconf 90' lang='lat'><strong>(</strong></span> 
     </span>
    </p>
   </div>
   <div class='ocr_carea' id='block_1_49' title="bbox 1807 2313 3305 2387">
    <p class='ocr_par' dir='ltr' id='par_1_49' title="bbox 1811 2313 3305 2387">
     <span class='ocr_line' id='line_1_49' title="bbox 1811 2313 3305 2387; baseline 0 -16"><span class='ocrx_word' id='word_1_357' title='bbox 1811 2330 1945 2371; x_wconf 86' lang='lat' dir='ltr'><strong>con-</strong></span> <span class='ocrx_word' id='word_1_358' title='bbox 2054 2314 2242 2381; x_wconf 80' lang='grc' dir='ltr'>παῖξαί</span> <span class='ocrx_word' id='word_1_359' title='bbox 2274 2331 2341 2387; x_wconf 84' lang='grc' dir='ltr'><strong>με</strong></span> <span class='ocrx_word' id='word_1_360' title='bbox 2370 2315 2464 2369; x_wconf 71' lang='grc' dir='ltr'>καὶ</span> <span class='ocrx_word' id='word_1_361' title='bbox 2498 2313 3010 2387; x_wconf 74' lang='grc' dir='ltr'>παρατρέψασθαιή</span> <span class='ocrx_word' id='word_1_362' title='bbox 3037 2315 3305 2387; x_wconf 80' lang='grc' dir='ltr'>ἁμαρτία.</span> 
     </span>
    </p>
   </div>
   <div class='ocr_carea' id='block_1_50' title="bbox 363 2404 3645 2480">
    <p class='ocr_par' dir='ltr' id='par_1_50' title="bbox 363 2404 3645 2480">
     <span class='ocr_line' id='line_1_50' title="bbox 363 2404 3645 2480; baseline 0.001 -19"><span class='ocrx_word' id='word_1_363' title='bbox 363 2406 593 2476; x_wconf 81' lang='lat' dir='ltr'><strong>cupiscit</strong></span> <span class='ocrx_word' id='word_1_364' title='bbox 622 2423 637 2470; x_wconf 90' lang='lat'><strong>;</strong></span> <span class='ocrx_word' id='word_1_365' title='bbox 678 2405 772 2461; x_wconf 91' lang='lat' dir='ltr'><strong>sed</strong></span> <span class='ocrx_word' id='word_1_366' title='bbox 819 2421 850 2461; x_wconf 90' lang='lat' dir='ltr'><strong>a</strong></span> <span class='ocrx_word' id='word_1_367' title='bbox 898 2406 1098 2477; x_wconf 87' lang='lat' dir='ltr'><strong>quibus</strong></span> <span class='ocrx_word' id='word_1_368' title='bbox 1140 2404 1476 2476; x_wconf 86' lang='lat' dir='ltr'><strong>prohibetur,</strong></span> <span class='ocrx_word' id='word_1_369' title='bbox 1512 2405 1820 2477; x_wconf 89' lang='lat' dir='ltr'><strong>quibusque</strong></span> <span class='ocrx_word' id='word_1_370' title='bbox 1850 2409 2115 2480; x_wconf 82' lang='lat' dir='ltr'><strong>privatur,</strong></span> <span class='ocrx_word' id='word_1_371' title='bbox 2156 2414 2213 2461; x_wconf 90' lang='lat' dir='ltr'><strong>ut</strong></span> <span class='ocrx_word' id='word_1_372' title='bbox 2240 2421 2303 2459; x_wconf 88' lang='lat' dir='ltr'><strong>ea</strong></span> <span class='ocrx_word' id='word_1_373' title='bbox 2337 2420 2448 2460; x_wconf 91' lang='lat' dir='ltr'><strong>non</strong></span> <span class='ocrx_word' id='word_1_374' title='bbox 2481 2406 2775 2477; x_wconf 86' lang='lat' dir='ltr'><strong>possideat.</strong></span> <span class='ocrx_word' id='word_1_375' title='bbox 2813 2404 3076 2460; x_wconf 61' lang='lat' dir='ltr'><strong>Praeclare</strong></span> <span class='ocrx_word' id='word_1_376' title='bbox 3102 2420 3233 2476; x_wconf 84' lang='lat' dir='ltr'><strong>ergo</strong></span> <span class='ocrx_word' id='word_1_377' title='bbox 3267 2406 3493 2462; x_wconf 90' lang='lat' dir='ltr'><strong>dictum</strong></span> <span class='ocrx_word' id='word_1_378' title='bbox 3523 2417 3645 2464; x_wconf 85' lang='lat' dir='ltr'><strong>est:</strong></span> 
     </span>
    </p>
   </div>
   <div class='ocr_carea' id='block_1_51' title="bbox 363 2496 3649 2573">
    <p class='ocr_par' dir='ltr' id='par_1_51' title="bbox 363 2496 3649 2573">
     <span class='ocr_line' id='line_1_51' title="bbox 363 2496 3649 2573; baseline 0.001 -20"><span class='ocrx_word' id='word_1_379' title='bbox 363 2496 849 2568; x_wconf 82' lang='lat' dir='ltr'><strong>Concupiscentiam</strong></span> <span class='ocrx_word' id='word_1_380' title='bbox 892 2516 995 2552; x_wconf 84' lang='lat' dir='ltr'><strong>non</strong></span> <span class='ocrx_word' id='word_1_381' title='bbox 1046 2513 1260 2566; x_wconf 84' lang='lat' dir='ltr'><strong>noram,</strong></span> <span class='ocrx_word' id='word_1_382' title='bbox 1293 2498 1396 2552; x_wconf 82' lang='lat' dir='ltr'><strong>nisi</strong></span> <span class='ocrx_word' id='word_1_383' title='bbox 1429 2497 1512 2553; x_wconf 78' lang='lat' dir='ltr'><strong>lex</strong></span> <span class='ocrx_word' id='word_1_384' title='bbox 1541 2498 1761 2556; x_wconf 69' lang='lat' dir='ltr'><strong>dixisset</strong></span> <span class='ocrx_word' id='word_1_385' title='bbox 1807 2516 1824 2554; x_wconf 91' lang='lat'><em>:</em></span> <span class='ocrx_word' id='word_1_386' title='bbox 1866 2500 1991 2559; x_wconf 85' lang='lat' dir='ltr'><strong>Non</strong></span> <span class='ocrx_word' id='word_1_387' title='bbox 2019 2501 2376 2573; x_wconf 84' lang='lat' dir='ltr'><strong>concupisces.</strong></span> <span class='ocrx_word' id='word_1_388' title='bbox 2412 2497 2527 2554; x_wconf 80' lang='lat' dir='ltr'><strong>Hoc</strong></span> <span class='ocrx_word' id='word_1_389' title='bbox 2564 2507 2651 2555; x_wconf 86' lang='lat' dir='ltr'><strong>est</strong></span> <span class='ocrx_word' id='word_1_390' title='bbox 2686 2517 2698 2554; x_wconf 89' lang='lat'><strong>:</strong></span> <span class='ocrx_word' id='word_1_391' title='bbox 2739 2497 2861 2552; x_wconf 86' lang='lat' dir='ltr'><strong>Non</strong></span> <span class='ocrx_word' id='word_1_392' title='bbox 2908 2497 3187 2553; x_wconf 84' lang='lat' dir='ltr'><strong>comedetis</strong></span> <span class='ocrx_word' id='word_1_393' title='bbox 3229 2514 3297 2553; x_wconf 78' lang='lat' dir='ltr'><strong>ea:</strong></span> <span class='ocrx_word' id='word_1_394' title='bbox 3350 2501 3477 2555; x_wconf 80' lang='lat' dir='ltr'><strong>illo.</strong></span> <span class='ocrx_word' id='word_1_395' title='bbox 3517 2500 3649 2556; x_wconf 82' lang='lat' dir='ltr'><strong>[line</strong></span> 
     </span>
    </p>
   </div>
   <div class='ocr_carea' id='block_1_52' title="bbox 362 2592 3472 2669">
    <p class='ocr_par' dir='ltr' id='par_1_52' title="bbox 362 2592 3472 2669">
     <span class='ocr_line' id='line_1_52' title="bbox 362 2592 3472 2669; baseline -0.002 -19"><span class='ocrx_word' id='word_1_396' title='bbox 362 2596 503 2650; x_wconf 89' lang='lat' dir='ltr'><strong>enim</strong></span> <span class='ocrx_word' id='word_1_397' title='bbox 548 2595 724 2649; x_wconf 81' lang='lat' dir='ltr'><strong>locum</strong></span> <span class='ocrx_word' id='word_1_398' title='bbox 756 2595 1227 2663; x_wconf 87' lang='lat' dir='ltr'><strong>occasionemque,</strong></span> <span class='ocrx_word' id='word_1_399' title='bbox 1254 2600 1314 2647; x_wconf 87' lang='lat' dir='ltr'><strong>ut</strong></span> <span class='ocrx_word' id='word_1_400' title='bbox 1358 2592 1421 2647; x_wconf 90' lang='lat' dir='ltr'><strong>ad</strong></span> <span class='ocrx_word' id='word_1_401' title='bbox 1461 2609 1548 2649; x_wconf 87' lang='lat' dir='ltr'><strong>me</strong></span> <span class='ocrx_word' id='word_1_402' title='bbox 1600 2595 1935 2651; x_wconf 89' lang='lat' dir='ltr'><strong>illudendum</strong></span> <span class='ocrx_word' id='word_1_403' title='bbox 1966 2606 2127 2669; x_wconf 89' lang='lat' dir='ltr'><strong>atque</strong></span> <span class='ocrx_word' id='word_1_404' title='bbox 2174 2594 2524 2650; x_wconf 89' lang='lat' dir='ltr'><strong>avertendum</strong></span> <span class='ocrx_word' id='word_1_405' title='bbox 2561 2593 2861 2659; x_wconf 89' lang='lat' dir='ltr'><strong>accederet,</strong></span> <span class='ocrx_word' id='word_1_406' title='bbox 2898 2603 3179 2663; x_wconf 88' lang='lat' dir='ltr'><strong>peccatum</strong></span> <span class='ocrx_word' id='word_1_407' title='bbox 3215 2594 3472 2664; x_wconf 90' lang='lat' dir='ltr'><strong>accepit.</strong></span> 
     </span>
    </p>
   </div>
   <div class='ocr_carea' id='block_1_53' title="bbox 432 2684 1930 2761">
    <p class='ocr_par' dir='ltr' id='par_1_53' title="bbox 432 2687 1930 2754">
     <span class='ocr_line' id='line_1_53' title="bbox 432 2687 1930 2754; baseline 0.001 -8"><span class='ocrx_word' id='word_1_408' title='bbox 432 2688 566 2746; x_wconf 79' lang='lat' dir='ltr'><strong>LVI.</strong></span> <span class='ocrx_word' id='word_1_409' title='bbox 627 2688 837 2745; x_wconf 87' lang='lat' dir='ltr'><strong>Etenim</strong></span> <span class='ocrx_word' id='word_1_410' title='bbox 886 2688 1143 2745; x_wconf 87' lang='lat' dir='ltr'><strong>mandato</strong></span> <span class='ocrx_word' id='word_1_411' title='bbox 1189 2688 1357 2744; x_wconf 90' lang='lat' dir='ltr'><strong>semel</strong></span> <span class='ocrx_word' id='word_1_412' title='bbox 1394 2687 1563 2754; x_wconf 90' lang='lat' dir='ltr'><strong>edito,</strong></span> <span class='ocrx_word' id='word_1_413' title='bbox 1597 2691 1930 2747; x_wconf 83' lang='lat' dir='ltr'><strong>occasionem</strong></span> 
     </span>
    </p>
   </div>
   <div class='ocr_carea' id='block_1_54' title="bbox 2151 2684 3649 2761">
    <p class='ocr_par' dir='ltr' id='par_1_54' title="bbox 2151 2684 3649 2761">
     <span class='ocr_line' id='line_1_54' title="bbox 2151 2684 3649 2761; baseline -0.001 -17"><span class='ocrx_word' id='word_1_414' title='bbox 2151 2691 2264 2758; x_wconf 74' lang='lat' dir='ltr'><strong>tq&#39;.</strong></span> <span class='ocrx_word' id='word_1_415' title='bbox 2304 2684 2562 2759; x_wconf 80' lang='grc' dir='ltr'>Δοθείσης</span> <span class='ocrx_word' id='word_1_416' title='bbox 2599 2686 2710 2761; x_wconf 83' lang='grc' dir='ltr'>γὰρ</span> <span class='ocrx_word' id='word_1_417' title='bbox 2739 2687 2839 2757; x_wconf 82' lang='grc' dir='ltr'>τῆς</span> <span class='ocrx_word' id='word_1_418' title='bbox 2886 2687 3127 2760; x_wconf 83' lang='grc' dir='ltr'>ἐντολῆς,</span> <span class='ocrx_word' id='word_1_419' title='bbox 3159 2687 3291 2757; x_wconf 75' lang='grc' dir='ltr'>ἔσχε</span> <span class='ocrx_word' id='word_1_420' title='bbox 3334 2687 3525 2760; x_wconf 76' lang='grc' dir='ltr'>λαϐὴν</span> <span class='ocrx_word' id='word_1_421' title='bbox 3564 2687 3649 2742; x_wconf 72' lang='grc' dir='ltr'>διὰ</span> 
     </span>
    </p>
   </div>
   <div class='ocr_carea' id='block_1_55' title="bbox 364 2780 1862 2859">
    <p class='ocr_par' dir='ltr' id='par_1_55' title="bbox 364 2780 1862 2854">
     <span class='ocr_line' id='line_1_55' title="bbox 364 2780 1862 2854; baseline -0.001 -16"><span class='ocrx_word' id='word_1_422' title='bbox 364 2785 491 2838; x_wconf 85' lang='lat' dir='ltr'><strong>inde</strong></span> <span class='ocrx_word' id='word_1_423' title='bbox 535 2781 880 2854; x_wconf 83' lang='lat' dir='ltr'><strong>perficiendae</strong></span> <span class='ocrx_word' id='word_1_424' title='bbox 936 2782 992 2837; x_wconf 92' lang='lat' dir='ltr'><strong>in</strong></span> <span class='ocrx_word' id='word_1_425' title='bbox 1050 2796 1137 2837; x_wconf 90' lang='lat' dir='ltr'><strong>me</strong></span> <span class='ocrx_word' id='word_1_426' title='bbox 1184 2780 1644 2851; x_wconf 63' lang='lat' dir='ltr'><strong>concupiscentiae</strong></span> <span class='ocrx_word' id='word_1_427' title='bbox 1694 2783 1862 2839; x_wconf 69' lang='lat' dir='ltr'><strong>diaboi</strong></span> 
     </span>
    </p>
   </div>
   <div class='ocr_carea' id='block_1_56' title="bbox 2151 2780 3649 2859">
    <p class='ocr_par' dir='ltr' id='par_1_56' title="bbox 2179 2780 3649 2856">
     <span class='ocr_line' id='line_1_56' title="bbox 2179 2780 3649 2856; baseline -0.003 -17"><span class='ocrx_word' id='word_1_428' title='bbox 2179 2784 2401 2856; x_wconf 81' lang='grc' dir='ltr'>ἐντολῆς</span> <span class='ocrx_word' id='word_1_429' title='bbox 2432 2784 2461 2836; x_wconf 89' lang='lat'><strong>6</strong></span> <span class='ocrx_word' id='word_1_430' title='bbox 2493 2782 2738 2846; x_wconf 86' lang='grc' dir='ltr'>διάϐολος</span> <span class='ocrx_word' id='word_1_431' title='bbox 2777 2780 3223 2854; x_wconf 83' lang='grc' dir='ltr'>κατεργάσασθαι</span> <span class='ocrx_word' id='word_1_432' title='bbox 3261 2783 3325 2834; x_wconf 82' lang='grc' dir='ltr'><strong>ἐν</strong></span> <span class='ocrx_word' id='word_1_433' title='bbox 3379 2783 3519 2852; x_wconf 72' lang='grc' dir='ltr'>ἐμοὶ</span> <span class='ocrx_word' id='word_1_434' title='bbox 3559 2784 3649 2854; x_wconf 71' lang='grc' dir='ltr'><strong>τὴν</strong></span> 
     </span>
    </p>
   </div>
   <div class='ocr_carea' id='block_1_57' title="bbox 361 2872 1859 2948">
    <p class='ocr_par' dir='ltr' id='par_1_57' title="bbox 361 2873 1859 2944">
     <span class='ocr_line' id='line_1_57' title="bbox 361 2873 1859 2944; baseline -0.002 -11"><span class='ocrx_word' id='word_1_435' title='bbox 361 2882 443 2933; x_wconf 87' lang='lat' dir='ltr'><strong>est</strong></span> <span class='ocrx_word' id='word_1_436' title='bbox 474 2883 690 2941; x_wconf 89' lang='lat' dir='ltr'><strong>nactus,</strong></span> <span class='ocrx_word' id='word_1_437' title='bbox 714 2890 839 2931; x_wconf 89' lang='lat' dir='ltr'><strong>cum</strong></span> <span class='ocrx_word' id='word_1_438' title='bbox 880 2890 966 2930; x_wconf 89' lang='lat' dir='ltr'><strong>me</strong></span> <span class='ocrx_word' id='word_1_439' title='bbox 995 2873 1259 2944; x_wconf 80' lang='lat' dir='ltr'><strong>singulari</strong></span> <span class='ocrx_word' id='word_1_440' title='bbox 1293 2873 1526 2944; x_wconf 90' lang='lat' dir='ltr'><strong>quadam</strong></span> <span class='ocrx_word' id='word_1_441' title='bbox 1566 2874 1859 2930; x_wconf 89' lang='lat' dir='ltr'><strong>calliditate</strong></span> 
     </span>
    </p>
   </div>
   <div class='ocr_carea' id='block_1_58' title="bbox 2151 2872 3649 2948">
    <p class='ocr_par' dir='ltr' id='par_1_58' title="bbox 2151 2872 3649 2948">
     <span class='ocr_line' id='line_1_58' title="bbox 2151 2872 3649 2948; baseline -0.001 -19"><span class='ocrx_word' id='word_1_442' title='bbox 2151 2877 2349 2948; x_wconf 67' lang='grc' dir='ltr'><strong>Γὶυμίαν</strong></span> <span class='ocrx_word' id='word_1_443' title='bbox 2373 2917 2387 2941; x_wconf 93' lang='grc'><strong>,</strong></span> <span class='ocrx_word' id='word_1_444' title='bbox 2421 2876 2790 2947; x_wconf 84' lang='grc' dir='ltr'><strong>παρορμήσας</strong></span> <span class='ocrx_word' id='word_1_445' title='bbox 2837 2890 2939 2945; x_wconf 87' lang='grc' dir='ltr'><strong>με,</strong></span> <span class='ocrx_word' id='word_1_446' title='bbox 2988 2874 3077 2927; x_wconf 67' lang='grc' dir='ltr'>καὶ</span> <span class='ocrx_word' id='word_1_447' title='bbox 3115 2872 3649 2944; x_wconf 79' lang='grc' dir='ltr'>προσκαλεσάμενος</span> 
     </span>
    </p>
   </div>
   <div class='ocr_carea' id='block_1_59' title="bbox 362 2962 1860 3038">
    <p class='ocr_par' dir='ltr' id='par_1_59' title="bbox 362 2964 1860 3038">
     <span class='ocr_line' id='line_1_59' title="bbox 362 2964 1860 3038; baseline -0.003 -12"><span class='ocrx_word' id='word_1_448' title='bbox 362 2982 548 3026; x_wconf 81' lang='lat' dir='ltr'><strong>eorum</strong></span> <span class='ocrx_word' id='word_1_449' title='bbox 574 2984 693 3038; x_wconf 72' lang='lat' dir='ltr'><strong>qua:</strong></span> <span class='ocrx_word' id='word_1_450' title='bbox 712 2968 874 3023; x_wconf 86' lang='lat' dir='ltr'><strong>vetita</strong></span> <span class='ocrx_word' id='word_1_451' title='bbox 897 2975 1046 3029; x_wconf 89' lang='lat' dir='ltr'><strong>sunt,</strong></span> <span class='ocrx_word' id='word_1_452' title='bbox 1070 2964 1572 3037; x_wconf 87' lang='lat' dir='ltr'><strong>concupiscentiam</strong></span> <span class='ocrx_word' id='word_1_453' title='bbox 1595 2966 1810 3020; x_wconf 87' lang='lat' dir='ltr'><strong>hortatu</strong></span> <span class='ocrx_word' id='word_1_454' title='bbox 1845 2981 1860 3021; x_wconf 82' lang='grc' dir='ltr'><strong>ε</strong></span> 
     </span>
    </p>
   </div>
   <div class='ocr_carea' id='block_1_60' title="bbox 2147 2962 3645 3038">
    <p class='ocr_par' dir='ltr' id='par_1_60' title="bbox 2147 2962 3645 3037">
     <span class='ocr_line' id='line_1_60' title="bbox 2147 2962 3645 3037; baseline -0.002 -17"><span class='ocrx_word' id='word_1_455' title='bbox 2147 2967 2310 3035; x_wconf 81' lang='grc' dir='ltr'>έχνως</span> <span class='ocrx_word' id='word_1_456' title='bbox 2354 2968 2435 3029; x_wconf 75' lang='grc' dir='ltr'><strong>εἰς</strong></span> <span class='ocrx_word' id='word_1_457' title='bbox 2479 2964 2659 3037; x_wconf 75' lang='grc' dir='ltr'>ὄρεξιν</span> <span class='ocrx_word' id='word_1_458' title='bbox 2700 2965 3027 3017; x_wconf 84' lang='grc' dir='ltr'>καταπεσεῖν</span> <span class='ocrx_word' id='word_1_459' title='bbox 3063 2962 3173 3017; x_wconf 85' lang='grc' dir='ltr'>τῶν</span> <span class='ocrx_word' id='word_1_460' title='bbox 3206 2964 3645 3034; x_wconf 78' lang='grc' dir='ltr'>κεκωλυμένων.</span> 
     </span>
    </p>
   </div>
   <div class='ocr_carea' id='block_1_61' title="bbox 360 3049 1858 3128">
    <p class='ocr_par' dir='ltr' id='par_1_61' title="bbox 360 3054 1858 3127">
     <span class='ocr_line' id='line_1_61' title="bbox 360 3054 1858 3127; baseline -0.005 -18"><span class='ocrx_word' id='word_1_461' title='bbox 360 3056 733 3127; x_wconf 87' lang='lat' dir='ltr'><strong>compulisset.</strong></span> <span class='ocrx_word' id='word_1_462' title='bbox 774 3054 909 3109; x_wconf 84' lang='lat' dir='ltr'><strong>Nam</strong></span> <span class='ocrx_word' id='word_1_463' title='bbox 952 3055 1157 3124; x_wconf 88' lang='lat' dir='ltr'><strong>absque</strong></span> <span class='ocrx_word' id='word_1_464' title='bbox 1203 3055 1317 3125; x_wconf 88' lang='lat' dir='ltr'><strong>lege</strong></span> <span class='ocrx_word' id='word_1_465' title='bbox 1343 3062 1626 3124; x_wconf 87' lang='lat' dir='ltr'><strong>peccatum</strong></span> <span class='ocrx_word' id='word_1_466' title='bbox 1667 3063 1858 3108; x_wconf 70' lang='lat' dir='ltr'><strong>mortui</strong></span> 
     </span>
    </p>
   </div>
   <div class='ocr_carea' id='block_1_62' title="bbox 2151 3049 3649 3128">
    <p class='ocr_par' dir='ltr' id='par_1_62' title="bbox 2151 3049 3649 3128">
     <span class='ocr_line' id='line_1_62' title="bbox 2151 3049 3649 3128; baseline -0.001 -20"><span class='ocrx_word' id='word_1_467' title='bbox 2151 3057 2233 3128; x_wconf 75' lang='grc' dir='ltr'><strong>ρἰς</strong></span> <span class='ocrx_word' id='word_1_468' title='bbox 2264 3056 2373 3128; x_wconf 85' lang='grc' dir='ltr'>γὰρ</span> <span class='ocrx_word' id='word_1_469' title='bbox 2398 3057 2568 3126; x_wconf 86' lang='grc' dir='ltr'>νόμου</span> <span class='ocrx_word' id='word_1_470' title='bbox 2596 3057 2629 3127; x_wconf 75' lang='grc' dir='ltr'><strong>ἡ</strong></span> <span class='ocrx_word' id='word_1_471' title='bbox 2662 3056 2907 3127; x_wconf 82' lang='grc' dir='ltr'>ἁμαρτία</span> <span class='ocrx_word' id='word_1_472' title='bbox 2931 3053 3120 3125; x_wconf 85' lang='grc' dir='ltr'>νεκρά.</span> <span class='ocrx_word' id='word_1_473' title='bbox 3148 3049 3278 3107; x_wconf 75' lang='grc' dir='ltr'>Οἷον</span> <span class='ocrx_word' id='word_1_474' title='bbox 3306 3054 3375 3106; x_wconf 78' lang='grc' dir='ltr'>οὐ</span> <span class='ocrx_word' id='word_1_475' title='bbox 3402 3054 3649 3124; x_wconf 74' lang='grc' dir='ltr'>δοθεξσης</span> 
     </span>
    </p>
   </div>
   <div class='ocr_carea' id='block_1_63' title="bbox 360 3144 1942 3215">
    <p class='ocr_par' dir='ltr' id='par_1_63' title="bbox 360 3144 1942 3215">
     <span class='ocr_line' id='line_1_63' title="bbox 360 3144 1942 3215; baseline -0.003 -13"><span class='ocrx_word' id='word_1_476' title='bbox 360 3159 461 3204; x_wconf 88' lang='lat' dir='ltr'><strong>est.</strong></span> <span class='ocrx_word' id='word_1_477' title='bbox 490 3147 620 3215; x_wconf 71' lang='lat' dir='ltr'><strong>Qum</strong></span> <span class='ocrx_word' id='word_1_478' title='bbox 643 3149 728 3203; x_wconf 88' lang='lat' dir='ltr'><strong>lex</strong></span> <span class='ocrx_word' id='word_1_479' title='bbox 752 3148 856 3204; x_wconf 85' lang='lat' dir='ltr'><strong>nisi</strong></span> <span class='ocrx_word' id='word_1_480' title='bbox 880 3146 1004 3201; x_wconf 87' lang='lat' dir='ltr'><strong>data</strong></span> <span class='ocrx_word' id='word_1_481' title='bbox 1030 3146 1188 3213; x_wconf 87' lang='lat' dir='ltr'><strong>foret,</strong></span> <span class='ocrx_word' id='word_1_482' title='bbox 1219 3161 1284 3200; x_wconf 90' lang='lat' dir='ltr'><strong>ac</strong></span> <span class='ocrx_word' id='word_1_483' title='bbox 1303 3146 1346 3200; x_wconf 93' lang='lat' dir='ltr'><strong>si</strong></span> <span class='ocrx_word' id='word_1_484' title='bbox 1373 3144 1612 3199; x_wconf 86' lang='lat' dir='ltr'><strong>nondum</strong></span> <span class='ocrx_word' id='word_1_485' title='bbox 1632 3145 1942 3209; x_wconf 78' lang='lat' dir='ltr'><strong>exsisteret,</strong></span> 
     </span>
    </p>
   </div>
   <div class='ocr_carea' id='block_1_64' title="bbox 360 3234 1944 3309">
    <p class='ocr_par' dir='ltr' id='par_1_64' title="bbox 360 3234 1944 3309">
     <span class='ocr_line' id='line_1_64' title="bbox 360 3234 1944 3309; baseline -0.001 -16"><span class='ocrx_word' id='word_1_486' title='bbox 360 3239 574 3296; x_wconf 89' lang='lat' dir='ltr'><strong>irritum</strong></span> <span class='ocrx_word' id='word_1_487' title='bbox 614 3247 759 3295; x_wconf 86' lang='lat' dir='ltr'><strong>esset</strong></span> <span class='ocrx_word' id='word_1_488' title='bbox 793 3239 1139 3309; x_wconf 89' lang='lat' dir='ltr'><strong>otiosumque</strong></span> <span class='ocrx_word' id='word_1_489' title='bbox 1167 3243 1473 3307; x_wconf 89' lang='lat' dir='ltr'><strong>peccatum.</strong></span> <span class='ocrx_word' id='word_1_490' title='bbox 1509 3234 1620 3306; x_wconf 82' lang='lat' dir='ltr'><strong>Ego</strong></span> <span class='ocrx_word' id='word_1_491' title='bbox 1653 3252 1780 3290; x_wconf 84' lang='lat' dir='ltr'><strong>vero</strong></span> <span class='ocrx_word' id='word_1_492' title='bbox 1816 3243 1944 3291; x_wconf 90' lang='lat' dir='ltr'><strong>ante</strong></span> 
     </span>
    </p>
   </div>
   <div class='ocr_carea' id='block_1_65' title="bbox 361 3326 1943 3401">
    <p class='ocr_par' dir='ltr' id='par_1_65' title="bbox 361 3326 1943 3401">
     <span class='ocr_line' id='line_1_65' title="bbox 361 3326 1943 3401; baseline -0.002 -16"><span class='ocrx_word' id='word_1_493' title='bbox 361 3333 531 3401; x_wconf 86' lang='lat' dir='ltr'><strong>legem</strong></span> <span class='ocrx_word' id='word_1_494' title='bbox 558 3328 676 3385; x_wconf 90' lang='lat' dir='ltr'><strong>sine</strong></span> <span class='ocrx_word' id='word_1_495' title='bbox 703 3328 1126 3397; x_wconf 86' lang='lat' dir='ltr'><strong>reprehensione</strong></span> <span class='ocrx_word' id='word_1_496' title='bbox 1157 3326 1402 3381; x_wconf 89' lang='lat' dir='ltr'><strong>vivebam</strong></span> <span class='ocrx_word' id='word_1_497' title='bbox 1422 3368 1435 3392; x_wconf 93' lang='lat'><strong>,</strong></span> <span class='ocrx_word' id='word_1_498' title='bbox 1473 3341 1596 3381; x_wconf 89' lang='lat' dir='ltr'><strong>cum</strong></span> <span class='ocrx_word' id='word_1_499' title='bbox 1621 3327 1770 3381; x_wconf 86' lang='lat' dir='ltr'><strong>nulla</strong></span> <span class='ocrx_word' id='word_1_500' title='bbox 1810 3327 1943 3382; x_wconf 90' lang='lat' dir='ltr'><strong>mihi</strong></span> 
     </span>
    </p>
   </div>
   <div class='ocr_carea' id='block_1_66' title="bbox 360 3414 1941 3487">
    <p class='ocr_par' dir='ltr' id='par_1_66' title="bbox 360 3414 1941 3487">
     <span class='ocr_line' id='line_1_66' title="bbox 360 3414 1941 3487; baseline -0.002 -13"><span class='ocrx_word' id='word_1_501' title='bbox 360 3427 504 3474; x_wconf 85' lang='lat' dir='ltr'><strong>esset</strong></span> <span class='ocrx_word' id='word_1_502' title='bbox 529 3417 741 3473; x_wconf 89' lang='lat' dir='ltr'><strong>sanctio</strong></span> <span class='ocrx_word' id='word_1_503' title='bbox 760 3431 824 3471; x_wconf 88' lang='lat' dir='ltr'><strong>ac</strong></span> <span class='ocrx_word' id='word_1_504' title='bbox 852 3416 1041 3485; x_wconf 83' lang='lat' dir='ltr'><strong>regula</strong></span> <span class='ocrx_word' id='word_1_505' title='bbox 1069 3414 1406 3485; x_wconf 63' lang='lat' dir='ltr'><strong>praescripta,</strong></span> <span class='ocrx_word' id='word_1_506' title='bbox 1439 3414 1504 3469; x_wconf 92' lang='lat' dir='ltr'><strong>ad</strong></span> <span class='ocrx_word' id='word_1_507' title='bbox 1523 3429 1685 3485; x_wconf 91' lang='lat' dir='ltr'><strong>quam</strong></span> <span class='ocrx_word' id='word_1_508' title='bbox 1716 3430 1941 3487; x_wconf 86' lang='lat' dir='ltr'><strong>compa-</strong></span> 
     </span>
    </p>
   </div>
   <div class='ocr_carea' id='block_1_67' title="bbox 363 3506 1940 3578">
    <p class='ocr_par' dir='ltr' id='par_1_67' title="bbox 363 3506 1940 3578">
     <span class='ocr_line' id='line_1_67' title="bbox 363 3506 1940 3578; baseline -0.001 -15"><span class='ocrx_word' id='word_1_509' title='bbox 363 3510 472 3563; x_wconf 89' lang='lat' dir='ltr'><strong>rari</strong></span> <span class='ocrx_word' id='word_1_510' title='bbox 499 3510 664 3564; x_wconf 85' lang='lat' dir='ltr'><strong>vitam</strong></span> <span class='ocrx_word' id='word_1_511' title='bbox 700 3513 996 3578; x_wconf 87' lang='lat' dir='ltr'><strong>oporteret,</strong></span> <span class='ocrx_word' id='word_1_512' title='bbox 1026 3520 1057 3560; x_wconf 87' lang='lat' dir='ltr'><strong>a</strong></span> <span class='ocrx_word' id='word_1_513' title='bbox 1093 3520 1199 3577; x_wconf 92' lang='lat' dir='ltr'><strong>qua</strong></span> <span class='ocrx_word' id='word_1_514' title='bbox 1233 3506 1279 3561; x_wconf 87' lang='lat' dir='ltr'><strong>si</strong></span> <span class='ocrx_word' id='word_1_515' title='bbox 1315 3506 1637 3571; x_wconf 82' lang='lat' dir='ltr'><strong>exciderem,</strong></span> <span class='ocrx_word' id='word_1_516' title='bbox 1660 3516 1940 3577; x_wconf 87' lang='lat' dir='ltr'><strong>peccatum</strong></span> 
     </span>
    </p>
   </div>
   <div class='ocr_carea' id='block_1_68' title="bbox 362 3598 1941 3671">
    <p class='ocr_par' dir='ltr' id='par_1_68' title="bbox 362 3598 1941 3671">
     <span class='ocr_line' id='line_1_68' title="bbox 362 3598 1941 3671; baseline -0.003 -14"><span class='ocrx_word' id='word_1_517' title='bbox 362 3602 779 3657; x_wconf 88' lang='lat' dir='ltr'><strong>committerem.</strong></span> <span class='ocrx_word' id='word_1_518' title='bbox 809 3598 980 3655; x_wconf 88' lang='lat' dir='ltr'><strong>Simul</strong></span> <span class='ocrx_word' id='word_1_519' title='bbox 1007 3606 1169 3671; x_wconf 92' lang='lat' dir='ltr'><strong>atque</strong></span> <span class='ocrx_word' id='word_1_520' title='bbox 1186 3613 1314 3654; x_wconf 90' lang='lat' dir='ltr'><strong>vero</strong></span> <span class='ocrx_word' id='word_1_521' title='bbox 1340 3598 1653 3653; x_wconf 86' lang='lat' dir='ltr'><strong>mandatum</strong></span> <span class='ocrx_word' id='word_1_522' title='bbox 1687 3599 1941 3665; x_wconf 90' lang='lat' dir='ltr'><strong>accessit,</strong></span> 
     </span>
    </p>
   </div>
   <div class='ocr_carea' id='block_1_69' title="bbox 359 3687 1942 3762">
    <p class='ocr_par' dir='ltr' id='par_1_69' title="bbox 359 3687 1942 3762">
     <span class='ocr_line' id='line_1_69' title="bbox 359 3687 1942 3762; baseline 0 -17"><span class='ocrx_word' id='word_1_523' title='bbox 359 3700 643 3762; x_wconf 89' lang='lat' dir='ltr'><strong>peccatum</strong></span> <span class='ocrx_word' id='word_1_524' title='bbox 670 3690 900 3745; x_wconf 82' lang='lat' dir='ltr'><strong>revixit:</strong></span> <span class='ocrx_word' id='word_1_525' title='bbox 934 3702 1035 3760; x_wconf 95' lang='lat' dir='ltr'><strong>ego</strong></span> <span class='ocrx_word' id='word_1_526' title='bbox 1053 3695 1302 3745; x_wconf 89' lang='lat' dir='ltr'><strong>mortuus</strong></span> <span class='ocrx_word' id='word_1_527' title='bbox 1324 3703 1463 3744; x_wconf 90' lang='lat' dir='ltr'><strong>sum.</strong></span> <span class='ocrx_word' id='word_1_528' title='bbox 1486 3687 1559 3743; x_wconf 91' lang='lat' dir='ltr'><strong>Ita</strong></span> <span class='ocrx_word' id='word_1_529' title='bbox 1583 3689 1667 3744; x_wconf 84' lang='lat' dir='ltr'><strong>lex</strong></span> <span class='ocrx_word' id='word_1_530' title='bbox 1690 3689 1802 3753; x_wconf 89' lang='lat' dir='ltr'><strong>illa,</strong></span> <span class='ocrx_word' id='word_1_531' title='bbox 1820 3705 1942 3761; x_wconf 64' lang='lat' dir='ltr'><strong>quae</strong></span> 
     </span>
    </p>
   </div>
   <div class='ocr_carea' id='block_1_70' title="bbox 359 3779 1937 3846">
    <p class='ocr_par' dir='ltr' id='par_1_70' title="bbox 359 3779 1937 3846">
     <span class='ocr_line' id='line_1_70' title="bbox 359 3779 1937 3846; baseline 0 -10"><span class='ocrx_word' id='word_1_532' title='bbox 359 3782 425 3836; x_wconf 87' lang='lat' dir='ltr'><strong>ad</strong></span> <span class='ocrx_word' id='word_1_533' title='bbox 455 3782 619 3836; x_wconf 88' lang='lat' dir='ltr'><strong>vitam</strong></span> <span class='ocrx_word' id='word_1_534' title='bbox 654 3780 780 3835; x_wconf 90' lang='lat' dir='ltr'><strong>data</strong></span> <span class='ocrx_word' id='word_1_535' title='bbox 813 3780 1006 3846; x_wconf 90' lang='lat' dir='ltr'><strong>fuerat,</strong></span> <span class='ocrx_word' id='word_1_536' title='bbox 1053 3781 1271 3835; x_wconf 90' lang='lat' dir='ltr'><strong>inventa</strong></span> <span class='ocrx_word' id='word_1_537' title='bbox 1310 3779 1442 3833; x_wconf 93' lang='lat' dir='ltr'><strong>mihi</strong></span> <span class='ocrx_word' id='word_1_538' title='bbox 1473 3789 1557 3835; x_wconf 90' lang='lat' dir='ltr'><strong>est</strong></span> <span class='ocrx_word' id='word_1_539' title='bbox 1589 3779 1645 3833; x_wconf 93' lang='lat' dir='ltr'><strong>in</strong></span> <span class='ocrx_word' id='word_1_540' title='bbox 1684 3789 1937 3836; x_wconf 86' lang='lat' dir='ltr'><strong>mortem.</strong></span> 
     </span>
    </p>
   </div>
   <div class='ocr_carea' id='block_1_71' title="bbox 357 3871 1939 3943">
    <p class='ocr_par' dir='ltr' id='par_1_71' title="bbox 357 3871 1939 3943">
     <span class='ocr_line' id='line_1_71' title="bbox 357 3871 1939 3943; baseline -0.001 -15"><span class='ocrx_word' id='word_1_541' title='bbox 357 3873 624 3940; x_wconf 86' lang='lat' dir='ltr'><strong>Quoniam</strong></span> <span class='ocrx_word' id='word_1_542' title='bbox 668 3873 760 3929; x_wconf 90' lang='lat' dir='ltr'><strong>ubi</strong></span> <span class='ocrx_word' id='word_1_543' title='bbox 795 3872 940 3929; x_wconf 88' lang='lat' dir='ltr'><strong>Deus</strong></span> <span class='ocrx_word' id='word_1_544' title='bbox 970 3872 1138 3942; x_wconf 87' lang='lat' dir='ltr'><strong>legem</strong></span> <span class='ocrx_word' id='word_1_545' title='bbox 1183 3871 1463 3941; x_wconf 88' lang='lat' dir='ltr'><strong>imposuit,</strong></span> <span class='ocrx_word' id='word_1_546' title='bbox 1506 3886 1569 3925; x_wconf 91' lang='lat' dir='ltr'><strong>ac</strong></span> <span class='ocrx_word' id='word_1_547' title='bbox 1606 3873 1733 3942; x_wconf 92' lang='lat' dir='ltr'><strong>quid</strong></span> <span class='ocrx_word' id='word_1_548' title='bbox 1774 3888 1939 3943; x_wconf 81' lang='lat' dir='ltr'><strong>agen-</strong></span> 
     </span>
    </p>
   </div>
   <div class='ocr_carea' id='block_1_72' title="bbox 357 3958 1941 4030">
    <p class='ocr_par' dir='ltr' id='par_1_72' title="bbox 357 3958 1941 4030">
     <span class='ocr_line' id='line_1_72' title="bbox 357 3958 1941 4030; baseline -0.003 -11"><span class='ocrx_word' id='word_1_549' title='bbox 357 3965 484 4019; x_wconf 91' lang='lat' dir='ltr'><strong>dum</strong></span> <span class='ocrx_word' id='word_1_550' title='bbox 513 3971 678 4029; x_wconf 86' lang='lat' dir='ltr'><strong>esset,</strong></span> <span class='ocrx_word' id='word_1_551' title='bbox 707 3961 936 4028; x_wconf 89' lang='lat' dir='ltr'><strong>defiuiit,</strong></span> <span class='ocrx_word' id='word_1_552' title='bbox 967 3958 1469 4030; x_wconf 86' lang='lat' dir='ltr'><strong>concupiscentiam</strong></span> <span class='ocrx_word' id='word_1_553' title='bbox 1514 3960 1569 4013; x_wconf 92' lang='lat' dir='ltr'><strong>in</strong></span> <span class='ocrx_word' id='word_1_554' title='bbox 1612 3975 1701 4014; x_wconf 88' lang='lat' dir='ltr'><strong>me</strong></span> <span class='ocrx_word' id='word_1_555' title='bbox 1748 3959 1941 4014; x_wconf 86' lang='lat' dir='ltr'><strong>diabo-</strong></span> 
     </span>
    </p>
   </div>
   <div class='ocr_carea' id='block_1_73' title="bbox 359 4052 1938 4127">
    <p class='ocr_par' dir='ltr' id='par_1_73' title="bbox 359 4052 1938 4127">
     <span class='ocr_line' id='line_1_73' title="bbox 359 4052 1938 4127; baseline -0.004 -16"><span class='ocrx_word' id='word_1_556' title='bbox 359 4058 443 4112; x_wconf 90' lang='lat' dir='ltr'><strong>lus</strong></span> <span class='ocrx_word' id='word_1_557' title='bbox 483 4057 728 4127; x_wconf 82' lang='lat' dir='ltr'><strong>perfecit.</strong></span> <span class='ocrx_word' id='word_1_558' title='bbox 765 4055 975 4126; x_wconf 87' lang='lat' dir='ltr'><strong>Quippe</strong></span> <span class='ocrx_word' id='word_1_559' title='bbox 1023 4054 1329 4109; x_wconf 91' lang='lat' dir='ltr'><strong>cohortatio</strong></span> <span class='ocrx_word' id='word_1_560' title='bbox 1362 4052 1455 4106; x_wconf 91' lang='lat' dir='ltr'><strong>illa</strong></span> <span class='ocrx_word' id='word_1_561' title='bbox 1497 4067 1562 4107; x_wconf 92' lang='lat' dir='ltr'><strong>ac</strong></span> <span class='ocrx_word' id='word_1_562' title='bbox 1608 4064 1938 4123; x_wconf 66' lang='lat' dir='ltr'><strong>praeceptum</strong></span> 
     </span>
    </p>
   </div>
   <div class='ocr_carea' id='block_1_74' title="bbox 358 4143 1935 4204">
    <p class='ocr_par' dir='ltr' id='par_1_74' title="bbox 358 4143 1935 4204">
     <span class='ocr_line' id='line_1_74' title="bbox 358 4143 1935 4204; baseline -0.003 -2"><span class='ocrx_word' id='word_1_563' title='bbox 358 4149 489 4203; x_wconf 90' lang='lat' dir='ltr'><strong>mihi</strong></span> <span class='ocrx_word' id='word_1_564' title='bbox 523 4162 552 4202; x_wconf 90' lang='lat' dir='ltr'><strong>a</strong></span> <span class='ocrx_word' id='word_1_565' title='bbox 585 4147 695 4204; x_wconf 90' lang='lat' dir='ltr'><strong>Deo</strong></span> <span class='ocrx_word' id='word_1_566' title='bbox 727 4143 1081 4203; x_wconf 85' lang='lat' dir='ltr'><strong>constitutum</strong></span> <span class='ocrx_word' id='word_1_567' title='bbox 1118 4146 1184 4200; x_wconf 93' lang='lat' dir='ltr'><strong>ad</strong></span> <span class='ocrx_word' id='word_1_568' title='bbox 1222 4146 1385 4200; x_wconf 90' lang='lat' dir='ltr'><strong>vitam</strong></span> <span class='ocrx_word' id='word_1_569' title='bbox 1441 4144 1935 4199; x_wconf 84' lang='lat' dir='ltr'><strong>immortalitatem-</strong></span> 
     </span>
    </p>
   </div>
   <div class='ocr_carea' id='block_1_75' title="bbox 358 4235 1935 4311">
    <p class='ocr_par' dir='ltr' id='par_1_75' title="bbox 358 4235 1935 4311">
     <span class='ocr_line' id='line_1_75' title="bbox 358 4235 1935 4311; baseline -0.003 -17"><span class='ocrx_word' id='word_1_570' title='bbox 358 4257 461 4311; x_wconf 85' lang='lat' dir='ltr'><strong>que</strong></span> <span class='ocrx_word' id='word_1_571' title='bbox 489 4241 816 4311; x_wconf 88' lang='lat' dir='ltr'><strong>pertinebat,</strong></span> <span class='ocrx_word' id='word_1_572' title='bbox 849 4247 908 4295; x_wconf 90' lang='lat' dir='ltr'><strong>ut</strong></span> <span class='ocrx_word' id='word_1_573' title='bbox 954 4239 997 4295; x_wconf 90' lang='lat' dir='ltr'><strong>si</strong></span> <span class='ocrx_word' id='word_1_574' title='bbox 1036 4253 1279 4309; x_wconf 89' lang='lat' dir='ltr'><strong>parerem</strong></span> <span class='ocrx_word' id='word_1_575' title='bbox 1312 4236 1409 4301; x_wconf 92' lang='lat' dir='ltr'><strong>illi,</strong></span> <span class='ocrx_word' id='word_1_576' title='bbox 1444 4245 1498 4291; x_wconf 91' lang='lat' dir='ltr'><strong>et</strong></span> <span class='ocrx_word' id='word_1_577' title='bbox 1547 4251 1613 4291; x_wconf 83' lang='lat' dir='ltr'><strong>ex</strong></span> <span class='ocrx_word' id='word_1_578' title='bbox 1646 4235 1767 4305; x_wconf 77' lang='lat' dir='ltr'><strong>ejus</strong></span> <span class='ocrx_word' id='word_1_579' title='bbox 1798 4249 1935 4305; x_wconf 71' lang='lat' dir='ltr'><strong>prse-</strong></span> 
     </span>
    </p>
   </div>
   <div class='ocr_carea' id='block_1_76' title="bbox 2049 3142 3647 3220">
    <p class='ocr_par' dir='ltr' id='par_1_76' title="bbox 2049 3142 3647 3220">
     <span class='ocr_line' id='line_1_76' title="bbox 2049 3142 3647 3220; baseline -0.003 -18"><span class='ocrx_word' id='word_1_580' title='bbox 2049 3148 2159 3220; x_wconf 84' lang='grc' dir='ltr'><strong>γὰρ</strong></span> <span class='ocrx_word' id='word_1_581' title='bbox 2192 3148 2314 3201; x_wconf 80' lang='grc' dir='ltr'>οὐδὲ</span> <span class='ocrx_word' id='word_1_582' title='bbox 2353 3147 2520 3220; x_wconf 77' lang='grc' dir='ltr'>οὓσης</span> <span class='ocrx_word' id='word_1_583' title='bbox 2548 3147 2759 3201; x_wconf 80' lang='grc' dir='ltr'>οὐδέπω</span> <span class='ocrx_word' id='word_1_584' title='bbox 2788 3148 2886 3217; x_wconf 77' lang='grc' dir='ltr'>τῆς</span> <span class='ocrx_word' id='word_1_585' title='bbox 2916 3145 3156 3218; x_wconf 85' lang='grc' dir='ltr'>ἐντολῆς,</span> <span class='ocrx_word' id='word_1_586' title='bbox 3190 3146 3494 3217; x_wconf 75' lang='grc' dir='ltr'>ἄπρακτος</span> <span class='ocrx_word' id='word_1_587' title='bbox 3522 3142 3593 3216; x_wconf 77' lang='grc' dir='ltr'>ἦν</span> <span class='ocrx_word' id='word_1_588' title='bbox 3618 3147 3647 3213; x_wconf 73' lang='grc' dir='ltr'><strong>ἡ</strong></span> 
     </span>
    </p>
   </div>
   <div class='ocr_carea' id='block_1_77' title="bbox 2046 3238 3645 3314">
    <p class='ocr_par' dir='ltr' id='par_1_77' title="bbox 2046 3238 3645 3314">
     <span class='ocr_line' id='line_1_77' title="bbox 2046 3238 3645 3314; baseline -0.002 -18"><span class='ocrx_word' id='word_1_589' title='bbox 2046 3243 2310 3314; x_wconf 83' lang='grc' dir='ltr'>ἁμαρτία.</span> <span class='ocrx_word' id='word_1_590' title='bbox 2354 3240 2496 3311; x_wconf 85' lang='grc' dir='ltr'><strong>Ἐγὼ</strong></span> <span class='ocrx_word' id='word_1_591' title='bbox 2526 3240 2583 3294; x_wconf 86' lang='grc' dir='ltr'><strong>δέ</strong></span> <span class='ocrx_word' id='word_1_592' title='bbox 2613 3239 2750 3304; x_wconf 79' lang='grc' dir='ltr'>ἔζων</span> <span class='ocrx_word' id='word_1_593' title='bbox 2785 3240 3090 3310; x_wconf 78' lang='grc' dir='ltr'>ἀμέμπτως</span> <span class='ocrx_word' id='word_1_594' title='bbox 3115 3238 3224 3308; x_wconf 80' lang='grc' dir='ltr'><strong>πρὸ</strong></span> <span class='ocrx_word' id='word_1_595' title='bbox 3255 3240 3364 3309; x_wconf 85' lang='grc' dir='ltr'><strong>τῆς</strong></span> <span class='ocrx_word' id='word_1_596' title='bbox 3398 3239 3645 3308; x_wconf 78' lang='grc' dir='ltr'>ἐντολῆς,</span> 
     </span>
    </p>
   </div>
   <div class='ocr_carea' id='block_1_78' title="bbox 2046 3326 3647 3401">
    <p class='ocr_par' dir='ltr' id='par_1_78' title="bbox 2046 3326 3647 3401">
     <span class='ocr_line' id='line_1_78' title="bbox 2046 3326 3647 3401; baseline -0.002 -16"><span class='ocrx_word' id='word_1_597' title='bbox 2046 3332 2145 3385; x_wconf 78' lang='grc' dir='ltr'><strong>οὐκ</strong></span> <span class='ocrx_word' id='word_1_598' title='bbox 2179 3331 2317 3401; x_wconf 82' lang='grc' dir='ltr'>ἔχων</span> <span class='ocrx_word' id='word_1_599' title='bbox 2351 3329 2634 3401; x_wconf 81' lang='grc' dir='ltr'>διορισμὸν</span> <span class='ocrx_word' id='word_1_600' title='bbox 2674 3330 2769 3382; x_wconf 70' lang='grc' dir='ltr'><strong>καὶ</strong></span> <span class='ocrx_word' id='word_1_601' title='bbox 2789 3328 3072 3399; x_wconf 81' lang='grc' dir='ltr'>διαταγὴν,</span> <span class='ocrx_word' id='word_1_602' title='bbox 3108 3326 3234 3381; x_wconf 81' lang='grc' dir='ltr'>καθ’</span> <span class='ocrx_word' id='word_1_603' title='bbox 3265 3329 3335 3399; x_wconf 71' lang='grc' dir='ltr'>ῆν</span> <span class='ocrx_word' id='word_1_604' title='bbox 3368 3328 3486 3382; x_wconf 72' lang='grc' dir='ltr'>ἔδει</span> <span class='ocrx_word' id='word_1_605' title='bbox 3511 3330 3647 3384; x_wconf 75' lang='grc' dir='ltr'>πολι-</span> 
     </span>
    </p>
   </div>
   <div class='ocr_carea' id='block_1_79' title="bbox 2041 3418 3648 3495">
    <p class='ocr_par' dir='ltr' id='par_1_79' title="bbox 2041 3418 3648 3495">
     <span class='ocr_line' id='line_1_79' title="bbox 2041 3418 3648 3495; baseline 0 -20"><span class='ocrx_word' id='word_1_606' title='bbox 2041 3424 2359 3486; x_wconf 73' lang='grc' dir='ltr'>τεύσασθαι,</span> <span class='ocrx_word' id='word_1_607' title='bbox 2388 3418 2456 3495; x_wconf 79' lang='grc' dir='ltr'>ἦς</span> <span class='ocrx_word' id='word_1_608' title='bbox 2491 3423 2587 3476; x_wconf 72' lang='grc' dir='ltr'><strong>καὶ</strong></span> <span class='ocrx_word' id='word_1_609' title='bbox 2634 3421 2926 3492; x_wconf 85' lang='grc' dir='ltr'>ὀλισθήσας</span> <span class='ocrx_word' id='word_1_610' title='bbox 2956 3420 3385 3492; x_wconf 83' lang='grc' dir='ltr'>ἁμαρτήσομαι.</span> <span class='ocrx_word' id='word_1_611' title='bbox 3436 3422 3648 3475; x_wconf 50' lang='grc' dir='ltr'><strong>Ἐλθού.</strong></span> 
     </span>
    </p>
   </div>
   <div class='ocr_carea' id='block_1_80' title="bbox 2043 3510 3643 3585">
    <p class='ocr_par' dir='ltr' id='par_1_80' title="bbox 2043 3510 3643 3585">
     <span class='ocr_line' id='line_1_80' title="bbox 2043 3510 3643 3585; baseline 0 -19"><span class='ocrx_word' id='word_1_612' title='bbox 2043 3530 2142 3585; x_wconf 85' lang='grc' dir='ltr'><strong>σης</strong></span> <span class='ocrx_word' id='word_1_613' title='bbox 2173 3514 2230 3567; x_wconf 85' lang='grc' dir='ltr'><strong>δέ</strong></span> <span class='ocrx_word' id='word_1_614' title='bbox 2265 3514 2367 3583; x_wconf 77' lang='grc' dir='ltr'>τῆς</span> <span class='ocrx_word' id='word_1_615' title='bbox 2408 3514 2657 3583; x_wconf 84' lang='grc' dir='ltr'>ἐντολῆς,</span> <span class='ocrx_word' id='word_1_616' title='bbox 2698 3515 2732 3585; x_wconf 83' lang='grc' dir='ltr'>ὴ</span> <span class='ocrx_word' id='word_1_617' title='bbox 2776 3512 3020 3585; x_wconf 80' lang='grc' dir='ltr'>ἁμαρτία</span> <span class='ocrx_word' id='word_1_618' title='bbox 3063 3510 3375 3581; x_wconf 74' lang='grc' dir='ltr'>ἀνέζησενο</span> <span class='ocrx_word' id='word_1_619' title='bbox 3444 3512 3565 3583; x_wconf 80' lang='grc' dir='ltr'>ἐγὼ</span> <span class='ocrx_word' id='word_1_620' title='bbox 3594 3513 3643 3565; x_wconf 76' lang='grc' dir='ltr'>δὲ</span> 
     </span>
    </p>
   </div>
   <div class='ocr_carea' id='block_1_81' title="bbox 2041 3602 3640 3677">
    <p class='ocr_par' dir='ltr' id='par_1_81' title="bbox 2041 3602 3640 3677">
     <span class='ocr_line' id='line_1_81' title="bbox 2041 3602 3640 3677; baseline 0.001 -20"><span class='ocrx_word' id='word_1_621' title='bbox 2041 3604 2329 3658; x_wconf 87' lang='grc' dir='ltr'>ἀπέθανον.</span> <span class='ocrx_word' id='word_1_622' title='bbox 2377 3605 2487 3659; x_wconf 76' lang='grc' dir='ltr'><strong>Καὶ</strong></span> <span class='ocrx_word' id='word_1_623' title='bbox 2533 3604 2733 3677; x_wconf 83' lang='grc' dir='ltr'>εὑρέθη</span> <span class='ocrx_word' id='word_1_624' title='bbox 2764 3622 2853 3675; x_wconf 89' lang='grc' dir='ltr'><strong>μοι</strong></span> <span class='ocrx_word' id='word_1_625' title='bbox 2898 3605 2932 3676; x_wconf 78' lang='grc' dir='ltr'><strong>ὴ</strong></span> <span class='ocrx_word' id='word_1_626' title='bbox 2977 3602 3165 3674; x_wconf 79' lang='grc' dir='ltr'>ἐντολὴ</span> <span class='ocrx_word' id='word_1_627' title='bbox 3197 3605 3280 3666; x_wconf 87' lang='grc' dir='ltr'><strong>είς</strong></span> <span class='ocrx_word' id='word_1_628' title='bbox 3316 3604 3477 3675; x_wconf 82' lang='grc' dir='ltr'>ζωὴν</span> <span class='ocrx_word' id='word_1_629' title='bbox 3509 3604 3640 3673; x_wconf 75' lang='grc' dir='ltr'>αὕτη</span> 
     </span>
    </p>
   </div>
   <div class='ocr_carea' id='block_1_82' title="bbox 2040 3690 3641 3764">
    <p class='ocr_par' dir='ltr' id='par_1_82' title="bbox 2040 3690 3641 3764">
     <span class='ocr_line' id='line_1_82' title="bbox 2040 3690 3641 3764; baseline 0 -20"><span class='ocrx_word' id='word_1_630' title='bbox 2040 3693 2120 3755; x_wconf 84' lang='grc' dir='ltr'><strong>είς</strong></span> <span class='ocrx_word' id='word_1_631' title='bbox 2149 3691 2383 3749; x_wconf 84' lang='grc' dir='ltr'>θάνατον</span> <span class='ocrx_word' id='word_1_632' title='bbox 2402 3710 2416 3726; x_wconf 75' lang='grc' dir='ltr'><strong>ο</strong></span> <span class='ocrx_word' id='word_1_633' title='bbox 2449 3696 2531 3748; x_wconf 83' lang='grc' dir='ltr'>ὅτι</span> <span class='ocrx_word' id='word_1_634' title='bbox 2563 3692 2700 3764; x_wconf 80' lang='grc' dir='ltr'>μετὰ</span> <span class='ocrx_word' id='word_1_635' title='bbox 2734 3692 2797 3745; x_wconf 82' lang='grc' dir='ltr'><strong>τὸ</strong></span> <span class='ocrx_word' id='word_1_636' title='bbox 2818 3692 3176 3763; x_wconf 83' lang='grc' dir='ltr'>νομοθετῆσαι</span> <span class='ocrx_word' id='word_1_637' title='bbox 3206 3690 3304 3743; x_wconf 80' lang='grc' dir='ltr'><strong>τὸν</strong></span> <span class='ocrx_word' id='word_1_638' title='bbox 3335 3691 3508 3757; x_wconf 74' lang='grc' dir='ltr'>Θεὸν,</span> <span class='ocrx_word' id='word_1_639' title='bbox 3552 3695 3641 3745; x_wconf 76' lang='grc' dir='ltr'><strong>καὶ</strong></span> 
     </span>
    </p>
   </div>
   <div class='ocr_carea' id='block_1_83' title="bbox 2037 3778 3641 3852">
    <p class='ocr_par' dir='ltr' id='par_1_83' title="bbox 2037 3778 3641 3852">
     <span class='ocr_line' id='line_1_83' title="bbox 2037 3778 3641 3852; baseline -0.001 -18"><span class='ocrx_word' id='word_1_640' title='bbox 2037 3780 2449 3836; x_wconf 83' lang='grc' dir='ltr'>διαστείλασθαι</span> <span class='ocrx_word' id='word_1_641' title='bbox 2476 3783 2505 3835; x_wconf 84' lang='lat'><strong>6</strong></span> <span class='ocrx_word' id='word_1_642' title='bbox 2543 3781 2816 3852; x_wconf 84' lang='grc' dir='ltr'>ποιητέον,</span> <span class='ocrx_word' id='word_1_643' title='bbox 2858 3781 2954 3835; x_wconf 73' lang='grc' dir='ltr'>καὶ</span> <span class='ocrx_word' id='word_1_644' title='bbox 2983 3780 3060 3852; x_wconf 82' lang='grc' dir='ltr'>μὴ</span> <span class='ocrx_word' id='word_1_645' title='bbox 3104 3778 3393 3851; x_wconf 86' lang='grc' dir='ltr'>ποιητέον,</span> <span class='ocrx_word' id='word_1_646' title='bbox 3427 3797 3641 3851; x_wconf 74' lang='grc' dir='ltr'>κατειρ-</span> 
     </span>
    </p>
   </div>
   <div class='ocr_carea' id='block_1_84' title="bbox 2038 3870 3639 3946">
    <p class='ocr_par' dir='ltr' id='par_1_84' title="bbox 2038 3870 3639 3946">
     <span class='ocr_line' id='line_1_84' title="bbox 2038 3870 3639 3946; baseline -0.001 -19"><span class='ocrx_word' id='word_1_647' title='bbox 2038 3874 2249 3941; x_wconf 84' lang='grc' dir='ltr'>γάσατο</span> <span class='ocrx_word' id='word_1_648' title='bbox 2278 3878 2335 3929; x_wconf 87' lang='grc' dir='ltr'><strong>ἐν</strong></span> <span class='ocrx_word' id='word_1_649' title='bbox 2383 3876 2508 3946; x_wconf 67' lang='grc' dir='ltr'>ἐμοὶ</span> <span class='ocrx_word' id='word_1_650' title='bbox 2555 3874 2653 3946; x_wconf 84' lang='grc' dir='ltr'>τὴν</span> <span class='ocrx_word' id='word_1_651' title='bbox 2693 3872 2987 3944; x_wconf 77' lang='grc' dir='ltr'>ἐπιθυμίαν</span> <span class='ocrx_word' id='word_1_652' title='bbox 3032 3874 3061 3925; x_wconf 92' lang='lat'><strong>6</strong></span> <span class='ocrx_word' id='word_1_653' title='bbox 3104 3870 3380 3935; x_wconf 82' lang='grc' dir='ltr'>διάϐολος.</span> <span class='ocrx_word' id='word_1_654' title='bbox 3422 3872 3494 3926; x_wconf 86' lang='grc' dir='ltr'>Ἡ</span> <span class='ocrx_word' id='word_1_655' title='bbox 3536 3872 3639 3943; x_wconf 69' lang='grc' dir='ltr'><strong>γὰρ</strong></span> 
     </span>
    </p>
   </div>
   <div class='ocr_carea' id='block_1_85' title="bbox 2038 3962 3640 4035">
    <p class='ocr_par' dir='ltr' id='par_1_85' title="bbox 2038 3962 3640 4035">
     <span class='ocr_line' id='line_1_85' title="bbox 2038 3962 3640 4035; baseline 0.002 -20"><span class='ocrx_word' id='word_1_656' title='bbox 2038 3968 2361 4035; x_wconf 75' lang='grc' dir='ltr'>παραίνεσις</span> <span class='ocrx_word' id='word_1_657' title='bbox 2379 3966 2474 4020; x_wconf 80' lang='grc' dir='ltr'>τοῦ</span> <span class='ocrx_word' id='word_1_658' title='bbox 2507 3966 2642 4020; x_wconf 80' lang='grc' dir='ltr'>Θεοῦ</span> <span class='ocrx_word' id='word_1_659' title='bbox 2668 3965 2762 4019; x_wconf 69' lang='grc' dir='ltr'>καὶ</span> <span class='ocrx_word' id='word_1_660' title='bbox 2810 3962 3156 4035; x_wconf 79' lang='grc' dir='ltr'>παραγγελία</span> <span class='ocrx_word' id='word_1_661' title='bbox 3181 3965 3215 4034; x_wconf 78' lang='grc' dir='ltr'>ἡ</span> <span class='ocrx_word' id='word_1_662' title='bbox 3271 3962 3506 4020; x_wconf 77' lang='grc' dir='ltr'>δοθετσά</span> <span class='ocrx_word' id='word_1_663' title='bbox 3554 3981 3640 4035; x_wconf 67' lang='grc' dir='ltr'><strong>μοι</strong></span> 
     </span>
    </p>
   </div>
   <div class='ocr_carea' id='block_1_86' title="bbox 2039 4054 3635 4130">
    <p class='ocr_par' dir='ltr' id='par_1_86' title="bbox 2039 4054 3635 4130">
     <span class='ocr_line' id='line_1_86' title="bbox 2039 4054 3635 4130; baseline 0.001 -21"><span class='ocrx_word' id='word_1_664' title='bbox 2039 4054 2184 4129; x_wconf 76' lang='grc' dir='ltr'>αὕτη</span> <span class='ocrx_word' id='word_1_665' title='bbox 2218 4059 2297 4122; x_wconf 84' lang='grc' dir='ltr'><strong>είς</strong></span> <span class='ocrx_word' id='word_1_666' title='bbox 2330 4058 2474 4128; x_wconf 79' lang='grc' dir='ltr'>ζωὴν</span> <span class='ocrx_word' id='word_1_667' title='bbox 2502 4059 2595 4111; x_wconf 72' lang='grc' dir='ltr'>καὶ</span> <span class='ocrx_word' id='word_1_668' title='bbox 2621 4057 2950 4130; x_wconf 82' lang='grc' dir='ltr'>ἀφθαρσίαν,</span> <span class='ocrx_word' id='word_1_669' title='bbox 2984 4056 3071 4110; x_wconf 83' lang='grc' dir='ltr'>ἵνα</span> <span class='ocrx_word' id='word_1_670' title='bbox 3110 4054 3446 4126; x_wconf 85' lang='grc' dir='ltr'>πειθόμενος</span> <span class='ocrx_word' id='word_1_671' title='bbox 3476 4058 3635 4127; x_wconf 76' lang='grc' dir='ltr'>αὐτῇ.</span> 
     </span>
    </p>
   </div>
   <div class='ocr_carea' id='block_1_87' title="bbox 2038 4148 3745 4221">
    <p class='ocr_par' dir='ltr' id='par_1_87' title="bbox 2038 4148 3745 4221">
     <span class='ocr_line' id='line_1_87' title="bbox 2038 4148 3745 4221; baseline -0.003 -21"><span class='ocrx_word' id='word_1_672' title='bbox 2038 4148 2133 4200; x_wconf 66' lang='grc' dir='ltr'><strong>καλ⁸</strong></span> <span class='ocrx_word' id='word_1_673' title='bbox 2165 4151 2286 4203; x_wconf 84' lang='grc' dir='ltr'>κατ’</span> <span class='ocrx_word' id='word_1_674' title='bbox 2310 4149 2478 4220; x_wconf 82' lang='grc' dir='ltr'>αὐτὴν</span> <span class='ocrx_word' id='word_1_675' title='bbox 2510 4149 2677 4220; x_wconf 75' lang='grc' dir='ltr'>βιοὺς,</span> <span class='ocrx_word' id='word_1_676' title='bbox 2708 4150 2821 4221; x_wconf 83' lang='grc' dir='ltr'><strong>ἀπή</strong></span> <span class='ocrx_word' id='word_1_677' title='bbox 2833 4166 2968 4220; x_wconf 90' lang='grc' dir='ltr'>μονα</span> <span class='ocrx_word' id='word_1_678' title='bbox 3010 4148 3107 4202; x_wconf 67' lang='grc' dir='ltr'><strong>καὶ</strong></span> <span class='ocrx_word' id='word_1_679' title='bbox 3145 4149 3637 4219; x_wconf 78' lang='grc' dir='ltr'>μακαριστότατον</span> <span class='ocrx_word' id='word_1_680' title='bbox 3744 4148 3745 4195; x_wconf 61' lang='grc' dir='ltr'>ι</span> 
     </span>
    </p>
   </div>
   <div class='ocr_carea' id='block_1_88' title="bbox 2035 4239 3636 4311">
    <p class='ocr_par' dir='ltr' id='par_1_88' title="bbox 2035 4239 3636 4311">
     <span class='ocr_line' id='line_1_88' title="bbox 2035 4239 3636 4311; baseline 0.004 -20"><span class='ocrx_word' id='word_1_681' title='bbox 2035 4239 2103 4292; x_wconf 75' lang='grc' dir='ltr'>δι’</span> <span class='ocrx_word' id='word_1_682' title='bbox 2137 4243 2357 4309; x_wconf 75' lang='grc' dir='ltr'>αἰῶνος,</span> <span class='ocrx_word' id='word_1_683' title='bbox 2395 4244 2489 4297; x_wconf 75' lang='grc' dir='ltr'>καὶ</span> <span class='ocrx_word' id='word_1_684' title='bbox 2521 4244 2608 4297; x_wconf 78' lang='grc' dir='ltr'><strong>ἀεὶ</strong></span> <span class='ocrx_word' id='word_1_685' title='bbox 2659 4242 2917 4298; x_wconf 84' lang='grc' dir='ltr'>θάλλοντα</span> <span class='ocrx_word' id='word_1_686' title='bbox 2965 4242 3103 4311; x_wconf 78' lang='grc' dir='ltr'>πρὸς</span> <span class='ocrx_word' id='word_1_687' title='bbox 3157 4240 3475 4295; x_wconf 82' lang='grc' dir='ltr'>ἀθανασίαν</span> <span class='ocrx_word' id='word_1_688' title='bbox 3527 4240 3636 4311; x_wconf 68' lang='grc' dir='ltr'>βὸον</span> 
     </span>
    </p>
   </div>
   <div class='ocr_carea' id='block_1_89' title="bbox 356 4324 1854 4418">
    <p class='ocr_par' dir='ltr' id='par_1_89' title="bbox 356 4324 1854 4400">
     <span class='ocr_line' id='line_1_89' title="bbox 356 4324 1854 4400; baseline -0.008 -12"><span class='ocrx_word' id='word_1_689' title='bbox 356 4331 563 4400; x_wconf 85' lang='lat' dir='ltr'><strong>scripto</strong></span> <span class='ocrx_word' id='word_1_690' title='bbox 586 4330 859 4399; x_wconf 81' lang='lat' dir='ltr'><strong>degerem,</strong></span> <span class='ocrx_word' id='word_1_691' title='bbox 900 4330 1018 4383; x_wconf 88' lang='lat' dir='ltr'><strong>sine</strong></span> <span class='ocrx_word' id='word_1_692' title='bbox 1053 4327 1160 4380; x_wconf 90' lang='lat' dir='ltr'><strong>ulla</strong></span> <span class='ocrx_word' id='word_1_693' title='bbox 1204 4325 1504 4381; x_wconf 78' lang='lat' dir='ltr'><strong>offensione</strong></span> <span class='ocrx_word' id='word_1_694' title='bbox 1555 4324 1854 4379; x_wconf 89' lang='lat' dir='ltr'><strong>felicissim:</strong></span> 
     </span>
    </p>
   </div>
   <div class='ocr_carea' id='block_1_90' title="bbox 2134 4324 3632 4418">
    <p class='ocr_par' dir='ltr' id='par_1_90' title="bbox 2135 4332 3632 4406">
     <span class='ocr_line' id='line_1_90' title="bbox 2135 4332 3632 4406; baseline -0.006 -19"><span class='ocrx_word' id='word_1_695' title='bbox 2135 4352 2172 4397; x_wconf 88' lang='grc'>›,</span> <span class='ocrx_word' id='word_1_696' title='bbox 2197 4336 2293 4387; x_wconf 72' lang='grc' dir='ltr'><strong>καὶ</strong></span> <span class='ocrx_word' id='word_1_697' title='bbox 2342 4334 2536 4406; x_wconf 81' lang='grc' dir='ltr'>χαράν.</span> <span class='ocrx_word' id='word_1_698' title='bbox 2585 4334 2936 4406; x_wconf 81' lang='grc' dir='ltr'>Ἀθετήσαντι</span> <span class='ocrx_word' id='word_1_699' title='bbox 2958 4332 3014 4385; x_wconf 86' lang='grc' dir='ltr'><strong>δέ</strong></span> <span class='ocrx_word' id='word_1_700' title='bbox 3053 4333 3148 4385; x_wconf 67' lang='grc' dir='ltr'><strong>καὶ</strong></span> <span class='ocrx_word' id='word_1_701' title='bbox 3195 4332 3401 4402; x_wconf 78' lang='grc' dir='ltr'>αὐτὴν,</span> <span class='ocrx_word' id='word_1_702' title='bbox 3432 4335 3520 4396; x_wconf 74' lang='grc' dir='ltr'>εἰς</span> <span class='ocrx_word' id='word_1_703' title='bbox 3553 4332 3632 4384; x_wconf 65' lang='grc' dir='ltr'>θεὶς</span> 
     </span>
    </p>
   </div>
   <div class='ocr_carea' id='block_1_91' title="bbox 356 4412 1854 4498">
    <p class='ocr_par' dir='ltr' id='par_1_91' title="bbox 356 4414 1826 4484">
     <span class='ocr_line' id='line_1_91' title="bbox 356 4414 1826 4484; baseline -0.005 -9"><span class='ocrx_word' id='word_1_704' title='bbox 356 4428 409 4476; x_wconf 88' lang='lat' dir='ltr'><strong>et</strong></span> <span class='ocrx_word' id='word_1_705' title='bbox 446 4417 513 4473; x_wconf 86' lang='lat' dir='ltr'><strong>ad</strong></span> <span class='ocrx_word' id='word_1_706' title='bbox 543 4417 896 4472; x_wconf 81' lang='lat' dir='ltr'><strong>aeternitatem</strong></span> <span class='ocrx_word' id='word_1_707' title='bbox 928 4416 1205 4471; x_wconf 89' lang='lat' dir='ltr'><strong>florentem</strong></span> <span class='ocrx_word' id='word_1_708' title='bbox 1252 4415 1417 4468; x_wconf 89' lang='lat' dir='ltr'><strong>vitam</strong></span> <span class='ocrx_word' id='word_1_709' title='bbox 1465 4429 1528 4468; x_wconf 91' lang='lat' dir='ltr'><strong>ac</strong></span> <span class='ocrx_word' id='word_1_710' title='bbox 1567 4414 1826 4484; x_wconf 89' lang='lat' dir='ltr'><strong>gaudium</strong></span> 
     </span>
    </p>
   </div>
   <div class='ocr_carea' id='block_1_92' title="bbox 2136 4412 3634 4498">
    <p class='ocr_par' dir='ltr' id='par_1_92' title="bbox 2136 4424 3634 4498">
     <span class='ocr_line' id='line_1_92' title="bbox 2136 4424 3634 4498; baseline -0.004 -19"><span class='ocrx_word' id='word_1_711' title='bbox 2136 4443 2201 4479; x_wconf 79' lang='grc' dir='ltr'><strong>ὀν</strong></span> <span class='ocrx_word' id='word_1_712' title='bbox 2230 4426 2408 4496; x_wconf 86' lang='grc' dir='ltr'>ἀπέϐη</span> <span class='ocrx_word' id='word_1_713' title='bbox 2454 4427 2550 4480; x_wconf 73' lang='grc' dir='ltr'><strong>καὶ</strong></span> <span class='ocrx_word' id='word_1_714' title='bbox 2588 4426 2909 4498; x_wconf 81' lang='grc' dir='ltr'>καταδίκην.</span> <span class='ocrx_word' id='word_1_715' title='bbox 2945 4424 3163 4496; x_wconf 80' lang='grc' dir='ltr'>Ἐπειδὴ</span> <span class='ocrx_word' id='word_1_716' title='bbox 3203 4426 3231 4477; x_wconf 92' lang='lat'><strong>6</strong></span> <span class='ocrx_word' id='word_1_717' title='bbox 3262 4424 3545 4488; x_wconf 80' lang='grc' dir='ltr'>διάϐολος,</span> <span class='ocrx_word' id='word_1_718' title='bbox 3580 4424 3634 4475; x_wconf 76' lang='grc' dir='ltr'>ὃν</span> 
     </span>
    </p>
   </div>
   <div class='ocr_carea' id='block_1_93' title="bbox 355 4505 1853 4589">
    <p class='ocr_par' dir='ltr' id='par_1_93' title="bbox 355 4505 1853 4589">
     <span class='ocr_line' id='line_1_93' title="bbox 355 4505 1853 4589; baseline -0.005 -22"><span class='ocrx_word' id='word_1_719' title='bbox 355 4513 745 4589; x_wconf 82' lang='lat' dir='ltr'><strong>sempiternum</strong></span> <span class='ocrx_word' id='word_1_720' title='bbox 805 4523 1186 4579; x_wconf 87' lang='lat' dir='ltr'><strong>consequerer.</strong></span> <span class='ocrx_word' id='word_1_721' title='bbox 1249 4506 1354 4561; x_wconf 88' lang='lat' dir='ltr'><strong>Sed</strong></span> <span class='ocrx_word' id='word_1_722' title='bbox 1410 4505 1542 4560; x_wconf 90' lang='lat' dir='ltr'><strong>illud</strong></span> <span class='ocrx_word' id='word_1_723' title='bbox 1605 4512 1853 4576; x_wconf 54' lang='lat' dir='ltr'><strong>praecepti</strong></span> 
     </span>
    </p>
   </div>
   <div class='ocr_carea' id='block_1_94' title="bbox 2135 4505 3633 4589">
    <p class='ocr_par' dir='ltr' id='par_1_94' title="bbox 2135 4511 3633 4587">
     <span class='ocr_line' id='line_1_94' title="bbox 2135 4511 3633 4587; baseline -0.002 -18"><span class='ocrx_word' id='word_1_724' title='bbox 2135 4515 2319 4587; x_wconf 76' lang='lat' dir='ltr'><strong>zp&#39;ttav</strong></span> <span class='ocrx_word' id='word_1_725' title='bbox 2343 4514 2438 4571; x_wconf 80' lang='grc' dir='ltr'>νῦν</span> <span class='ocrx_word' id='word_1_726' title='bbox 2487 4511 2640 4579; x_wconf 74' lang='grc' dir='ltr'>οὗτος</span> <span class='ocrx_word' id='word_1_727' title='bbox 2673 4515 2919 4581; x_wconf 86' lang='grc' dir='ltr'>ἐκάλεσε,</span> <span class='ocrx_word' id='word_1_728' title='bbox 2950 4515 3039 4568; x_wconf 84' lang='grc' dir='ltr'>διὰ</span> <span class='ocrx_word' id='word_1_729' title='bbox 3067 4515 3129 4568; x_wconf 81' lang='grc' dir='ltr'><strong>τὸ</strong></span> <span class='ocrx_word' id='word_1_730' title='bbox 3163 4514 3516 4586; x_wconf 76' lang='grc' dir='ltr'>δημιουργὸν</span> <span class='ocrx_word' id='word_1_731' title='bbox 3542 4515 3633 4566; x_wconf 81' lang='grc' dir='ltr'><strong>αὐ-</strong></span> 
     </span>
    </p>
   </div>
   <div class='ocr_carea' id='block_1_95' title="bbox 357 4591 1855 4675">
    <p class='ocr_par' dir='ltr' id='par_1_95' title="bbox 357 4598 1855 4658">
     <span class='ocr_line' id='line_1_95' title="bbox 357 4598 1855 4658; baseline -0.005 0"><span class='ocrx_word' id='word_1_732' title='bbox 357 4604 575 4658; x_wconf 88' lang='lat' dir='ltr'><strong>violanti</strong></span> <span class='ocrx_word' id='word_1_733' title='bbox 626 4603 761 4656; x_wconf 90' lang='lat' dir='ltr'><strong>mihi</strong></span> <span class='ocrx_word' id='word_1_734' title='bbox 796 4602 850 4656; x_wconf 94' lang='lat' dir='ltr'><strong>in</strong></span> <span class='ocrx_word' id='word_1_735' title='bbox 899 4609 1126 4656; x_wconf 91' lang='lat' dir='ltr'><strong>mortem</strong></span> <span class='ocrx_word' id='word_1_736' title='bbox 1173 4613 1237 4653; x_wconf 92' lang='lat' dir='ltr'><strong>ac</strong></span> <span class='ocrx_word' id='word_1_737' title='bbox 1274 4598 1676 4653; x_wconf 86' lang='lat' dir='ltr'><strong>damnationem</strong></span> <span class='ocrx_word' id='word_1_738' title='bbox 1699 4611 1855 4651; x_wconf 74' lang='lat' dir='ltr'><strong>eonv¢</strong></span> 
     </span>
    </p>
   </div>
   <div class='ocr_carea' id='block_1_96' title="bbox 2135 4591 3633 4675">
    <p class='ocr_par' dir='ltr' id='par_1_96' title="bbox 2157 4591 3633 4675">
     <span class='ocr_line' id='line_1_96' title="bbox 2157 4591 3633 4675; baseline 0.005 -20"><span class='ocrx_word' id='word_1_739' title='bbox 2157 4591 2433 4672; x_wconf 78' lang='grc' dir='ltr'>ἁμαρτίας</span> <span class='ocrx_word' id='word_1_740' title='bbox 2462 4603 2726 4674; x_wconf 79' lang='grc' dir='ltr'>ὑπάρχειν</span> <span class='ocrx_word' id='word_1_741' title='bbox 2763 4605 2857 4658; x_wconf 77' lang='grc' dir='ltr'><strong>καὶ</strong></span> <span class='ocrx_word' id='word_1_742' title='bbox 2896 4604 3143 4675; x_wconf 84' lang='grc' dir='ltr'>εὑρετὴν,</span> <span class='ocrx_word' id='word_1_743' title='bbox 3166 4602 3256 4656; x_wconf 82' lang='grc' dir='ltr'>διὰ</span> <span class='ocrx_word' id='word_1_744' title='bbox 3277 4604 3383 4674; x_wconf 80' lang='grc' dir='ltr'>τῆς</span> <span class='ocrx_word' id='word_1_745' title='bbox 3414 4602 3633 4670; x_wconf 65' lang='grc' dir='ltr'>ἐντολῆς</span> 
     </span>
    </p>
   </div>
   <div class='ocr_carea' id='block_1_97' title="bbox 355 4687 1853 4767">
    <p class='ocr_par' dir='ltr' id='par_1_97' title="bbox 355 4691 1851 4762">
     <span class='ocr_line' id='line_1_97' title="bbox 355 4691 1851 4762; baseline -0.007 -13"><span class='ocrx_word' id='word_1_746' title='bbox 355 4710 476 4750; x_wconf 85' lang='lat' dir='ltr'><strong>sum</strong></span> <span class='ocrx_word' id='word_1_747' title='bbox 525 4703 627 4750; x_wconf 89' lang='lat' dir='ltr'><strong>est.</strong></span> <span class='ocrx_word' id='word_1_748' title='bbox 678 4693 1127 4762; x_wconf 88' lang='lat' dir='ltr'><strong>Quandoquidem</strong></span> <span class='ocrx_word' id='word_1_749' title='bbox 1176 4691 1460 4754; x_wconf 89' lang='lat' dir='ltr'><strong>diabolus,</strong></span> <span class='ocrx_word' id='word_1_750' title='bbox 1508 4703 1668 4759; x_wconf 88' lang='lat' dir='ltr'><strong>quem</strong></span> <span class='ocrx_word' id='word_1_751' title='bbox 1722 4702 1851 4757; x_wconf 90' lang='lat' dir='ltr'><strong>pecc</strong></span> 
     </span>
    </p>
   </div>
   <div class='ocr_carea' id='block_1_98' title="bbox 2137 4687 3635 4767">
    <p class='ocr_par' dir='ltr' id='par_1_98' title="bbox 2137 4692 3635 4767">
     <span class='ocr_line' id='line_1_98' title="bbox 2137 4692 3635 4767; baseline -0.007 -21"><span class='ocrx_word' id='word_1_752' title='bbox 2137 4692 2292 4763; x_wconf 71' lang='grc' dir='ltr'>ιρμὴν</span> <span class='ocrx_word' id='word_1_753' title='bbox 2322 4692 2522 4758; x_wconf 86' lang='grc' dir='ltr'>λαϐὼν,</span> <span class='ocrx_word' id='word_1_754' title='bbox 2555 4695 2691 4766; x_wconf 80' lang='grc' dir='ltr'>πρὸς</span> <span class='ocrx_word' id='word_1_755' title='bbox 2721 4695 3006 4767; x_wconf 78' lang='grc' dir='ltr'>παρακοὴν</span> <span class='ocrx_word' id='word_1_756' title='bbox 3042 4693 3367 4765; x_wconf 78' lang='grc' dir='ltr'>ἐξηπάτηαέ</span> <span class='ocrx_word' id='word_1_757' title='bbox 3406 4712 3501 4765; x_wconf 72' lang='grc' dir='ltr'><strong>με,</strong></span> <span class='ocrx_word' id='word_1_758' title='bbox 3544 4695 3635 4746; x_wconf 66' lang='grc' dir='ltr'><strong>καὶ</strong></span> 
     </span>
    </p>
   </div>
   <div class='ocr_carea' id='block_1_99' title="bbox 356 4776 1854 4855">
    <p class='ocr_par' dir='ltr' id='par_1_99' title="bbox 356 4778 1854 4855">
     <span class='ocr_line' id='line_1_99' title="bbox 356 4778 1854 4855; baseline -0.007 -14"><span class='ocrx_word' id='word_1_759' title='bbox 356 4788 518 4841; x_wconf 90' lang='lat' dir='ltr'><strong>modo</strong></span> <span class='ocrx_word' id='word_1_760' title='bbox 543 4787 762 4841; x_wconf 90' lang='lat' dir='ltr'><strong>nomine</strong></span> <span class='ocrx_word' id='word_1_761' title='bbox 786 4784 1085 4855; x_wconf 86' lang='lat' dir='ltr'><strong>insignivit,</strong></span> <span class='ocrx_word' id='word_1_762' title='bbox 1114 4797 1178 4838; x_wconf 89' lang='lat' dir='ltr'><strong>eo</strong></span> <span class='ocrx_word' id='word_1_763' title='bbox 1203 4781 1348 4852; x_wconf 90' lang='lat' dir='ltr'><strong>quod</strong></span> <span class='ocrx_word' id='word_1_764' title='bbox 1375 4781 1582 4851; x_wconf 88' lang='lat' dir='ltr'><strong>peccati</strong></span> <span class='ocrx_word' id='word_1_765' title='bbox 1617 4780 1689 4834; x_wconf 92' lang='lat' dir='ltr'><strong>sit</strong></span> <span class='ocrx_word' id='word_1_766' title='bbox 1731 4778 1854 4832; x_wconf 90' lang='lat' dir='ltr'><strong>artil</strong></span> 
     </span>
    </p>
   </div>
   <div class='ocr_carea' id='block_1_100' title="bbox 2134 4776 3632 4855">
    <p class='ocr_par' dir='ltr' id='par_1_100' title="bbox 2134 4778 3632 4855">
     <span class='ocr_line' id='line_1_100' title="bbox 2134 4778 3632 4855; baseline 0.005 -25"><span class='ocrx_word' id='word_1_767' title='bbox 2134 4782 2322 4850; x_wconf 79' lang='grc' dir='ltr'>ιτήσας</span> <span class='ocrx_word' id='word_1_768' title='bbox 2343 4780 2683 4845; x_wconf 81' lang='grc' dir='ltr'>ἀπέκτεινεν,</span> <span class='ocrx_word' id='word_1_769' title='bbox 2711 4783 3010 4837; x_wconf 84' lang='grc' dir='ltr'>ὑπεύθυνον</span> <span class='ocrx_word' id='word_1_770' title='bbox 3034 4784 3131 4853; x_wconf 86' lang='grc' dir='ltr'><strong>τῷ,</strong></span> <span class='ocrx_word' id='word_1_771' title='bbox 3149 4778 3233 4855; x_wconf 63' lang='grc' dir='ltr'><strong>*ῌ</strong></span> <span class='ocrx_word' id='word_1_772' title='bbox 3255 4783 3309 4836; x_wconf 82' lang='grc' dir='ltr'>δ’</span> <span class='ocrx_word' id='word_1_773' title='bbox 3336 4782 3421 4837; x_wconf 81' lang='grc' dir='ltr'><strong>ἂν</strong></span> <span class='ocrx_word' id='word_1_774' title='bbox 3445 4784 3632 4853; x_wconf 54' lang='lat' dir='ltr'><strong>iusin!</strong></span> 
     </span>
    </p>
   </div>
   <div class='ocr_carea' id='block_1_101' title="bbox 356 4872 1933 4948">
    <p class='ocr_par' dir='ltr' id='par_1_101' title="bbox 356 4872 1933 4948">
     <span class='ocr_line' id='line_1_101' title="bbox 356 4872 1933 4948; baseline -0.004 -17"><span class='ocrx_word' id='word_1_775' title='bbox 356 4893 420 4933; x_wconf 89' lang='lat' dir='ltr'><strong>ac</strong></span> <span class='ocrx_word' id='word_1_776' title='bbox 463 4887 728 4946; x_wconf 90' lang='lat' dir='ltr'><strong>repertor,</strong></span> <span class='ocrx_word' id='word_1_777' title='bbox 772 4894 866 4948; x_wconf 89' lang='lat' dir='ltr'><strong>per</strong></span> <span class='ocrx_word' id='word_1_778' title='bbox 913 4882 1191 4947; x_wconf 89' lang='lat' dir='ltr'><strong>peccatum</strong></span> <span class='ocrx_word' id='word_1_779' title='bbox 1242 4873 1403 4945; x_wconf 77' lang='lat'><strong>583</strong></span> <span class='ocrx_word' id='word_1_780' title='bbox 1442 4872 1783 4928; x_wconf 87' lang='lat' dir='ltr'><strong>occasionem</strong></span> <span class='ocrx_word' id='word_1_781' title='bbox 1837 4885 1933 4924; x_wconf 86' lang='lat' dir='ltr'><strong>na-</strong></span> 
     </span>
    </p>
   </div>
   <div class='ocr_carea' id='block_1_102' title="bbox 355 4962 1931 5034">
    <p class='ocr_par' dir='ltr' id='par_1_102' title="bbox 355 4962 1931 5034">
     <span class='ocr_line' id='line_1_102' title="bbox 355 4962 1931 5034; baseline -0.005 -10"><span class='ocrx_word' id='word_1_782' title='bbox 355 4979 498 5034; x_wconf 85' lang='lat' dir='ltr'><strong>ctus,</strong></span> <span class='ocrx_word' id='word_1_783' title='bbox 533 4969 703 5023; x_wconf 91' lang='lat' dir='ltr'><strong>illusit</strong></span> <span class='ocrx_word' id='word_1_784' title='bbox 731 4968 884 5033; x_wconf 91' lang='lat' dir='ltr'><strong>mihi,</strong></span> <span class='ocrx_word' id='word_1_785' title='bbox 909 4977 961 5023; x_wconf 81' lang='lat' dir='ltr'><strong>et</strong></span> <span class='ocrx_word' id='word_1_786' title='bbox 1007 4968 1224 5023; x_wconf 91' lang='lat' dir='ltr'><strong>illusum</strong></span> <span class='ocrx_word' id='word_1_787' title='bbox 1268 4963 1575 5027; x_wconf 86' lang='lat' dir='ltr'><strong>interfecit;</strong></span> <span class='ocrx_word' id='word_1_788' title='bbox 1617 4977 1740 5017; x_wconf 90' lang='lat' dir='ltr'><strong>cum</strong></span> <span class='ocrx_word' id='word_1_789' title='bbox 1776 4962 1931 5017; x_wconf 86' lang='lat' dir='ltr'><strong>vide-</strong></span> 
     </span>
    </p>
   </div>
   <div class='ocr_carea' id='block_1_103' title="bbox 356 5051 1933 5120">
    <p class='ocr_par' dir='ltr' id='par_1_103' title="bbox 356 5051 1933 5120">
     <span class='ocr_line' id='line_1_103' title="bbox 356 5051 1933 5120; baseline -0.005 -7"><span class='ocrx_word' id='word_1_790' title='bbox 356 5059 483 5115; x_wconf 89' lang='lat' dir='ltr'><strong>licet</strong></span> <span class='ocrx_word' id='word_1_791' title='bbox 512 5059 561 5115; x_wconf 85' lang='lat' dir='ltr'><strong>ei</strong></span> <span class='ocrx_word' id='word_1_792' title='bbox 594 5075 679 5111; x_wconf 90' lang='lat' dir='ltr'><strong>me</strong></span> <span class='ocrx_word' id='word_1_793' title='bbox 705 5056 1040 5112; x_wconf 77' lang='lat' dir='ltr'><strong>damnationi</strong></span> <span class='ocrx_word' id='word_1_794' title='bbox 1072 5055 1199 5110; x_wconf 89' lang='lat' dir='ltr'><strong>fecit</strong></span> <span class='ocrx_word' id='word_1_795' title='bbox 1242 5053 1575 5109; x_wconf 82' lang='lat' dir='ltr'><strong>obnoxium:</strong></span> <span class='ocrx_word' id='word_1_796' title='bbox 1612 5051 1933 5120; x_wconf 78' lang='lat' dir='ltr'><strong>Quarunque</strong></span> 
     </span>
    </p>
   </div>
   <div class='ocr_carea' id='block_1_104' title="bbox 355 5140 1934 5212">
    <p class='ocr_par' dir='ltr' id='par_1_104' title="bbox 355 5140 1934 5212">
     <span class='ocr_line' id='line_1_104' title="bbox 355 5140 1934 5212; baseline -0.005 -9"><span class='ocrx_word' id='word_1_797' title='bbox 355 5149 440 5205; x_wconf 87' lang='lat' dir='ltr'><strong>die</strong></span> <span class='ocrx_word' id='word_1_798' title='bbox 468 5149 795 5205; x_wconf 85' lang='lat' dir='ltr'><strong>comederitis</strong></span> <span class='ocrx_word' id='word_1_799' title='bbox 816 5163 880 5203; x_wconf 80' lang='lat' dir='ltr'><strong>ea:</strong></span> <span class='ocrx_word' id='word_1_800' title='bbox 903 5147 1017 5210; x_wconf 84' lang='lat' dir='ltr'><strong>illo,</strong></span> <span class='ocrx_word' id='word_1_801' title='bbox 1044 5157 1209 5201; x_wconf 86' lang='lat' dir='ltr'><strong>morte</strong></span> <span class='ocrx_word' id='word_1_802' title='bbox 1228 5144 1615 5199; x_wconf 86' lang='lat' dir='ltr'><strong>moriemini.—-</strong></span> <span class='ocrx_word' id='word_1_803' title='bbox 1635 5140 1821 5212; x_wconf 84' lang='lat' dir='ltr'><strong>Itaque</strong></span> <span class='ocrx_word' id='word_1_804' title='bbox 1852 5142 1934 5195; x_wconf 80' lang='lat' dir='ltr'><strong>lea:</strong></span> 
     </span>
    </p>
   </div>
   <div class='ocr_carea' id='block_1_105' title="bbox 355 5236 1936 5305">
    <p class='ocr_par' dir='ltr' id='par_1_105' title="bbox 355 5236 1936 5305">
     <span class='ocr_line' id='line_1_105' title="bbox 355 5236 1936 5305; baseline -0.009 -8"><span class='ocrx_word' id='word_1_805' title='bbox 355 5251 431 5297; x_wconf 88' lang='lat' dir='ltr'><strong>est</strong></span> <span class='ocrx_word' id='word_1_806' title='bbox 454 5249 659 5305; x_wconf 84' lang='lat' dir='ltr'><strong>sancta,</strong></span> <span class='ocrx_word' id='word_1_807' title='bbox 685 5249 732 5293; x_wconf 91' lang='lat' dir='ltr'><strong>et</strong></span> <span class='ocrx_word' id='word_1_808' title='bbox 766 5238 1073 5292; x_wconf 84' lang='lat' dir='ltr'><strong>mandatum</strong></span> <span class='ocrx_word' id='word_1_809' title='bbox 1110 5238 1205 5290; x_wconf 86' lang='lat' dir='ltr'><strong>Dei</strong></span> <span class='ocrx_word' id='word_1_810' title='bbox 1245 5236 1474 5304; x_wconf 81' lang='lat' dir='ltr'><strong>justum,</strong></span> <span class='ocrx_word' id='word_1_811' title='bbox 1503 5242 1554 5286; x_wconf 88' lang='lat' dir='ltr'><strong>et</strong></span> <span class='ocrx_word' id='word_1_812' title='bbox 1594 5242 1855 5293; x_wconf 81' lang='lat' dir='ltr'><strong>sanctum,</strong></span> <span class='ocrx_word' id='word_1_813' title='bbox 1886 5240 1936 5284; x_wconf 88' lang='lat' dir='ltr'><strong>et</strong></span> 
     </span>
    </p>
   </div>
   <div class='ocr_carea' id='block_1_106' title="bbox 356 5323 1940 5389">
    <p class='ocr_par' dir='ltr' id='par_1_106' title="bbox 356 5323 1940 5389">
     <span class='ocr_line' id='line_1_106' title="bbox 356 5323 1940 5389; baseline -0.009 0"><span class='ocrx_word' id='word_1_814' title='bbox 356 5336 549 5389; x_wconf 83' lang='lat' dir='ltr'><strong>bonum</strong></span> <span class='ocrx_word' id='word_1_815' title='bbox 574 5333 616 5386; x_wconf 85' lang='grc'><strong>³.</strong></span> <span class='ocrx_word' id='word_1_816' title='bbox 646 5329 763 5385; x_wconf 85' lang='lat' dir='ltr'><strong>Non</strong></span> <span class='ocrx_word' id='word_1_817' title='bbox 794 5330 937 5385; x_wconf 90' lang='lat' dir='ltr'><strong>enim</strong></span> <span class='ocrx_word' id='word_1_818' title='bbox 978 5338 1038 5383; x_wconf 90' lang='lat' dir='ltr'><strong>ut</strong></span> <span class='ocrx_word' id='word_1_819' title='bbox 1074 5329 1312 5388; x_wconf 85' lang='lat' dir='ltr'><strong>obesset,</strong></span> <span class='ocrx_word' id='word_1_820' title='bbox 1339 5324 1433 5379; x_wconf 89' lang='lat' dir='ltr'><strong>sed</strong></span> <span class='ocrx_word' id='word_1_821' title='bbox 1460 5334 1515 5377; x_wconf 93' lang='lat' dir='ltr'><strong>ut</strong></span> <span class='ocrx_word' id='word_1_822' title='bbox 1548 5323 1776 5377; x_wconf 86' lang='lat' dir='ltr'><strong>salutem</strong></span> <span class='ocrx_word' id='word_1_823' title='bbox 1803 5337 1940 5377; x_wconf 88' lang='lat' dir='ltr'><strong>con-</strong></span> 
     </span>
    </p>
   </div>
   <div class='ocr_carea' id='block_1_107' title="bbox 2033 4871 3637 4940">
    <p class='ocr_par' dir='ltr' id='par_1_107' title="bbox 2033 4871 3637 4940">
     <span class='ocr_line' id='line_1_107' title="bbox 2033 4871 3637 4940; baseline 0.003 -19"><span class='ocrx_word' id='word_1_824' title='bbox 2033 4871 2266 4939; x_wconf 74' lang='grc' dir='ltr'>ςράγητε</span> <span class='ocrx_word' id='word_1_825' title='bbox 2308 4873 2409 4927; x_wconf 78' lang='grc' dir='ltr'><strong>ἀπ’</strong></span> <span class='ocrx_word' id='word_1_826' title='bbox 2450 4875 2655 4939; x_wconf 85' lang='grc' dir='ltr'>αὑτοῦ,</span> <span class='ocrx_word' id='word_1_827' title='bbox 2705 4875 2937 4940; x_wconf 82' lang='grc' dir='ltr'><em>θανάτῳ</em></span> <span class='ocrx_word' id='word_1_828' title='bbox 2991 4873 3429 4938; x_wconf 78' lang='grc' dir='ltr'><strong>ἀποθανεῖσθε,</strong></span> <span class='ocrx_word' id='word_1_829' title='bbox 3464 4891 3637 4927; x_wconf 60' lang='lat' dir='ltr'><strong>stata-</strong></span> 
     </span>
    </p>
   </div>
   <div class='ocr_carea' id='block_1_108' title="bbox 2037 4961 3636 5041">
    <p class='ocr_par' dir='ltr' id='par_1_108' title="bbox 2037 4961 3636 5041">
     <span class='ocr_line' id='line_1_108' title="bbox 2037 4961 3636 5041; baseline 0.002 -23"><span class='ocrx_word' id='word_1_830' title='bbox 2037 4961 2271 5032; x_wconf 77' lang='grc' dir='ltr'>κρίματι</span> <span class='ocrx_word' id='word_1_831' title='bbox 2297 4966 2546 5034; x_wconf 86' lang='grc' dir='ltr'>γενέσθαι</span> <span class='ocrx_word' id='word_1_832' title='bbox 2578 4970 3074 5041; x_wconf 82' lang='grc' dir='ltr'>κατεργασάμενος.</span> <span class='ocrx_word' id='word_1_833' title='bbox 3104 4968 3288 5021; x_wconf 82' lang='grc' dir='ltr'><strong>Ὥστε</strong></span> <span class='ocrx_word' id='word_1_834' title='bbox 3323 4972 3362 5022; x_wconf 78' lang='grc' dir='ltr'><em>ὁ</em></span> <span class='ocrx_word' id='word_1_835' title='bbox 3384 4969 3512 5038; x_wconf 77' lang='grc' dir='ltr'><strong>μὲν</strong></span> <span class='ocrx_word' id='word_1_836' title='bbox 3538 4970 3636 5021; x_wconf 67' lang='lat' dir='ltr'><strong>rc?-</strong></span> 
     </span>
    </p>
   </div>
   <div class='ocr_carea' id='block_1_109' title="bbox 2034 5057 3635 5126">
    <p class='ocr_par' dir='ltr' id='par_1_109' title="bbox 2034 5057 3635 5126">
     <span class='ocr_line' id='line_1_109' title="bbox 2034 5057 3635 5126; baseline -0.004 -8"><span class='ocrx_word' id='word_1_837' title='bbox 2034 5069 2148 5119; x_wconf 84' lang='grc' dir='ltr'>μος</span> <span class='ocrx_word' id='word_1_838' title='bbox 2175 5062 2365 5125; x_wconf 80' lang='grc' dir='ltr'>ἅγιος,</span> <span class='ocrx_word' id='word_1_839' title='bbox 2399 5060 2496 5112; x_wconf 76' lang='grc' dir='ltr'>καὶ</span> <span class='ocrx_word' id='word_1_840' title='bbox 2542 5061 2580 5124; x_wconf 80' lang='grc' dir='ltr'>ἡ</span> <span class='ocrx_word' id='word_1_841' title='bbox 2618 5060 2835 5126; x_wconf 76' lang='grc' dir='ltr'>ἐντολὴ</span> <span class='ocrx_word' id='word_1_842' title='bbox 2889 5058 2996 5112; x_wconf 85' lang='grc' dir='ltr'>τοῦ</span> <span class='ocrx_word' id='word_1_843' title='bbox 3050 5058 3198 5112; x_wconf 82' lang='grc' dir='ltr'><strong>Θεοῦ</strong></span> <span class='ocrx_word' id='word_1_844' title='bbox 3249 5057 3494 5122; x_wconf 79' lang='grc' dir='ltr'>δικαία,</span> <span class='ocrx_word' id='word_1_845' title='bbox 3542 5059 3635 5111; x_wconf 67' lang='grc' dir='ltr'>καὶ</span> 
     </span>
    </p>
   </div>
   <div class='ocr_carea' id='block_1_110' title="bbox 2035 5145 3637 5221">
    <p class='ocr_par' dir='ltr' id='par_1_110' title="bbox 2035 5145 3637 5221">
     <span class='ocr_line' id='line_1_110' title="bbox 2035 5145 3637 5221; baseline -0.004 -17"><span class='ocrx_word' id='word_1_846' title='bbox 2035 5145 2193 5213; x_wconf 70' lang='grc' dir='ltr'>ἁγίαν</span> <span class='ocrx_word' id='word_1_847' title='bbox 2230 5148 2329 5205; x_wconf 71' lang='grc' dir='ltr'><strong>καὶ</strong></span> <span class='ocrx_word' id='word_1_848' title='bbox 2359 5148 2570 5217; x_wconf 80' lang='grc' dir='ltr'><strong>ἀγαθή.</strong></span> <span class='ocrx_word' id='word_1_849' title='bbox 2608 5150 2731 5203; x_wconf 86' lang='grc' dir='ltr'>Ὅτι</span> <span class='ocrx_word' id='word_1_850' title='bbox 2764 5152 2837 5221; x_wconf 82' lang='grc' dir='ltr'>μὴ</span> <span class='ocrx_word' id='word_1_851' title='bbox 2869 5152 2925 5202; x_wconf 87' lang='grc' dir='ltr'><strong>ἐν</strong></span> <span class='ocrx_word' id='word_1_852' title='bbox 2951 5150 2972 5181; x_wconf 86' lang='grc'><strong>⁸</strong></span> <span class='ocrx_word' id='word_1_853' title='bbox 3001 5148 3081 5219; x_wconf 87' lang='grc' dir='ltr'>τῷ</span> <span class='ocrx_word' id='word_1_854' title='bbox 3112 5148 3334 5219; x_wconf 75' lang='grc' dir='ltr'>βλάψαι,</span> <span class='ocrx_word' id='word_1_855' title='bbox 3366 5150 3511 5203; x_wconf 71' lang='grc' dir='ltr'>ἀλλὰ</span> <span class='ocrx_word' id='word_1_856' title='bbox 3547 5150 3637 5201; x_wconf 72' lang='grc' dir='ltr'>ἐπὶ</span> 
     </span>
    </p>
   </div>
   <div class='ocr_carea' id='block_1_111' title="bbox 2036 5234 3636 5313">
    <p class='ocr_par' dir='ltr' id='par_1_111' title="bbox 2036 5234 3636 5313">
     <span class='ocr_line' id='line_1_111' title="bbox 2036 5234 3636 5313; baseline 0.003 -26"><span class='ocrx_word' id='word_1_857' title='bbox 2036 5234 2116 5305; x_wconf 81' lang='grc' dir='ltr'>τῷ</span> <span class='ocrx_word' id='word_1_858' title='bbox 2146 5234 2324 5294; x_wconf 84' lang='grc' dir='ltr'>σῶσαι</span> <span class='ocrx_word' id='word_1_859' title='bbox 2355 5239 2530 5310; x_wconf 85' lang='grc' dir='ltr'>ἐδόθη.</span> <span class='ocrx_word' id='word_1_860' title='bbox 2552 5243 2643 5312; x_wconf 80' lang='grc' dir='ltr'><strong>Μὴ</strong></span> <span class='ocrx_word' id='word_1_861' title='bbox 2683 5242 2792 5313; x_wconf 84' lang='grc' dir='ltr'><strong>γὰρ</strong></span> <span class='ocrx_word' id='word_1_862' title='bbox 2819 5240 3059 5313; x_wconf 85' lang='grc' dir='ltr'>οίώμεθα</span> <span class='ocrx_word' id='word_1_863' title='bbox 3083 5241 3223 5303; x_wconf 85' lang='grc' dir='ltr'>ὅλως</span> <span class='ocrx_word' id='word_1_864' title='bbox 3268 5240 3561 5311; x_wconf 66' lang='grc' dir='ltr'>ἀνωξρελές</span> <span class='ocrx_word' id='word_1_865' title='bbox 3588 5256 3636 5292; x_wconf 80' lang='grc' dir='ltr'><strong>τι</strong></span> 
     </span>
    </p>
   </div>
   <div class='ocr_carea' id='block_1_112' title="bbox 2041 5328 2880 5406">
    <p class='ocr_par' dir='ltr' id='par_1_112' title="bbox 2041 5328 2880 5406">
     <span class='ocr_line' id='line_1_112' title="bbox 2041 5328 2880 5406; baseline 0.013 -29"><span class='ocrx_word' id='word_1_866' title='bbox 2041 5328 2213 5379; x_wconf 85' lang='grc' dir='ltr'>ποιεῖν</span> <span class='ocrx_word' id='word_1_867' title='bbox 2241 5328 2278 5396; x_wconf 80' lang='grc' dir='ltr'>ἢ</span> <span class='ocrx_word' id='word_1_868' title='bbox 2317 5332 2578 5406; x_wconf 80' lang='grc' dir='ltr'>βλαϐερὸν</span> <span class='ocrx_word' id='word_1_869' title='bbox 2606 5334 2696 5387; x_wconf 78' lang='grc' dir='ltr'><strong>τὸν</strong></span> <span class='ocrx_word' id='word_1_870' title='bbox 2723 5334 2880 5388; x_wconf 87' lang='grc' dir='ltr'>Θεόν.</span> 
     </span>
    </p>
   </div>
   <div class='ocr_carea' id='block_1_113' title="bbox 357 5418 3635 5501">
    <p class='ocr_par' dir='ltr' id='par_1_113' title="bbox 357 5418 3635 5501">
     <span class='ocr_line' id='line_1_113' title="bbox 357 5418 3635 5501; baseline -0.005 -11"><span class='ocrx_word' id='word_1_871' title='bbox 357 5435 591 5499; x_wconf 84' lang='lat' dir='ltr'><strong>ciliaret,</strong></span> <span class='ocrx_word' id='word_1_872' title='bbox 625 5439 709 5487; x_wconf 86' lang='lat' dir='ltr'><strong>est</strong></span> <span class='ocrx_word' id='word_1_873' title='bbox 746 5429 1143 5501; x_wconf 56' lang='lat' dir='ltr'><strong>praescriptum.</strong></span> <span class='ocrx_word' id='word_1_874' title='bbox 1179 5424 1461 5495; x_wconf 84' lang='lat' dir='ltr'><strong>Siquidem</strong></span> <span class='ocrx_word' id='word_1_875' title='bbox 1506 5418 1665 5476; x_wconf 86' lang='lat' dir='ltr'><strong>nemo</strong></span> <span class='ocrx_word' id='word_1_876' title='bbox 1705 5422 2036 5490; x_wconf 87' lang='lat' dir='ltr'><strong>persuadere</strong></span> <span class='ocrx_word' id='word_1_877' title='bbox 2099 5424 2201 5479; x_wconf 87' lang='lat' dir='ltr'><strong>sibi</strong></span> <span class='ocrx_word' id='word_1_878' title='bbox 2280 5430 2458 5494; x_wconf 64' lang='lat' dir='ltr'><strong>debet,</strong></span> <span class='ocrx_word' id='word_1_879' title='bbox 2509 5432 2699 5486; x_wconf 73' lang='grc' dir='ltr'>ίιιιιιῑιο</span> <span class='ocrx_word' id='word_1_880' title='bbox 2732 5445 2763 5483; x_wconf 77' lang='lat' dir='ltr'><strong>a</strong></span> <span class='ocrx_word' id='word_1_881' title='bbox 2811 5429 2920 5484; x_wconf 67' lang='lat' dir='ltr'><strong>Deo</strong></span> <span class='ocrx_word' id='word_1_882' title='bbox 2973 5429 3301 5500; x_wconf 60' lang='lat' dir='ltr'><strong>quidquam,</strong></span> <span class='ocrx_word' id='word_1_883' title='bbox 3356 5430 3444 5486; x_wconf 57' lang='grc' dir='ltr'><strong>κν]</strong></span> <span class='ocrx_word' id='word_1_884' title='bbox 3506 5440 3635 5483; x_wconf 61' lang='lat' dir='ltr'><strong>cum</strong></span> 
     </span>
    </p>
   </div>
   <div class='ocr_carea' id='block_1_114' title="bbox 360 5524 1109 5597">
    <p class='ocr_par' dir='ltr' id='par_1_114' title="bbox 360 5524 1109 5597">
     <span class='ocr_line' id='line_1_114' title="bbox 360 5524 1109 5597; baseline -0.007 -15"><span class='ocrx_word' id='word_1_885' title='bbox 360 5529 556 5583; x_wconf 80' lang='lat' dir='ltr'><strong>damno</strong></span> <span class='ocrx_word' id='word_1_886' title='bbox 586 5528 937 5597; x_wconf 81' lang='lat' dir='ltr'><strong>eonjunclum</strong></span> <span class='ocrx_word' id='word_1_887' title='bbox 973 5524 1084 5579; x_wconf 81' lang='lat' dir='ltr'><strong>fieri</strong></span> <span class='ocrx_word' id='word_1_888' title='bbox 1097 5565 1109 5577; x_wconf 96' lang='lat'><strong>.</strong></span> 
     </span>
    </p>
   </div>
   <div class='ocr_carea' id='block_1_115' title="bbox 429 5606 1927 5689">
    <p class='ocr_par' dir='ltr' id='par_1_115' title="bbox 429 5609 1927 5689">
     <span class='ocr_line' id='line_1_115' title="bbox 429 5609 1927 5689; baseline -0.005 -15"><span class='ocrx_word' id='word_1_889' title='bbox 429 5620 448 5651; x_wconf 85' lang='grc'>¹</span> <span class='ocrx_word' id='word_1_890' title='bbox 471 5618 627 5675; x_wconf 71' lang='lat' dir='ltr'><strong>Rom.</strong></span> <span class='ocrx_word' id='word_1_891' title='bbox 652 5635 750 5689; x_wconf 86' lang='lat' dir='ltr'><strong>vu,</strong></span> <span class='ocrx_word' id='word_1_892' title='bbox 779 5620 832 5673; x_wconf 90' lang='lat'><strong>7.</strong></span> <span class='ocrx_word' id='word_1_893' title='bbox 908 5622 928 5651; x_wconf 82' lang='grc'>²</span> <span class='ocrx_word' id='word_1_894' title='bbox 952 5618 1086 5673; x_wconf 85' lang='lat' dir='ltr'><strong>Gen.</strong></span> <span class='ocrx_word' id='word_1_895' title='bbox 1123 5631 1184 5679; x_wconf 87' lang='grc' dir='ltr'><strong>ιι,</strong></span> <span class='ocrx_word' id='word_1_896' title='bbox 1220 5615 1304 5669; x_wconf 88' lang='lat' dir='ltr'><strong>l7.</strong></span> <span class='ocrx_word' id='word_1_897' title='bbox 1384 5611 1592 5684; x_wconf 25' lang='grc' dir='ltr'><strong>δεῆσαι.</strong></span> <span class='ocrx_word' id='word_1_898' title='bbox 1624 5625 1721 5673; x_wconf 84' lang='lat' dir='ltr'><strong>vn,</strong></span> <span class='ocrx_word' id='word_1_899' title='bbox 1750 5610 1833 5667; x_wconf 71' lang='grc'><strong>12.</strong></span> <span class='ocrx_word' id='word_1_900' title='bbox 1908 5609 1927 5641; x_wconf 74' lang='grc'><strong><em>⁸</em></strong></span> 
     </span>
    </p>
   </div>
   <div class='ocr_carea' id='block_1_116' title="bbox 1777 5606 3275 5689">
    <p class='ocr_par' dir='ltr' id='par_1_116' title="bbox 1781 5606 3275 5685">
     <span class='ocr_line' id='line_1_116' title="bbox 1781 5606 3275 5685; baseline -0.002 -20"><span class='ocrx_word' id='word_1_901' title='bbox 1781 5610 1833 5667; x_wconf 70' lang='grc'>2.</span> <span class='ocrx_word' id='word_1_902' title='bbox 1908 5609 1931 5641; x_wconf 71' lang='grc'><strong>⁸</strong></span> <span class='ocrx_word' id='word_1_903' title='bbox 1965 5606 2026 5664; x_wconf 75' lang='lat' dir='ltr'><strong>F.</strong></span> <span class='ocrx_word' id='word_1_904' title='bbox 2064 5609 2299 5665; x_wconf 79' lang='grc' dir='ltr'>δεκτέον.</span> <span class='ocrx_word' id='word_1_905' title='bbox 2379 5617 2401 5647; x_wconf 81' lang='grc'>⁸</span> <span class='ocrx_word' id='word_1_906' title='bbox 2433 5634 2517 5684; x_wconf 57' lang='lat' dir='ltr'><strong>ne.</strong></span> <span class='ocrx_word' id='word_1_907' title='bbox 2558 5613 2936 5685; x_wconf 77' lang='grc' dir='ltr'>ἐνεκίσσησαν.</span> <span class='ocrx_word' id='word_1_908' title='bbox 3012 5612 3034 5644; x_wconf 84' lang='grc'><strong><em>⁶</em></strong></span> <span class='ocrx_word' id='word_1_909' title='bbox 3065 5611 3124 5669; x_wconf 62' lang='grc' dir='ltr'>ιτ.</span> <span class='ocrx_word' id='word_1_910' title='bbox 3161 5610 3275 5663; x_wconf 81' lang='grc' dir='ltr'>ἐπί.</span> 
     </span>
    </p>
   </div>
  </div>
