3846 6110
216 227 361 283 H65

848 226 1216 284 ADVERSUS
1254 228 1595 285 llASRESES
1636 230 1757 284 LIB.

1910 230 2075 286 T05].
2117 233 2156 286 l.
2191 261 2258 272 —
2296 232 2570 290 HERES.
2614 232 2797 289 LXIV.

3326 238 3461 295 1166

288 342 355 395 Τί
381 337 474 395 οῦν
501 342 563 395 τὸ
591 341 791 410 ἀγαθὸν
830 342 953 412 ἐμοὶ
979 343 1193 411 ἐγένετο
1222 345 1468 411 θάνατος,
1495 346 1526 399 6
1555 346 1647 400 τοῦ
1687 364 1775 417 με·

1958 347 2072 400 Cur
2102 346 2270 415 igitur
2316 349 2463 418 quod
2512 349 2713 403 bonum
2753 357 2857 412 est,
2894 349 3051 404 morti
3111 348 3242 404 mihi
3296 360 3461 422 atque

209 433 403 499 γίστου
442 431 641 501 ὁμοίως
682 431 855 484 αίτιον
897 432 1153 502 ἐσόμενον
1196 435 1402 502 ἀγαθοῦ
1439 436 1782 507 νομοθέτημα
1822 474 1829 479 ς

209 520 404 591 ἐδόθη;
434 520 525 591 Μὴ
553 522 791 588 γένοιτοὶ
823 523 942 577 Ὀτι
972 524 1047 595 μὴ
1075 527 1107 594 ἡ
1136 523 1322 594 ἐντολὴ
1345 525 1438 576 τοῦ
1459 524 1593 577 Θεοῦ
1617 526 1698 587 εἰς
1723 525 1784 578 τὸ

208 611 686 682 καταδουλωθῆναί
719 629 789 683 με
815 613 1031 683 ἐγένετο
1054 619 1121 686 τῇ
1162 614 1357 687 φθορᾷ,
1387 616 1480 669 καὶ
1507 616 1781 686 ἐναπομά-

210 702 406 766 ξασθαι
441 704 617 775 κῆρας
658 704 882 777 ὀλέθρου
919 707 1126 771 αίτίας-
1169 707 1307 761 άλλά
1348 710 1378 761 6
1420 707 1664 770 διάϐολος
1698 708 1783 761 ἵνα

209 797 502 867 φανερωθῇ
528 796 617 851 διά
654 797 748 850 τοῦ
777 799 981 868 ἀγαθοῦ
1012 800 1074 853 τὸ
1101 802 1268 854 κακὸν
1291 802 1415 871 ἐμοὶ
1445 802 1784 856 κατασκευά-

210 903 330 951 σας,
368 887 456 939 ἵνα
481 887 704 956 γένηται
722 928 737 952 ,
768 890 862 943 καὶ
892 890 1119 967 ἐλεγχθῇ
1151 890 1272 944 καθ’
1303 890 1607 962 ὑπερϐολὴν
1632 895 1662 946 6
1692 892 1783 944 εὑ-

210 978 374 1046 ρετὴς
435 978 528 1029 καὶ
570 979 781 1033 τέκτων
824 980 924 1049 τῆς
979 981 1253 1051 ἁμαρτίας
1300 981 1642 1053 ἁμαρτωλὸς,
1688 983 1783 1036 καὶ

205 1067 451 1140 διορισθῇ
485 1069 592 1121 άπὸ
635 1070 728 1123 τοῦ
772 1071 941 1124 κακοῦ
988 1072 1245 1124 τάναντία
1287 1073 1387 1142 τῆς
1427 1072 1644 1143 ἐντολῆς
1688 1073 1781 1127 τοῦ

206 1158 345 1211 Θεοῦ
388 1161 806 1231 ἐπιτροπεύσας.
849 1162 1086 1230 Οἴδαμεν
1126 1162 1255 1233 γὰρ,
1286 1163 1370 1216 ὅτι
1405 1164 1437 1216 6
1480 1164 1639 1234 νόμος
1666 1164 1782 1218 ἐστὶ

206 1253 610 1320 πνευματικὸς’
648 1254 728 1308 διὸ
767 1256 862 1307 καὶ
894 1256 1013 1308 κατ’
1052 1256 1203 1308 οὐδὲν
1244 1256 1413 1311 αίτιον
1447 1256 1650 1329 βλάϐης
1686 1260 1781 1312 οὺ-

206 1338 337 1392 δενί.
386 1341 583 1414 Πόρρω
631 1344 738 1416 γὰρ
793 1345 1087 1418 ἐπιθυμίας
1130 1345 1328 1413 ἀλόγου
1375 1347 1467 1400 καὶ
1508 1349 1783 1419 ἁμαρτίας

206 1434 514 1505 ἐσκήνωται
540 1435 609 1490 τὰ
634 1437 994 1507 πνευματικά.
1036 1436 1177 1506 Ἐγὼ
1211 1438 1282 1492 δὲ
1324 1441 1612 1508 σάρκινός
1643 1445 1779 1511 ειμι,

205 1525 587 1593 πεπραμένος
634 1526 753 1580 ὑπὸ
812 1527 925 1595 τὴν
972 1529 1280 1597 ἁμαρτίαν.
1332 1526 1489 1597 Οίον,
1522 1532 1662 1601 Ἐγὼ
1713 1533 1783 1587 δὲ

1884 436 2055 490 exitio
2117 436 2239 500 luit,
2299 439 2496 508 lexque
2548 440 2639 493 illa
2687 441 2986 494 constituta
3036 441 3166 495 mibi
3197 451 3304 507 est,
3340 457 3462 512 qua:

1884 526 2113 595 perinde
2165 528 2358 598 ingens
2420 529 2551 583 mihi
2604 531 2949 585 commodum
2997 539 3181 600 posset
3236 532 3463 588 all‘erre?

1883 617 2074 672 Absit!
2102 617 2235 671 Nam
2267 618 2517 674 divinum
2547 620 2679 675 illud
2709 622 3026 676 mandatum
3055 638 3163 677 non
3188 638 3254 678 eo
3275 623 3461 679 datum

1886 715 1992 771 est,
2027 717 2087 763 ut
2120 709 2172 763 in
2205 710 2619 780 corruptionem
2667 714 2814 767 velut
2864 714 3184 770 servitutem
3220 715 3463 772 incurre-

1882 813 2022 861 rem,
2048 814 2237 869 eaeque
2280 801 2413 855 mihi
2459 800 2611 856 labes
2643 801 3012 867 inurerentur,
3043 818 3165 873 quae
3192 803 3248 857 in
3276 812 3462 860 extre-

1883 905 2027 944 mam
2062 891 2360 960 perniciem
2413 892 2774 962 conjicerent,
2810 894 2905 948 sed
2953 902 3012 948 ut
3032 896 3329 961 diabolum,
3364 896 3493 967 per:

1883 976 1937 1033 id
1966 979 2112 1048 quod
2136 980 2339 1034 bonum
2363 989 2467 1045 est,
2501 982 2707 1035 malum
2738 982 2869 1036 mihi
2897 986 3181 1053 perspicue
3212 986 3461 1055 molitum

1882 1084 2007 1124 esse
2038 1077 2337 1133 constaret,
2395 1078 2558 1139 atque
2609 1079 2671 1124 ut
2730 1072 2977 1128 inventor
3016 1075 3105 1129 ille
3158 1076 3361 1144 peccati
3403 1082 3460 1130 et

1882 1161 2215 1216 architectus
2284 1161 2572 1216 excellenti
2631 1163 2866 1231 quadam
2927 1165 3141 1221 ratione
3203 1177 3459 1236 peccator

1882 1259 2052 1316 esset,
2107 1260 2271 1322 atque
2319 1268 2443 1307 esse
2493 1251 3024 1322 deprehenderetur,
3058 1265 3114 1312 et
3144 1273 3176 1312 a
3206 1258 3348 1313 bono
3378 1274 3460 1316 se-

1878 1345 2207 1415 jungeretur
2235 1346 2282 1401 is
2313 1344 2408 1415 qui
2440 1345 2639 1401 divina:
2660 1347 2761 1417 legi
2780 1349 3055 1404 contraria
3085 1360 3454 1420 procurasset.

1884 1432 2191 1504 Spiritalem
2227 1433 2373 1489 enim
2405 1435 2574 1505 legem
2623 1450 2747 1490 esse
2795 1437 3075 1505 novimus,
3109 1439 3338 1511 ideoque
3366 1458 3460 1497 ne-

1881 1528 2017 1581 mini
2046 1542 2171 1584 esse
2200 1527 2377 1581 fraudi
2405 1529 2514 1581 ulla
2543 1527 2597 1581 in
2627 1544 2687 1583 re
2738 1544 2921 1598 posse,
2978 1544 3101 1585 cum
3135 1530 3205 1585 ab
3236 1541 3458 1602 experte

207 1613 501 1682 σάρκα-ος
532 1616 637 1682 ὢν,
688 1620 781 1671 καὶ
805 1620 862 1671 ἐν
890 1620 1039 1689 μέσῳ
1071 1619 1165 1673 τοῦ
1196 1622 1429 1694 πονηροῦ
1462 1624 1554 1676 καὶ
1577 1624 1775 1691 ἀγαθοῦ

1881 1619 2111 1676 rationis
2141 1619 2438 1687 cupiditate
2468 1619 2626 1690 longe
2655 1621 2920 1689 spiritalia
2960 1622 3154 1677 dissita
3178 1624 3308 1679 sint.
3341 1623 3454 1694 Ego

206 1707 591 1771 κατασταθεὶς,
629 1709 707 1772 ὡς
749 1685 1110 1777 αὐτεξούσὶος,
1142 1711 1207 1765 ἵν’
1232 1685 1476 1783 μοιμοι
1505 1685 1722 1767 ἑλέσθαι
1746 1713 1775 1766 δ

1881 1727 1997 1767 vero
2020 1710 2252 1765 carnalis
2284 1727 2423 1775 sum,
2455 1711 2781 1766 venundatus
2796 1713 2892 1764 sub
2919 1718 3246 1781 peccatum”.
3283 1716 3455 1782 Quasi

206 1794 465 1869 βούλομαι
586 1801 848 1870 (Τέϐεικα
899 1803 1036 1871 τὰρ,
1093 1804 1254 1873 φησὶ,
1292 1805 1403 1873 πρὸ
1451 1804 1773 1872 προσώπου

1878 1803 2087 1857 diceret
2116 1820 2127 1855 :
2157 1801 2267 1873 Ego
2294 1819 2413 1858 vero
2442 1805 2677 1858 carnalis
2701 1821 2839 1869 sum,
2861 1812 3024 1875 atque
3059 1806 3116 1861 in
3149 1807 3274 1860 mali
3305 1809 3455 1863 boni-

205 1907 322 1945 σου
367 1889 482 1956 τὴν
514 1890 667 1959 ζωὴν
708 1894 804 1947 καί
839 1893 945 1946 τὸν
973 1893 1274 1966 θάνατον)⁶
1315 1898 1509 1959 νεύσας
1551 1895 1686 1967 πρὸς
1715 1895 1775 1948 τὸ

1878 1910 1985 1964 que
2026 1894 2204 1955 medio
2237 1896 2471 1965 positus,
2499 1902 2689 1965 utpote
2717 1896 2876 1960 liber,
2913 1904 2973 1951 ut
2998 1898 3144 1967 quod
3184 1899 3341 1953 velim
3376 1900 3455 1954 in-

112 2029 123 2038 .
206 1983 551 2053 παρακοῦσαι
601 1985 697 2055 μὲν
744 1985 837 2040 τοῦ
883 1987 1251 2058 πνευματικοῦ
1295 1988 1481 2059 νόμου,
1527 1982 1637 2041 οἷον
1675 1988 1772 2058 τῆς

1878 1990 2089 2053 tegrnm
2138 1984 2271 2038 mibi
2304 1985 2376 2040 sit
2429 1986 2627 2056 eligere
2669 1985 2859 2056 (Posui
2906 1989 3066 2053 enim,
3104 1988 3301 2059 inquit,
3332 2000 3456 2046 ante

206 2074 446 2145 ἐντολῆς,
494 2076 797 2131 ὑπακοῦσαι
837 2078 894 2132 δὲ
935 2078 1029 2132 τοῦ
1078 2078 1294 2145 ὑλικοῦ,
1333 2075 1445 2159 οἷον
1472 2079 1566 2132 τοῦ
1599 2079 1773 2148 ὄφεως

205 2167 302 2236 τὴν
330 2167 675 2238 συμϐουλίαν,
704 2169 995 2242 πέπραμαι
1021 2171 1110 2225 διὰ
1144 2172 1240 2243 τὴν
1263 2172 1514 2244 τοιαύτην
1540 2172 1770 2243 αἵρεσιν,

206 2256 386 2312 πεσὼν
419 2258 520 2311 ὑπὸ
567 2259 875 2332 ἁμαρτίαν,
915 2261 991 2331 τῷ
1036 2261 1281 2333 διαϐόλῳ.
1313 2261 1476 2315 Ὅθεν
1522 2262 1771 2317 ἐντεῦθεν

205 2348 569 2421 πολιορκῆσάν
603 2367 669 2422 με
714 2351 775 2404 τὸ
802 2352 971 2405 κακὸν
1013 2347 1266 2418 ἐνιξάνει,
1301 2354 1397 2407 καὶ
1425 2353 1775 2424 ἐμπολιτεύε-

204 2456 293 2492 ται
328 2440 674 2494 είσοικεῖσθαι
708 2443 765 2497 ἐν
791 2446 856 2513 τῇ
890 2443 1051 2515 σαρκί
1078 2461 1200 2515 μου,
1228 2444 1477 2516 καθάπερ
1507 2444 1686 2516 κηφὴν
1714 2446 1772 2498 ἐν

205 2532 380 2603 κηρίῳ
413 2533 674 2605 μελίσσης
696 2535 1122 2607 περιιπτάμενος
1147 2536 1404 2601 πολλάκις
1430 2537 1558 2611 περὶ
1588 2538 1771 2602 αὑτὸν,

204 2623 297 2673 καὶ⁵
331 2622 580 2693 βομϐῶν·
605 2624 762 2694 δίκης
789 2625 1134 2698 ἐπιτεθείσης
1166 2645 1254 2697 μοι
1284 2627 1381 2698 τὴν
1407 2628 1624 2697 ἐντολὴν
1653 2628 1774 2681 ἀθε-

204 2714 428 2782 τήσαντι
473 2714 747 2785 πραθῆναι
779 2715 857 2787 τῷ
903 2717 1079 2787 κακῷ.
1130 2719 1219 2771 Διὸ
1251 2718 1344 2772 καὶ⁹
1374 2719 1433 2771 οὐ
1465 2718 1716 2786 γινώσκω
1742 2719 1772 2772 6

202 2806 607 2877 κατεργάζομαι
630 2848 645 2873 ,
687 2808 1034 2879 λογιζόμενος
1072 2810 1101 2863 6
1131 2811 1205 2883 μὴ
1233 2811 1393 2866 θέλω.
1424 2812 1495 2864 Τὸ
1525 2812 1655 2883 γὰρ,
1699 2812 1771 2868 Ὀ

202 2895 618 2966 κατεργάζομαι
642 2900 713 2953 οὐ
739 2899 1008 2969 γινώσκω
1025 2940 1039 2964 ,
1070 2901 1168 2954 καί
1198 2901 1346 2956 ποιῶ
1368 2901 1400 2955 6
1423 2900 1603 2971 μισῶ,
1627 2900 1774 2969 λεγό-

204 3006 362 3059 μενον
381 3031 395 3056 ,
427 2991 526 3043 οὐκ
558 2990 649 3044 ἐπὶ
694 2993 785 3044 τοῦ
818 2992 1263 3063 τελεσιουργῆσαι
1296 2992 1357 3045 τὸ
1406 2991 1629 3061 φαῦλον,
1677 2993 1772 3046 καὶ

200 3080 394 3152 δρᾶσαι
430 3081 848 3152 παραληπτέον,
884 3082 995 3136 ἀλλ’
1044 3083 1138 3136 ἐπὶ
1186 3082 1282 3136 τοῦ
1333 3084 1490 3153 μόνον
1534 3083 1772 3153 ἐνθυμη-

202 3170 388 3241 θῆναι,
457 3171 730 3243 λογισμῶν
781 3174 1062 3228 ἀνοικείων
1119 3176 1250 3246 ἡμῖν
1314 3173 1770 3246 προσιπταμένων

201 3261 509 3328 πλεονάκις,
543 3262 636 3316 καὶ
665 3262 1116 3333 ἐμφανταξόντων
1136 3265 1282 3334 ἡμᾶς
1299 3264 1434 3335 πρὸς
1474 3262 1509 3317 ἃ
1535 3262 1609 3334 μὴ
1624 3262 1772 3315 θέλο-

205 3370 322 3423 μεν,
354 3355 457 3423 τῆς
496 3354 675 3425 ψυχῆς
704 3357 816 3419 τοῖς
859 3354 1138 3427 λογισμοῖς
1165 3354 1293 3426 περὶ
1321 3352 1492 3409 πολλὰ
1517 3370 1774 3425 περιαγοσ

205 3443 392 3513 μένης.

1874 2073 2068 2142 facient
2093 2083 2239 2127 tuam
2264 2075 2425 2129 vitam
2447 2084 2496 2129 et
2530 2086 2751 2130 mortem
2775 2078 2840 2145 ³);
2870 2091 2993 2132 cum
3023 2078 3080 2133 in
3108 2079 3162 2133 id
3186 2080 3452 2136 inclinas-

1876 2179 2012 2229 sem,
2044 2170 2104 2218 ut
2136 2171 2190 2219 et
2220 2165 2455 2234 spiritali
2487 2166 2613 2237 legi,
2663 2168 2769 2223 hoc
2798 2175 2882 2224 est
2911 2170 3188 2235 mandato,
3225 2172 3451 2228 minime

1874 2269 2146 2324 parerem,
2163 2266 2210 2312 et
2242 2266 2470 2313 terrena:
2493 2273 2557 2314 ac
2577 2273 2702 2313 cum
2730 2260 2972 2316 materiae
2994 2260 3125 2317 faece
3152 2270 3443 2323 concretae.

1878 2343 1980 2398 hoc
2007 2352 2092 2400 est
2138 2347 2410 2417 serpentis
2438 2348 2689 2413 monitis,
2723 2349 3191 2419 obtemperarem;
3226 2362 3448 2421 propter

1874 2438 2022 2493 hunc
2054 2439 2325 2495 delectum
2357 2442 2414 2496 in
2446 2449 2728 2512 peccatum
2761 2444 3048 2514 prolapsus
3083 2444 3299 2500 diabolo
3326 2460 3448 2500 sum

1874 2532 2152 2587 venditus.
2204 2531 2342 2587 llinc
2389 2534 2591 2588 malum
2642 2536 2789 2590 velut
2816 2536 3077 2591 obsidens
3107 2536 3239 2590 mihi
3268 2536 3452 2589 adhae-

1874 2624 2062 2689 rescit,
2095 2633 2259 2695 atque
2303 2626 2357 2680 in
2392 2640 2556 2681 carne
2588 2642 2730 2691 mea,
2756 2637 3016 2698 tanquam
3047 2628 3103 2683 in
3131 2628 3293 2684 domo
3322 2642 3450 2697 qna-

1875 2716 2021 2783 dam,
2057 2717 2287 2783 habitat,
2322 2718 2778 2788 quemadmodum
2809 2718 2969 2775 lucus
3023 2720 3231 2775 circum
3294 2717 3449 2775 favos

1874 2824 2037 2880 apum
2077 2812 2314 2867 volitans
2365 2826 2429 2866 ac
2472 2812 2687 2869 bombis
2723 2811 3065 2881 obstrepens.
3104 2810 3231 2866 Mihi
3266 2811 3451 2880 itaque

1875 2902 2064 2957 violati
2097 2903 2338 2957 mandati
2371 2916 2533 2972 pmna
2572 2902 2688 2958 haec
2730 2902 2985 2973 imposita
3031 2910 3138 2968 est,
3174 2903 3252 2957 uti
3303 2903 3449 2958 malo

1876 2991 2277 3061 quodammodo
2313 2991 2598 3047 venderer.
2625 2991 2939 3063 Propterea,
2974 2992 3120 3064 quod
3154 2992 3294 3049 facio
3336 3009 3448 3048 non

1873 3085 2140 3155 intelligo,
2181 3084 2310 3139 dum
2339 3084 2483 3155 quod
2511 3085 2660 3152 nolo,
2699 3086 2899 3157 cogito.
2927 3085 3053 3141 Haec
3082 3087 3226 3141 enim
3257 3086 3444 3155 verba,

1873 3175 2026 3243 Quod
2048 3175 2191 3245 facio
2222 3191 2325 3228 non
2350 3190 2626 3244 cognosco,
2650 3186 2700 3230 et
2730 3178 2868 3245 quod
2893 3176 2981 3231 odi
3011 3177 3150 3246 facio
3170 3177 3212 3241 ⁸,
3231 3192 3337 3232 non
3365 3178 3448 3236 sic

1872 3264 2192 3335 accipienda
2241 3271 2393 3329 sunt,
2421 3265 2583 3335 quasi
2610 3266 2814 3320 malum
2850 3266 3111 3336 perlicere
3140 3266 3359 3335 penitus
3382 3280 3448 3321 ac

1871 3355 2212 3411 committere
2238 3354 2485 3420 dicatur;
2518 3353 2615 3409 sed
2646 3354 2713 3409 ad
2740 3355 2912 3411 solam
2955 3356 3341 3427 cogitationem
3370 3369 3449 3409 re-

1872 3444 2001 3502 ferri
2033 3461 2132 3517 par
2164 3452 2270 3513 est,
2299 3460 2424 3499 cum
2481 3446 2800 3516 plerumque
2851 3447 3041 3503 alienae
3094 3447 3253 3504 nobis
3280 3454 3334 3502 et
3360 3445 3453 3501 ab.

202 3533 382 3590 surdre
404 3516 765 3604 cogitationes
788 3535 1061 3602 advolent,
1088 3544 1142 3592 et
1178 3536 1246 3592 ad
1273 3550 1337 3592 ea
1369 3551 1490 3606 quae
1524 3535 1783 3592 nolumus
1813 3516 2097 3593 illudendo
2125 3551 2226 3592 nos
2250 3543 2549 3608 provocent
2570 3537 2748 3606 :quod
2792 3539 2975 3593 anima
3025 3540 3452 3611 cogitationibus

202 3628 318 3683 suis
350 3643 444 3696 per
474 3627 681 3683 inﬁnita
715 3644 1119 3699 rerumgenera
1150 3630 1509 3685 distrahatur.

271 3722 395 3776 NZ'.
435 3722 508 3774 Οὐ
538 3720 645 3792 γάρ
672 3720 757 3790 ἐφ’
786 3724 917 3792 ἡμῖν
947 3722 1084 3785 ὅλως
1116 3723 1225 3793 (45)
1249 3723 1310 3776 τὸ
1336 3724 1701 3795 ἐνθυμεῖσθαι,
1734 3724 1768 3798 ἢ

208 3815 281 3886 μὴ
314 3814 656 3885 ἐνθυμεῖσθαι
690 3814 865 3865 κεῖται
911 3814 980 3868 τὰ
1031 3813 1226 3881 ἄτοπα,
1276 3815 1410 3869 ἀλλὰ
1429 3816 1489 3869 τὺ
1514 3818 1767 3889 χρῆσθαι,

203 3905 236 3974 ἢ
268 3906 342 3975 μὴ
361 3903 597 3975 χρῆσθαι
625 3905 737 3967 τοῖς
762 3902 1124 3976 ἐνθυμήμασι.
1144 3905 1401 3961 Κωλῦσαι
1435 3908 1532 3979 μὲν
1560 3911 1669 3982 γάρ
1698 3910 1773 3982 μὴ

205 3999 494 4067 ἐμπίπτειν
547 3998 626 4060 εἰς
676 3998 823 4068 ἡμᾶς
870 3997 998 4061 τοὺς
1051 3997 1344 4071 λογισμοὺς
1385 4002 1446 4054 οὐ
1474 4002 1773 4074 δυνάμεθα,

204 4093 338 4161 πρὸς
387 4088 614 4161 δοκιμὴν
656 4089 811 4160 ἡμῶν
856 4089 1050 4156 ἔξωθεν
1080 4093 1511 4163 είσπνεομένους*
1551 4096 1625 4168 μὴ
1659 4114 1776 4150 πει-

205 4181 394 4251 σθῆναι
430 4181 628 4253 μέντοι,
653 4181 686 4252 ἦ
725 4181 798 4253 μὴ
819 4181 1051 4253 χρῆσθαι
1078 4185 1258 4248 αὐτοῖς
1283 4185 1577 4258 δυνάμεθα.
1624 4189 1776 4242 Ἐπεὶ

1949 3722 2113 3794 584
2145 3721 2299 3776 LVII.
2324 3722 2508 3793 Neque
2527 3722 2675 3778 enim
2704 3723 2757 3775 in
2791 3722 2952 3778 nobis
2976 3723 3085 3779 ullo
3103 3724 3263 3778 modo
3281 3724 3448 3778 situm

1876 3818 1978 3877 est,
2009 3812 2355 3867 abhorrentia
2382 3812 2644 3881 cogitare,
2673 3811 2758 3867 vel
2787 3826 2893 3867 non
2916 3813 3192 3882 cogitare;
3220 3814 3317 3883 sed
3344 3818 3444 3881 uti,

1871 3903 1955 3957 vel
1988 3919 2097 3957 non
2116 3903 2194 3957 uti
2216 3904 2486 3974 cogitatis.
2511 3902 2645 3956 Nam
2676 3918 2743 3957 ne
2774 3902 2933 3958 nobis
2969 3903 3275 3960 istiusmodi
3296 3909 3448 3977 cogi-

1872 3996 2105 4051 tationes
2118 3996 2406 4066 obrepant,
2424 4011 2545 4067 quae
2563 3994 2827 4065 probandi
2857 3995 3030 4049 nostri
3050 4010 3215 4052 causa
3239 4000 3448 4054 extrin-

1873 4100 2033 4143 secus
2063 4086 2453 4153 immittuntur,
2500 4086 2793 4156 probibere
2830 4101 2939 4141 non
2971 4103 3304 4158 possumus;
3334 4108 3449 4147 non

1873 4176 2154 4243 assentiri,
2195 4184 2250 4232 et
2299 4177 2498 4233 oblatis
2553 4192 2663 4233 non
2723 4177 2823 4241 uti,
2877 4192 3195 4246 possumus.
3227 4180 3447 4251 Alioqui

204 4270 320 4334 πῶς
365 4273 393 4324 6
462 4271 782 4346 ’Aﬂ6_ﬂ0)tOC
811 4272 873 4325 τὺ
928 4273 1027 4343 μὲν
1082 4273 1251 4327 κακὸν
1313 4275 1409 4345 οὐχ
1459 4276 1679 4346 ἥκιστα,
1727 4272 1771 4345 ᾧ

1878 4270 2153 4341 quomodo
2201 4269 2422 4325 tandem
2478 4269 2773 4340 Apostolus
2831 4271 3056 4335 malum,
3123 4272 3269 4341 quod
3342 4274 3447 4329 sibi

203 4339 603 4431 ἀπηρέσκετοί
642 4360 852 4424 ἐποίει,
912 4339 973 4414 τὸ
1023 4361 1082 4414 δὲ
1153 4362 1314 4416 καλὸν
1481 4339 1765 4436 ῆρέσκετοῠ,

203 4449 423 4518 ἥκιστα,
446 4451 495 4501 εἰ
521 4449 595 4519 μὴ
626 4449 755 4520 περὶ
773 4449 882 4504 τῶν
905 4449 1127 4506 ὀθνείων
1144 4451 1541 4524 ἐνθυμημάτων
1566 4454 1770 4524 ἔλεγεν,

205 4539 239 4592 ἃ
264 4538 640 4610 ἐνθυμούμεθα
670 4540 781 4593 ἐσθ’
813 4541 903 4594 ὅτε
929 4542 1024 4595 καὶ⁵
1056 4542 1130 4613 μὴ
1160 4542 1495 4615 βουλόμενοι,
1546 4545 1606 4611 ἐξ
1654 4547 1772 4610 οἵας

203 4630 262 4682 οὐ
308 4629 662 4698 γινώσκοντες
706 4631 917 4697 αίτίας;
949 4634 1016 4684 Ἀ
1058 4634 1455 4706 ἀνατρέπεσθαι
1506 4635 1611 4707 χρὴ
1677 4637 1771 4691 καὶ

204 4719 662 4791 ἐπιστομίζεσθαι,
706 4722 792 4775 ἵνα
828 4720 902 4792 μὴ
947 4721 1281 4793 εὐρυνόμεθα
1315 4725 1330 4755 ¹
1363 4724 1471 4778 τῶν
1518 4724 1770 4797 περάτων

205 4812 515 4881 κρατήσωσι
545 4811 643 4881 τῆς
668 4810 865 4881 ψυχῆς.
911 4811 1214 4884 ’Δμήχανον
1241 4815 1349 4886 γὰρ
1384 4815 1588 4868 τούτων
1618 4817 1769 4869 ἐνευ-

203 4902 536 4973 διαιρούντων
574 4904 631 4955 ἐν
665 4903 794 4972 ἡμῖν
828 4904 1179 4959 ἐπανατεῖλαι
1202 4906 1264 4959 τὸ
1299 4905 1520 4974 ἀγαθόν.
1562 4906 1769 4977 Ὀρθῶς

203 4993 328 5065 ἄρα,
374 4996 443 5046 Ὃ
485 4994 593 5063 γὰρ
647 4992 1066 5064 κατεργάζομαι
1103 5000 1177 5050 οὺ
1209 4996 1506 5067 γινώσκω,
1556 4995 1762 5064 ἔλεγεν.

196 5088 278 5139 Οὑ
310 5086 417 5156 γὰρ
443 5085 475 5139 6
502 5085 653 5140 θέλω
672 5084 942 5154 πρόσσω,
964 5087 1101 5142 ἀλλ’
1128 5088 1161 5142 6
1189 5087 1369 5157 μισῶ,
1397 5087 1572 5142 τοῦτο
1592 5087 1761 5143 ποιῶ.

278 5244 295 5273 ¹
324 5240 453 5297 Cor.
488 5241 841 5313 εὐρυνὸμενα.
918 5241 939 5272 ⁸
970 5239 1130 5296 Rom.
1161 5257 1261 5307 vn,
1302 5242 1388 5296 Η.
1465 5242 1494 5286 ³.
1523 5240 1682 5296 Deut.
1717 5257 1847 5307 xxx,

275 5393 383 5466 (45)
426 5393 652 5466 οὺίγάρ
682 5394 775 5466 ἐφ’
806 5393 950 5466 ἡμῖν
982 5394 1155 5459 ὅλως.
1193 5394 1541 5466 Ρηεοιειτιει
1571 5395 1763 5466 catboo

205 5463 307 5519 lica
331 5463 614 5533 apostolici
639 5464 784 5535 illius
810 5465 938 5519 dicti
964 5465 1254 5535 sententia,
1282 5480 1444 5535 quam
1463 5464 1766 5519 Metlmdius

204 5538 460 5602 exponit;
497 5548 559 5587 ac
603 5533 866 5589 adversus
914 5534 1188 5589 hodiernae
1226 5533 1450 5589 haeresis
1492 5535 1763 5590 inscitiam

208 5609 366 5673 aulae
392 5602 789 5675 improbitatem
809 5604 1152 5661 observanda
1178 5604 1491 5676 diligenter:
1528 5605 1620 5675 qui
1644 5618 1775 5658 con-

1877 4360 2220 4431 displicebat,
2251 4360 2488 4416 maxime
2512 4361 2903 4416 committeret:
2924 4361 3128 4417 bonum
3150 4378 3278 4418 vero
3302 4364 3449 4433 quod

1880 4455 2152 4525 placebat,
2171 4467 2512 4524 nequaquam
2538 4452 2762 4518 laceret,
2790 4453 2898 4508 nisi
2926 4454 2993 4509 de
3021 4455 3325 4523 peregrinis
3357 4470 3452 4509 co-

1877 4542 2235 4614 gitationibus
2266 4543 2600 4611 loqueretur,
2633 4556 2772 4611 quas
2803 4543 2986 4597 animo
3010 4542 3338 4611 quandoque
3363 4542 3449 4599 vel

1878 4622 2035 4689 inviti
2070 4633 2386 4703 incertaque
2417 4634 2576 4689 nobis
2598 4648 2666 4688 ex
2706 4648 2871 4689 causa
2898 4640 3138 4689 tractare
3168 4634 3451 4689 solemus?

1878 4723 2027 4789 Quas
2056 4723 2274 4794 quidem
2311 4730 2555 4778 evertere
2609 4729 2771 4793 atque
2799 4723 3047 4778 inhibere
3077 4724 3349 4787 convenit,
3381 4738 3449 4778 ne

1877 4813 2107 4878 diﬂ‘usae,
2131 4829 2194 4869 ac
2218 4813 2485 4869 collatatae
2501 4819 2775 4871 extremos
2800 4829 3048 4885 quosque
3084 4814 3231 4870 velut
3256 4813 3449 4868 anima:

1878 4901 2014 4959 fines
2037 4905 2091 4959 in
2116 4909 2443 4974 potestatem
2492 4903 2742 4974 redigant
2772 4922 2786 4958 :
2822 4918 2998 4973 neque
3027 4903 3172 4958 enim
3205 4902 3318 4957 ﬁeri
3352 4917 3450 4973 po—

1875 5003 2004 5061 test,
2045 5004 2106 5050 ut
2140 4995 2187 5051 si
2240 4995 2347 5050 illa:
2393 4996 2676 5051 commode
2726 4995 3120 5059 succreverint,
3153 4995 3355 5049 bonum
3392 4994 3447 5049 in

1873 5086 2032 5144 nobis
2068 5086 2391 5142 eﬁlorescat.
2422 5085 2587 5143 Recte
2618 5088 2804 5158 itaque
2854 5088 3072 5143 dicebat
3099 5088 3395 5157 Apostolus
3431 5106 3446 5146 :

1886 5241 1976 5296 15.
2055 5241 2078 5273 "
2113 5239 2273 5295 Boni.
2310 5257 2405 5308 vn,
2439 5241 2528 5298 15.

1872 5395 2288 5465 cupiscentiam,
2332 5401 2386 5449 et
2423 5409 2545 5465 quae
2594 5409 2658 5448 ex
2700 5395 2845 5449 illius
2884 5395 3208 5464 contagione
3259 5392 3446 5449 invitis

1871 5465 2033 5518 nobis
2079 5464 2367 5534 obrepunt,
2408 5464 2534 5518 vere
2565 5479 2688 5534 esse
2719 5473 2940 5532 peccata
2972 5465 3279 5519 deﬁniunt:
3332 5478 3446 5532 quo

1873 5537 2094 5605 nomine
2122 5533 2229 5587 non
2272 5534 2383 5602 jam
2424 5533 2715 5603 καθαρούς,
2756 5539 2846 5605 sel
2889 5534 3228 5605 ἀκαθάρτους
3252 5541 3307 5590 ct
3342 5535 3448 5591 im-

1881 5603 2206 5673 pnrissimos
2236 5620 2294 5659 se
2320 5620 2442 5661 esse
2474 5605 2667 5660 merito
2690 5603 3031 5674 proﬁtentur.
