3846 6162
379 227 512 281 H'i'l
1767 223 1828 276 S.
1870 223 2214 282 EPIPHANII
3516 229 3648 287 “68

375 343 525 406 Quod
550 343 688 397 enim
716 343 951 412 perﬁcio,
974 359 1077 398 non
1116 358 1394 415 cognosco.
1450 338 1568 396 Non
1631 343 1774 395 enim
1812 343 1944 412 quod

2116 343 2292 415 ξλομεν
2316 343 2424 417 γάρ
2445 346 2513 399 τὰ
2543 346 2619 417 μὴ
2644 345 3015 417 προσήκοντα,
3043 345 3140 399 καὶ
3166 344 3204 400 ἀ.
3233 345 3313 417 μὴ
3337 345 3360 378 ⁸
3390 345 3559 418 θέμις
3585 347 3659 418 μὴ

369 427 503 488 ι·οιο’
517 434 680 503 facio,
717 435 807 488 sed
839 435 980 505 quod
1004 435 1096 489 odi
1132 435 1229 488 hoc
1249 432 1413 503 facio.
1454 430 1725 487 Volumus
1754 433 1944 503 quippe

2116 435 2430 508 ιθυμεῖσθαι.
2479 437 2696 508 Ἐπειδὴ
2732 436 2893 491 τοῦτο
2929 436 3135 505 ἀγαθὸν
3168 435 3402 498 τέλειον,
3445 439 3526 510 μὴ
3563 440 3655 509 μι-

367 541 429 578 ea
466 540 585 595 quze
615 525 841 581 minime
887 526 1509 595 conveniunt,,qu:eque
1563 522 1750 577 illicita
1808 529 1957 588 sunt,

366 630 434 668 ne
465 614 712 685 cogitare
739 616 980 684 quidem.
1017 615 1155 669 Illud
1212 615 1358 669 enim
1407 611 1708 682 perfectum
1737 613 1957 669 demum

365 705 567 758 bonum
599 717 701 770 est,
730 706 878 777 quod
917 720 1026 761 non
1063 704 1228 759 modo
1277 717 1309 757 a
1358 700 1746 774 perpetrando,
1772 702 1866 756 sed
1902 709 1958 757 et

366 798 658 867 cogitando
690 799 833 852 malo
870 803 1159 867 temperat.
1197 794 1262 848 Et
1307 793 1443 864 quod
1473 794 1664 847 bonum
1690 793 1953 857 volumus,

367 903 715 959 nequaquam
754 888 1019 956 ellicitur,
1061 886 1152 942 sed
1178 884 1316 957 quod
1343 887 1586 938 nolumus
1610 884 1834 938 malum.
1869 883 1958 937 Si-

252 1030 257 1035 .
365 979 583 1050 quidem
641 981 825 1035 animo
859 989 1052 1035 nostro
1093 978 1405 1047 frequentes
1451 975 1740 1039 incidunt,
1774 989 1839 1028 ac
1868 974 1955 1029 vel

364 1067 570 1125 invitos
604 1069 837 1123 inﬁnitis
866 1068 933 1123 de
959 1067 1121 1122 rebus
1152 1066 1379 1120 inﬁnita:
1411 1064 1772 1133 cogitationes
1795 1063 1952 1117 inva-

369 1159 529 1221 dunt,
560 1176 683 1230 quae
718 1174 821 1214 nos
870 1158 1190 1213 curiositate
1226 1164 1395 1228 atque
1430 1170 1460 1210 a
1486 1156 1699 1211 ratione
1752 1155 1956 1210 abhor-

364 1252 602 1306 rentium
631 1252 970 1321 negotiorum
990 1248 1341 1304 multitudine
1359 1246 1661 1317 implicant.
1677 1247 1954 1314 Quocirca

372 1342 642 1412 ejusmodi
693 1358 762 1397 ne
794 1342 1035 1412 cogitare
1068 1341 1287 1411 quidem
1333 1341 1495 1405 velle,
1527 1340 1818 1411 potestatis
1867 1349 1952 1396 est

367 1442 605 1500 nostrae;
631 1435 682 1488 id
715 1442 893 1490 autem
919 1434 1160 1505 assequi,
1181 1443 1238 1489 ut
1263 1434 1482 1506 penitus
1507 1434 1947 1505 exstinguantur,

362 1539 539 1594 neque
589 1525 747 1578 nobis
794 1526 1031 1596 amplius
1060 1532 1373 1593 occurrant,
1412 1539 1518 1579 non
1561 1530 1644 1579 est
1672 1522 1949 1579 facultatis

360 1616 463 1683 (uti
518 1616 779 1687 diximus)
810 1627 1035 1678 nosme.
1056 1616 1150 1671 sed
1181 1624 1333 1672 certo
1362 1615 1525 1671 modo
1546 1614 1812 1669 duntaxat
1845 1614 1944 1677 uti,

2060 543 2150 582 νον
2196 525 2291 580 τοῦ
2322 527 2547 597 ποιῆσαι
2589 526 2723 581 αὐτὸ
2752 525 3206 597 ἐγκρατεύεσθαι,
3242 525 3390 581 ἀλλά
3428 528 3531 580 καὶ
3568 526 3661 580 τοῦ

2060 617 2455 689 ἐνθυμηθῆναι.
2482 619 2598 673 Kal
2640 618 2672 672 6
2708 618 2983 687 θέλομεν,
3016 618 3193 672 τοῦτο
3223 618 3470 687 ἀγαθὸν
3496 618 3561 671 οὐ
3579 618 3661 683 γίο

2058 723 2227 771 νεται,
2284 710 2423 763 ἀλλ’
2457 708 2489 763 ὃ
2526 712 2598 764 οὐ
2651 709 2904 779 θέλομεν
2944 711 3241 777 πονηρόν.
3294 710 3664 778 Ἐπιφοιτῶσι

2057 796 2166 869 γὰρ
2213 798 2343 870 περὶ
2387 799 2488 867 τὴν
2555 799 2782 871 καρδίαν
2809 799 2968 869 ήμῶν
3007 799 3102 852 καὶ
3150 798 3539 864 ἐπιϐαίνουσι,
3574 799 3663 852 καὶ

2059 889 2134 961 μὴ
2172 889 2508 961 βουλομένων
2538 891 2735 962 ήμῶνν
2759 890 3020 954 πολλάκις
3050 890 3222 961 μυρία
3265 907 3329 943 τε
3382 891 3525 961 περὶ
3561 909 3663 960 μυ-

2058 979 2209 1051 ρίων,
2241 980 2563 1051 περιεργίας
2593 982 2743 1051 ἡμᾶς
2771 981 2866 1033 καὶ
2913 981 3087 1051 (περὶ)
3122 979 3665 1049 φιλοπραγμοσύνης

2054 1070 2251 1139 ἀλόγου
2279 1070 2647 1141 ἐμπιπλάντα.
2678 1071 2769 1123 Διὸ
2794 1070 2855 1123 τὸ
2890 1070 2989 1141 μὲν
3019 1069 3195 1122 θέλειν
3219 1069 3367 1122 αὐτὰ
3401 1067 3551 1138 μηδὲ
3580 1070 3664 1119 ἐν-

2054 1161 2343 1233 θυμεῖσθαι
2388 1162 2740 1233 παράκειται,
2783 1161 2846 1215 τὸ
2876 1162 2936 1215 δέ
2978 1160 3433 1232 κατεργάζεσθαι
3481 1160 3570 1223 είς
3608 1159 3665 1211 τὸ

2053 1252 2336 1322 ἀφανίσαι,
2374 1252 2461 1305 ἵνα
2493 1253 2567 1323 μὴ
2604 1252 2699 1305 καὶ
2723 1248 2881 1316 αὖθις
2915 1252 3043 1322 περὶ
3075 1252 3166 1304 τὸν
3202 1250 3485 1320 λογισμὸν
3508 1249 3662 1302 ἀνέλ-

2053 1343 2239 1409 θωσιν,
2263 1345 2343 1398 ὅτι
2382 1344 2456 1416 μὴ
2487 1346 2663 1398 κεῖται
2705 1344 2865 1397 τοῦτο
2899 1344 2984 1413 ἐφ’
3011 1345 3168 1414 ἡμῖν.
3195 1342 3275 1405 ὡς
3304 1341 3482 1412 ἔφην,
3527 1341 3661 1393 ἀλλᾶ

2050 1432 2111 1485 τὸ
2143 1432 2450 1504 χρήσασθαι
2511 1433 2672 1504 μόνον
2715 1433 2898 1496 αὐτοῖς
2948 1432 3146 1503 πως,ἢ
3186 1431 3266 1502 μὴ
3307 1429 3657 1501 χρήσασθαι.

2062 1520 2151 1584 Ὠς
2183 1518 2321 1576 εἶναι
2370 1521 2461 1576 τὸν
2497 1521 2624 1577 νοῦν
2664 1525 2905 1576 τοιοῦτον
2948 1520 3043 1575 τοῦ
3099 1521 3271 1592 ῥητοῦ
3292 1537 3305 1549 ·
3347 1522 3438 1575 Οὐ
3483 1522 3599 1589 γάρ
3629 1518 3658 1572 6

2050 1611 2223 1677 θέλω,
2271 1612 2420 1668 ποιῶ
2458 1615 2704 1683 ἀγαθόν.
2742 1614 2894 1668 Θέλω
2937 1615 3046 1687 γὰρ
3095 1615 3172 1686 μὴ
3226 1612 3601 1685 ἐνθυμεῖσθαι
3627 1613 3659 1666 ἀ

359 1705 442 1760 vel
474 1721 583 1761 non
623 1707 721 1772 nti,
759 1678 828 1762 ἰιι
874 1707 989 1762 haec
1037 1709 1109 1763 sit
1148 1708 1254 1763 loci
1287 1708 1433 1761 illius
1468 1707 1738 1762 sententia
1772 1725 1785 1761 :
1819 1703 1944 1759 Non

2118 1705 2274 1758 ἅπτει
2301 1723 2389 1777 με’
2416 1678 2602 1778 ἐπειδὴ
2624 1705 2782 1760 τοῦτο
2796 1678 2998 1775 ἀγαθδν
3014 1678 3117 1758 ’καί
3431 1704 3585 1757 κατά
3604 1704 3658 1757 τὸ

358 1796 495 1848 enim
524 1795 662 1865 quod
689 1797 803 1850 volo
833 1796 973 1866 facio
1002 1796 1215 1851 bonum.
1250 1795 1385 1851 Volo
1424 1797 1569 1851 enim
1600 1796 1826 1851 minime
1858 1810 1948 1851 co-

364 1864 557 1955 gitare,
595 1902 717 1955 quae
749 1864 883 1940 mibi
939 1894 1191 1949 noceant,
1226 1886 1485 1956 quoniam
1547 1887 1749 1942 bonum
1800 1864 1981 1941 istud‘

370 1984 475 2039 est,
511 1992 573 2029 ac
595 1977 1020 2047 reprehensione
1038 1987 1209 2042 caret,
1232 1986 1291 2031 ut
1314 1978 1443 2033 illud
1469 1977 1677 2033 dictum
1694 1984 1942 2033 testatur:

366 2064 498 2122 Sine
552 2069 951 2138 vituperatione
1005 2066 1206 2123 factum
1256 2068 1620 2138 manibusque
1672 2083 1735 2122 ac
1763 2073 1947 2122 mente

360 2158 711 2228 quadratum.
736 2156 878 2229 Ergo
910 2158 1042 2213 illud
1068 2161 1212 2231 quod
1240 2159 1356 2216 volo
1394 2158 1590 2213 bonum
1643 2175 1746 2213 non
1778 2157 1944 2227 facio,

360 2248 450 2303 sed
474 2247 614 2318 quod
638 2250 759 2304 nolo
790 2250 929 2319 facio
957 2252 1178 2306 malum.
1210 2250 1465 2321 Cogitare
1522 2251 1668 2305 enim
1710 2251 1858 2314 nolo,
1890 2258 1946 2305 et

360 2357 483 2411 qua:
510 2343 637 2398 nolo
672 2349 851 2398 tamen
895 2344 1095 2415 cogito.
1128 2345 1302 2414 Atque
1342 2341 1472 2398 illud
1508 2343 1706 2407 videte,
1737 2357 1944 2413 quaeso,

362 2449 545 2489 annon
570 2435 814 2490 eamdem
869 2435 939 2503 ob
974 2449 1198 2490 causam
1231 2433 1399 2489 David
1443 2432 1551 2489 Deo
1589 2434 1943 2504 supplicaret,

360 2526 578 2598 indigne
598 2526 800 2589 ferens.
819 2528 962 2597 quod
980 2542 1043 2582 ea
1073 2543 1194 2599 quae
1220 2527 1403 2582 minus
1428 2526 1589 2581 vellet
1616 2527 1800 2580 animo
1823 2541 1947 2596 per-

359 2619 754 2676 tractaret:Ab
788 2619 1026 2684 occulis,
1068 2619 1266 2689 inquit,
1290 2620 1418 2672 meis
1444 2617 1640 2671 munda
1670 2634 1771 2680 me,
1797 2627 1845 2671 et
1877 2617 1943 2671 ab

368 2712 557 2766 alienis
588 2726 745 2781 parce
761 2728 906 2765 servo
935 2722 1044 2766 tuo.
1088 2711 1148 2767 Si
1185 2712 1283 2765 mei
1317 2727 1419 2765 non
1444 2711 1638 2781 fuerint
1662 2710 1943 2777 dominati,

361 2814 484 2859 tunc
502 2804 875 2859 immaculatus
893 2820 1004 2869 ero,
1025 2815 1074 2858 et
1093 2803 1420 2859 emundabor
1436 2822 1465 2858 a
1487 2803 1677 2857 delicto
1697 2819 1885 2873 magno
1902 2804 1943 2851 ¹.

362 2897 469 2953 Sed
518 2905 572 2951 et
626 2896 923 2966 Apostolus
986 2896 1094 2951 alio
1150 2896 1207 2950 in
1261 2894 1808 2964 locozliogitationes
1848 2891 1944 2947 de-

2048 1795 2360 1867 λεγόμενον·
2389 1798 2551 1850 Ἀνευ
2583 1797 2751 1867 ψόγου
2779 1797 3108 1867 τετυγμένον
3129 1796 3289 1868 χερσί
3321 1813 3388 1848 τε
3420 1786 3524 1849 καὶ
3556 1796 3658 1866 νέῳ

2046 1888 2406 1959 τετράγωνον.
2438 1890 2549 1942 Kal
2567 1888 2725 1943 τοῦτο
2758 1888 2858 1961 μὲν
2887 1888 2920 1942 6
2940 1888 3094 1944 θέλω
3115 1886 3351 1957 ἀγαθὸν
3374 1889 3453 1941 οὐ
3486 1886 3651 1949 κοῶ,

2048 1981 2081 2034 6
2112 1979 2285 2050 δὲμὴ
2312 1980 2464 2036 θέλω
2502 1981 2761 2051 πράσσω
2796 1983 3006 2035 κακόν.
3034 1980 3109 2034 Οὐ
3140 1978 3283 2033 θέλω
3310 1980 3649 2040 ἐννοεῖσθαι,

2047 2072 2142 2125 καὶ
2169 2071 2476 2143 ἐννοοῦμαι,
2499 2072 2601 2127 ὅσα
2631 2072 2705 2143 μὴ
2735 2072 2896 2128 θέλω.
2926 2071 3034 2125 Kal
3063 2069 3483 2139 ἐπισκέψασθαι
3522 2069 3571 2134 ⁸,
3605 2071 3651 2121 εί

2050 2163 2125 2236 μὴ
2153 2163 2243 2217 διὰ
2268 2163 2441 2217 ταῦτα
2468 2163 2607 2218 αὑτά
2632 2164 2727 2218 καὶ
2755 2166 2783 2217 6
2815 2162 2980 2217 Aa6l.6
3010 2161 3346 2233 ἐνετύγχανε
3387 2162 3473 2232 τῷ
3506 2162 3648 2232 Θεῷ,

2045 2254 2415 2327 δυσχεραίνων
2445 2256 2538 2308 ἐπὶ
2564 2255 2642 2326 τῷ
2668 2253 2977 2324 λογίζεσθαι
3011 2254 3108 2308 καὶ
3136 2254 3303 2308 αὐτὸν
3333 2254 3376 2308 ἃ
3410 2256 3493 2324 μὴ
3526 2254 3652 2324 1,02-

2045 2346 2168 2400 λεν”
2217 2346 2359 2401 Ἀπὸ
2406 2346 2527 2400 τῶν
2562 2348 2831 2418 κρυφίων
2872 2365 2989 2417 μου
3033 2345 3374 2415 καθάρισόν
3413 2364 3520 2416 με,
3555 2347 3650 2400 καὶ

2044 2436 2164 2491 ἀπὸ
2200 2438 2537 2506 ἀλλοτρίων
2565 2438 2766 2508 φεῖσαι
2797 2439 2906 2492 τοῦ
2936 2438 3161 2493 δούλου
3198 2454 3341 2493 σου.
3381 2439 3537 2491 Ἐὰν
3564 2439 3649 2508 μή

2039 2547 2159 2600 μου
2204 2531 2740 2598 κατακυριεύσωσι,
2784 2530 2919 2584 τότε
2961 2528 3201 2599 ἄμωμος
3250 2529 3501 2597 ἔσομαι,
3551 2529 3651 2581 και

2043 2618 2563 2689 καθαρισθήσομαι
2594 2618 2714 2673 ἀπὸ
2751 2619 3042 2689 ἁμαρτίας
3063 2617 3363 2687 μεγάλης.
3395 2619 3514 2670 Kal.
3554 2619 3651 2671 a6-

2041 2710 2134 2774 τὸς
2178 2710 2236 2763 δὲ
2268 2711 2296 2764 6
2339 2711 2659 2775 Ἀπόστολος
2690 2713 2748 2764 ἐν
2795 2712 3001 2783 ἑτέρῳ·
3044 2710 3397 2778 Λογισμοὺς
3439 2714 3651 2765 καθαι-

2036 2800 2312 2871 ροῦντες,
2343 2802 2442 2856 καί
2488 2801 2612 2858 πᾶν
2645 2802 2864 2872 ὕψωμα
2904 2802 3308 2871 ἐπαιρόμενον
3339 2801 3502 2855 κατὰ
3536 2801 3648 2865 τῆς

2044 2891 2322 2962 γνώσεως
2365 2893 2473 2949 τοῦ
2533 2893 2713 2957 Θεοῦ,
2767 2893 2867 2948 καὶ
2928 2892 3474 2961 αἰχμαλωτίζοντες
3522 2892 3647 2945 πᾶν

364 2998 623 3043 struentes
673 2997 721 3040 ει
753 3003 959 3042 onmem
1002 2986 1361 3051 altitudinem,
1395 3000 1512 3055 qua
1550 2983 1823 3038 extollitur
1846 2984 1942 3037 ad-

2116 2988 2240 3054 ημα
2263 2986 2350 3052 εις
2380 2984 2495 3054 τὴν
2518 2986 2798 3057 ὑπακοὴν
2823 2983 2931 3039 τοῦ
2957 2983 3239 3054 Χριστοῦ.

363 3090 539 3129 t-ersas
572 3075 917 3144 cognitionem
950 3070 1069 3140 Dei,
1098 3070 1259 3143 585
1296 3079 1345 3125 et
1379 3069 1699 3139 captivantes
1739 3084 1943 3123 onmem

367 3163 687 3220 intellectum
717 3165 771 3219 in
804 3163 1104 3234 obsequium
1128 3161 1328 3218 Christi
1351 3163 1393 3215 ⁸.

428 3252 608 3308 LVIII.
648 3249 767 3307 Jam
790 3267 920 3307 vero
936 3253 979 3306 si
1001 3252 1126 3322 quis
1155 3250 1421 3321 relragari
1447 3250 1535 3305 liis
1564 3248 1728 3305 dictis
1771 3264 1943 3305 ausus

361 3344 605 3414 objiciet,
640 3344 829 3398 doceri
860 3343 965 3397 hoc
998 3343 1067 3397 ab
1101 3342 1389 3412 Apostolo,
1422 3356 1531 3395 non
1562 3341 1630 3395 ad
1653 3342 1942 3411 cogitatio-

363 3450 486 3489 nem
506 3435 669 3489 modo
690 3434 842 3500 mali,
859 3432 1006 3502 quod
1045 3446 1367 3486 aversantur
1390 3431 1646 3501 quodque
1680 3429 1940 3501 fugitiuus,

362 3526 459 3583 sed
495 3532 548 3581 et
580 3525 647 3579 ad
671 3539 811 3595 opus
843 3525 1020 3595 ipsum
1066 3532 1119 3579 et
1158 3523 1426 3578 actionem
1458 3523 1549 3576 illa
1580 3523 1795 3589 referri,
1815 3540 1940 3579 cum

362 3619 442 3673 sic
474 3617 715 3688 loquitur
745 3635 758 3671 :
792 3615 916 3670 Non
948 3616 1087 3669 enim
1121 3614 1260 3686 quod
1294 3615 1405 3670 volo
1437 3614 1578 3684 facio
1612 3614 1825 3687 bonum,
1851 3615 1941 3670 sed

360 3709 497 3782 quod
527 3702 870 3765 nolonialum
901 3708 998 3765 hoc
1029 3708 1213 3780 facio;
1274 3707 1422 3763 hunc
1474 3707 1661 3779 igitur,
1717 3708 1811 3779 qui
1860 3708 1942 3763 sic

360 3803 740 3867 ratiocinetur,
796 3801 841 3857 si
883 3801 1047 3857 modo
1096 3814 1225 3856 vera
1266 3798 1423 3865 dicit,
1457 3799 1943 3869 explicarejubea-

361 3912 506 3960 mus,
538 3894 812 3966 quodnam
829 3904 974 3950 esset
1000 3894 1201 3948 malum
1231 3890 1385 3956 illud,
1408 3892 1553 3962 quod
1582 3906 1705 3945 cum
1735 3892 1943 3948 odisset-

366 3986 687 4059 Apostolus,
744 4000 924 4056 neque
959 3984 1140 4039 facere
1170 3984 1353 4046 vellet,
1387 3982 1743 4038 nihilominus
1795 3981 1936 4038 face-

362 4089 587 4145 ret;aut
618 4078 750 4134 illud
801 4077 1114 4133 ccontrario
1136 4076 1360 4141 bonum,
1386 4074 1530 4146 quod
1556 4075 1941 4130 cummaxime

360 4173 523 4227 vellet
581 4179 863 4243 praestare,
932 4182 1282 4239 nequaquam
1334 4174 1571 4237 poterat.
1637 4164 1752 4222 lmo
1809 4181 1940 4222 Vel‘O

361 4264 576 4332 quoties
636 4270 854 4333 patrare
908 4259 1109 4315 bonum
1165 4260 1348 4322 vellet,
1407 4274 1517 4313 non
1551 4256 1696 4328 quod
1724 4258 1939 4313 volebat

2116 3253 2249 3308 NH'.
2268 3252 2403 3307 Εἱδέ
2429 3269 2513 3316 τις
2548 3252 2714 3323 ὁμόσε
2730 3253 2807 3324 τῷ
2837 3252 2979 3323 λόγῳ
3017 3251 3394 3324 ίέναιτολμῶν
3409 3257 3646 3329 ἀποκρί-

2044 3361 2208 3406 νοιτο,
2241 3343 2317 3407 ὼς
2344 3343 2454 3415 ἀρα
2477 3343 2717 3397 διδάσκει
2746 3343 2775 3394 ὁ
2812 3342 3153 3407 Ἀπόστολος,
3187 3344 3266 3408 ὡς
3289 3346 3354 3400 οὺ
3388 3349 3557 3418 μόνον
3588 3352 3643 3403 ἐν

2043 3433 2120 3504 τῷ
2149 3432 2457 3502 λογίζεσθαι
2490 3432 2551 3484 τὸ
2593 3431 2783 3494 κακὸν,
2820 3431 2850 3483 6
2880 3431 3171 3501 μισοῦμεν,
3206 3436 3301 3486 καὶ
3331 3433 3361 3485 6
3397 3437 3461 3489 οὐ
3494 3437 3641 3490 θέλοα

2047 3540 2168 3596 μεν,
2186 3523 2339 3578 ¹ἀλλά
2364 3524 2458 3578 καὶ
2487 3524 2545 3576 ἐν
2573 3521 2651 3593 τῷ
2688 3525 2866 3599 ποιεῖν
2915 3522 3047 3577 αἰπὺ
3080 3524 3174 3576 καὶ
3186 3521 3647 3592 κατεργάζεσθαι,

2042 3616 2257 3681 διάτοῦ,
2292 3619 2376 3671 Οὐ
2409 3616 2519 3686 ⁴γὰρ
2580 3615 2613 3669 6
2668 3613 2817 3669 θέλω
2867 3613 3037 3691 ποιῶ,
3081 3614 3357 3685 λελέχθαι,
3383 3618 3638 3686 ἀγαθὸν,

2042 3708 2205 3765 ἀλλὰ
2234 3708 2265 3762 6
2292 3711 2363 3763 οὐ
2394 3708 2548 3763 θέλω
2573 3707 2761 3761 κακὸν
2784 3705 2958 3760 τοῦτο
2979 3703 3271 3774 πράσσω·
3310 3707 3640 3778 ἀξιώσωμέν

2041 3818 2167 3867 που,
2202 3801 2252 3853 εί
2294 3798 2470 3870 άληθῆ
2510 3797 2658 3865 λέγει
2686 3797 2716 3849 6
2747 3793 2921 3849 ταῦτα
2966 3794 3161 3863 λέγων,
3198 3795 3544 3867 διασαφῆσαι
3590 3798 3641 3851 τί

2040 3889 2108 3965 ἦν
2133 3891 2196 3946 τὸ
2224 3894 2390 3946 κακὸν
2420 3891 2449 3944 6
2471 3889 2650 3961 ἐμίσει
2676 3891 2704 3943 6
2745 3885 3086 3951 Ἀπόστολος,
3118 3888 3215 3939 καὶ⁵
3240 3887 3344 3939 οὐκ
3374 3888 3641 3958 ἠϐούλετο

2044 3985 2143 4056 μὲν
2196 3985 2391 4056 ποιεῖν,
2441 3980 2614 4034 ἐποίει
2652 3979 2733 4043 δέ,
2777 3978 2872 4033 καὶ
2915 3976 3119 4044 ἀγαθὸν
3149 3977 3180 4030 δ
3226 3976 3489 4032 ἐϐούλετο
3540 3980 3641 4049 μὲν

2042 4053 2239 4139 ποιεῖν,
2284 4053 2392 4126 οὐκ⁴
2442 4072 2627 4125 ἐποίει
2666 4070 2758 4123 δέ’
2812 4069 2949 4123 ἀλλά
3003 4068 3382 4139 ἀντιστρόφως
3450 4070 3642 4134 ὁσάκις

2044 4168 2143 4238 μέν
2191 4165 2350 4237 ἤθελε
2415 4166 2637 4234 ποιῆσαι
2670 4162 2730 4215 τὸ
2786 4159 3009 4230 ἀγαθὸν,
3070 4161 3412 4225 τοσαυτάκις
3468 4162 3531 4215 οὐ
3585 4163 3643 4214 τδ

2040 4257 2243 4327 ἀγαθὸν
2299 4256 2328 4309 6
2382 4254 2605 4327 ἢθελεν.
2670 4251 2805 4306 ἀλλά
2861 4251 2921 4303 τὸ
2971 4250 3210 4320 πονηρὸν
3239 4250 3269 4303 6
3309 4251 3387 4322 μὴ
3449 4252 3642 4322 ἤθελεν

362 4355 588 4417 bonum,
618 4352 713 4407 sed
733 4350 881 4422 quod
910 4350 1131 4404 nolebat
1149 4349 1351 4403 malum
1384 4348 1563 4420 reipsa
1602 4347 1932 4419 perﬁciebat.

2116 4344 2234 4398 οίει.
2280 4339 2428 4413 *Αρα
2482 4341 2592 4412 γάρ
2643 4341 2703 4394 οὐ
2764 4339 2931 4393 θέλων
2988 4340 3430 4410 εἰδωλολατρεῖν,
3503 4342 3641 4394 ἀλλὰ

363 4444 685 4500 Utrumnam
716 4443 944 4499 deorum
994 4440 1227 4510 exempli
1262 4440 1438 4511 gratia
1480 4441 1730 4495 venerari
1763 4440 1938 4495 simu-

2035 4433 2366 4506 θεολατρεῖν,
2398 4432 2427 4485 6
2487 4432 2585 4503 μὲν
2626 4430 2784 4503 ἣθελε
2828 4429 3159 4500 θεολατρεῖν,
3229 4432 3337 4485 οὐκ
3380 4432 3639 4502 ἠδύνατο,

361 4539 507 4592 lacra
536 4537 751 4601 nolens,
785 4534 881 4591 sed
909 4548 1040 4590 vero
1087 4533 1197 4588 Deo
1251 4532 1461 4587 cultum
1519 4532 1802 4596 adbibere,
1826 4533 1943 4599 hoc

2116 4528 2164 4581 δέ
2220 4525 2294 4598 μὴ
2350 4524 2540 4596 ἤθελεν
2600 4522 3021 4593 εἰδωλολατρεῑν,
3089 4520 3365 4590 ὴδύνατο;
3418 4524 3489 4576 Ἦ
3540 4540 3640 4576 σω-

360 4631 506 4700 quod
543 4628 799 4699 cupiebat
841 4625 1061 4696 assequi
1113 4640 1223 4679 non
1266 4631 1511 4696 poterat;
1543 4622 1689 4695 quod
1723 4613 1944 4679 nolebat

361 4734 562 4783 autem.
601 4732 659 4776 ut
690 4720 987 4776 simulacra
1024 4717 1250 4779 coleret,
1282 4716 1388 4772 hoc
1423 4731 1553 4773 vero
1576 4715 1832 4787 poterat?
1857 4716 1941 4770 An

359 4828 482 4869 cum
532 4817 899 4883 temperanter
950 4809 1112 4864 vellet
1156 4808 1359 4871 vivere,
1392 4823 1741 4879 nequaquam
1770 4806 1822 4862 id
1855 4806 1942 4862 I'a-

359 4907 557 4969 ciebat,
591 4903 845 4958 libidines
870 4915 997 4956 vero
1031 4914 1095 4953 ac
1125 4896 1353 4968 ﬂagitia,
1399 4899 1602 4968 quibus
1628 4897 1943 4955 oll'endeba-

359 5006 469 5060 tur,
502 4996 612 5050 vita
650 5010 712 5048 ac
737 4995 897 5047 Iactis
923 4993 1304 5064 exprimebat?
1334 4992 1511 5063 Atque
1543 4999 1603 5045 ut
1625 4991 1941 5046 summatim

360 5086 635 5157 colligam,
686 5085 968 5154 crapulam
1043 5098 1109 5139 ac
1141 5084 1354 5150 luxum,
1395 5084 1555 5148 iram,
1587 5081 1939 5151 injustitiam,

359 5185 665 5246 caetcraque
713 5175 1079 5244 improbitatis
1101 5173 1297 5237 ollicia,
1334 5189 1458 5227 cum
1488 5173 1673 5235 nollet,
1708 5186 1942 5242 usurpa-

362 5269 485 5334 bat;
520 5283 641 5337 quze
671 5267 833 5321 vellet
859 5273 1059 5329 autem,
1085 5265 1356 5333 justitiam
1414 5277 1478 5316 ac
1510 5261 1932 5317 sanctimoniam

361 5358 667 5416 consectari
716 5372 824 5412 non
857 5354 1113 5426 poterat?
1149 5354 1312 5424 Atqui
1355 5353 1496 5407 idem
1539 5353 1629 5405 ille
1655 5339 1932 5407 mediisin

364 5449 630 5506 Ecclesiis
660 5461 874 5503 summa
899 5460 1087 5501 omnes
1117 5445 1286 5500 animi
1326 5443 1676 5499 contentione
1714 5441 1783 5496 ad
1815 5443 1932 5498 evi-

438 5600 455 5635 ⁸
491 5599 634 5653 Psal.
663 5597 930 5667 “131,15,
966 5597 1050 5651 14.
1127 5599 1147 5629 ³
1178 5594 1221 5650 ll
1249 5594 1373 5650 Cor.
1400 5610 1455 5659 ι,
1478 5596 1531 5649 5.
1610 5594 1631 5627 ⁸
1663 5593 1790 5648 Cor.
1823 5596 1965 5660 μηδ’.

2039 4621 2254 4693 φρονεῖν
2295 4616 2394 4688 μὲν
2417 4616 2445 4670 6
2486 4615 2676 4686 ἤθελεν
2714 4615 2814 4667 οὐκ
2842 4612 3037 4676 ἐποίει,
3075 4611 3505 4667 ἀκολασταίνειν
3533 4614 3592 4666 δέ
3613 4613 3640 4667 6

2039 4710 2236 4785 ’ἤχθετο
2260 4714 2463 4777 ὲποίει;
2491 4713 2601 4766 Kal
2628 4709 2926 4782 συλλήϐδην
2949 4707 3291 4779 κραιπαλᾷν,
3327 4708 3475 4762 ἀλλὰ
3505 4712 3639 4763 ἀσω-

2039 4803 2291 4859 τεύεσθαι
2325 4803 2419 4858 καὶ
2464 4801 2787 4873 θυμοῦσθαι.
2830 4799 3052 4862 ἀδικεῖν,
3095 4800 3193 4852 καὶ
3233 4799 3308 4852 τά
3351 4800 3493 4855 ἀλλα
3538 4801 3638 4870 τῆς

2038 4898 2304 4970 πονηρίας
2338 4897 2495 4969 ἔργα,
2527 4895 2563 4949 ἀ
2599 4896 2674 4965 μὴ
2702 4893 2890 4965 ’ἢθελεν
2920 4890 3093 4944 ἐποίει
3141 4892 3265 4962 μὲν,
3295 4891 3334 4946 ἃ
3357 4893 3418 4947 δέ
3453 4892 3636 4963 ἤθελε.

2036 4990 2384 5060 δικαιοσύνην
2419 4988 2513 5041 καὶ
2546 4986 2824 5055 ὁσιότητα,
2853 4984 2951 5036 οὐκ
2989 4981 3204 5045 ἐποίεις
3240 4984 3355 5037 Καὶ
3396 4984 3510 5055 μὴν
3539 4986 3638 5036 αὐ-

2035 5080 2161 5145 τὸς,
2214 5079 2273 5132 ἐν
2319 5081 2439 5141 ταῖς
2503 5075 2848 5145 Ἐκκλησξαις
2900 5072 3288 5144 προτροπάδην
3338 5074 3639 5145 ἐξεγείρων

2039 5171 2246 5234 πάντας
2278 5171 2355 5234 είς
2392 5168 2452 5223 τὸ
2491 5167 2566 5240 μὴ
2606 5169 2843 5238 ἀνομεῖν.
2879 5167 2938 5220 οὐ
2980 5166 3141 5236 μόνον
3177 5168 3311 5229 τοὺς
3346 5168 3637 5230 ποιοῦντας

2039 5262 2134 5315 καὶ
2174 5261 2590 5332 ἐπιτηδεύοντας
2635 5260 2706 5313 τά
2730 5259 2907 5313 ἄτοπα
2950 5256 3159 5328 ὀλέθρῳ
3207 5257 3511 5328 τηρεῖσθαι
3547 5260 3638 5313 καὶ

2038 5351 2175 5425 ὀργῇ
2204 5353 2517 5424 παρεγγυᾷ,
2555 5352 2689 5407 ἀλλά
2723 5352 2816 5405 καὶ
2848 5349 2971 5412 τοὺς
3023 5347 3502 5413 συνευδοκοῦντας
3551 5348 3635 5402 αὺ-

2037 5447 2150 5508 τοῖς
2181 5444 2260 5509 εὶς
2309 5442 2479 5507 αὑτὰς
2525 5443 2724 5515 ἀμιγὲς
2762 5441 3030 5515 ἁμαρτίας
3065 5440 3125 5493 ἐν
3152 5442 3294 5512 ἡμῖν
3325 5440 3392 5495 τὸ
3431 5440 3639 5495 δίκαιον

2044 5597 2065 5627 ⁸
2092 5596 2152 5650 F.
2184 5596 2572 5659 ἐπισκέψασθε.
