3794 6134
183 878 417 948 λάτραι,
432 883 569 938 οὔτε
582 888 805 956 μοιχοὶ,
823 890 961 946 οὔτε
970 897 1254 965 μαλακοὶ,
1271 902 1409 956 οὔτε
1419 904 1765 974 ἀρσενοκΟἷς

182 982 299 1036 ται,
329 973 469 1027 οὔτε
488 977 759 1042 κλέπται,
781 981 919 1035 οὔτε
932 987 1307 1054 πλεονέκται,
1328 973 1467 1047 οὔτε
1485 996 1760 1067 μέθυσοι,

181 1063 260 1115 οὐ
287 1063 582 1133 λοίδοροι,
619 1070 732 1140 οὐχ
766 1070 1027 1145 ἅρπαγες
1055 1078 1384 1142 ,βασιλείαν
1417 1063 1565 1142 Θεοῦ
1614 1063 1761 1161 κληξ

179 1153 612 1221 ρονυμήσουσι.

1858 635 1954 693 Dei
1988 643 2354 699 reservandos
2399 644 2715 714 admonuit,
2769 652 2864 707 sed
2912 661 2966 709 et
3005 654 3130 712 illos
3183 658 3426 729 insuper,

1743 766 1758 792 ,
1858 731 1950 801 qui
1982 747 2107 787 eum
2138 733 2211 791 iis
2245 735 2302 789 in
2325 735 2595 804 ejusmodi
2644 742 2944 802 sceleribus
2974 751 3348 806 consentirent
3380 754 3426 807 ⁵.

1858 822 2006 879 Adeo
2086 841 2223 896 pura
2275 843 2339 882 ac
2394 829 2609 885 sincera
2648 833 2716 888 ab
2743 837 2891 891 omni
2944 838 3066 895 labe
3112 842 3340 912 justitiae
3396 861 3429 901 a

1869 916 2029 971 nobis
2104 919 2278 975 oﬂicia
2348 927 2598 993 praestari
2654 943 2981 1001 magnopere
3047 939 3427 997 contendebat.

1868 1005 2078 1079 Quippe
2135 1023 2420 1080 peccatum
2483 1031 2645 1073 ontne
2699 1034 2764 1073 ac
2813 1031 3044 1080 conatus
3096 1028 3429 1089 adminiculo

1866 1100 2049 1154 carnis
2100 1101 2168 1155 ad
2211 1102 2461 1160 effectum
2494 1108 2831 1176 perducitur.
2871 1111 3228 1180 Quamobrem
3260 1137 3428 1192 sa‘pe-

1862 1204 2091 1245 numero
2139 1193 2194 1246 in
2246 1193 2502 1265 Epistolis
2556 1200 2745 1256 eadem
2795 1204 2887 1258 illa
2939 1207 3228 1265 manifeste
3270 1213 3429 1270 nobis

2007 1242 2081 1245 ---
2139 1242 2194 1246 -τ-
2247 1242 2502 1265 -τ--ν-ν---ι
2557 1242 2745 1256 νυν-ν...
2795 1242 2887 1258 ...ιι
2941 1242 3228 1265 υιαιιιιυθιυ
3272 1242 3428 1270 ιιυυιδ

181 1242 488 1310 inculcans,
521 1245 706 1318 fugere
753 1258 1104 1330 aversarique
1139 1261 1314 1331 jubet.
1356 1265 1545 1325 Nolite
1580 1289 1780 1343 errare,
1835 1279 2039 1351 inquit,
2075 1299 2235 1354 neque
2285 1287 2671 1356 fornicatores,
2728 1310 2892 1365 neque
2944 1298 3279 1386 idolqlatrw,
3341 1322 3428 1359 nec

181 1333 436 1386 adulteri.
486 1355 646 1386 neque
674 1346 856 1386 mall».
919 1365 1079 1386 ηοω...
1134 1357 1492 1386 κηρυκι-...-
1550 1370 1790 1386 ---___,.._
2209 1377 2226 1386 -

180 1333 436 1400 adulteri,
485 1355 646 1410 neque
674 1346 878 1410 molles,
917 1365 1079 1417 neque
1134 1357 1495 1413 masculorum
1543 1370 1764 1422 coucubi

178 1428 479 1495 viciatores,
504 1448 663 1503 neque
692 1447 928 1508 raptores
958 1458 1173 1514 regnum
1205 1447 1304 1502 Dei
1333 1455 1670 1517 possidebunt
1702 1459 1743 1511 ⁵.

254 1545 364 1598 Καὶ
407 1548 466 1602 τὸ
504 1554 949 1622 κορυφαιότατον,
1004 1562 1082 1626 είς
1116 1564 1177 1617 τὸ
1222 1568 1567 1626 παντάπασιν
1614 1577 1759 1646 ἡμᾶς

176 1634 245 1687 ὲκ
290 1638 489 1702 παντὸς
530 1640 830 1714 ἀποδράναι
868 1649 963 1701 καὶ
1006 1651 1437 1723 ἀποτινάξασθαι
1479 1662 1541 1716 τὸ
1577 1634 1759 1738 ἀμἀρξ

175 1725 359 1780 τάνειν
392 1732 747 1802 προτρέπων,
782 1740 1043 1808 Μιμηταί
1066 1761 1209 1812 μου,
1242 1725 1632 1820 ἀποφαίνεται,
1672 1725 1758 1828 7:!-

1771 1381 1933 1438 tores,
1984 1390 2145 1445 neque
2197 1377 2362 1446 fures,
2404 1397 2496 1435 nec
2552 1386 2721 1451 avari,
2763 1403 2853 1441 uec
2901 1377 3259 1465 ebriifneque
3309 1412 3428 1451 cou-

1936 1581 2162 1652 Deinde,
2221 1590 2362 1658 quod
2398 1600 2561 1662 caput
2610 1602 2714 1659 est,
2770 1606 2828 1652 ut
2879 1614 2979 1655 nos
3029 1601 3096 1656 ad
3149 1611 3426 1672 peccatum

1862 1675 2011 1729 omni
2055 1691 2157 1748 ope
2204 1681 2484 1737 vitandum
2529 1691 2585 1740 et
2630 1689 3016 1745 excutiendum
3077 1691 3425 1763 impelleret:

1790 1794 1830 1850 Β
1863 1764 2169 1826 lmitatores
2194 1775 2315 1839 mei,
2346 1776 2545 1847 inquit,
2574 1789 2759 1847 estote,
2793 1785 2928 1838 sicut
2950 1795 2999 1839 et
3027 1802 3120 1857 ego
3149 1785 3425 1843 Christi“.

174 1820 379 1883 νεσθει
431 1824 694 1894 καθάπερ
736 1829 899 1900 κάγὼ
938 1835 1221 1902 Χριστοῦ.
1255 1841 1330 1893 Οὐ
1377 1843 1439 1896 τὸ
1475 1846 1489 1876 ¹
1519 1850 1692 1902 ποιεῖν
1722 1853 1727 1901 λ

180 1907 255 1948 1ιῇ
279 1908 436 1948 Ἄϐελα
464 1914 554 1948 νηῒ
584 1917 844 1948 nunc-..“
864 1922 1091 1948 3-1a---
1120 1928 1181 1948 ,ι
1496 1936 1507 1948 .
1638 1939 1677 1948 ..
1695 1940 1708 1948 .

1956 1820 2166 1826 ηψπ--
2196 1820 2315 1839 ..-ν-τ
2346 1820 2545 1847 ..ηιμ-η
2574 1820 2724 1836 νυ-υη
2745 1823 2759 1847 ,
2793 1820 2927 1838 σινυιο
2950 1820 2999 1839 τρι
3027 1820 3120 1857 ουν
3149 1820 3245 1842 um
3261 1820 3349 1843 to”
3390 1820 3425 1843 ’-

1862 1859 1941 1915 Ita
1984 1877 2094 1918 non
2131 1867 2339 1936 agendo
2384 1872 2904 1945 committendoque,
2951 1893 3072 1948 qua:
3104 1880 3291 1943 nollet,
3335 1883 3425 1937 sed

178 1907 256 1979 μὴ
279 1908 438 1980 ἤθελε
464 1914 559 1967 καὶ
584 1917 844 1987 πράττειν
864 1922 1096 1980 ὑπέθετο
1115 1928 1186 1982 τὰ
1207 1936 1598 2006 προειρημένα,
1626 1939 1761 1996 ἀλλά

173 1998 254 2068 τῷ
283 2000 444 2071 μόνον
478 2004 809 2075 λογίζεσθαι.
848 2010 1000 2067 Ἐπεὶ
1035 2016 1153 2081 πῶς
1178 1998 1305 2094 ἂνῇ
1340 1998 1762 2102 μιμτιτὴςγάκρι-

174 2088 279 2159 ϐὴς
306 2091 399 2145 τοῦ
447 2095 718 2166 Χριστοῦς
766 2103 903 2156 Νυνὶ
943 2104 1021 2169 δὲ,
1079 2088 1377 2185 ἐπειδήπερ
1405 2088 1758 2187 *εμπ-ίπτούσι

172 2180 464 2253 θηριώδεις
490 2188 749 2256 πολλάκις
776 2192 1046 2266 λογισμοὶ,
1072 2180 1370 2273 ἐπιθυμίας
1569 2209 1756 2266 ἄλλοτε

170 2272 349 2339 ἄλλως
378 2278 763 2349 ὲμπιπλῶντες
798 2286 889 2339 καὶ
918 2272 1332 2363 περιεργασίας,

364 2408 533 2465 Ἠὒτε
549 2414 782 2481 μυιάων
809 2418 1070 2475 ἁδινάων
1096 2423 1276 2480 ἔθνεα
1298 2431 1503 2486 πολλά
1524 2449 1537 2464 ο
1614 2461 1618 2464 ‹

128 2540 276 2612 ,ἔφη
305 2543 385 2609 τὸ,
434 2547 499 2601 '0
549 2550 658 2623 γὰρ
706 2554 767 2606 οὐ
812 2554 972 2620 θέλω,
1018 2559 1177 2617 τοῦτο
1223 2567 1384 2634 ποιῶ,
1428 2568 1556 2641 ἄχρι
1584 2574 1603 2604 ²
1656 2575 1755 2646 τῆς

165 2635 348 2729 ψυχῇς
406 2640 691 2729 εύθαρσῶς
749 2647 1058 2719 ἀποσοϐεῖν,
1116 2657 1320 2728 μηδένα
1375 2635 1513 2727 ὅλως
1557 2666 1638 2729 είς

168 2724 392 2829 ποιῆσαι
412 2728 481 2783 τὰ
507 2730 600 2786 ὑπ’
623 2734 804 2791 αὐτῶν
827 2724 1189 2815 ι’)πηχούμενα⁷
1203 2747 1475 2816 νεύοντας.
1491 2724 1633 2809 νἽνα-
1646 2756 1752 2829 γὰρ

165 2815 514 2891 ἐγκρτ-θῶμεν
554 2825 633 2889 εἰς
661 2826 760 2897 τὴν
804 2829 1080 2900 βασιλείαν
1118 2837 1225 2893 τῶν
1250 2839 1515 2912 οὐρανῶν,
1558 2848 1617 2901 ὲν

168 2922 293 2970 σαις
318 2909 532 2979 ἡδοναῖς
566 2918 658 2970 καὶ
683 2917 882 2985 λύπαις
901 2909 1343 2996 δοκιμασθέντες,
1382 2936 1429 2987 εί
1460 2937 1534 3008 μὴ
1585 2955 1751 3009 μετα-

164 2997 517 3071 ϐαλλοίμεθα,
548 3006 683 3063 ἀλλὰ
714 3014 1012 3085 πανταχοῦ,
1040 3018 1291 3093 καθάπερ
1314 2997 1598 3098 ἀκήρατος
1621 3049 1750 3103 χρυ-

165 3089 283 3155 σδς,
323 3091 411 3147 διά
457 3097 627 3168 πυρὸς
671 3100 1085 3177 βασανιζόμενοι
1128 3110 1228 3165 οὐκ
1262 3089 1748 3194 -ὲξιστάμεθα
1773 3133 1816 3191 c

162 3182 374 3248 οἰκείας
395 3187 616 3259 ἀρετῆς,
642 3209 703 3245 συ
713 3195 927 3265 μόαίνει
948 3198 1124 3269 τοῦτο,
1159 3182 1484 3276 διοχλεῖσθαι
1506 3212 1597 3265 τὸν
1620 3182 1745 3268 νούν

163 3273 273 3327 ὑπὸ
305 3277 533 3333 πολλῶν.
568 3282 725 3337 Ὅθεν
766 3286 831 3358 δὴ
862 3292 1146 3357 γενναίως,
1178 3273 1367 3371 ὥσπερ
1410 3303 1745 3373 στρατιώτας

160 3365 439 3433 ἀρίστους,
461 3371 1028 3446 ἀντιπαρατάσσεσθαι
1049 3384 1149 3449 δεῖ,
1170 3387 1239 3453 οἱ,
1266 3365 1491 3445 ἐπειδὰν
1504 3394 1611 3448 ἀπὸ
1634 3365 1744 3452 τῶν

160 3458 372 3530 ἐχθρῶν
427 3462 721 3521 αἴσθωνται
783 3471 1258 3547 πολιορκούμενοι,
1326 3483 1538 3549 τοξείας
1591 3489 1744 3546 οὐδὲν

158 3547 550 3618 φροντίσαντες
592 3557 686 3610 καὶ
711 3558 822 3614 τῶν
864 3562 1037 3620 ἄλλων
1076 3569 1255 3625 αὐτῶν
1300 3573 1739 3648 ἀκοντισμάτων,

159 3636 306 3710 ὑπὲρ
326 3640 421 3695 τοῦ
456 3644 627 3700 σῶσαι
654 3648 753 3720 τὴν
783 3654 937 3707 πόλιν
963 3658 1257 3730 προθύμως
1285 3663 1374 3718 ἐπ’
1401 3667 1596 3733 αὐτοὺς
1631 3671 1741 3725 ἴεν-

152 3745 268 3793 ται,
316 3734 479 3804 μηδὲν
522 3737 859 3809 ἐλλείποντες
904 3750 1162 3822 σπουδῆς,
1198 3752 1311 3806 ἐστ’
1350 3756 1416 3811 ἂν
1457 3760 1519 3813 τὸ
1554 3766 1741 3831 στῖφος

152 3822 340 3878 αὐτῶν
370 3827 451 3890 είς
477 3830 654 3902 φυγὴν
685 3834 1084 3909 ἀνατρέψαντες
1112 3842 1437 3903 ἀπώσωνται
1464 3853 1571 3906 τῶν

149 3910 277 4011 tam.
334 3914 496 4011 ’ρρᾷς
540 3921 669 3993 γὰρ,
699 3923 775 3988 ὡς
822 3927 872 3979 oi
917 3928 1168 4002 λογισμοὶ⁴
1210 3934 1297 3990 διὰ
1342 3939 1438 4011 τὴν
1483 3910 1738 4001 οἰκοῦσαν

118 4024 119 4027 η
150 4002 435 4076 ἁμαρτίαν
459 4011 517 4063 ὲν
547 4013 678 4082 ἡμῖν
722 4013 920 4080 ἔξωθεν
948 4002 1408 4094 ὲπισυνίστανται,
1442 4032 1741 4108 καθαπερεῒ

151 4094 319 4158 κύνες
351 4095 675 4168 λυσσῶντες,
713 4104 746 4175 ἢ
787 4105 967 4179 ἄγριοι
1005 4113 1098 4165 καὶ
1125 4112 1347 4185 θρασεῖς
1390 4119 1584 4190 λῃσταὶ
1613 4094 1736 4181 κᾶθ’

154 4188 187 4258 ἠ
196 4188 312 4258 μῶν
335 4190 424 4242 ἀεὶ
446 4195 868 4267 παρορμὼμενοι
893 4201 997 4254 ὑπὸ
1022 4203 1116 4256 τοῦ
1139 4206 1403 4277 τυράννου
1432 4188 1526 4266 καὶ
1549 4214 1738 4287 ἄρχον-

152 4296 244 4342 τος
272 4280 374 4351 τῆς
406 4282 638 4351 ἀδικίας,
687 4287 1067 4360 δοκιμάζοντες
1095 4298 1125 4368 ή
1136 4299 1262 4367 μᾶς,
1295 4300 1342 4353 εί
1382 4280 1734 4364 ἀνθίστασθαι

153 4373 338 4436 αὐτοῖς
369 4374 647 4449 ἀρκοῦμεν
678 4382 772 4435 καὶ
800 4385 1395 4458 ἀντιπαρατάσσεσθαι.

1862 1952 2153 2022 cogitando
2202 1959 2379 2013 solum
2416 1964 2700 2033 superiora
2744 1966 2835 2020 illa
2868 1972 3170 2039 proposuit.
3211 1972 3425 2043 Alioqui

1860 2045 1952 2113 qui
2002 2056 2186 2116 posset
2225 2051 2468 2108 imitator
2504 2054 2708 2111 Christi
2751 2074 2874 2115 esse
2907 2059 3073 2133 586
3109 2063 3428 2132 perfectus?

1856 2132 2015 2189 Nunc
2056 2146 2259 2205 autem,
2310 2156 2433 2196 cum
2483 2158 2625 2214 sape
2653 2145 2950 2201 bestiarum
2985 2132 3219 2220 propriae
3269 2154 3425 2208 nobis

1859 2224 2218 2294 cogitationes
2253 2229 2517 2296 incidant,
2548 2248 2671 2303 quae
2703 2250 2805 2291 nos
2832 2237 2939 2291 alia
2973 2239 3108 2295 alias
3136 2242 3422 2312 cupiditate

1856 2326 1921 2367 ac
1946 2315 2264 2373 curiositate
2298 2322 2626 2391 compleant,

1924 2449 2234 2507 Muscarum
2266 2455 2426 2510 veluti
2466 2455 2748 2512 densarum
2772 2462 3020 2517 examina
3050 2465 3217 2519 multa
3242 2483 3261 2520 :

1852 2586 2083 2654 idcirco,
2118 2589 2234 2646 Non
2269 2592 2415 2662 quod
2441 2594 2588 2658 volo,
2615 2595 2772 2660 dixit,
2805 2596 2908 2653 hoc
2931 2598 3090 2655 facio.
3130 2601 3261 2667 Quae
3307 2605 3417 2672 qui.

1851 2679 1973 2736 dem
2015 2690 2332 2740 constanter
2379 2701 2444 2741 ex
2503 2688 2687 2742 animo
2735 2689 3003 2758 ejicienda
3050 2700 3200 2758 sunt,
3252 2704 3311 2749 ut
3356 2697 3420 2751 ad

1850 2771 2060 2826 nullum
2095 2774 2341 2841 omnino,
2390 2774 2619 2833 faciendi
2653 2795 2774 2849 quae
2814 2783 3052 2837 suaserit
3100 2785 3295 2853 gratia,
3326 2786 3414 2841 de-

1850 2862 2138 2921 clinemus.
2174 2864 2245 2921 Ut
2269 2867 2413 2923 enim
2446 2867 2514 2923 ad
2536 2871 2760 2925 ctelcste
2786 2887 3012 2942 regnum
3057 2874 3417 2941 ascribamur,

1849 2961 2137 3024 postquam
2177 2973 2275 3027 per
2305 2973 2497 3016 omnes
2543 2961 2852 3033 voluptates
2912 2980 2975 3021 ac
3015 2966 3232 3025 dolores
3278 2972 3414 3040 peri-

1849 3045 2032 3101 culum
2092 3051 2268 3105 nostri
2329 3050 2655 3117 fecerimus,
2735 3063 3044 3113 utrumnam
3109 3072 3416 3119 constantes

1850 3139 2014 3203 atque
2045 3134 2413 3195 immutabiles
2446 3140 2639 3209 simus,
2668 3152 2723 3199 et
2767 3145 2969 3216 ubique
2999 3147 3303 3220 incorrupti
3334 3153 3414 3207 in-

1851 3231 1966 3276 star
1992 3224 2113 3279 auri
2143 3225 2268 3297 igne
2295 3235 2459 3298 atque
2501 3229 2753 3288 incendio
2789 3234 3021 3303 probati,
3058 3238 3193 3292 nihil
3226 3255 3257 3295 a
3292 3258 3411 3312 pro-

1850 3314 1969 3383 pria
2016 3315 2219 3372 virtute
2286 3317 2713 3383 desciverimus.
2773 3330 2886 3378 tum
2950 3342 3080 3384 vero
3143 3332 3415 3403 plerisque

1850 3409 2033 3461 rebus‘
2059 3407 2275 3466 animus
2320 3419 2510 3468 noster
2554 3415 2906 3483 perturbatur
2956 3426 3120 3488 atque
3176 3424 3413 3491 angitur.

1849 3495 2212 3562 Quamobrem
2248 3500 2461 3559 fortiter
2484 3519 2586 3561 nos
2618 3520 2807 3561 eorum
2831 3510 3119 3566 conatibus
3143 3527 3415 3584 opponere

1847 3587 2128 3647 debemus.
2163 3589 2627 3657 Quemadmodum
2669 3610 2858 3663 gerere
2895 3613 2955 3653 se
2983 3602 3181 3659 milites
3205 3606 3413 3673 solent;

1846 3677 1941 3745 qui
1970 3692 2092 3733 cum
2119 3695 2178 3734 se
2206 3680 2275 3734 ab
2303 3681 2554 3739 hostibus
2584 3685 2824 3742 obsideri
2862 3689 3067 3753 vident,
3096 3694 3290 3748 horum
3325 3710 3412 3749 sa-

1844 3766 1994 3837 gittis
2024 3783 2088 3822 ac
2131 3768 2332 3839 jaculis
2364 3775 2709 3844 contemptis,
2757 3779 2998 3835 tutandae
3044 3783 3194 3839 urbis
3235 3787 3412 3856 gratia

1844 3873 2042 3929 magno
2065 3860 2245 3915 animo
2274 3863 2688 3932 impressionem
2738 3866 2794 3923 in
2817 3883 2914 3925 eos
2949 3869 3159 3927 faciunt
3190 3893 3203 3929 :
3237 3890 3411 3945 neque

1843 3948 2141 4019 quidquam
2183 3950 2345 4007 studii
2396 3954 2833 4023 praetermittunt,
2875 3958 3050 4015 donec
3103 3962 3409 4020 confertum

1843 4040 2062 4095 illorum
2100 4041 2317 4111 globum
2363 4045 2684 4115 propulsent
2736 4055 2899 4118 atque
2927 4057 3080 4106 extra
3115 4053 3249 4111 ﬁnes
3278 4073 3408 4112 suos

1842 4131 2085 4201 ejiciant.
2116 4130 2282 4188 Vides
2309 4134 2453 4188 enim
2484 4135 2561 4190 uti
2592 4137 2949 4207 cogitationes
2974 4150 3197 4212 propter
3220 4162 3400 4215 pecca-

1841 4230 1957 4279 tum
1989 4223 2145 4288 illud,
2177 4224 2321 4295 quod
2369 4225 2424 4279 in
2472 4225 2629 4283 nobis
2679 4227 2909 4295 habitat,
2940 4234 3284 4293 extrinsecus
3323 4239 3407 4293 in-

1841 4324 2088 4384 surgant,
2123 4316 2267 4370 velut
2298 4316 2471 4372 rabidi
2492 4318 2711 4388 quidam
2738 4334 2924 4387 canes,
2955 4324 3040 4378 vel
3077 4326 3314 4384 audaces
3342 4345 3407 4384 ac

1841 4406 2136 4480 truculenti
2184 4407 2500 4477 pradones,
2546 4424 2686 4479 quos
2717 4410 2971 4468 immanis
3009 4413 3100 4470 ille
3143 4424 3407 4488 tyrannus

150 4475 206 4520 et
239 4468 518 4538 injustitize
569 4475 843 4549 princeps
884 4483 1103 4539 assidue
1148 4486 1202 4540 in
1248 4504 1350 4545 nos
1401 4492 1666 4555 immittit.
1705 4501 1884 4577 Atque
1912 4505 1980 4561 ab
2022 4504 2091 4560 iis
2120 4503 2339 4575 quidem
2382 4505 2697 4574 probamur,
2733 4514 2917 4563 utrum
2967 4510 3222 4568 resistere
3272 4513 3406 4584 ipsis

153 4567 315 4584 νη..-
352 4576 411 4584 -_
443 4563 662 4584 -_.__-s_
768 4569 779 4584 .
830 4570 887 4584 _.
1013 4573 1025 4584 .
1233 4578 1244 4584 -

153 4567 319 4629 atque
348 4576 415 4616 ex
441 4563 672 4622 adverso
696 4569 845 4624 velut
874 4570 927 4625 in
945 4573 1061 4629 acie
1093 4578 1394 4637 consistere
1422 4588 1717 4653 possimus.

220 4677 353 4731 ΝΘ’.
390 4679 523 4748 ’Ἄγε
565 4681 658 4736 οὖν
704 4686 777 4756 μή
819 4703 947 4741 ποτε
992 4689 1291 4747 ύπενδοῦσα
1338 4696 1644 4771 ἀρπασθῇς,
1678 4698 1724 4758 ὧ

1894 4705 2032 4761 LIX.
2051 4707 2162 4776 Age
2184 4704 2386 4772 itaque,
2413 4705 2638 4767 videsis,
2665 4707 2868 4772 anima,
2891 4723 2960 4764 ne
2982 4707 3212 4765 infracta
3228 4729 3404 4784 quan-

146 4763 317 4837 ψυχὴ,
353 4768 492 4837 πρὸς
522 4771 703 4836 αὐτὸν,
740 4775 833 4833 καὶ
869 4778 966 4847 οὐχ
996 4778 1189 4849 ἕξομεν
1235 4763 1503 4856 ὑπὲρσοῦ
1544 4763 1724 4848 deuitat

146 4852 342 4925 λύτρα.
378 4856 439 4908 Τί
461 4855 571 4926 γὰρ
608 4861 1136 4939 ἀντικατάλλαγμα
1170 4852 1367 4938 δώσει’,
1399 4879 1584 4944 φησὶν,
1622 4881 1728 4935 ἇν-

149 4948 383 5015 θρωπος
418 4948 531 5018 τῆς
567 4953 774 5022 ψυχῆς
818 4958 1041 5023 αὐτοῦ;
1087 4962 1265 5016 Καλὸν
1301 4965 1398 5035 μὲν
1434 4963 1525 5023 οὖν
1567 4972 1615 5025 εἰ
1648 4972 1724 5043 μὴ

147 5038 390 5108 εἴχομεν,
420 5035 487 5111 ἦν
516 5041 645 5113 ἄρα,
678 5044 772 5097 καὶ
797 5048 1159 5119 χαρμότατον,
1188 5055 1314 5117 τοὺς
1338 5035 1725 5130 ἀντιπράσσονί

146 5145 245 5192 τας
277 5134 407 5201 ἡμῖν
438 5134 528 5187 καὶ
573 5136 929 5206 μαχομένους.
975 5142 1125 5196 Ἐπεὶ
1161 5145 1216 5198 δὲ
1251 5145 1408 5202 τοῦτο
1437 5150 1718 5219 ἀδύνατον,

148 5221 241 5272 καὶ
268 5221 296 5274 ὃ
336 5222 559 5294 θέλομεν
592 5226 652 5279 οὐ
699 5226 991 5299 δυνάμεθα.
1034 5233 1270 5306 Θέλομεν
1310 5237 1415 5309 γὰρ
1466 5241 1541 5313 μὴ
1578 5243 1721 5313 ἔχειν

147 5311 270 5374 τοὺς
294 5312 610 5381 ἐξέλκοντας
638 5319 782 5389 ἡμᾶς
806 5322 886 5385 εἰς
906 5320 1050 5394 πάθη
1069 5342 1081 5355 ·
1111 5320 1178 5397 ἦν
1205 5328 1313 5401 γὰρ
1341 5311 1724 5402 ἀνιδρωτὶ

149 5401 329 5471 θῆναι,
374 5407 467 5460 καὶ
513 5408 541 5460 ὃ
574 5407 797 5481 θέλομεν
841 5411 998 5467 τοῦτο
1029 5417 1088 5467 οὐ
1135 5418 1402 5487 γίγνεται,
1452 5401 1566 5476 ἀλλ’
1597 5424 1625 5476 ὃ
1656 5425 1717 5478 οὐ

147 5490 392 5565 θέλομεν.
433 5502 524 5553 Δεῖ
552 5501 659 5574 γὰρ
696 5505 842 5575 ἡμᾶς
877 5506 1287 5578 δοκιμάζεσθαι,
1321 5515 1397 5579 ὡς
1440 5515 1594 5588 ἔφην.
1625 5520 1716 5589 Μὴ

1831 4796 2008 4867 doque
2030 4797 2085 4850 in
2107 4795 2235 4849 illud
2262 4804 2573 4850 transversa
2596 4796 2856 4865 rapiaris;
2882 4812 2981 4853 nec
2999 4799 3109 4854 ullo
3130 4808 3183 4856 te
3201 4803 3404 4861 redem-

1832 4889 2035 4960 ptionis
2060 4887 2234 4957 pretio
2265 4887 2498 4953 liberare
2538 4902 2831 4957 possumus
2856 4906 2870 4942 :
2895 4888 3068 4956 Quam
3093 4894 3229 4946 enim
3257 4910 3401 4949 com-

1831 4979 2174 5043 mutationem
2198 4975 2344 5030 dabit
2370 4976 2523 5031 homo
2542 4993 2637 5046 pro
2663 4980 2843 5032 anima
2865 4996 2965 5034 sua
2998 4981 3057 5050 ‘A?
3087 4982 3152 5036 Et
3181 4985 3398 5054 quidem

1829 5071 2130 5140 optandum
2152 5067 2284 5122 illud
2317 5075 2434 5123 erat
2467 5083 2531 5122 ac
2573 5067 2769 5123 laetitiae
2799 5069 3193 5137 plenissimum,
3218 5076 3398 5131 nullos

1828 5167 1889 5215 ut
1916 5158 2257 5215 adversarios
2300 5165 2462 5229 atque
2508 5158 2694 5215 hostes
2743 5160 3085 5218 haberemus.
3120 5164 3223 5221 Sed
3268 5184 3399 5238 quo-

1826 5252 1973 5306 niam
2007 5249 2121 5305 fieri
2167 5248 2311 5304 istud
2352 5264 2464 5304 non
2517 5256 2716 5318 potest,
2747 5260 2802 5305 et
2837 5252 2982 5321 quod
3008 5254 3258 5311 volumus
3301 5274 3397 5314 ne-

1825 5354 2097 5410 quaquam
2115 5339 2478 5408 assequimur.
2500 5336 2767 5394 Volumus
2782 5342 2925 5395 enim
2947 5340 3145 5398 habere
3160 5345 3393 5411 nullum,

1824 5431 1916 5502 qui
1944 5445 2045 5487 nos
2073 5430 2141 5485 ad
2172 5430 2337 5484 animi
2364 5430 2802 5500 perturbationes
2833 5434 3102 5500 attrahat;
3133 5450 3258 5490 nam
3290 5435 3395 5492 hoc

1824 5518 1988 5572 modo
2029 5518 2165 5572 citra
2195 5517 2449 5573 sudorem
2490 5532 2554 5573 ac
2596 5518 2835 5575 laborem
2869 5521 3099 5578 salutem
3146 5524 3396 5583 obtinere

208 5699 227 5732 ⁸
248 5698 367 5757 Cor.
397 5704 491 5776 τῷ.
559 5708 578 5737 ²
610 5705 668 5759 F.
689 5707 861 5780 ἃχρή,
884 5719 936 5766 ct
954 5713 1032 5776 εἰς
1051 5713 1273 5784 μηδένα.
1345 5717 1363 5751 ³
1381 5717 1538 5774 Rom.
1567 5736 1604 5787 ι,
1623 5721 1710 5775 5‘2.

1848 5721 1860 5775 l
1895 5723 2019 5775 Cor.
2053 5737 2124 5787 Vl,
2166 5722 2218 5788 9,
2258 5723 2340 5777 l0.
2416 5723 2486 5777 'l
2522 5723 2649 5793 Cor.
2683 5743 2758 5790 λι,
2800 5727 2850 5782 1.
2912 5721 3134 5780 'Mattlt.
3174 5725 3389 5796 “1,26.
