3794 6132
335 283 464 342 “7|

1741 296 1800 353 S.
1842 296 2186 354 EPIPHANII

3504 299 3635 354 “7?.

335 407 637 479 potuimus.
655 409 762 468 Sed
798 413 944 483 quod
975 413 1249 483 volum’t‘t‘s,
1277 414 1331 472 id
1361 417 1585 473 minime
1615 417 1696 485 fit,
1728 420 1841 474 imo
1870 420 1924 474 id

2126 421 2321 492 ιδῶμεν
2362 416 2476 484 οὖν,
2505 413 2550 475 ὦ
2578 420 2745 491 ψυχὴ,
2787 419 2862 491 μὴ
2912 414 3208 487 ἐνδιδῶμεν
3257 414 3341 485 τῷ
3390 413 3636 485 πονηρῷ,

341 502 526 570 potius
597 504 744 575 quod
810 505 1086 562 nolumus.
1163 506 1389 562 Probari
1446 511 1593 565 enim
1640 526 1775 579 nos,
1846 512 1928 566 uti

340 595 604 663 diximus,
649 605 883 668 oportet.
931 600 1069 655 Cum
1119 601 1235 656 haec
1289 602 1456 674 igitur
1494 603 1571 657 ita
1617 604 1749 669 sint,
1798 619 1941 658 nun-

336 701 536 755 quam,
605 703 641 744 ο
695 690 909 746 animal
968 694 1378 764 improbissimo
1441 696 1703 753 cedamus
1769 696 1934 761 hosti,

337 776 433 831 sed
496 776 595 832 Dei
657 792 990 836 armaturam
1047 794 1342 850 sumentes,
1410 801 1531 857 quae
1586 801 1690 842 nos
1754 796 1940 843 tuetur

337 882 404 921 ac
467 872 737 943 protegit,
781 873 1015 943 justitite
1070 876 1295 931 loricam
1346 877 1672 945 induamus,
1725 886 1776 934 et
1829 880 1940 934 cal-

341 975 548 1016 ccemus
585 963 739 1031 pedes
791 965 847 1019 in
907 969 1297 1036 prteparatione
1347 968 1622 1041 Evangelii
1664 972 1810 1040 pacis
1835 987 1855 1025 :
1883 972 1939 1026 in

342 1051 589 1107 omnibus
633 1064 897 1111 sumentes
948 1068 1157 1112 scutum
1211 1059 1358 1129 ﬁdei,
1407 1063 1465 1116 in
1514 1079 1618 1134 quo
1672 1063 1937 1133 possimus

345 1147 511 1217 587
548 1150 731 1203 omnia
761 1151 950 1219 jacqu
986 1153 1293 1223 nequistimi
1326 1154 1493 1210 hostis
1537 1156 1707 1226 ignita
1745 1156 1942 1210 restin-

346 1258 522 1312 guere.
555 1241 624 1296 Et
645 1244 854 1315 galeam
870 1245 1063 1301 salutis
1085 1248 1325 1317 accipite,
1352 1257 1400 1304 et
1424 1249 1665 1319 gladium
1693 1249 1935 1315 spiritus,

347 1332 489 1402 quod
526 1343 604 1388 est
637 1336 845 1389 verbum
889 1335 984 1391 Dei
1013 1357 1032 1392 :
1064 1347 1123 1391 ut
1149 1340 1366 1408 possitis
1396 1348 1538 1394 stare
1566 1338 1817 1393 adversus
1855 1339 1938 1392 in-

348 1423 514 1478 sidias
542 1424 741 1481 diaboli
765 1429 804 1493 ³,
838 1444 900 1481 ac
925 1431 1269 1500 cogitationes
1316 1431 1603 1496 destruere,
1640 1442 1691 1487 et
1730 1424 1937 1486 omnem

350 1516 707 1587 altitudinem,
749 1535 867 1586 qua:
895 1522 1176 1575 extollitur
1204 1522 1459 1578 adversus
1481 1524 1760 1578 scientiam
1781 1524 1931 1578 Dei”.

350 1610 619 1675 Quoniam
646 1629 747 1667 non
795 1624 873 1670 est
904 1615 1053 1670 nobis
1088 1604 1397 1673 colluclatio
1425 1616 1674 1673 adversus
1713 1619 1935 1688 sangui-

347 1718 465 1754 nem
487 1713 536 1758 et
566 1721 777 1759 carnem
809 1706 850 1761 ³.
887 1705 1013 1763 Haec
1041 1717 1221 1763 autem
1256 1708 1381 1765 ideo
1414 1709 1563 1776 dico,
1593 1710 1740 1782 quod
1766 1723 1831 1764 ea
1865 1708 1938 1764 sit

348 1790 595 1844 omnium
609 1791 854 1863 Apostoli
873 1797 1202 1867 scriptorum
1221 1768 1767 1870 ratio.Multa'quippe
1783 1807 1934 1865 sunt,
1967 1768 2011 1824 Β

352 1898 474 1950 qua:
498 1883 565 1938 de
590 1900 919 1956 unoquoque
966 1903 1178 1958 eorum,
1198 1905 1320 1960 qua:
1345 1891 1401 1945 in
1430 1890 1521 1945 illa
1538 1889 1780 1962 Epistola
1812 1905 1940 1960 pro-

355 1975 703 2042 nuntiantur,
753 1978 1123 2036 demonstrari
1184 1990 1438 2052 possunt,
1503 1993 1563 2037 ut
1612 1985 1679 2037 ad
1733 1991 1938 2038 rectam

356 2065 519 2121 fidem
576 2070 820 2140 apposite
870 2080 1234 2144 accurateque
1284 2075 1429 2131 dicta
1479 2075 1787 2131 videantur.
1832 2075 1940 2130 Sed

356 2159 577 2231 longum
610 2167 696 2217 est
746 2163 894 2219 hunc
943 2164 1000 2219 in
1046 2166 1267 2221 modum
1318 2167 1534 2239 singula
1590 2182 1937 2238 percensere.

352 2250 609 2308 Formam
633 2254 778 2310 enim
810 2255 1075 2313 duntaxat
1094 2258 1240 2316 illius
1270 2274 1335 2314 ac
1357 2261 1684 2316 sententiam
1718 2263 1772 2315 in
1804 2275 1938 2330 prte-

355 2347 532 2402 sentia
554 2348 835 2405 declarare
866 2351 1051 2407 statui.
1074 2351 1199 2407 Non
1219 2354 1357 2408 enim
1373 2354 1512 2425 quod
1525 2353 1639 2408 υοιο
1660 2354 1753 2408 hoc
1774 2354 1938 2424 facio,

354 2438 446 2494 sed
475 2439 617 2510 quod
631 2440 832 2496 odihoc
856 2442 1018 2512 facio.
1041 2442 1249 2502 Divinas
1277 2448 1494 2517 quidem
1520 2448 1622 2519 legi
1668 2449 1943 2505 assentior

355 2549 422 2587 ac
442 2534 640 2590 bonam
665 2550 788 2591 esse
810 2533 1006 2591 fateor.
1030 2535 1151 2591 Jam
1179 2553 1306 2593 vero
1334 2555 1446 2596 non
1472 2541 1607 2596 illud
1636 2541 1815 2611 ipsum
1840 2556 1941 2612 ego

357 2627 664 2692 committo,
718 2626 810 2681 sed
862 2627 1002 2697 quod
1052 2628 1260 2684 habitat
1295 2631 1353 2684 iu
1389 2648 1470 2686 me
1492 2644 1786 2702 peccatum.
1820 2632 1942 2688 Scio

358 2716 497 2773 enim
532 2716 673 2788 quod
707 2734 811 2773 non
840 2718 1047 2773 habitat
1081 2721 1138 2775 in
1156 2738 1258 2786 me,
1291 2722 1387 2777 hoc
1423 2733 1502 2780 est
1532 2726 1586 2779 in
1616 2743 1775 2781 carne
1802 2743 1940 2791 mea,

359 2805 549 2861 bonum
586 2808 628 2861 ⁸.
661 2807 931 2866 Pneclare
977 2811 1126 2867 istud
1186 2814 1429 2883 quidem.
1469 2815 1782 2874 Meminisse
1843 2836 1943 2876 vos

360 2899 505 2953 enim
562 2899 823 2966 arbitror,
887 2902 1020 2973 quid
1077 2919 1109 2959 a
1164 2906 1324 2963 nobis
1371 2922 1539 2978 supra
1578 2910 1942 2966 constitutum

361 2988 545 3043 fuerit.
581 2987 819 3047 Tametsi
850 2990 980 3047 dum
1022 2994 1208 3049 omnia
1238 2998 1495 3067 persequi
1534 2998 1748 3065 studeo,
1782 3001 1945 3070 paulo

362 3080 466 3189 sint
494 3082 729 3185 longior,
765 3085 1139 3189 tnajoremque
1178 3089 1311 3143 mihi
1336 3105 1519 3161 quam
1552 3093 1862 3166 sperabam,
1890 3093 1944 3147 in
1976 3128 2018 3189 ρ

362 3172 627 3228 ambitum
659 3175 1037 3231 circumducta
1091 3178 1162 3233 sit
1210 3179 1418 3248 oratio;
1454 3196 1618 3251 quem
1674 3196 1777 3237 nos
1824 3198 1950 3253 per-

362 3277 589 3318 currere
611 3277 674 3321 ac
697 3263 969 3321 coniicere
1000 3267 1348 3323 conabimur.
1379 3269 1599 3341 Alioqui
1633 3271 1848 3326 nullutn
1893 3273 1950 3327 in

367 3357 648 3426 proposito
674 3368 997 3429 argumento
1026 3362 1190 3417 linem
1219 3363 1596 3433 expediemus.

438 3447 551 3502 LX.
593 3448 671 3504 lta
717 3451 905 3519 igitur,
960 3451 1008 3506 si
1052 3452 1442 3521 recordamini,
1485 3456 1947 3527 disputabamus:

366 3557 432 3597 cx
466 3556 577 3612 quo
618 3543 829 3612 primus
872 3545 1033 3600 homo
1061 3546 1469 3605 circumventus
1502 3551 1818 3606 mandatum
1855 3553 1950 3609 Dei

368 3632 612 3698 violavit,
648 3633 777 3690 inde
808 3645 1090 3705 peccatum
1115 3654 1182 3694 ex
1210 3654 1274 3695 ea
1306 3644 1652 3697 contumacia
1683 3659 1952 3716 propaga-

371 3733 485 3780 tum
530 3725 593 3800 in
623 3741 689 3782 eo
733 3727 919 3783 sedem
965 3730 1339 3788 constituisse.
1389 3731 1482 3789 Sic
1526 3734 1672 3789 enim
1713 3738 1951 3807 primum

368 3827 560 3875 exorta
583 3820 784 3876 seditio
807 3830 921 3888 est;
947 3837 1011 3877 ac
1042 3838 1144 3878 nos
1195 3825 1525 3884 turbulentis
1560 3829 1954 3899 agitationibus

371 3927 438 3968 ac
480 3914 783 3984 peregrinis
842 3916 1272 3985 cogitationibus
1332 3919 1601 3990 implicari
1659 3925 1950 3994 coepimus.

272 3996 279 4001 ’
369 4008 506 4063 Nam
563 4009 748 4065 divino
817 4010 912 4064 illo
975 4009 1156 4065 alilatu
1230 4011 1523 4069 destitutos
1607 4030 1671 4070 ac
1735 4018 1955 4090 penitus

369 4102 669 4158 exhaustos
703 4102 988 4158 lutulenta:
1031 4103 1139 4158 illae
1183 4105 1951 4181 cupiditatesmpplcverunt,

371 4206 512 4262 quas
542 4188 858 4247 callidus'in
889 4207 989 4248 nos
1036 4207 1262 4263 serpens
1292 4209 1355 4250 ac
1386 4202 1662 4250 veterator
1690 4197 1950 4265 immisit,

373 4299 496 4337 cum
532 4284 701 4338 divini
725 4284 928 4354 alioqui
954 4286 1208 4354 praecepti
1237 4287 1383 4341 velut
1410 4288 1597 4343 orbem
1633 4289 1779 4343 brevi
1813 4296 1954 4345 tem-

372 4375 524 4444 poris
594 4375 770 4443 spatio
831 4390 1298 4445 peragrassemus.
1360 4376 1654 4449 Propterea
1723 4389 1954 4438 mortem

2041 514 2176 569 ἀλλὰ
2203 514 2610 579 ἀναλαϐόντες
2640 512 2755 580 τὴν
2780 508 3128 589 πανοπλίαν
3148 505 3258 561 τοῦ
3290 504 3455 560 Θεοῦ
3480 504 3640 571 ὑπερ-

2040 607 2380 672 ασπίξουσαν
2427 605 2522 659 καὶ
2567 601 3086 676 προαγωνιζομένην
3131 601 3332 673 ἡμῶν,
3380 593 3644 651 ἐνδυσώ-

2036 701 2188 767 μεθα
2215 700 2324 754 τὸν
2344 698 2577 769 θώρακα
2598 697 2709 766 τῆς
2735 690 3154 762 δικαιοσύνης,
3177 691 3282 747 καὶ
3316 688 3644 748 ῦποδυσύ·

2035 796 2189 861 μεθα
2238 791 2380 859 τοὺς
2414 792 2607 857 πόδας
2649 790 2719 843 ἐν
2745 787 3055 858 ἑτοιμασίᾳ
3096 784 3204 840 τοῦ
3256 780 3645 852 Eua-mellea

2040 881 2149 951 τῆς
2183 882 2460 952 εἰρήνης·
2499 883 2568 935 ἐν
2611 879 2804 936 πᾶσιν
2834 881 3246 942 ἀναλαϐόντες
3278 874 3399 929 τὸν
3433 871 3649 941 θυρεὸν

2039 974 2153 1044 τῆς
2180 975 2460 1042 πίστεως,
2501 974 2572 1028 ἐν
2596 966 2648 1040 ᾧ
2689 972 3075 1041 δυνησόμεθα
3117 968 3323 1022 πάντα
3366 965 3451 1019 τὰ
3491 963 3646 1031 ,βέλη

2039 1071 2148 1126 τοῦ
2179 1067 2446 1138 πονηροῦ
2469 1067 2542 1122 τὰ
2563 1065 2960 1136 πεπυρωμένα
2984 1052 3224 1118 σϐέσαι·
3261 1060 3369 1114 καὶ
3401 1058 3528 1125 τὴν
3551 1070 3648 1111 πει

2032 1161 2437 1237 ρικεφαλαίαν
2493 1158 2601 1213 τοῦ
2654 1157 2954 1226 σωτηρίου
3011 1153 3328 1218 δέξασθαι,
3387 1151 3499 1203 καὶ
3541 1147 3651 1216 τὴν

2034 1254 2339 1325 μάχαιραν
2360 1251 2468 1306 τοῦ
2496 1251 2858 1320 πνεύματος,
2883 1249 2916 1301 ὅ
2941 1249 3071 1301 ἐστι
3086 1246 3255 1316 ῥῆμα
3286 1244 3477 1308 Θεοῦ,
3506 1244 3651 1311 πρὸς

2040 1344 2106 1399 τό
2145 1343 2441 1398 δύνασθαι
2477 1339 2696 1410 στῆναι
2721 1339 2871 1409 πρὸς
2887 1336 3003 1406 τὴν
3022 1336 3358 1407 μεθοδείαν
3389 1333 3509 1387 τοῦ
3531 1332 3646 1385 διον

2040 1437 2222 1491 ϐόλον
2246 1451 2260 1465 °
2297 1432 2631 1504 λογισμούς
2663 1449 2727 1485 τε
2774 1429 3096 1499 καθαιρεῖν,
3128 1426 3231 1482 καὶ
3262 1424 3401 1481 πᾶν
3435 1427 3648 1494 ὕψωμα

2037 1527 2436 1597 ἐπαιρόμενον
2480 1523 2631 1579 κατὰ
2680 1522 2792 1592 τῆς
2831 1521 3109 1593 γνώσεως
3150 1519 3259 1574 τοῦ
3308 1518 3495 1573 Θεοῦ.
3529 1520 3645 1571 Ὅτι

2032 1622 2120 1692 μὴ
2151 1624 2323 1676 ἐστιν
2354 1619 2501 1691 ἡμῖν
2526 1622 2564 1689 ἠ
2592 1619 2757 1688 πάλη
2780 1614 2929 1686 πρὸς
2963 1611 3107 1685 αἷμα
3130 1614 3231 1668 καὶ
3253 1613 3495 1681 σάρκα.
3524 1612 3647 1665 Τούο

2038 1730 2133 1767 του
2175 1713 2233 1767 δὲ
2280 1712 2446 1768 ἕνεκα
2494 1711 2668 1765 ταῦτα
2704 1710 2869 1779 λέγω,
2912 1709 2993 1761 ὅτι
3027 1701 3184 1771 οὗτος
3232 1707 3264 1759 ὁ
3296 1705 3517 1777 τρόπος
3564 1702 3644 1756 τοῦ

2059 1804 2383 1858 Ἀποστόλου
2414 1802 2527 1857 τῶν
2572 1800 2986 1871 συνταγμάτων.
3020 1797 3199 1851 Πολλὰ
3235 1797 3345 1868 μὲν
3375 1797 3502 1869 γὰρ
3545 1796 3645 1849 ἐστι

2049 1898 2142 1953 καὶ
2170 1896 2299 1968 περὶ
2327 1878 2560 1948 ἑκάστου
2598 1892 2709 1947 τῶν
2749 1895 2807 1945 ἐν
2841 1894 2909 1962 τῇ
2955 1889 3248 1960 Ἐπιστολῇ
3289 1888 3484 1961 ταύτῃ
3511 1888 3646 1960 εἰρη-

2050 1990 2227 2063 μένων
2270 1987 2581 2054 ἀποδεῖξαι,
2628 1985 2705 2050 ὡς
2750 1982 3048 2056 ὀρθοδὸξως
3093 1983 3190 2036 καὶ
3240 1979 3647 2051 μεμελημένως

2047 2079 2162 2151 ἔχει
2180 2096 2191 2110 ·
2222 2077 2359 2132 ἀλλὰ
2392 2076 2605 2149 μακρὸν
2634 2077 2701 2130 ἂν
2721 2074 2807 2147 εἴη
2835 2074 3064 2127 ἕκαστον
3087 2070 3274 2127 αὐτῶν
3307 2070 3500 2137 οὕτως
3525 2069 3647 2124 διελ-

2048 2168 2180 2223 θεῖν.
2211 2168 2315 2221 Τὸν
2329 2167 2437 2237 γὰρ
2458 2166 2630 2220 τύπον
2668 2164 2831 2219 αὐτοῦ
2862 2162 3033 2228 δεῖξαι
3073 2161 3239 2233 μόνον
3269 2160 3381 2213 καὶ
3408 2162 3516 2231 τὴν
3545 2159 3653 2230 βεῇ.

1996 2293 2006 2302 -
2047 2260 2203 2332 λησιν
2219 2260 2537 2331 προῄρημαι
2556 2257 2672 2311 νῦν.
2698 2259 2781 2311 Οὐ
2806 2255 2918 2325 γὰρ
2934 2256 2964 2309 ὃ
2978 2253 3149 2319 θέλω,
3169 2251 3365 2307 τοῦτο
3377 2252 3652 2322 πράσσω,

2047 2353 2185 2409 ἀλλ’
2217 2352 2249 2407 ὃ
2294 2350 2482 2427 tumis,
2517 2351 2693 2405 τοῦτο
2725 2349 2894 2404 ποιῶ.
2936 2347 3205 2419 Σύμφημι
3248 2345 3338 2415 τῷ
3375 2346 3540 2416 νόμῳ
3573 2345 3655 2398 τώ

2047 2444 2205 2507 Θεοῦ.
2244 2446 2328 2499 ὅτι
2372 2443 2568 2506 καλός·
2604 2442 2723 2495 νυνὶ
2749 2440 2806 2494 δὲ
2849 2440 3031 2493 οὐκέτι
3079 2436 3193 2505 ἐγὼ
3229 2435 3658 2507 κατεργάζομαι

2049 2539 2202 2603 αὐτὸ,
2238 2537 2377 2593 ἀλλ’
2401 2538 2440 2606 ή
2474 2535 2728 2590 οἰκοῦσα
2754 2550 2824 2586 εν
2851 2532 2980 2602 ἐμοὶ
3016 2529 3299 2600 ἁμαρτία.
3355 2525 3516 2585 Οἶδα
3538 2530 3659 2599 γὰρ,

2050 2629 2141 2685 ὅτι
2168 2630 2281 2686 οὐκ
2303 2627 2454 2684 οἰκεῖ
2483 2628 2552 2682 ἐν
2574 2625 2724 2697 ἐμοὶ,
2752 2623 3154 2680 τουτέστιν-ἐν
3179 2620 3259 2691 τῇ
3298 2622 3510 2691 σαρκί
3528 2638 3657 2691 μου.

2050 2724 2119 2779 τὸ
2156 2721 2417 2792 ἀγαθόν·
2455 2717 2631 2792 ὀρθῶς
2673 2716 2867 2786 λέγων.
2917 2713 3218 2786 Μέμνησθε
3265 2713 3392 2786 γὰρ
3448 2716 3515 2767 ὲν
3562 2715 3659 2775 τοῖς

2051 2814 2384 2887 ἔμπροσθεν,
2418 2812 2495 2877 ὡς
2523 2810 2838 2883 ὁριζόμεθα,
2874 2811 2921 2863 εί
2955 2807 3048 2862 καὶ
3083 2806 3345 2861 σπεύδων
3374 2807 3500 2877 ἐγὼ
3537 2810 3659 2876 ταί)

2052 2907 2231 2962 πάντα
2257 2903 2547 2971 διεξελθεῖν
2591 2902 2789 2973 μᾶλλον
2834 2900 3100 2973 βραδύνω,
3152 2898 3534 2970 μακροτέρας
3568 2915 3657 2968 μου

2052 2995 2162 3049 τῶν
2195 2994 2369 3063 λόγων
2398 2993 2497 3067 τῆς
2539 2992 2791 3061 περιόδου
2818 2985 2886 3063 ἧς
2920 2988 3307 3061 προσεδόκησα
3351 2988 3655 3058 γεγενημέ-

2052 3104 2174 3158 νης,
2218 3087 2285 3157 ἣν
2316 3083 2694 3158 προθυμητέον
2735 3083 2800 3155 δὴ
2847 3081 3117 3137 διανύσαι.
3155 3080 3383 3144 ΙἌλλως
3431 3082 3550 3153 γὰρ
3576 3078 3659 3132 τοῦ

2055 3180 2417 3253 προκειμένου
2442 3176 2639 3232 οὔποτε
2671 3177 2870 3257 ήξομεν
2901 3176 2994 3230 ἐπὶ
3018 3173 3190 3239 τέλος.

2126 3458 2201 3513 Ξθ.
2236 3455 2444 3511 Οὐκοῦν
2478 3455 2735 3523 ἐλέγομεν
2791 3453 2883 3522 ἀφ’
2916 3444 2978 3506 οὗ
3018 3451 3110 3504 τὸν
3149 3450 3458 3521 ἄνθρωπον
3497 3455 3645 3523 ἐμνη-

2060 3550 2370 3623 μονεύετεδ,
2398 3546 2740 3616 πλανηθέντα
2761 3544 2859 3617 τὴν
2886 3542 3103 3614 ἐντολὴν
3126 3542 3408 3613 ἀθετῆσαι
3435 3545 3651 3616 συνέῦη,

2057 3641 2304 3697 ἐντεῦθεν
2342 3640 2408 3692 ἐκ
2449 3639 2550 3709 τῆς
2591 3636 2877 3709 παρακοῆς
2913 3635 3011 3704 τὴν
3061 3633 3346 3705 ἁμαρτίαν
3385 3633 3651 3688 λαϐοῦσαν

2054 3735 2269 3805 γένεσιν
2309 3734 2389 3795 εἰς
2417 3730 2582 3785 αὑτὸν
2628 3728 3008 3800 εἰσῳκηκέναι.
3041 3724 3234 3789 Οὕτως
3272 3725 3393 3796 γὰρ
3441 3726 3649 3799 πρῶτον

2058 3829 2247 3891 στάσις
2279 3826 2527 3888 ἐνέπεσε,
2572 3820 2927 3893 σφαδαῖσμῶν
2957 3837 3016 3872 τε
3051 3819 3147 3872 καὶ
3181 3818 3474 3889 λογισμῶν
3514 3820 3648 3872 ἀνοι-

2057 3922 2221 3977 κείων
2254 3918 2654 3991 ἐπληρώθημεν
2679 3956 2693 3980 ,
2726 3912 3056 3976 κενωθέντες
3106 3912 3204 3982 μὲν
3254 3912 3356 3964 τοῦ
3405 3910 3647 3984 ἐμφυσή-

2060 4033 2229 4087 ματος
2257 4014 2351 4068 τοῦ
2390 4011 2525 4066 Θεοῦ
2553 4051 2566 4076 ,
2603 4007 2984 4085 πληρωθέντες
3014 4007 3073 4062 δὲ
3095 4005 3408 4077 ἐπιθυμίας
3442 4007 3644 4077 ὑλικῆς.

2057 4110 2125 4178 ἣν
2150 4109 2178 4160 ὁ
2211 4104 2550 4166 πολύπλοκος
2590 4101 2911 4155 ἐνέπνευσεν
2942 4097 3209 4168 εἰς’-ἡμᾶς
3253 4097 3385 4166 ὄφις
3406 4139 3422 4158 ,
3461 4098 3648 4169 βραχδ.

2058 4199 2413 4271 πορησάντων
2464 4194 2621 4267 ἡμῶν
2673 4193 2773 4264 τῆς
2823 4189 3196 4263 παραγγελίας
3244 4190 3342 4242 τοῦ
3379 4190 3523 4244 Θεοῦ
3567 4192 3645 4241 τὴν

2058 4293 2276 4349 κύκλον.
2326 4289 2415 4342 Διὸ
2446 4288 2540 4342 καὶ
2584 4286 2674 4340 τὸν
2716 4284 2942 4338 θάνατον
2969 4287 2998 4337 ὁ
3029 4283 3162 4346 Θεὸς
3193 4283 3334 4351 πρὸς
3373 4284 3645 4355 ἀναίρεσιν

2057 4384 2159 4453 τῆς
2186 4380 2462 4451 ἁμαρτίας
2486 4378 2627 4448 ὑπὲρ
2659 4376 2818 4448 ἡμῶν
2855 4374 3073 4445 εὒρατο,
3113 4375 3201 4428 ἵνα
3245 4374 3323 4447 μὴ
3360 4376 3426 4429 ἐν
3454 4375 3642 4430 ἀθανά-

373 4466 610 4524 Deusad
647 4467 1104 4538 exstinguendum
1144 4477 1426 4539 peccatum
1452 4481 1643 4525 nostra
1670 4486 1839 4527 causa
1872 4488 1947 4528 re-

2126 4492 2173 4536 ις
2200 4475 2332 4543 ἡμῖν
2371 4468 2728 4529 ἀνατείλασα,
2763 4466 2837 4530 ὡς
2867 4466 3036 4536 ἔφην,
3076 4464 3350 4527 ἀθάνατος
3498 4465 3643 4519 Ὅθεν

373 4560 534 4631 perit,
574 4576 642 4614 ne
680 4574 747 4615 ex
794 4558 1201 4616 immortalibus
1254 4562 1412 4617 nobis
1447 4562 1552 4633 (uti
1600 4561 1806 4617 dictum
1847 4565 1953 4633 est)

372 4652 719 4707 elllorcscens
757 4652 1061 4707 immortale
1101 4662 1462 4724 permaneret.
1515 4654 1654 4711 Hinc
1696 4656 1954 4710 nimirdm

371 4746 671 4816 Apostolus
700 4764 714 4799 :
742 4743 887 4808 Scio,
916 4745 1115 4815 inquit,
1137 4747 1388 4817 quoniam
1412 4764 1515 4801 non
1547 4746 1753 4801 habitat
1776 4749 1831 4800 in
1853 4764 1953 4813 me,

373 4837 468 4890 hoc
502 4845 579 4890 est
619 4837 673 4889 in
701 4853 858 4891 carne
895 4853 1032 4902 mea,
1067 4837 1289 4900 bonum.
1313 4837 1523 4903 Quibus
1550 4839 1731 4893 verbis
1761 4854 1954 4908 pecca-

372 4934 487 4981 tum
523 4927 685 4982 modo
733 4926 1026 4998 signiﬁcat,
1060 4928 1205 4997 quod
1246 4944 1313 4983 ex
1362 4928 1452 4981 illa
1497 4927 1666 4982 divini
1712 4928 1957 4981 mandati

375 5020 668 5075 violatione
708 5034 805 5089 per
853 5019 1207 5089 cupiditatem
1262 5021 1317 5074 in
1358 5035 1459 5075 nos
1510 5028 1595 5075 est
1631 5021 1904 5075 invectum
1941 5038 1953 5073 :

374 5126 483 5182 quo
517 5127 583 5167 ex
614 5118 842 5181 peccato
873 5119 1133 5181 tanquam
1176 5113 1421 5182 germina
1450 5112 1696 5182 quaedam
1736 5127 1797 5165 ac
1837 5128 1958 5167 sur-

375 5207 516 5268 culi,
573 5206 648 5259 ita
712 5205 1032 5274 voluptaria:
1078 5205 1132 5259 in
1189 5205 1349 5260 nobis
1398 5206 1758 5275 cogitationes
1793 5204 1959 5275 588

375 5300 644 5355 oriuntur.
690 5297 785 5352 Est
826 5297 970 5352 enim
1010 5297 1209 5367 duplex
1259 5297 1313 5351 in
1355 5298 1513 5352 nobis
1561 5298 1953 5367 cogitationum

378 5405 584 5461 genus:
617 5390 764 5444 aliud
795 5389 939 5460 quod
977 5404 1042 5443 ex
1085 5387 1549 5458 concupiscentia,
1584 5402 1706 5458 qua:
1740 5389 1791 5441 in
1827 5402 1954 5443 cor-

379 5496 507 5553 pore
553 5490 743 5537 nostro
775 5480 1001 5546 residet,
1054 5481 1278 5535 excitari
1326 5480 1497 5548 solet;
1534 5496 1675 5550 quae,
1731 5488 1788 5534 ut
1830 5487 1958 5535 ante

380 5572 637 5636 diximus,
677 5588 706 5627 a
738 5575 979 5629 concreti
1039 5589 1163 5628 cum
1209 5574 1438 5629 materia
1483 5574 1711 5645 spiritus
1766 5573 1957 5628 fraude

454 5727 467 5755 '
507 5725 701 5796 Epiros.
733 5746 805 5795 γι,
846 5730 1021 5783 lii-18.

2054 4563 2083 4614 ὁ
2128 4557 2484 4621 Ἀπόστολος,
2522 4552 2665 4610 Οἶδα
2710 4554 2820 4625 γὰρ
2846 4597 2859 4622 ,
2896 4554 2983 4609 ὅτι
3016 4556 3131 4609 οὐκ
3175 4555 3335 4609 οἰκεῖ
3381 4556 3460 4610 ἐν
3507 4554 3644 4623 ἐμοί,

2054 4651 2370 4706 τουτέστιν
2417 4650 2488 4703 ἐν
2518 4648 2593 4717 τῇ
2617 4650 2799 4716 σαρκί
2826 4665 2946 4717 μου
2971 4688 2985 4712 ,
3040 4649 3107 4702 τὸ
3134 4647 3371 4717 ἀγαθὸν
3389 4688 3408 4713 ,
3461 4649 3645 4718 λέγων,

2054 4744 2153 4815 τὴν
2193 4744 2302 4797 ἀπὸ
2332 4743 2434 4811 τῆς
2476 4740 2842 4813 παραϐάσεως
2877 4739 2967 4793 διὰ
3000 4738 3103 4810 τῆς
3150 4740 3464 4811 ἐπιθυμίας
3500 4744 3642 4795 sim-

2057 4838 2339 4893 κισθεϊσαν
2368 4838 2449 4898 εἰς
2477 4833 2931 4907 ὴμᾶςησὰμαρτίαν
2973 4832 3222 4902 βούλεται
3258 4834 3499 4907 μηνύειν
3536 4836 3647 4905 ἠδη,

2056 4927 2124 5003 ἧς
2151 4931 2216 5001 δὴ
2248 4929 2499 5000 καθάπερ
2530 4927 2886 4999 βλαστήματα
2915 4927 3012 4980 νέα
3045 4928 3140 4979 καὶ
3173 4925 3388 4989 κλῶνες
3408 4970 3425 4991 ,
3458 4929 3510 4981 οἱ
3542 4928 3646 4996 φιλ-

2057 5024 2234 5092 ήδονοι
2274 5023 2403 5093 περὶ
2443 5021 2591 5091 ἡμᾶς
2639 5020 2727 5073 ἀεὶ
2783 5019 3032 5090 λογισμοὶ
3074 5019 3455 5074 συνίστανται.
3492 5017 3652 5073 Aiace

2057 5116 2166 5185 γὰρ
2202 5117 2259 5167 ἐν
2289 5116 2420 5185 ἡμῖν
2447 5111 2724 5181 λογισμῶν
2763 5111 2894 5183 γένη
2922 5129 2935 5141 ·
2975 5113 3005 5163 ὁ
3044 5110 3143 5181 μὲν
3180 5110 3293 5163 ἀπὸ
3321 5110 3429 5179 τῆς
3470 5111 3651 5165 ἐπιθυ·

2060 5208 2189 5278 μίας
2224 5206 2325 5276 τῆς
2371 5203 2787 5275 ἐνθωπευούσης
2833 5205 2891 5256 ἐν
2944 5202 3025 5273 τῷ
3070 5203 3288 5273 σώματι
3331 5207 3645 5277 συνιστάμε-

2058 5295 2179 5363 νος,
2226 5299 2348 5368 ἥτις
2387 5297 2447 5363 ἐξ
2485 5295 2761 5360 ἐπινοίας,
2796 5295 2872 5358 ὼς
2922 5294 3092 5364 ἔφην,
3135 5296 3374 5368 ἐγενήθη
3416 5297 3517 5350 τοῦ
3552 5296 3651 5351 ὑλι-

2063 5387 2159 5441 κοῦ
2201 5387 2510 5457 πνεύματος
2534 5402 2548 5415 ·
2586 5386 2615 5438 ὁ
2653 5385 2710 5439 δὲ
2751 5386 2860 5438 ἀπὸ
2888 5383 2982 5438 τοῦ
3025 5385 3193 5456 νόμου
3234 5386 3332 5440 τοῦ
3373 5387 3527 5442 κατὰ
3564 5387 3652 5459 τὴν

2062 5481 2313 5552 ἐντολὴν,
2360 5481 2419 5532 ὃν
2457 5480 2695 5550 ἔμφυτον
2751 5478 3017 5548 ἐλάϐομεν
3073 5479 3222 5550 ἔχειν
3271 5483 3373 5535 καὶ
3430 5480 3656 5551 φυσικὸν

2063 5573 2226 5642 νόμον
2250 5611 2263 5637 ,
2290 5570 2426 5641 πρὸς
2455 5569 2516 5622 τὸ
2558 5569 2719 5622 καλὸν
2757 5570 2911 5640 ήμῶν
2946 5568 3324 5639 ἐξεγείροντα,
3367 5571 3470 5625 καὶ
3499 5575 3644 5627 ἐπαγ

1102 5733 1119 5761 ³
1156 5730 1196 5781 ll
1224 5730 1347 5784 Cor.
1390 5747 1441 5795 Χ,
1474 5731 1525 5785 ἓ.
1605 5731 1623 5761 ³
1656 5729 1856 5800 Epirus.
1892 5744 1947 5785 Vt

2168 5728 2185 5759 "
2228 5727 2384 5781 Rom.
2420 5741 2516 5793 rit,
2559 5724 2640 5779 l3.
2720 5725 2738 5754 ⁸
2773 5723 2830 5781 F.
2870 5727 2912 5777 ςί
2956 5726 3358 5798 μνημονεύετε.
