3846 6124
343 248 369 302 Ι
386 246 483 300 I75
1760 247 1822 304 S.
1866 246 2218 303 EPIPHANII
3495 242 3600 298 H7
3618 242 3647 293 6

338 359 573 428 pic-udus
613 364 782 424 esset,
843 365 1175 414 mentionem
1239 358 1535 417 facturum.
1577 357 1720 425 Quid
1771 360 1857 414 eni

2130 358 2192 412 :sl.
2224 358 2281 412 τί
2314 356 2777 430 παραδοξότερον,
2817 356 2852 429 ἢ
2892 354 3059 410 πλέον
3092 354 3205 409 ἀπὸ
3230 357 3333 426 τῆς
3361 354 3460 410 τοῦ
3499 357 3649 428 Χρι-

338 448 741 508 admirabilius.
791 456 885 503 aut
934 451 1170 518 amplius
1200 467 1265 507 ex
1310 452 1403 505 illo
1437 450 1642 506 Christi
1686 450 1857 505 adven

2131 448 2159 501 6
2194 448 2497 520 παρουσίας
2536 449 2890 519 ἐσχήκαμεν;
2925 446 2991 499 Τί
3019 445 3078 499 δέ
3109 446 3204 499 καὶ
3236 447 3267 499 ὀ
3306 445 3650 508 ’Δπὸστολος

336 538 622 592 consecuti
657 538 903 594 fuimus?
935 539 1079 605 Quid
1119 550 1301 597 autem
1339 541 1641 612 Apostolus
1672 540 1855 595 omnin

2127 559 2165 605 νς
2214 542 2290 605 ὼς
2322 540 2410 593 διὰ
2442 540 2543 611 τῆς
2576 539 2885 610 παρουσίας
2929 538 3024 592 τοῦ
3060 536 3303 611 Χριστοῦ
3330 536 3646 608 δυνάμενος

335 629 492 701 quasi
529 645 624 700 per
652 630 859 685 Cbrisﬁ
889 635 1235 702 pmsentiam
1284 647 1315 687 a
1347 641 1522 688 morte
1564 632 1699 703 eripi
1733 632 1854 687 divi!

2129 630 2221 685 1:06
2248 630 2481 686 θανάτου
2516 630 2622 683 ὑπὸ
2644 629 2781 683 Θεοῦ
2820 628 3281 701 ἐλευθερωθῆναι,
3328 627 3496 682 τοῦτο
3530 629 3648 683 ὑπ-

335 722 603 776 beneticio
635 731 844 793 posset,
893 724 985 778 illa
1025 725 1437 796 pronuntiabat,
1471 741 1597 779 eum
1639 726 1854 779 omnibu

2121 723 2521 792 ιέγγετο,ὁπότε
2539 723 2676 775 πᾶσι
2701 722 2793 775 καί
2825 721 2930 794 πρὸ
2961 720 3053 775 τοῦ
3068 721 3160 773 τὸν
3185 720 3423 792 Χριστὸν
3452 719 3640 775 ἐλθεῖν

332 815 496 866 etiam
542 822 835 884 antequam
869 815 1127 872 Christus
1178 817 1233 871 in
1275 817 1422 872 hunc
1461 817 1650 872 orbem
1687 817 1851 871 Vt'nil't

2143 816 2235 870 τὸν
2271 816 2477 888 κόσμον
2516 814 2800 869 συνέϐαινε
2842 814 3132 885 θνήσκειν;
3195 813 3498 885 Ἐρῤὐοντο
3529 811 3645 885 γὰρ

335 918 486 959 mors
528 904 647 975 ipsa
680 906 1011 978 contigerit?
1038 905 1175 961 Nam
1227 907 1473 964 universi
1518 923 1548 961 a
1592 908 1854 978 corporib

2123 910 2385 981 οιζόμενοι
2418 909 2619 972 πάντες
2644 908 2754 961 τῶν
2790 908 3060 979 σωμάτων
3090 905 3236 961 κατὰ
3265 906 3368 977 τὴν
3394 905 3511 958 ἀπὸ
3540 910 3642 962 τοῦ

339 998 579 1067 separati
615 998 670 1053 in
710 999 835 1054 vita!
862 999 1027 1067 hujus
1060 1000 1211 1077 exitu
1240 1000 1653 1067 liberabantur;
1682 1013 1746 1054 ac
1778 1000 1858 1054 sin

2125 1021 2142 1056 ›
2176 1002 2382 1073 ταύτην
2413 1002 2614 1069 ἔξοδον.
2660 1000 2824 1053 Ἀλλὰ
2852 1000 2948 1054 καὶ
2980 999 3244 1062 ὡσαύτως
3274 998 3332 1050 δέ
3368 998 3557 1051 πᾶσαι
3580 997 3644 1049 αι

335 1090 459 1145 liter
486 1105 701 1156 omnes,
733 1098 842 1146 tam
869 1091 1192 1158 inﬁdelium,
1213 1107 1377 1163 quam
1401 1091 1664 1169 ﬁdelium,
1693 1098 1805 1146 tam
1838 1090 1853 1145 i

2121 1096 2195 1169 [αἱ
2217 1130 2234 1162 ,
2280 1094 2375 1150 καὶ
2413 1096 2470 1149 αἱ
2518 1094 2629 1147 τῶν
2668 1094 2915 1148 ἀπίστων
2954 1093 3048 1147 καὶ
3099 1090 3311 1145 πιστῶν
3339 1129 3356 1153 ,
3391 1088 3495 1143 καὶ
3528 1086 3640 1140 τῶν

335 1183 632 1250 iustorum,
667 1198 830 1259 quam
851 1183 1129 1254 justorum
1158 1185 1353 1240 animm
1376 1193 1658 1257 postremo
1684 1185 1780 1240 illo
1811 1185 1854 1240 ο]

2121 1206 2223 1242 κων
2259 1188 2355 1242 καὶ
2385 1186 2609 1241 δικαίων
2659 1184 2983 1258 ἐχωρίζοντο
3027 1184 3138 1238 τῶν
3175 1183 3454 1254 σωμάτων
3492 1183 3640 1235 κατᾶ

334 1284 421 1329 tus
450 1277 537 1331 die
562 1277 825 1347 sejunetze
858 1292 888 1330 a
917 1278 1247 1347 corporibus
1276 1278 1589 1334 evolabant.

1285 1278 1589 1334 avolabant.
2023 1281 2121 1353 τὴν
2150 1280 2364 1352 ἡμέραν
2394 1279 2493 1350 τῆς
2525 1278 2804 1348 τελευτῆς.

403 1368 675 1433 Quidnam
720 1369 887 1440 igitur
920 1369 1222 1441 Apostolus
1261 1384 1375 1440 pra:
1401 1370 1635 1429 exteris.
1666 1368 1758 1438 qui
1795 1366 1920 1422 inli-

2106 1374 2159 1426 Γί
2193 1369 2287 1427 οἷν
2317 1373 2346 1424 ὁ
2388 1371 2711 1433 Ἀπόστολος
2746 1368 2909 1422 πλέον
2936 1366 3089 1439 παρὰ
3126 1368 3254 1430 τοὺς
3298 1366 3506 1430 ἄλλους
3538 1365 3625 1419 λα-

333 1462 553 1517 delitate
588 1463 749 1516 vitam
785 1463 1172 1527 traduxerant,
1208 1463 1467 1519 studebat
1498 1462 1786 1516 obtinere?
1814 1461 1852 1513 A

2115 1484 2138 1519 ν
2171 1467 2299 1529 τοὺς
2328 1465 2386 1517 ἐν
2436 1463 2667 1535 ἀπιστίᾳ
2710 1459 3100 1532 διατρίψαντας
3142 1457 3525 1525 ἐσπούδαζεν;
3566 1460 3634 1514 ’Β

333 1567 435 1606 cur
466 1554 675 1607 exsolvi
715 1553 966 1624 corporis
992 1555 1229 1610 vinculis
1259 1555 1505 1625 Optabat,
1537 1552 1683 1624 quod
1721 1552 1803 1606 vel
1837 1553 1852 1605 i

2158 1559 2213 1612 τί
2269 1556 2535 1630 ρυσθῆναι
2584 1555 2693 1609 ἀπὸ
2730 1553 2827 1607 τοῦ
2874 1551 3130 1624 σώματος
3166 1550 3408 1621 ηὔχετο,
3455 1550 3491 1604 ὃ
3544 1555 3636 1606 καὶ

335 1644 445 1699 vito
469 1646 839 1700 necessarium
882 1654 1002 1701 erat
1041 1646 1336 1718 aliquando
1368 1646 1712 1717 contingere,
1758 1659 1854 1714 pro

2133 1655 2153 1685 '
2185 1650 2343 1721 ἤθελε
2369 1690 2383 1714 ,
2422 1642 2642 1712 πάντως
2682 1646 2750 1700 ἂν
2793 1646 3111 1700 συνέϐαινεν
3149 1643 3335 1715 αὐτῷ,
3372 1642 3637 1711 καθάπερ

333 1737 590 1792 onmibus
632 1740 806 1793 emori
850 1738 1218 1793 constitutum
1263 1746 1371 1804 est,
1424 1745 1479 1794 et
1513 1738 1760 1808 ipsorum
1803 1750 1852 1789 ai

2123 1744 2218 1798 καὶ
2268 1744 2404 1796 πᾶσι
2464 1743 2643 1795 κεῖται
2691 1738 2753 1792 τὸ
2802 1736 3130 1807 τελευτῆσαι
3163 1738 3259 1790 καὶ
3285 1734 3642 1808 χωρισθῆναι

333 1843 452 1882 mas
495 1843 525 1881 a
574 1843 867 1899 corporum
916 1829 1310 1905 conjunctione
1353 1829 1558 1893 divelli,
1611 1829 1658 1884 si
1703 1829 1852 1900 qttidt

2121 1857 2124 1895 τ
2166 1837 2345 1908 ψυχὰς
2378 1834 2557 1890 αὐτῶν
2590 1834 2699 1889 ἀπὸ
2736 1833 2847 1887 τῶν
2887 1831 3157 1902 σωμάτων
3179 1870 3195 1894 ,
3229 1831 3350 1898 εῐγε
3399 1828 3640 1882 θάνατον

334 1936 536 1989 corpus
584 1921 803 1974 anima:-
832 1919 1115 1973 intcritum
1164 1935 1290 1975 esse
1336 1921 1538 1975 vellet?
1582 1921 1770 1991 Itaque
1812 1938 1847 1975 n

2125 1929 2287 1999 σῶμα
2319 1927 2420 1997 τῆς
2467 1925 2646 1997 ψυχῆς
2697 1922 3025 1991 ὑπετίθετο;
3063 1922 3231 1975 Ὥστε
3267 1922 3328 1975 οὗ
3366 1922 3433 1974 τὸ
3472 1921 3638 1991 σῶμα

334 2029 415 2063 cm
434 2027 536 2081 pus
580 2010 705 2075 hoc,
753 2025 787 2064 ο
832 2010 1181 2081 Aglaophon,
1234 2017 1468 2065 mortem
1517 2013 1780 2082 appellat,
1826 2027 1853 2067 s

2122 2039 2183 2075 το
2203 2062 2217 2085 ,
2248 2014 2294 2074 ὧ
2344 2018 2691 2088 Ἀγλαοφῶν,
2742 2017 2974 2071 θάνατον
2998 2054 3014 2080 ,
3050 2013 3189 2068 ἀλλὰ
3218 2014 3320 2085 τὴν
3351 2013 3637 2085 ἁμαρτίαν

335 2111 643 2173 put-catum,
688 2102 835 2174 quod
883 2117 980 2173 per
1021 2101 1379 2171 cupiditatem
1414 2103 1471 2158 in
1517 2120 1749 2175 corpore
1787 2118 1854 2158 re:

2118 2133 2122 2155 ι
2153 2113 2567 2184 κατοικήσασαν
2610 2110 2699 2163 διὰ
2734 2110 2834 2179 τῆς
2872 2106 3172 2178 ἐπιθυμίας
3208 2107 3269 2159 ἐν
3301 2105 3386 2174 τῷ
3417 2103 3637 2174 σώματι

334 2196 426 2249 del.
459 2216 471 2251 :
506 2212 537 2250 a
580 2209 690 2266 quo
718 2193 939 2264 quidem
978 2209 1210 2267 corpore
1236 2194 1382 2253 Deus
1434 2197 1614 2267 ipsum
1655 2196 1853 2251 advcnt

2108 2223 2171 2260 νει
2193 2247 2206 2270 ,
2237 2198 2305 2276 ἦς
2348 2204 2377 2256 ὁ
2407 2202 2540 2265 Θεὸς
2570 2201 2732 2256 αὐτὸν
2759 2199 2851 2254 διὰ
2881 2200 2981 2271 τῆς
3020 2198 3329 2270 παρουσίας
3362 2196 3463 2251 τοῦ
3498 2198 3627 2267 Χρι-

333 2288 537 2341 Clu-isti
588 2285 852 2341 beneﬁcio
903 2287 1137 2343 liberum
1187 2289 1612 2359 expeditumque
1662 2288 1852 2345 reddid

2119 2299 2154 2353 ηῦ
2205 2296 2495 2370 ἐρρύσατο.
2553 2294 2612 2346 '0
2667 2291 2777 2363 γὰρ
2818 2291 2980 2362 νόμος
3024 2290 3121 2343 τοῦ
3168 2289 3493 2359 πνεύματος
3541 2288 3638 2358 τῆς

336 2377 547 2431 Etenim
585 2377 668 2431 lex
714 2378 946 2448 spiritus
980 2380 1104 2434 vita:
1148 2381 1203 2434 in
1247 2379 1468 2435 Christo
1500 2378 1630 2435 Jcsu
1676 2380 1855 2435 libera'

2123 2393 2175 2463 ἧς
2217 2392 2275 2444 ἐν
2322 2386 2546 2461 Χριστῷ
2584 2385 2759 2456 Ἰησοῦ
2805 2382 3181 2455 ἠλευθέρωσεν
3218 2383 3371 2451 ἡμᾶς
3401 2380 3517 2434 ἀπὸ
3547 2379 3642 2433 τοῦ

335 2486 437 2525 nos
473 2485 505 2524 a
538 2470 654 2539 lege
682 2471 892 2540 peccati
922 2477 976 2527 et
1002 2473 1219 2535 mortis,
1255 2473 1426 2543 utqui
1458 2473 1708 2527 excitarit
1739 2470 1854 2526 Jest

2127 2500 2193 2536 ,ου
2222 2482 2323 2551 τῆς
2348 2479 2623 2551 ἁμαρτίας
2648 2477 2743 2530 καὶ
2775 2474 2868 2529 τοῦ
2896 2474 3128 2527 θανάτου
3147 2513 3163 2537 ,
3197 2471 3363 2537 ὅπως
3405 2475 3441 2525 ὁ
3493 2468 3646 2540 Ere!-

334 2580 367 2615 a
412 2564 657 2628 mortuis,
729 2573 942 2633 propter
987 2563 1375 2618 inhabitantem
1422 2565 1536 2634 ejus
1572 2562 1831 2633 Spiritum

2115 2596 2139 2642 ς
2192 2572 2430 2641 Ἰησοῦν
2471 2570 2541 2624 ἐκ
2584 2566 2833 2635 νεκρῶν,
2873 2564 2973 2619 διὰ
3015 2564 3082 2619 τὸ
3131 2562 3423 2618 ἐνοικοῦν
3442 2560 3634 2616 αὐτοί

334 2653 481 2708 nobis
530 2656 749 2725 viviﬁcet
798 2664 848 2709 et
898 2655 1151 2709 mortalia
1190 2671 1415 2725 corpora
1465 2656 1720 2719 nostra',
1765 2654 1853 2726 59

2118 2667 2271 2735 siina
2298 2665 2368 2718 ἐν
2392 2662 2539 2732 ἡμῖν
2571 2659 2907 2727 ζωοποιήσῃ
2941 2658 3037 2711 καὶ
3061 2658 3134 2712 τὰ
3169 2656 3361 2723 θνητὰ
3385 2654 3637 2724 σώματα

272 2780 279 2787 -
334 2763 457 2804 cum
489 2757 793 2818 peceatum,
835 2748 978 2819 quod
1011 2749 1153 2804 inest
1178 2749 1235 2803 in
1268 2763 1501 2820 corpore
1526 2755 1738 2814 nostro,
1768 2746 1791 2801 ι]

2113 2756 2218 2824 ῶν,
2244 2754 2357 2825 τῆς
2393 2753 2684 2823 ἁμαρτίας
2701 2750 2812 2819 τῆς
2836 2752 2906 2804 ἐν
2926 2748 3008 2816 τῷ
3036 2747 3265 2819 σώματι
3304 2747 3483 2817 ἡμῶν
3535 2763 3632 2801 και

337 2849 522 2896 natum
549 2841 615 2897 ad
634 2857 826 2896 necem
863 2840 1025 2898 fuerit
1075 2861 1089 2897 :
1120 2858 1232 2913 quo
1249 2841 1669 2912 naturalislegis
1697 2856 1762 2896 ac
1782 2857 1856 2911 pr.

2115 2848 2409 2916 κριθείσης
2438 2844 2591 2913 πρὸς
2620 2842 2936 2912 ἀναίρεσιν
2953 2858 2966 2873 ο
3003 2842 3094 2895 ἵνα
3123 2839 3188 2893 τὸ
3226 2839 3515 2909 δικαίωμα
3544 2836 3634 2891 τ·οἶ⁴

338 2932 477 3003 copti
527 2932 873 3003 justillcatio,
934 2946 1057 3003 quae
1101 2947 1202 2988 nos
1263 2932 1332 2987 ad
1388 2932 1594 2988 bonum
1646 2929 1857 2985 traheb:

2116 2941 2169 2993 τὰ
2195 2939 2296 3010 τὴν
2334 2937 2557 3008 ἐντολὴν
2587 2934 2727 3008 πρὸς
2753 2934 2817 2988 τὸ
2843 2931 3047 3002 ἀγαθὸν
3077 2933 3226 3003 ἡμᾶς
3253 2929 3635 2999 ἀφελκομένσυ

337 3036 500 3095 quam
536 3024 824 3080 imbecillis
858 3034 1006 3080 esset
1049 3033 1369 3095 appareret;
1402 3039 1546 3096 quae,
1596 3038 1761 3079 carne
1791 3037 1856 3076 an

2117 3028 2260 3085 σικοῦ
2306 3029 2474 3100 νόμου
2508 3025 2797 3099 φανερωθῇ
2837 3022 3147 3095 (ἐξαφθὲν),
3198 3022 3263 3075 τὺ
3295 3021 3636 3091 ἀσθενῆσαν,

337 3117 542 3170 Christi
586 3115 879 3170 adventum
914 3118 1017 3172 sub
1058 3117 1267 3186 peccati
1315 3125 1636 3188 potestatem
1673 3114 1856 3171 redact

2153 3123 2356 3195 σαρκὸς
2382 3119 2805 3193 κεκρατημένης
2826 3120 2894 3188 τῇ
2930 3116 3181 3188 ἁμαρτία
3219 3115 3329 3187 πρὸ
3359 3115 3464 3185 τῆς
3498 3131 3650 3185 παρ-

338 3208 575 3263 terrcnis
611 3208 763 3264 euris
799 3215 920 3264 erat
962 3224 1250 3280 oppressa.
1288 3207 1443 3266 lnsiti
1468 3208 1616 3265 enim
1661 3223 1692 3262 a
1729 3216 1855 3261 natu

2103 3216 2215 3280 σίας
2249 3213 2343 3268 τοῦ
2410 3211 2650 3285 Χριστοῦ
2679 3254 2694 3276 ,
2745 3214 2868 3275 ταῖς
2913 3209 3130 3272 ὑλικαῖς
3181 3208 3467 3279 φροντίσιν
3508 3210 3622 3261 ἐπι-

338 3303 463 3357 boni
500 3303 634 3362 vim.
665 3303 810 3372 quod
838 3301 1092 3372 ingenitae
1124 3302 1449 3373 corporibus
1475 3301 1765 3372 cupiditati
1796 3316 1857 3356 su

2120 3308 2369 3377 ννύμενον
2399 3306 2437 3356 ³.
2476 3304 2551 3357 Τὸ
2584 3301 2694 3373 γὰρ
2727 3300 2987 3371 ἀδύνατον
3021 3298 3113 3352 τοῦ
3144 3301 3202 3351 ἐν
3231 3301 3367 3369 ἡμῖν
3396 3295 3639 3367 φυσικοῦ

338 3394 627 3458 cubuerat,
657 3395 1006 3449 continuavit
1041 3394 1530 3465 eorroboravitque
1554 3393 1720 3458 Deus,
1754 3392 1857 3446 tuis

2117 3397 2269 3458 1006,
2304 3399 2361 3450 ὲν
2405 3388 2451 3464 ᾧ
2483 3394 2736 3465 ἠσθένει,
2767 3392 2874 3445 ὑπὸ
2903 3391 3005 3461 τῆς
3044 3390 3344 3461 ἐπιθυμίας
3378 3389 3636 3461 ἡττώμε-

338 3488 406 3543 dc
436 3488 576 3543 coelo
621 3485 780 3549 Filio,
826 3487 919 3558 qui
959 3487 1194 3542 similem
1228 3494 1430 3541 nostra;
1459 3500 1680 3542 carnem
1729 3483 1857 3539 indu

2141 3487 2242 3557 τῆς
2272 3485 2600 3558 ἐγκειμένης
2628 3484 2687 3536 ἐν
2724 3481 2802 3552 τῷ
2829 3479 3067 3552 σώματι,
3107 3480 3178 3550 (ὁ)
3216 3479 3351 3542 Θεὸς
3382 3477 3636 3549 ovasse»

340 3587 442 3634 rut.
483 3577 620 3634 Vere
669 3578 838 3644 enim,
888 3595 1000 3634 non
1057 3580 1241 3649 specie
1271 3588 1454 3645 tenus,
1502 3587 1621 3634 erat
1674 3577 1729 3632 id
1779 3593 1859 3648 qu

2118 3596 2161 3631 πο
2189 3577 2410 3647 πέμψας
2431 3575 2523 3629 τὸν
2549 3573 2679 3627 Υῑὸν
2714 3568 2908 3624 ἐαυτοῦ
2929 3610 2944 3635 ,
2978 3570 3081 3641 τὴν
3121 3568 3316 3640 ὁμοίαν
3344 3570 3413 3638 τῇ
3466 3566 3637 3638 σαρκὶ

338 3688 461 3729 esse
499 3671 808 3732 videbatur,
862 3681 921 3726 ut
972 3672 1235 3727 nimirum
1282 3671 1601 3742 adjudicato
1644 3669 1769 3726 neci
1802 3684 1857 3739 ρ(

2117 3687 2212 3724 ικα
2255 3667 2608 3740 ἀνειληφότα.
2667 3663 2922 3736 Ἀλήθεια
2957 3663 3102 3734 γὰρ,
3148 3661 3245 3716 καὶ
3294 3662 3356 3714 οὐ
3402 3659 3636 3728 δόκησις

338 3774 484 3830 cato,
512 3780 581 3820 ne
618 3764 758 3821 ullos
790 3764 988 3821 iterum
1038 3764 1094 3819 in
1142 3780 1309 3843 carne
1342 3764 1554 3818 fructus
1584 3762 1791 3825 ederet,
1830 3777 1857 3816 n

2125 3763 2153 3815 δ
2180 3761 2383 3832 ἐφάνην
2410 3761 2517 3824 ἵνα,
2547 3758 2649 3829 τῆς
2675 3758 2950 3830 ἁμαρτίας
2978 3751 3462 3824 κατακεκριμένης
3495 3751 3640 3843 πρρξ

340 3858 538 3912 turalis
564 3857 889 3925 jnstiticatio
915 3858 1050 3929 legis
1077 3842 1415 3928 impleretur,
1448 3871 1572 3927 qnze
1600 3857 1653 3909 in
1684 3854 1771 3910 bis
1796 3853 1859 3909 ob

2115 3853 2328 3925 ιίρεσιν,
2365 3853 2445 3916 είς
2472 3850 2534 3904 τδ
2574 3849 2770 3921 μηκέτι
2794 3844 3222 3919 καρποφορῆσαι
3253 3845 3310 3896 ἐν
3338 3844 3408 3913 τῇ
3443 3842 3634 3913 σαρκὶ,

340 3948 563 4003 dientiaz
608 3946 873 4003 beneﬁcio
930 3949 1286 4014 redundaret,
1336 3948 1430 4020 qui
1474 3964 1584 4003 non
1623 3964 1690 4002 ex
1739 3961 1859 4010 cari

2135 3945 2412 4015 δικαίωμα
2447 3941 2541 3996 τοῦ
2588 3939 2822 4011 φυσικοῦ
2852 3937 3018 4009 νόμου
3061 3933 3362 4006 πληρωθῇ,
3402 3932 3635 3986 altovi-

341 4040 794 4111 coneupiseentia
821 4041 1269 4111 progrediuntur,
1305 4041 1401 4097 sed
1433 4040 1502 4095 ad
1531 4041 1761 4111 spiritus
1790 4039 1858 4095 de

2116 4056 2132 4091 δ
2158 4039 2227 4109 τῇ
2258 4038 2474 4107 ὑπακοῇ
2505 4036 2618 4098 τοῖς
2647 4033 2722 4105 μὴ
2746 4032 2890 4086 κατὰ
2919 4030 3018 4101 τὴν
3052 4029 3353 4098 ἐπιθυμίαν
3378 4026 3479 4097 τῆς
3505 4042 3635 4096 σαρ-

339 4133 553 4188 det-ium
581 4148 641 4189 se
667 4148 732 4187 ac
757 4134 1137 4203 praescriptum
1168 4132 1609 4189 accommodant.
1642 4131 1754 4202 Le;
1781 4133 1858 4186 eni

2117 4146 2126 4190 :
2177 4125 2616 4200 περιπατοῦσιν,
2668 4124 2804 4178 ἀλλὰ
2849 4123 2993 4177 κατὰ
3040 4122 3142 4192 τὴν
3180 4118 3485 4188 ἐπιθυμίαν
3536 4117 3636 4171 τοῦ

342 4224 573 4294 Spiritus
604 4224 750 4289 vitae,
792 4224 897 4277 boc
926 4231 1011 4279 est
1034 4222 1414 4305 Evangelium,
1448 4223 1518 4278 ab
1544 4223 1860 4292 superiorib

2115 4214 2342 4285 εὐματος
2396 4213 2492 4267 καὶ
2546 4213 2646 4284 τὴν
2698 4212 2996 4283 ὑφήγησιν.
3062 4210 3120 4263 '0
3177 4210 3290 4280 γὰρ
3317 4207 3485 4278 νόμος
3539 4207 3634 4260 τοῦ

341 4316 556 4385 legibus
587 4314 933 4384 discrepans,
965 4315 1034 4369 ad
1075 4300 1441 4370 obedientiam
1471 4323 1859 4385 peccatorumq

2115 4307 2343 4375 εὐματος
2367 4304 2467 4375 τῆς
2497 4304 2643 4375 ζωῆς
2667 4345 2682 4369 ,
2724 4303 2752 4356 ὃ
2778 4303 2842 4375 δή
2881 4306 2998 4356 ἐστι
3039 4301 3099 4354 τὸ
3128 4300 3488 4368 Εὑαγγέλιον,
3525 4300 3634 4351 ἓτε-

341 4403 735 4458 relaxationem
761 4392 1039 4473 Evangelii
1065 4403 1341 4473 praeconio
1366 4404 1690 4468 constituta,
1718 4404 1788 4459 ab
1813 4405 1860 4458 le

2113 4414 2126 4460 ;
2153 4395 2231 4452 ὢν
2260 4396 2370 4449 τῶν
2394 4396 2810 4468 προειρημένων
2836 4397 3019 4465 νόμων
3043 4434 3058 4459 ,
3090 4394 3181 4449 διὰ
3202 4394 3298 4447 τοῦ
3336 4393 3632 4464 κηρύγμα-

343 4508 447 4547 nos
481 4493 693 4564 peccati
724 4508 790 4547 ac
817 4493 1011 4548 mortis
1040 4493 1268 4564 eripuit,
1308 4508 1374 4548 ac
1397 4503 1683 4565 peccatum
1722 4495 1862 4565 ipsuu

2113 4508 2123 4553 ;
2173 4489 2312 4562 πρὸς
2349 4489 2596 4561 ὑπακοὴν
2643 4487 2856 4555 τεθεὶς,
2912 4490 3006 4541 καὶ
3052 4488 3250 4557 ἄφεσιν
3289 4488 3632 4559 ἁμαρτημά-

343 4585 490 4657 quod
517 4586 575 4641 in
610 4601 778 4642 carne
808 4587 1073 4658 regnabat
1131 4585 1379 4643 funditus
1408 4585 1722 4643 debellavit.

2115 4599 2163 4646 ν,
2203 4580 2576 4653 ἠλευθέρωσεν
2603 4583 2751 4653 ἡμᾶς
2774 4581 2884 4635 ἀπὸ
2903 4581 2997 4634 τοῦ
3028 4581 3194 4651 νόμου
3223 4580 3326 4651 τῆς
3356 4583 3634 4652 ἁμαρτίας

2033 4677 2131 4727 καὶ
2161 4674 2255 4727 τοῦ
2299 4674 2563 4737 θανάτου,
2598 4678 2827 4746 νικήσας
2862 4675 2926 4727 ἐκ
2971 4674 3173 4738 παντὸς
3220 4675 3319 4747 τὴν
3350 4675 3635 4746 ἁμαρτίαν

2035 4762 2426 4835 βασιλεύουσαν
2449 4767 2547 4836 τῆς
2581 4765 2806 4835 σαρκός.

418 4852 587 4926 Igitur
612 4867 958 4924 quacunque
1001 4868 1067 4908 ex
1102 4853 1348 4923 Apostoli
1376 4852 1560 4909 verbis
1595 4851 1824 4923 prononi
1865 4852 1935 4906 ab

2112 4857 2177 4908 Ἀ
2210 4856 2307 4927 μὲν
2324 4854 2417 4910 οὖν
2438 4856 2501 4927 δὴ
2531 4856 2944 4928 προϐάλλονται,
2978 4856 3073 4909 καὶ
3105 4857 3169 4908 ἐκ
3194 4854 3305 4909 τῶν
3334 4854 3431 4909 τοῦ
3479 4858 3630 4909 Ἀπο-

345 4947 455 5001 illis
486 4946 683 5012 solent,
729 4947 824 5002 sed
863 4946 1146 5001 intellecta
1182 4962 1493 5018 perperam,
1533 4948 1657 5009 tibi,
1689 4962 1723 5001 ο
1756 4946 1864 5001 The

2108 4945 2226 5000 ύλου
2265 4947 2443 5019 ῥητῶν
2468 4948 2569 5001 οὐκ
2596 4946 2774 5018 ὀρθῶς
2807 4948 2950 5002 αὐτὰ
2983 4947 3366 5019 ἐξηγούμενοι,
3402 4948 3627 5017 σαφηνί-

344 5038 512 5110 pbile,
544 5038 813 5095 hactenus
843 5040 1094 5109 exposui.
1134 5038 1291 5094 Nunc
1330 5037 1398 5092 ad
1434 5039 1540 5092 alia
1586 5054 1672 5092 me
1704 5052 1863 5091 convt

2114 5056 2135 5103 ς
2186 5038 2358 5110 ἔφην,
2412 5034 2458 5093 ὧ
2511 5034 2760 5107 Θεόφιλε.
2804 5040 3087 5111 Τρέψομαι
3130 5040 3187 5094 δὲ
3240 5042 3335 5094 καὶ
3373 5041 3512 5111 πρὸς
3564 5041 3633 5093 τὸ

343 5142 480 5194 tam,
522 5138 813 5201 postquam
846 5131 1009 5199 hujus
1054 5128 1364 5199 explicandi
1401 5127 1675 5182 sermonis
1715 5125 1862 5196 adjnl

2116 5149 2198 5203 :pa
2221 5172 2236 5196 ,
2271 5132 2476 5203 ἐάνπερ
2511 5132 2603 5185 τὸν
2636 5130 2973 5203 βοηθήσοντα
3003 5134 3135 5203 ἡμῖν
3192 5132 3332 5203 πρὸς
3367 5133 3468 5204 τὴν
3499 5133 3635 5199 διέξ-

345 5236 459 5275 rem
502 5233 697 5278 nactus
728 5221 903 5277 fuero.
932 5216 1176 5275 Diliicilia
1219 5220 1423 5290 quippe
1468 5227 1620 5281 sunt,
1652 5232 1829 5288 neque

2111 5241 2156 5279 >ν
2185 5223 2437 5296 εὕρωμεν
2461 5223 2557 5277 τοῦ
2583 5224 2763 5294 λόγου.
2798 5226 3017 5298 Ἀπορα
3059 5226 3170 5298 γὰρ
3191 5265 3205 5285 ,
3245 5227 3342 5280 καλ⁵
3389 5227 3455 5280 οὒ
3489 5227 3630 5281 πάνυ

340 5314 703 5370 refellendum
741 5311 994 5383 expedita
1019 5326 1142 5381 qua:
1179 5318 1508 5381 sequuntur.
1547 5309 1667 5377 Quo
1696 5310 1858 5380 spissi

2113 5317 2201 5371 δια
2227 5317 2365 5389 πρὸς
2395 5316 2715 5390 καθαίρεσιν
2741 5318 2810 5371 τὰ
2830 5317 2974 5387 ἑξῆς.
3008 5320 3099 5372 Διὸ
3138 5320 3233 5374 καὶ
3267 5322 3630 5392 ὀκνηρότερον

340 5422 407 5462 ιο
438 5405 685 5463 timidius
714 5406 831 5462 haec
870 5403 1186 5476 aggredior,
1211 5418 1448 5474 quorum
1478 5403 1696 5474 longam
1723 5417 1788 5458 ac
1807 5403 1859 5457 d;

2108 5408 2217 5463 τῶν
2264 5409 2538 5481 ἅπτομαι,
2577 5411 2796 5482 μακρὰν
2825 5412 2922 5466 καὶ
2964 5410 3210 5483 χαλεπὴν
3261 5413 3443 5466 αὐτῶν
3486 5413 3627 5484 ὁρῶν

345 5497 542 5554 ticilem
570 5496 689 5554 fore
716 5494 1099 5568 probationem
1124 5494 1306 5561 video,
1334 5495 1442 5550 nisi
1474 5496 1755 5566 sapientiae
1777 5513 1864 5566 qu:

2105 5518 2133 5552 ν
2167 5500 2438 5567 ἀπόδειξιν
2471 5502 2737 5574 ἐσομένην
2760 5545 2774 5569 ,
2803 5503 2897 5558 ἐὰν
2923 5507 3105 5576 μήτις
3136 5506 3286 5577 ἡμᾶς
3326 5502 3475 5576 αὖρα
3508 5524 3621 5561 συνι

419 5649 436 5684 ³
466 5647 624 5703 noun.
660 5664 778 5715 vm,
812 5651 895 5703 Η.
974 5653 992 5682 ⁸
1026 5650 1131 5699 (Tur
1332 5652 1423 5717 ιιξ.
1504 5650 1524 5680 ³
1547 5648 1605 5704 ιτ.
1634 5653 2099 5725 ὲπιχωννυμένω.
