3794 6146
225 284 395 344 “TI.

924 271 1300 346 anvsnsus
1337 286 1683 345 ιιιιιιιεεεε
1721 286 1817 344 ιιι

1995 286 2160 344 TOM.
2201 290 2241 345 l.
2266 321 2333 332 -—
2355 290 2631 349 HERES.
2670 292 2851 348 LXIV.

3375 295 3515 351 N78

224 399 394 463 έσεως
423 397 579 469 ἄφνω
614 398 672 467 ἐξ
702 399 932 473 οὐρανοῦ
960 402 1408 469 καταπνεύσασα,
1470 403 1727 476 καθάπερ
1761 404 1817 458 ὲν

1962 418 2048 456 am
2092 416 2227 457 aura
2256 413 2480 474 repente
2521 406 2742 463 coalitus
2791 405 3070 477 aspirans,
3106 407 3209 473 sic,
3249 416 3514 479 tanquam

228 494 382 563 μέσῳ
412 491 748 562 νηχομένους
775 492 1004 564 πελάγει
1032 536 1049 561 ,
1108 497 1187 560 είς
1219 496 1391 568 ὅρμον
1433 496 1683 568 ἀκύμονα
1727 496 1817 551 καὶ

1961 512 1978 550 ι
2020 495 2134 549 alto
2164 494 2508 567 navigantes,
2542 499 2906 571 tranquillum
2948 501 3016 556 ad
3061 508 3283 574 portum
3320 514 3387 556 ac
3423 497 3514 550 lir-

224 583 502 651 ἀπόδειξιν
533 585 966 660 ἀποκαταστήσῃ
993 588 1430 661 ἀσφαλεστέραν.

481 677 635 743 Ἕως
664 670 782 731 ὧδε
816 678 884 731 τὸ
907 678 1091 749 μέρος
1122 678 1241 733 τῶν
1261 679 1575 736 Μεθοδίου.

295 763 413 819 EI".
450 767 639 847 *Ταῦτα
676 770 778 839 μὲν
823 768 916 825 οὖν
954 774 1102 827 ἐστιν
1134 772 1243 827 ἀπὸ
1284 773 1483 845 μέρους
1518 772 1656 847 καθ’
1711 772 1821 844 εἱρ-

230 856 328 925 μὸν
358 857 467 912 τῶν
500 860 608 913 ὑπὸ
632 861 727 915 τοῦ
764 864 1073 936 μακαρίτου
1108 865 1373 919 Μεθοδίου
1405 846 1550 936 (46Ϊ,
1593 864 1688 918 τοῦ
1722 864 1833 925 καὶ,

225 946 556 1016 Εὑδουλίου,
601 954 730 1025 περὶ
775 955 870 1009 τοῦ
917 957 1321 1027 προειρημένου
1370 958 1679 1029 Ὠριγένους
1721 955 1817 1010 καὶ

224 1038 326 1108 τῆς
359 1040 525 1095 αὑτοῦ
552 1043 641 1097 διὰ
668 1047 988 1118 σοφιστικῆς
1021 1047 1236 1117 πλάνης
1263 1048 1630 1110 κακοπιστίας
1656 1050 1712 1102 ἐν
1735 1048 1815 1118 τῷ

225 1128 376 1200 αὐτῷ
407 1133 536 1204 περὶ
570 1135 923 1199 ἀναστάσεως
952 1136 1117 1207 λόγῳ.
1150 1138 1221 1191 Ἀ
1244 1137 1480 1191 ἐνταῦθα
1507 1136 1819 1209 παραθέμε-

225 1236 307 1272 νοι
384 1222 584 1287 ἱκανῶς
652 1223 799 1296 ἔχειν
862 1226 1196 1297 ἐνομίσαμεν
1253 1226 1390 1297 πρὸς
1447 1225 1547 1293 τὰς
1607 1226 1815 1280 ἐκείνου

226 1311 495 1384 φλυαρίας
520 1353 535 1379 ,
570 1315 668 1369 καὶ
696 1316 795 1387 τῆς
836 1317 1002 1371 αὐτοῦ
1042 1316 1358 1389 ἀνατροπῆς
1388 1317 1405 1348 ¹
1443 1317 1543 1388 τῆς
1581 1315 1690 1371 τῶν
1719 1318 1815 1373 ἀν·-

225 1404 460 1475 θρώπων
494 1405 640 1479 ζωῆς
678 1409 748 1463 δι’
798 1408 1136 1466 ἐπιπλάστου
1186 1408 1287 1480 (ἐξ)
1339 1409 1660 1479 Ἑλληνικῆς
1709 1409 1818 1462 δει-

227 1497 564 1569 σιδαιμονίας
604 1501 701 1554 καὶ
753 1501 1100 1574 κακοηθείας.
1150 1500 1330 1556 Πολλά
1378 1501 1489 1573 γὰρ
1521 1501 1635 1555 καί
1656 1501 1819 1572 ἕτερα

223 1588 283 1640 ἐν
313 1592 380 1660 τῇ
413 1591 541 1661 περὶ
576 1592 675 1663 τῆς
709 1592 1021 1656 ὑποθέσεως
1049 1591 1342 1663 ἀκολουθίᾳ
1380 1590 1458 1662 τῷ
1489 1591 1818 1663 προειρημέ-

223 1694 301 1748 νῳ
332 1677 583 1751 Μεθοδίῳ
605 1679 761 1752 ἀνδρὶ
798 1680 968 1752 λογίῳ
1007 1683 1141 1744 όντι,
1178 1682 1272 1735 καὶ
1305 1680 1510 1752 σφόδρα
1551 1682 1681 1751 περὶ
1712 1681 1815 1751 τῆς

1920 586 2150 642 miorem
2175 587 2695 645 demonstrationem
2720 593 2978 661 appellat.

2360 677 2631 734 Hactenus
2657 697 2723 735 ex-
2744 681 3036 737 Methodio.

1989 764 2176 822 LXIII.
2218 767 2398 839 Atque
2426 770 2541 825 haec
2582 780 2711 827 sunt
2749 790 2780 829 e
2811 776 2952 829 beati
2999 773 3281 841 Methodii,
3313 772 3405 843 qui
3446 778 3503 826 et

1918 856 2190 915 Eubulius
2217 861 2399 917 dictus
2428 870 2534 930 est,
2566 864 2789 933 scriptis
2825 867 3019 922 ordine
3045 868 3325 935 decerpta,
3369 880 3492 934 qua:

1919 946 1988 1002 de
2019 946 2274 1017 Origene,
2308 947 2713 1019 depravalaque
2750 948 3004 1020 Origeuis
3045 952 3150 1007 ﬁde
3183 949 3505 1021 s0phisticis

1918 1040 2365 1096 cavillationibus
2394 1041 2673 1111 implicata
2704 1043 2760 1097 in
2787 1044 2977 1098 eodem
3005 1045 3072 1099 de
3100 1043 3509 1100 resurrectione

1917 1131 2062 1186 libro
2100 1132 2386 1193 disseruit.
2424 1132 2583 1203 591
2620 1133 2752 1199 Quae
2784 1135 2895 1189 hoc
2924 1136 3045 1190 loco
3079 1135 3360 1205 proposita
3390 1132 3508 1188 suf-

1918 1219 2082 1276 ﬁcere
2115 1229 2308 1276 contra
2362 1221 2512 1276 illius
2570 1237 2744 1292 nugas
2796 1222 3113 1293 putavimus
3174 1222 3509 1292 impiamquo

1918 1311 2252 1376 doctrinam,
2303 1327 2412 1382 qua
2485 1312 2709 1368 humani
2769 1314 2985 1384 generis
3053 1313 3220 1367 vitam
3268 1309 3505 1367 ascititia

1918 1404 2012 1460 illa
2052 1403 2337 1476 gentilium
2368 1405 2763 1474 superstitione
2795 1412 2961 1476 atque
2994 1403 3347 1475 improbitate
3381 1416 3508 1456 cor-

1918 1497 2087 1567 rupit.
2124 1495 2190 1550 Et
2221 1512 2535 1567 quanquam
2575 1496 2683 1551 alia
2716 1498 2979 1568 pleraque
3017 1497 3159 1552 idem
3216 1511 3493 1566 argumen-

1916 1592 2034 1642 tum
2070 1586 2379 1642 Metbodius
2409 1587 2502 1643 ille
2534 1586 2617 1641 vir
2649 1592 2898 1659 apprime
2941 1589 3137 1643 doctus
3175 1588 3509 1642 acerrimus—

1917 1692 2025 1748 que
2071 1678 2321 1733 veritatis
2369 1686 2638 1748 patronus
2685 1679 2740 1733 in
2773 1679 2964 1734 eodem
2993 1679 3134 1733 libro
3185 1678 3503 1747 disputarit,

223 1769 484 1841 ἀληθείας
517 1772 913 1841 ἀγωνισαμένῳ
967 1772 1238 1844 εἰρημένα
1284 1772 1540 1842 εἴρηται,
1594 1772 1814 1836 πάντως

1961 1770 2146 1824 itidem
2171 1769 2305 1836 fere,
2334 1777 2471 1840 quot
2505 1784 2536 1823 a
2574 1769 2736 1825 nobis
2763 1771 3008 1840 excerpti
3037 1778 3187 1833 sunt,
3228 1768 3502 1830 versibus,

224 1878 328 1915 που
357 1863 453 1915 καὶ
479 1864 585 1934 ἔπη
619 1864 856 1918 τοσαῦτα
891 1864 1001 1936 (47)
1035 1865 1234 1936 ἐτεραο
1278 1864 1395 1918 ἀλλ’
1428 1863 1618 1934 ἐπειδὴ
1653 1866 1819 1933 ὲπηγ.

223 1954 524 2025 γειλάμεθα
554 1955 675 2009 καθ’
703 1957 942 2028 ἑκάστην
970 1956 1181 2027 αἵρεσιν
1219 1957 1377 2026 ὀλίγα
1406 1956 1546 2027 πρὸς
1574 1955 1674 2028 τὴν
1714 1955 1816 2009 αὑ-

223 2046 321 2114 τῆς
370 2047 685 2118 ἀνατροπὴν
724 2047 905 2117 λέγειν
941 2049 1036 2118 (ού
1075 2042 1184 2120 γάρ
1221 2051 1361 2106 εἰσιν
1405 2048 1616 2118 ὀλίγαι)
1643 2088 1656 2110 ,
1709 2047 1816 2111 ἕως

222 2127 325 2187 ᾆδε
375 2138 439 2189 ἐκ
467 2139 564 2206 τῆς
619 2138 785 2192 αὑτοῦ
835 2139 1217 2210 πραγματείας
1252 2139 1623 2211 παραθέμενοι
1655 2137 1815 2209 ἠρκέ-

224 2225 453 2296 σθημεν.
499 2228 685 2297 Ὀλίγα
734 2229 791 2282 δὲ
849 2232 945 2283 καὶ
996 2231 1151 2284 αὐτοὶ
1188 2231 1288 2301 τῆς
1341 2230 1499 2302 ήμῶν
1539 2230 1813 2299 πτωχείας

223 2318 302 2380 είς
328 2319 424 2389 τὴν
454 2319 625 2391 αὐτὴν
655 2319 750 2373 τοῦ
784 2322 981 2395 ἀνδρὸς
1010 2324 1278 2396 φλυαρίαν
1308 2322 1389 2375 ἔτι
1430 2321 1811 2393 προσθέμενοι,

223 2411 653 2483 καταπαύσομεν
677 2413 766 2466 τὸν
811 2417 932 2468 κατ’
964 2415 1129 2470 αὐτοῦ
1164 2414 1379 2485 ἀγῶνα,
1410 2414 1489 2480 τῷ
1530 2412 1650 2484 Θεῷ
1677 2414 1814 2467 ἀπο-

222 2501 515 2566 δεδωκότες
552 2503 615 2557 τὸ
652 2502 905 2573 βραϐεῖον
934 2504 1012 2575 τῷ
1055 2503 1319 2574 νικοποιῷ
1342 2546 1357 2570 ,
1396 2505 1493 2557 καὶ
1520 2503 1618 2574 τὴν
1647 2500 1811 2555 αὐτοῦ

235 2593 561 2664 Ἐκκλησίαν
620 2598 689 2667 τῇ
755 2595 861 2668 ἰδίᾳ
912 2596 1077 2651 αὐτοῦ
1139 2595 1517 2668 φιλανθρωπίᾳ
1579 2595 1812 2648 πάντοτε

225 2684 531 2756 στέμμασιν
588 2688 981 2758 ἀμαραντίνοις
1046 2686 1515 2759 κατακοσμοῦντι,
1560 2688 1673 2749 τοῖς
1712 2686 1811 2756 τῆς

225 2776 487 2848 ἀληθείας
535 2778 910 2851 κηρύγμασιν.
980 2778 1240 2851 Λέξωμεν
1282 2778 1465 2834 τοίνυν
1507 2778 1604 2832 καὶ
1658 2778 1812 2832 αὐτοὶ

161 2935 165 2940 _
222 2869 362 2941 πρὸς
398 2866 561 2923 αὐτὸν
598 2872 742 2923 κατὰ
777 2870 1030 2943 δύναμιν.

291 2962 546 3028 Φάσκεις,
580 2957 627 3016 ὦ
651 2956 825 3028 οὗτος,
858 2965 934 3027 ὡς
968 2964 1062 3017 καὶ
1104 2963 1217 3018 ἀνω
1254 2979 1345 3033 μοι
1383 2961 1807 3033 προδεδήλωται,

223 3054 747 3126 ἐπισκωμματίζων,
782 3056 866 3109 ὅτι
889 3055 981 3126 Μὴ
1011 3055 1121 3128 ἄρα
1152 3055 1485 3128 βυρσοδέψης
1510 3051 1578 3127 ἦν
1603 3058 1631 3109 ό
1652 3056 1805 3121 Θεὸς,

1919 1860 2279 1916 nihilominus
2311 1875 2436 1915 cum
2469 1860 2521 1915 id
2564 1860 2723 1915 initio
2751 1861 3144 1931 receperimus,
3171 1860 3227 1912 in
3257 1871 3506 1928 unaqua-

1918 1969 2028 2024 que
2054 1951 2341 2007 tractanda
2389 1951 2587 2007 haaresi
2617 1966 2795 2022 pauca
2837 1966 2943 2005 nos
2978 1950 3046 2004 ad
3077 1949 3199 2019 ejus
3251 1948 3507 2003 confuta-

1917 2048 2121 2102 tionem
2163 2061 2289 2101 esse
2319 2045 2568 2101 dicturos
2608 2044 2763 2116 (sunt
2806 2045 2955 2100 enim
2990 2058 3221 2099 numero
3255 2043 3505 2111 complu-

1917 2140 2050 2202 res),
2087 2136 2224 2192 satis
2264 2150 2389 2191 esse
2425 2135 2685 2191 duximus
2730 2137 3015 2205 hucusque
3044 2150 3110 2189 ex
3147 2134 3296 2189 illius
3343 2148 3510 2203 opere

1917 2228 2294 2283 transtulisse.
2332 2226 2516 2293 Quare
2541 2228 2633 2282 ubi
2667 2226 2934 2283 adversus
2972 2226 3215 2282 hominis
3252 2226 3507 2281 incondi-

1916 2327 2027 2375 tam
2056 2320 2445 2391 loquacitatem
2488 2318 2755 2373 nonnulla
2802 2319 2982 2373 adhuc
3010 2335 3075 2372 ex
3105 2318 3287 2387 inopia
3322 2329 3507 2372 nostra

1915 2411 2442 2481 deprompserimus,
2484 2409 2765 2482 pugnandi
2793 2408 3059 2465 adversus
3094 2410 3247 2462 illum
3284 2407 3507 2462 modum

1913 2500 2213 2568 faciemus;
2250 2509 2544 2572 postquam
2584 2501 2799 2556 auctori
2836 2502 3082 2556 victoria:
3120 2499 3232 2556 Deo
3263 2500 3507 2553 victorias

1914 2593 2199 2663 pur-mium
2222 2602 2300 2648 ‘ac
2327 2593 2500 2650 decus
2539 2595 2928 2663 obtulerimus,
2963 2595 3059 2665 qui
3107 2609 3206 2664 pro
3237 2593 3508 2663 singulari

1914 2684 2258 2740 humanitate
2285 2699 2386 2740 sua
2417 2685 2782 2740 amarantinis
2823 2693 3091 2756 perpetuo
3115 2685 3359 2747 coronis,
3402 2684 3508 2737 hoc

1912 2784 1998 2833 est
2034 2777 2287 2832 veritatis
2326 2777 2696 2848 dogmatibus,
2726 2778 3030 2833 Ecclesiam
3070 2786 3317 2831 exornat.
3354 2774 3510 2833 Nunc

1912 2883 2042 2941 ergo
2075 2867 2343 2925 adversus
2373 2869 2626 2925 eumdem
2661 2884 2761 2939 pro
2786 2870 2993 2926 viribus
3023 2868 3387 2939 disputemus.

1983 2960 2065 3016 Tu
2087 2962 2275 3031 igitur,
2317 2963 2394 3017 mi
2443 2962 2630 3024 homo,
2668 2976 2764 3033 per
2796 2961 2984 3032 jocum
3027 2962 3143 3017 haec
3176 2961 3338 3017 nobis
3377 2961 3511 3031 obji-

1911 3055 2015 3119 cis,
2048 3063 2106 3108 ut
2134 3055 2296 3109 initio
2322 3055 2697 3118 meminimus,
2729 3062 3048 3108 utrumnam
3087 3055 3250 3125 pellio
3284 3053 3508 3125 quidam

224 3145 311 3199 ἵνα
343 3120 575 3217 χιτῶνας
607 3120 981 3218 δερματίνους
1009 3120 1122 3212 τοῖς
1152 3120 1287 3220 περὶ
1314 3120 1405 3201 τὸν
1444 3120 1625 3218 ⁷Ἀδεὶιμ
1653 3149 1809 3218 ποιή-

1961 3164 2056 3203 eus
2075 3157 2243 3213 esset,
2280 3157 2339 3203 ut
2366 3159 2611 3215 scorteas
2643 3148 2861 3204 tunicas
2885 3146 3095 3202 Adamo
3123 3148 3353 3217 ejusque
3376 3160 3511 3201 Con-

225 3255 314 3311 σῃ,
355 3238 581 3310 μηδέπω
609 3238 763 3302 ζώων
789 3239 1136 3311 τεθυμένωνς
1162 3242 1224 3294 Εἰ
1260 3241 1317 3295 δὲ
1358 3242 1452 3295 καὶ
1477 3240 1644 3310 ἐτύθη
1671 3239 1807 3305 ζῶα,

223 3333 323 3386 οὐκ
354 3327 516 3404 ἦσαν,
550 3335 703 3404 φησι,
736 3334 964 3403 χιτῶνες
996 3334 1329 3406 δερμάτινοι,
1362 3334 1501 3389 ἀλλά
1527 3334 1589 3388 τὸ
1619 3334 1811 3406 γήϊνον

223 3424 251 3477 ὃ
287 3425 646 3497 περικείμεθα
689 3425 867 3497 σῶμα.
909 3427 1021 3480 Καὶ
1053 3427 1387 3498 πανταχόθεν
1425 3427 1707 3498 ἐλέγχεται
1743 3427 1810 3498 τῇ

196 3505 317 3572 ’τοῦ
338 3518 583 3572 διαϐόλου
613 3518 826 3589 ἐπινοίᾳ
850 3518 947 3571 καὶ
964 3521 1030 3591 τῇ
1062 3519 1155 3573 τοῦ
1172 3519 1348 3590 ὄφεως
1378 3520 1644 3592 ὼλιότητι
1673 3535 1815 3591 παρ-

225 3608 557 3676 ακολουθῶν,
588 3608 795 3682 φθορὰν
825 3609 1085 3674 ἀπιστίας
1136 3613 1204 3683 τῇ
1241 3611 1812 3684 ἀνθρωπότητι.ὲργα-

225 3701 471 3773 ζόμενος,
516 3703 612 3756 καὶ
651 3705 752 3775 τὴν
787 3703 933 3757 Εὕαν
971 3702 1437 3776 ὲξαπατήσαντος,
1477 3703 1572 3756 καὶ
1604 3703 1691 3756 ἀεὶ
1714 3701 1814 3765 τὰς

224 3795 461 3859 διανοίας
484 3795 593 3848 τῶν
622 3796 896 3870 ἀκεραίων
928 3796 1118 3868 ψυχῶν
1147 3798 1214 3867 τῇ
1252 3795 1561 3867 πανουργίᾳ
1602 3796 1659 3848 ἐν
1695 3796 1815 3857 ταῖς

225 3887 403 3941 αὐτῶν
440 3887 701 3952 διανοίαις
734 3888 1236 3960 παραφθείραντος.
1271 3887 1501 3959 ’Ἰδωμεν
1535 3886 1735 3951 τοίνυν,
1764 3888 1814 3940 εί

225 3979 445 4034 δύναται
473 3979 541 4033 τά
575 3980 680 4034 ὑπὸ
710 3980 803 4033 σοῦ
836 3983 956 4053 είρη
967 3980 1104 4051 μένα
1135 3979 1279 4051 ἔχειν
1308 3979 1521 4046 στάσιν,
1548 3979 1660 4043 ὡς’
1690 3995 1816 4031 τοσο

227 4071 368 4127 αὔτα
402 4072 701 4144 μοχθήσας,
737 4073 832 4126 καὶ
857 4075 938 4137 εἰς
967 4074 1144 4144 μάτην
1175 4073 1375 4136 ἐλάσας
1407 4071 1500 4125 τὸν
1534 4072 1665 4144 περὶ
1689 4087 1815 4124 τοσ-

226 4165 398 4221 ούτων
426 4166 621 4236 βίϐλων
646 4167 969 4236 συγγραφῆς
992 4164 1199 4235 ἀγῶνα.
1231 4166 1295 4219 El
1319 4166 1427 4237 γάρ
1447 4166 1594 4218 ἐστιν
1616 4164 1816 4235 ἀληθὲς

227 4260 257 4314 ὃ
299 4260 430 4332 περὶ
478 4258 571 4313 σοῦ
618 4259 804 4330 ᾄδεται
846 4257 981 4330 (48),
1032 4259 1114 4311 ὅτι
1154 4258 1554 4329 ἑξακισχιλίους
1601 4256 1817 4328 βίόλους

230 4352 574 4423 συνεγράψω,
614 4344 660 4404 ὦ
702 4348 1053 4420 ματαιοπόνε,
1087 4349 1182 4403 καὶ
1225 4350 1316 4403 τὸν
1353 4350 1531 4404 πάντα
1569 4349 1817 4420 κάματον

1907 3242 2025 3313 jugi
2077 3240 2303 3306 laceret,
2343 3255 2469 3295 cum
2523 3241 2735 3296 nullum
2778 3238 2959 3296 adhuc
3004 3239 3313 3309 jugulatum
3363 3243 3511 3291 essm

1914 3330 2161 3385 animal?
2206 3331 2284 3385 Ac
2338 3332 2558 3385 tametsi
2609 3337 2845 3385 mactata
2899 3346 3021 3387 esse
3063 3328 3257 3387 demus
3303 3328 3508 3401 aliqua,

1914 3435 2024 3475 non
2053 3427 2257 3484 tamen,
2293 3420 2490 3489 inquit,
2525 3419 2593 3475 de
2626 3419 2870 3489 pelliceis
2896 3421 3122 3485 tunicis,
3167 3420 3263 3476 sed
3295 3421 3362 3476 de
3396 3431 3510 3475 ter-

1916 3528 2071 3577 reno,
2114 3511 2263 3582 quod
2299 3527 2403 3567 nos
2433 3512 2626 3579 ambit,
2659 3527 2891 3582 corpore
2920 3512 3243 3583 accipienda
3277 3513 3395 3567 haec
3429 3513 3511 3567 vi-

1915 3606 2134 3663 dentur.
2175 3605 2233 3661 In
2264 3621 2377 3676 quo
2406 3606 2557 3660 omni
2599 3620 2668 3659 ex
2712 3613 2869 3675 parte
2914 3605 3119 3659 diaboli
3158 3604 3404 3659 fraudem
3448 3619 3513 3659 ac

1917 3700 2191 3770 serpentis
2217 3698 2573 3753 calliditatem
2600 3698 2803 3751 imitari
2832 3698 3204 3761 convincitur,
3241 3705 3406 3766 atque
3437 3697 3509 3750 ita

1916 3792 2161 3846 humano
2183 3789 2372 3861 generi
2392 3788 2733 3844 inﬁdelitatis
2748 3789 3117 3859 corruptelam
3138 3789 3509 3844 consciscere.

1916 3879 2391 3949 Quemadmodum
2418 3887 2474 3935 et
2507 3881 2675 3935 Evam
2702 3886 2865 3933 antea
2896 3894 3125 3949 serpens
3158 3880 3248 3933 ille
3271 3879 3508 3949 decepit,

1917 3992 1982 4031 ac
2012 3974 2414 4045 simpliciorum
2448 3974 2732 4028 hominum
2764 3972 2977 4029 animos
3017 3972 3259 4029 versutia
3304 3987 3403 4027 sua
3447 3987 3513 4027 ac

1917 4068 2227 4124 calliditate
2273 4067 2560 4139 pervertit.
2589 4065 2892 4121 Videamus
2934 4065 3104 4136 igitur
3140 4074 3324 4120 utrum
3365 4075 3513 4121 stare

1919 4176 2042 4232 quae
2069 4169 2201 4216 sunt
2230 4173 2262 4213 a
2294 4167 2348 4214 te
2375 4158 2522 4213 dicta
2558 4158 2791 4229 possint,
2822 4174 2947 4213 cum
2980 4166 3265 4228 tantopere
3292 4146 3514 4213 labora-

1918 4254 2016 4316 ris,
2063 4267 2127 4306 ac
2171 4250 2378 4307 frustra
2420 4259 2533 4305 tam
2583 4250 2816 4306 inﬁnitis
2852 4250 3224 4306 voluminibus
3272 4251 3514 4306 conscri-

1920 4345 2117 4403 bendis
2159 4345 2437 4416 quoddam
2487 4345 2589 4400 tibi
2628 4353 2907 4400 certamen
2944 4345 3228 4400 indixeris.
3265 4343 3324 4400 Si
3366 4344 3512 4399 enim

230 4446 310 4507 είς
346 4444 549 4513 ψόγους
594 4445 688 4498 καὶ
731 4444 916 4509 δόλους
962 4443 1325 4515 ματαιότητος
1362 4441 1649 4506 ἀναλώσας
1683 4458 1814 4510 σφο-

1961 4445 2260 4506 erum-est,
2309 4437 2457 4509 quod
2510 4437 2579 4493 de
2624 4449 2677 4493 te
2720 4438 3056 4510 percrebuit,
3102 4452 3195 4494 sex
3249 4438 3513 4493 librorum

228 4535 371 4606 δρῶς
407 4536 500 4588 καὶ
540 4534 716 4599 κενῶς
746 4534 845 4606 τὴν
885 4533 986 4606 σὴν
1019 4533 1286 4605 ἐργασίαν
1333 4534 1698 4604 καταστήσας,
1731 4531 1817 4585 διά

1961 4531 2101 4586 nillia
2137 4547 2167 4585 a
2220 4541 2272 4587 te
2305 4547 2427 4587 esse
2469 4532 2807 4603 conscripta,
2850 4547 2883 4587 ο
2920 4531 3136 4597 infelix,
3178 4533 3269 4602 qui
3312 4532 3517 4587 inanis-

229 4624 339 4676 τῶν
380 4625 693 4692 ἀναγκαίων
745 4618 821 4678 ὧν
867 4622 1281 4696 παρεχάραξας,
1339 4622 1661 4676 ἀνέλπιστον
1720 4622 1817 4693 τῆς

1961 4627 2067 4681 ime
2094 4625 2410 4689 desudaris,
2445 4640 2510 4678 ac
2532 4634 2767 4680 conatus
2792 4633 2917 4679 tuos
2949 4640 3142 4681 omnes
3168 4632 3318 4679 tanta
3344 4626 3513 4680 animi

232 4717 503 4788 ἐμπορίας
535 4734 628 4771 σου
659 4718 750 4772 τὸν
783 4719 1029 4790 κάματον
1060 4718 1450 4790 περιεποιήσω.
1489 4718 1552 4770 El
1582 4716 1690 4788 γὰρ
1717 4717 1817 4770 οὐκ

1961 4717 2282 4772 onlentione
2338 4717 2393 4771 in
2421 4716 2857 4786 vituperationes
2913 4732 2977 4770 ac
3006 4718 3334 4774 vanissimas
3366 4717 3516 4772 frau-

231 4808 516 4863 ἀνίσταται
566 4802 629 4860 τὸ
668 4809 847 4880 σῶμα,
891 4811 1013 4865 οὐδὲ
1059 4813 1092 4883 ή
1130 4811 1275 4882 ψυχή
1310 4828 1363 4862 τι
1393 4810 1812 4882 κληρονομήσει.

1962 4826 2021 4866 es
2048 4810 2430 4886 insumpseris,
2469 4824 2695 4879 operam
2729 4809 2963 4881 denique
2997 4818 3146 4864 tuam
3178 4810 3382 4866 frustra
3417 4826 3515 4880 po-

230 4901 347 4958 Μία
377 4900 485 4974 γὰρ
515 4902 609 4954 καὶ
649 4903 679 4973 ή
710 4902 849 4973 αὐτὴ
892 4900 1146 4957 κοινωνία
1192 4901 1286 4955 τοῦ
1328 4917 1386 4953 τε
1421 4900 1673 4971 σώματος
1721 4899 1817 4953 καὶ

1961 4903 2128 4966 ueris,
2165 4902 2428 4956 nimirum
2460 4902 2754 4973 praecipuis
2787 4903 2896 4957 illis
2932 4918 2995 4957 ac
3031 4904 3362 4957 necessariis
3393 4903 3512 4957 ﬁdei

231 4996 330 5066 τῆς
362 4993 562 5065 ψυχῆς,
609 4994 704 5046 καὶ
748 4993 848 5064 μία
882 4996 1134 5066 ἐργασία.
1180 4995 1500 5048 Ἀνάστασιν
1530 4992 1587 5045 δὲ
1615 4991 1816 5063 παλιμ-

1961 4993 2199 5063 apitibus
2245 4992 2636 5064 depravandis,
2687 4993 3039 5065 desperatum
3101 5009 3165 5048 ac
3201 4994 3381 5051 fructu
3421 5011 3514 5051 ca-

307 5150 324 5180 ¹
357 5146 421 5203 F.
451 5149 551 5221 τὴν
577 5146 741 5203 αὐτοῦ
764 5148 1100 5221 ἀνατροπήν.
1177 5151 1197 5182 ³
1229 5147 1292 5202 F.
1337 5140 1401 5202 ὦ.

309 5304 421 5376 (46)
462 5306 597 5360 Ὑπὸ
628 5305 734 5360 τοῦ
751 5305 1085 5375 μακαρίτου
1112 5306 1424 5361 Μεθοδίου.
1453 5304 1679 5363 Notabis
1707 5305 1818 5361 Me-

237 5375 483 5429 thodium
515 5378 622 5429 alio
650 5378 871 5431 nomine
908 5377 978 5430 (Ιίι
1003 5386 1112 5429 ιιιιιι
1151 5376 1464 5430 Euhulium.

308 5445 421 5517 (47)
458 5445 703 5511 Πάντως
733 5461 852 5499 που
897 5451 993 5501 καὶ
1031 5447 1145 5515 ἔπη
1186 5448 1472 5504 τοσαῦτα.
1512 5448 1660 5518 Ἔπη
1693 5453 1822 5503 sunt

239 5519 422 5579 verba,
455 5532 564 5570 non
593 5532 807 5573 versus.

308 5587 421 5656 (48)
454 5589 524 5641 El
545 5587 654 5657 γάρ
674 5588 846 5643 ἐστιν
866 5587 1089 5652 ἀληθὲς
1110 5584 1141 5639 ὃ
1158 5586 1290 5656 περὶ
1314 5589 1428 5643 σοῦ
1452 5588 1673 5656 ᾅδεται.
1719 5586 1819 5643 Hic

238 5656 329 5711 ille
354 5656 671 5728 locusest,
708 5673 773 5713 ex
807 5674 916 5728 quo
962 5657 1192 5713 Rulinus
1221 5658 1473 5728 Origenis
1512 5660 1817 5721 adamator,

240 5726 385 5782 etab
420 5726 750 5800 Hieronymo
791 5726 953 5801 atque
977 5728 1281 5801 Epiphanio
1301 5726 1370 5785 ob
1400 5730 1454 5786 id
1480 5730 1712 5796 alienus,
1736 5746 1818 5785 as-

1921 5305 2141 5360 serebat
2170 5302 2794 5374 Epiphaninmjactasse
2824 5318 2919 5360 sex
2954 5302 3216 5357 librorum
3242 5303 3404 5356 millia
3440 5304 3510 5358 ab

1920 5375 2156 5446 Origene
2187 5373 2499 5445 conscripta
2529 5390 2588 5440 se
2619 5373 2838 5444 legisse.
2869 5374 3023 5439 Quod
3059 5374 3409 5446 nugacissimi
3442 5389 3508 5427 ac

1918 5443 2204 5501 vanissimi
2271 5443 2512 5499 hominis
2563 5443 2935 5498 commentum
2991 5443 3190 5499 refellit
3240 5444 3510 5568 llieronf-

1919 5533 2043 5568 mus
2078 5516 2234 5568 Αοοί.
2271 5533 2308 5568 ιι
2344 5515 2399 5568 ἰιι
2429 5515 2703 5568 eumdem.
2738 5514 3021 5568 Nusuuam
3053 5516 3198 5568 enim
3233 5523 3328 5568 aut
3359 5518 3430 5568 de
3473 5515 3510 5568 i-

1919 5533 2043 5572 mus
2078 5516 2234 5582 Apol.
2271 5533 2308 5571 ιι
2344 5515 2399 5569 ἰιι
2429 5515 2703 5570 eumdem.
2738 5514 3021 5584 Nusquam
3053 5516 3198 5569 enim
3233 5523 3328 5569 aut
3359 5518 3430 5570 dc
3452 5514 3510 5569 Ii-

1918 5588 2142 5642 brorum
2182 5601 2414 5641 numero
2451 5585 2735 5639 aliirmavit
2769 5585 3128 5655 Epiphanius,
3161 5598 3250 5640 aut
3283 5587 3505 5640 totidem

1919 5674 1948 5711 a
1980 5674 2039 5713 se
2078 5658 2252 5729 lectos
2281 5655 2652 5729 conﬁrmavit.
2686 5655 2877 5729 ⁸ΑάιΙὶι
2907 5655 3122 5712 Hieron.
3158 5656 3226 5713 de
3252 5657 3505 5729 Origenis

1918 5727 2137 5798 scriptis
2169 5726 2386 5784 Eusebii
2422 5726 2818 5785 testimonium.
