3846 6124
279 289 415 347 "Si

989 289 1358 349 ADVERSUS
1396 294 1735 351 HAERESES
1772 293 1899 350 [ΑΒ.
1943 293 2004 350 Il.
2047 295 2210 353 TOM.
2244 296 2653 357 l.-ILERES.
2696 298 2873 356 LXIV.

3408 302 3543 357 “8‘2

352 404 460 458 Kal.
480 405 635 475 ὁρᾷς,
662 403 745 458 ὅτι
771 404 902 458 αὐτὸ
934 406 996 459 τὸ
1020 408 1180 479 σῶμα
1212 409 1273 463 τὸ
1294 410 1523 480 ψυχικὸν
1551 412 1683 465 αὐτὸ
1709 429 1858 465 πνευ-

2036 412 2440 471 Animadvertis
2478 416 2661 486 itaque
2690 416 2833 471 idem
2858 430 2981 471 esse
3014 414 3247 470 animale
3289 429 3352 469 ac
3383 415 3551 484 Spiri.

280 492 531 565 ματικὸν,
565 493 642 557 ὡς
669 494 764 547 καὶ
803 497 831 548 ὁ
862 495 1067 567 Κύριος
1096 501 1129 569 ή
1140 499 1256 570 μῶν
1285 501 1485 573 ἀνέστη
1527 504 1593 556 ὲκ
1625 502 1736 556 τῶν
1774 520 1859 557 νε-

277 584 446 655 κρῶν,
492 584 593 637 οὐκ
627 584 756 639 ἀλλο
788 585 948 658 σῶμα
982 588 1221 660 ἐγείρας,
1251 591 1367 645 ἀλλ’
1390 592 1522 646 αὐτὸ
1552 593 1614 646 τὸ
1642 592 1723 657 δν,
1765 596 1860 648 καὶ

273 678 373 745 οὐχ
421 675 608 747 ἕτερον
643 676 794 748 παρά
821 681 883 730 rb
915 678 994 745 ὃν,
1028 680 1160 733 αὐτὸ
1184 681 1241 735 δὲ
1267 683 1329 735 τὸ
1359 682 1418 735 ὃν
1446 685 1527 746 εἰς
1557 683 1860 755 λεπτότητα

276 764 598 835 μεταϐαλὼν
632 769 1028 841 πνευματικὴν,
1060 772 1156 825 καὶ
1188 774 1558 843 πνευματικὸν
1591 775 1711 828 ὅλον
1736 782 1867 829 συνο’

275 855 503 921 ενώσας·
535 860 915 931 εἰσερχόμενος
946 863 1126 935 θυρῶν
1162 863 1581 935 κεκλεισμένων·
1605 866 1742 937 ὅπερ
1760 867 1860 920 οὐκ

274 950 554 1021 ἐνδέχεται
588 953 730 1007 κατά
762 954 835 1007 τὰ
871 955 1116 1027 ἡμέτερα
1145 957 1374 1029 σώματα
1416 958 1650 1014 ἐνταῦθα
1686 960 1860 1032 ὑπάρ-

276 1058 394 1112 χειν
414 1040 572 1096 τοῦτο
599 1043 687 1097 διὰ
708 1044 771 1098 τὸ
792 1048 1109 1119 παχυμερὲς
1132 1050 1225 1102 καὶ
1251 1048 1404 1104 οὔπω
1430 1051 1511 1114 είς
1558 1052 1861 1123 λεπτότητα

278 1133 577 1187 συνενωθὲν
597 1133 1000 1208 πνευματικήν.
1031 1139 1096 1192 Τί
1120 1135 1213 1193 οὖν
1238 1136 1306 1212 ἦν
1337 1141 1397 1195 τὸ
1418 1142 1656 1197 εἰσελθὸν
1680 1143 1862 1215 θυρῶν

275 1225 715 1294 κεκλεισμένων;
752 1227 916 1282 ’Ἄλλο
946 1230 1100 1301 παρὰ
1118 1232 1180 1285 τὸ
1202 1233 1635 1304 ἐσταυρωμένον,
1666 1234 1700 1303 ἢ
1730 1234 1861 1288 αὐτὸ

275 1312 339 1365 τὸ
365 1314 816 1385 ὲσταυρωμένον;
848 1318 1074 1384 Πάντως
1091 1337 1195 1374 που
1215 1322 1276 1375 οὐ
1296 1323 1526 1395 δυνήσῃ.
1566 1324 1857 1394 Ὠρίγενες,

280 1402 356 1472 μὴ
388 1402 718 1473 ὁμολογῆσαι
765 1405 900 1459 αὐτὸ
943 1407 1004 1459 τὸ
1046 1410 1479 1481 έσταυρωμένρν.
1527 1410 1769 1482 Ἐλέγχει
1799 1428 1859 1465 σε

276 1492 388 1563 γὰρ
407 1492 497 1545 διά
525 1494 628 1565 τῆς
652 1493 746 1547 τοῦ
775 1496 951 1567 Θωμᾶ
977 1499 1384 1571 ἀκριϐολογίας,
1415 1500 1658 1555 ἐπειπὼν
1686 1501 1858 1572 αὐτῷ·

273 1583 374 1653 Μὴ
402 1586 571 1653 γίνου
596 1583 873 1654 ἄπιστος,
900 1589 1064 1643 ἀλλὰ
1097 1593 1331 1660 πιστός.
1374 1592 1582 1657 Ἐδειξε
1619 1593 1729 1665 γὰρ
1765 1593 1863 1646 eo.

276 1690 378 1726 πον
411 1672 578 1743 ἥλων,
614 1676 709 1729 καὶ
750 1676 918 1731 τύπον
953 1677 1175 1749 λόγχης,
1211 1681 1308 1734 καὶ
1344 1681 1516 1746 αὐτὰς
1557 1682 1657 1744 τὰς
1696 1683 1861 1747 οὐλάς

1962 502 2073 556 tale
2115 516 2339 572 corpus,
2368 505 2832 575 quemadmodum
2879 515 2934 561 et
2979 504 3242 561 Dominus
3285 515 3472 561 noster
3515 521 3541 557 a

1963 602 2141 648 morte
2190 597 2452 660 surrexit,
2494 612 2603 651 non
2648 605 2711 653 ut
2761 598 2908 653 aliud
2952 607 3241 653 revocaret
3280 597 3343 651 ad
3380 596 3541 650 vitam

1961 697 2185 753 corpus,
2237 684 2333 740 sed
2384 685 2520 741 illud
2571 690 2773 758 ipsum,
2821 688 2966 759 quod
3012 690 3062 743 ei
3119 688 3314 753 fuerat,
3366 702 3541 756 neque

1960 784 2159 844 praeter
2182 777 2360 846 ipsum
2400 777 2570 832 aliud.
2611 780 2717 834 Sed
2764 782 2837 833 ita
2867 788 3072 844 tamen,
3116 790 3174 833 ut
3205 778 3337 832 illud
3362 779 3540 847 ipsum

1961 865 2190 935 spiritus
2250 868 2307 922 in
2360 870 2639 940 propriam
2699 871 3019 925 tenuitatem
3065 884 3128 924 ac
3186 869 3540 924 subtilitatem

1961 966 2325 1023 converteret,
2363 973 2427 1013 ac
2477 960 2725 1029 Spiritale
2769 961 2994 1014 omnino
3037 959 3315 1015 conﬂaret.
3360 958 3541 1025 Quare

1960 1052 2016 1101 et
2061 1048 2300 1103 occlusis
2341 1048 2526 1119 januis
2577 1051 2862 1121 ingressus
2911 1057 2997 1105 est
3026 1051 3041 1081 ¹
3073 1067 3087 1116 ;
3119 1050 3263 1120 quod
3326 1050 3381 1104 in
3439 1049 3540 1103 hac

1962 1138 2182 1207 quidem
2211 1141 2324 1195 vita
2354 1142 2680 1212 corporibus
2720 1142 2926 1196 nostris
2958 1143 3273 1211 contingere
3301 1155 3407 1195 non
3439 1158 3540 1211 po-

1962 1237 2089 1295 test,
2122 1246 2187 1285 eo
2214 1233 2356 1300 quod
2391 1243 2649 1288 concreta
2687 1241 2816 1288 sunt
2844 1248 2908 1288 ac
2940 1248 3151 1296 crassa,
3184 1248 3285 1294 nec
3311 1233 3439 1287 dum
3483 1232 3538 1284 in

1961 1320 2264 1389 spiritalem
2317 1321 2465 1375 illam
2515 1323 2831 1376 tenuitatem
2876 1321 3201 1375 coaluerint.
3255 1319 3540 1387 Quodnam

1962 1410 2131 1481 igitur
2168 1426 2369 1481 corpus
2416 1420 2524 1477 est,
2565 1411 2709 1481 quod
2743 1412 2949 1466 clausis
2972 1412 3157 1482 januis
3203 1420 3288 1466 est
3326 1411 3539 1482 ingres-

1962 1502 2127 1559 sum?
2169 1501 2403 1557 Aliudne
2432 1517 2596 1571 quam
2635 1502 2782 1574 quod
2826 1502 2880 1557 in
2928 1518 3093 1557 cruce
3143 1501 3395 1557 suﬂixum
3432 1509 3538 1567 est,

1962 1607 2033 1647 an
2072 1591 2208 1647 illud
2255 1593 2435 1664 ipsum
2478 1594 2535 1649 in
2580 1608 2801 1649 crucem
2854 1594 3174 1648 sublatum?
3200 1592 3540 1662 Quocunque

1962 1690 2021 1739 te
2052 1692 2256 1750 vertas,
2327 1683 2614 1755 Origenes,
2659 1699 2771 1739 non
2818 1694 2975 1756 potes
3025 1699 3134 1741 non
3171 1684 3303 1739 illud
3358 1683 3538 1754 ipsum

275 1765 488 1835 ἀφῆκεν
514 1765 608 1818 ἐπὶ
630 1765 723 1819 τοῦ
753 1766 1022 1837 σώματος,
1049 1769 1249 1840 καίπερ
1274 1770 1584 1835 συνενὼσας
1610 1772 1669 1825 τὸ
1697 1772 1856 1842 σῶμα

1961 1788 2087 1830 esse
2119 1774 2393 1840 confiteri,
2424 1775 2570 1845 quod
2599 1775 2753 1831 cruci
2790 1785 2875 1832 est
2902 1774 3140 1831 allixum.
3178 1774 3310 1829 Nam
3339 1775 3455 1845 ipse
3488 1783 3540 1828 te
3611 1827 3615 1830 ,

276 1856 355 1916 εἰς
387 1854 516 1924 μίαν
547 1854 772 1925 ἑνότητα
807 1859 1207 1929 πνευματικήν.
1243 1859 1502 1913 Ἠδύνατο
1522 1858 1615 1914 οὖν
1642 1862 1856 1925 καὶτὰς

276 1944 440 2007 οὐλὰς
470 1944 788 2015 ἀπαλεῖψαι·
819 1947 936 2001 ἀλλ’
959 1948 1060 2001 οὐκ
1084 1950 1398 2020 ἀπαλείφει,
1435 1952 1523 2005 ἵνα
1547 1952 1740 2024 ἐλέγξῃ
1772 1954 1853 2019 σὲ,

275 2029 320 2089 ὦ
338 2036 585 2107 θεήλατε.
616 2038 757 2108 Ἀρα
774 2034 866 2091 οὖν
886 2034 953 2109 ἦν
971 2039 1031 2092 τὸ
1058 2040 1216 2111 σῶμα
1240 2042 1301 2094 τὸ
1316 2043 1375 2096 ὲν
1390 2040 1470 2113 τῷ
1492 2058 1597 2114 μνη
1607 2059 1671 2113 με
1680 2043 1743 2112 ίῳ
1761 2059 1858 2097 τα-

276 2127 375 2195 φὲν
406 2127 468 2181 τὺ
492 2130 812 2203 τριήμερον,
847 2135 942 2188 καὶ
973 2136 1069 2189 σὺν
1094 2136 1244 2207 αὐτῷ
1271 2139 1510 2192 ἀναστὰν
1540 2141 1598 2193 ὲν
1632 2143 1699 2212 τῇ
1727 2140 1857 2193 ἀνα-

278 2219 487 2274 στάσει.
538 2221 746 2287 Ἕδειξε
786 2224 895 2293 γὰρ
924 2226 1018 2279 καὶ
1049 2226 1208 2292 ὀστᾶ,
1240 2229 1336 2281 καὶ
1359 2229 1554 2301 δέρμα,
1596 2230 1691 2283 καὶ
1726 2230 1857 2301 σάρ-

276 2325 399 2372 κας,
420 2310 495 2373 ὡς
521 2309 765 2382 εἴρηκεν,
796 2315 878 2368 ὅτι
906 2315 1112 2381 Ἴδετε,
1144 2317 1234 2371 ὅτι
1266 2318 1501 2388 πνεῦμα
1531 2319 1729 2388 σάρκα
1754 2319 1855 2374 καὶ

276 2397 428 2454 ὀστᾶ
450 2402 561 2454 οὐκ
594 2400 742 2471 ἔχει,
776 2402 856 2468 ὡς
882 2403 1057 2471 ὁρᾶτέ
1090 2422 1169 2474 με
1200 2405 1437 2475 ἔχοντα.
1474 2408 1598 2471 Πῶς
1626 2403 1718 2462 οὖν
1744 2410 1857 2462 είσ-

274 2488 404 2558 ἦλθε
433 2488 615 2563 θυρῶν
645 2490 1067 2564 κεκλεισμένων,
1100 2495 1216 2549 ἀλλ’
1249 2497 1334 2550 ἵνα
1367 2496 1536 2568 δείξῃ,
1576 2498 1658 2551 ὅτι
1697 2497 1856 2569 σῶμα

278 2581 381 2652 μὲν
417 2583 555 2647 ἐστι,
596 2584 690 2638 καὶ
731 2585 792 2638 οὐ
824 2586 1043 2657 πνεῦμα
1083 2587 1145 2641 τὸ
1185 2588 1482 2661 δρώμενον,
1532 2589 1667 2644 ἀλλά
1699 2590 1857 2662 σῶμα

277 2673 675 2742 πνευματικόν;
718 2674 964 2743 καίτοιγε
1010 2676 1109 2731 σὺν
1139 2677 1308 2748 ψυχῇ,
1343 2679 1437 2731 καὶ
1495 2677 1729 2750 θεότητι,
1762 2680 1857 2733 καὶ

275 2761 372 2833 ὅλῃ
410 2766 477 2835 τῇ
521 2764 935 2837 ὲνανθρωπήσει
976 2768 1109 2820 αὐτὸ
1148 2766 1229 2822 ὃν.
1288 2768 1449 2822 Ἀλλά
1493 2770 1857 2841 πνευματικὸν

277 2855 408 2909 αὐτὸ
434 2856 493 2908 τὸ
524 2857 654 2909 ποτὲ
687 2858 1002 2929 παχυμερὲς
1037 2859 1389 2931 λεπτομερὲς,
1423 2861 1557 2913 αὐτὸ
1576 2862 1636 2913 τὸ
1661 2862 1856 2914 ἐσταυ-

281 2946 522 3017 ρωμένον
541 2986 557 3013 ,
605 2947 701 3003 καὶ
753 2949 886 3002 αὐτὸ
939 2949 1000 3002 τὸ
1057 2950 1466 3022 κεκρατημένον
1510 2952 1818 3025 ἀκράτητον
1838 2993 1852 3015 ,

279 3037 576 3093 συνενωθὲν
627 3040 721 3094 καὶ
774 3041 1081 3113 συγκραθὲν
1127 3044 1193 3115 τῇ
1245 3042 1479 3114 θεότητι,
1528 3047 1623 3097 καὶ
1673 3044 1856 3098 οὐκέτι

1963 1879 2061 1934 per
2083 1874 2392 1920 accuratam
2416 1864 2640 1922 Thoma:
2660 1866 3068 1937 inquisitionem
3098 1867 3396 1936 redarguit,
3415 1880 3539 1919 cum

1960 1954 2014 2009 ei
2060 1954 2238 2011 dixit:
2288 1953 2420 2009 Noli
2477 1972 2590 2012 esse
2631 1957 2954 2024 incredulus,
2999 1957 3088 2012 sed
3134 1957 3306 2026 ﬁdelis
3328 1958 3370 2011 ’.
3400 1958 3538 2009 Tum

1961 2044 2109 2100 enim
2167 2046 2450 2100 clavorum
2500 2048 2728 2118 vestigia
2784 2049 3114 2103 monstravit
3183 2063 3248 2102 ac
3301 2049 3538 2115 lanceae;

1964 2136 2208 2205 adeoque
2237 2138 2524 2193 cicatrices
2557 2138 2707 2210 ipsas
2735 2139 2955 2209 reliquit
2988 2141 3042 2193 in
3066 2154 3314 2210 corpore,
3346 2154 3541 2208 quam-

1963 2224 2046 2281 vis
2081 2225 2213 2279 illud
2243 2226 2542 2296 spiritalem
2588 2227 2642 2280 in
2685 2227 2945 2282 un‘ltatem
2978 2227 3292 2282 conflasset.
3324 2226 3540 2280 Poterat

1963 2312 2183 2386 quidem
2212 2317 2501 2372 cicatrices
2528 2318 2678 2388 ipsas
2722 2317 2976 2384 abolere;
3009 2317 3103 2373 sed
3153 2316 3206 2371 id
3237 2326 3419 2371 tamen
3447 2329 3540 2368 no-

1962 2406 2085 2471 luit,
2124 2421 2235 2476 quo
2272 2413 2342 2473 te,
2390 2405 2616 2471 furiose,
2660 2409 3037 2461 convinceret.
3070 2406 3338 2472 Quocirca
3392 2404 3539 2459 idem

1964 2507 2082 2554 tum
2128 2512 2332 2566 corpus
2373 2506 2656 2553 ostensum
2687 2507 2793 2563 est,
2830 2497 2975 2568 quod
3017 2498 3072 2553 in
3116 2497 3327 2552 tumqu
3358 2495 3540 2549 triduo

1963 2588 2342 2658 consepultum
2376 2590 2573 2653 fuerat,
2617 2603 2683 2644 ac
2716 2606 2841 2644 cum
2883 2589 3004 2661 ipso
3048 2589 3103 2644 in
3136 2587 3541 2644 resurrectione

1964 2681 2309 2737 suscitatum.
2373 2679 2584 2751 Quippe
2641 2696 2792 2743 ossa,
2849 2681 3043 2751 pellem
3095 2693 3398 2749 carnesque
3440 2677 3540 2732 de-

1963 2771 2309 2835 monstravit,
2357 2778 2419 2825 ut
2448 2770 2586 2826 dixit
2606 2782 2633 2845 f.
2664 2771 2843 2826 Videte
2874 2773 3121 2848 quoniam
3156 2773 3375 2841 spiritus
3417 2786 3539 2823 car-

1964 2875 2080 2912 nem
2118 2868 2169 2914 et
2211 2876 2334 2914 ossa
2370 2876 2475 2914 non
2517 2858 2696 2925 habet,
2750 2860 2887 2915 sicut
2936 2877 3017 2914 me
3063 2859 3249 2914 uidetis
3283 2857 3471 2911 habere
3494 2857 3538 2912 ³.

1964 2952 2249 3018 Quomodo
2295 2953 2460 3024 igitur
2507 2952 2919 3023 clausisjanuis
2953 2953 3140 3017 subiit,
3176 2950 3283 3007 nisi
3330 2958 3391 3005 ut
3417 2965 3541 3004 cor-

1964 3057 2068 3112 pus
2116 3057 2241 3098 esse
2270 3043 2414 3112 quod
2449 3042 2777 3112 aspicerent,
2805 3058 2913 3122 non
2962 3043 3213 3111 spiritum
3260 3040 3538 3112 probaret,

277 3122 555 3195 λυόμενον,
585 3126 701 3182 ἀλλ’
730 3130 811 3191 είς
847 3130 937 3182 ἀεὶ
967 3129 1243 3201 διαμένον,
1264 3132 1459 3201 μηκέτι
1487 3132 1850 3204 ἀποθνῆσκον.

1962 3133 2057 3189 sed
2105 3134 2352 3205 spiritale
2385 3141 2566 3190 tamen
2605 3136 2849 3205 corpus?
2885 3136 3207 3204 Quanquam
3249 3144 3366 3189 erat
3406 3132 3540 3187 illud

289 3215 534 3286 Ἀνέστη
558 3218 666 3288 γὰρ
694 3221 949 3289 Χριστὸς
979 3222 1048 3276 ἐκ
1071 3222 1320 3292 νεκρῶν,
1344 3226 1588 3294 ἀπαρχὴ
1616 3225 1737 3280 τῶν
1756 3245 1855 3281 κε-

1961 3241 2086 3281 cum
2115 3226 2299 3279 anima
2326 3233 2380 3280 et
2409 3226 2713 3291 divinitate,
2747 3236 2971 3296 totaque
3000 3227 3136 3281 adeo
3168 3225 3406 3279 hominis
3439 3240 3541 3278 na-

277 3307 666 3376 κοιμημένων·
699 3310 901 3364 οὐκέτι
936 3310 1328 3379 ἀποθνήσκει,
1368 3312 1625 3381 θάνατος
1667 3315 1853 3370 αὐτοῦ

1962 3322 2085 3369 tura
2136 3315 2515 3384 coniunctum.
2564 3314 2673 3370 Sed
2725 3314 2974 3386 spiritale
3008 3320 3146 3379 erat,
3198 3321 3256 3366 ut
3293 3310 3443 3376 dixi;
3486 3316 3542 3364 et

277 3397 478 3452 οὐκέτι
511 3401 792 3468 κυριεύει.

1963 3406 2107 3477 quod
2144 3421 2391 3462 crassum
2426 3408 2556 3462 olim
2604 3414 2743 3472 erat,
2771 3407 2973 3462 subtile
3015 3404 3293 3461 redditum
3324 3421 3339 3457 :
3367 3403 3542 3473 quod-

276 3502 384 3556 que
430 3488 483 3542 in
516 3505 734 3546 crucem
773 3498 953 3547 actum
1012 3502 1178 3565 atque
1233 3495 1397 3567 59E.
1424 3497 1723 3552 obnoxium
1768 3496 1971 3561 fuerat,
2034 3498 2241 3553 nullius
2297 3499 2533 3568 amplius
2577 3499 2833 3569 potestati
2895 3497 3230 3567 subjectum;
3262 3503 3424 3566 atque
3469 3494 3542 3545 ita

235 3653 241 3657 _
277 3596 404 3635 cum
437 3582 723 3640 divinitate
754 3586 1131 3657 conjunctum,
1167 3603 1233 3643 ac
1264 3590 1430 3644 veluti
1461 3598 1846 3659 temperatum,
1885 3600 1946 3644 ut
2001 3606 2110 3644 non
2159 3590 2393 3661 amplius
2457 3590 2684 3646 dissolvi
2714 3599 2919 3659 posset,
2960 3590 3055 3644 sed
3106 3589 3298 3642 martis
3340 3599 3540 3654 expers

277 3676 332 3730 in
350 3678 741 3747 sempiternum
763 3688 1026 3737 maneret.
1065 3681 1306 3736 Surrexit
1338 3684 1478 3735 enim
1508 3682 1754 3738 Christus
1815 3698 1882 3736 ea:
1938 3684 2185 3748 mortuis,
2221 3683 2475 3753 primitiae
2517 3682 2964 3747 dormientium‘;
3006 3697 3110 3735 non
3158 3679 3389 3748 amplius
3424 3693 3541 3730 mo-

277 3772 436 3833 ritur,
462 3789 603 3826 mors
628 3775 710 3827 illi
728 3774 874 3828 ultra
909 3791 1012 3828 non
1033 3774 1396 3829 dominabitur
1413 3777 1455 3828 ’⁵.

347 3863 465 3918 EE’.
503 3866 617 3919 Ἵνα
645 3865 702 3918 δὲ
729 3866 873 3937 γνῷς
906 3868 999 3920 καὶ
1024 3866 1203 3934 τοῦτο,
1226 3868 1291 3921 δι’
1317 3870 1381 3939 ἣν
1424 3868 1600 3921 αἰτίαν
1634 3868 1854 3940 ἀπαρχὴ

2036 3862 2197 3920 LXV.
2237 3862 2414 3933 Atque
2438 3869 2497 3918 ut
2526 3862 2660 3918 illud
2705 3862 2998 3932 intelligas,
3026 3877 3188 3932 quam
3216 3863 3286 3918 ob
3311 3879 3536 3920 causam

276 3956 385 4009 τῶν
418 3955 833 4027 κεκοιμημένων
861 3956 1078 4025 λέγεται
1107 3958 1136 4010 ὁ
1168 3958 1425 4029 Χριστὸς,
1461 3950 1705 4027 καίτοιγε
1755 3958 1855 4011 οὐκ

1962 3956 2217 4027 primitiae
2246 3954 2635 4010 dormientium
2666 3952 2924 4009 Christus
2961 3953 3287 4023 appelletur,
3321 3957 3539 4011 tametsi

278 4047 443 4101 αὑτοῦ
467 4047 776 4119 ἀρξαμένου
801 4049 1143 4104 ἀνίστασθαι.
1175 4050 1289 4122 Πρὸ
1317 4051 1483 4105 αὑτοῦ
1503 4052 1613 4123 γὰρ
1636 4050 1855 4119 ἀνέστη-

1961 4062 2072 4101 non
2099 4046 2146 4103 is
2175 4046 2386 4117 primus
2416 4045 2661 4100 omnium
2688 4046 3023 4112 surrexerit;
3047 4060 3172 4098 nam
3207 4053 3332 4101 ante
3362 4048 3539 4117 ipsum

279 4154 379 4190 σαν
410 4138 475 4190 δι’
513 4138 678 4193 αὐτοῦ
720 4138 991 4211 Λάζαρος,
1036 4141 1127 4195 καὶ
1168 4144 1196 4195 ὁ
1235 4142 1350 4206 υἱὸς
1381 4142 1483 4211 τῆς
1508 4145 1716 4214 χήρας,
1740 4132 1853 4196 ’καὶ

1962 4137 2207 4200 Lazarus
2242 4153 2341 4207 per
2379 4151 2504 4191 eum
2554 4138 2826 4192 excitatus
2862 4135 3073 4201 fuerat,
3121 4152 3336 4193 necnon
3381 4149 3436 4194 et
3470 4143 3543 4193 vi-

276 4229 441 4282 ἄλλοι·
466 4230 669 4285 καὶδιά
702 4232 877 4296 Ἠλία,
905 4233 1001 4286 καὶ
1023 4233 1112 4286 διὰ
1145 4233 1467 4289 Ἐλισσαίου.
1507 4233 1645 4286 Ἀλλ’
1663 4233 1851 4304 ἐπειδὴ

1966 4229 2089 4284 duo:
2135 4229 2300 4293 filius,
2343 4238 2398 4284 et
2443 4229 2533 4282 alii
2575 4228 2831 4298 quidam;
2861 4228 3001 4283 adde
3039 4237 3101 4284 et
3140 4231 3432 4285 nonnullos
3472 4233 3542 4286 ab

279 4324 476 4376 ἐκεῖνοι
521 4322 721 4388 πάντες
754 4324 1083 4389 ἀναστάντες
1132 4326 1295 4379 πάλιν
1327 4325 1672 4397 τεθνήκασιν,
1711 4324 1854 4378 οὕτω

1967 4321 2085 4377 Elia
2149 4329 2312 4391 atque
2357 4320 2551 4375 Elisazo
2580 4321 2706 4376 vitae
2732 4321 3059 4387 restitutos;
3103 4331 3164 4376 ut
3203 4322 3335 4376 illud
3378 4323 3542 4393 igitur

277 4413 511 4483 Χριστὸς
554 4416 779 4488 ἀπαρχὴ
823 4417 932 4471 τῶν
979 4418 1416 4489 κεκοιμημένων·
1463 4417 1701 4481 ἀναστὰς
1746 4416 1856 4487 γὰρ

1964 4414 2266 4485 intelligas,
2322 4414 2404 4469 sic
2443 4414 2640 4468 habeto
2671 4432 2685 4468 :
2723 4414 2859 4468 Cum
2885 4429 3077 4469 omnes
3120 4415 3198 4468 illi
3228 4416 3321 4486 qui
3356 4431 3541 4471 resur-

216 4560 219 4565 ,
277 4505 461 4560 οὐκέτι
492 4508 843 4580 ἀποθνήσκει,
886 4510 1023 4581 ὡςή
1071 4510 1339 4581 μέλλουσα
1382 4511 1678 4574 ἀνάστασις
1717 4505 1853 4563 εἶναι

1965 4507 2175 4562 rexisse
2212 4507 2475 4561 dicuntur
2509 4507 2710 4561 iterum
2751 4507 2950 4562 mortui
2984 4507 3113 4572 sint,
3158 4511 3351 4562 merito
3385 4508 3543 4562 Chri-

277 4598 365 4652 διὰ
398 4599 496 4669 τῆς
538 4600 704 4654 αὐτοῦ
734 4600 880 4672 ζωῆς
925 4602 1020 4655 καὶ
1061 4602 1490 4676 φιλανθρωπίας.
1523 4603 1587 4657 El
1616 4602 1674 4655 δέ
1713 4604 1859 4655 ἐστιν

277 4690 499 4762 ἀπαρχὴ
526 4691 635 4744 τῶν
660 4694 1097 4765 κεκοιμημένων,
1130 4693 1224 4748 καὶ¹
1248 4693 1451 4766 ἀνέστη
1474 4694 1594 4748 ὅλον
1614 4695 1675 4749 τὸ
1694 4694 1858 4748 αὐτοῦ

279 4784 438 4854 σῶμα
474 4785 571 4837 σὺν
609 4787 679 4855 τῇ
712 4784 953 4856 θεότητι,
993 4789 1025 4857 ἡ
1072 4786 1236 4840 αὐτοῦ
1285 4786 1699 4859 ὲνανθρώπησις
1738 4788 1860 4843 ἀνα-

278 4877 473 4940 στᾶσα,
522 4876 613 4929 καὶ
649 4877 874 4947 μηδενὸς
911 4878 970 4943 ὲξ
1006 4879 1180 4949 αὐτῆς
1220 4879 1693 4949 καταλειφθέντος,
1733 4879 1858 4933 οὔτε

278 4967 458 5037 σῶμα,
489 4966 614 5020 οὔτε
642 4967 829 5038 ἕτερόν
863 4985 938 5022 τι.
984 4971 1067 5022 Οὐ
1095 4968 1207 5038 γὰρ
1247 4969 1702 5039 ἐγκαταλείψεις
1746 4970 1860 5039 τὴν

1959 4606 2104 4653 stum
2139 4597 2409 4667 primitias
2452 4598 2714 4666 appellari
2749 4597 3172 4664 dormientium;
3199 4602 3291 4668 qui
3333 4583 3542 4668 pbstea-

1958 4701 2122 4758 quam
2148 4685 2450 4740 resurrexit
2487 4701 2596 4739 non
2626 4687 2863 4755 amplius
2893 4686 3150 4752 moritur,
3189 4701 3309 4756 qua:
3337 4693 3424 4741 est
3453 4686 3538 4740 fu-

1958 4786 2081 4833 tura
2117 4777 2542 4833 resurrectionis
2591 4778 2755 4844 ratio,
2786 4795 2949 4849 quam
2998 4780 3147 4835 illius
3180 4780 3306 4834 vitae
3343 4787 3398 4835 ct
3440 4780 3542 4835 hu-

1958 4871 2237 4926 manitatis
2279 4868 2546 4925 beneflcio
2590 4886 3012 4942 consequemur.
3059 4873 3193 4926 Cum
3244 4880 3424 4927 autem
3469 4875 3540 4927 sit

1958 4966 2051 5020 ille
2098 4965 2352 5035 primitiaa
2395 4964 2809 5028 dormientium,
2845 4965 3119 5036 integrum
3168 4966 3290 5034 ejus
3335 4981 3537 5036 corpus

276 5057 491 5126 ψυχήν
516 5075 636 5126 μου
663 5059 750 5121 εὶς
778 5056 952 5124 ᾅδην,
987 5056 1130 5110 οὐδὲ
1155 5056 1367 5124 δώσεις
1403 5058 1511 5112 τὸν
1539 5058 1713 5113 ὅσιόν
1741 5076 1857 5113 σου

1961 5074 2081 5115 cum
2132 5058 2437 5122 divinitate,
2498 5055 2603 5110 hoc
2648 5064 2733 5110 est
2775 5056 3042 5125 quidquid
3092 5055 3160 5111 ad
3203 5067 3536 5126 assumptam

278 5150 429 5203 ἰδεῖν
451 5147 799 5218 διαφθοράν.
839 5149 948 5202 Καὶ
980 5149 1041 5202 τὺ
1067 5151 1165 5219 μὲν
1201 5151 1328 5222 περὶ
1355 5150 1536 5221 ψυχῆς
1566 5153 1623 5205 ὲν
1654 5150 1732 5221 τῷ
1756 5151 1857 5223 ᾅδῃ

279 5240 535 5310 σημαίνει
557 5240 619 5293 τὸ
650 5239 724 5310 μὴ
751 5240 1188 5309 καταλελεῖφθαι·
1212 5241 1303 5294 τὸν
1323 5240 1378 5294 δὲ
1400 5242 1566 5309 ὅσιον,
1598 5243 1687 5296 ἵνα
1711 5242 1858 5313 δείξῃ

279 5332 338 5386 τὸ
366 5333 511 5386 ὅσιον
543 5332 726 5403 σῶμα,
757 5334 818 5386 τὸ
850 5332 925 5404 μὴ
952 5333 1197 5403 έωρακὸς
1222 5333 1539 5405 διαφθορὰν,
1575 5333 1712 5388 ἀλλά
1741 5335 1863 5387 ἀνα-

282 5425 414 5478 στὰν
463 5424 813 5496 ἀδιάφθορον,
857 5425 919 5478 τὸ
967 5426 1286 5498 τριήμερον,
1325 5427 1418 5479 καὶ
1471 5429 1535 5497 τῇ
1582 5425 1861 5497 ἀφθαρσίᾳ

286 5518 663 5590 συνηνωμένον
690 5519 768 5581 είς
799 5516 888 5571 τὸν
920 5516 1108 5571 αἰῶνα.

357 5669 557 5730 "Joa'n.
588 5691 678 5738 xx,
710 5675 778 5730 26
878 5678 899 5710 ⁸
926 5677 1054 5733 ibid.
1093 5677 1180 5731 57.

1958 5149 2357 5205 humanitatem
2406 5147 2623 5213 attinet,
2670 5146 2993 5209 resurrexit,
3039 5146 3174 5200 nihil
3220 5154 3277 5200 ut
3316 5147 3538 5201 omnino

1959 5256 2024 5296 ex
2059 5256 2122 5296 ea
2159 5240 2407 5295 relictum
2450 5239 2541 5301 sit,
2574 5252 2681 5291 non
2713 5253 2914 5307 corpus
2950 5248 3043 5292 aut
3076 5237 3346 5306 ejusmodi
3376 5236 3536 5306 quid-

1960 5333 2109 5388 dam.
2153 5332 2275 5386 Non
2313 5333 2451 5386 enim
2493 5330 2820 5400 derelinques
2864 5330 3097 5384 animam
3136 5346 3304 5383 meam
3359 5330 3414 5383 in
3453 5329 3535 5382 in-

1961 5425 2132 5493 ferno,
2159 5440 2250 5478 nec
2277 5422 2431 5476 dabis
2455 5433 2699 5477 sanctum
2722 5435 2869 5475 tuum
2892 5422 3063 5475 videre
3081 5421 3467 5491 corruptionem
3490 5424 3531 5476 ⁵.

1964 5517 2067 5572 Ubi
2104 5517 2250 5587 quod
2296 5516 2365 5571 de
2411 5517 2595 5571 anima
2636 5518 2688 5570 in
2739 5515 2957 5571 inferno
3000 5514 3220 5579 dicitur,
3267 5531 3374 5570 non
3412 5532 3535 5572 esse

1259 5677 1278 5707 ³
1308 5678 1438 5734 Luc.
1475 5692 1624 5745 xxiv,
1663 5678 1748 5734 59.
1831 5679 1849 5711 ⁸
1882 5681 1903 5737 Ι
1934 5679 2059 5736 Cor.
2100 5696 2185 5744 xv,
2222 5679 2309 5732 20.
2389 5678 2413 5710 ⁵
2443 5679 2600 5734 Rom.
2633 5695 2705 5744 vr,
2737 5676 2787 5733 9.
2868 5676 2888 5709 ⁸
2912 5676 3056 5734 Psal.
3084 5675 3291 5743 “.10.
