3794 6190
293 276 432 335 “85

1688 264 1749 322 ὃ.
1802 262 2147 321 ΕΡΙΡΗΑΝῙΙ

3399 264 3524 325 diu

294 393 610 449 destitutam
655 390 926 462 signiﬁcat
960 408 974 446 :
1007 396 1259 447 sanctum
1307 396 1489 444 autem
1533 386 1766 451 addidit,
1812 394 1873 441 ut
1900 395 2151 443 sanctum
2182 397 2384 455 corpus
2405 382 2746 447 ostenderet,
2770 380 2920 451 quod
2975 382 3386 455 corruptionem
3430 403 3525 443 non

297 486 429 540 vidit
453 524 468 547 ,
505 484 599 540 sed
638 492 759 556 post
788 484 1029 539 triduum
1059 483 1436 551 incorruptum
1467 486 1522 534 et
1550 478 1960 534 immortalitate
2000 477 2055 530 in
2093 485 2355 531 aeternum
2392 473 2675 544 praeditum
2711 471 2971 527 surrexit.

365 578 446 632 Tu
472 594 601 633 vero
624 579 739 632 haec
765 588 951 633 nostra
977 589 1209 645 corpora
1238 580 1487 628 scorteas
1512 586 1632 626 esse
1651 569 1865 625 tunicas

2037 570 2109 622 Σὺ
2141 568 2197 621 δὲ
2232 567 2482 636 φάσκεις,
2516 559 2562 619 ὧ
2595 557 2771 629 οὗτος,
2802 564 2976 618 ταῦτα
3022 562 3092 617 τὰ
3133 562 3363 633 σώματα
3406 560 3531 617 εἶναι

300 667 557 733 amrmas,
582 685 704 724 cum
735 670 787 723 id
823 667 1089 723 orationis
1125 678 1471 732 consequens
1507 662 1678 717 series
1708 660 1871 715 refel-

1969 661 2095 723 τοὺς
2135 658 2488 730 δερματίνους
2524 656 2778 726 χιτῶνας,
2822 653 3057 725 οὐδαμοῦ
3094 654 3192 724 τῆς
3224 653 3530 717 ἀκολουθίας

298 759 394 811 lat.
438 756 543 812 Sed
588 758 702 812 haec
740 759 809 813 ab
858 758 969 811 illis
1001 755 1099 809 tibi
1147 754 1470 816 seminibus,
1522 766 1752 820 quorum
1804 765 1873 805 ex

1983 752 2128 806 τοῦτο
2159 750 2410 821 ἐχούσης,
2454 748 2591 803 ἀλλὰ
2620 748 2709 802 διὰ
2735 747 2804 801 τὰ
2840 751 2898 801 ἐν
2931 747 3014 801 ool.
3041 747 3134 800 ἀπ’
3165 746 3345 817 ἀρχῆς
3382 746 3528 815 σπέρ-

300 848 582 917 gentilium
627 848 1014 920 superstitione
1044 860 1107 898 ac
1144 843 1347 898 fabulis
1393 854 1548 897 satus
1587 841 1870 910 excepisti,

300 938 499 1003 injecta
539 939 753 993 videtur
787 938 1003 1007 opinio;
1060 949 1274 989 necnon
1332 940 1386 987 et
1436 948 1500 987 ex
1552 932 1717 1002 impia
1778 931 1871 985 illa

299 1029 718 1084 ratiocinatione
788 1027 1102 1096 inﬁdelique
1170 1023 1238 1079 de
1315 1023 1720 1079 resurrectione
1775 1022 1874 1077 do-

302 1126 501 1188 gmate,
535 1119 682 1188 quod
727 1119 781 1172 in
813 1125 865 1171 te
903 1115 1144 1171 indidem
1180 1112 1480 1169 excitatum
1511 1120 1617 1176 est,
1662 1127 1692 1166 a
1726 1110 1873 1166 Cra:-

303 1211 406 1271 cis,
439 1209 532 1279 qui
560 1224 625 1263 eo
651 1216 704 1263 te
733 1206 1094 1270 deduxerunt,
1130 1215 1214 1260 est
1250 1203 1575 1273 profectum.
1607 1202 1873 1256 Animalis

300 1301 460 1365 enim,
487 1300 683 1369 inquit,
713 1299 867 1352 homo
904 1314 1006 1352 non
1035 1297 1176 1366 capit
1209 1313 1271 1350 ea
1304 1310 1421 1363 qna’
1451 1302 1575 1348 sunt
1606 1293 1874 1360 Spiritus;

302 1389 536 1443 stultitia
572 1389 709 1444 enim
729 1398 807 1443 est
836 1388 939 1454 illi,
965 1389 1091 1458 quia
1116 1387 1433 1455 spiritaliter
1470 1386 1809 1439 examinatur
1832 1387 1873 1439 ¹.

302 1478 596 1534 Enimvero
635 1480 683 1533 si
719 1487 845 1534 ante
868 1466 1133 1533 violatum
1175 1478 1489 1531 mandatum
1523 1476 1719 1529 tunicae
1760 1475 1879 1545 pri-

302 1569 409 1623 mis
445 1570 648 1624 nostris
676 1569 996 1639 parentibus
1017 1574 1203 1623 essent
1228 1566 1445 1629 oblata},
1483 1565 1730 1620 nonnihil
1751 1582 1880 1636 pro-

301 1659 482 1715 babile
538 1669 690 1714 tuum
729 1660 865 1714 illud
898 1658 1036 1714 foret
1070 1657 1411 1713 mendacium
1456 1664 1510 1711 et
1542 1656 1596 1710 in
1636 1672 1878 1712 errorem

302 1758 488 1820 posset
543 1751 824 1806 inducere.
872 1748 993 1805 Jam
1039 1764 1169 1804 vero
1217 1756 1341 1819 post
1393 1746 1559 1802 Evam
1602 1747 1657 1801 in
1704 1747 1889 1803 luccm‘

303 1843 502 1897 editam
532 1858 654 1899 esse
682 1842 965 1898 confectas
998 1849 1240 1913 apparet.
1278 1841 1389 1895 Eva
1420 1854 1584 1910 porro
1611 1838 1882 1893 undenam

1974 859 2119 914 ματα
2150 838 2557 909 καταϐληθέντα
2592 838 2689 908 τῆς
2728 837 2836 890 ἀπὸ
2872 836 2981 890 τῶν
3014 835 3285 905 Ἑλλήνων
3324 833 3533 904 ἐθνομύ-

1972 933 2066 987 θου
2106 930 2475 994 διδασκαλίας.
2505 929 2601 984 καὶ
2633 928 2722 983 διὰ
2744 927 2838 982 τὸν
2872 928 2992 980 ἐκεῖ
3020 925 3423 997 παροξυνθέντα
3460 943 3532 979 σοι

1971 1026 2310 1096 κακότροπον
2339 1022 2599 1092 λογισμὸν
2633 1021 2735 1091 τῆς
2765 1021 2894 1090 περὶ
2921 1020 3020 1091 τῆς
3044 1018 3397 1081 ἀναστάσεως
3422 1019 3533 1070 ἀπι-

1975 1119 2146 1181 στίας,
2180 1117 2322 1187 φημὶ
2357 1115 2415 1168 δὲ
2464 1113 2732 1184 Ἐλλήνων
2764 1111 2875 1165 τῶν
2907 1127 2967 1164 σε
3013 1112 3093 1175 εἰς
3135 1108 3296 1162 τοῦτο
3323 1109 3533 1176 ἀγαγόν-

1971 1226 2101 1262 των.
2140 1209 2192 1262 Ὁ
2224 1209 2334 1277 γὰρ
2358 1204 2624 1275 ψυχικὸς
2651 1203 2982 1273 ἄνθρωπος,
3012 1202 3200 1272 φησιν,
3222 1203 3298 1254 οὐ
3320 1200 3535 1268 δέχεται

1973 1301 2047 1354 τὰ
2089 1300 2197 1354 τοῦ
2227 1300 2594 1367 Πνεύματος.
2631 1294 2836 1362 Μωρια
2880 1294 2992 1364 γὰρ
3035 1291 3196 1358 αὐτῷ
3232 1293 3424 1356 ἐστιν,
3457 1292 3531 1346 ὅτι

1974 1388 2388 1459 πνευματικῶς
2399 1385 2876 1455 ἀνακρίνεται.Εἰ
2905 1384 3002 1454 μὲν
3024 1384 3133 1455 γὰρ
3159 1382 3269 1454 πρὸ
3296 1383 3395 1452 τῆς
3416 1399 3532 1453 παρ-

1976 1482 2144 1552 ακοῆς
2177 1483 2227 1534 οἱ
2258 1479 2483 1551 χιτῶνες
2513 1481 2627 1542 τοῖς
2651 1476 2780 1548 περὶ
2812 1475 2906 1529 τὸν
2943 1475 3116 1544 ’Δδὰμ
3154 1473 3418 1543 ἐγίνοντο,
3462 1492 3531 1527 πι-

1979 1574 2139 1628 Θανὸν
2165 1573 2232 1628 ἄν
2264 1589 2357 1625 σου
2381 1571 2443 1624 τὸ
2466 1569 2710 1640 ψεῦσμα,
2734 1566 2832 1622 καὶ
2859 1566 3163 1637 δυνάμενον
3187 1565 3530 1634 ἐξαπατῆσαν

1977 1665 2066 1717 ὅτε
2097 1663 2152 1716 δέ
2177 1662 2427 1731 φαίνεται
2457 1660 2593 1732 μετὰ
2632 1660 2731 1731 τὴν
2763 1658 2907 1712 Εὕαν
2946 1656 3274 1727 πλασθῆναι,
3308 1656 3461 1710 πόθεν
3486 1656 3531 1709 δὲ

1978 1753 2087 1822 ἄρα
2117 1750 2412 1804 ἐπλάττετο
2440 1750 2576 1803 ἀλλὰ
2597 1748 2704 1802 ἀπὺ
2729 1747 3014 1818 σώματος;
3041 1747 3231 1816 Δῆλον.
3278 1746 3531 1800 Ἔπέσαλε

1981 1843 2111 1912 γὰρ,
2147 1842 2331 1913 φησὶν,
2354 1843 2648 1896 ἔκστασιν
2678 1839 2778 1893 ἐπὶ
2804 1838 2911 1893 τὸν
2946 1837 3137 1907 Ἀδὰμ,
3164 1837 3270 1891 καὶ
3296 1837 3532 1897 ὕπνωσε.

305 1939 409 1999 est,
430 1933 537 1987 nisi
570 1949 635 1987 ex
673 1947 923 2003 corpore,
954 1931 1224 1986 formata?
1260 1929 1315 1984 ld
1356 1945 1486 1985 vero
1528 1929 1875 1984 manifestum

1983 1930 2271 2005 nalédaé’s
2279 1930 2429 1998 μίαν
2442 1928 2562 1983 τῶν
2573 1926 2851 1997 πλευρῶν
2868 1926 3075 1981 αὐτοῦ.
3097 1926 3241 1979 Πλευ
3250 1926 3319 1997 ρὰ
3338 1927 3393 1979 δὲ
3406 1926 3529 1978 οὐδὲν

308 2030 406 2076 est.
442 2021 673 2075 Immisit
697 2024 861 2085 enim,
906 2022 1005 2085 ait,
1036 2036 1275 2090 soporem
1312 2020 1366 2074 in
1391 2018 1585 2082 Adam,
1615 2029 1664 2074 et
1687 2019 1879 2072 dormi-

309 2113 400 2173 vit,
452 2122 502 2166 et
527 2112 684 2183 595
717 2113 914 2183 accepit
960 2128 1121 2165 unam
1170 2109 1233 2165 de
1282 2111 1443 2166 costis
1493 2110 1607 2180 ejus
1629 2113 1671 2164 ².
1717 2109 1881 2165 Costa

313 2220 435 2259 vero
468 2214 662 2274 praeter
695 2218 759 2259 os
793 2203 929 2257 nihil
963 2201 1113 2257 aliud
1164 2210 1270 2267 est,
1300 2202 1460 2271 cujus
1494 2202 1616 2256 loco
1655 2216 1880 2256 carnem

306 2295 619 2351 adiﬁcavit.
661 2296 797 2351 Cum
829 2295 995 2363 igitur
1021 2309 1151 2350 caro
1181 2294 1464 2349 nominata
1492 2294 1586 2358 sit,
1629 2294 1723 2362 qui
1756 2299 1881 2347 tan-

228 2424 233 2431 -
311 2387 430 2442 dum
462 2386 894 2441 structuraillius
916 2385 1299 2455 exspectatur?
1326 2381 1431 2439 Sed
1447 2391 1503 2439 et
1528 2384 1689 2454 paulo
1717 2390 1877 2438 ante:

314 2472 618 2537 Faciamus,
661 2475 857 2544 inquit,
895 2474 1158 2526 hominem
1210 2471 1278 2526 ad
1316 2472 1595 2541 imaginem
1643 2481 1879 2526 nostram

312 2574 357 2620 et
394 2563 795 2619 similitudinem
820 2566 862 2620 ³.
887 2593 959 2605 -
991 2562 1058 2617 Et
1085 2563 1303 2629 accepit,
1355 2562 1551 2631 inquit,
1599 2561 1782 2615 limum
1819 2560 1882 2616 de

312 2667 452 2712 terra
493 2666 543 2713 et
589 2657 835 2726 formavit
874 2655 1134 2710 hominem
1159 2660 1202 2708 '.
1239 2653 1401 2724 Atqui
1439 2654 1605 2709 limus
1650 2660 1706 2708 et
1751 2668 1882 2709 caro

313 2749 445 2803 nihil
469 2757 599 2804 sunt
640 2747 786 2802 aliud
818 2762 981 2818 quam
1008 2761 1228 2815 corpus.
1267 2744 1473 2800 Deinde
1503 2746 1781 2816 sequitur:
1812 2745 1882 2800 Et

311 2855 592 2909 exsurgens
621 2838 795 2892 Adam
832 2854 859 2892 e
881 2853 1063 2892 somno
1090 2836 1225 2890 dixit
1257 2852 1275 2890 :
1303 2834 1419 2890 Hoc
1455 2853 1592 2890 nunc
1616 2853 1674 2891 os
1703 2852 1768 2890 ex
1797 2854 1884 2892 0s-

311 2928 455 2982 sibus
489 2930 641 2992 meis,
684 2937 733 2982 et
772 2943 895 2981 caro
941 2927 1003 2979 de
1037 2941 1193 2979 carne
1232 2927 1406 2979 mea“.
1436 2925 1688 2979 Nondum
1729 2938 1886 2981 erant

312 3017 551 3087 pellicere
603 3019 705 3073 illae
758 3017 982 3082 tunicae;
1039 3016 1280 3069 nondum
1315 3017 1606 3069 contiCtum
1646 3015 1777 3073 illud
1829 3018 1885 3070 in

313 3106 568 3176 allegoria
614 3116 705 3162 tua
747 3106 1090 3161 mendacium
1134 3107 1442 3161 exstiterat.
1480 3104 1672 3176 Itaque
1725 3123 1782 3161 os
1821 3090 1886 3160 ea;

312 3196 519 3251 ossibus
560 3197 710 3260 meis,
752 3205 803 3250 et
838 3212 962 3250 caro
995 3196 1059 3251 de
1104 3212 1262 3250 carne
1306 3212 1441 3261 mea,
1489 3195 1776 3252 manifeste
1818 3198 1886 3253 de

312 3286 636 3356 corporibus
683 3287 1032 3358 intelligenda
1075 3296 1226 3350 sunt,
1275 3288 1410 3342 adeo
1442 3295 1500 3341 ut
1546 3288 1788 3343 Adamus
1831 3297 1885 3343 ct

311 3375 422 3430 Eva
472 3379 801 3448 corporibus
852 3380 1074 3435 minime
1125 3388 1397 3435 carerent.
1454 3379 1522 3433 Et
1582 3381 1778 3450 accepit
1820 3380 1885 3434 de

313 3466 475 3536 ligno,
511 3475 560 3520 et
584 3470 805 3522 comedit
830 3469 883 3534 °;
922 3479 1082 3538 prout
1131 3471 1405 3540 serpentis
1466 3479 1587 3525 astu
1627 3471 1887 3540 deceptus

316 3569 480 3625 atque
526 3558 578 3611 in
625 3556 792 3611 Deum
827 3559 1044 3614 rebellis
1087 3559 1209 3613 fuit.
1253 3559 1321 3614 Et
1364 3560 1761 3614 audivituocem
1790 3559 1886 3614 Dei

315 3649 635 3704 ambulantis
683 3652 735 3705 in
770 3652 1020 3720 paradiso
1062 3653 1156 3706 sub
1189 3668 1451 3720 uesperam
1478 3662 1565 3707 :et
1612 3653 1884 3708 abscondit

314 3756 370 3793 se
403 3738 573 3793 Adam
612 3750 662 3794 et
693 3739 805 3795 Eva
833 3740 901 3795 ad
941 3732 1179 3795 arborem
1200 3742 1241 3797 ⁷.
1279 3741 1415 3798 Tum
1451 3743 1712 3797 Dominus
1738 3742 1885 3796 Ada-

316 3845 463 3885 mum
511 3831 810 3903 interrogat
844 3849 857 3886 :
890 3830 990 3886 Ubi
1040 3836 1135 3889 es?
1183 3833 1250 3887 At
1300 3833 1347 3888 is
1385 3834 1758 3902 deprehensus
1796 3848 1885 3887 re-

316 3921 581 3990 spondit:
623 3922 810 3977 Vocem
855 3934 1001 3977 tuam
1055 3925 1268 3989 audiui,
1315 3935 1364 3979 et
1421 3924 1670 3979 abscondi
1717 3941 1797 3979 me
1827 3941 1885 3978 eo

316 4013 452 4083 quod
480 4014 651 4070 nudus
683 4032 868 4072 essem.
910 4015 1125 4071 Nudum
1154 4033 1284 4073 vero
1315 4018 1444 4087 quid
1473 4017 1692 4073 tandem
1716 4017 1888 4074 dixit?

316 4107 552 4160 animam
603 4123 672 4162 an
705 4109 961 4179 'corpus?
995 4108 1201 4164 Deinde
1249 4110 1481 4165 ﬁculnea
1534 4108 1659 4163 folia
1696 4126 1888 4179 quem-

316 4210 441 4249 nam
482 4197 1106 4281 obtegebantz'animam
1145 4217 1215 4255 an
1247 4201 1488 4271 corpus?
1525 4199 1593 4254 Et
1629 4202 1747 4270 quis
1791 4201 1888 4257 tibi

315 4287 473 4352 dixit,
505 4289 704 4360 inquit,
734 4300 779 4345 te
827 4308 938 4346 esse
972 4292 1192 4357 nudum,
1223 4293 1326 4347 nisi
1345 4294 1483 4363 quod
1522 4293 1586 4348 de
1616 4295 1778 4365 ligno,
1823 4294 1888 4350 de

315 4395 417 4450 quo
454 4382 676 4448 prwcepi
719 4380 813 4433 tibi
846 4397 908 4435 ne
946 4383 1257 4443 comederes.
1294 4384 1605 4440 comedisti?
1642 4386 1723 4439 Ad
1772 4385 1887 4441 bazc

315 4470 560 4526 Adamus
600 4471 884 4542 respondit
916 4471 1152 4526 :Mulier
1179 4490 1332 4543 quam
1381 4473 1575 4528 dedisti
1607 4475 1757 4538 mihi,
1795 4475 1887 4530 de-

315 4559 395 4614 dit
430 4561 580 4628 mihi,
615 4571 665 4616 et
709 4562 929 4618 comedi.
961 4562 1108 4619 Cedo
1138 4564 1281 4619 unde
1323 4564 1518 4619 mulier
1543 4565 1667 4620 data
1700 4563 1882 4632 fuerit,
1914 4593 1959 4648 Ι)

315 4653 423 4706 nisi
472 4668 536 4707 ex
573 4663 748 4722 costa,
799 4656 903 4712 hoc
940 4664 1025 4712 est
1070 4656 1259 4711 Adami
1302 4672 1549 4727 corpore,
1591 4664 1883 4728 antequam

283 4744 515 4815 itunicae
567 4744 674 4800 illis
726 4747 1191 4803 attribuerentur?
1225 4746 1400 4802 Porro
1450 4748 1666 4802 mulieri
1707 4748 1887 4803 dixit:

318 4832 427 4889 Cur
464 4835 559 4891 hoc
607 4836 822 4906 fecisti?
872 4839 942 4892 At
1000 4839 1089 4892 illa
1121 4858 1134 4893 :
1167 4836 1411 4907 Serpens,
1463 4838 1662 4910 inquit,
1694 4841 1891 4910 decepit

318 4940 419 4990 me,
457 4935 507 4981 et
554 4929 776 4994 comedi,
822 4939 871 4983 et
915 4929 1036 4983 dedi
1082 4931 1191 4984 viro
1251 4949 1383 4987 meo.
1423 4932 1554 4989 Post
1593 4933 1709 4991 haec
1747 4933 1891 4990 Deus

319 5020 753 5076 exsecrationem
794 5021 1011 5088 inllixit,
1048 5024 1266 5079 mulieri
1295 5024 1512 5080 scilicet
1543 5023 1808 5090 dolorem,
1832 5033 1891 5080 et

318 5110 458 5178 viro,
497 5119 557 5165 ut
597 5114 653 5167 in
684 5115 883 5170 sudore
907 5132 1046 5185 pane
1074 5132 1172 5171 suo
1199 5125 1529 5172 vesceretur.
1563 5115 1773 5182 Quibus
1814 5116 1893 5170 fa-

319 5201 423 5256 ctis
469 5201 669 5272 adjecit
703 5203 880 5259 :Ecce
926 5206 1098 5259 Adam
1141 5206 1314 5275 factus
1356 5214 1435 5259 est
1477 5205 1612 5259 sicut
1666 5222 1798 5259 unus
1828 5220 1894 5259 ea:

318 5293 489 5349 nobis.
530 5293 757 5365 Neforte
788 5297 1035 5350 extendat
1062 5314 1298 5362 manum,
1335 5307 1382 5351 et
1419 5298 1645 5367 attingat
1669 5297 1888 5367 lignum,

317 5395 368 5439 et
412 5388 674 5455 comedat,
719 5396 769 5442 et
795 5390 932 5442 vivat
976 5390 1029 5443 in
1077 5400 1353 5444 retentum.
1390 5389 1630 5446 Postea:
1664 5387 1732 5442 Et
1769 5389 1889 5456 fecit

318 5476 461 5535 Deus
511 5483 714 5536 tunicas
755 5483 1021 5552 pelliceas,
1067 5494 1116 5538 et
1164 5484 1335 5537 induit
1376 5485 1544 5539 Adam
1575 5494 1623 5539 et
1672 5500 1889 5539 uxorem

1981 2017 2166 2089 ἕτερον
2203 2018 2480 2088 τυγχάνει,
2519 2018 2658 2072 ἀλλὰ
2685 2018 2888 2071 ὀστέον.
2934 2016 3266 2088 ’ῼκοδόμησε
3298 2017 3354 2070 δὲ
3382 2016 3528 2088 σάρκα

1979 2111 2096 2164 ἀντ’
2122 2110 2311 2180 αὐτῆς.
2344 2108 2554 2179 Σαρκδς
2582 2108 2640 2162 δὲ
2671 2107 3098 2179 ὀνομαζομένης,
3133 2108 3257 2171 πῶς
3285 2108 3366 2161 ἔτι
3398 2124 3527 2177 προσ-

1979 2198 2468 2269 δοκᾶταιὴταύτης
2504 2198 2757 2269 ποίησις;
2784 2198 2891 2250 Kal.
2919 2198 3174 2268 ἀνωτέρω
3204 2198 3359 2267 φησί·
3383 2197 3527 2261 Ποιή-

1981 2304 2181 2355 σωμεν
2207 2286 2520 2354 ἄνθρωπον
2551 2288 2674 2339 κατ’
2698 2286 2905 2340 εἰκόνα
2952 2284 3271 2354 ἡμετέραν,
3300 2285 3393 2339 καὶ
3426 2286 3531 2339 καθ’

1981 2378 2286 2446 ὁμοίωσιν.
2311 2377 2505 2431 -Καὶ
2538 2375 2737 2440 ἔλαϐε,
2769 2376 2920 2447 φησι,
2958 2375 3110 2446 χοῦν
3132 2375 3257 2429 ἀπὸ
3286 2374 3395 2443 τῆς
3423 2374 3529 2445 γῆς,

1980 2467 2079 2539 καὶ
2103 2468 2334 2523 ἔπλασε
2348 2469 2457 2522 τὸν
2469 2467 2798 2537 ἄνθρωπον.
2836 2469 2893 2521 ’0
2909 2468 2966 2520 δέ
2984 2468 3111 2539 χοῦς
3137 2469 3237 2521 καὶ
3253 2466 3388 2538 σὰρξ
3409 2467 3531 2519 οὐδὲν.

1981 2560 2166 2631 ἔτερόν
2202 2561 2349 2615 ἐστιν
2390 2559 2526 2613 ἀλλὰ
2558 2559 2739 2631 σῶμα.
2773 2554 2907 2612 Εἶτα
2943 2559 3261 2629 μετέπειτα·
3288 2558 3391 2611 Kal
3417 2557 3523 2611 dm

1982 2651 2133 2719 στὰς
2148 2647 2329 2722 Ἀδὰμ
2342 2652 2460 2708 ἀπὸ
2482 2652 2586 2706 τοῦ
2606 2653 2801 2707 ὕπνου
2822 2648 2973 2706 εἷπε*
2997 2652 3175 2709 Τοῦτο
3200 2650 3322 2704 νῦν
3338 2649 3526 2703 ὀστοῦν

1981 2742 2052 2797 ἐκ
2080 2742 2196 2811 τῶν
2225 2743 2422 2797 ὀστῶν
2444 2760 2587 2812 μου,
2626 2743 2726 2797 καὶ
2749 2742 2904 2811 σὰρξ
2927 2742 2995 2796 ἐκ
3025 2740 3139 2810 τῆς
3163 2743 3392 2811 σαρκός
3412 2757 3530 2810 μου.

1985 2835 2152 2890 Οὔπω
2181 2835 2238 2890 δὲ
2279 2835 2501 2907 χιτῶνες
2532 2837 2582 2889 οἱ
2619 2834 2954 2907 δερμάτινοι,
2989 2833 3143 2888 οὔπω
3177 2835 3247 2887 τὸ
3279 2837 3421 2889 παοὰ
3450 2832 3526 2891 τοῦ

1984 2920 2025 2990 ψ
2039 2929 2214 2999 ιῦσμα
2231 2927 2530 3000 ἁλληγορού
2539 2944 2696 2997 μενον
2714 2925 2977 2996 ὑπῆρχεν.
3009 2918 3271 2976 Ὀστοῦν
3284 2917 3450 2973 τοίνυν
3465 2918 3521 2966 ἐκ

1994 3022 2110 3077 τῶν
2131 3020 2331 3075 ὀστῶν
2344 3038 2486 3090 μου,
2508 3018 2606 3072 καὶ
2636 3018 2791 3087 σὰρξ
2816 3018 2884 3071 ἐκ
2909 3014 3028 3069 τῶν
3048 3011 3297 3082 σαρκῶν
3311 3027 3439 3082 μου.
3458 3006 3530 3075 δῆ·

1992 3112 2104 3177 λον,
2125 3113 2207 3166 ὃτι
2238 3114 2464 3182 σώματα
2491 3107 2651 3182 ἦσαν.
2676 3110 2770 3163 καὶ
2806 3109 2906 3162 οὐκ
2925 3104 2993 3179 ἦν
3017 3105 3313 3176 ἀσώματος
3337 3106 3364 3156 ό
3393 3101 3531 3169 ’Δδὰμ

1994 3205 2141 3276 καὶὴ
2168 3202 2298 3257 Εὕα.
2324 3203 2434 3258 Καὶ
2458 3201 2676 3257 ἐλαϐεν
2691 3201 2809 3256 ἀπὸ
2834 3200 2940 3255 τοῦ
2960 3199 3174 3265 ξύλου,
3199 3198 3304 3252 καὶ
3326 3196 3533 3264 ἔφαγεν·

1993 3295 2069 3358 ὡς
2084 3293 2415 3364 ὑπενοθεύθη
2430 3292 2536 3347 ὑπὸ
2548 3290 2642 3347 τοῦ
2658 3292 2856 3361 όξρεως,
2870 3292 2962 3345 καὶ
2977 3289 3197 3358 γέγονεν
3213 3292 3277 3340 ἐν
3295 3282 3533 3355 παραβῇ.

1983 3379 2091 3433 Kal
2128 3378 2359 3446 ἢκουσε
2384 3377 2500 3447 τὴν
2537 3376 2753 3446 φωνὴν
2773 3377 2880 3443 τοῦ
2915 3376 3061 3431 Θεοῦ
3090 3377 3524 3445 περιπατοῦντος

1982 3467 2053 3521 ὲν
2077 3468 2157 3534 τῷ
2177 3469 2521 3539 παραδείσῳ
2541 3469 2606 3522 τὸ
2632 3468 2915 3523 δειλινόν·
2948 3468 3048 3522 καὶ
3074 3468 3298 3537 ἐκρύϐη
3328 3472 3359 3523 d
3381 3466 3526 3535 Ἀδὰμ

1982 3560 2082 3614 καὶ
2111 3561 2149 3627 ἠ
2178 3561 2306 3615 Εὕα
2334 3560 2405 3614 ἐν
2438 3560 2516 3625 τῷ
2548 3559 2732 3625 ξύλῳ.
2768 3559 2880 3614 Kal
2906 3560 3088 3623 ὁΘεός
3112 3578 3248 3631 φησι
3274 3560 3349 3631 τῷ
3369 3558 3525 3627 ’Δδάμ’

1983 3651 2106 3706 ιΙοῦ
2133 3647 2219 3717 ei;
2260 3652 2317 3706 Ὀ
2345 3652 2404 3705 δὲ
2432 3651 2786 3723 ἐλεγχόμενος
2810 3652 3185 3723 ἀποκρίνεταιο
3219 3654 3340 3721 Τὴν
3354 3647 3525 3721 φωνήν

1984 3754 2100 3795 σου
2125 3741 2385 3810 ἥκουσα,
2410 3743 2508 3797 καὶ
2529 3743 2806 3812 ἐκρύϐην,
2831 3744 2921 3796 ὅτι
2949 3745 3176 3814 γυμνός
3196 3747 3331 3814 ειμι.
3355 3742 3525 3813 Γυμνὸν

1984 3833 2041 3886 δὲ
2070 3834 2178 3905 ἄρα
2214 3837 2364 3889 ποῖον
2396 3834 2585 3904 ἕλεγε;
2619 3836 2718 3907 τὴν
2750 3834 2928 3906 ψυχὴν
2970 3834 3154 3903 ἔλεγεν
3190 3835 3222 3906 ἢ
3268 3835 3329 3889 τὸ
3365 3834 3528 3904 σῶμα.

1985 3924 2070 3978 Τὰ
2092 3925 2148 3979 δέ
2184 3926 2357 3996 φύλλα
2380 3928 2479 3998 τῆς
2501 3927 2676 3997 συκῆς
2702 3928 2825 3981 τίνα
2849 3926 3073 3989 ἐσκεπε,
3105 3927 3204 3998 τὴν
3234 3927 3407 3999 ψυχὴν
3432 3924 3528 3996 ῆτδ

1988 4015 2182 4086 σῶμα;
2222 4015 2334 4070 Καὶ
2366 4017 2458 4083 τίς
2496 4030 2598 4071 σοι
2629 4012 2780 4081 εἶπε,
2821 4017 3005 4088 φησιν,
3037 4015 3126 4070 ὅτι
3155 4020 3381 4086 γυμνὸς
3400 4011 3464 4077 εἷ,
3487 4014 3525 4066 si

1981 4108 2067 4180 μὴ
2112 4108 2230 4164 ἀπὸ
2263 4108 2371 4163 τοῦ
2410 4109 2623 4178 ξύλου,
2670 4106 2742 4166 οὗ
2776 4108 3166 4179 ἐνετειλάμην
3209 4125 3311 4164 σοι
3347 4108 3525 4162 τούτου

1981 4201 2175 4270 μόνου
2211 4201 2299 4271 μὴ
2338 4201 2552 4271 φαγεῖν
2587 4201 2689 4257 ἀπ’
2710 4200 2918 4267 αὐτοῦ,
2951 4201 3201 4273 ἔφαγες;
3241 4204 3353 4258 Καί
3374 4216 3524 4272 φησιν·

1998 4293 2059 4347 Ἡ
2086 4291 2242 4361 γυνὴ
2286 4290 2366 4359 ἣν
2389 4290 2616 4359 ἔδωκάς
2640 4309 2744 4362 μοι
2774 4291 2994 4347 δέδωκέ
3022 4311 3144 4362 μοι,
3186 4296 3289 4349 καὶ
3314 4294 3522 4364 ἔφατον.

1987 4384 2158 4438 Πόθεν
2205 4384 2263 4438 δέ
2318 4383 2472 4456 ἐδόθη
2600 4386 2739 4457 γυνὴ
2787 4385 2901 4440 ἀλλ’
2949 4387 2982 4456 ἦ
3026 4386 3134 4440 ἀπὸ
3164 4388 3265 4456 τῆς
3301 4386 3523 4455 πλευρᾶς.

1985 4477 2263 4530 τουτέστιν
2311 4476 2419 4530 ἀπὸ
2474 4476 2568 4530 τοῦ
2631 4475 2902 4548 σώματος,
2961 4478 3126 4549 πρινὴ
3163 4468 3292 4543 τοὺξς
3329 4478 3523 4549 χιτῶνας

1987 4566 2171 4629 αὐτοῖς
2211 4565 2463 4637 δοθῆναις
2515 4566 2624 4620 Καὶ
2677 4569 2743 4638 τῇ
2800 4566 3018 4636 γυναικί
3058 4583 3210 4638 φησιο
3278 4568 3339 4623 Τί
3382 4565 3524 4620 τοῦτο

1989 4655 2319 4723 ἐποίησας;
2348 4655 2414 4710 Ἦ
2438 4656 2514 4710 δέ·
2548 4657 2602 4709 Ὁ
2625 4655 2757 4726 ὄφις
2782 4654 3058 4725 ὴπὰτησέ
3069 4673 3168 4725 με,
3194 4658 3292 4712 καὶ
3315 4656 3521 4725 ἔφατον,

1989 4748 2088 4801 καὶ
2117 4746 2311 4801 ἔδωκα
2348 4746 2429 4814 τῷ
2467 4748 2642 4817 ἀνδρί
2677 4765 2817 4818 μου.
2875 4748 2933 4801 Ὁ
2976 4748 3031 4800 δὲ
3069 4747 3200 4814 Θεὸς
3239 4749 3423 4816 ἐπάγει
3449 4743 3522 4812 τὴν

1990 4841 2258 4912 κατάραν,
2286 4843 2381 4896 καὶ
2413 4845 2477 4914 τῇ
2512 4841 2732 4911 γυναικὶ
2762 4840 2860 4912 τὴν
2889 4840 3101 4911 ὀδύνην,
3136 4840 3234 4894 καὶ
3259 4839 3336 4910 τῷ
3353 4834 3523 4907 avent-

1989 4952 2075 5006 πῳ
2108 4935 2168 4988 τὸ
2207 4936 2264 4989 ἐν
2311 4934 2493 5007 ἱδρῶτι
2531 4935 2726 5003 φαγεῖν
2765 4933 2858 4985 τὸν
2883 4933 3064 5004 ἄρτον.
3097 4933 3208 4985 Kal.
3232 4931 3363 5003 μετὰ
3384 4926 3522 4982 ταῦτα

1987 5026 2155 5095 λέγει·
2202 5024 2356 5079 Ἰδοὺ
2394 5024 2577 5095 Ἀδὰμ
2605 5014 2852 5094 γέγονεν
2875 5024 2956 5090 ὡς
2984 5018 3075 5090 εἷς
3106 5023 3176 5088 ἐξ
3213 5022 3390 5093 ἡμῶν.
3418 5015 3521 5084 Μήο

1990 5130 2137 5172 ποτε
2173 5118 2412 5187 ἐπιτείνῃ
2451 5116 2567 5186 τὴν
2607 5116 2797 5187 xsl'pa,
2835 5116 2934 5170 καὶ
2964 5116 3189 5184 ἅψηται
3212 5114 3316 5169 τοῦ
3342 5112 3515 5177 ξύλοινί

1991 5207 2089 5262 καὶ
2137 5206 2319 5277 φάγῃ.
2370 5207 2468 5261 καὶ
2506 5206 2745 5273 ζήσεται
2776 5208 2863 5271 εις
2908 5209 3015 5259 τὸν
3066 5206 3270 5259 αἰῶναο
3305 5204 3389 5258 καὶ
3424 5195 3516 5270 μεθ’

1989 5300 2172 5371 ἕτερα⁹
2199 5300 2310 5354 Καὶ
2329 5301 2622 5368 ἐποίησεν
2643 5302 2675 5353 ό
2700 5299 2845 5365 Θεὸς
2868 5297 3124 5368 χιτῶνας
3149 5295 3512 5368 δερματίνουςν

1990 5392 2089 5445 καὶ
2125 5391 2379 5447 ἐνέδυσε
2414 5390 2557 5458 τοὺς
2601 5390 2735 5459 περὶ
2766 5388 2880 5444 ’τὸν
2917 5388 3112 5459 Ἀδὰμ,
3151 5390 3249 5444 καὶ
3276 5384 3516 5453 ἐξέϐαλεν

1989 5484 2209 5550 αὐτοὺς
2230 5484 2299 5538 ἐκ
2324 5483 2428 5537 τοῦ
2453 5481 2843 5552 παραδείσου.
2869 5482 2980 5543 Kal.
3006 5482 3158 5553 ὁρᾷς,
3184 5483 3266 5536 ὅτι
3285 5477 3476 5551 μάταιος
3486 5469 3512 5537 ἢ

397 5634 415 5668 ¹
448 5632 469 5686 ι
498 5635 624 5688 Cor.
662 5653 721 5695 tt.
757 5640 817 5693 14
915 5645 933 5672 ¹
973 5639 1106 5696 Gen.
1143 5657 1202 5705 lt,
1237 5641 1326 5693 2|.
1404 5642 1422 5670 ³
1456 5639 1591 5696 Gen.
1638 5656 1675 5709 ι,
1706 5640 1798 5693 26.
1876 5641 1883 5671 ⁵

1983 5657 2053 5697 :n.
2093 5656 2147 5706 ιι,
2189 5640 2238 5694 7.
2317 5641 2337 5672 ⁸
2371 5638 2500 5695 ibid.
2527 5640 2599 5694 9.5
2695 5641 2715 5672 ⁸
2746 5638 2879 5695 Gen.
2924 5653 3006 5703 ιιι,
3036 5636 3089 5690 (5.
3169 5637 3188 5668 ⁷
3216 5633 3336 5691 ibid.
3365 5631 3393 5685 8
3415 5638 3507 5696 sqq.
