3794 6146
238 214 378 272 1135

873 206 1241 264 ADVERSUS
1278 204 1625 262 HERESES
1662 204 1791 260 LIB.

2000 206 2128 262 'OM.
2172 207 2210 261 l.
2252 240 2323 254 --
2361 207 2637 267 H/ERES.
2677 209 2863 266 LXIV.

3378 210 3512 269 1186

236 333 387 405 παρά
424 332 517 387 σοῦ
563 328 1029 403 καινοτομουμένη
1084 326 1408 399 κενοφωνία.
1460 327 1579 398 Πρδ
1613 326 1783 381 πόσου
1808 325 1825 357 ¹

2000 343 2069 393 ts,
2103 338 2155 383 et
2185 328 2339 400 ejecit
2384 330 2508 386 illos
2535 348 2564 385 ε
2594 329 2876 400 paradiso.
2916 326 3086 386 Vides
3118 342 3282 399 quam
3329 326 3511 401 inepta

235 425 347 498 γὰρ
369 423 560 497 χρόνου
588 417 730 495 ἦσαν
761 419 993 493 σώματα
1016 422 1131 484 τοῖς
1157 418 1289 479 περὶ
1306 419 1399 473 τὸν
1433 418 1628 490 Ἀδάμ.

306 697 440 766 se".
476 698 540 751 El
591 696 648 750 δὲ
678 694 834 750 τοῦτό
874 712 933 748 σε
982 693 1297 765 ἀνακρίνει,
1337 692 1434 747 καὶ
1478 691 1539 745 ού
1593 689 1822 745 δύνασαι

235 788 483 861 ψυχικῶς
535 788 914 859 διανοούμενος
946 784 1041 839 τοῦ
1070 783 1389 856 Πνεύματος
1426 782 1682 851 δέξασθαι
1724 782 1823 853 τὴν

237 879 399 951 χάριν
424 917 439 939 ,
472 877 671 932 ἄπιστε
700 918 715 941 ,
752 879 848 931 καὶ
884 875 1141 930 ἐπέκεινα
1175 875 1284 929 τῶν
1327 874 1576 929 ἀπίστων
1615 873 1823 944 τυγχά-

235 986 342 1023 νων
366 986 379 999 ·
406 969 532 1037 λέγε
565 985 655 1039 μοι
687 968 925 1034 ἑκάστην
967 965 1228 1020 ὑπόθεσιν
1252 967 1317 1018 ἐκ
1343 963 1480 1017 Θεοῦ
1511 965 1820 1033 γεγονυῖαν,

157 1114 163 1118 ,
238 1059 416 1130 πόσην
458 1059 572 1129 ἔχει
608 1058 705 1129 τὴν
742 1057 1187 1130 θαυματουργίαν
1229 1056 1322 1110 καὶ
1361 1055 1666 1127 ἐκπληξινς
1716 1054 1823 1108 Πό-

236 1151 331 1206 θεν
359 1150 419 1217 ὲξ
451 1153 555 1205 οὐκ
579 1151 748 1205 ὄντων
779 1149 1010 1222 οὐρανὸς
1037 1149 1262 1202 τέταται
1305 1149 1363 1201 ὲν
1392 1146 1655 1219 μετεώρῳ
1688 1147 1824 1201 ἀνα-

235 1244 683 1315 πεπετασμένοςς
718 1240 893 1296 Πόθεν
932 1239 1237 1311 ὲστιλῦώοη
1265 1240 1295 1292 ὁ
1325 1239 1505 1310 ἥλιος,
1550 1240 1648 1294 καὶ
1678 1239 1827 1294 ὲκτί-

236 1335 340 1407 σθη
358 1377 370 1397 ,
412 1335 508 1390 καὶ
536 1334 759 1405 σελήνη,
795 1333 891 1387 καὶ
920 1332 989 1386 τὰ
1014 1332 1191 1404 ἄστρα
1211 1351 1226 1399 ;
1248 1334 1347 1385 Ἐκ
1370 1331 1525 1385 ποίου
1551 1330 1825 1403 πρωτοτύ-

235 1447 342 1484 που
404 1429 538 1500 ὕλης
590 1426 798 1498 ἐλήφθη
855 1427 889 1496 ἡ
927 1426 1046 1497 γῆ,
1083 1424 1141 1493 ἐξ
1180 1425 1281 1479 οὐκ
1318 1423 1488 1478 ὄντων
1525 1423 1820 1494 γινομένης

249 1523 381 1577 Ἀπὸ
422 1522 590 1576 ποίων
634 1520 849 1590 φύσεων
889 1518 1102 1591 ἐτμήθη
1157 1518 1227 1573 τά
1273 1517 1412 1589 ὅρης
1449 1515 1688 1588 Πόθενὴ
1727 1514 1825 1569 σύ-

236 1630 424 1677 στασις
458 1611 580 1666 ὅλου
628 1611 724 1665 τοῦ
780 1610 989 1682 κόσμου
1011 1648 1027 1673 ,
1075 1610 1109 1680 ὴ
1150 1608 1209 1676 ἐξ
1253 1609 1353 1661 οὐκ
1386 1606 1556 1661 ὅντων
1587 1607 1667 1679 τῷ
1702 1605 1823 1678 Θεῷ

1925 419 1999 475 sit
2031 433 2169 473 nova
2206 420 2300 474 illa
2327 436 2359 475 a
2390 429 2445 477 te
2493 421 2799 492 excogitata
2833 428 2888 477 et
2930 419 3114 476 inanis
3138 419 3342 490 opinio.
3373 418 3511 475 Nam

1925 509 2209 580 aliquanto
2234 518 2362 566 ante
2387 518 2636 584 tempore
2657 527 2892 585 corpora
2913 512 3079 584 primi
3110 511 3286 567 nostri
3320 527 3513 583 parem

1926 606 2009 655 tes
2042 599 2372 655 habuerunt.

1995 686 2181 742 LXVI.
2223 687 2383 754 Quod
2428 689 2475 745 si
2524 697 2579 745 te
2619 690 2755 746 illud
2786 689 3086 756 examinat,
3126 704 3305 761 neque
3350 697 3508 760 potes

1925 779 2219 835 animalem
2253 780 2308 834 in
2335 780 2560 835 modum
2597 782 2702 835 ista
2731 782 2984 852 cogitans
3019 782 3245 852 spiritus
3277 782 3511 850 gratiam

1925 870 2228 941 percipere.
2287 885 2322 926 ο
2352 870 2589 927 inﬁdelis
2621 871 2786 926 homo
2817 880 2870 926 et
2900 872 3214 927 inﬁdelibus
3247 871 3508 939 deterior,

1925 961 2020 1016 die
2050 960 2216 1032 596
2246 961 2380 1015 mihi
2428 961 2593 1017 sodes
2637 968 2904 1033 quantum
2956 963 3385 1033 unumquodque
3415 962 3511 1018 Dei

1925 1067 2065 1123 opus
2119 1054 2283 1108 habet
2335 1052 2627 1107 miraculi?
2686 1052 2976 1120 Quomodo
3008 1055 3210 1109 coelum
3242 1070 3311 1109 ex
3339 1055 3511 1110 nihilo

1926 1143 1981 1198 in
2037 1143 2265 1198 sublimi
2297 1152 2609 1213 porrectum
2630 1153 2729 1199 ’est
2760 1153 2817 1199 et
2846 1147 3188 1216 expansum?
3225 1144 3512 1203 Undenam

1926 1233 2063 1291 solis
2101 1235 2194 1289 ille
2228 1234 2413 1305 fulgor
2455 1249 2724 1291 accensus
2782 1244 2886 1301 est,
2944 1245 3038 1293 aut
3085 1238 3176 1293 ille
3222 1240 3339 1310 ipse
3384 1255 3510 1294 cum

1926 1323 2058 1379 luna
2121 1324 2511 1396 sideribusque
2569 1326 2878 1382 conditus?
2946 1326 3199 1394 Quanam
3261 1345 3391 1385 vero
3445 1347 3510 1387 ex

1925 1416 2110 1486 priore
2136 1417 2367 1471 materia
2392 1419 2657 1474 translata
2687 1425 2832 1474 terra
2856 1427 2962 1487 est,
2987 1436 3109 1492 quae
3136 1432 3221 1477 est
3245 1438 3314 1478 ex
3340 1423 3512 1479 nihilo

1926 1508 2232 1577 producta?
2259 1508 2509 1576 Quonam
2534 1526 2600 1567 ex
2631 1520 2845 1567 naturae
2866 1528 3066 1583 genere
3094 1525 3308 1571 montes
3338 1517 3515 1572 excisi

1927 1600 2095 1656 sunt?
2149 1600 2303 1657 Unde
2354 1603 2526 1658 totius
2578 1603 2825 1659 universi
2863 1608 3207 1671 constitutio,
3249 1624 3413 1678 quam
3445 1626 3513 1665 ex

237 1704 603 1776 πορισθεῖσας
640 1702 814 1757 Πόθεν
850 1702 961 1757 τῶν
1005 1699 1182 1770 νεφῶν
1232 1701 1267 1772 ἡ
1321 1699 1612 1764 σύστασις,
1647 1700 1682 1771 ἥ
1717 1699 1824 1755 ὑπὸ

2000 1694 2095 1749 iilo
2124 1692 2266 1749 Deus
2295 1696 2549 1766 peperit?
2582 1697 2695 1751 Aut
2722 1698 2870 1754 unde
2895 1700 3070 1756 nubes
3094 1700 3339 1757 conﬂata:
3362 1710 3511 1768 sunt,

233 1798 374 1865 θίξιν
424 1798 616 1851 σκέπει
649 1796 740 1850 τὸν
770 1796 999 1868 οὐρανόν
1027 1812 1042 1862 ;
1089 1793 1261 1847 Πόθεν
1304 1792 1400 1847 τοῦ
1438 1792 1700 1859 κώνωπος
1729 1793 1825 1847 καὶ⁵

235 1890 336 1962 τῆς
390 1888 614 1958 σκνιφὸς
648 1887 736 1940 διὰ
781 1886 1203 1958 προστάγματος
1230 1884 1369 1938 Θεοῦ
1421 1884 1500 1955 τῷ
1533 1884 1825 1956 θεράποντι

235 1978 404 2034 αὑτοῦ
432 1980 640 2049 Μωῦσῇ
674 1976 710 2030 ’ὁ
736 1976 1037 2047 πορισμός;
1087 1974 1211 2039 Πῶς
1244 1975 1342 2045 τὴν
1378 1974 1593 2045 ξυλίνην
1631 1973 1824 2045 ῥάϐδον

234 2072 314 2134 είς
354 2068 479 2138 ὅφιν
513 2067 809 2139 μετέϐαλεν
840 2065 1265 2137 ὲπεψυχωμένον
1294 2066 1388 2119 καὶ
1410 2065 1681 2137 ’έρποντα;
1715 2064 1823 2118 Πό-

234 2162 325 2214 θεν
352 2163 417 2231 τῇ
451 2160 596 2231 χειρὶ
621 2158 715 2212 τοῦ
755 2156 1036 2221 Μωῦσέως
1080 2154 1158 2227 τῷ
1183 2159 1263 2219 είς
1303 2156 1456 2226 χιόνα
1489 2155 1822 2226 μεταϐάλλε-

173 2280 181 2289 ι
235 2251 401 2317 aeut;
432 2249 588 2305 Οὕτω
630 2250 725 2303 καὶ
774 2250 897 2302 τότε
928 2248 1197 2320 ἠθέλησεν
1236 2249 1264 2300 ὁ
1312 2248 1446 2311 Θεὸς
1469 2287 1483 2311 ,
1523 2240 1569 2300 ὦ
1603 2245 1820 2312 ἄπιστε,

233 2343 330 2398 καὶ
377 2340 736 2413 δερματίνους
792 2338 951 2410 φύσει
988 2338 1223 2410 χιτῶνας
1263 2339 1390 2392 ἀνευ
1448 2336 1602 2403 ζώων
1627 2378 1641 2403 ,
1695 2338 1822 2393 ἄνευ

234 2436 430 2506 τέχνης
476 2434 622 2496 τινὸς
687 2431 1038 2502 ἀνθρωπίνης
1101 2432 1196 2484 καὶ
1251 2430 1602 2504 πολυμόρφου
1652 2431 1824 2502 ἐργα-

236 2526 390 2589 σίας,
424 2525 542 2595 ἅμα
575 2521 744 2576 θέλων
776 2523 1003 2593 ἐποίησε
1054 2523 1167 2584 τοῖς
1199 2521 1328 2590 περὶ
1365 2520 1455 2574 τὸν
1503 2520 1675 2592 Ἀδάμ
1697 2536 1710 2550 ⁸
1749 2520 1826 2584 ὡς

234 2618 487 2688 ἀπαρχῆς
522 2618 635 2687 ἅμα
665 2614 900 2685 ἠθέλησε
924 2652 940 2678 ,
989 2613 1085 2666 καὶ
1144 2612 1373 2685 οὐρανὸς
1419 2613 1508 2669 καὶ
1546 2613 1613 2666 τὰ
1645 2610 1825 2666 πάντα

233 2709 547 2778 γεγένηται.
585 2706 697 2759 Καὶ
749 2705 878 2776 περὶ
916 2702 1122 2756 τούτων
1164 2702 1426 2766 πολλάκις
1472 2702 1684 2774 ἔφημεν
1731 2702 1826 2755 καὶ

234 2802 293 2853 ὲν
341 2799 520 2862 ἄλλοις
563 2797 785 2861 τόποις,
829 2796 924 2849 καὶ
953 2794 1231 2866 ἀνωτέρω.
1273 2796 1385 2848 Καὶ
1417 2797 1531 2858 τοῖς
1569 2794 1669 2865 μὲν
1703 2794 1826 2864 βου-

154 2892 162 2898 ’
233 2888 489 2960 λομένοις
523 2889 586 2942 τὸ
612 2888 713 2959 ζῇν
748 2888 1011 2958 σύντομος
1041 2888 1075 2957 ἡ
1109 2886 1374 2957 σωτηρία,
1411 2886 1507 2940 καὶ
1544 2884 1828 2956 εὐθυέλεγ-

234 2999 362 3045 κτος
386 2983 420 3053 ἡ
448 2981 781 3035 κακοπιστία
807 2995 820 3010 ·
852 2982 964 3044 τοῖς
998 2978 1057 3032 δὲ
1090 2978 1166 3050 μὴ
1195 2978 1411 3032 θέλουσι
1442 2977 1503 3033 τὸ
1525 2979 1626 3049 τῆς
1651 2995 1826 3050 σωτη-
1852 3019 1896 3078 C

237 3072 359 3146 ρίας
400 3072 797 3139 καταδέξασθαι
846 3070 1217 3124 διδασκαλεῖον
1269 3070 1390 3124 οὐδὲ
1449 3073 1479 3124 ό
1532 3072 1640 3134 πᾶς
1690 3069 1825 3125 αἰὼν

238 3167 373 3239 πρὸς
421 3165 675 3238 διαλογὴν
725 3164 1045 3238 ἐξαρκέσειε
1070 3203 1085 3228 ,
1146 3165 1540 3233 κωφευούσης
1594 3163 1680 3218 ἀεὶ
1728 3163 1827 3233 τῆς

235 3261 405 3331 ἀκοῆς
433 3257 612 3328 δίκην·
647 3258 910 3324 ἀσπίδος
935 3297 951 3322 ,
990 3256 1107 3311 καὶκ
1125 3257 1201 3311 τὰ
1231 3251 1353 3311 ὦτα
1375 3257 1659 3325 ,βυούσης
1678 3298 1693 3323 ,
1721 3255 1826 3310 τοῦ

235 3353 317 3424 μὴ
392 3351 836 3416 καταδέξασθαι
889 3348 1102 3420 φωνὴν
1167 3348 1551 3417 ἐπᾳδόντων,
1593 3365 1826 3418 φαρμα-

236 3444 447 3498 κοῦται
487 3447 508 3476 ²
544 3441 1042 3513 φαρμακευομένη
1076 3441 1247 3511 παρᾱ
1287 3440 1486 3511 σοφοῦ
1512 3480 1527 3506 ,
1570 3440 1711 3494 κατά
1736 3440 1828 3495 τὸν

238 3534 380 3589 θεῖον
404 3535 578 3605 λόγον.
609 3535 734 3596 Τοῖς
770 3533 828 3586 δὲ
862 3534 998 3595 υἱοῖς
1035 3532 1135 3604 τῆς
1159 3530 1435 3602 ἀληθείας,
1471 3526 1646 3601 οἶμαι,
1682 3528 1828 3598 ὠφέ-

236 3625 393 3697 λιμος
427 3626 525 3679 οὐκ
561 3625 758 3692 ὀλίγως
782 3663 797 3688 ,
822 3622 925 3677 κᾶν
958 3638 1018 3676 τε
1048 3623 1136 3676 sta
1161 3620 1396 3686 πλάτους
1427 3623 1456 3675 ὁ
1485 3621 1643 3690 λόγος
1670 3623 1823 3692 είρη-

241 3719 399 3791 μένος
440 3716 674 3772 ἐνταῦθά
709 3732 801 3787 μοι
827 3716 1025 3768 κεῖται.

310 3970 406 4025 ΞΖ¹
463 3968 790 4040 Ἐλεύσομαι
816 3975 874 4029 δὲ
902 3972 984 4033 είς
1005 3968 1095 4021 τὸν
1123 3967 1254 4040 περὶ
1275 3967 1627 4031 ἀναστάσεως
1647 3968 1827 4037 λόγον.

240 4061 412 4117 Ὅταν
466 4062 576 4133 γὰρ
625 4060 977 4134 ἐξαπατήσῃς
1024 4060 1154 4123 τοὺς
1220 4060 1584 4128 ἀγνοοῦντας,
1641 4061 1702 4115 τὸ
1737 4062 1829 4118 σὺν

241 4155 497 4227 φρόνημα
530 4153 975 4224 ἀποϐαλλόμενος
998 4190 1013 4217 ,
1048 4145 1093 4205 ὦ
1127 4151 1479 4222 ματαιοπόνε,
1520 4153 1615 4207 καὶ
1645 4152 1826 4226 εἴπῃς.

241 4246 399 4309 Τινὲς
440 4244 549 4298 τῶν
592 4244 984 4316 ἁπλουστέρων
1015 4242 1301 4315 νομίζουσι
1345 4244 1472 4308 τοὺς
1501 4244 1718 4310 ἀσεϐεῖς
1754 4245 1830 4319 μὴ

1924 1789 2127 1858 quibus
2159 1796 2382 1859 repente
2415 1790 2616 1845 omium
2665 1791 3006 1847 obducitur?
3056 1791 3213 1850 Unde
3272 1796 3513 1851 culicum

1925 1881 2320 1952 ciniphumque
2355 1883 2465 1937 vim
2519 1882 2617 1937 Dei
2658 1883 2891 1954 imperio
2920 1900 3116 1941 servus
3147 1887 3270 1956 ejus
3301 1887 3516 1960 Moyszs

1925 1982 2249 2040 comparare
2280 1972 2509 2040 potuit?
2546 1971 2835 2038 Quomodo
2865 1975 3103 2045 ligneam
3140 1978 3350 2049 virgam
3394 1981 3519 2034 ani-

1925 2069 2136 2115 matum
2192 2076 2258 2117 ac
2310 2072 2694 2132 prorepentem
2745 2065 2801 2120 in
2867 2067 3148 2122 colubrem
3206 2072 3518 2126 convertit?

1925 2148 2028 2216 Qui
2061 2150 2175 2205 ﬁeri
2213 2153 2391 2220 potuit
2419 2140 2481 2207 ut
2511 2153 2716 2224 Moysis
2748 2170 2943 2211 manus
2972 2158 3026 2211 in
3057 2158 3237 2212 nivem
3270 2174 3518 2215 commu-

1925 2242 2172 2296 taretur?
2214 2241 2306 2297 Sic
2337 2243 2503 2313 igitur
2531 2253 2584 2300 et
2616 2253 2731 2298 tum
2766 2244 2899 2312 Deo,
2942 2250 3259 2302 mortalium
3309 2250 3510 2306 inﬁde-

1925 2333 2158 2400 lissime,
2215 2334 2445 2404 placuit,
2513 2351 2575 2391 ac
2634 2337 2917 2408 pelliceas,
2977 2347 3032 2393 et
3078 2341 3301 2409 quidem
3357 2358 3516 2399 veras

1926 2424 2165 2488 tunicas,
2201 2425 2320 2479 sine
2357 2424 2486 2480 ullis
2514 2425 2869 2490 animalibus,
2908 2426 3028 2482 sine
3062 2427 3318 2483 humanae
3375 2430 3516 2485 artis

1925 2531 1990 2571 ac
2038 2516 2363 2586 multiplicis
2410 2518 2593 2587 operis
2649 2517 3011 2584 adminiculo,
3065 2519 3258 2589 primis
3309 2523 3517 2579 nostris

1925 2608 2244 2676 parentibus
2270 2598 2443 2663 ‘simul
2492 2615 2657 2679 atque
2688 2610 2859 2664 voluit
2893 2608 3132 2664 confecit
3165 2628 3178 2664 :
3212 2625 3324 2665 non
3355 2627 3519 2668 secus

1927 2706 2093 2769 atque
2124 2698 2284 2753 initio
2323 2700 2486 2755 simul
2509 2714 2572 2754 ac
2616 2701 2810 2763 voluit,
2841 2702 3041 2755 caelum
3068 2708 3232 2771 atque
3263 2703 3518 2758 universa

1929 2790 2201 2861 producta
2231 2798 2380 2847 sunt.
2409 2792 2681 2848 Caeterum
2706 2793 2772 2847 de
2802 2793 2887 2848 his
2917 2808 3018 2849 nos
3050 2796 3274 2864 saepius,
3312 2805 3367 2850 et
3394 2796 3520 2852 aliis

1927 2884 1985 2939 in
2017 2884 2181 2950 locis,
2213 2894 2268 2940 et
2297 2900 2463 2955 supra
2493 2886 2916 2955 disputavimus.
2950 2888 3125 2956 Atque
3160 2887 3244 2943 his
3270 2886 3513 2957 quidem,

1928 2976 2022 3047 qui
2081 2976 2208 3031 vita:
2258 2976 2537 3032 desiderio
2564 2984 2843 3043 tenentur,
2901 2976 3098 3034 salutis
3141 2986 3226 3035 est
3266 2980 3518 3049 expedita

1928 3071 2093 3135 ratio,
2122 3076 2176 3124 et
2211 3069 2575 3125 inﬁdelissimi
2605 3070 2813 3124 erroris
2845 3068 3155 3125 confutatio
3207 3068 3413 3127 facilis.
3446 3068 3518 3124 lis

1931 3178 2082 3229 vero,
2132 3162 2227 3232 qui
2277 3163 2472 3218 salutis
2517 3161 2868 3233 disciplinam
2905 3175 2969 3215 ac
3009 3163 3382 3232 magisterium
3431 3177 3520 3216 reo

1931 3254 2186 3325 pudiant,
2239 3269 2309 3308 ne
2354 3254 2628 3325 integrum
2679 3255 2899 3326 quidem
2943 3254 3205 3310 saeculum
3242 3260 3421 3325 potest
3451 3251 3519 3308 ad

1932 3344 2332 3417 disputandum
2384 3347 2663 3413 sufﬁcere,
2719 3361 2845 3401 cum
2880 3346 3097 3400 illorum
3133 3360 3296 3400 aures
3327 3360 3520 3416 perpe-

1928 3444 2046 3504 tuo,
2085 3440 2286 3506 aspidis
2342 3440 2537 3503 instar,
2575 3441 2997 3506 obsurdescant,
3044 3456 3163 3512 qua:
3199 3456 3355 3495 aures
3395 3455 3520 3495 sua:

1930 3530 2183 3597 obdurat,
2226 3540 2285 3585 ut
2319 3548 2424 3588 non
2465 3534 2720 3589 exaudiat
2771 3551 2942 3590 vocem
2994 3535 3407 3598 incantantium,
3446 3547 3523 3588 υσ-

1940 3622 2100 3689 ne/icr'
2134 3621 2462 3677 r'ncantantt's
2514 3624 2797 3691 sapienter,
2853 3632 2914 3677 ut
2971 3624 3026 3677 in
3080 3622 3254 3677 sacris
3302 3620 3521 3676 Litteris

1928 3711 2194 3779 scriptum
2215 3718 2299 3766 est
2319 3711 2360 3766 ³.
2383 3709 2644 3768 Veritatis
2670 3728 2835 3782 porro
2860 3713 2984 3768 ﬁliis
3008 3711 3516 3766 fruetuosissimum

1928 3798 2081 3853 hunc
2135 3814 2447 3855 sermonem
2495 3803 2713 3857 conﬁdo
2742 3803 2880 3872 fore,
2915 3802 3137 3859 tametsi
3172 3803 3332 3859 latius
3365 3802 3519 3857 illum

1930 3893 2035 3949 hoc
2062 3893 2186 3947 loco
2208 3907 2631 3964 persequamur.
2654 3962 2659 3967 ι

2001 3983 2208 4039 LXVII.
2251 3987 2421 4041 Venio
2473 3988 2660 4058 itaque
2706 3987 2775 4042 ad
2832 3988 3139 4043 institutam
3199 3987 3269 4043 de
3326 4002 3517 4042 resur-

1932 4076 2180 4133 rectione
2230 4077 2686 4148 disputationem.
2749 4079 2885 4133 Cum
2919 4080 3063 4135 enim
3094 4080 3316 4151 ignaros
3354 4079 3518 4134 decc-

1930 4168 2104 4238 peris,
2134 4184 2200 4223 ac
2223 4176 2370 4223 tuam
2402 4171 2719 4241 Opinionem
2747 4184 2847 4240 pro
2880 4186 3010 4226 vero
3036 4170 3293 4241 dogmate
3326 4170 3519 4239 subje-

1934 4260 2101 4322 ceris,
2139 4259 2324 4331 itaque
2371 4260 2581 4317 dixeris
2612 4280 2625 4316 :
2662 4260 2920 4316 Nonnulli
2950 4277 2980 4316 e
3037 4263 3361 4317 rudioribus
3415 4262 3519 4315 im-

240 4338 526 4406 τεύξεσθαι
565 4338 936 4401 ἀναστάσεως.
1035 4375 1051 4391 .
1132 4374 1148 4391 .
1244 4374 1259 4390 .
1343 4376 1357 4391 .
1437 4373 1452 4389 .
1532 4376 1546 4391 .
1625 4377 1639 4393 .
1719 4377 1735 4396 .
1812 4377 1827 4393 .

2000 4368 2059 4408 os
2110 4366 2221 4406 non
2274 4360 2470 4424 putant
2508 4355 2931 4411 resurrectionis
2971 4364 3252 4425 compotes
3279 4353 3514 4408 futuros.

243 4525 318 4577 Ού
352 4525 510 4596 μόνον
538 4524 647 4595 γὰρ
676 4522 835 4577 τοῦτό
871 4522 1020 4576 ἐστιν
1046 4521 1104 4575 ἐν
1135 4520 1370 4594 σώματι,
1404 4521 1541 4577 ἀλλά
1570 4522 1665 4578 καὶ
1694 4525 1835 4577 κνώ-

183 4641 190 4646 ·
241 4616 376 4670 δαλα
409 4615 468 4682 ἐξ
501 4616 658 4688 ἡμῶν
686 4614 903 4685 φύεται,
927 4614 1003 4680 ὡς
1039 4616 1234 4680 εἰπεῖν,
1265 4614 1486 4686 φθεῖρες
1511 4617 1606 4669 καὶ
1634 4614 1832 4680 κόνεις,

242 4707 365 4761 οὔτε
400 4708 559 4771 ἐκτὸς
577 4707 673 4762 τοῦ
709 4706 964 4779 σώματος
994 4706 1145 4781 ὄντα,
1175 4704 1301 4760 οὔτε
1332 4706 1440 4760 ἀπὸ
1462 4706 1553 4760 τοῦ
1582 4706 1837 4779 σώματος

242 4797 589 4868 λογιζόμενα.
620 4799 730 4852 Καὶ
757 4799 933 4864 οὐδείς
963 4815 1094 4853 ποτε
1131 4797 1437 4869 ἐπεζήτησε
1472 4800 1620 4852 κόνιν
1645 4799 1745 4872 τὴν
1773 4800 1838 4853 ὲκ

242 4891 337 4945 τοῦ
362 4888 614 4957 σώματος
630 4894 730 4945 ὲκκ
739 4893 977 4963 ριθεῖσαν
989 4895 1069 4958 είς
1089 4892 1465 4964 περιποίησιν,
1481 4891 1618 4947 ἀλλὰ
1638 4892 1836 4964 μᾶλλον

246 4984 326 5045 εἰς
352 4980 665 5053 ἀναίρεσινο
707 4982 827 5036 οὐδὲ
861 4983 1159 5055 διαφθορὰν
1191 4983 1292 5055 τὴν
1319 4983 1377 5050 ἐξ
1413 4983 1583 5054 αὐτῆς
1610 5001 1838 5056 γεγενη-

251 5076 441 5147 μένην,
472 5076 593 5131 οὐδὲ
627 5076 834 5149 ζημίαν
876 5077 978 5150 τὴν
1019 5076 1224 5149 ταύτης
1260 5076 1538 5132 ἀπώλειαν
1578 5078 1839 5153 ἠγήσοιτό

246 5183 349 5230 τις.
382 5165 462 5219 Τά
489 5166 582 5236 ἀφ’
608 5167 767 5239 ημῶν
799 5166 1016 5239 ῥυέντα,
1041 5167 1088 5219 εί
1119 5167 1213 5219 καὶ
1233 5165 1408 5231 οὕτως
1439 5169 1673 5241 ὑπάρχει
1695 5167 1839 5223 κατά

230 5257 336 5328 ,τὸν
367 5256 460 5312 σοῦ
495 5258 675 5329 λόγον,
723 5260 784 5313 οὐ
833 5257 1031 5331 μωρῶς
1069 5257 1200 5330 παρ’
1241 5257 1398 5331 ἡμῶν
1438 5258 1827 5333 ζητηθήσεται.

128 5398 137 5405 .
245 5350 383 5405 Οὐδὲ
417 5352 551 5416 Θεὸς
588 5352 762 5407 ταῦτα
805 5354 885 5418 είς
924 5350 1084 5423 ἡμῶν
1125 5349 1387 5406 σύστασιν
1428 5352 1647 5422 ἀγάγοι,
1697 5351 1836 5406 ἀλλά

247 5441 403 5515 δίκην
442 5446 614 5517 ῥύπου
655 5447 714 5515 ἐξ
754 5445 920 5502 αὑτοῦ
958 5445 1054 5499 τοῦ
1102 5444 1318 5516 ἱματίου
1355 5446 1712 5518 ὑπάρχοντος,
1739 5448 1835 5504 ἀπ’

323 5608 342 5641 ι
368 5603 431 5661 F.
466 5605 655 5660 ποσοῦ.
733 5606 755 5638 ³
786 5601 999 5659 Vitiosa
1035 5602 1224 5659 lectio.
1307 5599 1495 5659 ’Psal.
1528 5617 1662 5670 Lvn,
1705 5604 1757 5670 5,
1792 5605 1847 5662 6.

2004 4533 2167 4605 597
2191 4535 2309 4591 Non
2369 4537 2514 4592 enim
2556 4554 2723 4592 unum
2779 4538 2914 4592 illud
2986 4539 3130 4594 inest
3178 4538 3231 4592 in
3266 4552 3519 4610 corpore,

1934 4625 2027 4682 sed
2058 4641 2122 4680 ex
2159 4626 2317 4682 nobis
2357 4625 2521 4680 etiam
2568 4627 2759 4683 bestia
2793 4635 3120 4691 nascuntur,
3163 4627 3400 4697 pediculi
3435 4628 3519 4680 vi-

1934 4716 2137 4771 delicet
2169 4731 2234 4772 ac
2289 4718 2478 4773 lendes
2514 4737 2527 4772 :
2578 4735 2702 4789 quae
2732 4735 2912 4790 neque
2939 4726 3095 4775 extra
3149 4733 3353 4789 corpus
3390 4729 3522 4774 sunt

1937 4825 2116 4879 neque
2148 4809 2204 4864 in
2233 4811 2483 4880 corporis
2507 4812 2619 4866 ulla
2649 4824 2807 4885 parte
2844 4820 3224 4868 numerantur.
3251 4811 3330 4868 Ac
3358 4825 3521 4866 nemo

1935 4910 2213 4957 excretam
2266 4917 2333 4957 ex
2383 4918 2614 4974 corpore
2660 4920 2761 4959 suo
2795 4905 3028 4972 lendem,
3059 4913 3119 4961 ut
3150 4916 3520 4972 conservaret,

1937 4993 2175 5065 quazsiit,
2223 4994 2320 5050 Sed
2368 5002 2428 5050 ut
2471 5004 2696 5052 necaret
2744 5000 2966 5069 potius;
3004 5014 3184 5069 neque
3210 4999 3413 5055 illatam
3454 5001 3525 5056 ab

1936 5100 1999 5141 ea
2049 5085 2348 5155 perniciem
2393 5088 2636 5144 asciscit.
2694 5087 2800 5145 Sed
2851 5105 3028 5161 neque
3065 5091 3112 5146 si
3146 5090 3360 5161 perdita
3429 5091 3522 5145 illa

1938 5175 2320 5248 exstinctaque
2347 5177 2534 5246 fuerit,
2564 5180 2618 5235 id
2643 5181 2696 5235 in
2725 5181 2928 5237 damno
2958 5182 3253 5252 rcputabit.
3284 5181 3376 5237 Sic
3399 5197 3523 5253 quae

1940 5283 1972 5322 a
2008 5269 2170 5325 nobis
2201 5267 2499 5337 ﬂuxerunt,
2540 5275 2758 5331 tametsi
2815 5276 2887 5330 ita
2944 5282 3037 5329 tua
3088 5274 3193 5330 fert
3240 5274 3448 5346 opinio,
3489 5289 3521 5329 a

1944 5362 2104 5418 nobis
2136 5363 2273 5434 ipsis
2309 5379 2658 5437 nequaquam
2693 5368 2894 5424 stolide
2928 5369 3301 5439 requirentur.
3336 5364 3523 5437 Neque

1944 5450 2039 5507 illa
2095 5451 2241 5511 Deus
2291 5453 2349 5510 in
2409 5455 2719 5517 conﬁandis
2784 5459 2950 5516 nobis
3013 5456 3524 5531 componendisque
