3846 6118
316 192 446 250 1187

1715 185 1771 242 S;
1817 183 2160 244 EPIPIIANII

3435 190 3572 248 “88

316 313 580 374 restituet.
617 309 712 366 sed
747 318 1005 380 tanquam
1036 308 1306 362 maculam
1345 307 1638 377 relinquet,
1672 323 1795 376 quae
1821 323 1877 361 er

1993 308 2158 362 αὑτοῦ
2183 306 2240 360 δὲ
2268 305 2334 361 δι’
2365 308 2662 378 εὐκοσμίαν
2690 306 3106 381 ἀποϐληθέντος,
3134 308 3194 362 ἐν
3216 308 3456 380 δευτέρῳ
3477 327 3573 364 κα-

315 404 550 458 vestibus
589 409 806 464 exorta,
844 400 1044 455 nitoris
1075 401 1469 470 elegantiaaque
1501 399 1686 453 studio
1718 399 1884 452 dilui-

308 510 414 553 tur.
472 494 621 548 Illam
681 507 810 547 vero
857 491 1156 560 perfectam
1204 492 1625 560 absolutamque
1653 497 1885 554 vestem,

311 600 488 654 neque
540 598 809 646 mancam,
861 597 1036 652 neque
1092 581 1521 645 redundantem,
1565 596 1664 650 pro
1698 580 1887 650 singu-

312 676 409 727 lari
442 675 579 729 artis
613 690 724 728 sua:
756 673 952 742 peritia
982 671 1179 727 artifex
1214 672 1420 726 reﬁciet
1443 691 1454 725 :
1479 672 1663 726 omnia
1686 672 1889 740 quippe

306 767 362 818 in
395 766 517 833 ejus
548 773 678 819 sunt
717 773 986 833 potestate
1015 764 1214 832 posita.
1253 761 1409 828 Quod
1449 762 1558 816 nisi
1590 763 1664 816 ita
1706 777 1764 816 se
1798 777 1886 816 res

310 857 558 919 haberet,
588 871 620 909 0
658 856 938 909 hominum
976 854 1404 916 iusanctissime,
1464 861 1628 923 atque
1662 869 1728 908 ex
1761 868 1886 907 ver-

311 950 438 1000 hosa
471 947 558 1000 illa
593 946 888 999 calliditate
939 946 993 999 in
1024 945 1313 999 amentiam
1341 959 1606 1000 converse
1630 986 1645 1010 ,
1673 950 1890 1014 poterat

311 1032 496 1101 utique
574 1030 907 1100 Redemptor
954 1039 1142 1086 noster
1197 1046 1260 1084 ac
1314 1030 1616 1096 Dominus,
1685 1031 1888 1102 Deique

311 1123 499 1187 Filius,
559 1125 651 1193 qui
689 1123 894 1176 idcirco
942 1129 1185 1187 venerat,
1244 1130 1304 1175 ut
1342 1122 1466 1176 vitae
1517 1122 1678 1176 nobis
1736 1135 1886 1191 spem

310 1215 670 1269 certissimam
707 1212 930 1277 faceret,
993 1213 1212 1282 quique,
1245 1218 1304 1264 ut
1337 1211 1609 1266 dictorum
1661 1227 1884 1266 suorum

310 1306 465 1358 ιίιιιειιι
515 1303 672 1357 nobis
727 1310 1013 1365 astrueret,
1065 1303 1322 1372 pleraque
1378 1301 1435 1354 in
1493 1302 1677 1371 seipso
1717 1301 1887 1355 voluit

311 1393 660 1462 exprimere:
697 1400 926 1460 poterat,
976 1392 1223 1460 inquam,
1282 1390 1533 1461 corporis
1587 1389 1671 1445 sui
1730 1397 1886 1459 parte

309 1483 554 1552 deposita
619 1481 780 1534 aliam
832 1481 1076 1535 excitare
1123 1487 1337 1550 partem
1375 1497 1388 1534 :
1423 1479 1885 1550 quemadmodum

310 1577 536 1630 verbosa
565 1575 655 1628 illa
683 1582 776 1629 tua
803 1581 966 1628 rectae
990 1572 1115 1628 lidei
1143 1571 1449 1627 confutatio
1475 1581 1640 1641 atque
1665 1573 1886 1642 ineptis-

1992 397 2322 466 ταλείψειεν.
2353 397 2558 451 Ἐκεῖνο
2585 398 2643 450 δὲ
2667 399 2853 467 σαφῶς
2873 399 2932 452 τὸ
2957 399 3170 462 ἐντελὲς
3193 399 3409 467 ἱμάτιον
3439 402 3575 471 μήτε

1989 485 2193 549 λεῖπον,
2222 488 2358 558 μήτε
2380 487 2629 558 περιττὸν
2647 491 2711 558 τῇ
2744 488 2907 541 αὐτοῦ
2929 489 3222 558 ἀγαθότητι
3249 489 3351 557 τῆς
3382 491 3578 560 τέχνης

1993 579 2022 630 6
2034 577 2096 647 δη
2107 579 2360 649 μιουργὺς
2379 579 2592 646 ἀγάγοι·
2607 577 2783 632 πάντα
2797 577 2901 648 γὰρ
2917 577 3066 647 αὐτῷ
3077 577 3310 631 δυνατεῖ.
3326 579 3390 630 Et
3411 578 3469 631 δὲ
3484 579 3582 649 οὐχ

1987 670 2160 730 οὕτως
2178 663 2266 738 ἦν,
2289 667 2364 730 ὡς
2390 669 2490 730 τὰς
2505 669 2524 698 ⁸
2555 668 2757 739 φρένας
2781 667 3054 739 ἀδικηθεὶς
3081 669 3144 720 ἐκ
3159 668 3259 737 τῆς
3276 667 3577 735 πολυλόγου

1995 774 2090 810 σου
2113 758 2374 822 ἐπινοίας,
2391 753 2534 827 εἶχεν
2550 758 2658 828 ἄρα
2678 761 2704 811 6
2735 757 2920 829 Σωτὴρ
2938 758 3094 828 ἡμῶν
3112 759 3204 811 καὶ
3221 757 3428 828 Κύριος
3451 757 3585 819 Υἱὸς

1989 849 2084 902 τοῦ
2110 849 2265 912 Θεοῦ,
2285 850 2312 901 ό
2333 847 2500 900 ἐλθὼν
2532 849 2598 900 δι’
2626 849 2921 916 ἀσφάλειαν
2955 850 3136 901 πᾶσαν
3175 851 3275 917 τῆς
3299 849 3583 917 ἡμετέρας

1990 937 2136 1008 ζωῆς
2171 939 2495 1008 ποιήσασθαι
2537 939 2634 1009 τὴν
2667 939 2822 1009 ἡμῶν
2863 939 3075 1003 ἐλπίδα,
3105 941 3161 991 ἐν
3201 937 3383 1007 ἐαυτῷ
3413 955 3476 990 τε
3512 939 3581 988 τὰ

1991 1031 2217 1082 πλεῖστα
2247 1030 2762 1100 ἀνατυπωσάμενος,
2792 1033 2871 1094 είς
2900 1033 2997 1100 τὴν
3021 1033 3120 1100 τῆς
3143 1011 3405 1102 ἀληθείας
3441 1031 3581 1102 πρὸς

1990 1122 2135 1191 ἡμᾶς
2170 1119 2450 1184 σύστασιν,
2494 1120 2656 1190 μέρος
2682 1121 2847 1174 αὑτοῦ
2882 1118 3026 1192 εἶχεν
3048 1123 3371 1187 ἀποθέσθαι,
3413 1123 3582 1193 μέρος

1989 1211 2046 1264 δὲ
2077 1211 2346 1282 ἐξεγεῖραι
2394 1211 2535 1264 κατά
2570 1211 2666 1282 τὴν
2708 1211 2926 1283 μυθώδη
2972 1230 3064 1266 σου
3113 1214 3446 1285 ἀνασκευὴν,
3487 1216 3581 1267 καὶ

1989 1303 2227 1373 πλήθους
2269 1304 2545 1373 λογισμῶν
2588 1305 2827 1373 ματαίων
2869 1305 3150 1376 συλλογὴν,
3188 1299 3234 1358 ὦ
3281 1306 3579 1374 φιλόνεικε.

1988 1393 2160 1457 Αὐτὸς
2199 1393 2307 1464 γὰρ
2353 1393 2514 1457 εὐθὺς
2545 1394 2831 1464 διελέγχων
2875 1411 2966 1447 σου
3008 1395 3100 1449 τὸν
3129 1395 3328 1467 τρόπον
3377 1396 3580 1464 φάσκει

1987 1481 2182 1549 λέγων,
2234 1483 2316 1534 ὅτι
2363 1483 2505 1536 Ἐὰν
2541 1482 2627 1551 μὴ
2683 1486 2716 1536 ό
2747 1485 2968 1549 κόκκος
3005 1485 3111 1539 τοῦ
3150 1487 3328 1539 σίτου
3371 1485 3582 1538 πεσὼν

1989 1576 2077 1638 εἰς
2105 1573 2218 1640 τὴν
2242 1572 2358 1642 γῆν
2381 1573 2680 1643 ἀποθάνῃ,
2705 1577 2892 1643 μόνος
2909 1575 3078 1644 μένει
3098 1595 3112 1610 ·
3138 1577 3247 1631 ἐὰν
3275 1576 3345 1630 δὲ
3374 1577 3579 1631 πεσὼν

307 1667 572 1719 simarum
626 1666 926 1730 rationum,
979 1680 1012 1718 ο
1054 1663 1427 1720 contentionis
1453 1661 1673 1732 cupide,
1700 1663 1877 1716 multi-

1991 1663 2291 1732 ἀποθάνῃ,
2319 1665 2590 1731 πολλοὺς
2612 1667 2872 1732 κόκκους
2905 1668 3090 1736 φέρει.

307 1758 730 1826 ιιιιίοοεοιςιτει.
766 1756 968 1812 Verum
993 1758 1110 1826 ipse
1140 1765 1295 1812 tuum
1347 1755 1610 1824 evcstigio
1669 1755 1892 1809 modum
1923 1771 1988 1811 ac
2022 1759 2287 1812 rationem
2336 1757 2672 1829 redarguens
2734 1761 2807 1815 ita
2857 1763 3187 1830 pronuntiat
3224 1781 3236 1816 :
3276 1761 3406 1822 Nisi
3461 1777 3592 1831 gra-

307 1865 433 1902 num
489 1848 740 1915 frumenti
791 1848 981 1902 cadens
1035 1849 1088 1901 in
1149 1857 1345 1902 terram
1379 1856 1647 1901 mortuum
1700 1847 1885 1915 fuerit,
1923 1849 2099 1903 solum
2148 1861 2345 1905 manet.
2384 1848 2447 1904 Si
2507 1861 2685 1906 autent
2765 1851 3009 1910 ceciderit
3063 1865 3436 1924 mortuumque
3471 1861 3573 1922 tue-

307 1945 398 2003 rit,
431 1960 600 2011 grana
623 1942 794 1996 multa
830 1944 976 2010 parit
1001 1945 1014 1971 ’
1039 1985 1052 1999 .

378 2034 823 2100 Quodnamillud
854 2043 971 2088 erat
1000 2050 1255 2105 granum,
1291 2033 1358 2089 de
1389 2049 1498 2105 quo
1531 2035 1877 2104 loquebatur‘.

2062 2032 2172 2086 Καὶ
2193 2031 2312 2086 τίνα
2338 2033 2446 2104 ἄρα
2483 2033 2636 2104 ἔλεγε
2664 2036 2895 2102 κόκκον;
2928 2038 3095 2092 Παντί
3132 2058 3211 2110 τῳ
3243 2042 3418 2109 σαφές
3438 2045 3579 2097 ἐστι.

307 2126 478 2182 Nemo
505 2134 586 2181 est
617 2125 710 2195 qui
742 2124 974 2191 dubitet,
1010 2127 1174 2196 idque
1215 2127 1403 2182 mundi
1459 2129 1625 2183 totius
1675 2126 1877 2183 confes-

1990 2125 2084 2179 καὶ
2114 2125 2463 2196 ὡμολόγηται
2497 2128 2660 2180 παντὶ
2710 2128 2788 2198 τῷ
2827 2129 3040 2200 κόσμῳ,
3083 2130 3164 2184 ὅτι
3216 2133 3344 2206 περὶ
3382 2134 3579 2187 ἑαυτοῦ

307 2220 462 2272 sione
490 2224 728 2278 constat,
779 2215 846 2270 de
892 2231 950 2271 se
995 2217 1114 2286 ipso
1164 2216 1452 2272 Dominum
1476 2219 1742 2283 locutum,
1786 2218 1877 2272 hoc

1988 2215 2162 2284 ἔλεγε,
2208 2216 2454 2268 τουτέστι
2501 2217 2627 2286 περὶ¹
2671 2217 2764 2269 τοῦ
2805 2217 3055 2289 σώματος
3101 2221 3202 2290 τῆς
3248 2223 3452 2293 σαρκὸς
3480 2225 3578 2292 τῆς

309 2317 404 2364 est
449 2309 516 2364 de
568 2322 796 2376 corpore
845 2322 984 2371 suo,
1037 2309 1496 2379 sanctissimaque
1549 2310 1640 2363 illa
1695 2324 1884 2375 carne,

305 2419 468 2473 quam
519 2419 582 2456 ex
632 2401 803 2456 Maria
832 2409 1070 2472 ceperat,
1123 2418 1187 2456 ac
1221 2403 1288 2458 de
1328 2403 1567 2457 humana
1610 2404 1757 2458 omni
1789 2419 1888 2458 na-

304 2505 446 2549 tura.
486 2495 642 2560 Quod
677 2503 858 2548 autem
899 2494 1132 2549 cadendi
1173 2509 1237 2549 ac
1272 2495 1540 2550 moriendi
1600 2496 1883 2552 vocabulis

307 2588 500 2652 utitur,
549 2593 608 2639 ut
635 2594 687 2640 et
723 2586 829 2639 alio
879 2586 931 2639 in
977 2585 1097 2639 loco
1135 2585 1304 2640 dicit:
1342 2585 1441 2639 Ubi
1479 2587 1577 2639 erit
1619 2585 1881 2651 cadaver,

1988 2307 2168 2374 ἁγίας,
2213 2301 2281 2378 ἦς
2316 2307 2424 2360 ἀπὸ
2465 2306 2685 2377 Μαρίας
2718 2307 2928 2379 εἴληφε,
2960 2310 3054 2362 καὶ
3096 2311 3226 2380 ὅλης
3275 2312 3442 2364 αὐτοῦ
3478 2314 3577 2382 τῆς

1986 2397 2466 2468 ἐνανθρωπήσεως.
2495 2399 2568 2450 Τὸ
2607 2398 2663 2452 δὲ
2689 2402 2873 2452 πεσεῖν
2901 2401 2996 2453 καὶ
3029 2401 3342 2466 ἀποθανεῖν,
3381 2403 3458 2466 ὡς
3487 2404 3576 2455 λέ-

1983 2505 2098 2555 γει’
2147 2489 2340 2541 ’Ὅπου
2389 2489 2455 2541 τὸ
2506 2487 2732 2558 πτῶμα,
2789 2488 2917 2544 ἐκεῖ
2965 2491 3465 2560 συναχθήσονται
3520 2497 3577 2546 οὶ

1983 2579 2149 2633 ἀετοί
2170 2595 2182 2608 °
2220 2581 2348 2651 περὶ
2381 2579 2482 2649 τῆς
2510 2579 2674 2632 αὑτοῦ
2710 2581 3010 2653 τριημέρου
3043 2583 3137 2635 τοῦ
3174 2583 3429 2654 σώματος
3460 2602 3578 2637 κοιο

302 2679 415 2731 illic
447 2675 904 2747 congregabantur
929 2682 979 2728 et
1003 2675 1195 2748 aquila:
1223 2676 1244 2707 ¹
1267 2714 1282 2738 ,
1324 2676 1391 2729 ad
1426 2675 1738 2730 triduanum
1768 2692 1877 2731 cor-

1989 2674 2204 2743 μήσεως
2243 2672 2449 2741 ἔλεγεν,
2485 2671 2562 2736 ὼς
2601 2674 2695 2726 καὶ
2734 2674 2893 2737 αὐτὸς
2939 2675 3314 2746 ὁμολογήσεις.
3361 2678 3427 2729 Ἦ
3463 2677 3577 2750 γὰρ

306 2771 458 2840 poris
493 2783 743 2836 soporem
789 2766 1013 2833 retulit;
1057 2765 1202 2836 quod
1247 2782 1316 2821 ne
1346 2767 1463 2837 ipse
1495 2767 1712 2836 quidem
1743 2768 1877 2821 difﬁ-

1987 2764 2358 2835 θεότηςαύτοῦ
2381 2766 2701 2836 ἀκοίμητος,
2733 2767 3000 2831 ἀπτωτος,
3042 2768 3374 2838 ἀκράτητος,
3420 2771 3577 2841 ἀτρε-

304 2857 405 2911 teri
453 2863 627 2926 potes.
671 2852 801 2907 Nam
841 2853 1098 2908 divinitas
1153 2853 1271 2922 ipsa
1313 2868 1434 2907 eum
1479 2855 1655 2908 somni
1686 2861 1877 2909 estex'

1994 2873 2146 2919 πτος.
2165 2855 2429 2908 Ἀπέθανε
2451 2856 2628 2911 τοίνυν
2651 2859 2680 2910 6
2708 2856 2906 2920 κόκκος
2929 2856 3021 2910 τοῦ
3048 2859 3221 2923 σίτου,
3238 2861 3334 2913 καὶ
3346 2861 3571 2932 ἀνέστη.

305 2962 451 3016 pers,
513 2953 626 3000 tum
674 2943 872 2998 cadere
896 2943 1253 3013 superarique
1288 2959 1396 2996 non
1429 2950 1628 3012 potest,
1664 2959 1766 2998 nec
1795 2951 1877 2998 est

1986 2949 2148 3013 Ὅλος
2176 2945 2268 3002 οὖν
2302 2951 2331 3002 6
2358 2949 2556 3012 κόκκος
2585 2948 2862 3021 ἀνέστη,ἥ
2893 2948 3098 3020 λεῖμμα
3128 2950 3294 3003 αὑτοῦ
3331 2931 3569 3022 ἀνέστης

302 3039 524 3092 omnino
576 3036 878 3091 mutabilis.
935 3035 1208 3090 Mortuum
1255 3042 1339 3089 est
1385 3035 1567 3104 itaque
1616 3035 1878 3091 frumenti

301 3143 550 3199 granum,
595 3135 757 3198 atque
782 3127 976 3181 iterum
1010 3126 1328 3180 excitatum.
1361 3124 1680 3180 Utrumnam
1718 3127 1881 3198 igitur

304 3224 570 3290 integrum
616 3235 844 3291 granum
897 3221 1194 3272 excitatum
1229 3225 1332 3282 est,
1368 3232 1435 3271 an
1471 3217 1616 3271 illius
1648 3232 1774 3287 pars
1799 3228 1884 3276 est

302 3313 484 3382 aliqua
510 3310 812 3382 derelicta?
848 3310 1082 3365 Aliudne
1121 3325 1307 3380 porro,
1353 3325 1517 3379 quam
1548 3309 1693 3378 quod
1720 3317 1879 3366 antea

300 3415 439 3466 erat,
495 3419 563 3456 an
621 3381 956 3470 iden1598
981 3401 1201 3472 penitus
1254 3415 1376 3454 esse
1431 3415 1494 3453 ac
1542 3400 1877 3456 reviviscere

302 3496 489 3563 erepit,
525 3492 669 3562 quod
701 3501 754 3546 et
786 3492 854 3544 ab
875 3490 1113 3559 Josepho
1163 3488 1395 3546 sindone
1446 3489 1761 3544 obvolutum
1815 3505 1878 3545 ac

303 3589 595 3658 sepultum,
623 3595 676 3639 et
702 3587 752 3638 in
782 3600 920 3638 novo
948 3585 1280 3640 monimento
1309 3586 1546 3655 positum
1573 3584 1878 3640 surrexit“!

301 3677 380 3731 Tu
409 3687 461 3733 te
491 3678 606 3748 ipse
637 3693 745 3731 non
777 3677 1084 3746 negaveris.
1121 3676 1424 3742 Quemnam
1455 3684 1637 3732 autem
1675 3677 1874 3732 mulie-

299 3771 455 3823 ribus
509 3767 682 3838 angeli
729 3767 1101 3823 resurrcxisse
1153 3768 1498 3833 nuntiabant,
1529 3784 1655 3822 cum
1684 3769 1756 3824 ita
1789 3770 1874 3824 di-

298 3869 481 3934 cerent
515 3877 528 3914 :
557 3860 720 3924 Quem
762 3859 1044 3929 quwritis?
1078 3855 1263 3913 Iesum
1307 3858 1700 3915 Nazarenum?
1743 3859 1876 3914 Sur-

297 3949 454 4013 rexit,
504 3966 607 4003 non
652 3960 727 4003 est
773 3949 1100 4012 hic:venite,
1134 3944 1304 4003 uidete
1357 3951 1602 4004 locum‘.
1637 3950 1874 4005 Perinde

295 4054 361 4094 ac
387 4041 433 4095 si
486 4041 734 4095 diceret:
774 4039 972 4104 Venite,
1026 4041 1191 4094 videte
1237 4041 1432 4105 locum,
1481 4051 1535 4096 et
1582 4039 1872 4111 Origenem

294 4132 527 4198 docete;
561 4132 742 4186 nullas
774 4130 899 4185 istic
933 4130 1080 4185 illius
1111 4131 1298 4201 jacere
1342 4131 1626 4201 reliquias,
1661 4132 1757 4187 sed
1787 4132 1874 4186 in;
1915 4204 1917 4207 ι

295 4231 508 4293 tegrum
543 4223 871 4276 surrexisse.
905 4221 1084 4291 Atque
1115 4233 1174 4275 ut
1207 4222 1477 4292 intelligas
1499 4227 1870 4279 resurrexisso

1991 3038 2184 3102 Ἀλλος
2225 3037 2425 3100 κόκκος
2461 3036 2614 3108 παρὰ
2653 3037 2745 3092 τὸν
2770 3037 2916 3104 ὄντα,
2962 3037 2994 3107 ἢ
3039 3037 3172 3091 αὐτὸ
3203 3040 3230 3091 ό
3272 3037 3348 3092 ὢν
3397 3041 3475 3103 είς
3509 3042 3572 3092 τὸ

1983 3124 2143 3194 εἶναι,
2174 3129 2235 3183 τὸ
2285 3129 2374 3183 διά
2417 3128 2511 3182 τοῦ
2553 3128 2750 3199 Ἰωσὴφ
2795 3129 3195 3201 κεκηδευμένον
3244 3132 3302 3183 ἐν
3346 3131 3565 3194 σινδόνι,

1983 3224 2077 3277 καὶ
2110 3224 2167 3275 ἐν
2198 3223 2440 3292 μνήματι
2471 3219 2642 3289 καινῷ
2665 3219 2818 3273 τεθὲν
2846 3222 3078 3293 ἀνέστη;
3111 3221 3338 3286 Πάντως
3357 3222 3437 3274 ὅτι
3465 3223 3568 3276 οὐκ

1981 3314 2216 3385 ἀρνήσῃ.
2275 3311 2410 3364 Τίνα
2458 3311 2638 3363 τοίνυν
2690 3310 3102 3380 εὐηγγελίζοντο
3160 3311 3456 3382 ἐγηγέρθαι
3511 3313 3566 3363 οί.

1981 3406 2202 3473 ἄγγελοι
2229 3405 2349 3466 ταῖς
2377 3402 2651 3471 γυναιξίν;
2681 3401 2756 3464 ὡς
2777 3402 2937 3469 φασί·
2978 3403 3116 3456 Τίνα
3155 3401 3407 3469 (utsin;
3447 3404 3562 3469 Ἰη-

1981 3495 2138 3550 σοῦν
2173 3493 2282 3547 τόν
2325 3488 2695 3560 Ναζωραῖον;
2738 3491 3000 3561 Ἀνέστη,
3035 3496 3146 3548 οὐκ
3193 3495 3366 3550 ἐστιν
3411 3493 3559 3552 ὦδε·

1979 3586 2172 3649 δεῦτε,
2209 3585 2364 3638 ἴδετε
2393 3583 2502 3638 τὸν
2526 3585 2736 3638 τόπον.
2779 3584 2920 3638 Ὠσεὶ
2949 3584 3102 3655 ἔλεγε
3121 3605 3135 3617 ·
3173 3589 3371 3652 Δεῦτε,
3405 3591 3561 3645 ἷὸετε

1977 3676 2087 3729 τὸν
2115 3675 2322 3738 τόπον,
2358 3674 2452 3727 καὶ
2505 3674 2814 3727 συνετίσατε
2850 3675 2941 3729 τὸν
2987 3677 3282 3750 Ὠριγένην,
3328 3683 3408 3734 ὅτι
3457 3684 3558 3736 οὐκ

1979 3766 2059 3819 ἔνι
2085 3766 2292 3836 λεῖμμα
2326 3765 2576 3835 κείμενον
2602 3765 2854 3832 ἐνταῦθα,
2895 3766 3030 3820 ἀλλά
3057 3769 3175 3822 ὅλον
3196 3771 3415 3842 ἀνέστη.
3444 3775 3555 3826 Καὶ

1975 3857 2123 3920 ὅπως
2171 3855 2333 3926 γνῷς,
2366 3855 2446 3908 ὅτι
2485 3855 2604 3909 ὅλον
2653 3856 2880 3928 ἀνέστη’
2915 3858 3179 3928 Ἀνέστη,
3224 3864 3335 3916 οὐκ
3379 3863 3556 3916 ἔστιν

1973 3941 2122 4000 ὧδε·
2157 3947 2241 4000 ἴνα
2273 3946 2589 4018 ἀποκρούσῃ
2634 3964 2726 4002 σου
2765 3948 2863 4018 τὴν
2894 3949 3180 4020 φλυαρίαν,
3221 3953 3301 4005 ὅτι
3346 3954 3551 4024 λεῖμμα

1975 4038 2139 4092 αὐτοῦ
2168 4039 2267 4093 οὐκ
2307 4038 2720 4109 ἐγκατελείφθη,
2753 4039 2867 4092 ἀλλ’
2896 4041 3025 4094 αὐτὸ
3063 4042 3124 4095 τὸ
3153 4043 3376 4113 ήλωθέν,
3417 4048 3550 4098 αὑτὸ

1973 4129 2033 4183 τὸ
2060 4128 2252 4188 νυγθὲν
2278 4132 2346 4199 τῇ
2379 4129 2564 4200 λόγχῃ,
2604 4129 2734 4183 αὐτὸ
2765 4130 2825 4182 τὸ
2863 4132 3133 4203 κρατηθὲν
3172 4134 3276 4187 ὑπὸ
3298 4136 3406 4188 τῶν
3437 4139 3549 4192 Φα-

1977 4237 2221 4292 ρισαίων,
2251 4219 2383 4272 αυτὸ
2407 4221 2467 4272 τὸ
2493 4220 2825 4290 eumue-051V.

295 4322 490 4376 totum,
538 4313 803 4377 Surrexit,
856 4313 1053 4382 inquit,
1096 4329 1200 4366 non
1239 4321 1318 4366 est
1353 4315 1458 4380 hic,
1509 4323 1567 4368 ut
1607 4315 1866 4368 nimirum
1927 4329 2100 4383 nugas
2170 4321 2290 4368 tuas
2341 4313 2662 4380 discuteret,
2711 4313 3221 4386 demonstraretque
3259 4318 3542 4374 residuum

294 4403 442 4456 illius
499 4402 708 4454 nullum
771 4401 1038 4470 abiectum
1105 4416 1166 4458 ac
1216 4403 1464 4456 relictum
1521 4403 1731 4468 fuisse;
1774 4402 1869 4474 sed
1922 4404 2066 4458 idem
2121 4417 2244 4458 esse
2293 4401 2452 4470 plane
2504 4417 2726 4472 corpus,
2768 4407 2910 4474 quod
2935 4412 2989 4460 et
3040 4407 3214 4463 clavis
3241 4409 3538 4475 conﬁxum,

289 4503 344 4550 et
394 4495 582 4548 lancea
624 4494 977 4564 perforatum,
1011 4504 1066 4550 et
1090 4509 1121 4548 a
1147 4494 1436 4550 Pharisaeis
1475 4497 1928 4566 comprehensum
1956 4505 2062 4558 est,
2099 4513 2163 4552 ac
2190 4496 2366 4565 sputis
2398 4511 2701 4566 aspersum.

359 4585 587 4640 LXVIII.
629 4586 772 4651 Quid
819 4595 1000 4642 autem
1034 4587 1228 4643 attinet
1267 4588 1424 4659 plura
1475 4589 1541 4643 ad
1587 4587 1858 4643 infelicem

2035 4588 2159 4642 EH'.
2203 4587 2313 4641 Καὶ
2359 4587 2413 4640 τί
2465 4604 2553 4657 μοι
2592 4587 2661 4640 τὰ
2701 4588 2876 4658 πλήθη
2921 4588 3098 4658 λέγειν
3145 4591 3280 4660 πρὸς
3321 4592 3540 4663 ἔλεγχον

292 4680 439 4734 illius
469 4687 523 4733 et
558 4679 882 4734 insolentem
919 4680 1307 4749 loquacitatem
1345 4679 1682 4751 congerere?
1716 4679 1866 4745 Quo-

287 4768 435 4820 circa
495 4783 603 4820 non
661 4783 820 4823 secus
879 4777 1044 4838 atque
1100 4769 1220 4839 ipse
1268 4769 1570 4824 resurrexit
1596 4783 1864 4838 suumque

287 4874 489 4927 corpus
523 4858 804 4922 excitavit,
855 4860 930 4912 ita
977 4867 1030 4912 et
1068 4874 1169 4914 nos
1213 4860 1496 4914 excitabit.
1530 4860 1664 4912 Nam
1701 4875 1764 4914 ex
1795 4874 1861 4914 eo

288 4949 673 5002 sanctissimus
698 4950 992 5018 Apostolus
1043 4964 1194 5019 spem
1238 4958 1483 5004 nostram
1517 4949 1861 5004 conﬁrmavit

288 5035 374 5088 his
401 5036 584 5090 verbis
611 5037 632 5067 ⁸
661 5055 672 5090 :
709 5037 983 5102 Quomodo
1009 5038 1192 5090 dicunt
1216 5038 1434 5106 quidam
1469 5038 1520 5090 in
1556 5037 1698 5091 vobis
1719 5055 1860 5091 mor-

288 5139 498 5181 tuorum
554 5131 992 5183 resurrectionem
1025 5146 1126 5181 non
1162 5131 1315 5182 esse?
1360 5127 1513 5192 Quod
1550 5129 1594 5180 si
1623 5139 1858 5184 mortuo-

286 5235 403 5271 rum
439 5222 755 5274 resurrectio
787 5237 890 5274 non
919 5228 1016 5280 est,
1048 5235 1211 5288 neque
1255 5218 1495 5272 Christus
1542 5221 1851 5274 resurrexit.
1873 5242 1888 5247 -

285 5306 342 5360 Si
393 5319 566 5362 autem
601 5310 842 5364 Christus
888 5327 991 5362 non
1027 5310 1334 5366 resurrexit.
1402 5309 1575 5360 inanis
1623 5325 1743 5379 ergo
1769 5321 1847 5365 est

368 5465 570 5519 'Joan.
623 5466 843 5530 ωλι.
919 5467 1152 5522 'Matth.
1202 5483 1350 5530 xxrv,
1403 5469 1490 5522 28.

285 5532 356 5587 ιε
391 5548 514 5603 sqq.
565 5537 693 5590 ⁸1σ.
735 5529 917 5600 ὣτάς.

1962 4677 2151 4730 τούτου
2180 4677 2274 4730 τοῦ
2306 4677 2538 4730 ἐλεεινοῦ
2574 4679 2668 4730 καὶ
2694 4679 3039 4749 πολυκόμπου
3065 4681 3164 4751 τῆς
3186 4683 3244 4733 ἐν
3271 4683 3419 4752 αὐτῷ
3449 4701 3536 4751 γε-

1962 4768 2215 4840 νηθείσης
2253 4769 2554 4839 φλυαρίας;
2600 4756 2742 4839 ’Ἄρει
2771 4765 2881 4836 οὖν,
2923 4770 2997 4833 ὼς
3031 4772 3251 4843 ἀνέστη,
3286 4777 3380 4826 καὶ
3409 4777 3532 4827 ἐαυ-

1959 4859 2052 4914 τοῦ
2083 4860 2144 4914 τὸ
2178 4861 2336 4931 σῶμα
2376 4862 2616 4931 ήγειρεν,
2649 4860 2820 4925 οὕτως
2849 4863 2943 4914 καὶ
2972 4865 3117 4933 ἡμᾶς
3160 4865 3363 4935 ἐγερεῖ.
3404 4868 3536 4920 Ἀπὸ

1956 4951 2146 5004 τούτου
2173 4951 2280 5024 γὰρ
2313 4951 2510 5016 ἔδειξεν
2535 4956 2562 5005 6
2586 4953 2738 5020 ἅγιος
2784 4955 3101 5019 Ἀπόστολος
3128 4957 3225 5028 τὴν
3255 4960 3413 5030 ἡμῶν
3449 4962 3533 5013 ἐλ-

1958 5042 2108 5106 πίδα,
2145 5044 2347 5113 φήσας,
2389 5044 2471 5096 ὄτι
2507 5042 2636 5108 Πῶς
2670 5046 2924 5113 λέγουσι
2953 5064 3111 5113 τινες
3141 5049 3212 5101 ἐν
3243 5052 3405 5119 ὑμῖν,
3443 5053 3531 5107 ὅτι

1956 5134 2292 5200 ἀνάστασις
2329 5134 2555 5202 νεκρῶν
2599 5138 2710 5190 οὐκ
2755 5138 2956 5203 ἔστιν;
3003 5143 3068 5194 Et
3095 5142 3164 5194 δὲ
3191 5144 3530 5211 ἀνάστασις

1955 5223 2182 5290 νεκρῶν
2207 5227 2317 5278 οὐκ
2349 5226 2501 5288 ἐστι,
2533 5225 2675 5280 οὐδὲ
2705 5230 2959 5296 Χριστὸς
2996 5233 3326 5304 ἐγήγερται.
3362 5241 3433 5292 Ei
3461 5237 3530 5291 δὲ

1957 5314 2208 5379 Χριστὸς
2251 5316 2360 5366 οὐκ
2403 5314 2732 5384 ἐγήγερται,
2768 5321 2946 5374 κενὸν
2980 5322 3091 5391 ἄρα
3131 5327 3199 5377 τὸ
3249 5327 3527 5397 κήρυγμα

1575 5471 1592 5501 ³
1625 5470 1812 5526 Matth.
1871 5489 2041 5536 xxvii,
2101 5475 2187 5538 59,
2253 5477 2340 5528 60.
2424 5475 2438 5504 ‘
2481 5474 2670 5532 Matth.
2737 5493 2925 5544 xxvnt,
2961 5483 3015 5548 5,
3050 5483 3102 5538 6.
3168 5485 3189 5515 ⁸
3220 5486 3390 5543 ICor.
3427 5504 3524 5557 xv,
