3794 6172
271 188 410 246 1189

945 184 1323 248 ‘ADVERSUS
1362 186 1701 246 [LERESES
1738 189 1827 246 LI

1949 234 1963 246 .
2004 189 2166 248 ΤΟΜ.
2209 190 2332 246 1.-
2366 191 2637 250 ΗᾹΞΒΕΞ.
2677 193 2863 253 LXIV.

3390 200 3529 259 U90

269 283 459 353 ἡμῶν
481 284 704 355 ματαία
724 285 819 340 καὶ
846 284 884 352 ἠ
903 282 1105 351 ὰίστις
1124 286 1313 355 ἡμῶν.
1342 287 1748 356 Εὐρισκόμεθα
1776 286 1827 339 δι

1945 285 2252 357 praedicatio
2290 299 2495 359 nostra,
2548 307 2685 344 vana
2723 298 2875 346 estet
2908 290 3038 360 ﬁdes
3079 303 3272 348 vestra.
3321 292 3529 350 Inveni;

271 377 369 429 καί
387 377 870 447 ψευδομάρτυρες
906 378 1012 433 τοῦ
1031 378 1201 442 Θεοῦ,
1232 377 1602 448 ὄτιεῖπομενσ
1626 380 1849 449 Ἠγειρε

267 466 378 520 τὸν
389 467 762 536 Χριστὸν,καὶ
779 473 843 523 τὰ
860 468 1006 539 ἑξῆς.
1022 469 1131 521 Καὶ
1144 466 1268 521 ὕστε
1276 485 1366 539 ρον
1379 468 1845 540 ὲπιφέρει,λέγων·

268 561 437 615 Δεῖτὸ
452 561 719 633 φθαρτὸν
733 562 907 617 τοῦτο
922 562 1290 616 ἐνδύσασθαι
1301 562 1765 630 ἀφθαρσίαν,καὶ
1779 562 1848 616 τὸ

267 652 487 718 θνητὸν
519 654 695 707 τοῦτο
714 652 1087 708 ἐνδύσασθαι
1102 654 1459 707 ἀθανασίαν.
1480 653 1589 707 Kal.
1608 654 1709 707 οὐκ
1724 647 1845 707 εἷπε

262 738 324 791 τὸ
350 739 541 812 θνητὸν
563 742 743 813 μόνον,
762 744 881 797 οὐδὲ
901 744 961 797 τὸ
979 743 1216 814 φθαρτὸν
1250 744 1428 814 μόνον,
1447 744 1568 797 οὐδὲ
1594 744 1692 814 τὴν
1713 743 1847 797 ἀθά-

262 846 421 883 νατον
433 830 630 903 ψυχήν·
652 832 790 887 ἀλλά
806 833 871 887 τὸ
886 833 1150 904 φθαρτὸν
1159 833 1356 897 τοῦτο,
1377 835 1513 904 μετὰ
1528 835 1846 908 προσθήκης

261 921 359 992 τῆς
372 922 568 986 τοῦτο,
588 924 763 978 καὶτὸ
779 925 1000 993 θνητὸν
1014 925 1210 989 τοῦτο,
1232 925 1369 995 μετά
1405 925 1721 997 προσθήκης
1744 927 1844 996 τῆς

262 1010 456 1064 τοῦτο.
472 1012 642 1076 Αὐτὸς
675 1010 767 1067 οὖν
795 1014 912 1077 ὅλος
932 1014 947 1045 ¹
970 1015 998 1066 6
1016 1014 1401 1086 κόκκοςζαύτεῦ
1423 1014 1640 1086 ἀνέστη·
1665 1015 1760 1069 καὶ
1780 1017 1841 1070 οὐ

265 1099 428 1170 μέρος
459 1101 678 1172 ἀνέστη,
692 1102 828 1156 ἀλλά
842 1102 960 1165 ὅλος
976 1103 1194 1173 ἀνέστη·
1214 1105 1308 1157 καὶ
1326 1105 1426 1158 οὐκ
1455 1104 1612 1168 ἀλλος
1644 1105 1842 1169 κόκκος

263 1191 412 1260 παρά
432 1191 522 1245 τὸν
539 1192 666 1247 ὄντα
681 1193 900 1265 ἀνέστη,
915 1193 1028 1247 ἀλλ’
1045 1193 1206 1257 αὐτὸς
1219 1196 1247 1247 6
1263 1193 1442 1248 πεσὼν
1461 1195 1517 1248 ὲν
1533 1194 1608 1265 τῷ
1623 1194 1725 1266 μνή
1735 1212 1839 1265 μα-

1951 393 2072 430 mur
2122 388 2291 431 autem
2333 390 2380 433 et
2406 379 2538 449 fulsi
2573 388 2727 436 testes
2773 381 2904 448 Dei,
2951 385 3203 452 quoniam
3248 384 3528 441 diximus:

1949 467 2236 522 Suscitavit
2274 468 2565 535 Christum,
2607 480 2714 526 etc.
2749 471 2953 527 Deinde
2981 474 3221 543 subjecit
3255 494 3268 530 :
3307 476 3527 547 Oportet

1948 559 2292 630 corruptibile
2325 561 2420 614 hoc
2448 562 2661 617 induere
2689 565 3159 633 incorruptionem,
3208 577 3257 621 et
3301 570 3526 623 mortale

1947 648 2046 703 hoc
2094 649 2311 704 induere
2350 652 2825 708 immortalitatem.
2858 653 2977 710 Non
3002 656 3141 709 dixit
3169 658 3398 711 mortale
3435 675 3525 713 so-

1950 737 2085 804 lum,
2135 754 2313 809 neque
2360 742 2713 810 corruptibile
2752 744 2950 809 solum,
3008 760 3109 800 nec
3158 748 3522 802 immortalem

1944 827 2181 897 denique
2221 828 2494 883 animam:
2546 829 2642 884 sed
2681 832 3015 900 corruptibile
3062 834 3156 888 hoc
3198 844 3247 889 et
3275 838 3518 901 mortale,

1942 918 2126 974 addito
2149 914 2436 990 utrobique
2465 922 2809 991 pronomine,
2839 923 2953 977 hoc.
2980 925 3342 990 Quamobrem
3394 943 3522 998 gra-

1943 1026 2073 1065 num
2116 1011 2308 1081 ipsius,
2333 1018 2386 1065 et
2412 1012 2633 1081 quidem
2668 1013 2961 1082 integrum,
2990 1029 3101 1068 non
3135 1015 3257 1084 ejus
3286 1023 3520 1069 tantum-

1942 1102 2103 1156 modo
2152 1116 2300 1171 pars,
2355 1101 2448 1156 sed
2496 1102 2785 1173 integrum,
2819 1104 2899 1157 uti
2933 1104 3194 1169 diximus,
3233 1108 3514 1174 surrexit;

1939 1207 2042 1248 nec
2074 1192 2260 1256 aliud,
2309 1207 2473 1262 quam
2532 1192 2677 1263 quod
2725 1203 2843 1248 erat
2890 1201 3049 1248 antea
3107 1210 3375 1266 granum,
3420 1198 3517 1251 sed

260 1297 313 1334 τι
329 1281 446 1345 ὅλος
462 1282 681 1355 ἀνέστη.
702 1285 811 1338 Καὶ
844 1283 947 1337 ποῦ
986 1284 1157 1355 ἰσχύει
1193 1302 1286 1337 σου
1320 1286 1354 1356 ή
1386 1286 1827 1355 κενοφωνία;Δύι

1940 1282 2074 1337 illud
2099 1283 2301 1352 ipsum,
2344 1283 2488 1352 quod
2516 1283 2571 1337 in
2600 1284 2992 1355 monimentum
3023 1285 3314 1352 ceciderat,
3344 1295 3514 1342 totum

261 1373 371 1444 γὰρ
386 1374 614 1439 κόκκους
638 1372 777 1430 οἶδεν
803 1379 836 1447 η
859 1376 977 1430 θεία
998 1376 1187 1448 Γραφὴ
1209 1377 1552 1449 εἰρημένους,
1575 1377 1671 1430 ἕνα
1688 1380 1744 1431 ὲν
1762 1377 1827 1449 τῷ

1940 1374 2322 1444 integrumque
2376 1375 2633 1430 surrexit.
2689 1373 2828 1441 Quid
2883 1375 3052 1445 igitur
3109 1377 3306 1431 virium
3353 1378 3518 1432 habet

261 1464 597 1537 Εὐαγγελίῳ,
629 1467 724 1520 καὶ
756 1467 851 1520 ἕνα
874 1466 1022 1538 παρά
1048 1466 1126 1538 τῷ
1165 1468 1488 1539 Ἀποστόλῳ.
1536 1470 1646 1523 Καὶ
1671 1471 1699 1522 6
1738 1470 1827 1540 μὲν

1940 1463 2173 1520 absurda
2218 1464 2309 1518 illa
2350 1472 2445 1519 tua
2497 1464 2817 1537 sententia?
2854 1464 2971 1518 Duo
3014 1465 3289 1535 siquidem
3325 1481 3514 1537 grana,

262 1559 343 1621 είς
374 1558 474 1629 τὴν
516 1560 697 1612 πᾶσαν
725 1559 1019 1630 σαφήνειαν
1056 1558 1205 1629 δηλοῖ
1244 1560 1384 1613 κατὰ
1419 1559 1487 1613 τά
1531 1562 1750 1626 τελείως
1777 1563 1827 1615 ἐν

1940 1569 2057 1624 quae
2080 1555 2240 1625 paulo
2271 1565 2399 1611 ante
2427 1557 2735 1620 retulimus,
2769 1554 3050 1624 Scriptura
3079 1565 3511 1613 commemorat:

261 1648 410 1720 αὐτῷ
443 1649 822 1721 ὲνεργηθέντα,
860 1650 996 1721 ὅπερ
1028 1651 1146 1703 ἐστὶ
1178 1650 1532 1722 πρωτότυπον
1574 1652 1673 1723 τῆς
1699 1655 1827 1707 ἀνα-

1940 1662 2169 1716 quorum
2203 1647 2429 1703 alterius
2469 1648 2526 1701 in
2563 1646 2877 1717 Evangelia,
2930 1647 3158 1702 alterius
3194 1647 3338 1717 apud
3367 1648 3512 1716 Apo-

262 1740 525 1804 στάσεως.
555 1740 725 1794 Τοῦτο
754 1739 863 1812 γὰρ
896 1741 991 1793 καὶ
1022 1741 1286 1795 διδάσκων
1324 1741 1417 1794 καὶ
1449 1741 1617 1796 ποιῶν
1663 1743 1692 1793 6
1720 1743 1827 1795 Σω-

1940 1738 2135 1792 stolum
2172 1737 2228 1791 tit
2267 1738 2493 1792 mentio.
2531 1737 2771 1792 Primum
2798 1738 2931 1793 illud
2973 1738 3040 1792 ad
3072 1754 3184 1793 rem
3215 1739 3511 1793 declaran-

257 1831 364 1902 τὴρ
409 1832 478 1885 τὰ
520 1833 696 1887 πάντα
732 1834 863 1905 ἡμῖν
901 1833 981 1896 είς
1012 1835 1350 1904 παράστασιν
1388 1832 1619 1903 βεϐαίως
1649 1834 1827 1907 εἰργά-

1940 1825 2058 1881 dam
2081 1827 2526 1884 efficacissimum
2556 1835 2660 1893 est,
2698 1828 3003 1883 secundum
3032 1844 3093 1885 ea
3120 1845 3241 1900 qua:
3270 1830 3514 1900 perfecte

261 1939 392 1976 σατο
439 1924 617 1988 εὐθύς.
650 1924 840 1994 Ἔλεγε
888 1924 998 1996 γὰρ
1028 1925 1158 1996 περὶ
1193 1923 1287 1978 τοῦ
1331 1925 1551 1991 κόκκου,
1591 1927 1686 1979 καὶ
1743 1925 1827 1979 τοῐ

1940 1918 1993 1973 iu
2044 1934 2110 1974 eo
2155 1927 2309 1991 gesta
2337 1930 2498 1986 sunt,
2568 1919 2714 1992 quod
2759 1928 2845 1975 est
2893 1923 3042 1976 velut
3084 1924 3513 1979 resurrectionis

259 2014 447 2086 ἤγειρε
468 2016 490 2046 ³
519 2015 608 2069 τὸν
639 2015 857 2083 κόκκον,
891 2016 977 2070 ἵνα
998 2017 1128 2087 ἡμῖν
1158 2014 1257 2086 τὴν
1284 2016 1463 2070 πίστιν
1488 2017 1589 2087 τῆς
1631 2016 1827 2079 ἐλπίδος

1940 2014 2232 2083 exemplar.
2262 2014 2472 2070 Etenim
2501 2015 2707 2071 docens
2731 2016 2880 2071 istud
2908 2016 3179 2084 Salvator,
3195 2025 3250 2072 et
3282 2016 3510 2080 faciens,

260 2101 534 2177 βεϐαιώσῃ
554 2104 653 2175 τῆς
674 2105 831 2175 ἡμῶν
862 2104 1211 2168 ἀναστάσεως
1238 2106 1297 2159 ὲν
1320 2104 1565 2177 ἀληθείᾳ.

1940 2104 2172 2160 subinde
2246 2106 2643 2161 confirmandis
2710 2106 2869 2162 nobis
2935 2109 3119 2162 omnia
3172 2113 3514 2162 ‘constanter

260 2195 531 2265 praestitit.
577 2191 713 2250 Nam
744 2197 811 2250 de
864 2210 1066 2273 grano,
1117 2196 1295 2266 deque
1339 2197 1530 2252 eodem
1578 2197 1867 2253 excitando
1918 2195 2129 2253 idcirco
2186 2196 2469 2263 disseruit,
2526 2205 2585 2252 ut
2622 2199 2738 2268 spei
2791 2208 3011 2269 nostrte,
3067 2212 3229 2269 quam
3275 2199 3342 2254 de
3383 2213 3511 2252 vera

257 2287 659 2342 resurrectione
705 2286 870 2357 599
909 2288 1260 2358 concepimus
1305 2287 1464 2343 fidem
1526 2297 1819 2348 assereret.

340 2378 471 2432 Ἀπὸ
494 2379 681 2433 τούτου
703 2379 1082 2452 διαδεξάμενος
1106 2383 1135 2435 6
1174 2381 1513 2451 Ἀπόστολος,
1548 2385 1825 2457 Πνεύματι

1998 2375 2138 2431 Huic
2195 2376 2467 2431 successit
2521 2376 2839 2448 Apostolus,
2906 2379 2999 2449 qui
3050 2378 3222 2435 divini
3269 2381 3511 2453 Spiritus

257 2471 399 2543 ἁγίῳ
432 2473 749 2543 φερόμενος,
774 2473 872 2546 τὴν
903 2473 1042 2544 μετά
1088 2473 1187 2545 τὴν
1232 2474 1527 2530 ἀνάστασιν
1568 2477 1827 2550 ἐσομένην

1940 2465 2130 2533 imam,
2186 2474 2511 2522 sanctorum
2552 2469 2804 2540 gloriam,
2856 2486 2977 2541 quae
3002 2480 3125 2542 post
3157 2481 3515 2534 resurrectio-

257 2562 415 2627 δόξαν
446 2564 555 2617 τῶν
580 2565 752 2633 ἁγίων
776 2564 1132 2636 διηγούμενος
1163 2568 1313 2637 ἡμῖν,
1344 2568 1438 2621 καὶ
1453 2568 1550 2639 τὴν
1569 2569 1668 2641 τῆς
1697 2570 1827 2622 ἀπο-

1940 2575 2050 2614 nem
2080 2559 2272 2615 futura
2307 2571 2411 2628 est,
2461 2577 2525 2616 ac
2569 2562 2837 2617 bonorum
2881 2563 3116 2621 fructum
3147 2569 3511 2638 voluptatem-

259 2654 500 2719 λαύοεως
531 2656 639 2710 τῶν
660 2654 899 2725 ἀγαθῶν,
936 2656 1176 2711 δείκνυσι
1210 2658 1371 2713 πάλιν
1397 2660 1484 2714 διὰ
1504 2658 1599 2713 τοῦ
1625 2661 1827 2714 κόκκου

1940 2666 2033 2722 lue
2067 2652 2378 2725 declarans,
2417 2652 2605 2708 eadem
2645 2656 2798 2724 grani
2835 2656 3001 2711 tritici
3030 2659 3387 2718 similitudine
3417 2664 3511 2721 de-

257 2745 351 2799 τοῦ
392 2747 559 2814 σίτου,
613 2749 752 2802 κατὰ
787 2748 895 2804 τῶν
944 2748 1188 2803 ἀπίστων
1230 2752 1825 2823 ἐπικηρυκευσάμενος.

1940 2749 2231 2807 monstrat,
2279 2743 2387 2798 tale
2420 2744 2687 2801 adversus
2719 2745 2966 2803 infideles
2994 2751 3321 2818 praeconium
3354 2753 3513 2810 insti-

268 2839 446 2892 Ἀλλὰ
468 2838 619 2907 ἐρεῖς
638 2857 740 2909 μοι
761 2857 775 2873 ο
811 2838 944 2906 Πῶς
969 2840 1298 2911 ἐγείρονται
1324 2845 1379 2896 οἱ
1417 2843 1655 2911 νεκροί;
1678 2844 1827 2907 ποίῳ

1940 2841 2126 2889 tuens.
2178 2834 2251 2887 At
2275 2833 2416 2889 dices
2445 2834 2575 2888 mihi
2604 2851 2622 2889 :
2652 2836 2926 2902 Quomodo
2957 2852 3235 2911 resurgunt
3270 2846 3463 2898 mortui
3483 2849 3511 2903 2

257 2929 325 2984 δὲ
358 2898 873 3001 σώματιέίρχονται
892 2898 1038 2998 {Kal
1059 2898 1191 3005 (ρησι
1227 2934 1363 3006 πρὸς
1390 2934 1483 2989 τὸν
1511 2898 1578 2988 τὰ
1608 2898 1827 2990 τοιαῦτα

1941 2940 2167 2995 quonam
2192 2940 2310 2979 vero
2329 2941 2543 2995 corpore
2564 2927 2772 2980 veniunt
2788 2928 2843 2982 ’ἲ
2863 2928 2942 2983 Ad
2962 2929 3076 2984 haec
3094 2934 3167 2986 ita
3191 2935 3505 3004 respondit:

258 3021 479 3092 λέγοντα
501 3040 514 3055 ο
569 3024 813 3092 Ἀφρον.
864 3023 921 3078 '0
938 3024 1078 3109 ’γὰρ
1125 3026 1263 3089 ὅλως
1309 3025 1439 3097 περὶ
1482 3025 1832 3090 ἀναστάσεως

246 3114 610 3184 κάμφιϐάλλων
642 3117 832 3187 ἄφρων
867 3116 984 3170 ἐστὶ
1019 3117 1113 3170 καὶ
1141 3118 1419 3181 ἀσύνετος.
1468 3113 1608 3172 Εἷτά
1634 3135 1831 3188 φησιν’

261 3206 496 3274 Ἀερρον,
547 3206 628 3260 σὺ
674 3206 706 3260 ὃ
746 3207 1010 3276 σπείρεις
1041 3209 1112 3262 οὐ
1162 3204 1552 3278 ζωογονεῖται,
1606 3209 1715 3262 ἐὰν
1745 3208 1831 3278 μὴ

256 3296 545 3366 ἀποθάνῃ.
575 3296 682 3352 Καὶ
708 3297 739 3351 6
761 3300 1048 3368 σπείρεις,
1068 3300 1139 3355 οὐ
1153 3299 1219 3355 τὸ
1233 3301 1642 3371 γενησόμενον
1659 3301 1834 3370 σῶμα

256 3388 541 3458 σπείρεις,
568 3390 729 3444 ἀλλὰ
747 3390 977 3460 γυμνὸν
1003 3393 1249 3457 κόκκον,
1277 3395 1329 3446 εί
1352 3393 1543 3462 τύχοι,
1571 3393 1767 3451 σίτου,
1790 3392 1831 3463 ἢ

257 3479 374 3533 τῶν
405 3481 611 3537 ἄλλων
629 3481 986 3552 σπερμάτων
1006 3498 1019 3512 ·
1072 3482 1171 3538 καὶ
1196 3485 1268 3538 οὐ
1308 3482 1692 3552 ζωογονεῖται,
1724 3484 1834 3539 ἐὰν

253 3572 337 3641 μὴ
365 3572 658 3641 ἀποθάνῃ.
708 3573 761 3627 '0
812 3573 882 3628 δὲ
930 3575 1074 3642 Θεὸς
1106 3574 1356 3629 δίδωσιν
1379 3574 1540 3639 αὐτῷ
1561 3575 1730 3644 σῶμα
1751 3576 1846 3641 ὡς’

256 3663 536 3731 ἠθέλησε,
564 3665 661 3718 καὶ
692 3665 926 3728 ἑκάστῳ
949 3665 1068 3719 τῶν
1078 3664 1439 3734 σπερμάτων
1460 3666 1614 3719 lator
1637 3665 1826 3735 σῶμα.

259 3756 369 3809 Καὶ
393 3757 543 3826 ὁρᾷς,
590 3756 671 3809 ὅτι
713 3756 814 3809 οὐκ
845 3741 1140 3810 άλάσσεταί
1185 3755 1249 3808 τδ
1284 3755 1464 3824 σῶμα.
1509 3755 1694 3819 Οὐδεὶς
1718 3755 1829 3827 γὰρ

256 3846 485 3917 σπείρας
506 3845 699 3916 κριθάς
731 3846 885 3918 ζητεῖ
907 3850 1082 3901 σῖτονο
1115 3845 1235 3899 οὐδὲ
1264 3845 1548 3916 μελάνθιον
1584 3845 1826 3919 ἔσπειρε,
1854 3876 1859 3889 ε

256 3936 350 3989 καὶ
380 3930 504 4007 εὗρε
524 3936 715 4007 κριθήν
740 3953 754 3967 ο
784 3935 921 3989 ἀλλά
948 3936 1008 3989 τὸ
1045 3937 1402 4007 σπειρόμενον
1439 3936 1568 3990 αὐτό
1610 3938 1724 3990 ἐστι
1768 3936 1830 3990 τὸ

255 4029 619 4100 ἐγειρόμενον.
698 4028 820 4082 Ἐὰν
878 4028 934 4082 δὲ
990 4028 1086 4082 καὶ
1143 4027 1476 4099 καταλειφθῇ
1530 4028 1589 4094 ἐξ
1663 4027 1826 4081 αὐτοῦ

257 4119 407 4173 κάτω
439 4119 495 4173 ὲν
528 4121 592 4190 τῇ
632 4121 724 4190 γῇ,
748 4118 842 4172 καὶ
887 4120 1091 4189 ἀναστῇ
1137 4116 1197 4182 ἐξ
1223 4115 1386 4170 αὐτοῦ
1423 4116 1485 4170 τὸ
1521 4115 1824 4189 βλάστημα,

1935 3017 2128 3072 Stulte.
2160 3015 2373 3073 Stultus
2396 3019 2540 3073 enim
2569 3025 2652 3073 est
2682 3027 2735 3073 et
2769 3019 3108 3090 imprudens,
3152 3025 3245 3093 qui
3284 3028 3510 3081 omnino

1934 3108 2003 3165 de
2029 3109 2436 3165 resurrectione
2469 3109 2702 3164 dubitat.
2734 3109 2876 3180 Ergo
2907 3111 2980 3165 ita
3013 3114 3234 3184 subjicit
3266 3135 3278 3171 :
3313 3116 3507 3187 Stulte,

1936 3207 1991 3251 tu
2015 3197 2155 3268 quod
2179 3200 2408 3252 seminus
2434 3214 2537 3253 non
2567 3199 2883 3269 viviﬁeatur,
2912 3201 3014 3254 nisi
3038 3212 3301 3257 mortuum
3325 3206 3504 3274 fuerit.

1936 3289 2007 3342 Et
2034 3290 2173 3360 quod
2209 3291 2460 3354 seminus,
2497 3307 2598 3344 non
2629 3290 2870 3359 futurum
2911 3307 3098 3361 corpus
3128 3296 3377 3360 seminus,
3418 3298 3509 3352 sed

1935 3381 2133 3436 nudum
2165 3398 2410 3454 granum,
2451 3382 2674 3450 exempli
2700 3398 2891 3450 causa,
2927 3384 3110 3450 tritici,
3146 3396 3238 3439 aut
3280 3389 3509 3443 aliorum

1933 3473 2227 3537 seminum;
2255 3480 2305 3526 et
2358 3488 2463 3526 non
2507 3472 2824 3540 uivi/icutur,
2872 3472 2975 3527 nisi
3019 3484 3281 3529 mortuum
3326 3476 3505 3545 fuerit.

1933 3561 2074 3616 Deus
2116 3571 2291 3617 autem
2320 3562 2413 3616 dat
2440 3563 2522 3617 illi
2542 3580 2730 3634 corpus
2756 3566 2894 3619 sicut
2930 3565 3111 3632 voluit,
3145 3576 3195 3621 et
3226 3570 3510 3640 unicuique

1933 3653 2123 3705 semini
2147 3655 2417 3722 proprium
2445 3671 2655 3724 corpus.
2687 3658 3108 3723 Animadvertis,
3139 3660 3352 3729 opinor,
3397 3676 3507 3715 non

1933 3742 2260 3796 commutari
2314 3757 2537 3812 corpus.
2577 3744 2748 3800 Nemo
2776 3749 2918 3800 cnim
2947 3748 3039 3816 qui
3070 3748 3330 3803 hordeum
3362 3765 3509 3804 seve-

1932 3832 2023 3898 rit,
2058 3833 2297 3888 triticum
2322 3835 2592 3905 requirit;
2640 3852 2818 3906 neque
2864 3837 3059 3908 nigella
3090 3836 3336 3893 Romana
3367 3854 3503 3893 con-

1934 3925 2037 3980 sita
2073 3924 2337 3981 hordeum
2370 3928 2577 3997 reperit
2603 3945 2617 3995 ;
2648 3927 2744 3983 sed
2772 3930 2824 3984 id
2864 3929 3038 3998 ipsum
3066 3931 3335 3985 excitatur
3358 3930 3507 4001 quod

1933 4020 2110 4068 salum
2145 4022 2249 4070 est.
2294 4014 2373 4069 Ac
2416 4017 2710 4072 dummodo
2760 4018 2965 4087 aliquid
2995 4035 3058 4074 ex
3093 4020 3215 4090 ipso
3255 4022 3504 4076 relictum

1934 4102 1989 4157 in
2021 4112 2164 4159 terra
2194 4105 2379 4170 fuerit,
2431 4115 2594 4176 atque
2626 4123 2690 4162 ex
2722 4124 2789 4164 eo
2818 4123 3038 4176 germen
3067 4111 3382 4177 ellioruerit,
3424 4114 3505 4168 sic

266 4202 372 4263 ὧδε
427 4208 524 4278 μὲν
585 4211 643 4262 ὲν
681 4208 854 4280 τούτῳ
884 4207 959 4280 τῷ
1012 4208 1238 4279 φθαρτῷ
1261 4208 1411 4279 σίτῳ,
1465 4209 1560 4261 καὶ
1614 4207 1688 4278 μὴ
1750 4208 1827 4271 είς

1940 4194 1988 4249 ἱιι
2035 4197 2376 4267 corruptibili
2412 4198 2517 4252 hoc
2550 4199 2747 4266 tritico,
2797 4201 2940 4271 quod
2985 4203 3117 4258 nulli
3166 4204 3374 4274 judicio
3406 4205 3517 4303 σιμ,

258 4298 435 4370 κρίσιν
489 4299 802 4370 ἐρχομένῳ,
855 4296 917 4350 τὸ
965 4297 1062 4368 μὲν
1123 4296 1480 4368 καταλειφθὲν
1534 4297 1826 4369 ἄχρηστον,

255 4390 317 4444 τὸ
359 4390 416 4443 δὲ
457 4389 515 4457 ἐξ
561 4389 726 4444 αὐτοῦ
777 4388 1120 4460 ἐγειρόμενον
1172 4389 1408 4444 κάλλιον.
1464 4388 1723 4460 Ἦθέλησε
1771 4388 1829 4442 δὲ

252 4478 418 4544 δεῖξαι
450 4479 548 4550 τὴν
582 4478 911 4551 φαιδρότητα
945 4477 1035 4532 διὰ
1061 4477 1160 4549 τὴν
1200 4478 1460 4532 ἀπιστίαν
1483 4478 1591 4531 τῶν
1621 4479 1693 4550 μὴ
1727 4478 1825 4550 τὴν

1935 4289 2156 4342 noxium
2192 4299 2297 4354 est,
2332 4290 2523 4345 inutile
2548 4298 2631 4346 est
2660 4293 2805 4361 quod
2839 4293 3195 4364 relinquitur,
3227 4296 3370 4367 quod
3409 4289 3503 4351 exi

1935 4380 2140 4435 citatur
2178 4396 2330 4447 vero,
2362 4384 2733 4452 praestantius.
2768 4385 2927 4440 Illum
2960 4401 3124 4456 porro
3159 4387 3503 4457 splendorem

1927 4485 1993 4524 ac
2043 4472 2350 4527 claritatem
2401 4481 2624 4545 pr0pter
2668 4490 2861 4530 eorum
2906 4475 3281 4533 infidelitatem
3322 4478 3504 4534 declao

257 4570 447 4624 ἐλπίδα
490 4570 583 4624 τοῦ
623 4568 758 4624 Θεοῦ
807 4569 1275 4641 καραδοκούντων.
1308 4568 1532 4640 Τάληθῆ
1569 4569 1667 4641 μὲν
1714 4570 1824 4640 γὰρ

1940 4576 2048 4617 rare
2087 4564 2281 4622 voluit.
2331 4566 2425 4635 qui
2473 4567 2608 4620 nihil
2638 4582 2667 4620 a
2699 4566 2807 4623 Deo
2855 4567 2999 4638 quod
3031 4576 3279 4637 speretur
3312 4585 3504 4640 exspe-

255 4661 498 4725 ὀκόκκος
529 4661 623 4714 τοῦ
654 4661 799 4714 σίτου
837 4660 1184 4724 λεπτότατος.
1219 4658 1329 4713 Ποῦ
1371 4659 1429 4712 δὲ
1463 4659 1521 4713 ὲν
1557 4657 1636 4728 τῷ
1656 4658 1835 4711 τοιού-

255 4768 335 4823 τῳ
379 4752 560 4821 κόκκῳ
616 4751 692 4821 τῷ
729 4752 1075 4823 σμικροτάτῳ
1106 4750 1214 4803 *καὶ
1265 4749 1432 4819 ῥίζαι,
1482 4750 1576 4816 καὶ
1621 4747 1827 4820 βάσεις,

257 4848 351 4900 καὶ
377 4843 617 4913 καλάμη,
636 4844 730 4896 κα)⁵
748 4845 807 4896 αἱ
826 4845 1123 4912 γονατίδες,
1150 4842 1243 4896 καὶ
1272 4843 1324 4895 αἱ
1353 4840 1611 4895 τοσαῦται
1645 4842 1832 4913 σύριγ-

1931 4660 2101 4708 ctant.
2133 4653 2266 4709 Nam
2297 4671 2484 4711 revera
2517 4658 2899 4713 tenuissimum
2939 4667 3024 4713 est
3052 4659 3217 4712 tritici
3247 4673 3498 4729 granum.
3560 4652 3567 4657 ’

1928 4745 1985 4800 In
2023 4761 2129 4816 qua
2162 4740 2380 4817 quidem
2421 4758 2531 4804 tam
2584 4753 2777 4821 exigua
2826 4752 2969 4807 mole
3012 4752 3235 4806 ubinam
3290 4753 3502 4810 radices

1924 4845 1979 4894 et
2034 4843 2190 4908 quasi
2238 4840 2593 4897 fundamenta
2662 4844 2827 4899 sunt?
2871 4852 2982 4899 tum
3027 4845 3220 4900 deinde
3261 4846 3499 4914 culmus,

255 4953 369 5006 γες,
415 4935 507 4988 καὶ
567 4933 870 5001 κεφαλίδες,
919 4935 1013 4987 καὶ
1054 4933 1239 5004 θῆκαι,
1272 4932 1366 4988 καὶ
1402 4930 1705 5003 ἀνθέρικες,
1736 4932 1827 4985 καὶ

1940 4931 2211 4999 ζοηὶουιιι,
2284 4940 2365 4986 tot
2429 4933 2659 4998 ﬁstula},
2722 4936 3007 5007 capitella,
3070 4935 3329 5002 folliculi,
3390 4937 3501 4991 ari-

257 5027 443 5081 κόκκοι
470 5024 1025 5089 πολυπλασιάζοντεςς

324 5115 439 5170 ΞΘ.
471 5117 586 5171 ’Ίνα
612 5114 668 5167 δὲ
714 5115 806 5169 καὶ
834 5114 1162 5185 σαφέστερον
1187 5113 1426 5183 εἴπωμεν
1442 5112 1507 5167 τὰ
1526 5114 1688 5185 ὃμοια
1708 5114 1830 5167 τού-

249 5228 362 5273 τοις
384 5209 749 5280 διηγούμενοι,
779 5206 940 5259 πόθεν
956 5204 1032 5275 τῷ
1054 5203 1277 5259 Μωΰσεῖ
1296 5204 1394 5274 υίῷ
1424 5204 1525 5274 τῆς
1550 5205 1826 5272 Ἰωκαϐὲθ,

254 5302 356 5372 υἱῷ
403 5300 497 5354 τοῦ
543 5299 765 5371 ’Δμράμ
818 5297 879 5349 τὸ
929 5297 1084 5360 νύξαι
1129 5296 1331 5367 πέτραν
1377 5297 1436 5348 ἐν
1478 5295 1679 5367 ῥάϐδῳ,
1737 5298 1832 5350 καὶ

253 5394 631 5467 προσενεγκεῖν
693 5389 836 5460 ὕδωρ
885 5388 941 5443 ἐξ
985 5388 1188 5458 ἀπόρου
1233 5387 1385 5455 ὕλης,
1432 5387 1494 5439 τὸ
1546 5386 1707 5464 ξηρὸν
1752 5389 1831 5450 εἰς

330 5549 347 5581 ι
378 5567 465 5617 γρ,
496 5547 527 5601 ὁ
556 5544 729 5614 λόγος.
807 5540 826 5572 ¹
851 5539 910 5595 F.
935 5540 1163 5609 ἐγεῖραι.
1242 5540 1262 5571 ³
1289 5540 1304 5594 Ι
1335 5539 1457 5595 Cor.
1491 5555 1579 5608 xv,
1609 5539 1677 5594 55
1716 5554 1839 5611 sqq.

1929 5029 2047 5087 stre,
2083 5037 2360 5092 granaque
2394 5024 2794 5095 multiplicata?

2000 5110 2185 5167 LXIX.
2241 5113 2455 5169 Clarius
2504 5119 2630 5185 quid
2691 5118 2849 5172 velim
2902 5117 3147 5188 eloquar,
3196 5125 3359 5187 atque
3413 5118 3500 5173 liis

1933 5203 2131 5259 similia
2163 5220 2501 5274 percurram.
2535 5206 2814 5264 Undenam
2852 5207 3021 5280 Moysi
3067 5207 3415 5263 Jochabetliae
3444 5216 3500 5271 et

1926 5286 2176 5351 'Amrami
2208 5298 2320 5353 tilio
2374 5300 2465 5353 illa
2507 5302 2703 5367 virtus,
2739 5311 2797 5356 ut
2826 5304 2977 5373 virga
3010 5302 3218 5357 silicem
3254 5299 3501 5371 perfora-

1936 5396 2041 5455 rct,
2101 5390 2431 5465 minimeque
2482 5394 2672 5451 idonea
2714 5411 2779 5450 ex
2811 5394 3038 5450 materia
3082 5394 3294 5450 laticem
3345 5404 3501 5464 aqua:
