3794 6214
252 229 384 287 ιιθι
482 189 489 194 ’

1643 219 1703 277 s.
1747 197 2114 305 Epipmmr

3386 209 3540 265 1199.

245 341 559 418 proferret?
590 339 737 413 quod
765 338 972 394 siceum
1003 345 1122 395 erat
1163 336 1219 392 in
1258 335 1549 393 humorem
1599 350 1828 390 conver-
1855 354 1871 395 Α

1952 328 2096 401 ιγρὺν
2124 326 2468 398 μεταϐαλεῖν,
2486 324 2548 380 τὸ
2574 324 2815 393 πατάξαι
2837 324 3139 387 θάλασσαν,
3173 321 3271 378 καὶ
3296 321 3541 395 διαιρεῖν

196 488 221 498 ,
243 443 401 498 teret.
439 447 760 504 percussum
780 445 939 484 mare
967 428 1254 483 duodecim
1287 428 1346 483 in
1372 429 1492 484 vias
1522 435 1689 497 atque
1736 425 1827 479 iti-

244 542 375 581 nera
420 526 692 580 maritima
746 524 864 579 solo
906 521 1138 592 imperio
1188 521 1478 588 divideret,
1512 519 1737 574 fluvium
1772 516 1827 571 in

244 617 565 685 sanguinem
610 621 866 676 mutaret,
915 626 1177 666 ranarum
1231 616 1440 665 tantam
1485 615 1712 679 repente
1744 621 1832 661 eo-

246 709 390 779 piam
418 707 473 761 in
504 722 673 760 unum
717 713 957 775 cogeret,
1017 703 1222 758 culices
1264 700 1539 772 Egyptiis
1580 700 1834 753 immitte-

247 809 348 858 ret.
382 801 635 853 misceret
673 798 782 867 igni
826 795 1172 867 grandinem,
1212 794 1566 864 nigerrimam
1612 798 1831 845 noctem

249 907 314 946 ac
368 890 711 946 densissimis
781 889 1026 943 tenebris
1089 885 1388 941 obductam
1467 883 1666 939 iisdem
1723 882 1832 937 illis

248 982 523 1053 Egyptiis
574 980 902 1043 oﬂ'undcret,
954 979 1160 1049 primos
1211 975 1594 1047 Egyptiornm
1639 980 1832 1045 partus

250 1074 613 1138 interﬁceret,
646 1074 817 1142 igneae
845 1069 1112 1124 columnae
1136 1066 1400 1122 beneﬁcio
1422 1067 1643 1137 populo,
1669 1080 1833 1136 quem

248 1164 483 1236 pastoris
507 1163 682 1218 instar
706 1161 944 1232 regebat,
983 1159 1085 1213 iter
1110 1159 1347 1229 praeiret,
1384 1158 1703 1229 angelorum
1734 1172 1834 1227 pa—

251 1274 373 1311 nem
444 1257 699 1310 oratione
752 1269 815 1307 ac
872 1251 1130 1322 precibus
1193 1250 1459 1317 eliceret,
1522 1249 1835 1304 coturnices

249 1347 415 1419 600
474 1346 783 1417 largissime
838 1341 1253 1413 suppeditaret,
1306 1356 1372 1396 ac
1421 1347 1503 1396 tot
1550 1340 1836 1395 hominum

252 1441 421 1492 millia
462 1436 575 1491 Deo
613 1435 841 1505 jubente
916 1434 1162 1500 satiaret,
1208 1431 1457 1503 ejusdem
1508 1430 1602 1486 Dei
1645 1445 1837 1486 vocem

250 1526 554 1589 exaudiret,
587 1526 810 1595 dignus,
849 1524 1101 1594 inquam,
1131 1522 1427 1577 haberetur
1455 1537 1524 1577 ex
1559 1530 1669 1575 tam
1712 1520 1839 1576 inii-

252 1618 366 1670 nita
402 1615 686 1670 hominum
725 1612 1100 1677 multitudine,
1127 1611 1222 1683 qui
1247 1620 1299 1668 et
1330 1610 1424 1667 Dei
1453 1626 1644 1667 vocem
1684 1609 1841 1665 audi-

1930 425 2010 486 είς
2039 420 2247 474 δώδεκα
2277 418 2431 482 ὁδοὺς
2454 417 2568 489 (49)
2602 418 2911 490 ὁδοιπορίας
2944 420 3002 471 ὲν
3036 416 3289 490 θαλάσσῃ
3308 416 3392 488 τῷ
3442 433 3543 470 κε-

1929 512 2220 582 λεύσματι,
2245 509 2308 562 τὸ
2329 508 2574 579 ποταμὸν
2592 510 2671 574 είς
2698 503 2838 580 αἷμα
2861 507 3211 580 μεταϐαλεῖν,
3234 508 3303 560 rb
3332 507 3535 577 βάτρα-

1930 621 2024 676 χον
2054 603 2157 657 ὑπὸ
2190 601 2329 667 θίξιν
2390 602 2717 669 συναγαγεῖν
2759 599 3035 664 τοσοῦτον,
3079 600 3140 652 rb
3182 599 3288 670 τὴν
3331 598 3549 664 σκνίφα.

1932 693 2237 766 ἐπιπέμψαι
2294 693 2636 761 Αἰγυπτίοις,
2674 692 2737 746 rb
2775 690 3018 763 χάλαζαν
3073 690 3227 762 μῖξαι
3264 689 3414 761 μετὰ
3446 687 3549 741 τοῦ

1933 785 2126 857 πυρὸς,
2179 784 2241 837 rb
2302 783 2473 838 νύκτα
2514 784 2774 855 μέλαιναν
2807 784 2902 838 καὶ
2926 782 3331 854 ὲσκοτισμένην
3367 782 3551 849 Αἰγυ-

1934 877 2112 941 πτίοις
2132 876 2456 948 ὲπικεράσαι
2484 874 2721 947 ζοφώδη,
2750 876 2812 930 rb
2839 877 3157 948 πρωτότοκα
3188 878 3410 929 κτεῖναι
3433 874 3554 926 τῶν

1940 967 2254 1037 Αἰγυπτίων
2311 967 2370 1021 ὲν
2420 966 2658 1037 θανάτῳ,
2713 965 2776 1019 τὸ
2807 967 2982 1037 στύλῳ
3007 967 3178 1037 πυρὸς
3206 965 3554 1032 καθοδηγείν

1933 1056 2062 1112 λαὸν
2103 1056 2169 1109 δι’
2196 1056 2359 1110 αὑτοῦ
2390 1057 2835 1129 ποιμαινόμενον,
2879 1057 2937 1109 rb
2964 1056 3125 1126 ἄρτον
3155 1055 3423 1125 ἀγγέλων
3450 1057 3557 1109 ὲπ-

1937 1147 2158 1217 ενέγκαι
2192 1149 2327 1221 εὐχῇ
2378 1148 2473 1202 καὶ
2509 1149 2705 1220 ἱκεσίᾳ,
2736 1147 2798 1201 τὸ
2833 1148 3255 1229 όρτυγομὴτραν
3303 1149 3555 1215 ἀνιέναι,

1936 1241 2033 1294 καὶ
2057 1240 2367 1312 κορεννύειν
2393 1240 2661 1304 τοσαύτας
2695 1239 2962 1311 μυριάδας
2993 1240 3204 1312 ἀνδρῶν
3249 1240 3347 1293 διὰ
3378 1256 3558 1311 προσ-

1935 1332 2214 1401 τάγματος
2250 1331 2422 1394 Θεοῦ,
2473 1332 2535 1385 τὸ
2576 1331 2808 1385 ἀκοῦσαι
2846 1330 3028 1403 φωνὴν
3070 1331 3232 1394 Θεοῦ,
3302 1332 3371 1384 τὸ
3417 1349 3556 1385 κατι

1939 1424 2238 1495 αξιωθῆνειι
2294 1423 2396 1478 ἀνὰ
2454 1424 2617 1496 μέσον
2645 1422 2915 1477 τοσούτων
2950 1424 3058 1478 τῶν
3091 1424 3383 1495 μυριάδων
3411 1424 3555 1476 Θεοῦ

1940 1516 2125 1586 φωνῆς
2145 1515 2386 1578 ἀκούειν,
2429 1516 2523 1570 καὶ
2555 1516 2863 1588 συνομιλεῖν
2890 1516 3030 1587 Θεῷ,
3062 1516 3123 1569 rb
3147 1516 3238 1569 διὰ
3267 1516 3556 1588 τεσσαρὰ-

1941 1625 2107 1662 κοντα.
2136 1607 2380 1679 ἡμερῶν,
2398 1607 2494 1661 καὶ
2520 1608 2607 1660 διὰ
2631 1610 3044 1682 τεσσαράκοντα
3074 1608 3291 1661 νυκτῶν
3325 1609 3409 1680 μὴ
3434 1612 3557 1663 ἑπι-

253 1718 362 1772 ret,
393 1716 447 1763 et
479 1707 627 1762 illius
656 1706 932 1775 colloquio
974 1703 1268 1771 frueretur,
1297 1704 1660 1775 quadraginta
1698 1703 1838 1767 dies,

1952 1700 2175 1772 ζητῆσαι
2201 1699 2271 1753 τὰ
2287 1697 2518 1771 χρειώδη
2538 1699 2649 1753 τῶν
2666 1700 2809 1754 κατὰ
2832 1700 2930 1772 τὴν
2952 1700 3113 1769 φύσιν
3136 1700 3240 1771 τῆς
3263 1702 3556 1771 ἡμετέρας

253 1800 586 1869 totidemque
608 1805 798 1853 noctes
828 1797 1034 1851 nullam
1081 1810 1270 1850 earum
1322 1810 1507 1849 rerum
1558 1794 1843 1850 desidera-

253 1899 360 1954 ret,
423 1889 629 1959 quibus
671 1896 884 1941 naturze
923 1885 1257 1940 necessitate
1303 1885 1369 1938 ad
1414 1883 1583 1937 vitam
1627 1889 1844 1938 susten-

253 1981 473 2036 tandam
506 1980 733 2041 utimur,
787 1978 934 2032 illius
982 1975 1177 2031 deinde
1224 1989 1355 2053 caro
1394 1974 1526 2031 solis
1558 1974 1614 2028 in
1650 1974 1833 2045 splen-

259 2072 452 2127 dorem
491 2085 556 2124 ac
590 2069 899 2124 radiantem
942 2065 1208 2136 fulgorem
1260 2072 1590 2129 verteretur,
1635 2065 1727 2136 qui
1770 2065 1846 2120 ita

257 2164 443 2235 p0puli
504 2162 695 2216 oculos
754 2158 1169 2229 perstringeret,
1210 2168 1270 2212 ut
1308 2157 1457 2212 illius
1484 2156 1681 2212 faciem
1723 2156 1846 2212 fixis

256 2254 432 2309 oculis
485 2249 844 2318 contemplari
895 2247 1115 2303 lsraelis
1155 2246 1360 2317 posteri
1413 2246 1727 2315 nequirent,
1786 2249 1848 2298 ut

258 2346 405 2400 illius
457 2358 653 2398 manus
700 2342 756 2395 in
801 2343 981 2395 nivem
1019 2346 1328 2394 mutaretur
1350 2354 1415 2393 ex
1444 2352 1635 2402 carne,
1678 2345 1740 2392 ut
1780 2333 1851 2390 ad

257 2435 437 2499 Core,
498 2434 731 2499 Dathan,
783 2431 989 2485 Abiron
1037 2438 1093 2484 et
1136 2429 1331 2483 Annan
1380 2428 1713 2484 hauriendos
1755 2429 1852 2487 de-

260 2528 471 2582 hiscere
495 2535 692 2580 terram
736 2522 974 2593 juberet,
1010 2528 1070 2575 ut
1103 2520 1237 2575 illud
1291 2519 1512 2575 audiret
1562 2520 1844 2591 denique:

260 2619 498 2675 Ascende
527 2618 582 2671 in
612 2625 864 2680 montem,
904 2624 954 2668 et
1002 2613 1114 2667 illic
1168 2628 1371 2666 morere
1401 2612 1454 2676 ’,ι
1485 2620 1547 2666 ut
1575 2612 1722 2669 illius
1753 2629 1844 2669 se-

260 2715 535 2785 pulturam
589 2710 872 2763 hominum
931 2722 1091 2762 nemo
1135 2705 1538 2776 cognosceret?
1595 2705 1845 2776 quando-

1940 1791 2213 1855 πλάσεως,
2252 1789 2312 1844 rb
2341 1791 2745 1863 μεταϐληθῆναι
2768 1791 2867 1864 τὴν
2895 1793 3072 1863 σάρκα
3097 1794 3177 1854 είς
3206 1792 3557 1864 φαιδρότητα

1940 1882 2113 1953 ἡλίου,
2135 1882 2229 1935 καὶ
2254 1882 2446 1935 ἀκτῖνα
2475 1881 2763 1953 φωτεινὴν,
2784 1881 3117 1953 στροϐοῦσαν
3147 1882 3282 1937 λαὸν
3320 1883 3469 1955 πρὸς
3496 1883 3558 1936 τὸ

1945 1975 2020 2047 μὴ
2045 1973 2304 2029 δύνασθαι
2334 1975 2578 2028 ἀτενίσαι
2606 1976 2734 2039 τοὺς
2751 1975 2900 2039 υἱοὺς
2935 1975 3149 2047 Ἰσραὴλ
3176 1977 3263 2040 εἰς
3291 1977 3360 2029 τὸ
3388 1977 3559 2048 πρόσ-

1942 2083 2092 2122 ωπον
2112 2066 2299 2132 αὐτοῦ,
2332 2066 2393 2119 rb
2407 2065 2506 2138 τὴν
2536 2068 2695 2138 χεῖρα
2723 2067 2986 2139 σαρκίνην
3006 2063 3173 2121 οὖσαν
3198 2067 3559 2139 μεταϐληθῆ-

1944 2175 2032 2211 ναι
2060 2159 2139 2221 είς
2169 2158 2345 2228 χιόνα,
2376 2158 2437 2212 rb
2464 2159 2718 2213 κελεῦσαι
2749 2161 2901 2231 τῇγῇ
2933 2162 3090 2228 χᾶναι
3120 2161 3181 2212 rb
3212 2161 3403 2230 στόμα
3422 2162 3562 2229 πρὸς

1945 2249 2213 2320 ὑποδοχὴν
2229 2250 2353 2313 τοὺς
2375 2250 2504 2321 περί⁵
2537 2249 2558 2281 ⁸
2588 2251 2750 2321 Κορὲ,
2781 2251 2874 2305 καὶ
2895 2249 3094 2313 Δαθᾶν,
3123 2251 3219 2305 καὶ
3259 2250 3558 2323 ’Δϐειρὼν,

1948 2341 2041 2396 καὶ
2072 2341 2287 2405 ’Λννᾶν,
2315 2341 2373 2394 τὸ
2388 2342 2541 2405 τέλος
2564 2342 2796 2396 ἀκοῦσαι
2814 2358 2829 2374 ο
2875 2342 3152 2409 ’,Ανάϐηθι
3171 2346 3266 2409 είς
3290 2343 3361 2395 τὸ
3399 2344 3560 2413 (τρες,

1949 2434 2128 2494 κάκεῖ
2145 2434 2415 2498 τελεύτα,
2433 2433 2494 2487 rb
2519 2434 2594 2505 μὴ
2630 2433 2920 2504 γινώσκειν
2942 2420 3232 2506 ἄνθρωπον
3266 2434 3374 2507 τὴν
3393 2434 3562 2489 αὐτοῦ

1951 2526 2166 2597 ταφήν;
2218 2525 2576 2597 σημαίνοντος
2606 2526 2699 2579 τοῦ
2743 2525 2886 2580 θείου
2917 2527 3279 2598 Γράμματος,
3328 2528 3414 2591 ὡς
3460 2527 3565 2583 ὑπὸ

1953 2615 2256 2691 ἀνθρώπων
2283 2618 2344 2670 rb
2374 2617 2534 2690 σῶμα
2565 2618 2847 2683 Μωῦσέως
2880 2618 2954 2691 μὴ
2975 2620 3353 2691 κεκηδεῦσθαι
3376 2661 3394 2684 ,
3430 2620 3565 2673 ἀλλὰ

1952 2706 2136 2772 καθὼς
2166 2707 2481 2762 ὑποτίθεται
2509 2710 2544 2780 ἡ
2574 2709 2802 2775 διάνοια,
2840 2710 2945 2763 ὑπὸ
2971 2711 3145 2778 ἁγίων
3170 2710 3459 2780 ἀγγέλων.

262 2809 482 2881 quidem
534 2821 706 2863 sacrae
754 2804 897 2860 istud
928 2802 1150 2858 Litterae
1198 2800 1512 2873 significant
1551 2818 1565 2855 :
1609 2815 1720 2856 non
1777 2817 1900 2858 esse
1958 2804 2028 2859 ab
2076 2804 2392 2859 hominibus
2447 2803 2651 2876 Moysis
2710 2821 2912 2878 corpus
2979 2808 3285 2877 sepultum,
3348 2805 3455 2863 sed
3501 2806 3566 2860 ab

264 2905 469 2977 angelis
523 2903 814 2958 videlicet:
848 2900 995 2972 quod
1049 2898 1216 2954 verba
1270 2898 1388 2969 ipsa
1434 2897 1597 2952 tacite
1638 2898 2010 2969 intelligentiae
2044 2908 2250 2956 nostrae
2280 2902 2605 2971 subjiciunt.

334 3001 511 3070 Atque
539 2998 652 3054 haec
691 2997 877 3053 omnia
909 3006 1025 3051 tum
1052 3002 1208 3066 gesta
1234 3002 1384 3058 sunt,
1414 3008 1539 3048 cum
1572 2993 1752 3048 adhuc
1786 2994 1841 3047 in

2019 2996 2131 3049 Καὶ
2181 2996 2356 3052 ταῦτα
2403 2996 2580 3052 πάντα
2633 2997 2714 3052 ἔτι
2749 2998 2904 3063 ὄντος
2932 2998 3099 3053 αὑτοῦ
3132 2999 3193 3054 ὲν
3238 3000 3326 3070 τῷ
3369 3002 3566 3074 κόσμῳ

264 3078 369 3147 hoc
393 3091 596 3146 mundo
629 3095 984 3155 versaretur;
1016 3095 1171 3158 gesta
1219 3096 1399 3142 autem
1453 3085 1509 3140 in
1557 3100 1646 3148 eo,
1708 3085 1855 3156 quod

267 3183 502 3238 animale
526 3191 644 3238 erat
679 3197 744 3236 ac
776 3180 1024 3251 spiritale
1055 3177 1293 3249 perfecte
1323 3178 1489 3234 simul
1517 3187 1601 3233 est
1628 3176 1855 3234 factum.

269 3271 376 3327 Sed
411 3286 514 3326 nos
541 3270 689 3325 velut
718 3268 995 3340 quoddam
1022 3268 1175 3323 illinc
1200 3268 1398 3338 pignus
1430 3267 1758 3339 accipimus,
1785 3266 1855 3321 ad

268 3364 416 3419 illius
456 3362 714 3434 perfecta:
755 3361 1138 3432 pullulationis
1183 3359 1523 3430 exemplum,
1581 3374 1703 3429 qua:
1741 3367 1855 3412 tum

270 3452 506 3515 accidet,
531 3467 657 3506 cum
684 3452 891 3506 dictum
924 3451 1057 3504 illud
1087 3448 1405 3519 implebitur
1430 3467 1441 3501 :
1473 3447 1780 3503 Seminatur
1802 3448 1857 3502 in

278 3544 631 3615 ignobilitate,
701 3551 935 3612 resurget
964 3541 1016 3595 iu
1048 3541 1241 3611 gloria.
1278 3538 1585 3595 Seminatur
1616 3542 1671 3594 in
1692 3540 1861 3610 inﬁr-

216 3685 220 3689 .
271 3636 477 3701 mitate,
531 3643 764 3704 resurget
799 3635 854 3687 in
901 3634 1094 3688 virtute
1141 3633 1185 3686 ³.
1247 3630 1460 3688 Etenim
1493 3647 1675 3687 nonne
1707 3631 1862 3687 inﬁr-

272 3742 421 3782 mum
463 3734 569 3792 est,
602 3725 751 3797 quod
804 3726 875 3781 ita
925 3725 1253 3791 seminatur,
1308 3731 1368 3778 ut
1412 3722 1505 3779 ubi
1558 3723 1862 3780 seminetur

273 3819 528 3890 ignoret?
562 3817 908 3889 lgnobilitate
936 3831 1067 3871 vero
1095 3831 1277 3870 nonne
1313 3815 1536 3885 plenum
1580 3814 1713 3870 illud
1753 3822 1858 3881 est,

275 3911 421 3981 quod
475 3910 531 3964 in
586 3910 901 3981 sepulcrum
964 3908 1241 3977 abjectum
1298 3906 1558 3961 obruitur
1632 3913 1878 3977 aggestu,

274 4001 540 4071 pulveris,
592 4015 657 4054 ac
705 4000 1005 4063 laceratur,
1066 3998 1374 4069 projicitur,
1408 3998 1668 4067 omnique
1695 4012 1862 4053 sensu

275 4091 643 4146 destituitur»?
678 4090 885 4146 Contra
928 4106 1057 4145 vero
1091 4106 1275 4144 nonne
1308 4090 1610 4161 gloriosum
1658 4088 1715 4143 id
1755 4096 1861 4154 est,

277 4182 424 4254 quod
467 4183 536 4237 ad
573 4184 743 4237 vitam
797 4182 1095 4246 excitatur,
1139 4189 1193 4236 et
1229 4181 1283 4235 in
1315 4181 1706 4251 sempiternum
1740 4195 1866 4250 per-

277 4280 484 4336 manet,
530 4288 595 4327 ac
632 4287 758 4326 cum
809 4272 1009 4326 divina:
1064 4270 1421 4343 benignitatis
1452 4285 1549 4341 spe
1570 4284 1635 4324 ac
1668 4267 1866 4324 fiducia

280 4367 506 4420 caeleste
543 4380 771 4435 regnum
813 4363 1103 4434 possidet?
1150 4363 1242 4418 ubi
1275 4362 1548 4432 fulgebunt
1564 4363 1702 4432 justi
1727 4362 1865 4416 sicut
1899 4353 1941 4407 D

278 4456 446 4510 sol’?
505 4456 598 4509 ubi
679 4455 876 4525 angelis
948 4464 1102 4508 erunt
1179 4454 1406 4525 wquales
1458 4454 1516 4523 ﬂ?
1580 4454 1673 4508 ubi
1737 4468 1864 4508 cun

283 4561 488 4618 sponso
537 4547 768 4601 choreas
822 4547 1029 4617 agent?
1091 4546 1181 4601 ubi
1232 4562 1356 4601 cum
1414 4544 1574 4601 Petro
1632 4545 1869 4616 apostoli

283 4640 573 4694 duodecim
591 4639 645 4694 in
665 4639 881 4694 thronis
895 4640 1205 4703 consident,
1234 4639 1567 4709 totidemque
1596 4638 1871 4694 Israelita-

284 4747 406 4785 rum
438 4731 615 4786 tribus
638 4731 892 4800 judicant
915 4732 979 4785 3?
1009 4730 1111 4785 Ubi
1136 4747 1200 4785 ea
1227 4731 1360 4800 justi
1387 4731 1715 4801 percipient,
1745 4746 1868 4802 qua:

286 4838 378 4876 nec
422 4822 606 4876 oculus
643 4822 794 4885 vidit,
833 4838 924 4877 nec
954 4822 1101 4876 auris
1133 4822 1358 4885 audivit,
1392 4838 1484 4876 nec
1507 4822 1559 4875 in
1582 4838 1676 4876 cor
1700 4822 1871 4876 homi-

287 4916 370 4969 nis
422 4915 792 4983 ascenderunt,
838 4932 955 4986 qua:
1005 4916 1321 4985 praeparavit
1356 4914 1496 4969 Deus
1526 4914 1869 4986 diligentibus

289 5022 344 5060 se
366 5006 430 5059 εἳ
475 5005 671 5061 Nostra
713 5007 883 5078 igitur
918 5008 1254 5062 resurrectio
1285 5007 1379 5063 Dei
1413 5014 1499 5062 est
1528 5021 1631 5076 ope
1653 5021 1718 5061 ac
1755 5007 1867 5061 vir-

1957 3086 2152 3159 τούτῳ,
2180 3088 2260 3142 ἔτι
2287 3090 2344 3143 ἐν
2375 3088 2454 3161 τῷ
2484 3090 2699 3162 ψυχικῷ
2719 3091 2894 3162 τούτῳ
2917 3092 3013 3147 καὶ
3046 3094 3425 3166 πνευματικῷ
3454 3096 3568 3167 ἅμα

1956 3180 2177 3245 τελείως
2198 3182 2496 3254 γενομένῳ.
2530 3183 2800 3248 Λαϐόντες
2825 3184 2883 3237 δὲ
2906 3184 3243 3238 άπεντεῦθεν
3276 3188 3376 3240 τὸν
3401 3190 3569 3259 aega-

1959 3271 2108 3326 ϐῶνα
2143 3275 2223 3337 είς
2271 3274 2578 3346 ὑπόδειγμα
2610 3276 2709 3347 τῆς
2755 3275 2968 3340 τελείας
3005 3278 3129 3331 τότε
3173 3278 3567 3352 βλαστήσεως,

1958 3365 2046 3418 ὅτε
2088 3364 2388 3436 πληροῦται
2416 3366 2478 3420 rb
2505 3368 2794 3438 εἰρημένον
2817 3384 2830 3396 ·
2876 3369 3187 3437 Σπεζρεται
3224 3372 3304 3425 ὲν
3338 3374 3568 3444 ἀτιμίᾳ,

1957 3454 2242 3524 ἐγείρεται
2273 3455 2343 3511 ἐν
2366 3456 2550 3528 δόξῃ·
2600 3461 2908 3527 σπεφεται
2957 3461 3028 3515 ὲν
3062 3462 3387 3531 ἀσθενείᾳ,
3422 3466 3570 3535 ἐγεί-

1952 3562 2121 3615 ρεται
2152 3546 2225 3600 ἑν
2254 3546 2527 3618 δυνάμει.
2559 3549 2686 3614 Πῶς
2714 3551 2823 3622 γὰρ
2856 3551 2956 3605 οὐκ
2986 3552 3214 3617 ἀσθενὲς
3246 3555 3317 3608 τὸ
3346 3559 3571 3628 σπειρό-

1964 3654 2144 3708 μενον,
2174 3638 2267 3694 καὶ
2328 3640 2403 3711 μὴ
2448 3640 2718 3709 γινῶσκον
2756 3642 2859 3696 ποῦ
2903 3645 3224 3716 σπείρεται;
3278 3649 3418 3713 Πῶς
3473 3651 3571 3705 οὐκ

1962 3729 2156 3800 ἄτιμον
2182 3730 2243 3783 rb
2275 3733 2333 3784 ὲν
2354 3733 2600 3804 μνήματι
2629 3729 2979 3805 βαλλόμενον,
3012 3737 3106 3790 καὶ¹
3141 3737 3298 3791 κόνιν
3333 3742 3570 3813 ὲπαμώο

1964 3838 2148 3892 μενον,
2194 3821 2556 3895 λακιζόμενόν
2617 3842 2678 3879 τε
2711 3827 2806 3880 καὶ
2844 3829 3229 3899 ῥιπτούμενον,
3276 3835 3380 3886 καὶ
3410 3836 3570 3889 ἀναι-

1967 3913 2228 3986 σθητοῦν;
2254 3916 2379 3981 Πῶς
2413 3918 2516 3972 οὐκ
2558 3918 2781 3991 ἔντιμον
2831 3920 2890 3975 rb
2928 3924 3308 3993 ἐγειρόμενον,
3350 3929 3455 3981 καὶ
3494 3932 3572 3993 εἰς

1966 4008 2135 4063 αἰῶνα
2155 4009 2429 4080 διαμένον,
2453 4013 2548 4064 καὶ
2569 4013 2626 4065 ὲν
2654 4014 2828 4068 ὲλπίδι
2844 4014 2941 4086 τῆς
2969 4015 3063 4069 τοῦ
3079 4017 3218 4070 Θεοῦ
3250 4020 3568 4092 φιλανθρω-

1967 4099 2098 4163 πίας
2131 4100 2374 4172 οὐρανῶν
2399 4102 2677 4173 βασιλείαν
2706 4104 2983 4177 κτώμενον
3004 4123 3019 4171 ;
3041 4108 3220 4163 Ὅπου
3241 4111 3568 4183 λάμψουσι

1967 4187 2184 4244 δίκαιοι
2206 4190 2288 4257 ὡς
2315 4194 2349 4245 ό
2391 4192 2588 4259 ἥλιος·
2625 4195 2760 4248 ὅπου
2782 4197 3028 4250 ἔσονται
3061 4197 3408 4268 lady-Talai,
3436 4206 3569 4257 ὅπου

1972 4280 2112 4351 μετὰ
2140 4280 2235 4334 τοῦ
2260 4282 2497 4351 νυμφίου
2520 4284 2892 4355 χορεύσουσιν,
2930 4288 3064 4342 ὅπου
3096 4290 3148 4342 οί
3184 4292 3323 4362 περὶ
3361 4295 3569 4366 Πέτρον

1971 4370 2293 4437 καθέζονται
2346 4375 2440 4427 ἐπὶ
2475 4374 2684 4430 δώδεκα
2730 4378 2971 4451 θρόνους,
3009 4380 3110 4446 τὰς
3147 4383 3371 4440 δώδεκα
3403 4390 3571 4457 φυλὰς

1973 4464 2251 4535 κρίνοντες
2295 4465 2391 4518 τοῦ
2436 4468 2682 4540 Ἰσραὴλ,
2714 4470 2849 4524 ὅπου
2891 4471 3154 4544 λήψονται
3194 4478 3246 4529 oi
3292 4477 3505 4534 δίκαιοι
3539 4479 3572 4536 ἆ

1974 4554 2284 4625 ὀφθαλμὸς
2307 4558 2419 4611 οὐκ
2447 4555 2588 4625 εἶδε,
2632 4562 2729 4615 καὶ
2753 4557 2859 4629 οὖς
2893 4566 3004 4618 οὐκ
3038 4564 3298 4633 ἤκουσε,
3341 4572 3447 4624 καὶ
3482 4572 3572 4626 ἐπὶ

1975 4642 2229 4711 καρδίαν
2246 4646 2562 4716 ἀνθρώπου
2577 4652 2689 4705 οὐκ
2705 4652 2912 4721 ἀνέϐη,
2941 4654 2979 4708 ti
2998 4655 3344 4727 ἡτοίμασεν
3372 4666 3410 4715 ὁ
3436 4665 3570 4731 Θειλς

1974 4735 2101 4802 τοῖς
2132 4736 2452 4809 ἀγαπῶσιν
2494 4743 2719 4808 amor;
2768 4744 2954 4816 Ἦμῶν
2993 4747 3176 4803 τοίνυν
3203 4751 3239 4821 ὴ
3271 4752 3571 4819 ἀνάστασις

1976 4826 2034 4880 ὲν
2064 4826 2204 4898 Θεῷ,
2233 4831 2329 4884 καὶ⁸
2350 4832 2553 4897 παντὸς
2581 4835 2870 4907 ἀνθρώπου
2900 4838 3116 4894 δικαίου
3143 4859 3204 4894 τε
3240 4845 3340 4898 καὶ
3363 4846 3568 4906 ἀδίκου,

1976 4920 2208 4974 ἀπίστου
2277 4940 2339 4976 τε
2392 4925 2488 4985 καὶ
2547 4928 2764 4994 πιστοῦ,
2812 4930 2920 4984 τῶν
2952 4932 3051 5002 μὲν
3084 4935 3461 5007 ἐγειρομένων
3498 4941 3567 5001 εἰς

1978 5009 2123 5083 ζωὴν
2157 5011 2395 5079 αἰώνιον,
2436 5016 2545 5070 τῶν
2577 5019 2637 5072 δὲ
2661 5022 2741 5085 εἰς
2764 5022 2944 5093 κρίσιν
2974 5024 3210 5081 αἰώνιον.

291 5110 407 5194 tute.
445 5100 646 5164 futura,
683 5103 1010 5173 generisque
1061 5102 1344 5156 hominum
1404 5102 1607 5164 omnis,
1646 5109 1757 5155 tam
1803 5100 2083 5169 justoruin
2130 5107 2409 5174 videlicet,
2447 5127 2612 5181 quam
2660 5114 3030 5185 injustorum,
3084 5120 3391 5178 inﬁdelium
3451 5140 3567 5194 per.

292 5192 416 5249 imle
444 5209 510 5250 ac
538 5195 801 5262 fidelium,
846 5210 1080 5267 quorum
1146 5195 1215 5250 ad
1257 5196 1422 5250 vitam
1452 5195 1567 5263 alii,
1597 5194 1666 5250 ad
1694 5202 1961 5252 aiternum
1993 5199 2082 5254 alii
2104 5200 2377 5271 judicium
2409 5217 2708 5280 resurgunt
2735 5211 2782 5265 ⁷.

365 5334 382 5365 ι
407 5331 778 5407 _Deut._1_txxn,
812 5332 899 5389 49.
978 5331 1190 5407 1f_lCor.
1213 5348 1316 5407 __xv,
1341 5332 1434 5407 4‘5z
1508 5331 1529 5363 ⁸
1562 5329 1756 5407 blatth.
1789 5346 1865 5387 xu

1952 5333 2032 5389 45.
2111 5336 2132 5367 ⁸
2174 5336 2366 5393 Matth.
2408 5354 2547 5407 xxu,
2576 5338 2665 5397 30.
2741 5343 2763 5376 ⁸
2799 5342 2994 5400 Matth.
3025 5362 3118 5402 nx
3176 5348 3269 5403 28.
3345 5349 3368 5380 ⁶
3398 5346 3561 5404 lCor.

295 5420 357 5468 tl,
401 5404 453 5459 9.
532 5404 551 5435 "
589 5402 782 5458 Matth.
818 5420 944 5468 xxv,
973 5402 1065 5458 46.
1161 5401 1332 5456 'Cor.
1368 5401 1475 5455 τῶν
1504 5402 1655 5473 περί.

367 5522 478 5591 με)
494 5521 602 5575 Καὶ
625 5520 976 5591 διαιρεῖν-,εις
994 5520 1221 5576 δώδεκα
1243 5519 1442 5586 ὁδούς.
1469 5520 1605 5575 Cum
1627 5518 1871 5591 Rubrum

299 5590 450 5643 mare
488 5592 821 5657 lrajecerunt
862 5590 1056 5653 Judaei,
1112 5592 1338 5646 totidem
1387 5592 1688 5660 impressas
1736 5590 1872 5651 vias.

301 5666 434 5728 quot
475 5667 632 5713 erant
664 5662 863 5727 tribus,
893 5661 1241 5718 Hebraeorum
1292 5660 1514 5715 traditio
1564 5669 1668 5727 est,
1706 5674 1871 5732 quam

1980 5521 2234 5604 (_)rigen_is
2264 5535 2551 5597 memorat,
2578 5527 2766 5586 homil.
2787 5529 2889 5585 δίη
2913 5527 3192 5604 Exedunt,
3210 5541 3265 5591 et
3285 5533 3556 5593 Kimchius

1981 5595 2037 5651 in
2066 5596 2201 5668 psal.
2231 5611 2451 5653 cxxxvr.
