3794 6134
196 283 325 340 1195

870 281 1186 339 Αυγεῐιςυ
1199 285 1236 338 S
1276 281 1616 364 llrERESES
1655 280 1756 335 LIB

1877 323 1889 336 .
1932 280 2095 335 ΤΟΜ.
2137 280 2176 335 1.
2213 307 2286 322 ——
2322 278 2596 335 HKERES.
2637 278 2821 333 LXIV.

3288 279 3429 334 “93

259 404 333 456 θ’.
371 400 480 452 Καὶ
529 399 706 455 σιώπα
752 403 1040 468 Βαϐυλὼν,
1088 407 1121 475 ή
1162 403 1367 476 ἀρχαία
1423 405 1584 458 πάλιν
1629 405 1756 474 ἡμῖν

1933 403 2091 474 θοι
2125 401 2286 456 Lxx.
2323 403 2433 457 Sile
2461 403 2644 474 igitur,
2677 384 2938 473 Babylon,
2967 407 3119 455 vetus
3152 401 3240 454 illa
3273 389 3433 455 nbbis

192 491 638 561 ἀνακαινιζομένη
683 492 963 562 σύγχυσις.
995 495 1311 564 Πεφίμωσο,
1339 495 1566 565 Σόδομα,
1599 495 1692 547 καὶ
1724 495 1758 562 ἡ

191 582 288 652 τῆς
302 581 501 652 πολλῆς
539 599 630 635 σου
657 583 958 653 δεινότητος
991 585 1126 656 πρὸς
1151 586 1283 639 Θεὸν
1310 587 1524 657 κραυγὴ
1543 587 1760 656 ἀνερχου

195 671 324 743 μέν-η
349 689 363 703 ο
393 673 560 738 Ἥξει
583 675 690 744 γὰρ
713 675 782 728 ἐκ
803 679 849 729 Σ
853 675 955 728 τὼν
969 679 1001 729 ό
1011 677 1308 746 ῥυόμενος
1337 677 1710 745 ἀποστρέψαι
1741 680 1756 710 ί

190 767 464 832 ἀσεϐείας
486 767 603 820 ἀπὸ
645 766 998 822 ἸακώᾶΚαὶ
1013 769 1324 832 σαλπίσει,
1359 768 1458 822 καὶ
1478 771 1530 822 oi
1559 769 1760 836 νεκροὶ

189 857 651 925 ἀναστήσονται,
677 859 776 912 καί
813 859 984 930 ἡμεῖς
1003 861 1470 930 ἁρπαγησόμεθα
1504 862 1592 925 εις
1611 875 1760 913 συν-

189 947 442 1016 άντησιν
461 948 620 1015 αὐτῷ
645 952 733 1016 εὶς
779 949 942 1018 ἀέρα.
963 951 1048 1015 Ὠς
1078 952 1170 1005 καὶ
1198 953 1226 1004 ό
1255 951 1490 1005 καλλίων
1521 950 1756 1022 μακαρί-

193 1057 284 1110 της
323 1040 434 1110 (5'0)
466 1040 723 1104 Μεθόδιος
749 1037 893 1096 εἷπε.
932 1042 1058 1105 Τοῖς
1093 1043 1150 1095 δὲ
1177 1043 1360 1105 αὐτοῖς
1382 1042 1474 1094 καὶ
1503 1041 1654 1094 αὐτοὶ
1677 1043 1755 1094 oi-

190 1131 545 1202 κοδομοῦντες
598 1133 1042 1205 προσεθήκαμεν.
1115 1135 1245 1188 Ἀπὸ
1319 1133 1427 1206 γὰρ
1472 1133 1580 1187 τῶν
1635 1151 1759 1189 συν-

186 1221 526 1294 εζευγμένων
581 1225 816 1294 ἑκάστης
879 1225 1077 1292 λέξεως
1135 1225 1280 1279 ἐστιν
1345 1226 1474 1279 ἰδεῖν
1519 1226 1587 1280 τὰ
1639 1225 1759 1279 ἐπί-

187 1328 339 1382 χειρα
379 1312 512 1382 (51).
542 1313 775 1385 Διαιρῶν
808 1315 914 1385 γάρ
947 1318 975 1368 ὁ
1008 1316 1494 1384 άγιοςἈπόστολος
1531 1317 1638 1370 τῶν
1664 1317 1758 1371 δύο

185 1405 396 1477 τρόπων
413 1405 472 1460 τὸ
508 1403 664 1473 εἶδος,
688 1411 766 1473 εἰς
791 1411 918 1480 μίαν
947 1411 1132 1464 ἐλπίδα
1172 1413 1475 1482 συνήγαγεν
1503 1412 1610 1465 ἀπὸ
1641 1411 1757 1475 τοῦ,

197 1497 381 1565 Ἡμεῖς
401 1497 865 1569 ἁρπαγησόμεθα
886 1503 956 1555 ἐν
977 1503 1257 1571 νεφέλαις
1273 1506 1357 1570 εὶς
1379 1504 1760 1570 συνάντησιν

186 1591 401 1646 αὐτοῦ’
465 1593 552 1646 ἵνα
594 1592 741 1665 δείξῃ
785 1595 954 1658 ὅντως
1007 1595 1165 1650 τοῦτο
1201 1597 1260 1650 τὸ
1305 1597 1483 1667 σῶμα,
1533 1598 1626 1649 καὶ
1660 1598 1758 1666 οὐχ

185 1682 369 1753 ἕτερον
399 1683 548 1755 παρά
574 1684 752 1738 τοῦτο.
788 1686 847 1737 '0
880 1686 984 1757 γάρ
1020 1687 1289 1756 ἀρπαγεὶς
1321 1685 1482 1758 οῠπω.
1503 1686 1751 1756 τέθνηκε.

185 1775 401 1838 Δεικνὺς
434 1775 512 1840 δέ,
561 1775 643 1828 ὅτι
693 1777 752 1828 οὐ
798 1775 1076 1846 φθάσομεν
1111 1776 1210 1848 τὴν
1249 1777 1357 1831 τῶν
1381 1776 1592 1848 νεκρῶν
1623 1776 1753 1830 ἀνά-

187 1878 387 1927 στασιν,
436 1863 522 1916 ἵνα
572 1864 632 1917 τὸ
658 1865 808 1936 παρὰ
839 1864 1142 1936 ἀνθρώποις
1171 1866 1375 1936 ἄπορον
1405 1866 1545 1936 Θεῷ,
1588 1867 1750 1920 εὐπό-

187 1970 362 2022 ριστον
389 1957 480 2008 καὶ
518 1954 740 2009 δυνατὸν
773 1957 1047 2028 ἀποδείξῃ.
1105 1957 1292 2027 Ἡμεῖς
1319 1957 1429 2026 γὰρ
1465 1960 1518 2010 oi
1543 1955 1752 2024 ζῶντες

183 2047 253 2098 οὺ
292 2046 378 2115 μὴ
421 2047 743 2118 φθάσωμεν
791 2049 932 2116 τοὺς
973 2051 1464 2120 κεκοιμημένους,
1505 2050 1598 2102 καὶ¹
1653 2050 1752 2120 τὴν

183 2137 358 2191 αὐτῶν
409 2139 705 2194 ἀνάστασιν
724 2158 737 2172 °
770 2141 939 2206 ἔδειξε
973 2141 1114 2206 τοὺς
1142 2139 1361 2206 ζῶντας
1388 2142 1480 2194 καὶ
1501 2140 1751 2209 ἁρπαζο-

179 2227 417 2296 μένους,
448 2230 533 2284 ἵνα
559 2231 666 2284 ἀπὸ
679 2231 786 2284 τῶν
800 2231 1014 2295 ζώντων
1035 2231 1178 2302 δείξῃ
1195 2230 1258 2284 τά
1283 2233 1503 2284 ἐκείνων
1526 2231 1753 2301 σώματα

181 2320 440 2394 ὁλοσχερῆ
480 2324 823 2394 ἐγειρόμενα,
867 2325 961 2377 καὶ
1019 2325 1126 2378 ἀπὸ
1173 2325 1267 2378 τοῦ
1313 2325 1554 2388 ἐκείνους
1603 2342 1754 2396 πρω-

179 2412 354 2465 τεύειν
399 2413 510 2466 τῶν
543 2415 1004 2486 περιλειπομένων
1035 2415 1252 2480 ζώντων
1301 2416 1362 2470 τὸ
1407 2417 1629 2470 δυνατὸν
1657 2415 1750 2469 τοῦ

179 2501 311 2556 Θεοῦ
341 2504 618 2578 ἀποδείξῃ.
954 2491 977 2516 ’

251 2682 358 2736 Καὶ
398 2683 581 2753 ὁρᾶτε.
613 2670 1022 2752 οίτῆςὲαυτῶν
1055 2683 1198 2755 ζωῆς
1229 2685 1628 2755 ἐπιμελόμενοι,
1671 2686 1753 2737 ὅτι

179 2774 376 2837 πάντες
387 2777 433 2827 oi
446 2775 585 2828 κατὰ
597 2777 696 2846 τῆς
707 2776 963 2847 ἀληθείας
979 2775 1304 2846 ἐνεχθέντες,
1321 2777 1530 2840 ἑαυτοῖς
1539 2777 1637 2847 τὴν
1648 2775 1755 2829 ἀδι-

180 2865 302 2918 κίαν
324 2863 788 2937 προσεπορίσαντο
807 2884 822 2900 ⁸
842 2868 918 2931 ὡς
943 2868 1038 2921 καὶ¹
1061 2868 1089 2920 ὁ
1108 2867 1260 2937 ἅγιος
1282 2869 1564 2940 προφήτης
1590 2866 1754 2921 Δαόὶδ

180 2954 356 3022 λέγει⁸
388 2954 689 3009 Συνέλαϐε
715 2957 922 3022 πόνον,
953 2957 1051 3010 καὶ
1089 2957 1293 3010 ἔτεκεν
1331 2956 1606 3025 ἀνομίαν.
1638 2957 1754 3020 Πᾶς

1864 491 2170 546 instaurata
2187 490 2455 546 confusio.
2477 491 2693 553 Tacete,
2723 493 2964 561 inquam,
2983 490 3236 553 Sodoma,
3263 489 3434 544 horri-

1861 576 2163 648 biliumque
2213 586 2521 633 vestrorum
2567 581 2832 634 scelerum
2884 581 3094 633 clamor
3143 580 3210 633 ad
3262 580 3433 635 Deum

1861 683 2035 738 usque
2063 681 2388 737 provectus:
2444 667 2618 721 Veniet
2643 669 2784 721 enim
2819 683 2884 722 ea:
2909 666 3037 722 Sion
3067 663 3319 722 liberator
3341 670 3432 740 qui

1783 759 1924 878 Orib
1959 759 2126 813 Iacob
2163 760 2459 829 impietates
2496 769 2694 812 avertat
2724 762 2764 812 ⁵.
2811 759 2985 831 Atque
3014 759 3062 816 is
3103 758 3228 813 tnbti
3251 774 3431 827 perso-

1860 849 2006 878 ..-ιη
2076 860 2122 878 ιιι
2168 860 2437 878 ..Α-...υ-Α...
2495 851 2733 878 m-_s...'l
2761 868 2772 878 .
2831 861 2874 878 ,ι
2923 867 3018 878 Α.--
3063 852 3180 878 ..-μέ
3199 869 3330 878 μη..-
3374 854 3430 878 ἒ--

1858 849 2026 914 nubit,
2072 860 2122 904 et
2165 860 2437 922 resurgent
2495 851 2772 904 mortui':
2826 861 2874 906 et
2923 867 3018 906 nos
3063 852 3330 920 rapientur
3373 854 3430 906 in
3541 897 3555 911 χ

1859 957 2135 996 occursum
2172 942 2318 997 illius
2365 943 2420 998 in
2449 945 2636 999 aera‘.
2678 942 2734 997 Id
2767 944 2910 1014 quod
2944 945 3102 1014 longe
3136 959 3296 1015 quam
3329 961 3430 1014 ego

1860 1033 2180 1102 praeclarius
2207 1032 2401 1088 beatus
2444 1032 2752 1088 Methodius
2795 1037 3178 1104 pertractavit;
3226 1045 3280 1090 et
3327 1049 3431 1090 nos

1861 1125 1930 1180 iis
1977 1139 2098 1194 qua:
2147 1124 2217 1180 ab
2256 1139 2323 1181 eo
2372 1125 2649 1195 disputata
2688 1137 2838 1188 sunt,
2875 1126 3019 1182 istud
3071 1128 3430 1184 astruximus.

1860 1215 2155 1272 Enimvero
2175 1233 2242 1273 ex
2257 1216 2344 1273 his
2363 1233 2486 1288 qua:
2510 1219 2800 1288 conjuncta
2821 1228 2970 1286 sunt,
3000 1219 3433 1290 uniuscujusque

1859 1309 2120 1366 dictionis
2154 1325 2377 1367 sensum
2411 1311 2539 1367 licet
2574 1311 2896 1383 intelligere.
2935 1313 3114 1382 Atque
3133 1313 3433 1382 Apostolus

1859 1399 2095 1471 duplicis
2126 1402 2273 1456 modi
2310 1402 2547 1472 speciem
2582 1402 2949 1472 distinguens,
2993 1404 3047 1458 in
3081 1419 3244 1458 unam
3281 1420 3432 1474 spem

1860 1493 2114 1558 contulit,
2133 1495 2202 1548 ab
2234 1495 2301 1550 iis
2333 1496 2553 1552 verbis:
2595 1494 2707 1550 Nos
2738 1496 3008 1566 rapientur
3037 1497 3092 1550 in
3124 1497 3347 1552 nubibus
3378 1499 3434 1552 in

1860 1599 2135 1638 occursum
2158 1585 2340 1650 illius;
2364 1593 2422 1639 ut
2450 1585 2554 1640 hoc
2580 1587 2758 1656 ipsum
2783 1601 2984 1656 corpus
3008 1602 3133 1642 vere
3155 1579 3298 1645 esse.
3321 1604 3431 1642 non

1859 1685 2057 1745 praster
2099 1677 2278 1746 ipsum
2310 1677 2457 1730 aliud
2479 1719 2494 1743 ,
2530 1677 2864 1732 ostenderet.
2898 1677 3034 1732 Nam
3071 1679 3164 1749 qui
3199 1681 3428 1750 rapitur,

1859 1765 2099 1821 nondum
2150 1776 2234 1822 est
2281 1778 2555 1824 mortuus.
2611 1769 2716 1822 Sed
2769 1776 2824 1824 et
2873 1769 3004 1823 illud
3054 1771 3426 1838 demonstrat,

1857 1866 2202 1914 mortuorum
2256 1875 2358 1916 nos
2411 1862 2868 1917 resurrectionem
2915 1863 3138 1918 minime
3179 1873 3429 1920 antever-

1857 1963 2018 2004 suros
2072 1965 2195 2006 esse
2219 1992 2234 2017 ,
2271 1958 2332 2004 ut
2369 1952 2514 2019 quod
2552 1952 2796 2020 expediri
2849 1953 2918 2007 ab
2957 1953 3268 2010 hominibus
3318 1972 3426 2010 non

1857 2047 2056 2108 potest,
2091 2055 2118 2092 a
2152 2039 2262 2094 Deo
2299 2041 2560 2110 explicari
2595 2040 2774 2105 facile,
2811 2056 2875 2095 ac
2910 2041 3024 2097 ﬁeri
3060 2059 3222 2112 posse
3246 2045 3426 2098 decla-

1856 2139 2022 2184 raret.
2075 2129 2189 2184 Nos
2221 2133 2382 2196 enim,
2431 2131 2641 2201 inquit,
2673 2134 2762 2203 qui
2795 2133 3034 2198 vivimus,
3087 2150 3190 2188 non
3231 2150 3424 2202 prame-

1857 2222 2058 2274 niemus
2090 2237 2177 2275 eos
2212 2223 2300 2290 qui
2327 2221 2595 2278 dormiunt
2626 2226 2670 2289 ",
2701 2239 2933 2295 quorum
2967 2228 3423 2283 resurrectionem

1856 2311 2080 2366 indicat.
2117 2311 2181 2366 Et
2205 2313 2304 2370 has
2329 2330 2512 2380 voces,
2541 2317 2844 2381 viventium,
2873 2331 2936 2371 ac
2960 2325 3252 2384 raptorum,
3281 2319 3430 2373 addi-

1854 2403 1956 2471 dit,
1985 2413 2046 2457 ut
2071 2405 2240 2474 priori
2261 2421 2490 2476 corpora
2521 2407 2737 2462 illorum
2769 2409 2988 2464 doceret
3016 2410 3224 2480 integra
3249 2427 3432 2465 resur-

1856 2509 2019 2565 gere;
2052 2504 2214 2565 atque
2241 2511 2307 2550 ex
2335 2512 2399 2551 eo
2421 2498 2567 2568 quod
2593 2499 2836 2554 viventes
2863 2501 3106 2570 reliquos
3134 2501 3429 2567 anteirent,

1855 2585 1951 2641 Dei
1987 2588 2283 2655 potentiam
2337 2589 2622 2645 indicaret.

1936 2677 2142 2743 Videte,
2175 2695 2380 2750 quaeso,
2413 2689 2683 2752 quotquot
2710 2683 2832 2737 vitae
2861 2692 3054 2738 vestra:
3072 2697 3258 2738 curam
3290 2686 3432 2755 geri-

1857 2768 1951 2834 tis,
1996 2784 2188 2826 omnes
2231 2771 2325 2840 qui
2369 2771 2440 2826 ad
2485 2772 2899 2842 oppugnandam
2931 2774 3211 2828 veritatem
3245 2773 3431 2828 insur-

1858 2867 2138 2926 rexerunt,
2200 2861 2303 2918 sibi
2359 2863 2493 2933 ipsis
2541 2864 2820 2935 injustitim
2871 2863 3048 2918 labem
3101 2866 3429 2936 acquisisse.

1859 2949 2015 3018 Quod
2047 2953 2114 3008 iis
2142 2954 2325 3010 verbis
2355 2953 2526 3010 David
2558 2957 2819 3026 propheta
2859 2962 3092 3010 testatur
3125 2974 3138 3011 :
3181 2954 3431 3028 Concepit

180 3045 289 3118 γὰρ
313 3048 342 3100 ὁ
368 3047 546 3118 ἐαυτῷ
571 3047 822 3116 συνάγων
846 3048 935 3100 τὸν
969 3048 1128 3101 πόνον
1153 3047 1260 3100 τῶν
1309 3047 1754 3118 ἀλλοτρίωνλδια-

1868 3045 2118 3112 laborem,
2141 3056 2192 3103 et
2211 3049 2405 3117 peperit
2433 3049 2760 3120 iniquitatem
2779 3051 2822 3104 ⁸.
2849 3050 2984 3104 Nam
3009 3052 3100 3122 qui
3129 3051 3430 3107 alienarum

179 3139 486 3210 νοημάτων,
511 3139 690 3211 ἐαυτῷ
721 3140 895 3194 τίκτει
925 3140 1020 3210 τὴν
1061 3129 1275 3193 ἀδικίαν
1309 3139 1540 3204 καὶτοῖς
1578 3140 1758 3194 πειθο-

185 3234 385 3306 μένοις.
416 3233 657 3288 Λάχκον
673 3234 885 3303 ὤρυξε,
923 3236 1020 3289 καὶ
1055 3233 1409 3303 ἀνέσκαψεν
1424 3233 1630 3299 αὐτόν,
1659 3235 1756 3289 καὶ

182 3327 522 3397 ἐμπεσεῖται
574 3329 660 3394 είς
682 3329 909 3396 βόθρον
949 3327 1021 3380 ὃν
1049 3326 1387 3397 εἰργάσατο.
1431 3327 1590 3382 Ἀλλά
1623 3328 1759 3402 πρὸς

180 3417 353 3470 ταῦτα
399 3419 576 3472 πάντα
618 3418 673 3470 ei
710 3436 794 3483 τις
823 3418 934 3490 ἔχει
972 3419 1292 3487 ἀντιλέγειν,
1341 3419 1520 3490 ἡκέτω
1563 3418 1656 3471 ἐπὶ⁸
1682 3416 1758 3490 τῷ

181 3507 302 3579 Θεῷ
338 3510 715 3580 ἀντιπράττων
735 3510 1070 3581 καμάτῳίδ.
1103 3510 1248 3576 Θεὸς
1276 3508 1384 3579 γὰρ
1403 3510 1659 3579 ἰισχυρὸς
1687 3512 1759 3564 οὐ

181 3602 458 3658 κοπιάσει
485 3602 626 3656 οὐδὲ
643 3601 889 3672 διψήσει
910 3645 924 3668 ,
961 3601 1102 3656 οὐδὲ
1122 3602 1296 3655 ἔστιν
1318 3600 1626 3668 ἐξεύρεσις
1650 3599 1760 3668 τῆς

182 3695 535 3765 φρονήσεως
585 3695 774 3749 αὑτοῦ
805 3711 820 3728 ο
869 3697 927 3748 ἐν
1069 3694 1137 3748 τὰ
1191 3692 1461 3763 λελυμένα
1529 3691 1760 3762 σώματα

184 3787 388 3858 ἐγείρει
407 3803 421 3817 ο
453 3781 566 3861 ἐν
591 3786 652 3839 τὸ
685 3784 1052 3856 ἀπολλύμενον
1083 3783 1245 3850 σώζει
1273 3801 1287 3815 ο
1328 3785 1385 3836 ἐν
1475 3784 1535 3837 τὸ
1565 3784 1758 3855 τεθνη-

184 3882 280 3943 κὸς
309 3878 593 3948 ζωογονεῖ·
617 3873 732 3950 ἐνῇ
794 3878 856 3930 τὺ
910 3877 1148 3948 φθαρτὸν
1185 3877 1496 3949 ἀφθαρσίαν
1533 3877 1760 3948 ἀμφιέν-

181 3989 338 4026 νυσιν
361 3989 375 4002 ο
410 3974 468 4024 ἐν
584 3971 674 4024 τὸν
722 3970 919 4024 κόκκον
947 3970 1037 4023 τὸν
1072 3971 1307 4026 πεσόντα
1343 3974 1424 4036 είς
1463 3973 1760 4027 ἀνάστασιν

185 4065 373 4136 φέρει·
401 4067 459 4118 ἐν
573 4063 665 4117 τὸν
712 4063 1010 4134 σπαρέντα,
1045 4065 1140 4116 καὶ
1178 4063 1517 4120 ἀποθανόντα
1558 4069 1638 4131 είς
1664 4084 1756 4120 περ

187 4157 507 4227 ρισσοτέραν
531 4156 865 4228 φαιδρότητα
886 4156 1026 4226 ἄγει,
1047 4157 1408 4221 άνακαινίζων
1426 4174 1439 4189 ο
1469 4159 1543 4222 ὡς
1554 4161 1612 4212 ἐν
1636 4159 1762 4213 πολ-

182 4250 306 4312 λαῖς
344 4246 583 4320 Γραφαῖς
641 4250 970 4323 ἐμφέρεται,
1032 4249 1411 4323 αἰνιττομένης
1461 4252 1560 4323 τῆς
1603 4251 1760 4323 ἡμῶν

181 4342 552 4406 ἀναστάσεως.

257 4520 382 4576 UA'.
425 4521 515 4590 Ἑν
547 4524 644 4592 μὲν
665 4522 743 4594 τῷ
765 4521 928 4576 Δαὸὶδ
952 4522 1203 4594 περὶτοῦ
1232 4522 1624 4593 ἐγκαινισμοῦ
1651 4524 1757 4578 τοῦ

180 4615 358 4668 οἴκου
414 4615 576 4669 Δα6⁸ιδ
617 4614 849 4687 ψαλμδς,
888 4616 964 4680 ὡς
1011 4615 1326 4688 καραδοκῶν
1389 4616 1418 4669 ό
1477 4617 1763 4689 προφήτης

183 4705 283 4759 καὶ
314 4706 591 4777 Πνεύματι
612 4709 752 4779 ἁγίῳ
780 4708 998 4763 σκοπῶν
1031 4709 1092 4762 τὸ
1127 4707 1342 4780 μέλλον,
1367 4709 1602 4778 εὐλόγως
1636 4711 1764 4782 περὶ

183 4797 537 4862 ἀναστάσεως
572 4799 676 4870 ἔφη
693 4818 706 4831 ο
747 4802 990 4872 Totam
1016 4817 1112 4866 σε,
1136 4802 1332 4870 Κύριε,
1359 4800 1446 4855 ὅτι
1469 4801 1765 4870 ὑπέλαϐές

176 4906 279 4958 με,
333 4888 691 4954 ἀνακαινίζων
729 4911 829 4962 μου
881 4895 974 4948 τὸν
1015 4890 1191 4948 οἷκον·
1228 4894 1472 4947 τουτέστι
1511 4893 1573 4947 τὸ
1607 4893 1765 4964 σῶμα

188 4981 248 5034 τὸ
282 4982 468 5035 πεσόνο
499 4983 593 5035 καί
624 4984 735 5036 οὐκ
766 4985 1067 5052 εὔφρανας
1096 4983 1239 5051 τοὺς
1261 4984 1513 5054 ἐχθρούς
1533 5003 1653 5054 μου
1670 4985 1762 5038 ἐπ’

183 5074 311 5144 ἐμέ.
332 5074 442 5128 Καὶ
464 5074 712 5145 Σολομὼν
741 5077 797 5128 ἐν
821 5078 1148 5148 Ιῐαροιμίαις
1178 5077 1290 5147 (52)
1303 5075 1561 5139 ὡσαύτως
1573 5078 1654 5140 εἰς
1669 5076 1767 5147 τὴν

183 5169 372 5221 ἐκεῖσε
409 5167 722 5238 ἑτοιμασίαν
755 5166 824 5220 τά
852 5169 1026 5222 πάντα
1062 5169 1158 5238 τῆς
1183 5169 1394 5233 ἐλπίδος
1420 5171 1768 5240 παρασκευά-

182 5259 300 5326 ζων
338 5258 668 5332 προῦτρεπε,
696 5259 919 5328 φάσκων
945 5275 955 5287 ·
999 5260 1293 5330 Ἐτοίμαζε
1312 5263 1398 5327 είς
1428 5261 1542 5328 τὴν
1555 5254 1769 5326 ἔξοδοί·

261 5371 280 5404 ¹
309 5372 488 5446 ΙΑΧΧ,
516 5373 612 5446 καὶ
639 5374 1005 5446 ἀποστρέψει.

1859 3141 2336 3212 absurdarumque
2366 3143 2758 3214 cogitationum
2788 3145 3030 3201 laborem
3059 3145 3164 3201 sibi
3203 3147 3432 3217 colligit,

1860 3241 1973 3286 tam
1996 3231 2124 3298 sibi,
2146 3247 2311 3303 quam
2343 3233 2544 3302 quibus
2572 3235 2902 3305 persuadere
2931 3235 3189 3306 potuerit,
3221 3237 3435 3307 injusti-

1861 3325 1994 3378 tiam
2029 3325 2192 3396 parit.
2225 3323 2427 3380 Lacum
2459 3328 2683 3396 aperuit,
2721 3338 2769 3382 et
2799 3328 2985 3397 e/fodit
3020 3330 3210 3396 illum;
3254 3341 3303 3385 et
3345 3332 3431 3385 in-

1861 3415 1998 3470 cidet
2029 3418 2084 3470 in
2109 3417 2310 3486 foveam
2340 3435 2498 3489 quam
2525 3419 2644 3488 fecit
2669 3420 2710 3474 ’.
2741 3420 2817 3474 Ac
2848 3421 2893 3476 si
2918 3421 3040 3490 quis
3066 3422 3150 3478 his
3176 3423 3434 3478 omnibus

1862 3509 2244 3564 contradicere
2273 3518 2475 3580 potest,
2508 3513 2734 3581 prodeat
2763 3513 2816 3567 in
2847 3514 3107 3581 medium,
3137 3529 3200 3569 ac
3229 3513 3356 3581 Deo,
3387 3517 3434 3570 si

1861 3606 2061 3666 potest,
2113 3600 2300 3658 labore
2349 3618 2450 3656 suo
2494 3604 2736 3659 resistat.
2781 3603 2919 3659 Deus
2965 3609 3101 3660 enim
3137 3607 3291 3675 fortis
3333 3625 3437 3662 non

1863 3691 2147 3759 laborabit,
2169 3709 2330 3761 neque
2347 3695 2510 3760 sitiet,
2528 3712 2688 3767 neque
2701 3709 2778 3751 est
2797 3699 3128 3769 investigatio
3142 3701 3437 3768 prudentia:

1860 3783 2030 3850 ipsius
2048 3781 2111 3839 ‘°.
2141 3782 2257 3850 Qua
2289 3783 2464 3842 fretus
2487 3787 2755 3843 dissoluta
2774 3804 3004 3859 corpora
3036 3791 3258 3855 excitat,
3288 3792 3436 3862 quod

1861 3877 2133 3945 perditum
2164 3883 2250 3934 est
2289 3887 2508 3943 servat;
2556 3881 2701 3949 quod
2738 3890 3013 3937 mortuum
3049 3893 3130 3938 est
3173 3884 3239 3939 ad
3267 3885 3434 3940 vitam

1862 3977 2112 4036 revocat;
2159 3979 2477 4044 corruptum
2511 3973 2922 4044 incorruptione
2951 3977 3153 4043 vestit;
3201 3993 3432 4047 granum

1864 4065 2010 4136 quod
2039 4063 2256 4131 cecidit,
2285 4065 2352 4120 ad
2384 4066 2840 4121 resurrectionem
2880 4067 3090 4138 erigit;
3133 4068 3438 4126 hominem—

1864 4173 1972 4229 que
2004 4158 2096 4230 qui
2129 4165 2284 4215 satus
2318 4172 2381 4213 ac
2414 4167 2661 4214 mortuus
2687 4168 2792 4224 est,
2821 4160 3130 4215 uberiorem
3163 4162 3231 4216 ad
3263 4163 3438 4231 splen-

1864 4250 2052 4307 dorem
2083 4250 2443 4306 instaurando
2479 4249 2762 4321 perducit,
2799 4251 2876 4307 uti
2909 4253 3155 4321 pluribus
3206 4254 3258 4308 in
3292 4252 3436 4310 Scri-

1796 4358 1841 4450 D‘
1867 4350 2042 4414 ptura:
2086 4343 2224 4400 locis
2256 4358 2576 4415 expressum
2603 4352 2688 4404 est
2714 4363 2728 4399 :
2779 4345 2833 4400 in
2875 4345 3074 4417 quibus
3106 4348 3441 4404 resurrectio

1871 4447 2058 4496 nostra
2097 4438 2457 4509 signiﬁcatur.

1936 4529 2245 4587 LXXLSic
2283 4533 2426 4603 apud
2467 4531 2724 4588 Davidem
2761 4531 2815 4586 in
2849 4533 2942 4587 illo
2975 4535 3205 4604 psalmo,
3244 4535 3336 4604 qui
3374 4535 3442 4589 de

1863 4625 1992 4680 tedis
2049 4622 2380 4677 dedicatione
2428 4623 2728 4694 inscriptus
2782 4630 2866 4679 est
2898 4623 2964 4686 η,
3019 4623 3072 4676 in
3117 4638 3227 4692 quo
3291 4624 3439 4676 velut

1861 4713 2272 4784 exspectatione
2314 4727 2638 4782 suspensus,
2683 4719 2737 4767 et
2791 4711 2969 4768 futura
2998 4714 3161 4784 602
3197 4711 3439 4784 Spiritus

1864 4808 2039 4864 sancti
2075 4820 2177 4878 ope
2205 4804 2296 4860 diu
2327 4813 2471 4872 ante,
2508 4807 2772 4876 propheta
2806 4808 3166 4877 prospiciens,
3203 4825 3439 4864 consen-

1865 4910 2022 4955 tance
2041 4899 2107 4954 de
2123 4899 2526 4954 resurrectione
2548 4900 2618 4952 ita
2641 4897 3055 4969 pronuntiat”:
3077 4900 3342 4956 Exaltabo
3371 4913 3438 4967 te,

1864 4989 2108 5051 Domine,
2137 4989 2384 5060 quoniam
2418 4991 2698 5060 suscepisti
2719 5008 2799 5046 me
2828 5007 2847 5056 ;
2899 4992 3254 5049 instauranda
3291 4997 3442 5052 scili-

1864 5089 1948 5135 cet
1978 5081 2140 5135 domo
2171 5097 2287 5135 mea
2312 5123 2325 5145 ,
2365 5082 2466 5135 hoc
2491 5093 2573 5137 est
2598 5097 2851 5152 corpore,
2881 5085 3026 5154 quod
3051 5087 3357 5153 ceciderat;
3390 5097 3438 5140 et

1868 5190 1969 5226 non
2013 5171 2288 5226 delcctasti
2336 5173 2576 5228 inimicos
2629 5191 2770 5228 meos
2815 5191 2970 5244 super
3013 5193 3111 5231 me.
3159 5177 3236 5232 Ita
3280 5186 3334 5233 et
3386 5180 3438 5233 in

1868 5262 2176 5318 Proverbiis
2202 5261 2470 5331 .Salomon
2519 5264 2585 5319 ad
2620 5264 2852 5320 futuram
2895 5265 3041 5319 illam
3083 5266 3252 5319 vitam
3288 5281 3439 5336 spem

1107 5376 1178 5407 ⁹·⁸
1208 5374 1309 5448 Ἐν
1333 5377 1622 5448 ἀκαμάτῳ.
1702 5379 1723 5409 ⁸

1923 5395 2035 5438 th.
2077 5379 2165 5432 ‘20.
2245 5378 2266 5408 ⁵
2309 5377 2325 5431 1
2371 5380 2495 5434 Cor.
2545 5396 2630 5442 xv,
2681 5363 2786 5434 5?...
2849 5379 2917 5432 ⁶Ι
2970 5378 3163 5435 Thess.
3223 5395 3295 5445 tv,
3353 5378 3437 5434 16.

179 5443 205 5477 '
255 5444 390 5499 ibid.
467 5443 556 5497 i4.
633 5443 947 5508 8Psalﬁvn,
987 5445 1071 5498 15.
1149 5448 1170 5478 ⁸
1205 5447 1336 5502 ibid.
1415 5443 1460 5478 "‘
1496 5443 1599 5502 lsa'.
1631 5463 1720 5512 XL,
1745 5447 1837 5504 ΞΒ.
1921 5450 1957 5478 ¹¹
1991 5448 2131 5502 Psal.
2168 5465 2318 5512 χχιχ,
2350 5448 2398 5504 l.
2474 5450 2517 5480 ”
2549 5451 2677 5506 .bid.
2709 5451 2764 5505 ‘2.

259 5536 376 5607 (50)
411 5535 502 5607 Ὠς
534 5535 630 5589 καί
668 5539 704 5607 ό
735 5538 1000 5590 καλλίων
1024 5539 1375 5607 μακαρίτης.
1397 5540 1516 5594 Cor.
1578 5541 1650 5603 ώς
1677 5542 1767 5594 καὶ

181 5603 411 5659 κάλλιον
436 5606 464 5656 ὁ
499 5605 806 5674 μακαρίτης
821 5649 825 5654 .

261 5675 374 5745 (ΣΗ)
397 5675 606 5729 Ἔστιν
626 5675 770 5728 ἰδεῖν
795 5675 862 5730 τὰ
882 5677 1167 5745 ἐπίχειρα.
1202 5678 1360 5736 Forte
1385 5681 1450 5734 τὰ
1476 5683 1563 5734 ἐπὶ
1589 5684 1765 5753 χεῖρα,

475 5767 741 5831 Parant.
787 5769 901 5831 Gn.
946 5770 1082 5831 XLI

1876 5540 1990 5594 hinc
2009 5555 2128 5608 qua:
2142 5555 2250 5605 pra!
2268 5541 2520 5598 manibus
2534 5543 2798 5600 habemus
2827 5559 2883 5595 ac
2903 5543 2968 5597 de
2985 5544 3182 5610 quibus
3209 5545 3439 5612 agimus.

1949 5611 2062 5678 (5‘2)
2092 5612 2198 5664 Καὶ
2224 5611 2502 5679 Σολομὼν
2520 5613 2588 5665 ἐν
2612 5615 2969 5682 Παροιμιίιις.
3009 5611 3445 5680 Longiusart-cs-

1878 5683 1982 5738 sita
2009 5682 2121 5737 htcc
2153 5682 2254 5737 loci
2283 5682 2445 5752 hujus
2473 5684 2868 5756 interpretatio,
2896 5694 2942 5740 el
2974 5685 3039 5738 ad
3063 5684 3305 5738 ﬁrmi-am
3328 5683 3445 5738 cdi-

3135 5775 3214 5838 38
