3846 6036
360 210 497 268 H95

1732 209 1789 263 S.
1839 207 2172 264 El‘lPllANll
2284 250 2287 253 -

3492 202 3619 260 ιιοι

356 339 573 381 omnem
603 330 845 379 nostram
875 337 1209 394 praeparans,
1240 323 1384 380 hunc
1413 324 1467 379 in
1495 323 1714 381 modum
1744 324 1930 380 horta-

2050 327 2117 381 τὰ
2130 326 2273 396 ἔργα
2284 341 2401 385 σου
2422 286 2628 391 {eam
2638 323 2809 394 λέγων
2819 321 2919 395 τὴν
2933 317 3264 374 ἀπεντεῦθεν
3284 316 3616 387 ἀπαλλαγήν

358 414 767 484 ιυι-τΡηιιραι-ιι
810 416 865 469 in
916 417 1117 471 exitum
1152 432 1313 485 opera
1361 425 1453 471 tua
1485 418 1524 470 ⁸.
1568 414 1704 471 Nam
1738 416 1938 483 ,exitus

360 507 582 562 nomine
622 506 998 563 decessionem
1052 523 1119 563 ex
1155 507 1258 562 hac
1296 507 1408 563 vita
1452 508 1770 578 complexus
1831 516 1934 564 est.

361 596 447 661 Et,
484 597 742 666 Ρνωρατα
762 605 830 665 te,
869 597 1065 668 inquit,
1099 597 1167 652 ad
1203 614 1392 668 agrum
1425 601 1466 654 ².
1491 598 1665 666 Quam
1698 614 1940 653 commn-

361 689 623 745 nitionem
668 691 940 760 pertinere
981 690 1049 746 ad
1087 705 1281 746 omnes
1320 692 1523 756 voluit,
1557 692 1650 765 qui
1681 692 1737 746 in
1773 706 1927 761 agro,

363 784 457 832 aut
478 778 534 834 in
556 778 692 834 urbe
709 779 1078 851 degerent,,ac
1102 787 1211 833 tam
1234 780 1482 836 eruditos
1504 796 1669 851 quam
1715 780 1941 851 opiﬁces

363 883 428 924 ac
462 869 813 927 mechanicas
838 910 854 935 ,
903 871 1000 941 qui
1039 872 1251 927 nullum
1300 872 1354 927 in
1398 886 1531 944 agro
1562 887 1702 942 opus
1736 872 1941 927 habent

361 960 509 1032 quod
532 969 843 1018 exerceant.
868 960 1010 1028 Quid
1028 964 1172 1018 enim
1197 962 1504 1020 linisicibus
1545 969 1599 1019 et
1622 961 1937 1027 aurifabris,

363 1061 458 1108 aut
482 1053 659 1123 poetis
684 1053 1002 1129 caeterisque
1030 1052 1392 1122 scriptoribus
1414 1059 1499 1108 est
1528 1066 1654 1107 cum
1684 1066 1939 1122 agrorum

362 1147 578 1201 cultura
610 1146 930 1201 commune?
958 1145 1140 1212 Quare
1166 1160 1270 1202 vox
1312 1145 1406 1200 illa
1435 1146 1555 1202 sine
1585 1145 1699 1200 ullo
1730 1145 1938 1201 discri-

363 1236 513 1291 mine
568 1236 859 1292 universos
914 1234 1079 1292 simul
1132 1237 1416 1306 appellat:
1457 1235 1719 1305 Prwpara
1777 1245 1825 1290 te
1869 1236 1939 1290 ad

365 1340 594 1391 agrum;
634 1332 796 1395 atque
835 1324 970 1380 illud
1010 1324 1328 1396 signiﬁcat:
1380 1324 1621 1381 omnium
1657 1325 1940 1381 hominum

364 1410 570 1478 generi,
603 1417 712 1465 tam
740 1411 982 1477 urbano,
1013 1427 1178 1482 quam
1211 1412 1424 1468 rustico
1444 1452 1462 1477 ,
1497 1413 1746 1483 corporis
1767 1412 1942 1483 depo-

365 1498 619 1555 sitioncm
661 1501 779 1568 agri
814 1501 988 1556 instar
1017 1517 1164 1562 esse.
1223 1510 1445 1573 propter
1483 1503 1820 1572 sepulturam
1871 1517 1934 1556 ac

2039 419 2171 483 Καὶ,
2187 398 2547 488 Ἐτοιμάζοιθ,
2563 415 2846 489 φησὶν,είς
2862 413 2969 469 τὸν
2997 413 3205 482 ἀγρόν
3221 407 3354 480 ὁμοῦ
3374 408 3512 462 πᾶσι
3529 407 3621 476 τήν

2038 508 2319 564 νουθεσίαν
2339 507 2783 578 ἐπεκτεινόμενος
2809 507 2921 569 τοίς
2943 503 3084 558 κατά
3098 501 3269 572 ἀγρόν
3290 516 3350 553 τε
3371 499 3471 552 καὶ
3489 497 3618 553 κατά

2040 599 2199 662 ἄστυ,
2217 598 2420 666 λογίοις
2436 615 2493 652 τε
2518 597 2614 651 καὶ
2635 599 2747 660 τοῖς
2770 596 2869 659 τάς
2887 591 3188 665 βαναύσους
3213 590 3406 660 τέχνας
3423 590 3622 658 ἐπιχειο

2042 689 2136 761 90-3
2144 706 2249 755 σιν,
2265 686 2345 754 οἷς
2366 689 2593 760 οὐδεμία
2619 686 2850 760 ἐργασία
2862 684 3004 741 κατά
3018 683 3188 754 ἀγρὸν
3200 679 3622 752 ὲπιζητουμὲνη.

2041 780 2210 836 Πόθεν
2231 779 2342 852 γὰρ
2361 778 2661 851 λινουργοῖς
2686 778 2781 830 καὶ
2798 774 3177 848 ἀργυροχόοις,
3201 772 3452 841 ποιηταῖς
3462 785 3525 822 τε
3536 764 3627 820 καὶ

2039 870 2400 943 λογογράφοις
2445 871 2478 940 ή
2533 869 2677 924 κατά
2718 868 2818 939 τὴν
2861 866 3102 938 ἄρουραν
3141 861 3474 932 ἑτοιμασίας
3508 859 3628 913 συλ-

2040 961 2240 1033 λήϐδην
2282 960 2391 1032 γὰρ
2421 958 2557 1031 ὁμοῦ
2594 961 2628 1030 ή
2660 959 2813 1029 φωνὴ
2862 956 3192 1021 ἀδιακρίτως
3244 954 3373 1015 τοὺς
3423 952 3624 1015 πάντας

2042 1051 2342 1107 ὲπειποῦσα
2374 1051 2673 1121 κέκληκεν·
2714 1046 3056 1118 Ἐτοιμὰζου
3116 1047 3208 1111 είς
3255 1044 3363 1099 τὸν
3413 1042 3625 1111 ἀγρόν

2041 1146 2157 1200 ἀλλ’
2183 1144 2217 1216 ἢ
2242 1145 2401 1198 τοῦτο
2445 1142 2761 1208 αἰνίττεται,
2800 1142 2884 1194 ὅτι
2917 1139 3082 1193 παντί
3128 1133 3405 1206 ἀνθρώπῳ
3441 1132 3628 1205 πολίτῃ

2041 1252 2102 1292 τε
2127 1238 2222 1290 καὶ
2248 1226 2490 1308 ἀγροίκῳ
2511 1232 2768 1299 ἀπόθεσις
2799 1218 2894 1285 τοῦ
2935 1228 3190 1300 σώματος
3217 1225 3388 1296 ἀγρὸς
3426 1223 3516 1277 διὰ
3536 1222 3628 1294 τὴν

2042 1325 2218 1397 ταφὴν
2252 1326 2347 1379 καὶ
2372 1323 2433 1378 τὸ
2462 1322 2635 1385 τέλος.
2689 1316 2823 1375 Εἶτα
2852 1318 3146 1389 μετέπειτα
3174 1316 3276 1386 τὴν
3311 1312 3484 1384 αὐτὴν
3528 1312 3620 1382 τῆς

2043 1417 2391 1480 ἀναστάσεως
2441 1414 2719 1486 σημαίνων
2749 1411 2960 1475 ἐλπίδα,
3016 1409 3254 1478 φάσκει·
3305 1405 3421 1460 Καὶ
3473 1404 3629 1457 ἀνα-

2044 1506 2405 1578 κοδομήσεις
2454 1504 2562 1558 τὸν
2615 1499 2785 1557 οἶκόν
2837 1517 2974 1556 σου.
3024 1497 3212 1563 Ἀπαξ
3269 1495 3384 1566 γὰρ
3439 1493 3630 1564 ᾠκοδο-

363 1590 486 1645 νίιαξ
517 1590 743 1647 exitum.
801 1591 1007 1648 Deinde
1042 1593 1288 1650 eamdem
1322 1610 1473 1665 spem
1512 1594 1942 1651 resurrectionis

2056 1599 2202 1671 μήθη
2230 1600 2287 1651 ὲν
2303 1599 2370 1669 τῇ
2403 1595 2598 1650 πλάσει
2625 1596 2691 1665 τῇ
2728 1592 2871 1647 κατά
2892 1591 2991 1663 τὴν
3023 1589 3292 1660 γαστέρα,
3322 1589 3417 1642 ὅτε
3450 1588 3507 1641 αἰ
3530 1605 3630 1657 μη-

363 1688 647 1738 ostentans
664 1682 814 1738 addit
836 1700 847 1735 :
862 1681 935 1738 Et
949 1683 1273 1740 instaurabis
1284 1656 1499 1739 domum
1519 1695 1666 1742 tuam
1682 1686 1722 1740 ³.
1736 1684 1948 1756 Quippe

2052 1656 2208 1763 τέρες
2241 1656 2492 1743 ὲκῦἶσκον
2523 1656 2752 1739 ἕκαστον
2785 1656 3113 1755 ἡμῶν-ὲνντῇ
3151 1656 3374 1735 πλάσει.
3415 1656 3541 1732 ’Δπδ

365 1786 551 1828 semen
577 1787 703 1829 cum
730 1774 785 1829 in
812 1784 967 1833 utero
990 1775 1344 1851 formaretur,
1369 1785 1455 1835 est
1491 1790 1788 1846 exstructa,
1818 1787 1949 1834 cum‘

367 1861 576 1918 scilicet
632 1879 1078 1936 unumquemque
1132 1878 1384 1925 nostrum
1450 1878 1652 1926 matres
1705 1870 1943 1941 ﬁngendi

368 1964 534 2006 causa
578 1954 932 2022 parturirent.
969 1954 1106 2011 Tum
1146 1974 1178 2013 a
1222 1966 1370 2014 terra
1421 1958 1481 2014 ﬁt
1524 1975 1724 2029 agrove
1762 1975 1949 2014 resuro

367 2043 574 2108 rectio,
616 2058 740 2097 cum
787 2059 978 2101 eversa
1017 2055 1140 2116 post
1183 2048 1332 2103 illam
1359 2049 1415 2103 in
1452 2049 1763 2119 sepulcrum
1800 2049 1949 2118 deje-

368 2129 604 2188 ctionem
631 2133 831 2196 domus
862 2137 1111 2208 erigitur.
1131 2138 1288 2206 Quod
1321 2147 1374 2195 et
1397 2137 1731 2211 Redemptor
1760 2130 1953 2195 noster

369 2223 452 2278 sic
485 2222 702 2281 locutus
731 2228 942 2298 aperuit
967 2247 979 2283 :
1004 2228 1199 2286 Solvite
1217 2231 1467 2301 templum
1486 2232 1605 2296 hoc,
1627 2241 1677 2284 et
1700 2231 1755 2285 in
1780 2230 1950 2287 tribus

367 2313 552 2370 diebus
586 2318 854 2374 suscitabo
887 2320 1023 2376 illud
1044 2325 1088 2389 ⁸,
1117 2323 1232 2379 sive
1266 2322 1565 2395 aediﬁcabo,
1598 2330 1786 2394 utpote
1821 2338 1953 2378 cum

373 2405 649 2476 Sapientia
678 2409 783 2476 sit;
812 2418 866 2465 et
894 2412 1114 2482 quidem
1142 2428 1242 2484 pro
1272 2428 1486 2470 summa
1510 2429 1610 2469 sua
1642 2414 1950 2485 prudentia,

371 2512 535 2567 quam
569 2499 719 2554 nulla
758 2501 1041 2556 hominum
1066 2503 1412 2575 investigatio
1435 2512 1617 2575 potest
1654 2505 1876 2576 assequi
1905 2506 1950 2558 ⁸.

370 2587 491 2654 Qua
522 2589 685 2646 etiam
716 2592 996 2662 pmditus,
1029 2593 1365 2653 diﬁicillimis
1409 2613 1476 2652 ex
1516 2596 1678 2661 locis,
1714 2596 1956 2667 delapsis

2054 1782 2153 1852 τῆς
2176 1780 2279 1851 γῆς
2299 1780 2333 1849 ή
2361 1777 2674 1840 ἀνάστασις,
2699 1775 2732 1845 ἢ
2754 1774 2864 1828 ἀπὸ
2895 1774 3087 1846 ἀγροῦ,
3115 1772 3302 1826 οὐκέτι
3335 1769 3624 1838 οἰκοδομωο

2052 1871 2189 1942 μένη
2222 1870 2266 1933 ⁸,
2296 1867 2385 1921 διὰ
2419 1867 2518 1938 τὴν
2538 1864 2921 1935 ἐπενεχθεῖσαν
2957 1863 3093 1933 αὐτῇ
3122 1860 3446 1931 καθαίρεσιν
3472 1859 3531 1909 ὲν
3559 1854 3631 1924 τῷ

2049 1963 2148 2033 τῆς
2185 1962 2363 2032 ταφῆς
2395 1958 2646 2029 πτώματι
2666 1975 2681 1988 ⁸
2715 1956 2791 2020 ὡς
2816 1957 2910 2011 καί⁵
2942 1956 2970 2008 ὁ
3003 1954 3198 2026 Σωτὴρ
3227 1952 3364 2023 ἔφη·
3397 1950 3637 2004 Λύσατε

2051 2055 2159 2108 τὸν
2202 2052 2355 2108 ναὸν
2410 2051 2646 2114 τοῦτον,
2687 2049 2788 2103 καὶ
2831 2048 2901 2101 ἐν
2951 2045 3147 2115 τρισὶν
3182 2043 3433 2114 ἡμέραις
3455 2036 3637 2110 ἐγερῶ

2006 2181 2011 2186 -
2053 2143 2275 2208 αὑτὸν,
2337 2141 2373 2213 ἢ
2422 2137 2713 2209 οἰκοδομῶ
2759 2139 2983 2193 αὐτόν·
3014 2135 3185 2204 Σοφία
3222 2132 3325 2193 ὣν,
3351 2131 3449 2185 καὶ
3478 2131 3537 2183 ὲν
3572 2130 3638 2199 τῇ

2055 2236 2316 2307 φρονήσει
2344 2232 2534 2296 αὐτοῦ,
2634 2232 2735 2285 οὐκ
2775 2230 2920 2284 ἐστιν
2944 2226 3051 2282 ὑπὸ
3086 2221 3641 2298 ἀνθρώπων,ὲᾷὐρε-

2057 2342 2161 2389 σις.
2207 2325 2295 2380 Ἐν
2318 2317 2354 2398 ᾗ
2377 2323 2437 2388 ἐξ
2467 2324 2687 2393 ἀπόρων
2717 2321 2898 2376 τόπων
2944 2317 3307 2389 διαχυθέντων
3347 2313 3509 2387 ἡμῶν
3536 2311 3643 2365 τῶν

2058 2415 2347 2486 σωμάτων,
2383 2414 2489 2469 τῶν
2526 2414 2623 2486 μὲν
2669 2414 2750 2477 εἰς
2789 2412 3016 2481 τέφραν,
3048 2411 3158 2463 τῶν
3193 2408 3251 2462 δὲ
3282 2409 3341 2460 ὲν
3373 2403 3644 2475 θαλάσσῃ,

2055 2507 2154 2577 τῆς
2173 2507 2218 2538 ¹⁰
2248 2507 2305 2560 δὲ
2334 2505 2439 2560 ὑπὸ
2467 2504 2817 2576 σαρκοϐόρων
2838 2503 3067 2568 οἰωνῶν,
3092 2501 3201 2555 τῶν
3230 2501 3287 2555 δὲ
3306 2499 3415 2554 ὑπὸ
3437 2495 3645 2568 θηρῶν,

2055 2597 2165 2652 τῶν
2201 2596 2259 2651 δὲ
2282 2596 2387 2650 ὑπὸ
2417 2596 2713 2669 σκωλήκων
2740 2592 3057 2665 φθαρέντων
3083 2591 3263 2662 φέρει.

371 2678 765 2754 dissolutisque
819 2685 1145 2755 corporibus
1205 2688 1411 2745 nostris
1438 2728 1454 2755 ,
1504 2703 1571 2744 ac
1624 2689 1821 2759 partim
1866 2689 1925 2744 in
1955 2688 2173 2746 cineres
2202 2689 2506 2753 conversis,
2549 2687 2841 2760 partimin
2889 2684 3065 2748 mari,
3113 2683 3315 2754 partim
3363 2694 3395 2734 a
3455 2678 3650 2734 carni-

374 2772 522 2829 voris
567 2774 794 2845 avibus,
861 2778 1059 2849 partim
1124 2793 1155 2834 a
1201 2781 1414 2849 bestiis,
1443 2781 1643 2852 partim
1677 2796 1709 2836 a
1731 2781 2017 2839 vermibus
2050 2783 2415 2853 consumptis,
2448 2781 2638 2838 eadem
2670 2779 3028 2835 nihilominus
3058 2774 3322 2832 restituit.

444 2863 655 2924 LXXII.
689 2866 825 2924 Nam
851 2870 1043 2942 siquas
1062 2871 1200 2927 nihil
1225 2882 1402 2940 erant,
1427 2874 1637 2945 aliquid
1662 2884 1723 2931 ut
1744 2885 1949 2941 essent,

2127 2878 2247 2933 OB'.
2275 2877 2340 2930 Εἰ
2368 2876 2479 2948 γάρ
2508 2874 2576 2929 τὰ
2606 2873 2668 2939 ἐξ
2700 2874 2801 2927 οὐκ
2822 2872 2990 2926 ὅντων
3006 2869 3261 2939 ἐποίησεν
3284 2868 3364 2930 εἰς
3390 2863 3457 2919 τδ
3489 2859 3650 2926 εἶναι,

274 2960 277 2967 ’
376 2958 686 3031 perfecerit,
716 2969 926 3033 quanto
953 2962 1005 3018 id
1026 2964 1174 3036 quod
1202 2964 1312 3037 jam
1339 2966 1560 3025 exsistit
1589 2968 1866 3041 prOpriam
1900 2969 1957 3024 in

377 3058 631 3107 naturam
662 3053 1145 3129 conditionemque
1177 3054 1396 3114 facilius
1429 3058 1790 3124 instaurabit,
1820 3067 1881 3115 nt
1905 3067 1959 3115 et

376 3150 589 3200 rectum
639 3144 909 3215 judicium
957 3148 1229 3215 instituat,
1273 3159 1328 3206 et
1360 3151 1593 3207 alterum
1642 3166 1743 3223 pro
1785 3151 1959 3209 altero

378 3249 488 3289 non
516 3236 873 3304 condemnet,
915 3241 1139 3310 etquod
1176 3240 1363 3298 labore
1402 3242 1689 3313 fatigatum
1734 3253 1821 3299 est
1858 3257 1959 3298 sua

381 3326 629 3383 mercede
667 3343 776 3383 non
815 3330 1026 3399 privet?
1051 3332 1265 3390 Etenim
1315 3335 1363 3390 si
1396 3335 1463 3390 ad
1496 3334 1669 3390 solam
1721 3336 1959 3390 animam

382 3415 616 3482 fructus,
652 3427 707 3473 et
748 3419 990 3475 caelestis
1022 3423 1175 3495 regni
1219 3425 1499 3493 possessio
1541 3425 1798 3494 pertinet,
1827 3439 1961 3483 sane

379 3522 582 3578 corpus
605 3509 672 3564 iis
688 3510 963 3577 omnibus,
985 3528 1108 3584 quae
1134 3515 1513 3586 concupiverit
1540 3513 1794 3583 fruatur;
1834 3531 1961 3572 ver-

382 3606 535 3657 setur
578 3602 632 3656 in
675 3601 886 3660 deliciis
931 3604 1189 3675 Gedeon;
1245 3622 1423 3680 neque
1468 3606 1674 3663 frustra
1720 3606 1961 3664 Joannes

382 3693 567 3750 labore
585 3709 644 3751 se
659 3696 888 3763 cruciet,
911 3705 1169 3754 contexto
1188 3715 1255 3755 ex
1275 3700 1609 3756 camelorum
1632 3700 1760 3773 pilis
1781 3701 1963 3758 cilicio

379 3787 614 3846 vestitus
636 3787 658 3818 ⁸
693 3803 706 3841 :
740 3803 916 3860 neque
954 3790 1011 3845 in
1058 3790 1381 3849 solitudines
1412 3792 1585 3848 abditi
1616 3807 1837 3848 carnem
1869 3807 1964 3848 no-

382 3885 554 3933 stram
590 3878 946 3950 suggillemus
968 3883 989 3912 "
1006 3922 1021 3949 ,
1056 3897 1233 3953 neque
1259 3897 1489 3954 corpora
1508 3883 1670 3957 603
1692 3883 1964 3941 castitatis

381 3971 774 4029 exercitatione
812 3972 1123 4032 domemus.
1161 3973 1260 4030 Sin
1306 3986 1492 4047 autem
1537 3976 1784 4035 omnium
1836 3977 1963 4034 vitae

384 4062 781 4133 institutorum,
810 4063 858 4122 si
875 4067 1235 4134 castimoniae,
1261 4068 1308 4124 si
1325 4067 1543 4138 jejunii,
1567 4068 1615 4125 si
1638 4077 1963 4124 ceterarum

384 4155 650 4213 virtutum
667 4173 868 4229 corpus
884 4166 966 4216 est
983 4161 1278 4230 particeps,
1300 4177 1402 4214 non
1415 4160 1645 4228 iniustus
1656 4170 1735 4218 est
1760 4159 1900 4217 Deus
1918 4161 1961 4227 ³,

2067 2970 2221 3041 πόσῳ
2251 2984 2316 3038 γε
2339 2966 2539 3039 μᾶλλον
2563 2967 2626 3021 τδ
2651 2965 2713 3021 ὃν
2738 2966 2817 3030 εἰς
2845 2964 2945 3034 τὴν
2975 2963 3111 3017 ἰδίαν
3136 2960 3478 3015 κατάστασιν
3497 2957 3656 3026 εὐχε-

2068 3062 2180 3133 ρῶς
2229 3060 2758 3130 ἀποκαταστήσειεν,
2820 3057 2908 3110 ἵνα
2959 3054 3174 3109 δικαίαν
3222 3051 3382 3125 ὁρίσῃ
3435 3043 3652 3119 κρίσιν·

2067 3154 2152 3209 ἵνα
2172 3152 2254 3225 μὴ
2291 3152 2475 3224 ἕτερον
2504 3149 2620 3205 ἀνθ’
2636 3148 2826 3222 ἐτέρου
2857 3146 3019 3220 κρίνῃ
3037 3163 3050 3176 ο
3082 3146 3170 3207 ἵνα
3192 3143 3268 3216 μὴ
3298 3139 3655 3212 ἀποστερήσῃ

2065 3243 2127 3298 τὸ
2146 3242 2357 3314 καμόν;
2386 3243 2451 3295 Εἰ
2474 3241 2583 3314 γὰρ
2607 3240 2785 3311 ψυχῆς
2826 3239 2860 3309 ἡ
2904 3236 3226 3298 ἀπόλαυσις,
3254 3232 3352 3297 καὶ
3377 3228 3659 3301 βασιλείας

2066 3335 2314 3406 οὐρανῶν
2340 3333 2691 3406 κληρονομία,
2724 3329 3041 3404 μετασχέτω
3058 3327 3119 3381 τὸ
3140 3324 3299 3396 σῶμα
3318 3323 3347 3377 ὃ
3378 3321 3657 3394 βούλεταιο

2066 3428 2426 3500 τρυφάτωσαν
2457 3427 2508 3481 oi.
2544 3426 2673 3497 περὶ
2698 3424 2790 3477 τὸν
2808 3419 3011 3476 Γεδεών
3032 3438 3046 3453 ο
3078 3419 3155 3490 μὴ
3183 3417 3361 3489 μάτην
3397 3413 3663 3484 καμνέτω

2080 3520 2333 3591 Ἰωάννης
2381 3519 2453 3573 ὲκ
2480 3516 2743 3589 καμήλων
2793 3514 2931 3585 ἔχων
2969 3511 3030 3565 τὸ
3072 3511 3308 3580 ἔνδυμα*
3336 3505 3414 3578 μὴ
3434 3506 3494 3558 ὲν
3525 3504 3665 3556 ἀνα-

2070 3614 2311 3686 χωρήσει
2344 3610 2445 3683 τὴν
2500 3610 2679 3680 σάρκα
2724 3604 3168 3674 ὐπωπιάσωμεν·
3213 3599 3290 3671 μὴ
3316 3596 3388 3651 τά
3424 3594 3666 3686 σώμιιτα

2070 3683 2227 3777 ημῶν
2252 3700 2587 3773 δαμάσωμεν
2608 3700 2676 3770 τῇ
2697 3696 2911 3767 ἁγνεία.
2938 3694 3001 3747 Εἰ
3027 3692 3071 3746 δ’
3101 3690 3210 3763 ἀρα
3230 3683 3667 3777 κοινωνεῖ

2070 3776 2130 3850 ἐν
2153 3792 2468 3858 πολιτείαις,
2505 3795 2563 3845 ὲν
2589 3789 2801 3860 ἀγνείᾳ,
2831 3790 2887 3842 ὲν
2916 3784 3141 3858 νηστείᾳ
3189 3782 3286 3837 καὶ
3317 3781 3435 3841 ταῖς
3465 3776 3669 3839 ἄλλαις

2069 3889 2312 3959 ἀρεταῖς,
2339 3887 2450 3940 οὐκ
2470 3882 2677 3950 ἄδικος
2700 3883 2732 3936 ὁ
2763 3879 2908 3945 Θεὸς
2929 3877 3251 3948 ἀποστερεῖν
3284 3874 3375 3926 τὸν
3407 3870 3672 3939 κάματον

2070 3979 2164 4033 τοῦ
2188 3977 2549 4050 κεκμηκότος,
2582 3976 2676 4029 καὶ
2702 3972 2776 4046 μὴ
2801 3973 3058 4026 ἀποτῖσαι
3094 3968 3195 4040 τὴν
3230 3959 3673 4039 μισθαποδοσίαν

2070 4072 2150 4145 τῷ
2178 4071 2296 4145 ἀμα
2322 4073 2390 4142 τῇ
2429 4069 2574 4141 ψυχῇ
2610 4065 2917 4139 κεκμηκότι
2949 4062 3187 4133 σώματι.
3215 4056 3394 4120 Εὐθὺς
3421 4055 3537 4126 γάρ
3582 4054 3677 4107 εὖ·

2076 4165 2367 4239 ρεθήσεται
2398 4161 2543 4234 ἀργὴ
2594 4163 2631 4233 ἡ
2676 4159 2883 4232 κρίσις·
2912 4156 2961 4210 εἰ
2991 4154 3151 4226 γάρή
3181 4150 3331 4223 ψυχὴ
3373 4148 3674 4220 μοικυτάτη

390 4256 449 4302 ιιι
474 4248 546 4315 ei,
572 4250 667 4320 qui
694 4249 1043 4319 laboraverit,
1074 4251 1280 4308 laboris
1311 4254 1621 4308 mercedem
1651 4253 1949 4322 subtrahat,

2070 4233 2447 4330 εὑρεθήσεται,
2503 4233 2799 4317 ἀντιλέξειε
2869 4245 3346 4336 κρινομένη,ῗὸιιτιΔ
3392 4241 3513 4336 θίικ
3568 4238 3678 4336 an:

388 4338 737 4409 corporique,
760 4340 1050 4409 quod‘cum
1069 4342 1249 4396 anima
1270 4343 1631 4398 communiter
1650 4344 1705 4398 in
1725 4344 1949 4399 laboren

2073 4347 2205 4419 ἐμοῦ
2254 4346 2317 4400 τὸ
2360 4344 2534 4400 αίτρον
2562 4343 2663 4413 τῆς
2694 4338 2991 4413 ἁμαρτίας,
3025 4336 3161 4390 ἀλλά
3199 4335 3295 4388 ἀπ’
3330 4330 3546 4384 ἐκείνου
3572 4330 3676 4380 τοῦ

401 4431 737 4498 incubuerit,
766 4433 975 4489 nullum
1014 4432 1299 4504 praemium
1332 4436 1629 4505 persolvat.
1664 4435 1781 4492 Hoc
1821 4438 1949 4493 enin

2076 4438 2342 4511 φθαρτοῦ,
2372 4436 2469 4492 καὶ
2496 4436 2683 4506 γηῒνου
2713 4431 2985 4504 σώματος,
3019 4428 3082 4481 τὸ
3106 4424 3413 4499 πορνεύειν,
3449 4419 3517 4475 τὸ
3548 4436 3679 4490 μοι·

392 4526 594 4598 posito,
626 4526 787 4582 inane
808 4541 872 4583 ac
886 4516 1353 4599 supervacaneum
1382 4528 1488 4584 erit
1507 4527 1799 4598 judicium.
1833 4527 1949 4583 Nan

2077 4532 2278 4605 χεύειν,
2312 4530 2372 4583 τὸ
2404 4527 2764 4597 ἀσελγαίνειν.
2796 4523 2974 4589 Ἐξότε
2991 4520 3101 4593 γάρ
3122 4521 3219 4574 ἀπ’
3249 4514 3387 4589 ὲμοῦ
3423 4512 3677 4605 ἀπέστη,

396 4620 440 4672 si
463 4619 579 4675 sola
605 4618 869 4675 duntaxat
890 4622 1073 4675 anima
1093 4621 1407 4686 sisteretur,
1426 4620 1668 4691 objicere
1690 4620 1743 4675 in
1763 4619 1949 4691 judicit

2078 4602 2231 4679 οὐδέν
2291 4639 2383 4695 μοι
2437 4620 2643 4675 τούτων
2672 4618 3006 4689 πέπρακται.
3066 4613 3178 4666 Καὶ
3212 4609 3366 4663 ἔσται
3400 4602 3681 4695 εὐαπολοῗ

397 4720 626 4781 posset:
658 4710 776 4767 Non
819 4729 848 4768 a
885 4730 972 4771 me
1024 4724 1310 4784 peccatum
1356 4723 1623 4771 exortum‘
1648 4722 1762 4779 est,
1805 4713 1900 4771 sed
1943 4730 1949 4765 ε

2084 4731 2269 4786 γητος,
2293 4691 2395 4768 *καὶ
2419 4708 2775 4781 παραλύουσα
2808 4707 2908 4778 τὴν
2942 4703 3037 4758 τοῦ
3085 4701 3219 4756 Θεοῦ
3255 4698 3464 4770 κρίσιν.
3505 4696 3575 4747 Εἰ
3620 4691 3683 4745 δὲ

396 4806 739 4878 corruptibili
774 4809 868 4865 illo
893 4816 1224 4881 terrenoque
1249 4825 1481 4882 corpore
1518 4818 1791 4882 stuprum,
1821 4808 1948 4864 adul

2086 4809 2180 4863 καὶ
2202 4808 2265 4863 τὸ
2292 4807 2450 4878 σῶμα
2477 4805 2599 4861 καθ’
2626 4804 2787 4858 ἑαυτὸ
2812 4799 3012 4870 ἀγάγοι
3039 4800 3068 4852 ὁ
3095 4795 3227 4858 Θεός
3243 4810 3257 4824 ο
3284 4792 3515 4847 δύναται
3535 4787 3683 4882 γάρ,

397 4896 595 4952 terinm
649 4912 713 4953 ac
772 4899 1028 4959 libidines
1081 4878 1534 4972 profectas-sunt.
1585 4878 1722 4956 Nam
1755 4917 1823 4956 ex
1864 4917 1949 4972 qui

2082 4901 2157 4966 ὡς
2187 4901 2282 4954 καί⁵
2308 4901 2430 4955 ἄνων
2455 4917 2544 4970 μοι
2577 4896 2667 4951 διά
2692 4894 2787 4950 τοῦ
2826 4891 3091 4963 Ἰεζεκιὴλ
3131 4886 3451 4958 δεδήλωται,
3487 4882 3539 4934 εἰ
3577 4878 3688 4933 καὶ
3782 4964 3783 4975 γ

399 4993 644 5063 tempore
668 5003 696 5042 a
729 5004 814 5046 me
843 4990 1150 5062 seiunctum
1175 5001 1283 5056 cst,
1315 4993 1457 5050 nihil
1485 5001 1570 5049 est
1599 4993 1797 5048 borum
1826 5008 1948 5048 com

2082 4991 2169 5046 διά
2195 4991 2506 5064 παραϐολὴν
2529 4990 2589 5043 τὺ
2620 4988 2779 5060 ἔργον
2809 4985 3122 5056 γεγένηται.

400 5079 654 5139 missum.
689 5078 932 5138 Honesta
965 5096 1098 5139 sane
1130 5083 1432 5140 excusandi
1480 5084 1567 5140 sui
1602 5084 1744 5139 ratio
1766 5123 1781 5147 ,
1824 5091 1880 5138 et
1909 5082 1978 5138 ad
2005 5081 2382 5153 Deijudicinm
2405 5081 2757 5140 evertendum
2780 5076 2997 5133 idonea.
3023 5076 3095 5128 At
3114 5072 3163 5129 si
3214 5082 3422 5138 corpus
3484 5066 3686 5137 ipsum

400 5185 618 5244 quoque
657 5171 800 5230 Deus
827 5170 1180 5244 produxerit,
1232 5174 1336 5228 hoc
1367 5173 1514 5229 enim
1576 5174 1756 5230 facere
1789 5182 1997 5244 potest,
2064 5184 2133 5229 ut
2177 5191 2243 5231 ex
2291 5174 2578 5231 Ezechiele
2626 5187 2795 5244 supra
2846 5165 3386 5227 demonstravimus,
3440 5159 3682 5217 tametsi

405 5265 573 5338 ﬁgura
596 5265 830 5338 quadam
851 5280 917 5322 ac
934 5266 1297 5323 similitudine
1317 5275 1432 5322 tum
1453 5267 1507 5321 id
1524 5281 1663 5338 opus
1687 5267 1989 5338 perfectum
2030 5267 2213 5323 fuerit.

479 5382 501 5465 ξ
529 5383 693 5465 ξιον.
740 5398 890 5465 xxiv,
1069 5382 1105 5465 ν’
1138 5379 1272 5465 ibid.
1301 5449 1324 5465 ⁸
1347 5381 1369 5412 ³
1399 5380 1533 5465 ibid;
1606 5381 1627 5413 ⁸
1654 5379 1813 5465 Joan:
1848 5398 1910 5465 ιι,

2073 5385 2137 5465 n'
2171 5382 2273 5465 lsa.
2309 5400 2395 5449 XL,
2425 5384 2515 5439 28.
2596 5384 2617 5415 ⁶
2647 5381 2835 5465 blattb.
2898 5394 2983 5444 ιιι,
3013 5379 3069 5433 6.
3142 5379 3166 5412 τ
3200 5375 3216 5429 Ι
3263 5373 3394 5429 Cor.
3435 5388 3518 5436 Ix,
3579 5370 3684 5425 27.

406 5450 429 5481 ⁸
459 5449 621 5507 Hebr.
651 5466 728 5516 vr,
763 5451 848 5507 10.
920 5453 942 5483 ⁹
973 5451 1033 5506 F.
1067 5450 1147 5505 ἔτι
1179 5449 1650 5521 οἰκοδομουμένου,
1679 5464 1733 5507 et
1756 5452 1925 5523 αὐτῷ.

2072 5452 2134 5508 F.
2175 5455 2304 5509 τῶν.

409 5537 623 5617 tionem.
645 5539 1086 5617 accommodata;
1110 5554 1231 5600 nam
1266 5537 1490 5617 Hebraea
1528 5540 1732 5617 nullam
1768 5550 1990 5598 scnten-
2099 5547 2277 5617 piens,
2297 5552 2355 5600 ιιι
2379 5543 2598 5602 rusticae
2618 5545 2693 5601 rei
2707 5555 2759 5601 et
2780 5543 3126 5617 agriculturae
3148 5537 3382 5609 diligens
3399 5533 3690 5591 habeatur

409 5606 500 5662 tia
549 5605 695 5683 illius
737 5611 1190 5673 signiﬁcationem
1232 5610 1543 5679 praeluxi-unt.
1616 5610 1874 5667 llortatur
1902 5629 1949 5670 sa

2098 5605 2258 5669 ratio.
