3794 6152
148 253 274 350 iis:

805 292 1175 349 ADVERSUS
1212 294 1552 350 ILERESI‘IS
1586 296 1709 350 LIB.
1754 297 1819 350 ll.
1863 297 2025 352 ΤΟΜ.
2068 299 2106 352 l.
2145 329 2208 338 —
2238 296 2508 355 ll/ERES.
2537 295 2730 356 LXIV.

3261 302 3281 348 1
3300 296 3396 349 193

230 413 384 467 Ἀλλά
411 411 472 466 τὸ
507 407 646 476 εἶδος
679 413 760 477 εἰς
789 414 1124 486 ἀλληγορίαν
1152 415 1249 484 τῆς
1287 415 1406 468 τότε
1437 416 1712 488 παραϐου-

1940 433 2093 472 erum
2127 419 2194 472 ad
2233 421 2547 483 veritatem,
2578 411 2707 488 qute‘
2739 423 2873 470 tunc
2921 415 3280 470 similitudine
3306 415 3396 468 illa

148 506 428 576 λευθείσης
456 508 469 537 ³
497 505 754 576 ἀληθείας
790 506 1102 578 ἐτελειώθη,
1138 507 1216 571 ὼς
1254 507 1492 578 συνήχθη
1534 507 1719 560 ὀστέον

141 599 282 670 ’πρὸς
309 598 517 662 ὀστέον,
544 599 638 654 καὶ
667 600 904 680 ἁρμονία
935 600 1070 672 πρὸς
1095 601 1381 672 ἁρμονίαν,
1414 601 1509 654 καὶ
1539 600 1720 672 ξηρῶν

147 687 311 742 ὅντων
348 688 456 741 τῶν
499 688 724 754 ὀστέων,
773 689 867 742 καὶ
916 688 1127 741 οὐδέπω
1155 689 1353 758 ψυχῆς,
1394 690 1515 742 οὐδὲ
1559 687 1720 741 πνεύ-

153 797 320 850 ματος
345 781 440 833 τοῦ
471 779 745 844 κινοῦντος
779 781 837 834 ὲν
881 780 1064 842 αὐτοῖς
1092 780 1266 844 ὄντος.
1301 781 1413 834 Καὶ
1453 779 1614 843 εὐθὺς
1651 780 1724 834 τὰ

150 870 391 941 σώματα
427 871 690 942 συνήχθη,
722 871 983 926 καὶκατὰ
1007 869 1098 924 τὸν
1131 871 1225 924 τοῦ
1251 873 1533 943 προφήτου
1566 870 1724 939 λόγον

149 961 497 1030 ἐστερεὼϐη.
533 963 643 1016 Καὶ
688 964 736 1014 εί
781 961 923 1014 θέλει
956 961 1109 1026 Θεὸς,
1157 962 1382 1025 δυνατός
1409 964 1526 1014 ὲστι
1565 959 1724 1013 τοῦτο

148 1053 367 1123 ποιῆσαι
392 1053 520 1106 ἀνευ
547 1051 746 1121 ψυχῆς,
763 1051 1018 1124 παρεῖναί
1039 1068 1098 1104 τε
1119 1051 1212 1104 καὶ
1233 1049 1518 1112 κινεῖσθαι,
1534 1049 1610 1112 ὡς
1627 1049 1723 1102 καὶ

147 1143 210 1196 τὸ
235 1143 329 1196 τοῦ
357 1143 518 1196 ’Ἅϐελ
546 1139 684 1214 αἷμα
710 1143 869 1214 σῶμα
892 1143 950 1196 ὃν
981 1143 1118 1214 μετά
1145 1144 1374 1197 θάνατον
1405 1142 1721 1210 ἐφθέγγετο,

149 1237 240 1288 καί
264 1237 325 1288 ού
356 1235 524 1306 ψυχή.
559 1235 634 1287 Oti
661 1235 770 1306 γάρ
791 1234 935 1304 ψυχή
968 1235 1082 1287 ἐστι
1113 1234 1174 1287 τὸ
1204 1229 1361 1305 αἷμα,
1389 1233 1526 1287 ἀλλὰ
1565 1233 1724 1302 σῶμά

150 1325 266 1376 ἐστι
293 1325 353 1376 τὸ
394 1325 739 1394 φαινόμενον.
783 1324 922 1376 Ἀλλ’
958 1324 1020 1376 οὐ
1068 1323 1358 1394 δυνήσεται
1401 1323 1559 1394 σῶμα
1593 1323 1721 1377 ἄνευ

146 1412 321 1484 ψυχῆς
366 1413 642 1485 κριθῆναι.
691 1411 1011 1478 Ἀντιλέξειε
1054 1413 1163 1484 γὰρ
1208 1413 1300 1465 καὶ
1328 1412 1496 1474 αὐτὸ,
1543 1411 1721 1479 λέγον,

147 1500 229 1552 ὅτι
263 1502 373 1554 Ούκ
427 1500 538 1569 ἐγὼ
597 1501 876 1571 ἥμαρτον,
931 1501 1070 1554 ἀλλὰ
1117 1504 1150 1572 ἡ
1201 1502 1368 1572 ψυχή.
1432 1503 1522 1572 Μὴ
1574 1502 1722 1568 ἐξότε

149 1592 448 1663 ἀπεκινήθη
494 1593 589 1645 ἀπ’
641 1591 808 1662 ἐμοῦ,
850 1592 997 1663 (μὴ)
1044 1594 1366 1664 ὲμοίχευσα;
1429 1595 1504 1665 μὴ
1559 1577 1722 1666 ἐπόρ-

148 1699 346 1747 νευσα;
385 1681 460 1753 μὴ
497 1683 966 1753 είδωλολάτρησα;
1011 1687 1122 1738 Καὶ
1164 1685 1316 1738 ἔσται
1353 1685 1630 1753 ἀντιλέγον
1664 1685 1724 1738 τὸ

1821 507 2184 573 referebatur,
2234 509 2664 565 adumbrandam
2714 506 3021 563 istiusmodi
3068 507 3277 576 species
3317 515 3400 559 est

1823 614 2106 668 expressa.
2135 600 2274 655 Cum
2301 601 2512 656 scilicet
2537 616 2598 655 os
2619 615 2784 654 unum
2812 598 2876 652 ad
2902 599 3153 660 alterum,
3176 604 3228 651 et
3253 613 3403 648 com-
3428 619 3433 630 ι

1822 706 1986 761 pages
2005 690 2070 744 ad
2089 707 2404 762 compagem
2424 691 2829 746 accommodata
2853 696 2936 746 est
2954 691 2995 742 '.
3018 690 3094 741 Ac
3111 703 3232 741 cum
3247 687 3401 740 arida

1823 791 2009 838 essent
2041 797 2205 846 ossa,
2253 797 2352 837 nec
2392 784 2500 836 ulla
2537 781 2714 835 adhuc
2761 782 2975 841 anima,
3012 781 3094 833 vel
3141 779 3401 847 spiritus,

1825 888 1935 943 quo
1965 873 2338 944 agitarentur,
2388 875 2442 929 in
2477 874 2612 944 ipsis
2649 873 2882 936 inesset,
2933 872 3165 926 subinde
3221 879 3401 924 tamen

1826 972 2202 1034 coagmentata
2244 973 2409 1028 sunt,
2444 972 2496 1019 ct
2521 1005 2534 1028 ,
2573 972 2628 1017 ut
2664 964 2924 1034 propheta
2955 962 3229 1032 loquitur,
3277 957 3406 1013 seli-

1823 1053 1955 1106 data
1988 1070 2232 1122 corpora.
2268 1056 2344 1109 Ac
2376 1056 2422 1110 si
2459 1056 2528 1108 ita
2560 1055 2670 1109 Deo
2705 1054 2943 1114 libuerit,
2968 1052 3226 1122 perficere
3259 1050 3403 1104 istud

1825 1153 2026 1214 potest,
2060 1146 2211 1199 nullo
2241 1155 2300 1198 ut
2332 1147 2526 1201 animae
2553 1148 2862 1200 interventu
2888 1144 3172 1214 prodeant,
3198 1159 3259 1195 ac
3285 1157 3407 1195 sese

1825 1243 2234 1289 commoveant.
2281 1235 2590 1296 Nonsecus
2623 1245 2786 1304 atque
2814 1234 2997 1287 Abelis
3027 1232 3250 1302 sanguis
3283 1237 3408 1300 post

1828 1324 2035 1378 obitum
2073 1325 2404 1394 loquebatur
2433 1324 2474 1391 ⁸,
2512 1340 2620 1379 non
2652 1325 2854 1378 anima.
2887 1322 3004 1376 Non
3047 1324 3190 1376 enim
3226 1321 3409 1374 anima

1827 1428 1911 1473 est
1947 1419 2196 1488 sanguis,
2233 1419 2327 1473 sed
2361 1433 2562 1488 corpus
2595 1417 2728 1471 illud
2761 1417 2907 1487 quod
2934 1424 3178 1487 apparet.
3205 1413 3408 1468 Verum

1828 1524 2028 1578 corpus
2075 1509 2193 1564 sine
2237 1510 2418 1562 anima
2465 1508 2699 1576 judicari
2757 1523 2866 1562 non
2914 1515 3116 1578 potest.
3170 1504 3306 1559 Nam
3356 1513 3411 1559 et

1829 1598 2006 1668 ipsum
2041 1600 2337 1662 resisteret,
2365 1607 2418 1653 et
2447 1599 2592 1652 hunc
2620 1599 2672 1652 in
2707 1600 2926 1653 modum
2957 1598 3232 1667 exciperet
3255 1614 3269 1653 :
3291 1594 3408 1648 Non

1829 1705 1930 1760 ego
1967 1690 2208 1760 peccavi,
2247 1690 2342 1745 sed
2389 1692 2589 1744 anima.
2646 1689 2722 1744 Ex
2771 1705 2880 1760 quo
2925 1689 3067 1744 enim
3105 1695 3349 1757 tempore
3379 1701 3410 1738 a

153 1771 307 1842 σῶμα
340 1776 403 1844 τῇ
432 1773 523 1826 τοῦ
565 1773 700 1826 Θεοῦ
741 1775 1131 1846 δικαιοκρισίᾳ,
1163 1777 1258 1830 καὶ
1302 1777 1539 1843 εὐλόγως
1577 1777 1726 1829 ἀντι-

1953 1783 2231 1843 discessit,
2260 1798 2388 1836 num
2419 1782 2770 1844 adulterium,
2797 1798 2929 1836 num
2957 1789 3206 1849 stuprqu
3237 1778 3408 1832 ullum

151 1860 331 1930 λέγον.
368 1863 570 1916 Τούτου
603 1864 763 1917 ἕνεκα
788 1865 989 1929 τοίνυν,
1024 1867 1118 1918 καὶ
1151 1865 1237 1919 διὰ
1267 1866 1438 1918 πολλὰ
1469 1865 1606 1920 ἄλλα
1633 1866 1728 1919 καὶ

151 1953 425 2020 ἀναγκαῖα
454 1955 482 2006 ὁ
526 1953 656 2016 Θεὸς
697 1957 754 2008 ὲν
798 1958 864 2027 τῇ
914 1956 1082 2009 αὑτοῦ
1135 1957 1296 2027 σοφίᾳ
1343 1955 1414 2009 τὰ
1460 1957 1728 2010 τεθνεῶτα

150 2045 304 2116 ἡμῶν
339 2044 567 2114 σώματα
601 2046 695 2098 καὶ
723 2046 822 2109 τὰς
853 2047 1030 2116 ψυχὰς
1066 2048 1146 2110 είς
1174 2046 1596 2115 παλιγγενεσίαν
1627 2047 1726 2115 φέ-

154 2152 233 2205 ρει
263 2138 320 2189 ὲν
346 2138 412 2206 τῇ
442 2136 610 2190 αὑτοῦ
648 2137 937 2207 ὑποσχέσει
963 2138 1061 2207 τῆς
1095 2137 1525 2206 φιλανθρωπίας,
1561 2138 1639 2198 είς
1665 2137 1726 2189 τὸ

98 2217 100 2226 ⁸
148 2226 240 2278 τὸν
293 2227 615 2297 κεκμηκότα
655 2229 710 2281 ὲν
766 2228 1004 2298 ὁσιότητι
1053 2227 1349 2282 ἀπολαϐεῖν
1401 2227 1500 2298 τὴν
1544 2230 1726 2281 πᾶσαν

152 2317 256 2370 ὑπὸ
283 2318 418 2370 Θεοῦ
466 2318 635 2389 καλὴν
681 2320 1037 2374 ἀνταπόδοσιν
1059 2359 1074 2382 ,
1106 2320 1200 2373 καὶ
1240 2320 1367 2384 τοὺς
1417 2319 1488 2372 τὰ
1521 2320 1728 2390 μάταια

150 2409 516 2478 πεποιηκότας
572 2409 834 2474 ὡσαύτως
884 2411 1136 2484 κριθῆναι
1188 2412 1345 2482 σῶμα
1392 2412 1506 2482 ἅμα
1557 2412 1724 2484 ψυχῇ.

151 2502 247 2554 καὶ
282 2500 459 2572 ψυχὴν
493 2502 607 2572 ἅμα
643 2501 877 2574 σώματι.

1826 1874 2064 1928 admisi?
2091 1891 2220 1928 uum
2247 1875 2543 1929 simulacra
2569 1875 2751 1928 colui?
2778 1871 2853 1926 lta
2877 1888 3074 1941 corpus
3101 1871 3410 1940 justissimo

1825 1965 1922 2020 Dei
1947 1967 2182 2035 judicio,
2209 1975 2264 2021 et
2291 1967 2508 2037 quidem
2534 1967 2678 2037 jure,
2710 1965 3069 2020 contradicet.
3107 1963 3316 2029 Quibus
3344 1962 3411 2016 de

1826 2061 2031 2122 causis,
2079 2061 2314 2130 aliisque
2365 2060 2747 2130 compluribus
2791 2075 2854 2114 ac
2899 2057 3227 2114 necessariis
3257 2096 3271 2118 ,
3310 2069 3411 2124 pro

1825 2149 2037 2202 inﬁnita
2063 2166 2161 2204 sua
2189 2152 2459 2220 sapientia
2490 2151 2634 2206 Deus
2668 2162 2914 2206 eiiiortua
2941 2159 3127 2204 nostra
3155 2160 3410 2214 corpora,

1823 2251 1874 2294 et
1901 2242 2112 2296 animas
2132 2258 2326 2296 novam
2346 2243 2410 2298 ad
2430 2243 2836 2312 generationem
2859 2240 3131 2312 perducit,
3149 2236 3410 2309 quemad-

1826 2333 2046 2386 modum
2075 2350 2140 2388 ex
2171 2335 2375 2405 ingenti
2408 2352 2506 2390 sua
2537 2335 2879 2389 humanitate
2914 2333 3186 2404 promisit.
3219 2329 3290 2384 Ut
3315 2331 3407 2400 qui

1826 2421 1881 2477 ivu
1916 2426 2234 2481 sanctitatis
2267 2426 2461 2481 olliciis
2492 2426 2894 2491 elaboraverit,
2933 2425 3194 2480 eximium
3233 2437 3262 2477 a
3302 2421 3411 2475 Deo

1825 2516 2110 2585 premium
2143 2532 2303 2572 omne
2328 2519 2623 2588 percipiat;
2655 2526 2708 2572 et
2732 2532 2966 2588 quorum
2996 2516 3180 2569 inania
3210 2513 3412 2568 fuerint

151 2607 336 2660 opera,
361 2592 589 2661 perinde
613 2592 954 2660 judicentur.
986 2593 1053 2648 Ut
1078 2603 1133 2648 et
1175 2609 1376 2665 corpus
1411 2610 1534 2648 cum
1573 2597 1777 2667 anima,
1812 2609 1868 2657 et
1911 2605 2094 2658 anima
2138 2621 2262 2661 cum
2298 2622 2525 2678 corpore
2557 2607 2605 2662 ei
2639 2623 2698 2662 se
2726 2605 2934 2677 judicio
2958 2606 3272 2674 subjiciaut.

222 2686 339 2740 Ol".
402 2687 560 2740 Ἀλλά
600 2689 825 2758 ἀρκέσει
875 2704 965 2757 μοι
1012 2687 1182 2740 ταῦτα
1230 2689 1367 2758 πρὸς
1407 2688 1496 2741 τὸν
1541 2689 1722 2743 ἐθελό-

155 2793 316 2846 σοφον
373 2778 655 2851 Ὦριγένην
679 2821 694 2845 ,
746 2781 836 2833 τὸν
884 2781 1127 2850 ματαίως
1174 2780 1352 2850 ἑαυτῷ
1407 2780 1726 2852 ἐπιθέμενον

153 2867 323 2938 δνομα
388 2869 778 2939 Ἀδαμάντιον,
829 2871 1092 2943 καὶπρὸς
1130 2871 1228 2942 τὴν
1266 2871 1431 2925 αὑτοῦ
1476 2873 1730 2940 ἀτοπίαν,

1910 2697 2144 2754 LXXIII.
2187 2701 2366 2771 Atque
2412 2703 2524 2756 haec
2572 2702 2836 2755 adversus
2873 2707 3220 2768 arrogantem
3263 2696 3413 2750 illum

1837 2785 2125 2859 Origenem
2174 2789 2319 2868 dicta
2370 2790 2675 2852 sulliciant,
2730 2789 2822 2858 qui
2881 2789 3085 2843 frustra
3107 2785 3418 2841 Adamantii

1835 2881 1937 2935 sibi
1974 2896 2170 2937 nomen
2202 2884 2493 2952 imposuit;
2526 2890 2687 2952 atque
2715 2883 2979 2936 adversus
3005 2880 3151 2934 illius
3184 2877 3422 2932 absurda

154 2959 250 3011 καὶ
298 2959 438 3014 κατὰ
468 2962 572 3031 τῆς
596 2962 875 3032 ἀληθείας,
916 2965 973 3017 ὲν
1016 2964 1230 3027 πολλοῖς
1265 2965 1457 3036 μέρεσι
1503 2965 1603 3035 τῆς
1639 2967 1726 3019 πί-

1934 2982 2088 3040 ;mata
2136 2976 2609 3045 perniciosamque
2652 2971 2989 3038 doctrinam,
3041 2969 3206 3043 60!.
3255 2985 3418 3040 quam

157 3069 326 3116 στεως
368 3054 553 3116 κακῶς
595 3055 1020 3125 ὲπινενοημένην
1064 3055 1308 3127 ὀλέθριον
1367 3057 1732 3112 διδασκαλίαν.

157 3143 450 3214 Παρελθὼν
483 3144 538 3198 δὲ
595 3145 690 3198 καὶ
727 3144 918 3198 τούτου
947 3146 1044 3216 τὴν
1085 3147 1328 3218 αἵρεσιν,
1377 3148 1611 3221 καθεξῆς
1641 3150 1739 3214 τὰς

157 3236 342 3300 ἄλλας,
369 3237 717 3308 ἐπιπόθητοι,
757 3237 1144 3308 διασκέψομαι,
1175 3240 1306 3294 Θεὸν
1347 3242 1592 3311 συνήθως
1618 3245 1740 3295 ἐπι-

157 3328 492 3399 καλούμενος
538 3330 756 3400 ἀρωγὸν
800 3331 900 3400 τῆς
945 3330 1105 3400 ἡμῶν
1155 3331 1429 3396 ἰδιωτίας,
1485 3335 1621 3404 πρὸς
1678 3335 1740 3388 τὸ

157 3418 450 3490 δυνηθῆναι
476 3422 747 3491 ἀντισχεῖν
782 3423 918 3494 πρὸς
957 3424 1136 3477 πᾶσαν
1168 3424 1310 3478 κατά
1350 3427 1448 3496 τῆς
1483 3428 1742 3499 ἀληθείας

158 3511 584 3583 ἑπεγειρομένην
606 3513 790 3582 φωνὴν
818 3514 1072 3584 ματαίαν,
1104 3517 1196 3568 καὶ
1218 3519 1472 3588 ἡττῆσαι,
1509 3521 1650 3574 κατὰ
1676 3523 1744 3577 τὰ

161 3606 266 3661 ὑπὸ
301 3607 394 3659 τοῦ
427 3607 583 3676 ἁγίου
627 3609 846 3662 Ἡσαΐου
879 3609 1142 3680 ρηθέντα,
1178 3611 1262 3664 ὅτι
1295 3609 1470 3666 Πᾶσα
1503 3611 1670 3680 φωνὴ
1704 3611 1742 3680 ἢ

157 3701 647 3771 ἐπαναστήσεται
669 3704 766 3757 ἐπὶ
791 3706 886 3770 σὲ,
915 3705 1147 3769 πάντας
1173 3704 1396 3769 αὐτοὺς
1425 3703 1710 3772 ήττήσεις
1729 3722 1742 3735 ο

161 3796 217 3848 οἱ
245 3793 314 3848 δὲ
347 3795 549 3864 ἔνοχοι
589 3796 833 3850 ἔσονται
875 3798 944 3850 ἐν
977 3796 1132 3864 αὺτῇ
1159 3813 1170 3825 ·
1215 3797 1279 3848 ἵν’
1309 3795 1481 3859 οὕτως
1525 3800 1582 3851 ὲν
1627 3797 1746 3869 Θεῷ

162 3885 227 3938 τὸ
260 3886 586 3956 ἐπάγγελμα
613 3886 1068 3957 θτεραιωσάμενοι
1100 3887 1213 3949 τοῖς
1243 3885 1588 3956 βουλομένοις
1626 3903 1748 3940 νου-

162 3978 337 4048 νεχῶς
392 3978 774 4048 ἐντυγχάνειν,
831 3981 910 4039 εἰς
975 3978 1284 4048 γυμνασίαν
1335 3975 1596 4048 ἀληθείας
1654 3978 1748 4032 καὶ

163 4071 463 4143 φάρμακον
493 4070 717 4134 ίάσεως,
759 4071 888 4141 περὶ
923 4069 1155 4123 ἑκάστου
1186 4069 1352 4140 θηρὸς
1400 4071 1495 4124 καὶ
1542 4069 1746 4124 ίοὸόλου

163 4161 422 4236 ἑρπετοῦ,
451 4162 561 4217 τῶν
600 4161 910 4235 προσώπων
943 4161 1051 4215 τῶν
1077 4161 1360 4235 αἱρέσεων,
1395 4162 1559 4234 φημὶ,
1593 4162 1750 4235 δίκην

166 4255 465 4321 ἀντιδότου,
501 4256 594 4308 καὶ
628 4253 859 4324 ταυτησὶ
891 4255 991 4326 τῆς
1024 4253 1132 4307 τῶν
1174 4243 1588 4326 Ὦριγενιαστῶν
1614 4256 1751 4329 φρύ-

1840 3079 2028 3120 contra
2064 3068 2347 3121 veritatem
2396 3068 2582 3122 multis
2635 3067 2690 3121 in
2743 3066 2867 3120 ﬁdei
2921 3073 3122 3120 nostra:
3171 3063 3423 3133 partibus

1841 3157 2189 3226 excogitavit.
2235 3155 2394 3211 Nunc
2436 3157 2583 3212 illius
2618 3156 2813 3212 haeresi
2849 3155 3238 3225 praetermissa,
3271 3151 3428 3207 dein-

1841 3263 1971 3316 ceps
1999 3264 2106 3310 me,
2141 3249 2477 3314 charissimi,
2510 3247 2576 3302 ad
2614 3248 2750 3303 alias
2780 3245 3210 3302 considerandas
3243 3252 3426 3299 trans-

1844 3333 2046 3404 feram;
2071 3354 2100 3392 a
2121 3337 2231 3394 Deo
2246 3355 2342 3410 pro
2359 3355 2508 3395 more
2533 3339 2837 3410 postulans,
2857 3336 3140 3392 tenuitatis
3160 3344 3216 3389 ut
3232 3346 3436 3391 nostra:

1845 3429 2064 3499 adjutor
2081 3446 2204 3486 esse
2221 3433 2368 3496 velit,
2392 3441 2450 3484 ut
2472 3431 2736 3485 adversus
2756 3431 2971 3502 inanem
2988 3438 3174 3482 vocem
3193 3441 3432 3491 omnem,

1846 3538 1968 3592 quae
2006 3532 2202 3578 contra
2233 3525 2516 3578 veritatem
2550 3521 2808 3592 insurgit,
2843 3520 3120 3582 resistere,
3167 3534 3232 3573 ac
3260 3519 3434 3574 victo-

1848 3614 1984 3666 riam
2029 3613 2281 3668 obtinere
2324 3613 2623 3682 possimus,
2662 3620 2721 3665 ut
2755 3611 2924 3666 Isaias
2953 3611 3218 3680 propheta
3253 3611 3385 3665 dicit
3421 3631 3435 3667 :

1851 3703 2037 3758 Omnis
2069 3717 2186 3764 vox,
2216 3718 2332 3771 qua:
2363 3703 2599 3771 insurget
2629 3709 2817 3753 contra
2843 3707 2914 3761 te,
2940 3715 3116 3752 omnes
3144 3698 3264 3752 illos
3286 3715 3440 3767 supe-

1848 3794 2026 3859 rabis;
2049 3794 2102 3846 Ιιὶ
2123 3803 2297 3846 autem
2317 3794 2393 3846 rei
2414 3802 2570 3845 erunt
2595 3793 2648 3844 in
2672 3792 2770 3845 illa
2794 3778 2833 3845 ⁵.
2867 3789 2937 3845 Ut
2965 3805 3090 3845 cum
3119 3789 3210 3842 Dei
3236 3791 3440 3844 auxilio

1850 3886 1994 3956 quod
2020 3887 2411 3957 proposuimus
2440 3882 2707 3948 exsecuti,
2746 3882 2798 3936 in
2833 3896 3023 3935 eorum
3060 3882 3314 3950 gratiam,
3345 3881 3441 3951 qui

1851 3980 2129 4050 sapienter
2159 3978 2275 4033 hac
2309 3985 2500 4032 nostra
2544 3977 2726 4045 legere
2755 3974 3058 4035 voluerint,
3092 3972 3161 4026 ad
3200 3973 3444 4028 illustra-

1851 4072 2056 4125 tionem
2113 4067 2400 4131 veritatis,
2459 4075 2507 4122 et
2565 4066 2806 4122 salutare
2869 4064 3142 4134 quoddam
3202 4061 3444 4118 medica-

1854 4168 2124 4226 mentum,
2159 4158 2304 4230 quod
2334 4157 2560 4213 antidoti
2591 4157 2663 4213 sit
2697 4155 2903 4220 instar,
2944 4155 3212 4210 adversus
3247 4156 3443 4210 unius-

1854 4255 2124 4325 cujusque
2145 4253 2442 4324 serpentis,
2468 4267 2532 4308 ac
2552 4249 3043 4320 venenati-reptilis
3067 4249 3318 4314 insidias,
3341 4249 3446 4303 hoc

165 4366 260 4402 νου
288 4348 443 4419 δίκην
480 4345 921 4420 μεμορφωμένης
961 4348 1026 4400 ὲκ
1056 4346 1257 4409 νοτίδος
1300 4346 1502 4418 πολλῆς
1540 4349 1726 4403 κυκῶν

1934 4347 2141 4402 ηνπίεε
2177 4347 2454 4400 haereseon
2509 4343 2744 4406 formas,
2788 4350 2843 4397 et
2887 4341 3054 4410 hujus
3103 4340 3447 4412 Origenia‘na:

167 4456 283 4504 τος,
317 4439 414 4492 καὶ
449 4440 600 4509 φωνῇ
647 4435 856 4508 μείζονι
903 4434 1435 4507 ὲπικραυγάζοντος,
1463 4437 1726 4508 λαϐόμενα

1934 4440 2220 4500 lissimum,
2265 4453 2388 4509 qua:
2425 4437 2600 4493 instar
2643 4436 2850 4492 rubetae
2887 4436 3059 4491 multo
3104 4451 3171 4490 ex
3217 4435 3450 4489 humore

167 4529 270 4600 τὴν
320 4528 412 4582 τοῦ
459 4529 664 4600 Κυρίου
714 4528 1010 4582 ἀνάστασιν
1064 4528 1392 4598 προπότιον,
1438 4527 1513 4593 ὡς
1545 4532 1750 4593 εἰπεῖν,

165 4621 568 4692 ἀποδλύσωμεν
615 4621 676 4674 τὸ
723 4619 1055 4691 γλισχρῶδες
1105 4619 1198 4672 τοῦ
1240 4620 1319 4673 ίοῦ
1363 4620 1456 4674 τοῦ
1507 4622 1708 4695 φρύνου
1735 4662 1751 4686 ,

1855 4533 2099 4586 formatae
2152 4531 2346 4587 miscet
2401 4531 2605 4594 omnia,
2670 4543 2736 4583 ac
2768 4527 2963 4597 majori
3015 4528 3260 4582 clamore
3316 4542 3451 4580 cou-

1855 4621 2050 4685 teudit,
2081 4621 2286 4676 Christi
2339 4620 2553 4675 Domini
2590 4619 2998 4673 resurrectione
3036 4624 3274 4687 sumpta,
3306 4617 3451 4672 velut

170 4711 272 4765 καὶ
317 4711 656 4782 έρπετώδους
701 4710 974 4782 μοχθηροῦ
1014 4710 1112 4781 τὴν
1150 4711 1380 4765 ἀδικίαν.
1431 4714 1725 4785 Συμϐέδηκ

1934 4713 2085 4767 tione
2121 4711 2357 4781 quadam
2405 4710 2471 4764 ad
2515 4709 2932 4780 praecavendum
2981 4713 3192 4775 parata,
3243 4705 3449 4759 lentum

171 4801 283 4873 γάρ
314 4800 466 4871 αὐτῷ
498 4801 593 4853 καὶ
635 4801 794 4854 τοῦτο
833 4801 970 4872 μετά
1010 4802 1229 4856 πάντων
1263 4803 1372 4855 τῶν
1410 4804 1618 4860 παθῶν.
1663 4807 1749 4871 Ὠς

169 4893 319 4964 ὑπὲρ
351 4893 515 4946 αὑτοῦ
572 4893 766 4962 πάσχω
807 4893 900 4944 καὶ
951 4891 1212 4958 στενάζω.
1258 4895 1381 4948 Ὀτι
1409 4895 1554 4966 οἶμοι
1586 4898 1598 4951 l
1637 4897 1758 4963 πῶς

169 4985 450 5057 ἐϐλάϐης
487 4984 686 5047 πόσους
717 5001 776 5036 τε
819 4984 1008 5047 ἄλλους
1034 4985 1296 5056 ἔϐλαψας,
1328 4986 1404 5050 ὡς
1439 4988 1547 5041 ὑπὸ
1576 4989 1758 5062 δεινῆς

169 5077 390 5148 ἐχίδνης
409 5075 626 5148 δηχθεὶς
648 5076 756 5129 ἀπὸ
778 5074 878 5145 τῆς
899 5078 1169 5149 κοσμικῆς
1188 5078 1566 5150 προπαιδείας,
1591 5083 1756 5153 φημὶ,

171 5171 272 5225 καὶ
297 5169 478 5232 ἄλλοις
499 5169 823 5240 δηλητήριον
853 5168 1113 5236 γέγονας;

1871 4819 1937 4858 ac
1995 4804 2267 4858 viscosum
2294 4801 2449 4857 virus
2503 4815 2868 4871 exspuamus,
2928 4799 3190 4854 nimirum
3245 4797 3454 4852 rubetaa

1869 4895 2016 4950 illius
2059 4909 2123 4948 ac
2156 4894 2427 4963 serpentis
2456 4891 2780 4962 nequissimi
2808 4890 3125 4960 perniciem.
3156 4887 3270 4943 Hoc
3303 4887 3451 4942 enim

1865 4985 1984 5057 ipse
2010 4987 2078 5040 ad
2108 4986 2244 5041 alias
2263 4985 2607 5041 calamitates
2633 4984 2890 5039 accessit.
2925 4981 3075 5036 Unde
3107 4982 3254 5037 illius
3281 4995 3452 5038 causa

1864 5081 2022 5136 doleo
2046 5095 2111 5134 ac
2131 5080 2483 5135 vehementer
2511 5078 2828 5149 ingemisco.
2857 5076 2952 5133 Hei
2980 5077 3111 5131 mihi
3135 5077 3148 5130 ι
3171 5075 3448 5146 quomodo

1864 5175 2030 5230 laesus
2068 5174 2184 5244 ipse
2211 5174 2335 5228 illos
2363 5173 2654 5242 plerosque
2679 5170 2891 5236 laesisti,
2920 5178 3083 5240 atque
3109 5170 3178 5224 ab
3205 5167 3449 5224 externis

173 5263 371 5319 mundi
399 5263 562 5331 hujus
593 5261 920 5330 disciplinis,
958 5261 1116 5331 quasi
1143 5262 1210 5316 ab
1237 5263 1487 5317 horribili
1523 5262 1756 5334 quadam
1794 5265 1982 5336 vipera
2049 5280 2287 5332 morsus,
2321 5263 2538 5319 caeteris
2570 5263 2764 5319 veneni
2801 5263 2976 5318 instar
3029 5278 3090 5318 es
3121 5261 3368 5330 factust,

247 5355 388 5410 Φασὶ
418 5354 528 5426 γὰρ
557 5355 606 5407 ol.
664 5355 974 5424 φυσιολόγοι
1022 5355 1134 5424 (55)
1182 5355 1288 5418 τὸν¹
1326 5355 1536 5427 μυωξὸν
1571 5358 1761 5427 ἐμφω-

172 5449 386 5514 λεύειν,
426 5450 522 5504 καὶ
554 5449 620 5502 τὰ
679 5449 993 5520 γεννήματα
1041 5449 1206 5526 αὑτοῦ
1252 5450 1537 5503 ὲπιτοαυτὸ
1594 5450 1764 5504 πολλὰ

1958 5358 2228 5412 Caeterum
2262 5355 2598 5410 naturalium
2648 5369 2833 5410 rerum
2879 5355 3177 5427 scriptores
3199 5362 3453 5412 asserunt

1871 5463 2126 5519 myoxum
2159 5448 2213 5502 in
2257 5446 2497 5502 latibulis
2528 5447 2644 5502 suis
2678 5447 2818 5502 fetus
2848 5446 3038 5501 eodem
3071 5454 3227 5517 partu
3266 5451 3453 5517 plures

172 5541 410 5602 τίκτειν,
436 5538 542 5600 ἕως
571 5537 732 5591 πέντε
762 5543 859 5592 καὶ
888 5537 993 5600 ἔτι,
1016 5537 1114 5602 τάς
1137 5538 1194 5592 δὲ
1221 5538 1432 5609 ἐχίδνας
1459 5538 1515 5593 δὲ
1542 5539 1726 5594 τούτου

1939 5553 2054 5604 ere,
2081 5536 2324 5608 quinque
2347 5535 2628 5601 videlicet,
2659 5545 2713 5592 et
2739 5553 2803 5593 eo
2831 5536 3086 5606 amplius,
3117 5537 3295 5608 iisque
3321 5540 3455 5598 insi-

409 5639 563 5692 Φασὶ
599 5643 708 5708 γὰρ
737 5645 790 5696 οἱ
818 5645 1193 5714 φυσιολόγοι.
1225 5645 1457 5713 Μυωξοῦ
1487 5649 1726 5704 meminit

1934 5658 2132 5702 εοναῑο.

253 5731 269 5763 ¹
299 5729 428 5789 Cor.
467 5734 832 5797 παραϐολευθ.
913 5737 1148 5799 'Ezcch.
1185 5757 1392 5802 XXXVII.
1433 5742 1482 5796 7.
1562 5743 1726 5799 °ch.

1934 5759 1955 5798 ι.
2040 5745 2057 5774 ⁸
2083 5742 2184 5799 lsa.
2220 5758 2330 5809 Liv,
2365 5741 2450 5796 Ii.

2307 5816 2353 5906 ll
2564 5812 2616 5904 Α
2729 5809 2956 5908 ξω
3092 5809 3234 5955 τό
