3800 6180
1296 190 1578 255 ΝΟΤΙΤΙΔ
1617 197 1683 253 ΙΝ
1728 197 1787 253 S.
1831 197 2276 255 EPIPHANIUM.

1912 197 2276 255 ’lPHANlUM.
2896 210 2901 213 '
3376 203 3413 245 v

151 336 268 373 rum
297 334 360 375 ex
390 318 638 390 versione
672 317 866 372 Albani
904 316 1112 384 Torini,
1136 330 1189 375 et
1218 321 1460 391 Epistola
1486 324 1555 376 ad
1584 322 1843 377 Joannem
1877 321 2420 390 Hierosolymitanum
2448 319 2767 388 episcopum,
2793 313 2850 368 S.
2879 312 3207 383 Hieronymo
3239 312 3411 366 inter-

151 421 325 483 prete.
353 410 420 467 Et
453 413 508 466 in
537 412 671 469 edit.
696 411 877 467 Paris.
924 411 1082 477 1566,
1122 412 1241 478 fol.,
1277 413 1656 470 Theodoretus
1686 414 1760 468 De
1789 414 2052 468 Izwreticis
2090 412 2307 482 fabulis.
2342 409 2481 466 llinc
2512 407 2638 464 Seb.
2691 404 3029 461 Cramoisius
3063 405 3120 458 in
3158 419 3254 459 sua
3293 404 3412 459 edi-

150 508 301 562 tione
330 506 505 562 Paris.
538 507 701 575 1612,
735 506 855 574 fol.,
882 524 989 563 non
1023 511 1187 564 modo
1216 509 1467 565 Cornarii
1495 512 1798 567 versionem
1828 526 1891 565 ex
1925 509 2405 565 observationibus
2426 505 2542 562 Jac.
2566 506 2713 561 Billii
2734 506 2827 563 lib.
2860 523 2899 571 ι,
2936 520 2995 560 c..
3027 504 3114 570 18,
3144 514 3197 559 et
3226 503 3319 558 lib.
3348 521 3411 567 ιι,

150 615 203 655 c.
240 600 330 664 15,
361 600 528 655 variis
560 601 613 655 in
639 600 775 654 locis
808 599 1090 655 emendari
1119 600 1346 664 curavit,
1401 602 1494 655 scil
1525 600 1687 654 etiam
1726 600 1979 668 adjunxit
2004 598 2189 655 Graece
2218 606 2273 654 et
2299 597 2492 653 Latine
2524 596 2904 668 Physiologum
2927 604 2981 651 et
3015 609 3323 652 sermonem
3355 594 3412 647 in

152 691 345 760 festum
378 690 695 745 Palmarnm
726 707 848 746 cum
874 690 1125 745 versione
1154 698 1208 744 et
1239 691 1384 746 notis
1406 690 1469 745 D.
1501 692 1722 748 Consali
1756 689 1937 746 Ponce
1954 690 2019 746 de
2050 688 2219 755 Le'on,
2251 687 2610 760 Hispalensis,
2638 699 2691 745 et
2715 688 3005 745 I-Iomiliam
3036 689 3115 744 De
3144 687 3416 760 sepultura

156 779 360 837 Christi
387 796 512 836 cum
544 781 797 836 versione
828 780 1085 837 Stanislai
1121 780 1415 837 thnicii.

223 873 500 930 Editiones
524 874 952 931 Graeco-Latinae
980 876 1055 947 (a)
1081 896 1092 930 :
1122 876 1173 929 1.
1192 875 1540 942 Parisiensis,
1572 877 1909 934 sectionibus
1930 877 2045 933 sive
2063 876 2331 947 capitibus
2361 876 2640 943 distincta,
2672 891 2799 933 cum
2829 876 3078 932 versione
3108 883 3162 930 et
3188 873 3415 929 eruditis

151 969 299 1027 notis
328 969 569 1039 Dionysii
608 970 850 1035 Petavii,
894 970 952 1024 S.
988 969 1071 1037 J.,
1119 972 1222 1041 qui,
1258 982 1454 1045 praeter
1486 972 1617 1027 edit.
1652 972 2019 1028 Basileensem
2059 986 2197 1028 usus
2224 981 2307 1028 est
2358 974 2547 1028 codice
2592 974 2735 1042 regis
2781 972 2968 1027 Gallia;
2998 982 3051 1027 et
3082 970 3247 1026 variis
3287 970 3412 1024 lect.

151 1064 276 1118 cod.
308 1062 597 1145 Vaticani,
629 1082 764 1135 quas
798 1064 1047 1123 Andreas
1090 1066 1349 1123 Schottus
1380 1081 1502 1122 cum
1555 1068 1649 1123 illo
1681 1070 2216 1131 communicaverat,
2250 1068 2409 1132 1622,
2460 1066 2581 1130 fol.,
2615 1066 2831 1121 duobus
2860 1064 3252 1130 voluminibus,
3294 1079 3427 1134 quae

152 1155 322 1211 editio
346 1172 378 1213 a
410 1155 627 1212 Labbeo
651 1167 988 1215 recensetur.
1023 1158 1179 1226 Quod
1206 1176 1370 1230 porro
1396 1160 1698 1217 Salmasius
1723 1164 1819 1226 ait,
1848 1164 2051 1216 nullam
2082 1164 2333 1233 paginam
2358 1164 2612 1217 versionis
2653 1161 2957 1217 Petaviana:
2994 1161 3287 1231 insignibus
3319 1160 3419 1213 uli-

151 1261 281 1321 qnot
316 1255 509 1308 erratis
541 1271 748 1321 vacare,
785 1255 1025 1325 iniquius
1056 1258 1261 1314 dictum
1291 1259 1461 1314 videri
1506 1261 1697 1330 possit,
1736 1260 1839 1316 nisi
1872 1260 2083 1330 majore
2112 1262 2277 1315 etiam
2317 1261 2599 1330 iniquitate
2626 1258 2881 1314 Petavius
2914 1255 3168 1309 Cornarii
3204 1253 3407 1308 versio-

150 1361 280 1401 nem
311 1348 685 1403 conculcasset
713 1356 771 1402 ut
807 1347 1090 1402 barbaram
1119 1348 1499 1420 insulsamque,
1554 1366 1663 1420 quo
1703 1350 1807 1405 nisi
1844 1359 2139 1419 praeeunte,
2168 1349 2357 1404 dubito
2411 1366 2480 1403 an
2515 1362 2759 1418 unquam
2792 1344 3077 1415 Epiphanii
3107 1343 3415 1398 versionem

148 1453 326 1494 ausus
360 1438 549 1496 fuisset
576 1442 660 1495 vel
693 1441 1039 1497 absolvisset.
1073 1441 1235 1497 Plura
1267 1444 1384 1499 loca
1410 1486 1423 1509 ,
1454 1462 1483 1500 a
1516 1444 1739 1500 Pctavio
1795 1446 1977 1501 minus
2004 1456 2152 1500 recte
2183 1445 2474 1510 intellecta,
2512 1445 2789 1499 illustrant
2823 1441 3126 1497 Salmasius
3158 1440 3223 1493 ad
3269 1438 3417 1499 Soli-

150 1547 312 1595 num,
342 1534 437 1601 qui
466 1531 681 1588 feneum
712 1534 1059 1602 interpretem
1088 1546 1141 1600 p.
1168 1532 1275 1586 452
1310 1542 1491 1597 vocat,
1525 1546 1578 1589 et
1608 1534 1674 1587 de
1710 1534 2325 1590 transsubstantiatione
2356 1550 2478 1604 pag.
2512 1533 2600 1600 55,
2633 1534 2758 1595 510,
2796 1541 2850 1587 et
2884 1532 2951 1587 de
2976 1545 3131 1587 coma
3162 1544 3287 1599 pag.
3317 1528 3413 1591 9‘2,

151 1621 213 1676 in
241 1620 436 1690 primis
479 1622 582 1676 sub
622 1621 901 1678 Francisci
934 1620 1129 1675 Franci
1167 1622 1387 1677 nomine
1418 1633 1607 1678 contra
1651 1623 1995 1679 Cercoetium
2040 1625 2155 1681 sive
2184 1623 2486 1691 Petavium,
2546 1640 2669 1695 pag.
2701 1628 2767 1681 75
2802 1642 2941 1697 seq.,
2973 1634 3076 1680 etc.
3112 1622 3417 1678 Gatakerus

150 1719 273 1765 toto
302 1712 478 1780 capite
511 1711 604 1777 56,
635 1712 689 1766 111
729 1729 838 1782 quo
865 1717 1028 1771 etiam
1063 1719 1333 1788 permulta
1367 1718 1657 1790 Epiphanii
1708 1722 1827 1777 loca
1857 1722 2240 1788 emendantur,
2273 1722 2560 1777 Adversar.
2591 1727 2882 1790 posthum.,
2931 1733 2986 1777 et
3013 1722 3081 1775 ad
3130 1719 3206 1774 M.
3246 1719 3418 1772 Anto-

149 1805 363 1869 ninam,
396 1817 517 1875 pag.
558 1805 647 1871 48,
687 1808 808 1875 155,
845 1810 968 1877 155,
996 1821 1101 1867 etc.
1134 1813 1293 1869 Ricb.
1326 1816 1699 1871 Montacutius
1730 1817 1783 1871 in
1810 1816 2083 1886 Apparatu
2114 1817 2182 1871 ad
2209 1817 2439 1885 origines
2473 1816 2883 1881 ecclesiasticas,
2916 1832 3042 1886 pag.
3076 1813 3333 1875 191-206,
3366 1819 3421 1865 et

149 1897 212 1952 in
252 1897 580 1967 Originibus,
630 1909 764 1956 tom.
808 1900 882 1965 ll,
936 1918 1059 1973 pag.
1100 1905 1159 1958 11
1198 1920 1313 1975 seq.
1353 1904 1402 1960 J.
1440 1905 1638 1963 Croius
1680 1908 1734 1962 in
1777 1906 2069 1978 Specintine
2114 1907 2538 1979 conjecturarnm
2590 1908 2660 1961 ad
2700 1911 2941 1979 quendam
2984 1908 3101 1961 loca
3144 1904 3411 1973 Origenis,

154 1992 503 2061 Tertulliani,
532 1996 725 2053 Irenwi
748 2007 797 2051 et
832 1997 1124 2069 Epiphanii
1144 2042 1159 2069 ,
1190 1999 1369 2057 Paris.
1402 2001 1563 2067 1652,
1596 2004 1672 2069 8°,
1707 2012 1761 2057 et
1791 2003 1846 2057 in
1877 2002 2176 2059 Observatt.
2215 2004 2417 2069 sacris,
2449 2020 2574 2074 pag.
2615 2003 2736 2068 M7,
2780 2001 2898 2065 156,
2931 2001 3055 2059 160.
3083 1998 3420 2055 Pearsonius

148 2088 408 2146 Prelect.
438 2092 509 2146 ad
541 2093 675 2149 Acta
712 2104 910 2167 aposh,
946 2113 1000 2168 p.
1034 2098 1094 2153 51
1121 2115 1135 2166 ;
1162 2097 1467 2155 Dodwellus
1502 2099 1573 2154 De
1610 2080 1935 2155 successione
1970 2100 2300 2169 pontiﬁcum,
2326 2114 2380 2169 p.
2413 2098 2517 2153 298
2548 2114 2702 2168 seq.;
2739 2097 3066 2158 Cotclerius,
3101 2110 3152 2165 p.
3187 2091 3316 2156 9.20,
3352 2090 3417 2144 ad

147 2181 442 2254 Cbrysost.
473 2187 528 2240 in
557 2186 770 2242 Daniel.
801 2197 855 2244 et
892 2190 959 2244 ad
1005 2189 1324 2246 Damasceni
1352 2190 1612 2254 Hienses.
1647 2202 1810 2263 atque
1838 2192 1888 2247 in
1920 2192 2041 2247 aliis
2069 2192 2318 2261 scriptis;
2350 2192 2483 2245 Acta
2515 2191 2761 2245 Sanctor.
2793 2189 2942 2244 Junii
2992 2199 3125 2242 tom.
3161 2185 3214 2251 1,
3244 2200 3299 2255 p.
3332 2184 3418 2239 19-

148 2274 393 2345 Cangius
418 2279 471 2333 in
502 2281 863 2352 Συμψέλλιον,
893 2290 995 2337 etc.
1022 2280 1229 2338 Omitto
1260 2282 1446 2338 Jacobi
1483 2284 1549 2337 de
1578 2283 1854 2348 Ardenna,
1883 2284 2073 2338 decani
2098 2281 2445 2347 Cestriensis,
2476 2281 2860 2352 castigationes
2890 2281 2944 2334 in
2976 2278 3337 2349 Epiphanium
3371 2286 3426 2330 et

149 2370 439 2429 Petavium
461 2376 527 2432 de
548 2393 701 2433 sacra
723 2378 1088 2443 Eucharistia,
1112 2380 1181 2435 de
1204 2380 1451 2435 caelibatu
1484 2382 1826 2437 sacerdotum
1855 2390 1909 2435 et
1932 2380 1999 2436 de
2029 2380 2369 2435 orationibus
2396 2395 2494 2449 pro
2523 2377 2815 2441 defunctis,
2842 2375 3014 2432 Lond.
3038 2378 3198 2441 1683,
3218 2377 3294 2432 1°.
3324 2371 3419 2425 ΑΙ-

152 2468 497 2540 baspinazum
528 2461 727 2529 narrat
749 2473 908 2530 Rich.
942 2473 1152 2541 Simon,
1191 2491 1323 2530 tom.
1358 2477 1378 2529 I
1408 2475 1580 2546 Epist.
1615 2476 1825 2540 select.,
1862 2490 1986 2546 pag.
2018 2474 2104 2541 12,
2138 2475 2402 2530 minatum
2442 2472 2632 2537 fuisse,
2667 2489 2727 2530 se
2759 2473 3075 2529 cﬂ‘ecturnm
3098 2512 3114 2538 ,
3176 2479 3236 2526 ut
3271 2487 3423 2542 qua:-

148 2566 285 2625 dam
320 2566 374 2622 in
404 2568 545 2624 notis
573 2569 779 2626 Petavii
807 2572 1021 2642 publica
1056 2587 1289 2629 censura
1320 2573 1855 2628 condemnarentur:
1894 2573 2040 2642 quod
2077 2582 2259 2627 tamen
2302 2587 2409 2627 non
2444 2571 2643 2627 elfecit.

227 2662 283 2717 2.
326 2662 628 2733 Lipsiensis
662 2667 726 2722 Α.
757 2666 896 2721 1682
945 2667 1045 2737 (b),
1078 2665 1198 2733 fol.,
1240 2683 1362 2738 quae
1388 2668 1628 2723 Colonia:
1657 2683 1854 2722 nomen
1886 2666 2167 2737 praeﬁxum
2201 2665 2375 2737 gerit,
2407 2674 2462 2719 et
2490 2664 2556 2720 ad
2586 2663 2814 2720 verbum
2848 2660 3212 2717 Parisiensem
3245 2657 3429 2728 expri-

149 2760 276 2815 mit,
317 2752 537 2821 additis;
570 2770 691 2824 qua:
748 2755 801 2810 in
850 2756 941 2810 illa
973 2755 1376 2821 desiderantur,
1424 2754 1641 2810 llenrici
1677 2754 1877 2810 Valcsii
1924 2756 2174 2810 oratione
2206 2756 2261 2809 in
2319 2754 2526 2809 obitum
2562 2752 2768 2810 Petavii
2814 2763 2867 2809 et
2910 2754 3087 2824 elogio
3116 2752 3236 2822 ejus
3265 2760 3429 2820 atque

152 2848 495 2917 scriptorum
525 2849 749 2907 elencho
779 2867 843 2906 cx
882 2851 1231 2907 Nathanaelis
1261 2852 1488 2906 Sotuelli
1521 2852 1663 2906 Bibl.
1695 2851 1981 2919 Jesnitica,
2028 2860 2081 2907 et
2112 2852 2315 2906 Petavii
2343 2851 2570 2907 elencho
2599 2849 3216 2921 dispunctiuncularum
3251 2846 3431 2901 Matu-

151 2939 265 2991 rini
304 2938 537 3003 SimOnii
570 2941 645 2996 De
676 2945 990 3011 pwnitentia:
1015 2948 1119 3000 ritu
1153 2949 1309 3001 veteri
1337 2949 1392 3001 in
1426 2946 1686 3013 Ecclesia,
1722 2948 1835 3003 sive
1868 2948 2164 3017 Appendice
2188 2947 2255 3000 ad
2294 2946 2697 3016 Epiphanianas
2731 2946 3240 3007 animadversiones,
3280 2941 3449 2997 edita‘

152 3034 403 3102 primum
450 3035 624 3091 Paris.
664 3038 821 3104 1621,
854 3039 929 3107 8°,
958 3050 1011 3096 et
1037 3040 1203 3098 Gabr.
1238 3044 1586 3115 Albaspinaeo
1617 3046 1897 3115 inscripta,
1930 3055 2092 3115 atque
2124 3044 2393 3115 capitibus
2432 3044 2911 3098 miscellancarum
2949 3022 3428 3105 exercitationum,

156 3128 439 3187 Salmasio
461 3136 751 3204 oppositis,
787 3146 840 3192 et
866 3137 932 3192 ad
963 3140 1166 3195 calcem
1194 3157 1419 3212 Operum
1451 3140 1671 3205 Juliani,
1692 3141 1865 3195 Paris.
1904 3142 2060 3206 1641,
2098 3142 2177 3206 1ο,
2208 3142 2416 3211 pridem
2447 3140 2704 3210 vulgatis.
2740 3135 2986 3201 Memini,
3019 3149 3106 3189 me
3137 3148 3202 3188 ex
3226 3131 3288 3186 B.
3323 3130 3435 3187 11ιὶ-

155 3222 253 3289 gio
286 3224 493 3290 audire,
546 3225 810 3282 Jacobnm
858 3229 1246 3295 Thomasium,
1282 3233 1661 3302 prolegomena
1704 3248 1843 3287 nova
1888 3232 2016 3287 huic
2048 3232 2335 3303 Epiphanii
2370 3232 2599 3288 editioni
2634 3229 3074 3301 prmmissurum,
3121 3225 3317 3291 multa,
3360 3225 3431 3279 ad

156 3316 320 3371 illum
373 3317 649 3380 facientia.
686 3324 991 3395 collegisse,
1025 3327 1117 3381 sed
1156 3327 1245 3381 illa
1275 3326 1506 3391 deinde,
1539 3327 1726 3382 nescio
1770 3344 1932 3397 quam
1969 3328 2039 3383 ob
2073 3344 2319 3392 causam,
2369 3327 2758 3398 praztermissa;
2791 3323 2969 3377 Etiam
3001 3321 3057 3376 in
3093 3320 3242 3375 Actis
3279 3318 3431 3373 erud.

158 3407 331 3472 1682,
365 3425 490 3482 pag.
522 3412 611 3475 91,
646 3414 812 3483 legas,
845 3416 1111 3471 editor-em
1155 3414 1353 3469 addere
1383 3416 1646 3483 voluisse,
1697 3433 1818 3487 quae
1870 3416 2140 3473 Salmasio
2193 3418 2294 3472 sub
2326 3417 2546 3475 Antonii
2592 3414 2869 3471 Kerkoetii
2922 3412 3144 3469 nomine
3172 3411 3434 3465 Petavius

159 3502 471 3571 respondit,
506 3506 598 3559 sed
634 3506 685 3560 id
719 3506 897 3562 facere
929 3508 1184 3573 veritum,
1229 3507 1375 3577 quod
1423 3506 1676 3562 Petavius
1709 3508 1824 3577 ipse
1854 3524 2053 3563 nomen
2097 3524 2257 3564 suum
2308 3508 2414 3564 illis
2445 3510 2799 3578 praescribere
2830 3508 3117 3564 noluisset.
3163 3504 3332 3561 ΕΔΜ.
3366 3533 3437 3544 --

162 3591 463 3664 llamberg.
501 3595 535 3649 l.
574 3610 624 3650 c.
661 3612 784 3667 pag.
833 3597 864 3649 7
895 3596 1340 3666 adnotat,qu:e,
1388 3595 1502 3652 Jac.
1553 3598 1811 3653 Thomas.
1857 3599 1913 3653 in
1964 3598 2208 3668 Prolegg.
2263 3598 2676 3670 praemittendis,
2713 3616 2743 3654 a
2777 3599 2937 3655 Fabr.
2975 3597 3312 3661 memoratis,
3357 3595 3426 3650 de

162 3689 460 3759 Epiphanii
488 3693 639 3746 editt.
669 3693 1055 3762 nonnullisque
1084 3694 1203 3764 ejus
1241 3696 1459 3766 scriptis
1496 3696 1820 3767 collegisset,
1866 3712 1928 3751 ea
1978 3712 2007 3751 a
2040 3695 2089 3751 J.
2132 3695 2307 3753 'Gottl.
2357 3696 2567 3753 Krause
2624 3697 2677 3751 in
2744 3694 3142 3750 Umstdndliche
3200 3693 3433 3748 Bttcher»

162 3783 390 3836 historic
422 3798 475 3852 p.
508 3783 614 3837 262
651 3800 767 3841 esse
799 3784 1088 3853 publicata.
1139 3784 1276 3838 Add.
1308 3784 1355 3838 J.
1391 3785 1551 3839 Fabr.
1587 3787 1640 3840 in
1678 3783 1885 3841 Histot‘.
1912 3785 2039 3840 bibl.
2078 3785 2273 3850 Fabr.,
2310 3786 2353 3851 1,
2384 3805 2435 3856 p.
2471 3786 2570 3841 116
2603 3803 2751 3858 sqq.,
2778 3787 2869 3841 ubi
2905 3786 3108 3840 multus
3143 3796 3226 3841 est
3253 3784 3320 3838 de
3347 3782 3434 3837 ed.

163 3873 393 3942 Colon.,
431 3875 497 3929 de
524 3874 845 3947 Epiphanio,
881 3875 1004 3946 ejus
1040 3875 1279 3944 scriptis,
1309 3878 1592 3931 erroribus
1619 3889 1671 3931 et
1701 3878 1836 3933 alios
1862 3877 2070 3933 laudat.
2098 3876 2211 3933 VV.
2241 3875 2351 3931 DD.
2382 3877 2553 3933 ΙΙΑιιι..

1162 4036 1165 4037 ν
1253 3972 1528 4028 Editiones
1563 3976 1837 4043 promissa:
1864 3984 1915 4029 et
1945 3975 2147 4029 codices
2187 3991 2314 4030 mss.

244 4061 485 4117 Pransos
520 4072 738 4132 paratos
767 4065 819 4120 in
850 4064 1213 4138 Epiphanium
1241 4069 1660 4125 commentarios
1683 4069 1883 4125 habere
1909 4084 1968 4125 se
1997 4078 2050 4125 et
2077 4084 2271 4124 novam
2301 4069 2445 4124 illius
2477 4067 2767 4139 scriptoris
2790 4066 3087 4124 editionem
3117 4073 3438 4121 curaturum

174 4152 464 4223 professus
490 4163 574 4209 est
599 4154 790 4211 Petrus
816 4155 1134 4213 Lansselius
1162 4157 1214 4211 in
1244 4156 1453 4228 praefat.
1483 4158 1886 4229 Dispunctionis
1921 4158 2335 4225 calumniarum,
2382 4174 2521 4230 quas
2553 4168 2732 4226 vocat,
2769 4158 3069 4216 Casauboni
3097 4158 3166 4211 ad
3196 4156 3441 4229 quendam

173 4247 236 4300 S.
265 4247 475 4301 Justini
502 4252 751 4319 martyris
785 4251 923 4305 loca.

248 4340 433 4395 Multis
465 4340 600 4396 locis
634 4343 960 4397 emaculavit
993 4340 1355 4412 Epiphanium
1404 4322 1903 4411 Joannes.Croius,
1936 4345 2110 4401 multa
2158 4345 2399 4401 correxit
2444 4342 2682 4401 Joannes
2713 4341 3064 4409 Pearsonius,
3111 4343 3441 4400 Cestriensis

173 4438 494 4506 episcopus,
528 4446 661 4492 teste
714 4438 914 4501 Caveo,
949 4453 1069 4508 quae
1099 4438 1240 4493 forte
1273 4439 1569 4509 aliquando
1601 4441 1654 4494 in
1684 4442 1860 4496 lucem
1892 4439 2261 4511 proferentur.
2331 4439 2801 4496 Commentarium
2847 4455 3005 4497 suum
3050 4440 3104 4493 in
3153 4437 3443 4509 Epiphanii

175 4527 479 4583 Panarinm
514 4540 780 4581 memorat
815 4528 1103 4582 Eduardus
1128 4527 1471 4585 Bernhardus
1501 4528 1653 4584 Notis
1685 4529 1753 4584 ad
1781 4529 2102 4599 Josepbum,
2128 4545 2253 4601 pag.
2280 4529 2405 4586 525.

250 4619 541 4689 Epiphanii
573 4619 861 4672 Panarium
887 4619 1309 4690 elegantissimis
1335 4622 1748 4677 characteribus
1783 4637 1889 4676 ms.
1922 4637 1982 4676 se
2008 4636 2131 4677 esse
2170 4629 2397 4676 nactum
2424 4620 2615 4676 scribit
2658 4620 2883 4691 Caspar.
2917 4622 3175 4679 Barthius
3199 4623 3345 4679 notis
3376 4622 3442 4677 ad

173 4710 545 4764 Claudianum
583 4720 818 4779 poetam,
845 4725 967 4779 pag.
1002 4710 1107 4763 “.215
1137 4711 1393 4768 editionis
1424 4710 1633 4765 llanov.
1668 4709 1831 4773 16l2,
1863 4708 1940 4776 8°,
1971 4724 2136 4777 quam
2159 4708 2377 4777 juvenis
2404 4708 2698 4762 admodum
2734 4709 2924 4765 edidit.
2957 4710 3211 4765 Codicem
3244 4725 3351 4764 ms.
3389 4710 3444 4764 in

177 4804 343 4859 bibl..
370 4804 588 4872 publica
630 4802 837 4858 lenensi
888 4804 1069 4858 laudat
1113 4806 1203 4861 W.
1238 4806 1502 4862 Ernestus
1534 4804 1843 4859 Tentzelius
1886 4804 1942 4858 in
1986 4803 2228 4874 Dialogis
2261 4804 2564 4868 menstruis,
2610 4802 2931 4858 Germanice
2980 4803 3140 4857 editis
3185 4802 3248 4855 A.
3285 4801 3444 4864 1692.

180 4910 310 4964 pag.
344 4895 471 4949 885.
502 4893 748 4948 Fann.—
777 4892 892 4949 Jac.
919 4894 1184 4948 Colletum
1219 4896 1397 4950 moliri
1429 4909 1622 4947 novam
1656 4892 1945 4963 Epiphanii
1980 4893 2137 4960 edit.,
2170 4894 2224 4947 in
2261 4908 2368 4963 qua
2398 4893 2667 4962 praecipue
2701 4892 2937 4946 Panaria
2969 4907 3035 4947 ex
3071 4891 3194 4947 cod.
3234 4891 3444 4946 Veneto

182 4991 358 5048 Marc.
392 4991 497 5046 125
532 4991 758 5046 intinitis
791 4991 927 5047 locis
955 4993 1331 5058 emendentur,
1383 4992 1565 5062 prodit
1596 4991 1859 5048 Villoison
1895 4992 1950 5045 in
1978 4991 2177 5045 Anecd.
2211 4988 2304 5045 Gr.
2328 5030 2342 5057 ,
2389 4988 2430 5043 ll
2453 5032 2468 5057 ,
2506 5006 2558 5061 p.
2592 4989 2717 5043 eis.
2769 4987 2872 5043 Per
2913 4987 3055 5043 hanc
3100 4987 3446 5043 occasionem

177 5231 385 5283 riorem
410 5228 696 5301 editionem
726 5229 969 5301 adjectis,
1004 5231 1201 5300 partim
1226 5232 1391 5286 etiam
1416 5238 1582 5284 multo
1613 5247 1772 5301 quam
1877 5241 2140 5301 excusum
2170 5225 2365 5301 legitur
2388 5242 2508 5301 pag.
2541 5224 2643 5301 585
2667 5222 2999 5301 θιίἱιηΗΑιιιέ

179 5310 350 5354 antea
383 5289 829 5354 emendatioribas
852 5342 866 5363 ,
893 5289 1113 5369 quorum
1144 5302 1443 5369 catalogum
1488 5289 1639 5355 versa
1672 5317 1768 5366 pa-
1884 5367 1901 5369 _
1952 5298 2028 5368 (a)
2056 5289 2408 5369 Plura'etiani
2438 5289 2561 5369 loca
2589 5297 2927 5369 inversione
2949 5289 3197 5369 Cornarii
3224 5292 3449 5369 castigat

178 5373 319 5442 gina
351 5370 602 5442 ostendet.
636 5359 1004 5440 —Basil.'per
1019 5370 1281 5425 Joannem
1301 5359 1518 5440 Oporin.
1548 5382 1595 5426 et
1631 5359 1770 5425 ll'er-
1880 5359 2109 5442 Latinus
2142 5365 2410 5442 Latinius,
2435 5366 2766 5442 Bibliotheca
2794 5359 3433 5442 sacro:p_rofa_na._p._11‘l

181 5432 447 5512 Fagium._
478 5443 543 5512 At
585 5440 638 5494 in
686 5455 821 5512 pag._
851 5432 1005 5495 versa
1036 5458 1295 5495 excusutn
1330 5432 1453 5496 est:
1487 5442 1775 5512 Epiphanii
1886 5509 1903 5512 _
1956 5438 2031 5512 (lg)
2072 5437 2128 5490 In
2163 5439 2281 5494 Cat.
2311 5437 2548 5502 Askew.,
2589 5452 2641 5505 p.
2674 5436 2852 5512 57,_n.
2897 5432 3050 5512 158.1,
3075 5434 3203 5488 edit.
3233 5432 3449 5512 13919111.

177 5502 350 5579 epist.
381 5509 447 5561 ad
468 5502 1424 5583 JoannemVConstantinopolitanum
1451 5502 1607 5583 episc'.
1629 5528 1647 5576 ;
1679 5513 1771 5566 sed
1879 5502 2167 5583 3,_‘ft)rsan
2214 5524 2310 5583 pel:
2347 5502 2913 5583 errorepftypothet}?
2957 5505 3276 5583 citatyrra-n
3291 5502 3451 5583 V552.

180 5568 226 5633 δι’
255 5594 421 5632 manu
450 5580 608 5633 docta
647 5580 700 5632 in
731 5583 978 5649 exemplo
1016 5568 1158 5650 quod
1203 5591 1380 5636 exstat
1415 5568 1641 5637 in'bibl:
1675 5583 1773 5635 Er-
1878 5568 2171 5650 Add.»gu;e
2202 5568 2394 5650 scripsi
2430 5577 2483 5631 in
2518 5568 2727 5631 Introd.
2760 5576 2812 5629 in
2847 5575 3033 5629 histor.
3078 5570 3352 5641 ιαμϐι,
3383 5568 3451 5633 ll.

181 5654 348 5717 lang.
383 5659 690 5705 correctum
715 5662 797 5705 est
824 5647 1363 5721 Ilierosalgmitanum
1388 5693 1401 5719 ,
1436 5663 1487 5709 et
1523 5655 1595 5709 ita
1631 5664 1772 5709 recte
1877 5664 1932 5718 p.
1967 5648 2073 5703 237
2102 5665 2184 5719 sq.
2215 5647 2291 5701 In.
