3800 6180
356 225 451 266 τιιι
1486 209 1771 268 NOTlTlA
1809 209 1879 267 IN
1920 209 1980 268 S.
2017 209 2466 268 EPlPHANlUM.

355 344 653 418 ἀκροατής.
684 345 1012 417 Quanquam
1067 358 1197 400 vero
1227 343 1568 416 Epiphanius
1598 363 1777 417 neque
1812 349 2273 405 in-describendis
2308 345 2612 402 luere-sibus
2653 343 2730 412 (a)
2769 358 2985 413 semper
3016 343 3153 398 satis
3196 349 3491 399 accuratus
3534 351 3624 398 est

357 445 417 489 nt
443 436 537 506 qui
564 437 778 492 levibus
800 436 1196 493 auditiuncnlis
1222 437 1554 508 quandoque
1581 439 1740 494 ﬁdem
1777 440 1852 512 (b)
1891 441 2100 507 habuit,
2138 450 2300 511 atque
2335 438 2680 493 adversarios
2710 445 2900 505 gravat
2928 451 3035 490 non
3067 451 3192 489 raro
3226 435 3522 490 sententiis
3549 433 3637 487 rel

357 532 866 601 consecutionibus,
899 533 966 588 de
991 533 1193 603 quibus
1228 534 1480 590 fortassis
1512 553 1793 608 nunquam
1831 539 2157 610 cogitarant,
2192 553 2369 607 neque
2405 538 2458 590 in
2521 535 2872 590 confutandis
2918 533 3201 588 erroribus
3227 548 3442 602 semper
3477 547 3643 594 mune

359 627 485 681 l‘elix
517 637 621 691 est,
657 643 756 683 nec
801 627 991 683 solidis
1020 628 1220 699 ubique
1249 632 1588 698 argumentis
1620 633 1818 687 militat
1841 633 1910 704 (c)
1945 650 1960 687 :
2001 645 2178 688 tamen
2216 640 2438 702 propter
2468 629 2876 699 quamplurima
2908 638 3094 682 notata
3121 630 3356 699 egregie,
3379 640 3434 684 et
3459 628 3644 682 multa

355 737 420 775 ex
456 722 560 776 lide
589 721 768 792 dignis
800 723 997 777 hausta
1028 726 1402 779 monumentis
1430 734 1483 778 et
1507 727 1908 796 antiquioribus
1932 727 2293 796 scriptoribus
2339 723 2653 778 testimonia
2683 731 2847 792 atque
2875 722 3312 786 observationes,
3357 722 3568 776 merito
3608 735 3638 772 a

354 813 489 867 viris
515 814 851 870 doctissimis
883 817 961 884 (d)
991 815 1205 870 habitus
1231 826 1311 870 est
1337 817 1561 887 quidam
1597 818 1942 888 antiquitatis
1986 817 2376 873 ecclesiastica:
2407 816 2725 879 thesaurus,
2757 813 2958 884 dignus
2986 818 3195 886 utique,
3219 819 3271 872 in
3301 833 3408 888 quo
3438 832 3626 886 expoo

356 905 536 958 neudo
567 904 813 959 eruditus
841 907 1042 975 aliquis
1076 921 1128 965 et
1153 911 1361 982 judicio
1394 915 1602 984 pellens
1628 916 1711 968 vir
1737 916 1899 969 etiam
1926 923 2050 984 post
2078 913 2355 968 Petavium
2385 912 2698 981 diligentem
2728 925 2952 980 operam
2983 913 3336 982 studiumque
3361 912 3629 968 collocat.

357 992 436 1048 De
466 994 742 1063 incompta
777 1006 830 1051 et
860 999 1139 1056 salebrosa
1164 1005 1413 1058 oratione
1446 1007 1678 1060 multum
1709 1005 1968 1060 Petavius
1997 1015 2052 1060 et
2093 1004 2330 1058 Dallaeus
2357 1004 2430 1073 (e)
2461 1012 2899 1073 conqueruntur,
2928 1013 2982 1058 et
3009 1003 3124 1074 jam
3161 1003 3391 1060 Pbotius
3415 1002 3644 1059 notavit

352 1085 465 1140 τῶν
493 1088 755 1159 ῥημάτων
787 1093 1006 1164 καὶτῆς
1038 1096 1345 1161 συντάξεως
1374 1099 1435 1152 τὸ
1473 1099 1670 1169 ἰδίωμα
1715 1100 1769 1153 in
1805 1099 1853 1152 ill

2144 1099 2385 1168 probari.
2421 1097 2488 1154 Et
2541 1106 2721 1154 tamen
2755 1097 3123 1170 Hieronymus
3156 1115 3208 1154 c.
3239 1100 3340 1154 114
3382 1099 3642 1168 Catalogi

356 1194 411 1239 et
436 1201 501 1240 ex
531 1201 598 1242 eo
629 1185 831 1244 Suidas
876 1192 1238 1262 scripserunt,
1284 1195 1574 1266 Epiphanii
1602 1197 1882 1252 volumina
1931 1198 1995 1250 ab
2023 1197 2248 1251 eruditis
2299 1206 2517 1267 propter
2550 1213 2654 1262 res,
2700 1214 2733 1249 a
2776 1195 3189 1265 simplicioribus
3219 1203 3426 1264 propter
3473 1192 3648 1248 verba

355 1273 608 1331 lectitari.
638 1277 694 1332 ιιι
722 1279 1076 1353 chronologia
1109 1287 1220 1341 fere
1250 1303 1466 1358 semper
1496 1289 1755 1344 insistere
1785 1305 1908 1344 eum
1938 1290 2188 1366 vestigiis
2219 1288 2442 1354 Eusebii
2489 1299 2678 1344 monet
2709 1288 2965 1343 Petavius
3012 1288 3066 1341 in
3112 1286 3280 1352 notis,
3313 1301 3366 1355 p.
3401 1285 3490 1350 10,
3532 1297 3645 1337 non

355 1386 486 1426 raro
508 1383 691 1430 tamen
721 1379 946 1435 turbare
985 1390 1042 1435 et
1079 1382 1434 1450 ballucinari,
1460 1385 1602 1455 idem
1637 1402 1744 1439 non
1775 1402 1885 1442 uno
1920 1386 1976 1441 in
2001 1386 2122 1442 loco
2152 1385 2427 1450 observat.
2455 1385 2534 1439 Ad
2569 1385 2803 1440 hatresin
2838 1400 2889 1439 LI
2921 1380 3255 1438 conferenda
3285 1378 3484 1448 ΑΕςὶᾱῆ
3535 1376 3647 1430 Βυ-

356 1465 529 1519 cherii
551 1466 686 1521 diss.
718 1467 794 1523 De
825 1471 1071 1539 paschali
1101 1471 1413 1527 Judworum
1443 1475 1608 1544 cyclo.
1651 1474 1858 1530 Locum
1890 1476 2083 1531 haeres.
2121 1490 2349 1542 Lxxvm,
2379 1490 2434 1544 p.
2460 1474 2622 1542 1059,
2653 1474 2812 1539 aliter
2844 1471 2949 1548 legi
2982 1470 3166 1526 inms.
3202 1465 3644 1529 Vindobonensi,

355 1561 569 1616 notavit
604 1562 955 1629 Lambecius,
986 1565 1074 1633 Ill,
1107 1583 1160 1638 p.
1197 1569 1303 1624 196
1345 1568 1420 1641 [p.
1449 1569 1554 1624 486
1589 1586 1675 1641 sq.
1710 1570 1799 1626 ed.
1836 1568 2069 1640 Kollar].

424 1674 478 1727 5.
529 1674 1046 1744 ’Λνακεφαλαίιι›σις,
1081 1677 1306 1734 I’anurii
1351 1679 1592 1749 Epitomc
1637 1681 1703 1735 ad
1758 1681 1921 1736 eosde

2143 1679 2386 1752 byteros,
2414 1681 2674 1736 Acacium
2714 1689 2769 1736 et
2799 1679 3052 1746 Paulum,
3085 1689 3218 1735 tom.
3251 1676 3317 1742 ll,
3351 1693 3473 1749 pag.
3513 1674 3644 1732 126.

353 1764 658 1820 Videndum
697 1767 1018 1824 diversnsne
1051 1771 1122 1826 sit
1150 1771 1307 1839 λόγος
1344 1771 1605 1843 σύντομος
1633 1772 1742 1826 τῶν
1773 1774 1854 1843 αῐε

2144 1771 2188 1825 ui
2241 1787 2344 1826 ms.
2389 1771 2493 1827 fuit
2532 1773 2674 1843 apud
2710 1773 2923 1830 clariss.
2967 1773 3218 1832 Galeam,
3250 1779 3385 1826 teste
3430 1769 3645 1824 Caveo.

355 1856 524 1912 Fann.
556 1890 626 1898 —
653 1860 909 1929 Angusta:
935 1860 1147 1922 Vindel.
1187 1860 1241 1912 in
1272 1861 1391 1913 cod.
1422 1860 1551 1914 bibl.
1588 1861 1736 1929 publ.
1775 1860 1858 1914 bis
1889 1869 2067 1914 exstat
2100 1859 2386 1930 Epiphanii
2427 1863 2680 1932 synopsis’
2714 1862 3012 1929 Ιιωινεδεων,
3057 1878 3291 1932 quarum
3337 1869 3549 1914 matres
3596 1870 3652 1914 et

353 1955 626 2025 prototypi
661 1965 898 2025 quatuor
929 1965 1110 2022 erant,
1139 1973 1192 2010 n.
1229 1955 1632 2029 Βαρϐαρισμὸς,
1665 1955 1854 2010 Σκυθιε

2147 1957 2406 2028 ιηνισμὸς,
2434 1957 2784 2030 ’ἰουδαῖσμός.
2805 1959 2876 2013 ν.
2903 1956 3110 2013 Reiser.
3141 1957 3284 2023 Cal,"
3307 1973 3361 2028 p.
3381 1958 3446 2011 15
3464 1964 3529 2011 et.
3555 1955 3648 2018 25,

356 2047 410 2101 9.
441 2077 513 2087 -—
540 2047 756 2104 Dublini
787 2051 841 2103 in
872 2049 933 2106 Β.
968 2050 1158 2120 eolleg.
1193 2049 1250 2104 S.
1290 2049 1513 2116 'l‘rinit.,
1543 2051 1664 2107 cod.
1703 2052 1824 2118 157,
1851 2068 1896 2106 s.
1931 2051 1986 2105 in
2022 2051 2198 2106 Catal.
2231 2053 2348 2107 cod.
2382 2053 2608 2124 Anglice,
2643 2064 2774 2110 tom.
2803 2053 2887 2121 ll,
2914 2071 2967 2125 p.
3001 2054 3094 2118 24,
3128 2071 3184 2109 ιι.
3221 2055 3353 2122 278,
3373 2055 3460 2120 56,
3495 2057 3648 2108 Ana-

355 2140 717 2210 cephalwosis.
744 2141 896 2196 Alios
921 2142 1034 2211 jam
1071 2142 1138 2197 ad
1173 2158 1227 2196 ιι.
1258 2142 1279 2196 1
1316 2151 1369 2197 et
1392 2143 1427 2195 2
1455 2153 1618 2213 atque
1648 2143 1941 2197 editionem
1967 2141 2082 2198 Jos.
2112 2143 2250 2198 Mar.
2281 2143 2562 2201 Thomasii
2591 2146 2657 2201 ad
2686 2163 2740 2200 n.
2777 2147 2802 2198 1
2836 2147 3158 2202 memoravi.
3189 2145 3362 2201 "ARL.

429 2256 481 2310 4.
523 2258 658 2330 Περὶ
691 2258 903 2330 μέτρων
940 2260 1034 2313 καὶ
1062 2259 1336 2331 σταθμῶν,
1371 2260 1530 2315 Liber
1559 2260 1621 2315 de
1645 2261 1930 2331 ponderibu

2155 2263 2352 2329 usuris,
2390 2271 2525 2317 tom.
2560 2262 2623 2328 ll,
2674 2278 2798 2334 pag.
2830 2262 2954 2329 158,
2985 2279 3145 2334 quem
3188 2260 3472 2332 Epiphanii
3523 2276 3651 2315 esse

355 2355 652 2425 genuinum
690 2356 858 2411 fetum
889 2357 1033 2412 haud
1057 2358 1263 2424 dubito,
1296 2359 1421 2414 licet
1453 2360 1590 2414 levia
1620 2369 1674 2414 et
1699 2359 1882 2429 inepta
1915 2361 2081 2414 multa
2112 2362 2166 2415 in
2196 2375 2262 2415 eo
2283 2360 2687 2430 deprehendere
2713 2360 2815 2414 sibi
2845 2360 2995 2416 visus
3019 2361 3089 2416 sit
3117 2359 3344 2415 Latinus
3372 2359 3647 2425 Latinius,

357 2463 492 2506 tum.
525 2451 569 2506 Il
599 2451 796 2522 Epist.,
834 2469 955 2524 pag.
991 2455 1115 2509 144.
1144 2453 1356 2509 Partem
1386 2455 1740 2525 posteriorem
1775 2470 1806 2510 a
1836 2471 1956 2526 cap.
1995 2455 2059 2510 21
2109 2455 2294 2511 Graece
2323 2464 2376 2509 et
2405 2455 2596 2510 Latine
2632 2455 2874 2526 vulgavit
2919 2454 3230 2526 Stephanus
3272 2455 3323 2508 le
3363 2453 3563 2526 Moyue
3595 2456 3648 2507 in

367 2540 546 2598 Variis
577 2543 768 2608 sacris,
802 2552 934 2598 tom.
965 2543 1006 2610 l,
1038 2561 1089 2614 p.
1124 2543 1248 2610 470,
1280 2545 1594 2615 subjuncta,
1626 2561 1680 2615 p.
1716 2545 1842 2613 490,
1876 2546 2100 2616 antiqua
2133 2545 2384 2601 versione
2419 2546 2636 2610 Latina,
2663 2557 2791 2600 ante
2837 2547 3064 2602 inedita.
3096 2548 3176 2602 Ad
3217 2548 3400 2602 locum
3453 2563 3580 2618 cap;
3619 2548 3644 2602 1

357 2635 527 2706 hujus
559 2636 704 2703 libri,
735 2652 844 2706 qno
876 2647 1034 2692 notas
1068 2638 1303 2694 Biblicas
1338 2637 1563 2709 exponit
1591 2637 1952 2709 Epiphanius,
1978 2639 2326 2708 conjecturas
2366 2654 2516 2693 meas
2550 2638 2846 2708 aliquando
2879 2639 3148 2710 proposui
3174 2639 3236 2692 D.
3275 2638 3516 2710 Mayero,
3554 2639 3647 2708 qui

359 2746 448 2786 eas
467 2732 684 2803 probari
708 2733 811 2787 sibi
835 2736 1062 2788 testatu’s
1084 2745 1168 2790 est
1196 2734 1248 2788 in
1269 2734 1512 2789 Historia
1535 2722 1790 2790 versionis
1807 2731 2136 2788 Germaniam
2151 2732 2445 2786 Bibliorum
2466 2733 2531 2786 D.
2551 2732 2790 2799 Lutheri,
2818 2750 2872 2805 p.
2887 2734 3014 2788 210.
3036 2732 3214 2788 Locus
3227 2748 3277 2787 c.
3297 2732 3352 2798 4,
3381 2732 3471 2785 ubi
3499 2730 3652 2803 ἀρῶν

359 2825 647 2896 exponitur
665 2829 698 2898 ἡ
718 2827 816 2898 τῆς
833 2826 1097 2898 διαθήκης
1129 2825 1380 2889 κιϐωτός,
1402 2824 1639 2879 illustrat
1664 2824 1830 2878 verba
1856 2869 1860 2876 .

2165 2823 2514 2878 δίιιειίιιεΊίἱι.
2535 2839 2608 2877 Xlt
2626 2826 3048 2895 Anagogicarum
3066 2823 3564 2893 contentplalionum
3595 2824 3652 2875 in

359 2921 742 2983 Hexaemeron,
775 2934 896 2988 pag.
922 2917 1013 2983 26,
1047 2931 1211 2986 quem
1246 2916 1547 2985 intelligere
1573 2930 1632 2969 se
1663 2924 1820 2985 negat
1845 2915 2094 2970 eruditus
2124 2916 2414 2984 interpres.
2453 2913 2528 2970 De
2571 2917 2831 2986 operibus
2868 2916 2974 2971 illis
3017 2915 3206 2986 viginti
3258 2915 3498 2977 duobus,
3529 2929 3652 2982 quae

291 3031 293 3033 ί
359 3027 479 3080 cap.
512 3011 576 3064 21
609 3026 727 3080 seq.
753 3025 782 3063 a
821 3009 932 3063 Deo
962 3009 1181 3064 condita
1210 3009 1400 3064 scribit
1431 3009 1790 3079 Epiphanius,
1824 3025 2055 3080 quazque
2093 3011 2422 3080 respondere
2455 3010 2572 3063 vult
2606 3010 2830 3064 totidem
2869 3009 3023 3062 libris
3057 3005 3268 3061 Veteris
3308 3005 3650 3060 Testameuti

361 3103 665 3172 litterisque
709 3102 1006 3173 alphabeti,
1036 3103 1227 3158 confer
1273 3103 1625 3159 Lambecium
1658 3105 1754 3160 lib.
1784 3121 1867 3170 ιιι,
1912 3121 2034 3175 pag.
2072 3105 2162 3170 40,
2201 3107 2298 3160 101
2335 3117 2388 3161 et
2426 3105 2540 3161 196.
2577 3105 2745 3159 ΡΑιιιι.
2773 3136 2844 3144 —
2871 3104 2927 3159 ln
2960 3103 3082 3159 cod.
3113 3102 3354 3158 Vindob.
3386 3102 3526 3158 Cars.
3559 3103 3651 3164 89,

321 3249 325 3254 ,
360 3213 417 3250 ιι.
452 3195 553 3261 19;
587 3195 777 3250 Lamb.
814 3205 944 3250 tom.
975 3193 1061 3260 Ill,
1089 3211 1212 3266 pag.
1249 3194 1373 3261 485,
1412 3211 1467 3250 ιι.
1503 3197 1591 3259 19,
1625 3213 1749 3252 cum
1787 3216 1818 3251 ιι

2149 3200 2272 3253 ii.—
2301 3197 2689 3267 Fragmentum
2723 3198 2777 3250 in
2813 3196 3008 3252 Lamb.
3043 3196 3362 3260 Comment.,
3395 3207 3527 3250 tom.
3561 3194 3650 3261 111,

362 3298 417 3358 p:
441 3287 550 3342 479..
572 3299 627 3343 et
653 3287 780 3351 477,
815 3296 931 3342 tum
960 3287 1014 3341 in
1044 3287 1164 3343 cod.
1197 3285 1324 3353 282,
1357 3303 1410 3340 ιι.
1441 3287 1506 3351 5;
1534 3288 1658 3355 285,
1693 3306 1747 3343 ιι.
1781 3290 1863 3354 10,

2148 3289 2232 3353 rll,
2268 3307 2320 3359 p.
2351 3291 2476 3348 555.
2511 3290 2564 3342 in
2594 3290 2716 3344 cod.
2759 3289 2881 3353 155,
2911 3307 2968 3343 ιι.
2995 3289 3087 3356 22,
3119 3291 3213 3345 sed
3243 3291 3314 3345 ab
3343 3291 3432 3345 ed.
3461 3288 3649 3344 Petav.

361 3393 496 3436 tom.
529 3379 594 3446 ll,
621 3397 675 3452 p.
709 3381 831 3446 158,
863 3381 1001 3436 mire
1045 3381 1316 3451 dissentit,
1343 3383 1642 3440 adnotanle
1688 3385 1891 3440 Koliar.
1927 3386 1993 3440 ad
2025 3384 2090 3449 V,
2127 3401 2179 3454 p.
2213 3387 2309 3440 471
2349 3385 2409 3451 Β,
2445 3395 2498 3438 et
2531 3387 2596 3439 ad
2630 3383 2742 3450 Vll,
2772 3401 2826 3456 p.
2861 3385 2968 3441 555
2996 3387 3062 3441 Α.
3114 3386 3173 3442 ln
3218 3388 3340 3443 cod.
3375 3387 3500 3454 127,
3534 3405 3588 3442 n.
3619 3387 3656 3441 5

361 3485 415 3531 et
448 3475 501 3541 8,
530 3490 687 3546 opus,
720 3483 776 3530 at
808 3475 1081 3542 mtttilum,
1112 3477 1332 3548 legitur,
1363 3487 1498 3535 teste
1521 3479 1761 3536 Kollario
1808 3482 1859 3535 in
1912 3481 2179 3551 Supplem.
2222 3482 2291 3536 ad
2323 3481 2508 3535 Lamb.
2544 3482 2862 3548 Comment.,
2895 3500 2947 3554 p.
2983 3484 3087 3554 7'59
3121 3500 3235 3555 seq.
3271 3515 3344 3526 -—
3377 3484 3651 3538 Montfau-

362 3572 552 3627 con.in
582 3571 840 3642 Palwogr.
881 3571 997 3636 Gr.,
1027 3589 1080 3642 p.
1114 3571 1218 3628 565
1253 3589 1431 3645 seqq.,
1465 3577 1686 3646 copiose
1719 3577 1830 3646 agit
1857 3577 1922 3630 de
1964 3577 2106 3632 notis
2140 3592 2519 3630 mensurarum
2553 3592 2616 3631 ac
2648 3575 2976 3646 ponderum,
3011 3578 3156 3632 etde
3192 3577 3341 3632 notis
3373 3576 3652 3647 margina-

361 3668 508 3723 libus
535 3667 796 3722 librorum
822 3688 836 3737 ;
870 3684 994 3738 pag.
1027 3668 1132 3723 570
1159 3684 1312 3741 seqq.
1342 3687 1407 3726 ex
1437 3671 1740 3742 Epiphanio
1772 3673 1954 3742 po~uit
1979 3681 2144 3743 atque
2166 3673 2425 3742 explicuit
2449 3673 2686 3728 tabulam
2719 3683 2970 3728 notarum
2999 3688 3099 3743 pro
3131 3674 3406 3727 mensuris
3435 3681 3488 3726 et
3514 3687 3652 3742 prin-

362 3760 608 3816 deribus.
643 3792 714 3801 —
744 3760 906 3815 Breve
935 3773 1234 3831 excerptum
1276 3765 1340 3818 de
1385 3767 1667 3829 mensuris,
1695 3777 1824 3831 etc.,
1861 3766 1915 3819 in
1949 3765 2072 3820 cod.
2102 3766 2360 3820 Laurent.
2390 3765 2480 3830 58,
2518 3781 2668 3819 ιιιιιιι.
2701 3765 2755 3829 8,
2785 3766 2919 3835 plut.
2953 3766 3046 3832 59,
3077 3775 3214 3820 teste
3259 3763 3497 3819 Bandin.
3529 3764 3650 3820 Cat.

363 3851 519 3904 codd.
560 3847 677 3914 Gr.,
711 3860 842 3905 tom.
878 3850 939 3926 ll,
980 3868 1101 3923 pag.
1134 3855 1258 3921 570,
1307 3855 1481 3911 Paris.
1513 3858 1571 3910 ln
1603 3857 1665 3910 Β.
1697 3857 1844 3926 punl.
1875 3872 2116 3927 qumque
2143 3855 2302 3910 codd.
2338 3867 2423 3910 est
2448 3855 2643 3925 Epiph.
2673 3856 2768 3910 lib.
2801 3855 2878 3909 De
2910 3856 3154 3925 ponder.,
3187 3864 3292 3910 etc.
3331 3852 3410 3928 ν.
3439 3854 3551 3908 ind.
3583 3853 3655 3906 ad

361 3943 471 3999 vol.
512 3942 555 3997 ll
611 3943 726 4000 Cat.
755 3945 932 4012 CGdd.,
966 3963 1017 3999 ν.
1051 3948 1322 4024 Epiplzan.‘
1349 3947 1405 4001 In
1435 3948 1557 4024 eod.
1599 3948 1700 4001 116
1734 3949 2039 4002 membran.
2070 3947 2154 4002 est
2182 3956 2372 4002 catena
2403 3947 2457 4001 in
2492 3945 2736 4001 Psalmos
2769 3962 2833 4000 ex
2864 3945 3166 4016 Epiphanio
3196 3946 3432 4015 aliisque
3467 3945 3654 4000 nutltis

366 4037 728 4106 scriptoribus
759 4017 1146 4095 ecclesiasticis
1173 4017 1888 4095 contexta:Prazmittnntur
1937 4041 2109 4095 instar
2141 4039 2448 4111 Prolegom.
2486 4040 2504 4093 1
2534 4081 2548 4106 ,
2597 4038 2863 4107 Excerpta
2885 4054 2951 4093 ex
2981 4037 3256 4110 Epiplt.{de
3285 4035 3442 4091 LXX
3475 4035 3655 4090 Inter-

365 4124 621 4193 pretibus,
647 4127 868 4196 aliisque
897 4129 1168 4181 variarum
1187 4129 1482 4182 vei-sianum
1507 4131 1834 4196 auctoribus,
1873 4140 1949 4196 et,
1978 4132 2013 4183 2
2040 4146 2206 4186 anon.
2234 4132 2300 4185 de
2328 4131 2516 4186 eodem
2547 4139 2869 4201 argumento
2893 4143 3165 4200 excerpta.
3199 4128 3411 4187 Pariter
3445 4130 3500 4184 in
3526 4129 3650 4184 eod.

363 4215 565 4271 Medic.
602 4213 657 4280 5,
699 4217 835 4286 plut.
885 4217 940 4282 6,
969 4218 1062 4288 qui
1096 4219 1339 4273 continet
1371 4209 1559 4274 Calen.
1592 4218 1816 4274 Patrum
1870 4222 1925 4275 in
1973 4220 2245 4285 Psalmos,
2290 4220 2638 4292 praemittitur
2674 4219 2866 4290 Epiph.
2895 4218 2958 4272 de
2997 4218 3144 4274 LXX
3178 4217 3493 4288 Interpret.,
3524 4229 3652 4283 etc.,

365 4311 482 4366 sive
509 4312 690 4383 potius
736 4313 972 4388 epitome
1000 4327 1190 4368 eorum
1222 4330 1342 4383 quae
1371 4313 1566 4385 Epiph.
1600 4316 1654 4369 in
1703 4316 1843 4370 libro
1875 4315 1952 4370 De
1981 4316 2322 4386 ponderibus,
2357 4323 2486 4382 etc.,
2515 4315 2795 4369 memoriae
2829 4313 3089 4383 prodidit,
3123 4312 3300 4367 indice
3331 4311 3564 4366 Bandin.
3599 4311 3654 4365 in

365 4403 488 4462 Cat.
513 4406 669 4459 codd.
697 4403 789 4460 Gr.
817 4405 1009 4470 Laur.,
1037 4405 1077 4471 l,
1105 4423 1159 4477 p.
1189 4406 1279 4460 87.
1305 4406 1468 4476 Atqui
1494 4405 1842 4461 Montl‘aucon
1872 4417 1910 4462 ι.
1941 4408 1961 4462 l
1999 4409 2223 4477 Hexapl.
2261 4406 2504 4476 Origenis
2535 4405 2748 4478 (Paris.
2767 4405 2925 4468 1715,
2953 4404 3097 4475 fol.),
3125 4420 3176 4474 p.
3201 4404 3269 4459 86
3291 4419 3447 4474 seqq.
3476 4403 3655 4473 prole-

365 4514 578 4568 gomen.
609 4498 698 4564 (in
734 4497 978 4552 Babrdtii
1013 4499 1099 4554 ed.
1131 4508 1169 4554 t.
1205 4497 1246 4561 Ι,
1279 4514 1403 4569 pag.
1440 4497 1722 4570 177-182),
1761 4515 1827 4554 ex
1861 4500 1982 4554 cod.
2020 4516 2133 4570 reg.
2161 4499 2333 4553 Paris.
2367 4497 2492 4562 146,
2521 4513 2586 4551 ac
2612 4496 2872 4552 Vaticano
2896 4495 3084 4560 edidit,
3111 4493 3168 4549 S.
3193 4493 3486 4564 Epiphanii
3516 4493 3652 4562 Περὶ

365 4587 483 4640 τῶν
508 4593 564 4642 0'
600 4588 1013 4659 Ἐρμηνευτῶν
1037 4589 1134 4643 καὶ
1167 4587 1282 4641 τῶν
1302 4588 1866 4658 παρερμηνευσὰντο

2152 4589 2249 4643 XX
2285 4587 2659 4657 lnterpretibus
2695 4594 2742 4642 el
2771 4589 2834 4642 de
2857 4588 2978 4642 aliis
3001 4587 3093 4657 qui
3131 4603 3278 4640 secus
3314 4588 3653 4656 interpretati

367 4690 510 4748 sunt,
537 4666 810 4749 epitomen
846 4697 1061 4746 eorum,
1090 4683 1184 4737 sed
1219 4681 1558 4736 diderentem
1591 4682 1644 4735 in
1680 4683 2031 4752 quibusdam,
2069 4697 2191 4752 quze
2223 4682 2274 4735 in
2305 4680 2594 4750 Epiphanii
2624 4679 2762 4734 libro
2798 4679 2868 4732 De
2900 4678 3216 4750 ponderibus
3258 4695 3322 4731 ac
3368 4678 3651 4741 mensuris,

366 4773 434 4828 de
465 4776 655 4829 eodem
686 4785 1009 4846 argumento
1047 4777 1320 4846 leguntur.
1355 4772 1429 4829 De
1469 4774 1692 4846 Syriaca
1722 4775 1956 4845 epitome
1991 4773 2326 4828 narrationis
2357 4771 2628 4842 Epiplian.
2665 4787 2716 4824 v.
2753 4770 2925 4825 Bruns
2964 4771 3015 4824 in
3048 4769 3367 4826 Eicbbornii
3398 4769 3651 4837 Reperio-

367 4864 448 4935 rio
474 4863 563 4934 [ειν
593 4863 719 4919 bibl.
755 4882 810 4920 ιι.
840 4864 1328 4936 morgenlundische
1363 4863 1680 4929 Litteratur,
1714 4872 1854 4934 part.
1889 4881 1997 4941 xw,
2028 4880 2080 4935 p.
2113 4865 2218 4937 591
2248 4879 2400 4935 seqq.
2439 4861 2596 4918 Conl‘.
2631 4877 2817 4932 supra,
2851 4863 2954 4917 vol.
2987 4859 3077 4925 111,
3104 4878 3226 4932 pag.
3256 4861 3362 4918 690
3394 4878 3546 4933 seqq.
3583 4889 3654 4900 -

441 5131 517 5201 (τι)
561 5131 946 5202 Melancltthon
969 5174 982 5199 ,
1021 5150 1094 5199 tv,
1146 5135 1306 5203 epist.
1342 5136 1431 5201 89,
1471 5139 1535 5192 ad
1568 5137 1874 5197 Camerar.,
1911 5153 1961 5188 a.
2067 5145 2224 5190 serta:
2251 5145 2396 5196 sunt,
2422 5143 2471 5202 et
2499 5132 2696 5187 alicubi
2727 5131 3047 5203 negligenter
3076 5133 3406 5203 perscriptis.

371 5198 511 5276 15211
541 5222 553 5256 :
579 5205 777 5276 Attuli
803 5221 836 5257 a
869 5198 1052 5275 Lango
1083 5198 1186 5259 huc
1225 5198 1515 5276 Epipltanii
1553 5208 1764 5263 Grrccos
1801 5207 1966 5260 libros
2098 5205 2101 5209 ’
2141 5209 2217 5270 (b)
2257 5206 2320 5259 D.
2358 5199 2706 5276 Christianus
2738 5198 3229 5276 Kortboltus'nolls
3267 5198 3332 5257 ad
3375 5201 3648 5276 Justian

371 5274 508 5347 Περὶ
535 5274 824 5345 αἱρέσεων,
853 5271 1110 5347 qui_inihi
1141 5271 1290 5330 valde
1320 5271 1546 5345 placent.
1581 5278 1964 5346 Propemodum
2066 5286 2394 5347 martyrem“,
2435 5293 2488 5346 p.
2519 5277 2617 5340 41;
2651 5273 2884 5347 Dalmatis
2916 5273 2992 5347 De
3021 5290 3120 5347 usu
3141 5271 3410 5347 ΔΡιιι-ι-ιι-ιιι,
3443 5273 3647 5347 νζ272.

370 5343 655 5398 historian:
702 5348 892 5400 veteris
927 5344 1183 5401 Ecclesia:
1211 5343 1498 5402 continent.
1541 5348 1620 5402 Ea:
1651 5343 1733 5401 his
1762 5348 1871 5401 dect

2150 5343 2228 5416 Tc)'
2255 5343 2520 5409 Pltotins,
2567 5347 2717 5416 cod,
2756 5343 3201 5416 12_2,"A605vi1;
3231 5343 3288 5396 δὲ
3323 5345 3387 5416 ἐκ
3423 5343 3515 5397 τοῦ
3560 5344 3651 5396 ἐπὶ

369 5430 643 5502 ς;ςριίιιει·ε
689 5417 980 5502 ἐπι-ξομήν.
1005 5417 1285 5499 βιρρῐει.
1323 5419 1392 5472 90
1421 5439 1434 5474 :
1471 5418 1749 5502 ςιστορικά
1779 5419 1833 5471 in
1874 5419 1978 5492 illo,
2069 5413 2322 5502 πλεῖάῖον
2351 5419 2408 5471 ὲν
2435 5419 2555 5481 ταῖς
2591 5414 2735 5470 κατὰ
2762 5414 2870 5467 τῶν
2900 5413 3176 5489 angustiam
3212 5415 3480 5486 αἱρέσεων
3515 5429 3651 5484 συμ-

369 5485 508 5538 libro
541 5499 662 5541 sunt
699 5489 890 5550 multa,
916 5485 969 5541 et
1001 5485 1312 5560 indicantur
1343 5491 1510 5560 magis
1537 5485 1768 5558 quidem,
1800 5487 1978 5558 quint
2068 5491 2318 5560 πλοκαῖς.

369 5565 806 5631 reponunturere
835 5573 940 5624 res,
967 5559 1250 5631 qumalibi
1299 5576 1399 5631 non
1427 5554 1659 5614 exstant.
1703 5554 1960 5631 Dispula-
2079 5560 2216 5631 __(d)
2260 5558 2522 5627 Scaliger.
2569 5559 2635 5614 ad
2683 5557 2886 5631 Euseb.
2929 5562 3000 5631 et‘
3039 5555 3093 5609 in
3145 5554 3649 5631 _Scaligerianis,et

373 5626 451 5701 tio
484 5636 661 5680 autem
703 5628 861 5701 hujus
909 5625 1144 5701 auctoris
1172 5631 1307 5700 ,περὶ
1349 5630 1636 5701 δογμάτων
1666 5640 1714 5684 et
1748 5625 1958 5699 langui-
2075 5625 2290 5701 Eleu'clg.
2325 5625 2610 5696 lrilireres.,
2641 5645 2690 5682 ιι.
2725 5629 2790 5701 1.:5
2817 5643 2830 5691 ;
2861 5625 2929 5680 ls.
2963 5625 3342 5701 Casaulggtus,
3370 5638 3479 5682 etc.

373 5696 494 5774 (tor
523 5707 638 5765 est,
668 5709 718 5754 et
763 5695 872 5754 illa:
912 5700 1072 5754 etiam
1113 5695 1460 5756 narrationes
1497 5717 1599 5756 non
1650 5695 1959 5771 ubique'di-
2139 5703 2209 5772 (ρ)
2250 5699 2482 5758 Dallteus
2517 5701 2591 5756 De
2622 5717 2720 5754 usu
2751 5697 2997 5765 Patrum,
3033 5711 3086 5765 p.
3134 5695 3257 5750 158.
