3778 6276
1191 233 1474 293 ΝΟἸΊΤΙΔ
1511 236 1583 293 IN
1614 238 1673 295 S.
1713 234 2156 302 EPIP'l-‘IANIUM.

1826 234 2156 302 P'HANIUM.
3258 269 3317 313 ιι

123 345 178 401 υς
204 345 457 416 ερίριηηίί
501 348 816 406 narratione
844 365 965 421 cap.
996 350 1050 417 5,
1082 352 1137 417 6,
1171 354 1224 419 9,
1253 356 1322 410 10
1344 366 1397 412 et
1427 358 1515 424 11,
1545 359 1613 415 de
1642 360 1894 418 versione
1941 361 2083 417 LXX
2114 363 2207 420 Gr.
2236 363 2599 438 epistolisque.
2638 365 2783 439 regis
2809 364 2948 422 Ptol.
2976 368 3044 424 ad
3074 368 3317 440 Juilzeos,

121 454 159 496 et
182 442 236 495 de
260 442 808 534 comparataAristea:
838 447 1153 501 narratione
1184 449 1290 504 late
1314 449 1536 506 disserit
1567 453 1635 508 cl.
1670 451 1801 509 Ern.
1831 454 1981 510 Frid.
2012 456 2139 511 Car.
2172 457 2553 515 Rosenmiiller
2583 460 2637 515 in
2671 481 2684 517 :
2712 461 3007 518 Handbuclt
3037 464 3126 534 fur
3153 465 3322 521 Litte-

122 533 479 631 retardet-bibl.
518 533 695 589 Kritik
727 541 835 593 und
863 540 1113 612 Exegese,
1147 554 1280 600 tom.
1308 543 1375 613 Il,
1408 561 1463 616 p.
1495 546 1600 602 570
1629 564 1805 620 seqq.,
1836 549 2079 621 Gotting.
2110 552 2271 618 1798,
2299 552 2376 617 8°,
2418 562 2474 609 et
2520 570 2574 626 p.
2611 555 2857 628 412seq,
2887 586 2958 599 —-
2982 533 3122 616 Add.
3158 559 3321 631 Bayle

122 628 197 681 loc.
216 629 290 681 cit.
325 626 487 685 Ηλιιι..

169 726 210 777 5.
247 724 520 791 Epistolam
550 729 619 781 ad
643 728 903 785 Joannem
926 733 1467 805 Hierosolymitanum
1513 736 1534 807 (
1555 738 1696 792 male
1726 736 2373 807 Constantinopolitanum
2411 742 2576 798 habet
2606 742 2889 810 Possevin.
2914 747 2933 820 )
2978 749 3321 820 episcopum,

120 820 181 871 cui
205 823 534 889 arrogantiam
567 833 619 877 et
650 826 899 895 Origenis
940 828 1309 885 defensionem
1357 831 1672 900 exprobrat,
1709 828 1899 887 Latine
1941 844 2152 890 tantum
2196 851 2263 907 ex
2308 838 2557 893 versione
2600 839 2934 912 Hieronymi.
2963 843 3055 913 qui
3086 844 3232 899 illius
3265 846 3319 900 in

116 915 233 981 epist.
263 916 453 980 I0l,ad
493 917 839 988 Pammach.,
866 926 1133 991 meminit,
1165 934 1300 982 tom.
1332 926 1376 980 II
1405 926 1701 998 Epiphan.,
1732 946 1788 1000 p.
1816 930 1941 985 512.
1974 930 2080 985 Pro
2112 943 2352 989 extrema
2381 944 2534 1005 parte
2563 936 2729 1008 hujus
2752 939 2995 1009 epistolae
3024 940 3238 996 laudata
3265 943 3328 1005 in,

116 1010 543 1107 LilrisrCarolinis,
579 1034 653 1085 iv,
689 1020 780 1085 25,
813 1029 867 1076 et
906 1024 1115 1093 synodo
1146 1023 1346 1089 Paris.,
1381 1040 1436 1095 p.
1464 1026 1588 1091 555,
1625 1025 1700 1079 De
1730 1027 2072 1097 imaginibus,
2109 1044 2231 1100 cap.
2265 1030 2317 1098 7,
2361 1042 2415 1086 et
2460 1047 2489 1086 a
2522 1032 2963 1104 Tuhingensibus
2991 1035 3059 1089 ad
3089 1037 3321 1107 patriar—

114 1108 232 1160 cbam
256 1106 549 1177 Jeremiam,
578 1129 685 1183 qua
715 1132 849 1173 usus
889 1118 1187 1190 imaginum
1232 1123 1286 1177 in
1321 1122 1560 1179 Ecclesia
1598 1106 1959 1193 improbatur,
1989 1124 2179 1180 confer
2201 1142 2325 1196 qua:
2351 1127 2631 1184 disserunt
2654 1129 2865 1186 Natalis
2889 1129 3045 1189 Alex.
3080 1106 3206 1189 saec.
3247 1148 3325 1201 Iv,

114 1214 201 1293 cap.
225 1201 270 1265 6,
296 1210 391 1257 art.
426 1204 530 1266 28;
567 1203 716 1262 Elias
746 1208 817 1263 du
850 1208 949 1264 Pin
984 1220 1118 1265 tom.
1152 1211 1196 1266 II
1236 1211 1495 1268 Biblioth.
1522 1212 1731 1278 eccles.,
1760 1229 1885 1285 pag.
1927 1214 2054 1282 297,
2089 1231 2154 1272 ac
2183 1218 2458 1289 praeipue
2488 1217 2539 1275 Ι.
2573 1218 2809 1278 Dallaius
2848 1219 2928 1275 De
2974 1221 3319 1293 imaginibus.

113 1291 181 1343 lib.
206 1308 254 1356 n,
278 1310 387 1365 cap.
414 1296 464 1350 4.

162 1387 201 1444 S.
235 1388 459 1459 Epistola
488 1393 671 1453 brevis
702 1400 773 1453 ad
804 1403 1209 1474 Hieronymum,
1239 1419 1348 1474 qua
1395 1404 1513 1474 ejus
1541 1413 1594 1460 et
1621 1404 1909 1476 Theophili
1944 1405 2099 1463 Alex.
2138 1407 2313 1463 zelum
2345 1407 2609 1463 adversus
2633 1403 2922 1479 Origenem
2951 1410 3167 1480 probat.
3195 1408 3331 1467 Haec

110 1482 253 1577 latine
277 1484 463 1577 legitur
488 1490 632 1545 inter
658 1496 917 1563 epistolas
954 1499 1268 1570 Hieronymi
1303 1500 1392 1564 75,
1415 1513 1469 1556 et
1493 1500 1779 1571 Theophili
1808 1502 1964 1557 libris
1989 1509 2006 1571 (
2033 1503 2147 1559 sive
2170 1503 2415 1574 epistolis
2449 1503 2633 1574 potius
2657 1504 2675 1570 )
2705 1504 3058 1572 paschalibus
3086 1506 3322 1577 praeﬁgi-

109 1581 174 1624 nn
200 1572 245 1625 in
283 1575 656 1649 Haresiologia
688 1580 927 1650 Heroldi,
968 1602 1092 1656 pag.
1124 1585 1248 1651 615,
1276 1595 1331 1641 et
1369 1588 1422 1641 in
1454 1587 1797 1644 Bibliothecis
1834 1589 2091 1655 Patrum;
2121 1599 2177 1645 at
2206 1572 2239 1646 a
2267 1572 2490 1648 Petavio
2515 1594 2720 1649 omissa
2743 1603 2845 1650 est.
2879 1596 3035 1666 Apud
3065 1572 3320 1652 eumdem

108 1667 431 1741 Hieronymum
460 1686 645 1731 exstat
672 1688 723 1733 et
754 1679 985 1751 epistola
1016 1680 1131 1753 [66]
1157 1680 1442 1753 TheOphili
1464 1684 1620 1739 Alex.
1648 1685 1716 1739 ad
1739 1684 2125 1756 Epiphanium.
2152 1684 2397 1743 Fsua.—
2420 1687 2495 1744 De
2518 1698 2748 1758 utraque
2773 1691 3002 1759 epistola
3030 1707 3083 1751 v.
3114 1702 3229 1747 not.
3253 1689 3322 1756 Β,

107 1761 146 1814 in
171 1761 304 1834 Baer
330 1765 493 1831 Dict.,
529 1779 589 1822 v°
613 1768 833 1842 Epiph.,
865 1789 920 1843 p.
948 1774 1038 1830 44.
1080 1804 1152 1817 --
1202 1775 1490 1846 Epiplianii
1517 1779 1671 1847 epist.
1709 1779 1778 1831 ad
1806 1782 2116 1849 Hieronym.
2149 1792 2233 1836 est
2254 1778 2433 1839 Oxon.
2464 1782 2518 1837 in
2548 1782 2671 1838 cod.
2704 1781 2775 1836 20
2808 1782 2938 1839 bibl.
2968 1785 3178 1853 collegii
3213 1786 3317 1840 Ba-

105 1856 269 1955 hal-ens.
297 1875 343 1955 Ξ.
366 1878 435 1955 n.
458 1862 569 1955 420
600 1864 722 1955 Cat.
752 1868 907 1922 codd.
952 1869 1135 1941 Angl.,
1172 1880 1305 1928 tom.
1336 1870 1375 1938 I,
1407 1881 1551 1943 part.
1584 1889 1644 1937 η,
1674 1889 1728 1943 p.
1764 1873 1851 1938 10,
1882 1883 1937 1930 et
1964 1874 2183 1930 Dublini
2210 1874 2264 1931 in
2302 1877 2425 1931 cod.
2474 1877 2528 1941 7,
2556 1880 2625 1933 12
2670 1882 2757 1951 (s.
2788 1898 2847 1939 n.
2875 1881 2977 1936 147
3017 1881 3139 1939 Cat.
3174 1884 3326 1955 cit.),

103 1947 195 2039 coll.
224 1946 271 2003 s.
296 1949 596 2022 Trinitatis,
634 1954 808 2012 Paris.
838 1957 891 2011 in
922 1956 982 2014 Β.
1016 1960 1164 2029 publ.
1199 1961 1343 2016 inter
1386 1962 1547 2016 codd.
1580 1961 1759 2019 Latin.
1789 1964 1844 2017 in
1889 1965 2015 2018 cod.
2043 1964 2204 2029 1890,
2233 1981 2287 2019 n.
2318 1966 2385 2025 I:
2418 1965 2613 2036 Epiph.
2643 1946 2803 2039 epist.
2832 1971 2899 2025 ad
2930 1969 3088 2027 Joan.
3126 1946 3322 2028 Hiero;

103 2038 425 2136 soljniitanum
456 2051 516 2095 et
537 2046 596 2097 in
621 2045 779 2100 codd.
807 2046 950 2100 2172
978 2058 1031 2102 et
1058 2066 1173 2120 seq.
1203 2066 1288 2123 ep.
1308 2052 1374 2106 ad
1412 2051 2145 2124 lIieronymum.-—Venetiis
2170 2056 2221 2110 in
2254 2056 2580 2113 B.Michael.
2611 2038 2745 2117 teste
2773 2059 3165 2136 Mittarelliojn
3196 2061 3319 2120 Cat.

102 2133 239 2200 cadi,
260 2151 309 2204 p.
334 2137 454 2203 551,
484 2148 542 2195 et
579 2140 635 2195 in
664 2141 790 2198 aliis
820 2143 1177 2213 epistolarum
1215 2145 1437 2203 Hieron.
1463 2149 1623 2204 codd.
1654 2159 1819 2220 atque
1851 2150 1975 2207 edd.
2006 2180 2078 2192 —
2107 2150 2163 2207 la
2196 2150 2318 2208 cod.
2351 2152 2580 2210 Coislin.
2613 2152 2749 2219 505,
2793 2153 2888 2209 I'ol.
2917 2152 3043 2220 207,
3091 2133 3221 2212 sunt
3264 2156 3321 2211 in

102 2245 177 2319 una
202 2242 247 2286 et
270 2234 482 2290 dimidia
528 2235 733 2306 pagina
775 2239 1023 2307 quaedam
1052 2255 1118 2296 ea:
1148 2240 1437 2311 Epiphanii
1467 2242 1531 2299 de
1562 2243 1804 2315 Origene,
1831 2252 1970 2301 teste
1994 2244 2365 2302 Montlaucon.
2383 2247 2437 2301 in
2464 2245 2721 2301 Bibliotli.
2759 2244 3007 2312 Coislin.,
3035 2262 3159 2319 pag.
3193 2247 3318 2302 421.

101 2318 217 2377 Hist.

151 2419 193 2473 7.
224 2421 340 2493 napi
365 2422 471 2478 τῶν
494 2424 711 2479 δώδεκα
740 2424 926 2490 λίθων,
959 2426 1037 2482 De
1061 2429 1277 2498 gemmis
1309 2427 1364 2483 in
1392 2438 1544 2486 veste
1571 2430 1643 2485 Aa

1860 2431 2064 2489 Praeter
2095 2449 2206 2490 rem
2249 2431 2731 2506 optimus‘Caveus
2774 2433 2976 2491 librum
3025 2433 3103 2490 De
3130 2433 3324 2503 lapidi-

103 2517 169 2569 ιιι
192 2517 313 2574 inter
341 2520 539 2576 inedita
577 2521 868 2592 Epiphanii
897 2520 1086 2577 refert.
1122 2520 1233 2579 Nec
1266 2524 1451 2581 minus
1481 2524 1766 2593 falluntur,
1811 2529 1903 2596 qui
1940 2529 2139 2583 librum
2191 2530 2337 2585 hunc
2380 2529 2685 2600 Epiphanio
2733 2530 3072 2600 abjudicant.
3114 2528 3327 2588 Prodiit

101 2628 191 2667 cum
216 2617 445 2671 versione
482 2616 617 2672 Iolae
644 2616 920 2681 Hieronis,
956 2615 1264 2681 Tarentini,
1291 2616 1478 2689 Tignri
1514 2619 1673 2685 1582,
1706 2631 1867 2692 atque
1906 2622 1959 2676 in
1988 2621 2195 2677 Petavii
2225 2624 2381 2686 edit.,
2412 2633 2545 2677 tom.
2577 2622 2641 2690 ll,
2683 2640 2739 2694 p.
2766 2625 2893 2692 225,
2943 2636 3059 2680 tum
3097 2626 3152 2681 in
3188 2626 3326 2681 Mat»

100 2704 191 2759 Ilii:
214 2704 378 2762 Hilleri
411 2708 558 2763 libro
588 2708 664 2761 De
694 2708 970 2763 duodecim
995 2710 1231 2779 lgemmis
1262 2710 1313 2763 in
1342 2712 1600 2780 pectorali
1640 2714 1834 2767 summi
1856 2714 2144 2783 pontiﬁcis,
2178 2713 2411 2785 Tubing.
2450 2714 2607 2781 I698,
2630 2712 2726 2777 35°,
2753 2723 2807 2770 et
2857 2716 2912 2771 in
2956 2715 3323 2788 Syntagmatis

98 2797 182 2866 ejus
200 2798 598 2863 hermeneuticis,
626 2800 788 2865 1711,
814 2798 890 2861 4ο,
924 2802 1018 2868 qui
1047 2800 1458 2856 observationes
1487 2817 1618 2858 suas
1646 2811 1702 2857 et
1731 2803 1989 2859 Salmasii
2021 2805 2117 2875 (ex
2148 2801 2417 2858 Pliniants
2449 2803 2571 2873 ejus
2608 2805 2923 2861 Exercitatt.
2953 2808 3023 2861 ad
3054 2806 3327 2878 Solinum)

98 2890 268 2945 addidit.
289 2889 424 2945 Idem
458 2907 514 2961 p.
550 2891 657 2947 110
688 2901 860 2959 notat,
892 2894 960 2950 de
989 2896 1219 2965 gemmis
1255 2904 1381 2950 ante
1415 2894 1779 2966 Epiphanium
1823 2894 2114 2965 scripsisse
2140 2893 2583 2964 Theophrastum
2619 2892 2892 2962 Eresium,
2928 2896 3193 2959 Dioclem,
3221 2894 3325 2949 ,ιιι-
3372 2904 3380 2909 ·

99 2984 205 3048 bam,
234 2984 560 3042 Mauritania:
584 3001 795 3056 regem,
827 2987 1191 3044 Xenocratem
1220 2988 1542 3059 Ephesium,
1589 2987 1873 3049 Sudinem,
1910 2985 2278 3040 Metrodorum
2310 2984 2617 3055 Scepsium,
2657 2985 2935 3058 Satyrum,
2965 2986 3185 3057 Ajacem
3217 2984 3329 3041 Pli-

100 3078 327 3141 stonicem,
368 3077 804 3143 Demostratum,
850 3077 1231 3142 Zenothemin,
1280 3078 1561 3143 Sotacum,
1585 3077 1981 3144 Callistratum,
2012 3075 2304 3132 Ismeniam
2349 3074 2717 3148 Olympicum,
2753 3076 3108 3141 Archelaum,
3143 3079 3239 3148 qui
3270 3076 3338 3130 in.

97 3163 374 3235 Cappadocia
422 3166 699 3238 regnavit,
737 3164 967 3233 Horum,
1000 3166 1389 3235 Democritum,
1429 3168 1798 3232 Zoroastrem,
1830 3166 2149 3221 Zachariam
2182 3166 2537 3239 Babylonium
2582 3175 2639 3222 et
2673 3168 2904 3223 alterum
2938 3167 3333 3231 Xenocratem.

98 3255 409 3315 Conlerendus
445 3259 618 3314 etiam
672 3257 773 3313 Ed.
803 3257 1154 3313 Bernhardus
1196 3258 1346 3313 notis
1393 3258 1461 3312 ad
1510 3256 1831 3327 Josephum,
1865 3272 1987 3327 pag.
2026 3255 2128 3310 180
2158 3271 2299 3325 seq.,
2331 3266 2386 3309 et
2434 3253 2483 3311 .l.
2516 3255 2789 3312 Brannius
2823 3256 2917 3311 lib.
2954 3272 2991 3311 Il
3036 3255 3114 3311 De
3139 3254 3329 3312 vestitu

97 3353 370 3407 sacerdotum
399 3352 593 3419 Hebr.,
630 3366 753 3421 cap.
775 3350 808 3405 8
840 3365 958 3421 seq.
998 3347 1054 3404 In
1085 3349 1343 3405 omnibus
1379 3349 1465 3404 his
1494 3348 1826 3403 editionibus
1856 3347 2057 3402 omissa
2089 3356 2175 3403 est
2201 3346 2488 3417 Epip/tanii
2514 3351 2738 3419 epistola
2763 3353 2833 3406 ad
2864 3351 3158 3407 Diodorum
3189 3349 3330 3407 Tar-

96 3462 272 3510 sensem,
298 3448 378 3502 cui
404 3448 614 3503 librum
651 3448 1019 3519 consecravit,
1046 3462 1167 3516 quae
1198 3444 1390 3500 Latine
1414 3454 1594 3501 exstat
1624 3446 1765 3517 apud
1803 3444 2144 3508 Facundum,
2180 3445 2269 3499 lib.
2303 3461 2376 3511 iv,
2422 3461 2471 3503 c.
2507 3447 2563 3513 5,
2598 3456 2727 3503 tom.
2762 3447 2805 3503 II
2839 3446 2978 3520 Opp.
3023 3448 3326 3515 Sirmondi,

96 3549 135 3600 p.
166 3534 269 3589 5l7.
310 3535 672 3611 llieronymus
700 3518 861 3604 epist.
895 3535 997 3589 128
1028 3534 1104 3589 De
1123 3536 1306 3589 restitu
1336 3534 1689 3603 sacerdotum,
1717 3536 1786 3589 ad
1814 3534 2134 3590 Fabiolam:
2164 3533 2421 3605 Sufficiat,
2446 3539 2584 3607 quod
2608 3547 2657 3593 et
2678 3518 2899 3594 sanctus
2922 3518 3062 3611 papa
3093 3539 3328 3610 Epipha-

97 3628 188 3680 nius
216 3632 460 3700 egregium
495 3646 660 3699 super
696 3629 792 3683 hoc
820 3629 923 3697 (de
952 3628 1183 3699 gemmis
1214 3627 1527 3694 duodecim,
1560 3626 1691 3697 quid
1729 3641 2075 3696 unaquaeque
2102 3626 2295 3691 valeat,
2329 3633 2383 3680 ct
2434 3628 2707 3696 quomodo
2752 3628 3048 3684 virtutibus
3097 3628 3335 3699 singulae

94 3721 460 3790 cnmparentur)
498 3714 754 3774 columen‘
779 3718 987 3781 edidit;
1015 3716 1156 3789 quod
1191 3718 1238 3771 si
1272 3718 1437 3787 legere
1465 3717 1713 3782 volueris,
1747 3717 2113 3787 plenissimam
2146 3717 2425 3771 scientiam
2450 3721 2804 3791 consequeris.
2834 3720 3065 3777 Arethss
3088 3720 3155 3775 ad
3189 3721 3333 3791 Apo.

94 3808 246 3876 ralyps.
280 3827 343 3875 Iv,
368 3812 421 3874 5,
449 3813 516 3866 de
548 3810 730 3879 lapide
771 3810 955 3865 sardio
983 3828 996 3863 :
1026 3808 1191 3877 Λέγει
1225 3808 1333 3879 γὰρ
1364 3810 1392 3862 ὁ
1420 3808 1586 3878 μέγας

1839 3825 1939 3867 νιος
1976 3808 2247 3879 ἰατρεύειν
2287 3807 2574 3879 οἰδήματα,
2609 3819 2717 3865 etc.
2766 3808 3053 3881 Epitomen
3083 3809 3331 3864 ediderat

44 3914 51 3922 ‘
92 3903 326 3962 Conradus
348 3908 625 3963 Gesnerns
655 3920 780 3961 cum
811 3904 1126 3969 corollario,
1156 3903 1210 3957 in
1250 3903 1573 3957 collectione
1608 3903 1939 3973 scriptorum
1970 3902 2064 3972 qui
2094 3902 2161 3957 de
2186 3901 2349 3956 rebus
2382 3900 2666 3956 fossilibus
2695 3909 2943 3972 egerunt,
2976 3899 3163 3971 Tiguri
3190 3899 3332 3955 I566

95 3997 259 4071 [I565],
282 4002 353 4065 8°,
380 4010 545 4070 atque
572 4014 638 4053 ex
669 3998 777 4052 alio
802 3998 991 4053 codice
1022 4012 1125 4051 ms.
1155 4012 1279 4050 cum
1318 3994 1595 4050 Francisci
1631 3994 1889 4049 Turriani
1921 3996 2174 4050 versione
2203 3993 2461 4049 Petavius
2484 4002 2617 4049 tom.
2650 3993 2716 4057 lI,
2767 4008 2889 4066 pag.
2918 3993 3045 4049 255.
3084 3991 3177 4046 llla
3210 3991 3331 4062 ipsa

96 4090 296 4162 Epitome
325 4096 423 4152 sub
453 4094 749 4167 Epiphanii
780 4093 1003 4147 nomine
1038 4102 1149 4148 tota
1180 4093 1377 4164 legitur
1408 4094 1461 4147 in
1493 4092 1774 4147 Anastasii
1824 4091 2048 4147 Sinaitze
2094 4090 2515 4162 quaestionibus,
2547 4090 2855 4161 quaestione
2883 4104 2972 4143 XL.
3006 4086 3227 4143 FABRIC.
3258 4116 3332 4129 —

94 4184 350 4242 Gcnninum
374 4197 428 4243 et
455 4190 731 4257 integrum
764 4186 1056 4256 Epiphanii
1090 4204 1213 4243 esse
1238 4188 1439 4244 dicitur
1472 4189 1798 4259 opusculum
1837 4188 2007 4256 quod,
2054 4188 2109 4241 in
2162 4188 2389 4258 antiqua
2429 4185 2625 4241 Latina
2657 4185 2909 4241 versione
2934 4194 3232 4256 repertum,
3262 4199 3329 4239 ex

92 4275 187 4329 cod.
216 4274 478 4342 Vaticano,
514 4276 571 4330 in
600 4276 752 4331 calce
776 4284 954 4333 tamen
982 4279 1123 4332 haud
1161 4279 1396 4349 integro,
1428 4279 1633 4350 prodiit
1669 4278 1833 4349 hujus
1860 4278 2149 4334 sententia:
2174 4297 2186 4332 :
2222 4277 2486 4347 Epiplian.
2510 4280 2575 4333 de
2604 4277 2885 4331 duodecim
2914 4276 3133 4347 gemmis
3158 4276 3331 4329 ratio-

94 4370 200 4423 nalis
233 4375 409 4425 summi
447 4370 743 4425 sacerdotis
773 4368 1118 4423 Hebraeorum
1158 4368 1288 4423 liber
1333 4369 1401 4422 ad
1444 4368 1758 4422 Diodorum.
1796 4368 1987 4421 Prodit
2020 4384 2157 4423 nunc
2194 4370 2428 4438 primum
2471 4385 2537 4423 ex
2587 4370 2804 4438 antiqua
2847 4368 3081 4421 versione
3109 4365 3326 4422 Latina.

97 4459 234 4529 Opera
254 4473 296 4517 et
324 4465 499 4518 studio
527 4462 596 4517 P.
631 4460 914 4515 Francisci
960 4458 1229 4531 Fogginii,
1264 4462 1357 4531 qui
1384 4468 1433 4514 et
1467 4469 1619 4514 notas
1649 4460 1864 4529 adjecit,
1898 4458 2105 4523 Romae,
2144 4474 2233 4529 ap.
2270 4459 2509 4529 Zempcl.
2544 4460 2703 4525 1745,
2735 4461 2811 4515 4ο.
2843 4459 2899 4514 In
2926 4458 3135 4529 praefat.
3169 4473 3331 4511 enar-

95 4568 212 4612 ratur
235 4560 450 4615 historia
476 4559 646 4628 hujus
678 4557 927 4627 opusculi
962 4566 1014 4611 et
1046 4567 1353 4622 auctorum,
1380 4557 1474 4627 qui
1509 4571 1754 4628 gemmas
1784 4556 1904 4611 illas
1937 4554 2365 4625 descripserunt.
2400 4554 2545 4612 Idem
2578 4566 2769 4610 contra
2800 4554 3115 4610 Fabricium
3144 4562 3330 4624 negat,

92 4652 335 4718 cpnomen,
366 4656 434 4709 ab
464 4652 762 4708 Anastasio
795 4651 1004 4705 Sinaita
1030 4650 1252 4714 editam,
1283 4658 1336 4703 et
1366 4649 1539 4718 ipsius
1565 4646 1852 4718 Epiphanii
1890 4657 2268 4713 connncntat.,
2304 4663 2469 4702 unam
2520 4662 2645 4703 esse
2670 4648 3052 4717 eamdemque,
3086 4645 3329 4701 libellum

93 4752 191 4794 icio
226 4759 252 4797 a
278 4744 517 4800 Gesnero
566 4742 772 4800 editum
805 4744 983 4812 ipsum
1018 4757 1239 4812 quoque
1274 4756 1381 4796 non
1415 4742 1520 4795 nisi
1560 4740 1913 4809 prolixiorem
1947 4740 2220 4809 cpitomen
2267 4740 2450 4809 operis
2479 4755 2604 4795 esse
2638 4749 2826 4793 censet
2858 4754 2909 4808 p.
2942 4754 3030 4794 xvi
3075 4755 3122 4794 s.
3160 4737 3327 4794 Conf.

98 4835 269 4905 Eplieut.
301 4842 401 4896 litt.
436 4842 584 4910 Lips.
613 4843 677 4895 A.
713 4840 872 4907 1745,
907 4857 960 4911 p.
992 4840 1117 4907 547,
1147 4848 1201 4894 et
1228 4838 1462 4908 Gotting.
1494 4837 1590 4907 Ep!

1846 4878 1858 4890 .
1888 4834 1953 4890 A.
1990 4835 2153 4902 1745,
2182 4852 2234 4906 ρ.
2262 4835 2368 4892 409
2397 4850 2508 4903 seq.
2542 4835 2597 4889 In
2628 4830 2883 4889 manibus
2918 4834 3093 4890 habeo
3133 4835 3332 4890 editio-

96 4941 185 4983 nem
213 4934 313 4988 sive
342 4934 719 4989 collectionem
746 4932 891 4987 illam
922 4932 1160 5004 plurium
1203 4931 1554 4999 scriptorum,
1591 4930 1910 4999 inscriptam
1950 4952 1961 4985 ;
1995 4928 2071 4983 De
2116 4929 2258 4982 omni
2314 4943 2492 4980 rerum
2545 4926 2812 4997 fossilinm
2855 4943 3059 4997 genere,
3088 4928 3334 4998 gemmis,

95 5016 330 5087 lapidibus,
361 5024 591 5079 metallis
630 5032 680 5077 et
713 5022 1019 5092 huiusmodi
1045 5022 1167 5077 libri
1199 5022 1422 5091 aliquot,
1453 5022 1685 5093 plerique
1718 5038 1857 5075 nunc
1885 5023 2119 5091 primum
2150 5021 2298 5074 editi.
2344 5019 2519 5089 Opera
2552 5019 2786 5074 Conradi
2823 5018 3062 5077 Gesneri.
3094 5020 3335 5086 Quorum

96 5118 345 5189 talalogttm
379 5139 598 5193 sequens
642 5121 831 5192 folium
876 5120 1125 5174 continet.
1153 5118 1361 5187 Tiguri,
1392 5117 1681 5172 excutiebat
1708 5118 1832 5173 Jac.
1859 5117 2117 5173 Gesnerus
2142 5133 2280 5171 anno
2310 5116 2519 5170 MDLX
2535 5116 2596 5183 V,
2630 5119 2705 5172 8°.
2736 5118 2926 5173 Insunt
2978 5128 3159 5172 autem
3196 5134 3337 5187 opu-

97 5207 212 5261 St'ula
238 5214 531 5279 sequentia,
566 5226 799 5280 quorum
834 5209 1116 5281 quodlibet
1146 5210 1473 5278 peculiarem
1509 5210 1670 5263 habet
1696 5210 2104 5280 inscriptionem
2140 5229 2152 5264 :
2185 5212 2236 5264 1ο
2267 5209 2322 5265 1.
2359 5207 2705 5275 Kentmanni,
2762 5209 3075 5263 Dresdensis
3122 5210 3333 5269 medici,

98 5309 457 5365 nomenclatura:
492 5326 669 5364 rerum
698 5308 983 5377 fossilium,
1016 5324 1135 5378 quae
1165 5308 1220 5360 in
1255 5306 1311 5359 Μ
1316 5307 1455 5361 isnia
1484 5307 1744 5375 prwcipue
1772 5337 1843 5347 ——
1867 5308 2234 5372 inveniuntur;
2258 5307 2314 5361 2ο
2343 5306 2595 5377 Ejusdem
2637 5304 2985 5369 calculorum,
3015 5303 3105 5372 qui
3134 5303 3188 5356 in
3219 5319 3339 5356 cor-

97 5402 190 5452 pore
224 5411 278 5448 ac
319 5399 560 5451 membris
593 5399 862 5451 hominum
888 5398 1258 5462 innascuntur,
1288 5412 1473 5465 genera
1514 5395 1814 5461 duodecim,
1845 5407 1949 5452 etc.
1979 5415 1993 5464 ;
2028 5399 2083 5453 3°
2118 5398 2197 5453 De
2232 5398 2515 5452 metallicis
2548 5396 2699 5452 rebus
2735 5413 2797 5450 ac
2842 5396 3160 5461 nominibus,
3194 5394 3333 5447 obss.

99 5489 225 5553 φανίας
251 5508 307 5544 ex
337 5494 537 5547 schedia
563 5490 626 5546 G.
658 5491 934 5554 Fabricii;
966 5489 1022 5543 4ο
1052 5487 1284 5543 Severini
1318 5486 1555 5552 Ga'belii,
1590 5489 1801 5556 medici,
1830 5489 1895 5543 de
1926 5491 2141 5545 succino
2171 5491 2296 5546 libri
2322 5508 2357 5546 ll
2399 5521 2469 5531 —-—
2494 5507 2610 5544 cum
2635 5489 2920 5542 corollario
2948 5486 3111 5541 Conr.
3145 5482 3335 5539 ϐαιτερ

99 5578 161 5641 τί;
184 5581 230 5634 5⁸
266 5584 452 5641 Valerii
478 5587 640 5642 Cordi
668 5589 731 5641 de
753 5586 1092 5650 halosantlio,
1126 5602 1218 5639 seu
1236 5597 1502 5656 spermate
1521 5588 1645 5650 ceti,
1674 5604 1793 5640 cum
1824 5588 2112 5643 corollario
2136 5588 2297 5644 Conr.
2327 5587 2575 5652 Gesneri;
2601 5587 2736 5644 6°S.
2768 5586 3077 5657 Epiphanii,
3107 5587 3338 5656 episcopi

99 5667 247 5746 Qypri,
272 5677 331 5731 de
351 5678 630 5734 duodecim
658 5679 898 5750 gemmis,
941 5694 1056 5746 qua:
1074 5686 1224 5733 erant
1258 5678 1308 5730 in
1339 5686 1475 5732 ueste
1502 5677 1752 5746 Aaronis,
1777 5678 1911 5734 liber
1937 5679 2155 5736 Crtccus
2190 5688 2237 5734 et
2263 5677 2511 5746 Latinus,
2540 5676 2660 5734 Iola
2691 5677 3133 5733 Hierotarantina
3160 5675 3339 5733 inte».
