3778 6298
400 233 441 277 x
1539 215 1817 277 NOTlTlA
1836 266 1839 271 .
1858 219 1927 276 IN
1969 220 2033 280 S.
2074 221 2518 280 EPIPHANIUM.

396 362 713 425 prete,.cum
738 352 1028 410 corollario
1075 353 1138 409 (Σ.
1172 352 1388 411 Generi
1405 372 1425 422 ,°
1458 357 1513 411 7“
1545 357 1641 416 Fr.
1676 359 1829 426 Ruei,
1883 362 2070 417 medici
2099 361 2372 430 Insulani,
2400 364 2463 418 de
2495 363 2710 433 gemmis
2741 361 2968 432 aliquot,
2998 361 3066 416 iis
3098 360 3416 430 praesertim,
3445 375 3695 432 quorum

398 448 469 504 ο.
500 446 734 503 Joannes
751 449 803 501 in
827 448 1147 519 Apocalypsi
1170 454 1405 509 meminit
1430 463 1478 509 et
1506 455 1632 510 aliis
1654 484 1731 503 -α
1756 456 1878 511 libri
1906 474 1975 526 ll;
2019 459 2075 512 8'
2100 458 2160 515 C.
2183 457 2398 515 Gesneri
2426 458 2490 513 de
2517 475 2689 513 rerum
2709 457 2993 528 fossilium,
3012 455 3253 525 lapidum
3279 464 3328 510 et
3351 472 3693 526 gemmarum

398 540 650 604 maxime,
677 540 803 609 ﬁgg.
836 549 884 593 et
912 540 1374 611 similitudinibus,
1413 547 1543 601 liber
1571 564 1695 601 cum
1721 549 1958 605 iconibus
1994 550 2350 619 plurimis.—-
2379 550 2667 621 Epiphanii
2708 550 2847 605 liber
2878 549 2931 605 in
2959 548 3118 603 titulo
3148 546 3407 617 peculiari
3440 559 3694 599 excusus

407 629 608 684 dicitur
636 628 822 700 Tiguri
854 628 1141 687 MDLXVI.
1176 632 1229 687 In
1255 636 1483 704 epistola
1517 640 1913 708 nuncupatoria
1950 641 2172 710 scripsit
2208 640 2434 706 Gesner,
2470 656 2529 696 se
2557 639 2835 708 exemplar
2876 652 2980 692 ms.
3010 634 3283 703 accepisse
3308 649 3338 687 a
3369 631 3623 701 Gaspare
3658 647 3693 686 a

404 718 718 792 Nydbruck,
755 723 1081 781 Ferdinandi
1111 727 1483 784 Romanorum
1528 741 1585 785 et
1613 732 1966 788 Maximiliani
2016 732 2291 789 Bobemize
2327 749 2517 803 regum
2552 749 2585 787 a
2611 731 2875 797 consiliis,
2904 738 2958 784 et
3003 725 3340 797 marginibus
3382 739 3531 788 suas,
3560 739 3693 792 qua:

399 814 712 886 frequentes
747 827 896 881 sunt,
935 819 1199 889 adjecisse
1225 823 1661 891 emendationes,
1685 843 1750 880 ex
1783 827 2107 895 conjectura.
2132 837 2347 884 enatas.
2380 828 2554 884 Codd.
2588 828 2837 882 notitiam
2880 824 3076 877 addere
3100 819 3274 887 juvat.
3308 817 3422 873 Duo
3454 816 3689 871 Vatica-

400 924 501 994 nos
536 909 738 965 indicat
771 909 1067 967 Montfauc.
1105 913 1158 966 in
1192 912 1256 968 Β.
1295 914 1532 968 biblioth.
1562 932 1713 979 mss.,
1745 926 1877 972 tom.

2204 949 2205 959 ι
2236 918 2298 982 D,
2330 929 2382 973 et
2414 934 2537 989 pag.
2566 919 2633 973 55
2660 917 2722 980 D,
2749 934 2801 971 ιι.
2833 915 2960 977 921,
2991 922 3045 967 et
3071 913 3124 965 in
3155 911 3322 965 alium
3346 907 3602 976 Vatican.
3634 910 3696 963 in

401 1000 534 1055 bibl.
567 1002 764 1069 reginae
789 1002 1100 1067 Christinm,
1138 1021 1191 1074 p.
1220 1004 1287 1061 6-1
1318 1005 1382 1069 D,
1414 1016 1469 1062 et
1512 1024 1565 1074 p.
1598 1008 1666 1062 88
1698 1009 1759 1063 C.
1786 1040 1855 1050 —
1880 1008 2015 1065 Tum
2049 1028 2102 1082 p.
2137 1012 2238 1065 169
2278 1011 2322 1064 A
2356 1012 2588 1067 Roman.
2619 1011 2785 1066 in’B.
2815 1010 3037 1065 Patrum
3068 1007 3127 1063 S.
3162 1008 3359 1069 Basil.,
3392 1004 3689 1074 Epiphanii

398 1105 482 1158 ep.
511 1091 581 1143 ad
611 1090 923 1159 Diodorum,
949 1093 1045 1149 Gr.
1082 1096 1268 1165 (conf.
1304 1114 1522 1169 quoque
1544 1099 1840 1156 Montl'auc.
1871 1103 1923 1155 in
1952 1103 2137 1155 Diario
2163 1101 2318 1169 Ital.,
2347 1119 2401 1173 p.
2433 1102 2538 1156 215
2565 1107 2602 1170 ).
2638 1132 2705 1143 —-
2733 1102 2878 1155 Idem
2910 1111 3041 1155 tom.
3071 1097 3138 1163 ll,
3171 1114 3223 1167 p.
3259 1094 3392 1150 1199
3423 1094 3485 1164 Β,
3518 1094 3686 1147 codi-

399 1196 518 1236 cem
556 1181 609 1235 in
640 1180 927 1248 Pelliserii,
968 1184 1021 1239 in
1069 1187 1199 1241 bibl.
1243 1188 1469 1245 abbatire
1498 1188 1554 1243 S.
1586 1188 1729 1245 Petri
1769 1191 1836 1247 de
1872 1191 2175 1247 Selincurte
2205 1193 2367 1247 dimc.
2414 1191 2800 1247 Ambianensis
2844 1189 3108 1251 nominat,
3144 1219 3211 1232 --
3248 1186 3488 1242 Venetiis
3536 1186 3689 1239 inter

402 1275 562 1330 codd.
590 1273 869 1333 Nanianos
895 1264 963 1332 inw
979 1279 1100 1333 cod.
1139 1276 1262 1342 152,
1297 1277 1348 1330 in
1377 1276 1595 1332 Collect.
1625 1282 2005 1334 sententiarum
2029 1298 2056 1334 e
2079 1279 2183 1335 SS.
2213 1290 2262 1335 et
2296 1279 2564 1347 Patribus,
2591 1296 2714 1351 pag.
2746 1280 2832 1344 77,
2862 1277 3084 1332 all'ertur
3106 1276 3393 1345 explicatio
3422 1289 3681 1326 omnium

400 1379 480 1420 xu
511 1365 816 1436 lapillorum
847 1385 912 1424 ex
941 1369 1059 1437 ipso
1085 1366 1387 1440 Epiphanio
1416 1385 1429 1420 :
1454 1396 1525 1407 -—-
1553 1367 1609 1420 in
1639 1368 1757 1422 cod.
1790 1368 1917 1433 297,
1945 1386 1999 1423 ιι.
2031 1369 2086 1432 5,
2122 1385 2175 1438 p.
2209 1368 2296 1431 75,
2338 1368 2527 1437 Epiph.
2556 1366 2621 1421 de
2658 1382 2735 1420 xu
2768 1364 2986 1435 lapillis.
3024 1362 3089 1418 γ.
3125 1361 3304 1421 Catal.
3336 1360 3491 1413 codd.
3526 1357 3684 1412 Nan.

402 1455 524 1520 δι’..
554 1474 677 1529 pag.
714 1461 817 1513 507
844 1469 896 1514 et
921 1460 1043 1514 499.
1072 1490 1141 1500 -—
1167 1460 1301 1514 Ibid.
1335 1459 1388 1513 in
1418 1459 1548 1515 bibl.
1583 1459 1645 1515 D.
1679 1461 1866 1526 Marci,
1906 1463 2028 1516 cod.
2059 1462 2186 1528 498,
2234 1462 2312 1516 De
2343 1462 2619 1515 duodecim
2651 1460 2912 1529 lapidibus
2947 1467 2996 1512 et
3026 1458 3209 1528 signis,
3262 1456 3316 1511 in
3362 1454 3480 1510 Cat.
3516 1454 3687 1507 codd.

402 1545 495 1600 Gr.
530 1548 724 1616 Mora,
757 1566 877 1619 pag.
909 1550 1035 1615 261,
1067 1549 1340 1605 indicatur
1368 1566 1384 1617 ;
1435 1552 1527 1606 sed
1562 1551 1640 1630 cl.
1672 1550 1937 1615 Villoison
1966 1553 2019 1606 in
2048 1553 2302 1606 Anecdot.
2336 1551 2453 1617 Gr.,
2489 1561 2622 1607 tom.
2656 1550 2721 1614 ll,
2758 1566 2882 1621 pag.
2912 1549 3041 1615 216,
3072 1546 3470 1608 animadvertit,
3499 1546 3559 1598 in
3591 1545 3684 1598 illo

400 1644 525 1698 cod.
560 1644 690 1698 nihil
724 1646 868 1699 aliud
900 1646 1149 1715 reperiri,
1178 1647 1280 1701 nisi
1308 1648 1557 1717 quaadam
1586 1658 1839 1718 excerpta
1873 1666 1939 1703 ex
1975 1649 2067 1702 illo
2094 1649 2254 1705 libro.
2290 1677 2358 1689 —-
2387 1647 2563 1703 Oxon.
2598 1647 2651 1701 in
2678 1646 2740 1699 Β.
2772 1643 2958 1698 Bodlei
3010 1658 3121 1698 sec.
3154 1638 3333 1695 Catal.
3377 1639 3536 1693 codd.
3572 1640 3684 1692 An-

400 1736 542 1804 glice,
571 1746 700 1805 etc.,
735 1736 775 1803 l,
808 1740 861 1792 in
898 1740 1056 1795 codd.
1091 1739 1317 1796 Barocc.
1350 1740 1478 1807 129,
1511 1744 1631 1809 151,
1662 1744 1755 1798 sed
1803 1743 2028 1797 mutilus
2062 1743 2138 1797 ibi
2171 1753 2257 1798 est
2286 1744 2443 1807 liber,
2471 1741 2597 1805 206,
2624 1752 2679 1795 et
2706 1743 2846 1794 inter
2870 1738 3025 1794 codd.
3061 1737 3164 1791 Th.
3195 1735 3326 1798 Roe,
3362 1750 3414 1786 ιι.
3446 1734 3578 1785 265.
3614 1760 3684 1770 -—

401 1824 738 1883 Vindohonze
766 1830 819 1882 in
850 1830 978 1884 bibl.
1018 1828 1222 1890 Caesar.
1252 1834 1411 1888 codd.
1438 1834 1563 1899 215,
1597 1852 1651 1889 n.
1686 1837 1846 1894 15.--
1880 1834 1893 1887 Ι

2199 1877 2212 1900 ,
2241 1852 2295 1889 n.
2328 1835 2383 1901 8,
2417 1843 2550 1889 teste
2579 1832 2832 1886 Lambec.
2866 1830 3182 1889 Comment.,
3217 1837 3347 1879 tom.
3387 1821 3475 1885 lV,
3505 1839 3562 1889 μ.
3590 1819 3682 1884 89,

401 1925 457 1977 et
488 1925 619 1971 tom.
648 1918 711 1984 V,
743 1936 795 1989 p.
821 1921 926 1975 269
958 1937 1074 1990 seq.
1110 1956 1177 1965 ——
1204 1923 1377 1980 Paris.
1406 1927 1458 1979 in
1498 1928 1626 1980 bibl.
1666 1926 1815 1997 publ.
1851 1943 1893 1980 e2

2196 1938 2315 1980 octo
2341 1926 2497 1980 codd.
2529 1922 2593 1978 V.
2631 1924 2743 1976 ind.
2768 1922 2887 1977 Cat.
2932 1920 3086 1983 Par.,
3120 1917 3183 1977 ll,
3225 1934 3277 1970 v.
3315 1915 3582 1984 Epiplian.
3612 1942 3688 1955 —

402 2011 649 2081 Epitome
680 2015 732 2068 in
763 2016 884 2070 cod.
918 2019 1068 2087 regio
1100 2018 1299 2075 Matrit.
1342 2021 1463 2087 110,
1498 2023 1672 2077 indice
1718 2023 1908 2077 l'riarto
1940 2023 1993 2076 in
2036 2021 2157 2076 Cat.
2193 2021 2347 2075 codd.
2379 2020 2496 2082 Gr.,
2532 2036 2583 2089 p.
2620 2018 2744 2072 456.
2779 2047 2844 2061 -ε
2875 2015 3016 2069 Inter
3048 2013 3206 2067 codd.
3242 2011 3490 2081 Eparclii,
3529 2026 3590 2063 ιι.
3623 2006 3677 2064 7.

404 2106 671 2178 Epiphan.
708 2112 777 2164 ad
812 2111 1120 2181 Diodorum,
1155 2115 1281 2187 Tyri
1314 2118 1633 2187 episcopum,
1669 2118 1732 2171 de
1754 2133 1827 2170 xu
1860 2117 2160 2185 lapidibus;
2186 2117 2251 2170 de
2283 2117 2472 2171 iisdem
2498 2111 2935 2183 compendiosior
2970 2107 3220 2164 tractatio
3244 2123 3257 2172 ;
3280 2106 3522 2175 ejusdem
3552 2100 3684 2172 Epi-

403 2200 589 2270 phanii
616 2202 735 2257 aliae
769 2203 1112 2272 quaestiones.
1143 2204 1207 2259 V.
1243 2203 1405 2260 Fabr.
1450 2204 1516 2259 Β.
1551 2204 1669 2273 Gr.,
1704 2213 1836 2261 tom.
1865 2204 1895 2259 11

1143 2204 1207 2259 ν.
1243 2203 1405 2260 Fabr.
1450 2204 1516 2259 Β.
1551 2204 1669 2273 Gr.,
1704 2213 1836 2261 tom.
1865 2204 1935 2271 Χ,
1964 2221 2019 2276 p.
2051 2206 2178 2273 479,
2204 2214 2313 2259 vet.
2345 2204 2430 2259 ed.
2462 2202 2631 2257 llum“

1742 2366 1811 2421 ν.
1850 2381 2073 2421 εοιιιρη
2102 2381 2355 2421 renum.

474 2519 526 2574 8.
569 2504 825 2591 Epistolis
852 2522 929 2592 (α)
960 2524 1399 2593 quamplurima,
1436 2534 1496 2579 ut
1521 2540 1659 2595 quas
1684 2522 2053 2595 Hieronymus
2082 2522 2302 2593 Apolog.
2335 2537 2372 2576 ιι
2410 2521 2463 2576 in
2495 2519 2773 2580 Butinum,
2801 2532 2855 2586 p.
2894 2513 3019 2576 165,
3053 2513 3150 2575 ait,
3181 2525 3238 2563 se
3263 2506 3572 2578 Epiphanio
3608 2506 3674 2559 ad

403 2612 838 2681 suggillationem
876 2612 1057 2667 Ruﬁni
1088 2613 1340 2679 dictasse,
1374 2624 1427 2668 et
1461 2629 1567 2668 una
1597 2614 1777 2669 brevis
1808 2615 1861 2669 in
1896 2614 2110 2667 laudem
2147 2611 2203 2666 S.
2244 2610 2538 2665 Hilarionis
2562 2608 2825 2668 eremitaa,
2859 2604 2922 2658 Α.
2950 2604 3009 2658 C.
3041 2602 3137 2657 571
3184 2599 3447 2661 defuncti,
3478 2596 3548 2651 de
3572 2613 3681 2665 qua

403 2708 543 2761 idem
582 2707 894 2781 Hieronym.
929 2710 984 2765 in
1015 2710 1244 2783 Prologo
1274 2711 1396 2766 vitta
1418 2711 1754 2767 Hilarionis:
1783 2712 2103 2781 Quanquam
2135 2708 2192 2767 S.
2228 2708 2576 2779 Epiphanius,
2610 2703 2902 2759 Salaminia
2931 2700 3091 2771 Cypri
3121 2699 3414 2770 episcopus.
3444 2695 3537 2763 qui
3567 2710 3682 2747 cum

401 2808 683 2861 Hilarione
707 2808 1005 2877 plurimum
1033 2820 1267 2864 versatus
1291 2820 1390 2877 est,
1422 2810 1634 2864 laudem
1662 2812 1775 2879 ejus
1804 2809 1943 2863 breui
1965 2808 2187 2878 epistola
2215 2807 2503 2875 scripserit,
2533 2819 2650 2874 qua:
2685 2802 2835 2870 vulgo
2862 2798 3075 2869 legitur,
3110 2804 3286 2847 tamen
3317 2790 3465 2845 aliud
3490 2799 3572 2843 est
3605 2789 3682 2842 lo-

400 2904 474 2956 cis
502 2903 865 2958 communibus
888 2904 1112 2959 laudare
1133 2907 1464 2975 defunctum,
1490 2907 1639 2960 aliud
1663 2906 1900 2973 defuncti
1931 2905 2172 2974 proprias
2198 2918 2419 2957 narrare
2438 2892 3007 2967 virtutes.{ann.—Ex
3032 2890 3259 2958 epistola
3287 2887 3353 2943 ad
3384 2885 3687 2940 “‘UMCIIOS

402 2998 503 3068 (De
535 3001 852 3053 abstinentia
880 3017 913 3052 a
937 3000 1072 3070 cibo)
1102 3000 1408 3063 Florentiae,
1439 3001 1493 3056 in
1527 3001 1651 3055 cod.
1691 3001 1853 3055 Laur.
1891 2998 2085 3054 Medic.
2120 2998 2175 3061 6,
2224 3015 2278 3051 ιι.
2314 2998 2368 3060 7,
2402 2997 2536 3065 plut.
2567 2993 2656 3057 86,
2685 3006 2810 3048 cum
2848 2989 3183 3043 Damasceno
3211 2985 3276 3037 de
3299 2982 3488 3036 eodem
3524 2995 3686 3048 argu-

403 3104 608 3149 mento.
643 3094 902 3163 (Bandin.
934 3093 1056 3149 Cat.
1086 3094 1239 3148 codd.
1272 3094 1368 3150 Gr.
1407 3094 1573 3159 Med.,
1615 3094 1707 3161 lll,
1739 3112 1793 3165 p.
1823 3095 1974 3150 295.)
2002 3092 2059 3149 ln
2090 3094 2215 3150 cod.
2254 3091 2430 3147 Paris.
2462 3089 2591 3145 bibl.
2624 3088 2775 3160 publ.
2809 3084 2975 3149 2751,
3008 3099 3062 3138 n.
3090 3080 3143 3147 6,
3173 3077 3436 3148 Epiphan.
3467 3074 3686 3145 (nescio

402 3192 554 3264 quis)
591 3190 667 3244 De
694 3191 974 3261 epistolico
1007 3193 1336 3248 charactere.
1368 3192 1544 3249 lhnL.
2190 3200 2197 3205 ’

471 3304 527 3359 9.
570 3301 637 3357 In
673 3307 1058 3361 Hexaemeron.
1092 3308 1420 3362 Anastasius
1452 3306 1658 3362 Sinaita
1678 3306 1776 3361 lib.
1804 3322 1881 3360 vn
1918 3306 1972 3359 in
2000 3308 2363 3359 Hexaemeron
2391 3302 2533 3356 inter
2582 3314 2677 3355 eos
2717 3297 2813 3369 qui
2840 3294 3124 3351 historiam
3151 3287 3447 3347 crcationis
3483 3285 3687 3340 Mosai-

402 3414 520 3454 cam
544 3401 885 3470 expositione
911 3400 1127 3455 litterali
1161 3400 1496 3471 interpretati
1523 3412 1672 3465 sunt,
1701 3402 1885 3457 laudat

2193 3419 2203 3464 ;
2233 3401 2328 3454 καὶ
2358 3399 2537 3470 ἔργοις
2563 3394 3034 3469 τρισμακάριστον
3066 3385 3410 3454 Ἐπιφάνιον.
3441 3381 3685 3435 ΕΔΜ.-

408 3492 545 3549 Vide
574 3494 845 3565 supra,,‘ad
876 3511 930 3551 n.
959 3495 995 3548 2
1024 3495 1089 3549 de
1113 3495 1236 3552 aliis
1269 3495 1607 3565 Epiphaniis.
1639 3497 1747 3551 Aut
1768 3507 1919 3552 estne
1944 3512 2069 3566 pars
2098 3496 2262 3550 libelli
2297 3494 2583 3566 Epiphanii
2621 3494 2904 3548 Constant.
2943 3486 3019 3539 De
3064 3482 3325 3537 mensuris
3356 3490 3404 3533 et
3453 3478 3518 3533 de
3560 3493 3685 3548 pon-

400 3590 612 3643 deribus
649 3590 819 3660 (part.
857 3607 914 3655 ιι,
942 3607 1065 3662 pag.
1095 3592 1197 3646 178
1231 3593 1317 3651 ed.
1357 3592 1531 3648 Paris.
1568 3593 1810 3651 Petam?
1839 3595 2015 3663 Atque
2042 3594 2334 3662 separatim
2361 3592 2564 3661 scripta
2594 3595 2771 3645 exstat
2800 3587 2854 3641 in
2887 3583 3007 3640 cod.
3034 3578 3343 3635 Vindobon.
3379 3575 3467 3637 89,
3501 3592 3559 3629 n.
3590 3574 3675 3635 19.

403 3677 691 3749 Epiphanii
738 3679 902 3750 Cypri
959 3685 1207 3739 recensio
1246 3684 1434 3754 viginti
1469 3686 1704 3741 duorum
1759 3701 1986 3756 operum
2042 3682 2359 3739 Hexaemeri
2413 3680 2707 3737 creationis
2762 3673 2975 3731 mundi.
3002 3670 3067 3724 γ.
3101 3669 3355 3723 Lambec.
3392 3663 3680 3756 Comment.

404 3782 537 3823 tom.
572 3766 659 3833 Ill,
696 3784 748 3839 p.
776 3768 898 3829 485,
933 3761 1373 3840 ἰὶήιιυοᾞυιιειιῆἰ
1401 3784 1583 3828 notam
1618 3775 1684 3829 Α.
1710 3805 1781 3815 -
1810 3772 1896 3828 ltei

2210 3773 2331 3837 185,
2361 3772 2585 3827 Barocc.
2619 3768 2750 3825 bibl.
2776 3765 2931 3822 Bodl.
2961 3774 3013 3820 et
3037 3760 3371 3834 Epiphanius
3413 3758 3480 3811 in'
3506 3755 3682 3810 ﬂexa-

401 3875 632 3925 emeron,
666 3861 917 3925 Arabice,
950 3862 1169 3928 ibidem,
1201 3881 1255 3918 ιι.
1289 3863 1450 3927 8511,
1486 3864 1629 3918 inter
1651 3864 1811 3919 codd.
1841 3862 1978 3919 Rob.
2010 3862 2372 3933 lluntington.
2410 3860 2585 3915 11Αιιι..

473 3951 565 4009 10.
605 3952 778 4020 Λόγος
804 3954 884 4017 sl;
915 3954 976 4007 τὸ
1003 3954 1228 4027 Πνεῦμα
1249 3956 1310 4009 τὸ
1344 3957 1519 4025 ἅγιον.
1558 3956 1802 4012 Andreas
1828 3956 1965 4012 Cmst

2186 3955 2469 4025 lpocalyps.
2506 3968 2544 4018 ι,
2576 3967 2634 4022 p.
2661 3951 2715 4004 7.
2759 3948 2981 4003 Videtur
3004 3944 3151 3999 enim
3191 3941 3465 3997 diversum
3495 3936 3678 4005 utique

404 4054 597 4101 notare
628 4061 937 4103 sermonem
973 4051 1042 4104 ab
1068 4051 1135 4106 iis
1161 4068 1288 4122 qua:
1316 4068 1381 4107 ex
1416 4052 1682 4106 Ancorato
1709 4050 1999 4122 Epiphanii
2044 4050 2236 4106 haeresi
2281 4065 2440 4103 Lxxw
2489 4056 2678 4102 contra
2728 4039 3261 4099 Pncumatomachos
3318 4035 3676 4092 disseruntur.

407 4135 691 4205 quoniam,
720 4150 843 4205 qua:
874 4136 1118 4194 Andreas
1147 4155 1212 4194 ex
1240 4140 1334 4194 illo
1360 4141 1503 4212 λόγῳ
1532 4142 1600 4196 de
1625 4143 1827 4213 hymno
1854 4140 2153 4211 Serapliico
2183 4140 2360 4202 affert,
2393 4139 2463 4193 ibi
2496 4153 2603 4192 non
2637 4135 2875 4190 invenio.

482 4228 572 4282 11.
613 4228 775 4283 Κατὰ
799 4230 907 4284 τῶν
935 4232 1157 4285 εἰκόνων
1190 4232 1550 4305 σύγγραμμα,
1578 4232 1843 4303 Scriptum
1868 4234 1974 4288 adv.

2179 4234 2420 4300 nagines,
2453 4231 2595 4299 quod
2628 4234 2914 4289 memorat,
2951 4222 3045 4279 sed
3079 4230 3337 4290 tanquam
3369 4214 3671 4286 Epiphanio

404 4323 750 4392 suppositum
792 4324 967 4393 rejicit
992 4323 1316 4381 Theodorus
1362 4327 1602 4382 Studites
1639 4328 1694 4381 in
1726 4326 2086 4380 Antirrhetico
2119 4324 2378 4388 secundo,
2419 4334 2550 4377 tom.
2579 4320 2626 4374 ν
2655 4320 2794 4391 Opp.
2828 4313 3127 4376 Sirmondi,
3163 4329 3214 4382 p.
3251 4310 3386 4373 15ος
3423 4309 3551 4362 licet
3580 4307 3676 4361 duc

406 4410 587 4467 bitare
613 4414 787 4482 possis
824 4431 953 4468 num
1002 4414 1278 4484 singulare
1304 4414 1569 4483 scriptum
1598 4412 1887 4483 Epiphanii
1914 4414 2013 4479 ,ibi
2058 4413 2247 4493 innuat
2272 4411 2614 4474 Theodorus,
2644 4419 2699 4465 et
2746 4424 2852 4462 non
2901 4408 3102 4468 locum,
3128 4417 3237 4472 quo
3285 4400 3552 4467 imagines
3579 4398 3676 4450 im-

404 4506 604 4579 probat
626 4507 682 4561 in
712 4504 971 4571 Panario,
1004 4506 1197 4562 haeresi
1234 4520 1400 4560 Lxxtx
1437 4505 1726 4575 disputans
1757 4506 2019 4560 adversus
2045 4489 2461 4575 C—ollyridianos,
2496 4516 2658 4571 quem
2704 4498 3008 4568 Epiphanio
3052 4497 3313 4550 insertum
3343 4502 3396 4547 et
3421 4489 3674 4560 adulteri-

404 4617 536 4657 num
576 4617 699 4657 esse
726 4600 1071 4657 contenditJ.
1111 4602 1483 4658 Damascenus
1515 4611 1653 4657 orat.
1686 4602 1722 4655 2
1749 4602 1812 4655 de
1861 4600 2200 4671 imaginibus,
2236 4611 2292 4655 et
2321 4599 2588 4665 Jeremias
2616 4597 2922 4667 patriarcha
2949 4594 3015 4648 ad
3049 4592 3448 4660 Tubingenses.
3469 4604 3524 4659 p.
3547 4585 3668 4649 2w,

406 4692 723 4754 confutatus
753 4708 784 4747 a
814 4693 1275 4761 Tubingensibus,
1304 4709 1359 4763 p.
1388 4694 1515 4758 555,
1540 4694 1624 4749 vel
1650 4693 1829 4748 locum
1859 4693 2111 4757 alterum,
2145 4708 2175 4747 a
2205 4691 2458 4747 Patribus
2484 4689 2663 4760 quarti
2690 4686 2904 4743 concilii
2930 4681 3521 4753 Constantinopolitani
3547 4680 3674 4734 alla-

410 4789 522 4842 lum
547 4803 610 4841 ex
637 4787 860 4856 epistola
891 4787 960 4841 ad
991 4786 1340 4842 Theodosium
1366 4791 1517 4859 imp.,
1545 4790 1639 4859 qui
1669 4790 1916 4844 exstatin
1944 4791 2172 4858 septima
2212 4788 2420 4859 synodo
2454 4789 2567 4843 sive
2599 4787 2812 4842 Nicrena
2846 4785 3107 4847 secunda,
3137 4791 3247 4837 act.
3283 4780 3336 4842 6,
3371 4780 3614 4834 sectione

406 4887 462 4933 et
489 4893 652 4948 quem
691 4878 875 4931 itidem
913 4877 1253 4947 suppositum
1280 4892 1399 4933 esse
1427 4880 1736 4933 clamarunt
1766 4877 1971 4933 Nicmni
2005 4887 2135 4932 tom.
2174 4876 2238 4931 lll
2266 4876 2428 4941 Binii,
2465 4891 2588 4947 pag.
2620 4876 2744 4944 655,
2781 4876 2908 4939 654,
2943 4892 3082 4947 quos
3124 4873 3321 4929 refellit
3346 4871 3578 4927 Dallmus
3610 4869 3675 4923 De

407 4967 747 5037 imaginibus,
790 4982 908 5037 pag.
935 4966 1042 5020 212
1073 4982 1221 5037 seqq.
1254 4966 1455 5022 Eodem
1491 4969 1684 5038 synodi
1726 4968 1899 5037 septin

2178 4967 2321 5036 λόγοι
2368 4969 2418 5020 oi
2453 4967 2593 5021 κατὰ
2629 4967 2736 5019 τῶν
2782 4968 3004 5020 εξκόνων
3058 4974 3112 5020 et
3156 4964 3328 5033 βίϐλοι
3372 4961 3670 5031 Epiphanio

410 5060 706 5130 supposita:
746 5067 1142 5123 memorantur,
1183 5074 1304 5130 qua!
1343 5074 1465 5113 mox
1504 5059 1712 5127 λογίδια
1751 5068 1806 5114 et
1842 5059 1902 5128 ψε

2193 5060 2333 5113 κατὰ
2372 5058 2478 5113 τῶν
2518 5057 2729 5111 σεπτῶν
2768 5057 2990 5112 εἰκόνων
3029 5056 3437 5127 συγγράμματα
3494 5053 3670 5123 appel-

416 5152 555 5217 lant,
583 5163 638 5208 et
671 5151 1006 5222 paucissima
1045 5165 1235 5205 eorum
1279 5149 1610 5219 exemplaria
1638 5159 1855 5205 exstare
1904 5158 2193 5217 testantur,
2228 5164 2353 5205 cum
2396 5159 2588 5205 caetera
2621 5147 2929 5219 [Epiphanii
2979 5150 3181 5218 scripta
3231 5162 3327 5217 per
3360 5147 3670 5202 universum

484 5329 562 5397 (α)
602 5324 805 5383 Praeter
860 5327 1145 5397 epistolam
1210 5326 1484 5399 Panario_
1504 5326 1864 5399 pra-missam,
1920 5328 1990 5381 ad
2096 5329 2355 5399 Apostolo
2387 5329 2719 5399 oppositum,
2747 5343 2909 5399 quem
2956 5326 3145 5383 Sixtus
3197 5327 3457 5399 Senensis
3499 5340 3673 5399 perpe-

413 5396 648 5453 Pa’ulum
670 5408 719 5452 et
742 5396 1016 5465 Acacium,
1042 5407 1218 5454 exstat
1247 5399 1411 5453 etiam
1439 5396 1722 5467 Epiphanii
1747 5399 1990 5468 epistola,
2098 5396 2214 5454 iam
2244 5396 2576 5454 existimavit
2605 5400 2672 5454 ab
2703 5396 2929 5455 auctore
2956 5400 3277 5468 inscriptum
3322 5396 3673 5468 fuisse'Pari-

414 5484 577 5539 quam
608 5468 660 5521 in
690 5469 943 5539 Arabiam
980 5469 1128 5523 misit
1160 5469 1422 5524 adversus
1451 5467 1991 5539 Antidico-Mariani-
2098 5480 2349 5534 mentum,
2384 5486 2506 5525 cum
2544 5468 2881 5539 Epiphanius
2905 5477 3038 5523 tom.
3067 5469 3107 5533 1,
3133 5467 3287 5539 ξρτιε.
3307 5467 3434 5530 510.
3463 5476 3664 5539 tantum

414 5547 521 5611 tas,
557 5538 753 5611 haeresi
796 5554 1023 5611 Lxxviii,
1052 5540 1087 5593 2
1120 5555 1259 5611 sequ
1290 5539 1483 5611 etghtec
1510 5548 1593 5592 est
1622 5554 1785 5611 quam
1816 5538 1992 5611 respif
2098 5539 2242 5595 dicat
2291 5557 2354 5594 ex
2403 5538 2659 5611 pluribus
2678 5540 2794 5594 suis
2827 5539 3091 5611 adversus
3126 5538 3460 5611 Marcionem
3495 5538 3670 5595 obser-

413 5608 492 5680 rit
519 5624 706 5673 nnis,
735 5610 787 5664 1.
838 5609 930 5665 Sic
959 5607 1400 5680 liaresixutt‘ﬂ
1452 5607 1895 5680 seqq.,_inseruit

2100 5607 2418 5668 vationibus'
2438 5610 2654 5680 ὲδάφιόν
2691 5627 2746 5664 τι
2778 5610 3082 5677 συντάξεως
3119 5626 3179 5666 se
3200 5607 3500 5679 collegisse.

414 5679 574 5734 “nm
618 5694 805 5748 suum,
830 5679 1275 5747 corruptionitius
1312 5676 1605 5735 Marcionis
1648 5678 1703 5734 in
1751 5676 1900 5733 Luca
1938 5685 1992 5733 et
