3800 6180
1250 198 1531 256 NOTITIA
1572 201 1640 257 IN
1677 204 1736 257 ὃ.
1780 203 2224 260 EPIPHANIUM.
3278 232 3381 285 xm

118 348 182 362 -ι-
203 314 266 372 V.
287 316 443 372 etiam
477 314 544 372 ad
571 324 714 373 orat.
751 316 798 387 β’
826 316 1115 372 indicatam
1146 319 1370 389 scripta.
1403 319 1607 376 Praeter
1632 337 1694 376 ea
1724 330 1854 377 sunt
1880 324 1934 377 in
1966 324 2086 378 cod.
2115 322 2293 377 Paris.
2330 323 2435 377 816
2471 324 2663 395 Epiph.
2701 327 2937 381 homilite
2969 328 3034 381 de
3070 330 3284 396 anima;
3315 332 3379 386 de

116 411 335 464 vanitate
376 410 538 471 vita;
589 411 645 462 in
676 409 782 478 ﬁne
808 412 1028 474 saeculi;
1079 413 1130 464 in
1175 428 1353 465 omnes
1412 424 1710 483 martyres;
1750 415 1805 468 in
1850 416 2085 469 natalem
2122 416 2479 471 Prwcursoris
2511 428 2561 471 et
2592 420 2647 472 in
2681 418 2943 473 Joannem
2972 424 3371 492 evangelistam.

122 502 275 554 IIARL.
311 498 498 553 Latine
531 500 731 570 legitur
763 501 818 555 in
881 501 1226 555 Bibliothecis
1274 501 1505 557 Patrum
1545 505 1725 559 Paris.
1775 506 1945 571 1575,
1980 506 2152 573 1589,
2207 523 2276 563 ex
2310 509 2535 580 interpr.
2583 509 2632 563 .l.
2669 510 2824 579 Pici,
2855 524 2909 567 et
2955 513 3100 582 apud
3149 512 3374 571 Surium

120 594 147 647 8
169 593 286 648 Dec.
322 592 513 663 incipit
543 614 555 648 :
587 595 697 660 Τὰς
724 596 1115 667 ὲκλαμπούσας
1149 600 1540 671 μαρμαρυγὰς.

419 594 513 663 ipit
543 614 555 648 :
587 595 697 660 Τὰς
724 596 1115 667 ὲκλαμπούσας
1149 600 1540 671 μαρμαρυγὰς.
1910 604 1917 609 ’

182 692 250 750 ς’.
294 688 428 756 Περὶ
463 686 631 755 βαῖων
657 727 672 753 ,
715 686 789 743 De
829 688 964 758 festo
998 689 1315 745 Palmarum
1338 732 1353 759 ,
1379 691 1683 764 fragmento

1873 689 2041 765 cipit':
2084 692 2143 749 '0
2186 694 2279 748 ὑπ’
2326 694 2573 764 ἀγγέλων
2620 697 2897 769 ἀσιγήτως
2944 699 3374 772 ἀνυμνούμενος.

120 776 260 831 Tom.
291 778 353 843 Il,
392 795 441 847 p.
480 780 606 833 501.

178 875 238 939 ζ’.
279 876 414 947 Περὶ
435 877 705 941 πίστεως,
740 877 834 930 καὶ
877 877 979 948 τῆς
1009 878 1171 946 ἁγίας
1199 878 1450 951 Τριάδος,
1491 879 1570 935 De
1605 882 1679 951 ﬁd

1881 881 2159 949 Trinitate,
2209 892 2258 938 et
2299 886 2562 954 mysteriis
2605 902 2963 950 numerorum,
2997 887 3254 951 ternarii,
3297 904 3375 941 sc-

117 968 243 1021 narii
267 976 314 1021 et
337 970 648 1037 septenarii.
680 968 838 1024 Tom.
870 963 936 1033 II,
976 986 1029 1040 p.
1063 971 1188 1026 301.
1218 971 1452 1042 Incipit:
1481 974 1618 1026 Πίστ

1668 992 1673 1033 :
1702 974 1839 1037 ἔστι,
1865 975 2022 1039 tam;
2046 976 2166 1047 Bai)
2196 979 2275 1040 εἰς
2299 976 2454 1041 Θεὸν,
2490 980 2727 1050 πρᾶγμα
2755 979 3133 1049 ἁψηλάφητον.
3158 1000 3169 1009 ·

173 1072 243 1135 η’.
289 1063 354 1117 In
380 1073 619 1120 sanctam
675 1065 879 1121 Christi
915 1069 1374 1122 resurrectionem.
1421 1068 1579 1123 Tom.
1613 1068 1656 1122 11
1681 1110 1696 1133 ,
1749 1085 1802 1137 ι).
1837 1070 1961 1126 510.
2000 1069 2190 1126 Latine
2225 1080 2472 1138 tantum,
2522 1087 2588 1128 ex
2641 1075 2894 1128 versione
2926 1071 3154 1127 Gcrardi
3189 1069 3371 1126 Vossii

116 1156 460 1227 Tungrensis,
499 1158 593 1227 qui
627 1156 800 1212 edidit
838 1156 1000 1212 Rom.
1037 1159 1197 1223 1585,
1233 1160 1321 1216 12.
1353 1159 1550 1230 Incipit
1586 1176 1600 1213 :
1639 1160 1977 1215 Mortuorum
2007 1162 2182 1215 luctus
2214 1165 2503 1219 exsulavit.

176 1252 278 1308 Has
320 1253 579 1309 homilias
618 1254 713 1309 viri
746 1254 893 1310 docti
936 1255 1002 1310 ad
1030 1257 1306 1326 juniorem
1341 1258 1633 1328 quemdam
1664 1256 2031 1328 Epiphanium
2063 1259 2324 1330 Cyprium
2360 1259 2675 1315 referendas
2706 1273 2829 1313 esse
2859 1257 3205 1321 existimant,
3248 1254 3374 1310 licet

115 1347 458 1404 Combelisius
484 1348 538 1411 in
574 1348 903 1405 Bibliotheca
935 1354 1333 1407 concionatoria
1384 1355 1700 1421 contendat,
1738 1354 2004 1423 quasdam
2041 1355 2281 1422 illarum,
2316 1364 2375 1411 ut
2403 1356 2618 1411 tertiam
2651 1354 2708 1408 in
2737 1364 2977 1408 sanctam
3025 1352 3371 1406 resurrectio-

114 1464 235 1513 nem,
274 1447 491 1519 antiqui
526 1448 676 1506 illius
710 1449 1151 1507 Constantiensis
1181 1452 1328 1507 aetati
1362 1468 1470 1506 non
1505 1453 1646 1507 male
1675 1467 1993 1523 congruere.

1160 1633 1229 1688 In
1269 1632 1479 1690 Petavii
1515 1635 1744 1690 editione
1782 1634 2155 1690 desiderantur
2194 1651 2212 1687 :

176 1747 260 1803 15.
301 1746 694 1819 Fragmentum
743 1751 909 1808 breve
936 1752 1229 1823 Epiphanii
1266 1754 1355 1819 εἰς
1387 1753 1455 1807 τὸ
1488 1753 1642 1808 κατὰ

1867 1772 1953 1809 *ου
1977 1795 1991 1820 ,
2022 1769 2089 1809 ex
2118 1754 2321 1810 Catena
2365 1752 2738 1809 Mazariniana
2792 1754 2859 1808 ad
2906 1753 3075 1810 Exod.
3112 1769 3199 1810 xvn
3227 1795 3243 1821 ,
3275 1755 3368 1817 20.

112 1839 279 1895 (id-32cc
304 1839 548 1910 vulgavit
574 1841 716 1898 idem
746 1840 1111 1898 Combeﬁsius
1144 1842 1367 1896 Auctar.
1402 1843 1595 1898 noviss.
1622 1852 1756 1899 tom.
1790 1842 1856 1909 II,
1889 1861 1943 1914 p.
1972 1843 2094 1902 500.

171 1928 253 1986 16.
296 1933 752 2004 Apophthegmata
802 1932 1187 2003 septemdecim
1237 1931 1424 1988 Graece
1474 1942 1528 1988 et
1586 1932 1779 1990 Latine
1815 1935 1962 1991 edita
2006 1951 2038 1989 a
2082 1934 2353 1992 Cotelerio
2404 1935 2547 1990 inter
2596 1933 3061 2005 Apophthegmata
3117 1935 3370 2007 Patrum,

111 2039 156 2093 p.
189 2022 433 2077 126-450
468 2034 600 2079 tom.
634 2023 654 2077 I
692 2022 937 2078 Monum.

172 2120 252 2174 17.
297 2119 624 2175 Miraculum
650 2132 851 2177 sancta:
876 2121 1233 2177 Eucharistia:
1259 2138 1290 2179 e
1326 2123 1516 2179 codice
1547 2123 1679 2179 bibl.
1723 2122 2001 2187 Palatinae,
2040 2137 2255 2177 versum
2314 2137 2343 2176 a
2385 2120 2549 2176 Petro
2582 2122 2649 2175 de
2676 2119 2878 2182 Monte,
2914 2120 3173 2190 episcopo
3201 2120 3368 2177 Bres-

110 2213 243 2267 sensi
270 2213 386 2268 sive
413 2213 703 2281 Brixiensi,
736 2224 790 2271 et
812 2216 914 2272 sub
944 2217 1235 2287 Epiphanii
1262 2218 1437 2272 nostri
1486 2218 1709 2274 nomine
1733 2218 1924 2274 Latine
1947 2219 2151 2273 editum
2184 2218 2347 2273 Rom.
2374 2217 2533 2272 1525.
2563 2215 2834 2271 Caeterum
2861 2215 3198 2287 TheOphilus
3222 2216 3369 2289 Ray-

113 2305 333 2371 naudus,
372 2304 433 2359 S.
472 2303 547 2372 J.,
583 2307 678 2376 qui
710 2308 897 2362 recudi
927 2307 1139 2362 curavit
1163 2322 1213 2362 a.
1252 2307 1413 2371 1640,
1445 2307 1835 2379 cumcopiosis
1880 2306 1995 2362 suis
2026 2306 2595 2361 animadversionibus
2626 2310 2683 2365 in
2725 2310 2860 2364 diss.
2894 2309 2971 2364 De
3000 2311 3358 2380 apparitioni-

111 2396 191 2449 bats
218 2396 271 2449 in
308 2395 666 2451 Eucltaristite
696 2405 1051 2463 sacramento,
1092 2413 1287 2455 recusa
1320 2414 1371 2451 a.
1402 2397 1563 2464 1665,
1599 2407 1732 2452 tom.
1775 2396 1839 2451 V1
1882 2396 2043 2469 0pp.,
2084 2414 2139 2468 p.
2174 2397 2301 2464 582,
2347 2410 2401 2454 et
2442 2398 2603 2468 longe
2642 2399 2881 2468 junioris
2914 2414 3038 2455 esse
3077 2398 3368 2470 Epiphanii

110 2485 327 2540 ostendit
357 2502 415 2556 p.
444 2486 550 2542 589
575 2502 717 2557 seq.,
765 2487 909 2543 inter
947 2487 1054 2543 alia
1099 2488 1264 2542 etiam
1294 2503 1359 2543 ex
1395 2503 1460 2544 eo
1485 2529 1499 2554 ,
1535 2488 1681 2559 quod
1712 2488 1915 2544 Paulus
1945 2488 2221 2544 secundus
2251 2488 2482 2544 refertur
2512 2489 2809 2545 mulctasse
2838 2505 3038 2561 corpus
3072 2505 3232 2545 suum
3271 2489 3370 2545 lla-

111 2579 249 2648 gellis
280 2598 292 2632 :
327 2582 463 2645 Qua:
506 2580 814 2649 imbonitas,
856 2584 1056 2654 inquit,
1107 2596 1227 2641 ante
1268 2602 1437 2640 a’vum
1480 2587 1628 2641 Petri
1662 2585 1931 2654 Damiani,
1961 2587 2051 2656 qui
2081 2586 2275 2641 saeculo
2308 2586 2588 2640 undecimo
2617 2585 2833 2645 claruit.
2859 2586 3106 2642 in‘nullis
3133 2586 3370 2642 anacho-

109 2682 327 2727 retarum
353 2676 434 2729 vel
459 2678 840 2731 monachorum
874 2680 1169 2749 asperrima
1195 2696 1415 2752 quisque
1439 2681 1855 2735 consectantium
1879 2682 2035 2751 gestis
2066 2688 2253 2734 notata
2283 2695 2316 2733 a
2345 2696 2426 2733 me
2455 2688 2552 2733 est.
3188 2664 3205 2677 Α

172 2767 254 2823 18.
282 2767 350 2822 ln
380 2767 664 2823 Canticum
699 2771 1049 2828 canticorum.
1106 2771 1475 2828 Cassiodorus
1502 2772 1597 2827 lib.
1640 2789 1657 2827 ι
1693 2772 1934 2827 Divinar.
1971 2772 2121 2836 inst.,
2146 2787 2266 2842 cap.
2304 2769 2380 2826 5:
2418 2770 2547 2825 Post
2578 2786 2706 2839 quos
2739 2769 3069 2841 (Origenem,
3101 2768 3370 2840 Hierony-

112 2880 267 2930 mum,
296 2865 583 2937 Rulinum)
622 2865 979 2936 Epiphanius,
1009 2870 1232 2924 antistes
1262 2869 1510 2939 Cyprius,
1544 2878 1713 2922 totum
1742 2868 1937 2921 librum
1969 2866 2219 2936 (Cantici
2251 2865 2623 2936 canticorum)
2664 2862 2847 2919 erco
2877 2878 3116 2916 sermone
3145 2877 3251 2915 uno
3280 2876 3369 2915 uo-

112 2956 289 3013 lumine
315 2959 412 3015 sub
444 2960 699 3014 bretitate
723 2961 1026 3031 complexus
1061 2971 1159 3018 est.
1192 2961 1343 3017 Hunc
1373 2979 1487 3028 nos,
1513 2972 1573 3015 ut
1594 2960 1756 3025 alios,
1785 2962 1840 3015 in
1866 2959 2115 3014 Latinam
2139 2959 2379 3030 linguam
2402 2974 2495 3027 per
2525 2956 2756 3011 amicum
2783 2964 3045 3020 nostrum,
3082 2953 3254 3006 virum
3279 2950 3369 3005 di-

114 3056 468 3122 sertissimum,
520 3056 885 3127 Epiphanium
916 3099 931 3125 ,
968 3060 1189 3130 fecimus
1217 3102 1232 3127 ,
1282 3059 1512 3115 Domino
1551 3059 1813 3129 juvante,
1866 3058 2169 3127 transferri.
2216 3057 2455 3110 Adnotat
2494 3053 2549 3110 J.
2592 3050 2867 3113 Garetius,
2914 3045 3369 3103 commentarium

114 3145 248 3202 illum
270 3164 392 3204 esse
426 3164 541 3204 non
570 3148 885 3220 Epiphanii,
924 3149 1019 3204 sed
1065 3149 1333 3217 Philonis,
1368 3165 1529 3222 quem
1584 3149 1808 3220 Carpasi
1836 3150 1889 3203 in
1925 3149 2102 3221 Cypro
2132 3149 2310 3203 insula
2343 3145 2681 3218 Epiphanius
2716 3142 3031 3212 episcopum
3068 3139 3367 3204 ordinavit,

113 3241 352 3299 «Grece
385 3261 516 3300 cum
549 3245 821 3312 versione,
858 3261 890 3301 a
928 3246 1263 3304 Cassiodoro
1293 3256 1619 3315 memorata,
1658 3247 1935 3303 exstitisse
1960 3247 2105 3317 apud
2135 3245 2445 3300 Emericum
2472 3244 2771 3316 Bigotium.
2798 3241 2965 3296 ΕΔΜ.
2992 3272 3065 3282 ——
3086 3239 3197 3309 Ego
3238 3254 3370 3295 vero

114 3335 224 3389 uolo
248 3347 521 3407 repetere,
553 3354 676 3409 quae
703 3339 816 3408 jam
853 3352 1018 3407 supra
1048 3336 1104 3390 in
1137 3336 1247 3390 vol.
1282 3334 1373 3400 lV,
1406 3336 1501 3391 751
1535 3351 1683 3406 sqq.,
1721 3335 1776 3389 in
1824 3335 1967 3391 hanc
1998 3349 2115 3389 rem
2144 3334 2418 3403 disputata
2455 3342 2585 3388 sunt
2631 3331 2707 3403 (a)
2745 3348 2758 3385 :
2789 3329 2937 3384 etde
2963 3328 3204 3383 editione
3241 3325 3370 3383 Gia-

114 3429 327 3493 comelli,
359 3430 457 3500 qui
494 3432 597 3487 sub
628 3430 879 3487 Philonis
908 3431 1153 3496 nomine,
1185 3429 1281 3486 Gr.
1328 3445 1393 3484 ac
1432 3428 1554 3485 Lat.
1607 3430 1760 3485 illum
1810 3436 2167 3485 commentar.
2199 3444 2229 3484 e
2262 3429 2414 3497 prelo
2451 3427 2602 3483 exire
2648 3424 2816 3495 jussit
2853 3422 3040 3477 Romae.
3085 3420 3247 3485 1772,
3287 3421 3367 3488 4⁸,

114 3520 237 3575 scitu
268 3522 583 3578 necessaria
617 3523 819 3578 adlata.
853 3523 992 3580 Add.
1024 3522 1254 3577 Krohnii
1284 3521 1430 3587 Cat.,
1462 3537 1516 3591 p.
1541 3521 1632 3587 91,
1659 3537 1714 3575 n.
1747 3520 1818 3575 35
1846 3529 1901 3576 et
1932 3520 2021 3575 56.
2048 3520 2248 3575 Contra
2271 3520 2373 3577 sub
2401 3519 2622 3574 nomine
2645 3518 2933 3589 Epiphanii
2955 3517 3367 3572 commentarius

113 3610 160 3663 in
186 3610 462 3667 Canticum
493 3615 821 3669 canticorum
853 3612 1032 3683 prodit
1067 3628 1204 3666 nunc
1226 3612 1460 3682 primum
1499 3626 1564 3664 ea:
1593 3612 1814 3681 antiqua
1848 3612 2081 3665 versione
2111 3609 2305 3663 Latina
2334 3626 2493 3680 opera
2515 3620 2563 3665 et
2590 3612 2768 3666 studio
2801 3610 2953 3664 Petri
2987 3608 3187 3662 Franc.
3220 3605 3367 3678 Fag-

113 3703 245 3771 ginii.
281 3702 471 3759 Romae
507 3714 620 3775 typ.
654 3704 925 3760 Palearini
970 3702 1129 3769 1750,
1166 3704 1243 3759 4ο.
1276 3702 1329 3757 1η
1366 3701 1518 3774 praei.
1553 3703 1784 3757 historia
1818 3702 1941 3757 libri
1972 3706 2285 3772 exponitur.
2309 3732 2381 3744 --
2402 3702 2574 3759 Antea
2610 3705 2712 3760 sub
2739 3702 2985 3759 Philonis
3009 3715 3230 3773 quoque
3265 3714 3367 3754 no-

114 3795 240 3850 mine
265 3797 466 3866 prodiit
492 3795 868 3866 Interpretatio
895 3796 949 3850 in
976 3794 1258 3849 Canticum
1287 3795 1613 3848 canticorum
1640 3791 1759 3848 Lat.
1801 3807 1869 3847 ex
1913 3794 2366 3863 interpretatione
2396 3793 2586 3863 Steph.
2633 3791 2882 3847 Salutati.
2912 3791 3114 3859 Paris.,
3155 3790 3363 3847 Christ.

114 3886 333 3943 Wechel.
370 3889 537 3952 1557,
571 3887 903 3945 8°.—Paris.
936 3888 991 3943 in
1031 3888 1163 3943 bibl.
1202 3887 1352 3957 publ.
1386 3886 1510 3941 cod.
1535 3884 1698 3951 5092,
1724 3901 1778 3940 n.
1812 3884 1868 3953 2,
1898 3883 2189 3955 Epiphanii
2224 3884 2505 3953 Expositio
2535 3887 2592 3939 in
2620 3883 2902 3940 Canticum
2931 3885 3266 3939 canticorum
3294 3898 3364 3938 ex

112 3980 218 4034 cod.
248 3981 432 4052 aliquo
464 3981 736 4051 descripta
772 3981 828 4035 in
868 3979 990 4034 cod.
1021 3977 1192 4033 Vatic.
1245 3975 1312 4032 V.
1345 3990 1533 4045 supra,
1578 3976 1645 4031 ad
1681 3974 1771 4040 IV,
1816 3992 1871 4030 η.
1923 3978 1970 4030 l.
2014 3975 2312 4032 Anthimus
2341 3976 2495 4041 Gazi,
2543 3976 2975 4032 archimandrita
3013 3987 3068 4032 et
3096 3973 3365 4033 sacerdos

113 4061 427 4141 Graecorum,
460 4083 596 4139 etc.,
630 4072 849 4128 Viennae
877 4072 1089 4139 Austr.,
1118 4069 1255 4124 vidit
1287 4067 1427 4123 1796
1456 4067 1934 4138 Constantinopoli
1965 4083 2054 4138 ap.
2086 4066 2346 4138 Joasaph.
2382 4068 2891 4136 hieromonachum,
2920 4080 3108 4141 postea
3147 4078 3359 4124 metro-

114 4170 312 4237 politam
350 4170 625 4234 Anchiali,
658 4169 910 4225 Graecum
943 4167 1066 4224 cod.
1101 4174 1229 4222 mst.
1264 4164 1551 4237 Epiphanii
1592 4182 1615 4217 ε

1855 4180 1985 4235 ισμα
2028 4163 2140 4218 τῶν
2185 4165 2444 4236 ᾀσμάτων
2486 4164 2653 4219 ἰπὶ-4ο.
2695 4163 2753 4218 In
2784 4163 2991 4220 Catena
3041 4161 3356 4233 Nicephori,

114 4268 258 4333 p.15,
280 4274 606 4324 numeratur
637 4268 777 4323 inter
811 4267 881 4322 τὰ
913 4250 1285 4330 εέλελοιπότα,
1319 4272 1455 4320 teste
1482 4262 1615 4319 Alte]

1785 4262 1928 4333 Lips.
1959 4265 2026 4319 Α.
2049 4262 2113 4317 L.
2143 4264 2387 4331 Anz.,A.
2418 4261 2576 4329 1800,
2608 4279 2664 4317 n.
2702 4260 2823 4328 165,
2845 4277 2899 4332 p.
2933 4260 3090 4319 1621.
3116 4260 3286 4316 Hum.

1534 4450 1647 4509 VII.
1691 4470 1926 4508 meum.

174 4568 250 4623 19.
292 4569 572 4639 Expositio
612 4570 669 4623 in
703 4566 918 4622 Nahum
962 4570 1272 4640 prophetam
1316 4569 1502 4626 Graece
1539 4586 1642 4626 ms.
1678 4571 1732 4625 in
1763 4572 1894 4625 bibl.
1930 4571 2075 4639 regis
2114 4570 2521 4635 Christianiss.,
2564 4576 2700 4623 teste
2746 4563 2986 4629 Labbeo,
3020 4576 3077 4633 p.
3109 4560 3175 4617 79
3209 4559 3351 4616 Bibl.

114 4674 236 4712 nam
257 4678 380 4714 mss.
415 4661 491 4732 [ε.
524 4660 647 4715 cod.
681 4660 820 4714 1158
845 4660 963 4714 init.
1000 4658 1052 4713 in
1085 4660 1208 4713 Cat.
1240 4660 1395 4716 codd.
1431 4658 1638 4728 Paris.,
1665 4660 1730 4729 ll,
1755 4677 1808 4731 p.
1840 4661 1992 4734 325].

170 4748 248 4804 20.
290 4749 355 4804 In
395 4748 644 4806 Psalmos
691 4751 939 4819 quaedam
964 4790 979 4815 ,
1010 4758 1065 4805 et
1092 4750 1230 4819 Περὶ
1267 4749 1613 4818 διαιρέσεως
1658 4768 1671 4819 1

1850 4749 1919 4805 ὗν
1963 4766 2068 4806 ms.
2108 4750 2298 4805 habuit
2342 4747 2677 4819 Theophilus
2712 4746 2933 4811 Galeus,
2970 4753 3106 4801 teste
3150 4743 3351 4799 Cavea.

114 4837 481 4898 FABR.—AdlIe
508 4841 669 4908 infra,
698 4842 792 4896 lib.
821 4858 875 4909 γ,
906 4856 955 4897 c.
987 4843 1075 4907 17,
1106 4843 1173 4898 de
1195 4843 1413 4905 Catenis
1445 4842 1691 4910 Patrum,
1719 4844 1829 4899 vol.
1866 4842 1982 4911 VII,
2020 4860 2074 4914 p.
2111 4844 2234 4908 749,
2267 4853 2321 4899 et
2360 4842 2415 4897 in
2462 4841 2599 4895 alios
2640 4841 2811 4896 libros
2839 4826 3027 4896 sacros
3073 4853 3195 4909 pag.
3225 4836 3349 4902 736,

115 4928 216 4997 775,
238 4931 358 4995 781,
397 4932 525 4996 788,
556 4933 681 4999 790,
711 4933 798 4987 ed.
827 4945 935 4987 vet.
966 4931 1278 4989 Universim
1321 4934 1375 4987 in
1409 4932 1639 4988 Patrum
1669 4934 1889 4991 Catenis
1914 4935 1970 4990 in
1998 4936 2184 4991 varios
2219 4934 2281 4990 V.
2315 4950 2380 4991 ac
2412 4934 2474 4986 Ν.
2515 4932 2579 4989 Τ.
2611 4933 2782 4987 libros
2812 4930 3044 5000 aliisque
3074 4928 3354 4983 collectioo

114 5026 248 5083 nibus
279 5028 568 5100 Epiphanii
599 5029 719 5084 loca
761 5044 903 5099 saepe
930 5029 1193 5085 citantur.
1227 5027 1320 5084 Vel
1346 5045 1414 5084 ex
1445 5028 1749 5087 Montiauc.
1800 5031 2060 5087 Biblioth;
2095 5032 2319 5087 Coislt'n.
2357 5031 2527 5085 multa
2561 5035 2793 5100 possunt
2826 5026 3024 5097 cmligi.
3058 5023 3252 5080 Venet.
3294 5025 3349 5077 in

113 5117 221 5175 bibl.
242 5120 489 5178 Michael.
526 5120 720 5191 Epiph.
759 5130 1005 5191 excerpta
1043 5126 1097 5176 in
1130 5120 1333 5192 Evang.
1369 5121 1428 5176 S.
1476 5120 1748 5189 Matthwi,
1793 5125 1847 5178 in
1897 5125 2020 5180 cod.
2060 5124 2183 5190 120,
2216 5126 2308 5196 qui
2334 5124 2597 5180 Catenam
2636 5125 2883 5180 Grazcam
2908 5123 3170 5188 continet,
3214 5130 3349 5177 teste

113 5211 388 5272 llittarellio
420 5219 477 5271 in
507 5216 650 5270 Bibl.
679 5216 832 5270 codd.
864 5216 925 5270 S.
961 5213 1262 5280 Michaelis,
1296 5233 1348 5287 p.
1386 5216 1660 5272 551.—Et
1690 5218 1771 5274 sic
1808 5218 1865 5273 in
1892 5219 2013 5275 aliis
2040 5220 2319 5274 variarum
2353 5219 2670 5274 bibliothec.
2704 5217 2862 5273 codd.
2892 5248 2960 5258 —
2980 5215 3120 5270 Add.
3148 5213 3199 5269 J.
3240 5213 3348 5268 Fa-

113 5306 224 5363 bric.
260 5311 311 5364 in
341 5311 589 5366 Historia
615 5309 743 5365 bibl.
775 5326 919 5375 sum,
954 5323 1085 5365 tom.
1117 5310 1203 5373 V1,
1255 5328 1309 5381 p.
1359 5312 1463 5366 150
1507 5329 1629 5384 sqq.
1650 5344 1722 5354 υ-
1746 5312 1851 5369 Sed
1887 5316 2148 5385 temporis
2200 5317 2340 5371 ratio
2371 5323 2425 5369 et
2456 5313 2739 5369 brevitatis
2766 5308 3005 5364 studium
3037 5304 3345 5361 uberiorem

112 5416 199 5455 non
225 5406 483 5473 permittit
508 5404 923 5476 expositionem.
961 5407 1084 5462 Vid.
1115 5423 1336 5480 quoque
1363 5408 1599 5465 Matthsei
1630 5411 1807 5466 Notit.
1844 5412 1999 5467 codd.
2033 5411 2364 5483 Mosquens.,
2395 5427 2451 5480 p.
2486 5410 2576 5465 29.
2597 5439 2667 5450 —
2690 5407 2749 5462 In
2777 5405 2898 5461 cod.
2934 5401 3158 5474 Syriaco
3182 5400 3215 5454 5
3239 5397 3349 5465 Pa,-

112 5498 189 5551 ris.
214 5502 382 5559 inesse
415 5505 675 5560 dicuntur
702 5507 977 5561 nonnullae
1018 5507 1074 5560 in
1108 5506 1346 5561 version.
1383 5507 1570 5562 libror.
1605 5506 1673 5562 IV
1700 5508 1908 5579 Regum
1970 5525 2034 5563 ac
2064 5510 2250 5565 Daniel
2305 5508 2587 5581 Syriacam
2640 5501 3075 5564 observationes,
3109 5508 3344 5565 quarum

112 5602 330 5650 auctores
354 5612 477 5654 esse
504 5597 754 5653 feruntur
784 5599 1052 5655 Eusebius
1086 5598 1352 5669 Pamphili
1385 5609 1437 5655 ct
1468 5598 1824 5668 Epiphanius.
1864 5602 1924 5657 V.
1959 5600 2133 5655 Catal.
2194 5602 2349 5654 codd.
2385 5600 2593 5667 Paris.,
2630 5605 2764 5652 tom.
2798 5592 2841 5658 I,
2874 5607 2924 5661 p.
2970 5589 3056 5646 51.
3090 5588 3266 5642 HARL-
