3800 6180
825 423 1528 607 EPISTOLA
1632 497 2797 616 NUNCUPATORIA.

1235 1068 1698 1115 ILLUSTRISSIMO
1739 1071 1816 1114 AC
1858 1071 2398 1117 REVERENDISSIMO

769 1310 846 1372 D.
888 1309 1336 1373 FRANCISCO
1379 1311 1441 1374 S.
1487 1312 1564 1370 R.
1621 1313 1690 1372 Ε.
1756 1309 2197 1372 CARDINALI
2242 1309 2877 1386 RUPIFUCALDIO,

1474 1586 1698 1625 EPISCOPO
1737 1584 2096 1625 SILVANBC'IENSI
2115 1607 2130 1631 ,

675 1827 850 1868 IAGNO
879 1827 1118 1866 FBANCIAE
1151 1827 1611 1879 ELEEIOSYNARIO,
1642 1828 1705 1867 AC
1737 1827 1954 1868 ΒΛΝΒΤΑΕ
1987 1825 2176 1867 CENOVI

1464 1827 1611 1879 A810,
1642 1828 1705 1867 AC
1737 1827 1954 1868 ΒᾹΝΒΤΑΕ
1987 1825 2276 1867 CENOVEFAE
2311 1825 2447 1865 APUD
2487 1825 2724 1869 PARISIDS
2750 1825 2965 1870 ΔΒΒΔΤῙ.

261 2085 575 2147 Meliusne
627 2083 733 2157 sit,
788 2091 846 2142 et
877 2084 1250 2156 consultius,
1305 2084 1650 2147 cardinalis
1682 2083 2136 2157 illustrissime,
2173 2087 2626 2166 pestiferarum
2653 2087 2969 2148 hxreseon
3013 2085 3262 2166 nefaria
3313 2083 3428 2146 do-

169 2196 394 2265 gmata
425 2184 796 2263 consignare
831 2183 1084 2256 litteris,
1120 2203 1202 2244 an
1234 2203 1302 2244 ea
1344 2194 1548 2245 tacere
1574 2184 1858 2262 penitus,
1878 2185 2030 2262 jure
2064 2183 2233 2244 inter
2261 2186 2578 2264 sapientes
2607 2186 2937 2265 quaeritur.
2968 2182 3058 2244 Ac
3088 2179 3429 2244 nonnullos

174 2285 393 2346 minus
424 2292 733 2344 sectarum
770 2284 912 2362 ipsa
958 2282 1327 2362 descriptio,
1388 2283 1658 2362 diligens
1698 2284 2058 2362 prxsertim
2106 2292 2163 2345 et
2214 2286 2560 2360 enucleata,
2617 2284 2904 2346 delectat.
2957 2283 3092 2346 Alii
3139 2285 3430 2346 cautione

171 2386 450 2467 quadam
484 2405 555 2447 ac
587 2384 828 2446 delectu
866 2405 1024 2465 opus
1061 2404 1189 2446 esse
1211 2384 1536 2464 judico-nt,
1586 2392 1660 2445 ut
1695 2404 1776 2446 ea:
1804 2383 2008 2444 solum
2030 2386 2630 2462 prcetermittantur,
2664 2404 2798 2466 quae
2825 2395 2935 2446 aut
2968 2395 3276 2446 vetustate
3290 2387 3430 2467 jam

173 2489 628 2562 obsoleverint,
659 2495 768 2548 aut
792 2487 1030 2566 insigni
1055 2486 1332 2567 foeditate
1361 2505 1432 2546 ac
1463 2487 1789 2564 spurcitia
1817 2488 2255 2550 contaminatae
2274 2489 2539 2569 fuerint.
2577 2490 3114 2567 Utrosque‘movet
3142 2507 3222 2558 ea,
3238 2508 3430 2551 causa

163 2585 582 2668 potissimum
612 2608 632 2648 :
664 2585 828 2667 quod
857 2606 995 2648 cum
1023 2587 1312 2648 universe
1345 2585 1741 2648 decretorum
1771 2585 2077 2666 ejusmodi
2105 2587 2461 2649 recordatio
2499 2588 2865 2666 perniciosa
2891 2589 2999 2660 sit,
3037 2598 3167 2648 tum
3215 2608 3430 2653 eorum

177 2692 540 2772 mortifera,
558 2691 870 2769 contagio,
924 2707 1052 2769 qua:
1091 2675 1368 2752 obscena:
1413 2689 1763 2768 voluptatis
1817 2689 2148 2752 lenociniis
2195 2692 2434 2768 partim
2483 2691 2774 2750 incautos
2820 2688 3139 2761 alliciunt,
3186 2694 3430 2770 partim

177 2791 419 2851 invitos
442 2809 515 2850 ac
549 2797 968 2868 repugnantes
999 2789 1224 2869 afﬂatu
1250 2788 1663 2850 nihilominus
1695 2788 1971 2867 quodam
1991 2787 2416 2867 turpitudinis
2448 2797 2508 2848 et
2537 2787 2726 2848 odore
2753 2789 3172 2867 perfundunt.
3199 2792 3429 2866 Quam-

182 2893 398 2953 obrem
436 2889 602 2970 quod
634 2890 1036 2973 Epiphanius
1074 2889 1545 2964 Gnosticorum,
1593 2891 2151 2965 Basilidianorum,
2190 2889 2862 2969 Carpocratianorum,
2895 2887 3430 2969 Origenianorum

179 3012 453 3054 arcanas
497 3013 568 3056 ac
600 2991 995 3055 detestandas
1027 2992 1317 3054 libidines
1356 3004 1479 3053 tam
1508 2992 1847 3072 diligenter
1893 2993 2302 3073 expresserit,
2347 3009 2477 3052 non
2509 2988 2676 3051 illud
2707 2988 2953 3068 quidem
2981 2991 3110 3053 viri
3150 2992 3425 3054 sanctis-

177 3097 328 3157 simi
375 3099 614 3175 factum
650 3093 1100 3172 consiliumque
1148 3091 1640 3172 reprehendunt,
1693 3093 1808 3154 sed
1848 3112 2064 3154 eorum
2115 3091 2391 3152 omnium
2436 3090 2800 3150 memoriam
2847 3088 3158 3152 oblivione
3185 3092 3431 3153 conteri

180 3199 380 3276 fuisse
404 3196 608 3256 satius
629 3202 895 3275 putant;
927 3201 985 3253 et
1002 3192 1236 3266 Graece,
1264 3195 1363 3255 uti
1381 3195 1624 3273 scripta
1645 3203 1818 3268 sunt,
1853 3193 2132 3274 relinqui
2151 3190 2358 3266 modo,
2391 3198 2575 3269 atque
2599 3207 2639 3248 a
2666 3188 3082 3268 peritioribus
3112 3189 3431 3253 duntaxat

183 3299 305 3377 legi
355 3310 650 3378 oportere
696 3302 1008 3358 statuunt.
1059 3295 1278 3374 Itaque
1321 3297 1543 3359 Latine
1571 3306 1643 3358 ut
1677 3317 1750 3376 ea
1780 3317 1894 3358 nos
1928 3299 2442 3374 interpretemur,
2481 3311 2554 3354 ac
2575 3292 3004 3371 promiscuam
3031 3292 3428 3373 ﬂagitiorum

182 3401 656 3474 conscientiam,
692 3415 1184 3476 communemque
1215 3399 1519 3478 faciamus
1549 3398 1854 3473 omnibus,
1893 3396 2292 3478 probandum
2322 3395 2574 3457 minime
2603 3413 2730 3456 esse
2761 3393 3167 3457 contendunt.

263 3505 504 3566 Contra
539 3522 692 3582 quos
729 3522 933 3564 omnes
968 3513 1092 3562 tam
1118 3502 1471 3582 Epiphanii
1503 3505 1712 3566 nostri
1739 3522 1921 3584 quam
1949 3512 2173 3564 nostra
2210 3501 2397 3563 etiam
2434 3517 2628 3560 causa
2659 3497 3112 3576 disputandum
3153 3496 3429 3560 breviter

186 3608 505 3668 existimo.
544 3606 632 3665 Ac
661 3606 909 3684 priores
938 3602 1186 3683 quidem
1219 3605 1343 3679 illi,
1377 3605 1602 3684 quibus
1640 3615 1840 3668 totum
1862 3604 2035 3668 istud
2072 3604 2392 3682 negotium
2422 3600 2740 3680 displicet,
2787 3600 3102 3660 hxreseon
3129 3598 3428 3666 abstrusa

184 3729 255 3770 ac
286 3705 616 3769 recondita
653 3707 954 3784 mysteria
982 3704 1279 3766 mandare
1311 3707 1596 3785 scriptis,
1641 3724 1945 3767 summum
1983 3724 2055 3765 ac
2086 3703 2411 3783 singulare
2439 3701 2700 3764 veritati
2729 3698 3098 3780 praesidium
3127 3701 3426 3780 opinione

164 3804 295 3868 sua
344 3805 707 3867 detrahunt.
763 3804 899 3864 Hoc
944 3805 1107 3866 enim
1153 3813 1567 3884 extorquent;
1605 3822 1725 3884 quo
1756 3813 2084 3866 nascentes
2114 3803 2455 3866 identidem
2483 3821 2557 3863 ac
2604 3800 2902 3863 rediviva:
2951 3800 3427 3866 mendaciorum

185 3917 363 3968 secta?
393 3905 772 3968 validissime
805 3904 1182 3983 propulsari
1220 3924 1260 3964 a
1310 3905 1491 3967 nobis
1523 3906 1832 3985 evertique
1852 3905 2131 3986 possint.
2180 3905 2299 3965 Est
2328 3903 2575 3984 quidem
2607 3905 2766 3985 ejus,
2795 3902 2905 3982 qui
2935 3903 3006 3962 in
3033 3903 3302 3964 haeresin
3327 3903 3429 3965 vel

189 4006 558 4068 moliendum
589 4005 686 4066 vel
721 4003 1013 4066 tuendam
1041 4005 1420 4077 incubuerit,
1451 4008 1696 4069 animus
1728 4009 1797 4081 in
1836 4026 2072 4069 omnem
2102 4008 2430 4069 audaciam
2462 4009 2597 4068 sine
2626 4005 2759 4067 ullo
2795 4003 3039 4085 pudore
3061 4006 3422 4085 ‘projectus.

185 4107 304 4170 Sed
332 4128 510 4171 nemo
550 4119 641 4171 est
681 4117 882 4169 tamen
912 4127 992 4169 ex
1025 4106 1156 4169 illis
1206 4108 1623 4171 absurdarum
1666 4111 2034 4190 opinionum
2066 4111 2387 4190 patronis,
2423 4128 2600 4189 quem
2627 4125 2756 4169 non
2787 4115 3104 4188 utcunque
3151 4109 3426 4170 convicti

191 4211 335 4274 olim
366 4214 606 4274 erroris
635 4231 706 4274 ac
737 4211 1018 4273 damnati
1029 4211 1292 4290 pudeat.
1324 4213 1468 4276 Sint
1496 4232 1668 4288 sane,
1700 4217 1799 4278 uti
1826 4221 1996 4288 sunt,
2021 4215 2221 4294 ferrei
2252 4230 2462 4274 omnes
2493 4210 2775 4274 hxretici
2808 4230 2829 4270 :
2860 4210 2990 4271 sint
3010 4210 3374 4289 pervicaces
3400 4235 3424 4275 :

193 4308 375 4371 iidem
411 4324 476 4370 se
518 4312 588 4373 in
629 4313 769 4388 ipso
817 4307 1046 4372 ardore
1080 4312 1540 4391 agitationeque
1591 4311 1965 4390 disputandi
2017 4311 2099 4374 ad
2133 4310 2554 4374 resistendum
2602 4311 2816 4372 acrius
2861 4310 3103 4390 ﬁngant
3150 4331 3171 4370 :
3218 4319 3426 4370 tamen

192 4415 296 4490 qui
328 4413 396 4474 id
427 4411 750 4486 didicerit,
788 4414 1017 4492 quique
1049 4415 1238 4475 certis
1273 4419 1550 4472 veterum
1583 4413 1957 4473 testimoniis
1991 4412 2390 4491 compererit,
2445 4419 2588 4470 ante
2618 4409 2694 4470 ab
2725 4410 3004 4487 antiquis
3036 4409 3339 4470 Patribus
3365 4417 3424 4468 et

195 4515 475 4576 conciliis
515 4513 892 4593 publicoque
932 4513 1438 4576 Christianorum
1485 4531 1791 4583 consensu
1838 4513 2054 4590 agnita
2098 4531 2170 4572 ac
2214 4509 2553 4589 repudiata
2601 4508 2889 4587 dogmata
2941 4508 3075 4579 illa,
3109 4526 3292 4586 quam
3322 4510 3424 4573 illi

196 4615 338 4693 ipsi.
371 4621 522 4692 quo's
545 4614 854 4692 sequitur,
888 4630 1101 4672 eorum
1129 4612 1618 4692 interpolatores
1644 4610 2042 4684 exsisterent,
2069 4611 2181 4671 vix
2211 4612 2352 4682 erit,
2385 4610 2636 4688 opinor,
2662 4609 2855 4682 ullus,
2884 4610 3064 4688 cujus
3085 4609 3215 4670 nisi
3242 4611 3424 4690 fran-

196 4716 257 4793 gi
306 4714 700 4794 edomarique
742 4715 1136 4776 contumacia
1159 4717 1468 4794 potuerit,
1505 4735 1633 4777 non
1669 4713 2099 4795 languidiores
2130 4714 2350 4774 saltem
2378 4713 2601 4775 habeat
2631 4712 2994 4792 eruptiones
3037 4721 3098 4774 et
3125 4714 3419 4794 impetus,
3503 4715 3511 4722 ’

197 4835 264 4876 ac
303 4817 608 4895 paulatim
638 4833 761 4894 per
808 4816 1078 4894 seipsam
1119 4819 1498 4897 refrigerata
1543 4826 1724 4896 atque
1757 4823 2049 4877 enervata
2080 4814 2389 4877 concidat.
2444 4813 2692 4876 Habent
2722 4814 2924 4891 igitur
2952 4815 3115 4876 hunc
3143 4817 3426 4894 fructum

201 4917 619 4978 commentarii
645 4916 747 4978 illi
771 4916 880 4994 qui
911 4915 989 4975 de
1022 4916 1363 4978 hxresibus
1408 4917 1800 4988 scribuntur,
1848 4923 1922 4976 ut
1965 4915 2034 4977 in
2068 4933 2438 4995 unaquaque
2482 4921 2658 4976 (etate
2703 4915 2991 4993 [autores
3037 4913 3322 4993 perﬁdice
3347 4934 3422 4975 ac

201 5020 488 5080 satellites
518 5036 666 5080 suos
697 5019 765 5078 in
794 5014 949 5090 illis,
981 5037 1131 5096 quos
1165 5017 1410 5096 quidem
1439 5019 1831 5093 erubescant,
1867 5018 2194 5097 principes
2228 5023 2636 5094 auctoresque
2676 5025 3150 5096 recognoscant.

273 5125 409 5196 Jam
450 5123 561 5201 qui
611 5131 813 5182 certas
859 5140 939 5182 ex
971 5122 1334 5194 hceresibus,
1386 5121 1738 5200 easdemque
1782 5119 1880 5180 vel
1913 5119 2329 5192 oblitteratas,
2363 5118 2462 5180 vel
2491 5115 2888 5197 turpitudine
2924 5117 3183 5194 infames
3215 5116 3422 5178 omitti

197 5225 424 5303 jubent,
472 5224 797 5305 difﬁcilem
821 5223 1146 5304 quamdam
1174 5223 1660 5285 moderationem
1685 5223 2014 5303 postulant
2047 5243 2066 5282 :
2100 5222 2280 5302 cujus
2316 5240 2392 5282 ne
2422 5221 2551 5300 ipsi
2591 5217 2837 5299 quidem
2885 5235 3090 5291 usum,
3138 5217 3348 5293 rogati
3380 5234 3422 5274 α

204 5327 392 5402 nobis,
426 5326 790 5407 expediant.
822 5327 1072 5387 Etenim
1100 5327 1158 5387 si
1187 5327 1301 5387 hoc
1333 5335 1505 5386 certo
1536 5323 1837 5404 polliceri
1859 5331 2142 5402 possent,
2183 5323 2551 5402 opinionum
2582 5319 2696 5382 illa
2721 5327 3040 5400 portenta,
3088 5327 3423 5396 postquam

207 5446 490 5508 oppressa
517 5449 590 5490 ac
621 5431 868 5509 sepulta
896 5429 1080 5489 semel
1107 5437 1330 5502 essent,
1363 5447 1702 5506 nunquam,
1739 5428 1868 5488 nisi
1899 5428 1967 5488 in
2004 5426 2185 5488 libris
2228 5432 2570 5496 exstarent,
2615 5440 2934 5483 emersura
2963 5419 3190 5495 denuo,
3222 5437 3417 5499 neque

205 5533 326 5591 suis
356 5552 430 5594 ex
461 5533 593 5595 illis
623 5533 823 5607 bustis
848 5553 918 5596 ac
951 5533 1268 5595 cineribus
1299 5532 1667 5602 excitanda;
1701 5533 1865 5595 nihil
1911 5533 2175 5595 consilio
2204 5534 2349 5595 huic
2392 5531 2656 5593 istorum
2696 5524 3196 5606 pracertendum
3218 5531 3414 5607 puta-

513 5635 786 5699 Ριτιιοι.
821 5636 935 5698 Gn.
970 5636 1133 5698 XLI.

3049 5629 3073 5688 1
