3800 6180
426 121 485 173 Η
1722 118 2014 175 DIONYSH
2057 117 2331 173 I’ETAVII
3578 122 3639 175 12

423 254 573 297 rem.
604 234 724 296 Sed
754 255 885 296 cum
918 238 1323 300 nihilominus
1373 241 1552 300 statis
1606 249 1951 317 temporum
1991 236 2345 300 intervallis
2380 236 2585 296 eadem
2617 236 2731 297 illa
2763 244 3068 308 monstra,
3099 244 3423 314 amputata
3459 238 3637 297 toties

424 360 494 400 ac
510 340 830 419 jugulata,
862 343 1238 402 reviviscunt
1272 365 1291 401 :
1324 362 1461 403 cum
1490 344 1649 403 idem
1678 344 1975 402 lueresum
2008 342 2260 401 illarum
2284 341 2662 400 architectus
2692 342 3097 416 inventorque
3124 338 3434 409 diabolus,
3468 341 3646 399 etiam

426 443 594 501 omni
644 440 949 501 librorum
981 444 1296 503 exstincta
1339 442 1656 513 memoria,
1697 450 2057 519 perseveret
2087 461 2108 498 :
2143 458 2281 499 cum
2328 437 2547 499 iisdem
2593 439 2838 499 artibus
2872 447 2927 496 et
2957 439 3285 510 machinis,
3321 438 3645 518 eademque

424 541 505 602 ad
551 543 694 603 illas
732 543 1178 603 instaurandas
1224 542 1570 603 calliditate
1603 562 1675 603 ac
1724 544 2003 621 nequitia
2052 544 2138 603 sit
2182 540 2485 620 prteditus
2523 561 2542 600 :
2572 558 2764 619 neque
2792 560 2904 600 nos
2935 542 3201 601 istorum
3232 541 3337 601 ille
3371 540 3644 601 delectus

425 642 717 723 adjuvat;
750 652 807 702 et
834 643 1131 703 adversus
1161 644 1580 721 redintegrati
1614 643 1816 704 morbi
1841 643 2199 721 periculum
2227 642 2505 721 pristina
2534 641 2647 702 illa
2668 641 3135 719 certissimaque
3166 639 3455 701 subsidia
3492 660 3649 699 com-

423 747 709 824 paranda
750 755 915 809 sunt.
953 749 1246 809 .Potuerit
1285 768 1432 808 sane
1481 757 1623 807 ante
1672 766 1866 807 annos
1904 747 2164 825 aliquot,
2204 749 2324 808 imo
2357 747 2605 817 saecula,
2656 745 3008 823 designatio
3037 746 3147 806 illa
3178 755 3493 805 certarum
3524 746 3641 805 lue-

426 864 643 904 reseon
668 846 749 906 ad
777 846 1169 908 scribendum
1195 857 1251 907 et
1280 849 1725 925 opportunitas
1741 846 1984 926 jactari
2002 866 2021 913 ;
2059 864 2195 905 cum
2212 847 2546 924 pauciores
2576 844 2775 906 adhuc
2821 852 3044 917 essent,
3075 862 3185 904 nec
3221 856 3343 903 tam
3376 844 3645 905 diversis

425 964 496 1005 ac
533 945 939 1007 dissimilibus
972 966 1051 1006 ea:
1082 947 1302 1025 formis
1330 946 1760 1025 prodigiisque
1791 946 2094 1025 conflatm.
2126 946 2262 1005 Hoc
2304 944 2549 1023 quidem
2581 953 2876 1022 tempore,
2909 962 3026 1022 quo
3061 953 3372 1003 emortuus
3402 943 3646 1022 pridem

427 1051 826 1125 superiorum
864 1058 1111 1109 aetatum
1142 1050 1396 1108 hwreses
1426 1056 1745 1107 revocatas
1778 1048 1847 1107 in
1886 1048 2081 1107 lucem
2109 1065 2179 1105 ac
2210 1055 2539 1107 renovatus
2580 1046 2913 1118 cernimus,
2962 1064 3038 1104 ne
3074 1044 3459 1106 dubitationi
3504 1047 3645 1123 qui-

429 1147 561 1206 dem
591 1146 714 1220 illi,
750 1165 821 1206 ac
844 1149 1173 1225 quastioni
1205 1149 1375 1209 locus
1406 1147 1677 1225 amplius
1709 1156 1796 1207 est
1841 1147 2121 1206 relictus.
2170 1146 2351 1219 Quod
2401 1148 2560 1206 enim
2588 1147 2712 1225 fuit
2753 1148 2819 1207 in
2854 1149 3022 1208 omni
3049 1146 3423 1223 antiquitate
3455 1164 3647 1223 genus

428 1246 745 1323 opinionis
777 1266 847 1306 ac
878 1256 1053 1307 sectae
1086 1256 1207 1307 tam
1234 1246 1637 1318 horrendum,
1674 1254 1797 1305 tam
1822 1246 2197 1306 inusitatum
2230 1254 2287 1304 et
2319 1244 2705 1305 obsoletum?
2742 1244 2896 1319 Quis
2929 1254 3051 1305 tam
3086 1245 3381 1305 obscenus
3421 1254 3479 1303 et
3511 1243 3652 1303 abo-

426 1344 758 1405 minandus
787 1349 1007 1407 error?
1039 1344 1218 1420 Quod
1237 1344 1518 1424 perﬁdiw
1542 1363 1736 1423 genus
1763 1353 1885 1404 tam
1909 1344 2120 1424 palam
2151 1345 2423 1404 omnium
2457 1364 2601 1405 voce
2633 1344 3127 1417 condemnatum,
3167 1343 3332 1421 quod
3373 1361 3504 1403 non
3529 1361 3643 1421 pa-

426 1453 673 1503 rentum
702 1454 1063 1505 nostrorum
1092 1446 1384 1505 memoria
1427 1446 1708 1525 fautores
1753 1444 1995 1522 aliquos
2042 1462 2113 1503 ac
2162 1453 2500 1503 sectatores
2531 1443 2864 1505 habuerit?
2894 1445 3129 1504 Parum
3160 1452 3251 1503 est
3281 1442 3354 1503 de
3391 1444 3647 1505 Arionis

428 1547 559 1608 illis
604 1548 921 1626 conqueri,
972 1556 1083 1606 aut
1117 1544 1611 1618 Macedonianis,
1650 1545 2092 1618 Eunomianis,
2138 1544 2558 1620 Nestorianis,
2594 1556 2651 1607 et
2678 1546 2761 1607 iis
2790 1545 2975 1605 etiam
3004 1542 3473 1620 antiquioribus
3507 1545 3644 1605 Ma-

425 1649 702 1720 nichteis,
734 1647 1132 1719 Sabellianis,
1166 1647 1584 1707 Samosatenis
1615 1666 1633 1705 :
1666 1654 2036 1722 cwterasque
2087 1646 2313 1705 veteris
2363 1646 2662 1707 Ecclesiae
2707 1648 2871 1724 faces
2903 1662 2975 1704 ac
3009 1651 3401 1721 tempestates
3426 1660 3645 1721 perse-

426 1750 537 1829 qui
568 1770 588 1809 :
619 1750 688 1810 in
716 1748 938 1827 quibus
959 1756 1197 1825 praeter
1225 1747 1528 1825 dogmatis
1558 1744 1895 1825 falsitatem
1924 1745 2103 1804 nulla
2130 1752 2240 1804 aut
2289 1745 2555 1805 obscura
2587 1744 2888 1826 fmditatis
2921 1742 3263 1820 disciplina
3289 1744 3415 1822 fuit
3458 1763 3478 1801 :
3514 1759 3651 1821 quis

430 1866 637 1910 omnes
668 1850 737 1912 in
766 1848 1122 1920 Germania,
1152 1846 1443 1917 Polonia,
1469 1845 1823 1914 Pannonia,
1853 1845 2104 1919 Russia,
2145 1846 2300 1907 alibi
2327 1843 2589 1922 denique
2618 1854 2851 1905 renatae
2877 1842 2958 1903 ad
2986 1844 3142 1904 hanc
3174 1843 3334 1903 diem
3362 1843 3652 1920 grassari

432 1961 489 2011 et
523 1952 975 2012 increbrescere
1006 1949 1327 2010 dicuntur.
1363 1945 1495 2007 Illa:
1516 1947 1666 2024 ipsa:
1686 1944 2263 2006 sordidissimarum
2286 1943 2617 2005 libidinum
2646 1944 3021 2005 inventrices
3059 1944 3313 2005 hwreses
3355 1961 3427 2002 ac
3452 1942 3645 2019 magi-

430 2063 597 2124 stras,
631 2070 765 2131 qua:
790 2054 1184 2130 promiscuos
1217 2049 1607 2118 concubitus,
1641 2067 1711 2108 ac
1748 2048 2055 2126 reliquam
2094 2049 2385 2125 corporis
2434 2044 2893 2123 turpitudinem
2937 2042 3353 2115 ostentabant,
3398 2060 3650 2121 qucque

428 2171 554 2213 uno
601 2152 1048 2213 Gnosticorum
1086 2149 1384 2209 vocabulo
1433 2148 1744 2209 contineri
1782 2165 2227 2225 nonnunquam
2274 2147 2499 2218 solent,
2536 2144 2756 2206 iisdem
2794 2146 2865 2206 in
2911 2145 3066 2205 locis
3116 2145 3183 2205 in
3229 2142 3646 2217 Adamianos,

430 2251 763 2325 Pikardos,
803 2251 1147 2323 Valdenses,
1190 2247 1632 2326 Lugdunenses
1675 2250 2015 2328 Pauperes,
2058 2257 2397 2327 cwteraque
2442 2254 2735 2324 portenta
2794 2246 3004 2306 verius
3056 2262 3236 2322 quam
3265 2244 3528 2303 nomina
3556 2263 3651 2304 re-

430 2352 821 2413 dundarunt.
853 2352 1097 2413 Veniam
1124 2347 1205 2407 ad
1232 2347 1499 2411 Galliam
1522 2356 1826 2418 nostram,
1857 2364 1929 2406 ac
1958 2343 2743 2411 novissimamCalviniani
2767 2343 2959 2404 labem
2979 2341 3307 2423 dogmatis,
3338 2353 3525 2422 atque
3547 2362 3651 2423 pe-

428 2463 609 2526 stem,
643 2472 775 2533 qum
806 2454 875 2514 in
901 2454 1077 2515 illius
1106 2451 1339 2529 gremio
1372 2448 1674 2510 consedit.
1706 2449 1795 2507 De
1839 2465 1961 2525 qua
1987 2447 2305 2507 verissime
2348 2448 2462 2508 hoc
2491 2446 2645 2506 mihi
2684 2444 2903 2505 videor
2944 2463 3072 2505 esse
3109 2445 3400 2507 dicturus
3435 2466 3457 2505 :
3488 2446 3651 2506 velut

434 2556 741 2616 sentinam
772 2554 947 2615 illam
992 2550 1161 2611 orbis
1206 2569 1333 2609 esse
1382 2557 1719 2619 terrarum,
1774 2548 1843 2608 in
1888 2566 2069 2625 quam
2096 2556 2371 2607 veterum
2404 2556 2462 2606 et
2511 2547 2851 2608 recentium
2885 2557 3213 2619 sectarum,
3251 2563 3653 2624 errorumque

428 2656 731 2716 colluvies
763 2652 1073 2731 conﬂuxit
1102 2670 1121 2709 :
1151 2668 1223 2710 ac
1248 2647 1551 2728 quidquid
1579 2649 1893 2709 haereseon
1923 2649 2221 2708 hactenus
2256 2648 2526 2721 exstitit,
2559 2647 2631 2708 de
2653 2666 2770 2726 quo
2803 2648 3000 2725 legere
3034 2646 3275 2726 aliquid
3299 2648 3396 2708 vel
3427 2648 3649 2710 audire

430 2755 775 2833 potuimus,
804 2770 883 2812 ea:
914 2768 981 2810 eo
1019 2749 1278 2811 libatum
1306 2768 1432 2809 esse
1463 2767 1537 2809 ac
1566 2747 1917 2808 derivatum
1945 2746 2219 2824 aliquid;
2248 2758 2427 2825 atque
2461 2766 2539 2807 ea:
2567 2748 3045 2810 abhorrentibus
3078 2758 3507 2810 monstrorum
3536 2770 3654 2809 om-

428 2858 609 2917 nium
640 2854 936 2933 partibus
968 2872 1039 2913 ac
1071 2852 1317 2931 ﬁguris,
1350 2852 1640 2912 ultimum
1670 2849 1854 2922 illud,
1888 2868 1959 2908 ac
1998 2850 2258 2927 reliquis
2281 2850 2655 2911 horribilius
2688 2868 2813 2909 esse
2835 2857 3212 2913 concretum.

516 2954 928 3030 Quamobrem
944 2970 1082 3012 cum
1114 2961 1171 3011 et
1198 2950 1424 3027 ubique
1456 2960 1791 3021 terrarum,
1818 2956 1876 3010 et
1904 2950 2005 3010 hic
2037 2948 2206 3027 apud
2231 2967 2342 3009 nos
2368 2950 2728 3028 priscarum
2754 2968 2881 3009 sese
2911 2950 3221 3010 ha'reseon
3245 2970 3316 3011 ac
3346 2960 3654 3013 sectarum

435 3072 672 3117 venena
706 3050 1091 3131 diffundant,
1125 3048 1206 3109 ad
1245 3049 1381 3119 illa,
1430 3066 1561 3127 qua:
1601 3066 1800 3127 supra
1829 3048 1993 3120 dixi,
2026 3048 2323 3126 praesidia
2351 3050 2802 3128 confugiamus,
2839 3060 2897 3109 et
2930 3050 3310 3111 medicorum
3340 3053 3656 3114 imitemur

430 3154 839 3216 industriam.
865 3151 1146 3227 Quorum
1173 3150 1439 3229 majores
1464 3167 1603 3209 cum
1623 3148 1860 3208 eosdem
1905 3150 2191 3210 humanis
2224 3151 2518 3225 ingruere
2549 3131 2919 3224 corporibus
2947 3168 3018 3210 ac
3048 3167 3390 3220 recurrere.
3410 3151 3654 3212 morbos

434 3255 881 3332 intelligerent,
918 3270 1130 3312 eorum
1173 3253 1468 3330 origines,
1507 3253 2007 3331 progressiones,
2040 3252 2492 3331 proprietates,
2527 3270 2780 3311 casuum
2834 3262 3015 3331 atque
3061 3263 3417 3315 eventorum
3449 3275 3651 3316 exem-

435 3358 569 3437 pla,
608 3366 737 3417 tum
778 3354 1048 3416 remedia
1088 3352 1423 3431 diligenter
1457 3354 1524 3415 in
1556 3354 1736 3416 libris
1780 3364 2085 3415 notarunt
2116 3376 2137 3413 :
2168 3372 2299 3432 qua’
2340 3352 2486 3413 dum
2514 3354 2756 3430 posteri
2787 3354 3022 3431 legunt,
3055 3366 3277 3417 contra
3310 3357 3452 3417 illos
3483 3358 3653 3435 ipsos

432 3458 643 3518 alieno
679 3475 740 3515 se
771 3475 891 3516 usu
922 3456 1430 3535 experientiaque
1472 3454 1862 3532 conﬁrmant.
1918 3455 2018 3515 Ita
2056 3454 2259 3527 nobis,
2294 3454 2515 3533 quibus
2547 3452 2867 3513 assiduum
2893 3464 2981 3514 est
3012 3455 3227 3516 iisdem
3251 3475 3387 3517 cum
3420 3458 3655 3517 errori-

432 3557 576 3628 bus,
610 3556 779 3615 velut
804 3554 1036 3615 morbis
1068 3572 1146 3614 ea:
1181 3553 1513 3613 intervallo
1555 3552 2163 3626 recrudescentibus,
2197 3572 2267 3613 ac
2284 3554 2421 3633 jam
2443 3561 2584 3611 ante
2616 3553 2909 3629 cognitis,
2951 3564 3259 3613 certamen
3288 3554 3653 3627 ineundum,

436 3655 625 3716 utiles
650 3660 797 3713 sunt
832 3651 1259 3712 commentarii
1290 3653 1689 3729 antiquarum
1718 3653 2018 3712 hwresum
2048 3673 2066 3709 :
2132 3671 2211 3713 ex
2243 3651 2464 3730 quibus
2512 3670 2639 3711 non
2668 3670 2877 3713 earum
2905 3653 3084 3713 modo
3114 3658 3407 3717 notitiam
3438 3656 3654 3735 adipi-

434 3754 710 3820 scimur;
748 3750 855 3811 sed
909 3749 990 3809 ad
1042 3750 1181 3811 illas
1243 3750 1447 3823 etiam,
1483 3750 1594 3811 ubi
1622 3760 1854 3811 renata:
1880 3752 2140 3829 fuerint,
2164 3749 2624 3831 proﬂigandas,
2656 3751 2860 3813 eadem
2888 3772 3183 3832 paramus
3212 3756 3484 3829 auxilia,
3520 3757 3658 3835 qui-

439 3856 577 3926 bus,
608 3871 744 3915 cum
770 3853 1043 3931 primum
1076 3859 1507 3924 nascerentur,
1551 3852 1877 3912 exstinctae
1908 3860 2076 3912 sunt.

521 3955 656 4028 Quo
688 3953 756 4013 in
795 3968 1014 4029 genere
1043 3968 1181 4011 cum
1216 3950 1556 4010 multorum
1605 3951 1869 4012 Patrum
1902 3953 2140 4030 egregie
2175 3954 2259 4014 sit
2289 3953 2489 4025 labor,
2537 3972 2607 4014 ac
2639 3972 2776 4013 cum
2802 3971 2982 4013 .auae
3013 3966 3333 4026 versatus;
3372 3977 3555 4037 quem
3590 3972 3656 4022 tu

391 4124 401 4135 ,
444 4065 666 4124 tamen.
710 4056 837 4116 sive
866 4053 1217 4131 diligentia,
1250 4059 1376 4116 sive
1405 4054 1686 4115 ubertate
1719 4053 2095 4115 eruditionis
2145 4074 2216 4117 ac
2247 4057 2450 4134 copia,
2486 4074 2622 4117 cum
2646 4056 3004 4134 Epiphanio
3035 4061 3343 4139 conferas,
3376 4066 3657 4141 reperies

388 4202 400 4211 .
443 4174 523 4215 ex
551 4154 717 4215 omni
759 4152 1131 4230 antiquitate
1171 4153 1493 4213 neminem.
1527 4152 1669 4213 Non
1698 4153 1857 4213 enim
1886 4154 1991 4214 ille
2028 4155 2266 4215 brevem
2294 4152 2605 4216 duntaxat
2633 4156 2944 4216 hwreseon
2994 4157 3259 4219 indicem
3289 4171 3659 4223 caeterorum

441 4276 609 4318 more
638 4255 1017 4332 conscripsit
1048 4276 1065 4320 ς
1093 4254 1597 4334 quemadmodum
1625 4257 2040 4333 Augustinus,
2066 4259 2472 4331 Philastrius,
2498 4258 2940 4335 Hieronymus,
2971 4259 3407 4336 Damascenus,
3443 4266 3658 4343 copio-

442 4362 576 4421 sius
606 4360 789 4419 etiam
821 4355 1263 4425 Theodoretus,
1296 4366 1478 4433 atque
1511 4354 1626 4417 alii
1656 4355 2003 4433 complures
2038 4359 2450 4420 instituerunt
2485 4378 2504 4417 :
2535 4377 2645 4419 nec
2676 4358 2928 4419 illorum
2955 4361 3372 4422 tantummodo
3407 4366 3659 4443 opinio-

440 4479 548 4521 nes
590 4478 662 4520 ac
686 4456 999 4536 dogmata,
1031 4474 1130 4515 res
1157 4456 1339 4515 etiam
1366 4454 1439 4515 ab
1473 4474 1683 4516 earum
1712 4458 2075 4519 auctoribus
2106 4477 2177 4517 ac
2218 4456 2623 4537 principibus
2670 4467 2873 4537 gestas
2918 4463 3381 4524 accuratissime
3405 4482 3657 4545 propo-

442 4564 591 4623 suit.
632 4559 754 4622 Sed
797 4559 1021 4638 quibus
1067 4558 1261 4618 armis
1292 4559 1553 4636 insuper
1580 4567 1691 4619 aut
1720 4560 1974 4620 illarum
1997 4560 2334 4638 petitiones
2365 4560 2615 4638 depelli,
2650 4568 2761 4620 aut
2804 4562 3082 4622 vicissim
3118 4562 3241 4623 illo:
3268 4564 3420 4641 peti,
3456 4583 3662 4643 expu-

442 4662 743 4741 gnarique
764 4669 1039 4739 possent,
1072 4659 1382 4721 uberrime
1432 4659 1906 4741 doctissimeque
1934 4664 2327 4723 monstravit.
2361 4662 2600 4737 Quibus
2637 4663 2821 4723 etiam
2850 4664 2921 4724 de
2953 4665 3159 4725 causis
3189 4671 3461 4745 Πανάριον,
3502 4669 3659 4743 sive,

442 4768 514 4818 ut
544 4759 911 4820 Anastasius
948 4758 1195 4819 Sinaita
1224 4758 1292 4819 in
1332 4758 1840 4833 Queestionibus,
1887 4779 1958 4820 ac
1991 4759 2256 4822 Photius
2289 4780 2424 4821 cum
2461 4760 2695 4821 Graecis
2726 4762 2870 4823 aliis
2898 4763 3099 4836 habet,
3144 4771 3399 4843 Πανάρια,
3441 4764 3512 4825 id
3545 4778 3658 4836 est,

444 4856 755 4917 medicam
783 4872 1010 4930 arcam,
1041 4859 1167 4918 sive
1209 4856 1558 4935 capsulam,
1587 4877 1658 4918 ac
1689 4858 1956 4933 thecam,
1990 4874 2165 4939 ξορας
2201 4859 2360 4921 illud
2390 4861 2719 4940 inscripsit
2751 4883 2770 4922 :
2799 4870 2871 4921 ut
2902 4862 2968 4921 in
3000 4881 3066 4921 eo
3102 4864 3401 4923 sciremus
3433 4877 3663 4926 contra

446 4956 803 5034 morti/eros
848 4973 920 5015 ac
963 4964 1291 5015 venenatos
1321 4958 1703 5035 serpentium
1758 4976 2024 5033 morsus,
2055 4959 2323 5038 adeoque
2352 4958 2600 5020 morbos
2641 4979 2844 5020 omnes
2874 4962 3194 5035 haresum,
3241 4962 3661 5027 saluberrima

442 5056 715 5117 remedia
745 5056 1077 5117 contineri.

519 5180 830 5255 Quocirca
853 5196 1127 5258 perswpe
1155 5196 1289 5238 sum
1319 5178 1593 5257 equidem
1620 5180 2040 5258 Augustinum
2068 5186 2566 5263 vehementerque
2596 5186 2861 5246 miratus
2894 5209 2914 5247 :
2945 5191 3057 5266 qui
3088 5190 3154 5249 in
3196 5190 3355 5251 libro
3387 5193 3481 5254 De
3528 5194 3659 5255 hae-

444 5278 695 5341 resibus
756 5280 830 5340 ad
866 5278 1410 5353 Quodvultdeum,
1460 5300 1597 5341 cum
1648 5283 1999 5362 Epiphanii
2052 5286 2351 5357 meminit,
2387 5286 2510 5345 haec
2563 5284 2636 5345 de
2678 5286 2787 5346 illo
2832 5288 2900 5348 in
2949 5290 3326 5371 Prw/atione
3370 5296 3597 5370 posuit
3643 5314 3663 5352 :

444 5385 666 5443 Noster
700 5397 851 5443 vero
886 5380 1303 5459 Epiphanius,
1321 5382 1591 5459 Cyprius
1624 5384 2234 5463 episcopus,abhinc
2266 5405 2390 5450 non
2427 5390 2611 5468 longe
2642 5389 2936 5451 humanis
2966 5392 3159 5455 rebus
3192 5406 3559 5474 exemptus,
3584 5398 3661 5457 de

443 5481 757 5559 octOginta
787 5480 1138 5545 hwresibus
1174 5479 1464 5559 loquens,
1500 5499 1607 5545 sex
1647 5483 1837 5548 libros
1875 5486 2065 5547 etiam
2097 5488 2496 5564 conscripsit,
2546 5488 2845 5552 historica
2880 5491 3237 5555 narratione
3267 5509 3667 5557 commemo-
