  <div class='ocr_page' id='page_1' title='image "/cluster/home/n/w/nwhite01/storage/ocr_20150623/41/hvd.32044011753001/028.png"; bbox 0 0 3800 6180; ppageno 0'>
   <div class='ocr_carea' id='block_1_1' title="bbox 176 174 3419 237">
    <p class='ocr_par' dir='ltr' id='par_1_1' title="bbox 176 174 3419 237">
     <span class='ocr_line' id='line_1_1' title="bbox 176 174 3419 237; baseline 0.002 -8"><span class='ocrx_word' id='word_1_1' title='bbox 176 175 247 229; x_wconf 78' lang='grc'><strong>15</strong></span> <span class='ocrx_word' id='word_1_2' title='bbox 1339 174 1676 231; x_wconf 75' lang='lat' dir='ltr'><strong>EPISTOLA</strong></span> <span class='ocrx_word' id='word_1_3' title='bbox 1718 176 2282 233; x_wconf 70' lang='lat' dir='ltr'><strong>NUNCUPATORM.</strong></span> <span class='ocrx_word' id='word_1_4' title='bbox 3354 184 3419 237; x_wconf 75' lang='grc' dir='ltr'><strong>ιι</strong></span> 
     </span>
    </p>
   </div>
   <div class='ocr_carea' id='block_1_2' title="bbox 173 293 3418 373">
    <p class='ocr_par' dir='ltr' id='par_1_2' title="bbox 173 293 3418 373">
     <span class='ocr_line' id='line_1_2' title="bbox 173 293 3418 373; baseline 0.002 -19"><span class='ocrx_word' id='word_1_5' title='bbox 173 313 324 355; x_wconf 84' lang='lat' dir='ltr'><strong>rans</strong></span> <span class='ocrx_word' id='word_1_6' title='bbox 349 295 585 367; x_wconf 85' lang='lat' dir='ltr'><strong>omnia,</strong></span> <span class='ocrx_word' id='word_1_7' title='bbox 619 294 792 357; x_wconf 83' lang='lat' dir='ltr'><strong>nulla</strong></span> <span class='ocrx_word' id='word_1_8' title='bbox 824 294 1257 373; x_wconf 79' lang='lat' dir='ltr'><strong>disputatione</strong></span> <span class='ocrx_word' id='word_1_9' title='bbox 1289 296 1593 357; x_wconf 83' lang='lat' dir='ltr'><strong>adversus</strong></span> <span class='ocrx_word' id='word_1_10' title='bbox 1625 293 1961 356; x_wconf 78' lang='lat' dir='ltr'><strong>falsitatem</strong></span> <span class='ocrx_word' id='word_1_11' title='bbox 1996 313 2106 372; x_wconf 82' lang='lat' dir='ltr'><strong>pro</strong></span> <span class='ocrx_word' id='word_1_12' title='bbox 2142 298 2403 359; x_wconf 78' lang='lat' dir='ltr'><strong>veritate</strong></span> <span class='ocrx_word' id='word_1_13' title='bbox 2437 300 2792 359; x_wconf 81' lang='lat' dir='ltr'><strong>decertans.</strong></span> <span class='ocrx_word' id='word_1_14' title='bbox 2828 300 3063 360; x_wconf 79' lang='lat' dir='ltr'><strong>Breves</strong></span> <span class='ocrx_word' id='word_1_15' title='bbox 3094 315 3245 359; x_wconf 89' lang='lat' dir='ltr'><strong>sane</strong></span> <span class='ocrx_word' id='word_1_16' title='bbox 3266 308 3418 359; x_wconf 90' lang='lat' dir='ltr'><strong>sunt</strong></span> 
     </span>
    </p>
   </div>
   <div class='ocr_carea' id='block_1_3' title="bbox 172 394 3417 476">
    <p class='ocr_par' dir='ltr' id='par_1_3' title="bbox 172 394 3417 476">
     <span class='ocr_line' id='line_1_3' title="bbox 172 394 3417 476; baseline 0.001 -21"><span class='ocrx_word' id='word_1_17' title='bbox 172 394 238 455; x_wconf 90' lang='lat' dir='ltr'><strong>hi</strong></span> <span class='ocrx_word' id='word_1_18' title='bbox 277 396 475 456; x_wconf 89' lang='lat' dir='ltr'><strong>libelli</strong></span> <span class='ocrx_word' id='word_1_19' title='bbox 506 420 519 455; x_wconf 89' lang='lat'><strong>:</strong></span> <span class='ocrx_word' id='word_1_20' title='bbox 555 403 616 457; x_wconf 92' lang='lat' dir='ltr'><strong>et</strong></span> <span class='ocrx_word' id='word_1_21' title='bbox 643 395 697 455; x_wconf 92' lang='lat' dir='ltr'><strong>si</strong></span> <span class='ocrx_word' id='word_1_22' title='bbox 728 395 794 456; x_wconf 90' lang='lat' dir='ltr'><strong>in</strong></span> <span class='ocrx_word' id='word_1_23' title='bbox 831 412 1029 456; x_wconf 88' lang='lat' dir='ltr'><strong>unum</strong></span> <span class='ocrx_word' id='word_1_24' title='bbox 1058 394 1345 456; x_wconf 85' lang='lat' dir='ltr'><strong>libellum</strong></span> <span class='ocrx_word' id='word_1_25' title='bbox 1382 396 1775 474; x_wconf 82' lang='lat' dir='ltr'><strong>redigantur,</strong></span> <span class='ocrx_word' id='word_1_26' title='bbox 1814 412 1931 455; x_wconf 87' lang='lat' dir='ltr'><strong>nec</strong></span> <span class='ocrx_word' id='word_1_27' title='bbox 1962 396 2099 473; x_wconf 80' lang='lat' dir='ltr'><strong>ipse</strong></span> <span class='ocrx_word' id='word_1_28' title='bbox 2132 398 2252 457; x_wconf 89' lang='lat' dir='ltr'><strong>erit</strong></span> <span class='ocrx_word' id='word_1_29' title='bbox 2285 400 2545 472; x_wconf 86' lang='lat' dir='ltr'><strong>nostris,</strong></span> <span class='ocrx_word' id='word_1_30' title='bbox 2588 398 2683 459; x_wconf 87' lang='lat' dir='ltr'><strong>vel</strong></span> <span class='ocrx_word' id='word_1_31' title='bbox 2720 397 2994 458; x_wconf 83' lang='lat' dir='ltr'><strong>aliorum</strong></span> <span class='ocrx_word' id='word_1_32' title='bbox 3028 399 3417 476; x_wconf 87' lang='lat' dir='ltr'><strong>quibusdam</strong></span> 
     </span>
    </p>
   </div>
   <div class='ocr_carea' id='block_1_4' title="bbox 173 488 3415 577">
    <p class='ocr_par' dir='ltr' id='par_1_4' title="bbox 173 488 3415 577">
     <span class='ocr_line' id='line_1_4' title="bbox 173 488 3415 577; baseline 0.001 -23"><span class='ocrx_word' id='word_1_33' title='bbox 173 494 356 558; x_wconf 88' lang='lat' dir='ltr'><strong>libris</strong></span> <span class='ocrx_word' id='word_1_34' title='bbox 392 497 788 576; x_wconf 79' lang='lat' dir='ltr'><strong>longitudine</strong></span> <span class='ocrx_word' id='word_1_35' title='bbox 818 488 1301 577; x_wconf 67' lang='lat' dir='ltr'><strong>comparandus.</strong></span> <span class='ocrx_word' id='word_1_36' title='bbox 1342 499 1544 577; x_wconf 83' lang='lat' dir='ltr'><strong>Hujus</strong></span> <span class='ocrx_word' id='word_1_37' title='bbox 1590 497 1965 558; x_wconf 80' lang='lat' dir='ltr'><strong>brevitatem</strong></span> <span class='ocrx_word' id='word_1_38' title='bbox 2011 498 2065 557; x_wconf 91' lang='lat' dir='ltr'><strong>si</strong></span> <span class='ocrx_word' id='word_1_39' title='bbox 2108 496 2291 560; x_wconf 83' lang='lat' dir='ltr'><strong>fuero</strong></span> <span class='ocrx_word' id='word_1_40' title='bbox 2324 498 2393 559; x_wconf 91' lang='lat' dir='ltr'><strong>in</strong></span> <span class='ocrx_word' id='word_1_41' title='bbox 2438 496 3013 559; x_wconf 83' lang='lat' dir='ltr'><strong>commemorandis</strong></span> <span class='ocrx_word' id='word_1_42' title='bbox 3059 497 3415 558; x_wconf 77' lang='lat' dir='ltr'><strong>heeresibus</strong></span> 
     </span>
    </p>
   </div>
   <div class='ocr_carea' id='block_1_5' title="bbox 174 598 3412 677">
    <p class='ocr_par' dir='ltr' id='par_1_5' title="bbox 174 598 3412 677">
     <span class='ocr_line' id='line_1_5' title="bbox 174 598 3412 677; baseline 0 -20"><span class='ocrx_word' id='word_1_43' title='bbox 174 598 488 671; x_wconf 84' lang='lat' dir='ltr'><strong>imitatus,</strong></span> <span class='ocrx_word' id='word_1_44' title='bbox 540 598 697 677; x_wconf 91' lang='lat' dir='ltr'><strong>quid</strong></span> <span class='ocrx_word' id='word_1_45' title='bbox 736 615 769 659; x_wconf 88' lang='lat' dir='ltr'><strong>a</strong></span> <span class='ocrx_word' id='word_1_46' title='bbox 821 617 919 660; x_wconf 85' lang='lat' dir='ltr'><strong>me</strong></span> <span class='ocrx_word' id='word_1_47' title='bbox 974 598 1234 661; x_wconf 86' lang='lat' dir='ltr'><strong>brevius</strong></span> <span class='ocrx_word' id='word_1_48' title='bbox 1294 598 1641 677; x_wconf 89' lang='lat' dir='ltr'><strong>postulare,</strong></span> <span class='ocrx_word' id='word_1_49' title='bbox 1696 599 1792 660; x_wconf 90' lang='lat' dir='ltr'><strong>vel</strong></span> <span class='ocrx_word' id='word_1_50' title='bbox 1838 608 2204 677; x_wconf 80' lang='lat' dir='ltr'><strong>exspectare</strong></span> <span class='ocrx_word' id='word_1_51' title='bbox 2251 602 2509 673; x_wconf 81' lang='lat' dir='ltr'><strong>debeas,</strong></span> <span class='ocrx_word' id='word_1_52' title='bbox 2564 618 2691 662; x_wconf 92' lang='lat' dir='ltr'><strong>non</strong></span> <span class='ocrx_word' id='word_1_53' title='bbox 2744 598 3033 660; x_wconf 89' lang='lat' dir='ltr'><strong>habebis.</strong></span> <span class='ocrx_word' id='word_1_54' title='bbox 3094 600 3412 671; x_wconf 73' lang='lat' dir='ltr'><strong>Haecine,</strong></span> 
     </span>
    </p>
   </div>
   <div class='ocr_carea' id='block_1_6' title="bbox 172 696 3417 782">
    <p class='ocr_par' dir='ltr' id='par_1_6' title="bbox 172 696 3417 782">
     <span class='ocr_line' id='line_1_6' title="bbox 172 696 3417 782; baseline 0.001 -25"><span class='ocrx_word' id='word_1_55' title='bbox 172 715 404 775; x_wconf 77' lang='lat' dir='ltr'><strong>qua&#39;so,</strong></span> <span class='ocrx_word' id='word_1_56' title='bbox 438 696 508 756; x_wconf 87' lang='lat' dir='ltr'><strong>de</strong></span> <span class='ocrx_word' id='word_1_57' title='bbox 538 699 889 777; x_wconf 84' lang='lat' dir='ltr'><strong>Epiphanii</strong></span> <span class='ocrx_word' id='word_1_58' title='bbox 920 699 1183 760; x_wconf 88' lang='lat' dir='ltr'><strong>Panario</strong></span> <span class='ocrx_word' id='word_1_59' title='bbox 1214 698 1634 778; x_wconf 80' lang='lat' dir='ltr'><strong>Augustinum</strong></span> <span class='ocrx_word' id='word_1_60' title='bbox 1664 699 1986 761; x_wconf 77' lang='lat' dir='ltr'><strong>scribere?</strong></span> <span class='ocrx_word' id='word_1_61' title='bbox 2018 702 2355 780; x_wconf 80' lang='lat' dir='ltr'><strong>Afﬁrmare</strong></span> <span class='ocrx_word' id='word_1_62' title='bbox 2388 721 2545 782; x_wconf 87' lang='lat' dir='ltr'><strong>opus</strong></span> <span class='ocrx_word' id='word_1_63' title='bbox 2589 721 2715 761; x_wconf 88' lang='lat' dir='ltr'><strong>esse</strong></span> <span class='ocrx_word' id='word_1_64' title='bbox 2752 700 3083 778; x_wconf 85' lang='lat' dir='ltr'><strong>perbreve;</strong></span> <span class='ocrx_word' id='word_1_65' title='bbox 3143 711 3223 769; x_wconf 90' lang='lat' dir='ltr'><strong>et,</strong></span> <span class='ocrx_word' id='word_1_66' title='bbox 3257 702 3314 761; x_wconf 91' lang='lat' dir='ltr'><strong>si</strong></span> <span class='ocrx_word' id='word_1_67' title='bbox 3347 702 3417 761; x_wconf 89' lang='lat' dir='ltr'><strong>in</strong></span> 
     </span>
    </p>
   </div>
   <div class='ocr_carea' id='block_1_7' title="bbox 172 796 3415 881">
    <p class='ocr_par' dir='ltr' id='par_1_7' title="bbox 172 796 3415 881">
     <span class='ocr_line' id='line_1_7' title="bbox 172 796 3415 881; baseline 0.002 -27"><span class='ocrx_word' id='word_1_68' title='bbox 172 814 370 855; x_wconf 85' lang='lat' dir='ltr'><strong>unum</strong></span> <span class='ocrx_word' id='word_1_69' title='bbox 408 796 684 858; x_wconf 87' lang='lat' dir='ltr'><strong>libellum</strong></span> <span class='ocrx_word' id='word_1_70' title='bbox 710 797 1060 876; x_wconf 87' lang='lat' dir='ltr'><strong>redigatur,</strong></span> <span class='ocrx_word' id='word_1_71' title='bbox 1094 809 1219 859; x_wconf 90' lang='lat' dir='ltr'><strong>tam</strong></span> <span class='ocrx_word' id='word_1_72' title='bbox 1252 798 1551 860; x_wconf 80' lang='lat' dir='ltr'><strong>mediocri</strong></span> <span class='ocrx_word' id='word_1_73' title='bbox 1579 802 1735 861; x_wconf 90' lang='lat' dir='ltr'><strong>mole</strong></span> <span class='ocrx_word' id='word_1_74' title='bbox 1764 810 1820 861; x_wconf 94' lang='lat' dir='ltr'><strong>et</strong></span> <span class='ocrx_word' id='word_1_75' title='bbox 1848 800 2265 879; x_wconf 89' lang='lat' dir='ltr'><strong>amplitudine</strong></span> <span class='ocrx_word' id='word_1_76' title='bbox 2292 804 2628 881; x_wconf 83' lang='lat' dir='ltr'><strong>futurum?</strong></span> <span class='ocrx_word' id='word_1_77' title='bbox 2662 802 2904 881; x_wconf 84' lang='lat' dir='ltr'><strong>Negare</strong></span> <span class='ocrx_word' id='word_1_78' title='bbox 2943 802 3205 880; x_wconf 88' lang='lat' dir='ltr'><strong>denique</strong></span> <span class='ocrx_word' id='word_1_79' title='bbox 3236 800 3415 861; x_wconf 82' lang='lat' dir='ltr'><strong>aliud</strong></span> 
     </span>
    </p>
   </div>
   <div class='ocr_carea' id='block_1_8' title="bbox 173 898 3413 983">
    <p class='ocr_par' dir='ltr' id='par_1_8' title="bbox 173 898 3413 983">
     <span class='ocr_line' id='line_1_8' title="bbox 173 898 3413 983; baseline 0.002 -26"><span class='ocrx_word' id='word_1_80' title='bbox 173 898 257 959; x_wconf 81' lang='lat' dir='ltr'><strong>iis</strong></span> <span class='ocrx_word' id='word_1_81' title='bbox 290 899 357 959; x_wconf 88' lang='lat' dir='ltr'><strong>in</strong></span> <span class='ocrx_word' id='word_1_82' title='bbox 388 899 594 975; x_wconf 91' lang='lat' dir='ltr'><strong>libris,</strong></span> <span class='ocrx_word' id='word_1_83' title='bbox 622 911 853 980; x_wconf 66' lang='lat' dir='ltr'><strong>praeter</strong></span> <span class='ocrx_word' id='word_1_84' title='bbox 881 902 1225 980; x_wconf 89' lang='lat' dir='ltr'><strong>simplicem</strong></span> <span class='ocrx_word' id='word_1_85' title='bbox 1254 903 1569 963; x_wconf 74' lang='lat' dir='ltr'><strong>hwreseon</strong></span> <span class='ocrx_word' id='word_1_86' title='bbox 1602 905 1953 976; x_wconf 83' lang='lat' dir='ltr'><strong>historiam,</strong></span> <span class='ocrx_word' id='word_1_87' title='bbox 2004 905 2138 965; x_wconf 91' lang='lat' dir='ltr'><strong>sine</strong></span> <span class='ocrx_word' id='word_1_88' title='bbox 2169 904 2303 965; x_wconf 90' lang='lat' dir='ltr'><strong>ulla</strong></span> <span class='ocrx_word' id='word_1_89' title='bbox 2326 904 2634 965; x_wconf 86' lang='lat' dir='ltr'><strong>mendacii</strong></span> <span class='ocrx_word' id='word_1_90' title='bbox 2667 906 3140 983; x_wconf 81' lang='lat' dir='ltr'><strong>oppugnatione</strong></span> <span class='ocrx_word' id='word_1_91' title='bbox 3173 912 3413 963; x_wconf 87' lang='lat' dir='ltr'><strong>tracta-</strong></span> 
     </span>
    </p>
   </div>
   <div class='ocr_carea' id='block_1_9' title="bbox 168 1000 3407 1085">
    <p class='ocr_par' dir='ltr' id='par_1_9' title="bbox 168 1000 3407 1085">
     <span class='ocr_line' id='line_1_9' title="bbox 168 1000 3407 1085; baseline 0.002 -27"><span class='ocrx_word' id='word_1_92' title='bbox 168 1000 282 1059; x_wconf 88' lang='lat' dir='ltr'><strong>ri?</strong></span> <span class='ocrx_word' id='word_1_93' title='bbox 314 1000 507 1079; x_wconf 83' lang='lat' dir='ltr'><strong>Atqui</strong></span> <span class='ocrx_word' id='word_1_94' title='bbox 534 1011 593 1062; x_wconf 91' lang='lat' dir='ltr'><strong>et</strong></span> <span class='ocrx_word' id='word_1_95' title='bbox 620 1002 922 1063; x_wconf 88' lang='lat' dir='ltr'><strong>uberrimi</strong></span> <span class='ocrx_word' id='word_1_96' title='bbox 950 1015 1098 1063; x_wconf 91' lang='lat' dir='ltr'><strong>sunt</strong></span> <span class='ocrx_word' id='word_1_97' title='bbox 1127 1003 1199 1063; x_wconf 90' lang='lat' dir='ltr'><strong>de</strong></span> <span class='ocrx_word' id='word_1_98' title='bbox 1231 1004 1565 1067; x_wconf 81' lang='lat' dir='ltr'><strong>heeresibus</strong></span> <span class='ocrx_word' id='word_1_99' title='bbox 1600 1006 1952 1085; x_wconf 87' lang='lat' dir='ltr'><strong>Epiphanii</strong></span> <span class='ocrx_word' id='word_1_100' title='bbox 1987 1006 2140 1067; x_wconf 83' lang='lat' dir='ltr'><strong>libri</strong></span> <span class='ocrx_word' id='word_1_101' title='bbox 2177 1028 2197 1067; x_wconf 90' lang='lat'><strong><em>:</em></strong></span> <span class='ocrx_word' id='word_1_102' title='bbox 2232 1019 2287 1067; x_wconf 93' lang='lat' dir='ltr'><strong>et</strong></span> <span class='ocrx_word' id='word_1_103' title='bbox 2316 1007 2621 1067; x_wconf 88' lang='lat' dir='ltr'><strong>adversus</strong></span> <span class='ocrx_word' id='word_1_104' title='bbox 2653 1005 2938 1083; x_wconf 83' lang='lat' dir='ltr'><strong>singulas</strong></span> <span class='ocrx_word' id='word_1_105' title='bbox 2974 1007 3113 1085; x_wconf 89' lang='lat' dir='ltr'><strong>fuse</strong></span> <span class='ocrx_word' id='word_1_106' title='bbox 3145 1023 3407 1064; x_wconf 89' lang='lat' dir='ltr'><strong>accura—</strong></span> 
     </span>
    </p>
   </div>
   <div class='ocr_carea' id='block_1_10' title="bbox 171 1102 3413 1188">
    <p class='ocr_par' dir='ltr' id='par_1_10' title="bbox 171 1102 3413 1188">
     <span class='ocr_line' id='line_1_10' title="bbox 171 1102 3413 1188; baseline 0.002 -30"><span class='ocrx_word' id='word_1_107' title='bbox 171 1110 353 1178; x_wconf 82' lang='lat' dir='ltr'><strong>teque</strong></span> <span class='ocrx_word' id='word_1_108' title='bbox 394 1102 676 1183; x_wconf 83' lang='lat' dir='ltr'><strong>disputat</strong></span> <span class='ocrx_word' id='word_1_109' title='bbox 707 1127 726 1164; x_wconf 90' lang='lat'><strong><em>:</em></strong></span> <span class='ocrx_word' id='word_1_110' title='bbox 758 1123 867 1164; x_wconf 90' lang='lat' dir='ltr'><strong>nec</strong></span> <span class='ocrx_word' id='word_1_111' title='bbox 900 1104 1063 1165; x_wconf 86' lang='lat' dir='ltr'><strong>illud</strong></span> <span class='ocrx_word' id='word_1_112' title='bbox 1092 1107 1297 1183; x_wconf 88' lang='lat' dir='ltr'><strong>ipsum</strong></span> <span class='ocrx_word' id='word_1_113' title='bbox 1320 1116 1661 1185; x_wconf 89' lang='lat' dir='ltr'><strong>postremo,</strong></span> <span class='ocrx_word' id='word_1_114' title='bbox 1695 1106 1860 1186; x_wconf 90' lang='lat' dir='ltr'><strong>quod</strong></span> <span class='ocrx_word' id='word_1_115' title='bbox 1890 1109 2187 1167; x_wconf 90' lang='lat' dir='ltr'><strong>omissum</strong></span> <span class='ocrx_word' id='word_1_116' title='bbox 2211 1108 2285 1169; x_wconf 92' lang='lat' dir='ltr'><strong>ab</strong></span> <span class='ocrx_word' id='word_1_117' title='bbox 2310 1108 2700 1188; x_wconf 88' lang='lat' dir='ltr'><strong>Epiphanio,</strong></span> <span class='ocrx_word' id='word_1_118' title='bbox 2724 1124 2842 1165; x_wconf 90' lang='lat' dir='ltr'><strong>ase</strong></span> <span class='ocrx_word' id='word_1_119' title='bbox 2873 1123 3019 1165; x_wconf 88' lang='lat' dir='ltr'><strong>vero</strong></span> <span class='ocrx_word' id='word_1_120' title='bbox 3053 1107 3290 1184; x_wconf 87' lang='lat' dir='ltr'><strong>factum</strong></span> <span class='ocrx_word' id='word_1_121' title='bbox 3325 1104 3413 1164; x_wconf 89' lang='lat' dir='ltr'><strong>iri</strong></span> 
     </span>
    </p>
   </div>
   <div class='ocr_carea' id='block_1_11' title="bbox 170 1198 3410 1280">
    <p class='ocr_par' dir='ltr' id='par_1_11' title="bbox 170 1198 3410 1280">
     <span class='ocr_line' id='line_1_11' title="bbox 170 1198 3410 1280; baseline 0.002 -22"><span class='ocrx_word' id='word_1_122' title='bbox 170 1198 467 1269; x_wconf 81' lang='lat' dir='ltr'><strong>dixerat,</strong></span> <span class='ocrx_word' id='word_1_123' title='bbox 501 1212 571 1262; x_wconf 90' lang='lat' dir='ltr'><strong>ut</strong></span> <span class='ocrx_word' id='word_1_124' title='bbox 595 1202 892 1263; x_wconf 88' lang='lat' dir='ltr'><strong>adversus</strong></span> <span class='ocrx_word' id='word_1_125' title='bbox 922 1204 1205 1280; x_wconf 87' lang='lat' dir='ltr'><strong>singulas</strong></span> <span class='ocrx_word' id='word_1_126' title='bbox 1236 1206 1495 1266; x_wconf 66' lang='lat' dir='ltr'><strong>haereses</strong></span> <span class='ocrx_word' id='word_1_127' title='bbox 1526 1204 1883 1278; x_wconf 85' lang='lat' dir='ltr'><strong>dissereret,</strong></span> <span class='ocrx_word' id='word_1_128' title='bbox 1913 1216 2023 1266; x_wconf 91' lang='lat' dir='ltr'><strong>aut</strong></span> <span class='ocrx_word' id='word_1_129' title='bbox 2052 1208 2121 1267; x_wconf 91' lang='lat' dir='ltr'><strong>in</strong></span> <span class='ocrx_word' id='word_1_130' title='bbox 2146 1208 2258 1267; x_wconf 90' lang='lat' dir='ltr'><strong>illo</strong></span> <span class='ocrx_word' id='word_1_131' title='bbox 2294 1210 2381 1270; x_wconf 92' lang='lat' dir='ltr'><strong>De</strong></span> <span class='ocrx_word' id='word_1_132' title='bbox 2412 1207 2765 1269; x_wconf 71' lang='lat' dir='ltr'><strong>hmresibus</strong></span> <span class='ocrx_word' id='word_1_133' title='bbox 2799 1206 3029 1276; x_wconf 90' lang='lat' dir='ltr'><strong>libello,</strong></span> <span class='ocrx_word' id='word_1_134' title='bbox 3063 1215 3173 1265; x_wconf 91' lang='lat' dir='ltr'><strong>aut</strong></span> <span class='ocrx_word' id='word_1_135' title='bbox 3200 1206 3269 1265; x_wconf 89' lang='lat' dir='ltr'><strong>in</strong></span> <span class='ocrx_word' id='word_1_136' title='bbox 3284 1206 3410 1265; x_wconf 90' lang='lat' dir='ltr'><strong>alio</strong></span> 
     </span>
    </p>
   </div>
   <div class='ocr_carea' id='block_1_12' title="bbox 168 1304 3414 1387">
    <p class='ocr_par' dir='ltr' id='par_1_12' title="bbox 168 1304 3414 1387">
     <span class='ocr_line' id='line_1_12' title="bbox 168 1304 3414 1387; baseline 0.002 -26"><span class='ocrx_word' id='word_1_137' title='bbox 168 1304 567 1380; x_wconf 75' lang='lat' dir='ltr'><strong>Augustinus</strong></span> <span class='ocrx_word' id='word_1_138' title='bbox 598 1305 729 1381; x_wconf 87' lang='lat' dir='ltr'><strong>ipse</strong></span> <span class='ocrx_word' id='word_1_139' title='bbox 764 1305 1092 1382; x_wconf 67' lang='lat' dir='ltr'><strong>praestitit.</strong></span> <span class='ocrx_word' id='word_1_140' title='bbox 1125 1304 1303 1367; x_wconf 87' lang='lat' dir='ltr'><strong>Nihil</strong></span> <span class='ocrx_word' id='word_1_141' title='bbox 1333 1308 1494 1367; x_wconf 88' lang='lat' dir='ltr'><strong>enim</strong></span> <span class='ocrx_word' id='word_1_142' title='bbox 1521 1318 1756 1385; x_wconf 73' lang='lat' dir='ltr'><strong>praeter</strong></span> <span class='ocrx_word' id='word_1_143' title='bbox 1784 1318 2095 1367; x_wconf 84' lang='lat' dir='ltr'><strong>sectarum</strong></span> <span class='ocrx_word' id='word_1_144' title='bbox 2125 1310 2397 1370; x_wconf 90' lang='lat' dir='ltr'><strong>omnium</strong></span> <span class='ocrx_word' id='word_1_145' title='bbox 2421 1327 2720 1369; x_wconf 87' lang='lat' dir='ltr'><strong>summam</strong></span> <span class='ocrx_word' id='word_1_146' title='bbox 2756 1325 3163 1387; x_wconf 89' lang='lat' dir='ltr'><strong>errorumque</strong></span> <span class='ocrx_word' id='word_1_147' title='bbox 3200 1308 3414 1387; x_wconf 87' lang='lat' dir='ltr'><strong>capita</strong></span> 
     </span>
    </p>
   </div>
   <div class='ocr_carea' id='block_1_13' title="bbox 169 1404 3412 1489">
    <p class='ocr_par' dir='ltr' id='par_1_13' title="bbox 169 1404 3412 1489">
     <span class='ocr_line' id='line_1_13' title="bbox 169 1404 3412 1489; baseline 0.001 -24"><span class='ocrx_word' id='word_1_148' title='bbox 169 1404 538 1485; x_wconf 77' lang='lat' dir='ltr'><strong>complexus</strong></span> <span class='ocrx_word' id='word_1_149' title='bbox 572 1417 684 1466; x_wconf 90' lang='lat' dir='ltr'><strong>est.</strong></span> <span class='ocrx_word' id='word_1_150' title='bbox 718 1406 901 1482; x_wconf 90' lang='lat' dir='ltr'><strong>Quod</strong></span> <span class='ocrx_word' id='word_1_151' title='bbox 920 1418 1307 1486; x_wconf 89' lang='lat' dir='ltr'><strong>postremum</strong></span> <span class='ocrx_word' id='word_1_152' title='bbox 1335 1419 1408 1468; x_wconf 88' lang='lat' dir='ltr'><strong>ut</strong></span> <span class='ocrx_word' id='word_1_153' title='bbox 1437 1408 1915 1471; x_wconf 86' lang='lat' dir='ltr'><strong>admirationem</strong></span> <span class='ocrx_word' id='word_1_154' title='bbox 1937 1419 2144 1489; x_wconf 89' lang='lat' dir='ltr'><strong>auget,</strong></span> <span class='ocrx_word' id='word_1_155' title='bbox 2186 1412 2277 1471; x_wconf 90' lang='lat' dir='ltr'><strong>ita</strong></span> <span class='ocrx_word' id='word_1_156' title='bbox 2311 1413 2497 1489; x_wconf 86' lang='lat' dir='ltr'><strong>prius</strong></span> <span class='ocrx_word' id='word_1_157' title='bbox 2529 1409 2693 1472; x_wconf 87' lang='lat' dir='ltr'><strong>illud</strong></span> <span class='ocrx_word' id='word_1_158' title='bbox 2732 1428 2859 1469; x_wconf 91' lang='lat' dir='ltr'><strong>non</strong></span> <span class='ocrx_word' id='word_1_159' title='bbox 2891 1410 3079 1469; x_wconf 85' lang='lat' dir='ltr'><strong>levem</strong></span> <span class='ocrx_word' id='word_1_160' title='bbox 3104 1410 3412 1486; x_wconf 85' lang='lat' dir='ltr'><strong>suspicio-</strong></span> 
     </span>
    </p>
   </div>
   <div class='ocr_carea' id='block_1_14' title="bbox 165 1506 3413 1587">
    <p class='ocr_par' dir='ltr' id='par_1_14' title="bbox 165 1506 3413 1587">
     <span class='ocr_line' id='line_1_14' title="bbox 165 1506 3413 1587; baseline 0.002 -24"><span class='ocrx_word' id='word_1_161' title='bbox 165 1523 313 1564; x_wconf 80' lang='lat' dir='ltr'><strong>nem</strong></span> <span class='ocrx_word' id='word_1_162' title='bbox 356 1506 534 1585; x_wconf 83' lang='lat' dir='ltr'><strong>facit,</strong></span> <span class='ocrx_word' id='word_1_163' title='bbox 582 1506 931 1584; x_wconf 87' lang='lat' dir='ltr'><strong>Epiphanii</strong></span> <span class='ocrx_word' id='word_1_164' title='bbox 974 1506 1308 1567; x_wconf 85' lang='lat' dir='ltr'><strong>Panarium</strong></span> <span class='ocrx_word' id='word_1_165' title='bbox 1358 1508 1587 1586; x_wconf 90' lang='lat' dir='ltr'><strong>ipsum,</strong></span> <span class='ocrx_word' id='word_1_166' title='bbox 1642 1525 1918 1586; x_wconf 88' lang='lat' dir='ltr'><strong>opusque</strong></span> <span class='ocrx_word' id='word_1_167' title='bbox 1951 1510 2279 1570; x_wconf 81' lang='lat' dir='ltr'><strong>Adversus</strong></span> <span class='ocrx_word' id='word_1_168' title='bbox 2327 1509 2602 1570; x_wconf 70' lang='lat' dir='ltr'><strong>hmreses</strong></span> <span class='ocrx_word' id='word_1_169' title='bbox 2642 1510 2956 1587; x_wconf 88' lang='lat' dir='ltr'><strong>integrum</strong></span> <span class='ocrx_word' id='word_1_170' title='bbox 2989 1510 3413 1585; x_wconf 84' lang='lat' dir='ltr'><strong>Augustinum</strong></span> 
     </span>
    </p>
   </div>
   <div class='ocr_carea' id='block_1_15' title="bbox 164 1603 3412 1686">
    <p class='ocr_par' dir='ltr' id='par_1_15' title="bbox 164 1603 3412 1686">
     <span class='ocr_line' id='line_1_15' title="bbox 164 1603 3412 1686; baseline 0 -22"><span class='ocrx_word' id='word_1_171' title='bbox 164 1603 470 1675; x_wconf 77' lang='lat' dir='ltr'><strong>nondum,</strong></span> <span class='ocrx_word' id='word_1_172' title='bbox 514 1605 628 1666; x_wconf 90' lang='lat' dir='ltr'><strong>illa</strong></span> <span class='ocrx_word' id='word_1_173' title='bbox 659 1624 797 1665; x_wconf 90' lang='lat' dir='ltr'><strong>cum</strong></span> <span class='ocrx_word' id='word_1_174' title='bbox 842 1606 1101 1683; x_wconf 86' lang='lat' dir='ltr'><strong>scriptis</strong></span> <span class='ocrx_word' id='word_1_175' title='bbox 1136 1603 1459 1684; x_wconf 87' lang='lat' dir='ltr'><strong>proderet,</strong></span> <span class='ocrx_word' id='word_1_176' title='bbox 1497 1605 1726 1667; x_wconf 81' lang='lat' dir='ltr'><strong>vidisse</strong></span> <span class='ocrx_word' id='word_1_177' title='bbox 1761 1628 1779 1667; x_wconf 92' lang='lat'><strong><em>:</em></strong></span> <span class='ocrx_word' id='word_1_178' title='bbox 1811 1606 1920 1667; x_wconf 89' lang='lat' dir='ltr'><strong>sed</strong></span> <span class='ocrx_word' id='word_1_179' title='bbox 1963 1607 2139 1667; x_wconf 89' lang='lat' dir='ltr'><strong>illius</strong></span> <span class='ocrx_word' id='word_1_180' title='bbox 2183 1607 2496 1667; x_wconf 76' lang='lat' dir='ltr'><strong>duntaxat</strong></span> <span class='ocrx_word' id='word_1_181' title='bbox 2543 1608 2874 1686; x_wconf 87' lang='lat' dir='ltr'><strong>epitomen,</strong></span> <span class='ocrx_word' id='word_1_182' title='bbox 2913 1614 3094 1685; x_wconf 88' lang='lat' dir='ltr'><strong>atque</strong></span> <span class='ocrx_word' id='word_1_183' title='bbox 3140 1605 3412 1686; x_wconf 88' lang='lat' dir='ltr'><strong>ejusdem</strong></span> 
     </span>
    </p>
   </div>
   <div class='ocr_carea' id='block_1_16' title="bbox 158 1706 3409 1787">
    <p class='ocr_par' dir='ltr' id='par_1_16' title="bbox 158 1706 3409 1787">
     <span class='ocr_line' id='line_1_16' title="bbox 158 1706 3409 1787; baseline 0.001 -22"><span class='ocrx_word' id='word_1_184' title='bbox 158 1708 466 1786; x_wconf 69' lang='lat' dir='ltr'><strong>fortassis</strong></span> <span class='ocrx_word' id='word_1_185' title='bbox 496 1706 1071 1785; x_wconf 66' lang='lat' dir='ltr'><strong>Anacephalteosin,</strong></span> <span class='ocrx_word' id='word_1_186' title='bbox 1099 1708 1227 1767; x_wconf 83' lang='lat' dir='ltr'><strong>sive</strong></span> <span class='ocrx_word' id='word_1_187' title='bbox 1258 1708 1658 1769; x_wconf 87' lang='lat' dir='ltr'><strong>Breviarium</strong></span> <span class='ocrx_word' id='word_1_188' title='bbox 1710 1728 1789 1768; x_wconf 86' lang='lat' dir='ltr'><strong>ex</strong></span> <span class='ocrx_word' id='word_1_189' title='bbox 1817 1708 2212 1787; x_wconf 88' lang='lat' dir='ltr'><strong>singulorum</strong></span> <span class='ocrx_word' id='word_1_190' title='bbox 2246 1717 2551 1768; x_wconf 90' lang='lat' dir='ltr'><strong>tomorum</strong></span> <span class='ocrx_word' id='word_1_191' title='bbox 2589 1716 2647 1767; x_wconf 92' lang='lat' dir='ltr'><strong>et</strong></span> <span class='ocrx_word' id='word_1_192' title='bbox 2675 1711 2985 1770; x_wconf 80' lang='lat' dir='ltr'><strong>haereseon</strong></span> <span class='ocrx_word' id='word_1_193' title='bbox 3022 1710 3409 1783; x_wconf 85' lang='lat' dir='ltr'><strong>argumentis</strong></span> 
     </span>
    </p>
   </div>
   <div class='ocr_carea' id='block_1_17' title="bbox 164 1809 3411 1890">
    <p class='ocr_par' dir='ltr' id='par_1_17' title="bbox 164 1809 3411 1890">
     <span class='ocr_line' id='line_1_17' title="bbox 164 1809 3411 1890; baseline 0.002 -24"><span class='ocrx_word' id='word_1_194' title='bbox 164 1819 234 1867; x_wconf 77' lang='lat' dir='ltr'><strong>et</strong></span> <span class='ocrx_word' id='word_1_195' title='bbox 271 1809 584 1887; x_wconf 80' lang='lat' dir='ltr'><strong>capitibus</strong></span> <span class='ocrx_word' id='word_1_196' title='bbox 624 1810 969 1871; x_wconf 88' lang='lat' dir='ltr'><strong>collectum.</strong></span> <span class='ocrx_word' id='word_1_197' title='bbox 1014 1810 1378 1889; x_wconf 86' lang='lat' dir='ltr'><strong>Quanquam</strong></span> <span class='ocrx_word' id='word_1_198' title='bbox 1421 1809 1585 1871; x_wconf 87' lang='lat' dir='ltr'><strong>illud</strong></span> <span class='ocrx_word' id='word_1_199' title='bbox 1630 1810 1813 1871; x_wconf 87' lang='lat' dir='ltr'><strong>etiam</strong></span> <span class='ocrx_word' id='word_1_200' title='bbox 1852 1819 2074 1885; x_wconf 86' lang='lat' dir='ltr'><strong>movet,</strong></span> <span class='ocrx_word' id='word_1_201' title='bbox 2118 1810 2284 1890; x_wconf 90' lang='lat' dir='ltr'><strong>quod</strong></span> <span class='ocrx_word' id='word_1_202' title='bbox 2328 1812 2397 1871; x_wconf 88' lang='lat' dir='ltr'><strong>in</strong></span> <span class='ocrx_word' id='word_1_203' title='bbox 2427 1830 2540 1871; x_wconf 89' lang='lat' dir='ltr'><strong>sex</strong></span> <span class='ocrx_word' id='word_1_204' title='bbox 2573 1811 2769 1871; x_wconf 87' lang='lat' dir='ltr'><strong>libros</strong></span> <span class='ocrx_word' id='word_1_205' title='bbox 2802 1809 3031 1867; x_wconf 89' lang='lat' dir='ltr'><strong>asserit</strong></span> <span class='ocrx_word' id='word_1_206' title='bbox 3059 1809 3411 1886; x_wconf 86' lang='lat' dir='ltr'><strong>Epiphanii</strong></span> 
     </span>
    </p>
   </div>
   <div class='ocr_carea' id='block_1_18' title="bbox 168 1907 3406 1987">
    <p class='ocr_par' dir='ltr' id='par_1_18' title="bbox 168 1907 3406 1987">
     <span class='ocr_line' id='line_1_18' title="bbox 168 1907 3406 1987; baseline -0.001 -21"><span class='ocrx_word' id='word_1_207' title='bbox 168 1926 333 1985; x_wconf 89' lang='lat' dir='ltr'><strong>opus</strong></span> <span class='ocrx_word' id='word_1_208' title='bbox 364 1926 493 1967; x_wconf 88' lang='lat' dir='ltr'><strong>esse</strong></span> <span class='ocrx_word' id='word_1_209' title='bbox 515 1909 846 1987; x_wconf 87' lang='lat' dir='ltr'><strong>partitum.</strong></span> <span class='ocrx_word' id='word_1_210' title='bbox 882 1907 959 1969; x_wconf 85' lang='lat' dir='ltr'><strong>At</strong></span> <span class='ocrx_word' id='word_1_211' title='bbox 992 1908 1059 1970; x_wconf 89' lang='lat' dir='ltr'><strong>id</strong></span> <span class='ocrx_word' id='word_1_212' title='bbox 1078 1928 1253 1970; x_wconf 85' lang='lat' dir='ltr'><strong>secus</strong></span> <span class='ocrx_word' id='word_1_213' title='bbox 1283 1929 1347 1969; x_wconf 90' lang='lat' dir='ltr'><strong>se</strong></span> <span class='ocrx_word' id='word_1_214' title='bbox 1377 1909 1578 1971; x_wconf 83' lang='lat' dir='ltr'><strong>habet.</strong></span> <span class='ocrx_word' id='word_1_215' title='bbox 1608 1909 1764 1971; x_wconf 90' lang='lat' dir='ltr'><strong>Nam</strong></span> <span class='ocrx_word' id='word_1_216' title='bbox 1800 1910 1868 1970; x_wconf 90' lang='lat' dir='ltr'><strong>in</strong></span> <span class='ocrx_word' id='word_1_217' title='bbox 1898 1917 2024 1970; x_wconf 87' lang='lat' dir='ltr'><strong>tres</strong></span> <span class='ocrx_word' id='word_1_218' title='bbox 2054 1907 2367 1971; x_wconf 87' lang='lat' dir='ltr'><strong>duntaxat</strong></span> <span class='ocrx_word' id='word_1_219' title='bbox 2399 1910 2592 1971; x_wconf 90' lang='lat' dir='ltr'><strong>libros</strong></span> <span class='ocrx_word' id='word_1_220' title='bbox 2624 1910 2954 1969; x_wconf 83' lang='lat' dir='ltr'><strong>tribuitur.</strong></span> <span class='ocrx_word' id='word_1_221' title='bbox 2989 1908 3168 1968; x_wconf 88' lang='lat' dir='ltr'><strong>Libri</strong></span> <span class='ocrx_word' id='word_1_222' title='bbox 3201 1926 3406 1967; x_wconf 87' lang='lat' dir='ltr'><strong>omnes</strong></span> 
     </span>
    </p>
   </div>
   <div class='ocr_carea' id='block_1_19' title="bbox 162 1992 3405 2089">
    <p class='ocr_par' dir='ltr' id='par_1_19' title="bbox 162 1992 3405 2089">
     <span class='ocr_line' id='line_1_19' title="bbox 162 1992 3405 2089; baseline -0 -22"><span class='ocrx_word' id='word_1_223' title='bbox 162 2010 239 2067; x_wconf 80' lang='lat' dir='ltr'><strong>in</strong></span> <span class='ocrx_word' id='word_1_224' title='bbox 296 2018 490 2068; x_wconf 88' lang='lat' dir='ltr'><strong>tomos</strong></span> <span class='ocrx_word' id='word_1_225' title='bbox 520 2018 771 2088; x_wconf 87' lang='lat' dir='ltr'><strong>septem.</strong></span> <span class='ocrx_word' id='word_1_226' title='bbox 803 2010 1015 2084; x_wconf 83' lang='lat' dir='ltr'><strong>Quare</strong></span> <span class='ocrx_word' id='word_1_227' title='bbox 1056 2009 1219 2071; x_wconf 89' lang='lat' dir='ltr'><strong>illud</strong></span> <span class='ocrx_word' id='word_1_228' title='bbox 1255 2008 1599 2089; x_wconf 85' lang='lat' dir='ltr'><strong>Augustini</strong></span> <span class='ocrx_word' id='word_1_229' title='bbox 1637 2009 1957 2087; x_wconf 84' lang='lat' dir='ltr'><strong>singulare</strong></span> <span class='ocrx_word' id='word_1_230' title='bbox 1998 2019 2111 2084; x_wconf 90' lang='lat' dir='ltr'><strong>est,</strong></span> <span class='ocrx_word' id='word_1_231' title='bbox 2156 2010 2318 2089; x_wconf 91' lang='lat' dir='ltr'><strong>quod</strong></span> <span class='ocrx_word' id='word_1_232' title='bbox 2380 2030 2505 2071; x_wconf 82' lang='lat' dir='ltr'><strong>Lvn</strong></span> <span class='ocrx_word' id='word_1_233' title='bbox 2537 2011 2779 2083; x_wconf 65' lang='lat' dir='ltr'><strong>haeresi,</strong></span> <span class='ocrx_word' id='word_1_234' title='bbox 2835 2027 3018 2087; x_wconf 88' lang='lat' dir='ltr'><strong>quam</strong></span> <span class='ocrx_word' id='word_1_235' title='bbox 3046 2007 3405 2069; x_wconf 85' lang='lat' dir='ltr'><strong>Psalliano-</strong></span> 
     </span>
    </p>
   </div>
   <div class='ocr_carea' id='block_1_20' title="bbox 163 2108 3408 2191">
    <p class='ocr_par' dir='ltr' id='par_1_20' title="bbox 163 2108 3408 2191">
     <span class='ocr_line' id='line_1_20' title="bbox 163 2108 3408 2191; baseline 0.001 -25"><span class='ocrx_word' id='word_1_236' title='bbox 163 2125 313 2167; x_wconf 82' lang='lat' dir='ltr'><strong>rum</strong></span> <span class='ocrx_word' id='word_1_237' title='bbox 340 2117 539 2182; x_wconf 89' lang='lat' dir='ltr'><strong>vocat,</strong></span> <span class='ocrx_word' id='word_1_238' title='bbox 593 2110 1123 2171; x_wconf 85' lang='lat' dir='ltr'><strong>Massalianorum</strong></span> <span class='ocrx_word' id='word_1_239' title='bbox 1168 2111 1592 2191; x_wconf 86' lang='lat' dir='ltr'><strong>Epiphanius,</strong></span> <span class='ocrx_word' id='word_1_240' title='bbox 1642 2110 1969 2173; x_wconf 89' lang='lat' dir='ltr'><strong>subtexuit</strong></span> <span class='ocrx_word' id='word_1_241' title='bbox 2015 2134 2035 2172; x_wconf 82' lang='lat'><strong>.-</strong></span> <span class='ocrx_word' id='word_1_242' title='bbox 2082 2113 2361 2174; x_wconf 89' lang='lat' dir='ltr'><strong>Proinde</strong></span> <span class='ocrx_word' id='word_1_243' title='bbox 2408 2113 2519 2173; x_wconf 89' lang='lat' dir='ltr'><strong>ille</strong></span> <span class='ocrx_word' id='word_1_244' title='bbox 2562 2112 2640 2173; x_wconf 92' lang='lat' dir='ltr'><strong>de</strong></span> <span class='ocrx_word' id='word_1_245' title='bbox 2691 2110 3011 2188; x_wconf 84' lang='lat' dir='ltr'><strong>octoginta</strong></span> <span class='ocrx_word' id='word_1_246' title='bbox 3054 2108 3408 2171; x_wconf 77' lang='lat' dir='ltr'><strong>hmresibus</strong></span> 
     </span>
    </p>
   </div>
   <div class='ocr_carea' id='block_1_21' title="bbox 165 2209 3403 2289">
    <p class='ocr_par' dir='ltr' id='par_1_21' title="bbox 165 2209 3403 2289">
     <span class='ocr_line' id='line_1_21' title="bbox 165 2209 3403 2289; baseline -0 -21"><span class='ocrx_word' id='word_1_247' title='bbox 165 2209 488 2286; x_wconf 81' lang='lat' dir='ltr'><strong>separatis</strong></span> <span class='ocrx_word' id='word_1_248' title='bbox 522 2209 775 2287; x_wconf 84' lang='lat' dir='ltr'><strong>viginti,</strong></span> <span class='ocrx_word' id='word_1_249' title='bbox 808 2226 966 2289; x_wconf 87' lang='lat' dir='ltr'><strong>quas</strong></span> <span class='ocrx_word' id='word_1_250' title='bbox 997 2220 1142 2272; x_wconf 82' lang='lat' dir='ltr'><strong>ante</strong></span> <span class='ocrx_word' id='word_1_251' title='bbox 1175 2211 1432 2274; x_wconf 90' lang='lat' dir='ltr'><strong>Domini</strong></span> <span class='ocrx_word' id='word_1_252' title='bbox 1461 2211 1806 2273; x_wconf 88' lang='lat' dir='ltr'><strong>adventum</strong></span> <span class='ocrx_word' id='word_1_253' title='bbox 1851 2212 2200 2285; x_wconf 78' lang='lat' dir='ltr'><strong>exstitisse,</strong></span> <span class='ocrx_word' id='word_1_254' title='bbox 2233 2212 2400 2274; x_wconf 90' lang='lat' dir='ltr'><strong>sicut</strong></span> <span class='ocrx_word' id='word_1_255' title='bbox 2447 2213 2505 2273; x_wconf 92' lang='lat' dir='ltr'><strong>ei</strong></span> <span class='ocrx_word' id='word_1_256' title='bbox 2558 2214 2768 2273; x_wconf 89' lang='lat' dir='ltr'><strong>visum</strong></span> <span class='ocrx_word' id='word_1_257' title='bbox 2817 2221 2937 2283; x_wconf 84' lang='lat' dir='ltr'><strong>est,</strong></span> <span class='ocrx_word' id='word_1_258' title='bbox 2986 2210 3403 2288; x_wconf 88' lang='lat' dir='ltr'><strong>computavit,</strong></span> 
     </span>
    </p>
   </div>
   <div class='ocr_carea' id='block_1_22' title="bbox 166 2309 3402 2392">
    <p class='ocr_par' dir='ltr' id='par_1_22' title="bbox 166 2309 3402 2392">
     <span class='ocr_line' id='line_1_22' title="bbox 166 2309 3402 2392; baseline -0.001 -23"><span class='ocrx_word' id='word_1_259' title='bbox 166 2311 459 2389; x_wconf 86' lang='lat' dir='ltr'><strong>reliquas</strong></span> <span class='ocrx_word' id='word_1_260' title='bbox 492 2320 633 2390; x_wconf 79' lang='lat' dir='ltr'><strong>post</strong></span> <span class='ocrx_word' id='word_1_261' title='bbox 666 2310 920 2373; x_wconf 89' lang='lat' dir='ltr'><strong>Domini</strong></span> <span class='ocrx_word' id='word_1_262' title='bbox 953 2328 1291 2375; x_wconf 89' lang='lat' dir='ltr'><strong>ascensum</strong></span> <span class='ocrx_word' id='word_1_263' title='bbox 1323 2320 1500 2374; x_wconf 88' lang='lat' dir='ltr'><strong>natas</strong></span> <span class='ocrx_word' id='word_1_264' title='bbox 1529 2312 1879 2391; x_wconf 80' lang='lat' dir='ltr'><strong>sexaginta,</strong></span> <span class='ocrx_word' id='word_1_265' title='bbox 1918 2313 2317 2374; x_wconf 89' lang='lat' dir='ltr'><strong>brevissimis</strong></span> <span class='ocrx_word' id='word_1_266' title='bbox 2352 2314 2534 2374; x_wconf 90' lang='lat' dir='ltr'><strong>libris</strong></span> <span class='ocrx_word' id='word_1_267' title='bbox 2566 2312 2857 2392; x_wconf 90' lang='lat' dir='ltr'><strong>quinque</strong></span> <span class='ocrx_word' id='word_1_268' title='bbox 2893 2309 3402 2387; x_wconf 89' lang='lat' dir='ltr'><strong>comprehendit,</strong></span> 
     </span>
    </p>
   </div>
   <div class='ocr_carea' id='block_1_23' title="bbox 157 2409 3405 2489">
    <p class='ocr_par' dir='ltr' id='par_1_23' title="bbox 157 2409 3405 2489">
     <span class='ocr_line' id='line_1_23' title="bbox 157 2409 3405 2489; baseline -0 -20"><span class='ocrx_word' id='word_1_269' title='bbox 157 2415 364 2486; x_wconf 78' lang='lat' dir='ltr'><strong>atque</strong></span> <span class='ocrx_word' id='word_1_270' title='bbox 392 2425 616 2471; x_wconf 88' lang='lat' dir='ltr'><strong>omnes</strong></span> <span class='ocrx_word' id='word_1_271' title='bbox 650 2410 715 2471; x_wconf 90' lang='lat' dir='ltr'><strong>in</strong></span> <span class='ocrx_word' id='word_1_272' title='bbox 748 2426 862 2471; x_wconf 80' lang='lat' dir='ltr'><strong>sex</strong></span> <span class='ocrx_word' id='word_1_273' title='bbox 890 2409 1090 2473; x_wconf 89' lang='lat' dir='ltr'><strong>libros</strong></span> <span class='ocrx_word' id='word_1_274' title='bbox 1122 2411 1319 2473; x_wconf 89' lang='lat' dir='ltr'><strong>totius</strong></span> <span class='ocrx_word' id='word_1_275' title='bbox 1342 2410 1631 2489; x_wconf 84' lang='lat' dir='ltr'><strong>ejusdem</strong></span> <span class='ocrx_word' id='word_1_276' title='bbox 1656 2411 1760 2473; x_wconf 92' lang='lat' dir='ltr'><strong>sui</strong></span> <span class='ocrx_word' id='word_1_277' title='bbox 1788 2411 2001 2487; x_wconf 84' lang='lat' dir='ltr'><strong>Operis</strong></span> <span class='ocrx_word' id='word_1_278' title='bbox 2034 2410 2182 2473; x_wconf 83' lang='lat' dir='ltr'><strong>fecit</strong></span> <span class='ocrx_word' id='word_1_279' title='bbox 2211 2412 2534 2475; x_wconf 90' lang='lat' dir='ltr'><strong>concludi.</strong></span> <span class='ocrx_word' id='word_1_280' title='bbox 2574 2414 2726 2472; x_wconf 83' lang='lat' dir='ltr'><strong>Tres</strong></span> <span class='ocrx_word' id='word_1_281' title='bbox 2748 2412 2817 2471; x_wconf 90' lang='lat' dir='ltr'><strong>in</strong></span> <span class='ocrx_word' id='word_1_282' title='bbox 2848 2410 3044 2472; x_wconf 89' lang='lat' dir='ltr'><strong>libros</strong></span> <span class='ocrx_word' id='word_1_283' title='bbox 3069 2410 3405 2472; x_wconf 87' lang='lat' dir='ltr'><strong>Panarium</strong></span> 
     </span>
    </p>
   </div>
   <div class='ocr_carea' id='block_1_24' title="bbox 159 2495 3405 2591">
    <p class='ocr_par' dir='ltr' id='par_1_24' title="bbox 159 2495 3405 2591">
     <span class='ocr_line' id='line_1_24' title="bbox 159 2495 3405 2591; baseline -0.001 -20"><span class='ocrx_word' id='word_1_284' title='bbox 159 2495 349 2571; x_wconf 81' lang='lat' dir='ltr'><strong>omne</strong></span> <span class='ocrx_word' id='word_1_285' title='bbox 385 2509 716 2572; x_wconf 85' lang='lat' dir='ltr'><strong>dividitur.</strong></span> <span class='ocrx_word' id='word_1_286' title='bbox 758 2510 1011 2571; x_wconf 86' lang='lat' dir='ltr'><strong>Primus</strong></span> <span class='ocrx_word' id='word_1_287' title='bbox 1049 2523 1243 2572; x_wconf 85' lang='lat' dir='ltr'><strong>tomos</strong></span> <span class='ocrx_word' id='word_1_288' title='bbox 1290 2512 1569 2573; x_wconf 88' lang='lat' dir='ltr'><strong>continet</strong></span> <span class='ocrx_word' id='word_1_289' title='bbox 1612 2520 1739 2572; x_wconf 88' lang='lat' dir='ltr'><strong>tres</strong></span> <span class='ocrx_word' id='word_1_290' title='bbox 1773 2555 1790 2583; x_wconf 90' lang='lat'><strong>,</strong></span> <span class='ocrx_word' id='word_1_291' title='bbox 1847 2529 2112 2590; x_wconf 89' lang='lat' dir='ltr'><strong>quorum</strong></span> <span class='ocrx_word' id='word_1_292' title='bbox 2158 2512 2228 2571; x_wconf 88' lang='lat' dir='ltr'><strong>in</strong></span> <span class='ocrx_word' id='word_1_293' title='bbox 2259 2513 2482 2591; x_wconf 88' lang='lat' dir='ltr'><strong>priore</strong></span> <span class='ocrx_word' id='word_1_294' title='bbox 2524 2510 2760 2589; x_wconf 79' lang='lat' dir='ltr'><strong>viginti</strong></span> <span class='ocrx_word' id='word_1_295' title='bbox 2798 2510 2925 2571; x_wconf 78' lang='lat' dir='ltr'><strong>illa:</strong></span> <span class='ocrx_word' id='word_1_296' title='bbox 2966 2520 3117 2570; x_wconf 89' lang='lat' dir='ltr'><strong>sunt</strong></span> <span class='ocrx_word' id='word_1_297' title='bbox 3152 2510 3405 2571; x_wconf 84' lang='lat' dir='ltr'><strong>Christo</strong></span> 
     </span>
    </p>
   </div>
   <div class='ocr_carea' id='block_1_25' title="bbox 162 2609 3404 2691">
    <p class='ocr_par' dir='ltr' id='par_1_25' title="bbox 162 2609 3404 2691">
     <span class='ocr_line' id='line_1_25' title="bbox 162 2609 3404 2691; baseline -0 -20"><span class='ocrx_word' id='word_1_298' title='bbox 162 2613 560 2690; x_wconf 78' lang='lat' dir='ltr'><strong>antiquiores</strong></span> <span class='ocrx_word' id='word_1_299' title='bbox 590 2614 869 2675; x_wconf 60' lang='lat' dir='ltr'><strong>hereses.</strong></span> <span class='ocrx_word' id='word_1_300' title='bbox 903 2610 1083 2672; x_wconf 86' lang='lat' dir='ltr'><strong>Alter</strong></span> <span class='ocrx_word' id='word_1_301' title='bbox 1122 2630 1355 2679; x_wconf 89' lang='lat' dir='ltr'><strong>earum,</strong></span> <span class='ocrx_word' id='word_1_302' title='bbox 1405 2630 1540 2691; x_wconf 78' lang='lat' dir='ltr'><strong>quce</strong></span> <span class='ocrx_word' id='word_1_303' title='bbox 1568 2621 1715 2690; x_wconf 89' lang='lat' dir='ltr'><strong>post</strong></span> <span class='ocrx_word' id='word_1_304' title='bbox 1747 2612 2070 2674; x_wconf 80' lang='lat' dir='ltr'><strong>Christum</strong></span> <span class='ocrx_word' id='word_1_305' title='bbox 2111 2621 2347 2673; x_wconf 79' lang='lat' dir='ltr'><strong>exortw</strong></span> <span class='ocrx_word' id='word_1_306' title='bbox 2379 2620 2550 2683; x_wconf 91' lang='lat' dir='ltr'><strong>sunt,</strong></span> <span class='ocrx_word' id='word_1_307' title='bbox 2594 2609 2887 2671; x_wconf 87' lang='lat' dir='ltr'><strong>tredecim</strong></span> <span class='ocrx_word' id='word_1_308' title='bbox 2918 2610 3183 2688; x_wconf 90' lang='lat' dir='ltr'><strong>colligit.</strong></span> <span class='ocrx_word' id='word_1_309' title='bbox 3223 2610 3404 2671; x_wconf 84' lang='lat' dir='ltr'><strong>Toti-</strong></span> 
     </span>
    </p>
   </div>
   <div class='ocr_carea' id='block_1_26' title="bbox 160 2714 3403 2796">
    <p class='ocr_par' dir='ltr' id='par_1_26' title="bbox 160 2714 3403 2796">
     <span class='ocr_line' id='line_1_26' title="bbox 160 2714 3403 2796; baseline -0.001 -21"><span class='ocrx_word' id='word_1_310' title='bbox 160 2715 308 2775; x_wconf 84' lang='lat' dir='ltr'><strong>dem</strong></span> <span class='ocrx_word' id='word_1_311' title='bbox 338 2723 711 2793; x_wconf 85' lang='lat' dir='ltr'><strong>postremus.</strong></span> <span class='ocrx_word' id='word_1_312' title='bbox 745 2715 833 2777; x_wconf 90' lang='lat' dir='ltr'><strong>Ac</strong></span> <span class='ocrx_word' id='word_1_313' title='bbox 870 2718 927 2778; x_wconf 86' lang='lat' dir='ltr'><strong>si</strong></span> <span class='ocrx_word' id='word_1_314' title='bbox 955 2717 1261 2778; x_wconf 87' lang='lat' dir='ltr'><strong>librorum</strong></span> <span class='ocrx_word' id='word_1_315' title='bbox 1292 2718 1539 2778; x_wconf 87' lang='lat' dir='ltr'><strong>nomine</strong></span> <span class='ocrx_word' id='word_1_316' title='bbox 1588 2726 1783 2778; x_wconf 89' lang='lat' dir='ltr'><strong>tomos</strong></span> <span class='ocrx_word' id='word_1_317' title='bbox 1817 2717 2211 2796; x_wconf 87' lang='lat' dir='ltr'><strong>Augustinus</strong></span> <span class='ocrx_word' id='word_1_318' title='bbox 2253 2717 2578 2795; x_wconf 86' lang='lat' dir='ltr'><strong>intelligit,</strong></span> <span class='ocrx_word' id='word_1_319' title='bbox 2624 2714 2870 2792; x_wconf 89' lang='lat' dir='ltr'><strong>dempto</strong></span> <span class='ocrx_word' id='word_1_320' title='bbox 2902 2715 3233 2793; x_wconf 85' lang='lat' dir='ltr'><strong>superiore</strong></span> <span class='ocrx_word' id='word_1_321' title='bbox 3265 2714 3403 2788; x_wconf 90' lang='lat' dir='ltr'><strong>illo,</strong></span> 
     </span>
    </p>
   </div>
   <div class='ocr_carea' id='block_1_27' title="bbox 163 2814 3402 2899">
    <p class='ocr_par' dir='ltr' id='par_1_27' title="bbox 163 2814 3402 2899">
     <span class='ocr_line' id='line_1_27' title="bbox 163 2814 3402 2899; baseline -0.001 -23"><span class='ocrx_word' id='word_1_322' title='bbox 163 2819 278 2895; x_wconf 87' lang='lat' dir='ltr'><strong>qui</strong></span> <span class='ocrx_word' id='word_1_323' title='bbox 316 2818 547 2895; x_wconf 85' lang='lat' dir='ltr'><strong>viginti</strong></span> <span class='ocrx_word' id='word_1_324' title='bbox 576 2835 655 2877; x_wconf 88' lang='lat' dir='ltr'><strong>ex</strong></span> <span class='ocrx_word' id='word_1_325' title='bbox 683 2818 1019 2879; x_wconf 67' lang='lat' dir='ltr'><strong>haresibus</strong></span> <span class='ocrx_word' id='word_1_326' title='bbox 1050 2828 1318 2891; x_wconf 88' lang='lat' dir='ltr'><strong>constat,</strong></span> <span class='ocrx_word' id='word_1_327' title='bbox 1352 2820 1584 2899; x_wconf 84' lang='lat' dir='ltr'><strong>reliqui</strong></span> <span class='ocrx_word' id='word_1_328' title='bbox 1612 2838 1726 2880; x_wconf 88' lang='lat' dir='ltr'><strong>sex</strong></span> <span class='ocrx_word' id='word_1_329' title='bbox 1770 2828 1977 2891; x_wconf 89' lang='lat' dir='ltr'><strong>erunt,</strong></span> <span class='ocrx_word' id='word_1_330' title='bbox 2015 2838 2141 2879; x_wconf 90' lang='lat' dir='ltr'><strong>non</strong></span> <span class='ocrx_word' id='word_1_331' title='bbox 2170 2827 2423 2897; x_wconf 87' lang='lat' dir='ltr'><strong>septem.</strong></span> <span class='ocrx_word' id='word_1_332' title='bbox 2467 2817 2674 2893; x_wconf 88' lang='lat' dir='ltr'><strong>Quare</strong></span> <span class='ocrx_word' id='word_1_333' title='bbox 2703 2816 2903 2895; x_wconf 89' lang='lat' dir='ltr'><strong>fuerit</strong></span> <span class='ocrx_word' id='word_1_334' title='bbox 2947 2814 3125 2875; x_wconf 88' lang='lat' dir='ltr'><strong>illius</strong></span> <span class='ocrx_word' id='word_1_335' title='bbox 3171 2816 3402 2891; x_wconf 86' lang='lat' dir='ltr'><strong>operis,</strong></span> 
     </span>
    </p>
   </div>
   <div class='ocr_carea' id='block_1_28' title="bbox 158 2912 3405 2999">
    <p class='ocr_par' dir='ltr' id='par_1_28' title="bbox 158 2912 3405 2999">
     <span class='ocr_line' id='line_1_28' title="bbox 158 2912 3405 2999; baseline -0.002 -21"><span class='ocrx_word' id='word_1_336' title='bbox 158 2918 300 2978; x_wconf 87' lang='lat' dir='ltr'><strong>sive</strong></span> <span class='ocrx_word' id='word_1_337' title='bbox 332 2917 628 2995; x_wconf 87' lang='lat' dir='ltr'><strong>epitomes</strong></span> <span class='ocrx_word' id='word_1_338' title='bbox 658 2917 788 2978; x_wconf 87' lang='lat' dir='ltr'><strong>alia</strong></span> <span class='ocrx_word' id='word_1_339' title='bbox 822 2919 987 2979; x_wconf 90' lang='lat' dir='ltr'><strong>ratio</strong></span> <span class='ocrx_word' id='word_1_340' title='bbox 1018 2920 1411 2999; x_wconf 84' lang='lat' dir='ltr'><strong>partitioque</strong></span> <span class='ocrx_word' id='word_1_341' title='bbox 1440 2936 1682 2978; x_wconf 83' lang='lat' dir='ltr'><strong>necesse</strong></span> <span class='ocrx_word' id='word_1_342' title='bbox 1721 2926 1833 2989; x_wconf 90' lang='lat' dir='ltr'><strong>est,</strong></span> <span class='ocrx_word' id='word_1_343' title='bbox 1872 2916 2037 2995; x_wconf 91' lang='lat' dir='ltr'><strong>quod</strong></span> <span class='ocrx_word' id='word_1_344' title='bbox 2084 2935 2151 2975; x_wconf 87' lang='lat' dir='ltr'><strong>se</strong></span> <span class='ocrx_word' id='word_1_345' title='bbox 2184 2915 2579 2994; x_wconf 88' lang='lat' dir='ltr'><strong>Augustinus</strong></span> <span class='ocrx_word' id='word_1_346' title='bbox 2617 2912 2857 2991; x_wconf 89' lang='lat' dir='ltr'><strong>legisse,</strong></span> <span class='ocrx_word' id='word_1_347' title='bbox 2904 2920 2963 2970; x_wconf 89' lang='lat' dir='ltr'><strong>et</strong></span> <span class='ocrx_word' id='word_1_348' title='bbox 3002 2912 3244 2971; x_wconf 84' lang='lat' dir='ltr'><strong>imitari</strong></span> <span class='ocrx_word' id='word_1_349' title='bbox 3291 2930 3405 2970; x_wconf 90' lang='lat' dir='ltr'><strong>vo-</strong></span> 
     </span>
    </p>
   </div>
   <div class='ocr_carea' id='block_1_29' title="bbox 162 3015 3069 3079">
    <p class='ocr_par' dir='ltr' id='par_1_29' title="bbox 162 3015 3069 3079">
     <span class='ocr_line' id='line_1_29' title="bbox 162 3015 3069 3079; baseline 0.001 0"><span class='ocrx_word' id='word_1_350' title='bbox 162 3018 363 3079; x_wconf 86' lang='lat' dir='ltr'><strong>luisse</strong></span> <span class='ocrx_word' id='word_1_351' title='bbox 399 3015 805 3077; x_wconf 76' lang='lat' dir='ltr'><strong>demonstrat.</strong></span> <span class='ocrx_word' id='word_1_352' title='bbox 3066 3058 3069 3059; x_wconf 52' lang='grc' dir='ltr'><em>ν</em></span> 
     </span>
    </p>
   </div>
   <div class='ocr_carea' id='block_1_30' title="bbox 244 3111 3404 3202">
    <p class='ocr_par' dir='ltr' id='par_1_30' title="bbox 244 3111 3404 3202">
     <span class='ocr_line' id='line_1_30' title="bbox 244 3111 3404 3202; baseline -0.006 -13"><span class='ocrx_word' id='word_1_353' title='bbox 244 3126 371 3189; x_wconf 88' lang='lat' dir='ltr'><strong>Sed</strong></span> <span class='ocrx_word' id='word_1_354' title='bbox 400 3147 439 3186; x_wconf 91' lang='lat' dir='ltr'><strong>a</strong></span> <span class='ocrx_word' id='word_1_355' title='bbox 465 3128 708 3187; x_wconf 89' lang='lat' dir='ltr'><strong>minuta</strong></span> <span class='ocrx_word' id='word_1_356' title='bbox 734 3126 850 3187; x_wconf 87' lang='lat' dir='ltr'><strong>illa</strong></span> <span class='ocrx_word' id='word_1_357' title='bbox 882 3133 937 3185; x_wconf 90' lang='lat' dir='ltr'><strong>et</strong></span> <span class='ocrx_word' id='word_1_358' title='bbox 964 3130 1233 3202; x_wconf 89' lang='lat' dir='ltr'><strong>angusta</strong></span> <span class='ocrx_word' id='word_1_359' title='bbox 1260 3120 1699 3201; x_wconf 83' lang='lat' dir='ltr'><strong>disquisitione</strong></span> <span class='ocrx_word' id='word_1_360' title='bbox 1732 3116 1813 3178; x_wconf 87' lang='lat' dir='ltr'><strong>ad</strong></span> <span class='ocrx_word' id='word_1_361' title='bbox 1850 3117 1917 3178; x_wconf 90' lang='lat' dir='ltr'><strong>id</strong></span> <span class='ocrx_word' id='word_1_362' title='bbox 1960 3117 2167 3187; x_wconf 86' lang='lat' dir='ltr'><strong>redeo,</strong></span> <span class='ocrx_word' id='word_1_363' title='bbox 2202 3114 2367 3195; x_wconf 89' lang='lat' dir='ltr'><strong>quod</strong></span> <span class='ocrx_word' id='word_1_364' title='bbox 2396 3114 2469 3174; x_wconf 87' lang='lat' dir='ltr'><strong>de</strong></span> <span class='ocrx_word' id='word_1_365' title='bbox 2507 3113 2746 3175; x_wconf 89' lang='lat' dir='ltr'><strong>Panarii</strong></span> <span class='ocrx_word' id='word_1_366' title='bbox 2784 3111 3308 3171; x_wconf 85' lang='lat' dir='ltr'><strong>commendatione</strong></span> <span class='ocrx_word' id='word_1_367' title='bbox 3332 3130 3404 3171; x_wconf 84' lang='lat' dir='ltr'><strong>ac</strong></span> 
     </span>
    </p>
   </div>
   <div class='ocr_carea' id='block_1_31' title="bbox 160 3216 3401 3311">
    <p class='ocr_par' dir='ltr' id='par_1_31' title="bbox 160 3216 3401 3311">
     <span class='ocr_line' id='line_1_31' title="bbox 160 3216 3401 3311; baseline -0.004 -21"><span class='ocrx_word' id='word_1_368' title='bbox 160 3234 388 3311; x_wconf 86' lang='lat' dir='ltr'><strong>fructu</strong></span> <span class='ocrx_word' id='word_1_369' title='bbox 415 3230 744 3310; x_wconf 86' lang='lat' dir='ltr'><strong>disputare</strong></span> <span class='ocrx_word' id='word_1_370' title='bbox 776 3246 1098 3308; x_wconf 72' lang='lat' dir='ltr'><strong>creperum.</strong></span> <span class='ocrx_word' id='word_1_371' title='bbox 1131 3226 1290 3289; x_wconf 89' lang='lat' dir='ltr'><strong>Nam</strong></span> <span class='ocrx_word' id='word_1_372' title='bbox 1315 3224 1397 3285; x_wconf 88' lang='lat' dir='ltr'><strong>ad</strong></span> <span class='ocrx_word' id='word_1_373' title='bbox 1423 3223 1606 3293; x_wconf 84' lang='lat' dir='ltr'><strong>illud,</strong></span> <span class='ocrx_word' id='word_1_374' title='bbox 1642 3222 1714 3282; x_wconf 91' lang='lat' dir='ltr'><strong>de</strong></span> <span class='ocrx_word' id='word_1_375' title='bbox 1743 3240 1861 3301; x_wconf 89' lang='lat' dir='ltr'><strong>quo</strong></span> <span class='ocrx_word' id='word_1_376' title='bbox 1885 3221 2208 3300; x_wconf 85' lang='lat' dir='ltr'><strong>agebatur,</strong></span> <span class='ocrx_word' id='word_1_377' title='bbox 2243 3219 2564 3281; x_wconf 72' lang='lat' dir='ltr'><strong>catholica</strong></span> <span class='ocrx_word' id='word_1_378' title='bbox 2593 3218 2922 3296; x_wconf 88' lang='lat' dir='ltr'><strong>religionis</strong></span> <span class='ocrx_word' id='word_1_379' title='bbox 2952 3216 3401 3295; x_wconf 85' lang='lat' dir='ltr'><strong>patrocinium,</strong></span> 
     </span>
    </p>
   </div>
   <div class='ocr_carea' id='block_1_32' title="bbox 162 3316 3400 3404">
    <p class='ocr_par' dir='ltr' id='par_1_32' title="bbox 162 3316 3400 3404">
     <span class='ocr_line' id='line_1_32' title="bbox 162 3316 3400 3404; baseline -0.005 -14"><span class='ocrx_word' id='word_1_380' title='bbox 162 3341 230 3392; x_wconf 81' lang='lat' dir='ltr'><strong>et</strong></span> <span class='ocrx_word' id='word_1_381' title='bbox 272 3332 723 3395; x_wconf 89' lang='lat' dir='ltr'><strong>hodiernarum</strong></span> <span class='ocrx_word' id='word_1_382' title='bbox 768 3330 1143 3390; x_wconf 86' lang='lat' dir='ltr'><strong>eversionem</strong></span> <span class='ocrx_word' id='word_1_383' title='bbox 1183 3329 1489 3389; x_wconf 61' lang='lat' dir='ltr'><strong>hieresum&#39;</strong></span> <span class='ocrx_word' id='word_1_384' title='bbox 1523 3324 2035 3404; x_wconf 90' lang='lat' dir='ltr'><strong>opportunitates</strong></span> <span class='ocrx_word' id='word_1_385' title='bbox 2078 3323 2466 3391; x_wconf 89' lang='lat' dir='ltr'><strong>innumeras,</strong></span> <span class='ocrx_word' id='word_1_386' title='bbox 2521 3328 2578 3379; x_wconf 90' lang='lat' dir='ltr'><strong>et</strong></span> <span class='ocrx_word' id='word_1_387' title='bbox 2625 3316 2985 3397; x_wconf 86' lang='lat' dir='ltr'><strong>adjumenta</strong></span> <span class='ocrx_word' id='word_1_388' title='bbox 3012 3316 3400 3395; x_wconf 88' lang='lat' dir='ltr'><strong>suppeditat.</strong></span> 
     </span>
    </p>
   </div>
   <div class='ocr_carea' id='block_1_33' title="bbox 171 3417 3401 3511">
    <p class='ocr_par' dir='ltr' id='par_1_33' title="bbox 171 3417 3401 3511">
     <span class='ocr_line' id='line_1_33' title="bbox 171 3417 3401 3511; baseline -0.005 -18"><span class='ocrx_word' id='word_1_389' title='bbox 171 3434 452 3495; x_wconf 83' lang='lat' dir='ltr'><strong>Primum</strong></span> <span class='ocrx_word' id='word_1_390' title='bbox 484 3430 648 3511; x_wconf 87' lang='lat' dir='ltr'><strong>quod</strong></span> <span class='ocrx_word' id='word_1_391' title='bbox 676 3430 748 3490; x_wconf 92' lang='lat' dir='ltr'><strong>de</strong></span> <span class='ocrx_word' id='word_1_392' title='bbox 782 3431 913 3510; x_wconf 87' lang='lat' dir='ltr'><strong>ejus</strong></span> <span class='ocrx_word' id='word_1_393' title='bbox 943 3429 1342 3501; x_wconf 88' lang='lat' dir='ltr'><strong>auctoritate,</strong></span> <span class='ocrx_word' id='word_1_394' title='bbox 1368 3437 1637 3506; x_wconf 89' lang='lat' dir='ltr'><strong>propter</strong></span> <span class='ocrx_word' id='word_1_395' title='bbox 1666 3434 1724 3486; x_wconf 92' lang='lat' dir='ltr'><strong>et</strong></span> <span class='ocrx_word' id='word_1_396' title='bbox 1753 3423 2088 3502; x_wconf 88' lang='lat' dir='ltr'><strong>scriptoris</strong></span> <span class='ocrx_word' id='word_1_397' title='bbox 2117 3430 2507 3492; x_wconf 88' lang='lat' dir='ltr'><strong>vetustatem,</strong></span> <span class='ocrx_word' id='word_1_398' title='bbox 2543 3429 2601 3479; x_wconf 89' lang='lat' dir='ltr'><strong>et</strong></span> <span class='ocrx_word' id='word_1_399' title='bbox 2636 3418 2945 3479; x_wconf 90' lang='lat' dir='ltr'><strong>illustrem</strong></span> <span class='ocrx_word' id='word_1_400' title='bbox 2978 3417 3147 3478; x_wconf 88' lang='lat' dir='ltr'><strong>inter</strong></span> <span class='ocrx_word' id='word_1_401' title='bbox 3176 3418 3401 3479; x_wconf 88' lang='lat' dir='ltr'><strong>Patres</strong></span> 
     </span>
    </p>
   </div>
   <div class='ocr_carea' id='block_1_34' title="bbox 164 3517 3404 3614">
    <p class='ocr_par' dir='ltr' id='par_1_34' title="bbox 164 3517 3404 3614">
     <span class='ocr_line' id='line_1_34' title="bbox 164 3517 3404 3614; baseline -0.006 -19"><span class='ocrx_word' id='word_1_402' title='bbox 164 3535 510 3614; x_wconf 82' lang='lat' dir='ltr'><strong>dignitatis</strong></span> <span class='ocrx_word' id='word_1_403' title='bbox 559 3535 779 3604; x_wconf 88' lang='lat' dir='ltr'><strong>locum,</strong></span> <span class='ocrx_word' id='word_1_404' title='bbox 817 3550 892 3590; x_wconf 88' lang='lat' dir='ltr'><strong>ne</strong></span> <span class='ocrx_word' id='word_1_405' title='bbox 934 3530 1061 3609; x_wconf 89' lang='lat' dir='ltr'><strong>ipsi</strong></span> <span class='ocrx_word' id='word_1_406' title='bbox 1105 3527 1351 3608; x_wconf 90' lang='lat' dir='ltr'><strong>quidem</strong></span> <span class='ocrx_word' id='word_1_407' title='bbox 1379 3528 1823 3588; x_wconf 89' lang='lat' dir='ltr'><strong>obtrectatores</strong></span> <span class='ocrx_word' id='word_1_408' title='bbox 1852 3524 2275 3602; x_wconf 89' lang='lat' dir='ltr'><strong>antiquitatis,</strong></span> <span class='ocrx_word' id='word_1_409' title='bbox 2305 3540 2378 3581; x_wconf 92' lang='lat' dir='ltr'><strong>ac</strong></span> <span class='ocrx_word' id='word_1_410' title='bbox 2416 3521 2720 3581; x_wconf 90' lang='lat' dir='ltr'><strong>bonorum</strong></span> <span class='ocrx_word' id='word_1_411' title='bbox 2753 3519 2959 3579; x_wconf 83' lang='lat' dir='ltr'><strong>hostes</strong></span> <span class='ocrx_word' id='word_1_412' title='bbox 2988 3519 3261 3577; x_wconf 87' lang='lat' dir='ltr'><strong>omnium</strong></span> <span class='ocrx_word' id='word_1_413' title='bbox 3286 3517 3404 3577; x_wconf 91' lang='lat' dir='ltr'><strong>du-</strong></span> 
     </span>
    </p>
   </div>
   <div class='ocr_carea' id='block_1_35' title="bbox 163 3618 3406 3713">
    <p class='ocr_par' dir='ltr' id='par_1_35' title="bbox 163 3618 3406 3713">
     <span class='ocr_line' id='line_1_35' title="bbox 163 3618 3406 3713; baseline -0.004 -16"><span class='ocrx_word' id='word_1_414' title='bbox 163 3638 399 3698; x_wconf 75' lang='lat' dir='ltr'><strong>bitant.</strong></span> <span class='ocrx_word' id='word_1_415' title='bbox 436 3634 669 3694; x_wconf 84' lang='lat' dir='ltr'><strong>Deinde</strong></span> <span class='ocrx_word' id='word_1_416' title='bbox 696 3632 862 3713; x_wconf 88' lang='lat' dir='ltr'><strong>quod</strong></span> <span class='ocrx_word' id='word_1_417' title='bbox 891 3630 1222 3711; x_wconf 72' lang='lat' dir='ltr'><strong>praecipua</strong></span> <span class='ocrx_word' id='word_1_418' title='bbox 1250 3646 1497 3707; x_wconf 73' lang='lat' dir='ltr'><strong>quaque</strong></span> <span class='ocrx_word' id='word_1_419' title='bbox 1536 3627 1784 3689; x_wconf 89' lang='lat' dir='ltr'><strong>decreta</strong></span> <span class='ocrx_word' id='word_1_420' title='bbox 1812 3626 1979 3705; x_wconf 82' lang='lat' dir='ltr'><strong>ﬁdei,</strong></span> <span class='ocrx_word' id='word_1_421' title='bbox 2011 3642 2144 3703; x_wconf 74' lang='lat' dir='ltr'><strong>qua:</strong></span> <span class='ocrx_word' id='word_1_422' title='bbox 2189 3621 2618 3702; x_wconf 85' lang='lat' dir='ltr'><strong>opinosissimi</strong></span> <span class='ocrx_word' id='word_1_423' title='bbox 2653 3620 2928 3680; x_wconf 89' lang='lat' dir='ltr'><strong>homines</strong></span> <span class='ocrx_word' id='word_1_424' title='bbox 2968 3618 3065 3679; x_wconf 88' lang='lat' dir='ltr'><strong>his</strong></span> <span class='ocrx_word' id='word_1_425' title='bbox 3108 3623 3406 3699; x_wconf 86' lang='lat' dir='ltr'><strong>tempori-</strong></span> 
     </span>
    </p>
   </div>
   <div class='ocr_carea' id='block_1_36' title="bbox 162 3722 3400 3819">
    <p class='ocr_par' dir='ltr' id='par_1_36' title="bbox 162 3722 3400 3819">
     <span class='ocr_line' id='line_1_36' title="bbox 162 3722 3400 3819; baseline -0.006 -17"><span class='ocrx_word' id='word_1_426' title='bbox 162 3743 285 3802; x_wconf 83' lang='lat' dir='ltr'><strong>bus</strong></span> <span class='ocrx_word' id='word_1_427' title='bbox 329 3740 609 3819; x_wconf 83' lang='lat' dir='ltr'><strong>inﬁciari</strong></span> <span class='ocrx_word' id='word_1_428' title='bbox 643 3738 894 3810; x_wconf 89' lang='lat' dir='ltr'><strong>audent,</strong></span> <span class='ocrx_word' id='word_1_429' title='bbox 933 3745 1056 3796; x_wconf 90' lang='lat' dir='ltr'><strong>tam</strong></span> <span class='ocrx_word' id='word_1_430' title='bbox 1099 3734 1417 3813; x_wconf 87' lang='lat' dir='ltr'><strong>expressis</strong></span> <span class='ocrx_word' id='word_1_431' title='bbox 1460 3733 1534 3793; x_wconf 92' lang='lat' dir='ltr'><strong>ab</strong></span> <span class='ocrx_word' id='word_1_432' title='bbox 1567 3732 1677 3794; x_wconf 89' lang='lat' dir='ltr'><strong>illo</strong></span> <span class='ocrx_word' id='word_1_433' title='bbox 1717 3730 2090 3791; x_wconf 86' lang='lat' dir='ltr'><strong>testimoniis</strong></span> <span class='ocrx_word' id='word_1_434' title='bbox 2118 3726 2590 3807; x_wconf 88' lang='lat' dir='ltr'><strong>approbantur;</strong></span> <span class='ocrx_word' id='word_1_435' title='bbox 2621 3740 2753 3801; x_wconf 71' lang='lat' dir='ltr'><strong>qua:</strong></span> <span class='ocrx_word' id='word_1_436' title='bbox 2779 3729 2984 3781; x_wconf 89' lang='lat' dir='ltr'><strong>autem</strong></span> <span class='ocrx_word' id='word_1_437' title='bbox 3012 3722 3093 3782; x_wconf 89' lang='lat' dir='ltr'><strong>iis</strong></span> <span class='ocrx_word' id='word_1_438' title='bbox 3124 3722 3223 3783; x_wconf 85' lang='lat' dir='ltr'><strong>illi</strong></span> <span class='ocrx_word' id='word_1_439' title='bbox 3251 3742 3400 3784; x_wconf 89' lang='lat' dir='ltr'><strong>con-</strong></span> 
     </span>
    </p>
   </div>
   <div class='ocr_carea' id='block_1_37' title="bbox 163 3819 3400 3919">
    <p class='ocr_par' dir='ltr' id='par_1_37' title="bbox 163 3819 3400 3919">
     <span class='ocr_line' id='line_1_37' title="bbox 163 3819 3400 3919; baseline -0.006 -18"><span class='ocrx_word' id='word_1_440' title='bbox 163 3844 382 3903; x_wconf 80' lang='lat' dir='ltr'><strong>traria</strong></span> <span class='ocrx_word' id='word_1_441' title='bbox 410 3838 771 3919; x_wconf 88' lang='lat' dir='ltr'><strong>defendunt,</strong></span> <span class='ocrx_word' id='word_1_442' title='bbox 804 3855 949 3897; x_wconf 89' lang='lat' dir='ltr'><strong>suos</strong></span> <span class='ocrx_word' id='word_1_443' title='bbox 980 3834 1061 3895; x_wconf 92' lang='lat' dir='ltr'><strong>ad</strong></span> <span class='ocrx_word' id='word_1_444' title='bbox 1100 3843 1411 3904; x_wconf 89' lang='lat' dir='ltr'><strong>auctores,</strong></span> <span class='ocrx_word' id='word_1_445' title='bbox 1445 3833 1557 3894; x_wconf 91' lang='lat' dir='ltr'><strong>hoc</strong></span> <span class='ocrx_word' id='word_1_446' title='bbox 1595 3839 1683 3891; x_wconf 88' lang='lat' dir='ltr'><strong>est</strong></span> <span class='ocrx_word' id='word_1_447' title='bbox 1714 3829 2037 3891; x_wconf 74' lang='lat' dir='ltr'><strong>hwreticos</strong></span> <span class='ocrx_word' id='word_1_448' title='bbox 2067 3831 2357 3886; x_wconf 89' lang='lat' dir='ltr'><strong>revocata</strong></span> <span class='ocrx_word' id='word_1_449' title='bbox 2384 3830 2644 3893; x_wconf 89' lang='lat' dir='ltr'><strong>veteres,</strong></span> <span class='ocrx_word' id='word_1_450' title='bbox 2681 3827 2805 3879; x_wconf 88' lang='lat' dir='ltr'><strong>tam</strong></span> <span class='ocrx_word' id='word_1_451' title='bbox 2844 3819 3126 3896; x_wconf 87' lang='lat' dir='ltr'><strong>graviter</strong></span> <span class='ocrx_word' id='word_1_452' title='bbox 3152 3838 3224 3879; x_wconf 91' lang='lat' dir='ltr'><strong>ac</strong></span> <span class='ocrx_word' id='word_1_453' title='bbox 3262 3839 3400 3880; x_wconf 90' lang='lat' dir='ltr'><strong>cre-</strong></span> 
     </span>
    </p>
   </div>
   <div class='ocr_carea' id='block_1_38' title="bbox 164 3922 3405 4017">
    <p class='ocr_par' dir='ltr' id='par_1_38' title="bbox 164 3922 3405 4017">
     <span class='ocr_line' id='line_1_38' title="bbox 164 3922 3405 4017; baseline -0.006 -16"><span class='ocrx_word' id='word_1_454' title='bbox 164 3942 282 4001; x_wconf 86' lang='lat' dir='ltr'><strong>bro</strong></span> <span class='ocrx_word' id='word_1_455' title='bbox 326 3940 731 4017; x_wconf 84' lang='lat' dir='ltr'><strong>refutantur;</strong></span> <span class='ocrx_word' id='word_1_456' title='bbox 777 3943 851 3996; x_wconf 92' lang='lat' dir='ltr'><strong>ut</strong></span> <span class='ocrx_word' id='word_1_457' title='bbox 892 3952 1067 4013; x_wconf 88' lang='lat' dir='ltr'><strong>quem</strong></span> <span class='ocrx_word' id='word_1_458' title='bbox 1115 3931 1317 3993; x_wconf 87' lang='lat' dir='ltr'><strong>adhuc</strong></span> <span class='ocrx_word' id='word_1_459' title='bbox 1349 3932 1651 4011; x_wconf 79' lang='lat' dir='ltr'><strong>falsitatis</strong></span> <span class='ocrx_word' id='word_1_460' title='bbox 1693 3930 1878 3991; x_wconf 86' lang='lat' dir='ltr'><strong>istius</strong></span> <span class='ocrx_word' id='word_1_461' title='bbox 1916 3945 2043 3986; x_wconf 88' lang='lat' dir='ltr'><strong>non</strong></span> <span class='ocrx_word' id='word_1_462' title='bbox 2079 3922 2333 4003; x_wconf 87' lang='lat' dir='ltr'><strong>pudeat,</strong></span> <span class='ocrx_word' id='word_1_463' title='bbox 2368 3939 2747 3983; x_wconf 91' lang='lat' dir='ltr'><strong>communem</strong></span> <span class='ocrx_word' id='word_1_464' title='bbox 2780 3931 2922 3981; x_wconf 89' lang='lat' dir='ltr'><strong>ante</strong></span> <span class='ocrx_word' id='word_1_465' title='bbox 2947 3938 3194 3979; x_wconf 88' lang='lat' dir='ltr'><strong>sensum</strong></span> <span class='ocrx_word' id='word_1_466' title='bbox 3222 3938 3405 3997; x_wconf 91' lang='lat' dir='ltr'><strong>quam</strong></span> 
     </span>
    </p>
   </div>
   <div class='ocr_carea' id='block_1_39' title="bbox 164 4032 1518 4113">
    <p class='ocr_par' dir='ltr' id='par_1_39' title="bbox 164 4032 1518 4113">
     <span class='ocr_line' id='line_1_39' title="bbox 164 4032 1518 4113; baseline -0.007 -11"><span class='ocrx_word' id='word_1_467' title='bbox 164 4040 539 4102; x_wconf 80' lang='lat' dir='ltr'><strong>modestiam</strong></span> <span class='ocrx_word' id='word_1_468' title='bbox 565 4034 1115 4113; x_wconf 85' lang='lat' dir='ltr'><strong>verecundiamque</strong></span> <span class='ocrx_word' id='word_1_469' title='bbox 1136 4032 1518 4113; x_wconf 89' lang='lat' dir='ltr'><strong>perdiderit.</strong></span> 
     </span>
    </p>
   </div>
   <div class='ocr_carea' id='block_1_40' title="bbox 248 4146 3406 4241">
    <p class='ocr_par' dir='ltr' id='par_1_40' title="bbox 248 4146 3406 4241">
     <span class='ocr_line' id='line_1_40' title="bbox 248 4146 3406 4241; baseline -0.007 -14"><span class='ocrx_word' id='word_1_470' title='bbox 248 4166 402 4227; x_wconf 66' lang='lat' dir='ltr'><strong>Haec</strong></span> <span class='ocrx_word' id='word_1_471' title='bbox 437 4164 509 4225; x_wconf 91' lang='lat' dir='ltr'><strong>de</strong></span> <span class='ocrx_word' id='word_1_472' title='bbox 536 4160 897 4241; x_wconf 88' lang='lat' dir='ltr'><strong>Epiphanio</strong></span> <span class='ocrx_word' id='word_1_473' title='bbox 931 4165 1149 4219; x_wconf 88' lang='lat' dir='ltr'><strong>nostro</strong></span> <span class='ocrx_word' id='word_1_474' title='bbox 1179 4156 1331 4217; x_wconf 89' lang='lat' dir='ltr'><strong>adeo</strong></span> <span class='ocrx_word' id='word_1_475' title='bbox 1361 4154 1682 4234; x_wconf 82' lang='lat' dir='ltr'><strong>magniﬁce</strong></span> <span class='ocrx_word' id='word_1_476' title='bbox 1722 4150 2165 4234; x_wconf 89' lang='lat' dir='ltr'><strong>splendideque</strong></span> <span class='ocrx_word' id='word_1_477' title='bbox 2186 4152 2432 4231; x_wconf 89' lang='lat' dir='ltr'><strong>jactata</strong></span> <span class='ocrx_word' id='word_1_478' title='bbox 2459 4164 2640 4227; x_wconf 89' lang='lat' dir='ltr'><strong>quam</strong></span> <span class='ocrx_word' id='word_1_479' title='bbox 2673 4164 2821 4207; x_wconf 91' lang='lat' dir='ltr'><strong>vera</strong></span> <span class='ocrx_word' id='word_1_480' title='bbox 2850 4147 3002 4217; x_wconf 88' lang='lat' dir='ltr'><strong>sint,</strong></span> <span class='ocrx_word' id='word_1_481' title='bbox 3034 4146 3297 4223; x_wconf 90' lang='lat' dir='ltr'><strong>planum</strong></span> <span class='ocrx_word' id='word_1_482' title='bbox 3337 4148 3406 4207; x_wconf 91' lang='lat' dir='ltr'><strong>in</strong></span> 
     </span>
    </p>
   </div>
   <div class='ocr_carea' id='block_1_41' title="bbox 164 4243 3406 4342">
    <p class='ocr_par' dir='ltr' id='par_1_41' title="bbox 164 4243 3406 4342">
     <span class='ocr_line' id='line_1_41' title="bbox 164 4243 3406 4342; baseline -0.007 -17"><span class='ocrx_word' id='word_1_483' title='bbox 164 4265 447 4342; x_wconf 88' lang='lat' dir='ltr'><strong>singulis</strong></span> <span class='ocrx_word' id='word_1_484' title='bbox 479 4262 979 4323; x_wconf 87' lang='lat' dir='ltr'><strong>Lutheranorum</strong></span> <span class='ocrx_word' id='word_1_485' title='bbox 1009 4265 1066 4316; x_wconf 87' lang='lat' dir='ltr'><strong>et</strong></span> <span class='ocrx_word' id='word_1_486' title='bbox 1102 4256 1589 4317; x_wconf 86' lang='lat' dir='ltr'><strong>Calvinistarum</strong></span> <span class='ocrx_word' id='word_1_487' title='bbox 1620 4250 1942 4311; x_wconf 87' lang='lat' dir='ltr'><strong>erroribus</strong></span> <span class='ocrx_word' id='word_1_488' title='bbox 1970 4251 2259 4327; x_wconf 86' lang='lat' dir='ltr'><strong>facerem,</strong></span> <span class='ocrx_word' id='word_1_489' title='bbox 2300 4248 2355 4307; x_wconf 88' lang='lat' dir='ltr'><strong>si</strong></span> <span class='ocrx_word' id='word_1_490' title='bbox 2392 4243 2457 4306; x_wconf 87' lang='lat' dir='ltr'><strong>id</strong></span> <span class='ocrx_word' id='word_1_491' title='bbox 2486 4252 2597 4306; x_wconf 89' lang='lat' dir='ltr'><strong>aut</strong></span> <span class='ocrx_word' id='word_1_492' title='bbox 2628 4244 2907 4323; x_wconf 72' lang='lat' dir='ltr'><strong>epistola:</strong></span> <span class='ocrx_word' id='word_1_493' title='bbox 2936 4245 3209 4305; x_wconf 86' lang='lat' dir='ltr'><strong>brevitas</strong></span> <span class='ocrx_word' id='word_1_494' title='bbox 3235 4246 3406 4305; x_wconf 90' lang='lat' dir='ltr'><strong>sine-</strong></span> 
     </span>
    </p>
   </div>
   <div class='ocr_carea' id='block_1_42' title="bbox 164 4342 3407 4440">
    <p class='ocr_par' dir='ltr' id='par_1_42' title="bbox 164 4342 3407 4440">
     <span class='ocr_line' id='line_1_42' title="bbox 164 4342 3407 4440; baseline -0.007 -13"><span class='ocrx_word' id='word_1_495' title='bbox 164 4377 292 4440; x_wconf 90' lang='lat' dir='ltr'><strong>ret,</strong></span> <span class='ocrx_word' id='word_1_496' title='bbox 323 4374 436 4424; x_wconf 90' lang='lat' dir='ltr'><strong>aut</strong></span> <span class='ocrx_word' id='word_1_497' title='bbox 467 4362 683 4431; x_wconf 89' lang='lat' dir='ltr'><strong>alium,</strong></span> <span class='ocrx_word' id='word_1_498' title='bbox 724 4377 905 4439; x_wconf 90' lang='lat' dir='ltr'><strong>quam</strong></span> <span class='ocrx_word' id='word_1_499' title='bbox 946 4368 1025 4431; x_wconf 92' lang='lat' dir='ltr'><strong>te,</strong></span> <span class='ocrx_word' id='word_1_500' title='bbox 1073 4356 1416 4419; x_wconf 90' lang='lat' dir='ltr'><strong>cardinalis</strong></span> <span class='ocrx_word' id='word_1_501' title='bbox 1457 4354 1722 4426; x_wconf 85' lang='lat' dir='ltr'><strong>illustr.,</strong></span> <span class='ocrx_word' id='word_1_502' title='bbox 1765 4354 1968 4413; x_wconf 88' lang='lat' dir='ltr'><strong>oratio</strong></span> <span class='ocrx_word' id='word_1_503' title='bbox 2000 4352 2123 4412; x_wconf 69' lang='lat' dir='ltr'><strong>hac</strong></span> <span class='ocrx_word' id='word_1_504' title='bbox 2165 4368 2204 4407; x_wconf 89' lang='lat' dir='ltr'><strong>a</strong></span> <span class='ocrx_word' id='word_1_505' title='bbox 2246 4346 2427 4408; x_wconf 85' lang='lat' dir='ltr'><strong>nobis</strong></span> <span class='ocrx_word' id='word_1_506' title='bbox 2458 4346 2758 4406; x_wconf 87' lang='lat' dir='ltr'><strong>instituta</strong></span> <span class='ocrx_word' id='word_1_507' title='bbox 2785 4345 3148 4421; x_wconf 87' lang='lat' dir='ltr'><strong>respiceret.</strong></span> <span class='ocrx_word' id='word_1_508' title='bbox 3186 4342 3307 4404; x_wconf 89' lang='lat' dir='ltr'><strong>Sed</strong></span> <span class='ocrx_word' id='word_1_509' title='bbox 3338 4344 3407 4405; x_wconf 88' lang='lat' dir='ltr'><strong>id</strong></span> 
     </span>
    </p>
   </div>
   <div class='ocr_carea' id='block_1_43' title="bbox 163 4445 3433 4545">
    <p class='ocr_par' dir='ltr' id='par_1_43' title="bbox 163 4445 3433 4545">
     <span class='ocr_line' id='line_1_43' title="bbox 163 4445 3433 4545; baseline -0.007 -16"><span class='ocrx_word' id='word_1_510' title='bbox 163 4478 281 4529; x_wconf 89' lang='lat' dir='ltr'><strong>aut</strong></span> <span class='ocrx_word' id='word_1_511' title='bbox 308 4466 437 4527; x_wconf 84' lang='lat' dir='ltr'><strong>alio</strong></span> <span class='ocrx_word' id='word_1_512' title='bbox 458 4467 725 4545; x_wconf 77' lang='lat' dir='ltr'><strong>fortasse</strong></span> <span class='ocrx_word' id='word_1_513' title='bbox 757 4461 891 4521; x_wconf 93' lang='lat' dir='ltr'><strong>loco</strong></span> <span class='ocrx_word' id='word_1_514' title='bbox 915 4459 1388 4540; x_wconf 76' lang='lat' dir='ltr'><strong>prwstabimus,</strong></span> <span class='ocrx_word' id='word_1_515' title='bbox 1425 4464 1534 4516; x_wconf 90' lang='lat' dir='ltr'><strong>aut</strong></span> <span class='ocrx_word' id='word_1_516' title='bbox 1560 4456 1640 4517; x_wconf 91' lang='lat' dir='ltr'><strong>ad</strong></span> <span class='ocrx_word' id='word_1_517' title='bbox 1670 4466 1871 4517; x_wconf 89' lang='lat' dir='ltr'><strong>certos</strong></span> <span class='ocrx_word' id='word_1_518' title='bbox 1904 4452 2224 4516; x_wconf 88' lang='lat' dir='ltr'><strong>hodiernis</strong></span> <span class='ocrx_word' id='word_1_519' title='bbox 2249 4470 2277 4510; x_wconf 92' lang='lat' dir='ltr'><strong>e</strong></span> <span class='ocrx_word' id='word_1_520' title='bbox 2309 4445 2730 4527; x_wconf 86' lang='lat' dir='ltr'><strong>scriptoribus</strong></span> <span class='ocrx_word' id='word_1_521' title='bbox 2758 4446 3164 4515; x_wconf 79' lang='lat' dir='ltr'><strong>remittemus,</strong></span> <span class='ocrx_word' id='word_1_522' title='bbox 3197 4446 3305 4522; x_wconf 88' lang='lat' dir='ltr'><strong>qui</strong></span> <span class='ocrx_word' id='word_1_523' title='bbox 3334 4447 3433 4507; x_wconf 87' lang='lat' dir='ltr'><strong>in.</strong></span> 
     </span>
    </p>
   </div>
   <div class='ocr_carea' id='block_1_44' title="bbox 166 4545 3398 4650">
    <p class='ocr_par' dir='ltr' id='par_1_44' title="bbox 166 4545 3398 4650">
     <span class='ocr_line' id='line_1_44' title="bbox 166 4545 3398 4650; baseline -0.009 -17"><span class='ocrx_word' id='word_1_524' title='bbox 166 4593 307 4633; x_wconf 89' lang='lat' dir='ltr'><strong>eam</strong></span> <span class='ocrx_word' id='word_1_525' title='bbox 329 4579 577 4650; x_wconf 82' lang='lat' dir='ltr'><strong>partem</strong></span> <span class='ocrx_word' id='word_1_526' title='bbox 608 4566 886 4627; x_wconf 86' lang='lat' dir='ltr'><strong>studiose</strong></span> <span class='ocrx_word' id='word_1_527' title='bbox 912 4584 983 4625; x_wconf 90' lang='lat' dir='ltr'><strong>ac</strong></span> <span class='ocrx_word' id='word_1_528' title='bbox 1015 4584 1160 4624; x_wconf 91' lang='lat' dir='ltr'><strong>sane</strong></span> <span class='ocrx_word' id='word_1_529' title='bbox 1178 4563 1426 4624; x_wconf 87' lang='lat' dir='ltr'><strong>utiliter</strong></span> <span class='ocrx_word' id='word_1_530' title='bbox 1458 4560 1899 4621; x_wconf 89' lang='lat' dir='ltr'><strong>incubuerunt.</strong></span> <span class='ocrx_word' id='word_1_531' title='bbox 1937 4555 2076 4617; x_wconf 90' lang='lat' dir='ltr'><strong>Tibi</strong></span> <span class='ocrx_word' id='word_1_532' title='bbox 2109 4572 2255 4614; x_wconf 90' lang='lat' dir='ltr'><strong>vero</strong></span> <span class='ocrx_word' id='word_1_533' title='bbox 2286 4559 2435 4612; x_wconf 91' lang='lat' dir='ltr'><strong>nota</strong></span> <span class='ocrx_word' id='word_1_534' title='bbox 2462 4549 2661 4639; x_wconf 8' lang='lat' dir='ltr'><strong>magis,</strong></span> <span class='ocrx_word' id='word_1_535' title='bbox 2686 4545 2801 4607; x_wconf 89' lang='lat' dir='ltr'><strong>illa</strong></span> <span class='ocrx_word' id='word_1_536' title='bbox 2836 4564 3017 4625; x_wconf 90' lang='lat' dir='ltr'><strong>quam</strong></span> <span class='ocrx_word' id='word_1_537' title='bbox 3045 4545 3199 4605; x_wconf 84' lang='lat' dir='ltr'><strong>mihi</strong></span> <span class='ocrx_word' id='word_1_538' title='bbox 3225 4555 3398 4616; x_wconf 82' lang='lat' dir='ltr'><strong>sunt,</strong></span> 
     </span>
    </p>
   </div>
   <div class='ocr_carea' id='block_1_45' title="bbox 166 4645 3405 4753">
    <p class='ocr_par' dir='ltr' id='par_1_45' title="bbox 166 4645 3405 4753">
     <span class='ocr_line' id='line_1_45' title="bbox 166 4645 3405 4753; baseline -0.01 -19"><span class='ocrx_word' id='word_1_539' title='bbox 166 4672 281 4753; x_wconf 85' lang='lat' dir='ltr'><strong>qui</strong></span> <span class='ocrx_word' id='word_1_540' title='bbox 329 4645 604 4748; x_wconf 71' lang='lat' dir='ltr'><strong>quantus</strong></span> <span class='ocrx_word' id='word_1_541' title='bbox 646 4666 748 4725; x_wconf 87' lang='lat' dir='ltr'><strong>vir</strong></span> <span class='ocrx_word' id='word_1_542' title='bbox 788 4662 1191 4741; x_wconf 86' lang='lat' dir='ltr'><strong>Epiphanius</strong></span> <span class='ocrx_word' id='word_1_543' title='bbox 1232 4659 1452 4740; x_wconf 89' lang='lat' dir='ltr'><strong>fuerit,</strong></span> <span class='ocrx_word' id='word_1_544' title='bbox 1498 4663 1912 4734; x_wconf 89' lang='lat' dir='ltr'><strong>quantumque</strong></span> <span class='ocrx_word' id='word_1_545' title='bbox 1956 4650 2202 4712; x_wconf 87' lang='lat' dir='ltr'><strong>Panarii</strong></span> <span class='ocrx_word' id='word_1_546' title='bbox 2248 4648 2434 4708; x_wconf 88' lang='lat' dir='ltr'><strong>istius</strong></span> <span class='ocrx_word' id='word_1_547' title='bbox 2479 4654 2853 4704; x_wconf 89' lang='lat' dir='ltr'><strong>momentum</strong></span> <span class='ocrx_word' id='word_1_548' title='bbox 2895 4646 3001 4717; x_wconf 91' lang='lat' dir='ltr'><strong>sit,</strong></span> <span class='ocrx_word' id='word_1_549' title='bbox 3039 4663 3169 4704; x_wconf 90' lang='lat' dir='ltr'><strong>non</strong></span> <span class='ocrx_word' id='word_1_550' title='bbox 3196 4645 3405 4705; x_wconf 89' lang='lat' dir='ltr'><strong>aliena</strong></span> 
     </span>
    </p>
   </div>
   <div class='ocr_carea' id='block_1_46' title="bbox 167 4739 3402 4837">
    <p class='ocr_par' dir='ltr' id='par_1_46' title="bbox 167 4739 3402 4837">
     <span class='ocr_line' id='line_1_46' title="bbox 167 4739 3402 4837; baseline -0.01 -4"><span class='ocrx_word' id='word_1_551' title='bbox 167 4739 726 4837; x_wconf 71' lang='lat' dir='ltr'><strong>commendatione,</strong></span> <span class='ocrx_word' id='word_1_552' title='bbox 760 4739 868 4823; x_wconf 88' lang='lat' dir='ltr'><strong>sed</strong></span> <span class='ocrx_word' id='word_1_553' title='bbox 904 4739 1111 4820; x_wconf 80' lang='lat' dir='ltr'><strong>studio</strong></span> <span class='ocrx_word' id='word_1_554' title='bbox 1150 4759 1283 4836; x_wconf 83' lang='lat' dir='ltr'><strong>ipse</strong></span> <span class='ocrx_word' id='word_1_555' title='bbox 1330 4764 1437 4815; x_wconf 88' lang='lat' dir='ltr'><strong>tuo</strong></span> <span class='ocrx_word' id='word_1_556' title='bbox 1475 4750 1988 4832; x_wconf 81' lang='lat' dir='ltr'><strong>experientiaque</strong></span> <span class='ocrx_word' id='word_1_557' title='bbox 2035 4745 2339 4807; x_wconf 89' lang='lat' dir='ltr'><strong>didicisti.</strong></span> <span class='ocrx_word' id='word_1_558' title='bbox 2392 4742 2479 4801; x_wconf 86' lang='lat' dir='ltr'><strong>Ac</strong></span> <span class='ocrx_word' id='word_1_559' title='bbox 2523 4739 2829 4820; x_wconf 90' lang='lat' dir='ltr'><strong>quidquid</strong></span> <span class='ocrx_word' id='word_1_560' title='bbox 2872 4743 3170 4804; x_wconf 88' lang='lat' dir='ltr'><strong>hactenus</strong></span> <span class='ocrx_word' id='word_1_561' title='bbox 3200 4744 3297 4801; x_wconf 89' lang='lat' dir='ltr'><strong>vel</strong></span> <span class='ocrx_word' id='word_1_562' title='bbox 3328 4741 3402 4801; x_wconf 86' lang='lat' dir='ltr'><strong>de</strong></span> 
     </span>
    </p>
   </div>
   <div class='ocr_carea' id='block_1_47' title="bbox 164 4842 3406 4952">
    <p class='ocr_par' dir='ltr' id='par_1_47' title="bbox 164 4842 3406 4952">
     <span class='ocr_line' id='line_1_47' title="bbox 164 4842 3406 4952; baseline -0.012 -14"><span class='ocrx_word' id='word_1_563' title='bbox 164 4876 459 4938; x_wconf 88' lang='lat' dir='ltr'><strong>auctoris</strong></span> <span class='ocrx_word' id='word_1_564' title='bbox 489 4874 677 4952; x_wconf 85' lang='lat' dir='ltr'><strong>hujus</strong></span> <span class='ocrx_word' id='word_1_565' title='bbox 712 4868 1105 4949; x_wconf 78' lang='lat' dir='ltr'><strong>praestantia,</strong></span> <span class='ocrx_word' id='word_1_566' title='bbox 1140 4864 1234 4925; x_wconf 91' lang='lat' dir='ltr'><strong>vel</strong></span> <span class='ocrx_word' id='word_1_567' title='bbox 1274 4861 1346 4922; x_wconf 90' lang='lat' dir='ltr'><strong>de</strong></span> <span class='ocrx_word' id='word_1_568' title='bbox 1386 4862 1698 4923; x_wconf 61' lang='lat' dir='ltr'><strong>haereseon</strong></span> <span class='ocrx_word' id='word_1_569' title='bbox 1729 4851 2303 4933; x_wconf 75' lang='lat' dir='ltr'><strong>labefactandarum</strong></span> <span class='ocrx_word' id='word_1_570' title='bbox 2343 4848 2591 4907; x_wconf 90' lang='lat' dir='ltr'><strong>ratione</strong></span> <span class='ocrx_word' id='word_1_571' title='bbox 2621 4842 2813 4924; x_wconf 91' lang='lat' dir='ltr'><strong>paulo</strong></span> <span class='ocrx_word' id='word_1_572' title='bbox 2844 4842 3165 4903; x_wconf 90' lang='lat' dir='ltr'><strong>verbosius</strong></span> <span class='ocrx_word' id='word_1_573' title='bbox 3206 4844 3406 4921; x_wconf 87' lang='lat' dir='ltr'><strong>expli-</strong></span> 
     </span>
    </p>
   </div>
   <div class='ocr_carea' id='block_1_48' title="bbox 166 4944 3401 5048">
    <p class='ocr_par' dir='ltr' id='par_1_48' title="bbox 166 4944 3401 5048">
     <span class='ocr_line' id='line_1_48' title="bbox 166 4944 3401 5048; baseline -0.012 -9"><span class='ocrx_word' id='word_1_574' title='bbox 166 4979 334 5048; x_wconf 88' lang='lat' dir='ltr'><strong>cavi,</strong></span> <span class='ocrx_word' id='word_1_575' title='bbox 366 4944 589 5035; x_wconf 83' lang='lat' dir='ltr'><strong>nonid</strong></span> <span class='ocrx_word' id='word_1_576' title='bbox 615 4944 733 5033; x_wconf 76' lang='lat' dir='ltr'><strong>tud</strong></span> <span class='ocrx_word' id='word_1_577' title='bbox 752 4986 963 5037; x_wconf 87' lang='lat' dir='ltr'><strong>causa,</strong></span> <span class='ocrx_word' id='word_1_578' title='bbox 997 4980 1188 5041; x_wconf 88' lang='lat' dir='ltr'><strong>neque</strong></span> <span class='ocrx_word' id='word_1_579' title='bbox 1223 4969 1294 5021; x_wconf 92' lang='lat' dir='ltr'><strong>ut</strong></span> <span class='ocrx_word' id='word_1_580' title='bbox 1329 4958 1494 5039; x_wconf 90' lang='lat' dir='ltr'><strong>quod</strong></span> <span class='ocrx_word' id='word_1_581' title='bbox 1535 4957 1642 5018; x_wconf 90' lang='lat' dir='ltr'><strong>abs</strong></span> <span class='ocrx_word' id='word_1_582' title='bbox 1672 4966 1728 5017; x_wconf 93' lang='lat' dir='ltr'><strong>te</strong></span> <span class='ocrx_word' id='word_1_583' title='bbox 1758 4953 1995 5015; x_wconf 87' lang='lat' dir='ltr'><strong>discere</strong></span> <span class='ocrx_word' id='word_1_584' title='bbox 2024 4951 2237 5023; x_wconf 89' lang='lat' dir='ltr'><strong>debeo,</strong></span> <span class='ocrx_word' id='word_1_585' title='bbox 2264 4950 2378 5029; x_wconf 76' lang='lat' dir='ltr'><strong>hoc</strong></span> <span class='ocrx_word' id='word_1_586' title='bbox 2411 4957 2466 5008; x_wconf 95' lang='lat' dir='ltr'><strong>te</strong></span> <span class='ocrx_word' id='word_1_587' title='bbox 2498 4948 2630 5025; x_wconf 88' lang='lat' dir='ltr'><strong>ipse</strong></span> <span class='ocrx_word' id='word_1_588' title='bbox 2667 4944 2970 5014; x_wconf 87' lang='lat' dir='ltr'><strong>docerem,</strong></span> <span class='ocrx_word' id='word_1_589' title='bbox 3005 4950 3401 5020; x_wconf 89' lang='lat' dir='ltr'><strong>pertractare</strong></span> 
     </span>
    </p>
   </div>
   <div class='ocr_carea' id='block_1_49' title="bbox 163 5042 3403 5143">
    <p class='ocr_par' dir='ltr' id='par_1_49' title="bbox 163 5042 3403 5143">
     <span class='ocr_line' id='line_1_49' title="bbox 163 5042 3403 5143; baseline -0.014 0"><span class='ocrx_word' id='word_1_590' title='bbox 163 5082 346 5143; x_wconf 88' lang='lat' dir='ltr'><strong>volui</strong></span> <span class='ocrx_word' id='word_1_591' title='bbox 377 5100 399 5139; x_wconf 94' lang='lat'><strong><em>:</em></strong></span> <span class='ocrx_word' id='word_1_592' title='bbox 443 5076 552 5137; x_wconf 87' lang='lat' dir='ltr'><strong>sed</strong></span> <span class='ocrx_word' id='word_1_593' title='bbox 593 5086 666 5136; x_wconf 89' lang='lat' dir='ltr'><strong>ut</strong></span> <span class='ocrx_word' id='word_1_594' title='bbox 716 5072 1051 5136; x_wconf 88' lang='lat' dir='ltr'><strong>consilium</strong></span> <span class='ocrx_word' id='word_1_595' title='bbox 1093 5066 1165 5127; x_wconf 88' lang='lat' dir='ltr'><strong>de</strong></span> <span class='ocrx_word' id='word_1_596' title='bbox 1210 5067 1323 5128; x_wconf 90' lang='lat' dir='ltr'><strong>hac</strong></span> <span class='ocrx_word' id='word_1_597' title='bbox 1357 5062 1629 5125; x_wconf 89' lang='lat' dir='ltr'><strong>editione</strong></span> <span class='ocrx_word' id='word_1_598' title='bbox 1658 5078 1855 5120; x_wconf 91' lang='lat' dir='ltr'><strong>meum</strong></span> <span class='ocrx_word' id='word_1_599' title='bbox 1884 5056 2241 5136; x_wconf 84' lang='lat' dir='ltr'><strong>expositum</strong></span> <span class='ocrx_word' id='word_1_600' title='bbox 2274 5051 2412 5125; x_wconf 89' lang='lat' dir='ltr'><strong>tibi,</strong></span> <span class='ocrx_word' id='word_1_601' title='bbox 2448 5070 2486 5109; x_wconf 91' lang='lat' dir='ltr'><strong>a</strong></span> <span class='ocrx_word' id='word_1_602' title='bbox 2517 5059 2692 5127; x_wconf 90' lang='lat' dir='ltr'><strong>teque</strong></span> <span class='ocrx_word' id='word_1_603' title='bbox 2717 5042 3081 5124; x_wconf 91' lang='lat' dir='ltr'><strong>probatum,</strong></span> <span class='ocrx_word' id='word_1_604' title='bbox 3120 5052 3403 5100; x_wconf 88' lang='lat' dir='ltr'><strong>manaret</strong></span> 
     </span>
    </p>
   </div>
   <div class='ocr_carea' id='block_1_50' title="bbox 166 5141 3401 5255">
    <p class='ocr_par' dir='ltr' id='par_1_50' title="bbox 166 5141 3401 5255">
     <span class='ocr_line' id='line_1_50' title="bbox 166 5141 3401 5255; baseline -0.013 -11"><span class='ocrx_word' id='word_1_605' title='bbox 166 5141 261 5244; x_wconf 85' lang='lat' dir='ltr'><strong>ad</strong></span> <span class='ocrx_word' id='word_1_606' title='bbox 294 5192 574 5249; x_wconf 70' lang='lat' dir='ltr'><strong>caeteros,</strong></span> <span class='ocrx_word' id='word_1_607' title='bbox 618 5186 841 5255; x_wconf 86' lang='lat' dir='ltr'><strong>tuoque</strong></span> <span class='ocrx_word' id='word_1_608' title='bbox 881 5191 943 5233; x_wconf 89' lang='lat' dir='ltr'><strong>se</strong></span> <span class='ocrx_word' id='word_1_609' title='bbox 966 5168 1214 5253; x_wconf 87' lang='lat' dir='ltr'><strong>judicio</strong></span> <span class='ocrx_word' id='word_1_610' title='bbox 1247 5176 1306 5228; x_wconf 89' lang='lat' dir='ltr'><strong>et</strong></span> <span class='ocrx_word' id='word_1_611' title='bbox 1334 5166 1712 5226; x_wconf 86' lang='lat' dir='ltr'><strong>auctoritate</strong></span> <span class='ocrx_word' id='word_1_612' title='bbox 1745 5157 2123 5242; x_wconf 90' lang='lat' dir='ltr'><strong>defenderet.</strong></span> <span class='ocrx_word' id='word_1_613' title='bbox 2157 5154 2355 5230; x_wconf 91' lang='lat' dir='ltr'><strong>Quam</strong></span> <span class='ocrx_word' id='word_1_614' title='bbox 2396 5170 2503 5231; x_wconf 89' lang='lat' dir='ltr'><strong>ego</strong></span> <span class='ocrx_word' id='word_1_615' title='bbox 2537 5144 3023 5228; x_wconf 74' lang='lat' dir='ltr'><strong>prwrogativam</strong></span> <span class='ocrx_word' id='word_1_616' title='bbox 3055 5141 3401 5253; x_wconf 81' lang='lat' dir='ltr'><strong>voluntatis</strong></span> 
     </span>
    </p>
   </div>
   <div class='ocr_carea' id='block_1_51' title="bbox 165 5250 3405 5357">
    <p class='ocr_par' dir='ltr' id='par_1_51' title="bbox 165 5250 3405 5357">
     <span class='ocr_line' id='line_1_51' title="bbox 165 5250 3405 5357; baseline -0.014 -13"><span class='ocrx_word' id='word_1_617' title='bbox 165 5250 855 5357; x_wconf 88' lang='lat' dir='ltr'><strong>humanitatisque</strong></span> <span class='ocrx_word' id='word_1_618' title='bbox 882 5250 1188 5353; x_wconf 82' lang='lat' dir='ltr'><strong>dignitate</strong></span> <span class='ocrx_word' id='word_1_619' title='bbox 1218 5270 1359 5347; x_wconf 87' lang='lat' dir='ltr'><strong>ipsa</strong></span> <span class='ocrx_word' id='word_1_620' title='bbox 1391 5266 1669 5326; x_wconf 88' lang='lat' dir='ltr'><strong>muneris</strong></span> <span class='ocrx_word' id='word_1_621' title='bbox 1716 5281 1788 5322; x_wconf 90' lang='lat' dir='ltr'><strong>ac</strong></span> <span class='ocrx_word' id='word_1_622' title='bbox 1830 5260 2034 5340; x_wconf 91' lang='lat' dir='ltr'><strong>pretio</strong></span> <span class='ocrx_word' id='word_1_623' title='bbox 2067 5259 2405 5334; x_wconf 85' lang='lat' dir='ltr'><strong>impetrare</strong></span> <span class='ocrx_word' id='word_1_624' title='bbox 2453 5251 2672 5323; x_wconf 90' lang='lat' dir='ltr'><strong>malui,</strong></span> <span class='ocrx_word' id='word_1_625' title='bbox 2720 5264 2922 5326; x_wconf 88' lang='lat' dir='ltr'><strong>quam,</strong></span> <span class='ocrx_word' id='word_1_626' title='bbox 2976 5260 3108 5321; x_wconf 72' lang='lat' dir='ltr'><strong>qua:</strong></span> <span class='ocrx_word' id='word_1_627' title='bbox 3150 5250 3405 5357; x_wconf 52' lang='lat' dir='ltr'><strong>tritanet</strong></span> 
     </span>
    </p>
   </div>
   <div class='ocr_carea' id='block_1_52' title="bbox 162 5344 3408 5463">
    <p class='ocr_par' dir='ltr' id='par_1_52' title="bbox 162 5344 3408 5463">
     <span class='ocr_line' id='line_1_52' title="bbox 162 5344 3408 5463; baseline -0.013 -19"><span class='ocrx_word' id='word_1_628' title='bbox 162 5391 521 5463; x_wconf 84' lang='lat' dir='ltr'><strong>pervagata</strong></span> <span class='ocrx_word' id='word_1_629' title='bbox 542 5344 997 5457; x_wconf 71' lang='lat' dir='ltr'><strong>Praefationum</strong></span> <span class='ocrx_word' id='word_1_630' title='bbox 1016 5389 1185 5451; x_wconf 89' lang='lat' dir='ltr'><strong>seges</strong></span> <span class='ocrx_word' id='word_1_631' title='bbox 1218 5376 1330 5438; x_wconf 89' lang='lat' dir='ltr'><strong>est,</strong></span> <span class='ocrx_word' id='word_1_632' title='bbox 1357 5364 1660 5426; x_wconf 89' lang='lat' dir='ltr'><strong>ornandis</strong></span> <span class='ocrx_word' id='word_1_633' title='bbox 1690 5363 1816 5424; x_wconf 87' lang='lat' dir='ltr'><strong>tuis</strong></span> <span class='ocrx_word' id='word_1_634' title='bbox 1856 5357 2147 5421; x_wconf 90' lang='lat' dir='ltr'><strong>laudibus</strong></span> <span class='ocrx_word' id='word_1_635' title='bbox 2175 5375 2246 5417; x_wconf 90' lang='lat' dir='ltr'><strong>ac</strong></span> <span class='ocrx_word' id='word_1_636' title='bbox 2278 5355 2587 5416; x_wconf 85' lang='lat' dir='ltr'><strong>virtutum</strong></span> <span class='ocrx_word' id='word_1_637' title='bbox 2609 5359 2860 5410; x_wconf 87' lang='lat' dir='ltr'><strong>tuarum</strong></span> <span class='ocrx_word' id='word_1_638' title='bbox 2877 5344 3211 5463; x_wconf 65' lang='lat' dir='ltr'><strong>praeconia</strong></span> <span class='ocrx_word' id='word_1_639' title='bbox 3232 5344 3408 5403; x_wconf 87' lang='lat' dir='ltr'><strong>colli-</strong></span> 
     </span>
    </p>
   </div>
   <div class='ocr_carea' id='block_1_53' title="bbox 164 5443 3407 5561">
    <p class='ocr_par' dir='ltr' id='par_1_53' title="bbox 164 5443 3407 5561">
     <span class='ocr_line' id='line_1_53' title="bbox 164 5443 3407 5561; baseline -0.012 -19"><span class='ocrx_word' id='word_1_640' title='bbox 164 5443 336 5561; x_wconf 60' lang='lat' dir='ltr'><strong>gere.</strong></span> <span class='ocrx_word' id='word_1_641' title='bbox 370 5443 534 5543; x_wconf 38' lang='lat' dir='ltr'><strong>‘lVam</strong></span> <span class='ocrx_word' id='word_1_642' title='bbox 566 5443 738 5556; x_wconf 67' lang='lat' dir='ltr'><strong>apud</strong></span> <span class='ocrx_word' id='word_1_643' title='bbox 763 5484 817 5535; x_wconf 89' lang='lat' dir='ltr'><strong>te</strong></span> <span class='ocrx_word' id='word_1_644' title='bbox 854 5474 925 5534; x_wconf 90' lang='lat' dir='ltr'><strong>de</strong></span> <span class='ocrx_word' id='word_1_645' title='bbox 957 5482 1012 5534; x_wconf 88' lang='lat' dir='ltr'><strong>te</strong></span> <span class='ocrx_word' id='word_1_646' title='bbox 1039 5443 1110 5533; x_wconf 73' lang='lat' dir='ltr'><strong>ut</strong></span> <span class='ocrx_word' id='word_1_647' title='bbox 1140 5468 1328 5530; x_wconf 89' lang='lat' dir='ltr'><strong>verba</strong></span> <span class='ocrx_word' id='word_1_648' title='bbox 1352 5466 1602 5546; x_wconf 88' lang='lat' dir='ltr'><strong>faciam,</strong></span> <span class='ocrx_word' id='word_1_649' title='bbox 1637 5461 2005 5541; x_wconf 88' lang='lat' dir='ltr'><strong>singularis,</strong></span> <span class='ocrx_word' id='word_1_650' title='bbox 2036 5476 2170 5537; x_wconf 72' lang='lat' dir='ltr'><strong>quae</strong></span> <span class='ocrx_word' id='word_1_651' title='bbox 2208 5458 2278 5517; x_wconf 89' lang='lat' dir='ltr'><strong>in</strong></span> <span class='ocrx_word' id='word_1_652' title='bbox 2308 5465 2365 5516; x_wconf 90' lang='lat' dir='ltr'><strong>te</strong></span> <span class='ocrx_word' id='word_1_653' title='bbox 2395 5462 2504 5526; x_wconf 86' lang='lat' dir='ltr'><strong>est,</strong></span> <span class='ocrx_word' id='word_1_654' title='bbox 2539 5452 2818 5531; x_wconf 87' lang='lat' dir='ltr'><strong>gravitas</strong></span> <span class='ocrx_word' id='word_1_655' title='bbox 2848 5467 2920 5508; x_wconf 90' lang='lat' dir='ltr'><strong>ac</strong></span> <span class='ocrx_word' id='word_1_656' title='bbox 2950 5443 3252 5561; x_wconf 69' lang='lat' dir='ltr'><strong>modestia</strong></span> <span class='ocrx_word' id='word_1_657' title='bbox 3279 5462 3407 5504; x_wconf 87' lang='lat' dir='ltr'><strong>non</strong></span> 
     </span>
    </p>
   </div>
   <div class='ocr_carea' id='block_1_54' title="bbox 166 5546 3402 5659">
    <p class='ocr_par' dir='ltr' id='par_1_54' title="bbox 166 5546 3402 5659">
     <span class='ocr_line' id='line_1_54' title="bbox 166 5546 3402 5659; baseline -0.01 -17"><span class='ocrx_word' id='word_1_658' title='bbox 166 5546 444 5659; x_wconf 59' lang='lat' dir='ltr'><strong>patitur.</strong></span> <span class='ocrx_word' id='word_1_659' title='bbox 491 5562 700 5658; x_wconf 75' lang='lat' dir='ltr'><strong>Neque</strong></span> <span class='ocrx_word' id='word_1_660' title='bbox 737 5586 792 5638; x_wconf 86' lang='lat' dir='ltr'><strong>te</strong></span> <span class='ocrx_word' id='word_1_661' title='bbox 828 5570 1280 5636; x_wconf 85' lang='lat' dir='ltr'><strong>ambitiuncula</strong></span> <span class='ocrx_word' id='word_1_662' title='bbox 1322 5570 1466 5643; x_wconf 90' lang='lat' dir='ltr'><strong>ista,</strong></span> <span class='ocrx_word' id='word_1_663' title='bbox 1500 5575 1581 5642; x_wconf 90' lang='lat' dir='ltr'><strong>et,</strong></span> <span class='ocrx_word' id='word_1_664' title='bbox 1625 5563 1789 5645; x_wconf 89' lang='lat' dir='ltr'><strong>quod</strong></span> <span class='ocrx_word' id='word_1_665' title='bbox 1821 5581 1946 5625; x_wconf 87' lang='lat' dir='ltr'><strong>esse</strong></span> <span class='ocrx_word' id='word_1_666' title='bbox 1956 5558 2495 5642; x_wconf 86' lang='lat' dir='ltr'><strong>jucundissimum</strong></span> <span class='ocrx_word' id='word_1_667' title='bbox 2527 5555 2799 5615; x_wconf 88' lang='lat' dir='ltr'><strong>omnium</strong></span> <span class='ocrx_word' id='word_1_668' title='bbox 2822 5567 3113 5613; x_wconf 87' lang='lat' dir='ltr'><strong>acroama</strong></span> <span class='ocrx_word' id='word_1_669' title='bbox 3142 5546 3402 5610; x_wconf 85' lang='lat' dir='ltr'><strong>dicitur.</strong></span> 
     </span>
    </p>
   </div>
  </div>
