3778 6306
394 257 461 311 ςδ
1692 255 1886 310 ΙΗΟΝῚ

2139 254 2298 310 πλνιι
3565 265 3631 320 16

393 383 899 436 ornamentorum
943 381 1193 432 tuorum
1258 384 1440 452 atque
1484 376 1827 453 insignium
1867 377 2233 454 prccdicatio
2295 375 2579 437 delectat.
2626 379 2841 457 Itaque
2885 399 3012 440 non
3050 383 3175 445 alio
3215 393 3526 464 sequestre
3564 404 3637 445 ac

398 476 803 538 conciliatore
831 472 1050 549 gratite
1082 481 1199 531 tua:
1232 491 1409 543 usus,
1443 492 1622 552 quam
1657 475 2021 554 Epiphanio
2053 478 2211 554 ipso,
2255 474 2336 534 ad
2366 476 2622 536 tutelam
2654 479 2922 539 nominis
2955 481 3051 540 tui
3079 484 3633 561 patrociniumque

398 574 676 655 confugi.
713 570 893 646 Quod
919 580 990 631 ut
1029 572 1179 633 mihi
1209 572 1572 651 defuturum
1597 593 1723 635 non
1747 594 1872 635 esse
1908 574 2208 652 con/{dam
2227 596 2246 643 ;
2274 576 2431 654 facit
2462 593 2637 635 amor
2664 576 2981 655 inprimis
3014 598 3161 658 erga
3191 579 3437 642 litteras
3462 590 3635 652 tuus,

401 692 529 742 tum
557 683 814 760 pietatis
842 681 1292 758 religionisque
1326 677 1611 756 cognitus
1646 674 1927 735 omnibus
1959 693 2030 734 ac
2052 683 2423 752 perspectus
2454 673 2681 745 ardor,
2715 676 2939 755 quibus
2965 697 3042 738 eae
3071 679 3365 740 ambobus
3393 682 3628 743 studiis

398 792 629 843 nostra:
659 782 782 843 illa:
810 783 878 843 in
904 780 1331 859 Epiphaniam
1360 776 1600 837 collata:
1633 792 1835 852 opera:
1864 771 2213 851 vigiliaeque
2242 774 2760 852 proﬁciscuntur.
2804 776 3073 837 Faciunt
3123 778 3495 840 excellentes
3546 782 3641 841 in-

400 882 569 959 genii
597 891 763 941 artes
792 882 1174 958 virtutesque
1211 888 1443 938 creterte
1480 897 1499 935 :
1544 876 1771 953 quibus
1810 872 2107 934 Ecclesia:
2147 875 2580 951 principatum
2620 874 2992 956 jamdudum
3032 879 3297 957 publica
3365 884 3641 943 omnium

403 993 545 1042 vota
571 1000 642 1040 ac
672 981 981 1061 suffragia
1009 978 1413 1059 despondent.
1440 978 1630 1037 Facit
1651 984 1974 1054 postremo
2003 974 2305 1053 prolixus
2353 982 2497 1034 tuus
2530 976 2597 1035 in
2624 977 2993 1037 Societatem
3021 987 3327 1053 nostram,
3361 1000 3433 1041 ac
3466 983 3637 1044 mul-

403 1083 483 1143 tis
514 1080 770 1143 indiciis
792 1090 1163 1160 perspectus
1191 1088 1373 1157 atque
1404 1076 1774 1155 exploratus
1808 1076 2090 1141 animus;
2126 1083 2258 1135 tum
2285 1074 2627 1135 nonnullus
2655 1094 2894 1157 quoque
2927 1080 3224 1142 tenuitati
3252 1091 3486 1142 nostra:
3507 1101 3638 1162 pa.

405 1191 670 1269 tefactus
693 1187 941 1268 jamdiu
969 1186 1050 1248 ad
1080 1188 1521 1266 benignitatem
1556 1193 1725 1244 tuam
1754 1184 1965 1244 aditus
2022 1202 2094 1243 ac
2124 1191 2437 1262 receptus.
2471 1182 2751 1258 Quorum
2781 1184 3054 1243 omnium
3083 1203 3379 1245 summam
3409 1186 3643 1248 brevis-

402 1290 558 1349 sima
586 1290 699 1349 hac
729 1288 1188 1365 certissimaque
1218 1304 1363 1346 voce
1395 1283 1783 1362 complectar
1811 1302 1831 1340 :
1867 1280 2075 1361 Neque
2116 1289 2171 1341 te
2213 1282 2465 1360 dignius
2504 1300 2686 1360 quam
2734 1282 2899 1361 quod
2928 1302 2966 1342 a
2995 1302 3086 1342 me
3116 1284 3294 1371 modo
3327 1284 3638 1364 defertur,

402 1385 623 1465 offerri
672 1385 788 1447 tibi
830 1402 1052 1445 munus
1093 1402 1295 1462 posse,
1343 1399 1534 1460 neque
1586 1378 1959 1458 digniorem,
2017 1381 2121 1441 cui
2162 1379 2325 1440 illud
2366 1380 2679 1461 offerrem,
2726 1392 2785 1443 te
2828 1400 2954 1443 uno
3003 1383 3282 1462 reperiri
3326 1385 3637 1464 potuisse.

410 1488 571 1552 Vale.

482 1595 741 1657 Lutetia:
770 1594 1182 1668 Parisiorum,
1217 1611 1379 1654 anno
1412 1595 1660 1655 ineunte
1687 1590 2075 1665 MDCXXII,
2113 1607 2273 1653 xvm
2314 1589 2461 1652 Kal.
2492 1589 2680 1652 Febr.

1272 1893 1353 1948 lll.
1378 1893 1442 1948 A.
1477 1891 1540 1947 Τ.
1573 1890 1946 1947 deditissimus

2357 1961 2649 2035 Dionysius
2673 1959 2945 2018 PETAVIUS

2291 2030 2580 2089 Societa'tis
2610 2030 2738 2088 Jesu
2762 2036 3068 2105 presbyter.

430 2252 3612 2284 -—————-————-——————U———-————-—————————‘_—_—_

1094 2432 1199 2491 AD
1245 2431 1769 2494 CATHOLICUM
1834 2432 1937 2491 ET
1989 2431 2413 2493 CANDIDUM
2474 2433 2934 2496 LECTOREM.

471 2769 605 2825 Cum
629 2770 863 2827 assiduis
892 2769 1228 2825 eruditorum
1270 2784 1333 2823 ac
1360 2768 1571 2837 piorum
1615 2770 1894 2824 hominum
1926 2770 2163 2839 querelis
2190 2769 2423 2839 ﬂagitari
2444 2770 2766 2840 jamdudum
2812 2772 3172 2843 Epiphaniam
3206 2788 3453 2832 nostrum
3491 2779 3631 2837 intel

401 2868 597 2937 ligam;
636 2882 665 2921 a
696 2864 1024 2936 quibusdam
1070 2865 1234 2919 etiam
1264 2864 1575 2919 tarditatem
1605 2865 1851 2919 accusari
1890 2880 2098 2931 meam,
2130 2866 2272 2935 quod
2308 2865 2466 2933 cujus
2509 2866 2759 2921 editionis
2790 2883 2939 2937 spem
2974 2877 3101 2924 ante
3134 2872 3444 2941 complures
3472 2889 3644 2931 annos

400 2958 751 3024 ostenderim,
788 2972 848 3010 ea
882 2955 1123 3010 nondum
1153 2955 1207 3009 in
1238 2956 1415 3010 lucem
1452 2965 1561 3010 tam
1588 2956 1751 3025 longo
1782 2955 2066 3011 intervallo
2095 2955 2390 3025 prodierit,
2430 2956 2691 3011 nonnulla
2729 2967 2913 3012 nostra
2949 2962 3303 3017 excusatione
3318 2964 3645 3021 muniendas

402 3057 471 3112 ad
503 3054 811 3124 aequitatem
849 3060 995 3105 tuam
1036 3051 1214 3107 aditus
1254 3051 1488 3105 videtur.
1526 3053 1640 3107 Erit
1676 3052 1765 3106 illa
1805 3067 1931 3105 vero
1971 3050 2278 3121 perfacilis,
2324 3050 2368 3105 si
2404 3050 2509 3105 hoc
2539 3066 2662 3106 cum
2706 3053 2890 3106 animo
2929 3062 3019 3109 tuo
3061 3056 3333 3111 aestimare
3368 3058 3644 3127 volueris,

402 3156 665 3219 quantum
694 3145 761 3200 ad
784 3145 859 3211 id,
894 3146 1037 3215 quod
1076 3145 1229 3201 initio
1265 3147 1640 3215 praevideram,
1672 3155 1727 3201 et
1759 3148 1826 3201 ad
1870 3147 2015 3216 quod
2059 3156 2284 3217 paratus
2317 3161 2574 3201 veneram
2595 3186 2610 3210 ,
2644 3148 2800 3217 pensi
2832 3164 2897 3203 ac
2920 3150 3125 3207 laboris
3158 3153 3471 3208 accesserit.
3508 3152 3643 3208 Nam

398 3261 525 3301 cum
557 3243 792 3314 primum
820 3225 980 3297 -illud
1027 3256 1164 3312 Opus
1207 3244 1511 3298 amicorum
1551 3252 1766 3313 rogatu,
1807 3251 1861 3296 et
1903 3258 2091 3297 eorum
2119 3243 2212 3312 qui
2247 3242 2571 3296 auctoritate
2600 3243 3022 3315 poterantapud
3047 3260 3133 3301 me
3164 3246 3482 3315 plurimum,
3513 3247 3645 3301 hor-

400 3349 515 3396 tatu
545 3339 752 3409 recepi;
790 3354 958 3394 unum
991 3337 1123 3391 illud
1159 3338 1508 3409 designabam
1533 3339 1737 3400 animo,
1763 3346 1823 3392 ut
1852 3348 1907 3393 et
1931 3336 2134 3393 Graecis
2150 3337 2439 3406 diligenter
2465 3339 2789 3404 emendatis,
2813 3350 2866 3395 et
2885 3340 3072 3396 Latina
3103 3341 3352 3397 Cornarii
3377 3344 3641 3414 interpre-

402 3429 604 3497 tatione
634 3429 915 3498 castigata,
942 3428 1255 3483 adnotarem
1284 3444 1347 3483 ea
1378 3428 1633 3493 breviter,
1664 3428 1863 3498 quibus
1899 3428 1968 3482 ad
2001 3428 2241 3483 auctoris
2267 3437 2506 3482 mentem
2549 3430 2950 3498 assequendam
2994 3432 3237 3501 adjuvari
3274 3449 3382 3488 non
3411 3434 3643 3503 imperiti

403 3518 642 3577 hominis
668 3519 932 3574 industria
958 3528 1161 3589 posset.
1194 3516 1266 3573 Ut
1309 3526 1489 3573 autem
1522 3517 1712 3573 Latine
1744 3518 2130 3587 interpretarer
2162 3517 2310 3587 ipse,
2343 3531 2519 3587 neque
2559 3519 2951 3573 constitueram
2995 3522 3246 3591 equidem
3268 3563 3283 3586 ,
3317 3538 3492 3591 neque
3531 3522 3643 3579 fore

401 3612 772 3667 necessarium
794 3611 1120 3665 arbitrabar.
1154 3611 1269 3666 Hac
1301 3625 1401 3681 ego
1436 3625 1531 3680 spe
1555 3651 1570 3678 ,
1602 3610 2027 3679 conditioneque
2064 3624 2190 3663 cum
2220 3609 2362 3663 ultro
2396 3609 2546 3663 oneri
2580 3609 2657 3663 illi
2692 3614 3079 3669 successissem
3104 3655 3119 3680 ,
3148 3629 3383 3684 cumque
3416 3614 3560 3669 istud
3595 3627 3643 3670 et

400 3707 703 3763 amicorum
731 3708 1112 3778 praedicatione
1134 3749 1148 3773 ,
1184 3716 1238 3762 et
1273 3722 1391 3762 mea
1422 3722 1640 3777 quoque
1678 3706 2092 3761 denuntiatione
2136 3714 2412 3761 manasset
2462 3706 2701 3777 longius,
2732 3725 2895 3779 quam
2928 3722 2988 3765 ut
3020 3712 3388 3765 vadimonium
3421 3711 3645 3767 honeste

403 3811 617 3867 possem
653 3798 925 3863 deserere,
977 3814 1102 3853 mox
1142 3798 1233 3853 ubi
1286 3797 1507 3853 tractari
1547 3807 1721 3867 ccepta
1756 3812 1844 3852 res
1890 3807 2005 3863 est,
2042 3797 2165 3868 plus
2192 3799 2244 3851 in
2282 3814 2344 3852 ea
2379 3798 2581 3869 negotii
2610 3815 2773 3869 quam
2803 3802 2934 3855 mihi
2964 3802 3284 3871 pollicebar,
3325 3819 3447 3858 esse
3477 3805 3644 3858 situm

403 3890 780 3945 animadverti.
808 3889 1100 3961 Postquam
1127 3890 1273 3945 enim
1302 3888 1553 3944 Cornarii
1584 3887 1778 3943 Latina
1805 3888 2096 3943 emendare
2118 3904 2239 3945 sum
2267 3889 2579 3960 ingressus;
2608 3890 3021 3962 periculumque
3054 3892 3406 3949 recensendis
3435 3894 3644 3963 aliquot

402 3984 614 4053 paginis
649 3983 772 4051 feci,
812 3984 1010 4054 ecquid
1054 3982 1315 4038 mediocri
1376 3982 1558 4053 aliqua
1590 3980 1915 4036 tractatione
1952 3981 2217 4037 nitescere
2263 3998 2326 4037 ac
2364 3982 2623 4053 perpoliri
2653 3992 2869 4052 posset,
2897 3985 3054 4053 plena
3084 4000 3190 4039 non
3232 3987 3410 4041 solum
3440 3988 3645 4043 fastidii

401 4079 517 4133 visa
553 4094 641 4133 res
673 4086 775 4145 est,
806 4079 898 4134 sed
932 4080 1092 4134 etiam
1119 4078 1400 4145 molestiae,
1426 4086 1479 4132 et
1519 4077 1798 4131 illiberalis
1827 4076 2111 4147 cujusdam
2139 4092 2314 4147 operte
2346 4093 2409 4132 ac
2438 4078 2663 4133 laboris.
2698 4077 2775 4133 Ita
2814 4080 2982 4134 multa
3027 4082 3467 4149 tumdemenda,
3491 4098 3644 4138 com-

402 4173 682 4238 mutanda,
716 4172 1090 4242 interpolanda
1121 4171 1367 4237 fuerunt;
1405 4179 1463 4225 ut
1493 4185 1592 4241 ego
1624 4170 1963 4227 tolerabilius
1997 4186 2120 4226 esse
2151 4180 2469 4235 statuerem,
2499 4171 2660 4226 aliam
2692 4172 2760 4228 de
2790 4173 3021 4243 integro,
3072 4189 3135 4229 ac
3175 4189 3371 4228 novam
3410 4182 3646 4239 struere,

402 4282 565 4336 quam
599 4270 807 4336 alienae,
840 4267 1141 4339 presertim
1182 4267 1448 4332 barbarae,
1489 4267 1819 4337 insulsaaque
1863 4269 2150 4323 tectorium
2200 4267 2482 4323 inducere.
2523 4266 2678 4325 Cessi
2716 4269 2881 4339 igitur
2932 4270 3168 4336 imitus,
3195 4277 3359 4341 atque
3390 4270 3647 4329 haesitans

402 4365 546 4429 licet,
574 4376 628 4421 et
659 4366 712 4420 in
743 4368 845 4421 hoc
877 4381 962 4420 me
993 4364 1281 4437 pistrinum
1316 4363 1553 4428 detrudi,
1584 4363 1964 4435 compingique
1990 4379 2112 4419 sum
2141 4379 2371 4434 passus:
2402 4371 2464 4418 ut
2503 4379 2627 4420 eum
2667 4366 2987 4435 scriptorem
3009 4407 3025 4431 ,
3054 4382 3215 4436 quem
3242 4366 3645 4437 castigandum,

344 4505 351 4515 .
401 4468 460 4513 ut
490 4460 623 4522 dixi,
658 4468 820 4529 atque
850 4457 1156 4512 ornandum
1185 4457 1567 4511 tantummodo
1593 4470 1960 4526 susceperam,
1990 4454 2183 4511 Latino
2220 4456 2441 4526 insuper
2475 4472 2728 4511 sermone
2760 4468 3156 4512 converterem.

482 4551 577 4607 Est
612 4551 744 4607 illud
774 4549 1017 4622 profecto
1046 4564 1217 4620 genus
1242 4548 1769 4618 interpretandorum
1799 4548 2061 4602 librorum
2094 4549 2224 4603 utile
2261 4548 2418 4603 bonis
2444 4549 2687 4616 artibus;
2712 4559 2764 4604 et
2793 4551 2937 4620 quod
2972 4551 3145 4621 major
3172 4567 3299 4621 pars
3332 4550 3517 4607 Graece
3547 4560 3647 4606 aut

396 4651 623 4704 omnino
658 4648 851 4714 nescit,
876 4658 972 4702 aut
997 4661 1103 4700 non
1138 4646 1211 4700 ita
1248 4644 1373 4710 scit,
1402 4653 1462 4698 ut
1489 4644 1556 4700 iis
1597 4643 1925 4714 adjumentis
1949 4659 2133 4700 carere
2161 4644 2350 4714 possit,
2384 4644 2486 4699 hac
2530 4653 2687 4699 aetate
2732 4647 3121 4701 necessarium.
3160 4646 3263 4701 Sed
3293 4646 3436 4701 idem
3456 4654 3646 4705 tamen

398 4760 507 4798 non
544 4743 720 4797 solum
761 4743 991 4796 insuave
1021 4755 1117 4811 per
1154 4754 1309 4805 sese;
1339 4753 1525 4793 verum
1552 4739 1741 4803 etiam,
1772 4747 1992 4809 prapter
2017 4754 2285 4794 summam
2317 4738 2423 4793 hoc
2455 4747 2701 4810 tempore
2751 4741 3089 4795 obtrectandi
3131 4740 3530 4809 impunitatem,
3573 4756 3641 4795 ac

397 4837 689 4900 licentiam,
720 4834 1018 4891 sollicitum
1048 4848 1111 4888 ac
1144 4832 1438 4887 lubricum.
1480 4831 1749 4897 Quoniam
1782 4831 2000 4899 quidem
2034 4840 2179 4885 recte
2209 4829 2352 4885 facto
2373 4871 2387 4896 ,
2428 4831 2721 4886 mediocris
2765 4833 3119 4902 approbatio;
3149 4842 3351 4896 errato,
3377 4832 3497 4887 sine
3525 4831 3638 4886 ulla

398 4930 569 4995 venia,
604 4930 917 4991 vehemens,
953 4935 1006 4982 et
1038 4936 1198 4980 atrox
1222 4925 1577 4995 reprehensio
1606 4924 1945 4994 pr0ponitur.
1984 4922 2037 4978 ld
2067 4924 2203 4978 adeo
2236 4933 2508 4980 certorum
2549 4925 2831 4980 hominum
2862 4927 3271 4996 importunitate
3292 4935 3347 4982 et
3378 4925 3640 4983 inhuma-

394 5021 564 5074 nitate
589 5020 647 5074 lit
677 5038 690 5073 :
715 5019 805 5089 qui
832 5034 956 5073 cum
987 5020 1089 5089 ipsi
1121 5018 1240 5073 sine
1272 5032 1458 5071 errore
1489 5016 1626 5071 nihil
1655 5016 1931 5083 scribant,
1975 5033 2150 5088 neque
2188 5032 2245 5073 se
2267 5033 2297 5073 a
2324 5033 2599 5089 quoquam
2630 5019 2880 5090 redargui
2916 5021 3216 5089 patiuntur,
3242 5028 3298 5075 et
3330 5023 3434 5076 hoc
3463 5022 3645 5091 ipsum

395 5119 573 5164 tamen
612 5109 894 5179 tyrannico
937 5108 1041 5162 sibi
1074 5107 1198 5178 jure
1246 5108 1303 5162 in
1353 5115 1577 5163 caeteros
1616 5115 1903 5177 usurpant.
1939 5106 2033 5161 Est
2064 5116 2241 5161 autem
2285 5107 2339 5161 in
2371 5106 2575 5163 Graecis
2598 5107 2849 5164 Latinam
2886 5110 2941 5163 in
2975 5110 3216 5179 linguam
3249 5110 3646 5167 transferendis

394 5201 606 5269 lapsum
647 5214 710 5253 ac
729 5198 1205 5269 reprehensionem
1237 5200 1443 5254 evitare
1472 5197 1707 5261 difﬁcile,
1741 5205 2024 5267 propterea
2067 5197 2214 5267 quod
2244 5214 2405 5253 nemo
2431 5210 2515 5255 est
2544 5201 2615 5254 ita
2659 5201 2983 5257 necessariis
3030 5201 3096 5255 ad
3128 5200 3180 5255 id
3212 5218 3414 5258 munus
3446 5205 3643 5273 praesi-

394 5291 498 5345 diis
533 5291 870 5354 instructus;
902 5290 996 5358 qui
1049 5299 1143 5343 aut
1194 5287 1413 5344 Grmcos
1458 5302 1650 5342 omnes
1681 5296 1935 5341 auctores
1970 5286 2181 5357 legerit,
2211 5298 2306 5343 aut
2344 5289 2666 5345 immensam
2695 5290 2803 5344 vim
2838 5292 3038 5346 artium
3074 5294 3320 5347 omnium
3342 5334 3356 5355 ,
3383 5302 3435 5348 et
3465 5308 3645 5350 mate-

397 5383 563 5445 riam;
594 5395 825 5451 quarum
858 5396 923 5433 ex
955 5380 1179 5434 scientia
1209 5380 1568 5443 eﬂlorescere,
1598 5395 1661 5434 ac
1692 5379 1994 5433 redundare
2022 5379 2179 5433 debet
2208 5380 2611 5450 interpretatio,
2654 5397 2756 5436 usu
2803 5390 2858 5437 et
2893 5384 3153 5438 memoria
3190 5386 3641 5456 comprehendat.

392 5472 525 5538 Quis
548 5481 625 5528 est
657 5473 803 5527 enim
832 5472 925 5541 qui
969 5472 1179 5529 divinas
1216 5474 1591 5540 humanasque
1632 5472 1984 5541 disciplinas,
2025 5474 2118 5541 qui
2163 5472 2445 5542 theologia:
2468 5515 2483 5540 ,
2517 5476 2877 5546 philosophiae
2916 5492 2981 5532 ac
3019 5478 3416 5533 mathematum
3458 5488 3643 5547 partes

390 5580 614 5634 omnes;
651 5567 742 5635 qui
768 5566 906 5635 juris
934 5582 997 5620 ac
1032 5567 1335 5632 medicinas,
1368 5570 1461 5637 qui
1486 5567 1728 5622 minutas
1758 5567 1993 5637 denique
2014 5577 2159 5622 artes
2181 5568 2263 5623 vel
2296 5585 2437 5624 unus
2466 5571 2756 5626 exhaurire
2776 5572 3031 5641 potuerit,
3068 5574 3153 5628 vel
3184 5575 3451 5628 inﬁnitam
3476 5589 3641 5629 voca-

389 5655 661 5723 bulorum,
691 5673 812 5727 qum
832 5658 1030 5727 cuique
1054 5660 1271 5728 propria
1304 5672 1461 5727 sunt,
1492 5660 1682 5715 silvam
1713 5660 2146 5732 varietatemque
2179 5663 2451 5719 scrutari?
2482 5662 2643 5732 Atqui
2667 5679 2790 5717 cum
2823 5663 2910 5719 illa
2942 5664 3144 5735 passim
3170 5664 3484 5721 Grtecorum
3514 5681 3641 5723 mo-
