3800 6180
187 251 255 305 17
1617 251 2005 309 ΡΒτΕῐῖΑΤΙΟ.
3366 243 3434 301 18

184 369 449 427 ιιὶωξηῑίε
484 386 703 441 aspersa
744 380 911 427 sunt:
949 380 1059 427 tum
1083 373 1397 429 eorumdem
1428 374 1641 429 inscitia
1676 389 2069 444 nonnunquam
2104 372 2428 427 hallucinari
2459 371 2809 442 interpretem
2849 385 2946 439 par
2985 376 3097 433 est,
3125 376 3178 422 ct
3203 368 3269 421 ab
3292 367 3436 422 illius

183 482 213 519 a
237 468 320 521 'liS
348 467 556 536 peritis,
592 474 779 522 contra
805 484 968 538 quam
996 470 1351 526 commissum
1399 470 1603 540 aliquid
1633 469 1817 533 fuerit,
1849 469 1980 524 vitia
2014 470 2131 538 ipsa
2170 466 2521 536 deprehendi.
2551 463 2657 519 Sed
2694 472 2883 517 mutua
2916 460 3018 515 ista
3047 458 3331 527 castigatio
3352 474 3436 511 cr-

182 558 347 625 roris,
372 570 425 613 et
452 560 851 615 animadversio
883 563 1177 617 maximam
1210 562 1359 617 affert
1398 564 1778 618 communibus
1810 563 2004 617 litteris
2030 560 2318 614 utilitatem
2349 578 2360 611 :
2394 573 2457 611 ac
2488 572 2553 611 ne
2578 556 2627 610 ei
2657 554 2877 624 quidem
2903 590 2918 615 ,
2950 550 3042 620 qui
3072 548 3350 607 erraverit,
3390 543 3437 600 si

181 667 241 707 se
279 652 555 707 hominem
602 663 788 707 natum
828 668 951 709 esse
980 656 1316 723 recordetur,
1353 656 1541 710 odiosa
1577 657 1745 710 videri
1776 656 1856 710 vel
1885 656 2071 724 iniqua
2096 653 2274 707 debet.
2317 650 2494 704 Movet
2525 661 2653 713 vero
2683 646 3003 716 plerosque,
3037 650 3198 710 atque
3233 638 3301 691 ab
3337 638 3436 690 hac

179 743 397 813 publice
420 745 801 800 commodandi
826 747 1037 802 ratione
1083 748 1341 811 deterret,
1392 762 1504 802 non
1534 747 1882 817 reprehensio
1916 746 2124 801 erroris
2152 745 2269 813 ipsa
2293 783 2307 807 ,
2338 741 2431 797 sed
2460 737 2760 794 insultandi
2796 737 2849 789 in
2882 734 3054 788 aliena
3083 732 3240 799 culpa
3268 728 3436 781 libido

179 836 428 906 quaedam
462 837 714 906 petulans
748 852 811 892 ac
835 854 1058 907 procax,
1090 854 1210 909 quae
1235 848 1512 908 utcunque
1542 839 1627 893 vel
1654 839 1929 894 levissima
1979 837 2034 891 in
2061 851 2120 890 re
2151 834 2442 889 titubatum
2477 830 2617 895 erit;
2649 834 2695 884 sl
2721 827 2882 882 unius
2910 823 3115 878 voculae
3144 822 3227 874 vis
3253 834 3316 873 ac
3342 832 3437 887 po-

181 940 352 988 testas
383 934 729 1005 interpretem
767 934 983 1006 fugerit,
1016 936 1096 991 sic
1141 936 1299 1007 quasi
1331 936 1465 1005 reip.
1497 935 1645 991 salus
1683 944 1895 1007 agatur,
1934 950 2049 989 rem
2117 933 2187 987 ab
2216 932 2447 987 honesta
2491 925 2834 982 contentione
2864 922 2932 977 ad
2964 918 3254 974 illiberales
3288 916 3434 1007 r_i_xas

177 1033 233 1078 et
272 1003 544 1088 sordidas,
577 1025 641 1080 ad
693 1003 1022 1081 ftedissimas
1078 1003 1598 1097 simultatem—atque
1646 1003 2116 1095 adipersonarum
2156 1023 2388 1092 injurias
2428 1015 2895 1084 contumeliasque
2923 1009 3276 1065 transferunt.
3309 1003 3434 1058 Haec

178 1116 346 1185 igitur
379 1116 497 1185 ipsa
554 1116 710 1171 fama:
762 1116 1402 1189 honorisquepmposita
1434 1119 1718 1174 dimicatio
1757 1119 1970 1189 quietos
2007 1127 2060 1172 et
2104 1116 2416 1171 moderatos
2449 1111 2735 1175 homines,
2771 1107 2865 1177 qui
2903 1103 3223 1159 nonnullum
3252 1109 3430 1154 tamen

172 1209 233 1291 in
294 1210 510 1281 publica
554 1212 659 1268 sibi
692 1214 1162 1269 commendatione
1206 1214 1454 1269 laborum
1492 1213 1727 1269 fructum
1761 1214 2140 1276 constituunt,
2186 1209 2443 1279 defugere
2477 1218 2696 1276 operam
2742 1202 2890 1256 illam
2932 1198 3187 1253 admonet
3219 1191 3429 1291 potius,

177 1316 346 1369 quam
376 1318 501 1358 cum
534 1305 763 1368 facribus
809 1318 861 1362 et
890 1307 1230 1376 pugnacibus
1261 1308 1624 1371 adversariis,
1657 1316 1709 1362 et
1741 1307 1807 1361 ad
1840 1307 2046 1377 quaevis
2075 1302 2304 1359 dicenda
2336 1299 2715 1367 audiendaque
2748 1289 3111 1365 paratissimis
3145 1288 3199 1340 in
3228 1284 3433 1354 puerile

179 1402 457 1451 certamen
491 1398 838 1459 descendere.
865 1401 995 1455 Mihi
1024 1417 1172 1467 vero,
1202 1418 1366 1472 quem
1416 1403 1482 1457 ad
1514 1403 1807 1457 sublimius
1835 1401 2092 1473 quiddam
2124 1409 2181 1454 et
2217 1398 2457 1454 divinius
2487 1394 2720 1465 cogitata
2756 1388 2937 1445 omnia
2983 1384 3313 1450 consiliaque
3346 1394 3432 1433 rc-

178 1482 344 1551 ferre,
403 1503 663 1563 susceptae
708 1495 829 1549 vitae
859 1497 1098 1552 rationes
1133 1497 1440 1560 hortantur,
1490 1508 1656 1567 atque
1698 1498 1813 1553 hzec
1844 1497 2269 1551 vanissimorum
2310 1503 2365 1548 et
2403 1490 2869 1562 ineptissimorum
2901 1482 3186 1538 hominum
3229 1475 3431 1547 judicia

180 1586 550 1647 contemnere,
587 1598 686 1637 cur
706 1582 997 1655 Epiphanii
1031 1587 1528 1657 interpretationem
1562 1604 1782 1643 vererer
1815 1589 2082 1657 attingere
2106 1627 2118 1651 ,
2157 1600 2325 1640 causa
2364 1584 2417 1637 in
2440 1581 2633 1652 primis
2677 1580 2780 1634 ista
2810 1576 2948 1631 fuit:
2975 1572 3120 1643 quod
3154 1586 3277 1625 cum
3315 1568 3431 1657 len:

179 1676 297 1721 tum
325 1684 390 1725 ac
416 1670 730 1753 diuturnum
773 1676 888 1731 fore
913 1654 1188 1747 negotium
1219 1679 1350 1733 illud
1380 1680 1868 1734 animadverterem
1890 1718 1905 1742 ,
1944 1654 2279 1733 tantumdem
2314 1671 2786 1745 praestantioribus
2816 1667 3012 1723 studiis
3038 1666 3337 1720 detractum
3366 1654 3432 1713 irl

180 1762 441 1828 temporis
470 1778 770 1831 cernerem,
800 1779 1063 1838 quantum
1099 1771 1155 1825 in
1184 1787 1305 1825 eam
1338 1773 1752 1841 occupationem
1775 1780 1920 1828 esset
1960 1773 2318 1840 insumptum.
2354 1767 2657 1823 Accedebat
2687 1765 2753 1818 ad
2785 1776 3130 1817 communem
3170 1759 3433 1823 interpre-

178 1853 331 1906 tandi
367 1855 667 1912 molestiam
699 1862 969 1931 pracipua
998 1865 1243 1933 quaadam
1274 1867 1329 1920 in
1350 1866 1442 1920 illo
1473 1867 1736 1935 scriptore
1760 1865 2045 1920 difﬁcultas
2072 1882 2085 1917 :
2112 1863 2256 1932 quod
2282 1862 2555 1930 incompta
2582 1868 2634 1913 et
2659 1857 2932 1913 salebrosa
2964 1865 3044 1909 est
3066 1851 3212 1905 illius
3233 1848 3428 1909 oratio,

174 1955 231 1999 et
277 1948 331 2001 in
384 1966 493 2020 qua
542 1951 984 2026 frequentissime
1038 1971 1333 2015 occurrunt
1364 1962 1490 2025 illa,
1524 1977 1645 2031 qua:

1932 1959 2219 2021 ναπόδοτα,
2266 1966 2319 2011 et
2364 1953 2698 2010 ἀνακόλουθα
2728 1951 3013 2007 nominant
3050 1965 3062 2001 :
3095 1946 3344 2017 pedestre
3367 1956 3433 1995 ac

176 2040 440 2107 populare
494 2044 708 2101 dicendi
749 2063 938 2119 genus.
999 2050 1154 2116 Quod
1187 2053 1298 2108 sive
1348 2055 1467 2124 pari
1509 2055 1781 2110 sermonis
1825 2052 2173 2122 simplicitate
2217 2050 2482 2118 consequi
2526 2044 2791 2110 volueris,
2827 2044 3147 2109 subagreste
3169 2034 3428 2107 quiddam

174 2132 408 2187 exsistet
438 2150 503 2190 ac
533 2139 778 2207 putidum
811 2159 824 2193 :
857 2142 1162 2211 cujusmodi
1193 2154 1321 2199 sunt
1343 2144 1532 2199 Latina
1561 2143 1673 2199 fere
1696 2145 1944 2200 Cornarii
1967 2184 1981 2207 ,
2009 2141 2166 2212 cujus
2196 2156 2296 2195 nos
2322 2141 2511 2207 utique
2533 2137 2744 2193 similes
2769 2148 2895 2188 esse
2922 2131 3183 2185 nolimus.
3217 2127 3313 2180 Sin
3336 2140 3428 2178 or-

176 2236 371 2281 natum
416 2239 580 2299 atque
627 2234 832 2288 cultum
887 2236 1169 2303 adhibeas,
1206 2238 1261 2292 id
1307 2241 1425 2294 sine
1458 2256 1653 2309 magna
1697 2240 2092 2295 sententiarum
2130 2238 2557 2292 commutatione
2600 2234 2848 2287 obtinere
2888 2230 2975 2285 vix
3020 2228 3219 2298 possis.
3246 2226 3428 2280 Altera

182 2331 351 2370 causa
382 2327 466 2372 est
502 2321 643 2389 quod
674 2322 836 2378 iidem
867 2325 941 2379 illi
974 2325 1258 2396 Epiphanii
1288 2328 1412 2383 libri
1438 2330 1649 2385 mendis
1677 2346 1742 2385 ac
1773 2330 2004 2386 maculis
2035 2338 2245 2384 scatent
2272 2309 2573 2383 innumeris
2606 2344 2618 2379 :
2645 2340 2766 2395 quae
2794 2339 2902 2378 non
2939 2322 3099 2377 modo
3130 2319 3430 2389 infringunt

178 2404 495 2475 interpretis
527 2421 805 2479 conatum,
842 2416 936 2470 sed
962 2417 1030 2471 ad
1070 2418 1435 2475 divinationes
1466 2436 1531 2476 ac
1561 2421 1882 2477 temerarias
1924 2420 2197 2475 interdum
2224 2419 2573 2489 conjecturas
2604 2417 2831 2486 adigunt
2861 2414 3028 2468 :dum
3062 2428 3131 2466 ne
3162 2425 3427 2480 suspensa

176 2512 244 2551 ac
280 2500 470 2553 mutila
504 2506 769 2560 sententia
801 2508 1159 2577 relinquatur,
1221 2513 1473 2582 supplere
1505 2514 1670 2568 multa
1704 2512 1772 2569 de
1796 2528 1917 2577 suo,
1954 2521 2049 2566 aut
2071 2512 2228 2567 aliter
2266 2521 2430 2581 atque
2464 2511 2607 2565 edita
2634 2517 2795 2573 sunt,
2823 2506 3170 2562 conformare
3189 2504 3423 2573 cogitur.

177 2589 238 2643 lu
273 2606 383 2660 quo
412 2602 469 2647 ut
498 2604 793 2658 acute.non
821 2614 993 2668 pauca
1022 2611 1075 2656 et
1104 2603 1332 2658 solerter
1355 2602 1614 2666 inveniat,
1654 2603 1868 2657 aberret
1900 2610 2079 2657 tamen
2111 2602 2409 2666 interdum,
2435 2614 2602 2669 seque
2636 2596 3112 2653 criminationibus
3149 2596 3381 2650 istorum
3404 2634 3420 2657 ,

175 2697 318 2750 quos
350 2683 498 2750 dixi,
532 2698 587 2742 et
616 2688 907 2747 calumniis
955 2694 1195 2763 objiciat.
1230 2695 1368 2751 Vicit
1391 2696 1748 2751 nihilominus
1776 2696 2014 2764 privatas
2045 2697 2284 2750 rationes
2308 2694 2444 2748 bene
2470 2693 2536 2748 de
2566 2699 2620 2745 te
2643 2731 2659 2756 ,
2691 2689 2957 2744 catholice
2998 2687 3223 2751 Lector,
3255 2686 3427 2754 deque

176 2774 435 2833 Ecclesia:
469 2794 640 2836 causa
692 2788 935 2842 merendi
968 2789 1227 2844 studium.
1284 2789 1619 2853 Vicitnovaa,
1645 2790 1970 2860 jampridem
2000 2806 2031 2844 a
2066 2805 2155 2845 me
2189 2790 2317 2844 data
2356 2788 2490 2842 ﬁdes
2523 2786 2803 2851 editionis,
2836 2799 2900 2838 ac
2924 2782 3181 2854 promissi
3214 2781 3424 2851 religio.

174 2870 317 2926 Nam
349 2882 404 2927 et
434 2884 526 2931 tua
556 2885 716 2948 atque
745 2878 996 2935 Ecclesiae
1039 2882 1347 2937 communis
1386 2882 1681 2946 intererat,
1731 2896 1868 2951 opus
1910 2882 2040 2936 illud
2060 2922 2075 2946 ,
2101 2881 2249 2951 quod
2276 2880 2344 2935 ad
2377 2878 2660 2935 diluendas
2688 2877 2921 2931 haereses
2962 2890 2994 2928 a
3022 2873 3343 2945 gravissimo
3373 2883 3425 2927 et

176 2965 527 3019 sanctissimo
559 2967 718 3024 Patre
739 2969 941 3028 Graecis
986 2982 1070 3028 est
1094 2975 1299 3028 editum
1324 3014 1339 3038 ,
1376 2974 1676 3044 quemlibet
1706 2975 1887 3045 potius
1921 2975 2275 3043 interpretem
2304 2972 2505 3026 habere
2549 2984 2714 3040 quam
2745 2967 3061 3023 haereticum
3096 2984 3107 3018 :
3141 2976 3191 3019 et
3231 2967 3297 3019 ad
3328 2980 3415 3019 re—

177 3056 352 3111 centis
383 3057 636 3116 editionis
666 3062 1013 3130 splendorem
1049 3062 1330 3128 attinebat,
1363 3066 1703 3119 commodius
1729 3063 2009 3133 aliquanto
2033 3101 2049 3126 ,
2090 3062 2274 3116 minus
2302 3070 2448 3117 certe
2466 3058 2699 3113 barbare
2727 3064 2781 3112 et
2804 3054 3089 3125 iniquitate
3114 3055 3423 3137 loquentem

176 3147 565 3219 Epiphanium,
606 3152 814 3211 Latinis
843 3158 1067 3213 auribus
1095 3173 1203 3212 non
1234 3167 1488 3229 suspecto
1516 3159 1584 3212 ab
1611 3166 1848 3213 “auctore
1872 3156 2161 3212 committi.

248 3242 431 3300 Habes
453 3261 573 3315 quae
604 3248 736 3301 mihi
774 3263 953 3303 causa:
980 3248 1252 3303 tarditatis
1281 3247 1484 3303 fuerint
1514 3265 1527 3301 :
1565 3262 1837 3317 cognosce
1871 3262 2018 3303 nunc
2048 3256 2266 3301 caetera.
2301 3243 2665 3313 Epiphanium
2696 3242 2793 3296 tibi
2837 3240 3033 3294 damus
3076 3239 3285 3308 integra
3316 3253 3418 3306 pr-

176 3351 330 3389 mum
357 3336 460 3391 lide
486 3352 549 3392 ex
578 3339 804 3394 vetustis
836 3339 1134 3403 codicibus,
1173 3339 1351 3410 quoad
1380 3339 1554 3403 licuit,
1580 3340 1902 3410 castigatum
1939 3354 2004 3394 ac
2032 3336 2384 3392 recensitum.
2411 3334 2619 3389 Horum
2658 3334 2911 3404 princeps
2952 3330 3247 3386 Vaticanus
3278 3329 3381 3384 fuit
3407 3350 3419 3382 :

177 3428 339 3498 cujus
386 3428 632 3486 diversas
669 3432 929 3487 lectiones
963 3432 1149 3487 Romae
1179 3433 1308 3488 olim
1351 3448 1383 3487 a
1428 3448 1484 3487 se
1514 3432 1771 3488 collectas
1805 3432 1874 3489 R.
1910 3431 1973 3485 P.
2010 3431 2257 3485 Andreas
2288 3429 2579 3492 Schottus,
2617 3428 2732 3498 pari
2769 3427 2852 3480 vir
2884 3424 3223 3497 humanitate
3260 3430 3421 3491 atque

175 3521 487 3585 eruditione
520 3524 775 3592 praeditus
826 3524 891 3578 ad
941 3534 1255 3595 me-sponte
1282 3525 1452 3581 misit.
1497 3526 1576 3580 Ex
1599 3540 1708 3595 quo
1747 3526 2016 3596 permulta
2047 3534 2174 3580 sunt
2210 3539 2240 3578 a
2267 3524 2425 3578 nobis
2447 3532 2751 3592 opportune
2774 3519 3045 3575 restituta.
3086 3516 3331 3573 Accessit
3358 3532 3420 3571 ex

177 3613 510 3669 bibliotheca
540 3615 684 3684 regis
722 3613 1179 3672 Christianissimi
1208 3617 1562 3687 depromptus
1607 3618 1743 3671 alter
1765 3656 1780 3681 ,
1810 3630 1920 3686 quo
1953 3631 2075 3670 cum
2111 3615 2479 3671 Basileenscm
2511 3613 2614 3681 ipsi
2638 3611 2992 3687 contulimus.
3024 3606 3099 3662 Ex
3137 3608 3420 3675 amborum

175 3705 522 3771 auctoritate,
566 3707 613 3761 si
670 3707 799 3777 quid
832 3710 888 3762 in
947 3716 1201 3763 contextu
1246 3709 1365 3777 ipso
1394 3718 1663 3764 mutatum
1707 3710 1967 3779 reperies,
1992 3710 2131 3765 scito
2159 3723 2280 3764 esse
2304 3705 2627 3777 profectum.
2663 3702 2930 3773 Reliqua,
2960 3717 3081 3772 quae
3117 3716 3185 3755 ex
3216 3698 3419 3769 judicio

173 3799 472 3853 emendare
516 3797 671 3854 facile
693 3800 989 3868 potuimus,
1019 3809 1141 3877 utut
1162 3811 1316 3856 erant
1344 3802 1399 3856 in
1427 3801 1744 3864 Basileensi,
1776 3802 2100 3871 reliquimus
2129 3819 2141 3854 :
2177 3809 2339 3869 atque
2377 3798 2443 3854 ad
2470 3812 2624 3852 oram
2650 3796 2765 3852 fere
2791 3796 3111 3866 paginarum
3144 3792 3414 3862 conjecto.

176 3906 293 3943 ram
335 3899 578 3944 nostram
609 3888 984 3959 ascripsimus,
1021 3892 1269 3962 quaedam
1302 3892 1355 3947 in
1402 3893 1902 3949 animadversiones
1946 3893 2300 3961 conjecimus.
2338 3890 2471 3945 Nam
2496 3899 2550 3946 et
2585 3887 3150 3944 animadversionibus
3172 3883 3374 3939 nostris
3398 3926 3413 3948 ,

178 3984 286 4037 hoc
322 3992 409 4037 est
434 3981 771 4052 plenioribus
827 3984 975 4040 notis
1006 4000 1070 4040 ac
1100 4000 1267 4055 prope
1296 3986 1728 4049 commentariis,
1763 3984 2127 4056 Epiphanium
2158 3984 2511 4039 illustriorem
2542 3982 2900 4038 reddidimus.
2936 3979 2993 4033 ln
3017 3978 3217 4048 quibus
3242 3992 3418 4047 quan-

178 4088 297 4129 tum
338 4092 370 4130 a
397 4092 484 4131 me
522 4079 593 4133 sit
620 4078 979 4141 elaboratum,
1019 4090 1281 4148 quantum
1309 4095 1374 4134 ex
1416 4079 1734 4137 melioribus
1764 4081 2068 4135 derivatum
2092 4078 2311 4143 studiis,
2350 4092 2419 4131 ex
2452 4092 2511 4131 re
2539 4075 2655 4144 ipsa
2690 4072 2907 4129 facilius
2935 4085 3099 4141 quam
3137 4083 3260 4125 mea
3292 4082 3417 4122 ora-

177 4171 330 4221 tione
376 4170 697 4239 perspicies.
747 4170 883 4225 lllud
926 4170 1145 4239 quidem
1199 4172 1589 4240 providendum
1618 4173 1895 4239 duximus,
1942 4184 2002 4227 ut
2045 4186 2112 4225 ne
2139 4171 2304 4226 aridae
2328 4186 2392 4225 ac
2421 4169 2623 4239 jejunae
2642 4168 2807 4222 nimis
2832 4175 3036 4227 essent,
3066 4171 3121 4218 et
3144 4161 3419 4215 variarum

176 4258 475 4314 lectionum
506 4262 674 4317 exiles
700 4262 948 4332 quaidam
975 4271 1152 4316 notae:
1184 4262 1279 4317 sed
1313 4263 1357 4316 si
1377 4264 1521 4332 quod
1562 4263 1786 4317 uberius
1812 4262 1954 4333 apud
1978 4260 2341 4332 Epiphanium
2365 4266 2510 4315 esset
2549 4264 2968 4328 argumentum;
2997 4253 3044 4307 si
3078 4267 3186 4322 qua
3219 4249 3418 4320 paulu-

178 4349 292 4424 lum
323 4350 559 4420 insignis
588 4353 841 4421 quaestio,
875 4351 1034 4420 cujus
1062 4352 1348 4430 difﬁcultas
1378 4368 1502 4407 cum
1536 4352 1768 4407 utilitate
1796 4360 2055 4416 certaret,
2094 4366 2159 4405 ea
2194 4365 2295 4404 nos
2335 4363 2433 4418 pro
2464 4362 2565 4402 usu
2597 4356 2865 4430 captoque
2887 4352 3073 4397 nostro
3100 4340 3327 4395 liberius
3353 4353 3415 4392 ac

178 4444 437 4500 diffusius
468 4447 834 4503 tractavimus.
856 4446 975 4513 Quo
1010 4448 1062 4500 in
1095 4425 1289 4516 genere
1322 4449 1493 4503 multa
1518 4447 1628 4502 illic
1652 4449 1817 4502 babes
1846 4447 1912 4503 de
1933 4446 2141 4501 Natalis
2164 4447 2367 4501 Christi
2396 4453 2451 4500 et
2488 4425 2763 4499 Passionis
2794 4455 2946 4494 anno
2966 4453 3029 4491 ac
3062 4438 3149 4490 die
3181 4452 3194 4487 :
3220 4437 3284 4489 de
3311 4432 3415 4485 Pa-

180 4538 351 4594 schali
380 4554 587 4603 mense,
612 4540 677 4594 de
696 4537 1004 4594 Jndmorum
1028 4541 1202 4610 cyclo,
1235 4539 1301 4596 de
1328 4540 1550 4608 antiquo
1579 4540 1907 4611 pmnitentiae
1946 4539 2076 4605 ritu,
2100 4539 2167 4593 de
2188 4535 2475 4591 Sirmiensi
2498 4544 2553 4589 et
2578 4534 2867 4604 Ancyrano
2894 4527 3166 4590 conciliis,
3188 4527 3255 4580 de
3279 4542 3413 4579 non-

182 4633 345 4688 nullis
389 4633 587 4687 veteris
621 4632 872 4687 Ecclesiae
902 4633 1163 4696 moribus,
1196 4632 1261 4686 de
1300 4632 1667 4687 Romanorum
1694 4633 1940 4702 imperat.
1964 4629 2315 4698 chronologia
2335 4670 2348 4694 ,
2374 4635 2428 4681 et
2459 4627 2508 4680 id
2540 4640 2709 4695 genus
2732 4622 2854 4677 aliis
2881 4620 3164 4690 explicata.
3194 4618 3327 4685 Quae
3367 4623 3413 4676 Si

182 4725 434 4793 longiora
464 4723 806 4788 vi‘debuntur,
852 4722 975 4777 licet
1001 4723 1457 4793 disputationibus
1478 4726 1607 4780 iisce
1638 4723 1941 4793 prmteritis,
1970 4737 2201 4791 quarum
2232 4721 2435 4775 idcirco
2464 4719 2675 4773 titulum
2706 4716 3019 4785 paginarum
3050 4714 3220 4773 initiis
3243 4715 3410 4768 ascri-

183 4818 417 4885 psimus,
463 4833 529 4872 ea
570 4819 821 4890 deligere,
856 4832 977 4888 quae
1035 4818 1099 4873 ad
1155 4817 1513 4888 Epiphanium
1570 4818 1689 4873 sine
1737 4815 2032 4872 oﬂ'ensione
2075 4813 2495 4885 percurrendum
2530 4810 2838 4867 necessario
2872 4808 3232 4878 praecipienda
3263 4818 3409 4869 sunt,

184 4909 508 4980 Quanquam
536 4912 801 4982 ejusmodi
828 4912 941 4968 fere
965 4908 1055 4967 illa
1089 4928 1211 4968 esse
1241 4926 1556 4982 cognosces,
1591 4921 1651 4967 ut
1675 4926 2069 4982 supervacanea
2097 4920 2191 4965 aut
2228 4909 2405 4964 alieno
2438 4906 2615 4976 posita
2649 4905 2768 4958 loco
2806 4901 2980 4957 videri
3016 4910 3305 4971 nequeant.
3334 4900 3410 4956 ita

185 5005 510 5075 plerumque
530 5005 841 5074 perplexum
871 5014 1035 5075 atque
1060 5019 1260 5074 anceps
1280 5013 1382 5069 est,
1410 5005 1553 5074 quod
1573 5004 1642 5058 ab
1688 5004 1989 5074 Epiphanio
2016 5002 2357 5074 proponitur,
2386 5006 2789 5069 argumentum,
2824 5003 2881 5048 ut
2909 4993 2977 5048 ad
3002 4993 3409 5064 intelligentiam

186 5097 267 5151 sui
296 5098 579 5167 aliquanto
611 5099 772 5153 etiam
806 5098 961 5168 plura
994 5113 1157 5168 quam
1188 5114 1215 5151 a
1252 5097 1408 5153 nobis
1431 5106 1559 5153 sunt
1585 5099 1745 5154 allata
1783 5099 2070 5154 desideret.

256 5188 392 5244 Illud
422 5204 549 5244 vero
578 5199 853 5259 postremo
886 5192 951 5243 ad
977 5188 1260 5258 Epiphanii
1290 5190 1662 5245 tractationem
1691 5189 2037 5245 commodum
2070 5185 2331 5248 accessit,
2359 5191 2438 5247 ut,
2469 5182 2729 5252 quoniam
2772 5179 3045 5249 longiores
3071 5176 3407 5247 singularum

192 5283 453 5337 hzeresum
488 5281 883 5351 disputationes
912 5292 1059 5345 sunt,
1076 5297 1141 5337 ac
1172 5290 1428 5350 perpetuo
1460 5297 1622 5336 cursu
1658 5281 1941 5342 orationis,
2003 5280 2120 5334 sine
2170 5278 2277 5330 ulla
2327 5273 2762 5343 interspiratione
2790 5287 2853 5325 ac
2896 5270 3243 5326 distinctione
3277 5284 3407 5322 con-

193 5383 369 5440 textae,
395 5384 574 5429 certas
607 5374 659 5427 in
682 5382 883 5443 partes,
908 5390 973 5429 ac
995 5373 1158 5429 veluti
1192 5374 1367 5441 capita
1401 5373 1647 5427 haeresim
1677 5386 2114 5443 unamquamque
2143 5370 2501 5425 tribueremus
2534 5384 2547 5420 :
2580 5355 2778 5436 quibus
2808 5365 3112 5419 numerales
3152 5364 3219 5417 ad
3253 5378 3404 5417 orain

192 5476 347 5533 notas
396 5466 766 5536 apposuimus.
818 5466 950 5533 Qua:
988 5482 1075 5521 res
1109 5480 1215 5519 non
1263 5465 1550 5535 legentium
1580 5466 1754 5519 solum
1787 5466 2061 5521 fastidium
2093 5463 2413 5527 sublevabit,
2442 5460 2535 5515 sed
2565 5460 2633 5513 ad
2663 5459 2878 5515 citanda
2905 5458 3215 5513 testimonia
3244 5472 3401 5510 cuni-

196 5558 380 5626 primis
410 5559 515 5612 erit
562 5556 829 5626 expedita.
863 5554 1243 5626 Namquoties
1270 5571 1337 5611 ex
1374 5556 1555 5624 aliqua
1582 5554 1863 5625 Epiphanii
1890 5554 2095 5610 Haeresi
2129 5559 2424 5609 auctoritas
2445 5550 2763 5622 producitur
2782 5590 2797 5615 ,
2824 5551 2870 5605 si
2907 5550 3048 5604 illam
3068 5590 3081 5615 ,
3114 5550 3190 5602 uti
3212 5548 3291 5613 lit,
3315 5560 3403 5599 re-

200 5667 525 5718 cognoscere
547 5653 808 5716 volueris,
837 5660 950 5709 tota
979 5651 1096 5717 tibi,
1129 5667 1248 5721 quae
1275 5664 1663 5720 nonnunquam
1693 5660 1775 5706 cst
1808 5649 2091 5715 immensa,
2124 5646 2480 5719 pervolvcnda
2516 5644 2810 5715 disputatio
2843 5651 2944 5698 est.
2974 5641 3129 5697 Nunc
3155 5650 3403 5696 notarum
