3778 6280
364 305 430 358 19
1636 306 2056 363 TESTIMONIA
2104 307 2455 362 VETERUM.
3541 306 3610 358 9.0

365 423 576 476 illarum
607 421 952 491 capitumque
976 421 1298 490 compendio
1328 420 1472 485 licet,
1501 437 1607 474 non
1637 430 1845 474 tantum
1872 435 1977 489 qua
2010 436 2072 473 ex
2100 420 2291 475 haeresi
2324 422 2503 475 locum
2534 420 2684 475 illum
2710 420 3020 484 adduxeris,
3046 419 3139 474 sed
3165 419 3327 473 etiam
3356 404 3525 487 quoto
3544 434 3610 471 ex

364 514 585 568 haeresis
612 528 859 575 numero,
893 511 972 565 vel
1007 511 1279 565 ascribere
1307 511 1485 581 ipsum
1523 512 1605 564 vel
1631 512 1926 579 ascriptum
1978 512 2045 565 ab
2076 512 2198 565 aliis
2246 513 2396 566 nullo
2446 513 2660 580 negotio
2696 512 2954 582 reperire.
2997 510 3152 577 Quod
3182 511 3227 565 si
3261 510 3393 563 mihi
3427 510 3478 563 id
3510 523 3610 563 oc-

364 606 627 660 currisset
664 605 837 670 initio,
866 605 931 659 de
959 620 1089 674 quo,
1121 604 1313 659 allecto
1338 606 1449 675 jam
1481 620 1663 675 opere,
1692 606 1911 658 venitin
1947 613 2204 669 mentem,
2228 606 2389 659 etiam
2423 604 2746 661 Basileensis
2773 606 3026 660 editionis
3056 604 3281 675 paginas
3308 603 3374 657 ad
3404 603 3611 671 margi-

364 714 488 753 nem
515 706 712 754 nostra:
742 698 904 769 hujus
930 698 1282 760 addidissem.
1308 707 1526 768 propter
1555 713 1651 753 eos
1692 698 1943 753 videlicet
1985 709 2237 755 auctores
2260 743 2275 765 ,
2313 700 2404 770 qui
2445 716 2567 755 cum
2605 698 2891 768 Epiphanii
2937 699 3115 752 locum
3157 697 3395 765 aliquem
3426 694 3609 761 profe-

363 803 513 859 runt,
542 793 861 864 paginarum
893 792 1080 846 eadem
1110 808 1177 846 ex
1205 791 1444 846 editione
1468 807 1756 846 numerum
1776 792 1981 847 utiliter
2002 792 2285 847 adnotant.
2307 792 2488 858 Quare
2516 791 2661 847 istud
2688 792 2740 845 in
2771 792 2874 845 alia
2893 830 2907 855 ,
2938 791 2984 844 si
3011 805 3095 845 res
3119 789 3337 853 tulerit,
3369 788 3612 844 editione

366 885 671 941 faciendum
695 885 981 939 suaserim.

437 978 518 1032 Tu
552 977 734 1041 velim,
764 976 1029 1031 catholice
1062 992 1128 1033 ac
1160 976 1391 1031 candide
1419 975 1616 1031 Lector
1657 977 1856 1046 (neque
1872 977 2017 1030 enim
2038 976 2287 1046 pluribus
2315 986 2363 1030 te
2380 974 2641 1047 detineo),
2661 976 2727 1029 ad
2750 975 2889 1030 hanc
2911 974 3339 1030 lucubrationem
3361 982 3611 1029 nostram

364 1074 446 1129 sic
477 1072 728 1136 accedas,
756 1080 816 1125 ut
845 1070 1140 1141 intelligas,
1162 1087 1338 1141 neque
1376 1071 1511 1124 nihil
1550 1087 1581 1125 a
1616 1072 1776 1126 nobis
1805 1089 1926 1128 esse
1953 1081 2235 1142 peccatum
2270 1089 2283 1124 :
2312 1080 2364 1125 et
2394 1071 2438 1124 si
2466 1086 2588 1140 quae
2622 1071 2675 1124 in
2701 1071 2790 1124 illa
2830 1071 3123 1125 commissa
3159 1069 3605 1140 deprehenderis,

363 1182 429 1221 ea
458 1165 704 1236 pluribus
731 1179 855 1219 cum
892 1162 1051 1217 bonis
1080 1181 1093 1216 :
1132 1162 1177 1217 si
1196 1163 1358 1217 modo
1387 1163 1543 1231 plura
1574 1164 1708 1217 mibi
1734 1165 1876 1218 bona
1903 1172 2033 1219 sunt
2065 1182 2079 1218 :
2113 1172 2207 1218 aut
2231 1164 2533 1233 aequalibus
2553 1202 2569 1223 .
2605 1162 3022 1231 paucioribusve
3051 1176 3371 1231 compenses
3397 1177 3410 1212 :
3442 1169 3610 1230 atque

365 1259 452 1313 his
503 1257 701 1320 fruare,
752 1254 858 1310 illis
897 1256 1111 1309 veniam
1156 1255 1365 1311 tribuas
1416 1271 1430 1307 :
1475 1272 1574 1326 pro
1628 1256 1886 1326 aequitate
1938 1264 2032 1310 tua
2092 1256 2327 1325 denique
2374 1255 2581 1324 majora
2621 1265 2675 1308 et
2722 1254 2938 1308 utiliora
2970 1253 3227 1321 deinceps
3265 1268 3295 1307 a
3322 1252 3481 1308 nobis
3511 1268 3611 1309 ex-

365 1361 592 1423 spectes.

618 1681 764 1768 DE
841 1677 1515 1769 EPIPHANIO
1590 1680 2167 1771 VETEBUM
2242 1677 2694 1771 ELOGIA
2770 1674 3346 1783 QUIEDAM.

1267 2021 1619 2094 Hieronymus
1643 2024 1778 2077 libro
1813 2024 1886 2080 De
1907 2025 2264 2095 scriptoribus
2291 2025 2695 2080 ecclesiasticis.

439 2136 800 2206 Epiphanius,
817 2132 1297 2206 CypriSalaminae
1327 2134 1637 2206 episcopus,
1668 2136 1889 2207 scripsit
1917 2138 2210 2193 adversum
2231 2153 2421 2194 omnes
2463 2139 2695 2193 haereses
2726 2138 2895 2193 libros
2914 2178 2927 2200 ,
2953 2147 3008 2193 et
3037 2139 3207 2194 multa
3233 2140 3358 2205 alia,
3388 2155 3509 2209 qua:
3543 2142 3614 2196 ab

377 2229 605 2284 eruditis
631 2236 849 2298 prOpter
882 2240 989 2287 res,
1025 2241 1056 2278 a
1086 2224 1511 2295 simplicioribus
1537 2236 1756 2296 propter
1780 2229 1943 2283 verba
1978 2229 2309 2284 lectitantur.
2344 2229 2601 2300 Superest
2653 2245 2825 2299 usque
2853 2229 3048 2295 hodie,
3077 2242 3131 2286 et
3173 2230 3227 2285 in
3250 2240 3493 2286 extrema
3526 2248 3614 2287 se-

369 2332 587 2380 nectute
616 2326 768 2381 varia
797 2329 947 2384 cudit
978 2344 1165 2400 opera.

1367 2422 1519 2479 Idem
1550 2424 1796 2494 apologia
1832 2426 2063 2479 secunda
2099 2424 2300 2480 Contra
2333 2424 2613 2479 Ruﬁnum.

439 2511 562 2567 Non
591 2514 691 2569 tibi
714 2514 1140 2586 suﬂicitpassim
1188 2526 1378 2572 contra
1415 2532 1606 2572 omnes
1646 2518 1942 2583 detractio,
1970 2519 2077 2573 nisi
2121 2518 2426 2587 specialiter
2456 2528 2645 2573 contra
2694 2518 2909 2573 beatum
2946 2524 2999 2571 et
3060 2515 3328 2587 insignem
3354 2512 3613 2569 Ecclesia

371 2603 708 2658 sacerdotem
732 2605 855 2676 styli
896 2606 974 2661 tui
1001 2607 1245 2662 lanceam
1275 2608 1517 2678 dirigas?
1543 2606 1678 2674 Quis
1702 2608 1813 2674 ille,
1838 2610 1933 2679 qui
1955 2610 2105 2665 velut
2134 2609 2513 2665 necessitatem
2540 2608 2945 2680 evangelizandi
2968 2622 3062 2677 per
3093 2622 3284 2664 omnes
3310 2616 3497 2678 gentes
3516 2650 3529 2671 ,
3556 2618 3613 2662 et

370 2712 465 2767 per
495 2712 686 2753 omnes
724 2699 941 2771 linguas
971 2701 1168 2756 habere
1217 2717 1277 2758 se
1315 2711 1471 2773 putat
1497 2703 1564 2758 de
1602 2701 1834 2774 Origene
1871 2706 2012 2760 male
2044 2703 2337 2774 loquendi:
2371 2704 2465 2774 qui
2501 2717 2592 2758 sex
2620 2704 2789 2757 millia
2829 2702 3091 2757 librorum
3128 2702 3247 2772 ejus
3294 2716 3353 2757 se
3377 2702 3611 2773 legisse,

370 2789 771 2858 quamplurima
804 2791 1033 2847 fratrum
1062 2792 1411 2850 multitudine
1445 2793 1715 2858 audiente,
1750 2796 2032 2849 confessus
2056 2793 2178 2849 est?

445 2883 593 2938 Mox.
620 2881 851 2937 Crimini
881 2886 929 2939 ei
961 2886 1201 2942 dandum
1234 2896 1337 2954 est,
1380 2903 1553 2959 quare
1581 2886 1851 2953 Graecam,
1878 2885 2095 2956 Syram,
2129 2895 2183 2939 et
2234 2883 2512 2940 Hebrazam
2535 2925 2550 2950 ,
2576 2893 2632 2938 et
2653 2883 3033 2954 Egyptiacam
3054 2884 3321 2955 linguam,
3357 2899 3422 2938 ex
3459 2893 3615 2953 parte

372 2984 429 3029 et
459 2973 706 3028 Latinam
738 2976 972 3040 noverit,
998 2988 1084 3032 etc

446 3064 681 3119 Meminit
710 3074 761 3119 et
787 3070 985 3135 passim
1005 3112 1020 3133 ,
1057 3079 1114 3123 ut
1142 3071 1195 3123 in
1226 3068 1473 3139 Epistola
1513 3068 1573 3124 61
1613 3078 1796 3123 contra
1826 3067 2086 3123 Joannem
2102 3068 2389 3133 Hierosol.,
2423 3068 2475 3121 in
2503 3066 2791 3139 Epitaphio
2814 3069 3012 3137 Paula,
3043 3070 3101 3123 in
3134 3067 3255 3124 Vita
3285 3066 3603 3137 Hilarionis,

372 3168 421 3213 et
450 3158 573 3212 aliis
598 3160 652 3212 in
686 3159 840 3215 locis.
1646 3172 1651 3175 “

1238 3260 1570 3329 Augustinus
1602 3261 1735 3313 libro
1758 3260 1834 3314 De
1862 3258 2175 3323 baeresibus,
2212 3258 2278 3313 ad
2305 3257 2754 3324 Quodvultdenm.

446 3365 630 3438 Usque
657 3369 723 3424 ad
753 3372 883 3424 istos
910 3385 1038 3439 ergo
1071 3371 1145 3425 De
1173 3372 1456 3427 hreresibus
1492 3388 1628 3444 Opus
1646 3388 1805 3428 suum
1833 3372 2081 3442 perduxit
2109 3371 2452 3441 supradictus
2482 3369 2841 3441 Epiphanius,
2871 3372 3157 3443 episcopus
3185 3373 3437 3445 Cyprius,
3468 3376 3615 3446 apud

377 3458 595 3515 Graecos
625 3461 765 3516 inter
796 3478 1022 3531 magnos
1053 3464 1288 3531 habitus,
1321 3480 1374 3522 et
1407 3484 1438 3521 a
1465 3469 1651 3523 multis
1677 3468 1730 3522 in
1761 3468 2039 3522 catholicae.
2065 3468 2183 3522 ﬁdei
2209 3468 2441 3522 sanitate
2467 3466 2737 3521 laudatus.
3044 3466 3045 3471 “

446 3552 653 3607 Cretera
677 3554 880 3621 quae-de
908 3554 1197 3627 Epipltanii
1222 3576 1371 3628 opere
1398 3562 1575 3615 eodem
1601 3563 1655 3615 in
1695 3561 1828 3614 libro
1857 3569 2225 3614 commemorat
2251 3560 2598 3630 Augustinus,
2631 3560 2684 3611 in
2718 3557 2958 3629 Epistola
2980 3576 3140 3629 supra
3162 3578 3194 3615 a
3226 3565 3372 3617 nobis
3413 3565 3590 3619 allata

377 3656 423 3699 οι
448 3662 669 3699 επιιεδα
707 3656 848 3701 sunt.

1614 3722 1933 3779 Sosomenus
1968 3725 2055 3778 lio.
2092 3740 2187 3790 vn,
2211 3740 2256 3777 c.
2284 3722 2373 3777 26.

447 3806 551 3862 Per
580 3808 722 3864 idem
758 3819 971 3881 tempus
1001 3812 1334 3884 Epiphanius
1363 3817 1790 3886 metropolitanee
1834 3816 1939 3887 Cy-

2126 3816 2255 3888 [Ispl
2282 3815 2339 3869 δὲ
2374 3814 2564 3869 τοῦτον
2591 3816 2683 3869 τὸν
2708 3808 2897 3887 χρόνον
2913 3815 3007 3868 καὶ
3047 3816 3358 3884 Ἐπιφάνιος
3385 3816 3487 3887 τῆς
3508 3816 3618 3870 Κυ-

378 3893 620 3963 priorum
669 3893 925 3952 Ecclesiae
976 3910 1221 3968 praeerat.
1253 3899 1425 3965 Quem
1481 3917 1588 3955 non
1633 3902 1796 3957 modo
1826 3904 1870 3956 vi

2132 3908 2229 3961 ίων
2254 3907 2549 3960 ἐπεσκόπει
2575 3907 2962 3978 μητροπόλεως
2980 3925 2994 3939 ⁶
3026 3908 3085 3961 ὃν
3110 3909 3171 3961 οὐ
3208 3910 3366 3979 μόνον
3387 3910 3456 3964 τὰ
3487 3914 3618 3983 περὶ

377 3985 709 4052 institutum,
734 4002 798 4042 ac
826 3989 1097 4057 prmelarae
1126 3990 1351 4047 virtutes
1378 3993 1644 4064 insignem
1702 3996 1869 4050 reddit

2127 4017 2143 4051 ι
2176 3999 2450 4053 πολιτείαν
2473 4000 2741 4070 ἐπίσημον
2773 4000 2865 4053 ἐπὶ
2884 4001 3104 4072 ἀρεταῖς
3135 4002 3433 4066 ἀπέδειξεν,
3478 4004 3619 4058 ἀλλά

376 4085 538 4141 runt;
571 4077 667 4132 sed
696 4090 749 4132 et
776 4078 1037 4134 miracula
1070 4080 1207 4150 ipsa,
1232 4098 1355 4151 qua:
1388 4085 1586 4153 partim
1618 4085 1742 4139 vivo
1770 4088 1868 4140 adh

2123 4093 2142 4145 ὶ
2173 4094 2273 4146 ὅσα
2302 4091 2581 4164 παράδοξα
2606 4091 2806 4156 ζῶντος
2828 4093 3013 4157 αὑτοῦ,
3045 4093 3140 4147 καὶ
3175 4094 3311 4165 μετὰ
3337 4095 3615 4168 τελευτὴν,

380 4167 522 4233 ipso,
554 4167 749 4235 partim
785 4178 907 4235 post
930 4168 1049 4238 ejus
1078 4170 1284 4225 obitum
1314 4170 1459 4228 Deus
1500 4173 1555 4227 in
1582 4174 1753 4244 ipsius
1778 4176 1872 4229 hor

2125 4183 2219 4237 ιῶν
2268 4184 2358 4237 τὸν
2404 4184 2574 4256 ἄνδρα
2620 4186 2649 4236 ό
2703 4184 2835 4247 Θεὸς
2864 4185 3199 4239 ἐπετέλεσεν.
3266 4185 3617 4239 Ἀποθανόντι

379 4274 494 4313 rem
525 4258 712 4314 edidit.
744 4259 959 4315 Mortuo
987 4261 1131 4317 enim
1160 4262 1274 4327 illo,
1329 4263 1475 4334 quod
1530 4265 1709 4321 adhuc
1755 4282 1871 4336 supr

2129 4296 2181 4346 ρ,
2210 4274 2238 4326 ὃ
2268 4276 2343 4347 μὴ
2381 4275 2619 4346 περιόντι
2643 4275 2869 4346 ὑπῆρξε,
2908 4275 3063 4343 λόγος
3105 4277 3195 4330 ἐπὶ
3219 4276 3296 4348 τῷ
3323 4277 3479 4347 τάφῳ
3515 4277 3618 4330 αὺ-

378 4350 505 4405 stite
538 4365 648 4405 non
676 4354 997 4422 contigerat,
1032 4352 1175 4409 fama
1228 4364 1309 4412 est
1366 4356 1634 4427 hodieque
1675 4358 1870 4413 daemor

2125 4370 2146 4423 5
2194 4371 2357 4425 εἰσέτι
2406 4370 2503 4425 νῦν
2552 4370 2810 4440 δαίμονας
2854 4366 3267 4432 ἀπελαύνεσθαι,
3319 4368 3412 4421 καὶ
3447 4367 3617 4431 ἰάσεις

380 4443 447 4497 ad
475 4443 595 4513 ejus
630 4445 941 4514 sepulcrum
971 4444 1170 4516 fugari,
1217 4461 1283 4501 ac
1322 4448 1611 4502 nonnullas
1640 4449 1872 4503 curation

2124 4463 2200 4526 νὰς
2222 4463 2485 4532 γενεσθαι.
2517 4462 2607 4516 Ἐν
2630 4455 2674 4529 ᾧ
2702 4463 2797 4514 καὶ
2828 4458 2935 4523 ζῶν
2968 4457 3249 4527 ἐτύγχανε,
3280 4457 3448 4511 πολλὰ
3482 4457 3616 4510 θαυ-

380 4534 518 4590 lieri.
554 4534 657 4592 Sed
679 4547 733 4592 et
773 4538 975 4592 viventi
1002 4540 1302 4594 etiamnum
1353 4540 1520 4595 multa
1564 4540 1808 4612 prodigia
1853 4552 1872 4596 ι

1258 4555 1302 4593 Ill
1353 4540 1520 4595 ωυιω
1564 4540 1808 4612 prodigia
1853 4543 1949 4596 ῑΐί-
2057 4557 2225 4627 μάσια
2252 4556 2401 4626 αὑτῷ
2422 4553 2750 4609 ἀνατιθέασι.

380 4627 643 4684 buuntur.
683 4626 813 4684 Vide
841 4631 1032 4686 ibidem
1058 4632 1280 4702 reliqua.

453 4838 772 4895 Mentionem
800 4842 1031 4912 ejusdem
1062 4844 1189 4912 facit
1223 4852 1271 4897 et
1296 4842 1565 4909 Socrates,
1597 4843 1688 4898 lib.
1724 4860 1795 4906 vr,
1822 4860 1937 4911 cap.
1966 4844 2054 4909 10,
2082 4844 2167 4909 Η,
2198 4843 2253 4895 in
2281 4842 2504 4894 historia
2529 4839 2908 4911 Chrysostomi.
2952 4839 3272 4895 Sozomenus
3301 4852 3501 4907 quoque
3518 4836 3615 4891 lib.

380 4947 499 4995 vui,
532 4947 647 4999 cap.
679 4932 768 4995 14,
802 4942 851 4986 et
873 4949 936 4986 ea:
963 4933 1071 4985 illis
1096 4932 1425 5002 Nicephorus
1462 4934 1553 4987 lib.
1580 4950 1702 4999 xm,
1731 4950 1848 5002 cap.
1904 4932 1993 4987 i2.
2023 4933 2127 4987 Sed
2164 4932 2379 4986 cavendi
2411 4932 2573 5008 iidem~
2617 4931 2699 4985 illi
2726 4932 3003 4999 scriptores
3030 4972 3045 4996 ,
3089 4931 3217 4983 dum
3260 4928 3616 4997 Epiphaniam

382 5024 616 5093 referunt
652 5024 1313 5094 Anthropomorphitarum
1358 5028 1513 5080 initio
1565 5028 1796 5098 dogmati
1840 5028 2176 5081 inharrentem
2199 5068 2213 5093 ,
2258 5036 2307 5081 et
2344 5044 2375 5079 a
2403 5026 2682 5095 Theophila
2712 5042 2940 5079 errorem
2974 5024 3273 5087 dedoctum,
3299 5022 3466 5076 eidem
3493 5038 3617 5091 pro-

381 5127 559 5187 pterea
591 5118 809 5186 favisse,
840 5130 997 5189 atque
1025 5118 1303 5189 Origenem
1354 5121 1656 5179 damnasse.
1713 5120 1933 5176 Fallunt
1970 5125 2145 5187 enim,
2197 5130 2290 5175 aut
2336 5121 2601 5191 falluntur
2642 5121 2879 5173 historici
2928 5121 3011 5175 illi
3041 5101 3271 5191 ~Origeni
3311 5120 3614 5188 plus'azquo

382 5208 572 5273 dediti,
612 5219 661 5264 et
689 5227 805 5265 eam
830 5213 941 5264 viro
976 5212 1310 5265 sanctissimo
1359 5230 1422 5267 ac
1449 5215 1753 5268 doctissimo
1801 5214 2122 5268 calumniam
2164 5225 2464 5284 aspergunt,
2490 5231 2648 5285 quam
2674 5212 2962 5267 Catholicis
3005 5214 3266 5281 imponere
3300 5214 3451 5282 vulgo
3486 5210 3614 5265 Ori-

386 5305 602 5374 genistte
627 5316 1037 5370 consueverant;
1071 5308 1150 5359 uti
1175 5307 1427 5361 nimirum
1468 5308 1637 5363 Deum
1658 5311 1721 5363 ab
1752 5309 1862 5363 illis
1900 5325 2236 5379 corporeum,
2270 5314 2333 5363 ac
2382 5312 2627 5365 membris
2663 5312 2772 5364 suis
2825 5312 3053 5363 humano
3114 5325 3255 5363 more
3292 5318 3615 5361 constantem

387 5396 552 5465 ﬁngi,
579 5396 903 5464 impudenter
944 5410 1253 5453 assererem.
1306 5399 1450 5453 Nam
1495 5401 1560 5454 ab
1593 5402 1733 5456 omni
1777 5402 1875 5455 huc
1931 5403 2130 5456 invidia
2158 5401 2511 5471 Epiphaniam
2547 5403 2781 5457 sublevat
2831 5402 3177 5471 Hieronymus
3203 5402 3424 5473 epis’tola
3450 5398 3510 5453 6|
3546 5399 3614 5452 ad

389 5487 793 5545 Pammachium
841 5501 1024 5546 contra
1074 5492 1335 5547 Joannem
1377 5492 1643 5550 Hierosol.
1703 5496 1825 5549 Vide
1855 5495 2092 5551 Annales
2139 5496 2336 5549 Baron.
2372 5513 2509 5549 anno
2545 5498 2837 5563 pra'sertim
2885 5496 2987 5551 592
3029 5506 3079 5551 et
3110 5497 3232 5554 395.
3260 5494 3363 5551 Sed
3387 5505 3435 5548 et
3480 5494 3618 5548 alios

386 5582 647 5653 deinceps,
675 5586 727 5639 in
755 5588 941 5657 quibus
975 5589 1258 5659 Epiphanii
1281 5597 1426 5660 gesta
1454 5591 1804 5658 prosequitur.

1092 5688 1459 5758 [Meminerant
1488 5687 1597 5758 ejus
1624 5698 1872 5755 prseterea
1910 5696 1961 5741 et
1988 5684 2219 5741 Nicwna:
2249 5686 2433 5755 synodi
2468 5685 2709 5742 secunda:
2737 5680 2919 5755 Acta.]
