3800 6180
159 284 219 339 21
1376 275 1807 334 TESTIMONIA
1838 271 2190 329 VETERUM.
3315 266 3396 320 22

1252 386 1335 441 Ex
1371 388 1704 443 Bibliotheca
1730 386 1930 450 Photii,
1962 384 2083 440 cod.
2130 397 2308 436 cxxtv.

226 498 566 572 Ἀνεγνὼσθη
593 501 915 572 Ἐπιφανῐου
943 500 1038 553 τοῦ
1085 500 1386 568 ἀγιωτάτου
1428 500 1727 553 ἐπισκόπου

1902 496 2063 551 Lecta
2092 504 2221 549 sunt
2250 490 2579 548 sanctissimi
2609 488 2892 560 Epiphanii
2950 488 3186 543 Panaria
3216 490 3395 545 tribus

159 592 225 643 τὰ
266 589 530 657 Πανὰρια
558 592 615 642 ὲν
648 589 860 659 τεύχεσι
890 589 988 659 μὲν
1030 588 1197 660 τρισὶ,
1244 589 1430 659 τὸμοις
1476 589 1533 642 δὲ
1566 589 1724 652 ἑπτὰ,

163 681 301 735 κατὰ
324 682 592 752 αἱρέσεων
622 681 679 734 δὲ
702 681 1049 752 ὀγδοήκοντα.
1085 682 1342 751 Ἀρχεται
1372 681 1467 751 μὲν
1496 681 1602 734 ἀπὸ
1633 679 1725 734 τοῦ

162 772 576 844 Βαρϐαρισμοῦ,
617 773 826 826 κάτεισι
858 773 915 825 δὲ
966 772 1123 844 μέχρι
1165 772 1275 824 τῶν
1318 772 1725 826 Μεσσαλιανῶν.

165 862 385 915 Πάντων
411 862 468 913 δὲ
493 861 601 914 τῶν
622 862 727 933 πρὸ
754 862 916 916 αὐτοῦ
941 862 1083 916 κατά
1109 862 1368 934 αἱρέσεων
1396 862 1730 932 καταϐεϐλη-

166 954 335 1007 κότων
369 954 564 1018 πόνους
598 954 929 1025 πλατύτερός
960 970 1020 1005 τε
1053 953 1146 1007 καὶ
1167 952 1605 1025 χρησιμώτερος·
1647 954 1728 1005 ὅτι

168 1046 308 1116 ἅπερ
333 1062 394 1098 τε
421 1044 649 1108 ἐκείνοις
677 1044 885 1116 ὲῤῥήθη
932 1045 993 1097 τὸ
1018 1046 1284 1115 χρήσιμον
1314 1044 1523 1114 ἔχοντα,
1578 1038 1729 1106 οὗτος

167 1134 223 1187 οὐ
279 1134 662 1205 παραλέλοιπε,
706 1136 801 1187 καὶ
834 1134 889 1186 εί
941 1151 995 1186 τι
1054 1133 1433 1205 προσεξευρεῖν
1468 1132 1726 1203 ἠδυνήθη,

167 1224 489 1295 προσέθηκε.
517 1224 625 1294 Τὴν
649 1224 704 1277 δὲ
734 1225 933 1295 φράσιν
958 1225 1216 1287 ταπεινός
1246 1241 1303 1276 τε
1350 1224 1442 1276 καὶ
1477 1218 1564 1277 οἷα
1585 1224 1730 1285 εἰκὸς

167 1314 416 1385 Ἀττικῆς
442 1314 690 1377 παιδείας
717 1315 1065 1385 ἀμελέτητος.
1118 1315 1375 1383 Ἀσθενὴς
1416 1314 1474 1366 δὲ
1525 1316 1589 1367 ὲκ
1635 1320 1728 1366 τοῦ

164 1406 255 1457 ἐπὶ
294 1405 538 1458 πλεῖστον
563 1408 621 1459 ὲν
652 1409 771 1470 ταῖς
803 1408 943 1460 κατά
999 1408 1106 1463 τῶν
1145 1405 1419 1460 δυσσεϐῶν
1470 1406 1730 1474 αἱρέσεως

166 1497 524 1567 συμπλοκαῖς.
554 1498 804 1569 Ἐνιαχοῦ
836 1499 1015 1568 μέντοι
1048 1497 1322 1568 ἀριστεύει
1376 1499 1495 1558 ταῖς
1548 1494 1731 1548 ἐπιϐο-

166 1589 305 1652 λαῖς,
340 1591 388 1641 εί
420 1588 644 1642 καὶτῶν
675 1592 936 1661 ῥημάτων
975 1590 1143 1660 αὐτῷ,
1173 1587 1385 1657 καὶτῆς
1430 1585 1731 1653 συντάξεως

161 1678 318 1733 οὐδὲν
349 1681 409 1733 τὸ
436 1681 629 1752 ἰδίωμα
650 1681 1085 1752 συμϐελτιοῦται.

1833 584 2223 655 comprehensa
2260 580 2649 645 voluminibus,
2681 580 2843 634 tomis
2877 590 3103 648 septem,
3134 578 3395 633 adversus

1832 678 2067 732 haereses
2089 690 2251 727 Lxxx.
2284 672 2501 727 Initium
2544 670 2699 725 duxit
2744 684 2775 722 a
2804 669 3171 737 Barbarismo,
3214 678 3268 724 et
3328 672 3395 722 ad

1834 767 2189 822 Messalianos
2216 778 2390 834 usque
2416 761 2684 832 pervenit.
2710 761 2808 816 Hic
2836 760 3112 825 omnibus,
3146 760 3238 831 qui
3272 769 3399 815 ante

1834 860 2013 931 ipsum
2065 857 2324 912 adversus
2364 856 2599 911 haereses
2629 852 3033 908 lucubrationes
3088 853 3395 915 ediderunt,

1836 951 2053 1005 uberior
2085 957 2248 1019 atque
2288 948 2475 1001 utilior
2508 956 2608 1001 est.
2639 946 2775 1001 Nam
2815 961 2916 1001 nec
2944 960 3008 1000 ea
3030 946 3395 1015 praetermisit,

1836 1053 2172 1108 quaecunque
2200 1037 2269 1092 ab
2296 1037 2418 1092 aliis
2442 1036 2658 1107 prodita
2687 1036 2940 1091 utilitatis
2990 1034 3193 1105 aliquid
3227 1037 3399 1090 conti-

1836 1138 1967 1184 nent
2006 1147 2020 1184 :
2055 1136 2109 1184 et
2137 1130 2252 1198 ipse
2282 1144 2404 1199 quae
2430 1128 2607 1198 potuit
2648 1143 2678 1181 a
2706 1142 2767 1183 se
2794 1126 3097 1196 excogitata
3126 1126 3231 1181 illis
3250 1126 3399 1181 addi-

1837 1218 1931 1272 dit.
1959 1218 2144 1274 Genus
2174 1218 2385 1273 dicendi
2420 1217 2646 1281 humile,
2682 1226 2737 1271 et
2775 1215 3081 1286 cujusmodi
3122 1215 3241 1284 ejus
3279 1230 3401 1269 esse

1836 1317 2032 1379 potest,
2059 1308 2153 1378 qui
2183 1309 2374 1363 Atticae
2402 1307 2665 1363 doctrinae
2690 1308 2844 1362 rudis
2870 1306 3156 1362 exstiterit.
3192 1305 3296 1361 Sed
3348 1315 3400 1359 et

1838 1400 1892 1453 in
1922 1399 2268 1454 confutandis
2329 1400 2628 1455 haeresibus
2681 1400 3000 1470 plerumque
3049 1414 3243 1454 nervos
3291 1414 3402 1454 non

1838 1488 2020 1542 habet.
2052 1486 2375 1559 Quanquam
2432 1488 2703 1543 interdum
2760 1488 3223 1559 praestantissimis
3281 1489 3400 1542 illas

1838 1579 2139 1634 rationibus
2191 1594 2254 1634 ac
2284 1579 2565 1635 sententiis
2591 1579 2897 1649 aggreditur
2929 1596 2941 1630 :
2982 1578 3083 1633 etsi
3113 1579 3279 1633 nihilo
3318 1578 3400 1632 di-

1838 1670 1946 1725 ctio
1975 1669 2047 1726 sit
2082 1679 2245 1740 atque
2269 1671 2532 1726 orationis
2566 1680 2864 1737 structura,
2925 1681 3020 1727 aut
3064 1673 3234 1742 stylus
3288 1672 3399 1741 ipse

1839 1761 2195 1815 commodior.
2674 1744 2685 1761 ’

231 1857 578 1930 Ἀνεγνώσθη
598 1858 691 1912 τοῦ
718 1860 880 1913 αὑτοῦ
908 1862 935 1913 ὁ
972 1858 1342 1930 Ἀγκυρωτὸς,
1373 1856 1591 1927 σύνοψις
1618 1855 1726 1910 ῶσ-

1900 1850 2156 1920 Legimus
2185 1860 2238 1905 et
2267 1851 2508 1921 ejusdem
2544 1852 2892 1919 Ancoratum,
2932 1866 3053 1922 quze
3082 1861 3166 1908 est
3190 1866 3399 1907 summa

164 1966 271 2021 περ
299 1951 407 2003 τῶν
432 1953 742 2020 Παναρίων
770 1952 1103 2024 ὑπάρχουσα.

174 2194 275 2246 Ἐκ
303 2192 410 2246 τοῦ
438 2194 816 2262 Mne-0.107401)
835 2233 849 2258 ,
875 2192 1069 2262 μηνὸς
1109 2193 1319 2262 Μαΐου.
1352 2220 1422 2262 —_-—
1465 2187 1547 2253 Τῷ
1578 2186 1736 2262 αὐτῷ

231 2263 337 2325 ιβ’.
376 2261 487 2316 Τοῦ
522 2258 602 2315 ἐγ
654 2258 840 2331 ἁγίοις
876 2258 1112 2329 ’Πατρός
1172 2260 1338 2329 ἡμῶν
1391 2258 1735 2327 Ἐπιφανίου

231 2333 711 2401 ἀρχιεπισκόπου
742 2333 1157 2397 Κωγσταντίας
1191 2332 1451 2398 Κύπρου.

837 2425 884 2476 Σ
888 2424 944 2476 τί
947 2440 1073 2492 χος.

308 2512 525 2577 dem-sic
562 2511 903 2580 Ἐπιφάνιος
922 2512 991 2564 ἐν
1022 2512 1235 2579 Κύπρῳ
1255 2509 1461 2580 μέγας,

309 2581 500 2647 meo;
524 2582 659 2649 παρ’
687 2578 840 2650 αὐτῇ
870 2582 966 2634 καὶ
997 2578 1193 2650 θανὼν
1221 2578 1349 2649 ἔχει
1369 2578 1543 2650 μέγα.

314 2650 395 2719 Τῇ
417 2644 843 2719 ὃύοκαὶδεκὰτῇ
880 2649 1231 2719 Ἐπιφάνιον
1253 2644 1442 2718 ῖιόρος
1456 2644 1654 2702 ἐἷλε-ν.

236 2736 414 2805 Οὗτος
450 2744 479 2794 ὁ
502 2742 673 2813 μέγας
716 2742 810 2794 καὶ
863 2740 1171 2811 θαυμαστὸς
1204 2740 1517 2809 Ἐπιφάνιος
1554 2739 1736 2810 χώρας

166 2835 360 2903 γέγονε
411 2834 683 2905 Φοινίκης,
748 2835 813 2887 ὲκ
845 2833 1171 2905 περιοικίδος
1220 2833 1733 2904 Ἐλευθεροπόλεως,

167 2925 374 2993 γονέων
402 2926 740 2997 αὑτουργῶν.
777 2925 1015 2994 Τραφεὶς
1048 2924 1104 2976 δὲ
1133 2926 1190 2977 ὲν
1236 2924 1381 2996 οἰκίᾳ
1415 2926 1602 2995 μικρᾷ,
1643 2924 1737 2977 καῖ⁴

164 3018 286 3070 οἷαν
325 3016 500 3087 ἔχοιεν
532 3017 759 3087 πένητες
816 3015 1123 3086 ἄνθρωποι,
1161 3017 1254 3069 καὶ
1282 3015 1529 3086 γηπόνοι,
1577 3013 1737 3077 αὐτὸς

165 3112 230 3179 τῇ
267 3109 416 3163 κατά
448 3109 581 3162 Θεὸν
622 3107 916 3178 διέλαμψεν
962 3109 1150 3178 ἀρετῇ,
1182 3106 1273 3161 καὶ⁴
1306 3108 1383 3169 εἰς
1415 3107 1473 3159 τὸ
1506 3105 1738 3177 ἀκρότα-

165 3219 254 3255 τον
290 3201 427 3270 ὕψος
450 3200 550 3267 τῆς
569 3200 687 3253 κατ’
718 3199 994 3252 εὐσέϐειαν
1022 3199 1269 3270 προήχθη
1296 3198 1584 3261 πολιτείας.
1617 3197 1737 3250 Τῶν

167 3293 274 3365 γὰρ
314 3293 524 3361 γονέων
554 3291 718 3344 αὐτοῦ
745 3294 809 3362 τῇ
837 3290 929 3345 τοῦ
961 3290 1126 3361 νόμου
1156 3290 1618 3359 έναπομεινάντων
1645 3289 1739 3341 λα-

166 3385 324 3455 τρεία
352 3384 449 3437 καὶ
478 3384 624 3452 σκιᾷ,
656 3383 749 3435 xui.
781 3380 853 3452 μὴ
874 3380 1207 3451 δυνηθέντων
1251 3378 1374 3432 ἰδεῖν
1417 3379 1477 3431 τὸ
1503 3379 1616 3447 φῶς
1640 3379 1737 3449 τῆς

1841 1945 2085 2013 quaedam
2114 1943 2491 1999 Panariorum.

1838 2182 1923 2235 Ea:
1955 2180 2593 2252 Menologt'oGrarcorum.
2617 2211 2684 2221 —
2700 2179 2901 2252 Eodem
2925 2199 3099 2237 mense
3128 2184 3292 2247 Maio,
3319 2186 3404 2239 die

1906 2268 2001 2325 ζει,
2032 2251 2205 2325 sancti
2245 2251 2425 2325 Patris
2458 2253 2626 2305 nostri
2688 2251 2974 2322 Epiphanii
3028 2256 3404 2325 archiepiscopi

1907 2321 2230 2376 Constantia:
2263 2323 2317 2375 in
2341 2321 2532 2391 Cypro.

2513 2411 2727 2467 Versus.

1906 2505 2233 2575 Epiphanius
2256 2506 2312 2557 in
2338 2503 2510 2573 Cypro
2536 2505 2713 2574 magni
2739 2506 2963 2560 nominis
2983 2507 3107 2560 dum
3125 2509 3334 2574 viveret,

1907 2575 2085 2629 Etiam
2116 2575 2242 2643 fatis
2279 2576 2488 2644 functus
2518 2576 2656 2644 apud
2699 2576 2866 2643 ipsam
2912 2593 3131 2642 magnus
3166 2578 3401 2635 habetur.

1908 2645 2006 2699 Die
2036 2643 2345 2697 duodecima
2370 2660 2508 2696 mors
2548 2643 2904 2712 Epiphaniam
2942 2646 3084 2700 tulit.

1904 2735 2131 2806 Magnus
2152 2736 2253 2790 iste
2303 2744 2466 2804 atque
2483 2734 2819 2792 admirabilis
2841 2735 3176 2807 Epiphanius
3198 2755 3229 2794 e
3253 2739 3405 2795 Phin-

1835 2825 1976 2880 nicia
2012 2825 2298 2887 oriundus,
2328 2826 2380 2879 in
2411 2840 2542 2895 agro
2576 2824 3133 2896 Eleutheropolitano,
3167 2835 3405 2898 parenti-

1834 2918 1936 2974 bus
1978 2918 2325 2988 pauperibus,
2358 2928 2411 2971 et
2441 2918 2694 2973 manibus
2718 2918 2919 2973 victum
2973 2919 3076 2974 sibi
3111 2923 3404 2990 quaerenti-

1834 3010 1959 3075 bus,
1992 3010 2184 3064 humili
2210 3011 2263 3063 in
2295 3010 2479 3073 domo,
2508 3018 2561 3063 et
2581 3009 2885 3078 cujusmodi
2921 3024 3217 3079 pauperum
3245 3022 3405 3083 atque

1836 3102 2197 3173 agricolarum
2228 3116 2349 3156 esse
2381 3109 2579 3170 potest,
2613 3101 2910 3167 educatus;
2964 3102 3250 3171 splendore
3293 3108 3406 3175 ipse

1834 3195 2053 3249 virtutis
2074 3194 2290 3258 claruit,
2321 3201 2373 3245 et
2406 3193 2471 3247 ad
2508 3208 2781 3247 summum
2836 3193 2937 3262 piae
2992 3194 3258 3264 religiosa:
3284 3199 3404 3253 vita:

1837 3285 2112 3355 fastigium
2151 3293 2440 3354 provectus
2483 3292 2585 3338 est.
2645 3282 2780 3338 Nam
2820 3300 2943 3338 cum
2999 3285 3115 3353 ejus
3153 3299 3404 3356 parentes

1839 3377 1892 3431 in
1946 3376 2182 3431 Iudaica:
2214 3377 2362 3431 cultu
2429 3376 2564 3446 legis
2617 3387 2780 3443 atque
2830 3377 3021 3431 umbra
3061 3393 3403 3447 perseveras-

168 3477 413 3546 χάριτος,
440 3474 600 3537 αὐτὸς
621 3473 755 3544 πρὸς
774 3472 871 3543 τὴν
899 3474 954 3525 ὲν
970 3470 1187 3543 Χριστῷ
1207 3470 1459 3542 ἀλήθειαν
1485 3470 1734 3541 ἔδραμεν,

1843 3475 1977 3533 sent,
2001 3482 2176 3537 neque
2208 3467 2398 3538 gratim
2416 3467 2591 3520 lucem
2621 3466 2863 3535 aspicere
2892 3468 3222 3535 potuissent,
3269 3470 3404 3539 ipse,

169 3565 377 3635 μικρᾶς
425 3561 759 3633 δραξάμενος
803 3560 1074 3632 ἀφορμῆς.
1130 3561 1387 3613 Κλεοϐίου
1442 3561 1547 3629 γάρ
1598 3577 1737 3623 τινος

166 3655 471 3726 ίασαμένου
523 3653 685 3707 αὑτοῦ
714 3653 810 3725 τὴν
836 3651 1069 3724 πληγὴν,
1104 3652 1170 3723 ἦν
1216 3652 1424 3723 ὑπέστη
1457 3651 1597 3704 κατά
1643 3650 1736 3705 τοῦ

165 3745 373 3817 μηροῦ,
412 3744 660 3808 ἀτάκτως
721 3745 977 3805 πεσόντος
1028 3744 1135 3796 ἀπὸ
1183 3742 1496 3811 ὑποζυγίου,
1553 3738 1612 3797 οὗ
1639 3744 1737 3795 ἑπ-

162 3840 386 3907 ωχεῖτο,
410 3836 963 3907 κατασκιρτῆσαντος,
1003 3835 1096 3888 καὶ
1122 3833 1282 3888 αὐτοῦ
1314 3834 1377 3905 δὴ
1400 3833 1493 3887 τοῦ
1534 3831 1737 3897 ὑποζυ-

164 3930 288 3996 γίου
325 3929 749 3993 θανατωθέντος,
787 3929 907 3981 τότε
941 3927 1038 3998 μὲν
1068 3926 1357 3997 ἀμφίδοξον
1402 3928 1460 3981 ὲν
1504 3926 1736 3995 διαλογι-

166 4024 328 4090 σμοῖς
353 4020 483 4089 έσλε
511 4020 608 4090 τὴν
630 4019 873 4090 γνώμην,
903 4019 994 4072 καὶ
1013 4018 1074 4072 τὸ
1095 4018 1277 4071 λοιπὸν
1298 4018 1358 4072 οὐ
1387 4017 1528 4071 πάνυ
1554 4020 1618 4088 τῇ
1642 4016 1736 4069 τοῦ

164 4112 337 4181 νόμου
371 4114 625 4181 προσεῖχε
651 4109 881 4179 δουλείᾳ.
920 4109 1179 4181 ’Υστερον
1223 4108 1278 4161 δὲ
1322 4106 1602 4178 Λουκιανῷ
1633 4124 1738 4159 τινι

168 4200 463 4271 μονάζοντι
494 4199 747 4271 ἐντυχὼν,
765 4196 902 4252 οἶδεν
924 4198 1083 4251 αὐτὸν
1110 4198 1301 4269 πένητι
1328 4198 1737 4268 ἐντυγχάνοντα,

165 4291 427 4362 ζητοῦντι
458 4290 607 4361 αὐτῷ
640 4289 841 4362 βρῶσιν
896 4291 1088 4359 φαγεῖν
1112 4304 1125 4318 ⁸
1170 4290 1197 4340 ὁ
1227 4288 1282 4341 δὲ
1326 4288 1417 4340 καὶ
1456 4286 1739 4357 τριϐώνιον

163 4384 443 4447 ἀπέδωκε,
468 4383 561 4436 καὶ
593 4381 789 4436 αὐτίκα
826 4380 1029 4435 ἄνωθεν
1068 4380 1256 4450 ἐκείνῳ
1300 4379 1457 4450 στολὴ
1500 4378 1579 4449 τῷ
1608 4380 1740 4431 Λου-

165 4474 339 4545 κιανῷ
364 4472 625 4527 ἐνεδύετο.
647 4475 753 4526 Καὶ
766 4472 937 4525 ταῦτα
965 4472 1291 4541 θεασάμενος
1310 4471 1643 4539 Ἐπιφάνιος,
1670 4473 1737 4541 τῇ

161 4565 275 4619 τῶν
336 4565 675 4637 Χριστιανῶν
723 4566 901 4617 πίστει
952 4563 1329 4634 προσέρχεται,
1381 4563 1475 4616 καὶ⁹
1501 4562 1561 4615 τὸ
1589 4562 1740 4630 ἅγιον

164 4658 455 4729 βάπτισμα
502 4658 650 4729 παρά
680 4657 773 4711 τοῦ
826 4657 1118 4711 ἐπισκόπου
1138 4656 1367 4727 δέχεται.
1386 4656 1466 4709 Τά
1490 4655 1545 4707 δὲ
1570 4652 1737 4707 ἐντεῦ-

163 4751 257 4803 θεν
286 4750 611 4819 δυσέφικτον
646 4752 702 4801 ὲν
735 4748 981 4819 ὲπιτόμῳ
1008 4751 1183 4803 πάντα
1204 4748 1534 4819 περιλαϐεῖν,
1568 4748 1603 4802 ἃ
1630 4750 1739 4818 εἰρ-
1767 4793 1815 4853 D

162 4844 399 4912 γάσατο.
437 4842 699 4895 Τοσοῦτον
732 4842 788 4894 δὲ
815 4842 985 4894 εἰπεῖν
1028 4840 1185 4911 μόνον
1239 4840 1386 4905 ἐστὶν
1423 4841 1734 4908 ἀναγκαῖον,

161 4937 243 4988 ὅτι
274 4934 477 5005 κομιδῆ
512 4933 632 4995 νέος
664 4932 738 4984 ὢν
766 4934 832 5003 τῇ
858 4931 1063 5002 ἡλικίᾳ,
1096 4931 1193 5003 τὴν
1225 4931 1361 4984 κατὰ
1390 4929 1620 5001 Χριστὸν
1645 4931 1736 4982 πί-

164 5042 284 5079 στιν
319 5024 739 5094 ὑποδεξάμενος,
791 5022 947 5086 εὐθὺς
1009 5021 1245 5092 μονάσας
1301 5020 1479 5084 ὁσίως,
1534 5020 1738 5082 πάντας

160 5119 292 5181 τοὺς
320 5119 444 5171 κατ’
486 5116 643 5170 αὐτὸν
676 5114 1016 5186 ὑπερήλασεν
1064 5115 1378 5186 ἐγκρατείᾳ,
1433 5113 1526 5165 καὶ
1557 5113 1737 5175 πόνοις

161 5212 511 5280 ἀσκητικοῖςσ
543 5210 636 5262 καὶ
661 5212 738 5273 εἰς
761 5209 820 5260 τὸ
852 5208 1052 5260 τέλειον
1086 5207 1185 5275 τῆς
1214 5204 1617 5277 ἀρχιερωσύνης
1644 5220 1735 5271 γε·

161 5304 420 5372 νόμενος,
443 5300 937 5373 κατάλληλονέσχεν
960 5299 1059 5370 τὴν
1087 5296 1283 5369 πρᾶξιν
1306 5300 1415 5361 τοῖς
1443 5296 1741 5368 προϐεϐιω-

165 5392 379 5459 μένοις.
424 5392 514 5445 Ἐν
547 5392 643 5461 μὲν
666 5391 775 5462 γὰρ
801 5394 911 5454 τοῖς
940 5389 1293 5462 παρελθοῦσιν
1308 5389 1607 5459 ἀσκητικὴν
1628 5388 1742 5440 δια-

162 5482 383 5551 γωγὴν,
443 5481 620 5553 πλήθη
663 5482 976 5553 θαυμάτων,
1027 5484 1119 5536 καὶ
1177 5482 1467 5553 θεραπείαν
1534 5480 1741 5535 πολλῶν

162 5570 542 5625 ἀσθενούντων
570 5574 882 5644 εἰργάσατο.
938 5575 1023 5627 Ἐν
1050 5574 1106 5627 δὲ
1130 5577 1240 5636 τοῖς
1267 5573 1401 5644 μετά
1438 5574 1536 5644 τὴν
1585 5573 1740 5644 ἱερω-

164 5654 367 5726 σύνην,
402 5658 543 5713 αὐτὰ
562 5676 619 5711 τε
652 5660 847 5725 ταῦτα,
879 5662 970 5720 καὶ
1018 5662 1363 5721 διδασκαλίαν
1417 5659 1613 5731 ὀρθὴν,
1650 5664 1742 5716 καὶ

688 5906 723 5943 θ

1838 3558 2167 3613 levissimam
2198 3558 2541 3611 occasionem
2577 3566 2793 3621 nactus,
2832 3557 3198 3645 Christianam
3227 3564 3291 3614 ad
3311 3578 3404 3613 ve-

1837 3647 2047 3701 ritatem
2077 3646 2336 3717 confugit.
2370 3645 2664 3716 Postquam
2692 3648 2837 3700 enim
2895 3647 3152 3704 Cleobius
3187 3652 3404 3720 quidam

1838 3736 1988 3791 illum
2018 3739 2140 3807 equi
2165 3736 2434 3800 indomiti,
2461 3753 2525 3791 ac
2555 3740 2895 3794 contumacis
2926 3740 3130 3796 insultu
3161 3753 3403 3811 prostra-

1838 3839 1975 3891 tum,
2014 3837 2066 3883 et
2090 3830 2142 3882 in
2170 3827 2373 3882 femore
2401 3828 2705 3882 sauciatum
2736 3830 2968 3893 curavit,
3020 3840 3183 3901 atque
3231 3849 3406 3901 equus

1838 3922 1953 3991 ipse
1989 3921 2304 3975 interfectus
2334 3928 2416 3974 est
2443 3938 2456 3974 :
2484 3919 2666 3974 statim
2705 3921 2921 3989 quidem
2948 3922 3099 3975 vario
3124 3924 3403 3993 cegitatio-

1838 4029 1969 4069 num
1989 4023 2119 4067 testu
2152 4028 2307 4067 mens
2333 4010 2479 4067 illius
2510 4012 2705 4081 agitari
2736 4014 2935 4081 coepit:
2964 4014 3036 4068 ita
3063 4023 3122 4069 ut
3151 4016 3404 4085 deinceps

1837 4122 1963 4176 erga
1984 4105 2116 4175 legis
2148 4105 2462 4159 servitutem
2482 4120 2591 4157 non
2616 4104 2750 4158 adeo
2772 4114 2916 4159 esset
2941 4105 3182 4161 affectus.
3212 4106 3404 4162 Postea

1838 4212 1966 4251 vero
2006 4198 2059 4250 in
2086 4196 2384 4251 Lucianum
2435 4197 2722 4266 quemdam
2754 4197 3082 4252 monachum
3138 4199 3404 4263 incidens,

1838 4303 1963 4344 cum
2017 4303 2138 4342 eum
2169 4287 2393 4342 vidisset
2421 4302 2451 4341 a
2498 4290 2747 4344 mendico
2772 4288 2963 4357 stipem
3010 4299 3277 4360 rogatum,
3312 4292 3402 4345 ubi

1838 4380 2059 4450 pallium
2089 4395 2246 4434 suum
2280 4378 2506 4448 largitus
2561 4389 2725 4443 esset,
2759 4388 2907 4435 veste
2956 4380 3023 4434 de
3072 4382 3211 4436 cmlo
3238 4381 3404 4437 missa

1839 4473 2089 4539 protinus
2120 4471 2390 4536 indutum,
2434 4470 2759 4528 Christiana:
2786 4471 3036 4541 religioni
3077 4486 3272 4525 nomen
3310 4472 3405 4527 de-

1840 4562 1939 4626 dit,
1994 4571 2156 4629 atque
2203 4561 2271 4615 ab
2319 4562 2574 4629 episcopo
2615 4561 2922 4629 baptizatus
2964 4571 3067 4615 est
3118 4560 3250 4626 Quae
3279 4577 3405 4617 vero

1839 4661 2025 4722 postea
2052 4653 2300 4721 gesserit,
2331 4652 2518 4721 paucis
2546 4651 2829 4721 complecti
2853 4652 3033 4705 omnia
3062 4650 3276 4706 difﬁcile
3301 4663 3402 4708 est.

1842 4743 2021 4799 Unum
2047 4744 2198 4806 illud,
2231 4752 2285 4798 et
2309 4744 2526 4814 quidem
2553 4743 2944 4806 necessarium,
2975 4743 3244 4805 affirmare
3275 4760 3404 4815 pos-

1843 4851 2033 4892 sumus
2072 4856 2085 4891 :
2118 4851 2242 4891 cum
2279 4836 2325 4890 is
2354 4845 2510 4889 aetate
2545 4835 2833 4889 admodum
2871 4846 3015 4890 esset
3063 4838 3401 4905 adolescens,

1843 4930 2169 4998 simulatque
2197 4927 2399 4982 Christi
2429 4927 2585 4982 fidem
2625 4927 2904 4996 amplexus
2940 4938 3058 4992 est,
3092 4929 3405 4987 monasticat

1842 5020 2198 5091 professionis
2234 5018 2483 5073 instituto
2509 5028 2782 5087 suscepto,
2814 5017 3046 5087 aequales
3076 5018 3227 5071 illum
3272 5034 3403 5075 suos

1844 5128 2032 5167 omnes
2057 5111 2388 5167 continentia
2416 5152 2431 5177 ,
2470 5110 2527 5165 et
2563 5112 2809 5165 asceticae
2834 5110 2958 5163 vitae
2990 5111 3268 5165 laboribus
3301 5125 3401 5164 an-

1844 5203 2147 5259 tecessisse.
2177 5202 2535 5272 Posteaquam
2567 5214 2747 5258 autem
2798 5217 3073 5257 summum
3114 5202 3182 5256 ad
3216 5216 3402 5257 sacer—

1838 5296 2042 5351 dotlum
2076 5295 2332 5362 pervenit,
2368 5305 2732 5352 consentanea
2769 5295 2889 5349 vitae
2941 5302 3202 5349 anteactae
3224 5296 3401 5348 virtu-

1840 5396 1954 5441 tum
1983 5386 2173 5441 ofﬁciis
2205 5402 2315 5456 pra:
2349 5402 2407 5442 se
2436 5388 2583 5442 tulit.
2623 5386 2833 5441 Etenim
2878 5402 3001 5441 cum
3029 5394 3185 5440 antea
3213 5402 3402 5441 mona-

1842 5479 2031 5533 sticam
2062 5478 2275 5533 vivendi
2334 5480 2603 5534 rationem
2633 5478 2839 5533 crebris
2888 5476 3192 5540 miraculis,
3243 5486 3403 5545 atque

1843 5578 2163 5641 aegrotorum
2193 5571 2553 5639 plurimorum
2614 5570 2987 5625 curationibus
3041 5576 3400 5633 exornasset;

1845 5673 2094 5735 suscepto
2126 5664 2460 5733 pontificatu,
2498 5671 2689 5732 praeter
2725 5663 2835 5717 haec
2873 5662 3088 5727 omnia,
3130 5674 3402 5717 sanamac
