3800 6180
368 264 439 320 ‘23
1644 262 1703 319 S.
1744 263 2089 319 EPIPHANII
2128 264 2310 319 VITA.
3542 272 3614 327 2.5

369 382 635 437 sinceram
695 379 999 436 doctrinam
1054 379 1376 451 adjungens,
1407 381 1570 436 etiam
1613 384 1941 452 scriptorum

2065 382 2493 453 πυγγραμμὰτων
2519 381 2711 452 πλήθει
2740 382 2946 446 πάντας
2974 384 3310 438 ἐπαίδευσεν.
3356 386 3529 459 ’Υπὲρ
3562 384 3624 443 οὗ

368 487 596 527 suorum
625 471 781 542 copia
805 472 1089 527 universos
1121 472 1337 526 erudiit.
1368 472 1580 538 Quibus
1605 474 1733 528 dum
1762 476 1940 528 inten-

370 574 459 617 tus
497 572 601 629 est,
633 564 832 617 multos
865 562 934 616 ab
969 561 1277 616 inlidclihus
1316 570 1370 616 et
1410 563 1680 618 haereticis
1730 565 1945 619 labores

371 654 611 723 pertulit.
644 652 929 707 Postremo
968 666 1095 705 cum
1128 660 1350 706 centum
1384 652 1627 722 quinque
1658 668 1850 717 annos,
1879 669 1943 709 ac

370 760 586 799 menses
634 754 891 814 praeterea
956 753 1068 798 tres
1115 744 1428 813 esplesset,
1485 743 1943 813 quemadmodum

372 836 603 892 Arcadio
635 836 944 905 imperatori
977 835 1334 905 interroganti
1372 836 1749 905 responderat,
1782 835 1944 904 spiri-

372 938 487 982 tum
550 927 783 983 Domino
841 928 1117 994 reddidit,
1152 942 1400 1002 peregre,
1456 936 1511 983 et
1568 938 1719 982 extra
1759 928 1941 982 sedem

372 1034 526 1075 suam
561 1037 575 1073 :
618 1036 715 1090 pro
742 1035 809 1076 eo
832 1035 897 1075 ac
929 1019 1355 1090 Chrysostomus
1380 1020 1605 1088 petierat
1632 1037 1648 1086 ;
1680 1019 1941 1087 quoniam

372 1116 683 1186 relegationi
712 1116 875 1185 hujus
898 1115 1233 1186 Epiphanius
1252 1115 1669 1187 subscripserat.
1693 1114 1944 1171 Vicissim

372 1216 550 1261 autem
581 1206 941 1277 Epiphaniam
971 1207 1319 1277 rescripsisse
1374 1217 1712 1274 memorant;
1769 1224 1946 1277 neque

372 1298 525 1352 illum
565 1299 743 1355 locum
777 1315 924 1365 cum,
950 1300 1005 1354 in
1042 1316 1204 1369 quem
1241 1300 1514 1368 deportari
1560 1300 1753 1369 jussus
1802 1308 1940 1368 erat,

372 1407 492 1449 esse
518 1394 785 1449 visurum.
835 1392 953 1448 Jam
977 1394 1219 1464 synaxis,
1252 1410 1373 1463 quae
1418 1396 1471 1448 in
1504 1395 1647 1449 illius
1678 1395 1940 1449 honorem

2050 474 2275 537 πολλοὺς
2297 475 2484 545 ἐξεῦρε
2523 477 2646 538 τοὺς
2676 478 3017 547 πειρασμους
3055 478 3206 548 παρὰ
3254 480 3359 533 τῶν
3398 482 3625 535 κακοδό-

2050 568 2173 633 ξων.
2202 569 2379 639 Ζήσας
2409 568 2464 621 δὲ
2494 568 2588 638 ἐτη
2616 568 2777 622 πέντε
2812 569 2947 639 πρὸς
2985 572 3097 633 τοῖς
3122 572 3334 633 ἑκατὸν,
3367 573 3459 625 ἐπὶ
3489 575 3628 643 μησὶ

2048 662 2244 731 τρισὶν,
2304 660 2378 724 ὡς
2405 661 2564 725 αὐτὸς
2629 661 2895 731 ’Δρκαδίῳ
2922 662 2999 733 τῷ
3031 662 3240 733 βασιλεῖ
3288 666 3626 735 ἐρωτήσαντι

2049 754 2398 824 ἀπεκρίνατο,
2432 752 2508 823 τῷ
2544 754 2734 825 Κυρίῳ
2758 754 2819 806 τὸ
2848 754 3067 825 πνεῦμα
3092 757 3358 826 παρέθετο
3377 774 3391 787 ο
3418 758 3517 810 οὐκ
3565 758 3627 809 ἐν

2048 842 2127 912 τῷ
2161 843 2345 913 οἰκείῳ
2379 841 2584 914 θρόνῳ,
2621 843 2765 897 κατὰ
2793 844 2892 915 τὴν
2922 845 3014 898 τοῦ
3050 847 3438 918 Χρυσοστόμου
3468 850 3629 917 αἴτη-

2052 947 2155 995 σιν,
2190 931 2312 983 ἐπεὶ
2343 934 2407 1002 τῇ
2442 931 2535 986 καὶ
2584 932 2792 985 ἐκείνου
2834 932 3018 1005 ἐξορίᾳ
3063 934 3372 1005 συνῄνεσεν.
3418 938 3519 989 Τὸν
3566 939 3627 991 δέ

2051 1038 2213 1089 φασιν
2247 1022 2595 1092 ἀντιγράψαι,
2655 1023 2791 1093 μηδὲ
2831 1024 2991 1076 αὐτὸν
3019 1024 3110 1078 τὸν
3135 1026 3320 1089 τόπον,
3374 1029 3507 1099 πρὸς
3563 1030 3627 1081 δν

2048 1112 2352 1166 ἀπέσταλτο
2380 1113 2686 1184 ὑπερόριος,
2723 1115 2926 1184 φθᾶσαι
2977 1117 3231 1171 κατιδεῖν.
3289 1118 3530 1171 Τελείται
3565 1119 3627 1172 δὲ

2046 1206 2078 1273 ἡ
2114 1205 2277 1259 αὐτοῦ
2303 1205 2517 1269 σύναξις
2545 1209 2602 1259 ἐν
2624 1207 2701 1278 τῷ
2728 1208 3015 1280 ἁγιωτάτῳ
3036 1210 3202 1265 αὐτοῦ
3245 1212 3378 1282 οἴκῳ
3404 1211 3481 1281 τῷ
3505 1212 3627 1266 ὄντι

2048 1297 2199 1360 ἐντὸς
2232 1297 2327 1350 τοῦ
2354 1298 2510 1366 ἁγίου
2538 1298 2854 1369 Φιλήμονος.
2884 1302 3017 1364 Ταῖς
3066 1302 3230 1356 αὐτοῦ
3280 1302 3624 1374 πρεσϐείαις,

2046 1394 2074 1446 ὁ
2104 1390 2256 1455 Θεὸς,
2291 1389 2510 1461 ἐλέησον
2544 1392 2710 1462 ἡμᾶς.

373 1487 451 1551 tit,
512 1488 567 1541 in
607 1489 955 1543 sanctissima
985 1489 1132 1543 illius
1165 1489 1281 1543 aede
1303 1489 1627 1555 celebratur,
1687 1505 1808 1559 qua:
1837 1487 2009 1543 estad
2047 1487 2220 1541 sancti
2259 1483 2615 1540 Philemonis.
2652 1485 2755 1539 Per
2788 1485 2955 1556 hujus
2998 1502 3211 1556 preces,
3252 1486 3415 1555 Deus,
3455 1490 3627 1543 mise-

373 1596 489 1634 rere
518 1581 695 1637 nobis.

1893 1740 2099 1781 SUIDAS.

456 1815 772 1884 Ἐπιφάνιος
806 1815 1221 1880 Κωνσταντείας
1252 1818 1350 1887 τῆς
1376 1816 1604 1888 Κύπρου
1659 1818 1979 1881 ἐπίσκοπος,
2007 1817 2105 1887 τῆς
2137 1814 2402 1886 πρότερον
2432 1810 2733 1882 Σαλαμῖνος
2758 1848 2773 1873 ,
2824 1808 3031 1878 ἔγραψε
3082 1809 3223 1863 κατὰ
3271 1810 3464 1865 πασῶν
3510 1811 3625 1864 τῶν

374 1908 639 1979 αἱρέσεων
692 1909 899 1978 λόγους,
944 1909 979 1963 ἃ
1034 1910 1301 1978 Πανάρια
1354 1911 1623 1979 λέγονται,
1677 1913 1769 1964 καὶ
1813 1912 1975 1982 ἐτερα
2018 1910 2223 1964 πολλά·
2265 1908 2426 1962 ἅτινα
2453 1905 2604 1978 παρὰ
2663 1905 2761 1974 μὲν
2820 1902 2930 1956 τῶν
2964 1905 3411 1977 πεπαιδευμένων
3442 1904 3531 1960 διὰ
3554 1907 3628 1961 τὰ

374 2002 695 2072 πράγματα,
727 2004 877 2075 παρὰ
903 2005 959 2057 δὲ
984 2004 1092 2057 τῶν
1134 2005 1359 2057 ἰδιωτῶν
1391 2004 1479 2057 διὰ
1505 2007 1573 2059 τὰ
1614 2007 1833 2077 ῥήματα
1871 2003 2327 2073 ἀναγινώσκεται.
2359 2002 2598 2071 Τελευτᾷ
2634 1999 3039 2071 ἐσχατόγηρως.

446 2094 579 2161 Qua:
605 2096 817 2152 totidem
841 2098 949 2166 fere
976 2097 1144 2151 verbis
1166 2113 1230 2151 ea:
1258 2095 1580 2166 Hieronymo
1614 2096 1940 2167 Sophronias
1971 2098 2249 2166 expressit.

1688 2456 2312 2549 MONITUM.

452 2832 711 2907 subjecta
759 2831 1049 2904 Epiphanii
1090 2833 1209 2888 Vita
1231 2874 1245 2898 ,
1277 2834 1469 2907 Latine
1512 2834 1703 2907 olima
1726 2834 1912 2907 iSurio
1952 2834 2118 2901 edita,
2154 2835 2352 2907 Graece
2396 2851 2542 2892 nunc
2573 2835 2805 2907 primum
2840 2835 3043 2907 prodit,
3073 2834 3259 2890 multis
3286 2833 3339 2886 in
3370 2831 3508 2907 lock».
3542 2844 3631 2885 re-

380 2901 618 2977 cognita.
647 2903 779 2971 Qua:
806 2901 1118 2977 quanquam
1165 2907 1219 2958 in
1273 2906 1548 2977 plerisque
1592 2904 1789 2977 fabula:
1815 2915 2109 2977 estquam
2152 2906 2397 2961 historia:
2449 2901 2688 2977 propior,
2734 2917 2793 2962 ut
2826 2901 3146 2976 jamdudum
3198 2903 3414 2977 mon_uit
3456 2901 3625 2977 Eam:

381 2977 511 3047 nius
563 2975 615 3028 in
648 2971 939 3047 Annalibus
973 2971 1088 3044 ζα),
1114 2978 1218 3030 erit
1262 2971 1538 3030 tamen'in
1580 2976 1843 3047 lutulenta
1878 2971 1977 3029 illa
2002 2978 2324 3047 narratione
2376 2971 2608 3032 fortasse
2637 2971 2784 3047 quod
2827 2971 3019 3032 tollere
3062 2976 3263 3047 possis.
3313 2974 3375 3027 Et
3420 2971 3627 3047 alioqui

382 3046 557 3116 multa
592 3046 833 3116 continet
862 3042 995 3116 quae
1028 3060 1153 3099 cum
1206 3061 1333 3116 vera
1369 3056 1692 3116 receptaque
1740 3046 1809 3100 ab
1862 3046 2118 3100 omnibus
2164 3048 2393 3101 historia
2436 3042 2804 3103 consentanea
2848 3055 2995 3107 sunt,
3046 3042 3138 3101 sed
3170 3046 3357 3100 eadem
3394 3042 3631 3116 ad_mis_ta

383 3114 563 3188 falsis.
599 3111 902 3188 lnAquihus
932 3115 1404 3188 discernendisisi
1444 3111 1802 3180 ni’hll'aliud,
1862 3125 2040 3181 tuum,
2084 3116 2281 3172 Lector
2335 3119 2767 3185 humanissime,
2808 3117 3100 3188 judicium,
3161 3131 3224 3171 ac
3271 3113 3498 3185 κριτικὴ
3528 3111 3636 3180 τῆς

387 3184 631 3259 ἱστορίας
661 3184 889 3257 δύναμις
925 3187 1167 3241 exerceri
1195 3187 1387 3255 possit.

779 3463 1165 3598 ΒΙΟΣ
1264 3465 1610 3599 ΤΟΥ
1706 3461 2229 3599 ΑΓΙΟΥ
2306 3458 3238 3596 ΕΠΙΦΑΝΙΟΥ

1127 3698 1527 3755 ΕΠΙΣΚΟΠΟΥ
1554 3698 1823 3753 ΠΟΛΕΩΣ
1860 3697 2347 3751 ΚΩΝΣΤΑΝΤΙΑΣ
2384 3696 2523 3750 ΤΗΣ
2559 3695 2868 3751 ΚΥΠΡΟΥ.

865 4033 1328 4193 VITA
1426 4034 2105 4191 SANCTI
2199 4028 3177 4187 EPIPHANII

1315 4304 1850 4367 CONSTANTl/E
1899 4307 1979 4367 IN
2022 4306 2286 4368 ΕΥΡΙὶο
2344 4301 2701 4365 EPISCOPI

1101 4475 1407 4554 Exoerpta
1449 4490 1526 4535 ex
1576 4490 1729 4535 voce
1761 4471 2020 4534 Joannis
2058 4472 2245 4532 unius
2274 4486 2351 4531 ex
2392 4469 2525 4549 ejus
2581 4466 2927 4547 discipulis.

468 4804 507 4856 Ι.
527 4798 866 4870 Epiphanius
897 4804 1016 4851 erat
1036 4796 1257 4865 quidem
1288 4811 1483 4867 genere
1517 4795 1775 4861 Plitenix,
1803 4813 1869 4851 ex
1900 4811 1952 4850 ea

2146 4792 2224 4847 A'.
2278 4793 2588 4861 Ἐπιφάνιος
2626 4790 2781 4859 γένος
2828 4788 2926 4860 μὲν
2958 4781 3026 4857 ἦν
3070 4782 3330 4838 Φοινίκων
3362 4780 3463 4851 τῆς
3493 4797 3647 4852 περιρ

392 4895 634 4968 regione,
664 4903 785 4961 qua?
814 4894 896 4943 est
928 4889 1073 4941 circa
1112 4886 1612 4958 Eleutheropolim;
1643 4888 1810 4942 distat
1838 4904 1967 4944 vero

390 5004 423 5042 a
447 4987 667 5042 civitate
708 4981 776 5037 ad
808 4979 913 5035 tria
959 4980 1237 5033 milliaria.
1288 4978 1414 5035 Fuit
1442 4988 1626 5051 autem
1657 4990 1811 5052 pater
1847 4981 1967 5049 ejus

392 5077 665 5148 agricola;
699 5073 892 5129 matris
922 5087 1050 5125 vero
1079 5071 1201 5141 ejus
1246 5072 1486 5127 studium
1526 5081 1645 5127 erat
1676 5087 1735 5127 se
1764 5073 1817 5125 in
1853 5073 1966 5127 lino

391 5180 667 5223 exercere.
710 5164 780 5218 Iis
810 5170 991 5217 autem
1038 5160 1191 5216 fuere
1220 5161 1329 5215 duo
1374 5161 1491 5230 filii,
1523 5163 1881 5235 Epiphanius,
1914 5171 1967 5217 et

394 5271 503 5311 una
534 5255 642 5309 tilia
670 5252 1021 5323 Callitropos.
1054 5251 1265 5306 Accidit
1294 5261 1471 5306 autem
1505 5264 1563 5308 ut
1592 5269 1781 5309 eorum
1814 5264 1967 5324 pater

394 5364 426 5402 e
462 5347 572 5401 vita
599 5344 914 5409 excederet;
967 5343 1172 5397 mansit
1217 5358 1346 5397 vero
1397 5344 1726 5413 Epiphanius
1776 5345 1965 5401 decem

392 5455 571 5495 annos
611 5449 775 5495 natus
807 5439 970 5494 matri
1002 5454 1135 5505 suae,
1174 5438 1394 5509 quando
1427 5450 1677 5495 mortuus
1707 5451 1792 5496 est
1819 5452 1967 5512 pater

393 5532 535 5603 ejus.
565 5531 924 5587 Cruciabatur
973 5542 1153 5587 autem
1206 5533 1391 5590 animo
1429 5532 1549 5604 ejus
1598 5542 1790 5601 mater,
1839 5535 1969 5591 dum

470 5691 553 5764 (α)
594 5692 668 5749 Ad
704 5709 793 5749 an.
830 5694 957 5749 57:2.

2072 4887 2267 4949 οικίδος
2320 4882 2847 4956 Ἐλευθεροπόλεως,
2896 4880 3004 4934 ἀπὸ
3056 4876 3297 4950 σημείων
3341 4873 3509 4945 τριῶν
3552 4873 3648 4944 τῆς

2073 4980 2239 5049 αὐτῆς
2286 4977 2543 5049 ὑπάρχων
2561 4975 2985 5045 υάποστήματος.
3036 4971 3095 5024 '0
3136 4970 3192 5023 δὲ
3233 4966 3423 5021 τούτου
3468 4964 3647 5037 πατὴρ

2073 5070 2364 5141 γαιηπόνος
2394 5068 2673 5138 ὑπῆρχενο
2721 5066 2782 5119 τὸ
2824 5065 2881 5118 δὲ
2923 5061 3257 5133 ἐπιτήδευμα
3299 5059 3398 5128 τῆς
3444 5056 3649 5128 μητρδὲ

2074 5160 2259 5226 αὑτοῦ,
2294 5159 2585 5230 λινυφαρια
2609 5158 2872 5227 ὑπῆρχεν.
2901 5150 3009 5207 τΗν
3041 5150 3132 5206 οὖν
3166 5150 3375 5213 τούτοις
3399 5147 3494 5203 δύο
3522 5163 3646 5199 παι-

2075 5253 2188 5315 δία,
2216 5252 2244 5303 ὃ
2275 5269 2332 5304 τε
2369 5248 2679 5318 Ἐπιφάνιος
2706 5248 2797 5301 καὶ
2839 5245 3085 5315 Θυγάτηρ
3122 5243 3220 5313 μία
3255 5238 3653 5310 Καλλὶτροπος.

2082 5346 2311 5413 Ἔτυχεν
2342 5338 2434 5396 οὖν
2458 5343 2549 5395 τὸν
2582 5341 2771 5395 τούτου
2815 5338 3026 5410 πατέρα
3052 5335 3405 5404 τελευτῆσαι·
3434 5330 3653 5400 ἔμεινεν

2076 5440 2134 5492 δὲ
2170 5440 2483 5507 Ἐπιφάνιος
2515 5437 2645 5491 δέκα
2679 5436 2814 5489 ἐτῶν
2842 5438 2909 5505 τῇ
2954 5431 3119 5504 μητρὶ
3165 5426 3326 5483 αὑτοῦ
3348 5466 3363 5490 ,
3412 5422 3553 5495 μετὰ
3590 5420 3653 5473 τὸ

2075 5533 2389 5603 τελευτῆσαι
2429 5530 2520 5585 τὸν
2552 5529 2763 5601 πατέρα
2788 5526 2971 5582 αὑτοῦ.
3005 5524 3285 5594 Συνείχετο
3308 5518 3365 5572 δὲ
3396 5518 3433 5587 ἠ
3466 5514 3655 5587 μήτηρ
