3778 6292
56 318 121 374 ἳὸ
1329 317 1387 373 S.
1434 316 1624 370 EPIPH

1766 316 1774 368 Ι
1814 315 1992 371 VITA.
2076 270 2083 271 7
3234 318 3311 378 26

60 437 213 492 αὑτοῦ
252 436 317 491 τὸ
358 436 481 500 πῶς
508 435 797 507 διαθρέψαι
831 436 1166 505 Ἑπιφάνιον,
1203 436 1295 489 καὶ
1322 436 1419 505 τὴν
1448 435 1624 489 τούτοι

1769 435 1969 490 ollicita
2002 442 2166 501 esset,
2190 435 2465 505 quomodo
2494 434 2858 505 Epiphanium
2889 435 3080 499 aleret,
3115 444 3168 489 et
3196 438 3311 506 ejus

61 537 315 607 ἀδελφὴν,
365 534 556 603 ἐπειδὴ
606 535 937 606 συμμέτρως
980 534 1164 604 διῆγον
1214 531 1283 585 τὰ
1331 532 1636 602 σωματικά.

62 629 167 680 Τῶν
192 628 247 680 δὲ
272 627 516 696 ἐχόντων
542 624 837 693 ὑποζύγιον
866 628 1099 679 ἄτακτον
1143 624 1279 694 πρὸς
1313 624 1637 695 ὑπηρεσίαν,

64 713 199 769 εἶπεν
251 717 286 783 ἠ
346 716 536 784 μήτηρ
584 713 749 766 αὑτοῦ
822 714 957 784 πρὸς
1011 712 1354 782 Ἐπιφάνιον·
1402 712 1636 774 Τέκνον,

64 806 229 875 ἐπειδὴ
271 805 542 858 στένωσιν
576 806 707 874 ήμίν
735 804 964 874 παρέχει
1007 807 1035 856 6
1074 800 1219 867 οἶκος
1246 803 1374 874 περὶ
1401 803 1499 865 τὰς
1532 820 1637 855 σω-

64 898 283 969 ματικάς
334 899 565 969 χρείας,
603 897 698 950 καὶ
748 896 1019 968 χρῄζομεν
1068 895 1362 967 ἐδωδίμων,
1406 895 1536 948 λάϐε
1578 896 1640 948 τὸ

61 990 343 1057 ὑποζύγιον
372 990 436 1042 τὸ
463 988 524 1041 ὃν
549 989 609 1040 ὲν
644 987 724 1059 τῷ
748 990 881 1058 οἴκῳ
906 987 1061 1058 ήμῶν
1082 1004 1096 1018 ο
1140 987 1235 1039 καὶ
1257 985 1457 1039 ἄπελθε
1482 986 1541 1038 ὲν
1568 987 1635 1056 τῇ

60 1083 356 1153 πανηγύρει
378 1121 395 1143 ,
430 1081 527 1134 καὶ
572 1080 823 1150 πώλησον
856 1080 1014 1133 αὑτό·
1046 1078 1140 1132 καὶ
1182 1079 1497 1149 ποιήσωμεν
1537 1078 1637 1147 τὴν

58 1174 203 1243 ήμῶν
232 1174 373 1243 πρὸς
399 1171 702 1242 διατροφὴν
726 1170 931 1243 χρείαν.
962 1171 1022 1222 '0
1042 1170 1099 1222 δὲ
1140 1169 1453 1238 Ἐπιφάνιος
1483 1165 1636 1221 εἶπεν

58 1266 184 1334 πρὸς
211 1264 315 1335 τὴν
353 1263 553 1316 ἑαυτοῦ
591 1263 802 1334 μητέρα
821 1276 835 1289 ⁸
866 1262 1056 1332 Μῆτερ
1076 1302 1090 1325 ,
1128 1262 1191 1314 σὺ
1212 1259 1516 1329 γινώσκεις,
1552 1260 1633 1311 ὅτι

58 1355 279 1409 ἄτακτόν
320 1357 474 1408 ἐστιν
505 1355 570 1406 τὸ
616 1354 910 1423 ὑποζύγιον
937 1353 1129 1424 ἡμῶν·
1168 1354 1263 1406 καὶ
1307 1352 1488 1414 ἔσται,
1537 1351 1633 1404 ἐὰν

60 1448 261 1501 ἀπέλθω
282 1448 383 1500 ἐπὶ
410 1446 475 1501 τὸ
500 1448 846 1518 διαπωλῆσαι
875 1447 1025 1513 αὑτὸ,
1049 1445 1249 1507 εἰδότες
1272 1445 1321 1497 οἱ
1345 1442 1635 1513 συναχθέν-

57 1558 135 1603 τες
162 1540 355 1609 ἄνδρες
396 1540 458 1591 ὲν
488 1537 568 1608 τῷ
607 1538 760 1609 τόπῳ
796 1540 987 1608 ἐκείνῳ
1033 1536 1131 1609 τὴν
1175 1536 1402 1602 ἀταξίαν
1444 1535 1629 1599 αὑτοῦ,

56 1630 456 1700 τιμωρήσονται
507 1646 575 1701 με
602 1630 871 1697 λέγοντες,
920 1630 1002 1682 ὅτι
1030 1628 1215 1682 Κακὸν
1244 1627 1402 1697 ἔχων,
1446 1626 1631 1689 κακῶς

57 1721 325 1791 ὑπομένης
354 1720 501 1773 κατὰ
531 1720 625 1773 τὸν
653 1720 840 1790 νόμον.
876 1715 1043 1773 Εἶπεν
1070 1719 1128 1772 δὲ
1148 1721 1181 1788 ή
1210 1719 1393 1788 μήτηρ
1428 1715 1594 1770 αὑτοῦ
1612 1733 1625 1745 ⁸

59 1813 322 1879 Ἀπελθε,
367 1812 598 1867 τέκνον’
647 1813 742 1865 καὶ⁵
783 1814 813 1865 6
852 1811 984 1875 Θεὸς
1021 1810 1131 1865 τῶν
1177 1810 1430 1880 πατέρων
1472 1809 1629 1879 ήμῶν

65 1903 309 1974 Ἀϐραὰμ
352 1902 454 1956 καὶ
509 1901 695 1955 Ἰσαὰκ
740 1902 834 1955 καὶ
886 1900 1079 1955 Ἰακὼϐ
1108 1899 1269 1954 δώσει
1308 1899 1519 1952 σύνεσιν
1554 1897 1630 1968 τῷ

56 1988 355 2063 ὑποζυγίῳ,
406 1994 563 2057 ὅπως
609 1992 697 2046 διὰ
742 1991 838 2046 τοῦ
892 1994 1199 2063 τιμήματος
1253 1989 1418 2044 αὑτοῦ
1469 1992 1630 2061 ήμεῖς

53 2086 474 2157 ᾰακονηθῶμεν.
511 2087 573 2139 'U
602 2085 659 2141 δὲ
697 2086 1010 2153 Ἐπιφάνιος
1046 2083 1512 2153 ἐπικαλεσάμενος
1538 2082 1628 2134 τὸν

52 2179 187 2241 Θεὸν,
232 2178 332 2231 τὸν
384 2178 552 2231 δόντα
582 2178 744 2248 χάριν
792 2175 872 2247 τῷ
913 2177 1138 2230 Μωῦσεῖ
1179 2175 1446 2228 ἐπιτελεῖν
1490 2174 1629 2227 κατὰ

58 2270 337 2338 πρόσωπον
364 2269 575 2340 Φαραὼ
606 2268 674 2320 τά
711 2270 913 2338 σημεῖα
943 2268 1011 2320 τά
1042 2267 1293 2338 μέγιστα,
1336 2264 1625 2337 ἐπορεύθη,

56 2357 366 2429 βουλόμενος
396 2356 502 2429 τὴν
529 2357 776 2425 ὑπακοὴν
797 2355 899 2425 τῆς
921 2354 1056 2418 ίδίας
1084 2354 1289 2425 μητρὸς
1319 2352 1626 2424 πληρῶσαι.

111 2450 180 2503 B’.
206 2450 318 2501 Kal.
343 2449 415 2520 δὴ
449 2447 711 2501 εἰσελθὼν
737 2448 818 2510 εἰς
841 2447 939 2518 τὴν
972 2449 1300 2518 πανήγυριν,
1328 2447 1545 2514 ἐγένετο
1569 2447 1630 2500 τὸ

56 2538 333 2607 Μύγιον
372 2538 437 2592 τὸ
467 2540 734 2603 ἄτακτον,
770 2536 1060 2600 εὔτακτον,
1112 2538 1205 2591 καὶ
1234 2537 1402 2608 πολλῇ
1452 2538 1630 2607 πραΰ-

57 2648 161 2699 τητι
188 2630 635 2701 κεκοσμημένον.
670 2627 1008 2700 Παρεγένετο
1029 2627 1088 2680 δέ
1116 2645 1200 2691 τις
1215 2628 1466 2693 Ἰουδαῖος
1491 2629 1628 2701 ἀνὴρ

56 2721 519 2791 πραγματευτὴς,
564 2719 789 2789 ὀνόματι
843 2717 1070 2772 Ἰακώϐ·
1138 2719 1232 2772 καὶ
1283 2714 1436 2772 εἶπεν
1491 2720 1629 2790 πρὸς

68 2813 389 2880 Ἐπιφάνιον·
423 2810 635 2874 Βούλει,
660 2810 892 2874 παιδίον,
926 2810 988 2863 τὸ
1012 2809 1304 2879 ὑποζύγιον
1327 2810 1484 2864 τοῦτο
1511 2830 1627 2864 πω-

57 2902 230 2970 ligat;
272 2903 336 2954 '0
378 2901 439 2954 δὲ
482 2901 797 2969 Ἐπιφάνιος
842 2899 995 2954 εἶπεν
1020 2916 1034 2929 ·
1088 2901 1235 2966 Ναὶ,
1279 2901 1488 2971 πάτερ·
1540 2899 1629 2954 διά

57 2994 196 3047 τοῦτο
244 2995 487 3067 ἐνήνοχα
529 2994 661 3047 αὐτὸ
706 2992 957 3047 ἐνταῦθα.
1014 2994 1074 3047 '0
1119 2993 1177 3046 δὲ
1236 2992 1430 3046 Ἰακὼϐ
1474 2988 1626 3046 εἶπεν

58 3088 177 3158 πρὸς
206 3088 533 3158 Ἐπιφάνιον
553 3087 762 3153 ’,Ποίας
790 3087 1085 3158 θρησκείας
1135 3086 1435 3158 ὑπάρχεις;
1485 3087 1541 3139 ὐ
1569 3087 1626 3139 δὲ
1652 3119 1695 3177 C

68 3181 371 3250 Ἐπιφάνιος
412 3177 598 3233 εἶπενο
641 3178 915 3243 Ἰουδαῖος.
949 3175 1119 3233 Εῐπεν
1143 3179 1200 3232 δὲ
1239 3178 1461 3232 Ἰακώϐ’
1492 3178 1624 3231 Σύν·

60 3270 185 3325 εθνοι
230 3272 418 3336 ὄντες,
474 3271 550 3341 μὴ
596 3271 871 3342 ἁμαρτίαν
919 3271 1146 3342 μεσίτην
1196 3269 1448 3341 λάϐωμεν
1502 3269 1623 3323 καθ’

60 3363 269 3427 ἑαυτῶν,
302 3364 531 3418 τέκνον·
560 3363 699 3417 ἀλλὰ
729 3362 935 3417 δικαίου
966 3362 1100 3416 Θεοῦ
1136 3363 1290 3426 ὄντες
1326 3362 1626 3416 δικαιώσω-

61 3472 149 3525 μεν
176 3456 275 3526 τὴν
302 3454 401 3509 τοῦ
424 3453 727 3523 ὑποζυγίου
750 3456 935 3526 τιμήν.
969 3454 1057 3517 Ὠς
1088 3456 1223 3524 μήτε
1255 3454 1320 3506 σὺ
1342 3451 1621 3525 samum.

62 3548 184 3615 μήτε
221 3548 334 3615 ἐγὼ
379 3545 680 3618 ζημιωθῶο
728 3546 803 3617 μὴ
849 3545 945 3599 καὶ
984 3546 1229 3617 κατάρας
1274 3546 1487 3607 ἑαυτοῖς
1530 3546 1626 3596 ὲπ-

59 3641 360 3713 ενέγκαιμεν
408 3640 548 3713 μετὰ
591 3637 764 3694 ταῦτα
788 3678 803 3702 ,
862 3638 955 3693 καὶ
1006 3640 1373 3710 ἀγανακτήσει
1419 3640 1447 3691 6
1494 3637 1627 3701 Θεὸς

59 3733 167 3785 καθ’
196 3734 387 3803 ήμῶνυ
441 3732 581 3786 ἀλλὰ
632 3732 832 3803 μᾶλλον
882 3730 1134 3800 εὐλογίας
1158 3747 1173 3761 ο
1224 3732 1305 3785 ὄτι
1358 3726 1629 3788 εἶπενσὉ

60 3820 312 3895 εὐλογῶν
338 3823 675 3894 εὐλογεῖται
704 3865 720 3890 ,
755 3824 853 3878 καὶ
884 3828 917 3878 ὀ
940 3822 1352 3893 καταρώμενος
1374 3820 1626 3891 καταρᾶ-

61 3934 160 3970 ται.
211 3918 479 3981 Ἀκούσας
517 3918 577 3971 δὲ
619 3914 841 3969 ταῦταὸ
884 3916 1217 3985 Ἐπιιράνιος,
1254 3916 1458 3988 σφᾲδρα
1501 3917 1626 3985 ἐφο-

62 4010 186 4081 ϐήθη
214 4012 313 4082 τὴν
355 4010 682 4080 κατάκρισιν
729 4006 825 4060 τοῦ
884 4003 1099 4073 Ἰακὼϐ,
1154 4009 1247 4061 καὶ
1287 4004 1441 4062 εἶπεν
1490 4010 1625 4079 πρὸς

64 4104 242 4156 αὐτόν*
290 4102 489 4157 Οὐκέτι
523 4100 782 4172 βούλομαί
827 4117 909 4154 σοι
956 4101 1289 4174 πιπράσκειν
1332 4102 1394 4154 τὸ
1426 4102 1627 4167 ὑποζύ-

64 4212 167 4260 γιον
206 4195 385 4250 τοῦτο.
444 4194 503 4247 '0
542 4193 601 4247 δὲ
650 4192 843 4245 Ἰακὼϐ
890 4190 1044 4247 εἶπεν
1092 4193 1228 4265 πρὸς
1274 4194 1621 4264 Ἐπιφάνιον·

67 4289 154 4339 Διὰ
192 4287 350 4341 ποίαν
393 4286 595 4347 αἰτίαν,
640 4278 686 4338 ὃ)
734 4285 958 4351 τέκνον;
1019 4284 1078 4338 '0
1140 4285 1454 4353 Ἐπιφάνιος
1504 4282 1622 4339 εἶπε

70 4377 188 4447 πρὸς
226 4376 416 4430 αὐτόν*
454 4376 529 4429 Τὸ
569 4373 865 4443 ὑποζύγιον
905 4374 1097 4439 τοῦτο,
1138 4377 1348 4448 πάτερ,
1393 4377 1624 4431 ἄτακτόν

1744 545 2011 596 sororem,
2058 530 2501 600 quandoquidem
2532 538 2689 585 erant
2736 530 2966 585 modicze
2999 546 3191 584 eorum
3231 532 3311 586 fa-

1743 622 1991 676 cultates.
2022 620 2158 675 Cum
2180 637 2349 675 unum
2374 636 2504 676 vero
2527 622 2840 690 jumentum
2867 622 3130 676 haberent
3158 626 3311 677 indo-

1740 713 1955 778 mitum,
2006 714 2143 767 dixit
2203 726 2380 767 mater
2435 712 2781 783 Epiphanio:
2840 714 2989 781 Fili,
3055 716 3312 785 quoniam

1740 803 1944 858 familia
1990 813 2194 868 nostra,
2234 806 2287 859 in
2317 805 2385 860 iis
2422 820 2543 875 qua:
2574 806 2642 858 ad
2659 806 2905 876 corporis
2945 823 3102 861 usum
3159 810 3293 877 perti

1740 904 1891 960 nent,
1936 896 2091 950 nobis
2134 896 2335 965 praebet
2375 898 2683 964 angustias;
2712 907 2767 952 et
2796 898 2919 953 cibo
2965 900 3272 968 indigemus
3297 943 3311 963 ,

1738 987 1923 1056 accipe
1947 987 2274 1057 jumentum,
2309 988 2456 1058 quod
2497 998 2580 1044 est
2620 990 2761 1044 intra
2790 991 3009 1045 domum
3044 1001 3311 1055 nostram,

1736 1088 1790 1133 ct
1819 1079 1955 1133 vade
1999 1080 2067 1134 ad
2093 1081 2387 1146 nundinas,
2419 1093 2474 1136 et
2499 1083 2709 1137 vende:
2756 1090 2810 1136 et
2844 1084 2916 1136 ita
2946 1083 2998 1137 id
3030 1084 3175 1151 quod
3207 1084 3313 1139 erit

1735 1170 1802 1224 ad
1836 1185 1936 1225 nos
1978 1171 2198 1226 alendos
2236 1173 2381 1236 usui,
2428 1173 2919 1242 suppeditabimus.
2974 1173 3311 1244 Epiphanius

1734 1270 1914 1315 autem
1951 1262 2087 1316 dixit
2123 1264 2281 1316 matri
2324 1279 2483 1318 suae:
2538 1263 2661 1319 Scis
2708 1265 3014 1334 jumentum
3064 1278 3310 1322 nostrum

1734 1350 1913 1405 adhuc
1957 1366 2079 1406 esse
2129 1352 2477 1417 indomitum,
2538 1353 2738 1423 lietque
2791 1365 2850 1409 ut
2884 1357 2929 1410 si
2981 1372 3100 1410 cam
3144 1358 3208 1410 ad
3257 1359 3311 1412 id

1733 1444 2095 1507 vendendum,
2145 1446 2236 1515 qui
2274 1445 2329 1498 in
2372 1446 2464 1499 illo
2497 1446 2619 1499 loco
2652 1448 2967 1518 congregati
3013 1459 3195 1511 erunt,
3232 1452 3311 1503 vi-

1732 1536 1919 1592 dentes
1949 1538 2070 1607 ejus
2104 1537 2471 1605 insolentiam,
2516 1556 2604 1595 me
2633 1556 2795 1611 pcena
2836 1542 3092 1607 alliciant,
3129 1544 3312 1599 dicen-

1732 1638 1857 1684 tes:
1890 1629 2025 1684 Cum
2072 1631 2273 1685 malum
2332 1631 2551 1698 habeas,
2601 1633 2742 1687 male
2795 1633 3021 1702 patieris
3064 1648 3131 1689 ex
3172 1634 3306 1704 lege.

1733 1721 1876 1776 Dixit
1901 1723 1950 1777 ei
1982 1732 2191 1776 mater:
2233 1721 2366 1784 Abi,
2412 1722 2519 1787 lili;
2562 1722 2704 1778 Deus
2738 1733 2955 1793 patrum
2994 1734 3311 1779 nostrorum

1732 1813 1983 1877 Abrahae,
2031 1812 2183 1867 Isaac
2211 1822 2265 1867 et
2301 1812 2491 1876 Jacob,
2540 1814 2788 1883 jumento
2819 1816 2972 1869 dabit
3001 1816 3312 1885 intelligen-

1734 1907 1859 1957 tiam
1883 1945 1897 1967 ,
1936 1912 1996 1958 ut
2023 1920 2115 1970 per
2143 1905 2262 1973 ejus
2294 1906 2527 1974 pretium
2576 1920 2675 1960 nos
2708 1914 2899 1960 nostro
2934 1907 3057 1960 usui
3099 1909 3312 1963 servia—

1730 2010 1874 2050 mus.
1926 1994 2265 2065 Epiphanius
2302 2005 2508 2061 autem,
2566 1995 2679 2051 Deo
2712 1997 2986 2062 invocato,
3035 2001 3127 2068 qui
3162 2000 3312 2053 dedit

1730 2085 1866 2141 Mosi
1930 2088 2185 2156 gratiam,
2244 2095 2304 2141 ut
2366 2088 2605 2141 maxima
2658 2088 2813 2158 signa
2869 2087 3074 2145 faceret
3121 2107 3309 2148 coram

1729 2177 2033 2242 Pharaone,
2070 2176 2345 2247 profectus
2373 2186 2477 2243 est,
2506 2178 2693 2232 volens
2720 2178 2942 2235 obedire
2974 2182 3134 2235 matri
3168 2198 3305 2237 suae.

1810 2443 1876 2498 ll.
1918 2444 2054 2500 Cum
2081 2443 2150 2499 ad
2177 2445 2455 2500 nundinas
2502 2455 2684 2500 autem
2709 2456 2853 2502 esset
2893 2447 3193 2518 ingressus,
3220 2462 3312 2504 ac.

1728 2538 1859 2592 cidit
1899 2546 1957 2591 ut
1990 2537 2300 2606 jumentum
2345 2538 2670 2593 indomitum
2722 2540 2875 2594 ﬁeret
2911 2540 3213 2609 placidum,
3256 2552 3311 2594 et

1727 2627 1884 2681 valde
1932 2636 2299 2681 mansuetum.
2349 2626 2539 2682 Adfuit
2587 2636 2766 2681 autem
2823 2629 3045 2697 quidam
3089 2627 3310 2683 Juda‘us

1728 2720 2055 2790 negotiator,
2100 2720 2323 2773 nomine
2362 2717 2555 2784 Iacob,
2612 2720 2707 2789 qui
2759 2719 2899 2774 dixit
2953 2721 3306 2790 Epiphanio:

1734 2812 1847 2877 Vis,
1877 2828 1910 2867 ο
1939 2812 2011 2865 Iili
2036 2851 2051 2876 ,
2087 2812 2322 2867 vendere
2353 2813 2459 2867 hoc
2497 2812 2845 2882 jumentum?
2885 2811 3035 2867 Dixit
3071 2813 3309 2881 Epipha-

1728 2906 1852 2960 nius
1886 2922 1898 2957 :
1931 2903 2183 2968 Maxime,
2220 2911 2397 2973 pater,
2427 2919 2492 2960 ea
2522 2905 2667 2959 enim
2699 2906 2767 2960 de
2792 2920 2960 2960 causa
2989 2904 3040 2959 id
3083 2904 3305 2959 adduxi.

1728 2994 2086 3064 llespondens
2120 3005 2323 3058 autem,
2356 2996 2494 3050 dixit
2530 2994 2873 3066 Epiphanio:
2917 2997 3213 3066 Cujusnam
3247 3013 3308 3051 es

1730 3070 2050 3155 religionis?
2088 3085 2234 3141 Dixit
2280 3086 2682 3157 Epiphanius:
2750 3075 2991 3143 Judaeus.
3051 3087 3198 3156 Dixit
3257 3090 3307 3142 ei

1729 3178 1897 3233 Jacob
1926 3196 1942 3233 :
1973 3179 2110 3233 Cum
2137 3179 2313 3234 simus
2347 3180 2593 3248 ejusdem
2626 3180 2827 3251 gentis,
2867 3195 2977 3235 non
3017 3181 3176 3235 debet
3221 3181 3307 3233 in-

1731 3281 1811 3325 ter
1839 3286 1941 3326 nos
1976 3281 2258 3341 peccatum
2301 3272 2682 3327 intercedere:
2735 3274 2828 3328 sed
2872 3289 2995 3329 cum
3048 3274 3119 3328 sit
3164 3273 3308 3328 Deus

1732 3373 1919 3419 noster
1959 3363 2165 3432 justus,
2218 3362 2625 3418 constituamus
2659 3364 2867 3434 justum
2907 3364 3141 3434 jumenti
3183 3380 3306 3434 pre~

1730 3458 1887 3522 tium,
1917 3467 1977 3511 ut
2010 3472 2188 3527 neque
2228 3464 2285 3511 tu
2322 3456 2522 3525 injuria
2556 3454 2831 3520 aliieiaris,
2876 3471 2976 3510 nec
3018 3471 3118 3525 ego
3160 3456 3310 3509 dam-

1730 3564 1859 3604 num
1890 3548 2069 3617 patiar
2103 3562 2210 3602 :ne
2244 3546 2535 3602 maledicta
2567 3555 2755 3617 postea
2791 3545 2950 3601 nobis
2984 3545 3304 3606 inferamus.

1730 3653 1783 3698 et
1807 3642 1952 3698 Deus
1982 3643 2142 3698 nobis
2194 3644 2497 3708 irascatur;
2530 3642 2623 3697 sed
2658 3641 2841 3711 potius
2880 3642 3305 3705 benedictiones,

1730 3737 1991 3809 quoniam
2011 3737 2149 3791 dixit
2174 3736 2190 3767 ⁸
2222 3756 2234 3791 :
2270 3736 2375 3802 Qui
2406 3736 2683 3799 benedicit,
2727 3734 3093 3796 benedicetur;
3127 3744 3175 3787 el
3215 3734 3306 3801 qui

1730 3831 2025 3894 maledicit,
2057 3839 2135 3885 est
2183 3829 2518 3884 maledictus.
2560 3825 2655 3883 His
2695 3836 2879 3881 autem
2924 3826 3145 3889 auditis,
3182 3824 3299 3894 Epi-

1730 3924 1969 3995 phanius
2004 3922 2160 3977 valde
2210 3921 2392 3976 timuit
2440 3918 2951 3974 condemnationem
2993 3917 3184 3979 Jacob,
3256 3926 3308 3970 et

1731 4016 1866 4070 dixit
1894 4014 1944 4068 ei
1976 4032 1989 4068 :
2030 4012 2169 4067 Nolo
2200 4013 2296 4067 tibi
2329 4012 2565 4081 amplius
2584 4010 2821 4065 vendere
2848 4010 2952 4064 hoc
2975 4010 3303 4079 jumentum.

1730 4107 1901 4163 Jacob
1932 4121 2061 4161 vero
2104 4104 2241 4160 dixit
2272 4104 2615 4175 Epiphanio:
2670 4100 2917 4169 Quanam
2954 4101 3021 4155 de
3050 4115 3236 4160 causa,
3273 4116 3306 4153 ο

1730 4200 1807 4253 tili
1831 4199 1853 4252 ?
1878 4197 2221 4268 Epiphanius
2260 4196 2399 4251 dixit
2432 4196 2480 4250 ei
2509 4214 2521 4249 :
2564 4193 2677 4249 Hoc
2703 4194 3037 4264 jumentum,
3070 4206 3103 4246 o
3129 4200 3302 4260 pater,

1730 4301 1809 4346 est
1842 4290 2083 4345 insolens
2114 4296 2168 4343 et
2194 4287 2555 4353 indomitum;
2584 4285 2955 4341 acerbissimae
2990 4300 3118 4338 vero
3146 4283 3306 4337 l‘amis

1732 4382 1996 4453 angustiae
2023 4380 2241 4435 subiere
2260 4380 2482 4435 domum
2513 4393 2712 4434 meam.
2737 4379 3022 4433 Estautem
3044 4375 3176 4429 mibi
3198 4390 3307 4427 ma-

70 4470 217 4533 ἰπιν,
245 4470 339 4522 και⁵
372 4469 635 4531 στένωσις
666 4467 998 4540 πικροτάτου
1027 4467 1188 4538 λιμοῦ
1218 4467 1536 4538 ἐπεισῆλθεν
1570 4471 1624 4522 ἐν

1766 4490 1814 4529 3r
1833 4483 1885 4528 et
1912 4488 2105 4539 soror;
2138 4483 2291 4542 pater
2338 4472 2483 4527 enim
2529 4485 2686 4525 meus
2730 4471 2966 4524 excessit
2997 4484 3027 4522 e
3060 4469 3169 4520 vita
3203 4469 3305 4519 hu-

70 4560 136 4630 τῷ
161 4564 287 4633 οἴκῳ
319 4578 420 4632 μου
442 4577 457 4590 ’
492 4559 731 4631 ὑπάρχει
763 4559 870 4630 γάρ
903 4576 992 4630 μοι
1026 4560 1241 4630 μήτηρ,
1274 4560 1367 4613 καὶ
1399 4560 1622 4629 ἀδελφή.

79 4653 131 4705 '0
155 4656 252 4725 γὰρ
281 4654 466 4724 πατήρ
496 4669 599 4723 μου
633 4651 856 4721 ἐξῆλθεν
884 4651 975 4704 τὸν
1007 4649 1117 4721 βίον
1140 4651 1232 4705 τὸν
1264 4650 1619 4723 ἀνθρώπινον.

68 4746 165 4817 Τῆς
203 4743 292 4801 οὑν
340 4746 550 4819 μητρός
600 4763 702 4818 μου
732 4745 947 4814 ἐγένετο
974 4744 1221 4807 κέλευσις
1248 4745 1341 4797 τοῦ
1376 4746 1624 4816 πωλῆσαι

72 4840 120 4890 τὸ
152 4839 435 4910 ὑποζύγιον
463 4840 553 4892 διὰ
589 4839 690 4909 τὴν
722 4839 911 4909 χρείαν
960 4837 1068 4891 τῶν
1101 4836 1393 4906 ἐδωδίμων.
1429 4836 1541 4891 Νῦν
1567 4837 1625 4889 δὲ

73 4933 255 5001 ﬁmum
300 4932 457 5006 παρὰ
507 4929 626 4996 σοῦ,
677 4931 873 5003 πάτερ,
922 4931 1003 4983 ὅτι
1035 4930 1204 4983 κακὸν
1240 4930 1301 4981 τὸ
1350 4928 1623 4981 καταϐλά-

74 5042 225 5089 πτειν,
249 5028 339 5080 καὶ
367 5024 649 5097 ἐφοϐήθην
674 5023 766 5077 τὸν
795 5023 947 5087 Θεὸν,
980 5024 1189 5093 μήποτε
1212 5022 1496 5095 καταράσῃ
1532 5038 1619 5093 με,

1733 4579 1914 4620 mana.
1936 4563 2103 4620 Mater
2117 4579 2239 4617 mea
2263 4563 2451 4632 jussit,
2470 4562 2829 4617 utvenderem
2851 4562 2953 4614 hoc
2971 4561 3301 4629 jumentum,

1732 4644 2021 4728 propterea
2078 4657 2225 4726 quod
2285 4655 2410 4710 cibo
2459 4654 2856 4725 indigeremus.
2912 4649 3065 4706 Nunc
3120 4658 3301 4704 autem

1732 4750 1913 4804 audivi
1943 4764 2004 4803 ex
2037 4757 2108 4812 te,
2142 4755 2316 4817 pater,
2346 4747 2493 4816 quod
2538 4745 2742 4799 malum
2793 4744 2864 4797 sit
2912 4744 3173 4797 damnum
3224 4742 3306 4795 af-

1731 4841 1914 4905 ferre;
1947 4852 1999 4896 et
2028 4840 2197 4895 Deum
2234 4838 2414 4903 timui,
2454 4852 2521 4891 ue
2546 4836 2687 4891 forte
2717 4844 2775 4890 tu
2817 4834 2953 4889 mihi
2986 4834 3304 4920 maledicas,

1731 4939 1781 4984 et
1816 4925 2020 4984 ille'me
2060 4930 2252 5000 puniat
2281 4937 2502 4997 prOpter
2549 4935 2699 4980 tuam
2746 4926 2801 4980 in
2836 4941 2923 4982 me
2965 4925 3305 4980 maledictio-

1732 5037 1879 5077 nem.
2728 5038 2731 5039 ⁷

75 5121 154 5170 καὶ
197 5119 567 5192 τιμωρήσεταί
612 5135 679 5189 με
730 5119 758 5171 6
796 5118 928 5182 Θεὸς
970 5118 1061 5171 διὰ
1098 5119 1201 5189 τῆς
1245 5116 1489 5188 κατάρας
1530 5118 1629 5189 τῆς
1664 5118 1961 5189 γενομένης
1987 5118 2066 5182 είς
2095 5117 2214 5188 ὲμέ.

136 5211 200 5265 Γ.
239 5213 498 5277 ’Δκούσας
545 5214 603 5268 δὲ
641 5212 817 5266 ταῦτα
862 5211 889 5263 6
926 5210 1152 5276 Ἰακὼϐ,
1196 5211 1501 5282 ἐθαύμασεν
1532 5213 1624 5265 ἐπὶ

77 5302 131 5370 τῇ
159 5304 435 5376 ἀποκρίσει
465 5303 563 5357 τοῦ
594 5303 784 5367 παιδός
801 5303 922 5356 ’καὶ
941 5301 1119 5355 λαϐὼν
1142 5302 1269 5374 τρία
1292 5302 1621 5374 νομίσματα,

80 5392 251 5448 EFme
285 5397 588 5467 Ἐπιφανίῳ
614 5436 629 5460 ,
666 5395 783 5466 ἃμα
829 5394 925 5448 καὶ
958 5393 1219 5458 τοιούτοις
1259 5393 1437 5463 λόγοις
1481 5394 1624 5447 διδά-

82 5497 202 5535 mw
241 5486 396 5539 αὐτόν
415 5503 431 5515 ο
462 5486 691 5547 Τέκνον,
718 5483 848 5538 λάϐε
877 5483 1079 5555 ταύτην
1103 5484 1202 5554 τὴν
1235 5484 1501 5552 εὐλογίαν,
1530 5486 1623 5535 καὶ

87 5574 277 5643 πορεύου
309 5576 443 5647 πρὸς
476 5578 578 5650 τὴν
612 5576 713 5648 σὴν
739 5575 979 5648 μητέρα·
1018 5578 1112 5631 καὶ⁴
1158 5576 1410 5639 εἰσοίσεις
1454 5577 1511 5631 ἐν
1547 5574 1625 5646 τῷ

143 5727 159 5759 ¹
178 5726 302 5787 Gen.
331 5747 503 5799 nm,
529 5730 623 5787 29.

1800 5212 1887 5267 ΙΙΙ.
1926 5213 2062 5268 Cum
2094 5214 2209 5267 haec
2245 5223 2425 5268 autem
2459 5211 2725 5267 audiisset
2752 5211 2939 5279 Jacob,
2966 5212 3197 5266 miratus
3222 5221 3307 5267 est

1730 5320 2054 5374 responsum
2100 5306 2290 5375 pueri;
2349 5307 2668 5376 accepitque
2758 5315 2868 5359 tres
2921 5320 3199 5369 nummos,
3254 5313 3307 5357 ct

1732 5398 1879 5450 dedit
1911 5395 2237 5467 Epiphanio,
2276 5397 2441 5451 simul
2483 5396 2647 5451 etiam
2705 5412 2825 5451 eum
2878 5395 3080 5449 docens
3122 5394 3304 5447 verbis

1734 5489 2096 5559 hujusmodi:
2136 5489 2258 5556 Fili,
2330 5490 2471 5545 hanc
2514 5492 2697 5559 accipe
2750 5488 3206 5549 benedictionem,
3254 5492 3307 5537 et

1738 5583 1879 5639 vade
1904 5583 1970 5639 ad
1998 5591 2227 5640 matrem
2268 5592 2441 5651 tuam,
2477 5591 2529 5637 ct
2562 5582 2762 5638 infercs
2792 5595 2964 5653 panes
2990 5581 3044 5635 in
3081 5578 3305 5635 domum
