3800 6180
494 297 568 350 27

1750 293 1807 347 S.
1852 287 2193 346 EPIPllANll
2230 289 2384 344 \‘lTA
2397 330 2411 344 .

3637 308 3716 359 ‘28

496 417 667 462 tuam.
696 406 895 462 Tecum
938 425 1152 479 quoque
1186 411 1366 479 accipe
1396 410 1498 465 hoc
1524 410 1828 480 jumentum
1858 426 1872 473 ;
1923 417 1975 461 et
2006 408 2050 461 si

2169 403 2287 474 >ἷκῳ
2317 419 2409 456 σου
2452 404 2666 475 ἄρτους.
2699 403 2843 458 Λάϐε
2894 404 2951 457 δὲ
2995 405 3089 458 καὶ
3130 404 3192 458 τὸ
3236 402 3529 473 ὑποζύγιον
3579 405 3736 459 τοῦτα

496 516 656 553 suum
689 500 902 569 quidem
939 510 1107 554 mutet
1130 502 1343 566 vitium,
1368 513 1421 555 et
1453 517 1637 556 mores
1670 501 1963 561 insolentes
1990 516 2055 554 ac

499 599 799 659 protervos,
822 602 1037 645 maneat
1064 592 1207 646 domi
1232 603 1371 658 tum;
1400 593 1483 647 sin
1509 600 1689 646 autem
1719 593 1771 646 in
1795 592 1897 647 hac
1931 606 2055 660 per-

499 692 707 735 severet
755 683 1062 747 insolentia,
1095 684 1230 752 ejice
1262 701 1292 739 e
1342 686 1449 739 tuis
1494 684 1723 747 aedibus,
1775 700 1842 739 ne
1890 683 2053 737 alicui

498 789 562 825 cx
590 774 697 827 tuis
730 784 958 828 mortem
991 775 1198 831 afferat.
1220 776 1359 831 Cum
1386 778 1501 832 haec
1523 776 1784 831 audiisset
1814 776 2054 844 Epipha-

498 862 646 927 nius,
674 872 727 917 et
760 879 790 917 a
831 861 1036 918 Jacobo
1070 873 1176 919 tres
1207 881 1460 921 nummos
1487 866 1804 935 accepisset,
1834 874 2055 934 accepto

491 954 759 1023 jumento,
796 955 1069 1025 profectus
1100 966 1182 1012 est
1209 958 1261 1011 in
1309 957 1490 1012 vicum
1521 958 1587 1011 ad
1614 967 1839 1012 matrem
1874 972 2051 1012 suam.

497 1044 820 1115 Priusquam
853 1056 1032 1101 autem
1064 1048 1180 1118 ipse
1224 1049 1595 1119 ingrederetur
1626 1049 1677 1102 in
1712 1050 1913 1114 vicum,
1951 1051 2058 1104 cir-

497 1137 634 1191 citer
678 1137 825 1190 mille
862 1153 1073 1206 passus,
1115 1141 1355 1193 occurrit
1382 1139 1431 1193 ei
1456 1140 1638 1197 shomo
1671 1139 2014 1195 Christianus
2039 1181 2054 1206 ,

498 1226 718 1280 nomine
748 1227 1027 1289 Cleobius,
1053 1228 1144 1297 qui
1178 1228 1227 1281 ei
1254 1227 1391 1281 dixit
1418 1246 1431 1280 :
1463 1226 1553 1281 Vis
1586 1227 1818 1281 vendere
1844 1227 2059 1297 jumen-

499 1332 636 1385 tum.
664 1337 697 1376 ο
725 1322 838 1375 fili?
884 1321 1236 1391 Respondens
1280 1322 1418 1375 dixit
1468 1320 1843 1391 Epiphanius:
1898 1319 2055 1388 Nolo,

498 1426 672 1485 pater.
719 1414 864 1468 Dixit
892 1424 1071 1468 autem
1121 1413 1413 1469 Cleobius:
1448 1413 1507 1467 Si
1536 1414 1618 1468 vis
1645 1428 1768 1467 eum
1799 1411 2054 1478 vendere,

496 1522 629 1577 cape
662 1506 779 1575 ejus
807 1507 1059 1576 pretium,
1113 1514 1167 1560 et
1210 1506 1389 1575 ipsum
1437 1506 1569 1560 mihi
1622 1506 1884 1575 relinque.
1918 1504 2055 1558 Cum

497 1600 610 1653 haec
641 1607 821 1652 autem
860 1598 1160 1667 Epiphanio
1193 1598 1394 1652 diceret
1429 1598 1707 1661 Cleobius,
1742 1598 1944 1651 animal
1974 1598 2056 1650 in-

495 1689 730 1742 solenter
764 1690 980 1743 irruens
1042 1697 1096 1742 et
1138 1689 1395 1757 impetum
1430 1687 1654 1754 faciens,
1692 1687 2053 1758 Epiphanium

2161 494 2299 566 μετὰ
2326 493 2552 548 σεαυτοῦ
2575 511 2589 525 ·
2620 494 2713 547 καὶ
2757 498 2807 547 εί
2847 495 2945 565 μέν
2973 492 3266 567 διαλλάσση
3298 496 3398 566 τήν
3424 495 3609 564 κακὴν
3647 498 3737 549 αὑ-

2156 583 2249 637 τοῦ
2296 583 2388 636 καὶ
2406 582 2637 636 ἄτακτον
2660 582 3000 654 προαίρεσιν,
3032 583 3239 652 μενέτω
3268 584 3324 636 ἐν
3350 583 3426 653 τῷ
3461 583 3540 652 σῷ
3567 582 3739 653 οἴκῳ·

2157 676 2205 727 εἰ
2237 675 2294 727 δὲ
2323 674 2570 745 ἐπιμένοι
2601 676 2666 744 τῇ
2699 673 2895 744 ἀταξίᾳ
2914 713 2929 737 ,
2961 674 3155 728 ἔκϐαλε
3187 674 3315 727 αὐτὸ
3350 676 3415 728 ἐκ
3454 675 3552 727 cuii
3589 676 3741 727 οἴκου

2160 783 2250 819 σου
2275 805 2289 828 ,
2325 767 2534 836 μήποτε
2566 766 2661 819 καὶ
2699 763 2985 837 θανατώσῃ
3014 766 3135 819 τινὰ
3161 766 3272 819 τῶν
3298 765 3427 821 σῶν.
3468 765 3741 827 ’Δκούσας

2158 858 2214 911 δὲ
2239 857 2409 911 ταῦτα
2446 858 2757 928 Ἐπιφάνιος
2777 898 2792 923 ,
2822 859 2917 911 καὶ
2950 858 3130 912 λαϐὼν
3161 859 3229 912 τὰ
3260 859 3387 930 τρία
3417 859 3739 929 νομίσματα

2157 949 2309 1020 παρὰ
2336 949 2430 1002 τοῦ
2468 948 2661 1003 Ἰακὼϐ
2686 989 2702 1015 ,
2734 949 2912 1002 λαϐὼν
2937 950 2997 1002 τὸ
3028 948 3318 1017 ὑποζύγιον
3346 948 3631 1019 ἐπορεύθη
3665 950 3740 1013 είς

2155 1040 2252 1111 τὴν
2278 1040 2440 1094 αὑτοῦ
2473 1040 2683 1112 κώμην.
2734 1041 2822 1104 Ὠς
2854 1041 2961 1095 ἀπὸ
2986 1042 3216 1114 σημείου
3243 1042 3359 1105 ἐνὸς
3378 1084 3391 1105 ,
3421 1042 3741 1113 ἀπήντησεν

2156 1131 2304 1202 αὐτῷ
2338 1130 2620 1203 ἄνθρωπος
2652 1132 3003 1204 Χριστιανὸς,
3055 1133 3277 1203 ὀνόματι
3308 1132 3575 1195 Κλεόϐιος
3596 1171 3615 1192 ,
3652 1134 3743 1185 καὶ

2157 1219 2308 1276 εἶπεν
2355 1224 2490 1294 πρὸς
2555 1224 2749 1278 αὐτόν·
2802 1226 3143 1295 Πιπράσγεις
3204 1224 3265 1277 τὸ
3310 1224 3651 1291 ὑποζύγιον,
3700 1220 3741 1276 ὦ

2154 1313 2376 1379 τέκνον;
2417 1314 2475 1367 'O
2516 1314 2574 1368 δέ
2616 1315 2930 1385 Ἑπιφάνιος
2974 1315 3292 1386 ἀποκριθεὶς
3350 1312 3542 1368 εἶπεν·
3584 1316 3736 1382 Οὐχὶ,

2156 1406 2348 1477 πάτερ.
2391 1405 2449 1459 '0
2468 1407 2526 1459 δὲ
2558 1406 2815 1470 Κλεόϐιος
2840 1422 2854 1436 °
2894 1406 3020 1459 Ἐὰν
3053 1408 3389 1477 πιπράσκεις
3413 1404 3578 1471 αὐτὸ,
3609 1404 3737 1458 λάϐε

2154 1498 2215 1550 τὸ
2248 1498 2464 1568 τίμημα
2489 1497 2676 1562 αὑτοῦ,
2718 1497 2814 1551 καὶ
2858 1497 3014 1550 ἔασόν
3052 1514 3142 1569 μοι
3166 1497 3315 1550 αὐτό.
3356 1497 3443 1560 Ὧς
3466 1496 3524 1549 δὲ
3565 1494 3738 1547 ταῦτα

2157 1590 2332 1644 ἐλάλει
2353 1591 2381 1642 6
2402 1588 2658 1652 Κλεόϐιος
2687 1589 2823 1660 πρὸς
2856 1588 3191 1659 Ἐπιφάνιον,
3222 1588 3281 1642 τὺ
3309 1587 3447 1653 ζῶον
3482 1587 3736 1647 ἀτάκτως

2158 1680 2391 1749 ἐνεχθὲν,
2424 1681 2519 1733 καὶ
2542 1680 2801 1733 ἐπιπεσὸν
2835 1674 3136 1751 Ἑπιφανίῳ
3168 1676 3532 1750 διεσπάραξεν
3570 1678 3736 1730 αὑτὸν

494 1778 756 1842 excussit,
805 1777 1061 1848 humique
1102 1779 1287 1843 allisit,
1324 1787 1378 1833 et
1408 1778 1540 1845 abiit
1584 1790 1738 1833 extra
1785 1779 2053 1834 semitam.

2169 1774 2249 1825 ἐπὶ
2277 1774 2376 1843 τῆς
2403 1772 2535 1843 γῆς’
2569 1772 2662 1826 καὶ
2692 1773 2826 1826 αὐτὸ
2880 1767 3101 1842 ἐξῆλθεν
3149 1770 3251 1836 ἔξω
3295 1770 3393 1840 τῆς
3425 1770 3644 1843 τρίϐου.
3684 1769 3737 1823 Ὀ

499 1869 832 1939 Epiphanius
874 1879 1049 1924 autem
1095 1886 1161 1925 ex
1208 1870 1441 1940 jumenti
1496 1871 1783 1926 insolentia
1836 1889 2055 1942 gravem

498 1961 704 2031 accepit
726 1961 987 2025 dolorem,
1029 1960 1287 2028 humique
1306 1961 1560 2030 |jacebat,
1592 1961 1723 2016 ﬂens
1779 1978 1965 2017 amare
2006 1972 2061 2017 et

500 2066 607 2104 non
665 2050 848 2105 valens
901 2066 1143 2119 surgere.
1199 2050 1453 2106 Cleobius
1500 2066 1628 2105 vero
1673 2052 1936 2105 accedens
1992 2051 2059 2106 ad

500 2139 861 2209 Epiphanium
908 2149 963 2194 et
996 2139 1171 2193 tentur
1219 2140 1340 2209 ejus
1377 2148 1563 2195 tenens
1610 2140 1664 2194 in
1713 2156 1778 2196 eo
1826 2140 1966 2205 loco,
2003 2142 2059 2196 in

498 2247 609 2300 quo
648 2230 868 2286 aﬂ'ectus
915 2230 1089 2285 fuerat
1118 2232 1186 2285 ab
1235 2231 1491 2286 insolenti
1532 2231 1724 2296 bestia,
1776 2248 1900 2288 cum
1932 2249 2056 2287 eum

499 2330 581 2376 ter
616 2320 903 2390 signas‘set,
936 2321 1119 2376 statim
1149 2322 1320 2376 erexit
1348 2309 1481 2375 nihil
1512 2323 1639 2377 mali
1677 2323 1731 2377 in
1767 2340 1826 2379 se
1854 2307 2059 2379 haben-

497 2424 626 2468 tem.
664 2412 919 2467 Cleobius
972 2423 1151 2467 autem
1197 2411 1332 2467 dixit
1382 2412 1629 2482 jumento
1693 2414 1853 2483 pleno
1909 2415 2058 2470 omni

499 2504 787 2559 insolentia
848 2521 862 2558 :
914 2502 1033 2558 Tibi
1084 2505 1226 2569 dico,
1306 2506 1561 2573 quoniam
1630 2504 1851 2559 voluisti
1904 2515 2057 2561 tuum

498 2595 778 2648 dominum
832 2596 1098 2659 occidere,
1148 2596 1202 2648 in
1249 2596 1467 2650 nomine
1511 2594 1637 2650 Jesu
1682 2596 1887 2653 Christi
1935 2614 2060 2654 cru-

496 2685 662 2749 citixi,
726 2699 834 2737 non
888 2685 1118 2754 amplius
1174 2686 1406 2741 excedas
1461 2701 1527 2740 ex
1582 2687 1683 2741 hoc
1727 2688 1865 2743 loco.
1902 2688 2057 2755 Quod

497 2786 783 2845 postquam
844 2776 1069 2831 dixisset
1130 2776 1422 2845 Cleobius,
1494 2777 1800 2847 jumentum
1875 2782 2058 2835 statim

498 2866 693 2921 cecidit
758 2866 812 2919 in
876 2876 1073 2919 terram
1150 2874 1447 2923 mortuum.
1515 2867 1793 2922 Cleobium
1878 2878 2058 2925 autem

502 2956 851 3025 interrogavit
895 2956 1254 3026 Epiphanius,
1293 2958 1481 3012 dicens
1524 2976 1537 3013 :
1578 2958 1710 3024 Quis
1753 2968 1856 3025 est,
1892 2977 1925 3015 o
1968 2977 2061 3030 pa-

502 3056 605 3111 ter,
629 3046 787 3102 Jesus
820 3048 1132 3111 cruciﬁxus,
1174 3048 1317 3118 quod
1360 3049 1486 3104 talia
1518 3050 1655 3105 fiunt
1683 3066 1778 3121 per
1805 3052 1925 3121 ejus
1958 3070 2059 3108 no-

502 3139 666 3192 men?
708 3137 1005 3207 Respondit
1027 3139 1299 3204 Cleobius,
1334 3150 1387 3195 et
1418 3140 1555 3194 dixit
1586 3140 1921 3211 Epiphanio:
1966 3142 2063 3199 Hic

500 3228 660 3283 Jesus
703 3239 787 3285 est
829 3230 998 3285 Filius
1034 3231 1163 3297 Dei,
1206 3248 1367 3302 quem
1429 3234 1815 3289 cruciﬁxerunt
1866 3234 2059 3291 Judzei.

503 3320 837 3390 Epiphanius
881 3338 1007 3376 vero
1050 3323 1229 3377 timuit
1260 3323 1570 3394 signiﬁcare
1602 3324 1825 3380 Cleobio
1852 3341 1911 3380 se
1940 3342 2063 3383 esse

500 3413 773 3468 Judaeum.
828 3414 1081 3469 Cleobius
1131 3425 1311 3470 autem
1364 3417 1601 3485 perrexit
1634 3432 1795 3472 suum
1830 3418 1933 3473 iter
1979 3419 2064 3472 in-

505 3504 677 3573 gredi,
706 3514 759 3559 et
794 3504 1128 3575 Epiphanius
1181 3507 1234 3560 in
1297 3507 1478 3563 vicum
1532 3509 1683 3564 venit
1729 3510 1798 3565 ad
1833 3518 2062 3565 matrem

503 3612 683 3651 suam.
716 3596 885 3663 Quem
913 3599 1101 3654 videns
1138 3609 1331 3665 mater,
1359 3601 1570 3670 excepit
1612 3618 1734 3656 eum
1768 3618 1892 3657 cum
1930 3618 2065 3673 gau-

505 3689 618 3745 dio.
660 3691 818 3743 Matri
848 3706 975 3745 vero
1021 3706 1133 3745 suae
1177 3693 1429 3761 exposuit
1472 3692 1806 3763 Epiphanius
1858 3696 2063 3760 omnia,

505 3797 628 3849 qua:
672 3781 772 3835 sibi
807 3791 1099 3836 evenerant
1150 3792 1369 3853 propter
1421 3784 1742 3839 insolentem
1790 3795 1843 3840 et
1892 3786 2065 3855 pessi-

506 3888 651 3926 mam
682 3874 929 3928 bestiam.
953 3874 1243 3943 Aliquanto
1270 3885 1450 3930 autem
1484 3886 1608 3946 post
1652 3886 1895 3947 tempore
1929 3880 2067 3934 dixit

507 3974 681 4020 mater
711 3965 1009 4037 Epiphanio
1067 3985 1079 4019 :
1126 3965 1284 4035 Ecce,
1335 3968 1441 4035 ﬁli,
1499 3977 1642 4023 terra
1693 3970 1892 4025 inculta
1933 3972 2066 4026 nihil

506 4058 778 4125 producit,
828 4074 1004 4127 neque
1036 4059 1193 4114 nobis
1242 4074 1308 4115 ex
1358 4076 1420 4115 ea
1474 4070 1557 4117 est
1604 4061 1807 4132 aliquid
1863 4062 2062 4117 solatii.

510 4148 641 4203 Erat
679 4162 857 4204 autem
895 4152 977 4206 eis
1020 4150 1295 4219 quoddam
1345 4154 1680 4223 praediolum,
1730 4155 1873 4224 quod
1914 4155 2067 4224 pater

509 4241 631 4309 ejus
660 4242 943 4312 diligenter
976 4245 1181 4308 colens,
1228 4261 1293 4300 ex
1322 4260 1388 4301 eo
1418 4246 1652 4301 habebat
1679 4247 1883 4316 aliquid
1924 4247 2067 4302 sola-
2100 4259 2123 4323 ς’

510 4333 591 4387 tii.
646 4332 794 4387 Dixit
850 4349 981 4405 ergo
1013 4335 1061 4389 ei
1115 4346 1328 4393 mater:
1387 4335 1696 4392 Vendamus
1748 4338 2064 4407 praediolum

2089 3103 2130 3161 C

2159 1861 2251 1919 οὖν
2290 1865 2599 1935 Ἐπιφάνιος
2639 1865 2747 1919 ἀπὸ
2775 1866 2871 1936 τῆς
2908 1864 3027 1934 βίας
3057 1865 3158 1934 τῆς
3203 1865 3429 1929 ἀταξίας
3470 1865 3570 1918 τοῦ
3606 1865 3736 1917 ὕπο-

2160 1954 2344 2023 ζυγίου
2378 1954 2575 2009 ἔπαθεν
2608 1956 2699 2009 τὸν
2733 1955 2926 2009 ἐαυτοῦ
2965 1958 3157 2028 μηρὸν,
3191 1957 3285 2010 καὶ⁵
3315 1957 3494 2011 ἔκειτο
3515 1957 3617 2010 ἐπὶ
3640 1956 3737 2025 τῆς

2159 2046 2297 2115 γῆς,
2356 2045 2553 2099 κλαίων
2598 2047 2691 2100 καὶ
2725 2047 2799 2117 μὴ
2832 2047 3131 2118 δυνάμενος
3159 2046 3481 2117 ἀναστῆναι.
3531 2047 3598 2100 Ὀ
3648 2043 3737 2100 οὖν

2159 2138 2416 2201 Κλεόϐιος
2447 2137 2757 2210 προσελθὼν
2788 2139 3111 2209 Ἐπιφανίῳ,
3142 2140 3423 2209 κρατήσας
3449 2136 3625 2191 αὑτοῦ
3651 2139 3733 2189 τὸν

2163 2227 2333 2298 μηρὸν
2378 2228 2435 2280 ὲν
2477 2227 2555 2298 τῷ
2590 2229 2774 2300 τόπῳ,
2821 2221 2865 2297 ᾧ
2910 2228 3172 2283 πέπονθεν
3219 2229 3323 2283 ὑπὸ
3360 2229 3455 2283 τοῦ
3496 2230 3739 2284 ἀτάκτου

2160 2316 2297 2381 ζώου
2316 2359 2329 2382 ,
2360 2318 2455 2371 καὶ
2486 2320 2790 2389 σφραγίσας
2819 2320 2982 2374 αὐτὸν
3014 2320 3196 2390 τρίτον
3219 2360 3233 2383 ,
3265 2320 3468 2384 εὐθέως
3492 2321 3701 2389 ἀνέστη
3720 2361 3735 2381 .

2163 2409 2325 2479 μηδὲν
2354 2409 2523 2463 κακὸν
2553 2409 2690 2479 ἔχων
2738 2411 2795 2464 ἐν
2838 2410 3036 2480 ἐαυτῷ.
3083 2411 3141 2464 '0
3183 2411 3239 2465 δὲ
3282 2412 3546 2475 Κλεόϐιος
3590 2406 3736 2464 εἷπεν

2160 2502 2299 2572 πρὸς
2339 2502 2400 2555 τὸ
2447 2501 2742 2571 ὑποζύγιον
2774 2503 2954 2573 πάσης
2992 2503 3217 2570 ἀταξίας
3267 2504 3735 2575 πεπληρωμένονο

2173 2592 2388 2662 Ἐπειδὴ
2420 2591 2725 2664 ἠϐουλήθης
2748 2592 3055 2647 θανατῶσαι
3080 2594 3171 2648 τὸν
3204 2594 3333 2647 [διον
3360 2594 3658 2663 δεσπότην,
3685 2596 3739 2645 ὲν

2159 2679 2236 2751 τῷ
2267 2682 2488 2752 ὀνόματι
2518 2682 2692 2752 Ἰησοῦ
2728 2680 2959 2753 Χριστοῦ
2975 2684 3066 2737 τοῦ
3098 2686 3514 2756 ἐσταυρωμένου
3538 2724 3553 2748 ,
3595 2703 3739 2755 μηκ-

2162 2772 2243 2825 έτι
2302 2772 2561 2844 μετέλθῃς
2589 2776 2653 2827 ἐκ
2682 2773 2777 2827 τοῦ
2802 2774 2967 2827 τόπου
2991 2775 3200 2828 τούτου.
3227 2776 3337 2828 Καὶ
3368 2777 3463 2829 ἐπὶ
3486 2776 3572 2847 τῷ
3594 2776 3739 2843 λόγῳ

2160 2864 2420 2918 Κλεοϐίου
2447 2866 2647 2930 εὐθέως
2678 2867 2871 2919 ἔπεσεν
2903 2868 2965 2920 τὸ
2994 2867 3287 2937 ὑποζύγιον
3340 2870 3432 2922 ἐπὶ
3475 2872 3580 2939 τὴν
3615 2871 3741 2939 γῆν,

2161 2956 2252 3009 καὶ
2278 2956 2566 3010 ἀπέθανεν.
2604 2958 2714 3010 Καὶ
2745 2956 3080 3029 ἐπεζήτησεν
3103 2960 3422 3028 Ἑπιφάνιος
3442 2960 3538 3013 τὸν
3569 2962 3738 3013 Κλεό-

2162 3046 2298 3111 ϐιον,
2328 3048 2530 3117 λέγων·
2564 3048 2661 3112 Τίς
2691 3050 2857 3114 ἐστιν,
2883 3050 3078 3121 πάτερ,
3094 3049 3301 3121 Ἰησαῦς
3325 3053 3353 3104 6
3385 3053 3740 3122 ἐσταυρωμέ-

2161 3156 2270 3202 νος,
2294 3140 2375 3192 ὅτι
2396 3138 2619 3192 τοιαῦτα
2642 3142 2846 3210 σημεῖα
2865 3140 3073 3209 γίνεται
3099 3141 3166 3194 δι’
3202 3142 3402 3208 aiam");
3434 3143 3739 3213 ’Ᾱπεκρξθή

2162 3231 2437 3293 Κλεόϐιος,
2463 3231 2557 3283 καὶ
2577 3226 2728 3283 εἶπεν
2752 3231 2887 3302 πρὸς
2908 3230 3224 3300 Ἐπιφάνιον
3249 3248 3261 3261 ·
3294 3228 3462 3296 οὗτος
3485 3236 3517 3286 6
3533 3234 3744 3303 Ἰησοῦς

2161 3320 2308 3374 ἐστιν
2336 3322 2365 3373 ὁ
2403 3321 2527 3385 Υίὸς
2556 3320 2649 3373 τοῦ
2686 3320 2820 3374 Θεοῦ
2852 3359 2868 3387 ,
2913 3321 2973 3375 ὃν
3001 3323 3355 3393 ἐσταύρωσαν
3393 3325 3441 3377 οξ
3474 3324 3741 3377 Ἰουδαῖοι.

2174 3410 2233 3464 'U
2277 3410 2334 3463 δὲ
2378 3411 2692 3480 Ἐπιφάνιος
2738 3412 2974 3484 ἐφοϐήθη
3019 3414 3336 3483 ἀναγγεῖλαι
3367 3414 3446 3485 τῷ
3472 3415 3742 3485 Κλεοϐίῳ,

2163 3503 2244 3556 ὅτι
2286 3503 2535 3567 Ἰουδαῖός
2576 3505 2742 3557 ἐστιν.
2787 3505 2844 3557 Ὁ
2890 3500 2982 3558 οὖν
3024 3506 3278 3571 Κλεόϐιος
3327 3507 3605 3578 ἐπορεύθη
3650 3509 3745 3577 τὴν

2165 3593 2357 3647 ἐαυτοῦ
2385 3594 2521 3661 ὁδὸν,
2556 3596 2648 3649 καὶ
2684 3594 2993 3663 Ἐπιφάνιος
3020 3596 3268 3667 εἰσῆλθεν
3302 3599 3383 3661 εἰς
3414 3598 3515 3667 τὴν
3544 3598 3742 3651 ἑαυτοῦ

2165 3685 2358 3758 κώμην
2389 3686 2522 3758 πρὸς
2550 3688 2649 3759 τὴν
2680 3688 2871 3741 ἐαυτοῦ
2902 3689 3133 3761 μητέρα.
3189 3690 3395 3744 ’ἰδοῦσα
3421 3691 3477 3745 δὲ
3513 3692 3686 3745 αὑτὸν
3712 3697 3740 3759 ἡ

2168 3780 2348 3850 μήτηρ
2383 3777 2569 3845 αὑτοῦ,
2603 3778 2899 3844 ἀπεδέξατο
2925 3780 3086 3834 αὑτὸν
3119 3781 3255 3852 μετά
3286 3784 3483 3852 χαρᾶς,
3533 3784 3635 3835 καὶ
3666 3784 3745 3845 ἐξ-

2165 3869 2409 3939 ηγήσατο
2456 3869 2554 3923 ὅσα
2603 3869 2799 3939 συνέϐη
2832 3870 2979 3941 αὐτῷ
3025 3870 3111 3924 διὰ
3154 3870 3248 3924 τοῦ
3298 3872 3537 3925 ἀτάκτου
3581 3871 3743 3937 ζώου.

2165 3960 2371 4031 Χρόνου
2403 3959 2458 4013 δὲ
2488 3960 2845 4032 παρελθόντος
2901 3956 3053 4015 εἶπεν
3098 3963 3131 4031 ή
3184 3963 3366 4033 μήτηρ
3421 3963 3745 4032 Ἐπιφανίου

2166 4052 2302 4125 πρὸς
2352 4052 2511 4106 αὐτόν
2531 4070 2543 4083 ο
2582 4054 2711 4107 Ἰδοὺ
2741 4055 2840 4125 δὴ,
2874 4054 3084 4117 τέκνον,
3118 4056 3150 4123 ἡ
3184 4055 3255 4123 γῆ
3289 4054 3579 4124 ἀμελεῖται
3603 4098 3621 4121 ,
3656 4060 3746 4113 καὶ

2167 4143 2509 4214 παραμύθιον
2551 4146 2681 4215 ήμῖν
2706 4145 2857 4199 οὐδέν
2890 4146 3037 4199 ἐστιν
3068 4143 3126 4210 ἐξ
3153 4145 3341 4214 αὐτῆς.
3365 4142 3473 4199 Ἦν
3500 4148 3617 4218 γὰρ
3654 4150 3747 4200 αὺ-

2168 4238 2275 4298 τοῖς
2319 4235 2390 4304 γῆ
2432 4236 2537 4288 ίδία
2586 4237 2792 4307 μικρόι⁹
2825 4238 2891 4307 ἢν
2926 4237 3019 4290 καὶ
3058 4238 3087 4289 6
3135 4236 3317 4307 πατὴρ
3369 4237 3539 4292 αὐτοῦ
3571 4240 3746 4308 ἐμπό-

2166 4343 2271 4389 νως
2302 4327 2505 4398 ταύτην
2536 4328 2817 4400 γεωργῶν,
2844 4324 2989 4399 εἶχέν
3017 4346 3137 4382 τινα
3170 4329 3524 4400 παραμυθίαν
3565 4332 3630 4395 ἐξ
3661 4333 3747 4384 αύ-

508 4433 759 4478 nostrum
793 4425 999 4480 homini
1041 4428 1289 4497 agricola:
1322 4446 1336 4482 :
1371 4438 1421 4484 et
1450 4438 1503 4482 tu
1550 4428 1684 4483 vade
1722 4428 1787 4482 ad
1828 4429 2060 4500 aliquem

2169 4417 2285 4488 τῆς.
2340 4413 2507 4472 Εἶπεν
2562 4415 2656 4473 οὖν
2710 4421 2743 4490 ή
2792 4416 2960 4473 αὑτοῦ
3012 4420 3223 4491 μήτηρ·
3288 4420 3653 4492 Ἀποδώμεθα
3697 4427 3748 4474 τὸ

511 4514 784 4570 hominem
838 4515 1008 4572 Deum
1050 4518 1354 4581 timentem,
1405 4528 1458 4572 et
1508 4518 1658 4573 disce
1713 4527 1907 4583 artem,
1958 4534 2063 4589 qua

510 4609 685 4673 possis
720 4620 770 4664 te
794 4610 959 4676 alere,
986 4610 1228 4681 mihique
1266 4619 1321 4665 et
1351 4620 1455 4666 tute
1497 4610 1672 4667 sorori
1700 4626 1894 4682 panem
1936 4628 2067 4682 sup-

511 4699 762 4765 peditare.

581 4880 669 4934 IV.
730 4878 859 4934 Erat
896 4890 1075 4935 autem
1122 4881 1341 4950 quidam
1386 4879 1606 4935 Judazus
1640 4878 1984 4950 legisperitus
2012 4880 2070 4934 in

510 4970 727 5023 civitate
758 4969 1178 5037 Eleuthernpoli,
1212 4972 1293 5025 vir
1324 4971 1676 5026 admirandus
1699 4980 1753 5025 et
1778 4970 2069 5040 religiosus

510 5065 873 5125 congruenter
904 5056 1005 5126 legi
1032 5056 1251 5127 Moysis.
1304 5058 1351 5112 ls
1399 5059 1632 5113 habebat
1664 5058 2068 5129 possessionem

511 5149 565 5202 in
594 5148 737 5212 vico,
763 5148 815 5202 in
847 5163 954 5216 quo
981 5157 1142 5204 natus
1174 5158 1289 5204 erat
1319 5148 1674 5221 Epiphanius,
1707 5152 1800 5220 qui
1831 5151 1943 5221 jam
1979 5166 2070 5206 co-

509 5239 942 5309 gnoscebatejus
983 5250 1187 5309 patrem
1216 5250 1268 5294 et
1310 5250 1557 5307 matrem,
1594 5242 1841 5297 similiter
1886 5252 2071 5299 autem

511 5330 869 5400 Epiphanium
926 5341 979 5386 et
1011 5331 1130 5401 ejus
1172 5346 1438 5387 sororem.
1468 5331 1518 5387 ls
1563 5349 1688 5388 cum
1720 5334 1959 5389 venisset
1999 5333 2067 5388 ad

512 5420 757 5473 visendas
809 5436 935 5475 suas
992 5423 1396 5489 possessiones,
1441 5421 1576 5476 dixit
1630 5423 1788 5477 matri
1832 5422 2071 5492 Epipha-

512 5508 584 5561 nii
615 5527 626 5562 :
674 5507 885 5571 Mulier,
919 5510 1001 5563 vis
1040 5510 1169 5563 dare
1212 5510 1341 5563 mihi
1376 5510 1544 5564 (ilium
1578 5519 1727 5566 tuum
1762 5511 1816 5566 in
1850 5513 2069 5567 ﬁlium?

512 5608 677 5665 tuque
723 5608 775 5653 et
831 5609 921 5654 tua
969 5599 1077 5654 tilia
1110 5600 1371 5669 parabitis
1415 5616 1446 5656 e
1492 5601 1655 5655 domo
1686 5612 1894 5667 nostra,
1941 5619 2063 5673 quae

508 5698 667 5745 erunt
701 5691 851 5746 vobis
877 5692 1019 5747 usui.
1045 5690 1212 5749 Mater
1239 5703 1416 5748 autem
1456 5692 1761 5763 Epiphanii,
1795 5709 1917 5750 cum
1951 5695 2063 5753 haec

2168 4528 2237 4580 γη
2247 4510 2371 4563 ίδιον
2392 4512 2423 4581 ή
2432 4510 2548 4581 μῶν
2576 4511 2844 4583 ἀνθρώπῳ
2866 4511 3096 4584 γεωργῷ
3117 4528 3129 4542 ’
3159 4511 3255 4566 καὶ
3278 4514 3342 4565 σὺ
3368 4510 3585 4566 εἴσελθε
3616 4516 3748 4585 πρὸς

2168 4603 2423 4672 θεόφοϐον
2460 4603 2761 4675 ἄνθρωπον,
2824 4605 2918 4658 καὶ
2964 4603 3056 4657 ἔσο
3096 4603 3476 4675 διδασκόμενος
3529 4604 3746 4675 τέχνην,

2167 4694 2234 4747 δι’
2264 4688 2332 4765 ἧς
2362 4694 2585 4747 δύνασαι
2627 4694 2721 4748 καὶ
2752 4695 2945 4748 ἑαυτὸν
2968 4696 3228 4768 τρέφειν,
3257 4696 3351 4749 καὶ
3381 4696 3529 4766 ἐμοὶ,
3557 4700 3663 4749 καὶ
3692 4700 3747 4765 τῇ

2166 4785 2369 4856 ἀδελφῇ
2403 4802 2495 4838 σου
2522 4785 2679 4857 ἄρτον
2710 4788 2980 4857 χορηγεῖν.

2240 4878 2313 4929 Δ’.
2355 4872 2463 4929 Ἦν
2492 4876 2549 4929 δέ
2572 4894 2654 4940 τις
2693 4878 2945 4940 Ἰουδαῖος
2977 4878 3423 4948 νομοδιδάσκαλος
3454 4880 3517 4933 ἐν
3563 4882 3748 4934 Ἐλευ-

2171 4968 2471 5040 θεροπόλει,
2506 4969 2645 5040 ἀνὴρ
2674 4968 2986 5039 θαυμαστὸς
3016 4971 3110 5023 καὶ
3156 4969 3438 5040 θεοσεϐὴς,
3480 4973 3638 5026 κατά
3670 4976 3747 5025 τὶν

2170 5056 2331 5129 νόμον
2363 5058 2662 5123 Μωῦσέως.
2704 5054 2872 5123 Οὗτος
2915 5056 3059 5131 εἶχεν
3098 5062 3321 5131 κτήσεις
3364 5064 3421 5115 ἐν
3460 5065 3529 5131 τῇ
3564 5063 3747 5134 κώμῃ.

2170 5150 2227 5204 ἐν
2327 5150 2585 5223 ἐγεννήθη
2637 5151 2984 5222 Ἐπιφάνιος⁶
3031 5153 3090 5216 ὃς
3137 5154 3230 5206 καὶ
3269 5154 3378 5207 τὸν.
3402 5154 3628 5225 πατέρα
3662 5156 3745 5207 αὖ·

2170 5239 2262 5291 τοῦ
2299 5239 2454 5310 ᾔδει,
2506 5240 2599 5294 καὶ
2641 5240 2739 5313 τήν
2790 5242 3003 5313 μητέρα
3048 5242 3365 5309 ἐγίνωσκεν,
3408 5242 3621 5311 ὁμοίως
3669 5246 3747 5295 καὶ

2184 5328 2498 5399 Ἐπιφάνιον
2530 5331 2623 5383 καὶ
2646 5330 2743 5401 τὴν
2770 5331 2933 5386 αὐτοῦ
2968 5331 3224 5402 ἀδελφήν.
3274 5328 3441 5395 Οὗτος
3490 5334 3747 5386 εἰσιελθίυλ⁹

2172 5422 2252 5484 εἰς
2285 5422 2569 5491 ἐπίσκεψιν
2594 5424 2701 5477 τῶν
2730 5423 2925 5477 ἑαυτοῦ
2955 5425 3278 5496 κτημάτων,
3308 5421 3457 5477 εἶπεν
3488 5426 3635 5495 πρὸς
3662 5430 3746 5495 τὴν

2174 5513 2382 5585 μητέρα
2438 5516 2791 5585 Ἐπιφανίου’
2837 5516 3023 5579 Γύναι,
3072 5516 3233 5589 βούλῃ
3282 5534 3372 5586 μοι
3423 5516 3621 5571 δοῦναι
3670 5521 3745 5570 τὲιι

2170 5605 2284 5657 υἱόν
2312 5622 2405 5657 σου
2430 5606 2509 5669 εἰς
2540 5606 2651 5660 υίόν
2678 5624 2691 5671 ;
2718 5608 2809 5660 καὶ
2842 5607 2939 5679 ἔσῃ
2964 5607 3057 5660 καὶ
3089 5608 3153 5660 σὺ
3190 5609 3284 5660 καὶ
3312 5610 3345 5678 ή
3372 5607 3632 5681 θυγάτηρ
3666 5628 3745 5663 σου

2171 5696 2269 5760 τὰς
2292 5697 2478 5766 χρείας
2507 5697 2659 5768 ὑμῶν
2692 5697 3043 5772 ποριζόμεναι
3075 5701 3139 5753 ἐκ
3159 5696 3257 5755 τοῦ
3275 5698 3545 5770 ἡμετέρου
3571 5703 3745 5759 οἰκον.
