3800 6180
40 314 101 367 ‘29
1327 312 1384 365 S.
1422 309 1759 365 EPIPHANII
1800 310 1975 365 VITA.
3199 308 3267 360 ὅθ

48 408 106 461 Ἦ
128 404 181 459 δὲ
213 406 401 477 μήτηρ
439 404 752 473 Ἐπιφανίου
780 404 1062 458 ἀκούσασα
1086 404 1237 477 παρὰ
1258 407 1347 460 τοῦ
1374 407 1598 478 νομικοῦ

1711 407 1975 462 audiisset
2022 422 2051 460 a
2086 406 2417 476 legisperito,
2446 404 2602 458 va.de
2660 403 2833 458 laetata
2890 410 2975 457 est
3014 419 3028 456 ι
3064 409 3265 456 etcum

41 497 226 559 ταῦτα,
274 497 449 566 ἐχάρη
492 496 657 558 πολὺ,
690 497 782 548 καὶ
817 496 1055 549 λαϐοῦσα
1094 497 1427 565 Ἐπιφάνιον,
1460 515 1600 568 παρ-

41 586 224 637 έδωκεν
258 586 424 637 αὐτὸν
455 584 799 655 παραχρῆμα
830 588 909 648 είς
940 586 1073 639 υἱόν.
1118 586 1191 638 Τὸ
1222 587 1280 640 δὲ
1307 587 1475 657 ὄνομα
1506 588 1599 641 τοῦ

43 674 248 744 ωμικοῦ
278 675 527 728 ἐκαλεῖτο
556 676 808 746 Τρύφων.
841 671 1009 739 Οὗτος
1038 672 1181 746 εἶχεν
1210 678 1479 749 θυγατέρα
1507 695 1602 748 μο-

43 767 215 836 νογενῆ
236 782 250 795 ·
281 766 535 819 ὲϐούλετο
563 767 620 819 δὲ
652 768 853 839 ταύτην
888 767 1142 833 συζεῦξαι
1184 770 1505 841 Ἑπιφανίῳ.

104 858 177 910 Ε’.
228 857 292 909 '0
337 855 428 911 οὖν
463 858 693 929 Τρύφων
745 858 925 913 λαϐὼν
982 860 1293 931 Ἐπιφόινιον
1337 864 1415 926 είς
1465 864 1596 925 υἱὸν,

44 948 346 1002 ἐπαίδευσεν
400 950 560 1002 αύτδν
608 951 858 1021 ὲμτεόνως
898 952 966 1005 τὰ
1015 952 1111 1005 τοῦ
1163 954 1361 1024 νόμου,
1401 956 1493 1007 καὶ
1534 954 1601 1007 τὰ

47 1045 269 1112 στοιχεῖα
308 1043 377 1096 τὰ
421 1042 683 1113 Ἐϐραῖκὰ
713 1044 849 1113 μετὰ
881 1043 1183 1114 ἀκριϐείας.
1223 1044 1601 1115 Ἐτελεύτησεν

42 1139 91 1190 δὲ
116 1140 146 1209 ἠ
172 1139 421 1208 θυγάτηρ
457 1135 550 1191 τοῦ
583 1138 874 1209 Τρύφωνος
895 1179 909 1203 ,
950 1140 1043 1192 καὶ
1093 1138 1253 1209 μόνος
1292 1139 1601 1208 Ἐπιφάνιος

42 1226 99 1299 ἦν
118 1232 172 1281 ὲν
193 1231 273 1301 τῷ
303 1231 436 1301 οἴκῳ
458 1230 619 1284 αὐτοῦ
652 1231 971 1301 προκόπτων
991 1232 1086 1286 καὶ
1104 1234 1171 1303 τῇ
1191 1232 1396 1304 ἡλικίᾳ,
1418 1234 1510 1285 καὶ
1532 1234 1600 1303 τῇ

44 1322 187 1392 σοφία
214 1324 282 1391 τῇ
327 1320 607 1394 Ἐϐραῖκῇ.
640 1321 843 1393 Συνέϐη
878 1321 933 1375 δὲ
972 1322 1175 1377 καὶτὸν
1216 1323 1484 1395 Τρύφωνα
1516 1341 1603 1376 τε·

42 1416 312 1485 λευτῆσαιο
352 1417 445 1469 καὶ
480 1418 656 1469 πᾶσαν
682 1416 781 1487 τὴν
804 1416 1071 1488 ὑπόληψιν
1095 1417 1259 1470 αὑτοῦ
1290 1416 1603 1486 κατέλειψεν

54 1508 364 1579 Ἐπιφανίῳ.
404 1509 781 1580 Ἐτελεύτησεν
822 1509 878 1562 δὲ
922 1511 1016 1564 καὶ
1059 1512 1093 1581 ή
1140 1512 1320 1583 μήτηρ
1374 1512 1604 1581 Ἐπιφαη

43 1598 162 1652 visu.
206 1599 438 1651 Ἔλαϐεν
484 1599 541 1653 δὲ
578 1600 893 1668 Ἐπιφάνιος
925 1599 1021 1671 τὴν
1052 1600 1246 1653 ἑαυτοῦ
1280 1600 1513 1672 ἀδελφὴν
1545 1604 1602 1654 ὲν

42 1688 110 1759 τῷ
133 1688 267 1760 οἴκῳ
294 1689 369 1760 τῷ
400 1690 503 1742 ὑπὸ
534 1688 627 1742 τοῦ
658 1690 949 1762 Τρύφωνος
979 1690 1391 1760 καταλειφθέντι
1425 1692 1597 1762 αὐτῷ’

44 1782 126 1832 καὶ
148 1776 289 1851 ἦσαν
314 1782 363 1833 οἱ
389 1781 482 1833 δύο
504 1780 620 1852 ἅμα
646 1782 702 1834 ἐν
722 1781 801 1851 τῷ
830 1783 963 1853 οίκῳ
992 1784 1051 1835 ἐν
1081 1782 1245 1853 πολλῇ
1274 1785 1601 1837 καταστάσει

44 1871 147 1941 βίου
192 1873 335 1926 κατὰ
392 1873 489 1945 τὴν
562 1872 783 1945 διδαχὴν
846 1873 1161 1945 Τρύφωνος.
1220 1873 1482 1939 Ἐξελθὼν
1544 1876 1602 1929 δὲ

54 1962 354 2029 Ἐπιφάνιος
396 1963 455 2015 ὲν
485 1965 551 2033 τῇ
594 1961 753 2034 κώμῃ
776 2003 790 2027 ,
844 1964 901 2015 ὲν
1014 1963 1275 2035 ἐγεννήθη
1304 2004 1319 2027 ,
1358 1965 1416 2017 ὲν
1511 1966 1603 2018 καὶ

40 2054 127 2123 τήν
156 2054 344 2123 κτῆσιν
366 2049 512 2124 εἶχεν
540 2054 636 2125 τὴν
667 2054 1120 2125 καταλειφθεῖσαν
1152 2055 1300 2127 αὐτῷ
1331 2057 1437 2110 ὑπὸ
1469 2056 1604 2128 Τρύ-

44 2159 224 2209 φωνος,
246 2144 557 2214 ὑπήντησεν
594 2143 743 2215 αύτῷ
764 2145 903 2215 ἁνήρ
930 2162 1015 2209 τις
1040 2146 1360 2217 Χριστιανὸς
1380 2148 1603 2217 ὀνόματι

43 2233 357 2296 Λουκιανὸς,
389 2232 694 2304 θαυμαστὸς
736 2236 827 2287 καὶ
866 2235 1044 2305 λόγιος
1066 2277 1081 2300 ,
1126 2238 1216 2290 τὸν
1253 2238 1460 2309 μονήρη
1490 2237 1601 2308 βίον

43 2323 392 2393 διερχόμενος,
418 2324 615 2394 τέχνην
642 2325 779 2395 ἔχων
808 2325 904 2398 τὴν
936 2326 1031 2380 τοῦ
1060 2327 1452 2400 καλλιγράφου,
1473 2329 1603 2382 ταύ-

44 2431 101 2487 τῃ
132 2432 185 2467 τε
218 2416 668 2487 προσκαρτερῶν,
698 2416 754 2484 ἐξ
783 2418 954 2489 αύτῆς
979 2418 1070 2472 τὸν
1096 2420 1257 2491 ἄρτον
1300 2421 1598 2491 ἐπορίζετο,

44 2507 125 2558 καὶ
167 2506 226 2559 τὸ
273 2507 595 2577 περισσεῦον
636 2510 879 2563 ἐπεδίδου
924 2513 1037 2576 τοῖς
1078 2512 1369 2584 δεομένοις.
1410 2514 1469 2567 '0
1508 2510 1601 2567 οὖν

54 2598 353 2667 Ἐπιφάνιος
373 2595 441 2670 ἦν
472 2600 816 2671 ἐπιϐεϐηκὼς
844 2602 936 2656 ἐπὶ
968 2603 1281 2673 ὑποζύγιον.
1322 2607 1378 2659 '0
1408 2605 1464 2659 δὲ
1500 2624 1602 2678 μα-

43 2689 256 2759 καρίτης
295 2689 588 2753 Λουκιανὸς
638 2685 705 2761 ἦν
748 2693 1069 2763 περιπατῶν
1118 2696 1176 2747 έν
1220 2698 1286 2767 τῇ
1332 2695 1457 2767 όδῷ,
1507 2699 1600 2750 καὶ

46 2783 365 2850 συνήντησαν
390 2782 693 2854 ἀμφότεροι
720 2782 990 2856 ἀλλήλοις.
1033 2786 1235 2858 Συνέϐη
1270 2787 1358 2850 δὲ,
1396 2789 1603 2860 πένητὰ

42 2888 151 2924 τινα
189 2872 538 2926 ἐπιλαϐέσθαι
581 2874 690 2927 τῶν
748 2876 925 2931 ποδῶν
970 2878 1267 2932 Λουκιανοῦ
1291 2896 1305 2911 ·
1330 2881 1425 2933 καὶ
1455 2879 1600 2949 λέγει

44 2964 167 3032 πρὸς
192 2964 383 3017 αὐτόν’
416 2963 703 3036 ’Ἄνθρωπε
749 2964 843 3018 τοῦ
889 2966 1022 3019 Θεοῦ
1046 3009 1060 3034 ,
1092 2967 1317 3040 ἐλέησόν
1369 2986 1435 3041 με
1455 3011 1469 3035 ,
1518 2971 1598 3023 ὅτι

42 3057 178 3158 epes;
202 3055 412 3158 ἡμέρας
438 3054 547 3125 ἔχω
565 3057 756 3158 ,ἄσιτος
784 3056 1065 3124 διατελῶν,
1105 3060 1178 3132 μὴ
1214 3059 1352 3131 ἔχων
1374 3061 1598 3132 ὲμαυτῷ
1625 3097 1669 3158 c

46 3147 213 3217 μηδέν.
254 3148 310 3200 ὐ
348 3148 406 3200 δὲ
436 3149 706 3221 μακάριος
732 3150 1031 3215 Λουκιανὸς
1050 3190 1065 3215 ,
1115 3151 1190 3223 μὴ
1217 3152 1355 3223 έχων
1382 3154 1433 3207 τί
1463 3155 1600 3207 ἀπο-

44 3238 209 3292 δοῦναι
238 3238 312 3308 τῷ
350 3239 565 3310 πένητι,
608 3239 670 3291 τὸ
716 3240 1062 3312 περιϐόλαιον
1092 3242 1256 3295 αὑτοῦ
1291 3244 1603 3298 ἀποσκεπὰ-

46 3348 134 3395 σας
167 3333 399 3386 ἐπεδίδου
420 3375 435 3401 ,
487 3332 662 3402 λέγων
684 3350 697 3364 ⁸
726 3334 948 3388 Εἰσελοε
983 3338 1040 3388 ὲν
1072 3337 1136 3406 τῇ
1166 3335 1315 3390 πόλει
1338 3376 1356 3400 ,
1388 3339 1480 3391 καὶ
1510 3338 1602 3391 πί-

43 3440 235 3493 πρασον
266 3425 439 3489 τοῦτο,
471 3425 563 3479 καὶ
586 3423 793 3496 ὤνησαι
824 3425 1041 3497 ἄρτους.

107 3515 193 3579 (τ’.
229 3512 285 3565 ὐ
316 3514 372 3566 δὲ
414 3514 733 3582 Ἐπιφάνιος
763 3514 1091 3586 προσέσχεν,
1125 3516 1208 3568 ὅτι
1240 3515 1317 3579 ὡς
1365 3516 1601 3569 ἀπεσκέ-

43 3621 201 3657 πασεν
231 3607 417 3659 ἑαυτὸν
439 3607 757 3670 Λουκιανὸς,
789 3608 883 3660 καὶ
907 3606 1105 3661 ἔδωκεν
1128 3606 1206 3678 τῷ
1236 3608 1446 3678 πένητι,
1478 3608 1604 3661 θεω-

45 3698 127 3766 ρεῖ
152 3696 341 3768 λευκὴν
368 3696 557 3769 στολὴν
585 3697 679 3751 ἀπ’
711 3698 940 3769 ούρανοῦ
970 3699 1334 3753 κατελθοῦσαν
1360 3701 1452 3752 καὶ
1478 3718 1602 3754 σκε-

42 3781 276 3842 πέσασαν
304 3789 482 3843 αὐτόν.
520 3790 632 3843 Καὶ
674 3789 916 3861 ἐφοϐήθη
962 3791 1276 3859 Ἐπιφάνιος
1315 3791 1478 3861 φόϐον
1510 3791 1604 3862 μέ-

41 3896 174 3947 γανο
216 3882 301 3933 καὶ
334 3878 513 3933 πεσὼν
562 3882 654 3934 ἐπὶ
698 3881 1009 3953 πρόσωπον,
1054 3883 1217 3954 ῥίψας
1259 3883 1449 3936 ἑαυτὸν
1495 3883 1604 3936 ἀπὸ

44 3969 345 4039 ὑποζυγίου,
368 3967 521 4025 εἶπεν
566 3971 700 4042 πρὸς
728 3973 1059 4026 Λουκιανόνο
1109 3974 1309 4044 Δέομαί
1352 3991 1466 4039 σου,
1512 3976 1603 4029 ἄν-

49 4063 243 4135 θρωπε,
282 4065 428 4118 εἰπόν
462 4082 580 4137 μοι·
610 4066 693 4129 τίς
718 4061 805 4131 ei;
840 4066 898 4118 ὐ
930 4066 984 4119 δὲ
1014 4067 1281 4138 μακάριος
1310 4069 1601 4133 Λουκιανὸς

52 4155 191 4211 εἶπεν
226 4159 356 4231 πρὸς
390 4158 740 4228 Ἐπιφάνιον⁸
788 4157 957 4212 Εἰπόν
1014 4176 1103 4230 μοι
1151 4160 1238 4226 σὺ,
1276 4160 1435 4223 ποίας
1473 4159 1603 4232 θρη-

53 4252 223 4315 σκείας
250 4252 529 4323 ὑπάρχεις,
553 4249 725 4323 ,κάγὼ
756 4250 1038 4320 ἀναγγελῶ
1088 4269 1172 4305 σοι
1206 4252 1275 4306 τὰ
1316 4255 1434 4306 κατ’
1478 4254 1597 4323 ὲμέ.

59 4340 330 4412 ⁸Δπεκρίθη
381 4342 733 4411 Ἐπιφάνιος,
786 4341 879 4393 καὶ
930 4336 1115 4394 εἶπεν·
1158 4341 1406 4404 Ἰουδαῖός
1459 4343 1595 4411 εἰμι.

1708 501 2000 569 accepisset
2033 498 2417 567 Epiphaniam,
2445 512 2568 551 eum
2607 494 2916 565 legisperito
2954 495 3134 547 statim
3168 494 3266 546 de-

1702 591 1785 645 dit
1821 590 1876 643 in
1911 589 2103 643 ﬁlium.
2154 586 2282 641 Erat
2314 586 2628 657 legisperito
2651 587 2727 640 illi
2758 600 2954 639 nomen
2988 582 3265 654 Tryphon,

1703 682 1798 752 qui
1826 681 2018 735 habuit
2052 679 2218 732 ﬁliam
2260 677 2619 748 unigenitum,
2647 676 2969 744 volebatque
2992 690 3112 729 eam
3135 673 3269 743 jun-

1700 790 1824 846 gere
1858 773 2179 843 Epiphanio.

1779 864 1842 920 ν.
1884 866 2021 919 Cum
2052 865 2234 933 itaque
2258 861 2515 934 Tryphon
2558 860 2920 931 Epiphanium
2968 859 3269 927 accepisset

1703 959 1756 1013 in
1797 958 1991 1024 ﬁlium,
2043 970 2381 1026 quaecunque
2439 966 2567 1008 sunt
2612 954 2744 1023 legis
2804 968 2929 1007 eum
2982 952 3270 1021 diligenter

1702 1050 1914 1113 docuit,
1944 1060 1997 1103 et
2025 1049 2292 1103 elementa
2328 1045 2591 1101 Hebraica
2625 1052 2897 1099 accurate.
2939 1043 3146 1098 Mortua
3187 1053 3272 1097 est

1705 1152 1885 1195 autem
1917 1139 2023 1193 ﬁlia
2065 1138 2392 1210 Tryphonis,
2424 1138 2682 1208 solusque
2710 1137 3046 1206 Epiphanius
3071 1147 3188 1190 erat
3216 1135 3271 1190 in

1702 1232 1866 1287 domo
1904 1231 2046 1300 ejus,
2076 1229 2363 1299 proﬁciens
2394 1237 2552 1283 attate
2576 1235 2631 1282 et
2670 1227 2937 1295 sapientia
2980 1224 3267 1279 Hebraica.

1702 1324 1912 1381 Accidit
1947 1338 2099 1388 vero,
2132 1330 2192 1375 ut
2231 1319 2485 1391 Tryphon
2533 1332 2751 1388 quoque
2782 1315 3103 1370 decederet:
3151 1329 3274 1368 om-

1704 1431 1909 1487 nesque
1949 1414 2233 1471 facultates
2266 1427 2395 1467 suas
2425 1410 2648 1480 reliquit
2673 1408 3017 1479 Epiphanio.
3060 1406 3272 1460 Mortua

1704 1517 1787 1564 est
1827 1517 2006 1563 autem
2062 1516 2237 1560 mater
2291 1519 2510 1574 quoque
2564 1500 2873 1571 Epiphanii.
2920 1498 3025 1564 Qui
3067 1498 3275 1566 accepit

1705 1616 1944 1658 sororem
1974 1614 2129 1655 suam
2168 1598 2223 1652 in
2248 1597 2432 1661 domo,
2462 1611 2583 1665 qua:
2617 1610 2647 1647 a
2683 1592 2973 1663 Tryphone
3014 1590 3116 1645 sibi
3150 1589 3273 1643 reli-

1662 1698 1667 1703 ’
1703 1705 1786 1749 οιε
1836 1692 2033 1747 fuerat.
2092 1688 2367 1757 Erantque
2412 1687 2574 1741 ambo
2625 1684 2772 1739 domi
2815 1684 2871 1736 in
2918 1697 3114 1751 magna
3154 1680 3273 1733 vita:

1635 1757 1675 1811 Β
1706 1779 2112 1850 tranquillitate,
2152 1776 2540 1830 convenienter
2572 1773 2854 1837 doctrinae,
2914 1786 3077 1840 quam
3119 1784 3273 1823 acce-

1706 1881 1953 1942 peranta
1993 1869 2307 1941 Tryphone.
2344 1868 2577 1938 Egresso
2628 1875 2807 1919 autem
2863 1860 3165 1932 Epiphanio
3218 1861 3272 1913 in

1702 1966 1884 2020 vicum
1914 1964 1966 2018 in
1997 1977 2107 2033 quo
2138 1970 2302 2015 natus
2356 1960 2554 2021 fuerat,
2604 1958 2658 2010 in
2704 1970 2815 2026 quo
2845 1956 3009 2008 etiam
3040 1953 3273 2007 habebat

1703 2052 2078 2124 possessiones
2134 2050 2352 2105 relictas
2392 2064 2420 2101 a
2468 2046 2777 2117 Tryphone,
2832 2044 3072 2097 occurrit
3110 2043 3160 2097 ei
3191 2042 3273 2095 vir

1701 2145 1926 2217 quidam
1954 2143 2319 2208 Christianus,
2345 2142 2564 2195 nomine
2595 2139 2886 2201 Lucianus,
2924 2136 3275 2191 admirandus

1700 2247 1755 2293 et
1796 2238 2065 2300 eruditus,
2111 2234 2205 2305 qui
2242 2235 2410 2289 vitam
2463 2232 2753 2287 exercebat
2798 2229 3180 2291 monasticam,
3220 2235 3273 2282 et

1700 2332 1965 2403 elegantis
2011 2329 2220 2385 librarii
2277 2336 2445 2382 artem
2506 2324 2751 2395 apprime
2813 2323 3066 2388 tenebat,
3115 2321 3274 2389 eique

1702 2434 1919 2480 strenue
1966 2436 2172 2476 navans
2227 2433 2469 2489 operam,
2526 2431 2592 2470 ex
2631 2429 2695 2469 ea
2752 2430 2946 2484 panem
2998 2412 3273 2482 quaerebat

1700 2514 2078 2585 quotidianum
2127 2528 2141 2577 ;
2214 2518 2267 2566 et
2321 2509 2468 2579 quod
2529 2514 2859 2576 supererat,
2934 2502 3273 2573 impertiebat

1700 2606 2002 2677 egentibus.
2066 2603 2244 2673 Atque
2309 2600 2644 2671 Epiphanius
2696 2596 2914 2668 quidem
2967 2595 3273 2663 jumentum

1701 2700 2131 2755 conscenderat;
2182 2695 2373 2750 beatus
2411 2697 2591 2747 autein
2624 2689 2900 2746 Lucianus
2944 2687 2996 2740 in
3028 2687 3112 2739 via
3147 2701 3273 2739 am-

1702 2790 1941 2855 bulabat,
1969 2796 2023 2844 et
2051 2788 2212 2843 ambo
2237 2786 2341 2841 sibi
2382 2786 2614 2839 invicem
2651 2784 3029 2837 occurrerunt.
3068 2778 3272 2837 Accidit

1702 2897 1849 2948 vero,
1875 2889 1931 2934 ut
1961 2894 2167 2950 pauper
2195 2877 2415 2946 quidam
2452 2876 2616 2946 pedes
2640 2872 2866 2929 Luciani
2896 2874 3273 2945 prehenderet,

1701 2980 1754 3027 et
1791 2972 1839 3026 ei
1872 2971 2076 3025 diceret
2110 2986 2124 3022 :
2158 2965 2333 3021 Homo
2377 2964 2490 3031 Dei,
2526 2964 2786 3018 miserere
2820 2963 2959 3027 mei;
2983 2963 3095 3031 jam
3129 2960 3274 3014 enim

1703 3074 1812 3120 tres
1844 3063 1961 3118 dies
2001 3073 2294 3132 permaneo
2324 3058 2566 3128 jejunus,
2602 3064 2664 3110 ut
2708 3056 2800 3125 qui
2836 3054 2972 3109 nihil
3022 3054 3273 3108 habeam.

1702 3156 1897 3210 Beatus
1949 3163 2130 3208 autem
2187 3151 2482 3213 Lucianus,
2534 3164 2659 3203 cum
2707 3148 2845 3202 nihil
2900 3146 3044 3200 aliud
3094 3154 3272 3215 posset

1701 3248 1830 3302 dare
1858 3246 2101 3317 pauperi,
2133 3258 2193 3299 se
2223 3244 2425 3298 amictu
2452 3256 2677 3306 exuens,
2706 3255 2830 3293 eum
2871 3239 2946 3292 illi
2978 3238 3165 3301 donat,
3191 3236 3273 3291 di-

1702 3353 1875 3393 cens:
1927 3334 2216 3408 Ingredere
2266 3334 2570 3399 civitatem,
2604 3341 2657 3386 et
2688 3331 2880 3396 vende,
2929 3338 2984 3385 et
3015 3344 3134 3384 eme
3178 3329 3273 3384 tibi

1702 3445 1888 3501 panes.

1772 3520 1859 3575 Vl.
1896 3518 2139 3576 Advertit
2188 3528 2367 3572 autem
2416 3514 2774 3586 Epiphanius,
2827 3512 2973 3584 quod
3025 3528 3149 3567 cum
3216 3527 3273 3567 se

1700 3613 1942 3669 exuisset
1982 3610 2279 3675 Lucianus,
2312 3618 2366 3663 et
2393 3607 2628 3662 dedisset
2670 3606 2915 3677 pauperi,
2945 3606 3111 3660 vestis
3138 3620 3270 3658 can-

1701 3704 1826 3761 dida
1857 3705 1925 3760 de
1968 3704 2106 3761 coelo
2136 3702 2467 3757 descendens
2499 3714 2625 3754 eum
2666 3706 2893 3753 texerat.
2939 3696 3133 3768 Magno
3168 3698 3272 3751 ita-

1700 3814 1808 3869 que
1846 3799 2039 3851 timore
2079 3795 2179 3849 fuit
2214 3793 2441 3847 allectus
2474 3790 2836 3861 Epiphanius,
2870 3804 3186 3859 pronusque
3215 3790 3270 3844 in

1700 3890 1893 3945 faciem
1920 3886 2118 3943 cadens
2156 3901 2186 3939 e
2214 3884 2482 3952 jumento,
2524 3882 2663 3938 dixit
2696 3880 2977 3937 Luciano:
3007 3879 3160 3951 R030
3197 3890 3269 3945 te,

1700 4002 1734 4040 ο
1768 3986 1947 4048 homo,
1982 3981 2070 4035 dic
2107 3978 2240 4033 mihi
2274 3997 2288 4032 ι
2324 3978 2577 4047 quisnam
2604 3976 2702 4030 es?
2730 3974 2928 4029 Beatus
2958 3983 3135 4029 autem
3167 3972 3271 4026 Lu-

1701 4081 1890 4133 cianus
1920 4074 2057 4130 dixit
2088 4071 2392 4142 Epiphanio
2425 4088 2437 4123 :
2475 4068 2572 4123 Dic
2600 4068 2733 4122 mihi
2767 4078 2845 4134 tu,
2875 4066 3163 4136 cujusnam
3194 4066 3271 4119 sis

1700 4165 1996 4237 religionis,
2046 4172 2099 4219 et
2145 4177 2247 4233 ego
2297 4175 2477 4215 meam
2530 4158 2631 4212 tibi
2666 4156 2921 4211 referam.
2974 4152 3271 4223 Respondit

1697 4254 2053 4326 Epiphanius,
2108 4262 2162 4307 et
2190 4250 2327 4305 dixit
2363 4268 2375 4301 :
2418 4247 2549 4301 Sum
2603 4244 2843 4300 Judaeus.
2890 4242 3049 4297 Novit
3086 4245 3269 4309 itaque

1699 4347 1973 4402 Lucianus
2006 4344 2234 4416 gratiam
2265 4341 2360 4396 Dei
2390 4341 2652 4396 cecidisse
2682 4352 2843 4407 super
2873 4334 3264 4406 Epiphanium.

51 4432 218 4501 Ἔγνω
244 4430 330 4487 οὖν
345 4434 659 4496 Λουκιανὸς,
696 4434 777 4486 ὅτι
815 4432 974 4505 χάρις
1000 4432 1133 4486 Θεοῦ
1166 4432 1432 4486 ἐπέπεσεν
1463 4434 1598 4505 πρὸς

1703 4437 1833 4493 Nam
1871 4435 2268 4507 praescientiam
2304 4446 2522 4502 quoque
2552 4430 2786 4487 habebat
2828 4427 3122 4482 Lucianus.
3168 4425 3269 4479 Re-

58 4526 350 4595 Ἑπιφάνιον
370 4542 383 4556 ·
411 4522 480 4597 ἦν
508 4525 617 4597 γὰρ
644 4528 741 4579 καὶ
779 4526 1084 4596 πρόγνωσιν
1114 4525 1251 4596 ἔχων
1282 4527 1595 4591 Λουκιανός.

59 4617 330 4690 Ἀπεκρίθη
377 4618 676 4683 Λουκιανὸς
724 4617 862 4689 πρὸς
923 4618 1271 4689 Ἐπιφάνιον·
1335 4618 1459 4683 Πῶς
1511 4621 1595 4685 σὺ,

60 4707 287 4773 Ἰουδαῖος
311 4708 404 4777 ὣν,
444 4712 728 4782 ὲπερωτᾷς
756 4712 1077 4783 Χριστιανὸν
1116 4710 1307 4781 μαθεῖν
1334 4711 1417 4775 τίς
1446 4712 1595 4782 εἰμι;

49 4799 125 4849 ὅτι
174 4800 431 4874 βδέλυγμα
464 4804 514 4856 οί
556 4804 796 4856 Ἰουδαῖοι
849 4805 961 4866 τοῖς
1007 4803 1351 4873 Χριστιανοῖς
1374 4844 1389 4867 ,
1424 4803 1517 4856 καὶ
1548 4804 1598 4855 οἱ

50 4885 339 4954 Χριστιανοὶ
366 4893 481 4955 τοῖς
514 4890 805 4956 Ἰουδαίοις.
833 4892 963 4946 Ἰδοὺ
989 4890 1052 4963 δὴ
1070 4892 1328 4962 ήκουσας,
1358 4894 1439 4946 ὃτι
1466 4894 1600 4964 Χρι-

52 4980 243 5043 στιανός
285 4984 428 5053 εἰμι’
458 4983 560 5036 οὐκ
595 4983 803 5051 ἔξεστίν
844 5002 927 5038 σοι
952 4983 1078 5039 ἀλλο
1117 5002 1170 5037 τι
1203 4984 1433 5038 ἀκοῦσαι
1466 4988 1597 5056 παρ’

52 5066 192 5136 ἐμοῦ.
222 5071 276 5123 ’0
302 5072 355 5125 δὲ
400 5074 721 5143 Ἐπιφάνιος
760 5071 912 5129 εἶπεν
944 5075 1081 5147 πρὸς
1124 5076 1418 5130 Λουκιανόν
1439 5094 1452 5106 ·
1488 5077 1599 5130 Καὶ

52 5158 102 5208 τί
126 5160 300 5216 κωλύει
324 5164 415 5218 τοῦ
440 5166 535 5218 καί
558 5168 657 5235 ἐμὲ
683 5168 934 5235 γενέσθαι
960 5169 1283 5240 Χριστιανὸν
1303 5185 1318 5233 ;
1342 5168 1599 5239 Ἀπεκρί-

52 5249 114 5320 θη
156 5254 429 5315 Λουκιανὺς
484 5258 578 5311 καὶ
620 5254 773 5312 εἶπεν
797 5276 811 5291 ·
866 5260 939 5312 Τὸ
1013 5260 1087 5332 μὴ
1133 5259 1305 5313 θέλειν
1364 5259 1560 5313 κωλύει
1583 5277 1597 5290 ·

53 5339 107 5392 τὸ
161 5344 259 5415 γὰρ
314 5346 484 5401 θέλειν
570 5352 645 5420 (a)
706 5353 989 5422 πάρεστιν.
1044 5350 1483 5421 Κατανυχθέντος
1541 5351 1598 5406 δὲ

63 5428 353 5503 Ἐπιφανίου
406 5441 499 5493 ἐπὶ
570 5444 683 5505 τοῖς
755 5442 933 5511 λόγοις
995 5443 1293 5497 Λουκιανοῦ
1319 5486 1333 5509 ,
1414 5443 1596 5497 οὐκέτι

56 5520 295 5597 ἐπορεύθη
318 5530 453 5601 πρὸς
479 5532 767 5602 ἐπίσκεψιν
791 5535 889 5606 τῆς
923 5534 1115 5588 ἑαυτοῦ
1150 5538 1394 5607 κτήσεως
1414 5552 1427 5565 ’
1460 5536 1595 5591 ἀλλὰ

60 5612 214 5666 λαϐὼν
240 5620 549 5689 Λουκιανὸν,
581 5626 896 5696 εἰσήνεγκεν
922 5628 1080 5682 αὐτὸν
1110 5631 1188 5693 είς
1208 5629 1297 5683 τὸν
1325 5624 1469 5684 οἶκον
1498 5630 1594 5683 αύ-

128 5730 189 5793 (al
209 5732 452 5797 Fortasse
475 5741 760 5799 δύνασθαι.

1700 4527 1917 4600 spondit
1967 4542 2095 4595 ergo
2167 4523 2466 4587 Lucianus,
2522 4530 2577 4576 et
2622 4522 2759 4576 dixit
2805 4517 3150 4588 Epiphanio:
3202 4515 3270 4570 Et

1698 4618 1972 4689 quomodo
2016 4627 2071 4671 tu
2106 4631 2230 4669 cum
2279 4614 2355 4669 sis
2389 4612 2631 4677 Judzeus,
2676 4625 2838 4679 rogas
2870 4608 3265 4673 Christianum,

1697 4711 1951 4783 quisnam
2005 4709 2113 4763 sit?
2150 4708 2460 4762 Abhorrent
2502 4704 2649 4759 enim
2696 4702 2992 4757 Christiani
3023 4700 3265 4764 Iudaeos,

1696 4814 1749 4860 et
1773 4802 1943 4859 Judaei
1970 4800 2334 4857 Christianos.
2367 4798 2507 4853 Ecce
2541 4796 2795 4851 audivisti
2842 4811 2927 4849 me
2957 4809 3078 4851 esse
3108 4794 3267 4849 Chri-

1697 4897 1932 4952 stianum
1963 4914 1976 4947 :
2013 4908 2121 4948 non
2151 4892 2277 4946 licet
2304 4892 2400 4945 tibi
2434 4890 2624 4945 audire
2652 4905 2718 4944 ex
2742 4904 2826 4943 me
2859 4888 3067 4957 aliquid
3092 4889 3263 4943 aliud.

1696 4987 2034 5058 Epiphanius
2070 4994 2253 5039 autem
2284 4983 2423 5038 dixit
2472 4981 2712 5036 Luciano
2744 4998 2759 5035 :
2791 4979 2856 5034 Et
2902 4980 3033 5050 quid
3062 4982 3262 5045 obstat,

1696 5096 1805 5151 quo
1836 5080 2014 5135 minus
2043 5093 2144 5150 ego
2171 5090 2388 5146 quoque
2415 5075 2518 5129 sim
2551 5072 2930 5129 Christianus?
2970 5070 3267 5143 Respondit

1697 5170 1991 5235 Lucianus,
2026 5177 2081 5226 et
2114 5170 2251 5225 dixit
2284 5187 2296 5222 :
2333 5167 2389 5223 ιιι
2426 5182 2595 5221 υηιιηι
2648 5167 2845 5229 obstat,
2875 5165 3019 5236 quod
3072 5166 3214 5220 nolis
3247 5180 3262 5218 :

1695 5264 1820 5320 licet
1848 5264 2013 5329 enim,
2045 5263 2089 5317 si
2125 5262 2281 5318 velis.
2320 5260 2549 5317 Luciani
2576 5268 2755 5314 autem
2782 5258 2962 5313 verbis
2996 5272 3265 5326 compun-
3306 5326 3307 5329 η

1695 5367 1815 5412 ctus
1854 5353 2212 5424 Epiphanius,
2248 5368 2357 5407 non
2415 5351 2648 5421 perrexit
2690 5349 2924 5419 amplius
2977 5348 3040 5403 ad
3071 5348 3263 5401 viden-

1694 5450 1817 5505 dam
1853 5464 2009 5503 suam
2055 5448 2453 5518 possessionem
2490 5464 2503 5499 :
2557 5443 2651 5499 sed
2681 5443 2887 5512 accepit
2932 5439 3259 5504 Lucianum,

1694 5551 1747 5597 et
1771 5540 2071 5597 introduxit
2113 5538 2167 5592 in
2195 5539 2418 5594 domum
2455 5553 2631 5603 suam,
2663 5552 2784 5608 qua:
2824 5536 2874 5590 ei
2916 5535 3103 5590 relicta
3154 5532 3265 5589 fueo

1699 5642 1801 5699 rat,
1839 5643 1892 5690 et
1922 5631 2157 5689 ostendit
2189 5631 2239 5687 ei
2264 5630 2469 5698 omnia,
2502 5646 2621 5701 qua:
2645 5628 2791 5686 domi
2825 5635 3001 5696 erant,
3028 5625 3216 5682 dicens
3244 5642 3259 5678 :
