3800 6180
491 262 552 318 3i
1772 259 1830 312 S.
1878 255 2213 311 EPIPHANII
2262 258 2418 312 VITA
3647 254 3720 307 5?.

491 375 583 429 l'lze
608 384 737 431 sunt
770 391 901 431 meae
934 374 1238 439 facultates,
1275 389 1307 427 0
1353 384 1523 443 pater.
1553 374 1685 427 Volo
1729 384 1909 427 autem
1941 373 2055 427 ﬁeri

2172 373 2251 424 τοῦ
2303 375 2389 426 τὸν
2446 374 2867 443 καταλειφθέντα
2921 371 3106 442 αὐτῷ,
3167 388 3258 423 και
3312 368 3511 433 ἔδειξεν
3571 365 3719 436 αὐτῷ

489 466 854 529 Christianus,
917 475 971 520 et
1014 467 1177 519 vitam
1244 466 1458 535 exigere
1517 465 1895 519 monasticam.
1960 464 2056 516 Est

492 572 618 607 vero
647 557 776 609 mihi
806 571 1024 625 quoque
1058 557 1170 609 haec
1201 571 1360 610 soror
1389 574 1401 609 :
1449 553 1590 620 Quid
1624 554 1691 608 de
1732 553 1816 608 bis
1850 552 2055 621 jubes?

491 651 687 703 Beatus
714 657 891 700 autem
924 646 1199 702 Lucianus
1231 647 1365 701 dixit
1407 645 1707 714 Epiphanio
1735 664 1747 698 :
1795 643 1909 698 Non
1944 658 2055 713 po-

492 751 593 803 tes,
640 756 673 795 o
704 740 776 792 fili
803 780 816 801 .
868 740 914 793 si
953 740 1050 793 has
1091 740 1292 793 habeas
1327 750 1571 793 terrenas
1617 737 1854 800 divitias,
1884 738 2052 790 vitam

490 836 707 901 exigere
752 831 1109 886 monasticam
1146 849 1158 885 :
1211 831 1304 885 sed
1342 830 1493 899 prius
1536 844 1779 883 sororem
1834 828 2051 897 quidem

491 937 641 981 tuam
670 924 739 978 da
776 931 1025 993 nuptum,
1069 932 1123 976 et
1168 922 1236 975 da
1293 922 1343 976 ei
1392 936 1512 990 qua:
1551 928 1679 975 sunt
1722 919 2051 974 necessaria.

493 1018 696 1073 Deinde
745 1016 825 1071 sic
862 1016 1086 1085 pulchre
1122 1015 1323 1083 poteris
1364 1029 1485 1068 esse
1541 1012 1863 1067 monachus.
1910 1010 2056 1065 Dixit

493 1109 831 1180 Epiphanius
884 1107 1177 1161 Luciano:
1232 1105 1513 1167 Primum,
1577 1115 1768 1174 pater,
1827 1101 1914 1156 fac
1969 1116 2056 1156 me

493 1200 857 1255 Christianum
889 1216 901 1251 :
930 1196 1123 1252 deinde
1160 1198 1237 1251 sic
1272 1195 1491 1259 faciam,
1519 1209 1855 1263 quaecunque
1879 1204 1934 1244 tu
1970 1206 2056 1247 me

492 1291 738 1361 jusseris.
784 1288 929 1342 Dixit
958 1298 1139 1342 autem
1168 1288 1216 1341 ei
1250 1286 1520 1341 Lucianus
1556 1304 1570 1340 :
1602 1284 1720 1339 Non
1756 1286 1879 1339 licet
1921 1284 2055 1338 mihi

496 1382 701 1450 absque
730 1380 986 1448 episcopo
1019 1378 1197 1433 facere
1242 1389 1291 1432 te
1335 1376 1705 1432 Christianum
1736 1396 1748 1429 :
1793 1376 1907 1447 [sed
1938 1386 2056 1430 esto

496 1475 550 1527 in
600 1474 690 1539 iis,
726 1487 845 1542 qua;
882 1470 949 1525 ad
983 1470 1153 1525 Deum
1192 1470 1485 1539 pertinent,
1517 1478 1570 1524 et
1598 1484 1696 1539 ego
1722 1468 2057 1524 annuntiabo

494 1563 770 1632 episcopo,
812 1562 905 1631 qui
939 1570 989 1617 te
1031 1561 1191 1616 faciet
1220 1560 1636 1631 Christianum]

2159 466 2337 517 πάντα
2366 466 2433 519 τὰ
2468 469 2525 520 ἐν
2558 466 2634 537 τῷ
2665 467 2796 532 οἴκῳ
2828 463 3013 526 αὐτοῦ,
3041 464 3211 531 λέγων
3237 480 3249 492 ·
3280 460 3463 515 Ταῦτά
3499 478 3587 530 μοι
3622 461 3721 512 ὑπ-

2161 553 2315 623 άρχει
2337 594 2352 618 ,
2385 556 2556 627 πάτερ
2578 572 2590 586 ·
2624 556 2761 608 θέλω
2784 556 2840 607 δέ
2864 554 3185 623 Χριστιανὸς
3211 551 3483 620 γενέσθαι,
3514 550 3610 602 καὶ
3631 549 3717 600 τὸ.

2163 648 2375 717 μονήρη
2411 648 2522 717 βίον
2548 647 2840 718 μετελθεῖν.
2861 648 3044 701 Ἔστιν
3068 647 3125 699 δέ
3155 663 3243 717 μοι
3275 643 3412 713 αῦτη
3436 645 3469 712 ἡ
3496 642 3713 709 ἀδελφή.

2162 742 2227 795 Τί
2252 738 2493 802 κελεύεις
2526 740 2653 807 περὶ
2680 739 2915 803 τούτων;
2961 738 3017 790 ’0
3048 737 3105 789 δὲ
3135 737 3399 806 μακάριος
3429 732 3714 795 Λουκιανές

2161 827 2313 883 εἶπεν
2361 828 2497 898 πρὸς
2549 827 2899 895 Ἐπιφάνιον’
2949 826 3025 879 Οὐ
3075 825 3323 887 δύνασαι,
3374 823 3583 884 τέκνον,
3623 821 3716 889 τὴν

2162 919 2292 990 ὓλην
2317 920 2495 972 πᾶσαν
2521 916 2723 988 ταύτην
2752 916 3017 987 ἔχων,τὸν
3046 924 3250 987 μονηρη
3275 913 3385 984 βίον
3413 910 3712 983 μετελθεῖν·

2163 1011 2278 1064 ἀλλ’
2314 1010 2465 1073 ἐκδος
2514 1009 2611 1080 μὲν
2636 1008 2733 1078 τὴν
2772 1008 3002 1079 ἀδελφήν
3029 1025 3121 1060 σου
3152 1007 3325 1077 ἀνδρὶ,
3355 1006 3449 1058 καὶ
3477 1004 3567 1066 δὸς
3588 1004 3719 1071 αὐτῇ

2159 1103 2228 1157 τὰ
2266 1101 2401 1173 πρὸς
2430 1098 2526 1171 τὴν
2560 1100 2747 1171 χρείαν
2768 1115 2782 1129 ⁸
2825 1099 2917 1151 καὶ
2962 1097 3030 1151 τὰ
3071 1095 3233 1149 λοιπὰ
3261 1095 3348 1157 δὸς
3376 1094 3487 1153 τοῖς
3538 1091 3721 1162 χρείαν

2161 1194 2371 1264 ἔχουσιν
2396 1208 2409 1221 ·
2446 1188 2544 1243 εἷθ’
2591 1188 2760 1253 οὕτως
2793 1188 3008 1260 δυνήσει
3056 1187 3281 1258 μονάσαι
3325 1182 3523 1245 καλῶς.
3562 1178 3722 1234 Εἶπεν

2161 1284 2217 1336 δέ
2272 1280 2594 1351 Ἐπιφάνιος
2642 1280 2778 1348 πρὸς
2837 1278 3166 1333 Λουκιανόν⁹
3213 1274 3473 1346 Πρῶτον,
3529 1273 3721 1340 πάτερ,

2162 1372 2383 1443 ποίησόν
2415 1388 2481 1440 με
2507 1367 2830 1440 Χριστιανόν
2850 1381 2865 1395 ⁸
2897 1362 2994 1419 εἷθ’
3026 1364 3197 1428 οὕτως
3224 1364 3433 1433 ποιήσω
3463 1360 3646 1413 πάντα
3667 1361 3725 1411 τὰ

2164 1460 2570 1533 προσταχθέντα
2620 1476 2710 1529 μοι
2753 1458 2857 1511 ὑπὸ
2899 1457 3013 1511 σοῦ.
3049 1457 3108 1510 Ὀ
3147 1457 3203 1509 δέ
3248 1452 3545 1515 Λουκιανὸς
3580 1446 3725 1502 εἶπεν

2165 1556 2300 1626 πρὸς
2351 1551 2694 1621 Ἐπιιρόινιον’
2751 1549 2863 1602 Οὐκ
2914 1546 3119 1612 ἔξεστίν
3156 1563 3265 1617 μοι,
3315 1544 3589 1613 παρεκτὸς
3641 1541 3725 1593 τοῦ

2100 1678 2107 1687 ~
2166 1645 2485 1710 ἐπισκόπου,
2522 1642 2745 1713 ποιῆσαί
2775 1658 2833 1693 σε
2858 1639 3201 1712 Χριστιανόν.

572 1734 678 1788 Vll.
720 1733 964 1803 Cumque
990 1734 1106 1787 haec
1131 1733 1357 1787 dixisset
1382 1731 1675 1797 Lucianus,
1702 1748 1952 1803 egressus
1974 1747 2058 1789 ρει

2231 1740 2305 1791 Z'.
2346 1735 2451 1790 Καὶ
2496 1734 2652 1788 τοῦτο
2689 1731 2856 1787 εἰπὼν
2890 1731 3206 1795 Λουκιανὸς,
3242 1728 3461 1799 ἐξῆλθεν
3519 1726 3587 1778 ἐκ
3643 1725 3727 1777 τοῦ

498 1836 529 1876 e
556 1822 718 1875 domo
744 1820 1051 1889 Epiphanii.
1079 1830 1132 1876 et
1155 1823 1251 1875 ivit
1273 1824 1339 1875 ad
1365 1823 1701 1892 episcopum.
1721 1823 2058 1893 Epiphanius

502 1922 681 1966 autem
712 1928 820 1966 non
855 1921 1162 1977 cunctatus,
1195 1914 1375 1967 statim
1407 1912 1543 1967 dixit
1572 1930 1683 1968 sua:
1709 1914 1884 1968 sorori
1911 1931 1924 1967 :
1956 1911 2061 1967 Vo-

500 2008 554 2059 lo
603 2006 714 2059 fieri
764 2004 1126 2068 Christianus,
1158 2013 1212 2057 et
1252 2005 1415 2057 vitam
1465 2019 1627 2075 agere
1680 2005 2057 2060 monasticam.

499 2099 599 2153 Cui
629 2097 766 2153 dixit
794 2112 950 2151 soror
981 2097 1100 2166 ejus
1135 2116 1146 2151 :
1186 2095 1321 2150 Volo
1358 2098 1503 2165 quod
1534 2106 1592 2151 tu
1623 2099 1726 2161 vis,
1782 2106 1835 2151 et
1868 2098 2061 2152 faciam

501 2201 561 2244 ut
590 2200 646 2244 tu
672 2190 826 2244 facis.
856 2188 1132 2243 Lucianus
1162 2198 1342 2243 autem
1370 2190 1695 2243 renuntiavit
1722 2189 1976 2259 episcopo
1997 2189 2063 2245 de

500 2281 825 2351 Epiphanio.
854 2280 1151 2350 Episcopus
1181 2296 1309 2335 vero
1342 2279 1478 2333 dixit
1506 2279 1746 2335 Luciano
1776 2299 1788 2333 :
1814 2278 1979 2346 Vade,
2011 2290 2066 2336 et

501 2387 624 2425 eum
658 2371 929 2425 catechiza
960 2369 1087 2441 [hoc
1109 2379 1212 2435 est,
1248 2370 1517 2443 institue].
1550 2370 1797 2440 Cumque
1836 2387 1935 2426 nos
1983 2372 2067 2426 in-

502 2462 810 2533 grediemur
852 2464 908 2516 in
937 2462 1245 2526 ecclesiam,
1280 2460 1363 2516 fac
1395 2470 1451 2513 ut
1502 2461 1615 2529 ipse
1642 2461 1885 2530 procidat
1916 2460 2067 2514 beni-

504 2569 611 2623 gno
652 2564 704 2609 et
748 2553 1080 2609 misericordi
1126 2552 1259 2607 Deo.
1294 2552 1392 2606 Ivit
1424 2550 1697 2605 Lucianus
1750 2552 1802 2604 in
1845 2552 2063 2606 domum

505 2644 807 2714 Epiphanii.
839 2643 973 2698 Eum
1008 2652 1187 2698 autem
1213 2644 1456 2698 videntes
1486 2641 1823 2712 Epiphanius
1859 2651 1915 2696 et
1946 2642 2065 2711 ejus

504 2750 680 2799 soror,
708 2735 1021 2789 ceciderunt
1052 2735 1207 2804 proni
1243 2735 1295 2788 in
1324 2734 1539 2799 faciem,
1563 2743 1615 2788 et
1644 2732 1868 2787 Luciani
1907 2734 2067 2803 pedes

504 2828 925 2897 prehenderunt,
956 2828 1255 2881 clamantes
1277 2834 1330 2879 et
1356 2825 1599 2879 dicentes
1633 2843 1647 2879 :
1688 2824 1964 2894 Rogamus
1994 2834 2066 2888 te,

504 2929 679 2987 pater,
708 2918 792 2972 fac
840 2934 940 2974 nos
970 2919 1086 2972 fieri
1120 2916 1485 2972 Christianos.
1517 2917 1725 2974 Divinis
1756 2927 1936 2972 autem
1974 2934 2068 2973 ac-

506 3011 678 3079 ceptis
730 3010 1048 3080 Scripturis,
1084 3009 1356 3065 Lucianus
1402 3026 1497 3065 eos
1543 3012 1675 3066 satis
1720 3012 1971 3069 instituit.
2001 3010 2067 3067 Et

507 3099 615 3173 ipsi
644 3104 934 3167 instabant,
966 3116 1217 3173 rogantes
1248 3114 1301 3156 et
1329 3104 1570 3157 dicentes
1599 3123 1610 3157 :
1645 3104 1751 3158 Fac
1782 3120 1881 3158 nos
1916 3105 2073 3158 Chri-

509 3198 737 3251 stianos.
772 3195 905 3250 Cum
955 3205 1135 3249 autem
1187 3194 1461 3250 Lucianus
1497 3195 1682 3250 ambos
1732 3196 1895 3250 simul
1924 3212 2075 3251 acce-

517 3288 708 3357 pisset,
740 3286 839 3340 ivit
869 3300 977 3340 una
1014 3302 1137 3341 cum
1170 3287 1299 3357 ipsis
1329 3288 1383 3341 in
1415 3288 1717 3343 ecclesiam.
1748 3287 1812 3341 Et
1838 3305 1960 3343 cum
1990 3291 2073 3343 in-

511 3377 821 3448 grederetur
841 3380 1146 3447 episcopus,
1174 3380 1486 3433 ceciderunt
1518 3380 1672 3448 proni
1700 3380 1752 3432 in
1795 3380 1984 3434 faciem
2022 3391 2075 3436 et

510 3482 842 3537 rogaverunt
867 3469 1219 3534 confidenter,
1245 3479 1303 3523 ut
1329 3470 1430 3538 ipsi
1466 3470 1925 3525 illuminarentnr.
1947 3470 2075 3543 [Qui

505 3560 672 3630 jussit
715 3559 864 3628 ipsos
910 3558 1177 3631 surgere.]
1211 3558 1550 3631 lngrediente
1580 3576 1706 3613 vero
1736 3561 1991 3630 episcopo
2020 3561 2075 3614 in

512 3652 822 3716 ceclesiam.
854 3654 1204 3708 ambulabant
1228 3653 1329 3722 ipsi
1361 3670 1578 3723 quoque
1608 3664 1725 3723 post
1752 3653 2071 3722 Lucianum,

519 3752 578 3795 ut
607 3743 859 3797 audirent
881 3743 1093 3797 divinas
1123 3740 1454 3811 Scripturas.

588 4001 721 4058 Vlll.
760 4002 897 4057 Cum
962 4014 1141 4059 autem
1206 3996 1693 4076 appropinquasset
1743 4006 2076 4077 Epiphanius

515 4095 707 4164 portis,
735 4112 855 4165 qua:
883 4105 1009 4150 sunt
1037 4105 1189 4149 extra
1215 4098 1522 4164 ecclesiam,
1557 4098 1645 4151 ubi
1682 4098 1811 4154 tedis
1838 4100 2072 4168 primum

514 4187 742 4258 gradum
774 4188 1042 4252 ascendit,
1073 4188 1269 4241 cecidit
1319 4188 1366 4241 ei
1414 4190 1628 4244 calceus
1661 4190 1866 4245 sinistri
1901 4189 2072 4261 pedis.

514 4276 619 4342 Qui
666 4290 789 4329 cum
842 4276 1063 4330 sinistro
1112 4275 1420 4342 institisset,
1454 4286 1515 4330 ut
1556 4278 1740 4348 figeret
1770 4280 2072 4347 dexterum,

512 4367 707 4423 Cecidit
735 4382 953 4437 quoque
981 4367 1169 4421 dexter
1197 4366 1443 4434 calceus;
1480 4377 1533 4422 et
1575 4369 1777 4423 inventi
1808 4381 1934 4426 sunt
1958 4388 2073 4425 am-

512 4460 583 4515 bo
628 4469 779 4513 extra
825 4458 1025 4529 gradus
1072 4458 1347 4523 ecclesize;
1380 4468 1433 4513 et
1466 4474 1529 4514 ea
1557 4462 1621 4516 dc
1649 4476 1812 4517 causa
1847 4464 2073 4519 miratus

511 4560 596 4607 est
636 4551 929 4607 Lucianus.
960 4548 1080 4603 Non
1127 4552 1357 4620 amplius
1403 4552 1589 4622 itaque
1635 4555 1913 4624 proposuit
1945 4556 2075 4625 Epi-

513 4644 745 4713 phanius
772 4645 1173 4713 apprehendere
1201 4645 1432 4711 calceos,
1474 4646 1567 4716 qui
1594 4646 1643 4700 ei
1670 4662 1700 4702 e
1730 4649 1955 4717 pedibus
1986 4664 2077 4715 ce:

514 4736 775 4799 ciderant,
805 4738 897 4790 sed
928 4752 1103 4806 neque
1134 4737 1275 4791 ullos
1302 4738 1438 4792 alios
1467 4738 1678 4793 calceos
1716 4742 1975 4795 sustinuit
1997 4742 2079 4795 in-

514 4827 680 4880 duere
730 4827 843 4881 suis
891 4828 1117 4896 pedibus
1165 4837 1278 4882 tcto
1324 4828 1447 4882 vitae
1494 4838 1756 4897 tempore.
1783 4828 1918 4883 Cum
1952 4847 2079 4899 ergo

508 4912 743 4980 Starent,
795 4926 849 4971 et
904 4918 1114 4973 divinas
1163 4920 1414 4974 audirent
1465 4921 1794 4991 Scripturas.
1848 4923 2081 4976 advertit

514 5009 819 5079 episcopus,
848 5008 922 5063 ita
972 5022 1029 5064 ut
1082 5011 1136 5064 in
1189 5012 1382 5067 throno
1439 5015 1679 5079 sedebat,
1715 5014 2080 5084 gloriﬁcatum

514 5117 637 5157 esse
678 5102 886 5155 vultum
936 5100 1244 5171 Epiphanii,
1276 5111 1330 5159 et.
1364 5121 1623 5160 coronam
1658 5122 1778 5161 esse
1824 5106 1942 5176 ejus
1993 5124 2083 5163 ca-

516 5194 615 5263 piti
652 5194 984 5262 impositam.
1008 5194 1141 5250 Post
1169 5198 1477 5252 absolutum
1514 5198 1694 5268 itaque
1712 5199 2080 5271 Evangelium,

504 5285 795 5361 ingressus
842 5295 926 5341 est
971 5289 1259 5357 episc0pus
1304 5290 1357 5342 in
1410 5290 1810 5359 baptisterium,
1838 5292 2082 5361 etjussit

517 5376 878 5447 Epiphanium
910 5378 1139 5449 ingredi,
1188 5388 1242 5434 et
1268 5380 1388 5449 ejus
1413 5395 1681 5449 sororem,
1713 5391 1917 5436 etcum
1951 5383 2083 5453 ipsis

516 5470 816 5524 Lucianum
864 5489 877 5524 :
916 5472 1009 5541 qui
1059 5472 1221 5527 etiam
1274 5473 1376 5527 fuit
1429 5483 1585 5543 pater
1629 5475 1749 5543 ejus
1804 5476 1855 5528 in
1897 5486 2085 5529 sancto

524 5564 868 5632 baptismate.
896 5564 1193 5635 Episcopus
1225 5576 1404 5620 autem
1459 5581 1580 5620 cum
1634 5582 1729 5621 eos
1778 5575 1942 5621 totam
1990 5566 2089 5621 do-

508 5650 733 5711 cuisset
760 5658 1223 5728 consequentiam,
1255 5658 1564 5728 baptizavit.
1598 5656 1733 5713 Cum
1778 5660 1813 5714 ii
1843 5674 1969 5715 vero
2001 5676 2087 5717 es-

2161 1829 2308 1882 οῐκου
2345 1825 2678 1894 Ἐπιφανίου,
2714 1826 2805 1878 καὶ
2832 1822 3105 1893 ἐπορεύθη
3136 1822 3269 1892 πρὸς
3294 1820 3383 1873 τὸν
3412 1819 3728 1871 ἐπίσκοπον.

2173 1920 2229 1972 '0
2260 1918 2315 1971 δὲ
2350 1917 2661 1985 Ἐπιφὰνιος
2713 1914 2875 1986 μηδὲν
2906 1912 3193 1984 μελλήσας,
3241 1910 3377 1981 πρὸς
3402 1911 3501 1979 τὴν
3538 1906 3728 1961 ἐαυτοῦ

2161 2010 2392 2082 ἀδελφὴν
2436 2009 2571 2079 ἔφη·
2630 2008 2897 2077 Βούλομαι
2944 2004 3265 2075 Χριστιανὸς
3319 2000 3595 2070 γενέσθαι,
3648 2000 3730 2051 καὶ

2161 2101 2252 2156 τὸν
2284 2102 2489 2173 μονήρη
2517 2099 2628 2170 βίον
2662 2097 2952 2170 μετελθεῖν.
2993 2093 3160 2150 Εἶπεν
3191 2095 3246 2148 δέ
3280 2096 3313 2164 ἡ
3342 2092 3545 2161 ἀδελφὴ
3570 2090 3727 2144 αὐτοῦ

2164 2194 2299 2265 πρὸς
2333 2192 2493 2246 αὐτόν
2513 2208 2525 2221 ·
2566 2191 2653 2253 Ὠς
2682 2189 2855 2253 θέλεις
2883 2187 3109 2259 θελήσω,
3131 2187 3204 2249 ὡς
3233 2188 3403 2248 ποιεῖς
3428 2186 3669 2254 ποιήσω.
3683 2182 3731 2234 ’θ

2164 2286 2221 2340 δέ
2252 2284 2545 2347 Λουκιανὸς
2575 2280 2905 2353 ἀπήγγειλεν
2932 2279 3008 2350 τῷ
3039 2278 3320 2348 ἐπισκὸπῳ
3337 2276 3406 2329 τὰ
3428 2276 3561 2345 περὶ
3588 2274 3730 2325 Ἐπι-

2167 2375 2452 2447 φανίου.ὐ
2476 2374 2532 2426 δέ
2577 2374 2871 2435 ἐπίσκοπος
2907 2367 3058 2424 εἶπεν
3095 2370 3230 2441 πρὸς
3269 2368 3601 2423 Λουκιανόν·
3643 2366 3730 2419 [Ιο-

2171 2468 2388 2541 ρεύθητι
2427 2468 2520 2521 καὶ
2564 2467 2873 2535 κατήχησον
2922 2464 3115 2517 αὐτόν·
3163 2463 3258 2516 καὶ
3299 2462 3356 2514 ἐν
3388 2459 3466 2530 τῷ
3514 2457 3733 2510 εἰσιέναι

2167 2561 2311 2631 ἡμᾶς
2341 2561 2397 2611 ἐν
2442 2561 2507 2630 τῇ
2530 2556 2815 2628 ἐκκλησίᾳ,
2848 2556 3070 2626 ποίησον
3100 2555 3260 2608 αὐτὸν
3293 2554 3636 2624 προσπεσεῖν
3667 2549 3733 2617 τῷ

2168 2649 2528 2721 φιλανθρώπῳ
2547 2648 2683 2718 Θεῷ.
2703 2646 3004 2719 Ἐπόρεύθη
3025 2646 3081 2699 δέ
3103 2645 3399 2707 Λουκιανὸς
3425 2646 3483 2696 ἐν
3502 2642 3587 2712 τῷ
3612 2642 3734 2708 οἴκῳ

2180 2738 2512 2809 Ἐπιφανίου.
2548 2737 2761 2800 Είδότες
2791 2737 2847 2790 δὲ
2881 2737 3063 2799 αὐτὸν,
3090 2737 3118 2789 ὅ
3144 2752 3203 2788 τε
3240 2734 3559 2803 Ἐπιφάνιος
3589 2732 3736 2799 καὶή

2169 2831 2329 2884 αὑτοῦ
2359 2828 2580 2900 ἀδελφὴ,
2608 2829 2806 2881 ἔπεσαν
2836 2829 2928 2881 ἐπὶ
2955 2827 3262 2899 πρόσωπον,
3290 2827 3384 2880 καὶ
3410 2822 3737 2879 ἐπελάϐοντο

2170 2925 2276 2978 τῶν
2333 2924 2507 2976 ποδῶν
2583 2920 2919 2985 Λουκιανοῦ,
2968 2920 3241 2982 κλαίοντες
3294 2918 3399 2970 ’καὶ
3452 2915 3734 2983 λέγοντες

2189 3015 2463 3085 Ἀξιοῦμέν
2500 3031 2579 3080 σε,
2614 3014 2808 3084 πάτερ,
2834 3012 3057 3081 ποίησον
3083 3012 3228 3081 ἡμᾶς
3257 3008 3629 3079 Χριστιανοὺς
3661 3023 3738 3072 γε-

2175 3108 2379 3162 νέσθαι.
2430 3107 2739 3176 Λαϐόμενος
2790 3099 2883 3157 οῦν
2928 3102 3221 3165 Λουκιανὸς
3272 3100 3381 3153 ἀπὸ
3424 3099 3539 3152 τῶν
3588 3099 3738 3149 θείων

2174 3196 2425 3269 Γραφῶν,
2471 3196 2778 3266 κατήχησεν
2818 3193 3013 3256 αὐτοὺς
3049 3191 3407 3254 ίκανῶςεΚαὶ
3463 3189 3628 3242 αὐτοὶ
3654 3190 3739 3239 ἐπ-

2187 3288 2375 3359 έμενον
2399 3289 2465 3358 τῇ
2486 3286 2849 3357 παρακλήσει,
2867 3284 3111 3352 λέγοντες
3134 3301 3147 3315 ·
3168 3282 3397 3352 Ποίησον
3425 3282 3580 3351 ἡμᾶς
3618 3281 3739 3349 Χριο

2176 3379 2422 3443 στιανους
2473 3377 2743 3446 γενέσθαι.
2776 3373 3116 3447 Παραλαϐὼν
3143 3370 3237 3428 οὖν
3276 3372 3578 3435 Λουκιανὸς
3627 3373 3743 3433 tab;

2175 3471 2267 3524 δύο
2301 3471 2436 3541 ἅμα,
2466 3470 2558 3522 ἐπὶ
2584 3469 2644 3522 τὸ
2673 3468 2803 3522 αὐτὸ
2830 3467 3097 3539 ἐπορεύθη
3131 3468 3187 3519 ἐν
3215 3470 3283 3538 τῇ
3313 3465 3609 3536 ἐκκλησίᾳ.
3644 3465 3741 3517 lini

2183 3566 2240 3616 ἐν
2271 3562 2349 3633 τῷ
2366 3560 2699 3614 είσιέναιτὸν
2728 3559 3044 3623 ἐπίσκοπον,
3076 3558 3277 3611 ἔπεσαν
3304 3558 3396 3609 ἐπὶ
3424 3557 3745 3627 πρόσωπον,

2175 3656 2269 3707 καὶ
2301 3653 2663 3725 παρεκάλουν,
2692 3652 2831 3705 ὥστε
2857 3652 3087 3721 φωτίσαι
3115 3650 3329 3714 αὐτούς.
3362 3648 3470 3702 Τοῦ
3497 3645 3599 3702 οὖν
3635 3652 3740 3701 ἐπε-

2177 3743 2377 3795 σκόπου
2404 3743 2783 3813 εἰσερχομένου
2815 3744 2871 3796 ἐν
2896 3744 2963 3812 τῇ
2988 3741 3272 3812 ἐκκλησίᾳ,
3304 3739 3641 3810 ἐπορεύοντο
3665 3740 3741 3791 mi

2175 3834 2327 3886 αὐτοὶ⁹
2376 3832 2597 3887 ὄπισθεν
2650 3834 2785 3905 μετὰ
2829 3832 3123 3888 Λουκιανοῦ
3155 3831 3379 3886 ἀκοῦσαι
3424 3831 3537 3884 τῶν
3595 3830 3744 3883 (tatu.

2176 3923 2423 3994 Γραφῶν.

2246 4017 2328 4068 H'.
2382 4016 2438 4069 Ὀ
2482 4010 2574 4069 οῦν
2612 4015 2923 4085 Ἐπιφὰνιος
2976 4014 3050 4079 ῶς
3094 4016 3315 4085 ἧγγισεν
3355 4014 3447 4066 ἐπὶ
3491 4014 3611 4065 τῶν
3658 4012 3748 4075 ἔξω

2176 4103 2355 4175 θυρῶν
2400 4104 2496 4174 τῆς
2544 4103 2858 4174 ἐκκλησίας,
2899 4103 2971 4167 ὡς
3026 4103 3194 4175 ἐπέϐη
3237 4103 3331 4157 ἐπὶ
3377 4102 3473 4156 τοῦ
3530 4102 3747 4173 πρώτου

2178 4197 2386 4267 βαθμοῦ
2416 4197 2507 4250 τοῦ
2540 4196 2711 4260 οἴκου,
2742 4197 3001 4262 ἐξέπεσεν
3021 4196 3114 4249 τοῦ
3142 4194 3428 4267 ἀριστεροῦ
3468 4196 3643 4258 ποδὸς
3669 4196 3751 4246 αἰσ-

2174 4288 2267 4341 τοῦ
2300 4290 2384 4341 ἐπ’
2413 4288 2576 4342 αὑτοῦ
2601 4288 2662 4340 τὸ
2684 4288 2953 4360 ὑπόδημα.
2979 4288 3083 4340 Τοῦ
3117 4288 3173 4339 δέ
3205 4287 3493 4349 ἐπιϐάντος
3515 4286 3611 4357 τῷ
3641 4289 3752 4354 rip-.-

2179 4382 2374 4453 στερῷ,
2400 4383 2547 4444 ὅπως
2580 4381 2836 4452 ἐπιπήξει
2866 4382 2959 4435 καὶ
2992 4381 3087 4433 τὸν
3100 4379 3265 4444 δεξιὸν
3300 4379 3458 4441 πόδα,
3491 4378 3755 4443 ἐξέπεσεν

2176 4476 2271 4528 καὶ
2298 4476 2358 4527 τὸ
2388 4474 2481 4527 τοῦ
2509 4474 2681 4539 δεξιοῦ
2699 4489 2711 4500 ·
2750 4475 2841 4528 καὶ
2881 4473 3189 4545 ηὑρέθησαν
3217 4471 3287 4526 τὰ
3315 4471 3618 4541 ἀμφότερα
3666 4471 3755 4534 ἔξω

2175 4566 2268 4620 τοῦ
2293 4565 2607 4636 ἀναϐαθμοῦ
2636 4566 2732 4636 τῆς
2762 4564 3082 4636 ἐκκλησίας·
3114 4564 3207 4617 καὶ
3233 4562 3550 4632 ἐθαύμασεν
3576 4565 3610 4614 ὁ
3636 4566 3758 4616 Λοι-

2179 4657 2360 4721 κιανὺς
2395 4658 2486 4710 ἐπί
2533 4656 2709 4711 τοῦτο.
2728 4656 2786 4709 '0
2829 4651 2920 4710 οῦν
2960 4654 3271 4724 Ἐπιφάνιος
3314 4653 3497 4705 οὐκέτι
3562 4653 3757 4723 προθέ-

2182 4770 2317 4815 σεως
2349 4750 2502 4821 ἔσχεν
2533 4748 2882 4803 ἐπιλαϐέσθαι
2911 4748 3019 4801 τῶν
3040 4746 3396 4816 ὑποδημάτων
3437 4745 3650 4811 αὐτοῦ,
3687 4750 3759 4797 ἐκ·

2181 4842 2451 4895 πεσόντων
2482 4842 2589 4894 ἀπὸ
2614 4841 2720 4894 τῶν
2753 4840 2927 4893 ποδῶν
2951 4838 3115 4892 αὐτοῦ
3138 4856 3150 4869 ·
3180 4837 3293 4891 ἀλλ’
3322 4836 3448 4889 οὔτε
3468 4837 3628 4890 ἄλλα
3654 4840 3762 4889 ὑπι-

2180 4934 2392 5004 δήματα
2421 4932 2679 5002 ἠνέσχετο
2710 4932 3024 4998 ἐπενεγκεῖν
3070 4930 3162 4982 ἐπί
3211 4927 3536 4991 τοὺςπόδας
3579 4929 3759 4985 αὐτοὶ,

2180 5024 2272 5081 τὸν
2319 5024 2527 5078 ’ἅπαντα
2558 5023 2745 5093 χρόνον
2794 5022 2886 5091 τῆς
2909 5019 3051 5091 ζωῆς
3084 5019 3373 5081 αὑτοῦ.Ὠς
3405 5018 3466 5070 δέ
3511 5019 3759 5073 ἵσταντο.

2182 5118 2275 5170 καὶ
2303 5119 2498 5186 ἢκουον
2532 5114 2638 5167 τῶν
2667 5115 2827 5169 ὁσίων
2870 5112 3127 5184 Γραφῶν,
3160 5113 3188 5165 ὃ
3214 5128 3274 5163 τε
3311 5111 3652 5178 Ἐπιιράνιος
3687 5114 3761 5162 καὶ

2184 5213 2216 5280 ἡ
2242 5208 2405 5262 αὐτοῦ
2434 5207 2654 5277 ἀδελφὴ,
2692 5209 2976 5278 προσεῖχεν
3010 5207 3037 5257 ὁ
3074 5204 3388 5265 ἐπίσκοπος,
3419 5203 3497 5265 ὼς
3522 5198 3607 5273 ἦν
3642 5204 3761 5255 καθο

2185 5301 2437 5369 εζόμενος
2483 5299 2575 5351 ἐπὶ
2604 5296 2696 5350 τοῦ
2743 5296 2952 5367 θρόνου,
2983 5298 3062 5350 ὅτι
3088 5291 3154 5365 ἦν
3180 5294 3240 5347 τὸ
3270 5296 3578 5364 πρόσωπον
3624 5296 3763 5346 Ἔπι-

2169 5374 2371 5461 cat/[ou
2404 5389 2808 5459 δεδοξασμένον,
2840 5389 2931 5441 καὶ
2966 5387 3225 5455 στέφανος
3260 5385 3352 5438 ἐπὶ
3384 5386 3484 5455 τῆς
3514 5386 3762 5454 κεφαλῆς

2188 5481 2350 5537 αὐτοῦ
2406 5480 2819 5551 ἐπιτεθειμένος.
2875 5479 3028 5533 Μετὰ
3065 5473 3157 5531 οὖν
3205 5476 3302 5547 τὴν
3350 5477 3642 5530 ἀπόλυσιν
3688 5476 3764 5529 τοῦ

2190 5574 2519 5642 Εὑαγγελίου
2546 5571 2791 5643 εἰσῆλθεν
2818 5573 2845 5624 ὁ
2878 5571 3171 5632 ἐπίσκοπος
3200 5570 3256 5622 ἐν
3280 5567 3355 5638 τῷ
3381 5572 3763 5640 φωτιστηρὶιίςκ

2193 5666 2285 5719 καὶ
2318 5664 2596 5719 ἐκέλευσεν
2644 5663 2899 5717 εἰσελθεῖν
2934 5664 3243 5733 Ἐπιφάνιον
3280 5662 3374 5713 καὶ
3422 5660 3522 5733 τὴν
3582 5659 3769 5716 ἑαυτοί
