3800 6180
73 214 131 269 53
1306 213 1362 267 s.
1408 212 1752 268 EPIPHANll
1799 215 1977 272 VlTA.
3198 221 3268 285 δι

73 324 293 395 ἀδελφὴν,
324 322 411 376 καὶ
445 320 741 374 Λουκιανὸν
789 321 905 391 μετ’
951 322 1148 388 αὐτῶν,
1189 324 1246 388 ὃς
1280 327 1372 378 καὶ
1421 326 1604 397 πατὴρ

1712 339 1829 383 sent
1877 329 2166 399 participes
2215 325 2522 385 divinorum
2566 341 2618 386 et
2660 333 3048 388 immortalium
3078 349 3266 391 sacra-

72 417 223 471 αὐτῶν
246 412 466 484 ἐγενήθη
494 414 586 466 ἐπὶ
609 412 702 465 τοῦ
737 414 891 480 ἁγίου
926 413 1289 484 φωτίσματος.
1308 418 1364 470 Ὁ
1397 417 1453 470 δὲ
1478 417 1594 469 ἐπί.

75 522 244 568 σκοπος
272 503 479 568 διδάξας
510 503 707 567 αὐτοὺς
739 505 838 575 τὴν
865 505 1076 557 ἃπασαν
1102 506 1442 571 ἀκολουθίαν,
1472 507 1601 561 ἐϐά-

73 613 233 652 πτισεν
262 595 472 660 αὐτούς.
503 595 624 649 Τῶν
648 595 704 648 δὲ
742 595 1150 667 μεταλαϐόντων
1175 597 1282 651 τῶν
1323 597 1480 651 θείων
1510 599 1602 652 καὶ

71 687 318 742 ἀθανάτων
357 685 688 757 μυστηρίων,
720 686 1002 740 ἑκέλευσεν
1031 687 1059 739 6
1089 688 1381 752 ἐπίσκοπος
1406 689 1602 752 αὐτοὺς

74 781 169 852 μετ’
192 777 340 832 αὑτοῦ
377 777 434 831 τὸ
465 777 681 848 ἄριστον
714 777 956 847 ποιῆσαι,
989 777 1188 848 ὁμοίως
1221 779 1402 848 μένειν
1427 779 1524 843 τὰς
1558 781 1602 842 ζ’

71 871 249 942 ἡμέρας
266 871 319 923 ἑν
340 869 416 940 τῷ
442 869 763 939 ἑπισκοπίῳ.
788 868 943 922 Μετὰ
966 869 1022 922 δὲ
1052 868 1148 932 τὰς
1182 871 1225 934 ζ’
1255 869 1468 942 ἡμέρας
1489 870 1605 924 ελα-

71 964 148 1015 ὗεν
180 961 476 1029 Ἑπιφάνιος
509 960 826 1023 Λουκιανὸν,
857 960 952 1013 καὶ
991 960 1257 1031 Βερνίκην
1299 963 1398 1035 τὴν
1441 963 1603 1031 ἁγίαν

69 1053 322 1125 παρθένον,
378 1052 502 1123 ἦτις
538 1052 753 1120 ἐγένετο
780 1053 961 1124 μήτηρ
985 1053 1086 1124 τῆς
1106 1053 1337 1124 ἀδελφῆς
1372 1055 1602 1123 Ἐπιφα-

68 1146 182 1204 νίου,
209 1144 294 1196 καὶ
337 1145 655 1214 εἰσήνεγκεν
692 1141 889 1205 αὐτοὺς
925 1145 981 1196 ἐν
1007 1143 1085 1214 τῷ
1109 1143 1240 1216 οἴκῳ
1273 1143 1438 1197 αὑτοῦ
1459 1162 1472 1177 ·
1510 1146 1603 1199 καὶ

66 1234 216 1288 λαϐὼν
242 1234 382 1304 χίλια
407 1234 730 1305 νομίσματα,
755 1232 952 1286 ἔδωκεν
972 1237 1037 1305 τῇ
1061 1235 1313 1307 Βερνίκῃ,
1346 1237 1438 1289 καὶ
1460 1254 1602 1308 παρ-

68 1329 236 1379 έδωκεν
279 1326 414 1396 αὐτῇ
467 1325 560 1377 καὶ
588 1326 685 1398 τὴν
713 1327 877 1380 αὐτοῦ
925 1327 1155 1398 ἀδελφὴν
1187 1322 1296 1398 (ἦν
1323 1327 1431 1398 γὰρ
1465 1327 1600 1400 αῦτη

66 1418 275 1487 ἄρχουσα
305 1415 399 1470 καὶ
421 1415 592 1470 ἄλλων
621 1416 951 1487 παρθένων),
987 1418 1080 1470 καὶ
1107 1416 1412 1489 ἐξέπεμψεν
1437 1419 1603 1490 αὐτὴν

68 1511 163 1579 μετ’
190 1509 369 1578 αὐτῆς.
391 1508 448 1561 Ὀ
472 1507 528 1562 δὲ
570 1505 886 1579 Ἐπιφάνιος
909 1509 1263 1576 διαπωλήσας
1293 1510 1491 1575 πάντα,
1535 1512 1604 1564 δι-

64 1600 234 1652 ἐδωκεν
253 1601 366 1662 τοῖς
400 1598 588 1668 χρείαν
615 1598 844 1670 ἔχουσιν,
873 1599 1200 1668 καταλείψας
1230 1601 1405 1671 ἑαυτῷ
1435 1609 1487 1672 μ’
1521 1620 1603 1656 νο·

1704 430 2031 484 mentorum,
2056 421 2222 490 jussit
2248 423 2536 491 episcopus
2563 437 2658 477 eos
2690 425 2974 492 prandere,
3015 427 3270 480 similiter

1703 521 1756 564 et
1805 526 2024 566 manere
2074 523 2278 581 septem
2309 513 2424 566 dies
2452 514 2508 566 in
2535 513 2872 582 episcopatu.
2904 513 3034 570 Post
3065 527 3269 584 septem

1703 611 1881 656 autem
1914 603 2030 657 dies
2060 604 2270 673 accepit
2298 604 2629 714 E'piphanius
2663 605 2986 670 Lucianum,
3019 618 3071 661 et
3103 607 3272 663 Vero-

1704 697 1879 751 nicam
1923 710 2164 754 sanctam
2208 697 2494 773 virginem,
2535 720 2654 773 quae
2707 705 2922 773 quidem
2970 705 3071 759 fuit
3115 721 3274 761 soror
3389 717 3404 734 ί

1704 791 1892 844 matris
1914 791 2082 860 ipsius
2108 792 2414 863 Epiphanii,
2439 804 2493 848 et
2519 795 2820 850 introduxit
2845 813 2938 851 eos
2967 797 3018 850 in
3048 799 3269 852 domum

1703 897 1856 934 suam
1902 900 1916 935 :
1964 885 2277 953 accepitque
2329 885 2474 939 mille
2525 903 2804 952 nummos,
2863 897 2916 942 et
2954 888 3274 955 deditei,et

1705 986 1952 1026 sororem
1988 990 2142 1029 suam
2168 976 2187 1045 (
2212 992 2335 1031 nam
2365 992 2428 1031 ea
2457 993 2673 1046 quoque
2706 979 2826 1033 aliis
2850 990 3078 1049 przeerat
3102 982 3273 1052 virgi-

1707 1063 1906 1134 nibus)
1958 1065 2105 1120 misit
2134 1081 2254 1121 cum
2282 1083 2366 1122 ea.
2401 1069 2966 1138 Epiphaniusautem,
3001 1086 3124 1126 cum
3155 1088 3273 1126 om-

1706 1153 1794 1206 nia
1851 1155 2200 1224 vendidisset,
2251 1159 2399 1213 dedit
2463 1160 2856 1230 indigentibus,
2913 1163 3117 1218 relictis
3169 1164 3272 1218 sibi
3340 1169 3344 1178 '

1705 1245 2063 1316 quadraginta
2115 1250 2354 1305 nummis
2401 1251 2465 1305 ad
2519 1251 2735 1306 divinos
2772 1251 3071 1324 vitalesque
3104 1253 3273 1309 libros

1705 1339 2139 1405 comparandos;
2189 1351 2243 1394 et
2286 1356 2316 1396 e
2367 1342 2586 1397 civitate
2615 1359 2867 1414 egressus
2893 1355 2974 1399 est
3006 1359 3126 1400 cum
3159 1333 3268 1399 Lu?

1705 1427 1884 1492 ciano,
1917 1425 2171 1499 queniam
2201 1433 2246 1488 is
2281 1445 2661 1491 construxerat
2708 1437 2810 1492 sibi
2853 1439 3270 1492 monasterium.

1707 1515 1951 1574 Habebat
1984 1533 2166 1578 autem
2217 1540 2402 1580 secum
2449 1528 2635 1584 decem
2669 1531 2990 1592 monachos,
3021 1531 3111 1597 qui
3151 1531 3273 1600 qui-

1711 1607 1828 1662 dem
1864 1608 2033 1666 libros
2063 1613 2350 1684 diligenter
2383 1616 2702 1683 scribentes,
2733 1635 2800 1674 ex
2829 1619 2896 1674 iis
2932 1621 3034 1677 sibi
3066 1622 3268 1676 victum

67 1693 281 1759 μίσματα
308 1691 400 1743 ἐπὶ
425 1690 486 1743 τὸ
515 1691 814 1762 κτήσασθαι
843 1691 940 1756 τὰς
962 1691 1213 1756 θεοειδεῖς
1241 1692 1339 1749 καὶ.
1358 1691 1596 1757 ζωτικάς

1713 1700 1992 1768 parabant.
2030 1675 2520 1774 EratvEpiphanius
2551 1675 2768 1777 quando
2812 1675 3269 1776 fuitvmonachus,

64 1781 278 1851 βίϐλους·
323 1782 419 1835 καὶ
446 1781 663 1853 ἐξῆλθεν
693 1782 800 1836 ἀπὸ
826 1783 922 1854 τῆς
949 1782 1155 1848 πόλεως
1200 1797 1337 1854 μετα
1365 1785 1596 1838 Λουκια-

286 1874 588 1984 Ῐκουκιανὺς
641 1870 708 1945 ἦν
745 1877 1101 1948 μοναστήριον
1163 1877 1336 1949 ἑαυτῷ
1392 1880 1826 1952 συστησάμενος,
1881 1885 2017 1958 ἔχων
2077 1888 2193 1959 μεθ’
2257 1889 2443 1945 ἑαυτοῦ
2490 1891 2620 1946 δέκα
2669 1893 2882 1984 μονρὺς,
2927 1895 3118 1958 οἵτινες
3174 1885 3342 1958 1:31;"

1715 1790 1983 1847 sexdecim
2013 1808 2186 1849 annos
2214 1805 2390 1852 natus.

60 1968 244 2032 δέλτους
281 1968 534 2039 ἑμπόνως
573 1971 894 2041 γράφοντες,
953 1971 1054 2043 τὴν
1099 1973 1302 2027 ἑαυτῶν
1335 1973 1541 2045 τροφὴν
1594 1975 1652 2043 ἑξ
1711 1978 1886 2035 αὐτῶν
1928 1981 2370 2054 ἑπορίζοντοΪΗν
2415 1987 2474 2040 δὲ
2519 1968 2831 2058 Ἐπιφάνιος
2877 1988 3070 2055 δεκαέξ
3112 1990 3270 2056 ἑτῶν,

61 2067 131 2117 ὅτε
162 2065 438 2135 ὲμόνασεν.

116 2157 182 2209 8'.
218 2152 321 2210 Ἦν
362 2158 423 2211 δὲ
465 2159 524 2211 ἑν
554 2158 634 2228 τῷ
664 2161 1011 2232 μοναστηρίῳ
1035 2162 1333 2216 Λουκιανοῦ
1372 2163 1601 2235 μοναχός

60 2264 127 2308 τις
152 2246 367 2317 ὀνόματι
409 2246 673 2318 Ἱλαρίων,
701 2247 952 2321 δεύτερος
973 2251 1295 2320 Λουκιανοῦ,
1330 2252 1448 2317 νέος
1473 2270 1603 2323 τυγ-

60 2339 230 2408 χάνων,
258 2338 508 2409 σημείοις
539 2339 754 2403 πολλοῖς
787 2343 1215 2413 κεκοσμημένος.
1250 2343 1407 2397 Κατὰ
1435 2345 1606 2418 μίμη-

61 2448 127 2482 σιν
149 2430 199 2482 δὲ
237 2429 428 2483 τούτου
452 2430 616 2501 ήγετο
647 2431 742 2484 καὶ
765 2431 922 2496 ἄλλος
951 2450 1033 2496 τις
1053 2433 1339 2498 Κλαύδιος.
1370 2435 1604 2500 Τούτους

61 2521 161 2572 ἰδὼν
199 2520 511 2590 Ἐπιφάνιος
545 2521 813 2593 ἐζήλωσεν
858 2525 917 2576 ἑν
950 2523 1118 2596 καλῷ.
1152 2526 1263 2578 Καὶ
1305 2525 1411 2598 γὰρ
1440 2527 1470 2580 6
1505 2525 1604 2599 μέ-

60 2630 140 2680 γας
179 2612 476 2676 Λουκιανὸς
517 2613 831 2684 παρέδωκεν
868 2615 1184 2685 Ἐπιφάνιον
1235 2615 1312 2688 τῷ
1363 2619 1602 2690 μεγίστῳ

67 2704 323 2776 ἰλαρίωνι,
363 2705 514 2770 ὅπως
557 2705 754 2771 διδάξει
810 2707 970 2762 αὑτὸν
1015 2707 1114 2773 τὰς
1166 2709 1316 2774 θείας
1360 2711 1601 2782 Γραφάς.

57 2794 145 2846 Τοῦ
169 2794 220 2847 δὲ
245 2795 562 2864 Ἐπιφανίου
591 2797 839 2867 ὲμπόνως
871 2800 1206 2871 ἐπιτήδευμα
1238 2799 1478 2873 ἔχοντος,
1511 2803 1604 2857 καὶ
1633 2855 1638 2860 ,

57 2885 165 2955 περὶ
210 2884 278 2938 τὰ
328 2882 435 2958 ἧθη
467 2887 556 2941 ετά
616 2889 827 2960 χρηστὰ
874 2889 969 2943 τοῦ
1009 2889 1309 2962 Ἱλαρίωνος
1348 2893 1607 2964 παραδεί-

1775 2163 1870 2219 1X.
1909 2163 2040 2219 Erat
2085 2175 2262 2222 autem
2309 2168 2360 2222 in
2403 2167 2735 2224 monasterio
2777 2168 3002 2224 Luciani
3050 2170 3270 2240 quidam

1708 2253 2030 2319 monachus,
2061 2256 2282 2311 nomine
2327 2255 2594 2324 Hilarion,
2624 2258 2896 2314 secundus
2943 2275 2973 2313 a
3003 2257 3270 2323 Luciano,

1705 2353 1864 2401 aetate
1884 2345 2121 2416 juvenis,
2155 2356 2210 2402 et
2239 2349 2426 2404 multis
2467 2350 2746 2404 miraculis
2787 2361 3030 2406 ornatus.
3061 2352 3275 2408 Ad.cu-

1699 2438 1792 2508 jus
1841 2437 2197 2494 imitationem
2238 2441 2622 2497 instituebatur
2659 2442 2820 2496 etiam
2867 2441 3029 2507 alius,
3056 2443 3278 2498 nomine

1707 2527 1984 2583 Claudius.
2014 2528 2122 2583 Eos
2149 2543 2272 2583 cum
2303 2529 2530 2584 vidisset
2556 2528 2913 2599 Epiphanius,
2941 2529 3162 2598 pulchre
3193 2538 3278 2584 est

1709 2618 2017 2672 aemulatus.
2058 2615 2285 2686 Magnus
2333 2617 2478 2671 enim
2527 2615 2800 2672 Lucianus
2850 2618 2999 2672 dedit
3044 2616 3276 2688 Epipha-

1711 2709 1861 2764 nium
1890 2709 2129 2764 maximo
2159 2708 2442 2775 llilarioni,
2474 2717 2534 2762 ut
2566 2709 2783 2764 doceret
2819 2724 2944 2764 eum
2983 2707 3273 2781 [scribere]

1711 2801 1921 2856 divinas
1942 2799 2269 2869 Scripturas.
2293 2799 2625 2870 Epiphanius
2648 2809 2828 2855 autem
2860 2801 3136 2855 laborioso
3155 2810 3275 2856 stu-

1713 2891 1802 2946 dio
1859 2891 2092 2956 deditus,
2122 2900 2176 2946 et
2232 2891 2405 2946 bonos
2461 2907 2639 2946 mores
2672 2889 2966 2946 Hilarionis
3019 2891 3276 2961 ellingens

58 2988 134 3023 σου
157 2971 226 3043 (α)
243 2972 644 3045 κυκλουμένου,
678 2976 1012 3048 προέκοπτεν
1044 2981 1110 3049 τῇ
1137 2979 1230 3034 τοῦ
1256 2982 1495 3050 Χριστοῦ
1517 2983 1606 3053 χά-

1716 2982 2024 3045 traditione,
2057 2981 2372 3050 proﬁciebat
2394 2981 2450 3035 in
2485 2980 2580 3036 Dei
2602 2982 2776 3051 gratia
2798 2989 2852 3035 et
2879 2988 2997 3035 arte
3023 2981 3277 3050 pulcher-

58 3079 166 3131 ριτι,
197 3066 285 3118 καὶ
317 3069 383 3138 τῇ
427 3065 591 3139 τέχνῃ
634 3071 698 3139 τῇ
747 3069 1028 3142 καλλίστῃ.
1063 3071 1269 3143 Συνέϐη
1299 3073 1356 3126 δὲ
1386 3073 1474 3128 τὸν
1518 3074 1606 3145 μό-

54 3170 138 3221 31»
174 3157 472 3212 Λουκιανὸν
500 3157 735 3224 ἐξελθεῖν
757 3161 848 3214 τὸν
879 3160 1011 3232 βίον.
1030 3161 1330 3234 Ἐκράτησε
1377 3164 1434 3217 δὲ
1475 3163 1607 3219 Ἱλα-

56 3245 169 3314 ρῖων
197 3247 286 3300 τοῦ
303 3248 472 3319 χοροῦ
500 3250 607 3304 τῶν
638 3250 899 3321 ἀδελφῶν,
926 3253 1018 3306 καὶ
1039 3247 1107 3323 ῆν
1127 3253 1341 3326 άληθῶς
1370 3255 1496 3308 ίδεῖν
1515 3254 1606 3309 τὸν

53 3337 195 3390 τόπον
221 3339 451 3407 ἐκεῖνον,
483 3341 580 3412 οὐχ
610 3341 684 3407 ὡς
714 3341 1013 3414 ἀνθρώπων
1033 3342 1319 3398 οἰκούντων
1349 3347 1406 3399 ἑν
1437 3344 1603 3416 αὐτῷ,

52 3428 115 3491 ὡς
157 3431 321 3498 ἁγίων
366 3433 618 3502 ἀγγέλων
659 3434 1114 3505 λειτουργούντων
1138 3435 1217 3506 τῷ
1245 3435 1606 3508 φιλανθρώπῳ

52 3522 131 3573 καὶ
156 3524 402 3596 παναγίῳ
435 3521 686 3596 ΘεῷῘΗν
705 3525 762 3579 δὲ
787 3528 821 3597 ὴ
843 3527 1014 3598 τροφὴ
1044 3526 1136 3580 τοῦ
1176 3528 1448 3600 μακαρίου
1475 3528 1606 3582 Ἱλα-

53 3611 220 3682 ρίωνος
262 3617 450 3689 ἄρτος,
505 3619 599 3672 καὶ
646 3618 800 3682 ἅλας,
829 3621 924 3673 καὶ
973 3619 1114 3690 ὔδωρ
1140 3619 1607 3692 μέτριον.Ἥσθιεν

48 3703 96 3757 δὲ
118 3705 197 3760 διὰ
221 3707 314 3760 δύο
341 3707 569 3780 ἡμερῶν
584 3701 608 3740 ·’
634 3709 892 3774 πολλάκις
917 3710 973 3764 δὲ
997 3711 1090 3764 καὶ
1118 3711 1204 3764 διὰ
1235 3711 1403 3782 τριῶν
1422 3728 1436 3742 ο
1465 3710 1609 3764 πλει-

52 3799 221 3863 στάκις
261 3799 322 3853 δὲ
368 3801 466 3854 καὶ
502 3799 590 3854 διά
615 3801 897 3873 τεσσάρων
936 3802 1028 3854 καὶ
1055 3801 1363 3873 ἑϐδομάδος.
1393 3802 1607 3873 Ταύτην

49 3891 135 3962 τὴν
168 3891 444 3946 πολιτείαν
478 3892 795 3959 ἐπελέξατο,
828 3894 922 3947 καὶ
962 3895 1261 3967 ἐκράτησεν
1298 3894 1609 3964 Ἔπιφάνιος

51 3982 243 4036 ἅπαντα
284 3984 379 4036 τὸν
432 3985 622 4056 χρόνον
663 3986 762 4055 τῆς
793 3984 939 4056 ζωῆς
983 3982 1284 4040 αύτοῦῘΗν
1308 3985 1364 4038 δὲ
1395 3986 1490 4039 καὶ
1513 3986 1606 4041 άν-

49 4069 187 4140 υδρος
215 4073 244 4124 ὁ
277 4072 467 4136 τόπος.

108 4162 155 4214 l'.
193 4163 330 4216 Ποτὲ
357 4161 513 4230 γοῦν,
548 4162 838 4235 ὁδοιπόρων
867 4162 1220 4217 εἰσελθόντων
1252 4164 1310 4218 ἑν
1336 4161 1414 4234 τῷ
1445 4181 1607 4236 μονα-

50 4253 256 4324 στηρίῳ,
283 4255 382 4308 καὶ
429 4250 574 4308 οἶνον
614 4254 1004 4326 ἐπιφερόντων,
1037 4254 1130 4307 καὶ
1155 4253 1435 4326 καύματος
1466 4272 1609 4326 σφο-

46 4343 283 4412 δροτάτου
309 4347 470 4410 ὄντος
501 4346 589 4400 διὰ
620 4345 720 4418 τὴν
765 4345 962 4417 πολλὴν
993 4344 1174 4415 δίψαν,
1213 4345 1521 4416 κατέψυξαν
1551 4349 1608 4402 ἑν
1637 4335 1682 4390 D

48 4435 113 4505 τῷ
146 4437 526 4508 μοναστηρίῳο
561 4439 656 4492 καὶ
687 4437 893 4509 ᾔτησαν
938 4436 1101 4508 ὕδωρ,
1134 4436 1274 4490 ὥστε
1325 4440 1488 4502 πιεῖν,
1518 4438 1612 4491 καὶ

47 4528 132 4597 οὐχ
157 4528 351 4600 εὑρέθη
387 4527 533 4599 ὕδωρ
578 4529 636 4582 ἑν
676 4527 755 4599 τῷ
794 4527 1117 4599 τόπῳ.Ἀπρ
1159 4527 1266 4598 γὰρ
1301 4526 1543 4598 σημείων
1573 4535 1613 4580 ε’

51 4619 272 4691 ὑπῆρχεν
315 4621 383 4674 τὸ
428 4619 604 4692 ὕδωρθ
633 4623 701 4692 τῇ
735 4615 830 4674 οῦν
863 4620 1016 4673 νυκτὶ¹
1047 4620 1369 4690 ἐπορεύοντο
1399 4619 1611 4683 ἑαυτοῖς

51 4716 86 4764 δί
109 4715 340 4784 ἀδελφοὶ,
379 4713 479 4767 καὶ
512 4713 790 4784 ἑγέμιζον.
828 4711 949 4765 Τῶν
999 4710 1056 4764 δὲ
1099 4710 1394 4782 ὁδοιπόρων
1439 4708 1614 4763 ἑκλει-

51 4803 238 4858 πόντων
276 4806 368 4859 διὰ
404 4804 507 4875 τὴν
539 4804 719 4874 δίψαν,
752 4804 992 4866 ἆπαντες
1022 4803 1072 4855 οἱ
1100 4801 1320 4872 ἀδελφοὶ
1353 4801 1614 4855 ἐπένθουν

49 4897 122 4950 ἐπ’
172 4903 376 4966 αὐτοῖς.
409 4902 470 4955 '0
518 4900 577 4954 δὲ
617 4900 936 4970 Ἐπιφάνιος
987 4898 1232 4962 ἑκτείνας
1284 4897 1382 4967 τὴν
1434 4898 1610 4966 χεῖρα,

51 4992 130 5042 καὶ
155 4993 492 5064 δραξάμενος
525 4991 617 5046 τοῦ
646 4990 840 5054 ἀσκοῦ,
871 4989 1000 5045 ἔνθα
1021 4992 1050 5043 6
1074 4986 1217 5052 οἶνος
1248 4988 1512 5060 ὑπῆρχεν,
1534 4983 1614 5040 εἷ-

50 5100 160 5134 πενο
186 5085 550 5150 Πιστεύσατε,
578 5083 820 5152 ἀδελφοὶ,
851 5083 934 5136 ὅτι
963 5083 992 5135 ὁ
1024 5082 1255 5152 ποιήσας
1281 5079 1341 5133 τὸ
1374 5079 1517 5151 ὕδωρ
1539 5074 1613 5132 οῖ’-

53 5191 142 5234 νον,
179 5177 398 5246 ποιήσει
449 5176 544 5230 καὶ
572 5175 665 5228 τὸν
689 5171 834 5229 οἶνον
861 5173 1007 5245 ὕδωρ
1026 5188 1039 5202 °
1085 5174 1180 5226 καὶ
1227 5171 1320 5224 ἐπὶ
1358 5170 1438 5241 τῷ
1468 5171 1612 5241 λόγῳ

58 5266 383 5335 Ἑπιφανίου,
419 5269 470 5321 οἱ
516 5267 846 5338 πλησθέντες
895 5266 1054 5321 ιίισκολ⁸
1103 5264 1269 5327 οἴνου,
1303 5261 1612 5335 ηὑρέθησαν

56 5357 361 5427 πλησθέντες
410 5358 631 5422 ὓδατος·
663 5360 757 5411 καὶ
788 5357 1042 5419 λαϐόντες
1072 5357 1122 5408 οἱ
1153 5355 1422 5426 ὁδοιπόροι
1462 5352 1612 5405 ἔπιον

56 5450 128 5502 ta".
154 5451 326 5513 αὐτοὶ,
357 5451 458 5503 καὶ
481 5448 552 5502 τὰ
578 5450 748 5521 κτήνη
779 5447 980 5513 αὐτῶν,
1013 5446 1107 5500 καὶ
1132 5445 1261 5516 ἔστη
1289 5447 1321 5515 ή
1354 5444 1498 5514 ψυχὴ
1524 5443 1614 5496 αύ-

110 5625 177 5696 (a)
217 5624 393 5680 Aliter
419 5623 550 5695 legit
582 5623 866 5693 interpres,
899 5637 1090 5692 nempe
1122 5618 1442 5690 παραδόσει.

1709 3073 1866 3129 rima.
1918 3072 2154 3143 Contigit
2197 3087 2344 3136 vero,
2387 3081 2448 3126 ut
2489 3087 2719 3142 magnus
2759 3070 3031 3127 Lucianus
3085 3087 3116 3127 e
3165 3072 3278 3127 vita

1710 3163 1948 3218 humana
1996 3163 2298 3219 excederet.
2323 3160 2546 3216 Praefuit
2595 3171 2773 3217 autem
2821 3160 3062 3216 Hilarion
3111 3162 3279 3216 choro

1711 3252 1980 3308 fratrum:
2010 3269 2241 3324 vereque
2298 3254 2492 3308 licebat
2541 3252 2725 3308 videre
2770 3269 2894 3309 eum
2939 3254 3137 3319 locum,
3168 3269 3275 3307 non

1710 3354 1968 3414 tanquam
2011 3344 2066 3397 in
2107 3359 2172 3399 eo
2214 3344 2461 3400 homines
2507 3345 2836 3409 habitarent,
2877 3345 2968 3400 sed
3016 3353 3275 3412 tauquam

1711 3435 1882 3490 sancti
1931 3435 2105 3505 angeli
2156 3435 2532 3490 ministrarent
2579 3435 2925 3518 sanctissimo
2970 3444 3023 3489 et
3066 3435 3278 3490 miseri-

1710 3526 1861 3582 cordi
1895 3525 2023 3581 Deo.
2061 3526 2190 3581 Erat
2238 3529 2383 3582 enim
2421 3527 2563 3582 beati
2589 3526 2880 3582 Hilarionis
2911 3527 3085 3591 cibus,
3120 3526 3278 3595 panis

1710 3631 1764 3677 et
1811 3621 1909 3686 sal,
1939 3630 1994 3675 et
2044 3621 2315 3676 modicum
2362 3635 2535 3690 aquae.
2567 3619 2895 3675 Comedebat
2943 3627 3122 3672 autem
3155 3624 3279 3688 post

1711 3713 1850 3768 duos
1897 3712 2036 3778 dies,
2063 3728 2207 3784 saepe
2256 3713 2420 3768 etiam
2473 3721 2597 3782 post
2643 3721 2774 3778 tres,
2802 3710 3098 3782 saepissime
3147 3724 3278 3764 vero

1711 3816 1832 3876 post
1857 3816 2116 3875 quatuor,
2145 3804 2228 3860 vel
2268 3815 2389 3875 post
2440 3804 2857 3874 hebdomadam.
2886 3802 3000 3858 Hoc
3025 3801 3147 3857 vita:
3193 3800 3279 3854 in-

1713 3898 1958 3953 stitutum
2001 3898 2169 3968 elegit
2201 3898 2538 3968 Epiphanius
2570 3906 2686 3951 toto
2717 3907 2959 3967 tempore
2990 3897 3114 3950 vita:
3141 3909 3273 3950 suae.

1713 3989 1840 4045 Erat
1866 3998 2048 4045 autem
2086 3989 2175 4044 ille
2199 3990 2354 4045 locus
2376 3989 2497 4045 sine
2525 4003 2688 4059 aqua.

1781 4165 1848 4221 X.
1889 4166 2026 4223 Cum
2057 4177 2236 4220 autem
2269 4165 2562 4236 aliquando
2585 4163 2821 4219 viatores
2844 4161 3073 4233 ingressi
3097 4169 3278 4216 essent

1713 4260 2127 4326 monasterium,
2157 4259 2343 4314 vinum
2389 4258 2696 4323 afferentes,
2735 4270 2845 4327 quo
2891 4265 3132 4324 tempore
3163 4262 3278 4308 erat

1709 4360 1874 4424 aestus
1916 4349 2440 4415 vehementissimus,
2489 4348 2578 4404 siti
2627 4346 2741 4402 fere
2789 4345 3175 4410 enecabantur,
3225 4352 3277 4398 et

1710 4441 1982 4510 petierunt
2006 4457 2204 4512 aquam
2226 4442 2293 4496 ad
2321 4441 2640 4505 bibendum,
2666 4454 2766 4494 nec
2787 4437 3004 4492 inventa
3033 4444 3116 4490 est
3139 4448 3280 4504 aqua

1710 4532 1765 4586 in
1801 4533 1892 4586 illo
1925 4533 2066 4588 loco.
2100 4533 2304 4589 Aberat
2351 4533 2498 4588 enim
2534 4546 2675 4601 aqua
2722 4529 2788 4584 ad
2816 4530 3055 4599 quinque
3084 4526 3278 4581 millia-

1712 4625 1815 4678 ria.
1849 4623 2004 4678 lbant
2035 4639 2168 4679 vero
2195 4635 2384 4687 noctu,
2423 4632 2478 4678 et
2522 4621 2864 4692 aquabantur
2894 4617 3110 4674 fratres.
3140 4617 3277 4672 Cum

1711 4726 1892 4771 autem
1950 4715 2183 4771 viatores
2230 4723 2448 4786 propter
2503 4713 2649 4769 sitim
2705 4710 3020 4777 deﬁcerent,
3079 4708 3280 4765 fratres

1713 4819 1927 4878 propter
1969 4821 2067 4864 eos
2118 4807 2392 4879 lugebant.
2429 4803 2768 4876 Epiphanius
2795 4809 2972 4857 autem
3008 4815 3133 4856 cum
3163 4816 3278 4854 ma-

1711 4915 1844 4955 num
1893 4902 2243 4969 extendisset,
2286 4909 2340 4956 et
2381 4907 2558 4954 utr-em
2610 4895 3006 4967 prebendisset,
3043 4894 3133 4950 ubi
3162 4903 3279 4950 erat

1712 4993 1900 5048 vinum
1932 5013 1945 5048 :
1978 4992 2214 5060 Credite,
2251 4993 2447 5063 inquit,
2485 4992 2702 5055 fratres,
2752 4988 2892 5060 quod
2935 4988 3029 5058 qui
3081 5002 3278 5058 aquam

1710 5082 1840 5139 fecit
1865 5083 2075 5149 vinum,
2099 5085 2287 5138 vinum
2313 5097 2530 5154 quoque
2551 5097 2748 5152 aquam
2776 5079 2955 5134 faciet.
2974 5078 3040 5132 Et
3062 5087 3279 5148 propter

1711 5189 2017 5230 sermonem
2063 5173 2369 5244 Epiphanii,
2395 5183 2563 5238 utres,
2596 5172 2691 5243 qui
2743 5171 2871 5226 vino
2916 5168 3060 5239 pleni
3101 5176 3278 5230 erant,

1711 5265 1916 5321 inventi
1940 5275 2068 5322 sunt
2093 5282 2235 5336 aqua
2264 5266 2426 5337 pleni.
2451 5265 2624 5332 Quam
2647 5279 2770 5320 cum
2799 5261 3141 5331 accepissent
3165 5258 3277 5312 via-

1711 5367 1877 5423 tores,
1905 5358 2178 5422 hiberunt,
2203 5366 2257 5413 et
2276 5358 2439 5413 etiam
2471 5360 2716 5428 jumenta
2747 5369 2941 5410 eor-um
2972 5369 2989 5408 :
3025 5351 3277 5420 stetitque

1711 5448 1893 5504 anima
1925 5465 2112 5506 eorum
2149 5450 2204 5505 in
2234 5449 2389 5520 ipsis.
2419 5447 2618 5505 Omnes
2643 5455 2822 5503 autem
2859 5445 3275 5514 obstupuerunt,
