3800 6180
502 178 570 232 35
1763 164 1820 219 s.
1869 160 2212 217 EPlPHANll
2254 162 2438 218 vna.
3672 153 3741 207 3°

505 304 562 347 et
590 292 838 349 viatores,
869 295 923 341 et
949 286 1160 340 fratres.
1193 283 1275 338 Ab
1304 282 1397 337 illo
1432 295 1560 335 vero
1603 280 1691 335 die
1737 281 1909 335 noluit
1936 279 2063 349 Epi-
2094 330 2099 339 ,

2202 281 2272 332 ὧν
2306 282 2391 333 ἐπ’
2420 276 2959 345 αὐτοῖς.“Εξέστησαν
2993 270 3084 329 οῦν
3135 275 3368 337 ἅπαντες
3418 272 3512 325 ἐπὶ
3558 272 3738 333 τοῦτο,

505 382 737 453 phanius
771 378 1011 432 habitare
1058 374 1289 445 amplius
1334 376 1387 427 in
1434 373 1525 427 illo
1553 372 1693 435 loco,
1727 387 1793 426 eo
1828 371 1970 442 quod
2002 369 2070 424 de

2202 375 2307 426 ῖτε
2342 372 2606 440 ὁδοιπόροι
2656 369 2749 422 καὶ
2782 370 2831 421 οἰ
2864 367 3236 435 ἀδελφοί.⁹Απ⁹
3270 365 3485 434 ἐκείνης
3518 358 3619 416 οῦν
3645 365 3742 433 τῆς

507 476 625 541 ipso
651 470 949 525 audiissent
977 468 1233 520 viatores.
1270 462 1603 531 Subripiens
1624 471 1803 515 autem
1834 460 2069 528 seipsum

2210 465 2380 535 μέρας
2402 462 2581 515 οὐκέτι
2611 459 2880 530 ἠϐουλήθη
2921 458 3235 526 Ἐπιφάνιος
3262 456 3477 527 οἰκῆσαι
3522 456 3621 508 τὸν
3659 456 3743 506 τό-

510 579 543 620 a
577 563 850 625 fratribus,
876 558 1149 629 profectus
1171 564 1254 610 est
1278 556 1330 608 iu
1364 555 1541 609 locum
1575 551 1748 621 magis
1781 563 2068 621 agrestem.

2202 573 2272 609 εον
2302 557 2523 618 ἐκεῖνον,
2555 552 2645 605 διὰ
2676 552 2737 603 τὸ
2766 549 3090 615 ἐξάκουστον
3134 548 3295 601 αὑτὸν
3326 546 3585 616 γενέσθαι
3638 538 3743 597 ὑπὸ

513 655 614 720 Qui
663 670 783 706 cum
836 650 1106 705 nescirent
1153 648 1207 700 in
1249 660 1359 716 quo
1408 645 1528 699 loco
1560 644 1851 706 habitaret,
1885 656 2072 695 omnes

2206 645 2279 697 ὦν
2305 644 2591 714 ὁδοιπόρων
2610 657 2622 670 °
2647 641 2869 711 ἔκλεψεν
2900 640 2956 693 δὲ
2983 639 3177 693 ἑαυτὸν
3199 639 3315 691 ἀπὸ
3341 636 3448 691 τῶν
3474 636 3744 704 ἀδελφῶν,

514 745 707 800 fratres
750 743 1001 811 lugebant
1040 738 1422 808 Epiphanium.
1460 734 1765 790 Permansit
1804 740 1981 786 autem
2018 732 2072 785 in

2202 737 2268 790 ιαί
2302 734 2567 806 ἐπορεύθη
2602 735 2679 796 εἰς
2708 731 3036 803 ἀγριώτερον
3085 730 3248 783 τόπον
3268 745 3282 758 ’
3317 727 3425 780 τῶν
3456 727 3512 779 δὲ
3552 725 3631 796 μὴ
3660 728 3747 778 ἒπ-

515 840 607 894 illo
636 839 755 891 loco
777 835 995 905 jejunus
1025 832 1199 884 tribus
1227 828 1437 883 diebus.
1470 826 1538 881 Et
1575 827 1666 881 ille
1691 836 1903 894 quoque
1925 823 2075 877 locus

2202 827 2474 898 σταμένων
2518 824 2578 878 τὸ
2623 824 2681 877 ὲν
2732 823 2867 894 ποίῳ
2909 822 3060 891 τόπῳ
3107 819 3370 881 κατοικεῖ,
3403 817 3649 877 ἅπαντες
3699 816 3746 866 οἱ

514 931 701 985 aridus
728 938 864 992 erat,
896 933 949 979 et
980 924 1102 978 sine
1137 936 1304 990 aqua.

2202 917 2389 985 ιδελφοὶ
2427 913 2681 969 ἐπένθουν
2732 914 2858 983 περί
2899 910 3497 979 Ἐπιφανίου.”Εμεινεν
3543 900 3642 959 οῦν
3694 908 3747 957 ἐν

2176 1006 2253 1075 τῷ
2281 1006 2429 1074 τόπῳ
2475 1003 2665 1073 ἐκείνῳ
2706 1004 2853 1071 τρεῖς
2887 1000 3099 1071 ἡμέρας
3131 998 3316 1061 ἄσιτος
3350 991 3747 1050 διατελῶν.¹Ἠν

2177 1096 2234 1148 δὲ
2262 1095 2355 1147 καὶ
2382 1092 2543 1155 αὐτὸς
2572 1093 2600 1144 6
2629 1091 2791 1153 τόπος
2824 1089 3069 1159 ἄνυδρος.

586 1191 682 1245 Kl.
721 1188 928 1244 Accidit
961 1194 1164 1246 autem,
1187 1190 1249 1236 ut
1273 1196 1369 1249 per
1401 1180 1552 1233 illum
1582 1179 1764 1232 locum
1790 1178 2082 1232 transirent

2251 1186 2350 1238 IA’.
2393 1182 2595 1252 Συνέϐη
2629 1182 2686 1235 δὲ
2732 1180 2851 1234 κατ’
2886 1182 3089 1232 ἐκεῖνον
3117 1176 3211 1231 τὸν
3249 1174 3439 1247 καιρὸν
3480 1181 3535 1245 μ’
3575 1174 3750 1243 Bap:-

520 1282 873 1355 quadraginta
926 1276 1203 1331 Saraceni.
1239 1272 1341 1338 Qui
1391 1287 1513 1326 cum
1560 1271 1611 1324 in
1657 1270 1802 1335 loco,
1834 1280 1886 1324 et
1927 1271 1979 1323 in
2018 1286 2082 1324 eo

2202 1278 2377 1345 ιηνοὺς
2398 1272 2718 1344 διέρχεσθαι.
2735 1272 2823 1334 Ὡς
2847 1264 2939 1323 οῦν
2964 1270 3075 1324 ῐδον
3100 1266 3412 1336 Ἐπιφάνιον
3441 1267 3499 1318 ὲν
3523 1264 3751 1333 τοιούτῳ

521 1353 666 1430 statu
712 1373 973 1426 vidissent
1017 1366 1395 1437 Epiphanium,
1432 1378 1621 1417 omnes
1652 1379 1776 1417 eum
1818 1363 2078 1417 ducentes

2202 1368 2328 1436 τόπῳ
2360 1365 2453 1417 καὶ
2497 1361 2719 1432 τοιαύτῃ
2749 1359 3096 1420 καταστάσει,
3132 1357 3339 1426 γέλοιον
3361 1353 3753 1423 ἀναδεξάμενοι

523 1478 647 1519 esse
684 1460 992 1521 ridiculum,
1040 1456 1352 1510 irridebant.
1403 1451 1557 1506 Unus
1605 1462 1781 1507 autem
1822 1468 1889 1507 ex
1931 1452 2081 1520 ipsis,

2202 1456 2481 1527 ἰμφότεροι
2503 1452 2692 1506 τούτου
2715 1450 3037 1518 κατεγέλων.
3068 1443 3162 1512 Εἷς
3185 1446 3241 1500 δέ
3264 1464 3348 1509 τις
3369 1445 3426 1512 ἐξ
3448 1442 3635 1497 αὐτῶν
3662 1442 3752 1494 ἕνα

523 1555 615 1623 qui
649 1566 810 1606 unum
841 1548 1070 1603 habebat
1097 1546 1314 1600 oculum
1343 1550 1479 1613 (erat
1499 1542 1641 1597 enim
1676 1543 1810 1598 alter
1838 1543 2079 1609 clausus)

2202 1546 2459 1617 icpealpbv
2501 1543 2637 1613 ἔχων
2670 1538 2769 1613 (ἦν
2797 1542 2904 1610 γὰρ
2950 1541 2977 1592 ὁ
3025 1538 3182 1601 ἀλλος
3227 1535 3391 1590 αὐτοῦ
3458 1534 3752 1596 κλεισθεὶς)

522 1657 647 1696 cum
698 1640 883 1694 ferinis
928 1646 1072 1693 esset
1120 1636 1382 1696 moribus,
1413 1650 1543 1690 ense
1586 1634 1828 1689 strictoe
1861 1631 2077 1701 vagina,

2202 1640 2279 1693 (αἱ
2313 1634 2550 1707 θηριώδη
2579 1634 2690 1700 ἕξιν
2722 1633 2879 1703 ἔχων,
2912 1628 3088 1682 λαϐὼν
3136 1629 3231 1698 τὴν
3282 1627 3560 1698 μάχαιραν
3592 1624 3750 1677 αὐτοῦ

523 1734 670 1787 venit
698 1730 766 1784 ad
796 1727 1159 1798 Epiphanium
1190 1743 1204 1781 :
1237 1740 1468 1792 cumque
1501 1738 1623 1778 eum
1660 1722 1986 1787 sustulisset,
2024 1731 2084 1776 ut

2202 1734 2251 1780 ικ
2277 1726 2374 1796 τῆς
2403 1726 2595 1795 θήκης,
2621 1718 2781 1793 ἦλθεν
2806 1720 2939 1791 πρὸς
2979 1718 3311 1785 Ἐπιφάνιονο
3346 1716 3442 1769 κα)⁸
3467 1715 3534 1784 δὴ
3562 1714 3755 1781 κουφί-

526 1830 831 1893 percuteret
857 1818 1241 1889 Epiphanium,
1277 1826 1492 1885 apertus
1529 1824 1611 1870 est
1639 1815 1779 1884 ejus,
1808 1812 1901 1883 qui
1934 1814 2081 1868 clau-

2202 1838 2284 1883 ra;
2312 1819 2480 1888 αὐτὴν
2512 1815 2738 1887 κροῦσαι
2768 1812 2856 1866 τὸν
2892 1811 3222 1879 Ἐπιφάνιον,
3260 1808 3505 1878 ἠνεῴχθη
3541 1805 3755 1859 αὐτοῦό

527 1930 623 1967 sus
652 1921 787 1974 erat,
821 1911 1032 1964 oculus.
1065 1908 1158 1961 llle
1187 1923 1313 1961 vero
1346 1907 1689 1977 perterritus,
1720 1919 1851 1959 ense
1891 1904 1945 1958 in
1973 1912 2084 1958 ter-

2202 1910 2452 1972 ιλεισθείς
2477 1906 2771 1977 ὀφθαλμός,
2812 1903 2918 1957 Τοῦ
2957 1903 3015 1956 δὲ
3046 1902 3283 1972 ὲμφόϐου
3319 1898 3639 1969 γενομένου,
3670 1898 3755 1949 καὶ

530 2021 644 2059 ram
683 2002 946 2073 projecto,
981 1998 1221 2054 constitit
1267 1997 1577 2051 immobilis.
1612 1995 1718 2048 Alii
1753 2002 1932 2048 autem
1959 2008 2086 2048 cum

2202 2006 2285 2077 τὴν
2320 2004 2591 2075 μάχαιραν
2619 2001 2710 2053 ἐπὶ
2737 1999 2832 2070 τὴν
2863 2000 2965 2068 γῆν
2997 1996 3269 2066 ῥίψαντος,
3302 1993 3537 2063 ἕστηκεν
3570 1990 3755 2059 ἀκίνηο

531 2095 789 2148 vidissent
820 2106 942 2147 esse
966 2100 1208 2160 apertum
1247 2090 1484 2152 oculum,
1512 2087 1602 2158 qui
1631 2087 1848 2142 clausus
1894 2084 2085 2150 fuerat,

532 2194 814 2255 cmperunt
846 2193 1070 2253 stupore
1117 2181 1273 2236 allici.
1310 2180 1557 2249 Cumque
1600 2179 1823 2233 vidisset
1854 2176 2090 2246 Epipha—

535 2280 661 2332 nius
709 2292 802 2331 eos
850 2290 972 2330 esse
1019 2273 1233 2336 anxios,
1265 2286 1547 2327 sermones
1577 2285 1697 2325 cum
1728 2271 1807 2323 eis
1838 2267 2085 2322 contulit.

531 2370 610 2424 llli
640 2383 769 2423 vero
807 2383 928 2422 cum
956 2365 1134 2419 verbis
1169 2363 1449 2433 Epiphanii
1485 2361 1786 2417 evasissent
1828 2359 2013 2413 sedato
2038 2365 2093 2411 et

534 2459 823 2529 tranquillo
848 2458 1054 2521 animo,
1091 2455 1279 2509 mutati
1311 2469 1433 2508 eum
1459 2451 1709 2507 dicebant
1736 2464 1854 2504 esse
1882 2448 2049 2502 Deum
2073 2463 2087 2499 :

533 2556 753 2623 vimque
781 2553 829 2607 ei
856 2552 1161 2616 afferentes,
1196 2549 1478 2604 trahebant
1502 2562 1626 2602 eum
1660 2561 1863 2609 secum,
1898 2545 2086 2599 dicen-

536 2656 618 2699 tes
645 2662 658 2698 :
687 2642 768 2698 Tu
797 2659 855 2697 es
892 2642 1031 2697 Deus
1058 2649 1259 2705 noster,
1294 2652 1517 2709 sequere
1550 2652 1670 2702 nos,
1705 2646 1758 2691 et
1807 2650 1960 2691 serva
1994 2648 2093 2688 nos

535 2737 605 2790 ab
634 2736 781 2789 omni
810 2734 860 2787 vi
887 2748 1077 2787 eorum
1103 2730 1190 2800 qui
1240 2730 1294 2783 in
1342 2743 1461 2783 nos
1489 2728 1718 2783 irruent.
1761 2724 2125 2795 Epiphanius,

538 2837 717 2882 autem
750 2841 843 2881 eos
873 2840 1102 2895 sequens
1133 2834 1374 2887 tempore
1400 2820 1562 2891 trium
1588 2818 1878 2879 mensium,
1911 2815 2097 2885 prohi-
2136 2844 2143 2847 -

537 2920 696 2972 bcbat
737 2918 815 2970 eis
860 2929 1075 2970 omnem
1127 2912 1471 2967 insolentiam
1494 2918 1546 2962 et
1568 2906 2092 2961 immoderationem.

2188 2112 2296 2159 τος.
2327 2097 2388 2147 υἱ
2430 2093 2486 2145 δὲ
2532 2092 2682 2144 ἄλλοι
2735 2090 2932 2151 ἰδόντες
2964 2088 3061 2156 τὴν
3104 2084 3388 2155 ἀκινησίαν
3421 2081 3520 2135 τοῦ
3553 2080 3755 2134 ὲαυτιέρδ

2191 2185 2425 2256 ἑταίρου,
2474 2182 2719 2254 ἔρχονται
2765 2179 2861 2232 καὶ
2905 2176 3058 2231 αὑτοί¹
3105 2175 3240 2247 πρὸς
3272 2172 3620 2241 Ἐπιφάνιον,
3673 2173 3758 2221 καὶ

2191 2275 2324 2346 πρὸς
2356 2273 2445 2325 τὸν
2472 2270 2647 2325 αὐτῶν
2674 2268 2841 2339 φίλον.
2880 2268 2988 2320 Καὶ
3017 2266 3143 2328 ἴδον,
3170 2265 3261 2318 καί
3284 2264 3393 2316 ἰδοὺ
3427 2264 3457 2315 6
3482 2260 3759 2330 ὀφθαλμὸς

2191 2366 2354 2421 αὑτοῦ
2399 2368 2427 2418 6
2475 2362 2741 2423 κλεισθείς
2792 2358 3150 2429 ἡνεῳγμένος,
3183 2355 3276 2409 καὶ
3317 2354 3526 2424 θάμϐος
3570 2352 3761 2404 ἔπεσεν

2192 2453 2734 2528 ἐπ’·ἀμιροτέρους.’0
2767 2448 2858 2506 οὖν
2894 2449 3203 2519 Ἐπιφάνιος
3248 2445 3371 2500 ἰδὼν
3406 2445 3611 2507 αὐτοὺς
3646 2445 3761 2512 ἀδη-

2197 2547 2505 2620 μονοῦντας,
2526 2547 2750 2616 συνῆρεν
2780 2544 2855 2613 (α)
2886 2541 3073 2609 λόγους
3094 2540 3228 2610 πρὸς
3260 2535 3475 2598 αὐτούς.
3510 2535 3581 2587 Ui
3605 2534 3665 2585 δὲ
3686 2532 3763 2584 διὰ

2193 2642 2300 2694 τῶν
2331 2638 2502 2708 λόγων
2535 2634 2848 2704 Ἐπιφανίου
2879 2636 2935 2686 ἐν
2960 2629 3287 2685 καταστάσει
3315 2626 3585 2687 ἐλθόντες,
3614 2636 3765 2693 psm-

2196 2731 2511 2801 ϐαλλόμενοι
2544 2727 2725 2795 ελεγον
2771 2722 2932 2777 αὑτὸν
2976 2721 3108 2775 Θεὸν
3149 2715 3316 2773 εἶναι·
3360 2717 3453 2770 καὶ
3502 2715 3634 2784 βίαν
3685 2716 3766 2764 ἐπι

2197 2820 2516 2889 ενέγκαντες
2543 2815 2736 2885 τούτῳ,
2761 2808 2938 2866 εἷλκον
2981 2811 3143 2867 αὐτὸν
3184 2808 3302 2881 μεθ’
3335 2806 3549 2876 ἑαυτῶν
3594 2804 3765 2870 λέγον-

2199 2927 2317 2975 τες·
2352 2910 2422 2962 Σὺ
2450 2905 2500 2962 ei
2529 2909 2558 2961 6
2586 2907 2717 2971 θεὸς
2742 2903 2899 2977 ἡμῶν
2920 2922 2932 2934 ·
2959 2901 3239 2957 ἀκολούθει
3270 2902 3422 2971 ἡμῖν,
3450 2898 3551 2950 καὶ
3581 2896 3766 2949 διάσω-

536 3008 673 3061 Cum
702 3005 961 3058 vidissent
991 3016 1120 3056 vero
1166 3016 1224 3054 se
1262 2999 1380 3068 ejus
1405 2994 1870 3071 admonitionibus
1902 2991 2093 3046 adduci

2202 2971 2440 3072 Canuti;
2487 2999 2592 3053 ἀπὸ
2635 2971 2815 3066 πάσης
2857 2995 2977 3066 βίας
3018 2994 3125 3047 τῶν
3160 2989 3604 3061 ὲπεγειρομὲνων
3653 2986 3765 3040 καθ’

542 3099 596 3151 in
622 3096 920 3164 angustias,
947 3105 1135 3146 omnes
1182 3103 1289 3143 uno
1317 3089 1498 3141 animo
1531 3086 1648 3154 ejus
1679 3084 1900 3154 pedibus
1931 3082 2094 3137 devo-

541 3189 635 3243 luti
684 3186 967 3257 pctieruut,
998 3192 1057 3237 ut
1091 3183 1145 3237 in
1182 3196 1339 3237 suum
1370 3180 1544 3234 locum
1581 3184 1959 3232 reverteretur.
1993 3172 2097 3239 Qui

538 3292 664 3333 cum
691 3290 877 3329 eorum
906 3273 1131 3327 auribus
1164 3270 1428 3324 maximas
1475 3268 1745 3338 ingereret
1775 3264 2099 3319 admonitio-

542 3384 661 3431 nes,
693 3367 876 3422 dicens
907 3384 920 3418 :
951 3362 1066 3418 Nisi
1096 3364 1164 3417 ab
1207 3363 1273 3417 iis
1304 3359 1690 3423 abstinueritis,
1717 3372 1824 3411 non
1858 3356 2012 3411 eritis
2042 3355 2098 3409 in

546 3461 647 3513 hac
674 3460 783 3511 vita
814 3456 995 3511 felices
1032 3473 1046 3508 :
1078 3461 1400 3523 acceperunt
1426 3467 1569 3516 eum,
1601 3458 1655 3503 et
1683 3449 2022 3504 deduxerunt
2044 3446 2100 3499 in

545 3552 742 3615 l-cum,
772 3551 824 3603 in
877 3562 987 3617 quo
1035 3536 1335 3600 habitabat.
1371 3543 1613 3610 Cumque
1642 3542 1690 3596 ei
1721 3555 1819 3595 sua
1858 3554 2021 3609 Opera
2048 3546 2102 3592 et

546 3642 844 3695 ministerio
868 3639 1086 3692 domum
1122 3636 1498 3696 :cdilicassent,
1531 3642 1584 3687 et
1613 3647 1738 3687 eum
1773 3631 1951 3685 valere
1980 3630 2099 3699 jus-

548 3734 770 3795 sissent,
812 3744 1001 3783 omnes
1050 3727 1301 3781 abierunt
1345 3726 1398 3779 in
1444 3738 1592 3793 pace.
1625 3720 1740 3791 Ego
1780 3730 1982 3783 autem,
2010 3719 2102 3789 qui

544 3838 691 3875 eram
724 3835 865 3875 unus
916 3834 979 3873 ex
1026 3818 1179 3886 ipsis,
1210 3815 1383 3869 mansi
1416 3829 1539 3868 cum
1583 3810 1903 3881 Epiphanio,
1937 3810 2005 3863 ab
2037 3824 2102 3863 eo

547 3912 827 3966 institutus
857 3909 913 3963 in
938 3910 1102 3963 verbo
1129 3906 1385 3962 veritatis.
1419 3905 1555 3958 Cum
1602 3913 1779 3957 autem
1813 3903 2103 3972 praateriis-

546 4014 628 4058 set
660 4013 870 4069 tempus
898 4015 993 4055 sex
1025 3999 1316 4059 mensium,
1350 4010 1437 4049 me
1466 3994 1672 4061 accepit
1698 3993 1804 4059 ille,
1836 4001 1890 4047 et
1905 3993 2104 4047 ivimus

546 4095 600 4147 iu
629 4090 1014 4146 monasterium
1045 4088 1222 4157 magni
1270 4085 1578 4140 Hilarionis.
1607 4084 1743 4138 Cum
1768 4099 1900 4139 vero
1940 4083 2106 4139 vidis-

545 4193 667 4238 sent
696 4180 1053 4251 Epiphanium
1085 4193 1272 4233 omnes
1305 4176 1520 4239 fratres,
1549 4189 1744 4244 magno
1770 4182 1898 4229 sunt
1923 4173 2100 4229 affecti

546 4276 760 4347 gaudio.
798 4272 864 4327 Et
896 4272 1193 4326 mansimus
1224 4270 1437 4340 quidem
1466 4278 1572 4323 tres
1603 4267 1719 4322 dies
1747 4267 1804 4320 in
1829 4276 2103 4322 monaste-

546 4369 671 4421 rio:
704 4366 1018 4435 rogavitque
1067 4360 1400 4431 Epiphanius
1442 4374 1697 4429 magnum
1746 4355 2099 4424 Hilarionem,

546 4468 608 4513 ut
652 4458 779 4511 mihi
815 4456 968 4511 daret
1010 4454 1066 4508 in
1109 4452 1327 4508 Christo
1379 4448 1736 4517 signaculum,
1766 4448 2108 4518 quandoqui-

546 4552 667 4604 dem
696 4556 974 4616 acceperat
1008 4544 1249 4599 Hilarion
1276 4543 1501 4614 gradum
1531 4540 1953 4611 presbyteratus.
1972 4541 2106 4594 Cum

549 4659 635 4696 me
678 4651 855 4695 autem
898 4654 1127 4709 magnus
1180 4636 1479 4705 accepisset
1506 4631 1769 4697 Hilarion,
1799 4641 1853 4687 et
1891 4647 2104 4686 omnem

549 4734 822 4788 docuisset
865 4731 1321 4800 consequentiam,
1350 4725 1643 4796 baptizavit
1675 4740 1762 4779 me
1799 4725 1853 4778 in
1884 4724 2105 4778 nomine

552 4824 745 4886 Patris,
776 4833 829 4877 et
858 4822 1004 4885 Filii,
1038 4831 1091 4876 et
1127 4820 1361 4890 Spiritus
1404 4817 1584 4873 sancti
1620 4833 1634 4869 :
1668 4824 1722 4869 et
1746 4814 2108 4885 transegimus

550 4915 744 4969 deinde
768 4914 906 4982 apud
931 4913 1076 4982 ipsos
1101 4911 1284 4966 decem
1316 4909 1460 4972 dies;
1509 4907 1811 4976 fratresque
1844 4906 2110 4974 rogabant

551 5007 933 5076 Epiphaniam,
962 5013 1021 5058 ut
1064 5019 1164 5057 nos
1206 5002 1261 5056 in
1304 5016 1368 5056 eo
1392 5002 1511 5055 loco
1550 4998 1955 5063 habitaremus;
1996 4997 2111 5066 ipse

552 5109 731 5154 autem
762 5098 952 5164 noluit,
979 5096 1072 5151 sed
1100 5095 1270 5151 voluit
1294 5094 1556 5157 habitare,
1593 5091 1686 5147 ubi
1713 5090 1993 5145 habitabat
2016 5103 2112 5143 an-

552 5202 635 5246 tea
645 5233 657 5244 .

2196 3093 2371 3164 ήμῶν.
2402 3090 2505 3144 Τοῦ
2533 3090 2589 3143 δὲ
2615 3086 2931 3157 Ἐπιφανίου
2957 3085 3049 3139 ἐπὶ
3078 3083 3396 3155 τριμηναῖον
3426 3078 3630 3149 χρόνον
3664 3077 3768 3128 τού-

2196 3204 2304 3250 τοις
2348 3180 2860 3245 ἐπακολουθοῦντος,
2910 3177 3142 3232 ἐκώλυεν
3191 3174 3383 3235 αὐτοὺς
3428 3170 3543 3223 ἀπὸ
3592 3168 3767 3236 πάσης

2197 3278 2437 3344 ἀταξίας.
2468 3274 2588 3327 Τῶν
2631 3272 2687 3326 δὲ
2715 3270 2953 3331 εἰδότων,
2983 3269 3064 3321 ὅτι
3092 3266 3347 3320 στένωσιν
3385 3261 3649 3331 ἐπιφέρει
3685 3262 3772 3312 αὖ·

2196 3371 2307 3430 τοῖς
2352 3366 2439 3419 διὰ
2487 3365 2582 3434 τῆς
2633 3350 3303 3429 νουθεσίας,ηόμὸθυμαδὸν
3355 3353 3602 3414 ἅπαντες
3656 3368 3770 3402 συν-

2199 3455 2447 3525 αχθέντες
2479 3448 2987 3524 προσεκυλινδοῦντο
3030 3446 3137 3499 τῶν
3195 3443 3369 3498 ποδῶν
3396 3440 3595 3505 αὐτοῦ,
3624 3442 3769 3500 ὅπως

2198 3547 2492 3618 ἀποδράσει
2519 3544 2678 3599 πάλιν
2725 3545 2805 3606 εἰς
2849 3542 2940 3601 τὸν
2992 3540 3122 3593 ῐδιον
3150 3538 3313 3592 τόπον
3346 3534 3534 3589 αὐτοῦ.
3576 3533 3690 3586 Τοῦ

2201 3638 2474 3700 νουθεσίας
2496 3636 2755 3708 μεγίστας
2780 3630 3057 3694 ἐπιθέντος
3086 3629 3176 3682 ἐπὶ
3198 3630 3317 3690 ταῖς
3342 3627 3538 3687 ἀκοαῖς
3571 3624 3767 3683 αὐτῶν,

2199 3732 2276 3785 ὅτι
2325 3729 2447 3782 Ἐὰν
2496 3728 2569 3799 μὴ
2615 3726 2816 3780 τούτων
2864 3721 3151 3792 ἀπέχεσθε,
3211 3720 3271 3772 οὐ
3303 3715 3536 3771 δύνασθε
3579 3716 3768 3785 εὐημε·

2209 3825 2321 3894 ρεῖν
2350 3824 2405 3875 ὲν
2429 3820 2560 3891 τῷδε
2591 3818 2667 3889 τῷ
2696 3818 2823 3888 βίῳ·
2859 3815 3110 3877 λαϐόντες
3149 3812 3207 3866 δὲ
3254 3809 3413 3864 αὐτὸν
3448 3810 3499 3860 οἰ
3540 3808 3770 3878 ἀμφότε-

2205 3929 2286 3983 ροι
2318 3911 2521 3981 ἦγαγον
2554 3908 2645 3961 ἐπὶ
2672 3906 2856 3970 τόπον,
2887 3903 3013 3957 ἔνθα
3042 3903 3102 3955 τὸ
3130 3900 3257 3972 πρὶν
3289 3896 3565 3967 κατῴκει·
3600 3895 3770 3962 καίδη

2202 3981 2291 4055 διὰ
2331 4003 2431 4070 τῆς
2463 3997 2640 4053 αὐτῶν
2683 3994 2985 4067 ὑπηρεσίας
3016 3990 3465 4061 οἰκοδομήσαντες
3510 3985 3675 4055 αὐτῷ
3710 3981 3769 4036 οἷο

2204 4109 2316 4154 κον,
2346 4088 2722 4160 ἀσπασάμενοι
2744 4105 2802 4141 τε
2830 4086 2991 4140 αὐτὸν
3019 4085 3067 4138 οἱ
3089 4083 3287 4144 πάντες
3310 4077 3634 4150 ἀνεχώρουν
3662 4079 3769 4147 μετ’

2205 4184 2439 4253 εἰρήνης.
2457 4179 2596 4250 Ἐγὼ
2615 4178 2761 4248 γοῦν,
2794 4171 2875 4241 εἷς
2919 4175 2979 4240 ἐξ
3023 4173 3200 4229 αὐτῶν
3251 4171 3537 4242 ὑπάρχων,
3590 4169 3773 4239 ἔμεινα

2210 4272 2346 4342 μετά
2384 4270 2696 4339 Ἐπιφανίου
2721 4284 2735 4298 '
2769 4269 2862 4321 καὶ
2900 4265 3225 4336 κατηχηθεὶς
3257 4263 3347 4315 ὑπ’
3370 4258 3544 4313 αὐτοῦ
3580 4260 3679 4311 τὸν
3705 4257 3775 4309 λό-

2206 4379 2300 4430 γον
2322 4361 2419 4432 τῆς
2450 4359 2724 4431 ἀληθείας,
2759 4358 2948 4429 ἔμεινα
2974 4357 3089 4426 μετ’
3118 4352 3302 4407 αὐτοῦ.
3328 4350 3544 4422 Χρόνου
3574 4350 3639 4402 δὲ
3666 4347 3771 4410 ἐξα-

2214 4453 2437 4525 μηναίου
2480 4450 2832 4524 παρελθόντος
2857 4488 2872 4511 ,
2911 4446 3088 4500 λαϐὼν
3132 4445 3233 4515 ἐμὲ
3268 4442 3618 4510 Ἐπιφάνιος,
3672 4444 3774 4494 tm-

2214 4543 2481 4615 ρεύθημεν
2515 4544 2572 4596 ὲν
2610 4542 2688 4613 τῷ
2726 4538 3066 4611 μοναστηρίῳ
3108 4536 3245 4608 πρὸς
3288 4534 3378 4587 τὸν
3427 4532 3616 4603 μέγαν
3657 4533 3777 4585 Ἰλι-

2213 4636 2399 4706 ρίωνα.
2429 4633 2647 4695 ’ἰδόντες
2695 4632 2754 4685 δὲ
2798 4630 3033 4692 ἀπαντες
3083 4629 3130 4681 οἱ
3187 4624 3402 4693 ἀδελφοί
3435 4623 3776 4690 Ἐπιφάνισε.

2213 4726 2483 4799 ἐχάρησαν
2533 4726 2706 4795 χαράν
2764 4721 3023 4791 μεγάλην.
3058 4718 3422 4788 Ἐποιήσαμεν
3478 4713 3543 4766 δὲ
3611 4715 3674 4766 ἐν

2214 4814 2557 4887 μοναστηρίῳ
2611 4816 2758 4884 τρεῖς
2814 4810 3060 4882 ἡμέρας,
3119 4807 3213 4861 καὶ
3268 4803 3661 4876 παρεκάλεσεν
3704 4802 3779 4852 τὸν

2216 4905 2387 4974 μέγαν
2426 4903 2699 4975 Ίλαρίωνα
2736 4901 3048 4969 Ἐπιφάνιος
3083 4896 3262 4951 δοῦναί
3290 4912 3378 4965 μοι
3410 4892 3511 4963 τὴν
3561 4895 3625 4945 ὲν
3660 4894 3780 4959 X9:-

2217 4996 2327 5067 στῷ
2360 4996 2658 5068 σφραγῖδαο
2705 4994 2891 5065 ἐπειδὴ
2928 4991 3169 5062 Ἰλαρίων
3197 4986 3562 5051 καταξιωθεὶς
3588 4982 3665 5056 ἦν
3702 4982 3778 5035 τι]

2217 5087 2424 5158 βαθμοῦ
2453 5086 2544 5140 τοῦ
2569 5084 2979 5157 πρεσϐυτερίου.
3006 5080 3198 5135 Λαϐὼν
3226 5074 3318 5133 οῦν
3359 5078 3388 5129 ὁ
3423 5079 3609 5146 μέγας
3665 5075 3781 5125 '11;-

2219 5179 2347 5249 ρίων
2378 5179 2471 5231 καὶ
2496 5178 2707 5242 διδάξας
2733 5194 2799 5248 με
2827 5177 2926 5249 τὴν
2982 5176 3159 5227 πᾶσαν
3187 5167 3533 5231 ἀκολουθίαν,
3561 5167 3781 5220 ἐϐάπτι-

2218 5269 2278 5321 σέ
2312 5287 2376 5339 με
2421 5272 2478 5323 ἐν
2519 5271 2737 5340 ὀνόματι
2768 5266 3108 5339 Πατρὸς,καὶ
3128 5263 3279 5327 Υἰοῦ,
3311 5261 3403 5315 καὶ
3428 5260 3593 5327 ἁγίου
3626 5257 3779 5311 [bsic

555 5388 740 5443 ματος,
787 5367 1045 5429 κελεύσας
1095 5383 1161 5436 με
1204 5362 1451 5431 Ἰωάννης
1505 5359 1802 5413 καλεῖσθαι.
1865 5360 2224 5432 Ἐποιήσαμεν
2271 5362 2325 5414 δὲ
2382 5364 2512 5433 παρ’
2567 5363 2747 5425 αὐτοῖς
2816 5359 3027 5431 ἡμέρας
3082 5356 3241 5410 δέκαο
3286 5353 3382 5406 καὶ
3436 5350 3779 5419 παρεκάλουν

563 5440 872 5530 Ἒπιφάνιον
902 5458 1191 5526 οἰὰδελφοί
1244 5454 1380 5508 ὥστε
1450 5454 1715 5509 κατοικεῖν
1769 5449 1882 5520 ἅμα
1929 5451 1987 5501 ὲν
2022 5448 2099 5520 τῷ
2136 5452 2283 5521 τόπῳ
2329 5452 2539 5522 ἐκείνῳ.
2587 5452 2755 5515 Αὐτὸς
2802 5450 2858 5503 δὲ
2909 5450 3008 5502 οὐκ
3050 5442 3342 5516 ἠϐουλήθη,
3396 5440 3781 5495 ἀλλ’ὲϐοὑλετο

552 5554 710 5606 πάλιν
735 5554 866 5605 ὅπου
894 5552 953 5603 τὸ
982 5551 1110 5620 πρὶν
1132 5548 1470 5618 κατοικῆσαι.

620 5664 697 5735 (α)
736 5662 916 5729 Forte,
946 5664 1201 5731 συνείρεν.
