3800 6180
71 146 130 209 57
328 228 337 231 Α
1328 154 1387 209 s.
1430 153 1774 212 EPIPIIANII
1809 159 1990 215 VITA.
2122 144 2135 155 “
3224 178 3295 232 σε

120 268 216 320 IB'.
271 264 620 330 Ἑξελθόντων
656 262 712 319 δὲ
741 265 899 337 ἡμῶν
936 266 1044 320 ἀπὸ
1086 265 1180 319 τοῦ
1232 272 1618 342 μοναστηρίου,

1793 273 1904 329 XII.
1937 276 2071 331 Cum
2101 288 2279 334 autem
2306 296 2403 337 nos
2437 286 2638 355 egressi
2666 301 2911 344 essemus
2956 308 2987 347 e
3018 304 3299 351 monaste-

57 358 417 429 ἐπορευόμεθα
438 357 537 428 τὴν
566 357 682 411 ὁδὸν
702 357 876 429 ἡμῶν.
925 359 1013 421 Ὧς
1041 358 1096 411 δὲ
1125 358 1235 413 ἀπὸ
1263 362 1506 431 σημείων
1530 362 1651 415 δύο.

55 450 140 504 τοῦ
176 450 538 521 μοναστηρίου
565 450 876 520 ἀπήντησεν
894 452 1027 520 ἡμῖν
1055 451 1335 516 νεανίσκος
1362 471 1465 517 τις,
1484 454 1623 524 ἔχων

54 540 365 610 ἀρχοντικὸν
421 541 671 611 δαίμονα,
707 542 1180 613 κατατεμνόμενος
1221 546 1279 597 ἐν
1332 548 1396 615 τῇ
1432 546 1623 616 ἐρήμῳ

50 632 133 685 ὑπ’
161 630 350 683 αὑτοῦ.
381 629 580 683 Τοῦτον
610 629 733 684 ἰδὼν
777 632 1087 701 Ἑπιφάνιος
1109 634 1337 704 γυμνὸν,
1373 636 1465 688 καὶ
1488 637 1621 688 ἀτά-

51 741 152 792 κτῳ
174 721 362 793 δρόμῳ
388 722 735 792 ἁλισκόμενον
767 724 871 777 ὑπὸ
898 722 991 777 τοῦ
1033 724 1342 795 ἀκαθάρτου
1374 726 1620 796 πνεύμα-

52 833 147 879 τος,
178 814 414 884 ἔκραξεν
451 814 661 886 μεγάλῃ
694 817 845 886 φωνῇ
873 830 888 843 ·
921 814 1292 887 Παραγγέλλω
1322 833 1404 870 σοι
1428 818 1486 870 ἐν
1507 817 1621 870 ὀνό-

53 926 173 977 ματι
232 907 331 960 τοῦ
366 906 782 978 ἐσταυρωμένου
845 905 1018 976 Ἰησοῦ
1070 906 1325 977 Χριστοῦ,
1388 906 1621 975 ἐξελθεῖν

48 999 146 1052 ἀπὸ
178 997 274 1050 τοῦ
317 998 630 1068 πλάσματος
661 997 755 1050 τοῦ
783 995 937 1051 Θεοῦ.
968 997 1184 1061 Εὐθέως
1206 998 1263 1051 δέ
1287 999 1348 1052 τὸ
1378 1000 1621 1072 ἀκάθαρ-

47 1107 129 1142 τον
160 1088 385 1158 πνεῦμα
415 1086 719 1158 ἐσπάραξεν
757 1087 848 1140 τὸν
903 1088 1185 1142 νεανίσκον
1208 1129 1223 1152 ,
1264 1090 1358 1142 καὶ
1400 1090 1619 1163 ἔρριψεν

46 1181 198 1233 αὑτὸν
234 1182 333 1232 ἐπὶ
383 1179 480 1251 τὴν
509 1181 634 1251 γῆν,
665 1180 759 1232 καὶ
793 1178 1013 1250 ἐξῆλθεν
1066 1182 1158 1236 ἀπ’
1214 1182 1399 1237 αὑτοῦ.
1470 1184 1528 1236 '0
1561 1183 1618 1237 δὲ

45 1272 351 1343 ἀκάθαρτος
379 1271 588 1341 δαίμων
616 1269 844 1341 ἔκραξεν
873 1271 1087 1343 μεγάλῃ
1114 1275 1181 1343 τῇ
1230 1276 1381 1344 φωνῇ
1403 1291 1417 1304 ·
1466 1275 1618 1329 Ἐπιε-

48 1364 212 1432 φάνιε,
250 1361 469 1424 διώκεις
506 1379 574 1432 με
605 1361 712 1415 ἀπὸ
737 1360 833 1415 τοῦ
877 1361 1041 1414 τόπου
1091 1379 1193 1432 μου
1217 1362 1305 1416 διά
1340 1362 1420 1432 κβ¹
1456 1363 1613 1417 ἐτῶν.

53 1452 188 1522 Ἐγὼ
223 1452 564 1525 πορεύσομαι
594 1451 728 1523 πρὸς
750 1452 839 1505 τὸν
865 1451 1087 1521 βασιλέα
1118 1451 1225 1504 τῶν
1256 1452 1497 1523 Περσῶν,
1527 1454 1618 1509 καὶ

44 1544 239 1613 κινήσω
294 1543 455 1597 αὑτὸν
487 1542 629 1595 κατὰ
661 1545 778 1607 σοῦ,
835 1543 929 1595 καὶ
990 1543 1201 1613 ποιήσω
1237 1561 1295 1595 σε
1330 1544 1467 1614 μετά
1500 1543 1611 1597 θλί-

1727 364 1828 429 rio,
1861 367 2003 420 viam
2034 379 2275 425 nostram
2304 373 2582 430 inivimus.
2616 377 2693 431 Ad
2727 383 3029 437 secundum
3060 401 3192 439 vero
3219 387 3300 441 la-

1658 533 1664 539 _
1724 456 1899 524 pidem
1933 473 1963 511 a
1991 463 2345 527 monasterio,
2379 467 2617 520 occurrit
2651 470 2808 524 nobis
2856 472 3077 541 quidam
3112 476 3299 531 adole-

1724 560 1903 607 scens,
1955 550 2047 618 qui
2100 552 2337 607 habebat
2378 556 2677 612 daemonem
2719 562 3071 630 imperantem
3111 585 3124 621 :
3160 569 3299 621 etin

1724 636 2015 691 solitudine
2066 643 2134 693 ab
2166 656 2231 695 eo
2275 643 2701 713 discerpebatur.
2732 650 2869 704 Cum
2899 669 3023 707 eum
3077 656 3300 712 vidisset

1724 723 2057 795 Epiphanius
2094 732 2295 785 nudum
2327 733 2582 790 insolenti
2617 747 2670 791 et
2721 740 3084 812 incomposito
3132 761 3298 802 cursu

1722 819 1904 871 vexari
1936 820 2004 873 ab
2029 820 2312 878 immundo
2350 828 2567 894 spiritu,
2598 830 2852 886 clamavit
2898 850 3091 906 magna
3121 855 3251 893 voce
3282 859 3297 894 :

1721 905 1984 977 Prascipio
2018 911 2110 964 tibi
2138 914 2191 966 in
2229 916 2449 970 nomine
2472 916 2606 972 Jesu
2644 920 2847 978 Chrisli
2881 905 3147 993 crucifixi,
3177 940 3235 985 ut
3268 948 3298 985 a

1721 998 1817 1054 Dei
1856 1000 2113 1071 ﬁgmento
2146 1020 2329 1062 exeas.
2381 1009 2573 1065 Statim
2611 1024 2791 1069 autem
2827 1034 2953 1074 eum
3005 1024 3299 1093 exagitavit

1722 1093 2035 1149 immundus
2060 1098 2303 1167 spiritus,
2336 1110 2388 1155 et
2412 1103 2559 1156 humi
2586 1105 2754 1160 allixit
2781 1123 2794 1159 :
2824 1121 2986 1179 atque
3020 1114 3088 1167 ab
3116 1130 3181 1169 eo
3211 1126 3297 1169 cst

1719 1198 1992 1253 egressus.
2026 1187 2342 1245 lmmundus
2369 1202 2548 1247 autem
2571 1196 2784 1252 dtemon
2814 1201 3070 1257 clamavit
3098 1222 3294 1276 magna

1719 1288 1851 1328 voce
1882 1292 1895 1328 :
1938 1272 1982 1329 Ο
2011 1274 2302 1346 Epiphani,
2346 1290 2401 1335 tu
2439 1300 2524 1338 me
2548 1289 2771 1356 expellis
2794 1306 2825 1345 e
2853 1292 2969 1347 loco
3006 1310 3127 1350 meo
3173 1272 3297 1367 post

1719 1366 1953 1433 spatium
1980 1368 2169 1436 viginti
2198 1371 2432 1427 duorum
2465 1390 2745 1433 annorum.
2777 1399 2790 1433 :
2822 1396 2923 1452 ego
2974 1384 3064 1439 ibo
3112 1387 3176 1441 ad
3208 1405 3298 1441 re-

1718 1470 1837 1522 gem
1862 1455 2174 1521 Persarum,
2202 1470 2253 1515 et
2272 1465 2498 1519 movebo
2518 1482 2640 1521 eum
2669 1479 2862 1526 contra
2891 1486 2969 1541 te;
2998 1485 3051 1530 et
3076 1476 3294 1536 faciam.

1721 1555 1778 1599 ut
1810 1561 1931 1599 cum
1998 1548 2289 1605 afﬂictione
2343 1567 2525 1608 coram
2562 1572 2626 1612 eo
2682 1560 2915 1615 sistaris.
2966 1564 3297 1625 Adolescens

39 1635 175 1701 ψεως
208 1632 417 1703 πολλῆς
446 1633 790 1703 παραστῆναι
824 1633 965 1687 κατὰ
1001 1633 1293 1703 πρόσωπον
1326 1613 1513 1688 αὐτοῦ.
1560 1636 1617 1689 '0

1721 1644 1899 1689 autem
1926 1638 2073 1691 venit
2097 1641 2396 1709 modestus,
2424 1654 2477 1698 et
2510 1649 2741 1715 procidit
2767 1653 2832 1706 ad
2864 1656 3027 1723 pedes
3059 1658 3295 1729 Epipha-

40 1724 105 1777 6%.,
120 1724 345 1787 νεανίας
381 1720 544 1795 ἦλθεν
579 1724 891 1796 σωφρόνως,
924 1724 1018 1778 καὶ
1052 1724 1245 1778 ἔπεσεν
1268 1727 1348 1790 εἰς
1374 1728 1499 1790 τοὺς
1524 1727 1619 1779 πό-

36 1817 124 1877 δας
168 1814 511 1884 Ἐπιφανίου.
543 1815 601 1868 Ὀ
635 1815 693 1868 δὲ
734 1815 1049 1885 Ἐπιφάνιος
1072 1817 1291 1888 ἤγειρεν
1317 1817 1499 1886 αὐτὸν,
1534 1817 1620 1870 λέ-

38 1922 171 1973 γων·
224 1905 486 1972 Ἀνάστα,
520 1905 727 1968 τέκνον,
762 1906 857 1958 καὶ
889 1905 1091 1959 ἄπελθε
1137 1908 1195 1960 ἐν
1223 1907 1298 1978 τῷ
1331 1909 1464 1979 οἴκῳ
1522 1926 1615 1962 σου

34 2000 86 2049 ἐν
116 1999 339 2069 εἰρήνῃ.
370 1998 480 2052 Kal.
507 1998 704 2062 εὐθέως
737 1999 958 2070 ἀνέστη.

99 2089 192 2143 1Γ¹.
250 2090 316 2142 '0
338 2084 432 2143 οὖν
462 2090 671 2159 δαίμων
711 2092 739 2143 6
769 2090 1079 2161 ἀκάθαρτος
1116 2090 1383 2164 ἐπορεύθη
1437 2092 1495 2145 ἐν
1548 2094 1614 2164 τῇ

32 2179 275 2251 Περσίδι,
314 2182 407 2235 καὶ
441 2180 704 2253 ἐκολλήθη
729 2184 794 2252 τῇ
827 2182 1058 2254 θυγατρὶ
1082 2183 1174 2236 τοῦ
1199 2183 1483 2254 βασιλέως,
1520 2187 1617 2238 καὶ

32 2277 90 2344 τῇ
118 2273 389 2346 τιμωρίᾳ,
480 2274 702 2346 ἧλισκεν
731 2275 822 2327 τὸν
849 2276 1152 2341 νεανίσκον,
1176 2276 1376 2347 ὁμοίως
1407 2278 1498 2331 καὶ
1520 2279 1618 2331 αὐ-

32 2367 121 2437 τὴν
161 2366 473 2440 ἐτιμώρει·
534 2368 628 2422 καὶ
664 2367 894 2439 ἔκραξεν
922 2368 1134 2437 λέγων’
1184 2370 1308 2423 Ἔάν
1345 2370 1419 2443 μὴ
1465 2371 1614 2423 Ἑπι-

31 2458 214 2526 φάνιος
235 2457 373 2529 ἔλθῃ
414 2457 648 2512 ἐνταῦθα
698 2460 727 2511 6
758 2459 1082 2523 ἀποστείλας
1122 2477 1186 2531 με
1224 2460 1358 2531 πρὸς
1384 2460 1481 2532 τὴν
1516 2463 1615 2534 σὴν

32 2550 329 2621 θυγατέρα,
361 2551 460 2604 οὐκ
494 2550 783 2622 ἐξέρχομαι
820 2551 915 2605 ἀπ’
939 2551 1131 2622 αὐτῆς.
1173 2553 1284 2605 Καὶ
1308 2553 1467 2607 πάλιν
1497 2554 1614 2607 ἐλε-

30 2658 117 2708 γεν
158 2642 189 2692 6
215 2640 434 2711 δαίμων
461 2657 477 2671 ο
521 2641 826 2709 Ἐπιφάνιε,
883 2642 943 2695 τὸ
989 2640 1298 2712 γένος’τῶν
1330 2645 1613 2710 Φοινίκων,

30 2731 146 2785 ἑλθέ
178 2732 397 2797 ἐνθάδε,
437 2734 582 2796 ὅπως
610 2732 810 2799 ἐξέλθω
832 2734 939 2788 ἀπὸ
969 2736 1069 2807 τῆς
1097 2734 1366 2806 θυγατρὸς
1396 2736 1491 2790 τοῦ
1519 2736 1614 2807 βα-

32 2825 237 2889 σιλέως.
296 2826 353 2879 ὐ
378 2823 471 2879 οὖν
500 2825 751 2896 βασιλεὺς
795 2827 1034 2891 ἀκούσας
1083 2829 1190 2882 ἀπὸ
1237 2827 1328 2882 τοῦ
1359 2828 1611 2898 δαίμονος

32 2920 158 2989 περὶ
191 2920 303 2989 τῆς
334 2920 606 2991 Φοινίκης,
632 2918 948 2974 ἀπέστειλεν
975 2920 1179 2992 πλῆθος
1207 2920 1509 2994 ἀνθρώπων
1532 2922 1613 2975 εύ-
1639 2953 1681 3012 c

26 3011 323 3065 διαλέκτων
348 3011 486 3084 πρὸς
517 3011 855 3084 ἀναζήτησιν
896 3014 1238 3082 Ἐπιφανίου.
1262 3015 1372 3068 Καὶ
1392 3014 1455 3085 δὴ
1483 3015 1614 3068 ἀνα-

30 3101 370 3175 ζητήσαντες
402 3104 619 3158 ἅπασαν
648 3092 747 3176 τὴν
778 3103 962 3177 χώραν
1020 3104 1130 3158 τῶν
1187 3106 1469 3172 Φοινίκων,
1516 3108 1613 3178 οὐχ

27 3190 183 3265 εὗρον
207 3213 223 3228 ο
251 3195 372 3249 ἀλλ’
404 3195 713 3268 ἀνεχώρουν
743 3196 1014 3268 ἄπρακτοι
1048 3198 1184 3270 πρὸς
1221 3199 1311 3253 τὸν
1363 3198 1609 3269 βασιλέα.

27 3289 180 3353 Τινὲς
233 3289 297 3343 δὲ
334 3289 601 3356 ἐξαύτῶν
631 3291 723 3343 καὶ
752 3290 935 3354 κακῶς
979 3291 1282 3363 ὑπέμειναν
1352 3296 1457 3350 ὑπὸ
1508 3296 1615 3351 τῶν

36 3382 335 3453 Ῥωμαίων
364 3383 439 3447 ὡς
492 3383 850 3446 κατάσκοποι,
880 3384 974 3437 καὶ
1009 3384 1107 3455 τὴν
1139 3386 1243 3455 γῆν
1271 3386 1489 3442 ἅπασαν
1516 3387 1614 3461 τὴν

24 3474 285 3547 Φοινίκην
316 3474 409 3527 ἐπὶ
436 3474 674 3546 πονηρίᾳ
706 3474 949 3537 θέλοντες
1003 3462 1353 3547 κατανοῆσαι.
1407 3479 1614 3549 Πορευ-

22 3564 210 3628 θέντες
238 3564 302 3617 δὲ
332 3565 380 3617 οί
408 3562 838 3634 διαπεμφθέντες
878 3565 1224 3636 ἀπήγγειλαν
1269 3566 1345 3637 τῷ
1384 3566 1610 3637 βασιλεῖ,

20 3654 101 3706 ὅτι
132 3655 234 3724 ούχ
262 3646 424 3726 εὗρον
448 3654 541 3708 τὸν
588 3654 925 3723 Ἐπιφάνιον.
974 3655 1031 3708 '0
1066 3655 1123 3708 δὲ
1155 3656 1365 3727 δαίμων
1386 3658 1614 3730 ἔκραξεν

23 3746 240 3820 μεγάλῃ
281 3750 349 3819 τῇ
378 3750 527 3819 φωνῇ
556 3765 570 3778 ο
601 3747 689 3800 Ἐν
742 3745 820 3817 τῷ
864 3748 1012 3820 τόπῳ
1067 3748 1145 3819 τῷ
1201 3751 1615 3825 ἐπικαλουμένῳ

20 3840 368 3911 Σπανυδρίῳ,
394 3842 512 3893 ἐκεῖ
535 3840 679 3894 ἐστιν
698 3839 987 3894 κατοικῶν.
1007 3841 1174 3895 Πάλιν
1200 3838 1293 3896 οὖν
1315 3846 1343 3896 6
1364 3843 1615 3914 βασιλεὺς

19 3932 543 4001 προσκαλεσάμενος
600 3931 643 3984 λ’
702 3931 923 4003 ἄνδρας,
987 3928 1144 3987 εἶπεν
1190 3934 1329 4006 πρὸς
1383 3936 1612 3999 αὐτούς’

31 4023 411 4076 Ἀποδύσασθε
446 4023 510 4076 τὸ
561 4023 745 4094 σχῆμα
785 4024 846 4077 τὸ
873 4024 1161 4094 Περσικὸν,
1198 4026 1293 4080 καὶ
1326 4026 1516 4081 λάϐετε
1555 4027 1615 4080 τὸ

21 4115 211 4185 σχῆμα
231 4115 345 4168 τῶν
386 4115 690 4185 Ῥωμαίων,
722 4117 817 4170 καὶ
851 4116 1148 4188 πορεύθητε
1182 4117 1240 4171 ἐν
1270 4122 1337 4190 τῇ
1371 4119 1611 4193 Φοινίκῃ.

19 4208 112 4258 καὶ
162 4206 547 4277 ἀναζητήσατε
598 4207 691 4260 τὸν
717 4207 881 4261 τόπον
908 4209 1001 4261 τὸν
1026 4207 1359 4279 καλούμενον
1405 4211 1614 4265 Σπανύ-

1720 1727 1817 1780 nii.
1867 1726 1971 1793 Qui
2000 1744 2124 1784 eum
2158 1733 2352 1797 erexit,
2384 1734 2568 1791 dicens
2603 1754 2615 1789 :
2652 1740 2843 1812 Surge,
2882 1746 2977 1809 fili,
3005 1758 3057 1801 et
3080 1726 3132 1803 in
3160 1726 3296 1820 pace

1720 1819 1854 1873 vade
1882 1820 1937 1873 in
1976 1820 2200 1877 domum
2242 1832 2412 1880 tuam.
2440 1825 2506 1882 Et
2547 1833 3077 1903 surrexitprotinus.

1786 2082 1927 2140 XIII.
1960 2083 2281 2143 Im'mundus
2304 2097 2485 2143 autem
2522 2090 2733 2146 daemon
2758 2092 2856 2147 ivit
2899 2093 2951 2147 in
2996 2094 3290 2162 Persidem,

1717 2185 1769 2231 et
1796 2178 2024 2233 adhaesit
2057 2179 2180 2234 filiae
2210 2180 2576 2250 imperatoris,
2606 2193 2660 2238 et
2697 2200 2817 2240 eam
2845 2189 3031 2242 eodem
3066 2198 3291 2259 torque-

1716 2269 1810 2324 bat
1840 2270 2127 2340 supplicio,
2164 2287 2274 2341 quo
2314 2272 2467 2342 prius
2512 2276 2931 2345 adolescentem,
3000 2289 3050 2333 et
3083 2280 3289 2336 clama-

1716 2360 1828 2426 bat,
1858 2362 2045 2417 dicens
2075 2380 2088 2415 :
2114 2361 2229 2417 Nisi
2270 2366 2477 2419 venerit
2526 2366 2881 2437 Epiphanius,
2931 2372 3024 2440 qui
3069 2372 3175 2427 huc
3208 2389 3294 2426 me

1715 2456 1950 2509 misitad
1981 2463 2128 2509 tuam
2158 2456 2346 2519 filiam,
2378 2457 2447 2511 ab
2491 2474 2553 2512 ea
2585 2476 2694 2515 non
2730 2462 3001 2518 recedam.
3047 2462 3292 2520 Rursus-

1718 2562 1825 2617 que
1882 2547 2097 2604 dicebat
2147 2548 2402 2603 daemon:
2458 2548 3008 2621 Epiphani,thnix
3077 2573 3292 2627 genere,

1715 2639 1837 2693 veni
1863 2639 1991 2704 huc,
2026 2650 2084 2695 ut
2111 2656 2301 2697 exeam
2330 2659 2361 2697 a
2403 2644 2511 2698 lilia
2540 2646 2704 2714 regis.
2741 2645 2856 2700 Rex
2906 2656 3108 2712 autem,
3163 2664 3289 2702 cum

1714 2748 1744 2786 a
1783 2732 2030 2788 daemone
2076 2735 2341 2790 audiisset
2370 2737 2437 2790 de
2480 2735 2780 2799 Phoenicia,
2817 2738 2958 2791 misit
2987 2739 3293 2793 multitudi-

1715 2841 1838 2880 nem
1891 2827 2088 2899 linguae
2144 2829 2444 2897 peritorum
2498 2829 2783 2882 hominum
2817 2829 2882 2882 ad
2932 2830 3288 2899 quaerendum

1716 2916 2096 2988 Epiphanium.
2151 2918 2321 2973 Porro
2369 2928 2548 2973 autem
2604 2935 2727 2973 cum
2768 2921 3150 2989 quaesivissent
3193 2938 3292 2991 per

1720 3018 1888 3065 totam
1909 3009 2228 3066 Phtenicum
2261 3010 2561 3082 regionem,
2595 3027 2719 3065 eum
2766 3026 2873 3065 non
2929 3012 3288 3068 invenerunt:

1718 3100 1813 3156 sed
1845 3102 2045 3156 reversi
2073 3108 2199 3157 sunt
2223 3099 2291 3154 ad
2325 3117 2525 3172 regem,
2556 3118 2613 3155 re
2652 3102 2869 3157 infecta.
2889 3101 3142 3158 Nonnulli
3160 3120 3293 3160 vero

1716 3194 1878 3247 etiam
1915 3209 1981 3248 ex
2002 3194 2083 3248 eis
2131 3194 2272 3248 male
2303 3194 2448 3261 passi
2484 3204 2607 3248 sunt
2635 3211 2665 3248 a
2702 3194 2982 3261 Romanis,
3030 3205 3289 3267 tanquam

1717 3284 2103 3354 speculatores,
2124 3294 2191 3340 .et
2223 3284 2317 3356 qui
2358 3284 2551 3340 callide
2584 3287 2784 3341 vellent
2814 3287 3163 3343 considerare
3202 3298 3288 3343 to-

1718 3388 1824 3432 tam
1851 3379 2127 3449 regionem
2149 3376 2490 3434 thnicum.
2522 3379 2655 3433 Cum
2685 3389 2867 3434 autem
2898 3382 2963 3434 ad
2988 3397 3167 3453 regem
3196 3399 3289 3437 vc-

1718 3472 1928 3524 nissent
1960 3470 2031 3535 ii,
2073 3469 2165 3539 qui
2204 3469 2523 3538 effugerant,
2576 3472 3024 3527 renuntiaverunt
3081 3488 3140 3528 se
3177 3489 3288 3529 non

1716 3562 1988 3616 invenisse
2013 3560 2397 3630 Epiphanium.
2432 3560 2651 3615 Daamon
2684 3571 2864 3616 autem
2916 3579 3110 3634 magna
3158 3581 3289 3620 voce

1716 3652 1991 3716 clamavit,
2030 3653 2249 3720 dicensi:
2273 3651 2488 3705 Habitat
2514 3653 2567 3705 in
2594 3653 2735 3718 loco,
2764 3655 2853 3724 qui
2882 3654 3080 3709 dicitur
3107 3655 3287 3725 Span-

1714 3746 1963 3815 hydrion.
2002 3743 2213 3801 Rursus
2238 3762 2366 3818 ergo
2394 3764 2507 3813 rex,
2529 3749 2807 3803 accersitis
2841 3766 2944 3803 xxx
2972 3751 3125 3816 viris,
3148 3752 3288 3806 dixit

1716 3836 1795 3889 eis
1829 3854 1842 3888 :
1877 3833 2073 3889 Exuite
2093 3850 2192 3889 vos
2222 3836 2414 3889 vestitu
2440 3835 2677 3900 Persico,
2722 3847 2773 3890 et
2795 3837 3000 3893 induite
3031 3841 3285 3895 vestitum

1716 3925 2120 3980 Romanorum:
2151 3936 2204 3981 et
2231 3937 2424 3982 euntes
2460 3928 2513 3981 in
2565 3927 2924 3995 thniciam,
2952 3938 3005 3985 et
3035 3947 3286 4001 quaeren-

1715 4028 1796 4073 tes
1815 4018 2014 4085 locum,
2048 4018 2140 4088 qui
2166 4019 2363 4073 dicitur
2394 4018 2795 4091 Spanhytlrion,
2827 4022 3077 4078 adducite
3104 4024 3171 4078 ad
3199 4042 3287 4080 me

1718 4109 2103 4180 Epiphanium.
2138 4110 2402 4166 Abierunt
2430 4113 2522 4182 qui
2557 4114 2711 4169 missi
2771 4114 3012 4183 fuerant,
3057 4121 3286 4175 mutatis

1714 4201 1829 4256 suis
1860 4200 2130 4265 vestibus,
2156 4208 2212 4254 et
2242 4211 2509 4255 venerunt
2552 4202 2604 4255 in
2637 4200 3000 4261 Phaeniciam.
3035 4205 3287 4279 Cumque

15 4298 190 4370 δριον,
247 4298 489 4367 ἀγάγετέ
529 4317 619 4369 μοι
653 4300 965 4370 Ἐπιφάνιον
996 4300 1087 4354 τὸν
1112 4303 1370 4372 οἰκήτορα
1398 4302 1491 4356 τοῦ
1524 4304 1615 4357 τό·

1717 4293 1819 4364 ipsi
1852 4292 2080 4346 multum
2105 4292 2504 4361 quaesii/issent,
2542 4294 2846 4350 declaratus
2870 4296 2972 4351 fuit
3002 4298 3082 4353 eis
3108 4300 3281 4366 locus,

18 4406 143 4441 που.
172 4388 440 4459 Ἐξῆλθον
468 4388 526 4442 δέ
556 4392 605 4443 οἱ
646 4390 690 4443 λ’
722 4390 915 4463 ἄνδρες
964 4393 1014 4445 οἱ
1062 4393 1462 4464 ἀπεσταλμένοι
1508 4395 1613 4448 ὑπὸ

16 4478 112 4531 τοῦ
136 4479 435 4550 βασιλέως,
470 4480 802 4546 ἀλλάξαντες
835 4482 934 4547 τάς
988 4484 1197 4539 ἑαυτῶν
1253 4486 1464 4551 στολὰς,
1520 4489 1614 4546 καὶ

16 4572 396 4641 παρεγένοντο
413 4573 507 4625 ἐπὶ
526 4574 623 4645 τῆς
637 4575 907 4646 Φοινίκης,
932 4575 1027 4629 καὶ
1053 4576 1224 4630 πολλὰ
1238 4577 1612 4649 ἀναζητήσαν-

13 4680 127 4730 τες,
155 4664 529 4737 διερμηνεύθη
558 4667 742 4731 αὐτοῖς
781 4670 810 4720 6
838 4667 1023 4733 τόπος,
1082 4670 1172 4722 καὶ
1203 4670 1232 4722 6
1278 4671 1607 4741 Ἐπιφάνιος.

11 4756 186 4809 Αὐτοὶ
220 4756 281 4808 δὲ
313 4757 623 4828 ἐπέστησαν
654 4757 732 4829 τῷ
764 4758 915 4829 τόπῳ
948 4759 1142 4823 νυκτός
1162 4777 1175 4790 ·
1207 4755 1276 4831 ἦν
1306 4760 1363 4814 δέ
1390 4762 1613 4832 Ἐπιφά-

14 4866 126 4910 νιος
158 4847 269 4912 τὰς
299 4847 624 4919 νυκτερινὰς
649 4849 813 4919 εὐχὰς
853 4849 1194 4921 ἀναπέμπων
1222 4850 1301 4922 τῷ
1323 4852 1442 4923 Θεῷ
1464 4869 1479 4883 ·
1534 4854 1612 4919 ὡς

10 4932 67 4993 δὲ
94 4942 420 5011 ἐπέστησαν
446 4943 513 5011 τῇ
543 4939 683 5013 θύρᾳ
730 4939 826 4993 τοῦ
860 4941 1094 5005 κελλίου,
1127 4943 1222 4995 καὶ
1250 4943 1609 5015 διακρούσαν-

12 5051 126 5098 τες,
162 5035 491 5102 Ἐπιφάνιος
510 5033 621 5086 οὐδ’
651 5033 789 5097 ὅλως
819 5035 1057 5106 ἐπτοήθη
1086 5034 1163 5105 τῷ
1192 5034 1465 5108 λογισμῷ·
1494 5039 1620 5091 ἀλλ”

10 5126 179 5188 αὐτὸς
207 5125 274 5177 τὸ
305 5124 464 5195 ἔργον
496 5123 591 5177 τοῦ
619 5124 754 5177 Θεοῦ
803 5125 1066 5182 ἐπετέλει.
1118 5127 1281 5180 Αὐτοὶ
1334 5127 1390 5180 δὲ
1438 5128 1609 5200 θυμοῦ

10 5215 359 5287 πλησθέντες
376 5216 767 5270 ἐϐουλεύσαντο
780 5217 878 5289 τὴν
900 5216 1071 5288 θύραν
1089 5217 1349 5283 κατεάξαι
1371 5219 1464 5273 τοῦ
1485 5220 1610 5274 κελ-

6 5311 147 5363 λίου.
178 5304 286 5371 Εἷς
303 5309 363 5362 δέ
391 5327 475 5373 τις
510 5308 571 5374 ἐξ
587 5302 765 5363 αὐτῶν
791 5311 890 5381 τὴν
925 5310 1200 5383 μάχαιραν
1232 5311 1485 5377 ἑλκύσας,
1517 5316 1612 5368 καὶ

8 5405 88 5465 εἰς
116 5403 184 5455 τὸ
210 5401 470 5472 κατόχιον
493 5402 596 5472 τῆς
624 5401 791 5474 θύρας
816 5402 1023 5474 ταύτην
1040 5405 1377 5469 ἐπεκτείνας,
1399 5405 1611 5476 ἔμεινεν

6 5498 41 5565 ἡ
76 5496 211 5565 χεὶρ
250 5492 418 5547 αὐτοῦ
446 5494 724 5564 ἀκίνητος,
751 5495 843 5548 καὶ
875 5495 1191 5561 ἀσάλευτος,
1210 5499 1303 5550 καὶ
1324 5498 1608 5570 ἀκαμπὴς,

7 5587 103 5657 ὅλη
360 5587 467 5641 τῶν
503 5588 560 5641 δέ
600 5589 775 5643 ἀλλων
807 5590 1062 5645 ἁπάντων
1121 5591 1397 5661 ἐπιφόϐων
1442 5610 1600 5664 γενη-

1715 4396 1769 4441 et
1792 4386 2146 4455 Epiphanius.
2174 4386 2276 4453 Qui
2308 4395 2473 4441 noctu
2502 4386 2568 4441 ad
2598 4387 2775 4442 locum
2801 4404 3102 4447 accessere.
3156 4391 3284 4461 Epi-

1713 4480 1946 4550 phanius
2000 4490 2181 4534 autem
2234 4479 2518 4535 emittebat
2574 4479 2686 4534 Deo
2718 4490 3016 4536 nocturnas
3072 4498 3279 4550 preces.

1713 4573 1849 4626 Cum
1876 4570 2153 4625 venissent
2179 4585 2309 4624 vero
2342 4570 2407 4624 ad
2435 4571 2634 4625 ostium
2671 4572 2839 4635 cellze,
2868 4581 2920 4625 et
2948 4572 3281 4641 pulsassent,

1713 4664 1849 4718 nihil
1873 4664 2055 4716 animo
2101 4662 2454 4731 perturbatus
2506 4660 2613 4716 fuit
2642 4660 3010 4732 Epiphanius;
3043 4666 3136 4720 sed
3169 4666 3283 4735 ipse

1712 4755 1806 4811 Dei
1838 4770 1975 4825 opus
2007 4754 2317 4825 peragebat.
2350 4754 2455 4824 Ipsi
2485 4763 2664 4808 autem
2690 4754 2744 4807 in
2768 4756 2951 4809 animo
2978 4756 3283 4812 habuerunt

1711 4852 1961 4923 frangere
2002 4850 2224 4905 ostium.
2250 4848 2386 4904 Cum
2417 4863 2547 4903 vero
2574 4864 2714 4913 unus
2758 4864 2824 4904 ex
2874 4851 3006 4919 ipsis
3030 4852 3283 4907 strinxis-

1711 4954 1794 5000 set
1822 4959 2031 5009 ensem,
2064 4952 2118 4997 et
2139 4943 2194 4996 in
2219 4956 2395 4997 seram
2450 4941 2574 4995 ostii
2600 4956 2726 4995 eum
2763 4941 3099 5008 intentasset,
3128 4960 3282 4997 man-

1710 5041 1782 5095 sit
1804 5054 1998 5093 manus
2028 5036 2147 5106 ejus
2167 5032 2482 5097 immobilis,
2505 5041 2559 5087 et
2593 5040 2701 5087 tota
2729 5033 2901 5087 arida.
2930 5033 3066 5088 Aliis
3099 5044 3280 5089 autem

1711 5140 1856 5186 metu
1886 5128 2187 5199 perterritis
2207 5167 2222 5191 ,
2269 5142 2364 5195 per
2415 5126 2633 5197 aliquod
2661 5124 3003 5180 intervallum
3039 5140 3282 5180 recesse-

1712 5231 1842 5279 runt
1888 5238 1916 5275 a
1953 5220 2106 5276 cella.
2142 5221 2211 5272 At
2257 5217 2596 5287 Epiphanius
2648 5232 2772 5271 cum
2812 5216 3073 5286 spiritalis
3099 5216 3280 5273 cultus

1710 5329 1926 5370 omnem
1951 5311 2250 5382 peregisset
2281 5308 2754 5379 consequentiam,
2812 5308 3026 5377 aperuit
3077 5308 3278 5362 ostium

1711 5408 1879 5463 cellae.
1903 5403 2039 5459 Cum
2079 5413 2258 5458 autem
2282 5417 2406 5456 eum
2431 5402 2751 5464 vidisseLis,
2780 5401 2869 5454 cui
2892 5415 3087 5454 manus
3118 5415 3280 5454 arue-

1709 5510 1817 5566 rat,
1850 5498 2001 5553 humi
2030 5497 2222 5553 cecidit
2267 5497 2322 5550 in
2361 5496 2578 5559 faciem,
2610 5495 2795 5549 dicens
2822 5512 2835 5547 :
2871 5492 3125 5548 Miserere
3148 5492 3275 5561 mei,

1711 5608 1867 5652 serve
1892 5590 1987 5648 Dei
2013 5590 2356 5648 immortalis.
2388 5588 2525 5646 Dicit
2549 5586 2883 5659 Epiphanius
2909 5604 2924 5641 :
2957 5583 3099 5658 Quid
3125 5597 3276 5655 quae-
