3800 6180
535 167 605 222 '59
1787 151 1843 206 S.
1884 149 2223 206 EPIPHANII
2241 148 2438 203 ⁸ἚΊΤᾹ.
3690 141 3730 197 $0

541 282 618 336 ris
657 278 722 333 ab
783 275 1002 330 homine
1039 269 1369 341 peccatore?
1421 268 1472 324 ls
1518 283 1649 323 vero
1676 267 1848 322 dixit:
1915 269 2096 323 Sanus

2208 268 2418 330 θέντων,
2450 262 2752 334 ἀνεχώρουν
2775 261 2880 316 ἀπὸ
2909 260 3273 330 διαστήματος
3292 256 3385 312 τοῦ
3414 256 3734 312 uehiculo-3

539 371 662 426 veni
696 371 747 424 in
777 369 921 422 hunc
953 367 1152 428 locum,
1206 373 1261 417 et
1295 376 1421 417 ecce
1455 375 1651 415 manus
1697 375 1816 414 mea
1862 361 2095 414 exaruit.

541 457 876 532 Epiphanius
902 464 1091 517 autem.
1115 453 1252 508 dixit
1278 468 1291 502 :
1331 449 1510 505 Sanus
1539 448 1756 513 venisti,
1789 465 1954 505 sanus
1979 449 2098 504 (ias.

541 549 787 618 Cumque
825 548 940 616 ipse
989 561 1209 601 manum
1243 545 1363 614 ejus
1415 545 1694 615 tetigisset,
1742 545 1989 599 restituta
2019 553 2103 597 est

539 649 601 695 ut
637 641 761 694 alia.
794 638 1085 708 Postquam
1131 646 1308 692 autem
1337 637 1590 691 viderunt
1643 652 1833 692 omnes
1863 636 2100 707 signum,

540 731 685 801 quod
721 730 922 785 factum
958 729 1155 792 fuerat,
1189 728 1414 783 veniunt
1444 744 1657 792 omnes,
1683 736 1737 783 et
1763 728 2103 796 procideutes

541 824 610 878 ad
647 823 812 892 pedes
841 820 1145 892 Epiphanii,
1181 819 1419 875 confessi
1453 831 1582 874 sunt
1607 834 1854 883 causam,
1887 827 2104 887 propter

540 927 705 982 quam
736 911 802 965 ad
848 927 973 965 eum
1007 919 1288 965 venerant.
1348 909 1398 965 ls
1429 924 1579 974 vero,
1625 910 1694 963 iis
1740 909 1958 972 auditis,
1985 923 2106 976 quae

541 1004 798 1058 dixerunt
837 1003 1103 1065 homines,
1142 1003 1393 1072 cognovit
1445 1003 1590 1072 quod
1644 1002 1886 1072 spiritus,
1943 1018 2103 1071 quem

541 1096 657 1165 ipse
685 1097 918 1166 eiecerat
940 1112 1004 1150 ex
1035 1094 1399 1160 adolescente,
1427 1110 1492 1148 eo
1514 1094 1814 1164 profectus,
1840 1094 2107 1159 ailligebat

541 1189 796 1257 puellam.
827 1186 972 1241 Dixit
999 1196 1176 1258 autem
1201 1186 1330 1240 mihi
1371 1185 1707 1255 Epiphanius
1736 1201 1749 1236 :
1789 1184 1980 1254 Surge,
2007 1185 2103 1250 fili,

541 1293 838 1348 sequamur
861 1280 957 1333 hos
983 1278 1251 1332 homines.
1281 1277 1382 1343 Qui
1415 1277 1464 1331 ei
1489 1276 1744 1331 dixerunt
1778 1293 1792 1328 :
1837 1277 1985 1330 Missi
2015 1292 2107 1330 su-

543 1383 687 1429 mus,
713 1383 745 1420 o
773 1366 951 1432 Pater,
977 1383 1007 1420 a
1033 1382 1155 1435 rege
1173 1366 1239 1420 ad
1271 1376 1320 1419 te
1345 1366 1518 1420 solum
1547 1382 1559 1418 :
1583 1368 1714 1436 quin
1743 1353 1906 1421 etiam
1922 1381 2108 1435 super-

542 1473 772 1511 vacuum
801 1458 1003 1510 animal
1033 1457 1378 1521 adducimus,
1401 1467 1458 1511 ut
1477 1457 1526 1511 ei
1551 1457 1809 1512 insideas.
1829 1456 1906 1512 Eo
1927 1465 2102 1511 autem

540 1549 754 1603 dicente
785 1564 799 1600 :
834 1548 1065 1604 Pedibus
1086 1550 1333 1603 celeriter
1353 1565 1515 1604 curro
1539 1566 1552 1602 :
1581 1565 1768 1605 verum
1810 1550 1898 1604 hic
1927 1565 2102 1604 meum

2200 359 2254 412 δὲ
2286 356 2600 426 Ἐπιφανίου
2653 356 2867 409 άπασαν
2897 351 3216 406 ἀκολουθίαν
3265 351 3364 420 τῆς
3398 349 3735 420 πνευματικῆς

2199 448 2448 520 λατρείας
2471 446 2852 507 ὲκτελέσαντος
2875 485 2889 507 ,
2936 441 3148 513 ἥνοιξεν
3172 440 3271 511 τὴν
3306 439 3474 511 θύραν
3509 441 3614 511 τῆς
3645 442 3735 492 κέλ-

2200 542 2318 610 λης.
2347 537 2494 592 Ἰδὼν
2531 539 2588 591 δὲ
2615 537 2774 590 αὐτὸν
2802 538 2831 589 ό
2871 535 2969 605 τὴν
2996 537 3153 605 χεῖρα
3198 534 3338 602 ἔχων
3391 533 3735 605 ξηρανθεῖσαι»,

2202 633 2395 685 ἔπεσα
2441 631 2533 684 ἐπὶ
2558 629 2845 701 πρόσωπον
2871 628 2963 679 ἐπὶ
2991 624 3088 696 τὴν
3111 627 3234 696 γῆν,
3271 625 3441 693 λέγων
3459 641 3474 656 ⁸
3523 625 3738 694 Ἐλέησόν

2206 740 2294 793 με,
2329 721 2504 794 μύστα
2533 719 2839 790 θεραπευτά
2870 718 2976 771 τῶν
3002 717 3303 771 ἀθανάτων.
3347 717 3407 770 Ὀ
3437 716 3496 770 δὲ
3537 716 3738 785 Ἐπιφά·

2203 816 2315 878 νιός
2341 831 2506 886 φησιν
2529 829 2547 846 ο
2577 813 2642 864 Τί
2681 812 2849 873 αἰτεῖς
2881 807 3034 880 παρὰ
3066 808 3355 879 ἀνθρώπου
3405 807 3737 878 apemtum};

2217 904 2274 957 Ὀ
2310 903 2367 956 δὲ
2399 899 2569 955 εἶπενο
2615 899 2806 971 Ὑγιὴς
2831 894 2994 968 ἦλθον
3023 897 3103 960 είς
3129 897 3218 949 τὸν
3264 896 3426 950 τόπον
3450 895 3660 958 τοῦτον,
3679 900 3739 950 ul

2208 997 2317 1050 ἰδοὺ
2365 992 2635 1064 ἐξηράνθη
2673 995 2705 1063 ἡ
2739 992 2861 1064 χείρ
2894 1008 3018 1062 μου.
3061 991 3118 1044 '0
3143 989 3199 1043 δὲ
3247 987 3567 1057 Ἐπιφάνιος
3593 982 3736 1040 εἶπεν·

2216 1087 2404 1158 ’Υγιὴς
2453 1081 2636 1156 ἦλθες,
2670 1085 2829 1154 ὐγιὴς
2856 1082 3012 1152 γενοῦ
3037 1098 3052 1114 ·
3115 1080 3207 1134 καλ⁵
3257 1076 3532 1150 ἁψάμενος
3588 1079 3738 1141 αὐτοῦ,

2205 1176 2617 1246 ἀπεκατεστάθη
2644 1179 2677 1247 ή
2697 1177 2820 1246 χεὶρ
2846 1173 3031 1238 αὐτοῦ,
3066 1173 3142 1237 ὼς
3159 1175 3192 1243 ἡ
3227 1170 3383 1241 άλλη.
3423 1171 3510 1234 Ὡς
3546 1166 3644 1224 οὖν
3669 1170 3741 1222 iam

2203 1273 2252 1324 oi
2280 1269 2428 1323 ἄλλοι
2452 1269 2652 1331 πάντες
2677 1268 2740 1320 τὸ
2759 1265 2980 1335 γεγονὸς
3005 1267 3248 1336 σημεῖον,
3275 1263 3524 1334 ἔρχονται
3557 1262 3740 1323 πάντες,

2203 1364 2298 1416 καὶ
2320 1359 2718 1434 προσπεσόντες
2744 1357 3068 1428 Ἐπιφανίῳ,
3103 1355 3412 1427 ὡμολόγουν
3441 1354 3543 1426 τὴν
3577 1354 3742 1413 αἰτίαν.

2203 1452 2276 1505 δι’
2305 1451 2371 1522 ἣν
2400 1450 2653 1521 πάρεισιν
2685 1448 2821 1518 πρὸς
2849 1448 3031 1502 αὐτόν.
3063 1446 3169 1499 Τοῦ
3197 1446 3256 1498 δὲ
3291 1443 3628 1505 ἀκούσαντος
3652 1445 3743 1505 τοὺς

2205 1544 2394 1612 λόγους
2427 1543 2533 1596 τῶν
2562 1539 2882 1612 ἀνθρώπιον,
2917 1538 3077 1607 ἔγνω,
3106 1539 3187 1592 ὅτι
3216 1537 3276 1590 τὺ
3298 1534 3533 1605 πνεῦμα
3570 1533 3634 1586 τὸ
3659 1533 3743 1586 διω-

542 1653 647 1691 ιιοιι
672 1639 972 1708 relinquam
998 1640 1349 1709 discipulum.
1368 1641 1472 1709 ipsi
1496 1655 1688 1694 rursus
1708 1640 1963 1695 dixerunt
1983 1654 2106 1693 cum

2208 1637 2332 1708 χθὲν
2366 1634 2456 1687 ὑπ’
2495 1631 2662 1686 αὐτοῦ
2701 1631 2808 1684 ἀπὸ
2833 1630 2928 1683 τοῦ
2953 1629 3236 1683 νεανίσκου
3260 1667 3276 1692 ,
3318 1625 3478 1679 τοῦτο
3513 1625 3745 1696 πορευθὲν

508 1739 510 1742 '
542 1745 738 1800 magno
770 1740 916 1784 metu
948 1744 961 1779 :
992 1730 1204 1784 Adsunt
1235 1747 1333 1800 pro
1371 1731 1618 1801 utrisque
1640 1733 1836 1787 cameli
1862 1749 1876 1797 ;
1900 1732 2108 1788 solum-

544 1821 706 1874 modo
728 1821 974 1876 lubenter
1006 1837 1251 1891 sequere.
1282 1821 1514 1888 Quidam
1543 1832 1723 1877 autem
1751 1824 1960 1893 lepidus
1987 1824 2110 1880 ado-

545 1913 754 1967 lescens
782 1913 834 1967 in
862 1913 1054 1968 faciem
1079 1915 1294 1978 cecidit,
1316 1925 1368 1968 et
1393 1914 1658 1978 adoravit,
1690 1916 1875 1971 dicens
1906 1933 1918 1969 :
1953 1914 2110 1987 Igno-

545 2019 635 2057 sce
665 2005 818 2065 mihi,
859 2003 1039 2058 Pater.
1070 2003 1136 2058 Et
1165 2004 1500 2073 Epiphanius
1530 2005 1577 2058 ei
1607 2003 1817 2072 placido
1845 2005 1994 2061 vultu
2029 2004 2109 2059 di-

545 2095 624 2148 xit
659 2111 672 2145 :
707 2093 899 2164 Surge,
922 2094 1062 2150 Deus
1093 2105 1144 2150 te
1168 2095 1472 2160 benedicat,
1498 2095 1763 2150 ﬁli.Tuuc
1791 2096 2107 2152 adolescens

546 2200 740 2254 magna
778 2185 1001 2240 allectus
1033 2185 1199 2239 animi
1234 2186 1648 2255 tranquillitate,
1685 2187 1899 2241 duabus
1928 2188 2107 2241 mani-

545 2273 650 2327 bus
684 2273 956 2343 accipiens
984 2273 1348 2343 Epiphanium
1378 2276 1636 2346 imposuit
1679 2277 2105 2333 dromoeamelo.

544 2365 627 2418 Ad
651 2381 738 2419 me
766 2376 944 2419 autem
973 2367 1219 2431 veniens,
1244 2366 1379 2420 mihi
1402 2382 1620 2437 quoque
1658 2367 1787 2423 fecit
1811 2369 2061 2424 similiter
2091 2387 2104 2423 :

546 2446 775 2525 ipseque]
794 2457 1032 2510 anteibat
1065 2457 1274 2526 primus
1303 2458 1759 2516 dromocamelos.

2203 1727 2410 1782 έθλιδεν
2457 1727 2556 1798 τὴν
2614 1725 2798 1778 παῖδα.
2862 1719 3030 1776 Εἶπεν
3067 1720 3124 1774 δὲ
3145 1714 3464 1787 Ἐπιφάνιος
3493 1716 3637 1788 πρὸς
3669 1716 3744 1786 μέ·

2217 1819 2469 1883 Ἀνάστα,
2500 1816 2710 1877 τέκνον,
2745 1811 3192 1884 ἀκολουθήσωμεν
3218 1812 3331 1873 τοῖς
3355 1807 3680 1879 ἀνθρώποις.
3705 1808 3746 1857 Ui

2203 1910 2259 1963 δὲ
2289 1908 2424 1980 πρὸς
2457 1907 2619 1962 αὐτόν
2642 1921 2656 1934 ·
2686 1906 2799 1958 οὐκ
2823 1903 3224 1975 ἀπεστάλημεν,
3256 1902 3443 1973 φησὶν,
3488 1897 3690 1967 Πάτερ,
3717 1901 3747 1948 εἰ

2210 2002 2284 2072 μὴ
2309 2000 2444 2074 πρὸς
2478 1999 2538 2052 σὲ
2573 1997 2676 2051 ὑπὸ
2713 1994 2807 2050 τοῦ
2838 1992 3117 2066 βασιλέως,
3149 1987 3194 2061 ᾧ
3223 1993 3319 2046 καὶ
3345 1991 3482 2056 ζῶον
3521 1987 3749 2058 meum»

2213 2093 2561 2163 ἐπιφέρομεν,
2590 2091 2738 2151 ὅπως
2766 2087 3054 2158 καθεσθῇς.
3075 2085 3181 2139 Τοῦ
3209 2085 3267 2138 δὲ
3296 2085 3549 2153 λέγοντος
3571 2098 3587 2111 ·
3624 2081 3750 2133 Ποσὶν

2212 2185 2376 2251 ὀξέως
2413 2182 2611 2254 τρέχω,
2645 2180 2803 2251 μόνον
2833 2180 2925 2233 τὸν
2948 2178 3078 2250 ἐμὸν
3101 2176 3351 2249 μαθητὴν
3387 2177 3489 2230 οὐκ
3523 2174 3596 2228 ἂν
3645 2175 3751 2226 ἐάσω

2213 2271 2336 2332 ὧδε.
2390 2276 2551 2328 Αὐτοὶ
2607 2271 2770 2326 πάλιν
2841 2271 3022 2339 ἔλεγον
3077 2270 3216 2341 μετὰ
3287 2268 3454 2338 φόϐου
3506 2266 3750 2338 μεγάλων

2218 2369 2469 2420 Ἀπεισιν
2521 2366 2576 2418 αἱ
2629 2363 2862 2434 κάμηλοι
2921 2363 3029 2416 ἀπὸ
3055 2361 3164 2415 τῶν
3214 2360 3588 2432 ἀμφοτέρωνο
3632 2359 3753 2427 μόνον

2215 2460 2457 2532 εὐμενῶς
2495 2458 2860 2529 ἀκολούθησον
2890 2460 2999 2522 σοῖς
3027 2454 3251 2518 δούλοις.
3287 2448 3382 2516 Εἷς
3420 2453 3476 2505 δέ
3497 2468 3590 2514 τις
3619 2451 3753 2502 νεανί-

507 2565 512 2570 '
546 2562 675 2609 σκος
698 2546 904 2620 χαρίεις
932 2548 1122 2600 ἔπεσεν
1159 2549 1248 2600 ἐπὶ
1303 2549 1608 2621 πρόσωπον,
1643 2552 1737 2604 καὶ
1797 2551 2199 2622 προσεκύνησεν
2258 2551 2426 2622 αὐτῷ,
2456 2550 2658 2618 λέγων’
2687 2547 3045 2620 Συγχώρησόν
3095 2562 3205 2616 μοι,
3249 2545 3452 2616 Πάτερ.
3475 2543 3619 2596 Τότε
3638 2544 3752 2596 Ἐπι-

547 2638 733 2708 φάνιος
758 2639 976 2706 εὐμενεῖ
999 2639 1074 2709 τῷ
1120 2639 1393 2711 προσώπῳ
1457 2638 1606 2695 εἶπεν
1634 2644 1769 2715 πρὸς
1817 2645 1977 2696 αὐτόν
1998 2660 2011 2674 ⁸
2058 2644 2309 2707 Ἀνάστα,
2337 2646 2366 2696 ὁ
2423 2642 2553 2705 Θεὸς
2594 2641 2874 2712 εὐλογήσει
2926 2657 3005 2703 σε,
3032 2639 3239 2692 τέκνον.
3287 2637 3421 2690 Τότε
3447 2637 3474 2688 ὁ
3505 2637 3756 2696 νεανίσκος

546 2733 601 2782 ἐν
637 2731 800 2801 πολλῇ
857 2733 1206 2797 καταστάσει,
1257 2738 1375 2797 ταῖς
1428 2735 1546 2788 δυσὶ
1594 2737 1869 2807 παλάμαις
1910 2737 2073 2791 αὐτοῦ
2129 2738 2422 2809 λαϐόμενος
2450 2737 2789 2806 Ἐπιφανίου,
2847 2735 3114 2806 ἐπέθηκεν
3170 2733 3331 2788 αὐτὸν
3363 2733 3457 2786 ἐπὶ
3521 2733 3756 2804 δρομικῆς

544 2829 807 2899 καμήλου.
852 2828 1052 2883 Ἐλθὼν
1077 2830 1132 2882 δὲ
1168 2831 1300 2899 πρὸς
1333 2831 1419 2900 μὲ,
1454 2831 1706 2901 ἐποίησεν
1744 2831 1943 2901 ὁμοίως
1967 2845 1985 2862 ⁸

2038 2835 2131 2886 καὶ
2169 2830 2326 2894 αὐτὸς
2353 2829 2595 2894 ἐϐάδιζεν
2628 2830 2843 2902 πρῶτος
2875 2830 2983 2881 τῶν
3019 2826 3468 2898 δρομοκαμήλων.

620 2922 757 2977 XIV.
789 2922 923 2976 Cum
980 2938 1110 2976 vero
1144 2922 1571 2978 eonl'ecissemus
1610 2925 1829 2996 triginta
1875 2927 2106 2995 quinque

2285 2922 2378 2978 IA'.
2425 2923 2788 2977 Ὀδευσάντων
2835 2920 2892 2973 δὲ
2920 2919 3074 2991 ἡμῶν
3110 2919 3276 2990 μονάς
3333 2918 3428 2980 λε’,
3468 2917 3759 2987 ἐφθάσαμεν

546 3015 878 3077 mansiones,
910 3014 1258 3082 pervenimus
1291 3014 1354 3067 ad
1390 3015 1618 3084 regiam,
1651 3025 1704 3071 et
1734 3017 2036 3072 mansimus
2059 3017 2112 3070 in

547 3107 689 3170 loco,
725 3106 816 3175 qui
846 3105 1046 3160 dicitur
1069 3104 1258 3160 Urion.
1283 3105 1418 3161 Tres
1449 3117 1628 3162 autem
1659 3123 1723 3162 ex
1752 3109 1832 3162 eis
1861 3109 2111 3179 ingressi,

548 3198 661 3268 regi
703 3197 1104 3251 renuntiarunt.
1133 3181 1378 3268 Cumque
1411 3215 1504 3252 rex
1551 3198 1810 3268 iussisset
1865 3198 1933 3252 ad
1988 3214 2112 3252 eum

548 3289 756 3358 ingredi
791 3289 1176 3357 Epiphanium,
1200 3291 1422 3358 perinde
1449 3290 1550 3344 fuit
1575 3290 1866 3359 tranquillo
1886 3299 1940 3345 et
1965 3306 2114 3344 emn-

548 3381 726 3451 posito
759 3381 961 3442 animo,
995 3393 1155 3449 atque
1192 3383 1235 3437 si
1269 3398 1449 3452 regem
1486 3398 1593 3437 non
1621 3391 1767 3438 esset
1815 3392 2112 3438 conventu-

552 3490 664 3528 rus.
698 3472 852 3527 Tunc
872 3489 958 3527 me
981 3489 1105 3527 eum
1124 3485 1440 3543 sequentem
1475 3475 1672 3530 invasit
1695 3489 1923 3544 magnUS
1952 3476 2114 3528 timor

548 3574 602 3616 et
638 3574 860 3616 tremor.
921 3561 1057 3616 Nam
1125 3579 1248 3618 eum
1300 3565 1558 3619 vidissem
1617 3565 1843 3618 multam
1897 3565 2111 3619 turbam

549 3659 839 3716 astantem,
873 3652 924 3706 iu
958 3653 1138 3707 varias
1171 3663 1351 3723 partes
1376 3654 1656 3709 versabam
1685 3655 1947 3708 animum.
1974 3653 2110 3708 Cum

549 3753 731 3796 autem
759 3744 866 3813 regi
889 3745 1379 3814 appropinquasset
1413 3743 1771 3814 Epiphanius,
1803 3761 1896 3799 rex
1926 3746 2111 3800 statim

550 3836 786 3890 surrexit
815 3851 844 3889 a
875 3837 1019 3890 sede.
1055 3835 1182 3906 Regi
1211 3851 1336 3890 vero
1369 3837 1504 3890 dixit
1539 3836 1876 3908 Epiphanius
1904 3854 1916 3891 :
1956 3836 2110 3902 Sede,

551 3928 648 3992 ﬁli,
690 3943 853 3997 super
892 3927 1168 3990 thronum,
1206 3943 1304 3982 nec
1343 3937 1559 3998 propter
1587 3937 1738 3982 tuum
1771 3930 1973 3984 luctum
2015 3930 2115 3984 du-

549 4019 686 4073 bites
708 4021 912 4073 animo.
943 4018 1125 4072 Habeo
1147 4019 1289 4073 enim
1325 4018 1515 4083 Deum,
1544 4021 1635 4089 qui
1661 4018 1799 4074 {erat
1829 4021 2111 4083 auxilium,

547 4120 602 4166 et
635 4113 932 4166 daemonem
972 4112 1154 4180 pellat.
1203 4110 1392 4166 Solum
1441 4113 1599 4167 crede
1632 4111 1744 4166 Deo
1796 4113 2029 4180 benigno
2061 4123 2115 4167 et

2213 3017 2311 3087 τὴν
2351 3014 2614 3084 βασιλίδα,
2643 3013 2936 3084 ἐμείναμεν
2964 3011 3032 3064 δὲ’
3057 3012 3114 3063 ὲν
3134 3009 3283 3080 τόπῳ
3325 3009 3654 3080 καλουμένῳ
3687 3012 3760 3061 0}-

2217 3107 2336 3178 ρίῳ.
2367 3107 2529 3176 Τρεῖς
2553 3105 2610 3158 δὲ
2639 3106 2733 3158 ἀπ’
2763 3103 2942 3158 αὐτῶν
2975 3101 3309 3164 εἰσελθόντες
3349 3103 3684 3174 ἀνήγγειλάν
3707 3103 3760 3169 τῷ

2215 3198 2438 3267 βασιλεῖ.
2471 3199 2580 3251 Καὶ
2615 3196 2679 3268 δὴ
2712 3196 3068 3259 κελεύσαντος
3093 3195 3186 3249 τοῦ
3240 3195 3505 3266 βασιλέως
3552 3197 3764 3267 εἰσέρχε-

2216 3289 2338 3342 σθαι
2366 3289 2502 3359 πρὸς
2551 3289 2711 3342 αὐτὸν
2769 3287 2864 3343 τὸν
2895 3288 3230 3356 Ἐπιφάνιον,
3288 3288 3460 3358 είσῂει
3519 3289 3582 3340 ὲν
3624 3289 3762 3355 πολὶῇ

2215 3381 2564 3442 καταστάσει,
2582 3380 2656 3443 ὡς
2683 3379 2757 3450 μὴ
2787 3381 3064 3450 συντυχεῖν
3085 3378 3220 3447 ἔχων
3248 3380 3328 3432 ἑνὶ
3354 3379 3465 3432 τῶν
3500 3379 3766 3449 βασιλέων.

2214 3473 2346 3526 Τότε
2372 3473 2434 3543 δὴ
2461 3471 2572 3540 ἐγὼ
2597 3472 2770 3526 ὀπίσω
2791 3471 2963 3544 τούτῳ
2993 3473 3209 3544 βαίνων,
3237 3471 3400 3542 φόϐος
3442 3475 3548 3526 καὶ
3592 3475 3768 3546 τρόμος

2213 3563 2406 3616 ἔπεσεν
2427 3564 2512 3616 ἐπ’
2538 3563 2658 3633 ὲμέ.
2707 3561 2852 3616 Ἰδὼν
2882 3563 2992 3634 γάρ
3023 3563 3210 3634 ὄχλους
3232 3563 3618 3635 περιεστῶτας
3651 3564 3770 3631 αὐτῷ

2215 3655 2459 3719 πολλοὺς,
2493 3655 2787 3726 ἐδονούμην
2809 3655 2887 3726 τῷ
2913 3655 3157 3726 λογισμῷ
3177 3673 3298 3726 μου.
3323 3656 3429 3709 Τοῦ
3461 3657 3523 3710 δὲ
3558 3657 3770 3724 Tim;-

2212 3747 2324 3800 νίου
2359 3747 2674 3816 ἐγγίσαντος
2703 3748 2837 3817 πρὸς
2867 3747 2958 3801 τὸν
2989 3742 3210 3818 βασιλέα
3231 3787 3245 3812 ,
3274 3747 3477 3811 εὐθέως
3529 3749 3770 3816 ἐξανέστη

2212 3843 2240 3894 ό
2263 3839 2511 3909 βασιλεὺς
2532 3839 2638 3892 ἀπὸ
2663 3839 2756 3892 τοῦ
2789 3840 2996 3911 θρόνου.
3023 3834 3193 3895 Εἶπεν
3219 3840 3275 3893 δὲ
3307 3840 3642 3909 Ἐπιφάνιος
3661 3842 3770 3909 πρὸς

2211 3932 2304 3986 τὸν
2334 3932 2558 4001 βασιλέα
2582 3947 2596 3962 ·
2639 3931 2897 3996 Κάθισον,
2950 3931 3159 3995 τέκνον,
3216 3931 3307 3984 ἐπὶ
3344 3931 3423 4000 σῷ
3459 3931 3671 4002 θρόνῳ,
3719 3931 3770 4000 μὴ

2212 4025 2425 4090 δίσταζε
2458 4027 2550 4078 ἐπὶ
2576 4024 2654 4096 τῷ
2679 4024 2754 4096 σῷ
2790 4024 2972 4077 πένθει
2993 4041 3005 4056 ⁸
3047 4024 3153 4095 ἕχω
3178 4023 3286 4095 γάρ
3337 4023 3474 4076 Θεὸν
3515 4025 3618 4077 τὸν
3670 4023 3770 4092 βίης⁴

2215 4115 2429 4177 θοῦντα,
2455 4116 2737 4186 ἐλατήριον
2767 4114 2861 4169 τοῦ
2896 4114 3164 4168 διαϐόλου.
3196 4115 3370 4169 Μόνον
3429 4114 3674 4168 πίστευε

548 4206 821 4271 elementi,
855 4203 931 4276 [et
967 4171 1174 4259 videbis
1205 4204 1312 4259 cito
1343 4203 1434 4258 Dei
1469 4204 1744 4277 gratiam].
1784 4203 1859 4258 Ne
1895 4171 2106 4261 aberres

2215 4171 2706 4276 φιλανθρώπῳ
2738 4205 2954 4275 ἀστόχει
2979 4204 3087 4256 τῶν
3119 4203 3464 4274 λαλουμένων
3491 4245 3507 4267 ,
3547 4207 3656 4258 καὶ

548 4314 578 4351 a
615 4311 780 4366 scopo
833 4311 1019 4348 eorum
1049 4335 1065 4359 ,
1121 4311 1243 4365 qua:
1298 4297 1578 4363 dicuntur,
1613 4307 1667 4353 et
1701 4298 1908 4354 videbis
1948 4299 2106 4354 ﬁliam

2218 4296 2316 4366 τὴν
2350 4296 2511 4349 παῖδα
2542 4295 2689 4366 ὐγιῆ.
2736 4297 2794 4349 '0
2825 4296 2933 4366 γὰρ
2980 4296 3234 4359 κάκιστος
3285 4295 3500 4366 δαίμων
3547 4296 3770 4367 διωχθεὶς

547 4401 699 4443 tuam
728 4403 916 4442 sanam
949 4388 1001 4440 in
1030 4389 1228 4444 medio.
1279 4387 1558 4445 l’essimus
1586 4391 1729 4445 enim
1760 4392 1968 4447 daemon
2025 4392 2113 4446 ium

548 4490 707 4551 gatus
740 4495 768 4532 a
796 4480 915 4535 loco
937 4495 1061 4541 suo,
1096 4479 1244 4533 venit
1273 4479 1338 4534 ad
1368 4480 1559 4534 ﬁliam.
1618 4480 1674 4535 Si
1713 4481 1823 4537 Deo
1852 4484 2114 4539 οι·υοὶῐίιο

495 4578 499 4582 ’
548 4569 884 4634 credideris,
945 4569 1152 4640 iugabit
1205 4586 1331 4625 eum
1379 4586 1408 4625 a
1460 4582 1552 4626 tua
1584 4573 1713 4626 lilia.
1752 4573 2112 4645 [Illuminare,

550 4661 647 4724 ﬁli,
678 4661 860 4724 corde,
881 4669 934 4714 et
966 4660 1176 4715 videbis
1210 4676 1335 4713 eum
1363 4660 1696 4733 expulsum].
1731 4661 1846 4716 Duc
1875 4678 1995 4717 eam
2046 4665 2114 4717 ad

550 4765 651 4804 nos
687 4751 740 4804 in
773 4752 1031 4814 medium,
1073 4761 1129 4806 et
1163 4751 1369 4807 videbis
1402 4752 1628 4820 gratiam
1657 4753 1874 4823 benigni
1919 4764 1971 4808 et
2001 4754 2114 4808 ele-

552 4839 748 4893 mentis
779 4838 891 4892 Dei.
926 4839 1060 4893 Cum
1095 4850 1273 4893 autem
1315 4840 1371 4893 in
1405 4840 1640 4893 medium
1689 4840 1928 4894 venisset
1975 4840 2115 4908 regis

553 4931 683 4992 ﬁlia,
717 4931 851 4983 dixit
873 4927 1207 4999 Epiphanius
1244 4931 1423 4986 ﬁliola:
1453 4951 1465 4986 :
1499 4931 1629 4986 Esto
1655 4932 1872 5000 sapiens
1910 4947 1973 4984 ac
1998 4945 2116 4984 mo—

551 5023 723 5086 desta,
751 5031 803 5075 et
831 5023 1055 5075 adorato
1085 5033 1234 5076 tuum
1255 5034 1482 5092 patrem.
1513 5024 1698 5094 Lupus
1727 5023 1870 5078 enim
1896 5023 1972 5078 tui
2005 5039 2112 5077 non

551 5114 920 5167 dominabitur
953 5114 1204 5183 amplius.
1258 5114 1384 5171 llzec
1411 5130 1536 5172 cum
1589 5116 1820 5171 dixisset
1877 5114 2114 5184 Epipha-

552 5206 697 5267 nius,
729 5216 781 5258 et
811 5220 931 5258 eam
964 5215 1043 5259 ter
1087 5206 1376 5274 signasset,
1410 5208 1547 5262 dixit
1592 5207 1829 5274 spiritui,
1865 5207 1958 5276 qui
1992 5221 2110 5260 eam

551 5298 819 5364 allltgclmt
853 5314 865 5348 :
909 5296 1211 5352 Cucurristi
1257 5299 1398 5353 male
1435 5300 1501 5352 ad
1545 5298 1712 5353 ﬁliam
1761 5299 1950 5369 regis:
1984 5297 2112 5367 fuge

551 5389 620 5439 ab
647 5405 709 5441 ca
745 5389 797 5442 in
823 5390 960 5453 loca,
990 5390 1056 5443 ad
1080 5406 1201 5459 quas
1230 5406 1337 5444 non
1377 5401 1524 5460 patet
1561 5392 1757 5446 aditus.
1818 5391 1884 5444 Et
1931 5392 2114 5444 statim

555 5481 623 5532 ab
661 5493 722 5533 ea
756 5484 998 5535 recessit.
1028 5480 1162 5535 Cum
1192 5493 1371 5536 autem
1404 5483 1629 5537 vidisset
1656 5482 1990 5552 Epiphanius
2033 5500 2114 5536 re-

553 5587 672 5637 gem
725 5572 778 5627 in
825 5587 1018 5640 magna
1049 5575 1274 5640 exstasi,
1323 5573 1456 5628 dixit
1490 5575 1540 5628 ei
1567 5574 1717 5629 vultu
1776 5574 2110 5632 subridens:

2216 4387 2323 4439 ἀπὸ
2345 4386 2534 4448 τόπου,
2564 4383 2725 4458 ἦλθεν
2759 4387 3054 4458 προθύμως
3075 4387 3167 4439 ἐπὶ
3207 4387 3304 4458 σὴν
3336 4386 3650 4458 θυγατέρα.
3678 4387 3770 4440 Ἐὲη

2216 4479 2475 4551 πιστεύῃς
2503 4478 2580 4549 τῷ
2614 4481 3030 4550 ἐσταυρωμένῳ,
3061 4479 3247 4532 τοῦτον
3299 4480 3487 4534 διώκει
3534 4483 3662 4536 ἀπὸ
3704 4482 3770 4540 τὲς

2217 4570 2482 4642 θυγατρός
2515 4589 2627 4624 σου.
2646 4571 2904 4636 Φιιγιίζου,
2931 4572 3137 4636 τέκνον,
3172 4572 3270 4642 τὴν
3291 4569 3388 4642 σὴν
3415 4573 3687 4644 καρδίαν,
3715 4571 3770 4624 κεί

2218 4662 2378 4731 βλέπε
2403 4662 2588 4715 τοῦτον
2620 4663 2994 4734 ἐλαυνόμενον.
3034 4663 3238 4731 Ἀγαγε
3284 4662 3491 4734 ταύτην
3536 4665 3611 4718 ὲν

2216 4753 2391 4823 ἡμῶν,
2452 4756 2545 4807 καὶ
2583 4754 2686 4825 ὄψῃ
2725 4757 2881 4825 χάριν
2917 4754 3011 4807 τοῦ
3046 4753 3448 4824 φιλανθρώπου.
3497 4755 3769 4820 meam

2215 4847 2271 4899 δὲ
2318 4847 2417 4916 τῆς
2449 4847 2714 4918 θυγατρὸς
2751 4847 2846 4900 τοῦ
2904 4846 3168 4916 βασιλέως
3195 4847 3253 4898 ὲν
3277 4845 3357 4916 τῷ
3413 4845 3607 4918 μέσῳ,
3662 4843 3770 4899 εἶτ-ετ

2215 4937 2528 5006 Ἐπιφάνιος
2555 4937 2632 5008 τῷ
2661 4938 2934 5009 θυγατρίῳ
2953 4956 2965 4969 ·
2996 4935 3159 4991 Γενοῦ
3185 4937 3483 5007 φρονούσα,
3500 4943 3620 4992 καὶ
3647 4955 3770 5010 προσ

2217 5026 2449 5098 κύνησον
2480 5027 2570 5080 τὸν
2600 5029 2690 5080 σὸν
2717 5029 2948 5100 πατέρα.
2976 5029 3151 5092 Λύκος
3167 5029 3274 5101 γὰρ
3305 5030 3386 5082 ἔτι
3421 5031 3483 5083 οὐ
3505 5035 3770 5104 κυριεύει

2219 5133 2333 5172 σου.
2369 5117 2554 5171 Ταῦτα
2583 5118 2750 5172 εἰπὼν
2775 5121 3109 5189 Ἐπιφάνιος,
3145 5121 3546 5190 ἐπιλαθόμενος
3573 5126 3686 5192 τῆς
3708 5141 3770 5191 χει

2218 5209 2311 5279 ρὸς
2341 5209 2434 5262 τοῦ
2496 5209 2807 5282 θυγατρίου,
2845 5211 2938 5264 καὶ
2995 5212 3298 5280 σφραγίσας
3348 5211 3523 5281 αὐτὴν
3607 5217 3770 5284 τρίτει

2216 5294 2369 5352 εἶπεν
2408 5301 2542 5371 πρὸς
2585 5301 2648 5353 τὸ
2685 5303 2900 5372 πνεῦμα
2951 5303 3010 5355 τὸ
3044 5302 3222 5355 θλίδον
3257 5303 3431 5374 αὐτήν
3458 5322 3471 5334 ·
3510 5305 3770 5377 Ἐδραμε

2215 5391 2400 5454 κακῶς
2429 5393 2519 5444 ἐπὶ
2561 5393 2658 5462 τὴν
2710 5392 2982 5465 θυγατέρα
3011 5393 3104 5446 τοῦ
3137 5392 3424 5462 βασιλέως.
3464 5395 3671 5463 Φεῦγε
3723 5397 3770 5446 ἀι

2215 5483 2384 5552 αὐτῆς
2411 5485 2469 5535 ὲν
2495 5485 2768 5556 ἀοικήτοις
2812 5487 3016 5549 τόποις.
3041 5487 3224 5539 Ταῦτα
3252 5486 3422 5539 εἰπὼν
3464 5489 3770 5560 Ἐτπςρὰνιι

2216 5575 2352 5647 πρὸς
2381 5575 2472 5628 τὸν
2495 5575 2743 5646 δαίμονα,
2785 5576 2984 5640 εὐθέως
3031 5576 3254 5646 ἐξῆλθεν
3317 5579 3425 5632 ἀπὸ
3457 5581 3580 5634 τοῦ
3647 5585 3770 5637 Burri
