3800 6180
110 232 159 287 ιι
1348 225 1409 282 S.
1451 224 1790 283 EPIPHANII
1834 226 2020 283 V-lTA.

3263 226 3333 282 42

106 349 258 420 τρίόυ.
306 345 449 400 Ἰδὼν
470 345 525 399 δέ
585 344 903 414 Ἐπιφάνιος
966 346 1023 398 ἐν
1054 345 1314 399 ἐκστάσει
1368 346 1533 417 πολλῇ
1567 347 1658 399 τὸν

1767 347 1990 410 [τοίω-ετ,
2020 362 2130 406 rex.
2162 346 2228 403 de
2257 356 2347 401 tua
2379 346 2516 410 lilia;
2554 347 2690 416 fugit
2733 347 2891 415 lupus
2923 348 2975 400 in
3024 347 3140 401 loca
3174 348 3334 403 inha-

107 438 328 512 βασιλέα,
364 433 518 490 εἶπεν
551 436 689 508 πρὸς
713 437 877 489 αὐτόν
900 454 912 466 '
945 435 1135 508 Χαῖρε,
1170 438 1424 507 βασιλεῦ,
1454 439 1548 490 ἐπὶ
1582 437 1659 509 σῷ

107 529 393 601 θυγατρίῳ’
450 528 653 597 ἔφυγεν
706 530 735 581 ό
783 527 943 591 λύκος
982 531 1063 591 είς
1094 529 1386 600 ἀοικήτους
1439 530 1657 593 τόπους.

104 621 345 691 Πορεύου,
379 619 636 692 θύγατερ.
688 621 746 672 ἐν
779 619 856 688 σῷ
893 620 1144 690 ταμιείῳ,
1171 622 1263 673 καὶ⁴
1284 620 1375 674 ἔσο
1396 622 1660 694 χαίρουσα

106 714 222 785 μετά
254 712 457 783 μητρὸς
485 712 799 782 καλλίστης.
833 712 1073 781 Πρόσεχε
1112 712 1297 765 λοιπὸν
1337 712 1415 782 τῷ
1448 712 1660 783 σώματί

104 823 214 861 σοιν
245 807 338 858 καὶ
371 805 552 859 οὐκέτι
585 804 795 871 ἐγγίσει
828 804 965 872 πρὸς
1017 804 1077 856 σέ
1109 801 1437 874 κακοῦργος.
1476 803 1660 857 Ταῦτα

102 897 360 953 ἀκούσασα
387 899 420 967 ὴ
449 896 695 967 Θυγάτηρ
722 894 814 947 τοῦ
842 894 1105 965 βασιλέως
1133 894 1283 963 παρά
1315 896 1657 964 Ἐπιφανίου,

100 989 356 1060 ἐπορεύθη
384 988 568 1041 λοιπὸν
597 988 655 1040 ἐν
698 986 776 1056 τῷ
807 988 1072 1057 ταμιείῳ,
1128 984 1255 1040 ἔνθα
1286 983 1355 1057 ἦν
1407 988 1441 1058 ἠ
1479 988 1660 1059 μήτηρ

98 1081 252 1150 αὐτῆς
288 1079 690 1150 καταμένουσα.
716 1078 851 1131 Τότε
881 1078 943 1150 δὴ
979 1081 1007 1131 ό
1038 1077 1289 1149 βασιλεὺς
1318 1079 1524 1132 ἔκλινεν
1563 1080 1660 1133 αύ-

101 1174 219 1242 χένα
252 1171 575 1241 Ἐπιφανίῳ.
608 1171 831 1234 ’ἰδόντες
872 1170 929 1222 δὲ
969 1172 1019 1222 οί
1053 1170 1252 1234 πάντες
1292 1170 1383 1223 τὸν
1415 1168 1658 1240 βασιλέα,

98 1262 322 1313 κλίνουσι
354 1260 448 1313 καὶ
476 1260 631 1312 αὐτοὶ
664 1259 756 1311 ἐπὶ
803 1258 930 1329 γῆν.
966 1258 1216 1327 λέγοντες
1244 1258 1379 1329 πρὸς
1420 1258 1658 1327 Ἐπιφά-

99 1369 221 1406 νιον·
268 1353 501 1424 Χάριτος
549 1351 684 1404 Θεοῦ
724 1352 1124 1422 κεκοσμημένε,
1173 1351 1453 1423 πρόθυμος
1506 1350 1657 1419 γίνου

1765 440 2031 495 bitabilia.
2074 438 2237 503 Vade,
2271 440 2400 499 lilia.
2438 440 2495 494 in
2549 449 2701 493 tuum
2749 439 3041 499 conclave.
3072 448 3123 493 et
3162 442 3338 510 gaude

1764 547 1890 587 cum
1951 540 2126 586 matre
2165 539 2260 585 tua
2298 531 2527 600 optima,
2581 540 2637 585 et
2687 530 2905 585 attende
2948 530 3203 600 deinceps
3244 542 3337 586 tuo

1765 623 1981 693 corpori
2019 639 2032 674 :
2069 637 2243 691 neque
2288 622 2559 692 malignus
2588 621 2685 675 tibi
2725 620 3186 690 appropinquahit
3221 636 3339 681 am-

1763 715 1929 785 plius.
1966 714 2103 769 Cum
2129 715 2243 768 haec
2281 723 2465 769 autem
2506 714 2772 767 audiisset
2803 713 2910 766 lilia
2942 716 3087 781 regis
3117 714 3186 767 ab
3214 710 3357 784 Epi-'

1756 802 1981 870 phanio,
2028 801 2124 855 ivit
2153 802 2205 855 in
2252 802 2457 857 aulam.
2512 800 2668 857 Tunc
2702 818 2795 856 rex
2833 802 3115 856 inclinavit
3138 804 3339 859 collum

1755 889 2081 961 Epiphanio.
2115 893 2251 947 Cum
2298 893 2559 948 vidissent
2589 909 2719 949 vero
2742 909 2934 949 omnes
2979 910 3188 964 regem,
3234 896 3339 964 ipsi

1765 999 1983 1053 quoque
2005 1000 2063 1038 se
2090 984 2145 1038 in
2179 994 2377 1039 terram
2405 985 2689 1048 inclinant,
2723 985 2964 1040 dicentes
2991 985 3294 1054 Epiphanio
3318 1003 3336 1039 ς

1764 1073 1808 1129 Ο
1838 1075 2066 1144 plurima
2091 1085 2356 1130 exornate
2388 1078 2583 1146 gratia,
2619 1092 2779 1130 mane
2801 1088 3053 1146 prompto
3082 1085 3136 1131 et
3167 1077 3338 1132 alacri

1764 1166 1953 1219 animo
1979 1166 2121 1235 apud
2152 1181 2356 1235 regem.
2416 1165 2546 1220 Esto
2578 1177 2727 1234 pater
2776 1166 2895 1235 ejus
2960 1168 3232 1237 potentiae,
3284 1178 3338 1222 et

1762 1258 1874 1312 eris
1913 1258 2197 1312 nobiscum
2239 1269 2521 1327 perpetuo.
2563 1257 2792 1313 Vc'xavit
2845 1260 3055 1314 damon
3092 1260 3336 1331 regiam;

1766 1349 1871 1403 huc
1900 1350 2115 1410 venisti,
2145 1365 2270 1403 eum
2296 1349 2515 1418 iugasti.

98 1445 217 1515 πρὸς
254 1444 497 1514 βασιλέα,
536 1442 715 1514 πατὴρ
769 1441 856 1495 τοῦ
896 1444 1131 1513 κράτους
1160 1441 1346 1506 αὑτοῦ,
1404 1442 1499 1495 καὶ
1550 1440 1648 1510 ἔσῃ
1685 1438 1803 1509 μεθ’
1832 1439 1989 1510 ἡμῶν
2054 1439 2432 1503 ἀδιαλείπτως.
2466 1440 2733 1495 Ἔσκυλεν
2799 1440 3007 1494 δαίμων
3046 1442 3145 1513 τὴν
3186 1442 3338 1513 βασι⁴

98 1537 224 1591 λίδα·
247 1533 412 1608 ἦλθες
442 1534 673 1589 ἐνταῦθα
699 1533 886 1587 τοῦτον
908 1534 1116 1599 διῶξαι.

155 1671 251 1725 IE'.
278 1667 376 1733 Εἷς
405 1670 462 1723 δέ
488 1688 571 1734 τις
603 1670 661 1735 ἐξ
679 1669 857 1724 αὐτῶν
886 1672 1057 1741 μάγος
1078 1671 1185 1724 τῶν
1215 1670 1445 1743 πρώτων
1472 1669 1655 1738 ἔλεγεν

1827 1663 1945 1717 XV.
1980 1661 2134 1717 Unus
2155 1671 2335 1717 autem
2369 1677 2436 1716 ex
2470 1662 2549 1715 eis
2587 1662 2798 1730 primus
2852 1678 2917 1716 ex
2971 1664 3164 1733 magis,
3202 1664 3337 1719 dixit

92 1763 228 1833 αὐτῷ
255 1762 372 1832 μετ’
412 1762 728 1832 εὐμενείας
783 1758 851 1816 Ὦ
902 1764 1087 1833 μάκαρ
1136 1763 1459 1830 Ἐπιφάνιε,
1518 1762 1658 1833 μάγε

92 1854 451 1925 πεποθημένε,
474 1850 637 1925 ἦλθες
659 1852 891 1908 ἐνταῦθα
918 1852 1012 1906 τοῦ
1046 1852 1407 1925 κατορθῶσαι.
1434 1852 1659 1904 Δίδασκε

93 1948 312 2009 πάντας,
346 1946 545 2009 πάντες
582 1947 631 1998 οἱ
668 1944 831 2016 μάγοι
865 1943 1261 1997 ύπακούσονταί
1306 1960 1420 1999 σου.
1473 1942 1661 1995 Ἀκού-

93 2058 180 2103 σας
202 2040 262 2092 δὲ
302 2038 475 2091 ταῦτα
513 2038 849 2105 Ἐπιφάνιος.
918 2032 1069 2089 εἶπεν
1126 2036 1263 2108 πρὸς
1313 2036 1402 2088 τὸν
1436 2034 1659 2116 ἀνόητον

91 2132 286 2201 μάγον·
318 2126 389 2181 Ὦ
426 2130 567 2199 μάγε
612 2128 774 2199 ἐχθρέ
806 2128 903 2197 τῆς
945 2126 1223 2199 ἀληθείας,
1260 2126 1399 2197 μάθε
1452 2128 1525 2198 μὴ
1560 2128 1656 2180 λαον

90 2224 187 2273 λεῖν
207 2220 481 2283 ἀτάκτους
528 2219 739 2287 λόγους.
780 2218 926 2272 Λάϐε
958 2219 1207 2288 κατόχιον
1239 2219 1294 2271 ἐν
1327 2216 1403 2289 τῷ
1432 2218 1660 2289 στόματί

90 2332 198 2375 σου,
232 2314 335 2365 καὶ
359 2312 460 2383 ἔσῃ
488 2311 565 2383 μὴ
592 2311 768 2364 λαλῶν
821 2312 1198 2375 ἀδιαλείπτως.
1246 2310 1338 2382 Μὴ
1381 2310 1491 2381 γὰρ
1539 2311 1662 2364 ὑπο-

86 2406 186 2457 νόει
215 2404 358 2457 Θεοῦ
393 2404 577 2457 δοῦλον
610 2405 779 2476 μάγον
804 2404 1067 2475 ὑπάρχειν
1096 2404 1195 2475 τῆς
1225 2404 1455 2467 ἀδικίας.
1479 2402 1661 2457 Ταῦτα

86 2494 138 2546 δὲ
162 2493 338 2547 εἰπὼν
366 2494 708 2562 Ἐπιφάνιος,
739 2494 941 2557 εὐθέως
967 2493 1179 2564 ἔμεινεν
1235 2496 1263 2547 ὁ
1310 2495 1483 2565 μάγος
1526 2494 1659 2547 ἄλα-

86 2582 187 2646 λος,
214 2583 481 2654 ἀκίνητος
515 2585 607 2638 ἐπὶ
660 2583 738 2655 τῷ
792 2584 960 2654 τόπῳ.
996 2583 1179 2637 Ταῦτα
1232 2583 1289 2637 δὲ
1339 2584 1461 2638 ίδὼν
1494 2585 1522 2637 ὁ
1556 2583 1654 2654 βα·-

89 2675 290 2738 σιλεὺς.
340 2675 437 2727 καὶ
478 2675 539 2729 τὸ
587 2678 774 2744 στῖφος
827 2675 993 2728 αὐτοῦ
1034 2676 1096 2728 τὸ
1140 2675 1463 2747 περιεστὼς,
1514 2676 1660 2746 φόϐῳ

86 2766 326 2830 ἅπαντες
356 2767 701 2838 συνεχόμενοι
721 2768 920 2821 ἔπεσαν
948 2768 1041 2821 ἐπὶ
1070 2768 1169 2839 τὴν
1201 2771 1329 2839 γῆν.

154 2904 274 2970 ις’.
315 2901 458 2957 Ἰδὼν
487 2902 543 2955 δὲ
570 2903 888 2973 Ἐπιφάνιος
920 2904 1141 2968 τούτους
1169 2911 1457 2967 πεσόντας,
1486 2905 1659 2957 εκτεί-

1760 1756 1807 1811 ei
1839 1755 2068 1823 benigne
2091 1766 2144 1807 et
2171 1762 2419 1807 amanter
2446 1770 2458 1805 :
2486 1750 2531 1806 Ο
2560 1753 2713 1807 beale
2744 1754 3029 1822 Epiphani,
3060 1771 3214 1827 mage
3243 1757 3338 1811 de-

1760 1847 2013 1909 siderate,
2077 1845 2271 1900 venisti
2308 1846 2430 1910 huc,
2488 1852 2546 1898 ut
2603 1860 2702 1899 nos
2743 1843 2982 1901 σαίρω-ες
3045 1848 3332 1903 bent-licio.

1760 1940 1915 1994 Mane
1965 1939 2074 2005 hic,
2114 1938 2249 1992 doce
2305 1951 2448 1990 nos:
2486 1950 2676 1989 omnes
2712 1936 2851 2005 magi
2908 1938 3003 1991 tibi
3062 1939 3334 1996 obedient.

1760 2028 1894 2085 Cum
1926 2029 2042 2082 haec
2070 2038 2251 2081 autem
2278 2027 2545 2081 audiisset
2574 2026 2911 2095 Epiphanius
2940 2067 2955 2093 ,
3013 2030 3147 2084 dixit
3176 2045 3337 2102 mago

1762 2120 2037 2190 insipienti
2079 2136 2093 2171 :
2128 2118 2171 2174 Ο
2204 2134 2359 2190 mage
2387 2119 2606 2175 inimice
2636 2120 2900 2186 veritatis,
2931 2122 3079 2178 disce
3109 2140 3217 2179 non
3249 2127 3335 2178 lo-

1761 2214 1853 2282 qui
1886 2215 2045 2265 verba
2081 2211 2367 2265 insidentia
2406 2227 2419 2262 :
2474 2213 2555 2266 ori
2592 2223 2687 2267 tuo
2718 2213 2949 2266 immitte
2991 2217 3334 2285 repagulum,

1760 2312 1948 2357 etnon
2006 2303 2245 2371 loqueris
2292 2303 2532 2357 assidue.
2584 2302 2703 2359 Noli
2754 2305 3065 2361 existimare
3116 2323 3333 2363 servum

1760 2392 1855 2447 Dei
1885 2408 2006 2447 esse
2040 2408 2258 2461 magum
2295 2393 2595 2463 injustitiae.
2630 2394 2755 2449 lliec
2785 2412 2910 2451 eum
2946 2397 3173 2453 dixisset
3205 2398 3336 2469 Epi-

1760 2485 2015 2554 phanius,
2038 2485 2221 2538 statim
2255 2485 2343 2538 ille
2366 2487 2565 2541 mansit
2595 2487 2647 2540 in
2684 2488 2803 2543 loco
2832 2498 3018 2544 mutus
3042 2501 3101 2555 ct
3137 2491 3336 2547 immo-

1760 2574 1906 2631 bilis.
1943 2574 2068 2630 Haec
2100 2587 2282 2630 autem
2330 2591 2456 2631 cum
2492 2592 2587 2631 rex
2620 2578 2869 2646 vidisset,
2903 2589 2955 2635 et
2986 2583 3164 2649 turba,
3214 2601 3337 2654 qua

1762 2680 1886 2721 eum
1939 2666 2351 2731 circumstabat,
2410 2683 2604 2723 omnes
2635 2682 2781 2725 metu
2808 2674 3090 2742 oppressi,
3130 2678 3336 2732 cecide-

1760 2767 1888 2811 runt
1922 2756 1978 2811 in
2004 2766 2228 2811 terrain.

1829 2890 1968 2947 XVI.
1996 2892 2134 2948 Cum
2168 2907 2263 2947 eos
2300 2902 2482 2948 autem
2512 2894 2740 2951 vidisset
2789 2898 3045 2955 cadentes
3093 2900 3333 2972 Epipha-

83 3010 176 3055 νας
194 2994 304 3062 τὴν
333 2995 493 3064 χεῖρα
516 2993 651 3064 πρὸς
681 2994 773 3046 τὸν
811 2993 1055 3063 βασιλέα,
1112 2995 1296 3063 ἔλεγεν
1344 2994 1493 3066 αύτῷ
1541 2997 1656 3067 μετ’

1767 2984 1908 3049 nius,
1942 2999 2103 3038 manu
2152 2983 2221 3037 ad
2271 3000 2449 3054 regem
2478 2993 2724 3054 extensa,
2762 2988 2901 3045 dixit
2945 2990 2996 3045 ei
3046 2992 3279 3063 benigne
3315 3014 3329 3048 :

84 3084 376 3153 εὐμενείας
401 3100 413 3113 ·
467 3077 721 3149 Ἀνάστα,
750 3086 899 3153 γίνου
934 3086 991 3138 ἐν
1031 3087 1380 3149 καταστάσει,
1429 3088 1525 3139 καὶ
1574 3086 1665 3139 ἔσο

83 3177 245 3246 ὑγιὴς
280 3178 341 3229 ἐν
387 3176 465 3247 σῷ
500 3178 754 3248 ταμιείῳ.
795 3178 978 3231 Ταῦτα
1010 3178 1065 3231 δὲ
1113 3179 1280 3231 είπὼν
1328 3178 1664 3247 Ἐπιφάνιος,

83 3271 395 3339 ἀνέστησαν
413 3269 649 3334 ἅπαντες
677 3271 770 3323 ἐπὶ
794 3272 918 3333 τοὺς
942 3271 1128 3334 πόδας.
1162 3267 1328 3325 Εἶπεν
1347 3271 1402 3325 δέ
1434 3272 1665 3341 Ἐπιφά-

80 3379 191 3424 νιος
220 3360 303 3431 τῷ
340 3361 693 3433 μαγουσαίῳ·
721 3362 891 3415 Βλέπε
939 3362 990 3416 τί
1040 3362 1255 3433 βλέπεις
1281 3364 1374 3416 καὶ
1426 3364 1663 3428 ἀκούεις,

80 3454 176 3504 καὶ
200 3452 305 3526 ἔσῃ
343 3452 629 3523 προσέχων
652 3456 719 3524 τῇ
742 3453 989 3525 ἀληθεία.
1024 3455 1113 3523 Μή
1159 3471 1248 3523 μοι
1299 3455 1554 3526 πρόσεχε,
1591 3456 1667 3522 ὡς

81 3544 413 3614 μαγουσαίῳ
450 3562 464 3576 ⁸
506 3543 690 3608 δοῦλος
734 3546 842 3616 γάρ
899 3547 1014 3616 είμι
1068 3544 1160 3598 τοῦ
1213 3548 1661 3619 ἐσταυρωμένου·

74 3634 229 3687 λάλει
267 3638 364 3688 καὶ
388 3634 574 3699 ἄκουε,
604 3636 677 3699 ὡς
709 3636 769 3688 τὸ
802 3636 1035 3706 πρῶτον.
1094 3635 1249 3689 Γίνου
1287 3637 1345 3689 δέ
1384 3637 1535 3706 φίλος
1567 3638 1668 3708 τῆς

74 3726 368 3794 ἀληθείας.
400 3725 534 3777 Τότε
561 3727 589 3779 ὁ
626 3726 796 3794 μάγος
827 3726 1162 3794 ἀπελογεῖτο,
1193 3726 1458 3794 ἐσφάλθαι
1488 3727 1662 3796 λέγων

74 3818 218 3886 πρὸς
251 3817 600 3884 Ἑπιιράνιον.
628 3816 761 3869 Τότε
793 3818 821 3868 ό
854 3817 1107 3886 βασιλεὺς
1144 3817 1427 3871 ἐκέλευσεν
1449 3818 1668 3889 ἐνεχθῆ-

74 3925 165 3960 ναι
187 3908 447 3978 χρυσίον,
478 3908 574 3961 καὶ
592 3908 848 3979 ἄργυρον,
875 3909 967 3961 καὶ
989 3910 1346 3979 μαργαρίτας,
1369 3910 1464 3962 καὶ
1491 3909 1669 3972 λίθους

74 3999 337 4067 τιμίους’
364 3998 509 4051 κατά
535 3999 824 4070 πρόσωπον
853 4000 1089 4064 πάντων,
1138 4001 1232 4054 καὶ
1267 4001 1487 4073 τεθῆναι
1518 4001 1669 4073 ποιρά

75 4090 207 4154 τοὺς
240 4090 420 4154 πόδας
442 4091 783 4157 Ἐπιφανίου,
818 4090 991 4159 λέγων
1026 4090 1163 4162 πρὸς
1189 4091 1351 4144 αύτόν
1373 4109 1388 4122 ο
1412 4092 1667 4162 Λάμϐανε

70 4181 283 4243 ταῦτα,
303 4182 335 4232 ὁ
356 4180 547 4253 Πατὴρ
569 4181 745 4252 ἡμῶν,
771 4181 863 4234 καὶ
887 4181 973 4251 ἔχε
1001 4181 1063 4251 δή
1099 4198 1164 4251 με
1188 4182 1328 4235 κατὰ
1348 4172 1523 4253 ψυχήν
1552 4200 1665 4236 σου.

72 4266 258 4325 Εἶπεν
292 4271 354 4324 δὲ
383 4271 707 4340 Ἐπιφάνιος
731 4271 868 4343 πρὸς
895 4271 984 4324 τὸν
1009 4270 1259 4341 βασιλέαο
1299 4272 1486 4342 Ἡμεῖς
1500 4274 1669 4327 ἁπάν-

1767 3077 1959 3146 Surge,
1992 3076 2069 3131 sis
2095 3076 2241 3130 bono
2265 3085 2320 3131 et
2353 3080 2651 3147 tranquillo
2691 3081 2896 3147 animo,
2945 3089 2999 3136 et
3027 3085 3136 3138 eris
3166 3100 3335 3141 sanus

1766 3172 1820 3223 in
1853 3180 1946 3223 tuo
1969 3169 2245 3224 cubiculo.
2275 3168 2391 3225 Hoc
2426 3171 2572 3226 dicto
2628 3173 2697 3227 ab
2730 3172 3054 3244 Epiphanio,
3085 3192 3337 3233 surrexe-

1766 3269 1893 3314 runt
1926 3275 2118 3315 omnes
2168 3276 2333 3331 supra
2359 3261 2545 3332 pedes.
2584 3263 2733 3319 Dixit
2781 3274 2962 3320 autem
2997 3265 3335 3337 Epiphanius

1766 3366 1925 3422 mago
1963 3370 1977 3406 :
2015 3350 2148 3407 Vide
2178 3353 2309 3422 quid
2345 3354 2553 3419 videas,
2583 3364 2636 3409 et
2665 3356 2797 3426 quid
2840 3357 3050 3423 audias,
3076 3369 3130 3414 et
3162 3370 3337 3416 atten-

1765 3445 1861 3499 des
1888 3444 2119 3499 veritati.
2147 3442 2224 3499 Ne
2252 3445 2387 3499 mihi
2419 3448 2668 3503 attendas
2697 3458 2956 3520 tanquam
2979 3467 3135 3521 mago
3164 3470 3178 3507 :
3213 3469 3335 3508 sum

1765 3537 1909 3591 enim
1939 3552 2128 3591 servus
2153 3537 2394 3592 cruciﬁxi
2434 3553 2449 3590 ι
2493 3540 2736 3608 loquere,
2768 3550 2823 3595 et
2866 3543 3014 3608 audi,
3062 3545 3337 3612 quomodo

1765 3643 1887 3681 eras
1916 3628 2064 3696 prius
2097 3646 2111 3680 :
2150 3639 2268 3683 esto
2299 3630 2509 3686 amicus
2545 3631 2809 3688 veritatis.
2856 3632 3010 3688 Tunc
3054 3650 3245 3704 magus
3277 3651 3337 3692 se

1766 3720 2063 3782 excusavit,
2096 3720 2282 3774 dicens
2316 3735 2376 3775 se
2426 3736 2549 3777 esse
2580 3723 2792 3793 lapsum
2845 3725 2900 3779 in
2944 3724 3332 3796 Epiphanium.

1768 3809 1882 3863 Rex
1915 3821 2092 3864 autem
2119 3811 2284 3880 jussit
2311 3811 2377 3865 ad
2402 3827 2461 3867 se
2492 3828 2687 3869 aurum
2718 3815 2898 3870 aﬂerri
2935 3828 2987 3871 et
3025 3828 3331 3887 argentum,

1768 3901 2088 3971 margaritas
2138 3912 2193 3957 et
2226 3918 2468 3973 gemmas
2520 3906 2575 3960 in
2618 3915 2913 3975 conspectu
2964 3909 3237 3976 omnium,
3280 3918 3337 3965 et

1768 3994 1895 4063 poni
1920 3994 1987 4048 ad
2016 3996 2181 4064 pedes
2212 3996 2522 4066 Epiphanii,
2556 3999 2604 4054 ei
2635 3999 2824 4055 dicens
2856 4019 2869 4053 :
2904 4001 3104 4070 Accipe
3131 4004 3268 4067 hazc,
3297 4019 3334 4060 ο

1770 4085 1944 4151 Pater,
1991 4096 2046 4142 et
2082 4089 2185 4144 mei
2217 4091 2550 4146 memineris.
2603 4092 2702 4146 Cui
2757 4093 2897 4147 dixit
2947 4092 3331 4164 Epiphanius:

1766 4175 1877 4233 Nos
1905 4180 2087 4233 omnia
2132 4183 2553 4248 contemnimus,
2607 4192 2666 4237 ut
2694 4185 2977 4239 veritatem
3031 4196 3330 4242 teneamus.

1767 4269 1844 4326 Ne
1868 4271 1922 4325 in
1946 4271 2032 4327 his
2065 4272 2198 4326 mihi
2220 4273 2477 4329 exhibeas
2506 4275 2814 4329 molestiam
2844 4292 2858 4327 :
2908 4275 3160 4332 Chrisuis
3188 4279 3333 4333 enim

71 4379 183 4413 των
218 4362 704 4433 καταψρονοῦμεν,
731 4364 878 4424 ὅπως
909 4362 1199 4434 κρατῶμεν
1228 4364 1327 4432 τῆς
1373 4363 1658 4434 ἀληθείαςε

1771 4378 1858 4417 me
1882 4362 2066 4418 docuit
2087 4364 2173 4419 his
2206 4379 2314 4420 non
2342 4380 2519 4434 egere.
2556 4365 2680 4421 Haec
2716 4377 2807 4421 tua
2837 4368 3041 4437 accipe,
3081 4370 3246 4439 sepeli
3278 4371 3334 4424 in

71 4454 151 4523 μή
187 4470 289 4524 μοι
326 4453 534 4517 κόπους
588 4455 794 4525 πάρεχε
844 4455 904 4507 ἐν
948 4457 1059 4517 τοῖς
1087 4455 1314 4518 λοιποῖς.
1382 4456 1514 4526 Ἐμὲ
1562 4456 1668 4525 γὰρ

70 4543 329 4610 Χριστὸς
360 4540 598 4607 ἐδίδαξεν
633 4545 708 4614 μὴ
737 4543 956 4615 χρῄζειν
980 4544 1203 4600 τούτων.
1223 4545 1367 4600 Λάϐε
1391 4548 1455 4599 σὺ
1476 4548 1666 4613 ταῦτα,

70 4634 255 4703 θάψον
294 4637 361 4687 ἐν
395 4635 471 4705 σῷ
499 4637 756 4706 ταμιείῳ,
786 4638 880 4689 καὶ
909 4636 1059 4689 ἔσται
1087 4655 1168 4689 σοι
1213 4638 1380 4711 νεκρά
1436 4639 1665 4693 ἀδιαλεί-

293 4728 481 4781 Μόνον
523 4729 809 4799 προσέχεις
846 4730 940 4782 καὶ
984 4731 1341 4800 περισπᾶσαι,
1405 4729 1479 4801 μὴ
1509 4730 1668 4785 δυνά-

70 4836 241 4889 μενος
300 4819 698 4891 ὠφεληθῆναι⁸
748 4820 890 4890 ἔχεις
923 4820 1120 4874 κακίαν
1172 4824 1230 4875 ἐν
1274 4823 1518 4894 λογισμῷ
1553 4842 1666 4889 σου,

66 4910 258 4978 ψυχὰς
295 4910 555 4963 ἀπόλλων
581 4910 668 4963 διὰ
697 4910 789 4963 τοῦ
824 4910 1027 4981 χρυσοῦ
1058 4911 1151 4965 τοῦ
1194 4912 1437 4977 δοθέντος
1460 4932 1539 4967 σοι
1567 4916 1671 4968 ὑπὸ

68 5001 319 5071 Κυρίου,
383 5002 470 5054 ἵνα
500 5001 742 5073 παρέχῃς
791 5004 906 5066 τοῖς
933 5002 1226 5073 δεομένοις.
1260 5004 1412 5059 Γίνου
1464 5006 1671 5071 δίκαιος

66 5094 223 5162 παρὰ
244 5091 384 5161 Θεῷ
410 5093 517 5144 τῶν
544 5093 701 5154 ὅλων,
732 5095 941 5165 μήποτε
964 5094 1159 5166 κριθῇς
1185 5096 1242 5148 ἐν
1268 5096 1555 5169 καταδίκῃ.
1577 5098 1672 5151 καὶ

64 5185 166 5255 ἔσῃ
205 5184 633 5255 φρουρούμενος
662 5188 717 5238 ἐν
741 5186 992 5258 ἐξωτέρῳ
1017 5187 1227 5240 σκότειο
1260 5190 1353 5241 καὶ
1384 5190 1503 5242 τότε
1538 5208 1671 5262 μνη-

62 5278 206 5345 σθῇς
236 5276 371 5328 τῶν
407 5275 556 5344 ἐμῶν
582 5276 771 5344 λόγων.
828 5277 965 5329 Ἀλλ’
993 5276 1114 5349 ἄρτι
1160 5275 1307 5341 δέξαι
1358 5280 1481 5341 τοὺς
1509 5279 1674 5348 ἐμοὺς

58 5367 298 5436 λόγους,
326 5369 432 5420 καὶ
461 5366 581 5420 τότε
609 5368 706 5440 ἔσῃ
732 5369 1184 5439 εὐφραινόμενος·
1217 5369 1290 5440 μὴ
1342 5370 1529 5439 χρείαν
1583 5371 1669 5439 ἔχε

58 5462 158 5514 τοῦ
195 5462 434 5530 κόσμου
466 5460 677 5525 τούτου,
706 5460 799 5512 καὶ
828 5461 937 5523 πᾶς
968 5461 996 5513 ὁ
1032 5460 1233 5529 κόσμος
1273 5462 1671 5531 ύποταγήσεταί

66 5570 174 5605 σοι.
210 5554 341 5605 Καὶ
390 5551 622 5620 πρόσεχε
674 5552 867 5621 μάγοις
901 5553 1295 5616 ἁκαταστάτοις
1324 5591 1339 5617 ,
1395 5553 1673 5606 ἀπατῶσίν

59 5661 121 5697 σε
155 5646 328 5715 νόμῳ
359 5641 644 5696 σκοτώδει.
669 5643 807 5713 ’Ὦρα
830 5642 1063 5715 ἔφθασεν
1080 5644 1112 5713 ἡ
1131 5643 1223 5698 τοῦ
1248 5644 1489 5715 ἀρίστου.
1513 5645 1670 5698 Βαῖνε

424 5736 693 5800 Ρλτιιοι.
740 5736 854 5799 Gn.
904 5738 1067 5801 ΧΗ.

1770 4458 1914 4519 aula,
1947 4469 2000 4513 et
2028 4467 2189 4513 erunt
2221 4470 2436 4513 mortua
2475 4470 2761 4529 perpetuo.
2814 4460 2895 4515 Tu
2929 4463 2998 4515 iis
3042 4464 3217 4517 solum
3249 4473 3332 4516 at-

1768 4551 1947 4606 tendis
1978 4560 2032 4605 et
2083 4551 2423 4615 distraheris,
2479 4568 2603 4607 cum
2636 4553 2817 4621 juvari
2852 4568 3111 4622 nequeas.
3155 4553 3334 4609 Habes

1767 4641 1956 4695 vitium
2012 4643 2066 4695 in
2116 4651 2204 4696 tua
2253 4644 2602 4712 cogitatione,
2640 4654 2699 4699 ut
2744 4644 2837 4714 qui
2865 4646 3061 4714 perdas
3090 4649 3329 4702 animam

1768 4746 1865 4799 per
1888 4746 2080 4785 aurum
2132 4732 2228 4787 tibi
2279 4733 2465 4787 datum
2511 4750 2541 4787 a
2575 4733 2827 4799 Domino,
2876 4744 2939 4797 ut
2988 4737 3040 4791 id
3088 4745 3331 4805 praebeas

1767 4821 2069 4890 egentibus.
2133 4821 2263 4877 Esto
2295 4824 2478 4893 justus
2522 4825 2665 4895 apud
2706 4823 2874 4879 Deum
2926 4827 3327 4890 universorum,

1769 4925 1837 4964 ne
1868 4910 2008 4965 forte
2030 4911 2372 4980 judicerisin
2409 4913 2892 4979 condemnatione,
2923 4923 2976 4968 et
3005 4916 3332 4970 custodiaris

1768 5001 1824 5056 in
1859 5003 2100 5059 tenebris
2122 5003 2503 5065 exterioribus,
2536 5011 2589 5059 et
2621 5013 2751 5059 tunc
2776 5021 3018 5060 meorum
3041 5005 3327 5060 verborum

1769 5092 2088 5147 recorderis.
2118 5092 2223 5147 Sed
2262 5109 2382 5163 quae
2408 5094 2531 5151 dico
2561 5096 2743 5159 modo,
2771 5098 2973 5166 accipe,
2998 5106 3052 5151 et
3082 5105 3211 5151 tunc
3237 5096 3331 5150 lai—

1770 5183 1989 5237 taberis.
2039 5181 2117 5238 Ne
2153 5184 2354 5241 habeas
2378 5200 2515 5256 opus
2550 5187 2652 5242 hoc
2676 5188 2878 5241 mundo
2903 5196 2955 5241 et
2988 5197 3133 5243 totus
3166 5203 3328 5242 mun-

1770 5276 1872 5329 dus
1906 5276 2001 5329 tibi
2030 5277 2372 5346 subjicietur.
2404 5276 2523 5333 Noli
2575 5281 2851 5334 attendere
2914 5281 3088 5351 magis
3140 5280 3330 5334 incon-

1772 5367 2068 5431 stantibus,
2104 5367 2197 5437 qui
2227 5371 2567 5425 tenebricosa
2600 5381 2649 5425 te
2696 5371 2810 5441 lege
2839 5372 3133 5440 decipiunt.
3171 5370 3329 5424 Venit

1772 5458 1903 5511 hora
1940 5460 2185 5527 prandii,
2241 5464 2375 5515 vade
2426 5463 2679 5517 alacriter
2718 5464 2785 5516 ad
2848 5478 3112 5517 mensam.
3162 5461 3328 5516 Multa

1773 5552 1914 5602 enim
1948 5551 2110 5605 verba
2156 5554 2503 5617 seminarem,
2560 5556 2654 5609 sed
2706 5569 2811 5608 non
2848 5570 2906 5608 es
2936 5555 3096 5609 ullius
3132 5553 3325 5606 horum

1772 5642 2059 5713 particeps.
2090 5645 2213 5699 Scio
2261 5645 2405 5699 cnim
2450 5653 2596 5699 tuam
2651 5645 3030 5716 cogitationem
3081 5661 3109 5698 a
3140 5656 3327 5705 mensa

2931 5741 2969 5796 2
