3778 6300
484 288 555 355 ιδ
1783 296 1840 353 S.
1878 294 2220 352 EPIPIIANII
2256 294 2439 353 VITA.
3646 304 3727 363 ιδ

480 429 589 469 non
618 411 899 467 absistere.
926 410 1182 473 Comede,
1226 410 1503 465 moderate
1564 410 1750 465 iniere
1791 411 2000 468 deliciis

2156 410 2449 482 προθύμως
2501 412 2593 465 ἐπὶ
2631 410 2931 482 τραπέζης.
2990 412 3222 476 Πολλοὺς
3252 412 3359 485 γὰρ
3411 412 3600 483 λόγους
3649 417 3727 471 ἂν

479 520 539 559 es
570 504 713 558 enim
740 505 935 557 horum
964 503 1205 555 omnium
1241 503 1548 557 redditurus
1580 505 1868 558 rationem.

2152 503 2503 572 κατέσπειρα,
2555 502 2668 556 ἀλλ’
2702 502 2762 556 οὐ
2815 502 3062 572 μετέχεις
3110 503 3205 556 ἀπ’
3238 502 3453 566 οὐδενὸς
3493 504 3704 557 τούτων

490 595 633 663 Ἐγὼ
664 596 770 665 γὰρ
799 593 913 647 οἶδα
948 594 1039 647 τὸν
1064 593 1322 665 λογισμόν
1353 612 1468 660 σου,
1511 596 1591 648 ὃτι
1628 595 1905 667 τραπέζης
1945 597 2045 649 οὐκ
2079 595 2392 663 ἀφίστασαι.
2416 595 2581 662 Φάγε,
2619 593 2892 665 τρύφησον
2938 594 2998 647 ἐν
3035 594 3400 648 καταστάσει·
3430 594 3586 661 λόγον
3609 595 3727 665 γὰρ

481 691 608 759 ποιῇ
640 688 892 742 ἁπάντων
921 687 1145 740 τούτων.

488 794 491 797 ‘
547 777 711 832 XVII.
784 778 899 832 Rex
940 787 1117 832 autem
1163 778 1300 833 dixit
1347 778 1693 849 Epiphanio:
1748 780 2044 843 Adesdum,

477 869 655 933 Pater,
691 869 854 924 simul
880 869 1283 933 consideamus,
1323 879 1373 923 et
1412 871 1564 925 cibos
1596 871 1963 925 comedamus.
1998 871 2047 926 Is

476 974 606 1013 vero
632 960 769 1013 dixit
800 958 902 1028 ipsi
939 977 952 1013 :
987 958 1153 1022 Vade,
1196 960 1320 1014 sede
1349 960 1401 1013 in
1444 975 1648 1021 mensa,
1679 961 1900 1015 comede
1926 976 2047 1014 om-

478 1050 568 1102 nia
604 1066 726 1119 qum
772 1050 937 1104 soles.
971 1048 1203 1102 Tantum
1249 1058 1301 1103 te
1360 1050 1579 1104 contine
1616 1050 1684 1103 ab
1730 1050 2048 1105 immodera-

478 1142 643 1196 tione.
680 1140 813 1195 Nam
850 1141 981 1194 mihi
1020 1141 1173 1209 panis
1210 1139 1577 1203 furfuraeeus,
1612 1150 1665 1195 et
1696 1156 1885 1210 parum
1917 1142 2046 1197 salis

476 1239 696 1299 propter
745 1231 950 1285 reditus
983 1229 1295 1284 facilitatem
1353 1230 1615 1299 praebebit
1661 1231 1714 1285 id
1775 1233 1920 1301 quod
1964 1242 2047 1287 est

476 1322 598 1376 usui
641 1322 984 1390 corpusculo.
1046 1318 1171 1376 Haec
1233 1328 1413 1375 autem
1468 1335 1591 1375 cum
1646 1320 1872 1375 dixisset
1933 1324 2045 1391 regi

475 1412 830 1482 Epiphanius,
863 1412 1070 1466 dimisit
1109 1429 1203 1466 rex
1240 1427 1430 1467 omnes
1460 1428 1522 1467 ex
1556 1412 1701 1478 aula,
1726 1423 1779 1466 et
1801 1412 2044 1482 nosjus-

476 1504 546 1558 sit
573 1503 778 1572 ingredi
810 1504 861 1557 in
895 1504 1227 1557 cubiculum.
1261 1504 1401 1560 Misit
1427 1518 1553 1558 vero
1587 1503 1653 1556 ad
1678 1518 1777 1557 nos
1804 1503 1860 1556 in
1886 1518 2043 1558 ruen-

2224 778 2319 829 iZ'.
2350 770 2516 828 Εἷπεν
2542 774 2597 827 δὲ
2631 776 2659 826 6
2691 774 2941 844 βασιλεὺς
2969 772 3105 844 πρὸς
3146 772 3456 841 Ἔπιφάνιον
3476 789 3489 803 ⁸
3526 772 3729 844 Δεῦρο,

2153 870 2361 938 Πάτερ,
2414 866 2909 936 συγκαθεσθῶμεν,
2940 866 3045 920 τῶν
3094 865 3365 936 ἐδωδίμων
3411 867 3724 937 φαγόμεθα.

2151 954 2314 1011 Εἶπεν
2339 958 2395 1010 δὲ
2437 958 2747 1025 Ἐπιφάνιος
2776 957 2912 1026 πρὸς
2934 957 3024 1009 τὸν
3059 957 3301 1026 βασιλέα·
3335 958 3545 1024 Βάδιζε,
3581 960 3720 1013 κάθ-

2150 1066 2211 1100 ου
2256 1048 2345 1099 ἐπὶ
2374 1046 2685 1117 τραπέζης,
2732 1044 2875 1097 ἔσθιε
2914 1045 3089 1099 πάντα
3123 1048 3179 1098 ἐν
3224 1048 3516 1119 συνηθείᾳ·
3555 1050 3723 1119 μόνον

2156 1140 2324 1207 ἄπεχε
2358 1139 2455 1207 τῆς
2493 1137 2736 1203 ἀταξίας.
2783 1138 2935 1207 Ἐμοὶ
2966 1138 3073 1207 γὰρ
3101 1137 3261 1208 ἄρτος
3308 1138 3417 1190 ἀπὸ
3448 1138 3721 1208 πιτύρων,

2151 1227 2244 1278 καὶ
2288 1225 2418 1288 ἅλας
2462 1225 2656 1296 μικρὸν
2689 1226 2756 1279 δι’
2804 1226 3081 1278 εὐνοστίαν
3122 1226 3341 1297 παρέξει
3384 1226 3477 1298 τῇ
3523 1229 3725 1298 χρείαν

2151 1227 2244 1278 καὶ
2288 1226 2418 1288 ἅλας
2462 1226 2656 1296 μικρὸν
2689 1226 2756 1279 δι’
2804 1226 3081 1278 εὐνοστίαν
3122 1226 3341 1297 παρέξει
3450 1245 3477 1279 ν
3523 1229 3720 1298 χρείαν

2149 1316 2240 1367 τοῦ
2284 1314 2553 1385 σώματος.
2586 1314 2771 1368 Ταῦτα
2814 1315 2869 1368 δὲ
2911 1314 3079 1368 εἰπὼν
3124 1226 3591 1415 Ἑπιφάνιόλρὺς
3623 1319 3720 1369 τὸν

2150 1406 2372 1476 βασιλέα
2393 1447 2408 1471 ,
2444 1407 2707 1461 ἀπέλυσεν
2750 1406 2992 1470 ἅπαντας
3021 1407 3049 1458 6
3088 1406 3339 1476 βασιλεὺς
3381 1406 3469 1460 ἐκ⁷
3485 1408 3580 1460 τοῦ
3614 1426 3719 1461 τα-

2151 1500 2323 1569 μείου·
2360 1499 2453 1552 καὶ
2488 1500 2635 1569 ἡμᾶς
2662 1498 2945 1551 ἐκέλευσεν
2990 1498 3245 1551 εἰσελθεῖν
3277 1502 3333 1551 ἐν
3376 1498 3451 1569 τῷ
3483 1499 3719 1552 κου6ου-

475 1600 590 1641 sam
624 1586 836 1642 diversa
870 1587 1117 1642 ciborum
1148 1604 1366 1658 genera.
1402 1588 1697 1642 At'crsatus
1742 1598 1823 1643 est
1862 1598 2036 1642 autem

2149 1592 2310 1662 κλίῳ·
2362 1591 2455 1643 καὶ⁹
2500 1590 2816 1643 ἀπέστειλεν
2866 1592 2998 1659 ἡμῖν
3043 1590 3274 1660 διάφορα
3317 1589 3588 1659 ἐδέσματα
3619 1593 3723 1643 ἐπὶ

474 1677 655 1732 omnia
694 1677 1047 1747 Epiphanius,
1088 1680 1263 1733 solum
1310 1694 1503 1748 panem
1550 1678 1707 1733 nobis
1750 1679 1996 1734 retinens
2030 1698 2043 1732 :

473 1784 583 1838 quo
618 1770 724 1833 usi,
774 1770 955 1824 satiati
1003 1785 1215 1831 sumus,
1263 1772 1464 1841 gratias
1496 1779 1715 1839 agentes
1769 1769 1878 1824 Deo
1932 1771 2047 1824 uni-

473 1875 779 1915 versorum.
808 1859 1079 1916 Postridie
1106 1870 1285 1916 autem
1316 1862 1611 1929 imperator
1649 1862 1894 1917 accersiit
1922 1860 2046 1931 Epi-

474 1951 735 2021 phanium
765 1967 777 2003 :
812 1952 903 2021 qui
938 1953 1182 2006 modeste
1223 1961 1275 2006 et
1301 1952 1603 2020 composite
1631 1952 1907 2017 incedens,
1952 1967 2046 2006 ve-

475 2044 556 2098 nit
586 2044 654 2099 ad
684 2059 884 2114 regem.
917 2042 1035 2113 Ipse
1065 2052 1244 2097 autem
1272 2060 1363 2097 rex
1393 2044 1459 2097 de
1492 2043 1618 2097 sede
1642 2058 1892 2111 surgens,
1930 2056 2047 2096 sce—

475 2143 657 2205 ptrum
696 2134 847 2203 ponit
881 2133 934 2187 in
976 2142 1139 2189 terra.
1180 2132 1516 2203 Epiphanius
1543 2146 1670 2186 vero
1707 2131 1844 2185 dixit
1890 2132 1999 2201 regi
2030 2152 2042 2187 :

483 2223 682 2293 Accipe
705 2223 856 2293 regni
884 2222 1220 2292 dignitatem,
1255 2233 1309 2277 et
1339 2223 1413 2276 sis
1447 2231 1599 2291 grato
1635 2221 1686 2274 in
1726 2220 1892 2274 Deum
1932 2223 2049 2275 ani-

476 2329 586 2368 mo.
623 2312 735 2367 Rex
776 2314 951 2369 dixit:
990 2312 1143 2367 Mane
1174 2313 1262 2367 hic
1295 2313 1602 2376 nobiscum,
1638 2324 1809 2381 pater,
1841 2321 1894 2366 et
1929 2327 2047 2366 ser-

472 2406 613 2459 vabo
664 2412 876 2458 vestros
918 2418 1217 2457 sermones.
1268 2401 1600 2471 Epiphanius
1656 2410 1836 2455 autem
1889 2402 2044 2472 regi:

474 2494 531 2550 Si
568 2510 739 2557 meos,
784 2510 818 2549 o
849 2511 962 2558 rex,
1015 2509 1295 2548 sermones
1340 2493 1667 2557 servaveris,
1722 2494 1801 2547 tui
1855 2495 2047 2548 memi-

478 2604 609 2645 nero
648 2588 954 2657 ubicunque
983 2586 1155 2641 fuero.
1181 2585 1479 2641 Mansimus
1506 2595 1683 2640 autem
1712 2587 1897 2641 decem
1933 2588 2048 2642 dies

475 2672 531 2732 in
560 2678 681 2732 aula
717 2678 883 2748 regis.
936 2676 1147 2743 Quibus
1202 2675 1418 2746 elapsis,
1456 2676 1568 2745 regi
1619 2677 1756 2729 dixit
1806 2676 2047 2746 Epipha-

474 2766 598 2822 nius
646 2785 660 2820 :
720 2766 895 2820 Cursu
924 2782 1139 2821 curram
1197 2766 1251 2819 in
1315 2781 1487 2819 meam
1550 2767 1799 2835 patriam.
1857 2766 2047 2831 Quaero

472 2856 616 2910 enim
639 2870 852 2919 omnes,
893 2857 986 2926 qui
1019 2856 1127 2910 illic
1150 2864 1296 2909 sunt.
1326 2854 1405 2907 Tu
1440 2855 1567 2910 sede
1613 2856 1665 2908 in
1697 2857 1893 2909 throno
1931 2866 2043 2920 tuo,

474 2946 609 3000 nihil
634 2947 877 3001 excitans
911 2947 1170 2999 adversus
1196 2944 1493 2998 Romanos.
1536 2944 1591 2997 Si
1634 2934 1780 2997 enim
1814 2946 1891 2998 sis
1931 2946 2035 2998 iui-
2068 2936 2109 2992 C

470 3038 651 3092 micus
681 3037 963 3099 Romanis,
1002 3037 1111 3089 eris
1162 3036 1412 3090 inimicus
1472 3034 1753 3089 cruciﬁxo.
1780 3033 1951 3100 Quod
1989 3038 2035 3091 si

475 3126 643 3182 fueris
671 3127 926 3181 inimicus
963 3126 1231 3189 cruciﬁxi,
1262 3126 1401 3179 male
1429 3124 1629 3193 peribis
1663 3141 1694 3178 a
1724 3124 1831 3179 tuis
1856 3124 2039 3179 adver-

474 3224 655 3280 sariis.
686 3221 809 3277 Haec
834 3238 953 3277 cum
999 3222 1111 3290 regi
1137 3222 1361 3276 dixisset
1395 3220 1751 3290 Epiphanius,
1784 3222 1896 3275 ibat
1942 3237 2037 3275 rex

471 3328 597 3366 cum
629 3328 727 3366 sua
752 3320 990 3375 caterva,
1039 3326 1140 3366 nos
1168 3311 1375 3380 primus
1404 3312 1676 3366 deducens
1709 3312 1763 3365 in
1796 3319 2038 3367 nostram

474 3404 773 3473 regionem.

2146 1681 2442 1753 τραπέζης.
2484 1680 2846 1751 Ἀπέστρεψεν
2890 1680 2947 1732 δὲ
2991 1681 3201 1733 ἅπαντα
3242 1681 3574 1749 Ἐπιφάνιος,
3614 1681 3718 1734 ἕνα

2146 1773 2307 1843 ἄρτον
2342 1773 2501 1843 μόνον
2540 1773 2816 1845 κρατήσας
2856 1774 3007 1842 ἡμῖν.
3050 1764 3119 1841 τῼ
3149 1772 3709 1842 χρησάμενοιὲκορέ-

2148 1864 2385 1933 σθημεν,
2426 1863 2872 1935 εὐχαριστοῦντες
2912 1862 2991 1932 τῷ
3038 1862 3156 1932 Θεῷ
3193 1861 3300 1914 τῶν
3339 1863 3492 1916 ὅλων.
3535 1864 3615 1932 Τῇ
3658 1864 3723 1916 δὲ

2146 1955 2404 2026 ἐπαύριον
2435 1955 2748 2025 μετέστελλε
2781 1957 2808 2007 6
2838 1953 3086 2023 βασιλεὺς
3122 1953 3206 2005 τὸν
3241 1954 3570 2020 Ἐπιφάνιον.
3600 1954 3719 2006 Τοῦ

2148 2046 2203 2099 δὲ
2234 2045 2582 2115 ἐμϐαίνοντος
2614 2047 2671 2099 ἐν
2706 2037 3064 2107 καταστάσέι,
3094 2043 3326 2113 ἔφθασεν
3364 2044 3588 2112 ἔγγιστα
3612 2046 3719 2097 ταῦ

2148 2135 2427 2206 βασιλέως·
2465 2135 2625 2198 αὐτὸς
2664 2136 2719 2188 δὲ
2760 2135 2994 2197 ἀναστὰς
3023 2134 3128 2187 ἀπὸ
3163 2134 3256 2187 τοῦ
3288 2133 3495 2206 θρόνου,
3527 2134 3719 2205 τίθησι

2145 2226 2205 2279 τὸ
2236 2226 2501 2296 βασίλειον
2536 2226 2625 2279 ἐπὶ
2654 2226 2751 2296 τὴν
2781 2226 2905 2295 γῆν.
2937 2222 3102 2277 Εἶπεν
3143 2224 3198 2277 δέ
3236 2226 3544 2293 Ἐπιςράνιος
3574 2226 3723 2292 πρὸς

2146 2320 2236 2372 τὸν
2292 2319 2540 2390 βασιλέα·
2592 2318 2735 2372 Δάὸε
2788 2318 2847 2370 τὸ
2891 2317 3107 2387 ἀξίωμα
3146 2316 3247 2386 τῆς
3281 2316 3717 2386 βασιλείαςσίκαλ

2148 2408 2235 2481 ἔχε
2291 2410 2427 2481 πρὸς
2472 2410 2601 2463 Θεὸν
2641 2408 3075 2479 εὐγνωμοσύνην.
3108 2404 3272 2461 Εἶπεν
3299 2409 3356 2461 δὲ
3387 2410 3414 2461 6
3460 2407 3719 2476 βασιλεὺς

2148 2500 2282 2570 πρὸς
2343 2501 2686 2570 Ἐπιφάνιον’
2732 2500 2874 2553 Μένε
2924 2500 3040 2570 μεθ’
3076 2498 3229 2569 ἡμῶν
3257 2499 3461 2563 ἐνθάδε,
3493 2499 3710 2569 Πάτερ,

2148 2592 2241 2644 καὶ
2289 2591 2479 2663 ἔσομαι
2526 2591 2739 2663 κρατῶν
2784 2592 2908 2653 τοὺς
2948 2591 3241 2661 ὑμετέρους
3290 2590 3499 2659 λόγους.
3542 2587 3723 2643 Εἶπεν

2146 2682 2202 2735 δὲ
2260 2684 2567 2753 Ἐπιφάνιος
2620 2684 2753 2755 πρὸς
2800 2684 2891 2736 τὸν
2941 2682 3182 2753 βασιλέα·
3244 2682 3368 2736 Ἐὰν
3423 2683 3721 2757 κρατήσῃς

2146 2775 2271 2837 τοὺς
2313 2776 2476 2843 ἐμοὺς
2514 2776 2731 2843 λόγους,
2764 2775 3115 2845 μνημονεύσω
3144 2792 3235 2828 σου
3270 2776 3402 2829 ὅπου
3433 2776 3527 2828 ἐάν
3568 2778 3717 2845 εἰμι.

2162 2865 2520 2935 Ἐποίησαμεν
2558 2866 2614 2919 δὲ
2661 2866 2690 2919 ι’
2719 2862 2929 2936 ἡμέρας
2965 2867 3021 2918 ἐν
3051 2866 3127 2937 τῷ
3156 2867 3385 2937 ταμιείῳ
3412 2866 3504 2919 τοῦ
3549 2867 3718 2936 βασι-

2142 2954 2296 3018 λέως.
2333 2949 2497 3007 Εἶπεν
2543 2954 2603 3007 δὲ
2644 2954 2955 3023 Ἑπιφάνιος
2991 2955 3124 3026 πρὸς
3165 2956 3255 3009 τὸν
3298 2956 3537 3026 βασιλέα·
3566 2961 3722 3029 Δρα-

2147 3044 2351 3115 μοῦμαι
2398 3045 2488 3097 ἐπὶ
2530 3045 2668 3117 ἐμὴν
2702 3046 2951 3115 πατρίδα.
2994 3046 3147 3117 Ζητῶ
3196 3048 3301 3118 γὰρ
3346 3049 3554 3111 πάντας
3580 3052 3717 3112 τοὺς

2144 3139 2260 3190 ἐκεῖ
2300 3138 2476 3200 ὄντας,
2529 3138 2623 3191 καὶ
2668 3138 2759 3191 ἔσο
2806 3138 3108 3209 καθήμενος
3150 3140 3241 3191 ἐπὶ
3277 3139 3353 3209 τῷ
3398 3140 3593 3210 θρόνῳ,
3639 3144 3719 3211 μὴ

2145 3227 2558 3297 ἐπεγειρόμενος
2602 3227 2743 3281 κατά
2782 3226 3085 3297 Ῥωμαίων.
3128 3226 3251 3279 Ἐὰν
3280 3227 3386 3297 γὰρ
3417 3228 3717 3301 ἐχθραίνῃς

2145 3320 2255 3380 τοῖς
2309 3318 2627 3388 Ῥωμαίοις,
2673 3318 2771 3390 ἔσῃ
2812 3318 3106 3389 ἐχθραίνων
3154 3318 3230 3388 τῷ
3287 3320 3714 3391 ἐσταυρωμένῳ·

2145 3408 2238 3460 ἐὰν
2270 3408 2378 3479 γὰρ
2421 3407 2483 3479 [ί.
2523 3408 2616 3461 ἐὰν
2642 3408 2720 3479 δέ]
2750 3410 2880 3479 γένῃ
2912 3408 3104 3481 ἐχθρὸς
3145 3409 3238 3462 τοῦ
3275 3410 3713 3480 σταυρωθέντος,

471 3499 682 3570 τακήσῃ
712 3496 897 3559 κακῶς
941 3496 1045 3549 ὐπὸ
1077 3495 1183 3549 τῶν
1216 3496 1517 3549 ἀντιδίκων.
1589 3495 1771 3549 Ταῦτα
1815 3496 1872 3549 δὲ
1942 3498 2109 3551 εἰπὼν
2160 3501 2468 3568 Ἐπιφάνιος
2514 3501 2649 3573 πρὸς
2687 3501 2777 3553 τὸν
2816 3500 3057 3570 βασιλέα,
3099 3502 3381 3555 ἐπέϐαινεν
3417 3502 3644 3571 πρῶτος
3686 3509 3715 3555 ό

475 3588 726 3659 βασιλεὺς
761 3587 897 3659 μετὰ
927 3587 1019 3640 τοῦ
1046 3587 1264 3655 στίφους
1298 3585 1490 3650 αὐτοῦ,
1519 3587 1857 3656 προπέμπων
1882 3588 2030 3655 ἡμᾶς
2066 3588 2159 3641 ἐπὶ
2191 3588 2288 3658 τὴν
2318 3588 2521 3659 χώραν.

543 3678 733 3734 XVIII.
804 3679 942 3735 Cum
993 3678 1196 3749 egressi
1253 3687 1431 3733 autem
1486 3693 1731 3733 essemus
1776 3693 1842 3732 ex
1895 3680 2041 3743 aula,

474 3786 601 3827 ecce
636 3779 753 3826 erat
781 3770 1096 3825 adolescens
1141 3778 1391 3824 mortuus
1422 3770 1475 3822 in
1515 3768 1760 3837 grabato,
1794 3769 1887 3838 qui
1925 3778 2042 3823 erat

476 3864 621 3918 Iilius
650 3863 815 3917 unius
862 3878 927 3915 ex
968 3861 1307 3931 proceribus.
1347 3861 1481 3914 Eum
1531 3875 1660 3913 vero
1692 3858 1935 3913 ferebant
1972 3862 2039 3916 ad

475 3971 661 4020 canes,
696 3964 756 4009 ut
786 3955 1117 4025 projicerent
1143 3952 1501 4007 exedendum.
1534 3950 1681 4005 Dixit
1705 3962 1882 4006 autem
1912 3952 2039 4022 Epi-

476 4048 710 4119 phanius
735 4047 802 4102 iis
828 4048 919 4116 qui
945 4045 1187 4101 ferebant
1216 4054 1491 4099 mortuum
1520 4042 1676 4109 :Quo
1703 4044 1791 4099 itis
1817 4045 1881 4099 ad
1914 4060 2039 4099 cum

477 4138 885 4209 sepeliendum?
925 4137 1124 4192 Dicunt
1166 4135 1513 4206 Epiphanio:
1555 4136 1658 4202 Qui
1688 4136 1799 4191 vita
1851 4152 2040 4193 exces-

477 4231 568 4296 sit,
597 4228 880 4284 vorabitur
908 4244 941 4283 a
973 4228 1219 4284 canibus.
1247 4226 1587 4297 Epiphanius
1621 4236 1803 4281 autem
1850 4239 2038 4284 tenens

478 4322 784 4393 grabatum,
813 4319 950 4374 dixit
969 4319 1049 4374 eis
1076 4337 1089 4373 :
1116 4316 1159 4371 Ο
1188 4317 1282 4371 lilii
1307 4357 1323 4381 ,
1352 4317 1503 4370 humi
1532 4318 1807 4387 deponite.
1839 4315 2036 4372 Videa-

2214 3680 2318 3735 IH'.
2370 3679 2553 3751 Ἡμῶν
2581 3679 2637 3731 δὲ
2680 3677 2999 3744 ἐξελθόντων
3043 3681 3107 3733 ἐκ
3146 3679 3237 3732 τοῦ
3271 3680 3563 3753 ταμιείου,
3597 3684 3712 3739 ἰδοὺ

2142 3771 2415 3834 νεανίσκος
2444 3770 2715 3841 τεθνηκὼς
2756 3766 2823 3840 ἦν
2866 3771 2957 3822 ἐπὶ
2998 3770 3091 3824 τοῦ
3127 3770 3415 3843 κραϐάτου,
3450 3772 3569 3836 υίὸς
3609 3776 3710 3826 ὐπ-

2141 3862 2322 3932 άρχων
2350 3862 2467 3924 ἐνὸς
2503 3862 2611 3914 τῶν
2661 3862 3015 3932 μεγιστάνων.
3064 3861 3264 3914 Τοῦτον
3303 3862 3581 3933 ἀπέφερον
3617 3867 3710 3918 ἐπὶ

2141 3954 2266 4015 τούς
2292 3952 2647 4024 ἁστροκύνας,
2678 3954 2823 4015 ὅπως
2852 3953 3078 4023 ῥίψωσιν
3111 3953 3199 4005 ἐπὶ
3224 3956 3291 4023 τῇ
3331 3954 3705 4025 καταὸρὼσει.

2155 4044 2211 4095 Ὀ
2245 4044 2301 4095 δὲ
2345 4043 2653 4112 Ἐπιφάνιος
2692 4046 2803 4107 τοῖς
2832 4045 2907 4115 (a)
2933 4043 3023 4096 τοῦ
3052 4044 3324 4115 κραϐάτου
3361 4044 3547 4113 ἔλεγεν
3586 4051 3705 4117 μετ’

2140 4135 2442 4205 εὐμενείας·
2490 4134 2802 4198 Ἀπόθεσθε,
2832 4134 3017 4197 τέκνα,
3049 4134 3141 4187 ἐπὶ
3180 4135 3276 4205 τὴν
3310 4136 3428 4203 γῆν.
3467 4137 3703 4208 Ἴδωμεν

2140 4230 2232 4280 καὶ
2272 4229 2431 4299 ἡμεῖς
2474 4227 2565 4283 τὸν
2605 4227 2889 4283 τεθνεῶτα.
2930 4222 3093 4290 061:0;
3124 4226 3180 4279 δὲ
3212 4229 3240 4279 ὁ
3279 4230 3406 4291 παῖς
3447 4228 3557 4281 ὐπὸ
3599 4249 3702 4300 μα-

2138 4317 2290 4384 γείας
2331 4316 2517 4369 ἔθανεν
2559 4317 2743 4381 κακῶς
2772 4317 2876 4370 ὐπὸ
2902 4317 3227 4388 κακούργου.
3269 4318 3423 4381 Ἐθος
3453 4318 3512 4371 δέ
3548 4321 3704 4373 ἐστιν

477 4430 601 4469 mus
641 4427 741 4466 nos
772 4426 989 4481 quoque
1015 4418 1310 4464 mortuum.
1344 4406 1444 4463 Hic
1472 4424 1602 4463 vero
1634 4424 1769 4479 puer
1807 4417 2030 4464 necatus

2149 4408 2263 4478 περὶ
2304 4408 2428 4471 τοὺς
2469 4408 2712 4480 Πέρσας,
2759 4411 2885 4471 τοὺς
2928 4408 3348 4479 τελευτήσαντας
3393 4408 3696 4481 βρωθῆναι·

477 4505 657 4561 fuerat
678 4512 793 4558 arte
823 4503 1031 4572 magica
1062 4518 1092 4556 a
1125 4501 1361 4571 quodam
1396 4500 1663 4555 maletico.
1692 4498 1809 4555 Mos
1839 4508 1921 4555 est
1939 4516 2037 4554 au-

477 4610 585 4657 tem
610 4599 751 4668 apud
772 4596 987 4659 Persas,
1017 4606 1077 4651 ut
1104 4595 1197 4666 qui
1232 4601 1359 4649 sunt
1388 4595 1612 4659 mortui,
1651 4594 1977 4648 devorentur
2004 4607 2035 4646 a

477 4694 725 4749 canibus.
753 4690 888 4746 Cum
920 4690 954 4743 ii
990 4702 1119 4759 ergo
1154 4688 1401 4756 protinus
1430 4686 1710 4757 grabatum
1751 4685 2033 4754 deposuis-

477 4792 620 4849 sent,
646 4782 759 4851 regi
787 4780 923 4834 dixit
950 4778 1280 4847 Epiphanius
1315 4796 1327 4830 :
1357 4775 1400 4830 Ο
1433 4792 1546 4837 rex,
1589 4776 1681 4845 qui
1732 4776 1878 4844 regis
1913 4790 2034 4828 ma-

478 4876 561 4929 los
600 4884 651 4927 et
676 4874 889 4941 iniquos
918 4870 1187 4930 homines,
1219 4868 1503 4939 oportebat
1542 4870 1704 4930 hunc,
1746 4867 1838 4936 qui
1865 4881 1895 4920 e
1924 4866 2033 4920 vita

478 4965 729 5029 excessit,
774 4964 829 5017 in
865 4971 1007 5017 terra
1044 4961 1277 5030 sepeliri,
1314 4969 1372 5013 ut
1398 4960 1490 5031 qui
1520 4959 1735 5014 caelitus
1779 4957 1904 5012 tuba
1938 4972 2031 5012 ca-

479 5066 592 5121 net,
633 5071 755 5111 eum
788 5055 913 5109 hinc
959 5054 1127 5125 possit
1158 5055 1441 5108 traducere
1479 5051 1547 5105 ad
1588 5050 1766 5119 ipsum
1800 5048 2034 5103 adoran-

479 5150 627 5203 dum.
659 5146 729 5201 Es
766 5156 947 5201 autem
977 5162 1069 5200 rex
1099 5146 1233 5200 adeo
1265 5143 1632 5213 improborum
1662 5149 1716 5194 et
1746 5140 2032 5195 scelerato-

481 5255 599 5295 rum
650 5239 953 5303 hominum,
1013 5247 1073 5293 ut
1117 5238 1200 5292 vel
1231 5246 1355 5290 ante
1398 5245 1609 5303 tempus
1657 5232 1757 5288 sibi
1804 5242 2031 5288 mortem

479 5330 726 5385 aﬂ'erant.
774 5329 892 5395 Hic,
930 5345 1091 5399 quem
1126 5329 1276 5383 vides
1323 5336 1617 5389 mortuum,
1650 5326 1758 5379 vita
1804 5326 2033 5382 excessit

481 5430 702 5477 necatus
727 5436 759 5475 a
792 5422 1058 5475 maleﬁco.
1091 5420 1195 5473 Sed
1227 5419 1370 5472 Deus
1404 5430 1576 5482 meus,
1605 5416 1696 5486 qui
1727 5414 2033 5471 fuitexten-

548 5596 916 5669 (as)‘Qua:dam_
959 5596 1145 5669 Graeco
1183 5594 1647 5669 textuexcidere,
1674 5604 1733 5649 ut
1771 5610 1836 5669 e_x
1870 5596 2032 5650 inter-

480 5665 775 5734 pretatione
805 5666 994 5723 Latina
1024 5665 1218 5739 cuique
1242 5666 1459 5722 obvium
1488 5674 1589 5721 est.
1609 5665 1762 5721 Enn.
1790 5665 2025 5722 Paxaea.

2135 4501 2241 4554 τῶν
2289 4500 2345 4554 δέ
2388 4501 2737 4571 ἀποθεμένων
2790 4501 2991 4564 εὐθέως
3037 4500 3097 4554 τὸ
3142 4500 3407 4571 κράϐατον
3455 4502 3552 4554 ἐπὶ
3608 4503 3699 4573 τὴν

2136 4597 2259 4665 γῆν,
2290 4590 2439 4649 εἶπεν
2480 4594 2787 4663 Ἐπιφάνιος
2826 4592 2901 4663 τῷ
2932 4593 3156 4662 βασιλεῖ·
3186 4588 3257 4645 Ὦ
3289 4592 3505 4663 βασιλεῦ
3538 4594 3694 4663 βασι·

2134 4686 2285 4749 λέων,
2321 4684 2506 4737 κακῶν
2541 4685 2637 4755 (b),
2682 4685 2895 4755 ἀνόμων
2942 4682 3166 4754 ἀνδρῶν·
3217 4683 3382 4753 ἐχρῆν
3425 4683 3539 4751 γὰρ
3578 4686 3694 4738 τοῦ.

2132 4789 2244 4831 τον,
2273 4772 2363 4825 τὸν
2395 4771 2504 4841 βίον
2529 4770 2825 4836 ἐξελθόντα,
2857 4771 2934 4835 εἰς
2961 4770 3065 4840 γῆν
3090 4773 3323 4842 ταφῆναι
3354 4771 3490 4841 μετά
3514 4773 3693 4843 ἀσφα·

2132 4862 2307 4927 λείας,
2349 4862 2413 4914 ἵν’
2452 4863 2739 4933 οὐρανόθεν
2779 4864 2807 4914 6
2843 4862 3115 4931 Δεσπότης
3162 4860 3429 4923 σαλπίζων
3456 4878 3690 4931 μετανα-

2135 4954 2318 5023 στήσει
2349 4952 2530 5006 τοῦτον
2562 4954 2639 5017 είς
2671 4953 3055 5023 προσκύνησιν.
3098 4950 3359 5003 Τοιούτων
3388 4951 3443 5003 δὲ
3477 4954 3688 5026 ἀνδρῶν

2133 5043 2376 5097 ἀτάκτων
2406 5043 2722 5113 βασιλεύεις,
2752 5044 2825 5105 ὥς
2861 5061 2919 5096 τε
2960 5044 3050 5095 καὶ
3081 5042 3184 5114 πρὸ
3219 5042 3408 5113 καιροῦ
3458 5043 3687 5099 θάνατον

2132 5137 2341 5199 ἐαυτοῖς
2380 5136 2731 5207 ποιουμένων.
2767 5137 2870 5188 Ἴδε
2918 5136 3001 5207 δὴ,
3046 5129 3218 5200 οὗτος,
3254 5137 3310 5189 ὃν
3341 5135 3569 5206 βλέπεις
3607 5156 3684 5189 τε·

2133 5226 2359 5291 θνεῶτα,
2396 5228 2501 5281 ὑπὸ
2529 5226 2833 5297 κακούργου
2859 5228 2947 5279 τὸν
2983 5228 3093 5297 βίον
3126 5226 3441 5299 ὑπεξῆλθεν.
3488 5229 3682 5283 Ἀλλ“ό

2131 5318 2261 5381 Θεὸς
2289 5336 2387 5389 μου
2411 5321 2438 5372 6
2466 5318 2745 5380 τανυσθεὶς
2770 5318 2861 5370 ἐπὶ
2890 5317 3064 5383 ξύλου,
3098 5318 3281 5371 τοῦτον
3310 5317 3513 5388 ἐγείρει
3554 5318 3681 5374 κατὰ

2132 5412 2417 5484 πρόσωπον
2449 5412 2682 5466 πάντων.
2714 5409 2895 5464 Ταῦτα
2925 5411 2980 5463 δὲ
3025 5411 3191 5465 είπὼν
3218 5412 3537 5481 Ἑπιφάνιος
3559 5456 3574 5481 ,
3602 5413 3678 5469 καὶ

2207 5589 2273 5659 (θ)
2315 5587 2466 5661 Legit
2506 5586 2767 5661 interpres
2810 5606 2822 5643 :
2854 5584 2924 5643 Ὦ
2968 5589 3213 5660 βασιλεῦ,
3246 5587 3553 5661 βασιλεύων
3590 5604 3671 5647 κον

2132 5656 2262 5728 κῶν,
2292 5656 2578 5714 οιοίΕοιτ.
2613 5656 2847 5714 ΡΑτιιοι..
