3800 6180
106 231 167 286 33
1388 219 1445 275 S.
1483 214 1821 270 EPlPllANll
1862 212 2046 268 VITA.

3255 212 3317 266 £6

105 344 209 408 ταῖς
252 339 435 413 χερσὶν
480 336 642 392 αὐτοῦ
672 337 763 390 τὸν
807 336 997 407 νεκρὸν
1039 336 1396 406 ψηλαφήσας,
1427 334 1650 405 ἐϐόησεν

1784 342 1849 381 us
1878 342 2043 397 supra
2073 325 2301 395 lignum,
2332 340 2454 380 eum
2507 323 2765 379 excitabit
2806 337 2993 377 coram
3040 322 3319 378 omnibus.

102 436 170 505 τῷ
210 429 586 503 φιλανθρώπῳ·
614 431 707 483 Υἱὲ
739 431 874 484 Θεοῦ
896 472 910 493 ,
951 431 1140 501 φησὶν,
1175 431 1203 482 ὁ
1233 429 1321 482 τὸν
1353 430 1651 499 τετραήμε-

105 543 181 595 ρον
205 522 448 594 Λάζαρον
476 524 539 574 ἐκ
569 521 775 592 νεκρῶν
801 523 1138 593 ἀναστήσας,
1174 521 1533 591 ἐξανάστησον
1560 520 1653 574 τὸν

102 616 299 669 νεανίαν
352 614 558 667 τοῦτον.
611 615 722 667 Καὶ
771 613 949 666 λαϐὼν
1012 614 1323 681 Ἐπιφάνιος
1378 612 1467 665 τὸν
1525 612 1652 665 ἴδιον

102 704 382 773 ἐπενδύτην
430 703 672 757 ἐνέδυσεν
736 704 827 756 τὸν
875 703 1180 757 τεθνεῶτα·
1245 704 1364 766 ἔθος
1423 704 1531 773 γὰρ
1585 699 1653 773 ἦν

104 794 219 863 περὶ
256 794 382 854 τούς
412 793 648 863 Πέρσας,
693 795 933 863 γυμνοὺς
976 794 1128 863 ἄγειν
1159 795 1285 857 τοὺς
1331 794 1649 858 τεθνεῶτας.

102 883 302 947 Εὐθέως
354 879 446 937 οὖν
478 884 676 957 ἀνέστη
722 886 750 936 ὁ
781 886 1057 948 νεανίσκος
1077 925 1092 950 ,
1129 887 1221 939 καὶ
1261 884 1534 955 ἠσπάζετο
1565 887 1655 938 τὸν

114 974 435 1044 Ἐπιφάνιον.
467 971 636 1027 Εἶπεν
668 974 723 1028 δὲ
764 960 1082 1046 Ἕπιφάνιος
1124 977 1201 1047 τῷ
1236 976 1519 1047 νεανίσκῳ·
1556 977 1657 1030 Βά-

100 1064 224 1129 διζε,
255 1066 466 1128 τέκνον,
491 1066 549 1118 ἐν
581 1066 658 1136 τῷ
695 1066 771 1137 σῷ
811 1067 961 1137 οἴκῳ,
992 1067 1084 1120 καλ⁵
1113 1070 1340 1139 φόρεσον
1378 1069 1566 1138 ἱμάτια
1591 1070 1658 1121 τὰ

103 1154 319 1226 συνήθη·
344 1155 519 1222 ἄγαγε
549 1154 605 1207 δέ
640 1173 727 1226 μοι
759 1156 848 1209 τὸν
890 1156 1202 1227 ἐπενδύτην.
1246 1153 1354 1209 Ἦν
1388 1156 1495 1227 γὰρ
1540 1157 1659 1219 ἔθος

112 1243 403 1314 Ἐπιφανίῳ
450 1247 632 1315 φορεῖν
672 1246 906 1316 τρίχινον
948 1246 1149 1315 χιτῶνα
1194 1248 1285 1300 ἐπὶ
1316 1247 1414 1318 τὴν
1459 1246 1656 1317 σάρκα,

100 1339 186 1390 καὶ
215 1337 414 1401 ἔξωθεν
450 1337 614 1390 αὐτοῦ
652 1337 742 1391 τὸν
784 1339 1095 1411 ἐπενδύτην.
1137 1340 1225 1403 Ὠς
1251 1336 1344 1393 οὖν
1379 1340 1483 1392 ἴδεν
1515 1342 1542 1392 ό
1567 1339 1660 1408 βα-

101 1427 276 1489 σιλεὺς
308 1426 370 1479 τὸ
395 1427 683 1497 γενόμενον
722 1430 951 1497 πρᾶγμα
988 1431 1046 1481 ἐν
1082 1430 1400 1501 Ἐπιφανίῳ,
1436 1430 1661 1497 ὑπενόη-

102 1534 187 1571 σεν
232 1518 355 1571 θεὸν
386 1519 543 1571 αὐτὸν
572 1515 729 1572 εἶναι.
770 1514 907 1573 Εἷπε
943 1519 999 1573 δὲ
1036 1522 1349 1591 Ἐπιφάνιος
1394 1523 1472 1593 τῷ
1507 1522 1661 1593 βασι-

98 1608 194 1660 λεῖ·
223 1608 316 1678 Μὴ
346 1608 560 1676 λογίζου
586 1610 665 1671 εἰς
689 1610 787 1680 ἐμὲ
812 1610 1004 1674 ταῦτα,
1028 1612 1311 1682 ἄνθρωπον
1338 1613 1465 1666 ὄντα
1486 1615 1663 1681 ὁμοιο-

1755 418 1893 472 Cum
1923 418 2037 471 haec
2065 424 2243 469 autem
2279 414 2507 470 dixisset
2536 412 2893 484 Epiphanius,
2932 412 3185 469 manibus
3208 415 3325 468 suis

1759 520 1948 564 tenens
1978 518 2274 572 mortuum,
2308 507 2542 575 benigno
2575 515 2628 561 et
2670 505 2924 561 clementi
2964 503 3072 559 Deo
3121 503 3327 558 clama-

1758 602 1834 654 vit
1864 618 1877 653 :
1910 599 2010 653 Fili
2042 598 2159 662 Dei,
2213 599 2303 668 qui
2335 598 2695 668 quadrianum
2724 597 2991 651 Lazarum
3024 595 3321 659 suscitasti,

1759 695 1905 748 hunc
1934 706 2149 761 quoque
2175 692 2378 745 suscita
2428 691 2848 745 adolescentem.
2875 688 3121 755 Cumque
3166 701 3322 739 suum

1760 785 2056 854 accepisset
2088 784 2464 838 indumentum
2496 782 2853 853 Epiphanius,
2886 797 2951 836 eo
2985 780 3160 834 induit
3187 794 3324 832 mor-

1762 886 1936 932 tuum.
1968 875 2082 931 Mos
2108 883 2190 929 est
2217 876 2361 929 enim
2390 875 2571 930 Persis
2600 882 2846 928 mortuos
2876 872 3051 926 nudos
3075 871 3322 925 educere.

1764 967 2067 1035 Statimque
2117 966 2353 1019 surrexit
2406 965 2743 1027 adolescens,
2801 973 2853 1018 et
2903 962 3186 1030 amplexus
3247 967 3331 1014 est

1762 1059 2146 1129 Epiphanium.
2187 1059 2327 1113 Dixit
2357 1067 2536 1113 autem
2576 1056 2912 1127 Epiphanius
2950 1052 3276 1108 adolescenti
3311 1068 3325 1105 :

1765 1150 1910 1205 Vade
1932 1192 1945 1213 ,
1974 1151 2045 1204 ﬁli
2067 1192 2081 1215 ,
2119 1151 2173 1205 in
2215 1151 2438 1205 domum
2488 1158 2660 1213 tuam,
2689 1158 2744 1202 et
2773 1142 2854 1201 Ter
2888 1155 3062 1202 vestes
3093 1158 3331 1199 consue—

1766 1251 1868 1301 tas.
1901 1250 1954 1295 et
1983 1240 2123 1295 refer
2153 1241 2219 1296 ad
2275 1256 2359 1296 me
2415 1255 2597 1293 meum
2653 1239 3051 1293 indumentum.
3108 1234 3332 1289 Solebat

1765 1334 1909 1386 enim
1942 1331 2277 1401 Epiphanius
2324 1330 2465 1386 ferre
2496 1331 2731 1386 cilicium
2777 1344 2941 1398 super
2971 1327 3171 1380 nudam
3210 1340 3332 1379 car-

1767 1438 1891 1477 nem
1916 1430 1970 1477 et
2000 1423 2294 1477 amiculum
2338 1422 2688 1492 superjicere.
2717 1420 3011 1490 Postquam
3042 1428 3221 1473 autem
3254 1418 3334 1469 vi-

1767 1515 1847 1569 dit
1876 1530 1971 1569 rex
1996 1515 2319 1569 miraculum
2350 1515 2493 1584 quod
2530 1513 2734 1568 factum
2788 1522 2871 1567 est
2902 1512 2969 1565 ab
3011 1510 3332 1580 Epiphanio,

1773 1605 2106 1659 existimavit
2138 1620 2261 1659 eum
2292 1619 2414 1660 esse
2448 1609 2626 1659 deum.
2656 1603 2755 1658 Cui
2793 1602 2929 1657 dixit
2957 1601 3290 1671 Epiphanius
3318 1620 3331 1654 :

99 1698 273 1768 παΘῆ.
306 1698 364 1750 '0
395 1698 502 1768 γάρ
531 1698 662 1762 Θεός
691 1715 814 1768 μου,
908 1701 1220 1765 ἐπίστευσα,
1245 1701 1418 1755 ταῦτα
1438 1704 1660 1773 παρέχει

1781 1697 1922 1761 Noli,
1969 1697 2081 1751 noli
2116 1697 2231 1751 hac
2259 1696 2326 1750 de
2372 1710 2457 1749 me
2506 1695 2838 1758 existimare,
2876 1694 2967 1763 qui
3000 1709 3119 1748 sum
3172 1694 3335 1745 homo

100 1790 209 1851 τοῖς
242 1788 419 1856 φίλοις
460 1788 643 1841 αὐτοῦ.
687 1787 871 1841 Ταῦτα
909 1789 965 1841 δὲ
1014 1790 1183 1843 εἰπὼν
1221 1792 1532 1861 Ἑπιφάνιος
1577 1796 1671 1848 καὶ

100 1878 321 1931 πλείονα
352 1878 574 1944 τούτων,
608 1874 759 1932 εἶπεν
787 1879 866 1949 τῷ
900 1880 1135 1950 βασιλεῖ·
1190 1882 1547 1956 ’Υπόστρεςρε,
1579 1887 1669 1938 τέ-

99 1986 245 2033 κνον,
278 1971 334 2023 ἐν
370 1968 446 2039 σῷ
476 1969 722 2039 ταμιείῳ.
767 1970 956 2040 Ἡμεῖς
984 1962 1092 2044 γάρ
1124 1972 1409 2044 βαδίζομεν
1450 1977 1541 2028 ἐπὶ
1569 1994 1672 2030 παι-

94 2060 276 2130 τρίδα.
303 2056 469 2112 Εἶπεν
497 2060 553 2112 δὲ
578 2062 607 2113 ὁ
651 2060 899 2130 βασιλεὺς
933 2062 1069 2133 πρὸς
1109 2064 1439 2133 Ἐπιφάνιον·
1468 2067 1674 2130 Πόσους

97 2153 352 2222 ξιφήρεις
387 2152 691 2205 ἀποστείλω
738 2155 862 2217 τοὺς
905 2153 1270 2219 δυασώζοντάς
1322 2173 1415 2224 σε,
1462 2159 1671 2231 qud-cep;

93 2241 270 2297 Εἶπεν
295 2244 376 2297 δὲ·
397 2244 710 2313 Ἐπιφάνιος
745 2246 881 2316 πρὸς
920 2245 1010 2300 τὸν
1042 2246 1281 2316 βασιλέα·
1318 2249 1464 2319 Ἔχω
1495 2251 1586 2303 τὸν
1616 2253 1675 2304 ἐν

94 2337 354 2407 οὐρανοῖς
405 2335 745 2405 φυλάσσοντα
798 2355 865 2406 με
905 2337 1071 2401 Θεὸν,
1122 2341 1215 2393 καὶ
1260 2339 1504 2412 ξιφήρεις
1550 2344 1676 2406 τοὺς

91 2428 295 2494 ἁγίους
326 2426 490 2479 αὐτοῦ
523 2426 807 2495 ἀγγέλους.
851 2428 983 2481 Τότε
1014 2430 1042 2481 ὁ
1078 2429 1328 2499 βασιλεὺς
1352 2432 1676 2502 ἀσπασάμε-

93 2518 316 2581 νοςοτὸν
357 2519 667 2587 Ἐπιφάνιον
693 2518 919 2589 ἔκραξεν
956 2520 1128 2589 λέγων
1165 2522 1373 2595 μεγάλῃ
1404 2526 1469 2594 τῇ
1503 2527 1674 2595 φωνῇ·

93 2609 303 2673 Βάδιζε
341 2610 617 2677 ὑγιαίνων,
657 2609 964 2679 Ἐπιφάνιε,
995 2614 1027 2681 ή
1065 2612 1191 2677 δόξα
1222 2615 1328 2667 τῶν
1370 2616 1674 2685 Ῥωμαίων·

96 2703 332 2771 μνήμην
359 2700 415 2753 δὲ
459 2701 613 2754 ποιοῦ
646 2701 803 2772 ήμῶν
836 2700 943 2755 τῶν
980 2705 1037 2755 έν
1066 2704 1309 2776 Περσίδι.
1346 2706 1680 2778 ’Δπάραντες

88 2794 149 2846 δὲ
187 2794 311 2846 ἀπὸ
355 2793 633 2864 Περσίδος,
666 2795 1040 2866 ἐπορεύθημεν
1084 2798 1143 2849 ἐν
1192 2800 1258 2867 τῇ
1302 2800 1549 2871 Φοινίκῃ·
1587 2800 1679 2853 καὶ

89 2885 480 2949 διοδεύσαντες
514 2885 677 2957 μέρος
722 2905 773 2940 τι
817 2887 918 2957 τῆς
947 2889 1219 2960 Φοινίκης,
1260 2888 1681 2961 εἰσεληλύθαμεν

88 2978 157 3031 ἐν
183 2977 538 3048 Σπανυδρίῳ.
566 2976 819 3049 Ηύρομεν
843 2979 899 3032 δὲ
930 2979 991 3032 τὸ
1023 2979 1231 3034 κελλίον
1258 2979 1332 3043 ὡς
1365 2976 1433 3052 ἦν
1460 2981 1523 3034 τὸ
1550 2981 1681 3052 πρόο

88 3088 285 3141 τερον.
320 3072 430 3124 Καὶ
460 3072 780 3142 ποιήσαντες
821 3072 1013 3143 τρίτην
1049 3073 1279 3144 ἡμέραν,
1319 3073 1462 3145 ὕδωρ
1484 3075 1583 3129 οὐκ
1612 3072 1680 3146 ἦν

86 3161 195 3216 τοῦ
230 3165 385 3215 πιεῖν
406 3164 577 3233 ἡμᾶς.

166 3333 289 3386 ῙΘ’.
325 3334 551 3398 Σταθεὶς
593 3332 687 3389 οὖν
725 3336 1040 3406 Ἐπιφάνιος
1066 3336 1203 3391 κατὰ
1250 3336 1513 3401 ἀνατολὰς
1565 3337 1685 3407 βλέ-

88 3445 226 3479 πων
262 3427 610 3498 προσηύξατο
633 3427 711 3497 τῷ
737 3428 796 3481 ἐν
830 3428 1078 3498 οὐρανοῖς
1118 3427 1238 3497 Θεῷ
1265 3428 1455 3497 λέγων·
1499 3430 1558 3484 Ὀ
1585 3433 1686 3504 τὴν

84 3517 423 3588 ἀκρότομον
456 3518 661 3590 πέτραν
685 3517 1018 3600 διαχαράξας
1046 3520 1141 3572 καὶ
1175 3519 1285 3573 ἀπὸ
1314 3520 1518 3592 ταύτης
1543 3522 1686 3594 ὕδωρ

80 3606 521 3678 ἐῂναὸρύσας,
570 3608 665 3659 καί
720 3607 847 3661 λαὸν
880 3606 1199 3661 ἐκλείποντα
1248 3608 1391 3680 ὔδωρ
1430 3612 1682 3676 ποτίσας,

75 3698 482 3769 διασπάραξον
530 3699 625 3752 κα)⁸
668 3700 766 3770 τὴν
812 3702 917 3771 γῆν
947 3700 1178 3772 ταύτην·
1230 3703 1323 3755 καὶ
1364 3703 1586 3775 ποίησον
1628 3704 1687 3768 ἐξ

76 3791 285 3860 αὐτῆς
320 3789 464 3859 ὕδωρ
506 3790 766 3869 πηγάζων
811 3792 903 3843 ἐπὶ
944 3792 1268 3863 κατοικησίᾳ
1313 3796 1559 3866 πενήτων
1590 3797 1687 3847 ἀν-

81 3882 377 3950 θρώπων.
411 3880 517 3933 Τοῦ
551 3882 608 3933 δὲ
650 3882 962 3951 Ἐπιφανίου
995 3882 1167 3936 ταῦτα
1200 3884 1465 3949 εἰπόντος,
1493 3885 1687 3939 εὐωδία

74 3990 177 4036 τις
234 3970 433 4041 ἀγαθὴ
471 3972 686 4040 ἐγένετο
731 3976 790 4026 ἐν
833 3973 911 4043 τῷ
953 3974 1101 4045 τόπῳ
1133 3976 1357 4047 ἐκείνῳ·
1400 3978 1495 4031 κα¹ι¹
1528 3978 1687 4031 πάλιν

68 4064 307 4125 κλίνας
336 4063 517 4133 τρίτον
544 4062 637 4115 ἐπὶ
673 4063 769 4132 τήν
803 4064 905 4134 γῆν
950 4065 1044 4117 καὶ
1085 4066 1557 4137 προσευξάμενος,
1594 4069 1689 4121 λα-

64 4153 203 4206 ϐὼν
261 4152 581 4223 ὀρυκτῆρα,
624 4152 884 4224 ἐχάραξεν
930 4156 1122 4226 μικρὸν
1164 4157 1257 4209 ἐπὶ
1300 4157 1397 4229 τὴν
1436 4158 1558 4228 γῆν·
1596 4160 1689 4213 καὶ

67 4245 207 4297 ἰδοὺ
253 4242 412 4310 ὕδωρ
452 4243 726 4309 ὀλιγοστὸν
776 4245 1090 4316 ἀνέδρυσεν.
1141 4248 1369 4301 Ἔπειτα
1399 4249 1560 4302 πάλιν
1594 4267 1690 4319 χα-

1770 1790 2039 1845 obnoxius
2068 1789 2259 1843 iisdem
2308 1786 2827 1857 perturbationibus,
2875 1795 2929 1839 et
2966 1784 3214 1839 similiter
3242 1800 3338 1853 pa-

1770 1881 1957 1936 tibilis.
1992 1879 2133 1934 Deus
2160 1893 2335 1942 meus,
2362 1878 2447 1933 cui
2477 1876 2660 1940 credo,
2712 1877 2824 1932 haec
2866 1875 3069 1944 praebet
3106 1875 3219 1929 suis
3253 1872 3336 1926 l'a-

1774 1973 1959 2028 mulis.
1993 1970 2128 2026 Cum
2160 1971 2277 2025 haec
2310 1978 2490 2023 autem
2519 1979 2572 2024 et
2609 1969 2694 2023 his
2741 1968 2896 2038 plura
2942 1967 3168 2022 dixisset
3216 1968 3340 2035 Epi-

1779 2062 2037 2131 phanius,
2067 2061 2199 2115 dicit
2227 2060 2341 2130 regi
2376 2078 2389 2112 :
2427 2057 2734 2121 Revertere,
2765 2058 2875 2123 ﬁli,
2911 2057 2964 2110 in
3007 2056 3207 2110 aulam.
3231 2054 3341 2109 Nos

1775 2153 1918 2206 enim
1951 2153 2097 2206 imus
2127 2152 2181 2205 in
2209 2151 2463 2221 patriam.
2499 2148 2611 2203 Rex
2647 2158 2826 2203 autem
2856 2149 2992 2203 dixit
3015 2148 3338 2217 Epiphanio:

1775 2243 1918 2310 Quot
1955 2244 2037 2299 vis
2085 2244 2345 2299 satellites
2399 2252 2575 2297 tecum
2618 2241 2848 2305 mittam,
2911 2241 3005 2310 qui
3057 2249 3109 2294 te
3156 2249 3341 2294 custo-

1778 2335 1974 2389 diant?
2007 2334 2152 2389 Dixit
2179 2334 2230 2388 ei
2274 2332 2608 2402 Epiphanius
2644 2351 2657 2385 :
2712 2331 2895 2386 Habeo
2925 2342 3118 2401 regem.
3152 2329 3340 2392 Deum,

1778 2425 1874 2496 qui
1907 2434 1991 2480 est
2019 2424 2073 2479 in
2102 2423 2277 2487 caelis,
2318 2424 2411 2493 qui
2446 2438 2534 2477 me
2576 2422 2832 2489 custodit,
2864 2432 2917 2477 et
2949 2421 3211 2476 satellites
3244 2421 3341 2473 ha-

1778 2518 1881 2571 beo
1909 2525 2124 2570 sanetos
2171 2515 2289 2583 ejus
2338 2517 2579 2585 angelos.
2634 2514 2787 2569 Tunc
2835 2530 2926 2568 rex
2979 2514 3341 2584 Epiphanium

1783 2609 2089 2677 amplexus,
2121 2607 2258 2661 dixit
2288 2621 2418 2662 voce
2460 2621 2652 2677 magna
2683 2627 2693 2659 :
2728 2606 2874 2661 Vade
2915 2608 2967 2660 in
3017 2622 3167 2675 pace,
3212 2606 3341 2676 Epi-

1781 2700 1969 2772 phani,
2017 2700 2188 2770 gloria
2216 2697 2609 2754 Romanorum.
2654 2697 2763 2753 Fac
2801 2710 3013 2761 autem,
3067 2708 3127 2752 ut
3170 2698 3341 2752 nostri

1780 2807 1996 2863 quoque
2034 2791 2369 2854 memineris,
2406 2791 2496 2859 qui
2538 2806 2726 2845 sumus
2782 2790 2839 2843 in
2882 2788 3122 2845 Perside.
3172 2789 3342 2845 Rece-

1784 2885 1971 2938 dentes
2009 2898 2135 2938 vero
2165 2898 2195 2936 a
2232 2881 2470 2944 Perside,
2500 2883 2751 2937 venimus
2793 2882 2848 2935 in
2888 2868 3257 2947 thniciam;
3294 2893 3345 2937 et

1784 2991 1908 3029 cum
1943 2982 2150 3044 partem
2189 2972 2483 3027 thnicize
2518 2972 2925 3028 transiissemus
2951 3013 2965 3037 ,
2999 2974 3249 3029 venimus
3294 2976 3345 3028 in

1786 3064 2524 3138 Spanhydrion.lnvenimus
2585 3076 2764 3120 autem
2829 3066 3060 3131 cellam,
3119 3074 3178 3119 ut
3233 3076 3346 3121 erat

1785 3160 1956 3229 prius.
1993 3157 2060 3211 Et
2096 3172 2220 3211 cum
2259 3156 2369 3211 illic
2414 3154 2710 3212 fuissemus
2750 3166 2863 3211 tres
2908 3155 3045 3223 dies,
3081 3172 3188 3210 non
3232 3168 3347 3212 erat

1786 3266 1926 3321 aqua
1952 3249 2017 3303 ad
2050 3249 2362 3303 bibendum.

1856 3339 1998 3394 XIX.
2071 3339 2232 3393 Stans
2283 3346 2463 3393 autem
2516 3338 2849 3408 Epiphanius
2911 3338 3225 3408 aspiciendo
3282 3341 3348 3393 ad

1788 3431 2075 3494 orientem,
2109 3428 2282 3484 oravit
2327 3428 2520 3493 Deum,
2552 3428 2641 3497 qni
2673 3436 2755 3482 est
2798 3428 2854 3482 in
2906 3429 3081 3495 ccelis,‘
3123 3429 3347 3485 dicens:

1788 3522 1832 3578 Ο
1863 3532 1919 3574 ιιι
1955 3521 2048 3590 qui
2091 3528 2298 3590 petram
2348 3529 2674 3588 praeruptam
2724 3518 3068 3588 impressisti,
3097 3529 3150 3575 et
3182 3536 3248 3574 ex
3286 3535 3348 3575 ea

1786 3616 1983 3683 aquam
2011 3612 2276 3667 scaturire
2314 3610 2509 3676 fecisti,
2547 3620 2601 3666 et
2625 3611 2901 3681 po'pulum,
2928 3615 3019 3683 qui
3048 3614 3348 3678 deﬁciebat,

1788 3720 1927 3773 aqua
1962 3702 2159 3773 potasti
2202 3703 2258 3769 ’,
2292 3702 2434 3756 hanc
2480 3716 2696 3771 quoque
2740 3711 2942 3759 terram
2976 3705 3246 3773 imprime,
3298 3720 3351 3761 et

1788 3796 1874 3852 fac
1907 3808 1966 3850 ut
1999 3811 2140 3866 aqua
2178 3810 2243 3849 ex
2290 3809 2352 3849 ea
2380 3795 2640 3850 scaturiat
2666 3804 2883 3865 propter
2911 3797 3149 3851 lidelium
3179 3798 3351 3852 homi-

1789 3904 1918 3941 num
1946 3886 2354 3940 habitationem.
2392 3884 2528 3938 Cum
2575 3886 2690 3940 haec
2721 3886 2947 3941 dixisset
2990 3887 3350 3958 Epiphanius.

1790 3978 1969 4033 bonus
1994 3976 2215 4046 quidam
2241 3976 2379 4030 odor
2402 3974 2504 4029 fuit
2532 3976 2585 4028 in
2613 3976 2705 4029 illo
2738 3976 3128 4046 loco.Cumque
3157 3994 3215 4033 se
3239 3997 3352 4033 rur—

1789 4086 1885 4124 sns
1912 4077 1994 4122 ter
2017 4083 2180 4136 super
2209 4076 2407 4124 terram
2438 4066 2772 4131 inclinasset,
2804 4076 3080 4122 etorassct
3112 4068 3350 4138 Epipha-

1790 4161 1942 4224 nius,
1965 4170 2186 4228 accepto
2218 4159 2397 4229 ligone
2434 4159 2668 4212 turbavit
2702 4167 2921 4224 terram,
2945 4168 2998 4213 et
3017 4176 3140 4215 ecce
3163 4177 3351 4230 parum

1792 4268 1944 4323 aquae
1962 4252 2229 4307 seaturiit.
2254 4251 2458 4306 Deinde
2480 4266 2603 4305 cum
2630 4265 2822 4305 rursus
2841 4252 3135 4316 turbasset,
3172 4254 3353 4306 uberi-

62 4334 283 4407 ράξας
344 4335 869 4405 πλουσιοποτάμιτος
914 4337 1128 4405 ἐγένετο
1169 4340 1203 4407 ἡ
1251 4339 1463 4410 οἴκησις
1508 4342 1660 4411 ήμῶν

1792 4344 1895 4399 bus
1912 4343 2059 4398 ﬂuvii
2088 4344 2247 4412 aquis
2276 4352 2459 4397 nostra
2490 4342 2787 4397 abundavit
2813 4341 3095 4397 habitatio.
3123 4342 3354 4399 Eramus

62 4423 338 4497 Ἠμεθα
382 4427 441 4479 δὲ
484 4429 543 4479 ἐν
576 4426 652 4496 τῷ
695 4427 845 4498 τόπῳ
892 4428 1085 4500 ἐκείνῳ
1119 4431 1500 4501 ἡσυχάζοντες,
1528 4434 1689 4498 αὐτὸς

55 4517 179 4571 καὶ
244 4515 390 4583 ἐγώ,
440 4516 497 4568 Ὁ
530 4511 623 4570 οὐν
665 4515 795 4582 Θεὸς
825 4522 858 4572 ό
881 4519 1299 4582 ἐξανατέλλων
1328 4525 1543 4593 χόρτον
1567 4525 1690 4591 τοῖς

54 4609 364 4674 κτήνεσι
384 4648 400 4672 ,
437 4606 539 4661 καὶ
570 4609 765 4677 χλόην
796 4608 869 4679 τῇ
910 4610 1153 4678 δουλείᾳ
1192 4613 1311 4666 τῶν
1345 4616 1688 4683 ἀνθρώπων,

53 4699 501 4771 ἐξαρδεύοντος
525 4698 619 4751 τοῦ
650 4700 837 4763 ὓδατος
862 4701 958 4771 τὴν
981 4703 1083 4771 γῆν
1112 4704 1325 4757 ἃπασαν
1351 4706 1584 4777 ἐκείνην,
1622 4712 1689 4779 τῇ

52 4789 417 4864 προστάξει
447 4790 541 4843 τοῦ
571 4792 657 4844 ἀεὶ
684 4793 1077 4861 προνοουμένου
1105 4796 1198 4848 τοῦ
1231 4796 1568 4868 ἀνθρωπίνου
1599 4800 1697 4868 γέ-

50 4902 236 4949 mg,
282 4882 556 4950 ἐξέφυσεν
594 4884 627 4951 ή
659 4884 731 4952 γῆ
768 4882 969 4952 πλῆθος
1004 4884 1250 4955 λαχάνων
1292 4889 1372 4950 εἰς
1400 4889 1697 4945 ἀπόλαυσιν

46 4980 170 5030 καὶ
208 4974 539 5045 διατροφὴν
568 4973 743 5045 ήμῶν.
773 4975 947 5031 Τινῶν
982 4975 1039 5029 δὲ
1072 4976 1274 5048 θηρίων
1314 4980 1697 5051 ἐπερχομένων

44 5069 351 5128 τούτοις,
385 5064 484 5118 καὶ
514 5064 613 5135 τὴν
658 5063 872 5118 ἃπασαν
917 5066 1079 5137 χλόην
1118 5068 1504 5137 ἀφανιζόντων,
1544 5069 1703 5125 Ἐπι--⁴

44 5162 301 5230 φὰνιος
346 5157 478 5227 ἔστη
526 5156 713 5209 ἐπάνω
756 5157 863 5210 τῶν
900 5157 1181 5228 λαχάνων,
1215 5158 1306 5210 καὶ
1347 5161 1459 5222 τοῖς
1487 5158 1693 5231 θηρίοις

36 5254 387 5320 διελέγετο
409 5249 488 5311 ὡς
514 5247 821 5319 ἀνθρώποις
848 5248 1019 5317 λέγων
1040 5264 1053 5278 ·
1085 5249 1174 5320 Μή
1203 5267 1292 5319 μοι
1324 5250 1527 5315 κόπους
1553 5270 1696 5324 παρ-

38 5349 241 5416 έκετε
272 5359 292 5373 ο
355 5338 643 5410 ἄνθρωπος
693 5338 800 5410 γάρ
839 5339 1161 5411 ἁμαρτωλὸς
1200 5340 1294 5393 καὶ
1318 5342 1533 5413 πτωχός
1561 5346 1693 5414 εἰμι.

34 5439 163 5493 Διὰ
225 5432 314 5485 τὸ
366 5431 570 5503 πλῆθος
612 5426 703 5485 οὖν
749 5431 857 5484 τῶν
901 5430 1183 5502 ἁμαρτιῶν
1216 5448 1318 5501 μου
1364 5434 1480 5503 εἰμὶ
1524 5435 1583 5489 ἐν
1622 5433 1700 5505 τῷ

128 5623 157 5653 ⁸
212 5615 427 5674 Exod.
466 5628 597 5679 xvn,
628 5614 649 5666 l
693 5628 812 5684 sqq.
890 5612 911 5645 ³
940 5611 1083 5670 Psal.
1120 5628 1238 5681 cm,
1270 5613 1354 5668 Μ.

1795 4444 1973 4489 autem
2002 4435 2056 4488 in
2082 4449 2147 4490 eo
2176 4434 2296 4487 loco
2321 4433 2559 4503 quietem
2598 4442 2839 4503 agentes,
2864 4432 2978 4502 ipse
2999 4442 3182 4502 etego.
3215 4435 3354 4489 Deus

1793 4539 1944 4591 vero,
1974 4523 2064 4593 qui
2104 4523 2346 4592 producit
2387 4521 2563 4589 fenum
2591 4520 2866 4590 jumentis,
2906 4530 2953 4574 et
2994 4521 3205 4574 herbam
3240 4540 3352 4575 ser-

1796 4616 1949 4669 vituti
1990 4615 2256 4667 hominum
2286 4613 2330 4679 ³,
2379 4613 2640 4683 irrigante
2683 4625 2825 4681 aqua
2853 4620 3020 4665 totam
3062 4612 3209 4665 illam
3254 4622 3354 4666 ter-

1797 4722 1935 4773 ram,
1959 4705 2113 4776 jussu
2144 4704 2282 4775 ejus,
2313 4704 2407 4773 qui
2458 4718 2671 4773 semper
2716 4718 2904 4757 curam
2950 4703 3088 4773 gerit
3130 4704 3352 4758 humani

1795 4798 2028 4868 generis,
2073 4795 2328 4867 produxit
2386 4810 2417 4849 e
2463 4803 2604 4849 terra
2660 4794 3061 4850 multitudinem
3120 4798 3350 4859 olerum,

1794 4890 1995 4960 quibus
2033 4903 2133 4943 nos
2170 4886 2476 4942 frueremur
2505 4897 2557 4941 et
2597 4887 2889 4942 aleremur.
2941 4887 3075 4941 Cum
3107 4889 3354 4956 quaadam

1795 4993 1972 5036 autem
2009 4980 2119 5036 fera
2149 4980 2217 5035 ad
2246 4997 2308 5035 ea
2330 4980 2580 5035 venirent
2602 4979 2878 5045 animalia,
2907 4988 2961 5034 et
2980 4979 3215 5035 virorem
3246 4980 3357 5033 om-

1796 5092 1918 5130 nem
1943 5090 2127 5130 earum
2157 5075 2424 5138 tollerent,
2455 5073 2788 5144 Epiphanius
2816 5073 2963 5129 stetit
2990 5088 3151 5143 supra
3188 5076 3354 5137 olera,

1799 5174 1852 5220 et
1871 5164 2126 5220 disseruit
2148 5179 2272 5217 cum
2294 5162 2443 5227 feris,
2479 5172 2733 5233 tanquam
2765 5178 2887 5217 cum
2915 5162 3244 5225 hominibus,
3271 5164 3355 5217 di-

1799 5269 1929 5308 cens
1964 5273 1976 5307 :
2006 5252 2183 5307 Nolite
2218 5252 2353 5307 mihi
2388 5251 2643 5307 exhibere
2672 5252 2971 5308 molestiam
3002 5267 3018 5305 :
3053 5268 3171 5307 sum
3210 5254 3354 5305 enim

1798 5346 1964 5410 homo
2012 5352 2260 5416 peccator
2307 5352 2361 5399 et
2406 5359 2629 5414 pauper.
2678 5344 2901 5414 Propter
2954 5343 3355 5398 multitudinem

1799 5446 1979 5493 autem
2008 5451 2250 5494 meorum
2279 5449 2621 5509 peccatomm
2651 5452 2769 5492 sum
2799 5436 2985 5505 lugens
3014 5430 3067 5488 in
3088 5435 3188 5489 hoc
3216 5436 3354 5500 loco,
