3800 6180
446 259 511 313 ﬂ
1734 250 1789 305 S.
1833 249 2177 304 EPIPHANII
2227 249 2407 304 VI'I‘A.
3625 260 3680 312 ss

446 378 489 431 si
522 376 658 429 forte
690 372 823 427 mihi
878 372 1017 426 Deus
1071 386 1190 424 mea
1249 381 1469 439 peccata
1525 370 1815 425 condonet.
1874 369 2011 440 Ipse,

2123 370 2265 441 τόπῳ
2299 372 2472 442 τούτῳ
2520 370 2757 425 πενθῶν·
2800 372 2828 425 ὁ
2865 371 2996 435 Θεὸς
3036 371 3093 424 δέ
3139 371 3413 443 παρέσχεν
3460 390 3553 444 μοι
3597 377 3682 446 τὴν

448 470 539 538 qui
572 469 673 521 hoc
720 467 851 520 mihi
882 466 1091 520 olerum
1124 465 1357 533 praebuit
1388 465 1646 518 solatium
1690 466 1756 519 ad
1786 465 2018 519 alimen-

448 573 584 625 tum,
616 561 769 615 vobis
826 559 1068 631 praeripit
1118 574 1185 611 ne
1231 558 1465 625 amplius
1495 557 1728 611 veniatis
1772 556 1826 610 in
1871 557 2019 611 hunc

449 654 651 717 locum,
696 666 797 707 nec
832 667 981 707 meas
1016 650 1213 705 herbas
1261 649 1487 703 laedatis.
1547 648 1803 720 Agrestes
1837 657 2019 703 autem

449 747 573 800 ferae
598 759 721 799 cum
755 744 869 798 hmc
916 742 1216 797 audiissent
1244 742 1312 795 ab
1353 740 1681 811 Epiphanio,
1723 740 1870 794 velut
1914 742 2018 794 ho-

445 838 621 891 mines
659 834 953 891 sentientes
1003 834 1047 887 si
1081 848 1188 902 qua
1222 832 1274 885 in
1321 847 1381 886 re
1427 831 1625 902 majori
1674 830 1936 895 laeserint,
1964 840 2019 886 et

445 929 867 1005 reprehensione
896 925 1193 996 pudefacti,
1227 925 1306 981 sic
1336 925 1543 995 pudore
1590 923 1794 981 affectae
1831 924 2018 980 bestia:

446 1020 696 1091 protinus
729 1027 1092 1084 recesserunt,
1120 1026 1175 1072 et
1199 1032 1262 1072 ex
1296 1019 1387 1071 illo
1434 1017 1521 1072 die
1567 1034 1673 1072 non
1721 1018 2016 1088 appropin-

450 1119 690 1180 quarunt
719 1108 952 1178 amplius
984 1108 1104 1163 loco
1134 1118 1338 1164 nostro.
1365 1109 1670 1163 Audierunt
1692 1125 1818 1164 vero
1850 1108 2017 1165 Sara-

446 1198 585 1258 ceni.
621 1198 715 1269 qui
761 1198 955 1253 cellam
988 1198 1148 1254 nobis
1193 1209 1607 1266 exstruxerant,
1637 1201 1853 1256 venisse
1890 1200 2016 1270 Epi-

446 1291 705 1358 phanium
758 1304 822 1344 ex
873 1288 1115 1357 Perside,
1166 1298 1221 1345 et
1277 1300 1646 1356 accesserunt,
1694 1301 1753 1346 ut
1792 1292 2016 1347 benedi-

446 1381 676 1436 ctionem
707 1381 773 1435 ab
799 1396 863 1435 eo
890 1383 1216 1452 acciperent.
1252 1380 1685 1438 Aidificaverunt
1712 1392 1895 1438 autem
1920 1400 2016 1438 no-

446 1473 530 1528 bis
563 1480 675 1527 tres
710 1472 846 1527 alias
894 1472 1129 1528 domos:
1183 1472 1384 1543 quippe
1432 1474 1527 1544 qui
1575 1474 1860 1530 nobiscum
1892 1490 2016 1529 ver~

445 1565 546 1617 sati
582 1571 710 1617 sunt
735 1572 968 1633 quatuor
991 1580 1229 1628 menses,
1266 1575 1321 1619 et
1345 1573 1691 1619 recesserunt
1722 1565 1777 1620 in
1808 1581 1908 1621 sua
1942 1566 2017 1621 lo-

444 1669 529 1710 ca.
555 1654 814 1709 Auditum
845 1663 929 1710 est
954 1664 1133 1711 autem
1187 1656 1242 1709 in
1276 1665 1393 1710 tota
1426 1655 1725 1723 Phoenicia,
1774 1656 2011 1727 Epipha-

2127 463 2471 533 παραμυθίαν
2494 462 2693 533 ταύτην
2718 463 2825 517 τῶν
2854 463 3099 533 λαχάνων
3133 464 3213 526 εἰς
3245 463 3571 537 διατροφήν·
3605 468 3681 521 καὶ

2122 554 2282 617 αὐτὸς
2328 555 2453 623 ὑμῖν
2486 554 2853 627 παραγγέλλει
2890 556 3085 626 μηκέτι
3128 554 3300 607 ἐλθεῖν
3330 556 3387 607 ἐν
3414 556 3495 626 τῷ
3523 556 3679 628 τόπῳ,

2122 646 2212 698 καὶ
2241 646 2639 699 καταϐλάπτειν
2672 664 2770 717 μου
2798 646 2895 716 τὴν
2921 646 3102 716 χλόην.
3132 646 3213 700 Τά
3235 647 3292 700 δὲ
3328 647 3499 717 ἄγρια
3528 647 3681 700 ἀκού-

2122 755 2289 792 σαντα
2339 738 2511 792 ταῦτα
2566 738 2716 810 παρά
2784 737 3129 806 Ἐπιφανίου,
3180 737 3368 810 ὥσπερ
3416 739 3682 809 ἄνθρωποι

2120 828 2562 900 εὐαισθητοῠντες
2606 830 2699 883 ἐάν
2744 829 2985 899 σφαλῶσι
3031 830 3115 897 ἐφ’
3163 830 3242 881 ἐνὶ
3288 829 3395 882 τῶν
3444 830 3683 900 μεγάλων

2119 922 2212 974 καὶ
2249 920 2589 992 ἐλεγχόμενοι
2632 919 3026 991 διατραπῶσιψ
3067 919 3239 983 οὕτως
3268 920 3337 973 τά
3369 920 3537 991 θηρία
3569 939 3683 973 κατ-

2117 1013 2459 1086 ῃσχύνθησαν
2485 1013 2593 1067 ἀπὸ
2623 1012 2729 1065 τῶν
2758 1013 2929 1081 λόγων
2976 1011 3290 1080 Ἑπιφανίου
3308 1051 3322 1073 ,
3356 1013 3453 1065 καὶ
3486 1012 3682 1081 ἀνεχώ-

2121 1122 2292 1176 ρησαν
2325 1104 2546 1168 εὐθέως,
2593 1104 2687 1157 καὶ
2724 1103 2833 1157 ἀπὸ
2869 1104 2968 1173 τῆς
3004 1104 3218 1175 ἡμέρας
3261 1104 3477 1171 ἐκείνης
3511 1103 3681 1156 οὐκέτι

2117 1198 2350 1268 ἤγγισαν
2384 1196 2461 1267 τῷ
2497 1196 2647 1267 τόπῳ
2692 1196 2867 1267 ἡμῶν.
2911 1196 3265 1257 Ἀκούσαντες
3306 1197 3363 1249 δέ
3392 1199 3444 1248 οἱ
3478 1195 3681 1265 Σαρραο

2117 1289 2272 1358 κηνοὶ
2316 1289 2364 1340 οἱ
2408 1288 2857 1357 οἰκοδομήσαντες
2888 1288 3019 1357 ἡμῖν
3056 1287 3117 1339 τὸ
3156 1287 3386 1350 κελλίον,
3418 1288 3501 1339 ὅτι
3532 1283 3681 1357 ἦλθεν

2129 1380 2437 1449 Ἐπιφάνιος
2466 1380 2572 1433 ἀπὸ
2610 1379 2889 1450 Περσίδος,
2928 1379 3284 1451 παρεγένοντο
3312 1380 3404 1430 ἐπὶ
3436 1379 3683 1449 συντυχίᾳ

2117 1472 2280 1527 αὑτοῦ
2307 1512 2321 1535 ,
2374 1472 2514 1525 ὥστε
2559 1472 2915 1543 εύλογηθῆναι
2947 1472 3078 1542 παρ’
3112 1470 3295 1524 αὐτοῦ·
3332 1470 3682 1542 ᾠκοδόμησαν

2114 1564 2169 1617 δὲ
2200 1564 2331 1635 ἡμῖν
2362 1564 2553 1628 ἄλλους
2594 1568 2743 1634 τρεῖς
2770 1564 2983 1628 οἴκους,
3026 1564 3349 1632 ποιήσαντες
3381 1562 3502 1633 μεθ’
3536 1565 3683 1634 ημων

2120 1656 2311 1727 μῆνας,
2344 1657 2436 1709 καὶ
2464 1656 2616 1709 αὐτοὶ
2647 1654 3022 1726 ἐπορεύθησαν
3048 1654 3106 1707 ἐν
3129 1655 3240 1716 τοῖς
3267 1653 3467 1717 τόποις.
3509 1654 3685 1707 Ἠκού-

444 1747 597 1802 nium
611 1747 857 1803 habitare
885 1748 938 1803 in
966 1747 1328 1821 Spanhydrio.
1355 1735 2013 1821 Congregatisuntit'aque

2123 1748 2222 1818 σθη
2264 1748 2320 1801 δὲ
2363 1750 2442 1813 είς
2483 1748 2610 1820 ὅλην
2638 1749 2736 1819 τὴν
2767 1748 2919 1801 πόλιν
2951 1746 3069 1817 (τὴν
3105 1745 3398 1815 Φοινίκην),
3422 1747 3509 1799 ὅτι
3547 1747 3684 1800 Ἐπιι

446 1841 539 1896 alii
581 1856 801 1912 quoque
843 1839 1040 1897 fratres
1086 1841 1141 1895 in
1190 1842 1549 1897 monasterio.
1613 1842 1843 1900 Eramus
1884 1857 2015 1899 vero

446 1949 637 1990 omnes
660 1948 883 1989 numero
907 1934 1299 2005 quinquaginta
1322 1935 1423 2005 (a).

514 2115 637 2173 XX.
672 2117 918 2185 Quodam
968 2127 1150 2174 autem
1186 2119 1274 2175 die
1308 2119 1405 2173 ivit
1430 2118 1766 2190 Epiphanius
1802 2120 1855 2174 in
1892 2135 2011 2175 mo-

448 2212 744 2265 nasterium
770 2210 954 2281 magni
999 2208 1294 2265 Hilarionis
1326 2207 1395 2264 ad
1424 2210 1681 2265 visendos
1720 2209 1935 2274 fratres,
1961 2218 2016 2264 et

446 2318 547 2373 rgo
580 2318 702 2358 sum
725 2318 849 2358 cum
871 2317 938 2357 eo
960 2302 1258 2372 profectus.
1292 2300 1745 2372 Exceperuntque
1774 2318 1874 2357 nos
1901 2301 2014 2357 fra-

447 2404 557 2448 tres
588 2409 712 2449 cum
748 2408 946 2464 magno
974 2394 1191 2463 gaudio,
1245 2403 1299 2448 et
1334 2408 1435 2449 nos
1477 2394 1679 2449 multos
1728 2394 1845 2450 dies
1886 2395 2015 2448 reti-

448 2495 703 2540 nuerunt.
762 2483 1021 2539 Diabolus
1073 2493 1275 2551 autem,
1317 2485 1411 2554 qui
1468 2486 1536 2540 ab
1586 2485 1743 2540 initio
1782 2494 1867 2540 est
1921 2484 2012 2539 Dei

447 2592 723 2633 servorum
755 2576 1123 2641 adversarius,
1160 2577 1374 2647 accepit
1414 2577 1661 2632 habitum
1700 2576 2011 2648 Epiphanii,

446 2678 497 2723 et
549 2667 694 2721 venit
746 2668 799 2721 in
856 2667 1266 2735 monasterium,
1321 2668 1468 2738 quod
1517 2678 1744 2724 vocatur
1764 2669 2015 2740 Spanby-

445 2754 622 2809 drion.
650 2756 751 2811 Cui
794 2755 972 2811 factus
1008 2757 1224 2811 obviam
1270 2756 1440 2813 frater
1490 2772 1557 2812 ex
1606 2758 1696 2825 iis,
1737 2758 1829 2828 qui
1859 2767 2016 2813 erant

446 2845 605 2913 paulo
629 2845 1064 2915 negligentiores,
1100 2845 1365 2912 cucurrit,
1392 2845 1460 2899 ad
1492 2860 1618 2899 eum
1642 2844 2011 2899 adorandum:

445 2945 497 2989 et
517 2934 716 2990 cadens
743 2935 798 2989 in
830 2944 1030 2990 terram
1062 2936 1309 2990 adoravit
1354 2935 1653 3005 pessimum
1686 2936 2011 2992 daemonem.

447 3023 510 3079 Et
545 3025 767 3079 intravit
805 3025 861 3079 in
899 3025 1117 3095 ipsum:
1156 3042 1333 3095 neque
1382 3034 1593 3095 poterat
1625 3026 1793 3081 teneri
1823 3040 1855 3081 a
1906 3024 2013 3079 fra-

446 3114 637 3170 tribus.
674 3113 820 3169 Dixit
866 3092 1049 3169 autem
1085 3092 1421 3185 Epiphanius
1462 3130 1660 3186 magno
1708 3115 1969 3170 llilarioni
1999 3132 2012 3169 :
2042 3092 2088 3155 ε

448 3204 623 3271 Pater,
664 3205 827 3276 lupus
875 3206 1155 3276 ingressus
1180 3214 1264 3262 est
1297 3207 1711 3271 monasterium,
1748 3216 1803 3262 et
1830 3207 2017 3262 turba-

448 3298 526 3351 vit
575 3296 793 3354 fratres.
842 3298 980 3352 Cum
1001 3297 1133 3353 .haac
1165 3306 1347 3354 autem
1395 3298 1623 3354 dixisset
1656 3299 2014 3370 Epiphanius,

445 3395 500 3441 et
546 3402 739 3443 omnes
791 3396 939 3443 esset
971 3388 1278 3458 amplexus,
1330 3388 1474 3443 viam
1527 3390 1772 3446 iniimus.
1817 3388 2017 3445 Tribus

448 3480 614 3548 igitur
660 3479 959 3550 aliquando
1013 3480 1236 3537 rusticis
1290 3480 1554 3552 ingressis
1599 3483 2014 3549 monasterium,

446 3572 741 3628 daemonem
774 3571 1114 3627 immundum
1146 3588 1290 3629 unus
1317 3573 1524 3628 habuit.
1558 3573 1678 3628 Duo
1713 3582 1895 3629 autem
1922 3589 2016 3630 ro-

445 3662 645 3732 gabant
672 3677 773 3732 pro
819 3677 905 3727 eo,
944 3662 1039 3730 qui
1087 3662 1323 3719 habebat
1369 3664 1709 3719 immundum
1740 3664 2013 3735 spiritum,

446 3754 693 3810 dicentes
718 3773 733 3811 :
766 3753 871 3809 Fer
901 3769 1058 3825 opem
1086 3755 1239 3811 fratri
1270 3766 1476 3811 nostro.
1507 3755 1661 3812 Tunc
1681 3757 2017 3828 Epiphanius

450 3845 589 3899 dixit
619 3845 738 3901 eis:
793 3845 1055 3915 Accipite,
1106 3845 1233 3911 ﬁlii,
1274 3856 1517 3902 vestrum
1565 3847 1818 3911 amicum,
1854 3858 1908 3903 et
1944 3848 2017 3903 ite

446 3938 501 3992 in
529 3953 681 4008 pace.
713 3937 772 3992 In
816 3938 1036 3994 nomine
1063 3938 1206 3994 enim
1255 3938 1384 3995 Jesu
1412 3938 1617 3995 Christi
1667 3940 1802 3995 nihil
1834 3950 1917 3997 est
1958 3941 2014 3996 in

446 4043 511 4082 eo
562 4028 709 4083 mali.
743 4028 882 4083 Cum
932 4029 1036 4097 ipsi
1090 4040 1271 4084 autem
1344 4030 1704 4087 credidissent
1750 4032 1799 4087 ei
1868 4032 2014 4103 quod

445 4118 655 4174 dixerat
700 4118 1077 4189 Epiphanius,
1125 4122 1260 4176 abiit
1310 4123 1476 4177 homo
1505 4137 1675 4177 sanus
1728 4123 1785 4177 in
1833 4124 2013 4180 locum

445 4224 629 4263 suum.

511 4478 653 4533 XXI.
694 4476 831 4532 Cum
873 4485 1020 4533 esset
1051 4484 1229 4532 autem
1275 4476 1565 4547 aliquando
1600 4477 1684 4532 leo
1717 4479 1772 4533 in
1815 4478 2008 4534 solitu-

444 4571 570 4626 dine
603 4571 669 4624 ad
696 4570 1095 4640 sexagesimum
1123 4569 1355 4641 lapidem
1380 4586 1411 4624 a
1434 4579 1622 4625 nostro
1650 4573 2005 4640 monasterio,

448 4662 649 4715 latebat
700 4661 755 4715 in
801 4661 972 4727 silva,
1022 4670 1078 4716 et
1119 4661 1398 4717 occidebat
1440 4663 1640 4718 multos
1688 4679 1755 4718 ex
1806 4665 1873 4721 iis
1915 4666 2010 4735 qui

450 4753 814 4820 praeteribant.
865 4752 1099 4823 Eratque
1148 4754 1238 4810 hic
1280 4753 1434 4810 locus
1480 4764 1641 4826 aptus
1684 4757 2005 4814 viatoribus.

452 4844 637 4900 Coacti
672 4844 836 4914 igitur
887 4859 1105 4906 omnes,
1150 4846 1243 4916 qui
1293 4846 1540 4903 solebant
1594 4863 1687 4917 per
1738 4848 1889 4903 illum
1921 4851 2006 4904 lo-

451 4952 574 4989 cum
610 4935 852 5004 ingredi,
886 4945 1151 4990 venerunt
1187 4936 1253 4990 ad
1286 4935 1646 5008 Epiphanium
1700 4938 1756 4992 in
1813 4954 2001 4996 mona-

450 5025 695 5089 sterium,
723 5025 964 5080 dicentes
995 5025 1045 5079 ei
1069 5026 1137 5080 de
1184 5028 1406 5083 animali
1451 5038 1506 5085 et
1528 5029 1595 5085 de
1624 5029 1743 5100 ejus
1776 5032 2002 5098 smvitia,

448 5124 503 5169 et
536 5116 679 5186 quod
708 5116 863 5171 locus
892 5117 1124 5171 evaserit
1161 5117 1549 5184 inhabitabilis,
1588 5130 1642 5176 et
1671 5121 1816 5192 quod
1844 5138 2005 5179 nemo

451 5224 547 5277 per
582 5225 707 5265 eum
752 5211 927 5279 possit
969 5210 1203 5265 transire
1248 5219 1467 5281 propter
1496 5222 1700 5269 metum
1732 5216 1926 5284 leonis,
1957 5226 2013 5273 et

448 5303 590 5372 quod
626 5317 751 5357 cum
783 5303 897 5372 ipse
938 5303 1141 5358 multos
1171 5304 1417 5361 homines
1460 5307 1774 5377 perdiderit,
1814 5311 2009 5382 reliqui

447 5395 719 5465 perterriti
749 5408 859 5453 non
884 5395 1120 5451 audeant
1144 5396 1377 5467 amplius
1404 5412 1503 5470 per
1542 5398 1720 5457 locum
1749 5403 2007 5463 transire.

524 5654 601 5727 (α)
637 5654 820 5712 Graece
860 5661 995 5709 octo.

2122 1840 2310 1910 φάνιος
2364 1842 2423 1894 ἐν
2478 1840 2796 1912 Σπανυδρίῳ
2862 1839 3124 1892 κατοικεῖ.
3182 1837 3544 1908 Συνήχθησαν
3605 1836 3685 1893 οὖν

2120 1931 2267 1986 ἄλλοι
2299 1932 2517 2001 ἀδελφοὶ
2546 1933 2604 1985 ἐν
2634 1931 2711 2002 τῷ
2745 1929 3110 2003 μοναστηρίῳ.
3143 1927 3362 1998 Ἥμεθα
3392 1929 3452 1982 δὲ
3476 1931 3531 1983 oi
3559 1931 3684 1985 πάνυ

2118 2041 2231 2088 τες,
2259 2023 2351 2077 τὸν
2376 2024 2605 2095 ἀριθμὸν
2650 2031 2721 2095 η’.

2192 2118 2277 2170 Κ’.
2319 2116 2619 2187 Ἑπορεύθη
2666 2113 2758 2170 οὖν
2813 2117 3127 2187 Ἐπιφάνιος
3167 2121 3225 2175 ἐν
3272 2120 3371 2191 μιᾷ
3403 2114 3596 2187 ἡμέρα
3640 2116 3684 2166 ἐν

2119 2207 2196 2273 τῷ
2234 2208 2578 2279 μοναστηρίῳ
2614 2207 2706 2261 τοῦ
2745 2208 2978 2279 μεγάλου
3021 2210 3321 2283 Ἰλαρίωνος
3350 2209 3432 2271 είς
3473 2205 3682 2259 ἐπίσκε-

2118 2297 2212 2367 ψιν
2244 2298 2352 2350 τῶν
2382 2298 2644 2367 ἀδελφῶν⁹
2682 2300 2775 2351 καὶ
2813 2299 3115 2371 ἐπορεύθην
3144 2299 3299 2369 κάγὼ
3344 2298 3465 2369 μετ’
3506 2292 3682 2349 αὑτοῦ.

2120 2388 2229 2441 Καὶ
2254 2387 2580 2454 ἀπεδέξαντο
2612 2390 2759 2458 ἡμᾶς
2801 2392 2850 2442 oi
2882 2389 3101 2461 ἀδελφοὶ
3147 2391 3283 2462 μετὰ
3315 2390 3497 2463 χαρᾶς
3530 2387 3674 2457 μεγάυ

2119 2479 2237 2551 λης,
2273 2480 2367 2533 καὶ
2395 2482 2643 2550 κατεῖχον
2670 2482 2816 2551 ἡμᾶς
2839 2482 3053 2555 ἡμέρας
3084 2483 3304 2546 πολλάς.
3342 2484 3401 2536 '0
3436 2478 3534 2535 οὖν
3578 2480 3674 2533 διά-

2120 2571 2294 2635 ϐολος,
2340 2573 2367 2624 ὁ
2417 2570 2477 2635 ἐξ
2522 2572 2693 2643 ἀρχῆς
2744 2573 3116 2645 ἀντικείμενος
3174 2577 3286 2637 τοῖς
3334 2573 3548 2636 δούλοις
3599 2570 3687 2624 τοῦ

2120 2661 2276 2729 Θεοῦ,
2312 2663 2500 2716 ἔλαϐεν
2551 2664 2865 2734 Ἐπιφανίου
2909 2664 2971 2718 τὸ
3018 2665 3235 2737 σχῆμα,
3268 2667 3363 2719 καὶ
3388 2663 3685 2736 ἀπέρχεται

2120 2754 2177 2806 ἐν
2221 2752 2298 2824 τῷ
2350 2755 2693 2826 μοναστηρίῳ
2750 2754 2829 2825 τῷ
2892 2756 3301 2827 ἐπικαλουμένῳ
3348 2755 3685 2826 Σπανυδρίῳ.

2121 2846 2462 2917 Συναντήσας
2512 2845 2569 2898 δὲ
2628 2845 2777 2916 αὐτῷ
2830 2845 3055 2915 ἀδελφὸς
3106 2847 3215 2900 τῶν
3276 2846 3687 2918 ἀμελεστέρων,

2119 2936 2347 3008 ἔδραμεν
2378 2939 2457 3000 είς
2503 2936 2868 3008 προσκύνησιν
2897 2936 3083 2990 αὑτοῦ.
3123 2938 3235 2991 Καὶ
3278 2938 3340 3009 δὴ
3389 2937 3576 2991 πεσὼν
3602 2936 3688 2990 ἐπὶ

2118 3030 2216 3103 τὴν
2242 3030 2345 3100 γῆν
2376 3029 2779 3102 προσεκύνησεν
2809 3029 2886 3101 τῷ
2914 3030 3267 3102 πονηροτάτῳ
3303 3030 3544 3101 δαίμονι.
3584 3029 3688 3083 Καὶ

2117 3123 2361 3195 εἰσῆλθεν
2388 3124 2467 3186 εἰς
2501 3122 2688 3175 αὐτόν·
2724 3122 2819 3176 καὶ
2861 3118 3262 3193 ἦν’ἀκράτητος
3306 3124 3364 3175 ἐν
3392 3125 3508 3186 τοῖς
3539 3120 3687 3176 ἀδελσ

2117 3216 2258 3284 φοῖς.
2290 3210 2456 3267 Εἶπεν
2481 3213 2537 3266 δέ
2580 3214 2893 3283 Ἐπιφάνιος
2932 3213 3066 3288 πρὸς
3105 3214 3194 3268 τὸν
3230 3214 3403 3283 μέγαν
3444 3212 3688 3284 Ἰλαρίω-

2116 3324 2209 3361 ναο
2257 3306 2432 3370 Λύκος
2473 3305 2813 3377 ἐπεισῆλθεν,
2859 3306 3070 3378 Πάτερ,
3101 3307 3159 3360 ἐν
3201 3304 3278 3376 τῷ
3317 3304 3687 3375 μοναστηρίῳ,

2117 3397 2396 3469 ἐτάραξεν,
2424 3396 2709 3451 ἐσάλευσεν
2734 3396 2939 3460 πάντας
2962 3397 3082 3460 τοὺς
3113 3394 3395 3464 ἀδελφούς.
3420 3393 3609 3447 Ταῦτα
3635 3394 3691 3446 δὲ

2117 3487 2284 3542 εἰπὼν
2328 3488 2639 3557 Ἐπιφάνιος
2677 3487 3064 3557 ἀσπασάμενος
3095 3486 3360 3550 ἅπαντας,
3394 3484 3691 3553 ἐξήλθομεν

2115 3582 2216 3651 τὴν
2246 3580 2364 3635 ὁδὸν
2390 3578 2565 3651 ἡμῶν.
2596 3578 2735 3633 Ποτὲ
2760 3578 2891 3648 γοῦν
2923 3578 3089 3649 τριῶν
3123 3576 3394 3647 ἀγροίκων
3422 3574 3693 3627 εἰσελθόν-

2115 3689 2224 3726 των
2256 3674 2313 3724 ἐν
2341 3670 2418 3742 τῷ
2460 3670 2834 3742 μοναστηρίῳ,
2878 3669 3109 3739 δαίμονα
3139 3666 3450 3738 ἀκάθαρτον
3488 3661 3639 3735 εἶχεν
3666 3664 3693 3714 ὁ

2116 3758 2214 3826 εἷς.
2272 3762 2394 3815 Τῶν
2437 3760 2529 3814 δύο
2578 3756 2672 3815 οὖν
2720 3758 3180 3832 παρακαλούντων
3223 3758 3315 3810 τὸν
3373 3757 3694 3825 Ἐπιφάνιον

2117 3855 2245 3925 περὶ
2276 3852 2370 3907 τοῦ
2399 3853 2460 3907 τὸ
2503 3853 2721 3923 πνεῦμα
2757 3851 2971 3922 ἔχοντος
3003 3851 3062 3904 τὸ
3106 3848 3438 3920 ἀκάθαρτον,
3475 3847 3573 3899 καὶ
3602 3846 3692 3899 λι-

2115 3948 2351 4015 γόντων’
2405 3944 2681 4016 Βοήθησον
2730 3942 2808 4014 τῷ
2856 3942 3012 4014 ἡμῶν
3071 3940 3303 4010 ἑταίρῳ,
3369 3938 3695 4007 Ἐπιφάνιος

2115 4035 2266 4093 εἶπεν
2310 4039 2511 4101 αὐτοῖς·
2562 4036 2789 4100 Λάϐετε,
2834 4035 3018 4099 τέκνα,
3050 4033 3140 4087 τὸν
3179 4030 3331 4103 ὑμῶν
3374 4030 3565 4099 φίλον,
3598 4030 3695 4084 καὶ

2114 4129 2409 4200 πορεύεσθε
2462 4131 2520 4182 ἐν
2568 4128 2789 4199 εἰρήνῃο
2839 4128 2897 4179 ἐν
2944 4126 3051 4198 γάρ
3102 4123 3182 4195 τῷ
3229 4123 3452 4192 ὀνόματι
3508 4120 3695 4191 Ἰησοῦ

2114 4221 2372 4294 Χριστοῦ,
2401 4222 2553 4275 οὐδὲν
2576 4221 2745 4274 κακὸν
2770 4220 2827 4272 ἐν
2854 4218 3021 4289 αὐτῷ.
3057 4215 3468 4269 Πιστευσάντων
3493 4213 3555 4266 δὲ
3591 4214 3697 4265 αὖ.

2113 4312 2221 4367 τῶν
2251 4312 2324 4384 τῷ
2355 4312 2498 4383 λόγῳ
2530 4310 2865 4380 Ἐπιφανίου,
2896 4307 3135 4379 ἀπῆλθεν
3156 4308 3186 4360 ὁ
3214 4306 3500 4376 ἄνθρωπος
3526 4305 3697 4375 ὑγιὴς

2038 4425 2094 4487 ι)
2115 4405 2173 4459 ἐν
2197 4404 2274 4475 τῷ
2299 4404 2429 4472 οῐκῳ
2457 4401 2642 4457 αὐτοῦ.

2182 4497 2313 4549 KA'.
2373 4494 2509 4548 Ποτέ
2567 4490 2660 4547 οὖν
2712 4490 2927 4554 λέοντος
2973 4491 3308 4561 ὑπάρχοντος
3368 4488 3429 4543 ἐν
3490 4489 3701 4559 ἐρήμῳ

2111 4587 2281 4656 τόπῳ,
2308 4584 2383 4648 ὡς
2419 4583 2528 4638 ἀπὸ
2558 4581 2802 4654 σημείων
2837 4580 2878 4647 ξ’
2907 4580 2985 4651 τῷ
3014 4580 3170 4651 ἡμῶν
3206 4578 3585 4649 μοναστηρίῳ,
3622 4574 3699 4647 ἦν

2111 4681 2193 4740 εἰς
2223 4677 2356 4747 ὕλην
2395 4675 2814 4746 κεκρυμμένοςν,
2844 4675 2939 4728 καὶ
2971 4673 3201 4736 πολλοὺς
3229 4671 3340 4724 τῶν
3375 4670 3699 4741 ἀνθρώπιον

2109 4768 2220 4822 τῶν
2241 4766 2665 4838 παρερχομένων
2695 4764 2773 4835 τῷ
2804 4765 2950 4834 τόπῳ
2974 4762 3166 4833 ἐκείνῳ
3189 4759 3474 4831 ἠφάνιζεν.
3490 4755 3609 4811 Ἶίν
3637 4760 3700 4810 δὲ

2112 4862 2140 4914 ὁ
2172 4859 2336 4923 τόπος
2367 4854 2521 4922 οὗτος
2546 4857 2846 4929 ἐπιτήδειος
2881 4859 2993 4919 τοῖς
3029 4855 3344 4923 ὁδοιπόροις.
3375 4852 3700 4921 Συναχθέν-

2110 4972 2203 5019 τες
2240 4950 2334 5008 οὖν
2369 4954 2605 5017 ἅπαντες
2642 4954 2689 5005 οἱ
2734 4951 2832 5023 τὴν
2867 4951 3153 5023 συνήθειαν
3193 4949 3408 5019 ἔχοντες
3449 4947 3704 5018 βαδίζειν

2111 5045 2199 5099 διὰ
2227 5044 2322 5099 τοῦ
2350 5045 2515 5098 τόπου
2541 5045 2773 5108 ἐκείνου,
2800 5040 2962 5115 ἦλθον
2995 5043 3131 5114 πρὸς
3159 5042 3480 5110 Ἐπιφάνιον
3518 5041 3581 5092 ἐν
3612 5038 3704 5108 τῷ

2115 5137 2457 5209 μοναστηρίῳ
2477 5178 2491 5202 ,
2520 5136 2768 5205 λέγοντες
2796 5136 2943 5206 αὐτῷ
2974 5136 3041 5189 τά
3084 5134 3212 5204 περὶ
3242 5132 3336 5185 τοῦ
3379 5131 3552 5195 ζώου,
3593 5132 3705 5181 καὶ

2114 5231 2214 5301 τῆς
2242 5229 2469 5295 ἀταξίας
2499 5229 2665 5283 αὐτοῦ
2696 5230 2795 5300 τῆς
2836 5229 3078 5299 πονηρᾶς
3099 5242 3112 5257 °
3142 5225 3236 5279 καὶ
3278 5226 3363 5278 ὃτι
3395 5222 3664 5293 ἀοίκητος
3682 5260 3703 5283 ι

2113 5320 2209 5374 καὶ
2230 5320 2428 5384 ἀόατος
2453 5322 2481 5373 ὁ
2500 5319 2662 5385 τόπος
2690 5320 2925 5391 ἐγένετο,
2943 5314 2987 5373 ὧ
3008 5318 3208 5390 Πάτερ,
3236 5316 3346 5370 ἀπὸ
3372 5314 3471 5369 τοῦ
3498 5313 3705 5382 φόόου,

2115 5411 2301 5484 φησὶν,
2322 5411 2415 5465 τοῦ
2437 5412 2666 5480 λέοντος,
2693 5414 2773 5467 ὅτι
2801 5411 3029 5475 πολλοὺς
3058 5407 3380 5481 ἀνθρώπους
3406 5405 3704 5471 διώλεσε-ν.
