3800 6180
165 198 242 256 ιο
1492 198 1550 252 S.
1590 194 1935 254 EPIPI’IANII
1978 198 2157 254 VITA.
3362 192 3434 249 50

163 316 283 372 Καὶ
309 316 358 368 οι
390 314 565 369 λοιποι
606 312 933 384 πτοηθέντες
977 311 1161 367 οὐκέτι
1210 313 1455 367 θέλουσιν
1485 315 1664 386 παράγ

1931 316 1963 368 Ii
2003 330 2129 370 cum
2155 314 2223 369 de
2250 313 2419 368 leonis
2452 313 2738 368 insolentia
2772 312 3059 375 audiisset,
3094 311 3230 367 dixit
3254 313 3432 381 omni-

160 406 258 459 τδν
300 406 462 461 τόπον
498 406 727 460 ἐκεῖνον.
764 405 1032 471 ’Δκούσας
1066 407 1124 459 δὲ
1154 406 1471 475 Ἐπιφάνιος
1500 407 1627 477 περὶ
1654 406 1754 475 τῆς

160 498 395 565 ἀταξίας
429 497 524 550 τοῦ
548 497 782 562 λέοντος,
816 493 972 551 εἶπεν
1002 499 1137 569 πρὸς
1173 499 1418 563 ἅπαντας
1453 499 1579 561 τοὺς
1612 515 1755 570 παρ-

161 590 437 653 εστῶταςο
470 592 750 661 Ἄγωμεν,
796 591 961 661 φησὶν
984 630 1000 656 ,
1031 591 1235 655 τέκνα,
1270 591 1364 643 ἐπὶ
1408 592 1488 662 τῷ
1528 591 1753 663 ὀνόματι

160 681 397 753 Κυρίου,
429 682 522 735 καὶ
549 682 796 753 ὀψόμεθα
836 683 929 737 τὸν
955 683 1145 737 λέοντα
1174 684 1265 737 τὸν
1298 684 1614 756 αἱμοόόρον.
1640 686 1753 737 Λα-

160 769 274 823 ῦὼν
311 767 406 825 οὖν
434 772 535 840 ἐμὲ
561 771 906 840 Ἐπιφάνιος,
942 770 1322 843 ἐπορεύθημεν
1357 772 1495 843 μετὰ
1527 773 1635 827 τῶν
1661 775 1753 827 ἀν-

160 860 421 932 θρώπων.
444 863 746 917 Ἐλθόντων
770 864 826 917 δὲ
854 864 1035 935 ἡμῶν,
1058 864 1221 916 έπεσε
1281 864 1441 934 φόϐος
1468 864 1639 935 μέγας
1661 867 1753 920 ἐπὶ

158 953 372 1018 πάντας
404 956 532 1018 τοὺς
563 954 724 1019 ὖντας
753 954 871 1025 μεθ’
910 955 1089 1025 ἡμῶν.
1125 951 1292 1009 Εἶπεν
1338 956 1395 1008 δὲ
1436 956 1752 1024 Ἐπιφάνιος

156 1044 302 1113 πρὸς
334 1044 460 1108 τοὺς
488 1044 844 1115 ἀνθρώπους·
878 1044 987 1097 Ποῦ
1006 1085 1021 1107 ,
1058 1046 1252 1115 φησὶν,
1302 1044 1468 1098 τέκνα
1491 1085 1506 1106 .
1538 1045 1683 1098 ἔστιν
1714 1047 1747 1117 ὴ

158 1135 486 1213 κατοίκησις
528 1135 622 1189 τοῦ
669 1136 912 1201 λέοντος;
963 1135 1083 1189 Τῶν
1127 1137 1184 1189 δὲ
1226 1136 1616 1202 ὑποδειξάντων
1659 1138 1750 1191 τὸν

153 1228 348 1289 τόπον,
392 1226 605 1281 ἔϐαινεν
634 1229 958 1296 Ἐπιφάνιος
998 1226 1216 1298 πρῶτος
1265 1229 1502 1283 πάντων.
1540 1228 1647 1283 Τοῦ
1692 1230 1749 1283 δὲ

150 1317 374 1383 λέοντος
433 1320 705 1391 μηδέποτε
770 1320 1145 1392 βλεπομένου,
1199 1322 1386 1391 ἔλεγεν
1432 1324 1748 1392 Ἐπιφάνιος

154 1407 379 1480 μεγάλῃ
410 1411 474 1478 τῇ
512 1412 697 1480 φωνῇ·
740 1407 852 1461 Ποῦ
900 1406 1048 1461 ἔστιν
1095 1409 1154 1463 16
1202 1412 1620 1483 κατοικητήριον
1652 1411 1745 1464 τοῦ

148 1498 401 1551 ἀτάκτου
430 1498 680 1567 λέοντος;
709 1500 1080 1572 Ἐξεπὴδησεν
1129 1501 1187 1554 δὲ
1229 1503 1258 1555 6
1304 1501 1443 1556 λέων
1491 1502 1601 1555 ἀπὸ
1646 1503 1746 1574 τῆς

151 1586 294 1658 ὓλης
329 1592 411 1652 εἰς
439 1590 763 1663 συνάντησιν
782 1591 1126 1660 Ἐπιφανίου.
1159 1586 1326 1657 Οὗτος
1359 1593 1417 1646 δὲ
1456 1593 1747 1648 ἱδὼνἘπι-

1858 408 1961 461 bus
2010 406 2104 475 qui
2152 405 2378 460 aderant
2417 424 2431 459 :
2475 402 2676 459 Eamus
2738 403 2793 457 in
2837 404 3059 458 nomine
3102 402 3341 468 Domini,
3380 416 3434 458 et

1856 498 2137 552 videamus
2185 496 2418 551 leonem.
2470 494 2553 549 Me
2587 502 2769 548 autem
2810 501 3056 562 accepto,
3098 492 3433 563 Epiphanius

1858 589 2079 659 quidem
2132 586 2411 658 profectus
2442 594 2527 641 est
2554 601 2680 641 cum
2717 584 3054 640 hominibus.
3087 582 3154 637 Et
3189 600 3309 637 cum
3338 600 3432 638 ve-

1856 681 2129 743 nissemus
2160 679 2226 732 ad
2274 678 2455 732 locum
2482 720 2498 743 ,
2531 677 2722 731 incidit
2762 691 2994 746 magnus
3041 676 3205 730 timor
3234 675 3286 727 in
3316 689 3432 728 om-

1854 785 1954 824 nes
2010 769 2103 838 qui
2137 776 2294 822 erant
2325 768 2632 823 nobiscum.
2666 766 2760 821 Eis
2788 775 2967 821 autem
3008 766 3145 820 dixit
3194 764 3431 835 Epipha-

1855 860 2019 914 nius:
2048 857 2151 912 Ubi
2195 867 2298 923 est,
2335 875 2367 913 0
2394 858 2511 923 lilii,
2545 859 2719 914 leonis
2752 857 3053 911 habitatio?
3080 856 3325 925 Cumque
3350 856 3430 910 lo-

1855 967 1980 1007 cum
2007 951 2398 1013 ostendissent,
2420 952 2513 1004 ivit
2540 950 2753 1020 primus
2776 948 3114 1019 Epiphanius
3137 947 3203 1001 ad
3228 948 3425 1002 locum.

1854 1045 1922 1098 Et
1971 1058 2097 1098 cum
2130 1044 2216 1098 leo
2249 1043 2489 1097 nondum
2538 1042 2837 1106 videretur,
2894 1041 3030 1095 dixit
3069 1056 3265 1110 magna
3296 1055 3429 1095 voce

1853 1134 2192 1205 Epiphanius
2221 1151 2235 1186 :
2275 1133 2375 1189 Ubi
2409 1145 2492 1189 est
2518 1134 2690 1190 leonis
2720 1132 3130 1187 habitaculum?
3160 1132 3268 1186 Leo
3300 1146 3428 1185 vero

1851 1227 1983 1281 exiit
2028 1242 2057 1280 e
2088 1226 2247 1291 silva,
2287 1234 2347 1279 ut
2386 1225 2489 1280 iret
2532 1225 2746 1279 obviam
2776 1223 3099 1293 Epiphanio.
3151 1221 3198 1278 ls
3245 1230 3425 1275 autem

1849 1338 1974 1380 cum
1998 1320 2222 1376 vidisset
2245 1318 2634 1391 Epiphanium,
2668 1318 2850 1371 statim
2880 1318 2934 1371 in
2971 1327 3170 1370 terram
3207 1315 3425 1379 cecidit,

1848 1418 1902 1465 ct
1936 1410 2139 1465 mansit
2190 1418 2463 1464 mortuus.
2500 1406 2768 1462 Cadaveri
2811 1421 2941 1461 vero
2970 1406 3427 1481 appropinquavit

1848 1502 2190 1573 Epiphanius
2221 1518 2236 1556 :
2274 1501 2369 1556 sed
2400 1500 2595 1570 reliqui
2631 1513 2822 1553 omnes
2852 1484 3197 1566 effugerunt,
3229 1511 3425 1566 magno

1846 1604 1995 1649 metu
2047 1592 2246 1648 aﬂ’ecti.
2297 1590 2636 1662 Epiphanius
2678 1600 2858 1643 autem
2900 1604 3095 1659 magna
3127 1604 3259 1643 voce
3292 1589 3427 1644 dixit

148 1679 371 1746 φάνιον,
414 1682 616 1746 εὐθέως
644 1683 839 1737 ἔπεσεν
866 1684 963 1736 ἐπὶ
989 1682 1090 1755 τὴν
1113 1685 1218 1755 γῆν
1236 1722 1251 1748 ,
1294 1686 1390 1739 καὶ
1419 1685 1634 1757 ἔμεινεν

1922 1704 1935 1740 :
1966 1683 2158 1740 Venite
2191 1698 2408 1748 secure,
2446 1682 2577 1745 lilii,
2630 1691 2684 1737 et
2718 1681 2970 1736 videbitis
2999 1667 3231 1737 cadaver
3272 1680 3420 1736 ferte.

148 1771 313 1841 κρός.
339 1772 599 1841 Ἐγγίσας
618 1774 676 1827 δὲ
700 1775 1019 1844 Ἐπιφάνιος
1042 1775 1211 1845 ἐγγὺς
1231 1775 1325 1829 τοῦ
1354 1778 1621 1848 στόματος
1644 1778 1743 1850 (a),

145 1863 200 1913 οἱ
240 1862 450 1927 πάντες
481 1865 764 1935 ἀπέφυγον
800 1865 950 1937 φόϐῳ
996 1867 1219 1938 μεγάλῳ
1249 1867 1622 1938 συσχεθέντες,
1657 1869 1745 1922 λο-

143 1947 465 2019 γιζόμενοι,
509 1954 581 2024 μή
615 1971 733 2018 πως
762 1956 856 2008 καὶ
880 1956 1202 2026 Ἑπιφάνιον
1238 1958 1560 2013 θανατώσει.
1599 1960 1657 2012 '0
1690 1959 1745 2012 δὲ

156 2041 484 2111 Ἐπιφάνιος
530 2047 740 2120 μεγάλῃ
789 2052 856 2121 τῇ
906 2056 1056 2125 φωνῇ
1106 2052 1290 2122 ἔλεγεν
1348 2052 1484 2121 πρὸς
1539 2053 1747 2116 πάντας

141 2133 385 2198 αὐτούς·
414 2136 599 2203 Δεῦτε,
630 2142 813 2211 φησιν,
846 2143 1088 2213 ἀφόϐως,
1120 2144 1306 2208 τέκνα,
1330 2144 1422 2198 καὶ
1447 2143 1644 2214 ὄψεσθε
1677 2144 1736 2196 τὸ

141 2225 357 2297 πτῶμα
394 2229 487 2282 τοῦ
531 2230 743 2302 θηρίου.
788 2234 909 2288 Τῶν
954 2236 1011 2288 δὲ
1055 2236 1311 2290 ἁπάντων
1364 2235 1567 2299 εὐθέως
1617 2252 1738 2288 συν-

139 2316 450 2386 αχθέντων,
486 2320 590 2375 [δον
621 2325 670 2377 oi
708 2325 909 2390 πάντες
931 2327 994 2381 16
1023 2327 1225 2398 πτῶμα
1255 2327 1351 2380 τοῦ
1398 2326 1608 2398 θηρίου.
1642 2323 1735 2381 Εἷ-

1840 1775 2109 1832 Omnibus
2146 1791 2275 1830 vero
2305 1774 2489 1830 statim
2540 1774 2801 1837 collectis,
2834 1774 3081 1828 viderunt
3117 1790 3305 1829 omnes
3338 1790 3424 1830 ca-

1841 1869 2004 1923 daver
2030 1866 2178 1923 ferae.
2210 1866 2350 1922 Tum
2384 1866 2723 1937 Epiphanius
2750 1866 2829 1920 sic
2858 1880 2954 1920 eos
2984 1866 3257 1920 allocutus
3285 1875 3369 1921 est
3402 1884 3415 1920 :

1845 1956 1902 2013 Si
1953 1958 2115 2013 tidem
2170 1957 2471 2019 habueritis
2518 1958 2574 2011 in
2612 1956 2951 2012 Salvatorem
2997 1956 3299 2022 Christum,
3344 1957 3424 2013 sic

1842 2051 2038 2105 cadent
2069 2065 2260 2105 omnes
2306 2049 2474 2105 vestri
2522 2048 2890 2105 insidiatores.
2935 2048 3072 2103 Cum
3106 2064 3206 2105 nos
3240 2059 3419 2106 autem

1842 2158 2032 2197 omnes
2060 2141 2400 2211 accepissent
2436 2141 2707 2207 homines,
2760 2140 3114 2196 restituerunt
3143 2153 3422 2198 monaste-

1843 2235 1947 2289 rio.
1981 2233 2197 2305 ipsique
2224 2233 2658 2288 benedictionem
2691 2234 2927 2289 assecuti
2982 2235 3051 2290 ab
3094 2233 3418 2304 Epiphanio,

1840 2324 2073 2395 ingressi
2104 2333 2231 2379 sunt
2254 2324 2398 2378 viam
2427 2339 2605 2379 suam.

139 2424 247 2461 πεν
274 2410 333 2464 δὲ
355 2413 673 2484 Ἐπιφάνιος
693 2419 830 2489 πρὸς
862 2422 988 2485 τοὺς
1016 2422 1369 2493 ἀνθρώπουςο
1400 2421 1531 2477 Ἐὰν
1554 2421 1735 2475 πίστιν
1773 2419 1934 2491 ἔχητε
1984 2418 2119 2491 πρὸς
2161 2418 2252 2471 τὸν
2302 2418 2534 2491 Σωτῆρα
2562 2460 2576 2484 ,
2626 2419 2675 2471 οί
2727 2418 2879 2489 ὑμῶν
2900 2419 3194 2481 ,ἐπίϐουλοι
3248 2418 3417 2486 οὕτως

138 2502 440 2558 πεσοῦνται
477 2509 695 2573 πάντες.
727 2512 999 2579 Λαϐόντες
1041 2515 1099 2568 δὲ
1138 2518 1289 2587 ἡμᾶς
1346 2517 1545 2581 πάντες
1588 2518 1637 2570 οἱ
1679 2515 1899 2587 ἄνδρες,
1944 2514 2233 2567 ἀπέσωσαν
2281 2513 2440 2568 πάλιν
2493 2514 2551 2566 ὲν
2597 2513 2674 2583 τῷ
2712 2513 3082 2584 μοναστηρίῳ,
3119 2513 3212 2565 καὶ
3244 2512 3416 2577 αὐτοὶ,

138 2597 537 2668 εὐλογηθέντες
592 2603 743 2675 παρά
797 2606 1160 2675 Ἐπιφανίου,
1207 2609 1583 2681 ἐπορεύθησαν
1636 2608 1735 2680 τὴν
1773 2604 1978 2660 ἑαυτῶν
2007 2605 2143 2659 ὁδόν.

210 2691 352 2744 KB’.
394 2691 687 2766 Ἐδοξάσθη
728 2696 785 2749 δὲ
825 2698 854 2749 6
898 2699 1065 2763 τόπος
1110 2700 1139 2753 6
1179 2700 1373 2772 πρώην
1403 2701 1711 2771 καλούμενοι

1917 2695 2083 2761 XXII.
2113 2694 2296 2751 Gloria
2327 2704 2507 2751 autem
2543 2695 2773 2766 insignis
2799 2694 2899 2750 fuit
2932 2696 3106 2759 locus,
3139 2695 3233 2765 qui
3265 2696 3418 2765 prius

137 2781 506 2853 Σπανύδριον,
528 2784 617 2839 διὰ
638 2786 976 2857 Ἐπιφανὶου.
995 2786 1105 2845 Ἦν
1136 2792 1245 2863 γάρ
1280 2809 1412 2845 ποτε
1451 2792 1638 2863 άοίκητ

1918 2788 2133 2843 cabatur
2172 2785 2580 2858 Spanhydrion,
2629 2797 2850 2856 propter
2869 2785 3255 2857 Epiphanium.
3295 2785 3419 2841 Fuit

138 2873 237 2926 καὶ
268 2872 493 2943 ἄϐατος,
524 2877 617 2929 καὶ
644 2878 871 2951 ἄνυδρος
893 2898 907 2912 ο
943 2881 1024 2935 διὸ
1058 2884 1151 2937 καὶ
1194 2885 1290 2954 τὴν
1314 2885 1632 2955 ἐπωνυμίαν

1915 2882 1979 2933 im
2025 2878 2319 2948 aliquando
2369 2880 2523 2934 locus
2568 2880 2750 2934 invius
2779 2921 2794 2944 ,
2830 2887 2885 2933 et
2930 2879 3322 2942 inhabitabilis,
3363 2890 3416 2933 et

138 2962 239 3015 τοῦ
276 2965 352 3034 μὴ
381 2964 525 3035 ἔχειν
557 2966 722 3041 ὕδωρ,
756 2971 1093 3043 ἐπεκέκλητο
1118 2974 1451 3045 Σπανύδριον
1473 2994 1486 3006 ·
1516 2978 1639 3045 ὲγέν

1916 2987 1974 3023 ua
2021 2985 2237 3025 carens.
2317 2967 2686 3037 Quamobrem
2733 2970 3151 3040 cognominatus
3199 2985 3417 3039 quoque

135 3059 196 3112 δὲ
239 3061 574 3132 παράδεισος
603 3066 823 3121 πάντων
855 3068 1076 3137 ἀγαθῶν
1119 3072 1381 3142 μετέχων,
1433 3072 1642 3126 ὑδάτων
1675 3073 1731 3126 δὲ

136 3151 254 3222 πλη
262 3152 459 3225 μμύρα
497 3155 589 3208 καὶ
617 3156 893 3229 ἐδωδίμων
925 3160 1219 3231 διαφόρων.
1253 3163 1410 3217 Μετά
1439 3160 1532 3219 οὖν
1563 3165 1733 3218 ἁπάν-

135 3259 252 3296 των
273 3243 505 3309 τούτων,
533 3239 609 3299 ὧν
628 3248 940 3323 κατηξιώθη
967 3249 1286 3321 Ἐπιφάνιος
1316 3254 1422 3307 ὑπὸ
1446 3254 1542 3308 τοῦ
1572 3254 1729 3320 Θεοῦ,

131 3333 201 3386 16
223 3334 377 3404 μέγα
409 3336 569 3391 τοῦτο
603 3340 698 3393 καὶ
730 3341 1043 3412 θαυμαστὸν
1069 3344 1241 3416 δῶρον
1270 3346 1560 3417 ἐχαρίσατο
1583 3345 1732 3417 αὑτῷ

132 3426 163 3477 6
196 3424 375 3490 Θεὸς,
426 3426 522 3481 τοῦ
576 3431 714 3501 μετὰ
748 3433 929 3505 πάσης
973 3435 1231 3506 ἀληθείας
1277 3438 1599 3509 ἑρμηνεύειν
1633 3439 1733 3503 τὰς

134 3514 300 3579 θεξας
332 3517 577 3588 Γραφάς.
628 3522 937 3592 Λαμϐάνων
963 3525 1073 3597 γάρ
1106 3528 1205 3589 τὰς
1230 3527 1482 3593 θεοειδεῖς
1516 3528 1732 3599 βίϐλους

133 3607 235 3659 καὶ
272 3607 668 3677 ἀναγινώσκων
714 3617 827 3677 τοῖς
869 3616 1141 3685 ἀδελφοῖς,
1179 3619 1278 3689 τὴν
1301 3619 1506 3673 τούτων
1548 3622 1730 3674 πᾶσαν

129 3697 377 3769 δύναμιν
402 3702 749 3757 ἐπεδείκνυεν
776 3707 984 3771 αὐτοῖς.
1008 3710 1276 3774 Ἀκούσας
1303 3710 1360 3764 δὲ
1390 3711 1727 3781 Ἐπιφάνιος,

128 3792 160 3846 ὁ
187 3791 373 3862 μέγας
404 3794 609 3865 ῥήτωρ,
635 3798 665 3849 6
701 3799 795 3851 καὶ
820 3799 1189 3873 φιλοσοφήσας
1215 3803 1315 3874 τῆς
1341 3802 1565 3875 Ἐδέσης
1595 3804 1729 3858 κάτ-

126 3900 286 3948 οικος
316 3885 445 3955 περὶ
478 3884 818 3955 Ἐπιφανίου,
847 3891 928 3945 ὅτι
959 3891 1136 3960 λόγιός
1172 3894 1341 3958 ἐστιν,
1380 3895 1728 3967 ἐπεθύμησεν

128 3975 232 4027 ἐπὶ
272 3975 535 4050 συντυχίᾳ
567 3977 755 4033 τούτου
793 3981 991 4036 ἐλθεῖν.
1034 3985 1146 4038 Καὶ
1177 3985 1241 4057 δὴ
1284 3987 1727 4059 παραγενόμενος

129 4066 191 4117 ὲν
220 4065 307 4137 τῷ
338 4070 711 4141 μοναστηρίῳ,
738 4072 798 4126 16
827 4073 1032 4146 πλῆθος
1059 4075 1168 4130 τῶν
1196 4076 1439 4146 ἀδελφῶν
1459 4074 1526 4150 ἦν
1555 4078 1726 4144 ἑστὼς

129 4157 231 4211 καὶ
259 4158 363 4222 τὰς
392 4158 669 4231 ὑμνῳδίαις
700 4163 1025 4244 ἀναπέμπον
1056 4167 1136 4238 τῷ
1166 4167 1300 4238 Θεῷ.
1332 4165 1441 4222 Ἦν
1469 4171 1527 4223 δὲ
1569 4171 1724 4225 Ἐπιι-

129 4250 327 4318 (primo;
352 4250 479 4304 καθ’
502 4252 693 4307 ἑαυτὸν
718 4255 817 4319 τὰς
848 4256 1015 4327 εύχάς
1044 4258 1323 4313 ἐπιτελῶν.
1348 4260 1458 4313 Καὶ
1493 4260 1557 4331 δὴ
1585 4261 1722 4332 μετά

1832 3063 1934 3117 fuit
1958 3061 2363 3133 Spanhydrion,
2393 3076 2459 3116 eo
2488 3061 2634 3130 quod
2657 3076 2851 3131 aquam
2896 3076 3005 3116 non
3052 3062 3292 3116 haberet.
3321 3061 3414 3113 Ef—

1832 3153 2005 3209 fectus
2031 3164 2116 3211 est
2144 3165 2324 3208 autem
2362 3153 2678 3223 paradisus,
2709 3154 2764 3206 in
2796 3168 2906 3222 quo
2933 3161 3090 3207 erant
3121 3153 3264 3208 bona
3290 3169 3413 3207 om-

1832 3243 1941 3298 nia.
1989 3245 2050 3298 ln
2095 3259 2270 3314 eoque
2314 3244 2665 3300 abundabant
2714 3261 2891 3315 aquae,
2933 3255 2986 3301 et
3016 3246 3290 3301 esculenta
3330 3248 3414 3301 di-

1830 3336 1974 3392 versi
2001 3339 2241 3406 generis.
2278 3338 2416 3392 Cum
2445 3338 2513 3392 iis
2539 3352 2670 3409 ergo
2705 3322 2987 3404 omnibus,
3014 3334 3216 3408 quibus
3245 3356 3276 3394 a
3301 3339 3412 3395 Deo

1829 3428 2026 3498 dignus
2060 3428 2163 3482 fuit.
2200 3428 2419 3484 habitus
2465 3428 2825 3499 Epiphanius,
2880 3431 2985 3486 hoc
3032 3447 3250 3501 quoque
3290 3446 3410 3485 ina-

1829 3534 1995 3589 gnum
2044 3528 2099 3574 et
2132 3520 2453 3577 admirabile
2493 3522 2695 3575 donum
2746 3521 2794 3575 ei
2843 3520 2984 3578 Deus
3031 3531 3114 3578 est
3160 3523 3406 3593 largitus,

1830 3612 1977 3678 quod
2022 3626 2149 3667 cum
2198 3612 2348 3667 omni
2402 3613 2633 3668 veritate
2682 3613 2898 3669 divinas
2946 3602 3410 3683 interpretaretur

1832 3701 2141 3772 Scripturas
2185 3720 2200 3758 :
2239 3702 2452 3759 divinos
2477 3703 2624 3758 enim
2656 3703 2827 3758 libros
2866 3719 3107 3768 sumens,
3140 3712 3195 3758 et
3224 3704 3410 3774 legens

1828 3795 2115 3859 fratribus,
2164 3810 2356 3851 eorum
2386 3796 2493 3851 vim
2525 3811 2746 3866 quoque
2772 3795 3103 3852 declarabat.
3134 3794 3271 3849 Cum
3309 3810 3408 3848 au-

1830 3897 1938 3943 tem
1989 3888 2329 3959 Epiphanius
2353 3904 2583 3958 magnus
2607 3900 2795 3943 orator
2822 3897 2877 3942 et
2905 3888 3283 3958 philosophus,
3313 3887 3407 3957 qui

1829 3981 2108 4037 habitabat
2136 3979 2348 4045 Edesae,
2375 3981 2642 4036 audiisset
2670 3979 3032 4055 Epiphanium
3066 3994 3189 4035 esse
3219 3980 3409 4033 erudi-

1830 4084 1977 4141 tum,
2017 4074 2347 4129 desideravit
2391 4089 2516 4128 eum
2565 4073 2880 4129 convenire.
2930 4071 3067 4127 Cum
3114 4083 3297 4127 autem
3350 4073 3406 4126 in

1827 4165 2221 4220 monasterium
2255 4166 2573 4221 accessisset
2625 4164 2983 4235 Epiphanius,
3015 4167 3193 4222 stabat
3229 4167 3408 4221 multi-

1826 4253 1958 4307 tudo
1990 4252 2258 4321 fratrum,
2304 4262 2361 4308 et
2405 4253 2516 4309 Deo
2566 4255 2815 4309 mittebat
2862 4255 3236 4326 hymnodiam.
3276 4254 3407 4309 Erat

126 4338 415 4392 τελείωσιν
455 4342 677 4414 ἀπάσης
720 4346 820 4416 τῆς
866 4346 1160 4417 λατρείας,
1202 4348 1359 4423 ὤφθη
1405 4350 1627 4421 Ἐπιφάι

1900 4361 1957 4401 ro
2006 4344 2342 4416 Epiphanius
2384 4362 2603 4416 quoque
2646 4362 2834 4416 preces
2878 4362 2974 4417 per
3022 4363 3080 4402 se
3116 4363 3401 4417 peragens.

126 4433 245 4493 τοῖς
279 4430 532 4500 ἀδελφοῖς
552 4450 567 4464 ’
601 4430 670 4507 ἦν
701 4437 758 4490 δὲ
789 4440 817 4490 6
858 4441 1044 4511 ῥήτωρ
1072 4441 1246 4505 ἑστὼς
1264 4482 1280 4507 ,
1316 4443 1409 4497 καὶ
1439 4446 1723 4515 προσέχων

127 4522 208 4592 τῷ
245 4523 487 4595 πλήθει,
532 4530 625 4581 καὶ
667 4530 874 4600 μηδένα
918 4533 1326 4604 ἀσπασάμενος.
1366 4537 1453 4599 Ὠς
1484 4533 1578 4592 οὖν
1615 4539 1723 4592 ἴδεν

126 4614 220 4667 τὸν
261 4614 586 4684 Ἐπιφάνιον
635 4621 664 4671 6
711 4623 998 4694 φιλόσοφος
1024 4666 1039 4690 ,
1078 4628 1325 4696 ἐπέγνω,
1376 4631 1471 4683 καὶ
1498 4631 1721 4703 δραμὼν

124 4708 546 4781 προσεκύνησεν
587 4714 766 4767 αὐτόν.
815 4712 982 4785 Εἶπεν
1024 4718 1081 4771 δὲ
1114 4718 1429 4789 Ἐπιφάνιος
1460 4724 1537 4794 τῷ
1569 4724 1721 4794 φιλο-

124 4798 300 4889 σόφῳς
336 4798 426 4867 Τί,
458 4804 488 4855 6
525 4803 699 4873 μέγας
748 4807 1081 4876 Ἐπιφάνιος,
1126 4815 1154 4864 6
1189 4812 1361 4882 μέγας
1403 4815 1617 4886 ῥήτωρ,
1668 4817 1721 4870 τί

126 4891 439 4958 παρεγένου
485 4892 623 4963 πρὸς
669 4895 759 4949 τὸν
792 4900 1121 4970 μικρότατον
1147 4904 1242 4956 καὶ
1268 4903 1720 4976 ἀμαρτωλότατον

124 4976 300 5047 ἄνδρα
330 4978 704 5048 Ἐπιφανίδιον
730 5000 744 5049 ;
776 4985 901 5040 Ἐπὶ
954 4988 1112 5043 τοῦτό
1154 5009 1214 5045 σε
1249 4993 1534 5065 θαυμάζω,
1566 4998 1719 5067 φιλό-

125 5086 261 5137 σοφε
285 5112 302 5136 ,
347 5072 402 5123 τί
452 5074 592 5144 πρὸς
632 5077 723 5130 τὸν
759 5078 974 5152 ἰδιώτην
1019 5086 1328 5155 παρεγένου
1358 5089 1451 5141 καὶ
1486 5091 1719 5160 μάλιστα

125 5162 215 5215 διὰ
247 5164 523 5236 τοσαύτης
548 5166 670 5220 6606
690 5187 702 5198 ο
733 5171 821 5224 διὰ
851 5175 1011 5227 ποίαν
1044 5179 1247 5242 αἰτίαν,
1273 5181 1414 5245 εἰπὲ,
1450 5183 1636 5253 φησὶν,
1672 5180 1716 5239 ὦ

124 5258 427 5327 φιλόσοφε;
472 5260 529 5313 Ὀ
572 5260 628 5313 δὲ
664 5263 951 5334 φιλόσοφος
994 5263 1147 5323 εἶπεν
1192 5272 1328 5342 πρὸς
1364 5273 1713 5344 Ἐπιφάνιονο

124 5350 221 5421 Μὴ
252 5349 507 5420 θαύμαζε
543 5353 635 5407 ἐπὶ
662 5355 837 5421 τοῦτο,
863 5357 1149 5413 διδάσκαλε
1173 5363 1539 5435 πεποθημένε.
1559 5368 1716 5422 Ἔλε-

125 5459 188 5510 γε
219 5445 335 5515 γὰρ
365 5446 641 5513 Διονύσιος
682 5453 711 5505 6
758 5452 1254 5525 Ἁλικαρνασσεὺς,
1298 5457 1379 5509 ὅτι
1451 5459 1714 5528 πρόσωπα

194 5606 279 5673 (ο)
318 5603 590 5678 lntcrpres
619 5610 747 5678 legit
778 5612 1090 5678 πτώματος.
1126 5613 1285 5670 Ευιτ.
1313 5613 1551 5672 PnnoL.

1822 4436 1994 4493 Porro
2019 4447 2201 4492 autem
2236 4453 2361 4493 cum
2390 4453 2485 4492 eas
2513 4435 2888 4507 perfecissent,
2921 4438 3072 4492 visus
3105 4447 3190 4493 est
3223 4437 3403 4493 fratri-

1824 4532 1927 4586 bus
1958 4530 2316 4600 Epiphanius.
2352 4530 2546 4585 Stabat
2583 4531 2769 4600 itaque
2814 4530 3199 4600 phiIOSOphus,
3235 4541 3289 4585 et
3315 4540 3401 4585 at-

1824 4624 2076 4678 tendebat
2131 4623 2571 4691 multitudinem,
2647 4634 2701 4678 et
2753 4624 3026 4679 neminem
3105 4624 3397 4679 salutabat.

1822 4715 2116 4785 Postquam
2160 4724 2341 4770 autem
2371 4715 2506 4770 vidit
2552 4715 2914 4785 Epiphanium
2943 4755 2959 4780 ,
2985 4731 3110 4770 eum
3138 4716 3354 4786 agnovit
3380 4734 3396 4783 ;

1823 4818 1877 4865 et
1907 4824 2138 4864 currens
2179 4823 2303 4863 eum
2354 4808 2624 4863 adoravit.
2673 4807 2819 4863 Dixit
2850 4818 3031 4864 autem
3072 4809 3396 4880 philosopho

1822 4902 2157 4972 Epiphanius
2201 4918 2214 4954 :
2267 4902 2406 4968 Quid
2447 4910 2535 4965 tu,
2584 4904 2677 4971 qui
2726 4918 2786 4957 es
2835 4918 3067 4973 magnus
3113 4914 3297 4957 orator
3342 4915 3397 4958 et

1820 4993 2202 5063 philosophus,
2248 5001 2303 5047 et
2329 4992 2542 5046 habitas
2570 4991 2777 5057 Edesae,
2808 4994 3086 5048 accessisti
3118 4994 3183 5048 ad
3227 4993 3395 5047 mini-

1821 5099 1971 5137 mum
2006 5092 2060 5137 et
2086 5092 2424 5151 peccatorem
2473 5080 2875 5151 Epiphanium?
2907 5081 3171 5137 Prmterea
3203 5082 3394 5147 miror,

1821 5175 1966 5243 quod
2002 5173 2357 5242 philosophus
2416 5172 2630 5226 veneris
2660 5172 2724 5225 ad
2772 5172 3047 5226 hominem
3088 5171 3247 5240 plane
3304 5187 3396 5226 ru-

1819 5262 1980 5329 dem;
2012 5274 2066 5316 et
2096 5262 2335 5316 maxime
2367 5271 2475 5316 tam
2505 5277 2537 5316 e
2569 5262 2867 5332 longinquo
2894 5281 2907 5316 :
2940 5271 3161 5333 propter
3198 5280 3362 5333 quam

1818 5370 1945 5409 nam
1986 5369 2207 5409 causam
2240 5394 2255 5419 ,
2305 5369 2338 5409 ο
2379 5354 2736 5425 philosophe?
2762 5354 3129 5425 PhiIOSOphus
3161 5368 3341 5411 autem
3375 5372 3388 5406 :

1819 5446 1894 5502 Ne
1928 5447 2030 5503 hoc
2064 5446 2299 5512 mireris,
2342 5448 2539 5518 inquit,
2588 5464 2621 5502 ο
2656 5449 2913 5518 magister
2940 5449 3260 5504 desiderate.
3303 5450 3393 5503 D1-
