3800 6180
429 252 492 307 Si
1722 242 1779 295 ὃ.
1820 238 2163 293 EPII‘HANII
2202 238 2378 291 VITA.
3595 234 3655 287 53

426 366 584 420 cehat
629 364 771 418 enim
803 362 1093 434 Dionysius
1123 359 1569 415 Halicarnasseus
1608 374 1620 410 :
1655 356 1712 412 Si
1749 371 1993 427 persona:

2115 354 2408 423 τροσώποις
2437 352 2683 424 ἀλλήλοις
2720 353 3120 426 θεωρούμεναῆ
3170 350 3543 408 καλλιστεύειν
3578 350 3653 404 δύο

426 472 550 511 cum
600 455 851 526 personis
885 454 1094 508 collatae
1120 451 1553 513 considerentur,
1609 458 1839 519 possunt
1871 448 1993 518 pul-

428 547 673 602 chriores
700 561 981 615 apparere.
1009 544 1139 596 Boni
1175 559 1297 598 cum
1330 541 1491 595 malis
1522 539 1758 600 confusi,
1795 539 1848 591 in
1885 553 1995 591 uno

428 639 575 709 ligno
604 638 978 691 extendeutur.
1008 633 1197 688 Nullus
1238 632 1380 688 enim
1430 631 1591 685 homo
1617 645 1779 683 unam
1816 627 1995 681 ferens

428 732 690 794 tunicam,
745 731 819 783 ita
863 727 1101 783 custodit
1150 742 1388 796 corpus,
1438 734 1498 779 ut
1542 738 1649 778 non
1707 722 1991 776 laceretur.

426 820 667 875 Plurima
707 837 939 890 namque
968 820 1282 890 congressio
1330 818 1594 888 plurimos
1639 816 1842 885 prmbet
1880 830 1995 868 ser-

429 928 638 967 mones.
674 912 773 967 Ubi
803 924 981 967 autem
1026 924 1155 966 sunt
1189 911 1409 981 plurimi
1436 922 1732 973 sermones,
1767 916 1849 963 est
1883 923 1996 959 ma-

428 1022 533 1075 gna
561 1000 897 1061 diversarum
928 1022 1109 1060 rerum
1143 1004 1495 1073 experientia.
1535 1000 1658 1055 Ilaec
1685 1016 1808 1054 cum
1836 1000 1996 1053 dixis-

433 1106 515 1151 set
539 1097 916 1166 philosophus,
951 1107 1004 1152 et
1031 1097 1186 1166 plura
1218 1096 1344 1158 alia,
1378 1094 1564 1148 tacuit.

504 1186 693 1240 XXIII.
738 1186 1026 1256 Excipiens
1055 1196 1233 1240 autem
1268 1185 1622 1254 Epiphanius,
1652 1183 1886 1252 primum
1929 1182 1992 1233 Ii-

433 1277 589 1332 brum
617 1276 683 1331 de
722 1278 909 1331 mundi
946 1278 1217 1331 creatione
1259 1276 1642 1344 interpretatus
1671 1280 1753 1327 est
1782 1272 1849 1325 ad
1874 1286 1995 1324 vor—

431 1369 559 1422 bum
590 1368 931 1438 philosopho.
970 1369 1059 1422 Ille
1088 1383 1215 1421 vero
1262 1367 1382 1420 aliis
1413 1365 1630 1435 quidem
1669 1363 1998 1418 assentieba-

433 1468 539 1524 tur,
581 1471 771 1515 contra
818 1446 921 1516 alia
952 1470 1130 1515 autem
1166 1460 1400 1515 dicebat.
1451 1458 1767 1512 Mauserunt
1816 1457 1999 1523 itaque

418 1561 544 1607 tres
582 1550 696 1604 dies
733 1550 872 1605 inter
908 1566 965 1605 se
1008 1551 1356 1605 disserentes.
1405 1548 1537 1615 Quae
1589 1549 1657 1604 ab
1704 1547 1836 1616 ipsis
1870 1561 1998 1599 vero

432 1641 770 1706 dicebantur,
805 1658 1144 1713 nequaquam
1174 1644 1314 1696 inter
1345 1657 1403 1698 se
1428 1640 1836 1695 conveniebant.
1864 1637 1997 1691 Cum

436 1732 656 1787 vidisset
692 1743 869 1788 autem
906 1733 1281 1802 philosophus,
1314 1733 1584 1800 quomodo
1613 1731 1778 1783 vitam
1810 1729 2003 1796 agebat
2036 1713 2074 1767 Β

436 1823 769 1891 Epiphanius
794 1863 809 1888 ,
841 1838 965 1876 eum
994 1822 1146 1875 valde
1176 1822 1395 1887 dilexit,
1429 1832 1481 1876 et
1514 1830 1710 1890 quarto
1744 1819 1829 1872 die
1867 1816 2003 1870 dixit

436 1912 485 1965 ci
526 1930 538 1964 :
589 1909 864 1981 Magister,
918 1911 1142 1983 pulchra
1186 1920 1269 1966 est
1316 1911 1480 1980 hujus
1529 1908 1633 1964 loci
1685 1906 1997 1961 habitatio:

437 2003 595 2068 Volo,
650 2005 697 2059 si
741 2005 936 2079 j‘ubes,
979 2005 1064 2059 hic
1100 2006 1361 2059 habitare.
1408 2004 1457 2058 Is
1509 2018 1637 2058 vero
1670 2001 1807 2057 dixit
1848 2001 1947 2069 ipsi
1987 2020 1999 2054 :

439 2096 555 2151 Hoc
600 2096 763 2153 situm
819 2105 902 2150 est
947 2096 1001 2149 in
1061 2094 1233 2149 libero
1278 2094 1706 2163 uniuscujusque
1756 2092 2001 2146 arbitrio.

438 2183 801 2254 PhiIOSOphus
846 2192 1023 2238 autem
1058 2202 1072 2236 :
1116 2184 1254 2249 Quin
1295 2184 1456 2237 etiam
1494 2183 1660 2237 libros
1694 2197 1866 2246 meos,
1919 2181 2000 2234 in-

439 2278 579 2347 quit,
618 2279 725 2331 huc
774 2276 910 2331 fero.
962 2275 1101 2330 Dicit
1140 2274 1470 2346 Epiphanius
1502 2292 1515 2327 :
1550 2274 1607 2329 Si
1634 2276 1762 2346 quid
1794 2276 1888 2330 tibi
1919 2291 2008 2332 ve—

440 2371 555 2423 niat
607 2369 660 2423 iu
728 2380 960 2423 mentem
989 2410 1003 2433 ,
1059 2383 1273 2437 aequum
1322 2376 1375 2423 et
1416 2368 1739 2423 benevolum
1782 2368 2006 2423 habebis

442 2459 824 2528 Epiphanium.
880 2459 1025 2513 Dixit
1075 2468 1253 2514 autem
1310 2458 1665 2528 phiIOSOphus
1712 2478 1724 2512 :
1774 2458 2008 2513 Omnino

442 2553 542 2606 ihit
582 2551 837 2606 Callistus
886 2554 951 2606 ad
998 2567 1148 2606 meos
1200 2552 1390 2607 libros.
1435 2550 1581 2605 Dixit
1626 2550 2005 2621 Epiphanius:

443 2647 577 2713 Age,
599 2644 731 2698 vade
773 2660 940 2699 sanus
988 2659 1109 2701 cum
1148 2644 1389 2699 Callisto.
1440 2642 1582 2697 Dicit
1614 2652 1793 2698 autem
1834 2636 2011 2713 philo-

443 2736 649 2805 sophus
687 2754 698 2789 :
733 2734 839 2791 Res
867 2749 1056 2791 omnes
1102 2750 1252 2791 meas
1284 2736 1587 2806 relinquam
1617 2736 1863 2801 Callisto,
1911 2750 2010 2790 nec

442 2843 507 2881 ex
549 2829 651 2883 hoc
695 2828 814 2883 loco
851 2828 1031 2883 exibo.
1082 2825 1213 2881 Erat
1255 2842 1387 2882 vero
1430 2828 1519 2883 hic
1570 2828 1827 2884 Callistus
1873 2828 2009 2882 Aetii

445 2920 625 2990 magni
660 2917 847 2972 Romae
874 2917 1113 2987 praefecti
1147 2917 1312 2973 Illius.
1350 2917 1400 2973 Is
1426 2932 1551 2981 cum
1575 2919 1874 2989 malignum
1911 2921 2010 2975 ha-

2096 462 2304 505 νανται,
2330 444 2363 513 ἢ
2391 447 2550 497 κακοὶ
2582 446 2764 509 καλοῖς
2797 447 3171 518 συμφυρέντες
3200 447 3257 499 ἐν
3289 446 3375 498 ἑνὶ·
3407 442 3551 513 ξύλῳ
3580 460 3661 494 τα-

2096 535 2469 605 νυσθήσονται.
2500 536 2685 600 Οὐδεὶς
2727 537 2835 607 γάρ
2870 536 3171 608 ἀνθρώπων
3204 537 3300 591 ἕνα
3334 534 3542 605 χιτῶνα
3577 550 3662 600 ’,ρο-

2101 627 2228 699 ρῶν,
2264 627 2555 693 άνάξαντον
2586 628 2647 680 τὸ
2691 629 2851 699 σῶμα
2897 628 3231 697 διαφυλάξει.
3270 629 3333 680 Ἦ
3368 625 3481 695 γὰρ
3530 625 3666 675 πλεῖ-

2100 736 2197 790 στη
2240 720 2493 788 συντυχία
2541 719 2825 783 πλείστους
2869 719 3057 789 λόγους
3102 718 3354 789 παρέχει.
3404 718 3583 769 Ὅπου
3619 715 3667 765 δέ

2099 810 2337 863 πλεῖστοι
2390 810 2557 878 λόγοι,
2602 812 2930 882 πολυπειρία
2984 812 3323 882 πραγμάτων
3376 807 3666 875 διαφόρων.

2099 901 2282 956 Ταῦτα
2324 902 2378 955 δὲ
2420 902 2584 955 εἰπὼν
2629 907 2657 956 6
2688 904 2973 974 φιλόσοφος
3020 903 3155 971 πρὸς
3209 901 3552 969 Ἐπιφάνιον,
3586 899 3671 950 καὶ

2100 993 2320 1047 πλείονα
2346 994 2547 1047 τούτων
2569 1035 2583 1057 ,
2615 994 2998 1065 ἀπεσιώπησεν
3036 992 3233 1064 μηκέτι
3276 990 3669 1061 φθεγγόμενος.

2170 1193 2295 1247 KI".
2351 1193 2664 1247 ’Υπολαϐὼν
2707 1193 2765 1245 δὲ
2810 1192 3122 1261 Ἐπιφάνιος
3163 1190 3270 1243 ἀπὸ
3315 1190 3415 1259 τῆς
3452 1186 3672 1259 πρώτης

2103 1284 2284 1353 βίϐλου
2313 1284 2410 1353 τῆς
2457 1284 2811 1353 κοσμοποιῖας
2840 1283 3226 1353 διερμήνευσεν
3256 1283 3398 1333 κατὰ
3432 1278 3568 1340 ἔπος
3600 1277 3671 1346 τῷ

2101 1376 2390 1445 φιλοσόφῳ.
2434 1375 2491 1426 '0
2525 1374 2621 1444 μὲν
2664 1369 2755 1427 οὖν
2787 1374 3075 1443 φιλόσοφος
3125 1374 3238 1435 τοῖς
3270 1370 3367 1441 μὲν
3405 1372 3672 1440 μετεῖχεν,

2100 1470 2212 1529 τοῖς
2252 1467 2309 1519 δὲ
2364 1464 2671 1534 ἀντέλεγεν.
2698 1466 2993 1534 Ἐποίησαν
3040 1464 3096 1516 δὲ
3130 1465 3277 1534 τρεῖς
3315 1462 3532 1532 ἡμέρας
3564 1460 3672 1510 δια-

2102 1558 2380 1628 λεγόμενοι
2408 1558 2545 1628 πρὸς
2576 1557 2821 1620 ἐαυτούς.
2851 1557 3181 1626 Ἀσύμφωνα
3213 1555 3268 1608 δὲ
3296 1549 3362 1625 ἦν
3392 1554 3582 1613 αὐτοῖς
3615 1549 3673 1603 τὰ

2104 1649 2405 1720 λαλούμενα
2438 1650 2527 1701 ὑπ’
2562 1648 2760 1701 αὐτῶν.
2790 1647 2933 1701 Ἰδὼν
2966 1647 3023 1699 δὲ
3051 1649 3079 1699 6
3122 1645 3408 1714 φιλόσοφος
3436 1642 3540 1713 τὴν
3568 1641 3673 1693 δια·

2103 1742 2288 1814 γωγὴν
2312 1741 2404 1794 καὶ
2426 1740 2495 1793 τὰ
2516 1740 2619 1812 ἤθη
2642 1738 2982 1808 Ἑπιφανίου,
3014 1737 3147 1791 πολὺ
3175 1738 3463 1806 ἠγάπησεν
3494 1734 3670 1787 αὐτόν.

2104 1833 2182 1902 Τῇ
2223 1826 2315 1883 οὖν
2365 1830 2599 1901 τετάρτῃ
2644 1830 2825 1901 ἡμέρᾳ
2854 1824 3005 1881 εἶπεν
3050 1830 3079 1880 6
3120 1827 3411 1895 φιλόσοφος
3451 1823 3673 1891 Ἐπιφα-

2104 1925 2200 1994 νίῳ
2220 1942 2232 1955 ·
2254 1922 2569 1983 Διδάσκαλε,
2593 1920 2729 1991 καλὴ
2755 1922 2788 1990 ή
2814 1920 3026 1990 οἴκησις
3052 1918 3145 1971 τοῦ
3173 1919 3357 1971 τόπου.
3388 1914 3674 1984 Βούλομαι,

2105 2017 2153 2067 εί
2189 2013 2449 2076 κελεύεις,
2485 2014 2652 2065 οἰκεῖν
2686 2009 2936 2064 ἐνταῦθα.
2970 2005 3139 2064 Εἶπεν
3162 2009 3218 2061 δὲ
3247 2004 3571 2075 Ἐπιφάνιος
3609 2004 3673 2071 τῷ

2107 2102 2379 2172 φιλοσόφῳ
2398 2117 2410 2129 ·
2446 2098 2616 2152 Τοῦτο
2657 2098 2791 2169 πρὸς
2818 2097 2915 2168 τὴν
2953 2096 3270 2168 προαίρεσιν
3301 2092 3420 2155 ἐνὸς
3450 2090 3674 2143 ἑκάστου

2108 2193 2274 2246 ἐστίν.
2318 2188 2487 2246 Εἶπεν
2518 2190 2573 2242 δὲ
2619 2191 2648 2242 6
2693 2188 2979 2257 φιλόσοφος
3020 2185 3325 2255 Ἐπιφανίῳ
3350 2201 3362 2211 ·
3397 2180 3566 2235 Ἀλλά
3596 2181 3679 2231 καὶ

2107 2283 2205 2345 τὰς
2236 2281 2448 2352 βίϐλους
2479 2280 2649 2352 φέρω.
2700 2274 2868 2331 Εἶπεν
2899 2277 2954 2331 δὲ
2992 2276 3171 2347 αὐτῷ·
3209 2275 3277 2330 Εἴ
3301 2292 3354 2327 τι
3391 2272 3681 2343 παρεισέρ-

2108 2393 2261 2446 χεται
2290 2374 2367 2444 τῷ
2400 2372 2646 2443 λογισμῷ
2676 2388 2790 2437 σου,
2826 2370 3079 2442 εὑρήσεις
3121 2367 3442 2437 Ἐπιφάνιον
3485 2365 3679 2432 εύγνω-

2113 2466 2394 2539 μονοῦντα.
2428 2462 2594 2519 Εἶπεν
2622 2463 2679 2517 δὲ
2718 2465 2746 2515 6
2786 2461 3072 2531 φιλόσοφος
3097 2478 3111 2492 ο
3142 2459 3444 2521 Κάλλιστος
3479 2453 3682 2525 πορεύ-

2113 2576 2263 2612 σεται
2294 2557 2429 2628 πρὸς
2459 2556 2555 2619 τὰς
2599 2556 2737 2625 ἐμᾶς
2783 2550 3013 2625 βίϐλους.
3045 2549 3216 2606 Εἵπεν
3261 2549 3584 2617 Ἐπιιράνιος
3614 2545 3681 2615 τῷ

2114 2648 2419 2717 φιλοσόφῳ·
2460 2646 2690 2713 Ἀγαγε,
2725 2643 2873 2712 βαῖνε
2901 2641 3158 2710 ὑγιαίνων
3196 2638 3336 2710 μετὰ
3360 2637 3679 2690 Καλλίστου.

2112 2737 2282 2797 Εἶπεν
2311 2739 2368 2792 δὲ
2412 2739 2439 2790 6
2487 2736 2774 2806 φιλόσοφος
2817 2732 3151 2802 Ἐπιφανίῳ·
3200 2732 3388 2784 Πάντα
3436 2728 3506 2781 τὰ
3554 2727 3681 2797 πρά-

2112 2830 2297 2902 γματά
2330 2846 2430 2897 μου
2468 2826 2751 2896 Καλλίστῳ
2778 2826 2923 2891 άφίω
2942 2840 2954 2853 ·
2982 2822 3092 2890 ἐγὼ
3121 2822 3228 2892 γὰρ
3261 2821 3444 2874 οὐκέτι
3473 2820 3681 2889 ἐξέρχο-

2118 2941 2215 2995 μαι
2248 2924 2313 2975 ἐκ
2332 2920 2425 2975 τοῦ
2448 2920 2613 2974 τόπου
2645 2918 2857 2973 τούτου.
2882 2918 2987 2969 Ἤν
3013 2915 3069 2969 δὲ
3097 2916 3124 2963 ὁ
3152 2913 3451 2975 Κάλλιστος
3478 2910 3680 2963 Ἀετίου

444 3011 599 3067 beret
648 3010 928 3080 Spiritum,
978 3009 1110 3062 vidit
1155 3009 1517 3079 Epiphanium
1567 3010 1832 3065 dicentem
1875 3011 1923 3065 ci
1960 3012 2009 3065 in

2116 3016 2209 3071 τοῦ
2282 3015 2517 3086 μεγάλου
2587 3013 2826 3083 ἐπάρχου
2890 3011 2985 3081 τῆς
3037 3007 3256 3079 Ῥώμης
3318 3006 3453 3069 υίδς.
3528 2996 3688 3063 Οὗτος

443 3101 698 3155 visione:
732 3098 861 3162 Vis,
915 3097 1172 3161 Calliste,
1218 3098 1486 3167 expellam
1533 3113 1565 3154 a
1610 3108 1665 3154 te
1718 3100 2015 3170 spiritum?

449 3191 597 3245 Dixit
643 3190 899 3245 Callistus
933 3205 947 3242 :
977 3188 1042 3244 Et
1084 3189 1208 3258 quis
1254 3196 1311 3243 tu
1368 3204 1448 3255 es,
1501 3190 1715 3245 domine
1748 3192 1842 3256 mi,
1873 3194 2016 3262 quod

449 3281 628 3350 possis
655 3296 778 3333 eum
819 3279 1129 3349 expellere?
1156 3278 1299 3333 Dixit
1327 3289 1506 3335 autem
1536 3280 1868 3351 Epiphanius
1894 3284 2018 3338 Cal-

450 3372 575 3426 listo
608 3388 621 3423 :
655 3369 766 3441 Ego
802 3386 946 3434 sum,
994 3370 1191 3439 inquit,
1224 3368 1559 3441 Epiphanius
1588 3372 2018 3444 thnicopalze-

453 3465 653 3528 sliuus,
690 3465 781 3532 qui
814 3465 869 3517 in
896 3463 1237 3533 Spanhydrio
1265 3464 1447 3519 habito
1480 3464 1533 3519 in
1568 3468 1919 3521 monasterio.
1961 3467 2021 3521 Si

454 3570 604 3626 ergo,
638 3556 832 3623 inquit,
869 3556 1070 3608 malum
1104 3566 1209 3608 ate
1241 3555 1489 3624 spiritum
1521 3558 1802 3625 expulero,
1836 3558 2020 3612 venies

455 3648 522 3702 ad
572 3662 680 3713 me,
715 3655 767 3700 et
800 3645 1066 3701 habitabis
1111 3661 1325 3700 mecum
1373 3646 1427 3700 in
1453 3646 1791 3719 Spanhydrio
1820 3649 1843 3702 ?
1878 3648 2022 3704 Dixit

455 3740 714 3801 Callistus
765 3738 831 3793 ad
885 3737 1246 3807 Epiphanium
1277 3753 1291 3787 :
1325 3736 1571 3801 Domine,
1618 3738 1825 3808 expelle
1862 3754 1892 3793 a
1940 3756 2022 3793 me

456 3832 799 3887 immundum
826 3830 1095 3907 spiritum,
1126 3838 1180 3883 et
1202 3829 1459 3883 habitabo
1490 3837 1686 3883 tecum.
1712 3828 1865 3884 Tunc
1887 3830 2023 3884 dixit

458 3925 791 3995 Epiphanius
818 3922 1039 3978 Callisto
1067 3938 1082 3975 :
1115 3921 1249 3976 Vide
1294 3936 1362 3975 ne
1396 3921 1588 3977 feceris
1612 3922 1796 3986 aliter;
1834 3938 2025 3977 rursus

457 4018 603 4072 enim
659 4016 753 4071 tibi
807 4014 1117 4069 adhaerebit.
1186 4013 1462 4068 Excitatus
1515 4022 1694 4069 autem
1745 4012 2024 4077 Callistus,

461 4109 699 4163 narravit
726 4107 909 4161 omnia
943 4106 1083 4176 patri
1116 4121 1216 4159 suo
1245 4104 1519 4174 praefecto.
1554 4106 1634 4161 Ab
1658 4106 1749 4159 illo
1779 4122 1907 4177 ergo
1941 4106 2028 4161 die

2118 3107 2337 3178 πνεῦμα
2381 3104 2615 3175 πονηρὸν
2648 3103 2807 3173 ἔχων,
2861 3100 2983 3154 ἰδὼν
3009 3101 3328 3169 Ἐπιφάνιον
3366 3099 3425 3149 ἐν
3462 3094 3691 3163 ὀπτασίᾳ

2116 3200 2341 3267 λέγοντα
2369 3195 2513 3266 αὐτῷ
2539 3211 2552 3223 ο
2588 3194 2776 3257 Θέλεις
2796 3233 2810 3256 ,
2855 3192 3123 3246 Κάλλιστε
3144 3232 3158 3256 ,
3185 3189 3361 3254 διώξω
3388 3188 3449 3240 τὸ
3480 3186 3690 3255 πνεῦμα

2118 3291 2226 3345 ἀπὸ
2258 3289 2383 3356 σοῦ;
2429 3284 2600 3343 Εἷπεν
2643 3286 2699 3341 δὲ
2741 3286 3075 3349 Κάλλιστος·
3122 3283 3234 3337 Καὶ
3276 3283 3359 3346 τίς
3409 3277 3495 3347 εἴ,
3543 3279 3689 3349 κύριε

2124 3400 2247 3452 μου,
2282 3383 2364 3435 ὅτι
2392 3380 2616 3433 δύνασαι
2649 3377 2836 3442 διῶξαι
2882 3376 3045 3443 αὑτό;
3078 3374 3244 3428 Εἶπεν
3276 3374 3333 3426 δὲ
3376 3370 3690 3438 Ἐπιφάνιος

2119 3473 2197 3544 τῷ
2228 3472 2542 3540 Καλλίστην
2578 3468 2723 3538 Ἐγώ
2765 3469 2880 3538 είμι
2902 3508 2916 3533 ,
2958 3466 3140 3535 φησὶν,
3172 3462 3492 3531 Ἐπιφάνιος
3518 3462 3545 3512 6
3577 3460 3692 3510 Φοι-

2120 3563 2609 3626 νικοπαλαιστινὸς,
2638 3563 2666 3614 6
2698 3562 2755 3613 ἐν
2782 3558 3101 3627 Σπανυδρίῳ
3129 3556 3292 3609 οἰκῶν
3314 3553 3391 3624 τῷ
3426 3568 3691 3622 μοναστη-

2124 3659 2245 3731 ρίῳ.
2278 3657 2403 3710 Ἐάν
2437 3651 2551 3719 οὖν,
2587 3655 2772 3725 φησὶν,
2813 3652 2987 3717 διώξω
3020 3652 3080 3703 τὸ
3114 3648 3329 3719 πνεῦμα
3373 3647 3433 3698 τὸ
3463 3644 3697 3715 πονηρὸν

2124 3752 2234 3805 ἀπὸ
2264 3748 2380 3812 σοῦ,
2416 3746 2610 3818 ἐλεύσῃ
2636 3746 2732 3800 καὶ
2760 3744 3107 3813 κατοικήσεις
3150 3740 3265 3810 μετ’
3291 3737 3425 3809 ἐμοῦ
3464 3739 3522 3789 ἐν
3555 3737 3697 3787 Σπα-

2123 3841 2341 3911 νυδρίῳ.
2372 3835 2539 3893 Εἶπεν
2562 3838 2619 3890 δὲ
2649 3836 2947 3898 Κάλλιστος
2979 3833 3113 3905 πρὸς
3138 3831 3452 3898 Ἐπιφάνιον
3470 3844 3483 3857 °
3511 3826 3698 3897 Κύριε,

2124 3934 2311 4000 δίωξον
2357 3933 2452 3987 ἀπ’
2487 3931 2621 4002 ἐμοῦ
2652 3931 2712 3982 τὸ
2744 3928 3052 3998 ἀκάθαρτον
3088 3923 3335 3995 πνεῦμα,
3372 3922 3468 3974 καὶ
3519 3936 3699 3972 κατοι-

2126 4027 2301 4097 κήσω,
2328 4024 2480 4095 φησὶ,
2510 4020 2647 4092 μετὰ
2677 4022 2790 4075 σοῦ.
2822 4015 2987 4073 Εἶπεν
3012 4018 3069 4071 δὲ
3106 4014 3419 4085 Ἐπιφάνιος
3444 4013 3524 4082 τῷ
3556 4011 3699 4064 Καλ-

2126 4116 2325 4186 λίστῳ·
2368 4114 2540 4167 Βλέπε
2584 4113 2658 4184 μὴ
2699 4114 2929 4183 ποιήσῃς
2958 4111 3151 4173 ἄλλως,
3182 4108 3302 4161 ἐπεὶ
3339 4106 3503 4161 πάλιν
3534 4120 3701 4175 προσ-

460 4217 569 4255 non
617 4212 700 4255 est
748 4200 983 4270 amplius
1034 4198 1266 4253 afﬂictus
1314 4198 1572 4253 Callistus
1624 4200 1692 4253 ab
1744 4201 2009 4255 immundi

2130 4207 2543 4277 κολληθήσεται.
2578 4203 2950 4270 Ἐξυπνισθεὶς
2988 4198 3080 4255 οὖν
3124 4203 3151 4254 6
3188 4198 3487 4259 Κάλλιστος
3514 4194 3705 4263 διηγή-

461 4294 676 4362 spiritu.
712 4291 841 4347 Post
872 4302 1084 4361 tempus
1128 4298 1309 4345 autem
1355 4292 1519 4345 trium
1569 4292 1837 4346 mensium
1890 4292 2001 4346 dixi

2132 4318 2263 4353 σατο
2295 4299 2371 4370 τῷ
2400 4299 2567 4370 πατρὶ
2599 4296 2761 4351 αὑτοῦ
2789 4296 2901 4348 ὄντι
2931 4295 3173 4365 ἐπάρχῳ.
3201 4290 3336 4343 Ἀπὸ
3361 4290 3459 4359 τῆς
3493 4287 3604 4358 ήμέ
3615 4302 3706 4355 ρας

457 4381 715 4438 Callistus
748 4382 903 4436 Aetio
931 4382 1071 4451 patri
1104 4396 1204 4436 suo
1230 4397 1244 4433 :
1276 4379 1456 4444 Pater,
1483 4382 1605 4435 volo
1648 4381 1726 4434 ire
1770 4382 1822 4434 in
1852 4382 2009 4451 regio

2133 4384 2225 4442 οὖν
2252 4389 2464 4456 ἐκείνης
2501 4386 2683 4439 οὐκέτι
2725 4388 2752 4438 6
2790 4383 3087 4443 Κάλλιστος
3122 4380 3226 4433 ὑπὸ
3274 4378 3362 4432 τοῦ
3400 4376 3707 4445 πνεύματος

459 4490 583 4529 nem
620 4472 939 4529 Phoenicum
961 4515 976 4540 ,
1009 4482 1062 4527 et
1088 4488 1331 4543 quaerere
1362 4472 1720 4543 Epiphanium
1744 4515 1757 4538 ,
1789 4484 1841 4528 et
1875 4474 2009 4528 habit

2134 4481 2228 4534 τοῦ
2267 4479 2575 4549 ἀκαθάρτου
2613 4476 2819 4548 ἐθλίὸη.
2852 4476 3007 4530 Μετὰ
3052 4474 3108 4526 δὲ
3135 4472 3455 4544 τριμηναῖον
3494 4470 3707 4538 χρόνον,

460 4575 574 4619 tare
598 4580 720 4619 cum
754 4566 869 4634 ipso
896 4564 951 4618 in
985 4562 1350 4635 Spanhydrio.
1374 4564 1732 4635 Statimipaler
1762 4566 1899 4635 ejus,
1932 4566 2009 4620 dat

2135 4572 2288 4626 εἶπεν
2336 4572 2532 4641 Ἀετίῳ
2580 4570 2658 4640 τῷ
2703 4570 2871 4641 πατρὶ
2920 4568 3114 4623 αὐτοῦ’
3165 4565 3453 4634 Βούλομαι,
3490 4562 3706 4629 Πάτερ,

459 4655 532 4709 tis
555 4655 605 4709 ei
632 4655 820 4709 multis
854 4655 1120 4721 pecuniis,
1149 4654 1298 4719 misit
1323 4670 1446 4708 cum
1478 4654 1749 4722 prtcsidio.
1781 4654 2009 4723 Cumqm

2135 4663 2461 4735 πορευθῆναι
2490 4663 2547 4714 ἐν
2570 4664 2634 4732 τῇ
2674 4660 2825 4733 χώρᾳ
2853 4660 2959 4713 τῶν
2992 4658 3268 4720 Φοινίκων,
3305 4655 3398 4708 καὶ
3429 4652 3708 4722 ἀναζητῆ-

460 4744 702 4799 venisset
734 4746 787 4798 in
827 4744 1190 4813 Pbmniciam,
1238 4754 1293 4800 et
1338 4746 1730 4816 inquisivisset,
1772 4747 1921 4800 venit
1962 4748 2028 4801 ad

462 4835 849 4905 Epiphanium,
879 4847 934 4891 et
962 4838 1013 4892 ei
1048 4839 1300 4908 exposuit
1324 4840 1529 4905 omnia,
1563 4848 1617 4892 et
1643 4838 1902 4892 habitavit
1930 4855 2027 4897 no-

462 4927 698 4980 hiscum.
749 4924 895 4980 Misit
945 4942 1075 4996 ergo
1117 4927 1475 4997 philosophus
1528 4928 1832 4993 Callistum,
1872 4929 2029 4998 jussu

2137 4773 2225 4809 σαι
2250 4754 2341 4806 τὸν
2371 4753 2707 4822 Ἐπιφάνιον,
2737 4755 2831 4805 καὶ
2863 4751 3083 4822 οἰκῆσαι
3112 4750 3228 4820 μετ’
3260 4745 3425 4801 αὑτοῦ
3458 4747 3515 4797 ἐν
3531 4746 3711 4797 Σπανο

2141 4848 2327 4919 υδρίῳ.
2356 4845 2571 4909 Εὐθέως
2618 4842 2710 4899 οὖν
2738 4848 2765 4898 6
2790 4843 2969 4914 πατὴρ
3000 4841 3163 4895 αὐτοῦ
3193 4839 3368 4899 δὼσας
3400 4837 3547 4906 αὐτῷ
3581 4837 3714 4907 χρή-

2141 4954 2283 5009 ματα
2315 4936 2482 4990 πολλὰ
2502 4977 2515 5000 ,
2549 4934 2865 4989 ἀπέστειλεν
2899 4932 3060 4988 αὐτὸν
3105 4930 3241 5001 μετὰ
3288 4927 3556 4999 βοηθείας.
3608 4926 3714 4979 Καὶ

464 5016 777 5086 Epiphanii,
824 5032 947 5071 cum
996 5019 1209 5072 duobus
1256 5020 1460 5087 pueris,
1506 5027 1561 5073 et
1604 5018 1778 5073 tribus
1810 5020 2032 5074 camelis

2142 5028 2311 5082 ἐλθὼν
2361 5030 2417 5080 ἐν
2448 5029 2517 5098 τῇ
2558 5026 2775 5097 Φοινίκῃ
2798 5065 2812 5089 ,
2863 5024 3198 5093 ἐπιζητήσας
3237 5018 3591 5088 Ἐπιφάνιον,
3628 5018 3714 5068 καὶ

466 5108 698 5162 Elesam
748 5109 814 5162 ad
862 5109 1031 5163 libros
1078 5110 1443 5165 adducendos.
1507 5112 1753 5179 Cumque
1798 5111 2035 5166 venisset

2142 5120 2546 5189 ἐξηγησάμενος
2587 5117 2734 5188 αὐτῷ
2765 5118 2976 5170 ἅπαντα
2995 5155 3009 5181 ,
3040 5112 3354 5181 κατῴκησεν
3388 5110 3504 5180 μεθ’
3533 5108 3711 5178 ἡμῶν.

468 5201 722 5265 Edesam,
752 5204 958 5271 accepit
1004 5202 1172 5256 libros
1200 5203 1529 5274 phiIOSOphi,
1575 5214 1627 5259 et
1656 5203 1916 5274 imposuit
1945 5219 2007 5257 ca

2154 5207 2491 5260 Ἀπέστειλεν
2519 5204 2610 5260 οὖν
2631 5210 2657 5261 6
2682 5207 2966 5275 φιλόσοφος
2995 5204 3086 5257 τὸν
3121 5201 3419 5255 Κάλλιστον
3450 5200 3599 5251 κατὰ
3631 5197 3717 5249 κέ-

469 5294 646 5356 melis,
679 5304 733 5349 et
758 5296 904 5349 venit
942 5297 997 5349 in
1037 5296 1449 5350 monasterium.

2140 5299 2321 5353 λευσιν
2363 5300 2711 5370 Ἐπιφανίου,
2760 5297 2897 5368 μετὰ
2947 5295 3039 5348 δύο
3078 5292 3379 5363 παιδαρίων
3421 5290 3516 5342 καὶ
3548 5287 3717 5358 τριῶν

472 5388 734 5457 καμήλων
799 5390 856 5440 ἐν
895 5387 1103 5461 Ἐδέσῃ,
1152 5388 1244 5440 ἐπὶ
1277 5387 1337 5439 τὸ
1365 5388 1589 5455 ἀγαγεῖν
1650 5386 1746 5450 τὰς
1815 5385 2027 5455 βίϐλους
2086 5391 2246 5443 αὐτοῦ
2277 5393 2333 5445 ἐν
2360 5392 2436 5462 τῷ
2466 5390 2828 5462 μοναστηρίῳ.
2876 5388 2983 5441 Καὶ
3013 5386 3075 5457 δὴ
3108 5384 3205 5455 τὴν
3235 5380 3460 5452 πορείαν
3492 5380 3715 5450 ποιητά·

476 5496 633 5549 μενος
661 5482 688 5533 6
710 5480 1006 5543 Κάλλιστος
1038 5483 1094 5532 ἐν
1126 5478 1343 5553 Ἐδέση,
1378 5480 1534 5531 ἔλαϐε
1600 5480 1696 5543 τὰς
1762 5479 1975 5548 βίϐλους
2005 5479 2095 5533 τοῦ
2166 5483 2481 5553 φιλοσόφου,
2516 5484 2607 5537 καὶ
2644 5482 2837 5554 ἔθηκεν
2902 5482 2994 5532 ἐπὶ
3050 5478 3149 5539 τὰς
3215 5478 3365 5548 τρεῖς
3416 5474 3721 5545 καμήλους,

472 5572 569 5631 καὶ
598 5572 924 5646 παρεγένετο
958 5576 1011 5625 ἐν
1038 5572 1113 5644 τῷ
1148 5573 1507 5644 μοναστηρίῳ.
