3800 6180
137 196 207 247 55
1400 216 1458 270 s.
1501 214 1841 270 EPIPHANII
1879 214 2052 269 Vl‘l‘A.
3267 212 3336 268 54

152 318 318 378 "AA'.
364 324 498 378 Καθ’
547 326 761 397 ἡμέραν
804 321 898 380 οὖν
957 326 1270 396 Ἐπιφάνιος
1327 331 1420 383 καὶ
1461 334 1489 384 6
1537 332 1687 399 φιλό-

1858 329 2044 385 ΧΧΝ.
2085 327 2335 396 Quotidie
2368 343 2495 398 ergo
2523 326 2857 397 Epiphanius
2905 333 2959 381 et
3002 326 3356 397 philosophus

126 430 285 479 σοφος
312 416 371 467 ὲν
396 416 562 488 πολλῇ
592 418 891 488 φιλονεικίᾳ
918 414 1055 489 ἦσαν
1089 418 1223 489 πρὸς
1248 421 1488 484 ἑαυτούς.
1525 418 1691 476 Εἶπεν

122 504 173 554 δὲ
202 502 521 574 Ἐπιφάνιος
543 507 623 578 τῷ
651 509 951 579 φιλοσόφῳ*
977 509 1135 576 Λέγει
1169 511 1386 582 Δανιὴλ,
1414 513 1689 583 φιλόσοφε,

123 597 200 646 ὃτι
232 598 538 666 κριτήριον
567 600 866 667 ἐκάθισεν,
898 602 995 655 καί
1032 602 1235 665 βίϐλοι
1274 590 1689 673 ἠνεῴχθησαν.

123 686 294 758 Δεῦρο
330 689 561 760 πρόθες,
609 693 774 761 φησὶ,
829 693 927 755 τὰς
965 694 1063 756 σὰς
1107 693 1354 763 βίϐλους,
1400 695 1554 764 κάγὼ
1593 696 1693 760 τὰς

124 781 287 848 ὲμάς,
319 780 386 843 ἃς
417 799 505 852 μοι
536 785 565 835 6
592 783 723 846 Θεὸς
751 782 1059 856 ἐχαρίσατο,
1080 786 1172 839 καὶ
1199 785 1570 857 καθεσθῶμεν,
1600 790 1693 841 καὶ

122 872 492 944 δωκριθῶμεν
522 873 658 943 πρὸς
689 873 932 939 ἑαυτούς.
957 874 1258 946 Ἐπέθηκεν
1288 876 1345 929 δὲ
1378 876 1694 946 Ἐπιφάνιος

122 965 219 1027 τὰς
251 965 641 1028 θεοπνεύστους
666 966 886 1036 Γραφάς
911 966 974 1019 ὲκ
1003 965 1212 1034 δεξιῶν,
1239 970 1332 1021 καὶ
1355 969 1385 1020 6
1410 969 1693 1039 φιλόσοφος

123 1053 181 1116 ὲξ
222 1054 558 1123 ἀριστερῶν·
614 1055 826 1129 τῶνδὲ
866 1055 1186 1127 ἀρξαμένων
1232 1060 1327 1111 ἀπ’
1370 1060 1545 1129 ἀρχῆς
1593 1060 1695 1130 τῆς

124 1145 503 1214 κοσμοπιῖας,
533 1147 562 1198 ό
588 1146 689 1216 μὲν
713 1145 1028 1216 Ἐπιφάνιος
1058 1148 1165 1201 ἀπὸ
1187 1149 1284 1219 τῆς
1312 1150 1593 1217 γενέσεως,
1626 1146 1694 1221 ἦς

122 1236 365 1305 Μωῦσῆς
396 1238 788 1307 συνεγράψατο,
814 1241 841 1291 6
868 1238 925 1291 δὲ
957 1239 1240 1310 φιλόσοφος
1266 1242 1372 1295 ἀπὸ
1403 1246 1502 1314 τῆς
1528 1244 1693 1314 αὐτῆς

121 1326 424 1392 γενέσεως,
468 1324 538 1398 ἧς
573 1331 602 1381 6
658 1329 896 1393 Ἡσίοδος
939 1332 1334 1403 συνεγράψατο.
1379 1334 1534 1388 Κατά
1566 1334 1695 1399 ἔπος

120 1413 213 1470 οὖν
257 1418 618 1484 διεξελθόντες
648 1421 718 1473 τὰ
759 1420 854 1475 δύο
897 1422 1110 1492 βιϐλία,
1160 1424 1519 1493 ἐφιλονείκουν
1560 1426 1695 1497 πρὸς

122 1509 368 1573 ἑαυτούς.
401 1507 507 1563 Ἤν
535 1512 592 1564 δὲ
618 1512 679 1564 τδ
706 1512 822 1581 φῶς
872 1513 987 1581 φῶς
1004 1556 1019 1581 ,
1056 1514 1150 1567 καὶ
1178 1515 1239 1568 τὸ
1270 1516 1457 1579 σκότος
1486 1515 1691 1578 σκότος.

133 1599 188 1651 ’0
218 1599 333 1670 γὰρ
365 1600 603 1671 Μωῦσῆς
643 1600 777 1653 Θεοῦ
827 1605 1253 1676 συνεργήσαντος
1288 1606 1691 1676 συνεγράψατο·

118 1694 149 1743 ὁ
183 1692 246 1744 δὲ
300 1693 541 1756 Ἡσίοδος
584 1694 690 1746 ἀπὸ
742 1695 838 1765 μὲν
893 1695 1027 1747 Θεοῦ
1052 1674 1130 1749 *τὸ
1165 1696 1262 1767 ζῇν
1291 1674 1465 1768 εἶχεν,
1506 1698 1612 1751 ἀπὸ
1639 1698 1694 1751 δὲ
1726 1674 1769 1729 Β

118 1784 391 1853 δαιμόνων
432 1786 532 1856 τὴν
576 1787 804 1859 πλάνην.
858 1788 1135 1843 Ἐνιαυτον
1175 1789 1271 1846 οὖν
1318 1792 1436 1845 ὅλον
1485 1792 1695 1863 ἔμεινεν

119 1876 438 1945 Ἑπιφάνιος
470 1879 849 1951 διαλεγόμενος
881 1881 958 1952 τῷ
987 1883 1278 1955 φιλοσόφῳ,
1313 1886 1406 1938 καὶ
1428 1885 1527 1938 οὐκ
1551 1885 1697 1939 ἔπει-

118 1984 210 2021 σεν
243 1969 432 2024 αὐτόν.
480 1972 619 2024 Ποτὲ
650 1972 778 2040 γοῦν
810 1974 1081 2044 ἀγροίκων
1120 1975 1213 2027 τὸν
1259 1975 1487 2047 ἀριθμὸν
1524 1974 1563 2041 ξ’
1602 1976 1697 2046 φέ-

119 2075 309 2129 ρουσιν
340 2060 623 2115 νεανίσκον
664 2064 788 2118 τινὰ
831 2064 934 2117 ὑπὸ
969 2064 1061 2118 τοῦ
1108 2066 1418 2137 ἀκαθάρτου
1459 2067 1697 2137 ἐνοχλού-

121 2166 307 2217 μενον.
341 2149 497 2203 Ἐπεὶ
524 2147 616 2205 οὗν
648 2153 747 2225 οῦκ
795 2154 1061 2224 ἠδύναντο
1107 2156 1487 2226 περιγενέσθαι
1531 2158 1693 2210 αὑτοῦ

116 2242 165 2292 οί
213 2241 285 2306 ξ’,
335 2242 588 2297 ἀλύσεσιν
636 2244 830 2316 ἔδησαν
874 2245 1079 2311 τοῦτον,
1134 2248 1228 2301 καὶ
1274 2248 1510 2318 ἧνεγκαν
1560 2250 1695 2319 πρός

130 2331 453 2400 Ἐπιφάνιον
480 2336 537 2387 ὲν
569 2335 651 2405 τῷ
687 2338 1050 2409 μοναστηρίῳ.
1094 2333 1260 2391 Εἶπεν
1298 2340 1355 2392 δὲ
1383 2339 1695 2410 Ἐπιφάνιος

119 2425 194 2494 τῷ
228 2425 541 2498 φιλοσόφῳ·
579 2430 713 2497 ΙἌγε
756 2430 850 2499 δὴ,
892 2431 1165 2500 φιλόσοφε,
1194 2433 1223 2485 6
1245 2431 1343 2496 τὰς
1370 2433 1695 2502 φιλονεικίας

118 2517 448 2587 ποιούμενος
508 2521 645 2590 μετά
683 2521 775 2574 τοῦ
822 2523 1144 2595 ἀμαρτωλοῦ
1190 2526 1538 2595 Ἐπιφανίου,
1578 2529 1696 2580 ἐπι-

119 2606 496 2679 καλεσάμενος
525 2610 585 2662 τὸ
617 2610 819 2679 πλῆθος
865 2612 973 2666 τῶν
1022 2613 1159 2668 θεῶν
1204 2631 1316 2681 σου,
1370 2618 1516 2680 ὅπως
1561 2620 1696 2671 ἀπο-

119 2696 407 2764 διὼξουσιν
433 2701 495 2753 τὸ
522 2702 735 2773 πνεῦμα
763 2703 870 2756 ἀπὸ
896 2704 990 2757 τοῦ
1020 2706 1323 2761 νεανίσκου.
1362 2709 1421 2762 ’0
1456 2709 1512 2761 δὲ
1544 2710 1693 2777 φιλό-

122 2806 281 2857 σοφος
318 2790 513 2863 ὥσπερ
561 2794 883 2866 ἡττηθέντα,
923 2798 1017 2850 καὶ
1041 2798 1393 2869 ἀπορήσαντα
1423 2801 1513 2855 τὸν
1538 2801 1695 2870 λόγον

120 2880 425 2953 ὑπενόησεν
450 2883 541 2937 τὸν
571 2886 910 2955 Ἐπιφάνιον·
945 2889 972 2941 6
997 2887 1054 2940 δὲ
1089 2888 1399 2959 Ἐπιφάνιος
1444 2893 1694 2960 ἐπιγνοὺς

120 2971 278 3060 τοῦτο
301 3014 317 3036 ,
348 2969 505 3027 εἶπεν
533 2976 669 3047 πρὸς
705 2978 793 3031 τὸν
824 2977 1111 3048 φιλόσοφον
1134 2997 1148 3011 ο
1179 2981 1245 3033 Τί
1272 2982 1470 3049 λέγεις,
1509 2984 1691 3054 φησιν,
1722 3002 1763 3060 C

118 3056 165 3113 ὦ
198 3064 463 3134 φιλόσοφε
483 3104 498 3129 ,
538 3068 667 3137 περὶ
699 3068 792 3121 τοῦ
824 3070 1105 3124 νεανίσκου
1133 3088 1148 3136 ;
1178 3071 1210 3141 ἢ
1238 3072 1570 3143 θεράπευσον
1602 3074 1693 3127 τὸν

116 3151 476 3220 ἀσθενοῦντα,
501 3157 592 3208 καὶ
619 3156 810 3227 ἔσομαι
846 3160 1028 3214 πίστιν
1056 3161 1195 3230 ἔχων
1220 3163 1357 3232 πρὸς
1387 3165 1513 3226 τοὺς
1539 3163 1694 3228 θεούς

124 3260 217 3294 σου
239 3259 256 3274 ο
289 3244 323 3313 ἦ
354 3247 387 3298 ὁ
419 3246 551 3310 Θεός
580 3264 680 3317 μου
713 3248 890 3316 διώξει
914 3251 974 3303 τὸ
1009 3252 1315 3324 ἀκάθαρτον
1346 3256 1561 3326 πνεῦμα
1587 3258 1695 3311 ἀπὸ

118 3334 211 3387 τοῦ
244 3337 556 3404 νεανίσκου,
607 3341 701 3393 καὶ
751 3342 847 3413 ἔσῃ
892 3344 1163 3408 πεποιθὼς
1194 3346 1287 3398 ἐπὶ
1318 3346 1395 3418 τῷ
1424 3350 1697 3420 ἐσταυρω-

124 3427 289 3496 μένῳ.
328 3427 459 3481 Ἐπὶ
498 3430 706 3496 τούτοις
746 3433 801 3486 δὲ
834 3434 1033 3487 ἅπασιν
1063 3437 1092 3488 ό
1119 3437 1403 3507 φιλόσοφος
1434 3439 1533 3492 οὐκ
1572 3441 1694 3495 ἐπί-

121 3537 351 3573 στευσεν
388 3521 715 3593 Ἐπιφανίῳ·
763 3525 878 3577 ἀλλ’
926 3526 1171 3597 ἐνόμιζεν
1200 3529 1404 3598 γέλοιον
1436 3527 1597 3586 εῖναι.
1635 3533 1695 3586 '0

116 3607 210 3663 οὖν
238 3612 564 3682 Ἐπιφάνιος
584 3616 840 3683 ἀναστὰς,
862 3619 956 3672 καὶ
981 3619 1256 3691 κρατήσας
1282 3622 1373 3677 τὸν
1396 3624 1692 3690 νεανίσκον,

118 3702 305 3772 ἔλεγεν
342 3706 495 3776 αύτῷ
514 3724 527 3738 ·
562 3708 653 3761 Σοὶ
679 3709 841 3778 λέγω,
873 3712 1350 3779 νεανίσκε,θέλεις,
1379 3716 1562 3785 φησιν,
1581 3717 1696 3789 άρω

116 3795 186 3848 τὰ
216 3797 421 3868 σίδηρα
452 3800 559 3853 ἀπὸ
589 3800 697 3856 τῶν
726 3802 922 3873 χειρῶν
955 3822 1078 3869 σου;

188 3889 322 3942 KE'.
354 3888 416 3942 '0
445 3890 502 3943 δὲ
533 3890 838 3962 φιλόσοφος.
864 3894 1101 3959 ἀκούσας
1127 3896 1321 3960 ταῦτα,
1352 3897 1584 3970 ἔδραμεν
1609 3900 1697 3953 εύ-

120 3978 257 4042 θέως
288 3983 351 4033 έν
388 3980 466 4051 τῷ
500 3981 711 4053 κελλίῳ,
746 3986 839 4037 καὶ
873 3986 1207 4054 ἠσφαλίσατο
1228 3988 1304 4058 τῷ
1327 3988 1581 4059 κατοχίῳ,
1611 3988 1698 4042 λέο

118 4085 232 4136 γων
278 4071 381 4123 καὶ
431 4073 793 4142 σκεπτόμενος
826 4075 882 4126 ἐν
915 4075 1136 4146 ὑπονοίᾳ
1159 4092 1172 4105 ·
1214 4071 1381 4140 Οὗτος
1400 4077 1427 4129 ὁ
1462 4078 1695 4149 καλόγη-

124 4178 253 4229 ρως,
283 4162 372 4225 ὡς
406 4161 641 4232 ἰδιώτης,
676 4163 832 4218 λῦσαι
857 4166 1102 4236 βούλεται
1123 4168 1214 4221 τὸν
1240 4170 1698 4241 παράφρονα,κᾶν

126 4252 200 4322 μὴ
255 4254 423 4322 ἡμεῖς
474 4254 821 4324 ἐκφύγωμεν,
857 4256 931 4321 ὡς
978 4257 1166 4326 λόγιοι,
1199 4259 1297 4329 τὴν
1349 4261 1693 4331 προπέτειαν,

1793 422 2089 491 plurimum
2158 420 2299 475 inter
2360 434 2419 474 se
2488 418 2906 472 contendebant.
2975 416 3118 471 Dixit
3171 429 3356 472 autem

1793 512 2129 582 Epiphanius
2157 510 2481 580 philosopho
2501 525 2514 561 :
2532 509 2673 562 Dicit
2702 507 2911 571 Daniel,
2943 523 2975 562 ο
3001 507 3351 576 philosophe:

1792 603 2066 657 Iudicium
2089 601 2240 667 sedit,
2266 609 2315 655 et
2339 601 2459 654 libri
2483 600 2650 669 aperti
2670 608 2787 652 sunt
2807 598 2848 652 ’⁵.
2881 597 3147 667 Agedum,
3175 597 3354 666 profer

1796 709 1918 754 tuos
1952 699 2139 765 lihros,
2183 706 2235 751 et
2268 710 2369 766 ego
2416 709 2590 756 meos,
2636 708 2776 763 quos
2809 693 2943 747 mihi
2986 692 3129 747 Deus
3178 692 3354 755 dedit,

1794 790 2184 859 sedeamusque
2206 797 2261 844 et
2278 788 2613 843 disseramus
2639 786 2782 839 inter
2814 799 2935 840 nos.
2961 783 3150 839 Posuit
3173 794 3354 837 autem

1795 879 2129 951 Epiphanius
2160 895 2191 934 a
2221 879 2428 934 dextris
2479 877 2788 947 Scripturas
2827 875 3085 929 divinitus
3126 875 3359 943 inspira-

1795 981 1899 1038 tas,
1940 978 1995 1027 et
2043 970 2183 1025 alius
2236 969 2571 1040 Epiphanius
2623 968 2794 1024 libros
2844 981 2975 1022 suos
3018 981 3049 1020 a
3096 965 3353 1020 sinistris.

1794 1060 1930 1114 Cum
1963 1060 1999 1113 ii
2024 1068 2204 1115 autem
2237 1061 2526 1130 cmpissent
2550 1058 2619 1113 ab
2646 1057 2801 1113 initio
2830 1056 3018 1111 mundi
3045 1054 3356 1122 creationis,

1795 1149 2127 1220 Epiphanius
2159 1152 2376 1220 quidem
2412 1167 2441 1205 a
2471 1150 2687 1215 Genesi,
2714 1148 2767 1203 id
2790 1157 2893 1215 est,
2922 1148 2989 1203 ab
3018 1157 3161 1211 ortu,
3194 1161 3354 1216 quem

1795 1243 2116 1311 conscripsit
2144 1242 2355 1313 Moyses
2388 1261 2402 1297 :
2434 1241 2788 1311 philosophus
2837 1250 3017 1294 autem
3056 1240 3124 1293 ab
3166 1238 3355 1293 eodem

1795 1342 1939 1401 ortu,
1966 1348 2129 1404 quem
2163 1334 2486 1403 conscripsit
2518 1332 2809 1395 Hesiodus,
2852 1330 2920 1384 ad
2960 1331 3184 1385 verbum
3220 1330 3358 1385 duos

1796 1427 1962 1483 libros
1990 1436 2323 1498 exponentes
2344 1466 2359 1491 ,
2394 1427 2535 1481 inter
2562 1440 2620 1480 se
2649 1423 3065 1478 contendebant.
3107 1421 3234 1475 Erat
3259 1436 3359 1475 au—

1796 1525 1903 1573 tem
1933 1518 2025 1571 lux
2050 1518 2164 1584 lux,
2200 1530 2253 1573 et
2280 1517 2515 1572 tenebrze
2540 1516 2795 1571 tenebrae.
2822 1514 3030 1585 Moyses
3052 1514 3195 1568 enim
3221 1512 3358 1568 scri-

1796 1611 1927 1680 psit,
1980 1610 2091 1665 Deo
2133 1624 2288 1679 opem
2333 1608 2579 1664 ferente:
2609 1607 2874 1664 Hesiodus
2914 1616 3093 1661 autem
3131 1620 3197 1658 ex
3246 1604 3357 1658 Deo

1796 1702 2013 1770 quidem
2044 1699 2210 1754 vitam
2248 1700 2456 1763 habuit,
2485 1714 2722 1754 errorem
2763 1712 2892 1752 vero
2928 1713 2959 1752 a
2999 1696 3357 1752 daemonibus.

1798 1790 1933 1845 Toto
1953 1802 2132 1844 autem
2161 1804 2304 1843 anno
2336 1789 2536 1843 mansit
2565 1787 2897 1857 Epiphanius
2922 1787 3196 1841 disserens
3223 1799 3351 1839 cum

1795 1878 2139 1949 philosopho.
2170 1878 2481 1947 Aliquando
2509 1892 2639 1931 vero
2665 1875 2915 1929 homines
2950 1884 3194 1943 agrestes
3231 1889 3340 1927 nu-

1796 1986 1946 2025 mero
1994 1969 2274 2038 sexaginta
2329 1969 2575 2023 tulerunt
2620 1967 2907 2036 quemdam
2956 1965 3356 2020 adolescentem

1796 2063 1889 2133 qui
1916 2062 2215 2117 vexabatur
2246 2061 2316 2115 ab
2345 2058 2627 2114 immundo
2650 2058 2866 2129 spiritu.
2897 2055 3069 2123 Quem
3099 2071 3221 2110 eum
3250 2070 3356 2111 non

1794 2161 2018 2223 possent
2048 2152 2323 2221 sexaginta
2354 2152 2431 2204 illi
2462 2164 2740 2221 superare,
2784 2164 2908 2203 cum
2954 2148 3242 2217 alligarunt
3268 2162 3355 2202 ca-

1797 2247 1955 2310 tenis,
1984 2254 2037 2300 et
2068 2245 2311 2299 tulerunt
2333 2243 2397 2297 ad
2427 2242 2810 2313 Epiphanium.
2851 2241 2996 2296 Dixit
3023 2252 3201 2296 autem
3231 2240 3355 2310 Epi-

1794 2338 2031 2402 phanius
2073 2336 2403 2407 philosopho
2432 2352 2446 2390 :
2477 2336 2609 2403 Age,
2638 2333 2978 2404 philosophe,
3015 2333 3107 2403 qui
3136 2340 3355 2387 conten-

1794 2430 1879 2484 dis
1943 2443 2066 2482 cum
2131 2435 2413 2497 peccatore
2466 2424 2809 2495 Epiphanio;
2877 2425 3069 2479 invoca
3142 2433 3354 2478 tuorum

1795 2522 2020 2576 deorum
2067 2520 2502 2583 multitudinem,
2558 2530 2619 2571 ut
2670 2517 2943 2587 expellant
2990 2516 3239 2587 spiritum
3291 2516 3353 2571 ab

1794 2612 2155 2667 adolescente.
2202 2610 2295 2666 Ille
2324 2625 2452 2664 vero
2489 2608 2831 2663 existimabat
2870 2606 3230 2677 Epiphanium
3267 2621 3353 2661 su-

1794 2712 2063 2773 peratum,
2085 2711 2138 2756 et
2165 2703 2259 2771 qui
2287 2717 2392 2755 non
2422 2700 2643 2754 haberet
2671 2698 2815 2768 quod
2844 2698 3067 2752 diceret.
3093 2697 3227 2751 Cum
3254 2697 3353 2751 hoc

1794 2804 1975 2849 autem
2027 2794 2368 2863 cognovisset
2420 2791 2776 2861 Epiphanius,
2830 2790 3027 2845 iterum
3074 2789 3210 2843 dixit
3256 2787 3308 2842 ei
3340 2800 3355 2827 τ

1795 2886 1934 2952 Quid
1982 2885 2139 2951 dicis,
2190 2901 2223 2940 ο
2266 2884 2427 2939 Pater
2476 2883 2813 2952 philosophe,
2864 2881 2930 2936 de
2976 2879 3352 2935 adolescente?

1795 2977 1902 3030 Aut
1925 2990 2055 3031 cura
2081 2983 2449 3045 aegrotantem,
2478 2980 2533 3026 et
2567 2987 2665 3042 ego
2692 2971 2747 3024 in
2782 2970 2890 3024 tuis
2924 2968 3029 3024 diis
3052 2966 3261 3021 habebo
3290 2966 3350 3020 ti-

1795 3068 1960 3122 dem:
2010 3074 2104 3121 aut
2141 3064 2281 3121 Deus
2323 3064 2553 3134 expellet
2607 3060 2946 3117 immundum
2994 3058 3240 3128 spiritum
3287 3057 3351 3111 ab

1795 3161 2155 3223 adolescente,
2187 3166 2241 3212 et
2268 3157 2456 3211 credes
2491 3158 2544 3208 in
2577 3152 2922 3209 cruciﬁxum.
2951 3148 3010 3203 In
3050 3148 3135 3203 his
3173 3156 3350 3201 autem

1795 3250 2046 3305 omnibus
2076 3265 2182 3304 non
2212 3246 2439 3301 credidit
2481 3245 2839 3314 philosophus
2884 3239 3215 3312 Epiphanio,
3262 3239 3351 3293 sed

1794 3338 2125 3395 existimavit
2184 3352 2307 3391 eum
2373 3350 2495 3391 esse
2558 3334 2868 3389 ridiculum.
2932 3332 3168 3400 Surgens
3228 3342 3350 3382 vero

1797 3430 2167 3503 Epiphanius,
2226 3440 2279 3483 et
2326 3438 2517 3482 tenens
2570 3426 3003 3487 adolescentem,
3058 3420 3195 3477 dixit
3254 3419 3349 3474 ei:

1796 3524 1917 3580 Tibi
1948 3523 2089 3589 dico,
2147 3520 2482 3584 adolescens,
2527 3518 2632 3585 vis,
2683 3517 2879 3587 inquit,
2916 3514 3099 3570 tollam
3134 3521 3350 3567 catenas

1797 3617 1998 3672 ferreas
2028 3630 2096 3670 ex
2134 3612 2382 3668 manibus
2408 3610 2549 3666 tuis?

1867 3891 2033 3947 XXV.
2072 3890 2205 3946 Cum
2242 3900 2419 3944 autem
2466 3887 2725 3942 audiisset
2754 3883 3126 3954 philosophus,
3170 3881 3351 3937 statim

1797 3983 2038 4038 cucurrit
2064 3982 2117 4035 in
2150 3981 2361 4044 cellam,
2390 3986 2444 4033 et
2469 3986 2616 4033 vecte
2641 3977 2848 4031 foribus
2877 3974 3118 4029 adhibito
3147 3988 3204 4027 se
3236 3988 3347 4026 mu-

1798 4075 1918 4139 niit,
1954 4074 2159 4137 dicens,
2190 4082 2244 4126 et
2266 4070 2587 4140 suspicando
2621 4069 2692 4123 ita
2721 4066 2861 4137 apud
2890 4081 2947 4122 se
2967 4064 3349 4121 consideransi

1799 4164 1979 4218 Bonus
2014 4163 2102 4217 hic
2132 4176 2316 4228 senex,
2347 4167 2408 4213 ut
2445 4159 2598 4213 rudis
2628 4167 2683 4212 et
2720 4158 2989 4222 indoctus,
3024 4156 3137 4211 vult
3170 4171 3347 4210 amen-

1802 4266 1905 4310 tem
1942 4254 2168 4319 solvere,
2198 4263 2251 4309 et
2299 4252 2403 4306 nisi
2452 4265 2553 4305 nos
2584 4258 2643 4305 ut
2669 4249 2959 4319 prudentes
3003 4262 3188 4302 casum
3222 4246 3347 4300 ell‘u-

124 4341 398 4409 μέλλομεν
426 4342 611 4406 κακῶς
640 4345 870 4413 πάσχειν
896 4345 998 4399 ὑπὸ
1023 4347 1115 4399 τοῦ
1142 4348 1466 4419 καταράτου.
1496 4349 1693 4416 Κουφί-

1800 4349 2029 4417 giamus,
2081 4347 2147 4400 ab
2185 4342 2518 4399 exsecrando
2564 4342 2657 4395 illo
2702 4341 2844 4397 male
2884 4353 3074 4395 sumus
3116 4339 3345 4408 passuri.

124 4448 221 4493 σας
245 4428 345 4493 οὖν
380 4432 699 4502 Ἐπιφάνιος
716 4435 784 4488 τὰ
816 4436 931 4508 σίδη
942 4454 1006 4508 ρα
1036 4438 1144 4491 ἀπὸ
1164 4439 1254 4492 τοῦ
1281 4440 1582 4504 νεανίσκου,
1604 4441 1697 4493 καὶ

124 4524 442 4593 σφραγίσας
476 4525 637 4578 αὑτὸν
664 4526 865 4597 τρίτον,
900 4524 1050 4586 εἶπεν
1095 4528 1172 4599 τῷ
1217 4529 1507 4601 ἀκαθάρτῳ
1533 4529 1694 4582 πνεύ-

127 4631 281 4681 ματι’
317 4616 698 4685 Παραγγέλλει
734 4635 815 4671 σοι
854 4620 1163 4689 Ἐπιφάνιος
1194 4621 1513 4691 ἁμαρτωλὸς
1538 4619 1696 4675 ὁδοῦ-

120 4707 209 4769 λος
238 4708 337 4759 τοῦ
365 4709 666 4778 Κυρίου,ὲν
694 4710 916 4781 ὀνόματι
946 4711 1118 4783 Ἰησοῦ
1140 4712 1374 4784 Χριστοῦ
1391 4713 1481 4765 τοῦ
1507 4715 1696 4765 ἐσταυ-

128 4799 403 4867 ρωμένου,
433 4799 562 4852 Υίοῦ
595 4800 686 4853 τοῦ
716 4802 871 4867 Θεοῦ,
899 4802 1079 4868 ἔξελθε
1115 4792 1235 4858 ἀπὸν
1265 4805 1357 4857 τοῦ
1388 4803 1692 4875 ἀνθρώπου,

124 4892 215 4942 καὶ
249 4892 459 4960 μηκέτι
490 4892 732 4965 εἰσέλθῃς
765 4896 843 4956 είς
873 4895 1051 4948 αὐτόν.
1081 4897 1189 4949 Καὶ
1229 4896 1431 4959 εύθέως
1475 4897 1694 4967 ἐξῆλθεν

124 4981 181 5032 τὸ
222 4980 545 5053 ἀκάθαρτον
584 4983 828 5054 πνεῦμα⁶
860 4985 950 5039 καὶ
991 4981 1058 5056 ἧν
1085 4988 1141 5039 ὲν
1173 4987 1339 5057 πολλῇ
1367 4988 1695 5041 καταστάσει

125 5072 153 5122 ὁ
199 5074 674 5137 νεανίσκος.’1δὼν
718 5076 775 5129 δὲ
820 5078 848 5130 6
889 5077 1173 5145 φιλόσοφος
1204 5077 1273 5130 τὰ
1306 5079 1403 5149 τῆς
1452 5079 1694 5149 εἰρήνης,

126 5164 502 5233 ἀπεκούφισεν
526 5165 586 5218 τὸ
606 5166 870 5236 κατόχιον,
899 5167 992 5221 καὶ
1014 5168 1342 5239 ἐξεπήδησεν
1372 5168 1464 5221 τοῦ
1488 5168 1695 5221 κελλίου

128 5259 203 5317 εἰς
234 5255 614 5326 προσκύνησιν
653 5256 986 5327 Ἐπιφανίου,
1014 5259 1185 5327 λέγων
1217 5260 1352 5329 πρὸς
1384 5260 1695 5329 Ἐπιφάνιον

126 5346 407 5408 τοιούτους
432 5346 621 5414 λόγους
640 5364 653 5377 ’
677 5344 767 5412 Ὦ,
796 5351 978 5421 φησιν,
996 5352 1274 5419 Ἐπιφάνιε
1302 5352 1691 5421 στεφανηφόρε·

128 5437 373 5492 πιστεύω
421 5439 514 5491 καὶ
546 5440 883 5497 πεπίστευκα
911 5444 1022 5506 τοῖς
1054 5441 1415 5513 λαλουμένοις,
1448 5442 1533 5496 διὰ
1571 5442 1697 5515 ,τῶν

194 5596 219 5633 δ
256 5594 404 5653 Dan.
451 5612 543 5658 vn,
588 5598 666 5654 10.

1795 4438 1929 4492 Cum
1956 4451 2135 4492 autem
2167 4437 2497 4506 Epiphanius
2522 4433 2711 4489 ferreis
2728 4433 2934 4487 catenis
2964 4433 3193 4485 levasset
3222 4429 3345 4483 ado-

1795 4530 2106 4591 lescentem,
2140 4536 2195 4582 et
2222 4542 2346 4580 eum
2377 4535 2455 4579 ter
2483 4526 2767 4595 signasset,
2790 4521 3220 4577 dixitimmundo
3241 4520 3346 4588 spi-

1795 4619 1922 4673 ritui
1956 4638 1967 4672 :
2007 4618 2256 4687 Praecipit
2291 4616 2385 4670 tibi
2407 4614 2738 4685 Epiphanius
2768 4622 3017 4683 peccator
3042 4627 3229 4666 servus
3248 4610 3345 4665 Do-

1795 4709 1946 4772 mini,
1980 4708 2033 4761 in
2084 4708 2303 4763 nomine
2353 4704 2480 4761 Jesu
2530 4705 2732 4760 Christi
2784 4703 3027 4759 cruciﬁxi
3069 4702 3189 4756 Filii
3232 4701 3345 4764 Dei,

1743 4822 1749 4829 -
1794 4803 2046 4872 egredere
2076 4818 2141 4858 ex
2171 4803 2405 4868 homine,
2443 4810 2495 4856 et
2520 4815 2589 4855 ne
2622 4799 2851 4869 amplius
2884 4799 2936 4852 in
2968 4798 3142 4868 ipsum
3170 4797 3345 4867 ingre-

1795 4893 1977 4949 diaris.
2010 4892 2077 4948 Et
2102 4909 2353 4963 egressus
2397 4902 2481 4947 est
2533 4891 2712 4946 statim
2748 4890 3059 4943 immundus
3102 4889 3344 4958 spiritus.

1796 4982 2033 5054 Eratque
2086 4984 2402 5038 adolescens
2452 4981 2605 5035 valde
2649 4980 2862 5050 quietus
2909 4988 2962 5032 et
2992 4978 3344 5047 compositus.

1795 5072 1928 5126 Cum
1969 5083 2147 5128 autem
2177 5088 2299 5128 esse
2333 5087 2517 5141 pacem
2544 5070 2766 5125 vidisset
2795 5067 3169 5140 philosophus,
3202 5067 3344 5120 leva—

1794 5167 1872 5221 vit
1912 5168 2250 5237 repagulum,
2278 5178 2332 5222 et
2368 5182 2398 5222 e
2446 5167 2578 5221 cella
2627 5164 2860 5235 prosiliit
2901 5162 2969 5217 ad
3012 5159 3344 5215 adorandum

1796 5259 2173 5328 Epiphanium,
2200 5260 2278 5314 sic
2301 5259 2488 5313 dicens
2518 5276 2530 5311 :
2561 5257 2625 5321 0,
2651 5257 2841 5326 inquit,
2868 5254 2958 5324 qui
2987 5260 3166 5323 gestas
3194 5267 3335 5305 coro-

1796 5364 1941 5412 nam,
1972 5348 2250 5418 Epiphani,
2280 5349 2462 5410 credo.
2494 5360 2547 5401 et
2574 5345 2779 5401 credidi
2808 5345 2875 5400 iis
2904 5358 3023 5414 qum
3070 5343 3343 5404 dicuntur,

1796 5453 1890 5509 per
1937 5455 1998 5494 ea
2043 5456 2163 5509 qua:
2210 5442 2361 5495 liunt.
2396 5438 2588 5494 Volant
2631 5438 2773 5493 enim
2806 5435 2967 5491 verba
2999 5435 3114 5489 sine
3144 5432 3347 5501 fructu,
