3800 6180
430 175 501 231 55
1137 225 1151 238 ς
1734 182 1793 239 8.
1831 182 2005 237 EPIPI

2118 182 2175 237 ilI
2215 182 2396 239 VITA.
3623 186 3687 241 56

428 304 593 362 opera
626 297 806 348 autem
853 303 1154 348 cernuntur
1195 294 1397 351 habere
1442 298 1701 354 fructum.
1731 298 1868 356 Volo
1903 314 2003 371 ego

2118 300 2280 371 ξργων
2311 299 2419 353 τῶν
2454 300 2785 371 γινομένων·
2822 302 2869 352 οἱ
2899 300 3009 370 γὰρ
3032 301 3179 371 λόγοι
3214 301 3476 354 πέτανται
3511 300 3689 372 ἄχαρι

430 399 649 453 quoque
676 398 799 439 esse
826 399 889 438 ex
924 385 990 439 iis
1021 387 1111 455 qui
1149 389 1396 443 serviunt
1436 390 1720 445 cruciﬁxo.
1750 389 1999 447 Philoso-

429 475 541 544 pfto
586 490 718 529 vero
768 475 898 530 dixit
952 476 1498 546 EpiphaniuszQuid
1547 484 1650 537 hoc
1699 482 1936 547 miraris,
1965 499 1998 537 ο

428 569 773 637 philosophe,
791 579 1044 640 tanquam
1073 572 1125 626 id
1150 589 1250 629 nos
1272 574 1596 629 fecerimus?
1614 574 1994 646 Nequaquam;

433 660 527 714 sed
572 670 653 716 est
686 660 780 715 Dei
816 662 1005 724 Filius.
1040 665 1133 733 qui
1187 665 1301 721 haec
1331 669 1591 736 praeclara
1628 667 1757 723 facit
1785 683 1879 736 per
1903 682 1998 724 eos

432 752 525 821 qui
562 751 663 821 ipsi
693 753 939 807 credunt.
967 753 1104 809 Cum
1153 757 1267 812 hzec
1294 768 1348 812 et
1373 759 1459 814 his
1496 760 1650 829 plura
1683 758 2000 827 philosopho

431 844 658 899 dixisset
707 845 1061 914 Epiphanius,
1112 850 1323 918 rogavit
1363 866 1487 905 eum
1532 850 1907 920 philosophus,
1940 857 2001 903 ut

432 936 586 990 daret
609 937 657 989 ei
688 936 762 1000 id,
794 938 939 1006 quod
970 949 1053 993 est
1085 940 1137 994 in
1163 940 1403 1005 Christo,
1435 941 1790 1012 signaculum.
1816 940 1998 1009 Ipsum

432 1042 564 1097 ergo
616 1037 671 1082 et
719 1045 803 1083 me
849 1033 1056 1101 accepit
1084 1031 1439 1101 Epiphanius,
1472 1043 1526 1087 et
1554 1034 1752 1088 ivimus
1783 1033 1848 1087 ad
1886 1048 2001 1086 ma-

434 1135 596 1189 gnum
640 1118 991 1189 Hilarionem,
1024 1124 1117 1193 qui
1158 1139 1282 1178 eum
1329 1124 1648 1194 baptizavit;
1682 1125 2001 1194 egimusque

434 1210 623 1279 viginti
650 1211 766 1266 dies
806 1212 858 1265 in
890 1215 1222 1269 monasterio
1261 1216 1439 1285 magni
1467 1215 1759 1270 Hilarionis
1790 1234 1803 1269 :
1838 1231 2001 1286 quem

434 1303 647 1373 rogavit
690 1302 1047 1373 Epiphanius,
1082 1316 1140 1359 ut
1185 1322 1308 1360 cum
1346 1306 1648 1376 Epiphanio
1680 1307 2001 1375 philosopho

435 1394 675 1449 mitteret
707 1410 774 1449 ex
804 1395 1059 1450 fratribus
1089 1412 1259 1449 unum
1291 1395 1774 1466 Eleutheropolim,
1796 1406 1857 1453 ut
1876 1413 2001 1451 eum

432 1489 717 1558 episcopus
770 1490 965 1543 faceret
1008 1491 1403 1561 presbyterum.
1443 1492 1601 1558 Quod
1649 1496 1812 1548 etiam
1855 1492 1997 1548 fecit.

436 1579 499 1633 Et
548 1595 737 1636 rursus
759 1581 1399 1654 ivimus-Spanhydriou.
1441 1584 1779 1654 Epiphanius
1819 1593 1999 1639 autem

2104 411 2196 446 ποι
2238 393 2389 456 ὄντες
2408 410 2420 422 ·
2452 392 2519 445 τὰ
2546 392 2602 444 δὲ
2630 392 2766 462 ἔργα
2798 392 3047 461 φαίνεται
3072 392 3328 464 ἔγκαρπα
3360 393 3521 446 ὄντα·
3550 394 3687 447 θέλω

2103 484 2260 552 κάγὼ
2285 482 2538 551 γενέσθαι
2568 482 2661 535 τοῦ
2692 482 3131 553 ἐσταυρωμένον.
3166 480 3333 536 Εἶπεν
3362 484 3420 537 δὲ
3457 484 3686 552 Ἐπιφάο

2104 591 2213 637 νιος
2244 572 2321 643 τῷ
2353 573 2657 642 φιλοσόφον
2694 572 2758 624 Τί
2791 572 3113 643 θαυμάζεις.
3141 573 3323 643 φησὶν,
3350 566 3396 624 ὦ
3428 573 3685 640 φιλόσοφε

2105 664 2197 718 ἐπὶ
2231 665 2409 728 τοῦτο,
2445 664 2519 728 ὡς
2568 662 2723 734 ἡμῶν
2776 664 3145 735 ποιησάντωνς
3175 660 3282 716 οῦ’
3327 662 3439 715 ἀλλ’
3481 665 3510 714 ό
3565 663 3687 723 Υἱὸς

2105 755 2197 809 τοῦ
2244 755 2379 809 Θεοῦ
2424 756 2571 808 ἐστιν
2604 756 2631 805 ὁ
2665 754 2831 807 ποιῶν
2859 754 2949 807 διὰ
2985 754 3093 807 τῶν
3126 752 3493 806 πιστεύοντων
3542 754 3687 823 αὐτῷ

2104 849 2177 901 τὰ
2204 847 2344 901 καλά
2377 846 2564 900 ταῦτα.
2622 846 2729 898 Καὶ
2782 844 2953 899 ταῦτα
3001 843 3171 897 εἰπὼν
3224 845 3542 913 Ἐπιφάνιος
3595 846 3687 897 καὶ

2107 938 2329 991 πλείονα
2371 936 2572 990 τούτων
2602 936 2679 1003 τῷ
2713 936 3007 1005 φιλοσόφῳ,
3046 936 3422 1007 παρεκάλεσεν
3461 936 3631 988 αὑτὸν
3659 940 3688 989 ὁ

2106 1026 2410 1096 φιλόσοφος,
2436 1028 2583 1090 ὅπως
2612 1025 2771 1079 δώσει
2805 1026 2952 1096 αὐτῷ
2983 1026 3079 1099 τὴν
3112 1028 3171 1079 ὲν
3195 1025 3414 1096 Χριστῷ
3457 1029 3688 1095 σφραγίο

2105 1120 2188 1173 δα.
2223 1117 2419 1173 Λαϐὼν
2447 1118 2505 1171 δὲ
2534 1117 2697 1172 αὑτὸν
2727 1118 2822 1171 καὶ
2863 1117 2965 1187 ἐμὲ
3000 1117 3333 1186 Ἑπιφάνιος,
3379 1116 3684 1186 ἐπορεύθη-

2110 1227 2207 1281 μεν
2235 1210 2370 1280 πρὸς
2394 1208 2485 1263 τὸν
2514 1208 2685 1280 μέγαν
2716 1207 3018 1278 Ἰλαρίωνα,
3046 1208 3141 1260 καὶ
3172 1207 3469 1260 ἐϐάπτισεν
3502 1207 3683 1262 αὐτόν.

2107 1302 2217 1355 Καὶ
2241 1302 2575 1373 ἐποιήσαμεν
2602 1302 2660 1355 ἐν
2689 1299 2765 1370 τῷ
2799 1300 3144 1372 μοναστηρίῳ
3168 1300 3259 1352 τοῦ
3287 1300 3525 1369 μεγάλου
3556 1299 3687 1351 Ἱλα-

2110 1393 2299 1465 ρίωνος
2346 1400 2393 1445 κ’
2435 1392 2668 1463 ἡμέρας.
2718 1390 3093 1462 Παρεκάλεσεν
3138 1390 3194 1442 δὲ
3232 1390 3552 1458 Ἐπιφάνιος
3600 1390 3687 1441 si»

2111 1486 2282 1555 μέγαν
2331 1483 2609 1554 Ἱλαρίωνα
2654 1482 2969 1537 ἀποστεῖλαι
3035 1480 3174 1552 μετὰ
3226 1482 3548 1551 Ἐπιφανξου
3596 1480 3685 1533 τοῦ

2108 1578 2203 1629 καὶ¹
2236 1574 2525 1644 φιλοσόφου
2561 1572 2659 1627 ἕνα
2699 1572 2808 1627 τῶν
2851 1572 3095 1641 ἀδελφῶν
3124 1574 3182 1625 ἐν
3221 1572 3684 1643 Ἐλευθεροπόλει,

433 1686 553 1726 eum
606 1686 798 1727 omnes
840 1671 1161 1727 advocasset
1208 1674 1425 1739 fratres,
1458 1676 1535 1730 sic
1564 1677 1644 1730 eis
1668 1677 1805 1730 dixit
1839 1695 1852 1730 :
1882 1675 2001 1739 llic,

2118 1670 2251 1731 ὅπως
2290 1668 2506 1737 ποιήσει
2554 1665 2715 1718 αὑτὸν
2750 1665 2779 1716 ὁ
2810 1665 3105 1727 ἐπίσκοπος
3141 1664 3538 1735 πρεσϐύτερον.
3581 1665 3687 1717 Καὶ

433 1763 526 1832 qui
571 1762 672 1817 sibi
715 1756 1009 1832 aliquando
1043 1766 1323 1820 videbatur
1352 1781 1473 1821 esse
1503 1767 1726 1836 aliquid,
1760 1783 1882 1822 cum
1916 1768 2001 1821 ni-

436 1853 512 1907 hil
545 1864 708 1919 esset,
740 1852 959 1909 dicebat
1005 1870 1064 1911 se
1112 1871 1235 1911 esse
1281 1857 1696 1927 philosophum;
1733 1873 1879 1912 nunc
1906 1875 2003 1912 au-

435 1954 542 1999 tem
572 1943 665 1998 Dei
696 1946 868 2015 gratia
902 1961 1063 2001 verus
1097 1956 1180 2001 est
1230 1945 1406 2003 factus
1446 1948 1826 2018 philoSOphus;
1861 1949 2005 2019 ipse-

434 2050 543 2102 que
585 2035 844 2104 spiritalis
896 2045 1076 2091 vester
1121 2046 1269 2105 pater
1306 2048 1407 2093 est.
1442 2038 1612 2105 Igitur
1663 2038 2001 2109 Epiphanius

434 2126 787 2195 philosophus
816 2142 851 2180 a
881 2127 991 2183 Deo
1023 2129 1252 2199 gratiam
1288 2135 1371 2184 est
1400 2139 1750 2195 consecutus,
1783 2140 1835 2186 et
1857 2147 1999 2202 pras-

434 2227 553 2272 crat
581 2219 677 2273 toti
714 2219 906 2275 choro.

2107 1758 2171 1830 δὴ
2197 1761 2224 1811 ό
2256 1758 2429 1829 μέγας
2452 1757 2694 1828 Ἱλαρίων
2724 1756 2978 1826 ἐποίησεν
3007 1755 3200 1821 οὕτως.
3230 1758 3341 1809 Καὶ
3372 1756 3541 1810 πάλιν
3568 1758 3688 1809 ἐπο-

2112 1848 2381 1919 ρεύθημεν
2410 1850 2467 1901 ἐν
2499 1849 2576 1919 τῷ
2614 1849 2958 1920 μοναστηρίῳ
2982 1849 3140 1919 ήμῶν
3160 1848 3239 1919 τῷ
3270 1849 3689 1919 ἐπικαλουμένῳ

2111 1942 2449 2012 Σπανυδρίῳ.
2488 1942 2546 1995 '0
2619 1937 2709 1994 οὖν
2777 1940 3090 2009 Ἑπιφάνιος
3174 1940 3688 2011 προσκαλεσάμενος

2108 2036 2353 2096 ἅπαντας
2409 2035 2534 2097 τοὺς
2583 2034 2864 2102 ἀδελφοὺς,
2894 2028 3048 2085 εἶπεν
3096 2033 3312 2097 αὐτοῖς’
3352 2030 3548 2097 Οὗτος,
3598 2052 3685 2102 φη-

2106 2128 2213 2188 σιν,
2242 2127 2271 2179 ὃ
2306 2142 2435 2178 ποτε
2472 2125 2643 2178 δοκῶν
2681 2121 2819 2178 εἶναί
2856 2142 2930 2189 τι,
2964 2124 3127 2195 μηδὲν
3156 2122 3251 2186 ὢν,
3284 2124 3473 2192 ἔλεγεν
3497 2126 3685 2177 ἑαυτὸν

2107 2218 2416 2287 φιλόσοφον.
2450 2216 2562 2270 Νῦν
2609 2217 2664 2270 δὲ
2715 2218 2895 2287 χάριτι
2943 2217 3179 2288 Χριστοῦ
3219 2217 3438 2285 ἐγένετο
3478 2218 3688 2289 ἀληθιῇ

434 2312 760 2383 φιλόσοφος,
811 2316 908 2369 καὶ
953 2315 1053 2386 τῆς
1107 2315 1404 2388 ἱερωσύνης
1450 2315 1784 2387 κατηξιώθη.
1841 2310 2008 2381 Οὗτός
2042 2316 2191 2367 ἐστιν
2238 2314 2267 2365 ό
2318 2311 2680 2382 πνευματικὸς
2738 2310 2890 2380 ὑμῶν
2929 2313 3130 2380 πατήρ.
3201 2311 3258 2363 ’0
3300 2306 3398 2364 οὖν
3466 2310 3687 2379 Ἐπιφά-

434 2425 566 2471 νιος,
591 2410 621 2461 ό
654 2411 748 2464 καὶ
773 2412 803 2463 ό
829 2410 1135 2480 φιλόσοφος,
1167 2411 1477 2484 κατηξιώθη
1500 2413 1833 2484 χαρίσματος
1855 2411 2007 2484 παρὰ
2037 2409 2193 2471 Θεοῦ,
2230 2408 2323 2462 καὶ
2344 2405 2410 2479 ἦν
2434 2407 2731 2477 ἡγούμενος
2762 2405 2962 2469 παντὸς
2988 2404 3082 2457 τοῦ
3112 2404 3296 2475 χοροῦ.

506 2494 698 2553 XXVI.
740 2500 1106 2571 lngredientes
1156 2514 1336 2557 autem
1382 2505 1539 2558 multi
1594 2505 2005 2568 monasterium,

435 2604 545 2644 non
574 2590 828 2646 sinebant
851 2593 1131 2662 quiescere
1159 2594 1539 2663 Epiphaniam.
1568 2594 1708 2650 Cum
1741 2596 1921 2665 itaque
1948 2596 2004 2651 in

435 2679 620 2733 animo
654 2680 877 2735 haberet
918 2681 1094 2736 locum
1129 2683 1449 2753 relinquere,
1486 2684 1753 2753 proﬁcisci
1781 2701 1908 2739 vero
1940 2686 1993 2739 in

435 2780 615 2839 partes
661 2770 897 2843 A'Igypti,
928 2774 1066 2828 dixit
1110 2775 1243 2828 mihi
1279 2794 1293 2829 :
1328 2774 1566 2845 Sequere
1600 2792 1705 2842 me,
1752 2777 1847 2832 tili.
1890 2777 2003 2848 Ego

437 2877 567 2917 vero
604 2862 716 2917 dixi
772 2864 822 2918 ei
858 2887 869 2919 :
903 2862 1114 2934 Sequar
1161 2872 1233 2927 te,
1268 2879 1594 2934 quocunque
1638 2866 1788 2928 ieris,
1818 2864 1996 2921 Pater.

2181 2503 2325 2567 KG'.
2368 2498 2583 2553 Πολλῶν
2617 2492 2709 2550 οὖν
2755 2495 3152 2567 εἰσερχομένων
3186 2496 3243 2547 ἐν
3291 2494 3367 2564 τῷ
3415 2511 3685 2565 μοναστηο

2112 2593 2229 2665 ρίῳ,
2266 2592 2366 2644 οὐκ
2398 2590 2524 2643 εἴων
2571 2591 2802 2661 ἠρεμεῖν
2832 2588 2924 2641 τὸν
2964 2586 3301 2656 Ἐπιφάνιον.
3337 2587 3450 2639 Καὶ
3477 2586 3541 2655 δὴ
3572 2603 3686 2638 σκε-

2106 2685 2348 2755 ψάμενος
2377 2680 2696 2735 καταλιπεῖν
2723 2680 2812 2733 τὸν
2845 2680 3029 2743 τόπον,
3061 2677 3391 2749 πορεύεσθαι
3419 2678 3479 2730 δὲ
3507 2679 3603 2729 ἐπὶ
3628 2678 3688 2728 τὰ

2109 2776 2245 2847 μέρη
2280 2774 2575 2841 Αἰγύπτου,
2611 2768 2763 2825 εἶπεν
2816 2772 2951 2842 πρὸς
3007 2770 3072 2839 μέ
3105 2786 3117 2797 ·
3147 2770 3370 2836 Τέκνον,
3408 2769 3690 2823 ἀκολούθει

2108 2882 2216 2935 μοι.
2265 2860 2432 2918 Εἶπον
2473 2864 2531 2918 δὲ
2578 2863 2715 2935 πρὸς
2757 2862 2951 2917 αὐτόν·
2992 2861 3366 2931 Ἀκολουθήσω
3411 2878 3496 2914 σοι
3560 2862 3691 2914 ὅπου

436 2953 575 3007 Cum
624 2969 813 3008 omnes
849 2965 1029 3008 autem
1074 2953 1269 3009 fratres
1318 2956 1656 3019 advocasset,
1691 2965 1743 3010 et
1774 2960 1853 3011 eis
1889 2958 2005 3011 vale

2118 2955 2174 3009 ἂν
2232 2955 2471 3027 ἀπέρχῃ,
2521 2954 2722 3023 Πάτερ.
2773 2951 3289 3023 Προσκαλεσάμενος
3338 2951 3395 3003 δὲ
3447 2950 3691 3012 ἅπαντας

438 3044 687 3108 dixisset,
715 3044 890 3117 dixit:
920 3043 1090 3109 Vado,
1119 3061 1152 3098 ο
1198 3046 1312 3108 filii,
1346 3047 1413 3100 ad
1467 3046 1757 3101 videndum
1814 3047 2006 3102 fratres

439 3135 533 3204 qui
585 3145 713 3191 sunt
757 3135 811 3188 in
856 3137 1189 3191 monasterio
1234 3137 1414 3207 magni
1457 3137 1765 3196 Hilarionis.
1802 3137 1934 3193 Cum
1970 3141 2003 3194 ii

440 3229 1066 3285 autem'tintellexissent
1115 3247 1239 3286 eum
1292 3232 1431 3287 velle
1480 3233 1750 3297 recedere,
1790 3242 2006 3303 pr0pter

440 3332 691 3385 magnam
733 3319 1036 3374 molestiam
1072 3335 1260 3375 eorum
1316 3323 1408 3391 qui
1440 3320 1786 3387 accedebant,
1817 3338 2005 3379 omnes

441 3407 696 3462 cadentes
726 3408 781 3462 in
807 3406 1022 3472 faciem,
1048 3424 1173 3464 cum
1209 3409 1331 3465 ﬂetu
1362 3420 1416 3465 et
1442 3411 1658 3480 planetu
1685 3426 1807 3465 eum
1840 3427 2004 3483 roga-

441 3498 572 3552 bant
595 3515 661 3553 ne
692 3499 881 3554 exiret.
912 3499 1246 3570 Epiphanius
1289 3518 1418 3556 vero
1454 3503 1569 3571 ipse
1596 3518 1835 3573 quoiue,
1887 3520 2002 3558 ma-

444 3603 549 3657 gna
576 3588 768 3642 ductus
817 3588 1206 3655 misericordia,
1253 3592 1527 3661 persuasit
1574 3592 1675 3657 eis,
1702 3592 1885 3662 dicens
1949 3604 2008 3646 se

444 3691 554 3730 non
601 3691 720 3731 esse
769 3678 998 3747 amplius
1038 3694 1404 3735 recessurum.
1439 3681 1573 3736 Cum
1606 3682 1791 3737 decem
1828 3692 2008 3736 autem

446 3768 563 3822 dies
594 3768 997 3837 praeteriissent,
1019 3772 1226 3840 accepit
1254 3787 1339 3827 me
1367 3782 1556 3837 noctu,
1582 3774 1893 3843 egressique
1917 3789 2010 3827 su-

448 3874 593 3922 mus,
622 3868 676 3913 et
708 3859 908 3915 ivimus
950 3858 1400 3933 Hierosolymam,
1431 3872 1788 3933 nostramque
1840 3863 2006 3917 vitam

449 3948 819 4014 adoravimus,
861 3964 1054 4018 nempe
1091 3952 1453 4006 venerandam
1509 3950 1724 4007 Domini
1770 3968 2007 4007 crucem.

448 4038 784 4109 Fuimusque
816 4041 868 4095 in
893 4041 1128 4107 civitate,
1163 4042 1281 4096 loca
1311 4043 1574 4107 obeuntes
1597 4051 1651 4097 et
1679 4051 1896 4097 orantes
1922 4058 2010 4097 se-

448 4130 627 4185 decim
679 4132 814 4187 dies.
847 4115 1094 4203 Cumque
1136 4149 1237 4189 nos
1280 4134 1660 4205 egrederemur
1693 4150 1723 4188 e
1776 4135 2015 4197 civitate,

450 4231 509 4276 ut
535 4220 1101 4293 [veniremusJoppcn,
1120 4222 1195 4295 et]
1214 4227 1593 4294 navigaremus
1618 4227 1670 4280 in
1696 4224 2011 4297 Egyptum,

2110 3047 2235 3109 τοὺς
2286 3046 2568 3114 ἀδελφοὺς,
2599 3044 2690 3097 καὶ
2726 3042 3128 3113 συνταξάμενος
3175 3042 3381 3107 αὐτοῖς,
3410 3041 3511 3112 τὴν
3560 3042 3691 3094 ἀπό-

2110 3155 2292 3208 κρισιν
2327 3136 2521 3208 ἔφερεν
2564 3136 2747 3199 αὐτοῖς
2789 3135 2962 3203 λέγων
3008 3135 3125 3188 ὅτι·
3170 3133 3505 3205 Πορεύομαι,
3537 3135 3689 3204 φησὶ,

2111 3229 2296 3292 τέκνα,
2317 3230 2395 3291 εἰς
2421 3226 2709 3296 ἐπίσκεψιν
2734 3226 2843 3280 τῶν
2871 3226 3115 3293 ἀδελφῶν
3143 3226 3201 3279 ἐν
3233 3225 3308 3296 τῷ
3341 3227 3694 3296 μοναστηρίῳ

2110 3321 2202 3373 τοῦ
2234 3320 2479 3391 μεγάλου·
2500 3320 2821 3391 Ἰλαρίωνος.
2854 3317 2977 3371 Τῶν
3006 3318 3061 3371 δὲ
3087 3318 3395 3388 νοησάντων
3452 3319 3536 3371 ὅτι
3565 3320 3691 3371 ἁνα-

2111 3413 2310 3481 χωρείν
2345 3409 2613 3479 βούλεται,
2641 3408 2730 3462 διὰ
2771 3408 2870 3479 τὴν
2898 3408 3096 3479 πολλὴν
3126 3408 3347 3478 ὄχλησιν
3380 3407 3489 3461 τῶν
3514 3425 3694 3479 παρα-

2112 3500 2437 3571 γενομένων,
2469 3501 2518 3552 οἱ
2554 3498 2753 3562 πάντες
2790 3497 3049 3561 πεσόντες
3080 3499 3170 3550 ἐπὶ
3203 3497 3518 3568 πρόσωπον,
3561 3498 3695 3567 μετὰ

2113 3590 2307 3645 πολλοῦ
2337 3588 2615 3661 κλαυθμοῦ
2643 3590 2735 3643 καὶ
2767 3588 3002 3659 ὀδυρμοῦ
3031 3589 3373 3659 παρεκάλουν
3399 3589 3491 3641 τὸν
3540 3589 3696 3641 Ἐπι-

2114 3686 2324 3753 φάνιον,
2355 3682 2494 3735 ὥστε
2550 3681 2625 3752 μὴ
2678 3680 2934 3746 ἐξελθεῖν.
2972 3679 3079 3733 Τοῦ
3130 3680 3186 3732 δὲ
3232 3681 3557 3748 Ἐπιφανίου
3609 3680 3695 3732 καὶ

2114 3772 2277 3827 αὐτοῦ
2308 3774 2385 3835 εἰς
2421 3772 2586 3825 πολὺν
2608 3768 2786 3824 οἶκτον
2813 3770 3076 3837 ἐλθόντος,
3111 3770 3327 3825 ἔπεισεν
3357 3772 3589 3833 αὐτοὺς,
3617 3771 3697 3824 λέ-

2115 3881 2225 3932 γων
2274 3863 2471 3935 μηκέτι
2520 3863 2843 3933 ἀναχωρεῖν.
2881 3861 2974 3931 Μὴ
3007 3862 3347 3932 ποιησάντων
3382 3862 3439 3914 δὲ
3472 3862 3637 3932 ἡμῶν
3671 3868 3695 3913 ι’

2114 3953 2574 4025 ἡμέρας,νέλα6έν
2620 3970 2686 4024 με
2714 3955 2926 4020 νυκτὸς,
2961 3955 3055 4007 καὶ
3089 3953 3403 4025 ἐξήλθομεν,
3436 3955 3536 4005 καὶ
3571 3956 3693 4005 ἐπο-

2121 4041 2389 4112 ρεύθημεν
2434 4042 2492 4093 ἐν
2527 4041 2940 4112 Ἱεροσολύμοις,
2969 4043 3064 4096 καὶ
3091 4044 3585 4113 προσεκυνήσαμεν
3606 4044 3698 4113 τὴν

2118 4131 2260 4201 ζωὴν
2283 4131 2563 4201 ήμῶν,τὸν
2582 4131 2760 4201 τίμιον
2792 4134 3021 4204 σταυρὸν
3048 4133 3141 4185 τοῦ
3167 4134 3439 4193 Δεσπότου
3466 4152 3481 4165 ·
3509 4136 3696 4203 ἐποιή-

2121 4240 2291 4293 σαμεν
2322 4224 2379 4276 δὲ
2427 4227 2484 4276 ἐν
2528 4226 2596 4293 τῇ
2640 4224 2812 4287 πόλει,
2857 4225 3192 4296 διερχόμενοι
3221 4225 3345 4288 τοὺς
3373 4225 3587 4287 τόπους
3613 4228 3699 4277 καὶ

449 4312 692 4366 oecurrit
726 4312 883 4367 nobis
925 4314 1167 4382 quaedam
1217 4314 1411 4369 mulier
1441 4316 1652 4377 insana,
1681 4326 1741 4369 ut
1766 4330 1885 4382 quae
1923 4331 2005 4370 ve-

2118 4315 2413 4385 εὐχόμενοι,
2450 4322 2522 4379 ις’
2565 4316 2815 4387 ήμέρας·
2867 4317 2962 4369 καὶ
3009 4317 3072 4387 δὴ
3118 4316 3495 4388 ἐξερχόμενων
3547 4318 3699 4387 ήμῶν

449 4415 671 4459 xaretur
714 4422 743 4459 a
792 4406 983 4475 spiritu
1028 4406 1329 4461 immundo.
1364 4406 1482 4477 Ipsa
1516 4418 1691 4462 autem
1728 4423 1850 4463 eum
1881 4406 2009 4477 Epi-

449 4494 631 4562 phanii
658 4497 957 4565 accepisset
985 4495 1297 4567 diploidem,
1326 4511 1446 4550 eam
1494 4497 1828 4561 dilaceravit,
1859 4506 1913 4552 et
1946 4514 2013 4552 ex

448 4600 509 4638 ea
537 4586 670 4641 exiit
703 4587 1027 4643 immundus
1065 4586 1311 4657 spiritus.
1344 4585 1475 4653 Qua:
1505 4588 1791 4657 procidens
1819 4589 1886 4642 ad
1918 4603 2011 4656 pe-

447 4677 543 4731 des
568 4676 874 4747 Epiphanii,
906 4695 1030 4735 eum
1057 4680 1301 4750 rogabat,
1320 4680 1506 4735 dicens
1532 4698 1545 4733 :
1575 4680 1831 4751 Ignoscas
1854 4681 2009 4747 mihi,

448 4764 626 4832 Pater,
653 4778 707 4822 et
732 4785 801 4823 ne
834 4786 1174 4826 succenseas.
1198 4770 1249 4826 Is
1277 4780 1456 4826 autem
1481 4772 1617 4826 dixit
1639 4775 1694 4827 ei
1718 4791 1734 4827 :
1761 4771 1905 4827 Vade
1925 4788 2012 4827 sa-

449 4871 518 4911 na
546 4858 599 4911 in
635 4857 858 4912 domum
890 4870 1059 4915 tuam.
1092 4860 1304 4931 Ruptus
1329 4862 1474 4916 enim
1506 4872 1624 4927 est;
1643 4863 1737 4932 qui
1767 4873 1818 4917 te
1857 4880 2016 4932 rupe-

450 4961 553 5006 rat.
585 4948 651 5003 Et
681 4949 777 5003 ivit
804 4951 994 5005 mulier
1031 4953 1087 5007 in
1121 4969 1272 5022 pace.
1315 4954 1379 5010 Et
1421 4971 1545 5011 cum
1575 4970 1672 5010 nos
1703 4956 2014 5012 descendis-

449 5055 631 5094 semns
674 5040 730 5093 in
772 5038 999 5109 Joppen,
1034 5041 1339 5098 invenimus
1368 5060 1559 5100 navem
1594 5055 1860 5115 paratam,
1891 5061 2013 5115 quae

448 5130 664 5185 volebat
688 5130 770 5185 ire
794 5132 1196 5188 Alexandriam.
1233 5134 1477 5205 Cumque
1508 5138 1917 5207 navigassemus
1945 5140 2014 5193 ab

449 5220 641 5290 Joppe,
672 5230 795 5289 post
821 5231 933 5276 tres
960 5223 1077 5278 dies
1108 5224 1338 5289 ingressi
1384 5240 1574 5282 sumus
1604 5227 2011 5282 Alexandriam.

452 5310 617 5367 Nobis
642 5323 824 5367 autem
867 5329 1004 5369 nave
1030 5317 1287 5385 egressis,
1320 5325 1374 5370 et
1422 5316 1848 5387 ingredientibus
1881 5320 2014 5374 civi-

450 5410 639 5462 tatem,
664 5408 902 5458 occurrit
929 5405 1148 5473 quidam
1180 5404 1421 5472 Iudaeus,
1455 5409 1675 5464 nomine
1702 5410 1917 5478 Aquila,
1940 5410 2015 5463 Ie-

451 5493 742 5562 gisperitus
774 5509 836 5550 ac
861 5498 1133 5563 magismr.
1163 5498 1339 5567 Coepit
1369 5514 1497 5551 vero
1525 5497 1860 5569 Epiphanius
1881 5518 2016 5571 quo-

449 5599 553 5652 que
579 5600 699 5638 cum
729 5600 794 5641 eo
822 5587 887 5642 de
918 5589 1033 5653 lege
1052 5590 1335 5644 disserere.
1354 5588 1491 5646 'I‘oto
1519 5607 1646 5662 ergo
1674 5593 1765 5647 illo
1787 5592 1873 5647 die
1898 5593 2016 5663 plu-

2115 4407 2224 4461 ἀπὸ
2269 4407 2367 4476 τῆς
2414 4408 2640 4471 πόλεως,
2670 4409 2818 4472 ὅπως
2845 4409 3277 4479 ἀποπλεύσωμεν
3302 4411 3360 4461 ἐν
3394 4411 3694 4478 Αἰγύπτῳ,

2117 4498 2425 4567 ἀπήντησεν
2454 4500 2587 4567 ἡμῖν
2628 4502 2760 4569 γυνή
2794 4517 2899 4565 τις,
2935 4501 3231 4570 μαινομένη
3262 4500 3369 4552 ὑπὸ
3394 4501 3516 4553 τοῦ·
3539 4502 3698 4553 πνεύο

2120 4604 2286 4658 ματος
2315 4587 2649 4660 ἀκαθάρτου.
2675 4588 2823 4661 Αὕτη
2845 4589 3114 4661 λαϐομένη
3144 4594 3239 4661 τῆς
3263 4590 3535 4655 διπλοΐδος
3552 4594 3699 4644 Ἐπι-

2117 4681 2329 4747 φανίου,
2377 4680 2658 4752 διέρρηξεν
2707 4682 2906 4753 αὑτήνο
2965 4684 3058 4737 καὶ
3105 4683 3308 4745 εὐθέως
3352 4682 3586 4753 ἐξῆλθεν
3644 4684 3703 4737 τὸ

2117 4771 2421 4843 ἀκάθαρτον
2450 4772 2666 4844 πνεῦμα
2694 4774 2789 4827 ἀπ’
2817 4775 3084 4845 αὑτῆς.Ἦ
3104 4775 3161 4828 δὲ
3193 4775 3435 4828 πεσοῦσα
3466 4778 3552 4839 el;
3576 4780 3697 4837 τοὺς

2117 4862 2281 4924 πόδας
2327 4862 2662 4931 Ἐπιφανίου,
2692 4866 2989 4935 παρεκάλει
3020 4865 3251 4932 λέγουσα
3274 4880 3288 4896 ·
3325 4866 3695 4937 Συγχὼρησόν

2120 4970 2230 5023 μοι,
2275 4955 2476 5025 Πάτερ,
2523 4955 2618 5007 καὶ
2667 4955 2740 5026 μὴ
2791 4955 3030 5026 όργίζου.
3063 4953 3229 5010 Εἶπεν
3272 4957 3330 5010 δὲ
3375 4958 3697 5027 Ἐπιφάνιος

2117 5048 2251 5118 πρὸς
2271 5048 2369 5118 τὴν
2396 5050 2624 5115 γυναῖκα
2643 5064 2656 5077 ο
2682 5048 2874 5113 Βάδιζε
2902 5050 3215 5119 ὑγιαίνουσα
3241 5051 3297 5102 ἐν
3325 5049 3404 5120 τῷ
3434 5050 3511 5120 σῷ
3541 5054 3693 5121 οἶκῳο

2115 5139 2143 5189 ὁ
2180 5137 2288 5209 γὰρ
2336 5138 2503 5209 ῥήξας
2545 5139 2790 5210 ἐρράγη.
2844 5142 2956 5193 Καὶ
3000 5141 3268 5211 ἐπορεύθη
3296 5143 3329 5211 ἡ
3354 5142 3493 5210 γυνή
3529 5144 3592 5194 ἐν
3625 5142 3697 5209 τῷ

2115 5230 2247 5300 οἴκῳ
2281 5230 2471 5299 αὐτῆς.
2507 5230 2889 5285 Κατελθόντων
2922 5232 2978 5285 δὲ
3008 5232 3162 5303 ἡμῶν
3200 5235 3280 5296 εἰς
3322 5232 3574 5303 Ἰόπην.
3608 5232 3691 5285 εὖ·

2122 5337 2283 5391 ρομεν
2310 5322 2525 5393 ἕτοιμον
2542 5322 2724 5375 πλοῖον
2742 5321 3060 5393 βουλόμενον
3083 5323 3411 5394 πορεύεσθαι
3445 5326 3525 5387 εἰς
3544 5326 3694 5376 Ἀλε-

2120 5413 2413 5485 ξάνδρειαν.
2435 5413 2788 5478 Ἐξελθὸντων
2833 5415 2889 5467 δὲ
2924 5416 3079 5484 ἡμῶν
3119 5416 3224 5468 ἀπὸ
3252 5415 3350 5468 τοῦ
3387 5416 3579 5469 πλοίου
3607 5416 3696 5469 καὶ

2121 5504 2466 5557 εἰσελθόντων
2496 5508 2553 5557 ἐν
2586 5494 2651 5575 τῇ
2701 5506 2872 5564 πόλει,
2912 5506 3219 5577 ἀπήντησεν
3242 5509 3375 5578 ἡμῖν
3418 5508 3689 5565 Ἰουδαῖος.

2117 5594 2333 5664 ὀνόματι
2371 5594 2619 5661 Ἀκύλας,
2653 5594 3121 5665 νομοδιδάσκαλος.
3161 5597 3267 5650 Καὶ
3292 5597 3496 5668 ἤρξατο
3546 5597 3692 5648 Ἐπι-
