3800 6180
68 195 140 252 87
1362 201 1422 254 S.
1463 199 1650 255 EPIPH

1770 200 1804 256 ιι
1845 201 2027 259 Vl’l‘A.
2190 182 2193 187 “
3234 212 3307 268 53

69 314 260 383 φάνιος
300 316 396 368 καὶ
439 316 600 380 αὐτὸς
648 317 756 370 ἀπὸ
800 316 895 371 τοῦ
944 317 1107 389 νόμου
1140 318 1480 388 διαλέγεσθαι
1509 321 1645 393 πρὸς

1770 324 1945 377 imum
1987 323 2400 379 contenderunt.
2438 324 2758 393 Rursusque
2789 325 2877 380 die
2902 328 3151 396 sequenti
3184 343 3311 384 cum

66 404 558 476 αὑτούς.Ἕμειναν
589 403 682 461 οὖν
718 409 774 460 ἐν
803 408 968 478 πολλῇ
1004 408 1305 479 φιλονεικίᾳ
1336 413 1393 463 ἐν
1420 414 1486 481 τῇ
1511 412 1649 481 ἡμέ-

1770 411 2024 465 enissent
2049 411 2117 465 ad
2150 404 2618 481 congressionem,
2653 415 2745 467 diu
2775 413 3316 472 disseruerunt.Cre-

71 513 138 564 ρᾳ
167 496 373 568 ἐκείνῃ.
406 498 515 551 Καὶ
536 502 604 569 τῇ
632 499 891 571 ἐπαύριον
924 502 1017 553 ἐπὶ
1059 504 1348 571 συντυχίαν
1374 502 1537 555 πάλιν
1562 503 1648 556 ἑλ-

1770 500 1991 570 lensque
2017 501 2209 570 Aquila
2241 502 2668 569 interpretationi
2701 501 3007 572 Epiphanii,
3039 505 3317 560 desidera-

69 586 276 650 θόπες,
305 587 582 642 διάλεκτον
637 591 897 660 ἐποίησαν
948 591 1081 663 πρὸς
1126 592 1380 655 ἑαυτούς’
1430 594 1505 658 ὼς
1554 594 1649 647 καὶ

1770 591 1824 645 rit
1853 591 2703 661 ﬁeriChi-istianus.Epiphanius
2736 604 2916 649 autem
2944 596 3169 649 deduxit
3189 612 3312 649 eum

70 678 313 743 πεισθεὶς
341 682 369 732 ό
412 682 641 746 Ἀκύλας
665 688 730 755 τῇ
762 685 1027 755 ἑρμηνείᾳ
1068 687 1407 755 Ἐπιφανίου,
1450 688 1648 759 ἐπόθη-

1770 683 1814 735 ul
1842 683 2197 738 Athanasium
2248 683 2587 754 episcopum,
2613 693 2668 739 et
2714 699 2815 740 nos
2866 687 3071 755 egressi
3125 702 3317 742 sumus

73 786 159 824 σεν
187 771 283 823 τοῦ
318 774 568 840 γενέσθαι
599 765 938 846 Χριστιανός.
957 779 1013 830 Ὀ
1042 774 1135 831 οὖν
1177 781 1489 848 Ἐπιφάνιος
1513 797 1648 852 προ-

1770 773 2097 827 llexandria.
2128 773 2264 828 Cum
2297 776 2502 838 iremus
2532 783 2712 830 autem
2742 790 2843 830 nos
2874 777 2927 829 in
2958 786 3136 846 partes
3157 794 3319 848 snpe.

70 863 204 915 νοῶν
234 863 443 933 ἤγαγεν
468 867 629 920 αὑτὸν
664 867 966 939 Ἀθανασίῳ
1000 869 1075 940 τῷ
1107 872 1327 942 πάππα,
1355 874 1449 926 καὶ
1490 875 1650 942 ἡμεῖς

1770 865 1910 919 'ioris
1941 864 2251 931 Thebaidis,
2279 870 2522 921 occurrit
2552 867 2709 923 nobis
2740 869 2960 937 quidam
2993 869 3317 933 monachus,

69 955 369 1026 ἐξήλθομεν
414 957 521 1011 ἀπὸ
560 960 656 1029 τῆς
704 961 911 1023 πόλεως
952 962 1374 1034 Ἀλεξανδρείας.
1416 965 1650 1034 Πορευο-

1770 958 2050 1028 liscipulus
2096 959 2278 1026 magni
2311 960 2556 1023 Antonii,
2586 960 2805 1014 nomine
2828 959 3185 1029 Paphnutius.
3216 960 3318 1015 Cui

72 1048 250 1114 μένων
277 1048 334 1100 δὲ
358 1048 512 1119 ήμῶν
536 1051 629 1102 ἐπὶ
658 1051 725 1102 τὰ
761 1052 901 1123 μέρη
930 1056 1025 1123 τῆς
1054 1053 1166 1107 ἄνω
1182 1054 1464 1125 Θηϐαΐδος,
1482 1055 1650 1125 ἀπήν-

1770 1050 1887 1103 lixit
1921 1068 1934 1103 :
1964 1049 2200 1105 Benedic
2245 1052 2422 1115 nobis,
2457 1052 2637 1107 Pater.
2669 1052 2815 1106 Dixit
2849 1061 3031 1107 autem
3063 1052 3319 1123 Paphnu-

71 1154 237 1207 τησεν
267 1140 401 1209 ἡμῖν
441 1155 525 1201 τις
569 1139 799 1210 μοναχὸς
846 1142 1091 1213 μαθητὴς
1115 1144 1209 1195 τοῦ
1250 1143 1485 1214 μεγάλου
1532 1144 1649 1196 Ἀν-

1773 1142 1856 1197 ius
1883 1160 1896 1195 :
1926 1141 2203 1198 Benedicti
2236 1158 2334 1198 vos
2374 1158 2406 1197 a
2459 1142 2712 1198 Domino.
2746 1144 2988 1214 Cumque
3017 1145 3317 1199 orationem

70 1227 269 1279 τωνίου
294 1267 311 1289 ,
355 1227 575 1298 ὀνόματι
624 1228 977 1297 Παφνούτιος.
1028 1226 1193 1285 Εἶπεν
1243 1232 1299 1284 δὲ
1337 1231 1650 1301 Ἐπιφάνιος

1770 1235 1968 1289 'ecisset
2015 1234 2375 1303 Paphnutius,
2418 1248 2519 1288 nos
2562 1234 2793 1289 invicem
2840 1236 3218 1296 salutavimus,
3267 1242 3322 1288 et

70 1318 208 1388 πρὸς
242 1319 405 1371 αὑτόν
424 1336 438 1349 ·
474 1318 777 1391 Εὑλόγησον
805 1320 863 1373 δέ
894 1323 1059 1392 ἡμᾶς,
1090 1323 1289 1394 Πάτερ.
1330 1319 1495 1377 Εἶπεν
1535 1324 1590 1376 δὲ
1621 1324 1650 1376 ὁ

1770 1340 1849 1380 I08
1894 1326 1946 1377 in
1985 1341 2049 1379 eo
2096 1324 2215 1379 loco
2253 1340 2446 1394 parum
2490 1323 2943 1395 refrigeravimus.
2989 1324 3323 1395 Epiphanius

68 1409 432 1476 Παφνούτιοςο
456 1409 823 1480 Εὑλογημένοι
851 1412 1008 1480 ὑμεῖς
1029 1411 1106 1481 τῷ
1134 1413 1323 1483 Κυρίῳ
1342 1430 1356 1443 ο
1383 1414 1476 1466 καὶ
1497 1414 1650 1483 ποιή-

1770 1428 1880 1467 iero
1925 1414 2281 1485 interrogavit
2308 1414 2673 1485 Paphnutium
2706 1418 2771 1470 de
2800 1416 3055 1470 omnibus
3085 1431 3207 1485 qua:
3242 1414 3325 1467 fe-

70 1516 266 1561 σαντος
295 1499 391 1552 τοῦ
430 1500 768 1569 Παφνουτίου
799 1499 896 1571 τὴν
936 1502 1121 1571 εὑχὴν,
1152 1502 1517 1573 ὴσπασάμεθα
1556 1503 1650 1555 ἀλ-

1770 1505 1824 1559 :it
1877 1520 2109 1576 magnus
2156 1507 2447 1571 Antonius,
2476 1508 2701 1577 ipseque
2741 1508 2791 1561 ei
2835 1508 3078 1561 narravit
3117 1506 3320 1560 omnia.

66 1586 289 1659 λήλους,
320 1589 415 1641 καὶ
444 1590 827 1660 κατεψύξαμεν
865 1591 1060 1663 μικρὸν
1094 1594 1152 1644 ἐν
1196 1593 1275 1663 τῷ
1316 1592 1465 1663 τόπῳ
1509 1596 1650 1647 ἐκεί-

1770 1596 1901 1651 Dixit
1940 1605 2122 1651 autem
2161 1595 2499 1667 Epiphanius
2526 1597 2836 1668 Paphnutio
2866 1618 2881 1652 :
2909 1598 3041 1653 Volo
3080 1598 3325 1651 habitare

64 1680 239 1750 νῳ.⁹0
296 1676 391 1734 οὖν
436 1658 747 1751 Ἑπιφῗάνιος
796 1658 1153 1754 ἐπηρώτησεν
1184 1658 1276 1738 τὸν
1319 1658 1650 1753 Παιρνούτιον

1778 1703 1809 1740 n
1835 1701 1903 1741 eo
1926 1687 2049 1742 loco
2075 1686 2169 1757 qui
2198 1658 2398 1744 dicitur
2435 1658 2628 1744 Nitria:
2654 1688 2995 1759 Paphnutius
3024 1704 3155 1743 vero
3185 1689 3325 1742 dixit

66 1771 199 1839 περὶ
228 1770 472 1835 πάντων,
505 1766 580 1825 ὧν
626 1770 878 1841 ἐποίησεν
927 1775 956 1825 ό
1007 1773 1181 1843 μέγας
1225 1773 1525 1839 Ἀντώνιος,
1558 1776 1650 1829 καὶ

1770 1777 2056 1847 Epiphanio
2088 1797 2103 1833 :
2133 1777 2281 1834 Vade
2316 1795 2504 1846 sanus,
2534 1779 2712 1834 fruere
2745 1780 3010 1848 patrihus,
3048 1787 3103 1833 et
3133 1779 3327 1848 collige

66 1857 232 1921 αὐτὸς
267 1858 576 1930 ἐξηγήσατο
605 1859 752 1930 αὑτῷ
785 1859 1019 1915 ἅπαντα.
1051 1857 1215 1913 Εἶπεν
1247 1863 1305 1915 δὲ
1343 1864 1650 1933 Ἐπιφάνιος

1770 1869 1937 1923 'enum
1966 1871 2240 1935 aestivum,
2274 1880 2330 1925 et
2352 1871 2489 1925 vade
2532 1871 2589 1925 in
2622 1872 2855 1926 insulam
2887 1869 3235 1941 Cypriorum,
3270 1877 3325 1921 et

63 1948 146 2015 τῷ
179 1948 506 2020 Παφνουτίῳ
529 1965 544 1980 ν
572 1950 737 2014 Θέλω,
775 1951 975 2021 Πάτερ,
1005 1951 1223 2021 οἰκῆσαι
1250 1953 1344 2007 τὸν
1373 1955 1535 2008 τόπον
1562 1956 1650 2009 τὸν

1770 1960 1836 2014 tle
1879 1976 2007 2017 oves
2056 1961 2123 2015 ad
2167 1963 2513 2029 vestimenta,
2542 1974 2596 2017 et
2638 1964 2843 2016 honora
2875 1961 3107 2031 puellos,
3142 1970 3202 2014 ut
3230 1959 3329 2013 tibi
3408 1997 3422 2005 γρ

65 2036 406 2105 καλούμενον
445 2038 690 2109 Νιτρίαν,
722 2039 778 2092 '0
823 2041 882 2093 δὲ
923 2041 1260 2108 Παφνούτιος
1312 2038 1463 2097 εἶπεν
1515 2046 1650 2117 πρὸς

1770 2053 1866 2107 sint
1894 2055 2041 2123 agni.
2073 2053 2198 2109 Haec
2228 2065 2406 2110 autem
2434 2070 2559 2109 cum
2588 2055 2818 2109 dixisset
2854 2054 3213 2124 Paphnutius,
3248 2051 3329 2105 fa-

74 2128 400 2197 Ἐπιφάνιον
420 2146 434 2160 ο
471 2129 663 2193 Βάδιζε
694 2132 948 2200 ὑγιαίνων
968 2148 981 2160 ·
1012 2133 1316 2189 ἁπόλαυσον
1347 2136 1453 2190 τῶν
1482 2141 1647 2193 πατέ-

1770 2158 1838 2200 :ta
1880 2162 2071 2201 rursus
2100 2147 2370 2214 oratione,
2396 2156 2451 2201 et
2478 2162 2579 2203 nos
2614 2158 2807 2202 mutuo
2840 2148 3131 2216 complexi,
3165 2146 3328 2199 inivi-

64 2234 199 2287 ρων,
229 2220 327 2272 καὶ
357 2221 627 2290 συνάγαγε
653 2222 841 2294 χόρτον
867 2223 1096 2293 θερινὸν,
1114 2226 1207 2278 καὶ
1235 2227 1466 2298 πορεύου
1498 2232 1555 2284 ἐν
1574 2236 1640 2304 τῇ

1770 2254 1872 2291 nus
1908 2238 2107 2308 singuli
2140 2254 2298 2293 suum
2331 2239 2450 2293 iter.

63 2312 337 2383 κυπρίων
370 2316 537 2387 νήσῳ,
573 2317 663 2368 καὶ
689 2316 853 2387 τρέφε
900 2317 1148 2389 πρόϐατα
1195 2320 1277 2381 εἷς
1325 2321 1633 2394 ἱματισμὸν,
1675 2331 1767 2383 καὶ
1820 2332 1955 2401 τίμα
2011 2333 2226 2395 παῖδας,
2289 2333 2376 2385 ἵνα
2412 2326 2544 2385 ὦσιν
2571 2333 2621 2384 οἱ
2652 2331 2832 2402 ἄρνες.
2864 2328 3049 2383 Ταῦτα
3076 2328 3132 2381 δὲ
3165 2327 3333 2381 εἰπὼν

63 2404 431 2472 Παεῖθνοῦτιος,
459 2407 552 2459 καὶ
581 2406 738 2460 πάλιν
768 2407 1051 2477 εὐξάμενοι
1084 2410 1453 2480 ἡσπασάμεθα
1477 2415 1738 2487 ἀλλήλους
1769 2423 1863 2476 καὶ
1891 2421 2266 2493 ἐπορεύθημεν
2292 2422 2521 2486 ἕκαστος
2560 2422 2659 2492 τὴν
2688 2420 2808 2475 ὁδὸν
2836 2418 3021 2473 αὑτοῦ.

134 2497 272 2549 ΚΖ’.
312 2493 424 2548 Ἦν
451 2497 506 2548 δὲ
532 2499 589 2549 ἐν
618 2500 728 2561 τοῖς
764 2498 947 2561 τόποις
981 2501 1092 2562 τοῖς
1124 2500 1251 2570 περὶ
1299 2503 1650 2559 Λεοντόπολιν

64 2586 205 2658 ἀνὴρ
244 2587 403 2657 παρά
440 2605 549 2640 τισι
584 2588 932 2659 νομιζόμενος
960 2590 1181 2658 ἀγαθὸς,
1209 2592 1304 2645 καὶ
1352 2595 1656 2666 πρόγνωσιν

64 2678 206 2747 ἔχων
261 2678 437 2732 Θεοῦο
483 2680 543 2732 τὸ
573 2680 629 2732 δὲ
663 2681 833 2750 ὄνομα
878 2681 1042 2734 αὑτοῦ
1096 2682 1343 2737 ἐκαλεῖτο
1382 2686 1653 2756 Ἰεράκας.

66 2770 204 2840 Περὶ
240 2769 437 2824 τούτου
465 2772 522 2824 ἐν
566 2774 633 2842 τῇ
664 2772 991 2843 Παλαιστίνῃ
1044 2774 1274 2843 ἤκουσεν
1318 2776 1653 2846 Ἐπιφὰνιος,

66 2863 161 2915 καὶ
215 2861 387 2915 πόθον
432 2857 577 2932 εἶχεν
623 2862 809 2915 τοῦτον
842 2863 987 2917 ἰδεῖν.
1007 2865 1237 2935 Ὁμοίως
1270 2870 1364 2921 καὶ
1409 2870 1655 2940 Ίεράκας

1827 2510 2039 2565 XXVII.
2081 2510 2139 2564 In
2185 2512 2318 2567 locis
2363 2522 2565 2572 autem,
2597 2526 2719 2580 qua:
2762 2517 2891 2564 sunt
2922 2508 3070 2563 circa
3100 2506 3333 2560 Leonto-

1756 2605 1940 2673 polim,
1965 2617 2081 2659 erat
2111 2605 2195 2659 vir
2225 2605 2469 2674 quidam,
2503 2605 2596 2674 qui
2633 2604 2774 2673 apud
2814 2602 3027 2672 aliquos
3060 2600 3335 2656 existima-

1756 2695 1916 2748 batur
1936 2694 2132 2761 bonus,
2153 2703 2207 2749 et
2222 2694 2317 2748 Dei
2340 2694 2537 2749 habere
2566 2692 2959 2762 praescientiam
2993 2709 3007 2745 :
3038 2691 3334 2745 vocabatur

1758 2800 1884 2840 vero
1929 2785 2149 2841 nomine
2193 2784 2412 2840 iiierax.
2458 2784 2534 2839 De
2576 2800 2642 2838 eo
2695 2784 2749 2837 in
2793 2763 3336 2837 Palaestina’audivit

1756 2877 2107 2945 Epiphanius,
2146 2886 2201 2931 et
2245 2892 2371 2931 eum
2420 2875 2755 2929 desideravit
2809 2873 3014 2928 videre.
3071 2871 3336 2926 Similiter

64 2955 307 3023 ἤκουσεν
362 2954 495 3024 περὶ
533 2952 981 3024 ἘπιφανίουῘΗν
1018 2957 1073 3009 δὲ
1103 2954 1255 3022 οὗτος
1286 2959 1392 3024 ἔξω
1428 2963 1650 3015 Λεοντο-

1770 2967 1954 3021 llierax
2002 2982 2220 3037 quoque
2274 2966 2480 3020 audivit
2528 2966 2594 3019 de
2636 2964 2956 3033 Epiphanio.
2990 2962 3120 3016 Erat
3154 2975 3332 3016 autem

66 3048 303 3109 πόλεως,
332 3046 412 3109 ὡς
460 3047 567 3099 ἀπὸ
618 3047 842 3117 σημείου
886 3049 1037 3111 ἐνός·
1071 3043 1223 3112 οὗτος
1269 3051 1548 3106 ἐδίδασκεν
1584 3054 1650 3125 μὴ

1770 3058 1879 3126 ejus
1916 3059 2112 3113 domus
2163 3057 2230 3112 ad
2273 3073 2442 3111 unum
2485 3056 2718 3125 lapidem
2752 3063 2905 3108 extra
2934 3053 3331 3122 LeontOpolim.

66 3138 403 3190 ἀνίστασθαι
426 3138 627 3209 ταύτην
648 3138 747 3209 τ-ὴν
777 3140 973 3209 σάρκα,
997 3140 1111 3192 ἀλλ’
1129 3142 1322 3212 ἑτέραν
1351 3143 1515 3215 ἄλλην
1543 3147 1657 3198 ἀντ’

68 3229 270 3299 αὑτῆς,
299 3230 399 3282 καὶ
444 3230 649 3300 ταύτην
695 3232 774 3293 είς
818 3232 921 3302 γῆν
969 3232 1303 3299 διαλύεσθαι,
1336 3236 1419 3289 ὅτι
1453 3238 1659 3308 γέγρα-

69 3338 246 3374 πται·
298 3319 394 3388 Γῆ
438 3318 514 3383 εἷ,
542 3322 642 3375 καὶ
689 3324 775 3388 εἰς
819 3322 938 3392 γῆν
980 3325 1314 3394 ἀπελεύσῃ.
1358 3328 1467 3380 Καὶ
1500 3330 1662 3383 πάλιν

65 3411 287 3478 ἔλεγεν,
320 3412 406 3464 ὅτι
456 3410 525 3463 τὰ
569 3410 756 3463 παιδία
803 3410 878 3482 μὴ
927 3412 1109 3466 τέλεια
1145 3415 1412 3486 ὑπάρχειν
1445 3418 1537 3469 ἐπὶ
1568 3419 1662 3471 τοῦ

1760 3146 1811 3202 ls
1840 3149 2071 3203 docebat
2101 3149 2240 3203 hanc
2270 3162 2487 3201 carnem
2523 3162 2631 3200 non
2673 3160 2976 3215 resurgere,
3014 3144 3108 3199 sed
3143 3159 3240 3212 pro
3271 3160 3335 3197 ea

1761 3241 1943 3305 aliam,
1970 3249 2024 3293 et
2081 3242 2219 3294 hanc
2276 3239 2332 3293 in
2392 3251 2587 3292 terram
2645 3238 2890 3292 dissolvi.
2924 3235 3199 3306 Scriptum
3253 3247 3337 3290 est

1762 3334 1930 3397 enim,
1962 3332 2156 3399 inquit,
2192 3330 2353 3384 Terra
2376 3347 2450 3393 es,
2474 3340 2524 3384 et
2553 3331 2609 3383 in
2631 3339 2825 3382 terram
2848 3330 3114 3383 reverteris
3129 3329 3169 3381 ⁸.
3190 3327 3333 3381 Rur-

1764 3438 1966 3492 susque
1994 3421 2228 3483 dicebat,
2261 3419 2498 3475 infantes
2545 3435 2655 3473 non
2704 3419 2916 3474 futuros
2964 3418 3231 3488 perfectos
3278 3419 3335 3472 in

72 3504 373 3575 μέλλοντος
396 3503 609 3565 αἰῶνος.
652 3502 1008 3558 Είσελθόντων
1038 3499 1129 3556 οὖν
1160 3505 1317 3575 ἡμῶν
1357 3508 1414 3559 ἐν
1445 3508 1523 3578 τῷ
1554 3526 1665 3578 μο-

68 3596 361 3665 ναστηρίῳ
392 3592 553 3646 αὑτοῦ
582 3593 870 3664 ηὑράμεθὰ
899 3593 1074 3665 πλήθη
1110 3595 1278 3649 πολλὰ
1303 3595 1666 3668 διδασκόμενοι

71 3690 167 3742 ὑπ’
193 3682 507 3741 αὑτοῦ.⁷Ην
532 3685 641 3757 γὰρ
671 3686 1007 3756 ἀπεχόμενος
1035 3685 1289 3757 βρώσεως
1330 3690 1424 3741 καὶ
1455 3688 1665 3753 πόσεως

70 3782 306 3844 ἱκανῶς.
343 3779 484 3833 Οὔτε
524 3779 633 3849 γὰρ
680 3778 860 3831 ἐλαίου
902 3778 1331 3847 μετελάμϐανεν,
1360 3778 1482 3831 οὔτε
1525 3781 1664 3833 οἴνου

70 3874 232 3938 ἐξότε
269 3870 716 3935 ἀπετάξατο.Ὠς
758 3866 851 3923 οὖν
902 3870 1013 3923 ἴδεν
1050 3871 1140 3924 τὸν
1185 3872 1521 3941 Ἐπιφάνιον,
1568 3875 1667 3926 ἐπ-

1766 3515 1944 3569 l'uturo
1976 3513 2196 3568 smeulo.
2232 3511 2498 3582 ingressis
2525 3521 2705 3566 autem
2729 3510 2888 3565 nobis
2916 3510 2971 3564 in
3003 3510 3125 3579 ejus
3149 3525 3336 3563 mona-

1766 3606 2015 3670 sterium,
2047 3604 2355 3657 invenimus
2384 3616 2635 3672 magnam
2667 3600 3094 3663 multitudinem,
3120 3615 3243 3668 qua:
3269 3599 3338 3651 ab

1766 3712 1831 3752 eo
1859 3696 2177 3751 docebatur.
2219 3693 2435 3748 Etenim
2470 3709 2502 3746 a
2531 3692 2656 3747 cibo
2685 3706 2904 3761 quoque
2928 3699 2982 3745 et
3007 3700 3134 3760 potu
3166 3690 3339 3744 absti-

1766 3789 1948 3843 nebat.
1978 3785 2165 3856 Neque
2192 3786 2339 3840 enim
2385 3784 2566 3840 oleum
2611 3783 2868 3852 sumpsit,
2904 3796 3006 3837 nec
3035 3781 3220 3836 vinum
3260 3780 3338 3833 bi-

1767 3884 1864 3947 bit,
1898 3897 1967 3934 ex
2001 3896 2110 3950 quo
2140 3880 2345 3933 mundo
2379 3877 2731 3933 renuntiavit.
2770 3875 3062 3945 Postquam
3096 3887 3227 3942 ergo
3251 3871 3335 3925 vi-

70 3962 377 4033 ηρὼτησεν
406 3961 569 4014 πόθεν
614 3961 781 4015 ἐστίν.
814 3962 924 4013 Καὶ
952 3960 1139 4030 μαθὼν
1167 3963 1249 4015 ὅτι
1291 3963 1641 4027 Παλαιστινὸς

1770 3974 1847 4029 dit
1890 3971 2272 4049 Epiphanium,
2305 3969 2514 4037 rogavit
2559 3968 2843 4037 cujasnam
2875 3973 3042 4019 esset.
3087 3962 3335 4031 Cumque

68 4053 377 4125 ἠρώτησεν
412 4054 506 4105 καὶ
535 4052 597 4106 τό
631 4053 835 4123 ὄνομα·
883 4055 977 4107 καὶ
1011 4054 1197 4125 μαθὼν
1237 4056 1319 4109 ὅτι
1355 4057 1650 4126 Ἐπιφάνιος

1770 4066 2016 4123 seivisset
2050 4080 2175 4120 eum
2218 4079 2340 4119 esse
2365 4061 2736 4126 Palaestinnm,
2771 4074 2969 4115 nomen
3007 4070 3225 4127 quoque
3254 4069 3337 4109 ro-

71 4148 355 4207 καλείται,
390 4146 693 4214 ἠγωνίασεν
739 4141 1007 4198 πολύίἮν
1051 4145 1161 4218 γὰρ
1211 4148 1271 4199 ἐν
1311 4147 1571 4218 Αἰγύπτῳ
1601 4148 1650 4202 τέ

1771 4158 2082 4230 gavit.Cum
2112 4167 2287 4213 autem
2308 4156 2587 4211 didicisset
2604 4168 2727 4209 eum
2742 4150 2923 4206 vocari
2946 4149 3333 4220 Epiphanium,

69 4238 360 4307 λεγόμενα
406 4236 536 4306 περὶ
576 4235 913 4305 Ἐπιφανίου,
946 4237 1029 4290 ὅτι
1057 4237 1235 4306 λόγιός
1259 4239 1377 4293 ἐστι
1406 4239 1501 4292 καὶ
1537 4240 1650 4309 πρό⁴

1771 4249 1874 4303 fuit
1897 4248 2054 4303 valde
2083 4248 2301 4302 anxius.
2338 4245 2394 4299 In
2444 4244 2676 4316 Egypto
2713 4244 2860 4298 enim
2906 4240 3189 4295 dicebatur
3215 4238 3337 4307 Epi-

70 4347 286 4399 γνωσιν
333 4329 473 4398 ἔχει.
516 4326 672 4380 Μετὰ
699 4323 790 4380 οὖν
816 4327 877 4380 τὸ
908 4329 1253 4399 ἐπερωτῆσαι
1300 4328 1390 4382 τὸν
1435 4330 1650 4397 Ἐπιφά·

1770 4339 2005 4409 pbanius
2043 4353 2164 4394 esse
2204 4338 2286 4391 vir
2327 4336 2540 4399 doctus,
2571 4344 2626 4389 et
2671 4333 2871 4388 habere
2917 4326 3334 4399 praescientiam.

70 4437 188 4473 νιον
232 4418 301 4472 τὸ
354 4416 519 4470 πόθεν
567 4415 738 4481 ἐστὶν,
769 4416 865 4469 κα)⁸
896 4416 979 4478 τίς
1010 4415 1277 4478 καλεῖται,
1314 4416 1406 4469 καὶ
1458 4414 1650 4484 μαθὼν

1770 4431 2061 4500 Postquam
2090 4444 2220 4484 vero
2253 4425 2461 4498 rogavit
2493 4424 2855 4495 Epiphanium
2902 4419 3184 4487 cujasnam
3244 4416 3336 4478 sit,

70 4513 372 4567 ἐδίδασκεν
423 4509 585 4562 πάλιν
630 4509 721 4561 τὸν
759 4507 933 4577 ὄχλον.
951 4506 1149 4560 Ἐλθὼν
1186 4507 1244 4559 δὲ
1277 4506 1405 4578 περὶ
1436 4506 1650 4560 ἁναστά·

1770 4534 1824 4579 et
1848 4522 1942 4591 qui
1970 4528 2213 4584 vocetur,
2251 4520 2460 4574 turbam
2487 4532 2678 4571 rursus
2708 4514 2958 4569 docebat.
2988 4508 3125 4564 Cum
3156 4516 3336 4562 autem

72 4621 219 4667 σεως
270 4600 592 4671 ἐξηγεῖσθαι
640 4599 825 4668 ἔλεγεν
875 4599 1004 4670 περὶ
1048 4599 1149 4668 τῆς
1192 4598 1415 4670 σαρκὸς,
1446 4600 1530 4652 ὅτι
1571 4598 1650 4651 ob:

1770 4615 2007 4669 venisset
2028 4613 2095 4668 ad
2129 4610 2509 4681 exponendum
2538 4608 2615 4663 de
2634 4604 3047 4666 resurrectione,
3080 4601 3149 4655 de
3173 4614 3340 4654 carne

68 4697 399 4751 ἀνίσταται.
431 4692 543 4744 Καὶ
585 4690 936 4762 ἀδημονήσας
978 4690 1291 4758 Ἐπιφάνιος
1340 4686 1491 4743 εἶπεν
1538 4691 1650 4761 πρὸς

1771 4707 1930 4768 dixit,
1957 4721 2078 4759 eam
2111 4719 2217 4758 non
2248 4718 2552 4772 resurgere.
2587 4699 2796 4765 Quibus
2838 4695 3059 4757 auditis,
3090 4707 3232 4762 aegre
3262 4691 3339 4745 fe-

82 4789 348 4859 Ἱὲρακα’
376 4783 546 4847 Λάϐε,
576 4783 729 4854 φησὶ,
759 4784 1025 4853 κατόχιον
1052 4784 1145 4835 ἐπὶ
1175 4782 1251 4852 τῷ
1289 4781 1515 4853 στόματί
1551 4799 1644 4834 σου

1773 4813 1899 4853 rens
1926 4797 2282 4867 Epiphanius,
2309 4796 2446 4849 dixit
2474 4791 2686 4847 Hieraci
2713 4808 2726 4843 :
2751 4787 2843 4843 Ori
2878 4797 2971 4841 tuo
3003 4786 3231 4839 immitte
3253 4799 3337 4837 re-

70 4878 170 4933 καὶ
212 4876 368 4948 μάθε
404 4875 480 4946 μὴ
516 4874 856 4945 βλασφημεῖν
885 4875 1014 4947 περὶ
1040 4876 1139 4945 τῆς
1173 4874 1405 4938 ἐλπίδος.
1440 4874 1547 4927 Καὶ
1579 4876 1650 4927 ἐπ

1772 4890 2052 4961 pagulum,
2080 4900 2133 4944 et
2160 4889 2307 4942 disce
2331 4900 2479 4956 spem
2520 4892 2759 4938 nostram
2788 4895 2897 4934 non
2940 4877 3334 4945 blaspltemare.

70 4971 150 5040 τῷ
217 4969 380 5037 λόγῳ
428 4966 750 5034 Ἐπιφανίου
800 4965 1010 5036 ἔμεινεν
1063 4968 1091 5018 ό
1137 4964 1387 5035 ἰερὰκας
1454 4963 1648 5026 ἄλαλος

1772 4982 1929 5049 Quod
1977 4996 2101 5036 cum
2152 4979 2379 5034 dixisset
2417 4973 2777 5046 Epiphanius,
2809 4970 3010 5026 mansit
3038 4966 3236 5022 ilierax
3282 4966 3339 5018 in

71 5062 347 5133 ἀκίνητος
396 5060 492 5113 ἐπὶ
523 5058 601 5130 τῷ
636 5059 806 5129 τόπῳ.
826 5059 1045 5122 Ἰδόντες
1085 5058 1143 5111 δὲ
1177 5058 1415 5121 ἅπαντες
1448 5059 1496 5111 οἱ
1530 5058 1646 5109 διδα

1775 5077 1893 5129 loco
1928 5083 2113 5128 mutus
2140 5084 2192 5127 et
2222 5069 2538 5125 immobilis.
2569 5066 2707 5122 Cum
2749 5079 2880 5120 vero
2907 5077 3118 5125 omnes,
3150 5057 3239 5129 qui
3274 5057 3341 5111 ab

73 5155 348 5223 σκόμενοι
396 5152 489 5203 ὑπ’
533 5150 698 5204 αὑτοῦ
750 5150 780 5203 ὃ
828 5149 1083 5220 ἐποίησεν
1124 5149 1440 5218 Ἐπιφέινιος
1490 5147 1650 5218 θαῦμι

1776 5169 1897 5236 ipso
1945 5167 2301 5230 docebantur,
2354 5163 2616 5217 vidissent
2683 5158 3003 5214 miraculum
3091 5153 3231 5223 quod
3286 5152 3338 5203 iu

72 5246 167 5300 ἐπὶ
218 5246 323 5298 τὸν
366 5244 605 5313 Ἰέρακα,
640 5242 937 5312 ἐξέστησαν
981 5239 1574 5305 ἆπαντες.”Υπολα6ὼν
1617 5240 1645 5293 δ

1772 5260 1949 5328 ipsum
2000 5257 2126 5312 fecit
2173 5255 2529 5326 Epiphanius,
2571 5254 2994 5321 obstupuerunt.
3030 5244 3111 5299 Ex
3140 5243 3342 5298 divinis

84 5337 427 5405 Ἐπιφάνιος
469 5333 577 5387 ἀπὸ
608 5334 717 5389 τῶν
763 5334 921 5387 θείων
954 5333 1185 5406 Γραφῶν
1224 5334 1424 5404 ἣρξατο
1466 5335 1650 5387 πάντα

1773 5363 1949 5406 autem
1985 5349 2279 5418 Scripturis
2308 5348 2579 5416 accipiens
2611 5342 2973 5415 Epiphanius,
3015 5337 3181 5407 coepit
3220 5350 3341 5389 om-

71 5427 369 5484 διδάσκειν
396 5426 471 5479 τὰ
500 5427 628 5497 περὶ
652 5427 753 5497 τῆς
785 5428 1155 5491 ἀναστάσεως.
1185 5426 1362 5498 Παρή)
1374 5427 1465 5480 θεν
1487 5422 1578 5480 οὖν
1600 5427 1650 5480 tbi

1775 5461 1871 5499 nes
1918 5444 2113 5498 docere
2156 5442 2220 5497 de
2253 5440 2666 5496 resurrectione.
2714 5433 2981 5491 Praeteriit
3028 5428 3193 5502 igitur
3238 5427 3341 5480 ali-

142 5606 168 5641 '
214 5604 369 5661 Gen.
409 5619 493 5667 ιιι,
522 5603 609 5659 i9.
