3800 6180
468 179 538 236 59
1775 188 1833 242 S.
1877 183 2032 240 EPIP

2146 180 2217 235 NII
2257 179 2439 235 VlTA.
3656 175 3717 228 60

462 308 595 367 quot
621 299 877 352 horarum
910 300 1167 369 spatium,
1208 310 1262 355 et
1294 309 1478 356 mutus
1519 302 1874 371 permanebat
1911 299 2032 354 Hie-

2146 294 2288 365 ἲυρῶν
2320 294 2487 365 τριῶν
2514 292 2787 364 διάστημα
2806 310 2820 325 ο
2854 296 2950 347 καὶ
2975 289 3044 365 ἧν
3080 293 3325 365 Ἱεράκας
3349 294 3587 357 ἄναυδος
3608 296 3714 349 δια-

463 406 583 444 rax.
615 389 745 445 Post
772 392 887 447 haec
912 401 1090 447 autem
1130 394 1265 447 dixit
1302 394 1349 447 ei
1378 393 1717 464 Epiphanius
1750 414 1763 447 :
1792 394 2033 462 Loquere

464 498 656 537 verum.
680 498 1007 546 sermonem,
1031 496 1083 540 et
1109 486 1235 539 audi
1264 486 1473 541 ﬁrmam
1496 502 1560 541 ac
1585 487 1829 541 stabilem
1852 486 2029 539 ﬁdem.

465 575 619 631 Tunc
664 594 723 631 se
750 580 1027 632 excusavit
1066 577 1285 644 llierax,
1318 580 1508 635 dicens
1535 595 1593 635 se
1624 595 1744 635 esse
1772 580 1982 649 lapsum
2016 594 2031 636 τ

467 670 732 736 paenitere
765 678 947 725 autem
974 683 1239 740 prmerva:
1266 672 1412 727 illius
1445 674 1745 727 sententiae.

536 842 769 899 XXVlll.
810 845 1159 903 Discedentes
1207 864 1337 903 vero
1389 850 1727 921 Leontopoli,
1756 851 1950 904 ivimus
1978 852 2033 905 in

465 938 797 1007 superiorem
826 939 1173 995 Thebaidem.
1206 941 1334 995 Erat
1364 952 1543 997 autem
1580 944 1687 998 illic
1708 944 1790 997 vir
1831 945 2031 1014 justus,

461 1025 700 1081 Joannes
736 1029 973 1083 nomine.
1015 1029 1079 1084 Et
1113 1047 1237 1085 cum
1264 1033 1329 1085 ad
1352 1047 1475 1085 eum
1501 1032 1730 1102 ingressi
1763 1049 2030 1100 essemus,

462 1134 565 1173 nos
597 1119 826 1189 benigne
855 1123 1080 1190 accepit.
1112 1122 1357 1177 Fuerunt
1401 1133 1581 1177 autem
1613 1125 1831 1194 quidam
1862 1142 1928 1179 ex
1966 1127 2033 1180 iis

462 1209 556 1277 qui
612 1209 666 1262 in
716 1210 822 1263 illis
852 1210 988 1265 locis
1018 1212 1353 1275 habitabant,
1387 1216 1482 1282 qui
1512 1214 1561 1269 ei
1592 1217 1880 1284 quemdam
1911 1217 2032 1270 alli-

463 1310 658 1366 garant
686 1301 1102 1363 adolescentem,
1135 1312 1191 1357 ut
1216 1314 1477 1359 maneret.
1506 1306 1556 1360 ls
1584 1323 1714 1360 vero
1737 1308 2033 1363 vexabatur

464 1392 533 1444 ab
587 1394 867 1447 immundo
910 1397 1124 1463 spiritu.
1177 1395 1473 1465 Postquam
1526 1408 1703 1451 autem
1736 1399 1868 1452 vidit
1901 1398 2031 1468 Epi-

464 1484 744 1552 phanium,
776 1484 912 1538 dixit
934 1486 981 1539 ei
1018 1502 1209 1555 magna
1237 1502 1370 1543 voce
1404 1507 1416 1541 :
1453 1488 1563 1542 Cur
1597 1490 1701 1543 huc
1728 1491 2029 1557 accessisti,

466 1573 751 1643 Epiphani,
775 1574 867 1629 Dei
895 1578 1082 1631 serve?
1104 1577 1409 1648 Mansitque
1436 1579 1505 1633 ab
1533 1580 1662 1634 hora
1690 1590 1838 1635 sexta
1860 1597 2032 1652 usque

463 1666 529 1718 ad
580 1682 778 1719 nonam
819 1666 899 1722 sic
939 1669 1206 1724 clamans.
1249 1678 1303 1723 et
1340 1680 1559 1740 repente
1602 1681 1761 1741 rupto
1792 1673 2028 1738 vinculo,
2064 1654 2103 1706 Β

461 1758 706 1811 cucurrit
735 1758 803 1811 ad
838 1759 1218 1828 Epiphanium.
1275 1760 1569 1817 Prehensis
1594 1773 1774 1818 autem
1805 1764 2033 1831 pedibus

464 1848 772 1919 Epiphanii,
808 1851 1097 1917 clamabat,
1127 1852 1312 1907 dicens
1344 1872 1356 1905 :
1391 1852 1583 1907 Libera
1629 1870 1733 1918 me,
1762 1872 1894 1926 rogo
1938 1871 2033 1925 per

466 1940 633 1995 Deum
680 1957 841 2010 quem
870 1943 1024 1996 colis.
1053 1943 1271 1999 Dixerat
1294 1960 1423 1999 vero
1446 1945 1776 2015 Epiphanius
1806 1947 2034 2001 immun-

463 2034 536 2087 do
566 2033 799 2102 spiritui,
836 2044 896 2088 ut
926 2036 1002 2104 (a)
1049 2036 1221 2090 exiret
1248 2038 1317 2090 ab
1347 2038 1584 2099 homine,
1619 2039 1691 2093 ila
1717 2048 1776 2093 ut
1802 2054 1905 2093 non
1942 2053 2033 2094 co-

464 2135 754 2195 gnosceret
802 2125 1041 2181 Joannes
1086 2127 1471 2197 Epiphanium.
1517 2129 1663 2183 Dixit
1698 2139 1877 2184 autem
1908 2130 2034 2201 Epi-

466 2216 697 2283 phanius
724 2216 1054 2270 adolescenti
1090 2236 1103 2269 :
1137 2216 1332 2279 Homo,
1356 2233 1517 2287 surge
1550 2237 1562 2271 :
1598 2220 1726 2287 quid
1773 2220 1903 2273 mihi
1934 2235 2031 2274 ex-

466 2308 618 2359 hibes
644 2307 992 2361 molestiam?
1026 2306 1220 2361 Statim
1242 2317 1422 2362 autem
1452 2324 1617 2365 sanus
1644 2310 1879 2366 surrexit
1901 2311 2034 2364 ado-

464 2398 696 2462 lescens,
730 2415 851 2453 cum
880 2400 1196 2455 immundus
1225 2401 1449 2455 exiisset
1482 2401 1876 2469 spiritus.Tres
1905 2417 2032 2456 vero

463 2486 582 2542 dies
617 2491 919 2544 mansimus
948 2491 1087 2559 apud
1116 2489 1404 2555 Joannem,
1432 2492 1607 2545 virum
1636 2492 2029 2557 admirabilem,

462 2590 517 2635 ct
543 2582 673 2646 vita,
707 2597 829 2651 qua:
876 2598 941 2637 ex
993 2583 1189 2637 virtute
1236 2584 1512 2652 agebatur,
1558 2592 1831 2637 ornatum.
1880 2583 2033 2639 Illinc

461 2682 640 2727 autem
692 2674 1023 2737 recedentes,
1056 2675 1303 2729 venimus
1351 2674 1418 2728 ad
1467 2673 1708 2739 Bucolia,
1737 2683 1790 2730 et
1827 2686 2030 2744 septem

460 2779 634 2819 annos
663 2765 773 2819 illic
806 2766 1170 2834 transegimus
1206 2785 1216 2819 :
1255 2781 1619 2836 magnamque
1650 2768 1760 2821 illic
1800 2766 2033 2837 Epipha-

462 2858 554 2912 nio
589 2858 892 2913 molestiam
922 2859 1198 2927 praebuere
1224 2873 1317 2927 per
1352 2860 1817 2927 congressionem.

534 3029 727 3086 XXIX.
765 3030 1071 3098 Aliquando
1117 3028 1341 3099 quidam
1387 3030 1768 3099 phileSOphus,
1813 3032 2031 3086 nomine

466 3118 781 3187 Eudaemon,
823 3121 1055 3175 accessit
1093 3123 1159 3174 ad
1209 3119 1597 3190 Epiphanium,
1652 3131 1704 3176 et
1752 3137 2031 3177 sermones

467 3212 609 3264 inter
637 3226 695 3264 se
720 3211 1019 3265 contulere.
1064 3209 1396 3279 Epiphanius
1427 3212 1642 3281 quidem
1677 3227 1744 3268 ex
1788 3213 2036 3283 Scriptu-

466 3305 544 3357 ris
576 3303 837 3358 divinitus
868 3304 1167 3373 inspiratis,
1198 3303 1490 3359 Eudaemon
1529 3315 1709 3360 autem
1738 3321 1835 3376 per
1869 3307 2035 3361 inuti-

467 3398 571 3451 lem
610 3397 1014 3452 contentionem
1043 3396 1345 3451 disserebat
1393 3406 1582 3453 contra
1627 3414 1689 3452 ea
1726 3414 1846 3468 qua:
1888 3400 2035 3453 dice-

467 3490 558 3542 bat
596 3487 950 3558 Epiphanius.
1010 3486 1359 3558 llabehatque
1416 3488 1709 3544 Eudaemon
1765 3504 2029 3559 puerum;

464 3583 693 3649 ejusque
719 3580 913 3635 oculus
936 3590 1053 3635 erat
1072 3581 1313 3636 clausus.
1344 3581 1489 3635 Dixit
1508 3591 1689 3637 autem
1714 3581 2033 3637 Eudaemoni

467 3672 800 3741 Epiphanius
832 3691 844 3726 :
880 3672 1041 3739 Ecce,
1068 3689 1101 3727 o
1124 3674 1465 3743 philosophe,
1492 3690 1656 3744 supra
1690 3689 1880 3729 omnes
1916 3676 2032 3729 elo-

466 3761 687 3829 quentia
715 3762 885 3830 polles
909 3769 963 3815 et
990 3762 1214 3823 divitiis,
1244 3773 1482 3832 suntque
1510 3764 1652 3833 apud
1686 3772 1736 3817 te
1769 3764 1843 3817 dii
1883 3779 2034 3819 com-

468 3851 672 3919 plures.
705 3851 815 3905 Cur
852 3852 1004 3922 pueri
1052 3868 1182 3923 ergo
1232 3870 1417 3908 curam
1466 3870 1571 3908 non
1608 3855 1771 3923 geris,
1823 3865 1881 3909 ut
1915 3855 2034 3924 ejus

469 3958 686 4013 quoque
727 3944 835 3997 sint
860 3944 980 3998 sani
1011 3945 1197 3998 oculi?
1228 3944 1303 4000 De
1352 3947 1457 4001 hoc
1503 3947 1623 4001 risit
1654 3946 2029 4017 phil050phus,

468 4035 656 4089 dicens
698 4034 1043 4104 Epiphanio:
1079 4036 1136 4090 Si
1184 4037 1286 4091 sub
1336 4038 1474 4093 cmlo
1518 4048 1664 4093 esset
1697 4040 1846 4096 solus
1891 4040 2033 4095 ﬁlius

471 4124 834 4186 Eudaemonis,
880 4127 971 4195 qui
1018 4143 1183 4181 unum
1234 4129 1457 4182 haberet
1495 4130 1736 4194 oculum,
1780 4130 1903 4199 jure
1945 4146 2032 4185 es-

471 4230 585 4269 sem
609 4215 677 4269 de
704 4229 769 4269 eo
790 4216 1090 4283 sollicitus;
1124 4218 1389 4273 innumeri
1420 4233 1545 4274 vero
1574 4235 1696 4274 cum
1721 4220 1829 4274 sint
1849 4221 1942 4290 qui
1965 4236 2033 4275 ne

2137 387 2332 454 μένων.
2361 384 2512 438 Μετά
2541 384 2597 437 δὲ
2622 384 2793 437 ταῦτα
2817 380 2970 437 εἶπεν
3006 386 3321 454 Ἐπιφάνιος
3358 385 3504 456 πρὸς
3532 387 3713 438 αὐτόν’

2132 474 2295 528 Λάλει
2342 476 2435 527 τὸν
2477 474 2630 542 λόγον
2677 472 2873 544 ἀληθῆ,
2904 474 2996 527 καὶ
3048 473 3215 527 ἄκουε
3262 473 3361 544 τήν
3402 475 3597 529 πίστιν
3640 475 3716 542 βε-

2134 568 2310 619 ϐαίαν.
2344 567 2475 619 Τότε
2519 567 2762 637 Ἰεράκας
2804 565 3200 633 ἀπελογήσατο,
3241 564 3516 634 ἐσφάλθαι
3549 565 3717 632 λέγων

2132 658 2267 728 πρὸς
2302 657 2635 725 Ἐπιφάνιον,
2669 655 2809 709 ἀλλά
2855 657 3138 725 μετανοεῖν
3182 654 3291 707 ἀπὸ
3333 658 3436 726 τῆς
3481 656 3715 709 ἀτάκτου

2132 747 2355 819 γνώμης
2381 748 2614 818 ἐκείνης.

2202 842 2337 894 KH’.
2394 839 2725 910 Ἀπάραντες
2750 834 2843 892 οὖν
2871 837 2980 891 ἀπὸ
3017 839 3456 903 Λεοντοπὸλεως,
3485 840 3716 910 ὲπορεύ·

2134 932 2198 1002 οη
2209 948 2306 1001 μεν
2339 934 2420 995 εἰς
2445 932 2543 1003 τὴν
2572 933 2683 986 ἀνω
2717 925 3093 1002 ΘηϐαΐδαίἯν
3120 930 3177 982 δὲ
3206 932 3322 984 ἐκεῖ
3342 933 3567 994 δίκαιος
3589 934 3716 1004 ἀνήρ

2140 1024 2395 1095 Ἰωάννης
2439 1024 2679 1094 ὀνόματι.
2712 1023 2821 1076 Καὶ
2864 1022 2927 1092 δὴ
2979 1021 3313 1085 εἰσελθόντες
3347 1025 3494 1094 πρὸς
3538 1025 3713 1085 αὐτὸν,

2132 1111 2346 1176 ἐδέξατο
2401 1115 2547 1183 ἡμᾶς
2616 1107 3069 1183 εὐμενῶς.⁷Ησαν
3108 1112 3165 1165 δέ
3195 1131 3339 1178 τινες
3372 1115 3487 1167 τῶν
3520 1116 3582 1167 ὲν
3615 1120 3717 1178 τοῖς

2131 1205 2317 1267 τόποις
2366 1205 2594 1267 ἐκείνοις
2636 1204 2915 1257 νεανίσκον
2963 1203 3084 1256 τινὰ
3129 1206 3541 1276 προσδήσαντες
3576 1209 3715 1277 αὐτῷ

2134 1294 2748 1368 προσπαραμένεινῘΗν
2789 1299 2845 1352 δὲ
2877 1301 3039 1364 αὐτὸς
3074 1302 3181 1354 ὐπὸ
3214 1299 3535 1369 πνεύματος
3590 1301 3716 1357 ἀκα-

2134 1388 2333 1459 θάρτου
2390 1388 2789 1459 ἐνοχλούμενος.
2808 1389 2895 1453 Ὠς
2943 1386 3038 1444 οὖν
3090 1391 3196 1442 ἴδεν
3242 1389 3333 1443 τὸν
3374 1389 3712 1457 Ἐπιφάνιον,

2134 1479 2316 1548 ἔλεγεν
2368 1478 2502 1550 πρὸς
2534 1479 2695 1534 αὐτὸν
2731 1481 2939 1553 μεγάλῃ
2971 1484 3035 1553 τῇ
3085 1484 3235 1552 φωνῇ
3258 1499 3271 1513 ·
3310 1481 3378 1532 Τί
3408 1482 3713 1551 παρεγένου

2135 1570 2707 1639 ὲνταῦθα,Ἐπιφάνιε,
2736 1570 2886 1623 δοῦλε
2921 1572 3013 1623 τοῦ
3032 1571 3202 1637 Θεοῦ;
3236 1572 3499 1641 Ἔμεινεν
3526 1573 3586 1624 δὲ
3620 1574 3715 1626 ἀπὸ

2132 1665 2279 1735 ὥρας
2300 1664 2464 1732 ἕκτης
2489 1662 2592 1726 ἕως
2615 1663 2762 1734 ὥρας
2793 1664 2989 1734 ἐνάτης
3011 1665 3184 1728 οὕτως
3216 1661 3580 1731 άποκράζων.
3613 1665 3715 1715 Καὶ

2134 1756 2389 1826 ἐξαίφνης
2416 1755 2710 1826 διαρρήξας
2733 1756 2841 1809 τῶν
2862 1756 3098 1826 δεσμῶν,
3123 1757 3360 1828 ἔδραμεν
3392 1756 3539 1827 πρὸς
3571 1756 3716 1808 ἐπι-

2134 1848 2341 1916 φάνιον.
2381 1846 2573 1899 Λαϐὼν
2594 1847 2650 1899 δὲ
2681 1846 2788 1900 τῶν
2821 1848 2994 1901 ποδῶν
3024 1849 3210 1912 αὐτοῦ,
3246 1849 3482 1919 ἔκραξεν
3508 1848 3711 1915 λέγων·

2147 1936 2438 1990 Ἀπόλυσόν
2474 1954 2562 2007 με,
2593 1938 2679 1991 διὰ
2703 1938 2792 1990 τὸν
2824 1938 2973 2006 Θεὸν,
3004 1939 3062 1990 ὃν
3093 1939 3156 1991 σύ
3187 1935 3461 2012 σέϐῃ.⁷Ην
3483 1940 3541 1992 δὲ
3573 1940 3713 1992 Ἐπιο

2135 2028 2322 2097 φάνιος
2366 2028 2534 2081 εἰπὼν
2576 2030 2653 2099 τῷ
2698 2029 2991 2100 ἀκαθάρτῳ
3042 2030 3334 2100 πνεύματι,
3368 2031 3445 2101 μὴ
3482 2029 3713 2095 ἐξελθεῖν

2132 2119 2239 2173 ἀπὸ
2282 2118 2375 2172 τοῦ
2422 2118 2730 2189 ἀνθρώπου,
2763 2121 2911 2183 ὅπως
2943 2120 3016 2191 μὴ
3040 2120 3153 2191 γνῴ
3187 2122 3444 2192 Ἰωάννης
3473 2122 3547 2174 τά
3584 2122 3715 2174 κατὰ

2131 2211 2222 2265 τὸν
2261 2212 2593 2280 Ἐπιφάνιον.
2629 2207 2794 2265 Εἶπεν
2842 2212 2897 2264 δὲ
2943 2212 3257 2281 Ἐπιφάνιος
3299 2214 3442 2282 πρὸς
3474 2214 3573 2266 τὸν
3604 2231 3713 2265 νεαρ

2132 2304 2332 2357 νίσκον·
2370 2304 2625 2367 Ἀνάστα,
2657 2304 2932 2375 ἄνθρωπε,
2964 2306 3016 2357 τί
3050 2305 3252 2369 κόπους
3286 2323 3374 2375 μοι
3408 2306 3707 2376 παρέχειςς

2131 2396 2347 2461 Εὐθέως
2394 2392 2485 2450 οὖν
2530 2398 2723 2467 ἀνέστη
2754 2398 2782 2449 6
2809 2398 3089 2459 νεανίσκος
3123 2397 3282 2467 ὑγιὴς
3302 2438 3318 2461 ,
3339 2398 3435 2450 τοῦ
3474 2399 3714 2468 ἀκαθάρ-

2131 2505 2224 2541 του
2274 2488 2580 2558 πνεύματος
2618 2487 2922 2553 ἐξελθόντος
2955 2490 3050 2542 ἀπ’
3078 2488 3265 2541 αὐτοῦ.
3291 2490 3635 2560 Ἐμείναμεν
3661 2492 3711 2543 δὲ

2130 2583 2277 2649 τρεῖς
2304 2580 2514 2652 ἡμέρας
2553 2578 2702 2653 παρά
2733 2578 2811 2648 τῷ
2837 2580 3073 2649 Ἰωάννῃ,
3111 2579 3264 2650 ἀνδρὶ
3295 2579 3604 2651 θαυμαστῷ
3626 2584 3713 2635 καὶ

2132 2672 2375 2744 εὐαρέτῳ
2403 2672 2647 2742 πολιτείᾳ
2670 2671 3085 2742 κεκοσμημένῳ.
3116 2672 3459 2742 Ἀπάραντες
3481 2673 3541 2725 δὲ
3577 2676 3712 2726 ἐκεῖ·

2132 2764 2222 2817 θεν
2267 2763 2607 2834 κατήλθομεν
2656 2764 2748 2815 ἐπὶ
2797 2764 2866 2816 τά
2913 2762 3194 2827 Βουκόλια,
3231 2763 3325 2816 καὶ¹
3376 2766 3715 2835 ἐποιήσαμεν

2132 2857 2247 2908 ἐκεῖ
2279 2854 2320 2919 ζ’
2353 2856 2479 2925 ἐτη*
2525 2854 2620 2908 καὶ
2661 2854 2829 2908 πολὺν
2877 2856 3043 2908 κόπον
3071 2856 3234 2908 κάκεῖ
3272 2858 3538 2926 παρεῖχον
3571 2858 3714 2909 Ἐπι-

2134 2947 2307 3018 φανίῳ
2328 2947 2415 2998 διὰ
2447 2946 2547 3015 τῆς
2582 2946 2892 3015 συντυχίας.

2205 3032 2330 3086 ΚΘθ.
2369 3030 2502 3084 Ποτὲ
2532 3027 2623 3083 οὖν
2655 3030 2942 3099 φιλόσοφός
3017 3048 3093 3094 τις
3144 3031 3371 3101 ὀνόματι
3427 3031 3715 3101 Εὐδαίμων

2135 3123 2463 3194 παρεγένετο
2492 3124 2626 3194 πρὸς
2657 3122 3015 3191 Ἐπιφάνιον,
3069 3122 3163 3175 καὶ
3220 3126 3464 3194 συνῇραν
3519 3124 3714 3193 λόγους

2134 3214 2268 3284 πρὸς
2301 3213 2544 3275 ἑαυτούς.
2596 3213 2890 3280 Ἑποίησαν
2927 3213 2984 3265 δὲ
3016 3219 3045 3264 ι’
3074 3213 3285 3285 ἡμέρας
3342 3215 3714 3286 διαλεγόμενοι

2135 3304 2269 3374 πρὸς
2297 3303 2577 3373 ἀλλήλους.
2625 3305 2679 3356 '0
2713 3302 3154 3373 γὰρἘπιφάνιος
3186 3304 3295 3357 ἀπὸ
3314 3304 3426 3358 τῶν
3458 3305 3715 3359 θεοπνεύο

2137 3415 2274 3450 στων
2298 3396 2529 3467 Γραφῶν
2557 3396 2655 3467 τήν
2702 3396 2958 3466 ἀλήθειαν
3003 3396 3354 3451 ἀπεδείκνυεν
3396 3398 3477 3470 τῷ
3526 3400 3713 3453 Εὐδαί-

2138 3506 2257 3559 μονι
2279 3504 2293 3520 ο
2316 3490 2343 3541 6
2376 3487 2431 3539 δὲ
2457 3488 2737 3557 Εὐδαίμων
2764 3486 2850 3540 διὰ
2875 3486 2975 3556 τῆς
3024 3485 3335 3552 ἀνωφελοῦς
3378 3488 3713 3557 φιλονεικίας

2134 3580 2417 3647 ἀντέλεγεν
2436 3582 2547 3641 τοῖς
2574 3580 2924 3649 λαλουμένοις
2947 3578 3036 3632 διά
3070 3580 3413 3648 Ἐπιφανίου.
3444 3577 3611 3652 Εἶχεν
3658 3584 3713 3635 δὲ

2133 3672 2419 3743 Εὐδαίμων
2445 3672 2625 3735 παῖδα,
2660 3674 2754 3725 καὶ
2805 3671 2992 3725 τούτου
3036 3674 3065 3724 6
3092 3672 3369 3743 ὀφθαλμὸς
3393 3671 3465 3745 ἦν
3494 3676 3713 3728 κεκλει-

2134 3767 2347 3838 σμένος.
2399 3761 2564 3818 Εἶπεν
2592 3765 2647 3817 δὲ
2683 3762 3000 3833 Ἐπιφάνιος
3027 3764 3161 3835 πρὸς
3188 3765 3496 3835 Εὐδαίμονα
3524 3784 3539 3797 ·
3563 3767 3712 3830 Ἰδοὺ,

2135 3858 2409 3929 φιλόσοφε,
2471 3858 2563 3909 ἐπὶ
2599 3858 2762 3910 πᾶσιν
2815 3856 3154 3925 κεκόσμησαι
3205 3858 3299 3910 καὶ
3336 3858 3565 3926 λόγοις,
3621 3864 3711 3911 καὶ

2138 3949 2373 4019 πλούτῳ,
2404 3950 2499 4002 καὶ
2536 3950 2783 4019 περισσοὶ
2804 3947 2915 4000 θεοί
2949 3949 3086 3999 είσιν
3120 3948 3269 4019 παρά
3298 3949 3399 4002 σοί.
3434 3949 3537 4002 Διά
3572 3952 3622 4003 τί
3654 3952 3713 4003 οὐ

2136 4044 2306 4103 ποιεῖς
2361 4039 2617 4110 φροντίδα
2647 4038 2741 4091 τοῦ
2796 4038 2889 4091 σοῦ
2928 4040 3136 4104 παιδὸς,
3196 4040 3343 4103 ὅπως
3396 4041 3493 4093 καὶ
3534 4042 3587 4093 οξ
3622 4041 3713 4094 δύο

2134 4133 2401 4202 ὀφθαλμοὶ
2430 4131 2619 4183 τούτου
2644 4127 2783 4201 ἦσαν
2812 4131 3018 4198 ὑγιεῖς;
3060 4131 3182 4183 Ἐπὶ
3213 4130 3374 4183 τοῦτο
3409 4132 3469 4183 δὲ
3506 4135 3539 4185 ὀ
3566 4133 3711 4199 φιλό-

2136 4242 2297 4293 σοφος
2320 4223 2576 4292 ἐγέλασεν
2604 4222 2777 4290 λέγων
2808 4222 3112 4293 Ἐπιφανῐῳ
3138 4239 3151 4252 ·
3180 4224 3244 4276 Εἰ
3273 4223 3329 4273 ἐν
3350 4225 3414 4293 τῇ
3441 4224 3537 4275 ὐπ’
3561 4225 3698 4294 οὐρα

473 4321 597 4360 eum
629 4323 737 4361 uno
759 4308 976 4377 quidem
998 4310 1159 4363 oculo
1179 4319 1379 4363 terram
1405 4312 1544 4365 hanc
1572 4318 1881 4381 peragrant,
1900 4314 2027 4382 quid

2146 4318 2222 4370 θον
2252 4316 2325 4385 (b)
2366 4318 2393 4368 6
2452 4317 2579 4378 παῖς
2629 4313 2960 4384 Εὐδαίμονος
3010 4309 3078 4384 ἦν
3108 4312 3383 4382 ὀφθαλμὸν
3409 4315 3508 4367 ἕνα
3554 4316 3715 4384 ἔχων,

470 4412 619 4453 cura:
641 4408 726 4453 est
757 4398 1065 4453 Eudzemoni
1085 4400 1152 4454 de
1182 4400 1287 4454 eo?
1310 4399 1645 4470 Epiphanius
1672 4411 1851 4457 autem
1895 4404 2032 4458 dixit

470 4488 786 4553 Eutla‘moni
808 4510 821 4545 :
841 4490 999 4557 Quod
1016 4492 1058 4546 si
1077 4492 1455 4563 solus,inquit,
1471 4505 1670 4559 esset,o
1690 4495 2029 4566 philosophe,

469 4580 730 4650 quidnam
780 4596 940 4653 agere
990 4598 1179 4657 posses
1225 4583 1291 4637 ad
1338 4599 1462 4638 eum
1500 4585 1840 4639 curandum?
1889 4585 2031 4642 Nihil

475 4671 643 4732 aliud,
677 4672 854 4741 inquit
883 4671 1201 4737 Eudaemon,
1248 4674 1352 4729 nisi
1395 4675 1709 4731 ratiocinari
1734 4686 1789 4732 et
1826 4678 2030 4743 dicere,

476 4764 682 4816 nullum
719 4780 954 4832 unquam
991 4768 1070 4820 sic
1110 4765 1279 4823 fuisse
1322 4767 1594 4831 allectum,
1642 4778 1699 4823 ut
1734 4778 1815 4824 est
1848 4780 2033 4824 noster

476 4867 626 4919 puer.
667 4851 809 4905 Dixit
832 4853 1165 4921 Epiphanius
1193 4854 1504 4912 Eudaemoni
1537 4876 1549 4910 :
1579 4855 1656 4911 Ne
1682 4872 1765 4922 ea,
1802 4874 1923 4928 qua:
1945 4859 2030 4913 di—

472 4952 696 5007 cuntur,
729 4944 977 4999 attendas
1021 4947 1241 5014 perinde
1285 4963 1349 5002 ac
1396 4950 1621 5004 ridicula
1678 4948 1843 5016 (Deus
1888 4950 2032 5005 enim

474 5036 639 5089 estin
671 5036 848 5089 medio
877 5035 1215 5103 amborum);
1261 5039 1437 5094 adduc
1476 5056 1708 5109 puerum
1747 5040 1840 5109 qui
1885 5040 2036 5094 labo-

477 5136 583 5190 rat,
611 5137 666 5181 et
692 5128 811 5181 vide
842 5128 1070 5197 gloriam
1102 5129 1216 5185 Dei.
1246 5131 1371 5187 Haec
1398 5147 1521 5187 cum
1552 5134 1781 5188 dixisset
1800 5133 2037 5204 Epipha-

475 5223 623 5285 nius,
673 5231 727 5277 et
778 5223 1123 5278 Eudaemonis
1162 5240 1389 5294 puerum
1440 5244 1603 5284 manu
1653 5231 1934 5294 tenuisset,
1985 5237 2038 5284 et

474 5312 594 5382 ejus
622 5314 861 5381 oculum,
892 5316 984 5385 qui
1007 5331 1114 5369 non
1154 5316 1387 5383 videbat,
1428 5328 1507 5373 ter
1534 5321 1819 5390 signasset,
1853 5322 2035 5377 statim

478 5406 734 5475 respexit.
776 5405 913 5461 Cum
961 5415 1137 5464 autem
1180 5410 1403 5465 vidisset
1436 5410 1749 5481 Eudaemon,
1792 5414 1938 5485 quod
1961 5412 2039 5470 fe-

548 5584 623 5655 (α)
663 5584 846 5642 Graeca
885 5588 1219 5662 negationem
1254 5590 1474 5646 addunt.

2132 4404 2276 4478 εἶχον
2303 4408 2367 4460 ἀν
2402 4404 2734 4477 μεριμνῆσαι
2763 4405 2889 4475 περὶ
2921 4404 3084 4456 αὐτοῦ
3105 4420 3117 4433 ο
3164 4405 3211 4455 εἰ
3241 4403 3297 4455 δὲ
3348 4405 3715 4475 ἀναρίθμητοξ

2132 4502 2266 4553 εἰσιν
2296 4500 2345 4550 οἱ
2369 4499 2458 4551 ὐπ’
2489 4496 2699 4559 οὐδενὸς
2738 4494 3012 4565 ὀφθαλμοῦ
3070 4496 3426 4565 πορευόμενοι
3471 4497 3571 4549 ἐπὶ
3618 4498 3714 4566 τῆς

2132 4593 2234 4661 γῆς
2269 4589 2490 4659 ταύτης.
2517 4588 2569 4640 τί
2596 4587 2672 4657 τῷ
2700 4586 2991 4657 Εὐδαίμονι
3026 4585 3178 4655 μέλει
3214 4587 3341 4656 περὶ
3376 4586 3575 4639 τούτου
3602 4631 3616 4652 ,
3660 4589 3716 4639 Ὁ

2131 4684 2187 4737 δὲ
2215 4682 2531 4751 Ἐπιφάνιος
2564 4676 2716 4733 εἶπεν
2746 4680 2881 4750 πρὸς
2906 4680 2996 4732 τὸν
3023 4680 3330 4748 Εὐδαίμονα
3350 4696 3363 4709 ·
3405 4681 3471 4733 Εἰ
3514 4680 3575 4733 δὲ
3621 4683 3719 4734 καὶ

2137 4777 2313 4845 μόνος,
2353 4774 2536 4844 φησὶν,
2560 4768 2604 4825 ὦ
2645 4772 2920 4842 φιλόσοφε,
2960 4770 3273 4840 ἐτύγχανεν,
3327 4771 3381 4823 τί
3417 4767 3568 4841 εἶχες
3598 4775 3719 4825 ἐπι-

2134 4865 2388 4933 τηδεῦσαι
2416 4863 2550 4932 πρὸς
2600 4861 2892 4932 θεραπείαν
2932 4860 3160 4923 τούτου;
3208 4861 3264 4912 '0
3305 4861 3363 4913 δὲ
3420 4862 3720 4931 Εὐδαίμων

2135 4959 2327 5030 φησίν·
2361 4957 2523 5010 Οὐδὲν
2565 4956 2687 5027 ἢτὸ
2731 4955 3034 5024 λογίζεσθαι
3087 4954 3343 5016 πολλάκις
3381 4956 3477 5006 καὶ
3510 4956 3719 5021 λέγειν,

2134 5052 2216 5104 ὅτι
2250 5049 2417 5112 οὐδείς
2442 5050 2588 5101 ἐστιν
2612 5047 2827 5099 πώποτε
2856 5046 3028 5105 οὕτως
3072 5047 3147 5109 ὡς
3190 5048 3217 5098 6
3261 5046 3535 5115 ἡμέτερος
3565 5048 3716 5105 παῖς,

2139 5135 2306 5193 Εἶπεν
2334 5137 2389 5189 δὲ
2423 5137 2739 5205 Ἐπιφάνιος
2768 5136 2902 5206 πρὸς
2934 5134 3121 5188 αὐτόν’
3156 5135 3246 5205 Μὴ
3268 5135 3529 5204 πρόσεχε,
3557 5135 3720 5202 φησὶ,

2138 5230 2414 5299 φιλόσοφε,
2448 5229 2560 5290 τοῖς
2584 5227 2930 5298 λαλουμένοις
2953 5226 3027 5289 ὡς
3049 5228 3105 5279 ὲν
3124 5226 3318 5295 γελοίῳ
3336 5239 3351 5255 ·
3373 5228 3403 5277 6
3437 5224 3575 5289 Θεὸς
3606 5224 3721 5293 γὰρ

2138 5318 2240 5372 ἀνὰ
2278 5318 2438 5388 μέσον
2484 5315 2825 5385 ἀμφοτέρων.
2886 5316 3093 5384 ’Λγαγε
3159 5313 3317 5367 παῖδα
3386 5313 3598 5383 πηρὸν
3642 5314 3719 5365 ξόε

2140 5411 2292 5477 δόξαν
2313 5408 2468 5462 Θεοῦ.
2504 5406 2690 5467 Ταῦτα
2709 5406 2766 5458 δὲ
2795 5406 2963 5459 εἰπὼν
3008 5406 3350 5475 Ἐπιφάνιος,
3392 5404 3486 5459 καὶ
3516 5406 3724 5474 κρατή-

2219 5594 2289 5656 (b)
2323 5594 2592 5657 lnterpres
2622 5587 2767 5644 addit
2794 5586 2972 5657 μόνος.
