3800 6180
78 255 139 309 δι
1344 244 1403 300 S.
1444 243 1781 298 ΕΡΙΡΗΑΝΙΙ
1824 244 2003 298 νιΤΑ.
3232 241 3302 289 62

74 389 172 436 σας
190 370 284 425 τὸν
306 368 466 422 παῖδα
495 363 589 418 τοῦ
619 361 946 433 Εὐδαίμονος
985 361 1092 415 ἀπὸ
1120 361 1217 432 τῆς
1273 362 1454 433 χειρὸς
1486 403 1501 427 ,
1547 364 1641 416 καὶ

1751 370 1891 417 cei-at
1940 360 2311 431 Epiphanius,
2360 357 2572 429 rogavit
2604 370 2727 411 eum
2772 354 2959 409 dicens
2997 371 3011 407 :
3049 350 3105 405 Si
3146 350 3302 407 vobis

74 462 380 534 σφραγίσας
405 460 493 512 τὸν
522 456 798 527 ὀφθαλμὸν
826 453 1011 517 αὑτοῦ,
1034 455 1123 507 τὸν
1155 453 1228 525 μὴ
1260 454 1491 525 ὁρῶντα,
1518 457 1638 525 τρί-

70 572 181 618 τον,
222 551 426 613 εὐθέως
455 547 765 617 ἀνέϐλεψεν.
809 545 952 599 Ἰδὼν
981 546 1037 599 δὲ
1064 545 1348 615 Εὐδαίμων
1385 545 1413 597 ὃ
1453 547 1638 616 ἐποίη-

77 664 166 699 σεν
196 644 530 712 Ἐπιφάνιος,
563 639 935 708 παρεκάλεσεν
960 637 1122 691 αὑτὸν
1159 636 1361 705 λέγων·
1392 637 1458 691 Et
1490 636 1640 706 φίλον

34 802 35 805 η
76 739 217 790 ἐστὶν
246 737 396 805 ὑμῖν,
428 730 733 796 διδάσκαλε,
772 730 911 783 θέλω
945 728 1098 798 κάγὼ
1139 728 1459 800 Χριστιανὸς
1487 728 1639 797 γενέ-

34 812 36 823 ’
76 828 219 879 σθαι.
268 826 326 877 '0
353 825 409 877 δὲ
437 818 588 876 εἶπεν
613 822 791 892 αὐτῷ·
839 822 1124 886 Ἀκουσον,
1168 821 1364 891 φησὶν,
1399 814 1444 873 ὧ
1490 820 1641 888 φιλό-

76 934 222 983 σοφε,
250 914 319 968 τὰ
344 915 469 984 περὶ
498 913 591 965 τοῦ
611 911 814 980 ἀγαθοῦ
857 912 950 964 καὶ
1000 912 1368 983 εὐσπλάγχνου
1400 910 1562 978 Θεοῦ,
1597 905 1641 980 ᾧ

75 1008 120 1057 οἱ
151 1004 466 1076 Χριστιανοὶ
501 1000 867 1055 πιστεύουσιν.
898 1001 1036 1053 Ποτὲ
1067 999 1155 1053 τὸν
1187 1000 1399 1072 Ἰσραὴλ
1437 1002 1494 1053 ἐν
1524 1000 1642 1053 δου-

74 1097 192 1166 λείᾳ
222 1096 537 1165 ὑπάρχοντα
562 1092 640 1162 τῷ
664 1090 860 1162 Φαραὼ
889 1092 1097 1162 βασιλεῖ
1122 1092 1395 1160 Αἰγύπτου
1424 1091 1642 1162 ἠλευθέ-

80 1204 275 1258 ρωσεν,
310 1187 404 1239 καὶ
432 1184 739 1256 ἀπήλλαξεν
766 1182 926 1237 αὐτὸν
955 1185 1051 1237 ἀπ’
1084 1183 1268 1248 αὐτοῦ,
1299 1184 1392 1237 καὶ
1424 1183 1510 1237 διὰ
1540 1182 1641 1252 τῆς

76 1276 353 1344 Θαλάσσης
384 1274 567 1343 διῆγεν
599 1273 760 1326 αὐτὸν
795 1271 881 1325 διά
910 1271 1012 1342 τῆς
1034 1272 1259 1342 ἐρήμου,
1292 1272 1383 1325 καὶ
1415 1272 1640 1342 εἰσήγα-

74 1383 166 1432 γεν
198 1366 364 1419 αὐτὸν
385 1366 462 1427 εἰς
480 1366 582 1435 γῆν
624 1365 847 1436 ῥέουσαν
879 1362 1017 1431 γάλα
1058 1363 1152 1415 καὶ
1192 1362 1333 1431 μέλι.
1366 1363 1474 1416 Καὶ
1513 1362 1642 1415 ποτὲ

72 1452 261 1506 τοῦτον
311 1454 683 1523 ἀπειθήσαντα
718 1453 811 1506 καὶ
840 1450 1111 1521 ἀμνησίαν
1165 1450 1355 1520 ἔχοντα
1387 1451 1521 1522 πρὸς
1552 1452 1641 1504 τὸν

71 1542 201 1595 Θεὸν
227 1543 320 1596 διά
367 1544 458 1597 τοῦ
499 1545 783 1614 Προφήτω
813 1541 999 1595 τοῦτον
1053 1542 1388 1613 παρακαλεῖ,
1430 1543 1638 1611 λέγων·

72 1635 228 1700 Λαός
249 1651 393 1699 μου,
420 1634 477 1686 τί
498 1632 755 1701 ἐποίησά
779 1645 913 1697 o’or;
946 1631 985 1700 ἣ
1024 1632 1080 1685 τί
1105 1631 1364 1700 ἠδίκησὰ
1387 1648 1480 1698 σε,
1508 1633 1545 1701 ἢ
1584 1635 1643 1688 τί

1742 454 1937 522 placet,
1972 451 2253 522 magister,
2287 450 2409 504 volo
2438 463 2537 519 ego
2558 461 2777 517 quoque
2800 445 2916 499 fieri
2945 443 3298 498 christianos.

1742 544 2078 613 Epiphanius
2113 551 2291 596 autem
2330 541 2467 595 dixit
2508 538 2822 593 Eudzemoni
2856 554 2869 590 :
2907 535 3066 595 Audi,
3108 549 3141 587 ο
3184 534 3305 603 phi-

1742 637 1986 706 losophe,
2021 635 2088 690 de
2121 635 2265 689 bono
2312 647 2366 687 et
2410 630 2752 687 misericordi
2790 628 2920 692 Deo,
2961 627 3047 682 cui
3078 628 3307 681 credunt

1740 725 2057 781 Christiani.
2113 723 2370 779 lsraelem
2405 759 2420 785 ,
2495 720 2590 791 qui
2666 717 2959 787 aliquando
3037 715 3306 771 serviebat

1739 818 2013 871 Pharaoni
2039 817 2152 885 regi
2194 814 2428 886 Egypti,
2460 813 2725 878 liberavit,
2753 820 2953 865 etcum
2990 809 3210 878 eripuit,
3250 817 3304 861 et

1740 924 1837 978 per
1858 923 2005 962 mare
2036 907 2281 961 Rubrum
2316 922 2441 960 eum
2476 904 2738 967 traduxit,
2770 912 3025 971 tanquam
3061 916 3155 969 per
3199 909 3307 962 ter-

1742 1013 1858 1052 ram
1889 998 2097 1052 aridam
2157 1008 2320 1066 atque
2361 1011 2457 1065 per
2503 996 2872 1056 solitudinem,
2909 1002 2961 1047 et
3007 989 3305 1045 introduxit

1739 1109 1863 1147 eum
1904 1093 1959 1147 in
1992 1102 2193 1146 terram
2242 1091 2496 1146 fluentem
2546 1089 2683 1143 lacte
2720 1096 2773 1141 et
2820 1084 3024 1139 melle:
3071 1097 3306 1150 eumque

1741 1199 1867 1238 cum
1900 1182 2196 1252 aliquando
2218 1197 2327 1236 non
2359 1182 2651 1251 paruisset,
2683 1186 2749 1247 et,
2769 1175 2863 1229 Dei
2888 1174 3081 1229 fuisset
3114 1172 3306 1226 imme-

1740 1288 1880 1338 mor,
1926 1286 2024 1341 per
2054 1272 2373 1341 prephetam
2417 1270 2497 1325 sic
2538 1269 2880 1328 adhortatur,
2928 1263 3151 1317 dicens:
3200 1262 3304 1315 Po—

1740 1364 1859 1434 pule
1886 1365 1990 1430 mi,
2044 1364 2171 1433 quid
2202 1363 2301 1432 feci
2343 1362 2471 1425 tibi,
2514 1370 2605 1414 aut
2637 1375 2741 1429 qua
2772 1358 2827 1410 in
2859 1372 2914 1410 re
2956 1356 3049 1409 tibi
3093 1354 3169 1423 fui
3203 1369 3307 1406 mo-

1742 1455 1901 1511 lestus
1934 1457 1958 1509 ?
1987 1454 2242 1525 responde
2276 1453 2406 1506 mihi
2449 1452 2490 1504 °.
2526 1449 2915 1517 Quamobrem,
2948 1462 2981 1500 ο
3009 1446 3164 1500 docte
3191 1446 3305 1511 Eu-

1742 1549 1973 1613 daamon,
2017 1557 2240 1618 paratus
2269 1554 2354 1601 est
2398 1544 2540 1599 Deus
2578 1558 2692 1607 eos,
2734 1542 2825 1612 qui
2862 1541 3006 1595 bono
3033 1538 3190 1593 modo
3217 1553 3308 1604 at:-

1742 1638 1964 1701 cedunt,
2008 1638 2258 1707 excipere
2290 1655 2304 1690 :
2337 1645 2392 1691 et
2418 1637 2463 1690 si
2507 1635 2630 1705 quis
2666 1632 2854 1687 fecerit
2896 1642 3113 1699 peccata
3142 1644 3305 1698 quam

72 1698 511 1792 παρηπόχλησά
531 1740 606 1778 σε
626 1698 1028 1793 ξάποκρίθητί
1044 1698 1165 1792 μοι.
1200 1698 1360 1776 Ὥστε
1400 1698 1640 1792 οῦν,“λό-

1751 1730 1993 1798 plurima,
2027 1730 2115 1783 illa
2150 1730 2196 1783 ei
2234 1698 2596 1783 remittemur.
2648 1724 2795 1778 Vade
2827 1698 2975 1791 ergo,
3025 1734 3056 1772 ο
3099 1716 3307 1771 erudite

70 1834 149 1884 γιε
178 1816 493 1886 Εὐδαίμων,
517 1815 732 1885 ἕτοιμός
778 1817 925 1867 ἐστιν
974 1816 1002 1867 ὁ
1030 1814 1161 1879 Θεὸς
1210 1816 1415 1880 πάντας
1460 1818 1642 1889 τρόπῳ

1751 1820 2059 1887 Ευάεειηοη,
2095 1828 2149 1875 et
2172 1818 2455 1890 ingredere
2484 1817 2781 1877 civitatem,
2814 1823 2866 1867 et
2896 1827 2995 1865 nec
3025 1817 3077 1863 te
3109 1809 3309 1877 pudeat

71 1904 262 1974 ἀγαθῷ
290 1904 703 1975 εἰσερχομένους
740 1902 1110 1972 εἰσδέχεσθαι,
1142 1903 1246 1957 κᾶν
1292 1905 1565 1976 ἁμαρτίας

1751 1915 1999 1970 accedere
2025 1914 2092 1969 ad
2121 1913 2459 1983 episcopum.
2502 1910 2752 1964 Christus
2779 1905 2923 1960 enim
2967 1910 3114 1955 amat
3139 1899 3310 1952 humi-

71 2014 152 2059 τις
178 1998 444 2059 πλείστας
482 1996 812 2066 πεποιηκὼς,
854 1996 1185 2067 ἀφεθήσεται
1217 1997 1385 2068 αὐτῷ.
1416 1999 1642 2053 ’Δπελθε

1751 2004 1969 2060 litatem.
2022 2003 2292 2070 Quocirca
2336 2000 2403 2055 ad
2440 2013 2543 2054 nos
2590 2009 2808 2067 quoque
2841 1990 2988 2046 venit
3015 1988 3069 2042 in
3115 1999 3309 2055 magna

70 2084 173 2151 οῦν,
209 2088 361 2155 λόγιε
385 2088 689 2159 Εὐδαίμων,
721 2088 810 2140 καὶ
830 2086 1033 2140 εἴσελθε
1056 2088 1114 2140 ἐν
1142 2091 1209 2159 τῇ
1238 2088 1411 2152 πόλει,
1438 2092 1532 2144 καὶ
1566 2092 1639 2163 μὴ

1751 2096 2073 2152 humilitate.

70 2179 369 2250 αἰσχυνθῇς
394 2182 720 2251 προσπεσεῖν
743 2179 820 2250 τῷ
846 2179 1148 2250 ἐπισκόπῳ.
1184 2181 1239 2235 ’0
1263 2181 1369 2253 γὰρ
1406 2184 1638 2255 Χριστὸς
1673 2186 1769 2259 τὴν
1818 2190 2141 2244 ταπείνωσιν
2169 2188 2375 2258 ἀγαπᾷ.
2405 2182 2494 2238 Διὸ
2549 2180 2641 2235 καὶ
2667 2181 2723 2232 ἐν
2762 2176 2927 2247 πολλῇ
2990 2169 3310 2227 ταπεινώσει

69 2271 231 2343 ἦλθεν
267 2274 405 2341 πρὸς
433 2273 465 2337 ἡ
474 2273 600 2341 μᾶς.

133 2362 218 2413 Λ’.
262 2361 531 2412 Ἤκουσεν
552 2359 607 2411 δὲ
635 2357 919 2428 Εὐδαίμων
945 2356 1055 2410 τῶν
1091 2357 1262 2426 λόγων
1295 2357 1637 2427 Ἐπιφανίου,

1815 2361 1984 2416 XXX.
2027 2359 2248 2415 Audivit
2284 2364 2462 2412 autem
2510 2352 2803 2407 Eudaemon
2868 2348 3028 2402 verba
3076 2344 3313 2415 Epipha-

71 2452 160 2504 καὶ
189 2450 447 2519 εἰσῆλθεν
496 2450 553 2501 ἐν
592 2451 657 2518 τῇ
690 2448 861 2512 πόλει,
917 2450 1012 2501 καὶ
1046 2449 1381 2520 προσέπεσεν
1404 2450 1480 2520 τῷ
1519 2454 1642 2504 ἐπι-

1751 2455 1859 2516 nii,
1893 2461 1946 2506 et
1988 2451 2268 2519 ingressus
2316 2454 2397 2500 est
2444 2444 2499 2498 in
2540 2442 2833 2505 civitatem,
2884 2446 2937 2492 et
2984 2436 3213 2506 procidit
3243 2432 3312 2486 ad

72 2545 292 2613 σκόπῳ,
321 2544 416 2596 καὶ
437 2542 654 2610 ἐγένετο
681 2542 1024 2612 Χριστιανός.
1043 2542 1333 2613 Διαϐόητος
1352 2542 1406 2595 δὲ
1430 2543 1642 2612 ἐγένετο

1751 2546 1911 2616 pedes
1962 2542 2218 2612 episcopi,
2251 2548 2305 2593 et
2336 2536 2514 2591 factus
2556 2541 2642 2588 est
2684 2530 3048 2585 Christianus.
3084 2525 3313 2594 Fuitque

71 2634 398 2702 Ἐπιφάνιος
431 2634 511 2695 είς
542 2632 667 2701 ὅλην
699 2632 797 2703 τὴν
843 2630 1135 2701 Αἴγυπτον.
1168 2634 1470 2703 Ἐζήτησαν
1505 2634 1561 2687 δέ
1593 2634 1642 2687 οἱ

1751 2636 2079 2708 Epiphanius
2110 2631 2289 2701 magni
2324 2627 2558 2682 nominis
2605 2627 2661 2679 in
2684 2632 2795 2677 tota
2819 2622 3069 2693 Egypto.
3094 2621 3313 2687 Quaere-

73 2727 371 2777 ἐπίσκοποι
408 2723 676 2794 κρατῆσαι
719 2724 881 2777 αὑτὸν
940 2724 1270 2777 ἐπίσκοπονο
1312 2726 1406 2778 καὶ
1444 2725 1472 2777 ὁ
1500 2724 1642 2794 ἄγων

1751 2732 1871 2786 bant
1920 2727 2063 2782 enim
2112 2720 2351 2792 episcopi
2406 2733 2531 2773 eum
2582 2725 2762 2769 tenere
2799 2713 3064 2768 etfacere
3098 2713 3311 2781 episco-

69 2813 201 2887 ἦγεν
228 2816 325 2869 τὸν
352 2816 689 2883 Ἐπιφάνιον.
736 2815 919 2883 Ἔγνω
944 2815 1051 2887 γάρ
1095 2815 1250 2868 τοῦτο
1290 2816 1606 2885 Ἐπιφάνιος
1629 2833 1642 2849 ·

1751 2834 1868 2890 pum
1902 2837 1915 2873 :
1954 2826 2008 2872 et
2038 2816 2149 2885 jam
2182 2830 2212 2868 a
2248 2813 2483 2883 quodam
2521 2810 2819 2864 ducebatur
2863 2806 3219 2876 Epiphanius.
3252 2802 3312 2858 ld

71 2911 163 2962 καὶ
193 2905 355 2961 εἶπεν
381 2906 518 2978 πρὸς
557 2908 625 2977 μέ
650 2923 666 2939 ·
690 2906 878 2979 Δεῦρο,
910 2904 1116 2970 τέκνον,
1146 2907 1497 2979 πορευθῶμεν
1545 2909 1642 2962 πά-

1751 2912 1831 2967 ille
1859 2908 2314 2971 animadvertetis,
2348 2903 2483 2958 dixit
2510 2901 2642 2955 mihi
2674 2918 2688 2954 :
2721 2898 2987 2970 Agedum,
3009 2897 3103 2962 fili,
3133 2911 3314 2950 rever—

69 3000 151 3053 λιν
188 3001 252 3053 ἐν
306 3000 373 3068 τῇ
420 2997 658 3068 πατρίδι.
716 2998 826 3083 Kal.
876 2996 1250 3068 ἐπορεύθημεν
1303 2996 1462 3050 πάλιν
1495 2998 1552 3049 ἐν
1580 2999 1642 3067 τῇ

1751 3012 1927 3057 tamur
1955 3001 2010 3054 in
2057 2998 2312 3068 patriam.
2370 2995 2438 3049 Et
2475 3008 2667 3047 rursus
2729 2993 2783 3045 in
2837 3000 3078 3044 nostram
3122 3002 3313 3041 sumus

70 3089 295 3159 πατρίδι
324 3058 481 3158 ἡμῶν
501 3104 514 3117 ’
530 3058 633 3140 Ῐκαὶ
658 3058 1064 3157 εἰσήλθομενέν
1096 3058 1173 3156 τὶς)
1193 3087 1535 3158 μοναστηρίῳ
1553 3058 1642 3140 τοῦ

1751 3092 1971 3164 profecti
2004 3090 2302 3158 regionem,
2336 3092 2389 3140 et
2434 3083 2665 3154 ingressi
2706 3096 2901 3137 sumus
2946 3082 2998 3133 in
3039 3086 3314 3132 monaste-

74 3182 315 3251 μεγάλου
352 3180 673 3249 Ἱλαρίωνος.
740 3174 847 3231 Ἦν
878 3178 936 3230 δέ
972 3181 1000 3231 ὁ
1025 3178 1198 3248 μέγας
1250 3178 1490 3249 Ὶλαρίων
1520 3180 1650 3234 ἀνα-

70 3274 334 3341 χωρήσας
360 3273 424 3323 ἐκ
458 3269 553 3323 τοῦ
592 3269 949 3343 μοναστηρίου
970 3268 1066 3338 ,διὰ
1094 3271 1192 3340 τὴν
1208 3269 1406 3341 πολλὴν
1432 3270 1650 3341 ὄχλησιν

71 3363 167 3432 τήν
190 3361 490 3430 γινομένην
519 3358 685 3429 αὐτῷ,
728 3360 822 3412 καὶ
874 3359 1219 3423 ἀποπλεύσας
1274 3360 1381 3413 ἀπὺ
1408 3361 1505 3432 τῆς
1539 3363 1651 3414 Ko-

71 3452 342 3524 πρίων’ἐν
366 3454 480 3515 τοῖς
508 3450 692 3513 τόποις
717 3452 828 3513 τοῖς
876 3450 1004 3525 περὶ
1046 3451 1145 3521 τὴν
1191 3452 1397 3520 Πάφον.
1437 3451 1652 3514 Εἰδότες

67 3538 162 3595 οὖν
193 3545 245 3595 οἱ
265 3542 489 3609 ἀδελφοὶ
507 3541 597 3594 τδν
619 3542 936 3609 Ἐπιφάνιον
978 3542 1251 3613 ἐχάρησαν
1284 3540 1458 3612 χαράν
1492 3543 1653 3612 μεγά-

68 3636 189 3704 λην.
214 3629 405 3686 Ἦσαν
435 3633 493 3685 δὲ
521 3632 839 3697 πενθοῦντες
865 3632 952 3687 διά
993 3635 1083 3687 τὸν
1134 3634 1308 3705 μέγαν
1351 3634 1647 3706 Ἰλαρίωνα.

69 3725 452 3794 Ἐποιήσαμεν
488 3723 545 3776 δέ
587 3725 644 3776 ἐν
695 3722 773 3794 τῷ
801 3724 1144 3796 μοναστηρίῳ
1172 3724 1388 3796 ἡμέρας
1455 3730 1526 3795 μ’,
1560 3724 1653 3777 καὶ

70 3812 388 3877 ἐξελθόντες
412 3811 786 3883 ἐπορεύθημεν
825 3815 884 3866 ἐν
919 3814 996 3884 τῷ
1023 3814 1274 3884 ἡμετέρῳ
1309 3815 1653 3885 μοναστηρίῳ

70 3903 147 3976 τῷ
178 3904 606 3974 ἐπικαλουμένῳ
628 3905 966 3976 Σπανυδρίῳ,
994 3907 1051 3960 ἐν
1072 3899 1116 3973 ᾧ
1144 3901 1213 3977 ἦν
1238 3907 1466 3977 ποιήσας
1499 3906 1656 3976 ἡγού-

1748 3186 1889 3240 rium
1918 3182 2100 3253 magni
2135 3178 2447 3234 Hilarionis.
2498 3176 2819 3230 Recesserat
2862 3181 3043 3227 autem
3080 3185 3315 3241 magnus

1750 3276 1987 3330 llilarion
2028 3289 2059 3328 e
2098 3270 2430 3327 monasterio
2452 3276 2671 3339 propter
2698 3279 2950 3336 magnam
2970 3303 2985 3327 ,
3011 3278 3132 3332 quae
3151 3262 3197 3315 ei
3226 3278 3315 3316 ex-

1749 3370 2059 3431 hibebatur,
2103 3364 2426 3419 molestiam.
2462 3361 2709 3429 Cumque
2748 3358 2803 3417 in
2846 3356 3167 3427 Cypriorum
3211 3368 3311 3408 na-

1750 3462 1985 3531 vigasset
2010 3458 2306 3529 regionem,
2341 3453 2661 3509 versabatur
2690 3452 2743 3504 in
2768 3450 2835 3504 iis
2862 3448 3013 3511 locis,
3041 3461 3160 3516 quae
3187 3453 3315 3500 sunt

1752 3554 1894 3609 circa
1929 3550 2192 3621 Paphum.
2228 3550 2364 3603 Cum
2420 3555 2599 3600 autem
2652 3543 2850 3597 fratres
2880 3540 3145 3594 vidissent
3189 3538 3315 3605 Epi-

1752 3641 2036 3713 phanium,
2057 3652 2255 3708 magno
2278 3644 2406 3692 sunt
2433 3633 2608 3689 allecti
2633 3630 2848 3701 gaudio.
2874 3628 3152 3696 Lugebant
3170 3626 3315 3681 enim

1752 3740 1975 3805 propter
2003 3744 2258 3800 magnum
2284 3725 2637 3781 Hilarionem.
2667 3721 2894 3775 Fuimus
2928 3733 3057 3773 vero
3082 3717 3317 3787 quadra-

1754 3820 1899 3891 ginta
1932 3819 2048 3873 dies
2081 3819 2135 3872 in
2162 3814 2514 3871 monasterio.
2540 3812 2665 3866 inde
2688 3808 2888 3881 egressi
2916 3807 3117 3862 fuimus
3146 3807 3197 3859 in
3216 3820 3319 3860 no-

1754 3925 1925 3971 strum
1963 3911 2334 3983 Spanhydrion
2378 3908 2462 3964 cui
2498 3906 2826 3977 Epiphanius
2852 3904 3155 3957 Edesenum
3198 3899 3322 3968 Epi~

73 4015 237 4066 μενον
267 3997 596 4064 Ἑπιφάνιος
637 3996 729 4049 τὸν
783 3997 1065 4068 Ἑδεσηνὸν
1096 3996 1432 4067 Ἐπιφάνιον.
1463 3993 1572 4050 Ἦν
1599 3998 1642 4050 δὲ

1754 4005 2012 4077 phanium
2030 4000 2359 4072 praefecerat.
2378 3996 2474 4055 Hic
2497 4005 2674 4050 autem
2695 3991 2957 4063 plurimos
2977 3988 3045 4042 ad
3062 3987 3189 4042 illud
3204 4001 3322 4039 mo-

69 4081 225 4151 υἷντος
241 4087 744 4159 περιποιησάμενος
765 4089 823 4141 ἐν
842 4087 919 4158 τῷ
938 4088 1278 4159 μοναστηρίῳ
1298 4087 1500 4159 πλῆθος
1513 4088 1642 4141 ἀδελ-

1755 4094 2055 4151 nasterium
2082 4090 2406 4161 adjunxerat
2445 4086 2660 4140 fratres.
2711 4081 2921 4136 Etenim
2955 4079 3069 4148 ipse
3100 4077 3181 4131 vir
3204 4085 3320 4129 erat

72 4180 210 4248 φῶν.
244 4180 361 4232 Καὶ
394 4179 503 4249 γὰρ
529 4177 691 4241 αὐτὸς
721 4178 1027 4249 θαυμαστὸς
1054 4180 1214 4252 ἀνήρ.
1241 4178 1453 4245 Είδότες
1478 4181 1533 4233 δὲ
1565 4180 1642 4235 τόι

1757 4183 2121 4239 admirandus.
2177 4180 2311 4235 Cum
2368 4187 2544 4231 autem
2607 4172 2875 4227 vidissent
2922 4177 2977 4223 et
3030 4164 3320 4237 praefectus

70 4272 398 4341 Ἐπιφάνιον
435 4271 635 4333 πάντες
682 4270 957 4341 ἐχάρησαν
985 4271 1157 4341 χαράν
1188 4272 1443 4342 μεγάλην.
1482 4273 1642 4327 Ἐποι-

1760 4276 2056 4335 Edesenus,
2107 4280 2161 4327 et
2198 4270 2393 4324 fratres
2428 4264 2810 4337 Epiphanium,
2862 4272 3113 4327 magnam
3163 4270 3321 4309 acce-

68 4364 292 4432 ἡσαμεν
326 4361 386 4413 δὲ
408 4362 464 4413 ἐν
492 4359 572 4431 τῷ
628 4360 970 4431 μοναστηρίῳ
996 4360 1180 4431 τρίτην
1212 4361 1423 4431 ἡμέραν
1471 4363 1526 4414 ἐν
1577 4362 1642 4414 ἐν*

1760 4382 1887 4438 pere
1918 4364 2179 4419 laetitiam.
2213 4358 2347 4413 Tres
2377 4372 2507 4412 vero
2539 4356 2654 4410 dies
2681 4353 2885 4407 fuimus
2910 4350 3021 4403 illic
3049 4348 3103 4401 in
3134 4345 3321 4413 hospi-

68 4455 247 4523 τόπῳ,
272 4450 390 4521 ἐγώ
417 4469 475 4505 τε
502 4453 596 4505 καὶ
623 4451 804 4512 αὐτός.
824 4452 933 4504 Καὶ
956 4454 1021 4523 τῇ
1041 4452 1272 4524 τετάρτη
1298 4452 1479 4522 ἡμέρᾳ
1506 4450 1642 4505 ε’ίπει

1758 4434 1854 4518 tio,
1886 4468 1985 4524 ego
2017 4462 2071 4507 et
2113 4451 2247 4520 ipse.
2280 4446 2489 4515 Quarto
2539 4453 2718 4499 autem
2768 4440 2903 4496 dixit
2946 4437 3079 4493 mihi
3117 4454 3130 4490 :
3194 4434 3317 4495 Fili,

68 4549 209 4619 πρὸς
242 4549 317 4618 μέ
339 4567 354 4579 ·
398 4548 625 4607 Τέκνον,
660 4545 791 4599 λάϐε
824 4545 1031 4598 κελλίον
1054 4546 1259 4617 ἕτερον,
1296 4547 1389 4598 καὶ
1417 4543 1642 4617 ἡσύχαζε

1756 4546 1939 4614 accipe
1955 4544 2114 4597 aliam
2138 4540 2350 4602 cellam,
2370 4548 2422 4591 et
2441 4538 2494 4590 in
2517 4552 2579 4591 ea
2598 4534 2832 4605 quietem
2852 4546 2950 4601 age
2978 4548 2990 4583 :
3016 4538 3069 4582 et
3092 4527 3171 4581 sic
3197 4527 3318 4592 feci,

68 4643 124 4692 ἐν
163 4638 323 4710 αὐτῷ
343 4655 357 4668 ⁸
396 4638 493 4691 καὶ
522 4637 756 4706 ἐποίησα
783 4636 975 4701 οὕτως.
1010 4637 1122 4690 Καὶ
1150 4636 1328 4709 ἡμεθα
1357 4637 1656 4708 ἡσυχάζον-

65 4751 155 4794 τες
186 4735 247 4787 ἐν
277 4730 363 4801 τῷ
396 4730 761 4801 μοναστηρίῳ.

134 4824 270 4876 AA'.
312 4822 491 4891 Λιμοῦ
519 4822 576 4874 δέ
600 4820 885 4889 γενομένου
911 4820 969 4875 ὲν
1010 4820 1086 4891 τῷ
1120 4819 1271 4891 τόπῳ
1326 4822 1517 4891 ἐκείνῳ
1565 4819 1657 4872 ἐπὶ

67 4918 162 4984 τῆς
195 4915 312 4983 γῆς
326 4912 439 4964 τῶν
465 4913 746 4974 Φοινίκων,
776 4911 1117 4982 συνήχθησαν
1142 4910 1315 4982 πλήθη
1332 4910 1500 4963 πολλά
1524 4911 1659 4981 πρὸς

68 5005 405 5072 Ἐπιφάνιον
430 5042 445 5066 ,
480 5003 573 5055 καὶ
606 5001 945 5073 παρεκάλουν
979 5002 1165 5055 τοῦτον
1203 5002 1484 5071 λέγοντες·
1520 5003 1658 5073 Βοή-

69 5097 236 5167 θησον
264 5098 429 5167 ἡμῖν,
450 5094 655 5165 Πάτερ,
680 5094 828 5157 ὅπως
864 5093 937 5165 μὴ
966 5091 1314 5163 ἀπολώμεθα,
1349 5096 1442 5147 καὶ
1481 5112 1661 5165 παρα-

70 5187 307 5239 κάλεσον
329 5184 420 5237 τὸν
452 5184 605 5249 Θεὸν,
630 5185 780 5245 ὅπως
810 5182 971 5235 δώσει
999 5183 1151 5235 ὑετὸν
1179 5184 1270 5236 ἐπὶ
1295 5182 1392 5255 τὴν
1420 5185 1543 5254 γῆν,
1569 5184 1661 5236 καὶ

67 5282 292 5349 ποιήσει
330 5278 369 5345 ἡ
397 5277 470 5346 γῆ
500 5276 569 5328 τά
590 5275 820 5346 ἐκφόρια
843 5276 1032 5344 αὐτῆς.
1067 5272 1234 5330 Εἶπεν
1267 5274 1323 5328 δὲ
1347 5276 1661 5342 Ἐπιφάνιος

70 5371 205 5442 πρὸς
231 5371 374 5431 τοὺς
400 5366 719 5437 ἀνθρώπους
738 5383 751 5397 ⁶
787 5367 851 5419 Τί
875 5385 964 5438 μοι
997 5368 1199 5430 κόπους
1227 5367 1519 5438 παρέχετε;
1567 5368 1660 5421 ἄν-

68 5462 295 5531 θρωπος
321 5457 435 5529 γὰρ
462 5458 783 5529 ἁμαρτωλός
803 5460 939 5529 εἰμι.
962 5459 1073 5511 Καὶ
1094 5460 1252 5512 πλέον
1275 5478 1327 5513 τι
1356 5459 1516 5513 πάλιν
1566 5462 1661 5512 ἐπ-

69 5555 284 5607 εδέοντο
316 5551 667 5620 Ἐπιφανίου,
695 5554 842 5616 ὅπως
866 5552 1030 5618 αὐτὸς
1057 5552 1502 5625 προσεύξεταιτῷ
1551 5553 1663 5625 φιλ-

136 5643 158 5673 ⁶
199 5640 378 5703 Μίοιι.
416 5658 469 5698 vi
494 5681 509 5710 ,
546 5643 600 5696 5.

1754 4647 1809 4695 et
1827 4637 2064 4708 quietem
2093 4632 2386 4703 agebamus
2410 4628 2464 4682 in
2493 4620 3125 4693 monasterio.[ﬂospitis
3143 4627 3321 4672 autem

1755 4732 1934 4786 locum
1975 4724 2254 4781 obtinebat
2285 4715 2669 4791 Epiphanius.]

1825 4818 2016 4875 XXXI.
2081 4817 2217 4872 Cum
2271 4828 2399 4867 vero
2449 4812 2503 4864 in
2564 4808 2784 4878 regione
2816 4802 3134 4858 Phoenicum
3180 4808 3326 4854 esset

1758 4914 1928 4968 fames
1981 4913 2037 4965 in
2082 4909 2174 4963 illo
2204 4921 2369 4969 anno,
2419 4915 2612 4972 magna
2671 4898 2957 4957 multitudo
3002 4900 3325 4967 cpngrcgata

1758 5015 1840 5060 est
1865 5005 1930 5058 ad
1962 5000 2349 5072 Epiphanium,
2377 5010 2499 5066 quae
2527 5006 2651 5048 eum
2686 4988 2931 5060 rogabat,
2969 4984 3191 5038 dicens:
3224 4981 3327 5034 Fer

1759 5096 1917 5152 nobis
1982 5108 2160 5163 opem,
2196 5089 2374 5153 Pater,
2411 5101 2480 5141 ne
2524 5096 2851 5155 pereamus:
2904 5086 2957 5133 et
2998 5090 3125 5147 roga
3155 5074 3325 5127 Deum

1764 5197 1821 5241 ut
1846 5188 1935 5241 det
1964 5183 2119 5239 nobis
2152 5181 2395 5251 pluviam
2429 5192 2595 5247 super
2621 5183 2848 5237 terram,
2872 5180 2926 5225 et
2949 5180 3088 5223 terra
3116 5166 3326 5220 fructus

1760 5277 2042 5347 producat.
2102 5271 2248 5325 Dixit
2297 5278 2482 5324 autem
2546 5263 2860 5321 hominibus
2923 5258 3259 5328 Epiphanius
3306 5272 3321 5309 :

1761 5369 1898 5435 Quid
1927 5366 2081 5429 mihi,
2112 5364 2308 5434 inquit,
2339 5359 2607 5416 exhibetis
2635 5354 2980 5412 molestiam?
3006 5354 3136 5406 Sum
3178 5349 3323 5404 enim

1761 5466 1926 5518 homo
1962 5468 2231 5530 peccator.
2290 5455 2501 5509 Rursus
2565 5466 2690 5506 eum
2747 5447 3008 5517 rogabant
3064 5451 3124 5497 ut
3173 5442 3326 5496 beni-

1763 5568 1926 5618 gnum
1967 5559 2020 5607 et
2050 5550 2367 5606 clementem
2401 5544 2569 5600 Deum
2621 5550 2818 5598 oraret.
2866 5538 2911 5594 Is
2948 5546 3127 5593 autem
3181 5535 3323 5589 dixit
