3778 6320
449 248 523 305 ss
631 229 637 236 ’
1750 239 1812 295 s.
1853 235 2198 294 EPIPHANII
2247 232 2427 289 vna.
3693 212 3757 270 σι

449 364 530 419 eis
562 381 576 418 :
607 359 725 415 Dixi
750 359 861 431 jam
891 358 1045 413 vobis
1073 372 1159 413 me
1189 372 1312 413 esse
1346 364 1707 427 peccatorem.
1741 352 1813 409 lis
1853 353 2029 424 magis

2168 351 2423 422 νθρώπῳ.
2454 344 2622 403 Εἶπεν
2644 347 2700 400 δὲ
2731 345 3046 416 Ἑπιφάνιος
3093 340 3484 431 πρδςῌαὺτούς
3509 356 3555 431 '_
3584 332 3754 392 Εἶπον

449 453 790 525 rogantibus,
813 450 961 505 venit
998 451 1131 504 hora
1162 464 1306 502 nona
1338 448 1464 503 diei.
1500 446 1648 501 Dixit
1690 456 1871 500 autem
1908 445 2039 514 Epi-

452 546 685 615 phanius
728 542 983 613 praefecto
1017 560 1029 594 :
1082 540 1363 604 Permitte,
1402 548 1461 593 ut
1497 554 1683 593 mensa
1731 544 2039 607 apponatur

454 638 539 692 his
572 636 908 698 hominibus,
938 634 1355 700 comedantque,
1402 640 1458 685 et
1486 631 1694 694 bibant,
1742 638 1796 683 et
1850 629 2041 681 laeten-

453 736 563 792 tur,
614 740 667 781 et
727 738 917 780 rursus
967 725 1184 779 abeant.
1231 723 1609 792 Apposuitqne
1662 736 1939 785 mensam;
1989 726 2045 773 et

452 820 735 888 ingressus
774 826 859 872 est
906 817 959 872 in
992 832 1147 871 suam
1180 816 1394 870 cellam.
1448 814 1586 882 Ipsis
1628 822 1808 867 autem
1856 824 2041 866 come-

454 894 737 973 dentibus,
796 910 879 965 sol
927 924 1088 965 suum
1123 908 1404 962 emittebat
1450 906 1816 977 splendorem,
1874 914 1933 957 ut
1984 903 2040 956 in

454 1011 687 1065 aestate;
719 1009 773 1055 et
822 1009 1043 1070 repente
1069 998 1225 1055 facta:
1263 1009 1391 1054 sunt
1433 999 1689 1063 tenebrae,
1743 994 1959 1067 fulgura
1990 1002 2045 1047 ct

457 1092 722 1155 tonitrua,
766 1101 821 1145 et
854 1107 1086 1160 magnus
1118 1090 1293 1144 imber
1339 1090 1536 1145 cecidit
1579 1089 1631 1141 in
1667 1096 1890 1142 terram.
1926 1084 2045 1138 Pra:

455 1192 606 1239 metu
654 1197 783 1236 vero
812 1197 1006 1236 omnes
1041 1186 1401 1236 surrexerunt
1433 1195 1464 1233 a
1512 1193 1726 1233 mensa.
1772 1176 1893 1231 Non
1942 1175 2046 1229 ἷυῑι

460 1283 643 1328 autem
686 1274 841 1327 locus
871 1272 926 1327 in
955 1281 1068 1326 tota
1126 1270 1431 1337 thnicia,
1473 1269 1567 1340 qui
1617 1284 1726 1323 non
1776 1267 2047 1336 acceperit

458 1365 915 1420 benedictionem.
967 1362 1279 1432 Mansitque
1323 1360 1505 1433 pluvia
1556 1368 1669 1414 tres
1702 1358 1817 1412 dies
1862 1356 2040 1413 conti-

460 1475 619 1513 nuos.
646 1457 980 1513 Accedentes
1009 1464 1191 1510 autem
1224 1455 1324 1508 viri
1362 1453 1432 1508 ad
1471 1453 1695 1508 domum
1726 1447 2040 1519 Epiphanti,

460 1547 727 1616 rogabant
754 1561 901 1611 eum,
935 1553 996 1599 ut
1024 1545 1240 1599 sisteret
1266 1542 1527 1612 pluviam,
1561 1554 1683 1611 quae
1710 1538 1939 1594 cadebat
1977 1537 2046 1592 de

458 1638 618 1693 coelo.
668 1635 823 1691 Tunc
870 1636 1007 1689 dixit
1058 1636 1135 1689 eis
1184 1633 1563 1703 Epiphanius:
1607 1629 1748 1695 Quid
1806 1643 1895 1683 me
1923 1643 2045 1682 esse

2146 443 2275 511 ὑμῖν
2322 438 2445 510 ἤδη,
2473 439 2555 490 ὅτι
2580 433 2900 506 ἁμαρτωλός
2921 434 3057 503 ειμι.
3082 430 3205 484 Τῶν
3231 428 3290 480 δὲ
3314 426 3623 480 ἐπιπλεῖον
3656 440 3753 475 παρ

2145 531 2539 605 ρακαλούντων,
2568 527 2801 597 ἔφθασεν
2836 525 2956 596 ὥρα
2977 523 3143 592 ἐνάτη
3170 522 3267 592 τῆς
3287 519 3540 590 ἡμέρας.
3580 513 3752 570 Εἶπεν

2142 625 2199 676 δὲ
2230 623 2550 691 Ἐπιφάνιος
2582 619 2662 690 τῷ
2697 617 3016 689 ἡγουμένην
3069 612 3394 684 Ἐπίτρεψον
3431 612 3564 673 τοῖς
3604 608 3750 661 ἀδελ-

2144 719 2285 787 φοῖς,
2339 714 2750 786 παραθήσουσιν
2780 709 3062 781 τράπεζαν
3107 710 3221 770 τοῖς
3251 705 3583 776 ἀνθρώποις
3637 702 3753 754 τούς

2142 826 2276 872 τοις,
2306 808 2401 861 καὶ
2456 806 2739 875 φάγονται,
2772 803 2867 857 καὶ
2916 800 3294 873 εὑφρανθῶσιν
3320 841 3336 867 ,
3373 799 3472 851 καὶ⁴
3510 795 3752 849 ἀπελεύ-

2146 918 2329 954 σονται
2354 898 2449 969 τὴν
2476 897 2592 951 ὁδὸν
2615 895 2814 949 αὑτῶν.
2844 895 2955 950 Καὶ
2984 892 3305 965 παρέθηκαν
3323 890 3400 960 (a)
3424 885 3750 960 τράπεζαν,

2144 993 2238 1046 καὶ
2267 987 2514 1060 εἰσῆλθεν
2538 986 2858 1055 Ἐπιφάνιος
2880 987 2938 1037 ἐν
2966 986 3032 1054 τῇ
3051 983 3212 1053 κέλλῃ
3236 979 3422 1035 αὑτοῦ.
3450 976 3669 1033 Αὐτῶν
3698 976 3749 1029 δὲ

2144 1082 2462 1143 ἐσθιόντων,
2492 1075 2605 1150 ἧνὸ
2633 1078 2785 1148 ἣλιος
2814 1075 3146 1146 ἐπιπέμπων
3164 1073 3262 1136 τὰς
3289 1072 3523 1134 ἀκτῖνας
3560 1067 3746 1131 αὑτοῦ,

2145 1174 2335 1244 ὥσπερ
2367 1172 2427 1225 τὸ
2453 1171 2642 1243 Θέρος·
2675 1169 2770 1223 καὶ
2800 1167 3057 1236 ἐξαίφνης
3102 1166 3292 1228 σκότος
3347 1163 3605 1231 ἐγένετο,
3662 1162 3747 1213 καὶ

2145 1262 2445 1334 ἀστραπαὶ,
2469 1261 2564 1314 καὶ
2605 1259 2845 1331 βρονταὶ,
2872 1259 2967 1311 καὶ
2993 1257 3149 1320 ὑετὸς
3175 1255 3345 1326 μέγας
3381 1251 3640 1321 ἐπῆλθεν
3663 1252 3747 1301 ἐπὶ

2144 1356 2243 1426 τὴν
2268 1354 2394 1424 γῆν.
2430 1353 2567 1407 Ἀπὸ
2591 1353 2647 1405 δὲ
2682 1350 2846 1421 φόϐου
2901 1349 3204 1419 ἀνέστησαν
3255 1346 3455 1408 πάντες
3502 1343 3626 1396 ἀπὸ
3657 1342 3746 1411 τῆς

2143 1445 2440 1520 τραπέζης.
2478 1446 2597 1500 Οὑκ
2619 1437 2687 1516 ἦν
2716 1444 2773 1498 δὲ
2804 1444 2970 1506 τόπος
2996 1440 3091 1493 ἐπὶ
3143 1438 3326 1509 πάσης
3350 1438 3449 1507 τῆς
3474 1435 3744 1504 Φοινίκης

2144 1539 2254 1605 οἶος
2282 1540 2381 1594 οὑκ
2412 1537 2629 1602 ἐδέξατο
2656 1536 2756 1607 τὴν
2795 1533 3069 1603 εὑλογίαν.
3132 1532 3385 1601 Ἔμεινεν
3416 1529 3478 1582 δὲ
3530 1528 3564 1579 ὁ
3594 1525 3745 1587 ὑετὸς

2146 1633 2239 1685 ἐπὶ
2259 1630 2322 1684 τὸ
2350 1630 2482 1683 αὑτὸ
2515 1630 2664 1699 τρεῖς
2698 1625 2930 1697 ἡμέρας.
2955 1626 3065 1678 Καὶ
3098 1620 3489 1693 προσελθόντες
3538 1620 3596 1671 οἱ
3658 1619 3745 1671 άν-

459 1728 808 1794 existimatis,
843 1743 877 1781 ο
925 1728 1062 1781 lilii?
1103 1725 1239 1781 Nam
1307 1740 1409 1796 ego
1446 1737 1666 1794 quoque
1715 1723 1878 1776 homo
1927 1736 2047 1775 sum

2166 1727 2274 1796 ῑρες
2294 1722 2371 1794 τῷ
2403 1722 2666 1791 οἰκήματι
2713 1716 3036 1787 Ἐπιφανίου
3085 1713 3427 1786 παρεκάλουν
3456 1711 3741 1779 λέγοντες,

460 1818 605 1872 sicut
638 1834 749 1872 vos.
803 1817 918 1871 Scit
966 1826 1147 1870 autem
1188 1814 1521 1879 bcnefactor,
1575 1812 1835 1883 quidnam
1882 1810 2039 1865 nobis

462 1924 603 1977 opus
647 1909 741 1964 sit.
772 1907 1020 1963 Voltisne
1060 1921 1295 1967 vestram
1339 1908 1481 1961 viam
1515 1904 1738 1961 redire?
1792 1903 1877 1957 Illi
1909 1917 2039 1958 vero

462 1999 699 2054 dicunt:
745 1999 927 2067 Certe,
980 1998 1158 2054 Pater.
1194 1998 1271 2053 Eo
1311 2009 1493 2054 autem
1545 2013 1575 2053 e
1624 1998 1760 2053 cella
1795 2010 2041 2066 egresso,

463 2108 658 2147 omnes
687 2093 1003 2162 congregati
1052 2107 1177 2147 eum
1228 2093 1723 2147 circumsteterunt.
1762 2089 1906 2143 Dixit
1943 2104 2045 2141 au-

464 2192 573 2237 tem
605 2199 797 2237 rursus
819 2182 1072 2256 prgel'ecto
1102 2201 1115 2237 :
1158 2184 1479 2252 Apponatur
1504 2183 1585 2237 eis
1615 2198 1824 2237 mensa.
1882 2179 2049 2235 Cum-

464 2289 571 2343 que
605 2274 1003 2339 consedissent,
1038 2274 1107 2328 ab
1136 2273 1439 2345 Epiphanio
1478 2273 1732 2342 petebant
1788 2278 1846 2324 ut
1884 2270 2048 2324 bene-

462 2368 685 2421 diceret.
724 2367 861 2422 Cum
905 2376 1087 2423 autem
1124 2368 1353 2424 dixisset
1383 2368 1723 2438 Epiphanius
1758 2385 1772 2419 :
1818 2363 2045 2419 Benedi-

465 2468 587 2512 ctus
620 2457 796 2524 Deus,
846 2460 1029 2515 statim
1061 2475 1092 2513 a
1116 2468 1260 2514 terra
1309 2477 1557 2531 repressa
1585 2470 1669 2515 est
1714 2459 1917 2529 pluvia.
1952 2455 2043 2511 Vi-

465 2548 548 2600 dit
600 2563 728 2604 vero
775 2549 1109 2619 Epiphanius
1144 2562 1399 2621 magnam
1450 2552 1554 2605 sibi
1608 2551 1662 2605 in
1711 2550 1805 2603 illo
1850 2563 2042 2602 mona-

468 2639 635 2693 sterio
664 2640 781 2694 lieri
803 2641 1288 2710 perturbationem,
1315 2654 1371 2698 et
1398 2658 1592 2698 rursus
1621 2639 1871 2711 quaesivit
1894 2653 2043 2693 rece-

465 2726 616 2784 dere.

2146 1818 2357 1879 Ὅπως,
2386 1815 2572 1885 φασιν,
2600 1811 2689 1866 διὰ
2720 1810 2990 1882 στόματός
3016 1826 3110 1862 σου
3140 1812 3344 1879 στήσῃς
3369 1806 3463 1859 τὸν
3516 1806 3743 1875 οὐρανό-

2147 1908 2238 1962 θεν
2262 1906 2435 1961 ὑετόν.
2472 1901 2640 1959 Εἶπεν
2670 1904 2728 1957 δέ
2759 1902 3083 1972 Ἐπιφάνιος
3106 1900 3242 1973 πρὸς
3271 1898 3470 1962 αὑτούς
3497 1914 3511 1927 ·
3545 1898 3641 1961 Τί,
3663 1896 3741 1949 τὲ-

2148 2017 2273 2062 κνα,
2318 1998 2598 2068 λογίζεσθε
2631 2000 2716 2052 ἐπ’
2747 1998 2849 2068 ἐμὲ
2897 1996 3107 2061 ταῦτας
3160 1996 3445 2068 ἄνθρωπος
3478 1994 3601 2065 γάρ
3632 1994 3742 2062 εἰμι

2146 2088 2336 2159 ὥσπερ
2362 2089 2457 2143 καὶ
2486 2089 2658 2159 ὑμεῖς.
2696 2084 2852 2141 Οἶδεν
2875 2088 2932 2142 δὲ
2956 2089 3010 2142 τί
3040 2087 3313 2159 χρῄζομεν
3339 2089 3368 2140 ὁ
3413 2086 3737 2157 εὐεργέτης.

2149 2178 2213 2231 Ei
2253 2177 2507 2248 βούλεσθε
2532 2177 2863 2248 πορεύεσθαι
2890 2179 2990 2248 τὴν
3021 2178 3136 2231 ὁδὸν
3165 2178 3348 2247 ὑμῶν;
3381 2179 3442 2228 υἱ
3473 2175 3536 2228 δὲ
3572 2175 3707 2245 φασί
3726 2190 3739 2207 ι

2148 2270 2277 2334 Ναὶ,
2315 2272 2518 2342 Πάτερ.
2543 2272 2716 2335 Αὑτὸς
2747 2272 2803 2325 δὲ
2825 2272 3056 2339 ἐξελθὼν
3086 2274 3152 2325 ἐκ
3173 2272 3270 2326 τοῦ
3304 2272 3550 2335 κελλίου,
3579 2271 3743 2325 ᾶπαν-

2149 2377 2241 2424 τες
2275 2362 2641 2432 συνήχθησαν,
2665 2364 2761 2416 καὶ
2787 2362 3051 2417 ὲκύκλουν
3072 2364 3255 2417 αὑτόν.
3290 2360 3461 2418 Εἶπεν
3495 2364 3555 2416 δὲ
3586 2363 3741 2417 πάλιν

2148 2451 2465 2520 Ἐπιφάνιος
2492 2452 2571 2523 τῷ
2590 2453 2877 2525 ἡγουμένῳ
2900 2474 2914 2486 ο
2948 2454 3294 2525 Ἐπίτρεψον,
3324 2454 3739 2524 παραθήσουσιν

2146 2542 2425 2611 τράπεζαν
2458 2547 2570 2607 τοῖς
2618 2542 2930 2615 ἀνθρώποις
2952 2585 2967 2609 ,
3001 2545 3098 2598 καὶ
3142 2545 3426 2614 φάγονται,
3470 2545 3571 2597 καὶ
3606 2544 3738 2597 πίωο

2150 2652 2233 2687 σιν
2253 2675 2268 2700 ,
2301 2636 2395 2688 καὶ
2423 2635 2811 2691 ἀπελεύσονται
2841 2638 2939 2709 τὴν
2973 2636 3179 2690 ἑαυτῶν
3203 2637 3343 2691 ὁδόν.
3384 2637 3473 2701 Ὧς
3498 2636 3559 2690 δὲ
3582 2636 3739 2689 ἐκαθο

2147 2727 2384 2797 έσθησαν
2423 2728 2665 2793 ἅπαντες
2730 2730 2825 2782 ἐπὶ
2857 2729 3157 2801 τραπέζης,
3188 2730 3349 2801 ᾔτουν
3380 2731 3483 2784 τὸν
3509 2730 3739 2797 Ἐπιφάο

467 2838 575 2875 νιοκσ
609 2822 702 2876 τοῦ
751 2825 1061 2896 εὐλογῆσαι.
1103 2826 1160 2880 '0
1189 2826 1246 2879 δὲ
1284 2824 1600 2893 Ἑπιφάνιος
1644 2824 1720 2887 ὡς
1775 2819 1925 2876 εἶπεν
1961 2820 2040 2871 τό’
2087 2818 2393 2891 Εὐλογητὸς
2420 2820 2644 2891 Κύριος,
2708 2820 2911 2884 εὐθέως
2941 2822 2971 2873 ὁ
2999 2821 3153 2884 ὑετὸς
3205 2821 3441 2875 ἔστειλεν
3510 2821 3626 2874 ἀπὸ
3648 2823 3737 2882 τῆς

466 2916 592 2984 γῆς.
627 2912 779 2970 Εἷδεν
816 2917 871 2969 δὲ
900 2917 1217 2985 Ἐπιφάνιος
1255 2917 1415 2969 πάλιν
1456 2916 1555 2986 τὴν
1588 2915 1791 2985 πολλὴν
1857 2914 2074 2983 ὄχλησιν
2112 2909 2209 2981 τὴν
2268 2911 2559 2982 γινομένην
2580 2911 2729 2982 αὑτῷ
2762 2913 2821 2965 ὲν
2867 2910 2945 2983 τῷ
2980 2912 3348 2984 μοναστηρίῳ,
3410 2913 3509 2966 καὶ
3581 2913 3740 2966 πάλιν

466 3008 733 3078 ἐζήτησεν
766 3007 1217 3079 ὑπαναχωρῆσαι.

540 3097 755 3152 XXX”.
796 3097 933 3152 Cum
965 3108 1146 3152 autem
1183 3096 1479 3167 aliquando
1524 3096 1909 3152 convenissent
1930 3094 2031 3163 epi-

2219 3089 2344 3141 AB'.
2371 3088 2509 3141 Ποτὲ
2532 3087 2664 3157 γοῦν
2692 3090 2742 3141 oi.
2766 3088 3057 3141 ἐπίσκοποι
3084 3088 3348 3160 συλλογὴν
3379 3091 3737 3161 ποιησάμενοι

470 3188 621 3257 scapi
652 3202 749 3256 pro
800 3187 1039 3241 creando
1089 3187 1372 3256 episcopo,
1432 3186 1763 3241 mentionem
1800 3185 2047 3239 fecerunt

472 3279 783 3349 Epiphanii.
808 3277 957 3332 'Erat
1002 3277 1148 3332 enim
1180 3278 1400 3348 quidam
1438 3277 1743 3331 monachus
1767 3277 1821 3330 in
1868 3274 2047 3329 medio

470 3373 879 3441 episcoporum,
910 3372 994 3424 vir
1040 3371 1191 3439 pius,
1222 3378 1380 3425 aetate
1406 3370 1646 3441 juvenis,
1688 3368 1956 3439 perlectus
1990 3368 2044 3421 in

474 3463 833 3532 temperantia
882 3477 946 3516 ac
990 3461 1381 3527 moderatione,
1420 3462 1641 3516 nomine
1678 3461 1954 3531 Polybius.
2001 3460 2049 3514 ls

476 3560 703 3607 noverat
744 3551 1131 3620 Epiphanium.
1163 3549 1227 3604 Ei
1257 3560 1437 3606 autem
1463 3552 1718 3606 dixerunt
1767 3550 2005 3620 episcopi
2033 3568 2045 3603 :

474 3642 673 3710 Accipe
701 3655 927 3709 equum,
960 3650 1014 3694 et
1035 3640 1169 3694 vade
1196 3641 1250 3695 in
1283 3641 1697 3702 monasterium,
1723 3648 1778 3693 et
1810 3639 1931 3692 vide
1980 3654 2048 3691 an

477 3727 551 3780 sit
600 3727 713 3781 illic
762 3725 1123 3795 Epiphanius,
1173 3736 1228 3781 et
1283 3742 1509 3782 currens
1555 3728 1821 3780 annuntio
1872 3726 2047 3780 nobis.

477 3816 693 3871 Nemini
720 3832 849 3872 vero
874 3818 1098 3885 dixeris,
1124 3827 1178 3871 et
1208 3832 1308 3872 nec
1343 3819 1448 3887 ipsi
1480 3818 1698 3888 quidem
1727 3816 2047 3886 Epiphanio.

480 3910 618 3963 Cum
665 3920 847 3964 autem
910 3910 1166 3981 Polybius
1223 3911 1460 3966 venisset
1498 3912 1552 3965 in
1622 3912 2050 3977 monasterium,

480 4003 738 4058 salutavit
767 4001 1148 4072 Epiphanium.
1179 4004 1279 4058 Cui
1327 4002 1416 4058 ille
1449 4003 1585 4057 dixit
1612 4021 1624 4055 :
1675 4001 1808 4069 Cur,
1852 4002 1928 4057 ﬁli
1959 4003 2056 4057 Po-

482 4093 613 4165 lybi,
656 4094 761 4149 huc
796 4095 1027 4149 venisti?
1059 4095 1199 4150 Dicit
1232 4095 1489 4168 Polybius
1519 4116 1531 4151 :
1578 4096 1713 4167 Ego,
1744 4095 1924 4162 Pater,
1959 4110 2055 4151 vo—

482 4184 538 4239 lo
569 4201 897 4241 concurrere
935 4202 1060 4241 cum
1096 4189 1341 4241 veritate.
1372 4188 1511 4241 Dixit
1546 4187 1922 4257 Epiphanius:
1950 4188 2053 4242 Ac-

484 4275 730 4339 curristi,
764 4275 1077 4346 venistique
1128 4276 1257 4343 huc,
1302 4291 1334 4331 ο
1386 4276 1463 4330 ﬁli
1507 4276 1730 4347 Polybi,
1778 4276 1981 4332 missus
2025 4292 2056 4329 a

487 4368 693 4422 sanctis
714 4370 1084 4425 sacerdotibus
1112 4371 1177 4424 ad
1202 4371 1589 4440 speculandum
1612 4389 1627 4437 ;
1660 4371 1772 4424 noli
1797 4371 1993 4435 celare,
2022 4387 2055 4426 ο

486 4460 598 4524 lili,
624 4460 765 4513 mala
798 4475 886 4516 res
913 4471 998 4516 est
1040 4464 1410 4528 mendacium,
1448 4462 1538 4517 dic
1567 4463 1871 4518 veritatem.
1914 4463 2056 4520 Deus

484 4549 653 4604 estin
682 4550 896 4616 medio;
939 4561 1058 4607 esto
1103 4556 1308 4623 probus
1350 4555 1597 4610 minister
1629 4556 1894 4610 veritatis.
1930 4554 2059 4627 Epi-

486 4642 722 4708 phanius
753 4640 898 4695 enim
946 4643 1094 4697 vadit
1126 4644 1195 4699 de
1224 4645 1346 4699 loco
1392 4645 1459 4699 ad
1510 4645 1713 4707 locum,
1753 4661 1977 4716 gemens
2005 4655 2059 4702 et

489 4742 725 4788 tremens
772 4742 990 4803 propter
1020 4737 1187 4797 multa
1235 4752 1331 4794 sua
1368 4748 1604 4806 peccata.
1652 4737 1756 4794 Sed
1806 4741 2053 4809 agedum,

488 4823 698 4895 Polybi,
738 4841 897 4881 mane
950 4827 1057 4889 hic,
1112 4838 1165 4882 et
1214 4830 1429 4883 remitte
1477 4830 1809 4897 iumentum,
1852 4839 1906 4883 et
1937 4830 2056 4884 sine

490 4915 800 4969 sacerdotes
832 4931 1075 4984 quaerere
1101 4933 1198 4973 eos
1225 4918 1321 4987 qui
1341 4918 1491 4988 digni
1523 4919 1827 4974 suntlocis.
1871 4918 2060 4973 Paruit

492 5003 796 5074 Epiphanio
823 5002 1119 5077 Polybius;
1166 5017 1221 5061 et
1246 5023 1372 5061 cum
1399 5007 1579 5062 valere
1607 5007 1861 5076 jussisset
1890 5010 2060 5063 comi-

491 5107 625 5162 tem,
666 5099 876 5154 remisit
917 5114 1118 5168 equum
1158 5099 1224 5152 ad
1251 5099 1558 5168 episcopos.
1603 5099 1705 5165 Qui
1749 5110 1931 5154 autem
1970 5102 2066 5155 du-

492 5191 648 5246 cebat
675 5190 1058 5261 Epipltaniuin,
1090 5205 1215 5244 cum
1244 5189 1399 5243 duxit
1426 5191 1479 5244 in
1511 5194 1788 5261 regionem
1838 5193 2065 5263 Cyprio-

495 5298 639 5336 rum.
676 5281 768 5336 llla
815 5299 946 5351 ergo
979 5290 1138 5336 nocte
1173 5282 1383 5351 accepit
1444 5298 1530 5337 me
1578 5294 1632 5338 et
1663 5283 1974 5355 Polybium,
2015 5296 2068 5339 et

491 5374 699 5444 egressi
725 5389 918 5428 sumus
945 5372 1352 5442 proficiscentes
1381 5373 1775 5445 Hierosolyma.
1809 5377 2064 5431 Fuimus-

494 5480 603 5534 que
630 5464 739 5518 illic
769 5474 877 5517 tres
903 5463 1039 5516 dies.
1088 5460 1230 5515 Dixit
1262 5470 1443 5516 autem
1487 5464 1649 5521 nobis
1688 5464 2062 5536 Epiphanius:

568 5618 642 5681 (a)
685 5617 836 5686 Legit
871 5616 1135 5681 interpres
1178 5613 1503 5685 παρέθηκεν.

2151 3180 2280 3251 περὶ
2316 3179 2639 3246 ἐπισκόπου,
2690 3180 3039 3251 ἐμνήσθησαν
3088 3181 3216 3252 περὶ
3252 3182 3603 3250 Ἐπιφανίου.
3637 3180 3738 3236 Ἦν

2147 3272 2204 3324 δέ
2230 3288 2315 3335 τις
2352 3270 2582 3342 μοναχὸς
2611 3273 2669 3323 ἐν
2697 3271 2850 3342 μέσῳ
2869 3271 2976 3324 τῶν
3014 3272 3353 3337 ἐπισκόπων,
3399 3274 3543 3346 ἀνὴρ
3578 3275 3737 3329 εὑλα-

2149 3364 2271 3434 ὀὴς,
2297 3363 2416 3427 νέος
2444 3364 2728 3434 τυγχάνων
2757 3366 2824 3435 τῇ
2852 3363 3060 3435 ἡλικία,
3087 3364 3290 3427 τέλειος
3325 3363 3401 3419 ὢν
3427 3368 3489 3420 ἐν
3524 3383 3734 3438 σωφρο-

2152 3456 2304 3529 σύνῃ,
2334 3455 2594 3518 Πολύϐιος
2622 3455 2865 3525 ὀνόματι.
2890 3451 3059 3520 Οὗτος
3073 3456 3131 3509 δὲ
3145 3456 3262 3527 ᾔδει
3288 3457 3381 3510 τὸν
3395 3458 3732 3527 Ἐπιφάνιον.

2150 3545 2318 3603 Εἶπον
2337 3548 2394 3601 δὲ
2409 3547 2544 3619 πρὸς
2564 3546 2725 3601 αὑτὸν
2737 3548 2787 3599 οἱ
2815 3547 3104 3603 ἐπίσκοποι
3125 3566 3139 3580 ’
3158 3551 3302 3605 Λάϐε
3336 3551 3636 3623 ὑποζύγιον
3650 3554 3736 3618 ὀξὺ

2149 3642 2261 3702 τοῖς
2290 3641 2436 3703 ποσὶ,
2475 3640 2566 3692 καὶ⁸
2602 3638 2805 3692 ἄπελθε
2831 3642 2888 3692 ἐν
2931 3639 3010 3710 τῷ
3042 3642 3408 3713 μοναστηρίῳ,
3442 3644 3538 3697 καὶ
3562 3644 3662 3709 ῐδε,
3694 3646 3735 3697 εἰ

2154 3733 2269 3785 ἐκεῖ
2293 3733 2439 3782 ἐστιν
2462 3730 2807 3798 Ἐπιφάνιος,
2845 3732 2931 3786 καὶ
2968 3730 3191 3802 δραμὼν
3227 3733 3549 3802 άνάγγειλον
3574 3738 3733 3806 ἡμῖν·

2157 3822 2347 3892 μηδενὶ
2371 3821 2431 3874 δὲ
2454 3820 2612 3873 τοῦτο
2623 3822 2986 3894 ἀπαγγείλῃς,
3007 3822 3143 3893 μηδὲ
3166 3823 3313 3894 αὑτῷ
3323 3825 3401 3895 τῷ
3415 3826 3732 3896 Ἑπιφανίῳ.

2167 3913 2367 3968 Ἐλθὼν
2382 3909 2477 3967 οὖν
2491 3916 2520 3967 ὁ
2540 3912 2797 3977 Πολύϐιος
2814 3916 2871 3967 ἐν
2892 3912 2970 3984 τῷ
2988 3917 3349 3986 μοναστηρίῳ,
3365 3917 3640 3987 εἰσῆλθεν,
3655 3920 3734 3971 καὶ

2154 4005 2439 4075 ἠσπάσατο
2463 4005 2554 4058 τὸν
2585 4005 2917 4073 Ἐπιφάνιον.
2934 4003 3101 4059 Εἶπεν
3126 4006 3515 4077 δὲἘπιφάνιος
3536 4008 3617 4079 τῷ
3642 4012 3736 4063 Πο-

2154 4097 2339 4169 λυϐίῳ⁸
2363 4098 2449 4163 Τί,
2464 4098 2653 4152 τέκνον
2670 4097 2920 4164 Πολύδιε,
2946 4093 3110 4169 ἦλθες
3129 4099 3389 4166 ἑνταῦθας
3408 4100 3670 4166 Πολύὸιος
3683 4102 3732 4153 δὲ

2156 4186 2307 4245 εἶπεν
2344 4191 2679 4262 Ἐπιφανίῳ’
2704 4190 2849 4259 Ἐγὼ
2870 4190 3149 4261 βούλομαι,
3179 4193 3385 4263 Πάτερ,
3430 4196 3733 4266 συντρέχειν

2156 4287 2221 4355 τῇ
2242 4284 2488 4356 ἀληθείᾳ.
2518 4280 2689 4339 Εἶπεν
2708 4284 2765 4336 δὲ
2794 4284 3110 4351 Ἐπιφάνιος
3133 4283 3210 4355 τῷ
3227 4284 3474 4357 Πολυϐίῳ
3490 4304 3506 4317 °
3545 4287 3733 4359 Ἐδρα-

2162 4394 2280 4447 μες,
2310 4376 2585 4439 ἐϐάδισας,
2612 4374 2800 4427 τέκνον
2819 4372 3071 4437 Πολύὸιε,
3109 4374 3382 4444 πεμφθεὶς
3409 4377 3559 4447 παρὰ
3583 4380 3733 4432 ὁσίων

2162 4468 2372 4539 ἀνδρῶν
2404 4468 2498 4520 ἐπὶ
2530 4467 2960 4536 κατασκοπήσει.
3013 4466 3105 4537 Μὴ
3134 4467 3367 4538 κρύπτε,
3401 4470 3619 4525 τέκνον·
3647 4490 3731 4524 κα-

2127 4622 2136 4631 ,
2162 4563 2257 4615 κὸν
2286 4561 2348 4613 τὸ
2380 4558 2575 4629 ψεῦδος
2596 4573 2609 4586 ·
2650 4556 2775 4625 λέγε
2805 4556 2903 4627 τὴν
2946 4556 3200 4627 ἀλήθειαν
3224 4574 3237 4588 δ
3270 4560 3402 4624 Θεὸς
3440 4562 3500 4613 ἐν
3555 4562 3727 4633 μέσῳ.

2161 4656 2312 4723 γίνου
2338 4652 2559 4720 δόκιμος
2585 4650 2829 4712 διάκονος
2853 4649 2954 4719 τῆς
2979 4649 3257 4721 ἀληθείας.
3282 4653 3607 4721 Ἐπιφάνιος
3638 4655 3730 4723 γὰρ

2164 4745 2510 4817 περιέρχεται
2546 4742 2706 4796 τόπον
2732 4743 2797 4794 ἐκ
2817 4742 3006 4805 τόπου,
3034 4743 3234 4795 στένων
3267 4744 3360 4797 καὶ
3397 4746 3619 4816 τρέμων
3656 4745 3731 4796 διὰ

2161 4842 2259 4901 τὰς
2285 4834 2578 4907 ἁμαρτίας.
2608 4832 2769 4885 Ἀλλὰ
2782 4831 2943 4902 δεῦρο
2970 4832 3057 4904 δὴ,
3084 4834 3334 4899 Πολύὸιε,
3367 4836 3495 4906 μένε
3534 4837 3707 4891 ἐνθάδε

2158 4936 2254 4990 καὶ
2292 4901 2609 4985 ἀπόστειλον
2638 4925 2701 4978 τὸ
2734 4901 3034 4994 ὑποζύγιον
3063 4930 3176 4991 τοῖς
3220 4901 3460 4998 ἱερεῦσι,
3492 4930 3586 4982 καὶ
3611 4901 3728 4997 ἄφες

2157 5029 2285 5089 τοὺς
2317 5026 2481 5095 ἱερεῖς
2519 5021 2703 5091 ζητεῖν
2730 5019 2859 5080 τοὺς
2895 5018 3078 5081 ἀξίους
3115 5018 3223 5072 τῶν
3250 5020 3451 5074 τόπων.
3481 5021 3660 5074 Ταῦτα

2162 5115 2330 5170 εἰπὼν
2355 5108 2676 5178 Ἐπιφάνιος
2700 5106 2779 5177 τῷ
2808 5105 3076 5176 Πολυϐίῳ,
3105 5106 3309 5169 εὐθέως
3334 5107 3552 5173 ἐδέξατο
3579 5109 3607 5158 ὁ
3635 5106 3725 5159 [ιο-

2164 5206 2348 5267 λύϐιος
2370 5203 2461 5255 τὸν
2507 5201 2665 5267 λόγον
2688 5196 3011 5266 Ἑπιφανίου
3039 5215 3053 5226 ·
3094 5197 3189 5249 καὶ
3235 5197 3298 5268 δὴ
3343 5198 3723 5268 συνταξάμενος

2170 5297 2247 5367 τῷ
2279 5291 2576 5361 ἀκολούθῳ,
2612 5288 2927 5343 ἀπέστειλεν
2952 5288 3013 5340 τὸ
3046 5287 3338 5356 ὑποζύγιον
3386 5292 3500 5351 τοῖς
3527 5288 3723 5340 ἐπισκὸε

2173 5403 2325 5451 ποις·
2365 5386 2458 5439 καὶ
2483 5386 2512 5436 ὁ
2546 5383 2695 5450 ἄγων
2726 5377 2861 5449 ἦγεν
2886 5380 2977 5433 τὸν
3014 5381 3334 5449 Ἑπιφάνιον
3379 5381 3475 5434 ἐπὶ⁸
3501 5382 3597 5451 τῆς
3626 5383 3721 5433 Κυ-

2174 5480 2367 5552 πρίων.
2403 5478 2483 5549 Τῇ
2510 5471 2604 5529 οὖν
2639 5472 2795 5529 νυκτὶ
2823 5472 3005 5543 ἐκείνῃ
3035 5471 3214 5529 λαϐὼν
3246 5472 3346 5543 ἐμὲ
3398 5472 3495 5526 καὶ
3515 5472 3603 5526 τὸν
3636 5472 3724 5524 Πο-
