3800 6180
118 260 171 313 65
1331 241 1387 298 S.
1429 241 1612 298 EPIPE

1716 241 1769 297 ιιι
1806 243 1996 299 vna.
3235 240 3306 297 66

117 372 279 431 λύΰιον,
310 362 581 435 ἐξήλθομεν
611 362 675 414 ἐκ
711 360 806 413 τοῦ
861 352 1249 431 μοναστηρίου,
1282 364 1375 415 κα)⁸
1397 362 1612 432 ἐπορεύ-

1731 362 1974 432 Agedum
1993 403 2008 428 ,
2040 361 2137 415 lilii
2157 402 2173 427 ,
2211 375 2400 416 eamus
2429 368 2482 415 et
2511 360 2843 431 accipiamus
2871 360 3304 417 benedictionem

117 465 252 533 θημεν
296 459 347 509 ἐν
382 452 761 523 Ἱεροσολύμοις
788 452 880 504 τοῦ
926 452 1301 523 προσκυνῆσαι
1347 453 1445 524 τὴν
1480 453 1625 525 ζωὴν

117 551 237 623 ἡμῶν
258 547 337 601 τὸν
360 542 530 614 τίμιον
553 541 785 612 σταυρόν
803 558 816 572 ο
866 541 961 595 καὶ
994 540 1329 604 εἰσελθόντες
1362 543 1627 611 ἐποιήσα-

117 660 193 713 μεν
223 639 343 707 ἐντῇ
366 636 507 688 πόλει
536 636 682 703 τρεῖς
722 633 951 704 ἡμέρας.
1006 628 1176 687 Εἶπεν
1218 632 1274 685 δὲ
1313 632 1631 702 Ἐπιφάνιος

1722 469 1753 508 a
1780 452 1942 509 Patre
1975 465 2163 507 nostro
2201 469 2399 524 magno
2440 452 2732 509 Hilarione.
2760 453 2939 508 Audio
2982 454 3126 508 enim
3177 468 3305 509 cum

1726 561 1849 601 esse
1883 546 1937 599 in
1967 546 2165 617 Cypro.
2200 544 2305 612 Qui
2341 554 2524 600 autem
2562 546 2815 611 ducebat,
2849 545 3006 601 duxit
3047 546 3141 601 illo
3179 542 3308 615 Epi-

1730 636 2012 705 phanium.

114 733 219 803 πρὸς
243 729 329 800 ἐμέ
353 744 407 780 τε
440 725 641 779 καὶτὸν
667 725 956 777 Πολύϐιονο
996 718 1159 777 Δεῦτε
1198 722 1263 797 δὴ
1300 724 1394 775 καὶ
1447 725 1820 797 πρευθῶμεν,
1850 729 1996 790 ὅπως
2023 726 2127 780 ὑπὸ
2152 725 2246 780 τοῦ
2300 726 2514 798 Πατρδς
2544 726 2701 799 ήμῶν
2754 726 3155 799 εὐλογηθῶμεν,
3209 727 3305 783 τοῦ

115 821 300 895 μεγάλου
334 817 654 889 Ἱλαρίωνοςο
693 817 905 887 ἀκήκοα
928 816 1036 889 γάρ
1068 815 1206 869 εῖναι
1232 816 1393 870 αὑτὸν
1423 816 1480 868 ἐν
1508 820 1618 881 τοῖς
1658 819 1940 891 Κυπρίων.
1980 820 2090 873 Καὶ
2115 822 2142 873 ὁ
2171 820 2319 889 ἀγων
2356 816 2489 892 ἦγεν
2514 820 2603 874 τὸν
2626 822 2965 891 Ἐπιφάνιον.

104 942 107 943 ν
164 915 261 967 AI".
294 907 663 966 Κατελθόντων
695 908 753 961 δὲ
788 909 945 979 ήμῶν
991 910 1050 964 ἐν
1084 912 1424 983 Καισαρείᾳ,
1459 911 1611 983 ηῦρο-

113 1026 186 1078 μεν
205 1008 304 1058 ἐκεῖ
330 1003 500 1057 πλοῖον
525 1001 767 1073 Κύπριον
792 1000 991 1054 ἔσωθεν
1017 1002 1119 1072 τῆς
1160 1002 1366 1067 πόλεως
1395 1004 1581 1071 Πάφου
1602 1017 1619 1033 ’

110 1101 179 1151 καὶ
221 1094 551 1167 ἐπηρώτησεν
606 1094 922 1163 Ἐπιφάνιος
988 1094 1079 1146 τὸν
1151 1094 1470 1165 κυριεύοντα
1502 1094 1619 1148 ετοῦ

107 1189 254 1241 πλοίου
280 1185 395 1257 περὶ
417 1185 510 1238 τοῦ
543 1184 777 1256 μεγάλου
816 1184 1118 1254 ἰλαρίωνος
1143 1186 1205 1238 τὸ
1232 1185 1332 1239 ποῦ
1356 1187 1617 1240 κατοικεῖ·

107 1282 179 1335 καὶ
203 1278 337 1342 αὐτὸς
364 1278 710 1348 ἀπήγγειλεν,
746 1277 828 1330 ὅτι
875 1277 933 1329 ἐν
979 1276 1267 1347 περιοικίδι
1303 1277 1402 1347 τῆς
1431 1278 1617 1346 Πάφου

104 1376 147 1424 ἐν
175 1370 405 1441 σπηλαίῳ,
432 1369 524 1423 καὶ
552 1370 633 1422 ὅτι
656 1370 772 1421 ἐκεῖ
794 1368 948 1438 ζητεῖ
970 1369 1029 1422 ἐν
1060 1370 1126 1439 τῇ
1156 1368 1327 1439 Πάφῳ
1352 1368 1414 1421 τὸ
1440 1368 1622 1423 πλοῖον

104 1462 243 1532 ἡμῶν.
269 1462 339 1531 Τῇ
364 1455 450 1513 οὖν
485 1461 640 1514 νυκτὶ
660 1460 846 1532 ἐκείνῃ
875 1458 1191 1530 ἀπήλθομεν
1230 1461 1288 1512 ἐν
1321 1460 1395 1530 τῷ
1426 1459 1618 1531 πλοίῳ,

103 1552 172 1604 καὶ
194 1548 581 1620 ἀπεπλεύσαμεν
609 1550 666 1601 ἐν
694 1550 897 1619 Πάφῳ·
944 1549 1039 1602 καὶ
1079 1548 1143 1621 δὴ
1168 1546 1475 1614 ἐξελθόντες
1512 1550 1620 1604 ἀπὸ

1798 912 2036 966 XXXIII.
2097 911 2232 967 Cum
2281 926 2411 966 vero
2458 913 2804 966 venissemus
2846 911 3172 975 Caesaream,
3223 910 3309 964 in‘

1726 1005 1980 1059 venimus
2010 1004 2119 1059 illic
2154 1019 2344 1059 navem
2380 1003 2633 1075 Cypriam
2670 1020 2737 1059 ex
2792 1003 3037 1058 interiori
3081 1003 3317 1073 regione

1724 1094 1930 1166 Paphi;
1965 1105 2017 1152 et
2048 1098 2262 1167 rogavit
2305 1095 2640 1166 Epiphanius
2691 1096 3028 1150 navarchum
3076 1096 3145 1150 de
3190 1110 3307 1149 ma-

1725 1204 1830 1258 gno
1874 1185 2171 1254 Hilarione,
2222 1186 2315 1242 ubi
2349 1188 2653 1253 habitaret;
2719 1187 3109 1257 responditque
3150 1185 3304 1242 illum

1726 1279 1781 1332 in
1810 1278 1989 1332 vicina
2018 1276 2208 1348 Papho
2250 1278 2471 1347 regione
2514 1278 2567 1332 in
2606 1278 2863 1347 spelunca
2898 1277 3094 1347 degere
3115 1316 3129 1343 ,
3160 1285 3215 1331 et
3246 1277 3303 1331 in

1724 1367 1935 1433 eadem,
1988 1367 2184 1437 inquit,
2237 1366 2407 1438 Paphi
2450 1368 2672 1439 regione
2717 1368 2993 1438 navigium
3051 1376 3302 1422 nostrum

1726 1457 1937 1528 quaerit.
1981 1456 2149 1513 Nocte
2180 1458 2346 1529 igitur
2388 1458 2476 1512 illa
2509 1474 2647 1515 nave
2694 1458 2796 1513 ista
2839 1473 3157 1523 conscensa,
3196 1456 3304 1512 Pa-

1725 1551 1894 1622 phum
1938 1552 2337 1622 navigavimus.
2392 1550 2459 1607 Et
2503 1552 2833 1607 excensione
2881 1550 3023 1606 facta
3078 1550 3305 1605 interro-

101 1642 171 1695 τοῦ
197 1642 353 1695 πλοίου
381 1641 806 1712 διερωτήσαντες
839 1641 1260 1711 κατηντήσαμεν
1301 1643 1381 1705 είς
1399 1641 1492 1695 τὸν
1531 1642 1612 1714 μέι

1735 1655 1925 1715 gantes
1975 1646 2323 1717 pervenimus
2358 1646 2423 1700 ad
2473 1662 2730 1716 magnum
2764 1644 3121 1700 Hilarionem.
3176 1644 3302 1700 Fuit

101 1750 179 1800 γαν
208 1730 481 1803 Ἰλαρίωνα.
520 1730 632 1784 Kal
657 1731 1005 1784 εἰσελθόντων
1038 1731 1193 1802 ήμῶν
1222 1732 1438 1800 ἐγένετο
1476 1732 1621 1805 χαρά

103 1824 270 1895 μεγάλη
298 1824 383 1876 ἐπὶ
412 1826 477 1895 τῇ
512 1823 793 1895 συντυχίᾳ,
825 1824 920 1876 καὶ
942 1822 1240 1894 ἐμείναμεν
1272 1825 1330 1877 ἐν
1358 1822 1436 1894 τῷ
1469 1824 1620 1895 τόπῳ

97 1918 251 1987 ἐκείνῳ
278 1914 360 1969 δύο
386 1916 585 1986 μῆνας.
634 1911 796 1986 Εἷχεν
837 1916 894 1968 δὲ
943 1916 1108 1969 πολὺν
1161 1914 1329 1969 κόπον
1376 1915 1619 1987 Ἰλαρίων

96 2007 178 2062 ἀπὸ
198 2007 289 2060 τῶν
314 2008 760 2078 παραγινομένων
790 2007 924 2080 πρὸς
962 2007 1143 2064 αὐτόν.
1199 2007 1287 2070 Ὠς
1317 2006 1373 2060 δὲ
1405 2006 1620 2078 ἔκρινεν

96 2099 361 2167 Ἐπιφάνιος
404 2096 496 2151 τοῦ
532 2097 767 2166 ἐξελθεῖν
801 2099 948 2170 ἡμᾶς
971 2098 1078 2152 ἀπὸ
1103 2098 1201 2169 τῆς
1226 2097 1438 2167 Πάφου,
1465 2094 1620 2154 εἶπεν

102 2191 297 2260 Ἱλαρίων
316 2190 388 2261 τῷ
414 2190 728 2261 Ἐπιφανίῳ
747 2207 761 2221 ⁸
790 2190 901 2244 Ποῦ
921 2189 1146 2261 πορεύῃ,
1180 2189 1406 2255 τέκνον;
1446 2187 1619 2245 Εἶπεν

94 2285 135 2336 δὲ
162 2285 444 2353 Ἐπιφάνιος
478 2284 617 2355 πρὸς
656 2284 938 2356 Ίλαρίωνα
963 2302 977 2316 ο
1015 2282 1111 2346 Είς
1169 2282 1503 2349 Ἀσκαλῶνα,
1537 2286 1619 2349 είς

93 2377 249 2439 Γάζαν,
270 2378 357 2429 καὶ
384 2376 642 2430 ἐπέκεινα
672 2377 763 2430 ἐπὶ
796 2376 893 2447 τὴν
924 2379 1047 2448 γῆν.
1084 2371 1253 2430 Εἶπεν
1279 2375 1335 2428 δὲ
1373 2375 1617 2447 Ἱλαρίων

92 2469 545 2539 πρὸςῈπιφάνιονο
584 2467 823 2539 Πορεύου
858 2468 950 2521 ἐπὶ
998 2466 1096 2538 τὴν
1145 2466 1491 2539 Σαλαμήνην,
1525 2467 1616 2520 τέ-

90 2578 202 2623 κνον,
242 2560 325 2613 καὶ
364 2562 618 2632 εὑρήσεις
647 2560 810 2613 τόπον
860 2559 955 2612 τοῦ
1014 2559 1232 2629 οἰκῆσαι
1281 2560 1416 2613 ἐκεῖ.
1453 2560 1511 2612 Ὀ
1558 2560 1615 2613 δὲ

90 2653 354 2721 Ἐπιφάνιος
397 2654 497 2706 οὐκ
565 2652 815 2705 ἐϐούλετο
866 2650 961 2705 τοῦ
1020 2651 1253 2705 ἀκοῦσαι
1302 2651 1411 2704 τῶν
1442 2649 1614 2720 λόγων

97 2747 367 2815 Ήαρίωνος.
400 2745 572 2799 Πάλιν
605 2741 700 2799 οῦν
728 2740 881 2797 εἶπεν
925 2743 1169 2815 ἰλαρίων
1199 2741 1335 2814 πρὸς
1375 2743 1611 2811 Ἐπιφά-

88 2852 203 2887 war
233 2831 389 2890 Εἷπόν
419 2854 522 2903 σοι,
548 2837 754 2900 τέκνον,
782 2836 863 2888 ὅτι
890 2835 1007 2887 ἐκεῖ
1042 2850 1103 2887 σε
1135 2834 1215 2887 δεῖ
1239 2832 1492 2887 ἀπελθεῖν
1519 2832 1614 2887 καὶ

85 2930 175 2980 ἐκεῖ
194 2927 517 2998 κατοικῆσαι.
552 2928 643 2999 Μὴ
672 2923 765 2981 οῦν
798 2927 887 2997 ἔχε
940 2925 1274 3004 φιλονεικίαν
1318 2925 1455 2997 πρὸς
1486 2925 1613 2989 τοὺς

82 3023 235 3091 λόγους
256 3025 421 3094 ήμῶν,
458 3026 673 3097 μήποτε
712 3024 806 3077 καὶ
838 3023 1087 3078 κινδύνου
1138 3021 1461 3076 θαλαττικοῦ
1519 3039 1615 3093 με-

80 3116 291 3186 ταλάὸῃς.
323 3116 729 3187 Ἀσπασάμενοι
760 3112 873 3179 οὖν,
895 3118 991 3170 καὶ
1019 3115 1369 3179 κατελθόντες
1397 3114 1489 3168 ἐπὶ
1513 3114 1613 3185 τῆς

82 3208 326 3278 θαλάσσης,
374 3209 615 3281 εὕρομεν
643 3208 735 3263 δύο
766 3209 956 3261 πλοῖα*
1008 3208 1070 3261 τὸ
1124 3206 1183 3260 ἒν
1227 3206 1500 3278 διαπερῶν
1533 3208 1613 3269 είς

80 3298 365 3365 Ἀσκαλῶνα,
408 3300 507 3354 καὶ
556 3301 619 3354 τὸ
648 3299 776 3353 ἀλλο
824 3298 1076 3352 διαπλέον
1127 3300 1207 3362 είς
1262 3298 1608 3369 Σαλαμήνην.

79 3391 382 3445 Ἀνελθόντων
404 3392 463 3444 δὲ
480 3392 644 3464 ἡμῶν
670 3393 728 3445 ἐν
746 3390 823 3462 τῷ
848 3391 1020 3462 πλοίῳ
1050 3389 1142 3444 τοῦ
1171 3389 1263 3443 ἐπλ⁸
1296 3389 1612 3443 Ἀσκαλῶνα

76 3484 251 3553 ἔχοντος
272 3485 589 3550 ἀποπλέειν,
625 3484 839 3553 ἐγένετο
871 3482 1068 3553 λαίλαψ
1098 3483 1271 3554 μέγας
1304 3483 1363 3535 ἐν
1392 3483 1460 3553 τῇ
1513 3481 1609 3535 θα-

75 3576 234 3649 λαστ-η,
266 3579 355 3631 καὶ
386 3578 447 3632 τὸ
476 3578 665 3632 πλοῖον
703 3576 1039 3631 ἐκινδύνευεν
1089 3575 1183 3630 τοῦ
1233 3575 1605 3646 συντριῦἧναι.

76 3666 398 3740 Ἐποιήσαμεν
425 3670 483 3723 δὲ
510 3672 661 3741 τρεῖς
683 3669 896 3741 ἡμέρας
930 3669 989 3723 ἐν
1017 3666 1083 3739 τῇ
1119 3668 1365 3740 θαλάσσῃ
1384 3706 1399 3732 ,
1442 3668 1609 3720 ἀπευ-

73 3758 356 3829 δοκήσαντες
378 3761 592 3815 ἑαυτῶν
613 3778 626 3791 ·
670 3760 763 3814 καὶ
789 3762 857 3831 τῇ
886 3760 1124 3831 τετάρτῃ
1168 3759 1352 3830 ἡμέρᾳ
1386 3757 1609 3823 ἐδίωξαν

74 3850 121 3903 τὸ
150 3853 313 3907 πλοῖον
335 3856 413 3918 είς
439 3855 513 3908 τὰ
546 3853 917 3925 ἐπιφερόμενα
936 3851 1156 3923 κύματα
1177 3868 1191 3882 ·
1222 3852 1317 3904 καὶ
1346 3849 1610 3921 προσεπέ-

74 3939 206 3993 λασαν
228 3943 364 4012 ἡμᾶς
390 3944 485 3997 ἐπὶ
509 3942 611 4015 τὴν
641 3941 1006 4014 Σαλαμηνέων
1034 3941 1210 3995 πόλιν.
1236 3940 1347 3993 Kal
1374 3941 1438 4011 δὴ
1460 3940 1607 4005 ἐξελο

72 4030 223 4097 θέντες
252 4034 357 4087 ἀπὸ
374 4034 469 4088 τοῦ
505 4034 696 4087 πλοίου
726 4033 934 4088 ἔκειντο
965 4034 1205 4097 ἅπαντες
1231 4033 1327 4085 ἐπὶ
1373 4030 1471 4103 τὴν
1502 4030 1606 4101 γῆν

71 4125 219 4193 νεκροὶ
251 4125 351 4179 ἀπὸ
380 4127 481 4197 τῆς
526 4125 727 4196 πολλῆς
777 4126 1007 4195 θλίψεως
1064 4126 1157 4178 καὶ
1208 4124 1306 4193 τῆς
1367 4122 1601 4185 ἀσιτίας·

71 4214 346 4286 Ἐπέμεινεν
377 4218 434 4271 δὲ
472 4217 538 4271 τὸ
571 4218 754 4271 πλοῖον
812 4218 903 4272 ἐπὶ
942 4218 1019 4289 τῷ
1071 4217 1225 4287 τόπῳ
1290 4213 1609 4285 ἐπιμελείας

1726 1750 1905 1793 autem
1941 1752 2135 1808 magna
2179 1738 2232 1792 in
2262 1752 2559 1808 congressu
2591 1738 2802 1802 laetitia,
2851 1746 2905 1792 et
2952 1737 3062 1792 illic
3090 1737 3300 1792 mansi-

1721 1844 1845 1884 mus
1900 1828 2039 1884 duos
2085 1828 2223 1884 dies.
2272 1825 2465 1897 Magna
2514 1842 2645 1883 vero
2697 1843 2892 1883 rursus
2941 1834 3024 1883 est
3058 1828 3331 1884 exhibita.

1722 1918 1987 1976 Hilarioni
2022 1920 2271 1976 molestia
2295 1920 2453 1975 abiis
2501 1920 2593 1988 qui
2637 1920 2703 1975 ad
2739 1920 2917 1990 ipsum
2946 1921 3298 1977 accedebant.

1721 2011 1860 2068 Cum
1917 2021 2097 2067 autem
2150 2010 2337 2082 Papho
2387 2012 2568 2083 egredi
2615 2012 2898 2067 statuisset
2937 2012 3298 2083 Epiphanius,

1720 2104 1858 2159 dixit
1893 2102 2137 2159 Hilarion
2187 2103 2537 2174 Epiphanio:
2583 2103 2703 2171 Quo
2748 2104 2925 2170 vadis,
2982 2104 3102 2158 illi?
3150 2104 3301 2159 Dixit

1720 2195 2057 2267 Epiphanius
2090 2214 2103 2250 :
2145 2195 2494 2260 Ascalonem,
2530 2194 2758 2259 Gazam,
2794 2206 2849 2249 et
2879 2194 3111 2249 ulterius
3132 2196 3299 2250 etiam

1720 2289 1775 2343 in
1813 2288 2184 2343 solitudinem.
2242 2287 2388 2341 Dixit
2438 2287 2487 2341 ei
2532 2286 2774 2341 Hilarion
2810 2305 2823 2341 :
2867 2287 3015 2343 Vade
3065 2287 3294 2343 Salami-

1720 2394 1868 2441 nam,
1898 2391 1932 2432 ο
1959 2377 2033 2431 [ili
2057 2418 2072 2442 ,
2107 2386 2162 2432 et
2191 2377 2303 2433 illic
2335 2377 2580 2432 invenies
2598 2377 2777 2432 locum
2819 2378 2886 2432 ad
2917 2378 3295 2433 habitandum.

1718 2469 2055 2540 Epiphanius
2096 2481 2275 2525 autem
2306 2470 2525 2525 nolebat
2563 2471 2751 2526 audire
2776 2471 2940 2525 verba
2972 2470 3295 2529 Hilarionis.

1720 2559 1931 2617 Rursus
1978 2577 2109 2633 ergo
2153 2562 2290 2616 dixit
2332 2558 2577 2616 Hilarion
2612 2580 2625 2615 :
2656 2560 2878 2632 Oportet
2904 2571 2955 2617 te
3001 2577 3068 2618 eo
3110 2564 3210 2626 ire,
3241 2572 3299 2619 et

1718 2654 1828 2708 illic
1850 2654 2109 2709 habitare.
2142 2651 2263 2708 Noli
2302 2668 2430 2723 ergo
2474 2654 2735 2709 adversus
2770 2655 2934 2708 verba
2984 2668 3103 2708 mea
3149 2670 3289 2709 con.-

1718 2746 1961 2813 tendere,
1985 2761 2052 2800 ne
2082 2744 2219 2800 forte
2250 2744 2305 2799 in
2336 2744 2472 2799 mari
2507 2744 2696 2799 venias
2726 2744 2780 2797 in
2822 2743 3147 2813 periculum.
3185 2744 3297 2799 Va-

1718 2838 1828 2895 lere
1876 2841 2061 2910 itaque
2086 2838 2242 2909 jusso
2274 2835 2577 2902 Hilarione,
2612 2850 2738 2890 cum
2781 2835 2847 2889 ad
2878 2848 3028 2889 mare
3061 2835 3293 2890 descen-

1718 2928 2009 2995 dissemns,
2033 2928 2341 2983 invenimus
2362 2926 2497 2981 duas
2525 2941 2689 2981 naves
2714 2943 2727 2980 :
2753 2941 2940 2993 unam,
2970 2940 3092 2994 quae
3118 2934 3299 2981 trans.-

1716 3021 1964 3076 mittebat
1991 3021 2351 3088 Ascalonem;
2384 3019 2611 3073 alteram
2647 3031 2798 3084 vero,
2843 3032 2965 3087 quae
3005 3018 3296 3088 navigabat

1717 3113 2068 3169 Salaminam.
2132 3112 2266 3167 Cum
2331 3119 2514 3166 autem
2594 3109 3037 3165 ascendissemus
3084 3124 3279 3163 navem

1715 3221 1836 3277 qua:
1880 3214 2002 3259 erat
2046 3205 2188 3257 itura
2239 3204 2599 3264 Ascalonem,
2654 3201 2756 3256 fuit
2803 3201 2861 3256 in
2909 3198 3049 3255 mari
3095 3215 3295 3269 magna

1712 3299 2026 3360 tempestas.
2055 3289 2290 3359 Fuitque
2316 3290 2471 3345 navis
2517 3289 2571 3343 in
2602 3288 2846 3359 periculo
2913 3305 2982 3344 ne
3012 3290 3292 3360 frangere-

1713 3390 1803 3437 tur
1848 3397 1878 3436 a
1909 3381 1962 3435 vi
2009 3381 2302 3436 undarum.
2343 3378 2681 3449 Fuimusque
2730 3378 2785 3434 in
2832 3382 2971 3435 mari
3016 3389 3128 3436 tres
3170 3381 3296 3438 dies

1710 3474 1893 3529 animo
1917 3473 2071 3528 valde
2097 3471 2280 3528 anxio.
2310 3471 2516 3539 Quarto
2537 3480 2718 3526 autem
2751 3471 2839 3526 die
2875 3472 3155 3541 superavit
3184 3487 3286 3527 na-

1709 3565 1791 3620 vis
1816 3563 2012 3620 ﬂuctus
2064 3564 2155 3634 qui
2188 3563 2531 3635 ingruebant,
2570 3571 2624 3617 et
2650 3562 2703 3616 in
2735 3560 3155 3616 Salaminiorum
3186 3570 3289 3617 nos

1708 3656 1817 3727 egit
1845 3655 2141 3711 civitatem.
2178 3653 2325 3710 Nave
2351 3669 2482 3710 vero
2514 3653 2720 3725 egressi
2764 3668 2975 3719 omnes,
3007 3652 3159 3707 humi
3196 3653 3289 3722 ja-

1708 3749 1902 3803 cebant
1940 3749 2142 3803 mortui
2171 3748 2242 3803 ob
2271 3749 2380 3801 vim
2425 3746 2713 3810 ﬂuctuum,
2744 3737 3112 3816 magnamque
3147 3746 3286 3800 alili-

1706 3841 1943 3895 ctionem
1982 3848 2036 3894 et
2075 3839 2331 3895 inediam.
2380 3838 2579 3893 Mansit
2606 3848 2783 3893 autem
2818 3838 2872 3892 in
2919 3852 2984 3892 eo
3028 3837 3148 3892 loco
3180 3852 3286 3891 na-

1705 3932 1812 3993 vis,
1855 3937 1916 3985 ut
1954 3929 2284 3985 reficeretur.
2320 3927 2451 3983 Erat
2478 3928 2623 3983 enim
2666 3943 2692 3981 a
2736 3926 2791 3980 vi
2840 3926 3106 3980 undarum
3152 3941 3288 3980 con-

1707 4022 1881 4076 vulsa.
1927 4019 2178 4090 Cumque
2209 4030 2319 4076 tres
2341 4020 2457 4075 dies
2487 4019 2596 4073 illic
2630 4009 2948 4084 fuissemus,
2980 4015 3073 4071 Dei
3111 4018 3285 4087 gratia

1711 4113 1763 4169 in
1813 4114 2103 4184 pristinum
2153 4128 2346 4169 sumus
2377 4122 2576 4168 statum
2635 4112 2897 4166 restituti.
2960 4108 3287 4181 Rursusque

1714 4210 1931 4264 volebat
1957 4206 2295 4278 Epiphanius
2326 4223 2391 4262 ex
2422 4220 2488 4261 eo
2514 4221 2615 4262 nos
2645 4206 2766 4261 loco
2800 4204 3074 4275 navigare.

68 4312 233 4375 τυχεῖν.
250 4306 351 4364 Ἦν
364 4313 476 4381 γὰρ
514 4312 832 4366 άσπάσαντα
862 4310 986 4383 [sic]
1014 4311 1122 4366 άπὸ
1147 4311 1245 4380 τῆς
1262 4309 1381 4380 βίας
1419 4302 2062 4378 κυμάτων.ῙΙΙοιησάντων
2088 4296 2181 4354 οῦν
2207 4301 2362 4372 ήμῶν
2393 4302 2539 4371 τρεῖς
2567 4299 2777 4370 ἡμέρας
2810 4297 2891 4351 διὰ
2918 4298 3016 4367 τῆς
3034 4293 3125 4348 τοῦ
3146 4292 3283 4347 Θεοῦ

67 4400 266 4470 χάριτος,
294 4404 531 4477 ήλθομεν
551 4409 608 4461 ἐν
634 4407 962 4461 καταστάσει
982 4421 998 4437 ο
1025 4407 1118 4459 καὶ
1151 4405 1311 4458 πάλιν
1345 4401 1593 4456 ἐϐούλετο
1628 4400 1945 4469 Ἐπιφάνιος
2008 4397 2101 4451 τοῦ
2158 4395 2453 4449 ἀποπλέειν
2494 4396 2642 4466 ἡμᾶς
2674 4391 2781 4447 ἀπὸ
2823 4389 2919 4445 τοῦ
2962 4391 3148 4443 τόπου.
3172 4384 3283 4442 Ἦν

66 4491 147 4546 ὂὲὸ
179 4497 458 4561 ἐπίσκοπος
483 4498 579 4552 τοῦ
612 4500 800 4560 τόπου,
834 4498 976 4567 λέγω
1011 4497 1075 4570 δὴ
1113 4497 1213 4567 τῆς
1253 4495 1459 4557 πόλεως
1491 4492 1876 4563 Σαλαμηνέων,
1904 4489 2210 4555 ὑπεξελθὼν
2239 4489 2328 4542 τὸν
2355 4487 2487 4558 βίον.

120 4587 222 4643 AA'.
257 4586 435 4646 Ἦσαν
485 4586 579 4647 οῦν
612 4592 848 4657 ἅπαντες
879 4596 928 4646 οί
956 4593 1244 4645 ἐπίσκοποι
1295 4589 1396 4659 τῆς
1440 4588 1600 4659 νήσου

1776 4584 2015 4640 XXXIV.
2038 4584 2205 4638 Erant
2228 4593 2409 4638 autem
2424 4577 2736 4650 congregati
2761 4590 2950 4631 omnes
2965 4574 3283 4643 insulazepi-

66 4680 381 4749 συναχθέντες
404 4684 500 4737 ἐπὶ
539 4685 601 4737 τὸ
629 4684 1001 4755 χειροτονῆσαι
1043 4683 1132 4737 τὸν
1159 4681 1451 4752 δυνάμενον
1486 4694 1605 4730 ποι-

68 4768 243 4834 μαίνειν
270 4771 365 4843 τὴν
396 4774 638 4844 ποίμνην
674 4774 769 4827 τοῦ
801 4769 1241 4845 Χριστοῦ.⁷Ησαν
1274 4767 1366 4825 οὖν
1390 4769 1604 4841 ἡμέρας

64 4858 136 4908 ἐπὶ
163 4859 216 4911 τὸ
241 4861 367 4914 αὐτὸ
401 4862 637 4933 ἔχοντες,
668 4864 762 4917 καὶ
788 4864 1035 4935 δεόμενοι
1060 4862 1155 4916 τοῦ
1176 4858 1434 4932 Χριστοῦ,
1456 4860 1604 4920 ὅπως

64 4947 360 5023 ἀποκαλύψει
397 4955 583 5018 αὐτοῖς
630 4956 720 5009 τὸν
769 4956 1064 5025 δυνάμενον
1103 4951 1467 5025 χρησιμεύσαι
1512 4948 1606 5002 ἐπὶ

62 5037 141 5106 τῆς
170 5043 457 5117 ἱερωσύνης
476 5063 491 5078 ·
520 5043 590 5118 ἦν
617 5047 673 5100 δέ
698 5064 781 5111 τις
809 5047 917 5099 τῶν
950 5047 1261 5100 ἐπισκόπων
1292 5046 1437 5107 ὅσιος
1466 5042 1605 5110 ἀνὴρ

62 5134 148 5187 ἀπὸ
169 5141 395 5209 σημείων
424 5149 504 5195 κε’
525 5143 624 5214 τῆς
652 5142 1012 5213 Σαλαμηνέων
1052 5141 1260 5204 πόλεως
1307 5155 1597 5210 χειροτονι-

59 5224 152 5289 Osi;
175 5230 227 5282 ἐν
250 5233 398 5286 πόλει
428 5236 644 5306 οἰκτρᾷ,
680 5234 896 5306 Κυθρίᾳ
920 5232 1082 5288 καλου
1091 5233 1247 5306 μένῃ.
1263 5230 1460 5284 Τοῦτον
1480 5228 1597 5283 ἐλε-

58 5332 135 5381 γον
157 5321 287 5391 ἔχειν
311 5326 371 5378 ἐν
397 5329 467 5397 τῇ
496 5327 767 5397 ἐπισκοπῇ
795 5321 1275 5396 πεντηκονταοκτὼ
1300 5319 1598 5382 ἐνιαυτούς.

59 5406 198 5475 (ὦτος
227 5416 541 5488 κατηξιώθη
581 5417 674 5471 καὶ
708 5416 1007 5488 μαρτυρίου
1032 5431 1045 5446 ·
1090 5415 1184 5468 καὶ
1215 5412 1386 5467 πολλὰ
1414 5412 1603 5465 παθὼν

60 5493 130 5547 διὰ
155 5500 235 5553 τὸν
261 5504 520 5574 Χριστὸν,
554 5505 794 5577 ἀπελύθη
831 5506 923 5558 ἐπὶ
952 5507 1017 5576 τῇ
1049 5504 1307 5575 ὁμολογίᾳ
1339 5503 1433 5557 τοῦ
1471 5501 1601 5556 Υἱοῦ

56 5584 133 5636 τοῦ
158 5588 300 5645 Θεοῦ.
328 5594 534 5649 Τοῦτον
564 5596 744 5664 ἔλεγον
778 5594 1144 5665 κεκρατῆσθαι
1181 5595 1317 5666 μετὰ
1349 5593 1602 5647 Γελασίου

61 5678 135 5733 τοῦ
162 5684 453 5741 ἐπισκόπου
489 5688 581 5755 τῆς
610 5688 972 5759 Σαλαμηνέων
998 5687 1203 5751 πόλεως
1240 5688 1331 5740 ἐπὶ
1370 5688 1430 5741 τὸ
1465 5702 1603 5759 μαρ-

1709 4676 1859 4747 scopi
1883 4677 1948 4731 ad
1965 4675 2322 4731 ordinandum
2345 4687 2492 4736 eum,
2507 4669 2599 4740 qui
2617 4676 2800 4739 posset
2820 4681 3042 4736 pascere
3064 4678 3281 4735 gregem

1708 4769 1936 4826 Christi.
1968 4767 2011 4821 E
2045 4768 2154 4821 vita
2186 4766 2331 4819 enim
2364 4764 2601 4818 humana
2643 4768 2952 4815 excesserat
2992 4757 3139 4811 illius
3171 4757 3276 4811 loci

1709 4862 2018 4931 episcopus,
2064 4856 2323 4920 civitatis,
2354 4854 2602 4921 inquam,
2635 4849 3084 4905 Salaminiorum.
3122 4845 3275 4901 Jam-

1712 4967 1819 5022 que
1859 4951 2068 5021 aliquot
2094 4949 2210 5003 dies
2246 4945 2629 5017 precabantur,
2658 4951 2712 4997 et
2742 4940 2909 4995 Deum
2939 4939 3168 4993 orabant
3217 4946 3281 4992 ut

1713 5043 1868 5098 vellet
1913 5042 1994 5098 eis
2043 5038 2285 5096 revelare
2330 5036 2579 5107 quisnam
2635 5032 2701 5088 ad
2752 5034 2857 5086 hoc
2891 5029 3107 5084 futurus
3134 5036 3281 5082 esset

1704 5136 1874 5191 utilis.
1911 5133 2040 5187 Erat
2086 5146 2153 5185 ex
2205 5126 2475 5197 episcopis
2518 5124 2739 5195 quidam
2777 5123 2860 5175 vir
2900 5128 3140 5181 sanctus,
3174 5116 3269 5186 qui

1711 5229 1889 5283 fuerat
1923 5224 2205 5279 ordinatus
2230 5221 2283 5274 in
2310 5215 2603 5273 miserabili
2627 5216 2861 5296 quadarn
2889 5210 3125 5273 civitate,
3147 5223 3271 5279 quae

1701 5319 2000 5376 vocabatur
2029 5314 2246 5387 Cytria;
2295 5311 2534 5367 distabat
2566 5318 2749 5363 autem
2784 5304 3062 5361 Salamina
3092 5303 3159 5358 ad
3194 5302 3276 5357 vi-

1702 5412 1966 5468 cesimum
2014 5408 2265 5478 quintum
2310 5402 2570 5473 lapidem.
2616 5399 2752 5455 Eum
2800 5397 3053 5452 dicebant
3104 5394 3278 5450 fuisse

1703 5500 2096 5572 quinquaginta
2122 5506 2248 5553 octo
2271 5511 2442 5551 annos
2471 5494 2525 5547 in
2553 5494 2892 5562 episcopatu.
2916 5488 3115 5543 Fuerat
3144 5500 3275 5542 vero

1703 5591 1751 5645 is
1781 5605 2000 5662 quoque
2028 5589 2284 5658 dignatus
2312 5584 2571 5656 martyrio
2599 5600 2613 5638 :
2644 5591 2698 5638 et
2726 5597 2853 5637 cum
2886 5579 3055 5635 multa
3079 5592 3277 5648 passus

1706 5682 1899 5742 fuisset
1931 5690 2153 5753 propter
2184 5678 2488 5741 Christum,
2522 5672 2939 5746 absolutusfuit
2978 5672 3030 5727 in
3061 5668 3273 5725 contes-
