3800 6180
508 191 576 246 67
1800 198 1858 256 s.
1891 198 2234 255 EPlPllANll
2272 201 2453 258 VITA.
2516 172 2521 187 ’
3688 222 3750 275 es

506 312 662 368 sione
704 311 823 366 Filii
874 311 989 367 Dei.
1024 311 1161 367 Eum
1196 313 1450 369 dicebant
1498 315 1667 373 fuisse
1692 328 1909 388 captum
1944 338 2055 376 eun

2171 320 2536 394 τυρῆσαι.Ἦν
2566 325 2622 379 δὲ
2650 324 2710 381 τὺ
2756 328 2814 381 ἐν
2846 334 3134 399 γεννητοῖς
3167 334 3241 405 (α)
3291 334 3457 388 αὐτοῦ
3487 335 3665 407 ὄνομα
3702 344 3749 391 τὲ

505 402 721 457 Gelasio
752 404 1009 473 episcopo
1041 404 1276 459 civitatis
1308 404 1727 463 Salaminiorum
1756 412 1822 465 ad
1862 412 1983 474 hoc,
2009 422 2068 466 ut

505 502 689 547 essent
719 502 1002 564 martyres.
1029 492 1157 547 Erat
1186 506 1365 549 autem
1391 497 1440 550 ei
1474 512 1671 551 nomen
1698 501 1907 555 ab'ortu
1930 501 2067 571 Papa

505 596 627 650 pus,
664 582 757 651 qui
791 582 906 651 ipse
934 597 1151 652 quoque
1176 593 1294 638 erat
1318 601 1444 640 cum
1468 588 1757 657 episc0pis.
1795 588 1931 643 Eum
1952 592 2068 658 epi-

504 673 652 741 scOpi
681 688 870 728 omnes
905 674 1175 729 habebant
1228 686 1287 730 ut
1337 686 1565 746 patrem,
1602 689 1822 749 propter
1855 681 2068 735 confes-

505 766 712 818 sionem
760 764 815 817 in
863 764 1103 828 Christo.
1133 777 1187 820 et
1233 779 1453 837 propter
1482 784 1654 824 annos
1693 770 2061 840 episcopatus.

505 856 673 911 Porro
708 857 756 911 is
787 857 1020 913 habebat
1044 860 1207 912 etiam
1236 858 1329 913 Dei
1356 862 1772 929 praescientiam.
1809 861 1876 916 Et
1925 878 2069 917 reve-

504 948 671 1002 latum
703 948 781 1002 illi
814 949 992 1003 fuerat
1037 949 1103 1004 de
1146 948 1469 1019 Epiphanio,
1505 964 1562 1004 ut
1588 953 1934 1008 ordinaretur
1970 952 2067 1006 Sa-

503 1024 847 1093 laminiorum
872 1038 1123 1094 Ecclesiae
1154 1040 1458 1109 episcopus.
1488 1040 1616 1095 Erat
1646 1051 1823 1096 autem
1854 1050 2067 1112 tempus

503 1132 771 1195 aestivum,
802 1132 942 1200 quod
974 1148 1105 1186 uvas
1140 1141 1383 1187 maturas
1411 1133 1524 1202 jam
1578 1133 1891 1204 perurebat.
1928 1133 2066 1188 Cum

503 1238 632 1290 ergo
670 1223 950 1277 statuisset
974 1221 1310 1293 Epiphanius
1334 1224 1587 1291 navigare
1609 1240 1637 1278 a
1662 1225 1878 1279 civitate
1910 1224 2065 1280 Salao

2169 416 2273 468 ὑπὸ
2300 415 2408 469 τῶν
2437 417 2637 484 γονέων
2666 418 2976 490 τεθειμένον
3006 423 3255 492 Πάππος,
3286 426 3345 491 ὃς
3371 422 3440 499 ἦν
3470 429 3572 480 καὶ
3600 430 3749 493 αὐτὸς

2173 506 2309 575 μετὰ
2335 507 2456 560 τῶν
2488 508 2817 562 ἐπισκόπων.
2852 510 3051 566 Τοῦτον
3093 509 3236 585 εῖχον
3282 517 3524 582 ἅπαντες
3554 521 3607 571 οἱ
3640 520 3745 571 ἐπί-

2170 615 2360 652 σκοποι
2410 600 2486 663 ὡς
2521 601 2751 673 πατέρα,
2785 602 2875 656 διά
2901 621 2959 656 τε
2983 605 3081 676 τὴν
3110 608 3167 659 ἐν
3192 609 3409 680 Χριστῷ
3435 610 3745 681 ὁμολογίαν.

2168 690 2262 742 καὶ
2286 690 2374 743 διὰ
2406 690 2473 744 τὰ
2502 690 2595 761 ἐτη
2628 692 2727 762 τῆς
2759 692 3193 766 ἐπισκοπῆς.⁷Ην
3229 698 3284 751 δὲ
3319 700 3409 752 καὶ
3438 701 3745 771 πρόγνωσιν

2167 776 2300 831 Θεοῦ
2348 777 2507 849 ἔχων.
2552 781 2738 853 Τούτῳ
2789 783 3145 857 ἀπεκαλύφθη
3207 790 3334 859 περὶ
3376 792 3703 859 Ἐπιφανίου
3730 837 3742 855 ,

2166 868 2313 932 ὅπως
2357 872 2702 944 χειροτονηθῇ
2748 875 2841 928 ἐπὶ
2887 879 2985 947 τῆς
3026 879 3386 951 Σαλαμηνέων
3421 883 3745 952 Ἐκκλησίας

2166 958 2597 1024 ἐπίσκοποςῙΗν
2619 964 2673 1016 δὲ
2698 966 2726 1016 ό
2759 968 2947 1037 καιρὸς
2973 965 3180 1039 θερίνὸς
3208 973 3517 1043 πρόδρομος
3547 992 3743 1043 σταφυε

2166 1048 2291 1102 λῶν.
2311 1051 2396 1115 Ὠς
2429 1049 2519 1105 οὖν
2545 1053 2755 1127 ἔκρινεν
2802 1058 3113 1127 Ἐπιφάνιος
3140 1062 3234 1115 τοῦ
3270 1064 3575 1117 ἀποπλέειν
3605 1069 3743 1135 ἡμᾶς

2166 1138 2273 1192 ἀπὸ
2293 1141 2391 1211 τῆς
2410 1143 2769 1215 Σαλαμηνέων
2789 1147 3013 1214 πόλεως,
3036 1145 3189 1203 εἶπεν
3215 1153 3350 1222 πρὸς
3380 1154 3451 1224 μὲ
3493 1156 3595 1208 καὶ
3619 1158 3742 1225 πρὸς

2165 1230 2255 1283 τὸν
2300 1231 2595 1286 Πολύϐιον·
2626 1236 2885 1307 Ἀγομεν,
2931 1238 3141 1303 τέκνον,
3176 1242 3267 1294 ἐπὶ
3310 1243 3402 1295 τοῦ
3452 1246 3739 1315 ἐμπορίου,

502 1316 818 1380 miniorum,
849 1316 987 1370 dixit
1024 1316 1157 1370 mihi
1207 1326 1261 1371 et
1305 1317 1530 1389 Polybio
1565 1338 1577 1373 :
1612 1319 1835 1385 Eamus,
1865 1321 1980 1387 ﬁlii,
2013 1324 2055 1377 in

2166 1320 2484 1391 ὠνησόμεθα
2528 1324 2800 1393 σταφυλὰς
2836 1326 2892 1378 ἐν
2923 1325 3000 1397 τῷ
3043 1327 3435 1402 πλοίῳ.Ἡμῶν
3474 1333 3535 1385 δὲ
3573 1334 3741 1387 ἐλθόν-

500 1405 702 1470 forum,
736 1416 790 1461 et
838 1423 1081 1462 eluamus
1122 1424 1278 1463 uvas.
1308 1409 1553 1480 Cumque
1578 1427 1607 1466 e
1641 1412 1762 1466 navi
1799 1413 1851 1466 in
1886 1412 2055 1467 forum

2166 1428 2272 1464 των
2319 1413 2412 1465 ἐπὶ
2460 1412 2555 1467 τοῦ
2598 1416 2883 1487 ἐμπορίου,
2920 1417 3011 1469 καὶ
3059 1423 3494 1489 συμφωνούντων
3538 1427 3636 1478 ἐπὶ
3673 1426 3740 1494 τῷ

500 1498 846 1561 abiissemus,
881 1508 934 1553 et
977 1500 1311 1555 venditorem
1356 1504 1795 1571 conveniremus,
1830 1504 2055 1575 Epipha-

2167 1500 2699 1575 πράτῃ,Ἐπιφάνιος
2756 1506 2934 1559 λαϐὼν
2983 1507 3077 1561 δύο
3126 1509 3356 1583 βότρυας
3399 1515 3737 1581 καλλίστους,

501 1588 646 1651 nius,
689 1590 930 1659 acceptis
979 1591 1193 1647 duobus
1249 1593 1421 1650 botris
1469 1595 1891 1664 pulcherrimis,
1934 1599 2055 1652 dixil

2168 1594 2330 1664 φησὶν
2375 1594 2453 1665 τῷ
2496 1597 2706 1669 πράτῃο
2741 1600 2806 1652 Τί
2846 1606 3202 1674 προστάσσεις
3233 1606 3386 1660 δώσω
3418 1626 3502 1661 σοι
3530 1609 3630 1695 δύο
3660 1610 3738 1679 βο-

498 1682 768 1737 νρηάἰῑονί
796 1702 809 1733 :
834 1682 974 1749 Quid
1005 1686 1087 1740 vis
1119 1685 1217 1740 tibi
1246 1687 1367 1741 dem
1398 1702 1497 1757 pro
1522 1689 1608 1743 his
1629 1690 1842 1746 duobus
1867 1693 2055 1748 botris‘:

2167 1684 2381 1755 τρύων;
2413 1680 2521 1740 Ἦν
2570 1687 2625 1740 δὲ
2677 1688 2796 1754 ἔθος
2840 1690 3137 1767 Ἐπιφανίῳ
3170 1696 3242 1767 μὴ
3272 1674 3739 1767 ἀντιλέγεινῖ“Τοῦ

462 1770 801 1844 ,Ενὶριιοηίο
839 1783 1021 1829 autem
1054 1790 1175 1831 mos
1208 1785 1325 1831 erat
1356 1794 1461 1833 non
1499 1782 1891 1838 contradicere.
1929 1782 2063 1838 Cum

498 1878 627 1915 vero
658 1863 906 1918 venditor
936 1864 1163 1920 dixisset
1189 1868 1421 1936 pretium
1454 1885 1704 1934 uvarum,
1735 1870 2066 1940 Epiphanius

499 1952 706 2020 accepit
737 1954 1043 2022 pecuniam,
1076 1962 1135 2009 ut
1173 1955 1409 2011 solveret
1458 1958 1742 2013 venditori.
1779 1959 1931 2016 Tunc
1975 1976 2067 2017 ac-

499 2040 641 2094 cedit
674 2051 894 2097 sanctus
924 2042 1161 2112 Pappus,
1190 2045 1446 2101 suﬂ‘ultus
1475 2063 1503 2101 a
1536 2048 1751 2105 duobus
1797 2050 2062 2107 diaconis.

497 2130 665 2186 Erant
709 2140 886 2187 autem
934 2142 1044 2189 tres
1089 2150 1307 2205 quoque
1353 2152 1476 2192 cum
1520 2138 1635 2208 ipso
1665 2141 1925 2211 episcopi.
1961 2140 2065 2208 Qui

496 2236 621 2275 cum
646 2224 1173 2293 appropinquassent
1189 2226 1512 2296 Epiphanio,
1531 2228 1865 2299 Epiphanius
1882 2234 2064 2289 botros

497 2311 729 2368 habebat
781 2314 837 2368 in
882 2316 1151 2378 manibus,
1184 2328 1236 2371 et
1280 2333 1469 2373 eorum
1516 2321 1767 2389 pretium.
1804 2321 2065 2379 Dixerunt

496 2413 676 2458 autem
710 2405 932 2475 quidam
960 2418 1026 2461 ex
1055 2409 1363 2464 astantibus
1398 2429 1411 2464 :
1450 2411 1589 2466 Ecce
1620 2412 1708 2468 hic
1735 2414 2064 2486 adsuntepi—

494 2495 669 2565 scopi.
701 2496 973 2566 Incipiens
1023 2509 1202 2553 autem
1252 2499 1495 2572 Pappus,
1526 2502 1663 2558 dixit
1707 2503 2013 2576 Epiphanio
2045 2525 2058 2562 :

494 2585 734 2652 Dimitte,
768 2602 803 2642 ο
848 2589 1008 2656 abba,
1050 2590 1235 2646 botros
1281 2592 1425 2661 apud
1470 2594 1828 2662 venditorem,
1878 2605 1933 2651 et
1978 2613 2064 2652 se-

494 2694 661 2746 quere
693 2694 793 2733 nos
819 2679 872 2733 in
909 2680 1221 2735 ecclesiam.
1256 2681 1592 2740 Recordatus
1628 2700 1755 2740 vero
1779 2686 1933 2741 verbi
1980 2687 2065 2741 di-

493 2769 602 2823 vini
633 2771 775 2839 quod
798 2771 930 2826 dicit
963 2780 1017 2827 et
1050 2772 1323 2843 eloquitur
1351 2792 1365 2830 :
1399 2774 1639 2831 Lanatus
1661 2794 1779 2832 seu
1807 2780 1860 2833 in
1881 2781 1946 2834 iis
1973 2783 2061 2852 qui

493 2867 738 2921 dixerunt
782 2869 909 2921 mihi
938 2884 957 2921 :
991 2865 1059 2923 In
1090 2871 1313 2925 domum
1356 2870 1570 2927 Domini
1601 2876 1830 2930 ibimus'
1865 2895 1877 2926 :
1907 2893 2062 2932 secu-

2165 1775 2221 1829 δέ
2267 1775 2476 1847 πράτου
2534 1779 2775 1846 είπόντος
2816 1784 2915 1854 τὴν
2968 1788 3131 1859 τιμὴν
3167 1789 3245 1859 τῷ
3285 1788 3598 1859 Ἐπιφανίῳ
3641 1792 3738 1843 τῶν

2166 1862 2474 1930 σταφυλῶν,
2509 1863 2698 1920 ἔλαϐεν
2720 1870 2780 1922 τὸ
2807 1871 3066 1945 ἀργύριον
3094 1876 3185 1929 ἐπὶ
3220 1877 3280 1929 τὸ
3315 1880 3651 1947 μεταλαϐεῖν

2164 1952 2441 2025 πράτῃ.“0
2473 1950 2564 2007 οὖν
2596 1955 2739 2021 ὅσιος
2768 1960 2998 2026 Πάππος
3044 1964 3401 2034 παραγίνεται
3438 1968 3737 2038 6110111905-

2167 2059 2324 2113 μενος
2357 2044 2460 2098 ὑπὸ
2491 2044 2581 2099 δύο
2614 2049 2892 2106 διακόνων.
2914 2049 3090 2108 ἾΙσαν
3124 2057 3179 2109 δὲ
3212 2058 3304 2110 καὶ
3336 2061 3488 2129 τρεῖς
3522 2061 3738 2112 ἐπίσκοο

2164 2153 2254 2188 ποι
2291 2139 2406 2199 μετ’
2438 2140 2727 2206 αύτού.Ὠς
2753 2140 2845 2198 οὖν
2878 2147 3111 2217 ἤγγισαν
3149 2150 3468 2223 Ἐπιφανίῳ,
3493 2150 3567 2224 ἦν
3601 2157 3737 2209 Ἐπι-

2166 2226 2352 2295 φάνιος
2385 2229 2523 2300 ἔχων
2557 2233 2692 2302 μετά
2723 2238 2911 2308 χεῖρας
2940 2242 3066 2303 τοὺς
3095 2240 3470 2313 βότρυας,’καὶ
3494 2246 3559 2299 τὸ
3587 2247 3737 2315 τίμηο

2166 2336 2243 2390 μα
2270 2319 2490 2377 τούτων.
2535 2320 2702 2380 Εἶπον
2747 2329 2805 2382 δέ
2835 2348 2979 2396 τινες
3006 2334 3115 2388 τῶν
3160 2338 3529 2408 παρεστώτων
3553 2355 3571 2370 ⁸
3614 2343 3735 2395 Ἷὼϋ

2161 2412 2209 2463 οἱ
2256 2413 2539 2469 ἐπίσκοποι
2586 2420 2837 2489 πάρεισιν
2881 2417 3003 2481 ὧδε.
3036 2422 3203 2483 Εἶπεν
3240 2429 3294 2482 δὲ
3340 2432 3581 2497 Πάππος
3610 2437 3735 2505 πρός

2175 2501 2511 2572 Ἐπιφάνιον’
2555 2508 3007 2579 Ἀπὸθου,Ἀϐϐἄ,
3050 2519 3176 2583 τοὺς
3224 2520 3455 2591 βότρυας
3485 2524 3571 2594 τῷ
3603 2501 3735 2595 πρά-

2159 2609 2248 2665 τῃ,
2284 2597 2376 2648 καὶ
2409 2598 2772 2673 ἀκολούθησον
2812 2606 2945 2677 ἡμῖν
2988 2611 3047 2662 ἐν
3091 2613 3161 2682 τῇ
3203 2613 3491 2687 ἐκκλησίᾳ.
3530 2616 3640 2669 Τοῦ
3685 2620 3735 2671 δὲ

2165 2688 2631 2757 μνπμσπύσαντος
2652 2694 2749 2748 τοῦ
2780 2695 2923 2752 θείου
2977 2700 3134 2769 λόγου
3166 2704 3261 2757 τοῦ
3292 2708 3739 2776 προσφωνοῦπος

2160 2776 2254 2829 καὶ
2278 2777 2525 2847 λέγοντος
2544 2798 2559 2813 ⁸
2594 2786 2955 2855 Εὐφράνθητε
2977 2791 3075 2845 ἐπὶ
3112 2794 3236 2860 τοῖς
3262 2798 3577 2865 εἰρηκόσιν
3602 2820 3698 2870 μοι
3720 2818 3733 2832 ·

2160 2869 2264 2933 Εἰς
2289 2866 2456 2925 οἷκον
2480 2876 2701 2942 Κυρίου
2726 2882 3171 2951 πορευσόμεθα·
3195 2886 3565 2958 ἠκολούθησεν
3594 2866 3652 2945 ἐν
3676 2896 3734 2963 τῇ

491 2970 581 3017 tus
612 2970 694 3017 est
740 2961 794 3015 in
851 2963 1159 3018 ecclesiam.
1192 2962 1408 3035 Pappus
1440 2976 1619 3023 autem
1651 2968 1786 3023 dixit
1817 2968 2055 3047 Epipha-

2160 2960 2443 3034 ἐκκλησίᾳ,
2481 2966 2539 3018 Ὀ
2583 2966 2639 3019 δὲ
2691 2969 2919 3035 Πάππος
2991 2976 3122 3045 φησὶ
3188 2978 3324 3048 πρὸς
3385 2960 3731 3050 Ἐπιφάνιονζ

491 3052 585 3105 nio
622 3071 635 3106 :
670 3048 783 3107 Fac
809 3054 1131 3120 orationem,
1163 3072 1195 3111 ο
1220 3057 1400 3113 Pater.
1425 3058 1579 3125 Quod
1609 3061 1821 3116 dicebat
1844 3062 2055 3131 Pappus

2159 3050 2387 3122 Ποίησον
2437 3055 2624 3128 εὐχὴν,
2656 3052 2699 3111 ὦ
2730 3060 2931 3131 Πάτερ.
2966 3064 3149 3117 Ταῦτα
3196 3067 3252 3119 δὲ
3289 3068 3475 3139 ἔλεγεν
3505 3048 3735 3137 Πάππος

492 3141 816 3211 Epiphanio,
856 3155 917 3198 ut
966 3161 1025 3200 se
1075 3147 1408 3217 signiﬁcaret
1437 3151 1715 3206 clericum.
1745 3150 1925 3222 Pappo
1953 3170 2054 3207 au—

492 3242 600 3287 lem
647 3233 782 3289 dixit
826 3234 1159 3306 Epiphanius
1192 3257 1204 3293 :
1236 3238 1459 3309 Ignosce
1508 3243 1663 3307 mihi,
1707 3240 1865 3298 Pater
1897 3262 1909 3297 :
1946 3260 2051 3299 non

488 3338 613 3377 sum
645 3324 788 3378 enim
830 3326 885 3379 in
917 3327 1083 3382 clero.
1113 3328 1259 3384 Dixit
1283 3330 1500 3402 Pappus
1530 3332 1834 3404 Epiphanio
1861 3354 1875 3390 :
1900 3335 2050 3401 Vide,

488 3430 522 3468 ο
548 3412 644 3479 (ili,
675 3431 743 3469 ne
774 3432 937 3488 neges
982 3434 1164 3474 coram
1204 3430 1280 3477 tot
1308 3425 1511 3481 sanctis
1546 3424 1816 3493 Patribus,
1842 3436 1895 3483 et
1923 3445 2054 3484 con-

487 3506 782 3573 demneris,
810 3517 870 3562 ut
892 3512 983 3579 qui
1015 3513 1297 3569 abscondit
1325 3516 1602 3571 talentum.
1642 3517 1889 3589 Dixitque
1921 3519 2052 3590 Epi-

487 3596 722 3666 phanius
755 3615 769 3651 :
799 3596 938 3665 Non,
972 3598 1151 3667 Pater,
1195 3618 1304 3658 non
1355 3620 1475 3660 sum
1503 3608 1751 3664 clericus.
1787 3608 1910 3664 Haec
1957 3626 2054 3664 au~

491 3697 598 3739 tem
626 3701 747 3740 cum
773 3688 999 3745 dixisset
1021 3690 1378 3762 Epiphanius,
1406 3694 1622 3767 Pappus
1668 3699 1815 3756 dedit
1841 3715 2048 3768 pacem.

488 3774 642 3831 Unus
666 3793 792 3832 vero
818 3795 884 3835 ex
914 3781 1181 3849 diaconis,
1225 3785 1398 3855 capite
1443 3789 1781 3857 apprehenso
1810 3790 2049 3861 Epipha-

486 3868 597 3931 nio,
632 3884 756 3923 eum
808 3872 861 3924 vi
908 3871 1065 3927 duxit
1116 3874 1184 3929 ad
1234 3874 1475 3947 Pappum
1511 3879 1578 3933 ad
1612 3880 1798 3945 altare,
1831 3883 1965 3938 adeo
1993 3892 2053 3940 ut

484 3960 642 4013 multi
671 3977 884 4031 quoque
911 3964 1004 4018 alii
1027 3970 1395 4034 convenerint,
1428 3979 1486 4024 ut
1518 3986 1642 4025 eum
1676 3985 1951 4029 servarent
1982 3977 2050 4031 ad

484 4051 675 4107 altare.
702 4051 835 4107 Eum
864 4054 1046 4123 itaque
1075 4058 1287 4112 ordinat
1320 4060 1640 4129 diaconum;
1669 4073 1722 4118 et
1747 4079 1937 4122 rursus
1958 4067 2051 4122 dat

484 4140 534 4194 ei
566 4157 770 4207 pacem,
803 4154 857 4197 et
884 4145 1060 4213 ipsum
1093 4148 1309 4203 ordinat
1334 4154 1727 4224 presbyterum.
1756 4156 1966 4213 Rursus
1989 4160 2050 4213 ﬁt

483 4233 891 4301 consequentia,
921 4243 975 4289 et
1020 4251 1144 4291 eum
1202 4240 1416 4296 ordinat
1445 4244 1779 4315 episcOpum.
1807 4246 1938 4303 Post
1966 4250 2049 4304 di-

2155 3145 2292 3215 πρὸς
2335 3146 2668 3216 Ἐπιφάνιον,
2696 3150 2844 3214 ὅπως
2889 3154 3141 3225 γνωρίσει
3185 3158 3377 3211 ἑαυτὸν
3422 3162 3735 3230 Ἐπιφάνιος

2152 3234 2229 3306 τῷ
2295 3235 2502 3308 κλήρῳ.
2550 3233 2725 3292 Εἶπεν
2781 3239 2836 3294 δὲ
2886 3243 3197 3313 Ἐπιφάνιος
3262 3249 3398 3319 πρὸς
3464 3252 3731 3306 Πάππον·

2153 3324 2510 3398 Συγχώρησόν
2547 3344 2655 3396 μοι,
2697 3330 2877 3401 Πάτερ
2897 3347 2911 3361 ·
2944 3333 3006 3385 ού
3034 3334 3142 3406 γάρ
3173 3337 3286 3407 εἰμι
3316 3340 3374 3391 ἐν
3398 3338 3611 3411 κλήρῳ.
3646 3340 3733 3395 Εἷ-

2094 3434 2099 3441 ί
2154 3430 2254 3467 πεν
2307 3413 2367 3467 δὲ
2410 3416 2644 3480 Πάππος
2694 3418 2830 3488 πρὸς
2874 3418 3205 3490 Ἐπιφάνιον·
3239 3426 3436 3491 Βλέπε,
3465 3432 3655 3499 φησὶν,
3693 3426 3734 3483 ᾧ

2150 3504 2359 3571 τέκνον,
2401 3506 2476 3576 μὴ
2505 3507 2645 3561 κατά
2674 3510 2963 3578 πρόσωπον
2992 3514 3193 3569 τούτων
3218 3518 3324 3570 τῶν
3352 3520 3526 3588 ἁγίων
3563 3524 3732 3577 Πατέ-

2153 3613 2262 3663 ρων
2285 3597 2513 3669 ἀρνήσῃ,
2541 3600 2637 3652 καὶ
2673 3603 3009 3675 κατακριθῇς
3039 3606 3115 3669 ὡς
3141 3610 3169 3660 ό
3201 3610 3413 3680 κρύψας
3445 3615 3507 3666 τὸ
3538 3617 3731 3669 τάλανι

2150 3694 2260 3741 τον.
2296 3684 2464 3743 Εἶπεν
2508 3690 2565 3742 δὲ
2609 3691 2922 3762 Ἐπιφάνιος
2951 3696 3087 3767 πρὸς
3130 3698 3221 3752 τὸν
3256 3703 3487 3757 Πάππον
3513 3722 3529 3736 ·
3578 3708 3729 3776 Οὐχὶ,

2151 3778 2351 3849 Πάτερ,
2380 3780 2477 3849 ούχ
2510 3781 2769 3852 ὑπάρχων
2796 3783 3269 3855 κληρικός.Ταῦτα
3295 3790 3351 3844 δὲ
3377 3794 3553 3845 εἰπὼν
3589 3797 3730 3848 Ἐπι-

2150 3869 2359 3938 φάνιος,
2388 3871 2417 3923 ὁ
2448 3871 2677 3935 Πάππος
2726 3872 2923 3928 ἔδωκεν
2967 3878 3209 3948 εἰρήνην.
3239 3875 3334 3943 Εἷς
3383 3882 3442 3935 δέ
3483 3900 3579 3948 τις
3627 3888 3728 3938 τῶν

2148 3957 2408 4013 διακόνων
2472 3960 2861 4032 ἐπιλαϐόμενος
2912 3965 3010 4035 τῆς
3060 3969 3301 4037 κεφαλῆς
3356 3972 3683 4041 Ἐπιφανίου
3714 4016 3728 4037 ,

2147 4043 2281 4119 ἦγεν
2313 4049 2475 4103 αὑτὸν
2502 4051 2637 4122 πρὸς
2670 4053 2897 4107 Πάππον
2921 4056 3013 4109 ἐπὶ
3042 4058 3134 4110 τοῦ
3166 4058 3558 4133 θυσιαστηρίου
3593 4070 3726 4136 μετά

2150 4139 2289 4210 βίας,
2337 4142 2475 4196 ὥστε
2527 4144 2798 4197 συνελθεῖν
2842 4147 2936 4199 καὶ
2982 4147 3174 4213 ἄλλους
3221 4152 3530 4221 πλείστους,
3582 4159 3725 4221 ὅπως

2146 4231 2497 4287 διασώσουσιν
2535 4234 2697 4289 αὑτὸν
2727 4236 2820 4289 ἐπὶ
2862 4236 2941 4308 τῷ
2984 4239 3368 4314 θυσιαστηρίῳ.
3409 4246 3726 4318 Χειροτονεί

482 4321 799 4377 missionem
838 4332 1018 4380 autem
1067 4329 1135 4382 ab
1184 4332 1432 4396 ecclesia,
1463 4337 1809 4394 ascendimus
1840 4339 1893 4393 in
1928 4342 2042 4409 epi-

2157 4317 2237 4374 >ὗν
2282 4323 2442 4377 αὑτὸν
2488 4324 2754 4389 διάκονον,
2781 4325 2875 4378 καὶ
2916 4326 3075 4382 πάλιν
3104 4329 3317 4385 δίδωσιν
3347 4317 3599 4407 εἰρήνην,
3634 4341 3724 4390 καὶ

480 4413 939 4482 scopatum.Dix—it
963 4427 1142 4471 autem
1170 4417 1385 4489 Pappus
1415 4420 1715 4493 Epiphanio
1745 4442 1759 4479 :
1792 4427 1919 4496 Age,
1944 4427 2041 4491 liii,

480 4504 768 4559 adhortare
820 4505 1026 4572 Patres,
1064 4518 1123 4562 ut
1170 4508 1417 4565 fruamur
1464 4522 1512 4567 et
1566 4515 1811 4571 laetemur
1853 4520 1919 4574 de
1950 4528 2043 4575 tua

476 4596 815 4662 paternitate.
846 4596 982 4652 Cum
1014 4600 1117 4655 hoc
1152 4602 1388 4671 graviter
1413 4603 1576 4660 ferret
1609 4604 1961 4677 Epiphanius,
1988 4620 2042 4666 et

476 4695 764 4753 angeretur
809 4689 993 4743 animo
1018 4698 1073 4744 et
1100 4690 1271 4757 ﬂeret,
1297 4693 1435 4748 dixit
1459 4693 1672 4765 Pappus
1703 4714 1717 4752 :
1748 4696 2040 4768 Oportebat

476 4774 693 4841 quidem
722 4790 821 4830 nos
848 4785 1044 4843 tacere,
1074 4796 1107 4835 o
1134 4781 1207 4835 ﬁli
1237 4782 1671 4855 Epiphanie.Fio
1692 4799 1892 4856 autem,
1915 4807 2038 4848 cum

474 4876 575 4930 ego
612 4872 661 4918 te
693 4865 810 4933 ipse
834 4870 1162 4937 quaesierim,
1196 4875 1479 4945 insipiens.
1504 4876 1637 4932 Nam
1686 4895 1809 4935 cum
1854 4882 2038 4940 Patres

474 4952 565 5007 hic
601 4964 781 5009 essent
814 4964 1143 5029 congregati,
1178 4964 1270 5018 Dei
1308 4969 1584 5024 voluntate
1619 4972 1749 5026 mihi
1777 4973 2039 5031 dederunt

475 5044 580 5099 hoc
618 5047 892 5116 negotium
940 5052 1007 5105 ad
1063 5052 1470 5122 signiﬁcandum
1516 5062 1853 5134 episcopum.
1888 5065 2036 5137 lique

472 5148 663 5191 omnes
716 5138 850 5191 mihi
897 5141 1227 5198 exhibebant
1270 5152 1569 5219 negotium,
1614 5153 1856 5212 dicentes
1899 5160 2034 5214 mihi

471 5227 744 5292 peccatori
773 5245 786 5281 :
820 5226 926 5284 Ora
958 5244 1211 5303 prompto
1242 5245 1294 5292 et
1323 5238 1488 5297 alacri
1522 5244 1726 5313 animo,
1747 5255 1799 5302 et
1823 5246 2033 5321 tibi_re-

470 5315 758 5372 velabitur.

540 5428 560 5458 '
600 5426 740 5484 Psal.
775 5446 922 5501 cxxr,
963 5436 1011 5489 l.

542 5560 617 5627 (α)
656 5561 835 5631 Forte,
866 5570 930 5622 ἐκ
955 5572 1191 5640 γενετῆς.

2146 4416 2437 4482 χειροτονεῖ
2461 4415 2620 4469 αὑτὸν
2650 4415 3038 4487 πρεσϐύτερον,
3066 4419 3387 4488 καὶγίνεται
3415 4425 3448 4494 ή
3493 4427 3723 4481 ἀκολουο

2144 4500 2254 4561 θία.
2280 4502 2372 4555 καὶ
2418 4509 2712 4575 χειροτονεῖ
2756 4508 2936 4563 αὑτὸν.
2972 4509 3285 4565 ἐπίσκοπον.
3314 4515 3468 4567 Μετά
3517 4517 3581 4570 δὲ
3626 4522 3723 4589 τὴν

2141 4592 2400 4645 ἀπόλυσιν
2457 4594 2555 4664 τῆς
2602 4597 2897 4668 ἐκκλησίας
2930 4597 3233 4673 ἀνήλθομεν
3279 4603 3336 4653 ἐν
3375 4603 3455 4673 τῷ
3496 4606 3721 4661 ἐπισκο-

2141 4684 2299 4754 πείῳ.
2335 4682 2498 4739 Εἶπεν
2544 4688 2600 4740 δὲ
2642 4689 2873 4754 Πάππος
2902 4692 3037 4760 πρὸς
3076 4693 3420 4764 Ἐπιφάνιθν·
3451 4698 3629 4767 Δεῦρο
3656 4702 3718 4771 δὴ

2140 4775 2437 4846 πρότρεψαι
2465 4780 2593 4841 τοὺς
2644 4781 2932 4853 Πατέρας,
2967 4785 3115 4849 ὅπως
3162 4790 3560 4861 μεταλάϐωμεν
3625 4795 3717 4849 καὶ

2139 4863 2523 4935 εὐφρανθῶμεν
2554 4866 2646 4919 ἐπὶ
2675 4871 2739 4938 σῇ
2770 4872 3116 4943 πατρωσύνῃ.
3153 4876 3257 4928 Τοῦ
3297 4878 3355 4931 δὲ
3393 4880 3715 4951 Ἑπιφανῖου

2140 4953 2348 5025 βαρέως
2372 4956 2646 5026 φέροντος,
2676 4960 2767 5012 καὶ
2809 4962 3201 5033 ἀδημονοῦντος
3235 4969 3293 5021 ἐν
3317 4969 3589 5041 λογισμῷ.
3621 4977 3715 5027 καὶ

2136 5045 2431 5113 κλαίοντος,
2477 5045 2632 5102 εἶπεν
2664 5050 2692 5102 ὁ
2719 5052 2948 5116 Πάππος
2974 5055 3110 5125 πρὸς
3133 5057 3447 5127 Ἐπιφάνιον
3466 5080 3479 5093 ο
3514 5065 3713 5135 Ἐχρῆν

2139 5136 2235 5204 μὲν
2268 5138 2416 5206 ἡμᾶς
2449 5138 2743 5208 σιωπῆσαι,
2775 5136 2820 5195 ὦ
2846 5142 3036 5197 τέκνον
3065 5147 3370 5216 Ἐπιφάνιε.
3402 5138 3630 5222 Γίνομαι
3656 5156 3712 5207 δὲ

2134 5225 2321 5294 ἄφρων
2349 5229 2508 5291 αὑτός
2544 5247 2632 5300 μοι
2662 5230 2761 5301 τὴν
2793 5233 3018 5305 ζήτησιν
3041 5239 3430 5310 ποιησάμενος.
3448 5244 3574 5297 Τῶν
3599 5245 3709 5314 γάρ

2134 5316 2391 5390 Πατέρων
2419 5320 2789 5391 συναχθέντων
2817 5317 2939 5391 ὧδε,
2977 5326 3323 5386 ἀπεδώκασιν
3352 5332 3434 5403 τῷ
3464 5333 3589 5406 Θεῷ
3612 5335 3711 5388 ἐπὶ
