3800 6180
84 186 146 251 69
1369 190 1427 245 S.
1473 186 1818 244 EPIPHANII
1862 187 2049 243 VITA.
3256 194 3326 248 70

86 312 301 384 μηνύσει
327 311 419 364 τοῦ
450 306 783 363 ἐπισκόπου·
842 304 1011 377 κάμοὶ
1059 302 1218 360 πόνον
1263 306 1529 379 ἐπέφερον
1593 307 1793 370 πάντες
1836 301 1982 361 οὗτοι
2020 304 2268 373 λέγοντες
2315 304 2450 377 πρὸς
2497 306 2565 375 μὲ
2610 305 2701 359 τὸν
2769 307 3122 379 ἁμαρτωλόν·
3152 309 3328 399 Eii-(ou

82 404 378 476 προθύμως,
402 401 494 454 καὶ
523 398 1037 470 ἁποκαλυφθήσεταί
1074 416 1175 452 σοι.

142 497 258 550 ΛΕ’.
300 491 461 562 Ἐμοῦ
505 492 563 545 δὲ
606 490 797 543 ἑαυτὸν
848 486 1232 560 καθείρξαντος
1280 491 1337 542 ἐν
1386 489 1634 560 ὀσπιτίῳ,

1809 482 2027 538 XXXV.
2068 481 2203 537 Cum
2236 497 2336 550 ego
2366 491 2548 537 autem
2575 499 2662 539 me
2710 485 2764 539 in
2795 484 3036 555 hospitio
3064 487 3327 544 inclusis-

82 587 405 660 παρεκάλουν
431 584 523 637 τὸν
548 583 776 654 Σωτῆρα
804 582 932 649 περὶ
955 582 1049 634 τοῦ
1075 581 1346 634 τοιούτου·
1393 582 1645 653 ἀστραπὴ

80 684 129 735 δὲ
158 677 387 748 ἔλαμψεν
420 678 478 727 ἐν
508 673 585 744 τῷ
619 673 818 744 κελλίῳ
838 692 853 704 ο
885 673 1095 743 ἥκουσα
1119 672 1177 724 δὲ
1212 671 1308 725 καὶ
1347 674 1531 743 φωνὴν
1564 673 1645 726 δι·-

81 770 290 840 δομένην
322 765 458 837 πρὸς
489 766 555 837 μὲ
584 765 675 817 τὸν
702 763 1045 835 ἁμαρτωλὸν·
1066 764 1286 827 Πάππε,
1306 764 1522 826 ﬂat-ms,
1545 782 1646 833 φη-

84 864 175 925 σὶν,
200 852 534 926 άκοὺε.Ἐγὼ
561 857 617 910 δὲ
640 856 879 926 ἔμφοϐος
906 855 1196 926 γενόμενος
1226 852 1376 909 εἷπον
1397 873 1410 885 ·
1440 856 1505 908 Τί
1527 857 1647 909 ἐπι-

81 953 248 1024 τρέπει
276 954 304 1005 6
333 949 539 1020 Κύριός
570 965 701 1019 μου;
736 942 902 1001 Εἶπεν
934 948 992 1001 δὲ
1023 948 1160 1018 πρὸς
1210 949 1279 1017 μὲ
1331 948 1449 1018 μετ’
1480 948 1644 1018 εὐμε-

82 1045 229 1107 νείας·
253 1041 510 1106 Ἀνάστα,
542 1039 829 1111 παράλαϐε
857 1038 993 1110 μετὰ
1017 1038 1244 1091 σεαυτοῦ
1274 1038 1369 1091 ἕνα
1395 1038 1502 1091 τῶν
1531 1038 1645 1091 δια-

82 1137 252 1200 κόνων,
281 1136 375 1189 καὶ
406 1133 727 1187 ἐπικάτελθε
773 1134 831 1185 ἐν
876 1130 951 1201 τῷ
996 1132 1267 1202 ἐμπορίῳ.
1295 1132 1406 1184 Καὶ
1443 1131 1549 1184 ἰδοὺ
1578 1131 1642 1201 δὴ

84 1228 292 1299 μοναχὸς
322 1228 439 1280 ἐκεῖ
462 1228 615 1297 παρὰ
638 1225 717 1295 τῷ
746 1225 928 1297 πράτῃ
961 1223 1182 1277 ὠνεῖται
1212 1224 1514 1294 σταφυλάς’
1551 1223 1643 1276 δύο

84 1320 324 1393 μοναχοὺς
358 1319 471 1389 ἔχει
513 1317 632 1389 μεθ’
664 1315 1201 1380 ἑαυτοῦ,Ἐλισσαὶου
1246 1316 1345 1385 τὴν
1397 1315 1640 1387 κεφαλὴν

79 1417 131 1467 τὸ
170 1412 499 1482 ἐκτύπωμαυ
543 1411 734 1465 τοῦτον
772 1410 1152 1481 χειροτόνησον
1197 1411 1277 1471 εἰς
1322 1408 1639 1462 ἐπίσκοπον.

80 1508 218 1561 Ἀλλὰ
244 1507 314 1577 μὴ
340 1504 669 1575 άναγγείλῃς
695 1503 863 1574 αὐτῷ,
893 1505 1103 1574 μήποτε
1133 1502 1445 1575 ἀποδράσει.
1475 1502 1547 1555 Τὸ
1585 1502 1642 1555 δέ

79 1600 245 1669 ὄνομα,
274 1596 438 1649 αὑτοῦ
498 1596 746 1649 καλεῖται
791 1594 1126 1664 Ἐπιφάνιος.
1180 1595 1383 1663 Γέγονα
1429 1594 1638 1664 ἄφρων,

80 1690 271 1741 τέκνον·
310 1686 475 1750 αὐτός
523 1703 593 1756 με
643 1687 981 1754 ἠνάγκασας.
1013 1684 1187 1737 Βλέπε
1219 1684 1273 1736 τί
1304 1684 1503 1747 ποιεῖς,
1546 1683 1642 1736 καὶ

81 1782 289 1851 πρόσεχε
310 1778 539 1849 σεαυτῷ.
566 1776 710 1847 Ἐγὼ
732 1777 841 1849 γὰρ
863 1777 1195 1847 ἀπεστάλην,
1215 1777 1243 1829 ὃ
1261 1775 1468 1847 ὤφειλα
1487 1776 1641 1846 ποιῆο

82 1891 158 1926 σαι
184 1873 430 1940 ἐποίησα.
456 1869 658 1933 Ἀθῶός
700 1870 838 1940 εἰμι.
864 1870 937 1922 Σὺ
965 1869 1069 1940 ὄψῃ
1101 1868 1196 1921 ἐπὶ
1238 1870 1373 1922 πᾶσι
1408 1866 1640 1930 τούτοις.

90 1963 325 2027 Ἀκούσας
374 1963 430 2015 δὲ
478 1961 654 2014 ταῦτα
700 1960 1037 2030 Ἐπιφάνιος,
1091 1960 1288 2013 ἔπεσεν
1334 1959 1428 2011 ἐπὶ
1471 1957 1640 2030 πρόσ-

80 2074 221 2121 ωπον,
248 2055 341 2109 καὶ
376 2046 782 2126 προσεκύνησεν
806 2053 1024 2122 Πάππῳ
1051 2050 1220 2107 εἰπών
1240 2070 1253 2083 ·
1283 2051 1376 2123 Μὴ
1397 2050 1637 2120 ὀργίζου,

80 2147 255 2216 Πάτερ.
296 2145 498 2215 φησίν·
533 2143 856 2215 ἁμαρτωλὸς
900 2144 1009 2216 γὰρ
1049 2143 1333 2217 ἄνθρωπός
1373 2145 1511 2214 εἰμι,
1547 2144 1641 2197 καὶ

81 2235 163 2285 οὑκ
207 2232 432 2304 ἐπαρκῶ
477 2232 616 2302 πρὸς
667 2231 728 2284 τὸ
777 2231 979 2302 μέτρον
1022 2232 1124 2304 τῆς
1172 2233 1493 2305 ἱερωσύνης,
1544 2232 1639 2285 καὶ

1748 592 1883 637 sem,
1915 584 1969 630 et
1996 575 2062 629 de
2088 589 2154 629 eo
2182 573 2521 628 Salvatorem
2559 591 2829 646 rogarem,
2860 577 3043 648 fulgur
3091 579 3146 633 in
3174 581 3327 636 'cella

1746 668 2111 740 resplenduit;
2143 667 2327 721 audivi
2356 682 2486 722 vero
2514 682 2707 723 vocem
2738 670 3009 725 dicentem
3041 672 3173 726 mihi
3196 688 3329 743 pec-

1745 762 1918 817 catori
1950 780 1962 816 :
1992 759 2191 829 Pappe,
2223 757 2431 829 Pappe,
2465 760 2613 814 audi.
2641 759 2756 831 Ego
2788 769 2970 816 autem
2999 764 3108 817 dixi
3128 765 3328 819 timore

1746 854 2070 924 perterritus
2100 871 2113 907 :
2143 852 2285 919 Quid
2315 852 2471 923 jubet
2494 852 2760 909 Dominus
2793 856 2984 909 meus?
3014 856 3160 911 Dixit
3193 858 3328 912 mihi

1745 947 1975 1017 benigne
2011 964 2024 999 :
2064 944 2257 1015 Surge,
2291 945 2478 1014 accipe
2530 960 2702 998 unum
2738 961 2805 999 ex
2838 946 3109 1012 diaconis,
3134 957 3189 1003 et
3225 950 3325 1005 de-

1744 1039 1942 1094 scende
1989 1039 2043 1093 in
2096 1038 2298 1093 forum.
2329 1037 2468 1093 Ecce
2519 1037 2630 1093 illic
2660 1039 2800 1108 apud
2837 1041 3172 1095 venditorem
3204 1057 3327 1096 mo-

1745 1132 1955 1186 nachus
1989 1130 2123 1185 emit
2157 1145 2313 1194 uvas,
2341 1131 2437 1200 qui
2488 1131 2626 1185 duos
2674 1147 2862 1186 secum
2912 1130 3075 1187 habet
3131 1149 3326 1188 mona-

1743 1224 1898 1288 chos,
1931 1236 1984 1278 et
2014 1222 2179 1278 Elisei
2211 1233 2377 1293 caput
2404 1224 2553 1279 illius
2580 1225 2741 1279 habet
2777 1225 3027 1297 efﬁgiem.
3060 1226 3197 1281 Eum
3238 1244 3329 1281 or-

1742 1316 1869 1370 dina
1902 1317 2242 1386 episcnpum.
2278 1315 2385 1372 Sed
2422 1332 2489 1371 ne
2522 1317 2569 1371 ei
2604 1319 2993 1383 renunties,ne
3020 1318 3161 1375 forte
3188 1319 3326 1373 eﬂ‘u-

1743 1410 1871 1480 giat.
1908 1408 2001 1463 Est
2030 1417 2214 1463 autem
2243 1409 2293 1464 ei
2322 1425 2521 1465 nomen
2567 1410 2929 1480 Epiphanius.
2962 1411 3159 1467 Factus
3198 1428 3321 1467 sum

1743 1500 2027 1570 insipiens,
2065 1500 2137 1554 liii
2174 1520 2186 1555 :
2220 1500 2337 1569 ipse
2368 1517 2454 1556 me
2500 1503 2748 1571 coegisti.
2784 1501 2918 1557 Vide
2959 1503 3089 1573 quid
3127 1502 3319 1564 facias,

1741 1598 1795 1644 et
1824 1590 2041 1645 attende
2075 1590 2175 1645 tibi
2210 1591 2333 1661 ipsi.
2365 1590 2477 1662 Ego
2513 1594 2656 1646 cnim
2686 1594 2889 1650 missus
2935 1611 3078 1660 sum,
3127 1606 3180 1650 et
3222 1592 3326 1651 feci

1743 1683 1888 1753 quod
1916 1682 2079 1738 debui
2105 1682 2303 1739 facere.
2335 1683 2467 1738 Sum
2501 1686 2712 1751 insons,
2754 1695 2808 1742 et
2840 1697 2963 1757 post
2992 1689 3106 1744 haec
3137 1689 3323 1743 omnia

1741 1774 1968 1829 videbis.
2007 1775 2145 1829 Cum
2189 1776 2304 1830 haec
2330 1787 2511 1831 autem
2540 1777 2806 1834 audiisset
2841 1779 3199 1850 Epiphanius,
3230 1797 3324 1837 ce—

1674 1849 1715 1902 B
1745 1866 1877 1921 cidit
1923 1868 1979 1920 in
2027 1865 2244 1933 faciem,
2280 1876 2335 1923 et
2380 1868 2627 1925 adoravit
2666 1849 3161 1941 Pappum.idicens
3197 1892 3210 1927 :
3245 1872 3325 1929 Ne

1747 1960 2027 2023 irascaris,
2053 1958 2241 2015 Pater.
2281 1960 2413 2015 Sum
2441 1963 2586 2017 enim
2619 1964 2801 2030 homo,
2834 1981 2934 2021 nec
2964 1965 3173 2021 suiiicio
3216 1966 3325 2020 im-

1744 2053 1952 2123 plendas
1979 2068 2251 2109 mensurae
2280 2056 2857 2127 sacerdotii.Cumque
2882 2073 3071 2114 omnes
3101 2060 3324 2114 adoras-

1747 2153 1848 2211 set,
1862 2145 2118 2199 invitavit
2140 2161 2235 2201 eos
2265 2148 2331 2201 ad
2354 2149 2667 2217 prandium.
2696 2149 2763 2204 Et
2793 2167 2918 2205 cum
2947 2152 3320 2222 prandissent,

1743 2234 1841 2289 ivit
1873 2237 2250 2306 unusquisque
2272 2236 2324 2291 in
2360 2254 2515 2294 suam
2541 2239 2860 2295 Ecclesiam.

81 2327 434 2396 προσκυνήσας
483 2326 728 2389 ἅπαντας
773 2325 1141 2396 προετρέπετο
1182 2327 1379 2390 αὐτοὺς
1425 2325 1521 2379 ἐπὶ
1564 2326 1628 2379 τὸ
1673 2326 1912 2397 ἄριστον.
1948 2331 2057 2383 Καὶ
2090 2331 2499 2402 ἁριστησάντων
2557 2332 2736 2386 αὐτῶν
2798 2333 3171 2406 ἐπορεύθησαν
3194 2336 3325 2390 ἓκα⁹

84 2435 184 2479 στος
212 2420 265 2470 ἐν
287 2419 353 2487 τῇ
384 2418 553 2471 αὑτοῦ
587 2418 902 2491 Ἐκκλησία.

140 2511 263 2577 ΑΕΓ.
302 2513 460 2566 Μετὰ
493 2513 551 2565 δὲ
591 2516 742 2585 τρεῖς
775 2515 991 2585 ἡμέρας
1024 2515 1163 2585 ἀνήρ
1202 2531 1286 2577 τις
1333 2514 1633 2585 αἰδέσιμος,

82 2604 273 2674 ὀνόματι
306 2604 644 2677 Εὐγνώμων,
688 2606 793 2659 ὑπό
815 2624 959 2670 τινος
991 2606 1377 2678 λαμπροτάτου
1410 2608 1510 2677 τῆς
1541 2610 1638 2660 πό·-

84 2694 196 2759 λεως
224 2697 419 2769 ἐϐλήθη
456 2700 516 2751 ἐν
550 2700 614 2769 τῇ
646 2697 856 2770 φυλακῇ
888 2700 967 2762 εἰς
987 2697 1151 2769 ὁλκὴν
1181 2697 1534 2769 νομισμάτων
1563 2704 1626 2767 ρ’.

85 2789 144 2840 Τὸ
161 2789 210 2841 δὲ
238 2789 403 2860 ὄνομα
431 2789 526 2843 τοῦ
561 2789 815 2860 βαλόντος
844 2789 1092 2842 ἐκαλεῖτο
1135 2790 1382 2861 Δράκων.
1416 2783 1582 2851 Οὗτος
1607 2790 1635 2840 6

86 2881 380 2952 Εύγνώμων,
399 2882 666 2953 Ῥωμαῖος
696 2881 790 2946 ὢν,
826 2882 925 2935 οὐκ
955 2878 1099 2952 εἶχεν
1130 2883 1220 2934 τὸν
1251 2881 1512 2951 ῥυόμενον
1536 2881 1635 2933 αύ-

1811 2508 2051 2567 ΧΧΧἮ.
2093 2510 2293 2568 Tribus
2337 2524 2516 2568 autem
2561 2523 2685 2583 post
2731 2513 2923 2569 diebus
2973 2516 3058 2568 vir
3099 2516 3321 2587 quidam

1741 2606 2102 2671 venerandus,
2133 2605 2351 2661 nomine
2401 2605 2741 2675 Eugnomon,
2770 2622 2800 2660 a
2847 2607 3084 2676 quodam
3133 2608 3323 2663 claris-

1741 2700 1884 2757 simo
1932 2700 2081 2757 illius
2125 2699 2361 2755 civitatis
2395 2701 2678 2770 conjectus
2720 2698 2899 2755 fuerat
2934 2701 2985 2754 in
3014 2701 3321 2754 custodiam

1739 2809 1838 2864 pro
1868 2807 2082 2847 summa
2119 2800 2335 2846 centum
2385 2807 2759 2847 nummorum.
2811 2790 3015 2847 Nomen
3062 2793 3204 2861 ejus,
3227 2791 3322 2862 qui

1740 2885 1919 2954 ipsum
1951 2884 2278 2953 coniecerat,
2316 2892 2435 2938 erat
2470 2882 2665 2939 Draco.
2700 2884 2749 2938 ls
2780 2899 2904 2938 cum
2939 2893 3084 2939 esset
3114 2883 3319 2938 Roma-

84 2974 160 3025 τὸν
201 2974 299 3027 ἀπὸ
344 2975 446 3044 τῆς
497 2974 1042 3043 φυλακῆς.Ἤκουσεν
1071 2973 1128 3026 δέ
1157 2972 1494 3042 Ἐπιφάνιος,
1540 2972 1636 3025 καὶ

1744 2990 1867 3044 nus,
1906 2978 2117 3030 nullum
2150 2977 2405 3039 habebat,
2437 2976 2530 3046 qui
2559 2990 2682 3029 eum
2714 2976 2971 3030 liberaret
2997 2992 3026 3030 a
3049 2976 3320 3031 custodia.

86 3064 321 3135 ἐπορεύθη
352 3064 491 3137 πρὸς
530 3067 622 3117 τὸν
667 3065 969 3136 Δράκοντα,
1003 3064 1099 3117 τοῦ
1128 3065 1506 3137 παρακαλέσαι
1534 3065 1632 3118 αὑ-

86 3156 177 3221 τὸν,
203 3157 339 3220 ὅπως
386 3156 654 3210 ἀπολύσει
702 3156 1038 3228 Εύγνώμονα
1082 3157 1173 3211 τὸν
1212 3158 1481 3228 Ῥωμαῖον
1527 3157 1637 3211 ἀπὸ

86 3246 169 3316 τῆς
190 3247 445 3319 φυλακῆς.
480 3243 649 3303 Εἶπεν
671 3248 727 3302 δὲ
746 3251 774 3302 6
794 3249 1019 3320 Δράκων
1049 3250 1353 3320 Ἐπιφανίῳ
1379 3267 1393 3280 ·
1423 3250 1634 3316 Βάδιζε,

88 3339 217 3408 φησι,
240 3341 573 3411 παρείσακτε
616 3339 717 3410 τῆς
760 3340 966 3403 πόλεως
994 3340 1172 3411 ἡμῶν,
1201 3347 1246 3412 ρ’
1265 3341 1575 3412 νομίσματα
1603 3340 1638 3395 ἃ

87 3430 466 3502 κεχρεὼστηκέν
503 3448 591 3503 μοι
639 3433 667 3484 6
703 3431 793 3493 σὸς
824 3433 1058 3504 ἑταῖρος,
1099 3432 1185 3495 δός
1224 3450 1312 3503 μοι
1351 3431 1512 3496 αὐτὰ,
1544 3432 1639 3484 καὶ

88 3522 194 3575 λάϐε
222 3520 536 3578 τοῦτονΪΗν
563 3524 621 3577 δὲ
670 3516 826 3586 οὗτος
879 3525 907 3576 6
956 3525 1182 3596 Δράκων
1213 3523 1464 3588 πλούσιος
1508 3523 1639 3592 σφό-

89 3614 188 3685 δρα,
215 3616 484 3687 ἀνήμερος
531 3618 646 3679 τοῖς
693 3616 935 3687 τρόποις.
952 3615 1010 3669 '0
1040 3612 1131 3669 οὖν
1159 3617 1473 3685 Ἐπιφάνιος
1515 3617 1641 3670 ἐπο-

92 3708 229 3779 ρεύθη
254 3711 308 3763 ἐν
334 3710 414 3779 τῷ
450 3705 987 3780 ἐπισκοπείῳ.Ἧσαν
1011 3709 1067 3763 δὲ
1116 3717 1161 3781 ρ’
1185 3711 1500 3781 νομίσματα
1520 3709 1638 3763 xei-

92 3817 205 3870 μενα
246 3803 301 3853 ἐν
342 3801 422 3872 τῷ
458 3802 813 3872 ἐπισκοπείῳ,
848 3802 929 3864 εἰς
974 3796 1247 3857 διακονίαν
1277 3802 1377 3873 τῆς
1410 3802 1641 3874 Ἐκκλη-

93 3894 277 3957 σὶας.⁹0
319 3891 413 3949 οὖν
441 3895 764 3962 Ἐπιφάνιος
809 3893 989 3948 λαϐὼν
1032 3896 1193 3959 αὐτὰ,
1226 3896 1515 3967 ἐπορεύθη,
1548 3897 1641 3950 καὶ

92 3988 260 4042 ἔδωκεν
298 3990 374 4060 τῷ
417 3988 702 4059 Δράκοντι,
736 3987 827 4039 καὶ
868 3986 1105 4040 ἀπέλυσε
1132 3986 1224 4040 τὸν
1262 3987 1429 4052 ξένον.
1462 3983 1557 4052 Εἷς
1581 3988 1639 4041 δέ

92 4097 158 4142 τις
197 4080 452 4143 διάκονος,
485 4079 709 4149 ὀνόματι
752 4078 987 4148 Χαρῖνος
1008 4094 1022 4108 ’
1067 4069 1221 4143 οὗτος
1280 4079 1384 4131 ὑπὸ
1429 4079 1640 4135 πολλῶν

94 4171 419 4243 ἐμαρτυρεῖτο
467 4171 700 4233 ἄτακτος
740 4165 879 4223 εἶναι
899 4187 915 4200 °
943 4170 1219 4242 διήγειρεν
1246 4172 1491 4236 ἅπαντας
1516 4174 1640 4237 τοὺς

93 4262 351 4334 κληρικοὺς
383 4262 527 4317 κατὰ
553 4263 896 4332 Ἐπιφανίου,
928 4261 1101 4331 λέγων
1120 4278 1133 4292 ·
1170 4264 1334 4317 Δεῦτε
1375 4266 1470 4318 καὶ
1517 4264 1641 4319 διώ-

95 4354 228 4425 ξομεν
252 4356 338 4409 τὸν
368 4355 518 4421 ξένον
552 4354 762 4417 τοῦτον,
811 4358 1021 4425 μήποτε
1049 4356 1342 4429 καταφάγῃ
1368 4357 1544 4411 πάντα
1571 4357 1639 4412 τὰ
1671 4346 1716 4403 Ῑ)

92 4449 173 4517 τῆς
190 4447 525 4518 Ἐκκλησὶας,
564 4446 656 4501 καὶ
680 4445 913 4517 ἐσόμεθα
944 4447 1104 4517 ἡμεῖς
1133 4446 1303 4517 ἔνοχοι
1330 4448 1430 4517 τῆς
1454 4449 1634 4519 ἁμαρ-

94 4534 310 4601 τίας.Ἦν
349 4540 405 4593 δὲ
438 4532 594 4603 οὗτος
641 4540 670 4592 6
722 4537 956 4608 Χαρῖνος
1005 4537 1257 4602 πλούσιος
1290 4538 1513 4610 σφόδρα,
1548 4541 1639 4593 καὶ

98 4630 249 4700 ἐζήτει
292 4632 477 4697 διῶξαι
516 4631 609 4684 τὸν
643 4629 978 4700 Ἐπιφάνιον,
1014 4631 1161 4695 ὅπως
1209 4631 1372 4694 αὐτὸς
1428 4632 1638 4685 καθίσει

97 4720 173 4771 ἐπὶ
198 4721 281 4773 τοῦ
309 4722 519 4793 θρόνου.
555 4720 895 4791 Ἐπέστησαν
923 4716 1015 4775 οὖν
1034 4721 1353 4792 Ἐπιφανίῳ,
1390 4721 1640 4790 λέγοντος

98 4812 173 4865 τοῦ
202 4812 426 4885 Χαρίνου
452 4815 578 4878 τοὺς
612 4814 804 4882 λόγους
834 4813 1054 4877 τούτους
1076 4831 1091 4845 ⁶
1126 4814 1238 4867 Οὐκ
1262 4814 1500 4887 ἠρκέσθη
1533 4833 1634 4879 σοι,

101 4905 253 4970 φησὶν,
280 4900 322 4959 ὦ
351 4905 659 4976 Ἐπιφάνιε,
690 4904 859 4958 ἐλθὼν
898 4904 1084 4959 ἐνθάδε
1126 4907 1199 4976 μὴ
1232 4905 1371 4976 ἔχων
1418 4906 1639 4959 ἐπενδύ-

101 5007 197 5062 την,
220 4997 305 5049 καὶ
343 4996 615 5060 ἀπέλαϐες
646 4995 744 5067 τὴν
778 4994 1126 5065 Ἐκκλησίαν,
1158 4995 1294 5049 ἀλλὰ
1321 4997 1638 5068 διασκορπί-

102 5083 192 5148 (et;
214 5087 280 5150 ὡς
305 5088 450 5153 ξένος
480 5090 550 5142 τὰ
575 5090 677 5161 τῆς
706 5088 1063 5158 Ἐκκλησίας·
1095 5088 1190 5142 καὶ
1234 5090 1318 5153 τίς
1356 5090 1527 5154 οὓτως
1552 5090 1641 5161 βα-

106 5179 289 5244 crisat;
326 5183 395 5235 Ἦ
424 5182 513 5245 δὸς
553 5181 623 5235 τὰ
672 5188 713 5254 ρ’
738 5181 1047 5252 νομίσματα
1092 5181 1191 5251 τῆς
1225 5181 1575 5253 Ἐκκλησίας›
1603 5184 1636 5254 ἢ

104 5271 360 5343 πορεύθητι
400 5274 493 5326 ἐπὶ
524 5274 634 5344 ’σὴν
685 5271 942 5343 πατρίδα.
975 5271 1276 5343 Ἐπορεύθη
1316 5267 1406 5325 οὖν
1436 5273 1464 5324 6
1506 5274 1640 5326 Ῥω-

108 5363 234 5427 μαῖος
267 5364 293 5416 6
321 5365 608 5428 ἀπολυθεὶς
652 5364 755 5418 ὑπὸ
780 5362 1097 5431 Ἐπιφάνιου
1142 5363 1234 5416 ἐπὶ
1260 5363 1358 5431 τῆς
1396 5363 1634 5434 Ῥώμης,

107 5451 180 5503 καί
206 5452 406 5509 ἅπαντα
428 5455 826 5526 καταπωλήσας
859 5454 928 5507 τὰ
948 5453 1136 5516 αὑτοῦ,
1161 5454 1388 5523 ἤνεγκεν
1413 5452 1483 5505 τὰ
1504 5454 1637 5525 χρή-

110 5557 227 5607 ματα
250 5545 562 5621 Ἐπιφανίῳ.
598 5548 791 5602 Λαϐὼν
840 5541 932 5600 οὖν
955 5544 1125 5599 ταῦτα
1152 5544 1486 5614 Ἐπιφάνιος,
1517 5546 1634 5599 δια-

109 5630 299 5693 ὂὲδωκεν
320 5643 429 5705 τοῖς
459 5644 642 5709 γρείαν
686 5629 1181 5710 ἐχουσιν.Ἔμεινεν
1209 5638 1266 5693 δὲ
1294 5638 1322 5691 ὁ
1363 5638 1631 5709 Ῥωμαῖος
1675 5699 1683 5705 ,

1741 3070 1878 3126 Cum
1935 3070 2200 3124 audiisset
2242 3068 2602 3138 Epiphanius,
2641 3077 2695 3123 et
2728 3068 2861 3123 isset
2898 3069 2963 3122 ad
3000 3068 3322 3132 Draconem,

1738 3170 1942 3215 etcum
1990 3168 2224 3231 rogaret,
2259 3168 2319 3213 ut
2345 3158 2751 3229 Eugnomonem
2781 3157 3085 3212 Romanum
3121 3156 3322 3211 libera-

1740 3262 1823 3308 ret
1853 3269 1881 3307 a
1915 3254 2164 3308 custodia
2196 3275 2207 3309 :
2244 3252 2413 3317 Vade,
2446 3252 2622 3305 Draco
2650 3251 2848 3318 inquit,
2877 3261 2932 3306 tu
2978 3252 3033 3305 in
3069 3251 3208 3307 hanc
3237 3252 3324 3305 in-

1740 3346 1937 3400 troduc
1962 3354 2017 3401 te
2038 3346 2333 3409 civitatem,
2371 3354 2425 3400 et
2465 3344 2598 3399 aﬂ’er
2625 3353 2842 3398 centum
2873 3358 3147 3407 nummos,
3180 3358 3323 3413 quos

1741 3446 1868 3492 tuus
1900 3437 2032 3491 mihi
2069 3437 2225 3492 debet
2259 3436 2490 3499 amicus,
2522 3446 2577 3491 et
2623 3435 2693 3489 da
2739 3435 2875 3489 mihi
2925 3450 3048 3498 eos,
3093 3445 3147 3489 et
3194 3450 3321 3489 eum

1739 3530 1939 3599 recipe.
1972 3528 2100 3583 Erat
2130 3538 2311 3584 autem
2340 3529 2430 3585 hic
2448 3528 2622 3583 Draco
2655 3528 2913 3601 [gentilis,
2941 3526 3017 3598 et]
3046 3527 3197 3581 dives
3222 3527 3321 3582 ad-

1741 3621 1983 3684 modum,
2016 3619 2281 3688 saevisque
2313 3617 2578 3673 moribus.
2608 3611 2946 3686 Epiphanius
2991 3625 3172 3668 autem
3222 3614 3321 3667 ivit

1741 3712 1797 3767 in
1848 3712 2243 3783 episcopatum.
2275 3710 2548 3780 Erantque
2582 3720 2798 3764 centum
2838 3708 3045 3762 nummi
3097 3706 3322 3776 repositi

1742 3807 1798 3861 in
1833 3805 2151 3876 episcopatu
2182 3804 2248 3859 ad
2282 3804 2642 3860 ministerium
2666 3798 2942 3857 Ecclesiae.
2975 3800 3042 3854 lis
3063 3800 3320 3867 acceptis,

1742 3898 1838 3953 ivit
1882 3896 2239 3968 Epiphanius,
2269 3904 2323 3951 et
2373 3910 2469 3950 eos
2518 3894 2665 3950 dedit
2694 3892 2951 3959 Draconi,
2982 3901 3035 3946 et
3071 3876 3321 3945 liberavit

1739 3990 2032 4061 hospitem.
2061 3988 2293 4055 Quidam
2330 3995 2509 4043 autem
2556 3987 2838 4051 diaconus,
2864 3984 3084 4039 nomine
3125 3983 3317 4037 Chari-

1741 4098 1846 4137 nus
1879 4081 2053 4152 (multi
2079 4093 2210 4134 vero
2237 4080 2288 4134 in
2319 4094 2445 4134 eum
2477 4063 2845 4132 testimonium
2878 4074 3145 4139 ferebant,
3171 4075 3317 4144 quod

1741 4182 1889 4230 esset
1933 4173 2241 4242 insolens),
2275 4171 2535 4226 incitabat
2559 4184 2749 4225 omnes
2782 4168 3011 4223 clericos
3052 4166 3317 4221 adversus

1742 4264 2130 4335 Epiphanium,
2162 4263 2350 4319 dicens
2384 4280 2399 4316 :
2431 4261 2586 4332 Agite
2614 4272 3009 4329 persequamur
3042 4257 3188 4311 hunc
3216 4256 3320 4309 ho-

1741 4360 1956 4428 spitem,
1989 4372 2057 4412 ne
2108 4356 2358 4411 comedat
2400 4366 2740 4424 qurecunque
2786 4358 2913 4406 sunt
2960 4347 3235 4412 Ecclesiae,
3264 4354 3319 4401 et

1741 4452 1912 4506 simus
1963 4465 2064 4504 nos
2106 4458 2329 4518 peccato
2359 4446 2601 4500 obnoxii.
2632 4443 2760 4497 Erat
2790 4451 2966 4495 autem
3008 4441 3094 4494 hic
3117 4438 3318 4493 Chari-o

1740 4556 1844 4595 nus
1874 4541 2030 4595 valde
2057 4540 2228 4603 dives,
2252 4546 2306 4592 et
2331 4536 2609 4607 qurerehat
2633 4532 2884 4603 persequi
2922 4528 3313 4599 Epiphanium,

1740 4640 1801 4685 ut
1845 4631 1961 4700 ipse
2013 4630 2224 4685 sederet
2258 4629 2312 4682 in
2349 4628 2570 4682 throno.
2615 4624 3092 4691 Surrexeruntque
3123 4635 3315 4675 omnes

1740 4722 1923 4778 clerici
1977 4721 2238 4776 adversus
2295 4718 2681 4789 Epiphaninm,
2728 4717 2941 4771 dicente
2985 4715 3101 4769 haec
3147 4714 3316 4769 verba

1740 4813 1979 4870 Charino
2024 4832 2037 4867 :
2082 4811 2201 4868 Non
2235 4813 2368 4868 satis
2395 4820 2498 4876 est,
2527 4826 2560 4865 ο
2588 4809 2877 4880 Epiphani,
2910 4809 3054 4879 quod
3088 4807 3194 4862 huc
3223 4823 3317 4861 ve-

1740 4907 1909 4971 neris,
1942 4922 2065 4961 cum
2095 4922 2205 4960 non
2243 4905 2474 4959 haberes
2518 4904 2919 4966 indumentum,
2953 4910 3006 4955 et
3038 4900 3317 4968 acceperis

1740 4998 2069 5066 Ecclesiam;
2122 4997 2216 5054 sed
2271 4998 2435 5052 etiam
2483 5004 2745 5066 tanquam
2796 4995 3017 5064 hospes,
3049 4990 3316 5059 dispergis

1739 5108 1828 5149 res
1854 5092 2139 5157 Ecclesia);
2163 5100 2215 5147 et
2243 5092 2367 5161 quis
2398 5090 2500 5145 hoc
2527 5088 2670 5146 ferre
2705 5088 2936 5159 poterit?
2964 5087 3072 5162 ᾼυι
3101 5086 3167 5139 da
3194 5100 3315 5139 cen-

1742 5194 1854 5239 tum
1908 5200 2184 5249 nummos,
2216 5193 2309 5238 aut
2344 5184 2478 5239 vade
2524 5184 2577 5238 in
2612 5191 2759 5237 tuam
2793 5179 3043 5250 patriam.
3076 5177 3177 5230 Ivit
3215 5191 3313 5229 au-

1741 5282 1846 5328 tem
1898 5273 2126 5328 Romam
2155 5273 2459 5337 Romanus,
2497 5273 2757 5326 liberatus
2787 5272 2855 5322 ab
2881 5266 3185 5336 Epiphanio
3215 5283 3228 5318 :
3261 5274 3316 5319 et

1740 5363 1993 5419 omnibus
2019 5364 2134 5419 suis
2160 5364 2415 5430 venditis,
2436 5363 2485 5418 ei
2512 5362 2692 5417 attulit
2718 5358 2995 5428 pecunias.
3018 5355 3165 5421 Quas
3188 5369 3313 5409 cum

1740 5455 2037 5526 accepisset
2067 5454 2422 5526 Epiphanius,
2452 5452 2730 5509 distribuit
2782 5451 2871 5514 iis,
2901 5447 2992 5519 qui
3047 5462 3181 5518 opus
3211 5445 3312 5499 ha-

1737 5550 1960 5605 bebant.
1982 5548 2179 5606 Mansit
2208 5565 2338 5605 vero
2356 5549 2637 5603 Romanus
2657 5560 2780 5601 cum
2809 5541 3113 5613 Epiphanio
3140 5552 3313 5608 usque

1744 5640 1809 5697 ad
1844 5650 2070 5699 mortem
2123 5656 2302 5698 suam.
2338 5639 2557 5711 Accepit
2601 5646 2779 5708 autem
2820 5631 3158 5704 Epiphanius
3185 5643 3311 5685 cen-
