3778 6306
410 269 471 323 71
1708 256 1766 313 S.
1808 252 2151 310 EPIPIIANII
2192 251 2376 306 VlTA.
3636 241 3715 291 7‘3

413 396 527 439 tum
560 397 833 446 nummos,
859 389 913 437 et
954 379 1101 433 dedit
1144 378 1405 441 Charino,
1438 379 1629 435 dicens
1654 379 1703 433 ei
1736 396 1751 432 :
1787 377 1987 446 Accipe

2197 369 2232 423 ἀ
2258 366 2579 437 Ἐπιφανίου
2611 365 2714 428 ἔως
2741 361 2952 434 ἡμέρας
2980 359 3210 415 θανάτου
3239 355 3713 412 αὺτοῦ.”Ελα6εν

372 462 376 471 ’
411 486 629 531 centum
679 489 953 535 nummos,
980 487 1118 540 quos
1168 472 1293 526 dedi
1342 486 1443 541 pro
1493 471 1728 540 hospite.
1763 470 1815 525 ls
1854 484 1987 523 vero

2196 459 2492 528 Επιφάνιος
2542 457 2611 510 τὰ
2660 461 2707 526 ρ’
2732 454 3064 525 νομίσματα,
3100 451 3197 504 καὶ
3224 450 3421 503 ἔδωκεν
3456 448 3537 519 τῷ
3580 449 3713 500 Xa.-

414 566 608 621 canina
638 565 813 619 fronte
844 564 1124 634 praeditus,
1148 573 1365 619 centum
1398 578 1655 617 nummos
1685 561 1893 630 accepit
1921 561 1988 613 ab

2196 570 2242 623 ρ,
2274 552 2448 619 λέγων
2479 549 2613 620 πρὸς
2659 548 2853 601 αὐτόν·
2887 545 3046 611 Δέξαι
3097 543 3165 597 τὰ
3208 550 3251 614 ρ’
3278 542 3641 612 νομίσματα,
3676 537 3715 592 ἃ.

419 656 745 728 Epiphanio.
779 655 1045 713 Omnibus
1078 665 1259 711 autem
1290 653 1568 709 accersitis
1592 653 1824 715 clericis,
1854 651 1992 704 Cha-

2196 664 2265 699 κα
2291 642 2535 716 ὑπὲρτοῦ
2568 641 2739 706 ξένου.
2773 636 2940 701 Οὗτος
2969 638 3048 705 δὲ,
3079 636 3241 700 κυνὸς
3267 636 3494 706 ὄμματα
3521 634 3713 703 ἔχων,

418 726 575 805 riuus
625 750 759 805 dixit
806 749 935 805 eis:
972 749 1147 819 Agite,
1177 747 1406 817 accipite
1453 753 1672 801 centum
1715 757 1990 806 nummos,

2196 737 2284 790 ὅεν
2332 736 2402 790 τὰ
2446 735 2762 805 νομίσματα
2805 727 3341 804 παράἘπιφανίου⁶
3375 726 3475 781 καὶ
3517 738 3715 795 προσ-

414 856 553 911 quos
584 841 915 909 disperserat
940 818 1313 909 Epiphanius;
1347 853 1441 892 eos
1466 836 1610 890 enim
1640 836 1709 889 ab
1728 850 1795 889 eo
1813 834 1991 903 exegi.

2200 830 2466 901 εσάμενος
2500 828 2747 888 ἅπαντας
2776 826 2902 887 τοὺς
2926 822 3242 893 κληρικοὺς,
3268 820 3455 889 ἔλεγεν
3479 818 3713 877 αὐτοῖς⁸

416 932 609 987 Clerici
641 946 772 985 vero
804 948 913 986 non
943 931 1313 1000 approbarnut
1342 929 1543 983 malum
1573 928 1817 982 animum
1848 924 1994 979 Cha-

2196 942 2279 989 ητε,
2311 923 2505 977 λάϐετε
2555 922 2623 975 τὰ
2678 927 2723 980 ρ’
2751 918 3085 990 νομίσματα,
3116 915 3152 970 ἃ
3178 911 3247 987 ἦν
3288 911 3717 1000 διασκορπὶσας

416 1025 546 1087 riui,
576 1025 669 1080 sed
700 1026 748 1079 ei
778 998 1031 1081 dixerunt
1066 1043 1080 1081 :
1112 1024 1234 1088 Abi,
1263 1039 1359 1079 eos
1390 1024 1556 1077 redde
1588 1022 1661 1085 ei,
1696 1037 1727 1075 a
1756 1037 1865 1091 quo
1900 1036 1996 1074 ac—

2196 1014 2416 1084 τιφάνιος
2434 1030 2447 1043 ⁶
2477 1012 2738 1083 ἀπῄτησα
2775 1009 2885 1079 γὰρ
2913 1007 3075 1062 αὑτὸν
3103 1006 3303 1059 πάντα.
3340 1005 3403 1059 Ol
3430 998 3717 1074 κληρικοὶ

418 1118 628 1187 cepisti.
664 1115 739 1171 ita
767 1118 813 1171 is
838 1134 933 1173 eos
974 1134 1079 1171 non
1110 1117 1344 1172 reddidit
1390 1114 1716 1184 Epiphanio.
1746 1113 1923 1183 Atque
1952 1112 1999 1165 is

2232 1108 2292 1160 οὐ
2326 1104 2721 1174 συνευδόκησαν
2771 1104 2837 1173 τῆ
2882 1102 3026 1171 κακῇ
3069 1096 3266 1171 γνώμῃ
3310 1096 3389 1165 τῷ
3423 1094 3715 1166 Χαρίνῳ,

419 1186 639 1280 quidem
673 1212 840 1266 multa
863 1212 1047 1282 gravia
1064 1218 1119 1264 et
1136 1210 1356 1280 indigna
1384 1208 1511 1264 fecit
1533 1205 1858 1278 Epiphanio.
1882 1206 2001 1277 Epi-

2196 1200 2214 1251 .’
2248 1193 2401 1251 εἷπον
2454 1195 2592 1269 πρὸς
2639 1196 2825 1248 αὐτόν·
2868 1192 3127 1255 Ἀπελθε,
3180 1192 3311 1261 παρ’
3352 1186 3414 1243 οὗ
3471 1188 3716 1251 ἔλαϐες,

418 1305 653 1374 phanius
687 1314 866 1360 autem
896 1319 1177 1375 nunquam
1205 1303 1429 1359 omnino
1471 1302 1722 1358 meminit
1766 1310 2001 1371 acceptae

2196 1291 2299 1353 Ξδος
2340 1289 2498 1344 αὐτά.
2530 1283 2698 1351 Οὗτος
2740 1286 2797 1340 δὲ
2842 1284 2966 1339 οὔτε
2998 1284 3173 1344 οὕτως
3217 1281 3508 1336 ἀπέδωκεν
3556 1279 3717 1334 αὑτά

422 1370 455 1450 ἐι
487 1395 727 1452 Charino
762 1396 993 1466 injuriae.
1029 1370 1045 1375 ’
1898 1370 1913 1371 ί

2196 1379 2425 1450 τιφανίῳ.
2457 1377 2760 1449 Πάμπολλα
2783 1370 2876 1429 οὖν
2913 1374 3063 1429 δεινά
3095 1373 3365 1443 ἐχρήσατο
3395 1374 3423 1424 6
3455 1372 3717 1439 Χαρῖνος

2104 1470 2443 1541 Ἑπιφανίῳ·
2493 1468 2656 1532 αὐτὸς
2708 1466 2766 1519 δὲ
2829 1468 2886 1519 ὲν
2950 1464 3125 1518 οὐδενὶ
3191 1462 3328 1526 ὅλως
3391 1461 3719 1532 ἑμηνίασεν

2105 1550 2277 1632 αὑτῷ.

2177 1655 2296 1707 AZ'.
2339 1653 2477 1705 Ποτὲ
2522 1645 2616 1704 οὗν
2666 1650 2889 1722 ἀρίστου
2932 1648 3081 1712 ὄντος
3131 1649 3188 1702 ὲν
3221 1645 3299 1718 τῷ
3332 1644 3721 1715 ἐπισκοπείῳ,

426 1740 482 1805 in
515 1742 850 1812 episcOpatu,
880 1742 1114 1797 habebat
1162 1741 1501 1812 Epiphanius
1533 1760 1725 1799 omnes
1773 1744 2003 1801 clericos

2196 1761 2252 1797 εν
2283 1744 2601 1811 Ἐπιφάνιος
2636 1742 2883 1802 ἅπαντας
2922 1739 3047 1801 τοὺς
3082 1737 3375 1809 κληρικοὺς
3422 1736 3525 1789 ἐπὶ
3576 1752 3709 1806 τραο

426 1833 483 1887 in
513 1848 723 1888 mensa.
761 1833 878 1888 Mos
924 1844 1102 1888 autem
1137 1841 1255 1889 erat
1301 1834 1605 1905 Epiphanio
1653 1846 1810 1891 nocte
1835 1845 1890 1891 et
1918 1837 2005 1892 die

2196 1830 2412 1907 ζηςῚΗν
2460 1834 2517 1887 δὲ
2552 1833 2671 1894 ἔθος
2705 1829 3009 1901 Ἐπιφανίῳ
3042 1830 3099 1881 ὲν
3130 1830 3252 1891 ταῖς
3294 1827 3485 1898 χερσὶν
3535 1825 3721 1880 αὑτοῦ

427 1924 629 1979 habere
654 1925 707 1978 in
734 1925 988 1981 manibus
1020 1934 1210 1981 sancta
1237 1924 1552 1996 Evangelia,
1584 1936 1638 1982 et
1670 1926 1865 1983 docere
1887 1943 2007 1981 ver-

2196 1930 2330 1983 ιτεῖν
2354 1927 2422 1981 τὰ
2453 1926 2584 1993 ἆγια
2613 1922 2946 1991 Εὑαγγέλια,
2972 1919 3165 1984 νυκτὸς
3198 1919 3293 1973 καὶ⁵
3314 1918 3533 1991 ἡμέρας
3562 1917 3715 1971 διδάο

494 1648 761 1705 XXXVII.
799 1650 935 1705 Cum
971 1650 1265 1721 aliquando
1299 1650 1520 1721 quidem
1541 1660 1686 1707 esset
1714 1651 2003 1723 prandium

430 2028 561 2069 oum
608 2015 875 2069 divinum.
906 2014 1154 2087 Cumque
1180 2019 1235 2073 in
1263 2032 1451 2072 mensa
1484 2018 1703 2073 doceret
1733 2018 2008 2089 pranden-

433 2116 513 2162 tes
559 2106 919 2177 Epiphanius,
953 2110 1089 2173 avis,
1126 2125 1246 2179 qua:
1289 2110 1488 2165 dicitur
1530 2126 1749 2178 corvus,
1796 2112 2011 2168 intense

431 2214 620 2253 vocem
648 2201 850 2255 emisit.
886 2200 1030 2255 Dixit
1058 2212 1238 2257 autem
1265 2200 1539 2258 Charinus
1569 2204 1966 2272 prandentibus
1993 2221 2007 2257 :

432 2289 697 2356 Quisnam
742 2309 809 2348 ex
850 2294 1006 2348 vobis
1054 2295 1207 2349 novit
1252 2294 1381 2364 quid
1430 2295 1645 2351 locutus
1677 2296 1744 2351 sit
1772 2295 2014 2352 corvus?

435 2381 671 2436 Verbum
730 2393 914 2437 autem
970 2384 1215 2439 divinum
1285 2387 1591 2454 exponebat
1651 2385 2009 2455 Epiphanius.

435 2470 692 2527 Eamdcm
726 2489 911 2527 vocem
947 2489 1138 2529 rursus
1167 2474 1365 2528 emittit
1402 2489 1619 2530 corvus.
1658 2474 1803 2530 Dixit
1832 2486 2011 2530 autem

437 2580 633 2620 rursus
667 2565 940 2619 Charinus
973 2584 987 2619 :
1022 2566 1158 2631 Quis
1205 2582 1271 2621 ex
1317 2568 1476 2623 vobis
1529 2570 1681 2623 novit
1710 2570 1839 2638 quid
1870 2570 2015 2624 dicat

436 2658 667 2711 corvus?
702 2656 1037 2727 Epiphanius
1082 2672 1211 2712 vero
1240 2674 1432 2714 rursus
1465 2672 1657 2713 omnes
1704 2660 1933 2714 docebat
1962 2660 2016 2713 in

438 2748 691 2817 prandio.
734 2747 906 2803 Porro
940 2759 1121 2803 autem
1155 2764 1350 2804 rursus
1400 2764 1620 2819 quoque
1668 2751 1884 2804 tertiam
1926 2766 2013 2806 vo-

439 2856 560 2895 cem
614 2840 812 2895 emittit
861 2855 1078 2896 corvus.
1116 2839 1370 2910 Dixitque
1402 2856 1597 2895 rursus
1630 2840 1902 2896 Charinus
1930 2841 2016 2905 iis,

437 2934 533 3003 qui
554 2940 710 2987 erant
739 2931 792 2985 in
817 2931 1046 3001 prandio
1076 2948 1090 2985 :
1122 2930 1241 2984 Dixi
1274 2930 1451 2995 vobis,
1481 2930 1746 2995 Quisnam
1776 2939 2019 2984 vestrum

441 3025 593 3079 novit
643 3024 773 3095 quid
820 3023 966 3077 dicat
998 3023 1231 3077 corvus?
1265 3022 1607 3093 Epiphanius
1650 3022 1785 3076 nihil
1815 3022 2020 3077 sollici-

441 3125 550 3184 tus,
578 3116 670 3171 sed
696 3115 905 3185 placido
936 3115 1084 3169 vultu
1112 3114 1250 3169 dixit
1292 3115 1531 3169 Charino
1556 3130 1568 3167 :
1600 3113 1714 3185 Ego
1743 3115 1867 3169 novi
1892 3114 2021 3184 quid

441 3208 588 3263 dicat
631 3222 849 3262 corvus.
878 3206 1015 3260 Tum
1044 3205 1318 3262 Charinus
1364 3205 1667 3276 Epiphanio
1703 3225 1716 3261 :
1748 3206 2019 3261 Annuntia

446 3299 600 3365 mihi,
626 3310 679 3353 et
703 3298 813 3353 eris
840 3298 1083 3352 omnium
1115 3295 1771 3363 nieorumidominus.Cui
1800 3313 1993 3367 respon

445 3392 525 3446 dit
556 3390 891 3461 Epiphanius
921 3407 936 3446 :
971 3390 1115 3445 Dixit
1142 3405 1359 3455 corvus,
1387 3398 1439 3445 te
1478 3404 1587 3444 non
1619 3389 1864 3445 futurum
1902 3406 2025 3444 am-

445 3483 589 3552 plius
619 3484 930 3537 diaconum.
955 3480 1089 3538 Post
1111 3496 1417 3539 sermonem
1447 3482 1593 3537 hunc
1613 3492 1794 3536 autem
1823 3491 2028 3536 tremor

446 3576 649 3630 invasit
676 3574 1007 3641 Charinum;
1041 3588 1143 3629 nec
1170 3573 1389 3629 locutus
1418 3583 1501 3628 est
1524 3572 1779 3643 amplius,
1811 3582 1904 3626 aut
1936 3587 2027 3627 co-

449 3666 639 3730 medit,
669 3675 763 3719 aut
793 3665 931 3720 bibit
959 3683 973 3720 :
1003 3664 1099 3721 sed
1129 3678 1255 3719 eum
1286 3672 1570 3734 portantes
1611 3663 1731 3734 ejus
1761 3663 1909 3733 pueri
1944 3672 2031 3716 tu-

450 3760 632 3813 lerunt
664 3758 717 3811 in
744 3758 966 3812 domum
994 3773 1175 3824 suam,
1203 3766 1259 3813 et
1281 3764 1588 3828 posuerunt
1614 3755 1668 3809 in
1698 3753 2031 3811 lecto.Mane

451 3866 580 3907 vero
607 3861 856 3906 mortuus
882 3860 969 3905 est
997 3852 1052 3905 in
1083 3852 1223 3907 lecto
1250 3866 1372 3905 suo.
1404 3848 1651 3904 Habebat
1684 3858 1868 3903 autem
1899 3863 2033 3901 uxo-

454 3959 570 3999 rem
620 3943 1019 4007 ﬁdelissimam,
1056 3958 1157 3997 nec
1206 3951 1324 3998 erat
1378 3941 1457 3997 eis
1510 3941 1675 3995 ﬁlius.
1714 3938 1792 3995 Ea
1838 3939 2034 3995 obtulit

453 4034 636 4088 omnia
687 4033 1034 4103 Epiphanio:
1069 4048 1234 4103 quam
1284 4032 1448 4087 etiam
1500 4030 1627 4086 fecit
1667 4029 2032 4085 diaconissam

454 4124 732 4180 Ecclesiae.
766 4124 1335 4180 Laboraveratautem
1386 4123 1508 4193 ejus
1560 4138 1756 4177 manus
1782 4120 2019 4192 paralysi

456 4226 699 4286 tempore
742 4216 930 4271 decem
978 4231 1271 4271 annorum.
1318 4213 1615 4285 Postquam
1650 4227 1778 4284 ergo
1807 4227 1925 4267 eam
1959 4220 2039 4265 te—

458 4309 579 4363 nuit
608 4308 966 4378 Epiphanius,
998 4318 1058 4363 ut
1085 4323 1208 4364 eam
1233 4306 1495 4376 signaret,
1524 4306 1707 4361 statim
1736 4303 2034 4368 convaluit,

2112 2038 2263 2074 σκειν
2293 2019 2385 2072 τὸν
2419 2018 2561 2071 θεῖον
2607 2015 2784 2083 λόγον.
2815 2013 2922 2066 Τοῦ
2954 2008 3046 2066 οὖν
3072 2011 3391 2081 Ἐπιφανίου
3418 2009 3721 2062 διδάσκον-

2110 2128 2202 2174 τος
2249 2108 2343 2162 ἐπὶ
2370 2106 2649 2179 τραπέζης
2692 2106 2821 2167 τοὺς
2870 2101 3227 2175 ἀριστοῦντας
3269 2101 3455 2170 ὄρνεον
3502 2100 3572 2153 τὸ
3613 2118 3723 2153 κα-

2112 2202 2371 2271 λούμενον
2419 2198 2591 2269 κόραξ
2625 2196 2914 2251 ἀποδίδωσι
2939 2193 3123 2266 φωνὴν
3150 2194 3403 2257 εὐτόνως.
3442 2188 3635 2245 Εἶπεν
3665 2194 3721 2246 δὲ

2114 2296 2347 2364 Χαρῖνος
2396 2294 2511 2354 τοῖς
2561 2287 2909 2360 ἀριστογῗδσιν⁸
2946 2286 3041 2350 Τίς
3075 2287 3133 2352 ἐξ
3168 2286 3321 2356 ὑμῶν
3359 2284 3643 2354 γινώσκει
3672 2286 3725 2337 τί

2114 2384 2493 2454 ἀπεφθέγξατο
2535 2384 2563 2435 6
2600 2380 2805 2452 κόραξ;
2836 2376 2945 2433 Ἦν
2976 2380 3031 2432 δὲ
3058 2379 3372 2449 Ἐπιφάνιος
3401 2378 3597 2432 λαλῶν
3629 2379 3725 2431 τὸν

2117 2476 2258 2530 θεῖον
2291 2476 2468 2545 λόγον.
2499 2475 2669 2527 Πάλιν
2703 2470 2795 2526 οὖν
2830 2474 2857 2525 ὁ
2886 2470 3057 2543 κόραξ
3081 2471 3371 2525 ἀποδίδωσι
3400 2470 3504 2541 τὴν
3536 2472 3725 2541 αὐτὴν

2120 2568 2305 2637 φωνήν
2330 2582 2343 2597 ο
2372 2562 2527 2618 εἶπεν
2555 2565 2611 2618 δὲ
2644 2564 2803 2617 πάλιν
2824 2566 2852 2616 ὁ
2877 2565 3112 2633 Χαρῖνος
3130 2580 3143 2593 ·
3174 2550 3270 2627 Τίς
3290 2563 3349 2629 ἐξ
3372 2562 3533 2632 ὑμῶν
3554 2564 3726 2631 γινώ-

2121 2677 2239 2713 σκει
2268 2659 2321 2711 τί
2346 2658 2495 2726 λέγει
2544 2660 2571 2711 ὁ
2605 2656 2807 2727 κόραξς
2838 2654 2943 2708 Ἦν
2979 2656 3035 2708 δὲ
3068 2653 3229 2709 πάλιν
3254 2655 3588 2725 Ἐπιφάνιος
3644 2657 3728 2709 διο

2118 2753 2333 2807 δάσκων
2382 2752 2625 2814 ἅπαντας
2667 2751 2759 2802 ἐπὶ
2790 2750 3045 2819 ἀρίστου*
3098 2748 3259 2803 πάλιν
3288 2744 3382 2803 οὖν
3411 2750 3728 2803 ἀποδίδωσι

2120 2846 2312 2916 τρίτην
2342 2844 2525 2914 φωνὴν
2554 2845 2582 2897 ό
2609 2841 2798 2915 κόραξ.
2822 2838 2990 2895 Εἶπεν
3015 2842 3072 2895 δὲ
3099 2842 3261 2896 πάλιν
3289 2844 3317 2895 6
3345 2844 3591 2912 Χαρῖνος
3609 2846 3728 2905 τοῖς

2122 2938 2217 2991 ἐπὶ
2252 2938 2508 3008 ἀρίστου·
2542 2932 2712 2988 Εἶπον
2762 2936 2914 3005 ὑμῖν,
2944 2935 3041 2997 Τίς
3070 2934 3130 2999 ἐξ
3160 2934 3314 3006 ὑμῶν
3361 2930 3505 2988 οἶδεν
3534 2935 3601 2989 τί
3631 2936 3730 2989 λα-

2048 3062 2091 3121 c
2124 3029 2205 3085 λεῖ
2243 3031 2271 3082 6
2307 3028 2511 3100 κόραξ;
2556 3026 2615 3080 '0
2664 3021 2758 3081 οὖν
2786 3026 3104 3121 Ἐπιςράνιος
3135 3027 3302 3097 μηδὲν
3334 3026 3729 3098 ἀδημονήσας,

2123 3121 2238 3175 ἀλλ’
2269 3121 2322 3173 ἐν
2373 3118 2540 3189 πολλῇ
2588 3118 2918 3172 καταστάσει
2966 3112 3121 3170 εἶπεν
3162 3116 3239 3187 τῷ
3270 3116 3526 3188 Χαρίνῳ·
3570 3117 3731 3187 Ἐγὼ

2123 3212 2376 3283 γινώσκω
2403 3212 2456 3264 τί
2482 3208 2635 3266 εἶπεν
2664 3212 2693 3263 ὁ
2720 3211 2911 3282 κόραξ.
2944 3206 3113 3263 Εἶπεν
3144 3210 3201 3264 δὲ
3225 3211 3482 3280 Χαρῖνος
3518 3212 3731 3279 Ἀνάγ-

2124 3303 2303 3372 γειλόν
2336 3319 2446 3373 μοι,
2478 3301 2575 3354 καὶ
2617 3298 2718 3373 ἔσῃ
2765 3300 2983 3354 πάντων
3014 3298 3123 3353 τῶν
3149 3298 3282 3370 ἐμοῦ
3307 3300 3512 3370 ἄρχων.
3544 3296 3731 3353 Εἶπεν

2124 3397 2181 3450 δὲ
2206 3394 2524 3464 Ἐπιφάνιος
2544 3392 2680 3464 πρὸς
2702 3392 2795 3446 τὸν
2816 3394 3050 3463 Χαρῖνον
3065 3408 3080 3424 ο
3114 3387 3281 3445 Εἶπεν
3298 3393 3326 3445 6
3353 3390 3546 3463 κόραξ,
3570 3393 3729 3456 ὅπως

2130 3489 2203 3560 μὴ
2232 3485 2297 3561 ᾗς
2321 3486 2587 3549 διάκονος.
2622 3484 2747 3539 Ἐπὶ
2774 3484 2853 3555 τῷ
2882 3484 3025 3555 λόγῳ
3052 3478 3144 3538 οὖν
3170 3482 3491 3553 Ἐπιφανίου
3520 3484 3733 3538 ἔπεσεν

2128 3579 2326 3652 τρόμος
2359 3579 2452 3631 ἐπὶ
2476 3576 2721 3648 Χαρίνῳ,
2750 3576 2845 3629 καὶ
2871 3575 3055 3628 οὐκέτι
3084 3574 3332 3645 ὲλάλησε,
3358 3574 3480 3628 οὐδὲ
3511 3575 3733 3645 ἔφαγόν

2129 3690 2181 3725 τι
2208 3671 2241 3742 ἢ
2272 3670 2424 3726 ἔπιεν
2442 3686 2456 3700 ⁸
2481 3668 2620 3723 ἀλλὰ
2642 3667 3011 3739 βαστάσαντες
3037 3666 3199 3720 αὐτὸν
3231 3668 3279 3719 oi
3309 3666 3499 3730 παῖδες
3525 3667 3730 3731 αὐτοῦ,

2131 3763 2431 3832 ἀπήνεικαν
2454 3761 2512 3814 ὲν
2543 3758 2623 3829 τῷ
2649 3760 2781 3829 οῐκῳ
2806 3758 2991 3821 αὐτοῦ,
3022 3757 3117 3811 καὶ
3150 3757 3352 3829 ἔθηκαν
3378 3757 3473 3809 ἐπὶ
3502 3757 3728 3829 κλίνης·

2132 3852 2227 3906 καὶ
2260 3856 2326 3922 τῇ
2354 3851 2523 3905 ἔωθεν
2565 3850 2833 3905 ἀπέθανεν
2864 3850 2957 3903 ἐπὶ
2979 3850 3081 3919 τῆς
3114 3849 3302 3920 κοίτης
3326 3847 3519 3904 αὑτοῦ.
3557 3847 3733 3919 Εἶχεν

2132 3945 2189 3997 δὲ
2242 3945 2475 4013 γυναῖκα
2525 3943 2881 4013 ’πιστοτάτην⁸
2930 3942 3122 3995 τέκνον
3175 3940 3231 3994 δὲ
3276 3940 3449 4009 αὐτῆς
3494 3943 3577 4011 (a)
3632 3944 3733 4011 οὐχ

2134 4035 2398 4106 ὑπῆρχεν.
2429 4032 2578 4104 Δῦτη
2629 4033 3001 4104 προσήνεγκεν
3040 4030 3338 4099 Ἐπιφανίῳ
3396 4029 3584 4085 πάντα
3610 4048 3625 4060 ο
3667 4034 3733 4101 ἣν

2136 4129 2231 4181 καὶ
2257 4126 2509 4197 ἐποίησεν
2535 4125 2779 4180 διάκονον
2806 4125 2905 4195 τῆς
2933 4122 3280 4193 Ἑκκλησίας.
3298 4123 3361 4175 'll
3390 4122 3445 4175 δὲ
3469 4124 3598 4195 χεὶρ
3637 4125 3736 4179 αὑ-

2138 4221 2234 4289 τῆς
2259 4216 2326 4291 ἦν
2365 4216 2671 4290 παρειμένη
2694 4216 2926 4287 δεκαετῆ
2956 4215 3165 4286 χρόνον.
3185 4214 3270 4278 Ὠς
3298 4209 3388 4266 οὖν
3413 4215 3736 4286 ἐκράτησεν

2139 4312 2307 4381 αὐτὴν
2354 4309 2700 4380 Ἐπιφάνιος,
2752 4310 2900 4371 ὅπως
2950 4305 3239 4379 σφραγίσει
3284 4305 3470 4375 αὐτὴν,
3515 4306 3736 4372 εὐθέως

459 4412 515 4454 et
549 4401 777 4456 liberata
810 4400 914 4455 fuit
967 4416 997 4454 a
1047 4400 1351 4455 doloribus.
1378 4399 1461 4453 Ab
1499 4398 1590 4452 illo
1615 4412 1744 4465 ergo
1776 4396 1882 4459 die,
1924 4412 2014 4466 qui

2196 4406 2375 4470 ’ίανεν,
2410 4406 2505 4457 καὶ
2535 4402 2833 4474 ἐκουφίσθη
2866 4401 2959 4455 τοῦ
2992 4401 3175 4455 πόνου.
3221 4398 3353 4451 Ἀπὸ
3377 4401 3476 4469 τῆς
3508 4399 3735 4471 ἡμέρας

457 4492 698 4547 Charino
724 4506 1032 4547 sermonem
1062 4491 1280 4546 locutus
1325 4501 1409 4545 est
1451 4488 1811 4559 Epiphanius,
1841 4496 1894 4542 et
1931 4503 2037 4542 una

459 4603 584 4644 eum
637 4601 890 4641 sermone
942 4584 1059 4654 ipse
1097 4584 1307 4655 accepit
1353 4582 1676 4638 sententiam
1727 4578 2036 4644 aDomino,

458 4696 652 4735 omnes
684 4679 870 4735 clerici
897 4677 1094 4733 timore
1116 4687 1170 4731 et
1203 4690 1438 4732 tremore
1466 4675 1695 4747 subjecti
1723 4681 1879 4729 erant
1910 4672 2037 4743 Epi-

462 4768 686 4840 phanio.

534 4859 678 4913 XXX
690 4859 823 4915 Vill.
863 4858 1036 4915 Porro
1062 4870 1243 4916 autem
1269 4860 1373 4916 hoc
1401 4873 1621 4931 quoque
1645 4858 1895 4914 servabat
1915 4856 2042 4927 Epi-

465 4956 701 5025 phanius
734 4973 747 5009 :
778 4955 1047 5026 Tempore
1078 4954 1370 5011 oblationis
1415 4968 1697 5023 nunquam
1732 4952 2044 5023 perﬁciebat

465 5047 819 5111 oblationem,
864 5046 1038 5102 donec
1070 5046 1294 5101 vidisset
1334 5045 1623 5100 visionem.
1648 5044 2044 5101 Consueverat—

466 5155 573 5207 que
600 5139 791 5194 beatus
824 5137 1042 5209 praefari
1075 5138 1239 5193 verba
1274 5137 1544 5208 quaedam,
1573 5146 1629 5194 et
1662 5137 1712 5193 ei
1744 5138 1925 5193 statim
1958 5153 2044 5193 re-

466 5229 771 5285 velabatur.
803 5228 941 5283 Cum
999 5228 1182 5297 itaque
1233 5226 1530 5296 aliquando
1563 5236 1647 5282 ter
1675 5226 1902 5281 dixisset
1926 5241 2046 5281 ser-

470 5336 710 5384 monem,
744 5320 891 5375 nulla
921 5320 971 5373 ei
1005 5334 1063 5373 se
1088 5317 1287 5371 obtulit
1317 5318 1474 5373 visio.
1503 5317 1638 5373 Cum
1673 5319 1720 5374 is
1752 5328 1933 5373 autem
1962 5318 2047 5372 lu-

472 5423 622 5483 geret
649 5422 702 5467 et
728 5421 929 5475 oraret,
958 5420 1014 5465 ut
1040 5409 1144 5465 sibi
1166 5424 1333 5465 causa
1364 5412 1778 5482 signiﬁcaretur,
1806 5412 2043 5481 primum

473 5506 727 5562 observat
754 5505 1067 5568 diaconum,
1098 5502 1192 5572 qui
1227 5518 1258 5556 a
1290 5502 1532 5559 sinistris
1577 5503 1793 5560 tenebat
1817 5504 2047 5560 ventila-

552 5681 624 5755 (a)
668 5681 935 5755 lnterpres
968 5682 1096 5753 legit
1123 5682 1323 5747 αὐτοῖς.

2137 4492 2248 4559 οὖν,
2297 4490 2364 4565 ἦς
2404 4492 2721 4563 Ἐπιφάνιος
2768 4492 3029 4563 ὲλάλησεν
3079 4492 3320 4564 Χαρίνῳ,
3351 4493 3444 4546 καὶ
3497 4496 3604 4547 σὺν
3658 4496 3737 4564 τῷ

2138 4590 2280 4659 λόγῳ
2309 4586 2473 4641 αὑτοῦ
2518 4585 2708 4639 ἔλαϐεν
2734 4585 2832 4657 τὴν
2862 4586 3137 4655 ἀπόφασιν
3165 4585 3274 4639 ἀπὸ
3310 4587 3538 4657 Κυρίου,
3577 4588 3736 4657 φόϐῳ

2141 4681 2235 4735 καὶ
2263 4680 2450 4751 τρόμῳ
2476 4679 2717 4742 ἅπαντες
2739 4680 2787 4731 οἱ
2818 4678 3071 4750 κληρικοὶ
3098 4678 3465 4733 ὑπετάσσοντο
3486 4679 3737 4750 Ἐπιφα-

2141 4774 2254 4843 νίῳ.

2216 4865 2346 4918 ΑΠ’.
2386 4858 2495 4917 Ἤν
2524 4863 2633 4933 γὰρ
2662 4863 2756 4915 καὶ
2801 4861 2960 4915 τοῦτο
3001 4860 3413 4933 πεφυλαγμένον
3439 4860 3518 4932 τῷ
3547 4880 3739 4933 μακαο

2146 4954 2246 5026 ρίῳ
2268 4970 2280 4983 ο
2313 4956 2370 5006 ὲν
2399 4954 2508 5024 γὰρ
2538 4956 2602 5023 τῇ
2632 4951 2753 5023 ὥρα
2779 4952 2877 5024 τῆς
2909 4950 3276 5021 προσενέξεως
3321 4952 3582 5005 οὐδέποτε
3613 4954 3738 5005 ἔτε-

2144 5044 2367 5097 λείωσεν
2395 5043 2493 5112 τὴν
2534 5040 2869 5113 προσένεξιν,
2903 5041 3007 5103 ἕως
3057 5035 3119 5094 οὖ
3153 5041 3258 5093 ῐδεν
3284 5040 3383 5112 τὴν
3413 5040 3697 5093 ὀπτασίαν
3720 5056 3737 5069 ο

2145 5134 2326 5189 εἰώθει
2374 5137 2403 5189 6
2456 5134 2723 5206 μακάριος
2765 5132 2943 5201 λέγειν
2991 5132 3117 5196 τοὺς
3158 5132 3369 5201 λόγους,
3402 5132 3497 5185 καὶ
3524 5132 3739 5195 εὐθέως

2146 5227 2562 5282 ἀπεκαλύπτετο
2612 5226 2782 5297 αὐτῷ.
2830 5226 2967 5278 Ποτὲ
2996 5220 3089 5278 οὖν
3116 5223 3284 5277 εἰπὼν
3312 5224 3498 5294 τρίτον
3522 5224 3621 5277 τὸν
3652 5225 3735 5276 λόο

2147 5338 2263 5389 γον,
2294 5320 2393 5374 οὐκ
2440 5320 2658 5388 ἐγένετο
2700 5319 2769 5371 τὰ
2818 5316 2916 5387 τῆς
2959 5315 3243 5379 ὀπτασίας.
3274 5314 3477 5367 Τούτου
3507 5312 3564 5366 δὲ
3603 5331 3736 5365 πεν-

2149 5412 2386 5477 θοῦντος,
2416 5412 2510 5465 κα)⁸
2554 5411 2810 5481 δεομένου
2858 5410 2997 5463 ὥστε
3050 5406 3354 5479 μηνυθῆναι
3402 5407 3501 5474 τὴν
3546 5404 3736 5457 αἰτίαν

2149 5503 2471 5576 Ἐπιφανίῳ,
2498 5504 2712 5574 πρῶτον
2740 5503 2925 5575 ἐπέχει
2968 5501 3045 5574 τῷ
3075 5502 3134 5567 ἐξ
3163 5500 3466 5574 ἀριστερῶν
3496 5498 3735 5571 διακόνῳ
