3800 6180
88 252 150 311 73
1357 265 1415 322 S.
1460 268 1807 326 EPIPHANII
1850 270 2028 330 VITA.
3263 293 3330 345 74

78 380 135 431 τὸ
177 379 520 451 ριπιστήριον
564 381 944 455 διακρατοῦντι
981 388 1040 441 τὸ
1065 388 1563 461 λειτουργικόνρὩς
1594 393 1643 446 δὲ

1720 448 1721 453 η
1754 393 1909 447 brum
1947 393 2425 452 ministratorium.
2473 397 2646 464 Quem
2677 414 2803 455 cum
2836 402 3172 472 observaret,
3205 422 3329 464 con-

78 468 303 539 ἐπέσχεν
344 471 538 542 τούτῳ,
569 473 765 545 θεωρεί
793 475 1126 547 Ἑπιφάνιος,
1172 481 1253 533 ὅτι
1287 483 1377 534 ἐπὶ
1418 484 1476 536 τὸ
1522 486 1651 555 μέτ-

77 577 219 613 ωπον
248 562 412 615 αὐτοῦ
442 564 665 636 ἐφέρετο
693 567 726 636 ἡ
756 566 1060 640 λέπραΪΗν
1094 572 1150 634 δὲ
1176 572 1333 626 τοῦτο
1356 575 1651 646 κατάδηλον

78 653 256 715 πᾶσιν,
287 652 369 706 ὃτι
392 654 629 718 ἀναίτιος
652 656 751 710 οὐκ
773 653 860 728 ἦν.
878 660 936 711 ’0
964 654 1056 712 οὖν
1084 659 1402 731 Ἐπιφάνιος
1446 666 1649 731 ἐξέτει-

74 759 128 795 νε
172 742 272 814 τὴν
306 748 499 816 χεῖραο
552 747 645 801 καὶ
690 748 752 801 τὸ
779 748 1148 820 λειτουργικὸν
1196 754 1388 819 σκεῦος
1431 756 1649 827 ἐκούφι-

78 834 376 903 σενίλέγων
412 837 549 907 πρὸς
574 840 738 893 αὑτὸν
771 842 886 911 μετ’
913 842 1200 913 εὐμενείας
1220 862 1233 876 ’
1270 849 1525 916 Ἀπελθε’
1544 868 1647 921 φη-

76 922 141 986 σὶ,
169 923 383 989 τέκνον,
411 927 469 978 ἐν
500 926 576 997 τῷ
598 927 676 999 σῷ
697 928 851 999 οἴκῳ,
880 929 976 984 καὶ
1005 933 1113 986 τῶν
1145 935 1303 989 θείων
1332 941 1645 1012 μυστηρίων

74 1014 143 1084 μὴ
182 1016 493 1091 μεταλάὅῃς
534 1020 675 1090 ἄρτι.
716 1022 932 1083 Εὐθέως
979 1026 1035 1079 δὲ
1082 1028 1243 1094 αὐτὸς
1278 1030 1520 1101 ἐξῆλθεν,
1550 1034 1645 1087 καὶ

71 1105 335 1178 ἐπορεύθη
381 1110 439 1162 ὲν
484 1109 563 1180 τῷ
608 1112 740 1182 οἴκῳ
788 1114 975 1169 αὑτοῦ.
1018 1118 1209 1172 Δίδωσι
1242 1119 1297 1172 δὲ
1326 1121 1643 1192 Ἐπιφάνιος

68 1196 208 1265 ἄλλῳ
258 1198 487 1270 διακόνῳ
531 1201 593 1255 τὸ
637 1206 998 1277 ριπιστήριον.
1032 1210 1142 1262 Καὶ
1182 1211 1486 1282 ἀρξάμενος
1531 1213 1643 1268 τῶν

68 1284 221 1339 θείων
258 1288 429 1357 λόγων
466 1293 604 1361 μετὰ
657 1295 823 1363 φόϐου
857 1299 950 1351 καὶ
979 1298 1248 1371 δακρύων,
1286 1303 1361 1366 ὼς
1394 1304 1641 1358 ἐτελείω-

67 1390 172 1436 σεν,
203 1378 409 1444 εὐθέως
454 1382 558 1437 ἴδεν
606 1386 703 1456 τὴν
736 1386 1019 1444 ὀπτασίαν.
1054 1392 1208 1446 Μετὰ
1233 1393 1289 1447 δὲ
1316 1396 1413 1466 τὴν
1440 1398 1640 1450 ἀπόλυ-

67 1483 146 1519 σιν
170 1470 274 1533 τῆς
300 1471 614 1543 ἐκκλησίας,
651 1480 1161 1552 προσκαλεσάμενος
1187 1480 1503 1554 Ἐπιφὰνιος
1545 1489 1636 1543 τὸν

64 1555 327 1619 διάκονον,
347 1561 531 1631 ἠρώτα
565 1565 757 1635 μαθεῖν
780 1570 948 1624 θέλων
977 1572 1074 1643 τὴν
1108 1575 1313 1630 αἰτίαν·
1345 1578 1439 1631 τοῦ
1465 1579 1521 1631 δὲ
1549 1580 1635 1633 λέ-

62 1662 270 1713 γοντος,
305 1651 386 1703 ὅτι
410 1653 507 1724 τὴν
537 1655 706 1711 νύκτα
736 1661 950 1731 ἐκείνην
974 1664 1111 1734 μετὰ
1136 1668 1235 1736 τῆς
1257 1669 1512 1735 γυναικὸς
1535 1672 1632 1724 αύ-

60 1737 148 1791 τοῦ
180 1742 472 1815 ἐκοιμήθη,

60 1828 344 1900 lepus-sfw,
375 1831 527 1889 εἶπεν
557 1840 694 1909 πρὸς
719 1843 916 1907 αὐτοὺς
950 1846 1065 1914 μετ’
1095 1848 1379 1918 εὐμενείας
1403 1870 1417 1883 α
1455 1854 1629 1923 Ὅσοι,

58 1921 205 1990 φησὶ,
259 1924 446 1991 τέκνα,
495 1929 866 2004 κατηξιώθητε
916 1934 1012 1988 τοῦ
1063 1937 1284 2010 κλήρου,
1324 1942 1521 1997 λύσατε
1562 1921 1633 2000 τὰ

55 2011 365 2082 διαδήματα
406 2018 580 2089 ὑμῶν,
612 2021 704 2074 τοῦ
739 2024 812 2096 μὴ
848 2025 1050 2096 βαίνειν
1089 2030 1181 2084 ἐπὶ
1223 2033 1452 2099 τούτοις,
1483 2037 1631 2103 ὅπως

55 2103 425 2177 θεραπεύσητε
464 2111 608 2164 ὅσιον
653 2114 818 2184 ἄνδρα
842 2117 933 2170 τὸν
958 2118 1045 2170 ἐπ’
1073 2120 1390 2192 ἐκκλησίαις
1421 2143 1488 2193 κη
1500 2126 1627 2197 ρύτ·

52 2210 226 2259 τοντα,
268 2199 363 2251 καὶ
406 2199 665 2268 λέγοντα·
696 2204 806 2258 Καὶ
846 2210 900 2261 οἱ
926 2207 1171 2278 ἔχοντες
1201 2214 1510 2282 γυναῖκας,
1547 2218 1649 2284 ὡς’

50 2285 126 2352 μὴ
145 2287 418 2356 ἔχοντες.
437 2291 534 2346 Ἐκ
558 2295 677 2348 τότε
705 2293 796 2350 οὖν
822 2299 1006 2352 οὐκέτι
1043 2301 1363 2371 ἐχειροτόνει
1391 2306 1624 2378 Ἐπιφά-

54 2393 155 2440 νιος
187 2379 385 2449 ἔχοντα
411 2387 661 2454 γυναῖκα,
690 2388 824 2442 ἀλλά
849 2389 1047 2462 ἄνδρας
1070 2393 1268 2460 ὁσίους,
1294 2398 1384 2451 τδν
1415 2402 1621 2475 μονήρη

53 2465 157 2535 βίον
176 2474 636 2562 ξετερχομένους.
665 2478 759 2531 καὶ
785 2480 979 2551 ἄνδρας
1004 2485 1204 2552 γήθους
1229 2465 1623 2562 δεὼκιρασιίέλ

52 2556 305 2624 γους-Ἦν
330 2565 439 2637 γὰρ
476 2566 690 2637 ἀληθῶς
722 2569 849 2623 ίδείν
878 2571 976 2644 τὴν
1003 2572 1351 2647 Ἐκκλησίαν,
1381 2556 1457 2642 ὧς
1486 2556 1622 2653 νύμ-

49 2666 147 2723 φην
178 2654 360 2727 καλὴν
389 2662 934 2734 περικεκοσμημένην
965 2665 1074 2719 ἀπὸ
1096 2668 1193 2740 τῆς
1226 2670 1548 2743 ἱερωσύνης.

141 2815 165 2847 ³
200 2813 225 2869 1
257 2814 384 2873 Cor.
417 2834 516 2886 vn,
544 2819 633 2877 29.
736 2904 741 2908 ν

1754 485 1955 539 siderat
1988 485 2325 556 Epiphanius
2364 490 2418 543 in
2460 491 2580 561 ejus
2608 492 2784 549 fronte
2808 510 3072 565 apparere
3096 499 3325 569 lepram.

1750 575 1893 631 Nulli
1913 589 2092 633 autem
2108 596 2214 635 non
2231 591 2351 637 erat
2366 582 3034 651 manifestum,diaconum
3051 606 3117 646 eo
3135 593 3329 648 morbo

1750 669 2019 725 laborare.
2060 670 2395 741 Epiphanius
2426 674 2612 745 itaque
2630 692 2853 732 manum
2878 682 3141 747 extendit,
3166 692 3221 739 et
3249 683 3328 738 in-

1749 769 2113 816 strumentum
2143 763 2339 819 levavit
2379 766 2865 835 ministratorium,
2896 771 2946 825 ei
2979 772 3213 844 benigne
3240 775 3325 829 di-

1746 867 1877 908 cens
1912 873 1924 909 :
1957 852 2125 920 Vade,
2164 855 2260 922 ﬁli,
2289 857 2344 911 in
2388 858 2610 913 domum
2650 869 2819 926 tuam,
2846 871 2901 917 et
2928 878 2996 917 ne
3033 866 3195 921 modo
3223 883 3321 922 su-

1745 950 1864 1001 mas
1889 946 2071 1001 divina
2094 949 2368 1019 mysteria.
2392 949 2511 1021 Ipse
2533 960 2712 1007 autem
2743 954 2924 1008 statim
2945 970 3200 1025 egressus
3216 970 3320 1023 est,

1743 1046 1797 1092 et
1824 1039 1920 1094 ivit
1948 1040 2002 1094 in
2031 1040 2256 1096 domum
2290 1057 2465 1098 suam.
2498 1043 2706 1114 Datque
2734 1045 3070 1116 Epiphanius
3098 1050 3324 1105 ventila-

1742 1129 1900 1184 brum
1950 1132 2041 1187 alii
2069 1133 2320 1188 diacono.
2348 1134 2595 1205 Cumque
2623 1136 2805 1191 divina
2836 1139 3000 1193 verba
3032 1140 3324 1211 incepisset

1739 1233 1863 1275 cum
1917 1233 2063 1279 metu
2099 1232 2154 1279 et
2194 1225 2469 1297 lacrymis,
2525 1227 2614 1281 ubi
2663 1229 2909 1298 perfecit,
2956 1233 3142 1286 statim
3186 1233 3318 1288 vidit

1739 1313 2024 1369 visionem.
2057 1313 2188 1372 Post
2208 1318 2450 1373 ecclesia:
2480 1328 2660 1374 autem
2701 1321 3099 1389 dimissionem,
3130 1339 3316 1380 accer-

1736 1404 1843 1459 sito
1871 1406 2121 1475 diacono,
2153 1425 2220 1464 ex
2269 1424 2336 1465 eo
2382 1411 2693 1466 sciscitatur
2722 1427 2965 1469 causam.
2995 1412 3241 1484 Cumque
3268 1416 3316 1471 is

1735 1495 1959 1564 diceret,
1989 1499 2133 1568 quod
2178 1499 2269 1554 illa
2314 1512 2471 1556 nocte
2516 1502 2815 1558 dormierat
2842 1518 2967 1558 cum
2998 1518 3185 1569 uxore,
3219 1520 3314 1560 ac-

1734 1591 1936 1646 cersito
1967 1600 2082 1648 toto
2118 1595 2309 1651 ordine
2355 1605 2592 1665 sacrato,
2627 1597 2707 1653 eis
2753 1598 2986 1668 benigne
3014 1598 3151 1653 dixit
3183 1596 3315 1668 Epi-

1732 1681 1967 1750 phanius
1998 1702 2012 1739 :
2048 1684 2391 1758 Quicunque,
2424 1703 2457 1743 o
2492 1688 2610 1754 ﬁlii,
2640 1689 2787 1744 clero
2816 1689 2965 1761 digni
2994 1691 3127 1746 estis
3156 1689 3313 1744 babi-

511 1750 1022 1823 προσκαλεσάμενος
1046 1755 1361 1827 Ἐπιφάνιος
1392 1760 1535 1814 ἅπαν
1570 1764 1631 1817 τὸ

1739 1774 1800 1839 ti,
1836 1776 2028 1833 solvite
2061 1779 2429 1835 calceamenta
2459 1789 2657 1848 vestra,
2690 1788 2750 1835 ut
2775 1795 2881 1834 non
2935 1780 2990 1835 in
3040 1780 3109 1835 iis
3139 1781 3314 1851 ingre-

1736 1864 1984 1932 diamini,
2008 1877 2063 1923 et
2083 1879 2142 1923 ut
2166 1870 2356 1926 colatis
2389 1871 2564 1925 virum
2601 1880 2872 1935 sanctum,
2906 1872 2999 1942 qui
3038 1871 3092 1925 in
3125 1871 3313 1926 Eccle-

1735 1960 1815 2013 sia
1840 1960 2094 2027 praedicat
2127 1970 2182 2016 et
2222 1962 2353 2018 dicit
2388 1981 2401 2017 :
2434 1962 2505 2016 Et
2532 1963 2776 2018 habentes
2807 1979 3017 2029 uxores,
3053 1972 3307 2033 tanquam

1735 2050 2099 2106 non‘lzabentes
2113 2052 2153 2106 ⁸.
2185 2052 2262 2107 Ex
2310 2054 2413 2110 hoc
2438 2070 2568 2126 ergo
2614 2071 2723 2111 non
2754 2056 2988 2125 amplius
3020 2055 3309 2111 ordinabat

1734 2136 2067 2207 Epiphanius
2113 2157 2229 2206 eos,
2284 2144 2375 2212 qui
2425 2145 2685 2199 haberent
2723 2160 2971 2210 uxorem,
3018 2145 3113 2201 sed
3157 2146 3306 2201 viros

1733 2238 1969 2291 sanctos,
2002 2233 2094 2302 qui
2139 2232 2308 2289 vitam
2356 2240 2681 2291 exercebant
2729 2236 3115 2300 monasticam,
3150 2244 3205 2290 et
3226 2236 3308 2288 vi-

1731 2319 1868 2391 duos
1894 2323 2039 2378 viros
2086 2325 2364 2394 probatos.
2398 2325 2620 2383 Licebat
2650 2328 2794 2382 enim
2828 2343 2953 2383 vere
2982 2328 3163 2383 videre
3198 2326 3306 2383 Ec-

1730 2410 1973 2493 clesiam,
2003 2423 2265 2486 tanquam
2297 2417 2582 2488 pulchram
2626 2433 2887 2489 sponsam
2931 2427 3181 2475 ornatam
3210 2434 3297 2475 sa-

1729 2502 1992 2557 cerdotio.

54 3035 3263 3099 —___._________________________

296 3202 881 3295 ΠΟΛΥΒΙΟΥ
928 3210 1603 3303 ΕΠΙΣΚΟΠΟΥ
1664 3216 2119 3306 ΠΟΛΕΩΣ
2176 3222 3031 3344 ΡΙΝΟΚΟΡΟΥΡΩΝ

1354 3395 1461 3451 ΕΙΣ
1501 3398 1590 3451 ΤΑ
1639 3399 1983 3456 ΥΠΟΛΟΙΠΑ

44 3534 183 3596 ΥΟΥ
226 3542 417 3597 ΒΙΟΥ
458 3544 601 3599 ΤΟΥ
624 3548 862 3603 ΑΓΙΟΥ
902 3554 1193 3617 ΠΑΤΡΟΣ
1253 3558 1464 3611 ΗΜΩΝ
1494 3554 1912 3613 ΕΠΙΦΑΝΙΟΥ
1949 3561 2386 3617 ΕΠΙΣΚΟΠΟΥ
2434 3567 2728 3624 ΠΟΛΕΩΣ
2755 3569 3281 3629 ΚΩΝΣΤΑΝΤιΑΣι

441 3891 941 3986 POLYBII
1042 3898 1589 3995 EPISCOPI
1665 3905 2831 4005 RHINOCORUBORUM

1508 4095 1814 4168 RELIQUA

898 4252 1052 4315 Vitae
1092 4254 1152 4314 S.
1192 4254 1531 4336 Epiphanii
1565 4257 2050 4323 Constantiensis
2101 4262 2408 4343 epiSCOpi.

87 4562 209 4617 A9.
233 4564 377 4629 Δόξα
393 4562 474 4635 τῷ
491 4565 778 4636 παρέχοντι
799 4569 932 4639 ἡμῖν
954 4571 1015 4623 τὸ
1038 4570 1161 4642 ζῇν,
1180 4572 1297 4644 Θεῷ
1316 4574 1427 4629 τῶν
1443 4575 1598 4642 ὅλων,
1628 4584 1643 4639 1

1773 4578 2013 4633 XXXIX.
2056 4580 2236 4636 Gloria
2280 4579 2392 4636 Deo
2414 4618 2428 4646 ,
2466 4580 2560 4651 qui
2594 4580 2753 4638 nobis
2786 4583 2989 4651 praebet
3036 4593 3095 4639 ut
3124 4586 3274 4641 viva-

26 4654 112 4707 καὶ
142 4655 426 4721 δοξάζοντι
460 4660 586 4721 τοὺς
625 4659 944 4725 δοξάζοντας
977 4663 1140 4717 αὑτὸν
1161 4704 1175 4727 ,
1216 4665 1400 4730 καθώς
1431 4683 1595 4736 φησιν

23 4747 49 4797 ὁ
80 4745 217 4811 θεῖος
245 4748 439 4816 λόγος’
483 4750 635 4805 Ἀλλ’
676 4751 714 4820 ἢ
743 4752 885 4819 τοὺς
926 4753 1283 4821 δοξάζον-τάς
1314 4775 1391 4826 με
1422 4758 1599 4823 δοξά-

23 4853 103 4888 σω
119 4854 133 4868 ο
156 4841 255 4893 καὶ
286 4844 321 4895 ὁ
347 4840 682 4905 ἐξουθενῶν
698 4861 775 4911 με
794 4845 1285 4914 ἀτιμασθήσεται.
1324 4849 1593 4917 Ἐγένετο,

32 4930 298 5002 Ἰωάννην,
322 4932 416 4985 τὸν
442 4933 588 4986 ὅσιον
609 4934 849 5005 Πατέρα,
882 4938 1235 5008 ἀῤῥωστῆσαι
1260 4940 1592 5011 ἀρρωστίαν,

19 5026 75 5076 δι’
105 5024 171 5098 ἧς
202 5029 301 5081 καὶ
334 5028 625 5083 ἀπέθανεν.
673 5031 785 5085 Kal.
814 5032 877 5102 δὴ
918 5033 1201 5103 συσχεθεὶς
1230 5035 1323 5088 ἐπὶ
1350 5036 1449 5107 τῆς
1478 5035 1593 5088 κλί-

17 5136 105 5187 νης
146 5120 340 5184 αὑτοῦ,
389 5122 903 5194 προσκαλεσάμενός
953 5144 1041 5196 με,
1097 5122 1250 5180 εἶπεν
1292 5127 1429 5198 πρός
1482 5145 1550 5199 με
1574 5144 1589 5159 ⁶

16 5209 202 5265 Τέκνον
236 5213 494 5266 Πολύὸιε.
531 5210 698 5267 Εἶπον
751 5216 808 5269 δὲ
854 5218 990 5289 πρὸς
1016 5218 1226 5271 αὐτόν’
1282 5220 1348 5272 Τί
1392 5220 1587 5285 θέλεις,

16 5300 216 5373 Πάτερ;
241 5301 418 5359 Εἷπν
454 5305 510 5359 δέ
541 5324 660 5376 μοι·
696 5306 913 5379 Ἐπειδὴ
938 5307 1255 5377 Ἐπιεράνιος
1301 5310 1589 5365 διακωλύει

16 5391 142 5464 ειπερ
168 5398 199 5448 ὁ
221 5396 362 5461 Θεὸς
390 5398 460 5451 δι’
484 5398 650 5452 αὐτοῦ
689 5400 939 5453 ἀπετέλει
978 5402 1319 5472 γράφεσθαιο
1357 5402 1487 5456 λάϐε
1519 5402 1584 5475 δὴ

14 5485 168 5540 ταῦτα
198 5491 272 5543 τὰ
300 5491 529 5563 χαρτία·
572 5492 677 5553 ἕως
703 5492 811 5563 γὰρ
846 5494 1085 5566 σήμερον
1124 5496 1268 5567 ἅπερ
1300 5496 1406 5551 ἴδον
1434 5496 1585 5550 Ἐπι-

75 5638 96 5671 ⁹
128 5639 147 5696 Ι
184 5640 323 5715 Reg.
369 5659 430 5707 ιι,
474 5644 561 5700 50.

319 5733 597 5794 PATBOL.
643 5735 761 5797 Gn.
806 5737 972 5800 XLI.

1704 4686 1845 4740 mus,
1872 4679 1927 4727 et
1954 4667 2219 4741 glorificat
2241 4686 2337 4728 eos
2379 4672 2471 4742 qui
2509 4672 2689 4743 ipsum
2738 4672 3059 4743 glorilicant,
3083 4692 3273 4747 quem-

1704 4761 1997 4817 admodum
2027 4762 2159 4818 dicit
2186 4762 2411 4817 verbum
2438 4762 2684 4817 divinum
2717 4782 2733 4818 :
2785 4761 3154 4834 Gloriﬁsantes
3192 4783 3273 4824 me

1703 4854 2045 4923 glori/icabo;
2090 4864 2139 4909 et
2166 4854 2257 4925 qui
2306 4870 2386 4908 me
2443 4852 2661 4925 spernit,
2695 4868 2967 4926 spernetur
2984 4858 3025 4912 ’.
3059 4858 3273 4915 Accidit

1700 4955 1761 4999 ut
1808 4944 2048 5002 Joannes
2092 4956 2317 5002 sanctus
2368 4945 2532 5001 Pater
2585 4946 2859 5003 laboraret
2900 4950 3116 5015 morbo,
3159 4968 3271 5021 quo

1697 5035 1860 5090 etiam
1909 5046 1994 5091 est
2050 5046 2322 5092 mortuus.
2375 5038 2625 5107 Cumque
2674 5048 2909 5109 aegrotus
2958 5040 3166 5110 jaceret
3213 5043 3268 5097 in

1696 5125 1856 5189 lecto,
1891 5128 2156 5183 accersito
2200 5128 2333 5182 mihi
2386 5129 2523 5184 dixit
2554 5144 2566 5180 :
2600 5127 2702 5183 Fili
2735 5129 2941 5200 Polybi.
2987 5130 3102 5203 Ego
3138 5148 3269 5188 vero

1694 5218 1745 5271 ei
1799 5218 1910 5272 dixi
1952 5218 2138 5285 :Quid
2179 5219 2358 5288 jubes,
2406 5221 2602 5275 Pater?
2650 5220 2797 5275 Dixit
2846 5230 3027 5277 autem
3079 5224 3262 5278 mihi:

1698 5309 1977 5375 Quoniam
2021 5312 2272 5380 prohibet
2304 5310 2660 5382 Epiphanius,
2710 5330 2777 5369 ne
2822 5330 2925 5370 nos
2956 5302 3263 5369 litterarum

1692 5397 2044 5455 monimentis
2077 5402 2421 5467 mandemus,
2458 5420 2579 5474 qua:
2605 5402 2749 5459 Deus
2794 5420 2891 5474 per
2923 5403 3103 5473 ipsum
3146 5419 3263 5472 per-

1692 5489 1801 5561 agit
1832 5491 2118 5558 miracula,
2152 5496 2337 5566 accipe
2362 5495 2461 5551 has
2492 5496 2731 5551 chartas.
2770 5493 2905 5550 Nam
2946 5493 3003 5550 in
3047 5493 3262 5549 hodier-

2894 5738 2935 5799 3
