3800 6180
485 264 556 318 75
1795 258 1851 310 S.
1896 251 2060 310 EPll’l

2172 250 2238 305 ιιι
2276 249 2462 308 VITA.
3677 254 3725 311 76

487 403 617 440 tttttn
650 399 824 454 usque
852 383 1020 448 diem,
1065 397 1190 453 quae
1219 383 1396 453 ipsum
1444 381 1553 436 vidi
1597 380 1903 442 facientem,
1938 393 2060 434 con-

2174 374 2359 443 φάνιον
2404 377 2692 442 ποιοῦντα,
2729 391 3166 448 συνεγραφομην,
3218 377 3293 446 μὴ
3325 375 3527 440 είδότος
3561 375 3720 431 αὐτοῦ.

486 476 706 546 scripsi,
729 491 794 531 eo
823 475 1108 530 insciente.
1143 472 1226 528 Tu
1257 490 1497 544 quoque,
1527 487 1560 528 o
1591 472 1685 537 lili,
1717 487 1839 540 quae
1864 483 2058 526 conse-

485 576 722 636 quenlur
772 567 841 620 ab
893 565 1157 619 hodierno
1206 564 1331 628 dic,
1387 563 1582 618 manda
1648 562 1862 616 litteris.
1914 559 2059 612 Deus

485 658 631 713 enim
656 657 751 712 tibi
777 671 950 715 annos
981 654 1222 723 adjiciet.
1253 664 1311 709 ut
1349 665 1463 710 toto
1499 664 1746 724 tempore
1780 653 1904 706 vitae
1939 667 2060 720 per-

487 764 709 804 maneas
752 748 896 818 apud
937 747 1322 818 Epiphaniunt.
1377 746 1481 800 Sed
1513 746 1654 808 vide,
1685 759 1750 798 ne
1791 743 2052 813 negligas.

485 841 620 896 Nam
649 856 750 912 ego
777 855 996 910 quoque
1027 856 1056 894 a
1086 839 1198 894 Deo
1229 849 1411 894 motus
1435 839 1550 892 haec
1584 835 1906 904 conscripsi.
1944 831 2055 903 Ego

485 934 630 988 enim
665 932 803 986 vado
831 947 893 986 ea
920 931 1027 995 via,
1065 947 1173 1001 qua
1220 944 1434 990 omnes,
1463 931 1556 998 qui
1584 937 1713 983 sunt
1757 941 1924 996 super
1953 934 2063 978 tcr—

486 1039 625 1079 ram.
660 1022 788 1078 Post
830 1023 946 1076 [nec
995 1031 1176 1076 autem
1227 1021 1363 1074 dixit
1403 1018 1647 1073 Joannes
1681 1033 1693 1067 :
1735 1014 1875 1069 Voca
1927 1012 2059 1067 mihi

487 1125 740 1169 sanctum
790 1113 1007 1167 Patrem
1051 1121 1300 1167 nostrunt
1334 1109 1719 1180 Epiphanium.
1770 1108 1976 1177 lvique,
2010 1114 2064 1161 et

486 1204 675 1261 vocavi
743 1206 938 1273 ipsnnt.
988 1201 1067 1256 Eo
1122 1211 1308 1256 autem
1357 1201 1624 1270 ingresso,
1679 1197 1816 1252 dixit
1865 1196 2061 1252 Joanni

489 1298 824 1369 Epiphanius
867 1313 880 1348 :
945 1294 1064 1350 Non
1115 1309 1296 1357 curas,
1340 1292 1539 1362 inquit,
1589 1306 1622 1344 ο
1665 1290 1845 1355 Pater,
1897 1289 2060 1343 Deunt

489 1390 699 1461 precari
729 1405 825 1458 pro
853 1389 1052 1442 misero
1081 1394 1365 1456 peccatore
1392 1382 1696 1453 Epiphanio
1721 1382 1743 1435 ?
1771 1381 1911 1435 Dixit
1936 1394 2064 1436 vero

487 1478 724 1534 Joannes
768 1476 1067 1547 Epipltanio
1103 1493 1115 1528 .
1148 1473 1256 1528 Fac
1305 1473 1634 1532 orationem,
1680 1489 1713 1526 υ
1754 1470 1950 1536 Pater;
1984 1478 2067 1524 est

486 1571 630 1626 enim
663 1569 808 1639 quod
843 1578 1021 1623 tecum
1058 1567 1268 1636 loquar.
1322 1563 1661 1634 Epiphanius
1715 1564 1897 1633 itaque
1941 1560 2068 1615 fecit

485 1658 810 1712 orationem.
864 1655 999 1710 Cum
1051 1670 1151 1709 nos
1211 1665 1392 1709 autem
1441 1653 1806 1716 dixissemus,
1870 1651 2063 1713 Amen,

2165 467 2274 520 Καὶ
2303 468 2367 520 σὺ
2401 464 2514 531 οῦν,
2562 469 2772 530 τέκνον,
2821 469 2889 522 τά
2920 467 3188 523 ἀκόλουθα
3234 469 3343 522 ἀπὸ
3370 469 3470 538 τῆς
3505 469 3725 538 σήμερπ

2165 560 2376 630 ἡμέρας
2424 560 2862 632 ὑπομνημάτιζε.
2898 560 3051 631 Ἔχει
3084 561 3191 632 γάρ
3227 578 3308 614 σοι
3337 563 3366 612 0
3399 561 3533 623 Θεὸς
3587 576 3726 628 προς·

2170 650 2342 704 θεῖναι
2372 652 2562 723 χρόνον
2592 653 2694 718 τῆς
2720 653 2864 721 ζωῆς
2884 653 2967 722 ’(α)
3010 651 3348 720 Ἐπιφανίου,
3378 650 3542 705 τοῦτο
3589 666 3727 719 προς-

2169 743 2527 814 παραμένεις.
2576 742 2735 797 Ἀλλά
2785 743 2946 813 βλέπε
2983 743 3056 814 μὴ
3103 743 3404 814 ἀμελήσῃς,
3452 740 3614 809 κάγὼ
3641 740 3726 811 γὰρ

2168 833 2272 886 ὑπὸ
2305 832 2439 886 Θεοῦ
2470 832 2785 903 κινούμενος
2807 831 2978 886 ταῦτα
3001 833 3436 904 συνεγραφόμην.
3469 830 3623 899 Ἐγὼ
3649 833 3729 901 γὰρ

2167 923 2467 994 πορεύομαι
2512 923 2608 996 τήν
2655 923 2802 988 ὁδὸν,
2850 923 3029 988 καθὼς
3062 927 3155 978 καὶ
3196 925 3394 987 πάντες
3438 925 3492 976 οί
3523 922 3625 974 ὖπὶ
3656 927 3728 992 τῆς

2169 1015 2290 1086 γῆς.
2320 1013 2503 1068 Ταῦτα
2529 1016 2585 1069 δὲ
2610 1015 2778 1069 εἰπὼν
2804 1016 3059 1087 Ἰωάννης
3085 1011 3236 1070 εἶπεν
3272 1015 3409 1087 πρός
3439 1032 3509 1085 με

2171 1108 2261 1160 σόν
2310 1124 2400 1177 μοι
2440 1106 2531 1159 τὸν
2581 1107 2726 1160 ὅσιον
2775 1107 2994 1180 Πατέρα
3038 1106 3195 1178 ἡμῶν
3246 1105 3592 1175 Ἐπιφάνιον.
3647 1108 3730 1158 Καὶ

2170 1199 2492 1272 ἐπορεύθην,
2533 1200 2628 1253 καὶ
2673 1200 2911 1272 ἐκάλεσα
2949 1201 3131 1254 αὐτόν.
3185 1199 3532 1264 Εἰσελθόντος
3564 1201 3626 1252 δὲ
3654 1200 3729 1254 αύ-

2169 1291 2293 1356 τοῦ,
2323 1287 2474 1345 εἶπεν
2517 1292 2832 1360 Ἐπιφάνιος
2867 1269 2999 1362 τξρδς
3031 1293 3310 1364 Ἰωάννηνο
3343 1290 3620 1361 Ἀμελεῖς,
3651 1308 3729 1362 φη-

2173 1385 2278 1448 σίν,
2313 1384 2495 1454 Πάτερ
2530 1384 2805 1454 Ἰωάννης,
2852 1383 2944 1438 τοῦ
2986 1382 3237 1453 εὔχεσθαι
3267 1383 3408 1455 ὑπὲρ
3440 1382 3540 1436 τοῦ
3575 1385 3731 1455 ἁμαρ-

2169 1473 2341 1527 τωλοῦ
2372 1474 2712 1544 Ἐπιφανίου.
2765 1468 2928 1525 Εἶπεν
2959 1473 3016 1525 δὲ
3047 1473 3298 1544 Ἰωάννης
3341 1473 3482 1544 πρὸς
3521 1472 3731 1542 Ἐπιφά-

2172 1585 2280 1620 νιον
2302 1584 2316 1599 ο
2349 1566 2580 1638 Ποίησον
2606 1565 2790 1637 εὐχὴν,
2828 1559 2873 1618 ὧ
2915 1565 3115 1636 Πάτερ,
3151 1564 3260 1636 έχω
3292 1567 3400 1637 γὰρ
3429 1565 3668 1634 λαλῆσαί
3693 1585 3729 1619 τι

2173 1658 2308 1729 πρὸς
2336 1657 2416 1712 σέ.
2461 1658 2518 1712 '0
2550 1653 2643 1711 οὖν
2669 1657 2987 1727 Ἑπιφάνιος
3016 1658 3271 1728 ἐποίησεν
3297 1658 3394 1729 τὴν
3439 1657 3634 1727 εὐχήν.
3663 1657 3730 1711 Εἰ-

488 1747 624 1801 dixit
658 1745 897 1800 Joannes
945 1743 1248 1816 Epiphanio
1278 1760 1290 1795 :
1326 1745 1535 1799 Accede
1587 1743 1809 1813 propius
1841 1743 1907 1797 ad
1946 1757 2057 1805 me,

2172 1750 2373 1803 πόντων
2403 1749 2460 1802 δὲ
2503 1750 2717 1803 πάντων
2736 1750 2796 1803 τὺ
2836 1750 3026 1822 Ἀμὴν,
3057 1746 3208 1804 εἶπεν
3236 1751 3492 1818 Ἰωάννης
3516 1749 3730 1818 Ἐπιφα-

490 1837 669 1893 Pater.
720 1837 785 1891 Et
831 1837 1066 1891 accessit
1094 1836 1340 1907 propius.
1375 1835 1628 1904 Dixitque
1659 1834 1896 1890 Joannes
1930 1833 2058 1904 Epi-

490 1930 690 2001 phanio
723 1947 736 1982 :
771 1927 989 1998 impone
1033 1943 1230 1982 manus
1271 1937 1392 1981 tuas
1422 1927 1598 1983 oculis
1647 1929 1802 1982 meis.
1851 1926 1916 1982 Et
1945 1928 2062 1982 vale

489 2023 539 2077 ei
583 2022 720 2076 dixit
762 2019 1020 2085 Joannes,
1071 2031 1126 2075 et
1167 2021 1390 2075 tradidit
1439 2020 1712 2090 spiritum.
1751 2019 1805 2074 ln
1834 2018 2060 2074 Joannis

489 2124 667 2170 autent
699 2113 899 2169 collum
919 2112 1137 2179 cadens
1163 2110 1498 2182 Epiphanius
1543 2109 1709 2176 ﬂevit,
1748 2119 1800 2165 et
1830 2126 1952 2165 eum
1981 2118 2064 2164 est

490 2206 788 2266 osculatus,
819 2214 872 2259 et
898 2217 1096 2273 magno
1125 2202 1314 2258 dolore
1352 2202 1582 2258 atl‘cctus
1612 2210 1696 2258 est
1726 2200 2062 2272 Epiphanius

492 2307 710 2368 propter
740 2306 970 2352 mortem
1006 2295 1252 2351 Joannis.

559 2572 673 2627 XL.
716 2572 852 2627 Cum
879 2583 1059 2626 autem
1089 2570 1424 2642 Epiphanius
1456 2569 1750 2639 aliquando
1777 2567 2064 2623 cecidisset

491 2668 544 2721 in
579 2666 808 2727 faciem,
865 2675 922 2719 ut
955 2664 1124 2719 Deum
1160 2671 1381 2730 oraret,
1413 2672 1475 2717 ut
1501 2678 1625 2716 cum
1661 2661 1948 2731 adjuvaret
1997 2660 2063 2714 ad

489 2758 866 2813 aediﬁcandum
895 2757 1118 2811 domum
1150 2756 1357 2812 nomini
1387 2756 1506 2826 ejus
1539 2763 1679 2828 (erat
1711 2755 1856 2810 enim
1889 2755 2064 2824 prima

490 2849 716 2905 ecclesia
768 2864 930 2918 parva
980 2864 1079 2918 pro
1121 2847 1468 2902 multitudine
1501 2862 1692 2901 eorum
1737 2847 1831 2915 qui
1888 2846 2065 2914 ingrc-

491 2939 834 3008 diebantur);
862 2952 985 2991 cum
1017 2951 1242 3006 pronus,
1274 2938 1519 3005 inquam,
1543 2937 1747 3004 jacerct
1781 2936 1835 2990 in
1869 2935 2061 2990 facient

493 3030 662 3085 Deum
694 3044 877 3092 orans,
912 3045 1015 3082 vox
1051 3028 1118 3084 ad
1169 3044 1290 3083 eum
1333 3028 1472 3082 facta
1501 3037 1605 3094 est,
1669 3027 1957 3098 Epiphani,
1990 3027 2066 3082 in-

497 3121 712 3189 quiens.
743 3117 874 3173 Eam
917 3127 1094 3173 autent
1126 3134 1312 3173 vocem
1346 3135 1486 3188 saepe
1513 3129 1629 3174 erat
1657 3119 1850 3175 solitus
1878 3119 2066 3174 audire
2093 3093 2134 3150 ο

496 3209 848 3279 Epiphanius.
899 3206 1046 3262 Dixit
1091 3209 1274 3278 itaque
1317 3225 1424 3263 non
1472 3209 1877 3264 conturbatus:
1925 3209 2064 3276 Quid

492 3313 596 3363 est,
628 3300 766 3354 Deus
802 3299 918 3352 mi?
951 3297 1274 3369 Rursusque
1300 3299 1437 3353 dixit
1475 3314 1578 3353 vox
1613 3298 1801 3355 eadem
1836 3318 1849 3353 :
1887 3299 2066 3369 Incipe

492 3377 760 3448 .edilicate
786 3393 977 3446 tndem.
1006 3393 1340 3461 Epiphanius
1367 3401 1545 3446 autem
1585 3394 1832 3462 protinus
1880 3394 1929 3446 id
1958 3409 2063 3447 non

494 3486 772 3554 negligens
821 3483 971 3544 exiit,
1017 3493 1071 3538 et
1117 3483 1244 3538 fecit
1291 3486 1612 3549 orationem,
1665 3493 1718 3538 ct
1757 3493 1921 3538 totam
1961 3484 2065 3539 loci

493 3577 935 3645 consequentiam
979 3575 1308 3645 designavit,
1376 3585 1430 3630 ct
1494 3576 1741 3630 adhibuit
1803 3576 2060 3631 artilices.

496 3667 652 3723 Edis
705 3682 833 3722 vero
891 3666 1238 3722 aalilicationi
1307 3678 1571 3737 pratcrant
1638 3667 1962 3734 sexaginta.
2011 3676 2066 3721 et

496 3773 689 3828 magna
727 3756 1039 3821 multitudo,
1066 3772 1188 3827 qua:
1209 3757 1258 3811 ei
1290 3757 1364 3811 rei
1396 3757 1749 3811 ministraret.
1782 3756 1950 3810 Erant
1976 3772 2066 3810 au-

495 3861 601 3905 tem
641 3861 769 3905 tunc
806 3850 858 3903 in
895 3850 1112 3904 civitate
1156 3849 1382 3919 gentiles
1426 3850 1545 3913 viri,
1585 3849 1777 3904 divites
1808 3856 1862 3903 et
1903 3865 2066 3920 pecu-

495 3943 601 3997 niis
625 3953 678 3997 et
708 3941 1172 4013 possessionibus.

566 4034 702 4090 XLI.
743 4021 874 4088 Erat
916 4043 1095 4089 autem
1126 4032 1369 4102 quidam,
1406 4034 1499 4103 qtti
1530 4032 1825 4086 vocabatur
1867 4031 2060 4094 Draco,

486 4127 585 4198 qui
628 4142 659 4180 a
706 4126 955 4195 plurintis
988 4125 1271 4179 dicebatur
1313 4123 1538 4192 Magnus
1574 4123 1766 4178 Draco.
1806 4125 1855 4178 ls
1901 4123 2063 4178 hahe-

493 4220 585 4273 bat
636 4219 827 4273 liliunt.
875 4217 1183 4272 Vocabatur
1232 4233 1360 4274 vero
1424 4217 1538 4286 ipse
1587 4233 1804 4286 quoque
1866 4216 2059 4270 Draco.

493 4309 544 4364 ls
584 4312 634 4363 itt
676 4310 899 4364 dextero
931 4310 1095 4363 latere
1121 4308 1399 4363 laborabat
1427 4310 1575 4380 gravi
1602 4317 1759 4362 mslu.
1816 4307 2062 4378 Cumque

486 4413 644 4473 pater
670 4404 789 4472 ejus
835 4402 1000 4456 multa
1033 4403 1457 4472 consumpsisset
1511 4403 1563 4455 in
1601 4401 1860 4464 mediros,
1904 4400 1954 4453 id
1995 4401 2060 4454 ad

491 4496 780 4549 sanitatem
812 4494 946 4547 nihil
966 4495 1013 4548 ei
1040 4492 1333 4564 profuerat.
1367 4492 1597 4562 Magnus
1626 4492 1865 4561 crgo'ille
1889 4490 2062 4546 Draco

491 4597 550 4636 se
580 4583 720 4637 male
745 4583 973 4652 gerebat
1021 4584 1073 4636 itt
1116 4582 1477 4653 Epiphaniam
1511 4592 1565 4638 et
1595 4584 1774 4638 verbis
1802 4592 1855 4638 et
1883 4583 2057 4638 lactis.

493 4671 824 4741 Epiphanius
851 4684 1030 4729 autem
1075 4673 1122 4729 si
1151 4677 1371 4744 quando
1415 4689 1539 4729 eum
1585 4674 1820 4740 videbat,
1852 4676 2062 4745 primus

492 4763 780 4817 salutabat.
812 4765 1059 4834 Cumque
1101 4766 1394 4835 aliquando
1439 4770 1697 4823 transiret
1725 4767 2061 4839 Epiphanius

493 4869 587 4922 per
614 4854 812 4918 locum,
848 4858 937 4911 ubi
973 4858 1026 4910 in
1058 4858 1273 4912 sedibus
1309 4859 1570 4914 sedebant
1611 4875 1805 4916 omnes
1842 4861 2058 4928 divites,

490 4950 608 4995 erat
653 4940 878 5012 Magnus
906 4960 1122 5014 quoque
1169 4945 1375 5009 Draco,
1412 4956 1466 5001 et
1497 4947 1615 5017 ejus
1656 4947 1800 5003 ﬁlius
1827 4958 2062 5017 aegrotus

494 5033 546 5086 in
575 5047 640 5087 eo
667 5035 806 5088 loco.
839 5036 973 5089 Cum
1009 5045 1187 5090 autem
1221 5038 1580 5108 Epiphanium
1615 5039 1900 5108 vidissent,
1931 5057 2058 5096 eum

493 5126 809 5181 irridebant.
842 5126 977 5182 Cum
1006 5142 1134 5181 vero
1171 5131 1656 5201 appropinquasset
1701 5131 2056 5203 Epiphanius,

490 5228 544 5272 et
569 5233 662 5274 cos
689 5221 999 5283 salutasset,
1033 5236 1192 5274 manu
1224 5225 1395 5276 tenuit
1422 5235 1682 5294 aegrotum
1731 5225 2056 5291 Draconem,

491 5313 572 5368 sic
597 5311 782 5366 dicens
813 5327 825 5364 :
860 5309 1054 5373 Draco,
1084 5319 1142 5364 tu
1167 5327 1382 5381 quoque
1408 5323 1524 5368 esto
1560 5329 1746 5370 sanus.
1777 5315 1844 5370 Et
1872 5316 2056 5371 statim

490 5417 616 5456 cum
646 5401 894 5456 oratione
912 5400 1197 5472 Epiphanii
1230 5402 1404 5460 factus
1433 5414 1516 5461 est
1540 5422 1724 5462 sanus.
1757 5407 1929 5464 Draco
1957 5424 2058 5463 au-

491 5501 596 5547 tem
622 5530 638 5555 ,
671 5501 725 5547 et
757 5492 849 5561 qui
894 5493 1177 5562 viderunt,
1225 5510 1416 5552 omnes
1465 5497 1878 5566 obstupuerunt.
1915 5499 2052 5554 Cum

561 5690 638 5760 (α)
679 5689 836 5746 Deest
865 5690 1086 5758 aliquid.

2165 1841 2263 1912 νίῳ
2283 1859 2297 1872 ο
2321 1841 2578 1910 Ἔγγισὸν
2622 1859 2732 1913 μοι,
2771 1842 2972 1914 Πάτερ.
3001 1840 3106 1896 Καὶ
3131 1842 3356 1912 ἤγγισεν
3381 1840 3555 1910 αὐτῷ.
3588 1837 3732 1893 Εἶεν

2165 1934 2222 1986 δὲ
2241 1933 2493 2004 Ἰωάννης
2514 1933 2648 2006 πρὸς
2676 1931 2995 2002 Ἐπιφάνιον
3017 1949 3033 1964 ’
3065 1933 3283 1996 Ἐπίθες
3302 1932 3401 1995 τὰς
3427 1933 3623 2003 χεῖράς
3655 1951 3729 1985 σου

2168 2027 2259 2080 ἐπὶ
2288 2027 2414 2088 τοὺς
2446 2025 2756 2096 ὀφθαλμούς
2791 2043 2916 2096 μου,
2965 2027 3059 2080 καὶ
3099 2025 3346 2080 ἄσπασαί
3393 2042 3498 2095 με,
3530 2024 3728 2094 Πάτερ·

2171 2118 2280 2171 ἰδοὺ
2303 2117 2410 2189 γὰρ
2435 2118 2687 2172 ἐκλείπω.
2721 2119 2830 2172 Καὶ
2863 2117 3130 2190 ἐπέθηκεν
3159 2117 3479 2186 Ἐπιφάνιος
3505 2117 3607 2170 ἐπὶ
3632 2119 3731 2180 τοὺς

2166 2208 2475 2278 ὀφθαλμοὺς
2509 2208 2695 2269 αὐτοῦ,
2723 2208 2816 2260 καὶ
2845 2207 3130 2278 ἠσπάσατο
3153 2205 3335 2261 αὐτόν.
3369 2206 3480 2259 Καὶ
3495 2205 3733 2275 Ἰωάννης

2169 2302 2477 2372 παρέδωκεν
2535 2303 2596 2354 τὸ
2640 2301 2889 2370 πνεῦμα·
2947 2302 3041 2356 καὶ
3109 2298 3386 2355 ἐπιπεσὼν
3429 2297 3732 2366 Ἑπιφάνιος

2169 2394 2261 2446 ἐπὶ
2287 2392 2379 2446 τοῦ
2419 2393 2687 2464 τραχήλου
2713 2393 2960 2446 Ἰωάννου
2991 2393 3254 2446 ἔκλαυσεν
3284 2391 3468 2456 αὑτὸν,
3505 2390 3608 2444 καὶ
3635 2389 3733 2441 ἐλυ-

2170 2484 2316 2555 πήθη
2345 2483 2658 2554 Ἐπιφάνιος
2688 2485 2780 2538 ἐπὶ
2814 2488 2876 2556 τῇ
2914 2484 3134 2555 τελευτῇ
3161 2484 3436 2538 Ἰωάννου.

2239 2579 2327 2631 Μ’.
2385 2577 2521 2630 Ποτὲ
2585 2573 2677 2630 οὖν
2722 2577 3036 2647 Ἐπιφάνιος
3085 2575 3267 2629 πεσὼν
3317 2577 3411 2628 ἐπὶ
3461 2575 3735 2646 πρόσωπον

2170 2664 2260 2716 τοῦ
2291 2664 2668 2736 παρακαλέσαι
2700 2665 2790 2719 τὸν
2819 2667 2971 2728 Θεὸν,
3019 2667 3167 2729 ὅπως
3194 2664 3551 2735 ἀντιλήψεται
3582 2663 3733 2732 αὐτῷ,

2170 2753 2516 2824 οἰκοδομῆσαι
2537 2749 2684 2807 οἷκον
2712 2754 2790 2825 τῷ
2817 2757 3040 2826 ὀνόματι
3069 2755 3232 2809 αὐτοῦ
3260 2751 3350 2827 (ἦν
3369 2755 3480 2826 γὰρ
3498 2757 3534 2826 ἡ
3562 2754 3734 2826 πρώτη

2170 2846 2432 2917 ἐκκλησία
2467 2847 2640 2919 μικρὰ
2670 2848 2802 2920 πρὸς
2827 2850 2953 2910 τοὺς
2981 2847 3417 2919 εἰσερχομένους)
3440 2865 3455 2879 ο
3483 2848 3566 2912 ὡς
3595 2849 3653 2901 δὲ
3681 2844 3736 2918 ἦν

2170 2938 2261 2989 ἐπὶ
2294 2937 2582 3008 πρόσωπον
2607 2937 2856 3008 δεόμενος
2881 2939 2973 2992 τοῦ
2999 2939 3133 2992 Θεοῦ
3169 2939 3297 3010 περὶ
3318 2939 3418 3010 τῆς
3439 2940 3636 3008 χρείας
3658 2939 3733 2991 τοῦ

2170 3027 2320 3090 ναοῦ,
2354 3029 2445 3082 τοῦ
2473 3028 2605 3082 Θεοῦ
2639 3030 2788 3101 φωνή
2816 3030 3033 3099 ἐγένετο
3056 3031 3191 3102 πρὸς
3216 3031 3378 3084 αὐτόν
3396 3047 3410 3061 ·
3438 3030 3736 3100 Ἐπιφὰνιε,

2172 3117 2354 3190 φησίν.
2415 3117 2475 3174 Ὀ
2517 3121 2574 3174 δὲ
2619 3120 2934 3188 Ἐπιςράνιος
2985 3121 3163 3174 εἰώθει
3214 3120 3475 3185 πολλάκις
3529 3121 3738 3175 ἀκούειν

2171 3210 2422 3282 τοιαύτης
2450 3212 2633 3282 φωνῆς
2655 3230 2667 3242 ·
2720 3213 2794 3284 μὴ
2820 3213 3106 3284 ταραχθεὶς
3137 3209 3232 3266 οὖν
3268 3208 3420 3267 εἶπεν
3440 3230 3454 3241 ’
3480 3212 3552 3264 Τί
3584 3215 3738 3274 ἐστιν,

2170 3301 2198 3352 0
2235 3299 2365 3364 Θεός
2413 3318 2548 3371 μους
2596 3302 2705 3355 Καὶ
2745 3302 2941 3356 πάλινο
2975 3302 3170 3373 Ἀρξαι
3195 3301 3289 3356 τοῦ
3328 3303 3637 3373 οἰκοδομεῖν
3661 3302 3740 3353 τὸν

2171 3387 2337 3446 οἷκον.
2379 3394 2436 3447 '0
2464 3393 2520 3446 δὲ
2565 3393 2880 3462 Ἐπιφάνιος
2919 3394 3120 3457 εὐθέως
3162 3393 3237 3465 μὴ
3277 3393 3553 3465 μελλήσας
3600 3393 3741 3462 ἐξῆλ-

2173 3485 2283 3551 Θεν,
2320 3489 2412 3540 καὶ
2438 3486 2696 3557 εποίησεν
2727 3487 2825 3557 τήν
2851 3485 3036 3558 εὐχὴν,
3063 3485 3159 3540 καὶ
3185 3486 3364 3539 πᾶσαν
3386 3485 3482 3556 τὴν
3518 3485 3738 3539 ἀκολου-

2171 3574 2318 3629 θείαν
2348 3575 2441 3628 τοῦ
2471 3577 2657 3641 τόπου,
2689 3577 2780 3630 καὶ
2806 3576 3147 3648 παρέστησεν
3173 3575 3438 3645 τεχνίτας.
3465 3570 3658 3628 Ἦσαν
3693 3573 3741 3625 δὲ

2170 3670 2216 3720 οἱ
2263 3669 2518 3738 ἄρχοντες
2548 3669 2646 3740 τῆς
2690 3668 2975 3740 οἰκοδομῆς
3027 3667 3118 3722 τοῦ
3161 3668 3310 3721 οἴκου
3346 3665 3409 3730 ξ’,
3440 3667 3540 3719 καὶ
3571 3666 3738 3734 πλήθη

2172 3757 2340 3810 πολλὰ
2387 3759 2466 3822 εἰς
2511 3758 2609 3830 τὴν
2658 3758 2861 3813 τούτων
2904 3759 3226 3830 ὑπηρεσίαν.
3275 3753 3453 3812 Ἦσαν
3519 3759 3581 3811 δὲ
3632 3759 3741 3810 τότε

2173 3850 2429 3921 ’Έλληνες
2451 3852 2509 3905 ὲν
2537 3854 2600 3923 τῇ
2637 3852 2788 3905 πόλει
2830 3851 3073 3905 πλούσιοι
3101 3852 3309 3924 ἄνδρες,
3340 3852 3433 3904 ἐπὶ
3463 3853 3740 3923 κυριεύσει

2170 3941 2464 4011 χρημάτων
2486 3958 2544 3993 τε
2571 3942 2664 3994 καὶ
2694 3943 3007 4012 κτημάτων.

2241 4034 2376 4086 ΜΑ’.
2426 4029 2533 4085 τΗν
2575 4032 2630 4085 δέ
2686 4050 2771 4096 τις
2811 4032 3138 4103 καλούμενος
3182 4031 3440 4102 Δράκων·
3495 4030 3654 4100 παρὰ
3691 4029 3741 4080 δὲ

2169 4121 2438 4185 πλείστοις
2464 4122 2679 4190 ἐλέγετο
2707 4123 2734 4174 0
2765 4122 2954 4189 Μέγας
2973 4120 3213 4193 Δράκων.
3236 4113 3402 4182 υῦτος
3433 4115 3588 4190 εἶχεν
3618 4120 3739 4172 υἱόν

2169 4213 2411 4266 ἐκαλεῖτο
2437 4213 2492 4266 δὲ
2522 4214 2615 4266 καὶ
2647 4205 2800 4276 οὗτος
2830 4213 3075 4286 Δράκων.
3104 4207 3273 4276 Οὗτος
3315 4213 3422 4266 ἀπὸ
3459 4213 3744 4273 καύσωνος

2169 4305 2341 4359 δεινοῦ
2384 4305 2581 4360 ἔπαθεν
2610 4308 2706 4376 τὴν
2736 4307 2915 4372 δεξιὰν
2947 4306 3204 4378 πλευράν.
3235 4308 3345 4359 Καὶ
3373 4306 3549 4360 πολλὰ
3583 4309 3615 4360 0
3652 4324 3744 4359 πα-

2168 4399 2272 4469 τὴρ
2322 4400 2483 4453 αὑτοῦ
2526 4403 2602 4464 εἰς
2647 4401 2772 4462 τοὺς
2820 4401 3035 4470 ίατροὺς
3067 4400 3563 4470 καταδαπανήσας,
3599 4400 3746 4452 οὐδὲν

2169 4489 2414 4559 ὠνήσατο
2463 4491 2560 4560 τῆς
2612 4490 2818 4558 ὑγείας.
2860 4492 2915 4544 '0
2949 4487 3041 4545 οὖν
3091 4491 3281 4559 Μέγας
3311 4492 3543 4560 Δράκων
3579 4493 3746 4544 πολλὰ

2169 4579 2508 4632 ἐπεδείκνυεν
2557 4579 2700 4634 κακὰ
2747 4581 2882 4652 πρὸς
2933 4581 3250 4650 Ἐπιφάνιον
3305 4580 3390 4633 διὰ
3433 4580 3618 4647 λόγων
3663 4583 3748 4637 καὶ,

2168 4670 2362 4741 ἔργων.
2411 4671 2468 4724 '0
2499 4672 2556 4725 δὲ
2582 4672 2895 4742 Ἐπιφάνιος
2923 4673 2976 4726 εῐ
3007 4689 3136 4726 ποτε
3175 4671 3364 4726 τοῦτον
3397 4671 3571 4742 ἑώρα,
3599 4671 3741 4742 πρῶ-

2167 4781 2258 4827 τος
2304 4763 2645 4834 προσεκύνει.
2695 4766 2834 4818 Ποτὲ
2883 4761 2976 4819 οὖν
3020 4766 3339 4835 Ἐπιφάνιος
3389 4764 3617 4836 παριὼν
3667 4766 3748 4816 διὰ

2168 4855 2350 4919 τόπου,
2400 4854 2476 4919 ὡς
2519 4851 2657 4926 ἦσαν
2699 4856 2935 4921 ἅπαντες
2985 4859 3034 4911 οἱ
3089 4857 3332 4910 πλούσιοι
3375 4857 3435 4910 ἐν
3472 4857 3556 4927 τῷ
3601 4857 3747 4925 τόπῳ

2169 4946 2463 5017 καθήμενοι
2491 4948 2584 5002 ἐπὶ
2613 4948 2850 5002 σελλίων.
2877 4944 2986 5002 τΗν
3012 4948 3068 5002 δὲ
3097 4949 3188 5002 καὶ
3218 4951 3247 5002 0
3271 4948 3460 5016 Μέγας
3490 4950 3746 5019 Δράκων,

2168 5039 2260 5092 καὶ
2306 5041 2335 5092 ὁ
2380 5039 2494 5102 υἱὸς
2534 5039 2695 5093 αὑτοῦ
2733 5043 2762 5094 0
2798 5039 3038 5095 ἀσθενῶν
3091 5043 3150 5094 ἐν
3188 5040 3266 5111 τῷ
3306 5041 3476 5110 τόπῳ.
3524 5041 3625 5104 Ὠς
3662 5039 3748 5093 οὖν

2167 5131 2274 5184 ῐδον
2303 5131 2616 5200 Ἐπιφάνιον
2639 5169 2655 5191 ,
2692 5133 3001 5201 κατεγέλων
3041 5131 3205 5184 αὐτοῦ
3227 5148 3241 5161 '
3271 5133 3300 5185 0
3334 5131 3391 5184 δὲ
3423 5132 3750 5200 Ἐπιφάνιος

2166 5223 2391 5290 ἐγγίσας
2440 5225 2532 5276 καὶ
2580 5225 2959 5295 προσκυνήσας
3004 5223 3225 5288 τούτους
3250 5263 3266 5286 ,
3304 5223 3623 5292 ἐκράτησεν
3665 5225 3748 5274 τὸν

2168 5312 2363 5384 μικρὸν
2383 5313 2658 5382 Δράκοντα
2689 5313 2796 5367 ἀπὸ
2821 5313 2919 5383 τῆς
2943 5313 3126 5384 χειρὸς
3155 5312 3317 5366 αὐτοῦ
3344 5313 3520 5376 οὕτως
3544 5313 3746 5382 λέγων·

2165 5403 2410 5475 Δράκων,
2433 5407 2586 5475 φησὶ,
2608 5405 2764 5474 γενοῦ
2791 5406 2883 5460 καὶ¹
2912 5406 3073 5469 αὐτὸς
3101 5405 3380 5474 ὑγιαίνων.
3404 5407 3514 5459 Καὶ
3536 5405 3747 5466 εὐθέως

2168 5493 2263 5545 σὺν
2295 5492 2371 5563 τῷ
2418 5492 2558 5564 λόγῳ
2596 5495 2914 5549 Ἐπιφανίου
2953 5497 3166 5564 ἐγένετο
3210 5495 3368 5566 ὑγιὴς
3413 5497 3442 5548 0
3487 5497 3746 5566 Δράκων.
