3778 6302
486 282 553 334 79
1763 287 1819 341 S.
1862 286 2202 341 EPIPIIANII
2249 287 2427 345 VITA.
3384 302 3387 303 ⁷
3655 296 3735 352 80

478 400 536 452 δὲ
583 397 832 459 Συνέσιος
864 415 1050 461 ουτως.
1079 398 1377 469 Ἐφωτῖσθη
1430 398 1483 451 δέ
1534 400 1711 467 αὐτὸς,
1758 402 1849 453 καὶ
1901 403 1930 471 ή
1974 401 2107 472 γυνὴ
2144 402 2328 467 αὐτοῦ,
2389 403 2481 456 καὶ
2536 405 2564 457 6
2607 404 2720 468 υἱὸς
2767 406 2951 471 αὐτοῦ,
2996 407 3053 460 ὃν
3104 408 3321 480 ήγειρεν
3366 408 3653 464 τεθνεῶτα
3702 412 3733 462 6

479 494 813 561 Ἐπιφάνιος.

547 586 729 642 XLIII.
770 587 901 641 Cum
940 587 1235 656 aliquando
1258 601 1503 640 essemus
1538 586 1589 640 in
1621 587 1754 650 aede,
1782 598 1835 641 et
1856 588 2029 641 nullus

2210 586 2341 639 Ml".
2383 582 2520 636 Ποτέ
2551 579 2644 637 οὖν
2674 584 2841 637 ὄντων
2866 584 3019 655 ήμῶν
3044 586 3101 639 ἐν
3128 584 3205 655 τῷ
3234 586 3386 655 οἴκῳ,
3416 585 3509 638 καὶ
3541 584 3734 655 μηδεο

476 690 621 735 esset
655 679 826 742 alius,
874 678 1011 732 dixit
1031 677 1185 756 .mibi
1234 677 1571 747 Epiphanius
1611 694 1624 729 :
1661 678 1762 731 Fili
1813 677 2034 748 Polybi,

476 770 736 838 quoniam
770 784 908 838 opus
947 770 1106 823 habet
1136 768 1376 822 Ecclesia
1404 768 1720 840 presbytero
1765 769 1818 822 in
1859 769 2035 822 locum

479 862 655 918 Patris
684 862 857 917 nostri
887 859 1115 916 Joannis
1136 902 1150 925 ,
1184 861 1303 914 volo
1323 900 1337 924 ,
1385 876 1417 914 ο
1467 861 1536 915 lili
1560 902 1577 925 ,
1615 870 1672 914 ut
1702 860 1778 915 sis
1808 860 1859 914 in
1894 860 2037 915 illius

478 956 684 1010 ordine.
716 955 849 1008 (tum
883 970 983 1024 ego
1032 962 1211 1007 autem
1259 968 1320 1006 ea
1371 967 1491 1020 quae
1545 951 1864 1007 dicebantur
1895 966 2037 1020 aagre

476 1046 697 1109 ferrem,
729 1055 783 1101 et
810 1045 985 1100 verbis
1012 1044 1260 1114 plurimis
1292 1058 1622 1106 recusarem,
1649 1044 1795 1097 venit
1822 1052 2035 1110 tempus

474 1138 748 1201 ecclesiae,
804 1144 863 1191 ut
903 1136 1144 1191 divinum
1187 1134 1490 1189 faceremus
1540 1133 1796 1188 oIIieium.
1846 1132 2030 1204 Ingre—

477 1229 747 1285 dientibus
792 1242 922 1283 vero
970 1227 1125 1283 nobis
1170 1227 1421 1281 omnibus
1466 1240 1592 1281 cum
1638 1226 1938 1295 Epiphanio
1979 1228 2032 1281 in

476 1321 781 1385 ecclesiam,
814 1319 867 1372 in
891 1319 1071 1372 animo
1098 1318 1256 1371 habui
1281 1316 1560 1386 aufugero,
1579 1318 1873 1388 presbyteri
1893 1332 2033 1372 onus

473 1425 637 1479 grave
667 1424 788 1464 esse
830 1407 1166 1462 existimans.
1215 1406 1446 1472 Quando
1476 1417 1657 1463 autem
1691 1410 2033 1476 pervenimus

472 1501 541 1554 ad
572 1506 905 1568 suggestum,
952 1496 1285 1567 Epiphanius
1318 1513 1402 1553 me
1435 1514 1598 1552 manu
1642 1510 1861 1563 tenens,
1896 1499 2032 1553 dixit

474 1587 605 1641 mihi
635 1605 649 1641 :
674 1586 828 1640 Mane
858 1589 910 1640 in
943 1587 1047 1641 hoc
1074 1586 1193 1640 loco
1216 1602 1389 1656 usque
1415 1588 1481 1643 ad
1508 1597 1741 1658 tempus.
1766 1589 2030 1643 Admirati

470 1687 617 1745 sunt,
635 1679 729 1749 qui
758 1679 903 1735 hunc
930 1694 1233 1734 sermonem
1265 1680 1573 1735 audierunt.
1605 1681 1717 1750 Ego
1748 1691 1893 1736 certe
1922 1697 2029 1737 non

471 1771 620 1841 potui
655 1769 887 1838 amplius
915 1783 982 1823 ex
1010 1784 1076 1823 eo
1111 1770 1227 1824 loco
1261 1771 1450 1839 pedem
1497 1771 1696 1835 levare,
1752 1773 1843 1826 sed
1880 1788 2028 1827 eram

471 1860 633 1917 veluti
681 1860 871 1916 ferreis
919 1860 1088 1915 clavis
1137 1863 1404 1915 conlisus.
1439 1860 1669 1926 Quando
1710 1871 1889 1917 autem
1927 1863 2028 1919 fuit

2146 674 2233 738 νὸς
2275 673 2425 735 ὄντος
2464 673 2681 743 ἐτέρου,
2713 669 2863 727 εἶπεν
2903 676 3037 745 πρὸς
3074 677 3141 745 μὲ
3171 679 3199 729 6
3229 675 3572 744 Ἐπιφάνιος·
3609 676 3732 729 Τέ-

2144 781 2267 817 κνον
2296 762 2541 825 Πολύϐιε,
2572 764 2758 834 ἐπειδὴ
2788 767 2973 835 χρείαν
3006 767 3117 837 ἔχει
3162 766 3195 838 ή
3228 768 3525 837 Ἐκκλησία
3571 785 3726 837 πρε·-

2145 856 2403 928 σὸυτέρου
2434 858 2512 919 είς
2542 855 2632 908 τὸν
2660 857 2821 910 τόπον
2868 858 2962 911 τοῦ
3002 860 3213 929 Πατρὸς
3250 859 3404 929 ήμῶν
3431 860 3727 921 Ἰωάννου,

2143 946 2278 1000 θέλω
2309 964 2389 1011 σε,
2423 949 2631 1012 τέκνον,
2662 944 2797 1000 εἶναι
2826 950 2883 1001 ἐν
2916 953 2978 1021 τῇ
3012 949 3160 1015 τάξει
3199 951 3426 1003 ἐκείνου.
3454 949 3634 1022 Ἐμοῦ
3665 953 3733 1007 δὲ

2143 1037 2351 1110 βαρέως
2380 1040 2633 1109 φέροντος
2666 1043 2756 1094 ἐπὶ
2785 1043 2895 1104 τοῖς
2914 1041 3277 1111 λαλουμένοις,
3296 1044 3389 1099 καὶ
3412 1061 3733 1114 παραιτου-

2101 1185 2110 1189 ,
2145 1130 2301 1201 μένου
2342 1131 2433 1182 ἐπὶ
2466 1130 2736 1195 πλείστοις
2782 1132 2977 1199 λόγοις,
3017 1131 3249 1199 ἔφθασεν
3295 1135 3324 1184 6
3371 1133 3562 1203 καιρὸς
3615 1133 3733 1201 τῆς

2140 1222 2449 1291 ἐκκλησίας,
2485 1222 2577 1276 τοῦ
2612 1225 2831 1294 ποιῆσαι
2856 1224 2915 1277 τὸ
2951 1224 3108 1295 ἔργον
3138 1224 3231 1277 τοῦ
3258 1225 3480 1296 Κυρίου.
3522 1225 3731 1295 Ἦμλῶν

2137 1316 2194 1370 δὲ
2225 1317 2476 1369 ἁπάντων
2520 1319 2910 1388 είσερχομένων
2946 1318 3083 1386 μετά
3122 1318 3437 1387 Ἐπιφανίου
3465 1320 3564 1371 ἐπὶ
3613 1318 3731 1386 τῆς

2139 1406 2457 1476 ἐκκλησίας,
2507 1408 2661 1476 ἔσχον
2708 1407 2964 1477 λογισμὸν
3017 1407 3108 1459 τοῦ
3154 1408 3489 1479 ἀποδρᾶσαι,
3543 1408 3730 1478 βάρος

2138 1498 2434 1568 ἡγούμενος
2481 1498 2541 1550 τὸ
2597 1499 2810 1568 φορτίον
2860 1496 2951 1550 τοῦ
3001 1498 3389 1568 πρεσϐυτέρου.
3436 1499 3568 1551 ’Ὸτε
3623 1495 3729 1551 σῦν

2136 1590 2366 1658 ἔφθασεν
2405 1590 2498 1642 ἐπὶ
2528 1590 2587 1641 τὸ
2632 1590 2779 1660 βῆμα
2800 1631 2812 1649 ,
2847 1592 3121 1659 κρατήσας
3157 1607 3224 1659 με
3254 1589 3571 1658 Ἑπιφάνιος
3614 1590 3727 1659 τῆς

2135 1681 2342 1753 χειρὸς,
2369 1676 2521 1733 εἶπεν
2562 1680 2697 1751 πρὸς
2725 1680 2791 1749 μέ
2812 1697 2825 1711 ⁸
2867 1681 3006 1733 Μένε
3040 1681 3131 1732 ἐπὶ
3170 1681 3248 1749 τῷ
3274 1682 3419 1752 τόπῳ
3445 1680 3554 1744 ἓως
3586 1698 3729 1732 και-

2138 1772 2250 1842 ροῦ.
2284 1771 2590 1836 Ἐξίσταντο
2645 1771 2701 1823 δὲ
2753 1771 2952 1835 πάντες
2999 1774 3046 1825 οἱ
3092 1772 3375 1834 ἀκούοντες
3416 1772 3510 1824 τὸν
3549 1771 3727 1840 λόγον

2132 1862 2338 1916 τοῦτον.
2369 1861 2511 1931 Ἐγὼ
2554 1858 2644 1915 οὖν
2670 1863 2849 1915 οὐκέτι
2881 1863 3148 1933 ἠδυνήθην
3184 1863 3435 1932 κουφίσαι
3473 1880 3582 1932 μου
3621 1862 3726 1916 τὸν

468 1952 732 2022 completa
782 1959 892 2006 tota
937 1951 1344 2022 consequentia,
1396 1961 1524 2006 tunc
1578 1952 1725 2005 misit
1759 1970 1924 2008 unum
1965 1971 2028 2009 ex

2200 1954 2266 2007 δα
2312 1956 2376 2007 ἐκ
2432 1955 2522 2006 τοῦ
2566 1954 2777 2007 τόπου·
2825 1954 2937 2007 ἀλλ’
2998 1957 3145 2026 ήμην
3193 1955 3268 2019 ὡς
3316 1955 3728 2026 καθηλωμένος

468 2042 731 2105 diaconis,
757 2050 811 2096 et
850 2057 937 2098 me
960 2042 1113 2096 duxit
1142 2042 1206 2096 ad
1252 2044 1442 2106 altare,
1473 2052 1524 2096 et
1557 2042 1826 2097 ordinavit
1865 2061 2018 2115 pres-

475 2132 746 2202 byterum.
799 2128 927 2184 Post
1002 2131 1244 2186 ecclesiae
1294 2144 1425 2185 vero
1477 2130 1869 2195 dimissionem,
1920 2149 2029 2203 prae

466 2230 613 2275 metu
662 2219 829 2274 cecidi
858 2220 911 2274 in
948 2221 1176 2289 lectum,
1211 2231 1265 2276 et
1328 2223 1484 2278 valde
1535 2225 1588 2279 in
1632 2225 1854 2297 grabato
1879 2239 2030 2280 com-

465 2310 758 2382 primebar,
778 2312 948 2367 donec
971 2312 1307 2384 Epiphanius
1325 2314 1604 2387 ingressus
1626 2326 1727 2381 est,
1743 2328 1795 2372 et
1818 2318 2023 2383 oravit;

464 2408 519 2454 et
547 2399 727 2455 statim
759 2401 992 2455 surrexi.

536 2675 719 2753 XLIV.
756 2678 1061 2746 Aliquando
1084 2689 1265 2735 autem
1299 2682 1447 2736 venit
1497 2683 1714 2753 quidam
1764 2683 2024 2740 diaconus

468 2765 879 2837 Herosoiymis,
911 2780 964 2823 et
993 2772 1328 2828 renuntiavit
1369 2773 1671 2843 Epiphanio
1725 2775 1791 2828 de
1817 2774 2024 2829 Joanne

461 2861 716 2931 episcopo
778 2860 1288 2932 Hierosolymitano,
1325 2865 1470 2932 quod
1526 2875 1670 2918 esset
1726 2880 1941 2926 avarus,
1970 2874 2025 2919 et

464 2953 764 3007 includeret
792 2954 1072 3023 pecunias,
1096 2964 1150 3008 et
1179 2970 1284 3009 non
1334 2956 1701 3024 suppeditaret
1734 2956 2022 3025 indigenti-

2136 2045 2272 2116 μετά
2300 2046 2415 2115 σιδή
2428 2064 2552 2116 ρων.
2579 2047 2705 2099 Ὅτε
2734 2046 2788 2098 δέ
2816 2045 3105 2117 ἐπληρώθη
3141 2049 3290 2100 πᾶσα
3326 2049 3359 2117 ἠ
3388 2047 3723 2111 ἀκολουθία,

2130 2135 2251 2188 τότε
2280 2135 2591 2188 ἀπέστειλεν
2620 2136 2715 2188 ἕνα
2732 2135 2838 2188 τῶν
2862 2135 3140 2201 διακόνων,
3158 2135 3252 2189 καὶ
3276 2135 3479 2204 ἤγαγέν
3512 2152 3585 2205 με
3622 2136 3726 2187 ἐπὶ

2130 2227 2223 2279 τοῦ
2247 2226 2649 2296 θυσιαστηρίου,
2681 2228 2774 2280 καὶ
2805 2226 3178 2297 ἐχειροτόνησέ
3213 2245 3281 2296 με
3306 2226 3721 2298 πρεσϐύτερον·

2132 2318 2225 2369 καὶ
2265 2316 2401 2386 μετά
2433 2317 2530 2386 τὴν
2559 2316 2818 2373 ἀπόλυσιν
2858 2317 2955 2388 τῆς
2997 2316 3320 2386 ἐκκλησίας,
3366 2317 3479 2379 ,ἀπὸ
3534 2318 3723 2387 φόϐου

2132 2406 2298 2459 ἐπεσα
2338 2407 2431 2459 ἐπὶ
2479 2408 2576 2477 τῆς
2629 2406 2833 2475 κλίνης,
2885 2407 2981 2460 καὶ
3024 2407 3172 2478 ήμην
3217 2407 3569 2476 συνεχόμενος
3616 2408 3724 2461 ἐπὶ

2131 2496 2428 2566 κραὸάτου,
2461 2496 2565 2558 ἕως
2593 2489 2652 2548 οὗ
2682 2492 2842 2565 ἦλθεν
2876 2494 3210 2563 Ἐπιφάνιος,
3236 2496 3328 2548 καὶ
3361 2494 3587 2565 ηὔξατο,
3616 2498 3724 2549 καὶ

2130 2585 2326 2647 εὐθέως
2361 2584 2611 2652 ἀνέστην.

2200 2677 2328 2729 MA'.
2365 2676 2498 2727 Τότε
2530 2673 2620 2727 οὖν
2656 2674 2731 2744 (a)
2772 2674 3095 2745 παρεγένετό
3122 2690 3202 2737 τις
3235 2673 3343 2727 ἀπὸ
3400 2674 3721 2747 Ἰεροσολύ-

2132 2783 2245 2834 μων
2282 2764 2543 2830 διάκονος,
2603 2765 2694 2817 καὶ
2740 2764 3069 2836 ἀπήγγειλεν
3120 2764 3416 2835 Ἐπιφανίῳ
3466 2766 3535 2820 τά
3569 2772 3723 2841 περὶ

2128 2856 2372 2909 Ἰωάννου
2405 2855 2497 2908 τοῦ
2531 2855 2832 2908 ἐπισκόπου
2873 2854 3252 2926 Ἱεροσολύμων
3274 2897 3289 2920 ,
3319 2858 3400 2909 ὅτι
3430 2857 3721 2931 φιλάργυ-

2132 2963 2241 3016 ρος,
2272 2948 2455 3017 φησὶν,
2489 2947 2657 3011 ἐστὶν,
2685 2947 2778 2999 καὶ
2802 2945 2872 2999 τὰ
2913 2948 3166 3017 χρήματα
3211 2947 3575 3003 ἐναποκλείων
3618 2954 3721 3005 ἐν-

352 5452 355 5455 ,
444 5392 587 5461 quod
612 5380 617 5383 ’
673 5398 885 5459 oportet
905 5429 920 5454 ,

462 3036 583 3091 lus.
618 3034 963 3093 IIabitaverat
987 3048 1165 3092 autem
1197 3038 1284 3093 hic
1328 3037 1565 3095 Joannes
1608 3040 1663 3093 in
1693 3040 2022 3094 monasterio

2200 3037 2396 3106 >μένοις
2427 3036 2485 3089 οὐ
2521 3036 2766 3106 παρέχει.
2798 3032 2907 3089 Ἦν
2927 3037 2983 3089 δέ
3020 3039 3048 3089 6
3075 3037 3325 3108 Ἰωάννης
3358 3031 3513 3101 οὗτος
3539 3041 3719 3114 οἰχή-

463 3126 645 3196 magni
680 3125 971 3182 Hilarionis
1003 3144 1015 3179 :
1048 3143 1159 3197 quo
1191 3126 1391 3182 factum
1419 3138 1521 3195 est,
1567 3139 1626 3185 ut
1657 3146 1762 3184 una
1805 3145 2021 3200 quoque

2200 3143 2225 3189 ς
2250 3127 2308 3177 ἐν
2346 3125 2423 3196 τῷ
2465 3125 2807 3196 μοναστηρίῳ
2841 3124 2931 3177 τοῦ
2960 3125 3190 3195 μεγάλου
3250 3125 3578 3196 Ἰλαρίωνος,
3632 3130 3721 3192 ὡς

460 3232 582 3272 cum
604 3226 669 3272 eo
692 3218 945 3272 habitarit
966 3218 1317 3288 Epiphanius.
1337 3218 1669 3289 Epiphanius
1692 3223 1872 3292 itaque
1894 3224 2021 3277 scri-

2200 3216 2441 3284 πιφάνιος
2470 3216 2775 3286 συνῴκησεν
2799 3214 2964 3285 αὐτῷ.
2996 3215 3055 3267 '0
3083 3211 3502 3284 οὖνἘπιφάνιος
3531 3216 3722 3289 ἐγρα-

459 3309 568 3378 psit
592 3310 869 3379 epistolam
901 3309 966 3363 ad
1014 3308 1274 3365 Joannem
1305 3311 1370 3365 de
1404 3312 1773 3367 misericordia
1816 3314 1871 3366 in
1902 3329 2015 3379 eos,

2200 3325 2220 3357 ν
2253 3305 2539 3376 ἐπιστολὴν
2553 3304 2630 3374 τῷ
2650 3304 2890 3375 Ἰωάννῃ,
2910 3321 2975 3356 πε
2986 3305 3038 3374 pi.
3064 3305 3157 3357 τοῦ
3177 3306 3344 3357 ἐλεεῖν
3362 3307 3485 3369 τοὺς
3502 3309 3719 3375 χρείαν

456 3401 550 3470 qui
582 3402 840 3473 indigent.
869 3400 1103 3456 Joannes
1128 3411 1305 3458 autem
1339 3405 1578 3473 epistolae
1606 3406 1806 3460 nullam
1833 3407 2019 3461 habuit

2200 3415 2355 3460 ιντας.
2399 3397 2453 3450 ὐ
2481 3397 2537 3449 δὲ
2568 3397 2817 3468 Ἰωάννης
2845 3396 2996 3449 ούδέν
3043 3397 3142 3466 τῆς
3186 3399 3468 3469 ἐπιστολῆς
3500 3401 3717 3472 ἐποίη-

460 3492 745 3546 rationem.
782 3491 899 3548 Non
932 3494 1004 3547 ita
1051 3494 1219 3548 multo
1275 3505 1395 3566 post
1431 3501 1672 3564 tempore
1710 3497 1846 3550 dixit
1886 3498 2017 3551 mihi

2200 3506 2232 3539 ρ.
2265 3488 2417 3541 Μετά
2466 3486 2522 3540 δέ
2545 3487 2730 3558 χρόνον
2754 3487 2813 3539 οὐ
2839 3486 3002 3540 πολὺν
3032 3484 3181 3540 εἶπεν
3207 3488 3521 3557 Ἐπιφάνιος
3556 3491 3718 3561 πρὸς

458 3580 792 3652 Epiphanius
826 3602 838 3636 :
872 3583 1003 3654 Age,
1044 3584 1136 3648 lili,
1160 3601 1350 3641 eamus
1394 3584 1751 3651 Hierusalem,
1800 3599 1852 3641 et
1890 3604 2014 3643 cum

2206 3597 2218 3609 ·
2261 3579 2429 3652 Δεῦρο
2460 3580 2545 3651 δὴ,
2580 3580 2804 3644 τέκνον,
2856 3580 3250 3651 πορευσῴμεθα
3293 3583 3370 3645 είς
3422 3582 3717 3653 Ἰερουσα-

457 3671 886 3738 adoraverimus,
943 3683 1297 3729 revertemur.
1352 3676 1487 3730 Cum
1532 3692 1562 3731 e
1609 3676 1784 3747 Cypro
1834 3688 2013 3732 autem

2200 3690 2248 3733 λ..
2276 3672 2370 3724 καὶ
2409 3672 2882 3742 προσκυνήσαντες
2932 3670 3284 3743 ἀναλύσωμεν
3354 3673 3718 3745 ’Λπάραντες

459 3761 833 3826 solvissemus,
890 3764 1262 3834 navigavimus
1312 3767 1610 3822 Caesaream
1671 3767 1929 3837 Philippi;
1964 3780 2016 3823 et

2200 3762 2298 3813 ἀπὸ
2323 3760 2544 3831 Κύπρου
2571 3760 2988 3831 ἀπεπλεύσαμεν
3009 3763 3065 3818 ἐν
3090 3763 3389 3835 Καισαρείᾳ
3410 3767 3477 3835 τῇ
3504 3765 3717 3820 Φιλίπ-

458 3853 607 3907 illinc
622 3854 966 3919 ascendimus
992 3854 1345 3910 Hierusalem.
1374 3859 1619 3925 Cumque
1641 3860 1841 3928 egressi
1867 3876 2015 3914 esse—

2200 3874 2217 3904 J
2241 3870 2253 3883 ’
2284 3852 2537 3905 κάκεῖθεν
2574 3851 2842 3923 ἀνέὸημεν
2867 3856 2945 3916 εἰς
2980 3854 3355 3926 Ἰεροσόλυμα’
3385 3857 3478 3909 καὶ
3514 3858 3716 3914 ἐλθόν-

457 3958 580 3998 mus
606 3953 660 3998 et
690 3960 1020 4008 orassemus,
1051 3948 1395 4001 ascendimus
1420 3948 1470 4001 in
1504 3951 1894 4019 episropatum.
1931 3949 2015 4005 Vi-

2200 3962 2204 3999 :
2229 3943 2321 3995 καὶ
2348 3942 2630 4014 εὐξάμενοι
2660 3944 2928 4013 ἀνέὸημεν
2958 3945 3037 4007 εἰς
3087 3944 3147 3996 τὸ
3175 3946 3521 3998 ἐπισκοπεῖον
3544 3963 3556 3976 °
3606 3950 3715 4003 καὶ

454 4034 638 4105 ditque
669 4033 906 4090 Joannes
938 4033 1321 4105 Epiphanium,
1348 4047 1400 4092 et
1433 4056 1626 4109 magno
1667 4041 1766 4094 fuit
1791 4041 2013 4098 alI‘cctus

2200 4050 2222 4085 ν
2250 4033 2498 4100 Ἰωάννης
2523 4034 2611 4085 τὸν
2638 4034 2970 4101 Ἐπιφάνιον,
3007 4034 3097 4086 καὶ
3130 4036 3298 4105 ἐχάρη
3322 4036 3493 4106 χαρὰν
3518 4042 3714 4106 μεγά-

452 4126 673 4195 gaudio.
698 4125 893 4179 Joanni
951 4135 1129 4181 autem
1158 4129 1293 4181 dixit
1325 4129 1657 4198 Epiphanius
1693 4149 1705 4183 :
1744 4132 1818 4186 Da
1858 4135 2012 4197 mihi,

2200 4142 2233 4179 ι.
2268 4120 2435 4178 Εἶπεν
2462 4125 2515 4176 δὲ
2547 4126 2863 4193 Ἐπιφάνιος
2895 4125 2970 4196 τῷ
3008 4126 3229 4200 Ἰωάννῃ
3254 4145 3267 4157 '
3317 4128 3414 4191 Δός
3437 4146 3552 4197 μοι,
3591 4150 3712 4203 φη-

454 4216 629 4281 I‘ater,
656 4217 873 4269 domum
894 4216 959 4270 ad
984 4219 1327 4272 manendum.
1345 4218 1601 4290 Deditque
1616 4223 1773 4277 nobis
1792 4223 2012 4278 domum

2248 4211 2393 4267 οῖγον
2466 4214 2522 4267 τέ
2625 4234 2638 4250 κ
2733 4216 2901 4267 ’κὶα-ὸ
2975 4220 3020 4244 ”
3161 4219 3256 4238 ’³⁸
3653 4227 3677 4239 ”

2207 4254 2221 4277 ,
2283 4255 2331 4267 ..
2400 4258 2413 4279 ,
2500 4232 2673 4278 σκνο),
2728 4232 2796 4268 ειι
2853 4247 2868 4266 ι
2931 4234 3129 4286 μειναι.
3184 4219 3395 4271 Εοωκεν
3451 4220 3509 4273 δὲ
3554 4225 3711 4293 ἡμιν

455 4308 892 4376 pulcherrimam.
955 4307 1209 4374 Quotidie
1265 4321 1445 4364 autem
1497 4314 1725 4368 vocabat
1775 4312 2012 4369 Joannes

2200 4306 2398 4358 λλιστον
2425 4301 2589 4360 οἷκον.
2625 4306 2759 4359 Καθ’
2791 4307 2999 4377 ἡμέραν
3030 4304 3119 4361 οὖν
3152 4311 3180 4362 6
3204 4310 3452 4380 Ἰωάννης
3498 4312 3709 4367 ἐκάλει

452 4398 816 4468 Epiphaniam
851 4398 917 4451 ad
973 4414 1239 4461 mensam,
1273 4409 1728 4470 sumptuososque
1782 4405 1929 4457 cibos
1962 4416 2014 4459 et

2200 4416 2207 4444 ν
2235 4398 2553 4466 Ἑπιεράνιον
2582 4399 2669 4450 ἐπί
2703 4399 2998 4470 τραπέζης,
3022 4400 3114 4452 καὶ
3169 4399 3510 4454 πολυτέλειαν
3536 4402 3707 4475 βρω-

449 4499 615 4559 potus
650 4490 807 4542 nobis
853 4489 905 4541 in
958 4504 1197 4543 mensam
1249 4490 1455 4544 ferebat
1504 4491 1872 4566 [multumque
1922 4515 2012 4552 ar-

2200 4504 2299 4539 των
2352 4488 2442 4539 καὶ
2470 4488 2724 4557 πομάτων
2749 4489 2936 4560 ἔφερεν
2964 4491 3093 4560 ἡμῖν
3114 4493 3170 4543 ἐν
3192 4494 3258 4561 τῇ
3289 4491 3556 4562 τραπέζῃ,
3581 4497 3708 4550 τῶν

448 4580 595 4648 genti
618 4580 999 4634 commutando
1019 4580 1273 4634 aﬂerebat
1303 4582 1353 4634 in
1375 4583 1674 4656 mensam];
1698 4604 1803 4656 quo
1834 4590 2010 4655 Iiebat,

2202 4580 2446 4647 πενήτων
2498 4578 2740 4650 ἀμοίρων
2779 4581 2965 4641 ὄντων,
2999 4581 3092 4634 καὶ
3122 4582 3227 4634 ἀπὸ
3272 4582 3493 4637 τούτων.
3546 4585 3708 4643 Ποτὲ

2262 4662 2284 4682 Ῡ
2416 4668 2473 4682 οΙἾ
2601 4668 2610 4681 ρ
2841 4670 2854 4682 ι
2923 4671 2961 4682 ι-
3027 4672 3036 4682 ι
3250 4675 3260 4682 .
3289 4674 3301 4682 .
3618 4677 3630 4682 μ

449 4680 513 4723 ut
551 4686 813 4738 pauperes
848 4686 955 4723 non
980 4680 1161 4723 essent
1186 4672 1493 4741 participes.
1526 4676 1829 4744 Aliquando
1888 4696 2014 4733 vero

2200 4684 2207 4712 ι
2236 4662 2387 4719 εἶπεν
2416 4668 2730 4736 Ἐπιφάνιος
2763 4670 2895 4739 πρὸς
2923 4671 3203 4741 Ἰωάννην·
3235 4674 3331 4735 Δός
3350 4690 3457 4742 μοι,
3491 4677 3704 4745 φησὶν,

453 4761 590 4814 dixit
635 4760 826 4815 Joanni
860 4761 1195 4831 Epiphanius
1227 4780 1238 4813 :
1278 4764 1348 4815 Da
1392 4766 1543 4827 mihi,
1582 4785 1614 4821 o
1654 4768 1808 4821 Patir
1840 4768 2008 4823 Joan-

2200 4756 2369 4826 Πάτερ
2416 4757 2687 4828 Ἰωάννης,
2748 4760 2984 4831 ἄργυρον
3038 4761 3171 4832 πρὸς
3204 4762 3530 4834 ὑπηρεσίαν·
3581 4767 3707 4838 ἔχω

447 4866 567 4912 nes,
600 4860 880 4919 argentum
933 4853 999 4904 ad
1032 4867 1191 4905 usum
1244 4868 1447 4906 meum.
1503 4855 1640 4907 Sunt
1670 4858 1798 4909 mihi
1828 4858 2007 4910 alendi

2200 4862 2217 4896 ι
2250 4845 2443 4917 θρέψαι
2471 4850 2746 4920 Κυπρίους
2773 4851 2971 4921 ἄνδρας
2992 4868 3006 4881 ο
3035 4854 3308 4920 φαντάσω,
3361 4855 3493 4924 φησὶ
3517 4894 3532 4917 ,
3565 4860 3707 4911 τού-

450 4941 548 4992 viri
600 4939 816 5009 Cyprii;
867 4941 946 4995 eis
986 4943 1254 4996 exhibebo
1289 4945 1629 5013 niagnilicam
1680 4946 1755 4999 tui
1797 4951 2003 5016 argenti

2205 4955 2231 5001 ς
2255 4937 2332 5007 τῷ
2367 4937 2444 5009 σῷ
2463 4940 2727 5011 ἀργυρίῳ.
2759 4942 2837 4994 Τὰ
2854 4943 2960 5011 γὰρ
2987 4942 3397 4996 καλλιστεύοντα
3425 4947 3481 5000 ἐν
3503 4947 3591 5017 τῷ
3619 4952 3707 5023 σῷ

445 5030 701 5100 speciem.
731 5029 915 5085 Praebe
944 5048 1102 5085 servo
1138 5042 1248 5095 tuo,
1301 5050 1421 5102 qua:
1474 5044 1599 5089 sunt
1645 5038 2005 5106 pulcherrima

2200 5045 2238 5097 ῳ
2268 5027 2470 5098 πάρεχε
2510 5029 2588 5099 τῷ
2630 5030 2797 5101 δούλῳ
2845 5049 2935 5084 σου
2970 5032 3104 5103 πρὸς
3127 5033 3282 5101 δόξαν
3317 5034 3413 5106 τὴν
3441 5037 3564 5106 σὴν,
3598 5046 3705 5095 καὶ

447 5122 502 5174 in
530 5121 692 5175 domo
735 5129 844 5185 tua,
889 5120 953 5174 ad
993 5131 1135 5173 tuam
1185 5124 1435 5190 gloriam,
1487 5132 1538 5177 et
1579 5124 1644 5179 de
1690 5127 1796 5181 tuis
1844 5127 2001 5185 Iactis

2202 5135 2298 5187 μαι
2324 5118 2672 5190 καυχώμενος
2700 5122 2789 5173 ἐπὶ
2821 5125 2931 5186 σοῖς
2984 5123 3163 5195 ἔργοις
3189 5142 3202 5155 ο
3254 5125 3411 5195 μόνον
3456 5129 3703 5202 μνήμην

446 5210 736 5277 gloriabor,
779 5220 838 5264 ut
883 5211 975 5279 qui
1023 5211 1125 5265 sim
1172 5224 1432 5282 perpetuo
1485 5219 1866 5275 monstrandus
1919 5221 2001 5276 di-

2200 5224 2276 5277 εχε
2314 5208 2420 5259 τῶν
2442 5209 2758 5279 διδομένων,
2803 5211 2895 5265 καὶ
2958 5212 3183 5284 ὕστερον
3222 5214 3402 5268 ἀποδὼ
3441 5216 3504 5268 τὸ
3537 5224 3700 5290 πρέ.-

445 5303 574 5372 gito.
628 5300 936 5357 Memineris
991 5311 1199 5357 tantum
1258 5321 1447 5360 eorum
1501 5324 1620 5377 qum
1672 5309 1898 5376 dantur;
1948 5321 2005 5367 et

2200 5315 2230 5348 ι.
2276 5296 2332 5349 '0
2352 5297 2407 5350 δὲ
2442 5296 2691 5371 Ἰωάννης
2717 5304 3033 5373 παρήγαγεν
3058 5305 3197 5357 κατὰ
3223 5307 3508 5377 πρόσωπον
3524 5306 3701 5365 Ἐπιο

1002 5402 1188 5462 postea
1264 5396 1357 5449 tibi
1419 5398 1688 5453 reddetur.
1770 5398 2005 5455 Joannes

2200 5387 2300 5440 νίου
2342 5388 2505 5441 πολὺν
2554 5390 2808 5461 ἄργυρον.
2855 5391 3025 5448 Εἶπεν
3083 5396 3137 5449 δὲ
3168 5397 3482 5466 Ἑπιφάνιος
3541 5404 3699 5473 πρὸς

444 5493 625 5540 autem
671 5484 923 5553 produxit
974 5484 1202 5541 multum
1264 5492 1471 5558 argenti
1527 5491 1580 5545 in
1631 5502 2002 5562 conspectum.

2206 5479 2363 5549 άννην
2394 5496 2405 5508 ⁸
2450 5482 2633 5535 Ἔστιν
2659 5501 2758 5547 σοι,
2788 5486 2969 5556 φησιν,
3013 5488 3367 5560 ἀποκείμενος
3398 5492 3493 5545 καὶ
3520 5493 3699 5561 ἄλλος

509 5616 590 5690 (a)
623 5616 818 5688 lnterp.
852 5618 976 5690 legit
1009 5621 1155 5673 ποτέ.
