3800 6180
88 201 136 258 8i
1346 194 1402 248 S.
1444 189 1788 246 EPlPllANll
1825 192 2003 251 VITA.
3207 197 3279 249 82

84 315 307 385 ἄργυρος,
342 306 387 363 ὦ
415 311 625 379 Πάτερ;
653 306 819 363 Εἶπεν
847 308 900 360 δὲ
936 309 1183 376 Ἰωάννης
1211 310 1347 380 πρὸς
1373 307 1617 377 Ἐπιφά-
1642 308 1694 367 Δ

85 417 196 456 νιον·
225 402 408 471 Ἀρκεῖ
434 418 514 453 σοι
539 401 674 463 τέως
697 394 850 461 οὗτος
882 400 1016 470 πρὸς
1046 399 1141 470 σὴν
1168 399 1615 471 ὑπηρεσίαν,Πάο

82 509 173 562 τερ.
204 487 367 544 Εἶπεν
426 491 480 543 δὲ
532 491 846 559 Ἐπιφάνιος
893 491 1026 560 πρὸς
1076 490 1329 561 Ἰωάννην
1355 507 1367 521 ·
1408 492 1614 559 Ἀγαγε

85 581 318 643 κάκεῖνον,
350 580 550 649 Πάτερ,
577 582 726 641 ὅπως
750 580 1098 651 ξενισθῶμεν.
1124 581 1229 634 Τοῦ
1250 581 1309 634 δὲ
1330 581 1615 651 προσενέγ-

84 685 246 731 καντος
269 670 361 721 κει)⁵
389 669 479 722 τὸν
504 670 705 735 λοιπὸν,
731 666 881 723 εἶπεν
907 671 1225 740 Ἐπιφάνιος
1260 674 1396 743 πρὸς
1430 674 1613 727 Ἰωάν-

84 777 186 829 νην·
209 761 305 823 Δός
339 778 426 831 μοι
455 762 524 814 τά
557 764 891 830 φαντάζοντα
920 765 1045 827 τοὺς
1084 765 1415 837 ἐλευθέρους.
1448 762 1615 820 Εἶπεν

81 852 123 904 δὲ
150 850 389 921 Ἰωάννης
419 853 553 922 πρὸς
583 856 898 923 Ἐπιφάνιον
917 874 930 887 ·
969 858 1214 910 Ἀπαντα
1256 859 1323 911 τὰ
1350 858 1615 924 τέρποντα

80 943 181 1003 τοὺς
212 942 337 1004 σοὺς
370 942 685 1014 ἀνθρώπους
717 945 883 1009 δέξαι,
920 946 1013 1000 καὶ
1038 947 1353 1020 διακόνησον
1379 951 1504 1013 τοὺς
1538 950 1614 1020 (ιι)

80 1032 148 1083 ἐπ’
170 1030 406 1099 ἀρίστου.

136 1122 258 1175 ME'.
292 1123 484 1177 Λαϐὼν
512 1124 569 1176 δὲ
599 1125 913 1193 Ἐπιφάνιος
943 1125 1206 1197 ἀργυρίου
1236 1126 1396 1197 ὁλκὴν
1429 1128 1504 1190 ὡς
1531 1147 1616 1198 χιο

35 1236 43 1273 ι
80 1211 182 1262 λέων
202 1214 565 1267 πεντακοσίων
591 1214 804 1286 λιτρῶν,
837 1216 1208 1287 ἐπορεύθημεν
1236 1219 1329 1270 ἐπὶ
1355 1217 1447 1271 τὸν
1472 1217 1618 1273 οἷκον

78 1302 150 1352 τὸν
173 1301 389 1355 δοθέντα
426 1304 557 1373 ἡμῖν
590 1305 740 1375 παρὰ
765 1306 1008 1359 Ἰωάννου
1042 1309 1132 1359 ἐπὶ
1177 1307 1237 1359 τὸ
1269 1308 1615 1377 καταμένειν.

78 1388 163 1443 Ἦν
189 1392 246 1443 δέ
278 1410 363 1456 τις
392 1395 832 1468 ἀργυροπράτης.
873 1398 1145 1469 Ἀστέριος
1184 1400 1423 1469 ὀνόματι.
1451 1393 1618 1464 Οὗτος

76 1484 121 1535 δέ
142 1479 199 1551 ἦν
222 1484 332 1536 ἀπὸ
369 1487 465 1556 τῆς
506 1486 722 1558 Ῥώμης
750 1488 836 1541 διὰ
860 1490 1199 1559 πραγμάτων
1236 1493 1315 1554 είς
1357 1492 1620 1562 Ἰερουσα-

77 1573 185 1643 λήμ.
217 1575 419 1628 Τοῦτον
450 1579 952 1649 προσκαλεσάμενος
974 1581 1305 1648 Ἐπιφάνιος,
1328 1582 1421 1634 καὶ
1443 1580 1619 1645 δείξας

1720 305 1822 372 Qui
1879 308 2016 364 dixit
2066 310 2113 364 ei
2180 328 2193 365 :
2272 310 2520 366 Habesne
2586 309 2788 379 aliquid
2858 310 3001 364 aliud
3072 308 3281 377 argenti

1720 398 2041 467 repositum,
2066 416 2099 455 o
2127 399 2330 455 Pater?
2360 400 2506 455 Dixit
2536 410 2717 456 autem
2769 399 3007 454 Joannes
3047 397 3279 468 Epipha-

1720 489 1813 544 nio
1844 507 1858 545 :
1890 488 2005 544 Hoc
2028 491 2216 561 utique
2240 493 2306 547 ad
2336 502 2487 547 tuum
2521 508 2680 548 usum
2722 492 2816 547 tibi
2840 490 3090 555 suiiicict,
3122 506 3154 545 0
3178 489 3281 543 Pa-

1722 580 2099 651 ter.Dixitque
2132 581 2324 637 Joanni
2353 584 2685 653 Epiphanius
2719 601 2732 637 :
2769 583 2958 636 Adduc
2988 582 3117 635 illud
3147 596 3284 650 quo-

1720 686 1846 740 que,
1877 669 2050 738 Pater,
2097 680 2155 726 ut
2187 674 2473 741 magnilice
2502 673 2857 743 accipiantur.
2881 670 3017 726 Cum
3037 671 3082 724 is
3103 682 3283 723 autem

1722 761 1866 815 aliud
1890 778 2108 833 quoque
2140 764 2431 831 attulisset,
2464 764 2601 817 dixit
2649 762 2846 817 Joanni
2901 761 3234 831 Epiphanius
3267 779 3281 814 :

1722 851 1798 905 Da
1822 854 1974 917 mihi,
2007 855 2399 924 quaeingenuis
2430 856 2709 925 pulchram
2748 855 2989 925 prmbent
3026 854 3282 923 speciem.

1722 942 1867 996 Dixit
1894 942 1943 996 ei
1963 940 2200 997 Joannes
2228 957 2242 996 :
2275 944 2473 1013 Accipe
2506 960 2840 1013 quzecunque
2880 954 3007 998 sunt
3051 943 3159 998 tuis
3188 940 3289 996 bn-

1722 1033 1961 1087 minibus
1990 1032 2351 1109 delectationi,
2392 1043 2447 1088 et
2475 1035 2553 1089 eis
2590 1043 2737 1088 utere
2773 1034 2823 1088 in
2861 1034 3109 1104 prandio.

1791 1120 1952 1175 XLV.
1986 1121 2207 1191 Accepit
2245 1122 2429 1191 itaque
2458 1122 2793 1192 Epiphanius
2834 1124 3043 1195 argenti
3078 1123 3291 1193 pondus

1724 1213 1939 1269 circiter
1972 1213 2231 1267 librarum
2263 1214 2408 1268 mille
2439 1215 2886 1285 quingentarum,
2913 1225 2967 1269 et
3006 1206 3204 1269 ivimus
3232 1215 3287 1269 in

1725 1305 1969 1368 domum,
2000 1322 2122 1373 quae
2139 1307 2263 1360 data
2291 1307 2449 1361 nobis
2485 1307 2659 1360 fuerat
2684 1325 2711 1360 a
2743 1305 2949 1361 Joanne
2985 1307 3049 1361 ad
3075 1322 3290 1361 manen-

1725 1398 1874 1451 dum.
1910 1395 2038 1451 Erat
2063 1410 2239 1451 autem
2265 1398 2483 1467 quidam
2508 1398 2869 1468 argentarius,
2901 1397 3117 1451 nomine
3132 1397 3292 1451 Aste-

1725 1490 1860 1543 rius.
1898 1488 1947 1543 ls
1979 1488 2151 1543 Roma
2190 1501 2410 1543 venerat
2437 1488 2773 1544 Hierusalem
2815 1488 3013 1558 negotii
3054 1486 3294 1542 obeundi

1727 1581 1919 1648 gratia.
1945 1582 2078 1634 Eum
2107 1596 2230 1634 cum
2262 1581 2635 1635 accersivisset
2668 1580 3019 1650 Epiphanius,
3045 1589 3100 1633 et
3125 1579 3174 1634 ei
3202 1593 3288 1633 os-

76 1666 200 1735 αύτῴ
231 1668 323 1720 τὸν
350 1667 607 1740 ἄργυρον,
635 1672 998 1741 συμφωνήσας
1023 1688 1080 1724 τε
1109 1672 1203 1724 καὶ
1246 1675 1472 1743 ποιήσας
1505 1673 1621 1743 μετ’

1739 1674 2302 1743 Lendissetargentum,
2321 1688 2442 1727 cum
2467 1689 2530 1725 co
2554 1672 2888 1736 convenit,ct
2913 1681 3126 1740 pactum
3150 1670 3294 1737 iniit,

76 1759 237 1818 αὐτοῦ.
303 1761 604 1830 ἐπίπρασεν
640 1762 787 1832 αὐτῷ
813 1763 991 1817 λαϐὼν
1044 1765 1175 1835 παρ’
1215 1764 1378 1833 αὑτοῦ
1403 1765 1464 1817 τὸ
1488 1782 1620 1835 χρυ-

76 1852 183 1903 σίον.
217 1853 326 1904 Καὶ
362 1852 424 1923 δὴ
452 1846 971 1923 λαϐὼν”Επιφάνιος
1003 1857 1063 1910 τὸ
1107 1858 1345 1928 χρυσίον,
1375 1858 1543 1912 νύκτα
1561 1876 1618 1912 τε

75 1945 152 1994 καὶ
178 1943 394 2013 ἡμέραν
420 1945 639 1998 διεδίδου
668 1949 777 2010 τοῖς
798 1948 987 2017 χρείαν
1009 1948 1241 2019 ἔχουσιν.
1287 1951 1535 2021 Ἠμερῶν
1563 1952 1621 2004 δὲ

72 2030 467 2103 διαγενομένων,
493 2030 641 2087 εἶπεν
674 2037 925 2108 Ἰωάννης
944 2039 1079 2108 πρὸς
1098 2040 1412 2110 Ἐπιφάνιον
1430 2058 1443 2073 ο
1463 2042 1624 2094 Ἀπό-

74 2125 149 2187 δος
179 2142 263 2194 μοι
292 2126 389 2178 τὸν
413 2126 671 2199 ἄργυρον,
701 2129 759 2183 ὃν
792 2130 997 2201 ἕχρησά
1024 2149 1105 2185 σοι
1136 2132 1271 2203 πρὸς
1298 2134 1620 2204 ὑπηρεσίαν.

73 2210 221 2268 Εἶπεν
246 2216 304 2269 δὲ
343 2217 659 2287 Ἐπιφάνιος
687 2222 821 2289 πρὸς
850 2223 1102 2293 Ἰωάννην
1126 2241 1141 2256 ο
1192 2225 1625 2297 Μακροθύμησον

74 2308 147 2359 ἐπ’
167 2308 304 2377 ἐμοὶ,
323 2308 531 2375 τέκνον,
558 2312 638 2365 ὅτι
658 2312 764 2381 ἔχω
786 2314 1001 2383 θρέψαι,
1025 2317 1117 2369 καὶ⁵
1139 2317 1315 2371 πάντα
1342 2317 1622 2372 ἀποδώσω.
1672 2312 1675 2315 ’

73 2399 223 2469 Πάλιν
284 2396 385 2453 οὖν
448 2404 667 2474 ἡμερῶν
715 2406 1131 2477 διαγενομένων,
1173 2406 1326 2461 εἶπεν
1374 2409 1627 2480 Ἰωάννης

74 2489 194 2557 πρὸς
225 2492 568 2561 Ἐπιφάνιον,
606 2496 852 2548 ἑστώτων
879 2497 1033 2567 ἡμῶν
1060 2500 1118 2550 ἐν
1144 2498 1219 2570 τῷ
1247 2499 1379 2570 ναῷ,
1406 2501 1538 2553 ὅπου
1566 2502 1628 2555 τὺ

72 2582 325 2651 σωτήριον
363 2581 518 2646 ξύλον
539 2584 824 2638 ἀπόκειται
846 2601 857 2612 ·
890 2588 998 2639 Καὶ
1031 2587 1130 2659 ἤδη
1162 2583 1315 2641 εἶπόν
1360 2606 1474 2653 σοι,
1522 2591 1626 2655 ὅτι,

72 2670 281 2736 Ἀπόδος
309 2692 401 2744 μοι
423 2676 515 2728 τὸν
543 2677 797 2748 ἄργυρον,
824 2678 881 2730 ὃν
905 2679 1111 2751 ἔχρησά
1133 2698 1233 2735 σοι.
1266 2682 1324 2735 '0
1349 2678 1441 2735 οὖν
1474 2685 1628 2738 Ἑπι-

70 2764 244 2828 ςάνιος
274 2762 431 2821 εἶπεν
469 2767 545 2837 τῷ
572 2769 789 2841 Ἰωάννῃ
845 2774 981 2842 μετὰ
1023 2774 1249 2845 ἡσυχίας
1269 2792 1282 2805 ’
1331 2772 1498 2831 Εἶπόν
1523 2793 1625 2843 σοι,

71 2853 259 2925 Πάτερ,
296 2857 383 2909 ὅτι
426 2859 689 2913 ἀποδώσω
724 2878 824 2914 σοι.
890 2864 945 2917 '0
1004 2860 1097 2917 οὖν
1151 2866 1406 2937 Ἰωάννης
1455 2868 1627 2939 θυμοῦ

72 2944 253 2997 πολλοῦ
317 2947 581 3020 πλησθεὶς
628 2951 919 3007 ἐπελάϐετο
960 2955 1052 3009 καὶ
1084 2958 1383 3030 ἐκράτησεν
1423 2962 1520 3033 τῆς
1546 2962 1625 3014 δι-

69 3036 267 3101 πλοΐδος
290 3040 636 3111 Ἐπιφανίου,
666 3046 965 3115 συσφίγξας
1018 3050 1179 3103 αὐτὸν
1224 3053 1281 3105 ἐν
1316 3054 1486 3125 αὐτῇ,
1537 3055 1632 3109 καὶ

68 3126 202 3197 λέγει
239 3132 384 3201 πρὸς
414 3133 576 3187 αὐτόν
597 3152 609 3163 ·
642 3136 754 3188 Οὐκ
786 3138 1001 3210 ἐξέρχῃ,
1024 3141 1083 3193 οὐ
1112 3140 1339 3216 καθέζῃ,
1359 3145 1457 3197 οὐκ
1486 3147 1633 3218 είρη-

66 3221 251 3285 νεύεις,
288 3224 399 3286 ἓως
422 3220 485 3279 οὗ
518 3226 610 3279 τὸν
656 3228 894 3301 ἄργυρον
946 3231 1070 3303 δῷς,
1123 3234 1183 3287 ὃν
1233 3237 1448 3307 ἐχρήσω
1502 3240 1632 3309 παρ’

69 3309 214 3377 ἐμοῦ,
242 3312 474 3365 suam
528 3314 842 3384 Ἐπιφάνιε·
896 3320 1090 3384 ἀπόδος
1120 3326 1186 3393 τῇ
1229 3325 1524 3395 Ἐκκλησία
1566 3327 1635 3381 τά

66 3404 156 3470 τῆς
183 3403 537 3474 Ἐκκλησίας.
572 3407 696 3461 Ἐπὶ
737 3410 867 3462 πᾶσι
904 3411 959 3464 δέ
985 3413 1194 3477 τούτοις
1238 3415 1335 3467 οὐκ
1364 3416 1634 3488 ἐταράχθη

68 3492 420 3561 Ἑπιξάνιος,
466 3498 582 3551 ἀλλ’
618 3495 686 3570 ἦν
743 3504 774 3572 η
832 3502 966 3574 αὑτὴ
1004 3506 1333 3569 κατάστασις
1372 3510 1427 3560 ἐν
1466 3509 1648 3585 αὐτῷ..

68 3585 321 3653 Ἐμεινεν
352 3587 411 3640 δὲ
440 3590 692 3661 Ἰωάννης
738 3592 830 3644 δύο
860 3594 1017 3666 ώρῶν
1077 3597 1351 3669 διάστημα
1401 3601 1633 3672 κρατῶν,

66 3676 152 3724 καὶ
190 3676 497 3747 ἐνυϐρίζων
530 3678 621 3731 τὸν
666 3680 994 3749 Ἑπιφάνιον.
1036 3686 1304 3750 ’Ἅπαντες
1341 3688 1398 3740 δὲ
1426 3691 1473 3742 oi
1500 3707 1639 3761 παρ-

62 3766 294 3830 εστῶτες
323 3769 720 3841 ἐρρᾳθύμησαν
740 3775 845 3826 άπὸ
873 3776 964 3828 τοῦ
992 3778 1257 3841 ἵστασθαι,
1293 3781 1387 3832 καὶ
1423 3781 1638 3835 ἀκούειν

64 3854 163 3905 τῶν
190 3858 455 3931 σκληρῶν
492 3861 665 3929 λόγων
698 3861 789 3915 τοῦ
820 3865 1082 3920 Ἰωάννου.
1131 3868 1186 3921 Ὀ
1208 3866 1301 3922 οὖν
1324 3869 1639 3939 Ἐπιφάνιος

66 3948 225 4017 μηδὲν
245 3951 607 4022 ἀδημονήσας
626 3955 953 4027 ἐνεφύσησεν
976 3960 1054 4022 είς
1082 3961 1140 4012 τὸ
1168 3962 1450 4031 πρόσωπον
1468 3965 1642 4017 Ἰωάν-

62 4055 170 4103 νου,
208 4043 306 4094 καὶ
335 4045 679 4115 παραχρῆμα
703 4038 1008 4120 ἐτυφλώθη,
1028 4051 1121 4102 καὶ
1146 4052 1305 4119 φόϐος
1331 4052 1523 4107 ἔπεσεν
1548 4057 1642 4109 ἐπὶ

62 4133 268 4196 πάντας
336 4138 466 4199 τοὺς
523 4138 899 4208 παρεστῶτας.
945 4142 1001 4194 ὐ
1032 4140 1123 4196 οὖν
1151 4145 1401 4216 Ἰωάννης
1451 4147 1642 4201 ἔπεσεν

64 4224 149 4275 ἐπὶ
216 4227 527 4298 πρόσωπον
587 4231 930 4300 Ἐπιφανίου,
981 4235 1126 4297 ὅπως
1155 4235 1374 4309 εὔξηται
1402 4239 1487 4292 ἵνα
1516 4241 1640 4295 ἀνα-

1729 1765 2095 1834 vendiditque,
2126 1778 2261 1818 auro
2288 1764 2357 1818 ab
2401 1778 2467 1819 eo
2494 1774 2736 1833 accepto,
2765 1764 2909 1835 quod
2939 1774 3094 1818 nocte
3124 1771 3178 1817 et
3206 1763 3298 1818 die

1730 1858 2007 1912 distribuit
2031 1857 2339 1927 egentibus.
2367 1855 2672 1924 lnterjccus
2697 1864 2877 1910 autem
2924 1855 3131 1923 aliquot
3174 1855 3291 1910 die-

1730 1950 1851 2016 bus,
1874 1949 2008 2004 dixit
2040 1947 2279 2003 Joannes
2332 1946 2633 2018 Epiphanio
2667 1966 2680 2000 :
2712 1945 2895 2001 Redde
2947 1946 3077 2001 mihi
3111 1961 3292 2000 meum

1730 2054 2034 2111 argentum,
2070 2039 2215 2110 quod
2257 2039 2351 2095 tibi
2378 2040 2444 2093 ad
2503 2054 2661 2093 usum
2726 2039 3088 2093 commodavi.
3150 2036 3297 2092 Dixit

1730 2131 1926 2187 Joanni
1956 2131 2292 2203 Epiphanius
2334 2147 2349 2184 :
2386 2129 2707 2185 Patientiam
2744 2130 2798 2183 in
2838 2145 2925 2184 me
2950 2128 3106 2195 habe,
3135 2142 3168 2184 ο
3194 2126 3297 2182 Pa-

1733 2234 1829 2279 ter.
1863 2221 2001 2277 Sunt
2029 2224 2172 2278 enim
2204 2223 2396 2286 adhuc,
2433 2237 2571 2292 quos
2607 2223 2786 2285 alam,
2842 2229 2897 2275 et
2950 2220 3132 2274 omnia
3175 2220 3296 2274 red-

1733 2315 1878 2369 dam.
1916 2313 2051 2368 Cum
2077 2329 2207 2384 ergo
2231 2314 2347 2369 dies
2378 2315 2583 2383 aliquot
2613 2328 2805 2368 rursus
2835 2311 3298 2374 intercessissent,

1734 2406 1868 2459 dixit
1899 2403 2137 2460 Joannes
2170 2403 2495 2475 Epiphanio,
2530 2420 2653 2479 cum
2701 2418 2948 2459 essemus
2974 2404 3027 2456 in
3076 2404 3298 2471 templo,

1708 2498 1824 2577 .ubi
1875 2498 2170 2567 repositum
2216 2508 2300 2552 est
2330 2498 2538 2567 lignum
2583 2496 2851 2551 salutare:
2889 2494 3007 2549 Jam
3031 2494 3140 2548 dixi
3180 2493 3298 2559 tibi,

1732 2585 1915 2642 Redde
1938 2590 2068 2642 mihi
2098 2596 2400 2657 argentum,
2423 2587 2567 2656 quod
2597 2585 2692 2651 tibi
2724 2584 3149 2640 accommodavi.
3171 2582 3301 2653 Epi-

1733 2680 1966 2748 phanius
1994 2690 2173 2733 autem
2206 2679 2397 2733 leniter
2427 2686 2481 2731 et
2505 2677 2710 2745 placide
2729 2676 2867 2731 dixit
2897 2674 3093 2730 Joanni
3120 2691 3133 2727 :
3177 2673 3299 2728 Dixi

1733 2771 1852 2835 tibi,
1889 2770 2067 2835 Pater,
2101 2785 2186 2825 me
2209 2785 2329 2825 esse
2358 2770 2714 2825 redditurum.
2770 2766 3006 2823 Joannes
3047 2781 3175 2821 vero
3222 2766 3302 2820 ira

1732 2862 1924 2933 plenus
1959 2861 2331 2930 apprehendit,
2377 2869 2431 2915 et
2476 2860 2650 2923 tenuit
2670 2859 2960 2929 diploidem
2989 2857 3303 2929 Epiphauii,

1736 2959 1912 3028 ipsum
1943 2957 1997 3011 in
2020 2972 2081 3011 ea
2109 2957 2512 3025 constringens,
2545 2955 2706 3024 eique
2736 2954 2912 3009 dixit:
2957 2951 3079 3007 Non
3103 2952 3298 3015 exiliis,

1737 3064 1843 3104 non
1878 3049 2110 3112 sedebis,
2154 3064 2259 3101 non
2297 3063 2423 3116 ages
2458 3046 2510 3101 in
2571 3061 2723 3117 pace,
2777 3046 2951 3101 donec
2996 3043 3302 3100 reddideris

1738 3147 2041 3209 argentum,
2077 3138 2340 3207 impostor
2373 3136 2658 3207 Epiplzani.
2714 3136 2788 3190 Da
2818 3142 3123 3206 argentum,
3153 3132 3302 3205 quod

1738 3247 1769 3285 a
1798 3246 1882 3284 me
1912 3230 2166 3300 accepisti
2193 3229 2579 3293 commodato;
2640 3226 2895 3282 Ecclesiae
2952 3226 3135 3294 redde,
3184 3240 3309 3297 quae

1740 3332 1867 3379 sunt
1922 3322 2194 3378 Ecclesiae.
2244 3322 2576 3392 Epiphanius
2625 3338 2748 3378 vero
2778 3332 2901 3393 post
2958 3323 3091 3378 haec
3122 3323 3305 3377 omnia

1740 3417 2092 3472 conturbatus
2122 3431 2227 3469 non
2258 3414 2378 3481 fuit,
2414 3415 2508 3469 sed
2540 3424 2661 3469 erat
2711 3414 2852 3469 idem
2905 3415 2959 3469 in
2995 3430 3062 3469 eo
3108 3421 3303 3469 status.

1742 3509 1937 3564 Mansit
1969 3519 2148 3563 autem
2180 3506 2416 3562 Joannes
2440 3508 2617 3577 spatio
2650 3508 2881 3563 duarum
2918 3508 3177 3561 horarum
3228 3514 3308 3560 te-

1743 3616 1879 3657 nens
1905 3610 1959 3658 et
1987 3586 2178 3672 injuria
2198 3601 2435 3655 alliciens
2458 3600 2844 3669 Epiphanium.
2870 3600 3152 3670 Quotquot
3179 3613 3310 3654 vero

1743 3695 1990 3758 aderant,
2016 3693 2233 3749 tristitia
2266 3704 2392 3749 sunt
2420 3688 2620 3759 allecti,
2655 3708 2719 3747 eo
2749 3691 2895 3761 quod
2938 3693 3211 3755 adessent,
3255 3698 3309 3746 et

1745 3784 1993 3839 audirent
2037 3800 2228 3853 aspera
2264 3783 2422 3838 verba
2472 3781 2720 3837 Joannis.
2764 3782 3098 3852 Epiphanius
3125 3792 3306 3836 autem

1745 3866 2229 3938 nihilcommotus,
2271 3874 2486 3943 exspuit
2519 3874 2572 3927 in
2615 3873 2733 3942 ejus
2760 3873 2974 3940 faciem,
3024 3880 3077 3926 et
3125 3872 3309 3927 statim

1747 3967 1846 4022 fuit
1872 3976 2193 4022 excwcatus.
2228 3965 2541 4034 Ceciditque
2574 3975 2749 4018 metus
2777 3979 2940 4033 super
2968 3979 3179 4031 omnes,
3214 3963 3309 4034 qui

1748 4059 1989 4115 aderant.
2023 4055 2259 4110 Joannes
2282 4070 2410 4108 vero
2439 4069 2643 4123 pronus
2671 4052 2866 4107 cecidit
2891 4052 2957 4106 ad
2994 4051 3162 4121 pedes
3186 4051 3310 4121 Epi-

1746 4149 1956 4219 phauii,
1987 4163 2172 4210 orans,
2200 4155 2259 4200 ut
2287 4147 2465 4201 visum
2501 4144 2783 4214 reciperet.
2809 4143 2887 4196 E0
2914 4154 3092 4197 autem
3123 4143 3311 4198 dicen-

1748 4249 1802 4295 te
1830 4260 1843 4295 :
1876 4239 2043 4305 Vade,
2075 4248 2127 4294 et
2173 4253 2384 4293 crucem
2431 4236 2593 4291 adora
2620 4235 3006 4297 venerandam,
3059 4249 3231 4303 caque
3258 4231 3311 4287 id

60 4314 249 4387 ϐλέψῃ.
284 4318 403 4370 Τοῦ
437 4320 493 4373 δὲ
518 4320 795 4389 λέγοντος·
825 4326 1079 4391 Ἂπελθε,
1113 4330 1264 4400 φησὶ,
1290 4332 1381 4383 καὶ
1405 4332 1625 4402 προσκύ·

1750 4332 1843 4385 tibi
1868 4330 2158 4401 praebebit;
2177 4328 2553 4399 perseverabat
2574 4327 2687 4395 ipse
2705 4341 2905 4395 rogans
2926 4324 3309 4394 Epiphanium.

60 4425 218 4477 νησον
269 4410 373 4461 τὸν
406 4412 587 4481 τίμιον
634 4416 895 4487 σταυρὸν,
957 4419 1050 4471 καὶ
1088 4420 1310 4491 παρέξει
1344 4440 1423 4475 σοι
1453 4425 1640 4478 τοῦτο’

56 4501 214 4564 αὐτὸς
240 4503 525 4570 ἐπέμενεν
555 4505 803 4575 δεόμενος
834 4509 1169 4579 Ἐπιιρανίου.
1214 4512 1270 4565 ὐ
1309 4513 1365 4565 δὲ
1414 4516 1646 4585 Ἐπιφά-

58 4613 163 4658 νιος
190 4599 429 4665 διδάξας
451 4598 661 4661 τοῦτον,
702 4598 967 4669 ἐπέθηκεν
1002 4602 1149 4671 αὐτῷ
1181 4601 1277 4673 τὴν
1331 4607 1508 4676 χεῖρα,
1552 4608 1646 4661 καὶ

56 4689 305 4761 ἠνεῴχθη
365 4690 535 4743 αὑτοῦ
561 4693 590 4743 ὁ
639 4690 806 4755 δεξιὸς
833 4691 1125 4763 ὀφθαλμός.
1173 4695 1228 4748 ὐ
1273 4693 1364 4750 οὖν
1398 4699 1649 4771 Ἰωάννης

56 4785 366 4853 παρεκάλει
391 4784 491 4835 καὶ
518 4785 656 4854 ὑπὲρ
682 4785 776 4837 τοῦ
809 4785 1119 4857 ἀριστεροῦ.
1152 4784 1319 4841 Εἶπεν
1342 4789 1397 4841 δὲ
1422 4792 1649 4861 Ἐπιφά-

56 4893 163 4937 mo;
198 4877 349 4947 πρὸς
384 4877 648 4945 Ἰωάννην
675 4893 687 4907 ο
718 4877 829 4929 Οὐκ
881 4878 1010 4948 ἐμὸν
1031 4920 1043 4939 ,
1071 4880 1224 4948 φησὶ,
1274 4881 1479 4946 τέκνον,
1535 4884 1649 4938 ἔστι

56 4969 228 5037 τοῦτο.
278 4970 342 5021 '0
380 4968 498 5038 γάρ
527 4968 658 5029 Θεὸς
681 4968 940 5031 ἔκλεισεν,
974 4972 1002 5022 ὁ
1030 4970 1161 5033 Θεὸς
1177 4972 1406 5042 ὴνέῳξεν
1426 4993 1439 5005 ο
1466 4977 1651 5048 ἐποίη-

1751 4424 2087 4495 Epiphanius
2113 4438 2240 4477 vero
2266 4436 2388 4475 cum
2414 4436 2536 4473 eum
2559 4420 2854 4482 docuisset,
2888 4433 3106 4472 manum
3134 4416 3183 4470 ei
3209 4416 3309 4469 im-

1750 4516 1953 4588 posuit,
1984 4524 2036 4568 et
2092 4520 2312 4583 apertus
2360 4511 2460 4564 fuit
2506 4510 2693 4563 dexter
2717 4510 2834 4578 ejus
2883 4508 3093 4561 oculus.
3127 4504 3314 4583 Oravit

1754 4621 1933 4664 autem
1965 4605 2200 4659 Joannes
2219 4604 2377 4658 etiam
2403 4619 2499 4671 pro
2525 4603 2767 4656 sinistro.
2794 4598 3044 4668 Dixitque
3076 4597 3310 4668 Epipha-

1755 4703 1879 4758 nius
1902 4699 2095 4755 Joanni
2130 4716 2142 4751 :
2174 4696 2291 4751 Non
2325 4705 2407 4750 est
2433 4711 2635 4759 mcum,
2676 4710 2708 4747 ο
2737 4693 2833 4747 iiIi.
2875 4692 3017 4747 Deus
3053 4693 3196 4745 enim
3220 4705 3307 4746 oc~

1755 4793 1937 4860 clusit,
1968 4793 2111 4846 Deus
2136 4790 2348 4860 aperuit
2376 4805 2390 4852 ;
2427 4772 2573 4850 fecit,
2602 4798 2659 4840 ut
2692 4786 2879 4849 voluit,
2907 4792 2966 4839 ut
3000 4784 3172 4839 simus
3199 4798 3310 4837 mo-

1754 4886 1912 4942 desti.
1948 4882 2184 4937 Joannes
2214 4891 2393 4934 autem
2429 4877 2721 4946 castigatus
2747 4885 2800 4931 et
2836 4874 3116 4931 convictus
3142 4890 3173 4930 a
3199 4873 3311 4928 vim

1751 4982 1920 5051 justo,
1951 4976 2049 5029 fuit
2078 4981 2297 5028 sanctus
2331 4972 2382 5023 in
2425 4968 2699 5025 omnibus.
3022 4962 3025 4967 ί

57 5062 243 5125 σενώς
280 5061 586 5131 ἠθέλησεν,
616 5060 763 5123 ὅπως
817 5064 1289 5134 σωφρονισθῶμεν.
1349 5066 1403 5119 '0
1450 5067 1506 5120 δὲ
1545 5072 1796 5144 Ἰωάννης
1849 5066 2153 5129 παιδευθεὶς
2206 5064 2297 5116 καὶ
2344 5060 2619 5139 ἐλεγχθεὶς
2666 5059 2770 5114 ὑπὸ
2815 5057 3040 5121 δικαίου,
3104 5055 3310 5125 ἐγένετ‹

55 5154 194 5217 ὅσιος
232 5157 294 5206 ἐν
326 5155 528 5205 πᾶσιν.

118 5247 272 5314 Μεῖν.
317 5243 737 5314 Ἐξερχομένων
758 5242 813 5295 δὲ
841 5243 997 5313 ήμῶν
1028 5244 1127 5315 τὴν
1154 5246 1306 5300 πόλιν
1330 5287 1345 5312 ,
1381 5248 1474 5302 τοῦ
1519 5252 1653 5305 ἁπο-

55 5339 286 5391 πλεῦσαι
338 5337 506 5407 ἡμᾶς
558 5334 615 5385 ἐν
666 5332 896 5403 Κύπρῳ,
958 5334 1050 5387 δύο
1089 5338 1383 5406 ἐμπαῖκται
1427 5337 1566 5411 ἦσαν
1596 5343 1653 5394 ἐν

59 5428 220 5496 τόπῳ.
253 5429 373 5483 Τοῦ
401 5427 470 5481 δὲ
495 5428 810 5495 Ἐπιτρανίου
833 5427 1169 5495 παράγοντος
1186 5429 1273 5481 τὸν
1290 5432 1471 5496 τόπον,
1503 5428 1653 5484 εἶπεν

1826 5246 2010 5301 XLVI.
2036 5242 2200 5297 Nobis
2234 5257 2359 5295 vero
2382 5238 2670 5307 aliquando
2686 5235 3010 5291 exeuntibus
3031 5248 3062 5288 e
3081 5231 3298 5289 civitate

1758 5351 1817 5396 ut
1848 5339 2223 5407 navigaremus
2259 5334 2310 5386 in
2344 5331 2604 5402 Cyprum,
2636 5336 2792 5383 erant
2848 5328 2958 5382 duo
2984 5326 3233 5380 illusores
3267 5326 3312 5378 ir

1758 5446 1822 5484 co
1851 5430 1986 5482 loco.
2018 5426 2152 5478 Cum
2184 5433 2359 5476 autem
2415 5437 2507 5488 per
2562 5420 2747 5488 locum
2783 5416 3038 5471 transiret
3086 5413 3310 5485 Epipha-

123 5486 199 5571 (ά)
235 5503 420 5566 Τούς.
469 5486 947 5568 ἘθνιοῚυερηιΙυιίι
976 5486 1177 5562 αὐτοῖς,
1203 5513 1258 5553 ιιι
1292 5486 1486 5557 sensus
1532 5512 1601 5557 sit

1739 5512 1753 5552 ι
1781 5501 2020 5553 ministra
2048 5496 2152 5548 illis
2187 5495 2235 5545 in
2268 5486 2506 5562 prandio.
2540 5488 2695 5542 Ευιτ.
2726 5487 2966 5542 ΡΑτιιοι..

42 5558 58 5633 5
