3800 6180
1865 71 1879 98 υ

506 172 579 230 83
1801 178 1858 236 S.
1901 177 2248 232 EPIPHANH
2290 178 2470 233 VlTA.
3683 185 3734 241 83

505 296 651 361 nius,
705 296 755 350 ei
785 295 922 350 dixit
953 312 1094 351 unus
1121 313 1185 350 ex
1225 297 1476 350 duobus:
1511 296 1708 352 Sancte
1746 307 1928 367 pater,
1969 315 2059 352 vis.

2187 299 2326 368 πρὸς
2379 300 2538 354 αὑτὸν
2582 301 2610 351 ό
2641 295 2747 363 εἷς·
2781 301 2957 366 Ὄσιε,
3018 303 3189 372 φησὶ,
3245 301 3430 376 Πάτερ
3459 304 3733 375 Ἐπιφάνιε,

507 397 806 451 mortuum,
836 400 889 443 et
940 403 1104 457 super
1135 405 1257 443 eum
1293 389 1455 458 injice
1505 397 1898 461 tegumentum.
1943 389 2079 443 Cum

505 480 621 534 lure
653 494 786 551 ergo
811 481 1078 535 audiisset
1101 481 1456 551 Epiphanius,
1500 485 1648 537 stetit
1685 482 1751 537 ad
1793 482 2080 547 orientem,

502 586 602 638 pro
649 585 865 626 mortuo
917 574 1152 628 offerens
1185 575 1512 628 orationem.
1572 573 1821 644 Cumque
1877 589 1935 628 se
1981 589 2083 628 suo

500 662 744 717 exuisset
774 664 1112 727 indumento,
1167 666 1396 736 projecit
1448 667 1516 720 ad
1573 664 1907 720 induendum
1936 679 2081 719 mor-

503 761 678 807 tuum.
710 752 816 810 iter
850 766 1028 810 autem
1060 756 1290 813 faciente
1319 757 1646 830 Epiphanio,
1673 761 1718 815 is
1741 760 1834 829 qui
1859 774 1920 813 ea
1955 773 2080 812 ver-

501 844 568 898 ba
619 845 830 901 dixerat
857 890 873 914 ,
931 848 1068 903 dixit
1097 850 1167 914 ei,
1197 850 1289 920 qui
1321 866 1379 905 se
1408 860 1686 906 mortuum
1739 850 2031 906 simulabat
2063 866 2076 900 :

503 935 695 1009 Surge,
732 943 989 1011 praeteriit
1023 945 1106 998 vir
1136 945 1288 1000 rudis
1325 954 1378 999 et
1412 945 1684 1000 indoctus.
1721 943 1856 998 Cum
1897 943 1944 997 is
1977 958 2078 996 au-

500 1041 608 1086 tem
640 1049 744 1087 non
765 1037 1138 1106 responderet,
1158 1055 1348 1094 rursus
1362 1054 1484 1092 eum
1508 1038 1754 1092 vocabat.
1781 1037 2077 1104 Postquam

502 1141 631 1181 vero
663 1130 1045 1186 animadvertit
1071 1148 1193 1184 eum
1249 1147 1368 1186 esse
1419 1141 1718 1193 mortuum,
1778 1128 1909 1183 dicit
1935 1125 2078 1196 apud

502 1222 880 1287 setCurram,
929 1233 983 1278 et
1045 1225 1242 1297 hospiti
1291 1242 1463 1281 meam
1497 1225 1673 1280 dicam
1727 1223 1961 1292 culpam,
2020 1226 2079 1272 ut

499 1323 626 1363 cum
671 1312 887 1367 excitet.
923 1312 1025 1380 Qui
1058 1331 1158 1370 nos
1195 1325 1501 1381 assecutus,
1541 1316 1592 1369 in
1621 1325 1817 1369 terram
1859 1310 2074 1373 cecidit,

500 1416 701 1470 rogans
733 1403 1118 1474 Epiphanium,
1153 1411 1278 1463 etei
1305 1409 1492 1464 dicens
1518 1410 1681 1463 verba
1711 1403 2024 1476 hujusmodi
2060 1421 2074 1455 :

499 1493 675 1566 Rogo,
714 1507 766 1551 et
799 1500 1043 1569 supplico
1099 1510 1204 1556 tua:
1249 1503 1562 1572 paternitati
1599 1519 1610 1554 :
1650 1501 1730 1555 fer
1765 1514 1918 1568 opem
1945 1537 1958 1560 ,
2019 1502 2075 1547 et

493 1602 659 1656 parce
682 1598 880 1643 nostrae
909 1590 1255 1659 insipientiae.
1286 1593 1514 1659 Quando
1541 1593 1685 1649 enim
1713 1601 1764 1646 te
1793 1585 2075 1654 sum~allo-

2190 384 2481 455 ἐπίσκεψαι
2509 387 2602 439 τὸν
2636 388 2848 459 νεκρὸν,
2883 391 2979 444 καὶ
3021 391 3081 443 τὸ
3113 392 3374 464 κάλυμμα
3428 395 3580 465 ῥίψον
3632 399 3736 466 προς

2187 473 2395 528 τοῦτον.
2440 476 2496 529 '0
2523 472 2615 529 οὖν
2646 477 2966 546 Ἐπιφάνιος
2994 478 3235 543 ἀκούσας
3262 481 3457 541 ταῦτα,
3487 483 3612 552 ἔστη
3637 485 3737 550 :pﬁ;

2188 567 2450 632 ἀνατολὰς
2477 568 2616 640 ὑπὲρ
2641 569 2836 640 νεκροῦ
2869 569 2965 641 τὴν
2985 571 3170 642 δέησιν
3199 573 3555 644 προσφέρων
3589 576 3676 626 καὶ
3696 577 3737 644 δῇ

2187 658 2593 728 ἀποδυσάμενος
2633 659 2724 712 τὸν
2777 660 3096 732 ἐπενδύτην,
3153 662 3373 735 ἔρριψεν
3400 665 3539 733 πρὸς
3561 665 3737 718 {vana

2185 749 2280 803 τοῦ
2305 749 2618 815 τεθνεῶτος.
2650 752 2756 806 Τοῦ
2784 753 2842 807 δὲ
2866 754 3187 824 Ἐπιφανίου
3214 757 3312 828 τὴν
3338 758 3564 829 πορείαν
3590 776 3734 811 ποίου·

2190 843 2373 914 μένου,
2406 846 2569 916 φησὶν
2597 848 2624 900 ὁ
2651 846 2779 910 τοὺς
2805 846 2996 916 λόγους
3035 849 3276 921 λαλήσας
3312 851 3450 922 πρὸς
3493 852 3584 903 τὸν
3634 851 3736 904 πλε·

2189 935 2382 990 σθέντα
2415 938 2504 990 τὸν
2529 938 2760 993 θάνατον
2779 957 2791 972 ·
2814 942 3069 1008 Ἀνάστα,
3098 943 3284 1013 φησὶν,
3313 943 3742 1014 ἀντιπαρῆλθενό

2190 1028 2424 1101 ἰδιώτης.
2456 1031 2561 1084 Τοῦ
2594 1032 2651 1085 δὲ
2679 1033 2972 1102 ἀπόκρισιν
3005 1034 3079 1107 μὴ
3103 1036 3339 1100 διδόντος
3362 1078 3377 1099 ,
3411 1037 3574 1089 πάλιν
3604 1055 3741 1107 πτωτ-

2185 1121 2450 1178 εκαλεῖτο.
2521 1121 2606 1188 Ὠς
2659 1124 2715 1178 δὲ
2753 1129 3061 1197 προσέσχεν
3118 1127 3308 1179 τοῦτον
3353 1127 3570 1198 νεκρὸν,
3608 1128 3742 1197 φησὶν

2185 1214 2322 1284 πρὸς
2350 1215 2538 1268 ἑαυτόν
2563 1233 2576 1245 ·
2602 1218 2827 1288 Δράμω,
2890 1219 2985 1272 καὶ
3033 1220 3353 1290 ἀπαγγείλω
3384 1219 3462 1290 τῷ
3509 1219 3642 1289 ξένῳ
3671 1220 3744 1290 tif:

2185 1306 2383 1369 αἰτίαν,
2436 1307 2582 1371 ὅπως
2633 1309 2821 1362 τοῦτον
2855 1311 3168 1383 ἀναστήσει.
3219 1312 3276 1364 Ὀ
3330 1312 3387 1364 δὲ
3427 1312 3744 1375 καταδιὼξτις

2187 1397 2362 1450 ὀπίσω
2385 1398 2562 1468 ἡμῶν,
2599 1399 2793 1452 ἔπεσεν
2829 1402 2919 1454 ἐπὶ
2968 1402 3064 1472 τὴν
3093 1404 3198 1474 γῆν
3251 1403 3509 1473 δεόμενος
3542 1404 3746 1468 Ἐπιζε-

2185 1489 2318 1552 νίου,
2349 1490 2553 1558 λέγων’
2581 1491 2780 1562 Δέομαι
2809 1493 2902 1546 καὶ
2937 1494 3162 1547 ἱκετεύω
3200 1495 3298 1560 τὴν
3346 1496 3444 1565 σὴν
3483 1499 3744 1567 πατρωσό-

2183 1596 2300 1649 νην,
2329 1579 2613 1651 βοήθησον,
2642 1584 2734 1636 καὶ
2762 1587 2944 1652 φεῖσαι
2965 1586 3062 1655 τῆς
3091 1585 3244 1657 ἡμῶν
3275 1586 3611 1658 ἀφροσύνης.
3645 1589 3744 1640 Ὅτε

496 1686 657 1733 cutus
674 1678 894 1736 dicens:
920 1681 1088 1736 Indue
1114 1693 1412 1751 mortuum,
1437 1685 1556 1755 ejus
1581 1700 1849 1740 consensu
1868 1699 1986 1739 sum
2005 1681 2057 1734 lo

2188 1672 2296 1744 γάρ
2325 1673 2671 1746 ἐφθεγξάμην
2699 1676 2834 1747 πρὸς
2869 1677 2926 1730 σὲ
2957 1678 3130 1747 λέγων
3149 1719 3163 1742 ,
3198 1680 3523 1732 Ἑπένδυσον
3567 1681 3652 1732 τὸν
3679 1698 3744 1732 τε·

495 1780 656 1825 eutus
690 1789 704 1823 :
761 1788 995 1844 cumque
1028 1784 1083 1828 tu
1117 1790 1222 1829 non
1257 1776 1414 1848 longe
1448 1778 1824 1845 praeteriisses,
1872 1777 2075 1832 allocu-

497 1875 584 1920 tus
608 1881 728 1920 sum
760 1882 940 1922 meum
969 1868 1230 1932 amicum,
1268 1878 1322 1923 ct
1356 1869 1412 1923 in
1446 1885 1512 1924 eo
1544 1887 1653 1924 non
1687 1880 1807 1925 erat
1831 1884 2076 1933 vox,nec

496 1957 737 2012 auditus.
776 1957 880 2013 Sed
931 1974 1052 2030 age,
1081 1961 1277 2030 inquit,
1309 1960 1472 2016 Pater
1494 2004 1507 2029 ,
1534 1963 1739 2018 suscita
1770 1971 2070 2025 mortuum,

494 2058 550 2103 et
577 2065 740 2120 quam
772 2067 801 2104 a
829 2060 879 2105 te
905 2053 1217 2123 accepimus
1252 2057 1513 2119 tunicam,
1546 2070 1665 2110 eam
1700 2057 1903 2126 accipe.
1932 2055 2074 2110 Dixit

495 2149 676 2195 autem
716 2140 1054 2212 Epiphanius
1089 2143 1162 2205 ei.
1211 2144 1302 2213 qui
1352 2145 1719 2214 loquebatur:
1761 2144 1942 2210 Vade,
1973 2144 2070 2209 fili,

493 2242 547 2288 et
572 2233 737 2304 sepeli
777 2249 922 2289 eum.
954 2234 1196 2291 Primum
1233 2238 1378 2292 enim
1411 2246 1494 2294 est
1534 2249 1803 2304 mortuus,
1838 2246 1891 2292 et
1942 2248 2071 2293 tunc

493 2329 597 2399 ipsi
656 2329 860 2399 petiisti
916 2329 1320 2387 indumentum.
1365 2332 1500 2386 Cum
1538 2343 1716 2387 autem
1753 2319 1946 2388 rursus
1978 2348 2070 2387 ve-

493 2423 773 2477 nissemus
801 2421 1130 2487 Caesaream,
1160 2424 1212 2478 in
1237 2423 1475 2496 Cyprum
1506 2425 1899 2496 navigavimus.
1932 2425 2067 2481 Fra-

492 2519 604 2568 tres
641 2526 768 2568 vero
801 2528 903 2568 nos
932 2528 1055 2568 cum
1083 2530 1282 2586 magno
1310 2515 1510 2588 gaudio
1538 2528 1888 2587 exceperunt.

555 2774 764 2833 XLVII.
795 2777 924 2834 Erat
957 2791 1137 2837 autem
1174 2781 1394 2852 quidam
1427 2784 1774 2854 lcgisperitus
1823 2785 2064 2855 Judazus,

485 2870 639 2928 Isaac
664 2873 909 2940 nomine,
937 2875 1020 2929 vir
1053 2876 1198 2945 pius,
1226 2886 1279 2932 et
1311 2879 1401 2947 qui
1453 2888 1706 2934 accurate
1733 2879 1903 2951 legem
1951 2897 2067 2936 ser-

485 2967 651 3022 vabat
675 2966 996 3024 Mosaicam.
1020 2969 1069 3024 ls
1100 2984 1223 3024 cum
1249 2981 1488 3027 sectatus
1509 2982 1655 3029 esset
1677 2972 2062 3042 Epiphanium,

485 3068 541 3116 et
565 3060 838 3116 catechesi
875 3060 1070 3116 fuisset
1118 3061 1422 3129 institutus,
1475 3074 1558 3120 est
1591 3065 1660 3119 ah
1690 3081 1755 3120 eo
1789 3065 2064 3121 illumina-

485 3165 597 3212 tus.
632 3153 864 3211 Eramus
891 3164 1070 3210 autem
1099 3165 1208 3211 tres
1234 3156 1379 3211 domi
1415 3168 1719 3213 manentes.

553 3246 788 3303 XLVIII.
811 3247 1120 3319 Aliquando
1178 3265 1309 3304 vero
1361 3265 1484 3304 cum
1543 3267 1701 3305 soror
1759 3250 1975 3305 Arcadii
2007 3259 2062 3305 et

484 3341 710 3398 Honorii
735 3342 1125 3410 imperatorum
1149 3350 1458 3410 argrotaret,
1475 3352 1619 3399 esset
1638 3352 1817 3399 autem
1850 3342 2058 3406 Romae,

484 3433 656 3488 audiit
680 3432 748 3488 de
781 3431 1108 3502 Epiphanio,
1162 3434 1306 3503 quod
1338 3431 1482 3489 Deus
1516 3449 1614 3503 per
1660 3419 1785 3489 eum
1843 3446 2062 3491 sanaret

485 3536 738 3600 aegrotos.
767 3526 845 3581 Ea
870 3543 1001 3598 ergo
1030 3527 1179 3582 misit
1215 3527 1267 3580 in
1296 3526 1557 3599 Cyprum,
1584 3529 1675 3599 qui
1709 3527 1939 3584 Romam
1963 3531 2059 3585 ad-

482 3625 746 3676 ducerent
790 3620 1175 3692 Epiphanium.
1229 3621 1332 3688 Qui
1392 3631 1571 3677 autem
1628 3623 1783 3680 missi
1820 3625 2056 3689 fuerant,

481 3730 607 3769 eum
653 3715 708 3768 in
747 3714 986 3786 Cyprum
1030 3715 1428 3785 pervenissent,
1462 3716 1822 3771 ostenderunt
1846 3717 2056 3773 litteras

483 3807 810 3876 Epiphanio.
879 3806 1009 3861 Erat
1051 3823 1180 3863 vero
1209 3808 1429 3877 quidam
1489 3809 1707 3878 gentilis
1745 3810 1827 3864 vir
1881 3809 2054 3876 dives,

483 3901 678 3970 linguae
708 3899 1000 3954 admodum
1034 3899 1327 3968 impeditae,
1381 3901 1601 3955 nomine
1645 3901 2053 3958 Faustinianus.

483 3989 530 4046 ls
562 4001 852 4060 exceperat
881 3991 1028 4046 viros
1053 3991 1253 4047 missos
1286 3992 1351 4046 ad
1392 3991 1754 4062 Epiphanium
1782 4033 1797 4057 ,
1839 3994 1933 4064 qui
1960 3995 2056 4049 ad-

477 4083 803 4138 versabatur
830 4083 1120 4137 admodum
1176 4084 1272 4137 illi.
1306 4084 1400 4139 His
1444 4094 1626 4139 autem
1662 4086 1873 4142 dicebat
1904 4085 2052 4141 Fau-

479 4175 786 4229 stinianus:
816 4173 955 4240 Quid
975 4174 1429 4244 huicimposmri,
1449 4185 1703 4247 tanquam
1740 4177 1871 4243 Deo,
1899 4179 2053 4233 adhi-

477 4267 620 4323 betis
663 4267 943 4321 animum?
991 4267 1208 4339 Frigida
1259 4267 1402 4322 enim
1467 4270 1630 4323 verba
1683 4271 1964 4342 loquitur,
1994 4281 2048 4327 et

2185 1765 2412 1830 θνεῶτα,
2445 1768 2586 1820 κατὰ
2617 1767 2830 1821 σύνεσιν
2856 1769 3064 1822 ἐκείνου
3115 1770 3471 1841 ἐφθεγξάμην
3526 1773 3652 1835 τοῦς
3680 1773 3747 1824 ir}-

2181 1875 2332 1927 γους,
2393 1859 2487 1913 καὶ
2520 1860 2920 1932 ἀντιπαρῆλθες
2946 1865 3114 1933 ἡμᾶς,
3143 1857 3188 1916 ὦ
3230 1865 3433 1936 Πάτερ,
3489 1867 3552 1918 οὗ
3613 1865 3744 1926 πολὺ,

2185 1950 2340 2020 κάγὼ
2366 1952 2559 2021 λόγους
2587 1953 2824 2024 ἐλάλησα
2851 1955 2988 2027 πρὸς
3016 1956 3146 2025 ἐμὸν
3176 1957 3390 2027 ἑταῖρον
3407 1975 3421 1988 ο
3461 1959 3560 2010 καὶ
3575 1959 3670 2010 οὐκ
3697 1956 3749 2028 ἦν

2188 2045 2358 2114 φωνὴ,
2389 2045 2483 2098 καὶ
2514 2047 2613 2100 οὐκ
2633 2043 2701 2118 ἦν
2723 2048 3003 2119 ἀκρόασις.
3035 2048 3195 2101 Ἀλλά
3215 2049 3393 2121 δεῦρο,
3420 2050 3628 2120 Πάτερ,
3646 2052 3746 2104 civi-

2186 2154 2386 2208 στησον
2414 2139 2505 2191 τὸν
2535 2137 2856 2210 τεθνηκότα,
2889 2141 2982 2194 καὶ
3009 2140 3098 2194 τὸν
3129 2139 3357 2210 χιτῶνα,
3381 2140 3442 2194 ὃν
3469 2142 3748 2211 εἰλήφαμν

2181 2229 2335 2297 παρά
2365 2228 2483 2292 σοῦ,
2516 2229 2666 2284 λάϐε.
2703 2225 2872 2285 Εἶπεν
2900 2231 2955 2284 δὲ
2987 2231 3306 2299 Ἐπιφάνιος
3360 2231 3502 2304 πρὸς
3550 2233 3642 2285 τὸν
3677 2234 3748 2285 λα-

2177 2318 2373 2374 λοῦντα
2396 2339 2409 2351 ·
2448 2320 2706 2385 Ἀπελθε,
2741 2321 2948 2387 τέκνον,
2971 2322 3065 2375 καὶ
3097 2321 3264 2391 θάψον
3288 2323 3483 2376 τοῦτον
3510 2341 3524 2352 ·
3559 2325 3750 2392 πρῶτον

2173 2412 2284 2484 γὰρ
2308 2413 2599 2479 ἀπέθανεν,
2627 2413 2721 2468 καὶ
2748 2415 2865 2468 τότε
2883 2415 3090 2485 ᾔτησας
3102 2414 3192 2467 τὸν
3214 2415 3537 2486 ἐπενδύτην.
3569 2417 3748 2468 Rata).-

2177 2505 2380 2559 θόντων
2401 2507 2456 2560 δὲ
2493 2507 2649 2579 ἡμῶν
2683 2507 2842 2561 πάλιν
2887 2508 2945 2559 ἐν
2993 2507 3302 2578 Καισαρείᾳ
3338 2508 3749 2578 ἀπεπλεύσαμεν

2174 2597 2232 2650 ἐν
2264 2597 2507 2670 Κύπρῳ,
2555 2599 2651 2652 καὶ
2699 2597 3029 2665 ἀπεδέξαντο
3080 2599 3230 2670 ἡμᾶς
3257 2600 3305 2652 oi
3359 2600 3588 2670 ἀδελφοὶ
3633 2603 3750 2672 μετὰ

2175 2691 2345 2759 χαρᾶς
2385 2691 2645 2762 μεγάλης.

2246 2787 2374 2840 ΜΖ’.
2408 2782 2516 2839 τΗν
2544 2787 2598 2840 δέ
2633 2805 2714 2851 τις
2738 2789 2957 2859 νομικὸς
2986 2789 3239 2852 Ἰουδαῖος
3258 2833 3271 2853 ,
3296 2790 3489 2844 Ἰσαάκ
3517 2791 3749 2860 ὀνόματι.

2173 2882 2312 2953 ἀνὴρ
2339 2881 2592 2952 εὐλαϐὴς,
2617 2881 2711 2934 καὶ
2739 2883 3022 2950 φυλάττων
3050 2885 3140 2936 τὸν
3163 2885 3325 2953 νόμον
3349 2885 3444 2937 τὸν
3471 2885 3750 2937 Μωσαῖκῶ

2177 2973 2311 3044 μετὰ
2360 2973 2665 3042 ἀκριϐείας.
2724 2969 2891 3037 Οὗτος
2945 2975 3371 3045 προσκυλληθεὶς
3433 2975 3750 3045 Ἐπιφανίῳ,

2173 3067 2266 3120 καὶ
2297 3067 2627 3136 κατηχηθεὶς
2663 3066 2754 3119 ὑπ’
2778 3064 2963 3128 αὑτοῦ,
3005 3066 3301 3138 ἐφωτίσθη.
3339 3068 3565 3138 Ἤμεθα
3593 3063 3683 3120 οἷν
3709 3068 3750 3118 οἱ

2170 3163 2318 3232 τρεῖς
2355 3159 2607 3229 μένοντες
2640 3161 2695 3211 ἐν
2718 3159 2849 3226 οἴκῳ
2875 3161 2974 3212 ἐνί.

2239 3251 2374 3302 ΜΗ’.
2413 3250 2548 3301 Ποτέ
2582 3244 2672 3302 οὖν
2700 3252 2731 3320 ἡ
2757 3249 2957 3319 ἀδελφὴ
3005 3250 3293 3321 Ἀρκαδίου
3350 3251 3447 3303 καὶ
3499 3250 3751 3321 ὐνωρίεν

2169 3339 2276 3392 τῶν
2307 3339 2564 3409 βασιλέων
2620 3339 2789 3402 πάθος
2849 3335 3179 3410 ἕχουσα(ἧν
3235 3340 3291 3392 δὲ
3347 3340 3486 3409 αῦτη
3527 3342 3622 3393 ἐπὶ
3658 3342 3750 3406 τῆς

2179 3430 2436 3502 Ῥώμης)
2477 3433 2704 3502 ’ἤκουσεν
2751 3432 2878 3501 περὶ
2924 3432 3243 3499 Ἐπιφανίου
3271 3472 3285 3494 ,
3320 3433 3404 3485 ὅτι
3459 3432 3752 3503 θεραπεὺει

2166 3521 2194 3573 ὁ
2226 3521 2355 3583 Θεὸς
2388 3521 2452 3573 δι’
2493 3520 2654 3573 αὐτοῦ
2696 3523 2820 3584 τοὺς
2847 3521 3224 3585 ἀσθενοῦντας.
3274 3522 3421 3592 Αὕτη
3487 3518 3588 3575 οὗν
3653 3525 3752 3575 άτ-

2168 3612 2408 3665 έστειλεν
2440 3614 2496 3665 ἐν
2515 3616 2578 3683 τῇ
2603 3613 2887 3683 Κυπρίων,
2913 3615 3137 3682 ἀγαγεῖν
3168 3614 3487 3681 Ἐπιφάνιον
3518 3615 3614 3667 ἐπὶ
3665 3616 3753 3682 τῆς

2177 3703 2413 3775 Ῥώμης.
2441 3703 2561 3757 Τῶν
2601 3703 2658 3756 δὲ
2690 3703 3114 3774 ἀπεσταλμένων
3151 3705 3615 3774 καταντησάντων

2165 3788 2398 3860 Κύπρῳ,
2425 3789 2712 3854 ἀπέδειξαν
2736 3791 2801 3845 τά
2827 3791 3128 3862 γράμματα
3155 3794 3496 3865 ὲπισκοπείῳ
3529 3799 3631 3863 (α).
3655 3792 3754 3848 Ἦν

2163 3883 2333 3946 δέ’τις
2361 3882 2500 3954 ἀνὴρ
2533 3883 2732 3955 Ἕλλην
2774 3884 3046 3948 πλούσιος,
3079 3885 3281 3957 σφόδρα
3306 3885 3624 3956 μογιλάλος,
3669 3892 3754 3938 1:".

2162 3975 2330 4045 ὄνομα
2392 3975 2554 4028 αὐτοῦ
2606 3977 3008 4035 Φαυστινιανός.
3054 3971 3221 4040 Οὗτος
3271 3975 3603 4041 ἐδεξιώσατο
3633 3981 3754 4038 τοὶς

2162 4066 2358 4135 ἄνδρας
2387 4067 2514 4130 τοὺς
2532 4067 2881 4138 πεμφθέντας
2910 4069 3046 4140 πρὸς
3072 4063 3420 4137 Ἐ’πιφάνιον-
3453 4066 3529 4141 ἦν
3571 4071 3628 4123 δὲ
3669 4073 3754 4123 καὶ

2164 4159 2369 4230 σφόδρα
2420 4160 2795 4230 ἀντικείμενος
2846 4162 3169 4232 Ἐπιφανίῳ.
3219 4161 3444 4226 Τούτοις
3507 4164 3701 4230 ἔλεγεν
3733 4167 3755 4212 ὁ

2159 4253 2571 4316 Φαυστινιανός·
2634 4253 2720 4318 Τί,
2781 4254 2965 4323 φησὶν,
3013 4253 3327 4325 προσέχετε,
3381 4255 3456 4319 ὡς
3487 4255 3640 4324 Θεῷ,
3686 4256 3756 4322 τις.

476 4360 613 4416 nihil
649 4361 794 4416 aliud
829 4381 842 4415 :
872 4370 954 4416 est
985 4371 1164 4416 autem
1197 4363 1451 4431 pessimis
1475 4347 1739 4420 moribus.
1801 4364 2048 4432 Quodam

2193 4345 2414 4419 πιθέτῃ;
2448 4347 2654 4415 Λόγους
2687 4345 2793 4419 γάρ
2837 4346 3076 4418 ψυχροὺς
3106 4347 3274 4410 λαλεῖ,
3319 4349 3411 4400 καὶ
3449 4350 3618 4402 οὐδὲν
3645 4352 3756 4403 ἓτε-

475 4467 603 4508 vero
628 4453 715 4508 die
737 4469 860 4508 cum
885 4455 1100 4508 adesset
1124 4452 1486 4523 Epiphanius,
1512 4468 1802 4525 essentque
1829 4456 2050 4526 opiﬁces

473 4555 763 4614 operantes
808 4546 861 4599 in
917 4546 1173 4608 ecclesia,
1204 4558 1362 4602 erant
1395 4549 1557 4602 etiam
1614 4549 1724 4603 illic
1774 4548 1897 4616 viri,
1953 4549 2047 4619 qui

472 4636 626 4691 missi
657 4635 892 4698 fuerant,
919 4653 1086 4707 prope
1105 4635 1491 4707 Epiphaniam.
1527 4637 1654 4693 Erat
1695 4648 1875 4693 autem
1906 4638 2050 4694 Fau-

473 4727 746 4781 stiniauus
780 4744 1001 4797 quoque
1050 4738 1204 4783 stans
1255 4729 1307 4782 in
1358 4744 1425 4784 eo
1478 4729 1615 4783 loco.
1667 4729 1804 4784 Cum
1835 4744 1900 4784 ex
1935 4729 2045 4784 alto

469 4831 599 4886 ergo
637 4816 922 4872 cecidisset
946 4834 1090 4873 unus
1140 4833 1204 4872 ex
1233 4819 1673 4886 aedificatoribus,
1714 4829 1767 4874 et
1818 4820 2046 4876 descen-

468 4907 639 4962 disset
666 4923 831 4976 supra
853 4919 1017 4978 caput
1040 4908 1381 4967 Faustiniaui
1413 4935 1425 4968 :
1472 4913 1567 4983 qui
1597 4915 1866 4969 ceciderat
1916 4915 2044 4985 qui-

467 4999 613 5063 dem,
646 4998 784 5052 nihil
811 4999 939 5052 mali
977 5007 1062 5054 est
1107 5015 1342 5068 passus:
1399 5003 1792 5061 Faustinianus
1817 5021 1946 5062 vero
1987 5008 2041 5062 in

468 5087 664 5142 faciem
734 5089 964 5156 cecidit,
1003 5100 1058 5145 et
1108 5096 1310 5148 mansit
1369 5105 1644 5152 mortuus.
1705 5096 2042 5168 Epiphanius

465 5190 652 5236 autem
683 5182 1129 5253 appropinquans
1158 5184 1536 5253 Faustiniano,
1559 5205 1685 5244 eum
1720 5190 1894 5244 tenuit
1929 5206 2041 5244 ma-

465 5290 560 5340 nu,
595 5274 784 5330 dicens
815 5292 829 5328 :
868 5273 1064 5348 Surge,
1099 5276 1196 5341 fili,
1251 5281 1305 5332 in
1351 5282 1573 5336 nomine
1610 5281 1850 5347 Domini,
1903 5282 2041 5337 vade

465 5377 632 5419 sanus
660 5364 715 5418 in
742 5364 966 5420 domum
1003 5375 1176 5422 tuam.
1237 5368 1431 5424 Statim
1465 5380 1646 5428 autem
1697 5374 1955 5439 surrexit,
1985 5385 2040 5430 et

464 5453 560 5508 ivit
591 5454 645 5507 in
692 5453 914 5511 domum
943 5472 1120 5513 suam.
1159 5459 1294 5513 Cum
1326 5470 1507 5515 autem
1561 5463 1862 5520 audivisset
1901 5481 2039 5520 uxor

535 5657 610 5729 (α)
661 5655 814 5730 Legit
848 5661 1116 5731 interpres
1142 5663 1465 5732 Ἐπιφανίῳ.

2162 4456 2252 4511 ρον
2279 4456 2292 4470 ·
2323 4439 2582 4504 κάκιστός
2624 4441 2741 4492 ἐστι
2790 4439 2918 4511 περὶ
2950 4441 3075 4503 τοὺς
3102 4440 3314 4508 λόγους.
3368 4442 3461 4495 Ἐν
3531 4447 3637 4514 μιᾷ
3671 4441 3758 4496 οἷν

2159 4527 2340 4598 ἡμέρᾳ
2371 4529 2757 4598 ἐπιστὴκοντος
2776 4529 3117 4598 Ἐπιφανίου,
3139 4530 3213 4594 ὡς
3240 4527 3382 4602 ⁴ἦσαν
3409 4534 3458 4584 οἱ
3505 4538 3756 4604 τεχνῖτις

2157 4620 2508 4690 ἐργαζόμενοι
2543 4622 2634 4674 ἐπὶ
2675 4622 2776 4691 τῆς
2816 4621 3132 4694 ἐκκλησίας,
3165 4619 3306 4693 ἦσαν
3339 4626 3435 4677 καὶ
3471 4627 3524 4677 οἱ
3565 4626 3758 4693 ἄνδρες

2154 4712 2201 4762 οἱ
2227 4712 2627 4784 ἀπεσταλμένοι
2654 4715 2823 4782 ἐγγὺς
2851 4715 3083 4777 ἑστῶτες
3141 4716 3493 4783 Ἐπιφανίου.
3557 4713 3680 4770 Ἦν
3708 4720 3758 4768 εξ

2153 4803 2249 4855 καὶ
2278 4803 2658 4867 Φαυστινιανὸς
2689 4803 2858 4868 ἑστὼς
2892 4805 2985 4858 ἐπὶ
3011 4804 3103 4858 τοῦ
3143 4807 3330 4860 τόπου.
3374 4801 3473 4869 Εἷς
3514 4803 3615 4860 οὖν
3655 4811 3756 4860 2L}.-

2152 4893 2446 4962 οἰκοδόμων
2471 4891 2648 4946 πεσὼν
2669 4894 2778 4946 ἀπὸ
2804 4894 2970 4963 ὕψους
3005 4894 3265 4964 μεγάλου,
3319 4897 3411 4947 καὶ
3443 4898 3758 4966 ἐρχόμενος

2102 4977 2109 4996 ³
2153 4985 2293 5039 κατὰ
2324 4985 2570 5056 κεφαλῆς
2600 4987 3004 5048 Φαυστινιανοῦ,
3033 4989 3061 5040 ὁ
3099 4988 3194 5058 μὲν
3235 4988 3417 5040 πεσὼν
3465 4991 3636 5043 οὐδὲν
3666 5009 3746 5042 κε-

2097 5073 2108 5083 ’
2152 5077 2244 5129 κὺν
2270 5075 2492 5129 ἔπαθεν·
2526 5079 2554 5130 ὀ
2588 5077 2643 5130 δὲ
2672 5079 3058 5140 Φαυστινιανὸς
3079 5078 3271 5132 ἔπεσεν
3303 5081 3395 5132 ἐπὶ
3419 5083 3756 5152 πρόσωπα-ι,

2151 5171 2244 5222 καὶ
2270 5167 2448 5240 ἔμεινε
2487 5170 2698 5241 νεκρός.
2730 5170 2989 5239 Ἐγγίσας
3030 5171 3086 5223 δὲ
3133 5171 3452 5239 Ἑπιφάνιος
3513 5176 3758 5227 Φαυστί-

2148 5259 2331 5331 νιανῷ,
2367 5260 2668 5332 ἐκράτησεν
2698 5261 2859 5314 αὑτὸν
2889 5261 2995 5314 ἀπὸ
3019 5261 3118 5329 τῆς
3146 5261 3327 5330 χειρὸς
3351 5261 3536 5330 λέγων
3554 5281 3568 5293 ·
3595 5265 3742 5317 ’.Α-,τά

2150 5371 2272 5416 στα,
2305 5355 2512 5417 τέκνον,
2561 5355 2742 5426 φησὶν,
2774 5355 2832 5406 ἐν
2862 5355 3086 5424 ὀνόματι
3114 5355 3340 5426 Κυρίου,
3393 5357 3494 5409 καὶ
3546 5359 3757 5412 cia-:31:

2149 5445 2405 5500 ὑγιαίνων
2440 5447 2497 5498 ἐν
2531 5438 2717 5515 τῷσῴ
2759 5445 2911 5500 οἴκω.
2949 5445 3163 5508 Εὐθέως
3215 5446 3271 5499 δὲ
3297 5447 3505 5520 ἀνέστη
3540 5451 3570 5501 ὁ
3609 5452 3756 5503 Φαι-
