3800 6180
65 166 136 221 85

1359 176 1413 231 S.
1460 174 1800 233 EPIPHANII
1844 182 2024 237 VITA.

3233 183 3303 241 86

70 286 360 353 στινιανδς,
393 287 486 342 καί⁸
516 289 785 361 ἐπορεύθη
813 293 890 353 είς
921 290 1010 342 τὸν
1041 285 1187 344 οἷκον
1214 291 1403 345 αὐτοῦ.
1448 290 1634 343 Ἀκού·

1760 294 1859 361 ejus
1918 295 2062 364 quod
2119 294 2320 351 factum
2358 297 2551 361 fuerat,
2587 297 2792 366 accepit
2835 298 2981 353 mille
3024 313 3301 362 nummos,

71 394 210 430 σασα
240 378 297 431 δέ
323 382 355 449 ή
390 379 577 433 τούτου
608 382 745 452 γυνὴ
772 382 833 434 τὸ
862 382 1102 449 γεγονὸς,
1127 382 1360 435 λαϐοῦσα
1390 382 1532 452 χίλια
1554 399 1637 434 νο-

71 468 319 539 μίσματα
350 472 724 543 προσήνεγκεν
749 472 1071 543 Ἐπιφανίῳ.
1103 470 1267 527 Εἶπεν
1308 474 1362 527 δὲ
1412 474 1638 541 Ἐπιφά-

68 577 180 623 νιος
206 562 347 631 πρὸς
374 562 470 633 τὴν
500 567 732 631 γυναῖκα
753 581 767 594 ·
804 564 1057 626 Ἀπελθε.
1104 566 1311 628 τέκνον,
1356 566 1444 629 δὸς
1497 565 1640 619 αὐτά

66 656 181 715 τοῖς
212 654 474 707 κοπιῶσιν
499 656 594 708 ἐπὶ
616 656 712 725 τῆς
733 655 1047 727 ἐκκλησίας,
1089 658 1181 710 καὶ
1207 656 1347 723 ἕξεις
1368 657 1637 728 θησαυρὸν

69 743 222 814 παρά
250 744 331 815 τῷ
380 745 636 816 Ὑψίστῳ.
674 747 780 800 Καὶ
801 746 972 810 οὕτως
1010 749 1318 819 ἐποίησενὴ
1353 752 1510 819 γυνή.

140 836 279 891 ΜΘ’.
332 838 393 889 Oi
426 833 519 890 οὖν
549 837 944 907 ἀπεσταλμένοι
991 840 1143 912 παρά
1192 840 1300 893 τῶν
1336 840 1595 909 βασιλέων
1621 880 1635 904 ,

69 926 279 993 ἐπῆγον
306 926 397 979 τὸν
428 928 745 995 Ἐπιφάνιον
779 928 871 981 ἐπὶ
902 928 963 981 τὸ
1005 930 1188 983 πλέειν
1240 931 1333 982 ἐπὶ
1365 930 1461 1000 τὴν
1502 930 1636 982 Ῥώ-

74 1035 203 1087 μην.
235 1013 342 1070 Ἦν
362 1017 417 1070 δέ
449 1036 533 1081 τις
572 1019 827 1090 κληρικὸς
860 1020 965 1073 ἀπδ
989 1020 1252 1091 ῥητόρων,
1286 1019 1522 1091 τοῦνομα
1548 1020 1639 1072 Φί-

70 1108 200 1172 λων,
224 1108 363 1179 ἀνὴρ
387 1110 549 1173 ὅσιος.
572 1112 741 1181 Χρεία
761 1112 817 1164 δέ
838 1107 905 1182 ἦν
930 1114 1021 1164 ἐπὶ
1036 1113 1132 1183 τῆς
1148 1111 1354 1175 πόλεως
1380 1112 1473 1165 τοῦ
1492 1115 1639 1183 Καρ-

70 1199 273 1251 πασίου
304 1200 521 1254 καθίσαι
555 1202 849 1255 ἐπίσκοπον
876 1204 966 1255 ἐπὶ
987 1204 1080 1255 τοῦ
1102 1204 1311 1274 θρόνου.
1336 1200 1443 1255 Ἦν
1471 1203 1526 1256 δὲ
1552 1196 1639 1255 οὖ-

68 1306 163 1351 τος
187 1288 452 1353 διάκονος.
491 1291 691 1345 Τοῦτον
710 1289 802 1347 οὖν
829 1294 938 1348 ἀπὸ
964 1294 1353 1363 ἀποκαλύψεως
1378 1293 1509 1347 Θεοῦ
1529 1312 1640 1364 χει-

69 1383 285 1449 ροτονεί
312 1382 605 1436 ἐπίσκοπον
632 1387 660 1436 ὁ
683 1385 999 1454 Ἐπιφάνιος
1049 1386 1141 1437 ἐπὶ
1187 1385 1280 1438 τοῦ
1328 1385 1517 1457 θρόνου
1542 1386 1641 1457 τῆς

68 1472 303 1538 πόλεως,
348 1473 569 1544 καὶτῆς
612 1474 933 1544 Ἐκκλησίας
993 1475 1087 1528 τοῦ
1132 1476 1472 1547 Καρπασίου.
1512 1476 1639 1528 Ὅτε

66 1556 165 1613 οὖν
198 1556 346 1631 εἶχεν
398 1562 709 1630 Ἐπιφάνιος
742 1563 1071 1634 ἐπιδημῆσαι
1130 1565 1221 1617 ἐπὶ
1246 1564 1344 1634 τῆς
1405 1563 1637 1635 Ῥώμης,

1742 395 1797 439 et
1825 386 2021 439 obtulit
2052 386 2373 456 Epiphanio.
2410 388 2511 454 Qui
2569 388 2618 441 ei
2646 389 2779 443 dixit
2814 406 2825 439 :
2860 388 3022 454 Vade,
3057 390 3185 455 filia,
3234 392 3299 443 da

1740 492 1841 533 eos
1872 478 1945 533 iis
1972 479 2064 548 qui
2091 479 2338 535 laborant
2362 481 2412 534 in
2445 482 2695 547 ecclesia,
2723 491 2775 535 et
2807 482 3029 536 habebis
3082 483 3306 537 thesau-

1743 583 1863 622 rum
1893 570 2035 638 apud
2067 569 2424 626 Altissimum.
2469 570 2561 627 Sic
2588 582 2768 627 autem
2794 572 2921 626 fecit
2956 572 3173 626 mulier.

1739 840 1767 872 τ’
1812 831 1998 886 XLIX.
2033 832 2133 900 Qui
2165 847 2289 888 vero
2314 833 2466 889 missi
2504 833 2721 890 fuerant
2754 837 2822 892 ab
2863 837 3299 907 imperatoribus,

1744 926 2007 995 urgebant
2040 924 2424 995 Epiphanium,
2459 934 2519 979 ut
2555 926 2833 995 navigaret
2872 926 3121 981 Romam.
3179 928 3304 985 Erat

1745 1026 1925 1071 autem
1956 1016 2175 1086 quidam
2202 1032 2268 1072 ex
2298 1016 2613 1071 oratoribus
2641 1018 2892 1079 clericus.
2926 1016 3082 1072 Philo
3128 1021 3304 1073 nomi-

1745 1123 1834 1173 ne,
1862 1108 1945 1161 vir
1976 1116 2217 1163 sanctus.
2246 1106 2394 1176 Opus
2448 1118 2628 1162 autem
2662 1118 2799 1173 erat,
2844 1110 2895 1162 in
2930 1111 3144 1163 civitate
3172 1110 3291 1165 Car-

1744 1196 1879 1265 pasii
1911 1196 1962 1249 in
1992 1197 2118 1251 sede
2145 1197 2411 1251 collocare
2443 1198 2776 1267 episcopum.
2834 1199 3071 1269 Eratque
3106 1202 3152 1255 is
3183 1200 3293 1254 dia-

1745 1302 1933 1342 conus.
1966 1287 2122 1341 llunc
2154 1304 2282 1357 ergo
2315 1287 2407 1343 Dei
2443 1290 2769 1344 revelatione
2795 1290 3106 1361 episcopum
3153 1292 3295 1345 ordi-

1745 1388 1838 1433 nat
1869 1379 2202 1449 Epiphanius
2229 1384 2281 1433 in
2311 1380 2436 1434 sede
2462 1380 2697 1435 civitatis
2727 1390 2782 1435 et
2814 1380 3067 1437 Ecclesia:
3096 1383 3294 1452 Carpa-

1746 1472 1833 1525 sii.
1851 1471 1987 1525 Cum
2017 1485 2147 1540 ergo
2168 1478 2310 1525 esset
2326 1471 2551 1525 Romam
2575 1471 2925 1541 profecturus
2945 1472 3300 1544 Epiphanius,

1746 1564 1972 1619 accersit
1996 1564 2149 1633 prius
2176 1563 2380 1619 dictum
2414 1564 2693 1620 Philonem
2722 1567 3033 1635 episcopum
3055 1606 3071 1630 ,
3103 1568 3303 1637 datque

70 1654 495 1723 μεταστέλλεται
517 1656 607 1708 τὸν
632 1655 1024 1726 προειρημένον
1054 1656 1263 1708 Φίλωνα
1297 1656 1385 1708 τὸν
1429 1656 1634 1708 ἐπίσκο-

1760 1657 1794 1711 2i
1828 1656 2207 1711 auctoritatem
2252 1653 2505 1710 Ecclesiae
2546 1655 2898 1718 Constantiaa,
2956 1664 3015 1711 ut
3063 1658 3109 1711 si
3144 1656 3302 1712 fuerit

69 1763 197 1809 πον,
235 1746 331 1800 καὶ
359 1746 505 1816 αὐτῷ
533 1747 850 1800 ἀποδίδωσιν
873 1747 971 1817 τὴν
998 1747 1282 1800 αὐθεντίαν
1301 1748 1399 1818 τῆς
1420 1748 1645 1818 Ἐκκλη-

68 1838 194 1901 aia;
219 1838 320 1909 τῆς
361 1840 743 1903 Κωνσταντίας
765 1879 781 1904 ,
815 1839 963 1901 ὅπως
986 1839 1051 1892 ἂν
1075 1838 1232 1910 χρεία
1264 1841 1489 1909 γένηται
1515 1840 1645 1909 κλη-

68 1929 267 1999 ρικῶν,
306 1928 468 1992 αὐτὸς
505 1930 887 2001 χειροτονήσει.
915 1928 1110 1984 Λαϐὼν
1136 1926 1230 1984 οὖν
1273 1933 1301 1983 ὁ
1330 1931 1644 1999 Ἑπιφάνιος

68 2020 216 2088 ἐμὲ.
279 2019 371 2071 καὶ
402 2019 623 2084 Ἰσαάκ,
671 2020 1095 2090 ἀπεπλεύσαμεν
1147 2024 1227 2086 είς
1271 2022 1368 2092 τὴν
1405 2022 1639 2093 Ῥώμην.

68 2109 441 2163 Εἰσελθόντων
472 2110 529 2162 δὲ
577 2110 733 2180 ἡμῶν
770 2111 827 2162 ἐν
878 2114 945 2182 τῇ
980 2111 1151 2173 πόλει,
1207 2109 1274 2183 ἦν
1306 2112 1497 2177 πένθος
1552 2115 1646 2167 καὶ

67 2204 307 2267 κοπετὸς
340 2203 511 2274 μέγας
536 2205 593 2258 ἐν
620 2203 697 2274 τῷ
725 2204 957 2276 ταμιείῳ
985 2205 1063 2276 τῷ
1101 2205 1377 2277 βασιλικῷ.
1406 2207 1515 2277 Τῆς
1538 2206 1647 2279 γάρ

68 2295 316 2365 ἀδελφῆς
334 2294 444 2348 τῶν
460 2295 720 2366 βασιλέων
746 2292 1032 2369 Ἀρκαδίου
1054 2298 1151 2352 καὶ
1186 2298 1445 2369 Ὀνωρίου
1476 2298 1647 2362 πάθος

68 2386 307 2455 ἐχούσης
336 2388 428 2440 ἐπὶ
462 2387 558 2458 τὴν
583 2386 759 2452 δεξιάν
788 2391 973 2459 χεῖρα,
1032 2388 1200 2441 πολλά
1250 2390 1572 2459 ποιήσαντες
1596 2391 1647 2441 οἱ

72 2477 256 2550 ἰατροὶ
284 2477 437 2530 οὐδὲν
459 2477 746 2548 ὠφέλησαν
772 2478 995 2549 ταύτην.
1014 2475 1137 2533 ’Ἦν
1164 2480 1219 2533 δὲ
1251 2480 1435 2534 λοιπὸν
1479 2482 1649 2545 πάθος

69 2569 523 2638 κατανεμόμενον
546 2568 645 2633 τάς
680 2568 886 2641 σάρκας
914 2571 1103 2641 αὐτῆς.
1151 2572 1283 2625 Ἀπὸ
1314 2571 1511 2643 πολλῆς
1557 2568 1649 2626 οὗν

70 2656 312 2725 θλίψεως
363 2657 568 2726 ἐπῆγεν
593 2658 720 2720 τοὺς
768 2658 1024 2728 βασιλεῖς,
1053 2658 1194 2728 λέγω
1252 2660 1313 2732 δὴ
1375 2662 1651 2732 Ἀρκάδιον

71 2748 164 2800 xa‘t
207 2745 492 2819 Ὀνὼριον,
519 2749 666 2812 ὅπως
693 2750 1055 2822 ἐπιτρέψωσιν
1077 2751 1245 2822 ίατρῷ
1279 2752 1457 2807 δοῦναι
1485 2754 1650 2831 δηλη-

69 2840 265 2907 τήριον
293 2837 458 2909 αὐτῇ,
517 2838 664 2902 ὅπως
691 2838 779 2892 διά
824 2840 1091 2911 συντόμου
1141 2842 1385 2915 παρέλθῃ
1418 2845 1506 2900 τὸν
1540 2845 1651 2916 βίον

67 2929 285 2983 τοῦτον.
329 2929 397 2981 Οἱ
441 2925 534 2982 οὖν
586 2931 966 2999 ἀπαγαγόντες
1000 2934 1147 3004 ἡμᾶς
1178 2934 1271 2987 ἐπὶ
1297 2935 1394 3007 τὴν
1429 2936 1648 3008 Ῥώμην

69 3021 353 3093 εἰσῆλθον,
394 3024 489 3075 καὶ
522 3023 863 3093 ἀπήγγειλαν
885 3028 997 3088 τοῖς
1030 3025 1357 3095 βασιλεῦσιν.
1407 3028 1567 3082 Αὐτοὶ
1594 3029 1651 3084 δὲ

72 3115 472 3184 ἐπιτρέπουσιν
497 3116 722 3171 είσιέναι
754 3116 845 3170 τὸν
884 3118 1214 3186 Ἑπιφάνιον.
1255 3119 1313 3173 '0
1335 3118 1390 3173 δὲ
1428 3121 1661 3190 Ἐπιφά-

71 3224 205 3271 νιος,
236 3209 317 3271 ὡς
345 3208 421 3279 μὴ
447 3208 708 3273 τοιούτοις
725 3208 1030 3282 ἀνθρώποις
1059 3209 1457 3280 συντυγχάνων,
1484 3212 1655 3278 οὕτως

74 3298 339 3368 ἀτρόμως
367 3294 504 3351 εἶσιν
547 3300 607 3351 ἐν
652 3297 730 3368 τῷ
788 3298 1020 3368 ταμιείῳ
1060 3296 1138 3368 τῷ
1176 3297 1469 3367 βασιλικῷ,
1505 3297 1656 3367 ἐγγί-

75 3404 178 3449 σας
206 3388 266 3441 δὲ
297 3391 414 3451 τοῖς
444 3388 771 3459 βασιλεῦσιν.
801 3384 909 3442 Ἦν
947 3389 1003 3443 δὲ
1039 3390 1133 3442 καὶ
1162 3390 1194 3459 ή
1218 3388 1419 3459 ἀδελφὴ
1457 3389 1659 3443 τούτων

75 3480 460 3551 κατακειμένη
491 3481 584 3534 ἐπὶ
611 3481 710 3551 τῆς
736 3480 946 3551 κλίνης.

144 3573 234 3627 1\".
281 3571 404 3626 Τῶν
429 3571 485 3625 δὲ
520 3571 781 3643 βασιλέων
821 3572 1034 3626 ίδόντων
1080 3572 1173 3625 τὸν
1215 3572 1547 3642 Ἐπιφάνιον,
1574 3574 1660 3627 ἀν-

75 3664 324 3731 έστησαν
359 3664 561 3728 εὐθέως
584 3665 693 3719 ἀπὸ
730 3664 839 3718 τῶν
873 3664 1095 3737 θρόνων.
1126 3660 1293 3717 Εἶπεν
1338 3666 1395 3718 δὲ
1431 3666 1660 3735 Ἐπιφά-

75 3774 191 3820 νιος
220 3757 340 3819 τοῖς
373 3756 706 3825 βασιλεῦσιν*
731 3757 944 3829 Ταύτην
967 3758 1064 3828 τὴν
1089 3757 1254 3829 τιμὴν
1269 3757 1660 3823 δίδοτεηέκνᾱ,

76 3848 158 3918 τῷ
197 3848 493 3921 εὐεργέτῃ,
533 3850 628 3901 καὶ¹
657 3848 851 3918 ὄψεσθε
879 3850 977 3920 τὴν
1002 3849 1237 3921 ἀδελφὴν
1267 3848 1419 3920 ὑμῶν
1446 3851 1504 3903 ἐν
1536 3850 1664 3903 καλ-

66 3939 244 4011 λίστῃ
297 3939 483 4009 ὑγείαν
525 3941 600 4011 μὴ
636 3940 947 4001 πεποίθετε,
978 3941 1162 4005 τέκνα,
1198 3942 1291 3994 ἐπὶ
1330 3942 1430 4013 τὴν
1475 3941 1665 3995 αὐθεν-

78 4034 225 4087 τίαν,
247 4032 345 4085 καί
360 4031 545 4085 ἐσεσθε
568 4031 956 4102 φυλαττόμενοι
974 4033 1081 4087 ἀπὸ
1099 4034 1325 4105 Κυρίου.
1343 4034 1464 4087 Ἐπὶ
1479 4033 1535 4086 δὲ
1555 4037 1668 4097 τοῖς

80 4122 275 4191 λόγοις
316 4122 631 4190 Ἐπιφανίου
665 4121 940 4185 ἐδίσταζον
982 4123 1076 4175 καί
1113 4124 1464 4194 ἐταράττοντο
1497 4124 1545 4177 οἱ
1574 4124 1669 4194 βα-

81 4213 276 4277 σιλεῖς.
309 4207 480 4265 Εἶπεν
512 4212 571 4265 δὲ
610 4212 920 4281 Ἐπιφάνιος
952 4216 1062 4276 τοῖς
1108 4213 1416 4283 βασιλεῦσιν
1436 4232 1449 4245 ο
1485 4214 1550 4267 Τί
1592 4214 1669 4267 δι-

1747 1763 1883 1817 opus
1914 1746 2125 1803 clericis
2148 1770 2191 1812 ,ν
2224 1745 2339 1816 ipse
2367 1747 2661 1801 ordinaret.
2700 1748 2924 1816 Accepit
2952 1756 3128 1801 autem
3181 1746 3299 1817 Epi—

1744 1840 1977 1908 phanius
2022 1854 2110 1894 me
2178 1842 2245 1907 etj
2282 1837 2451 1900 Isaac,
2517 1846 2572 1893 et
2624 1838 2853 1893 Romam
2912 1839 3300 1909 navigavimus.

1746 1929 1874 1983 Erat
1900 1945 2027 1984 vero
2058 1944 2289 1998 magnus
2328 1928 2508 1982 luctus
2534 1935 2588 1982 et
2612 1928 2864 1995 planctus
2893 1928 2945 1981 in
2976 1928 3098 1982 aula
3138 1928 3305 1997 regia.

1745 2020 1881 2076 Cum
1937 2022 2078 2078 enim
2122 2036 2282 2077 soror
2335 2022 2722 2090 imperatorum
2759 2020 2975 2075 Arcadii
2996 2029 3049 2075 et
3084 2018 3303 2073 Honorii

1746 2110 2015 2165 laboraret
2050 2111 2103 2164 in
2132 2126 2296 2165 manu
2328 2110 2569 2176 dextera,
2607 2110 2776 2164 multa
2818 2109 3061 2166 fecerant
3089 2111 3303 2172 medici,

1747 2216 1847 2256 nec
1872 2202 1921 2256 ei
1954 2201 2247 2271 quidquam
2274 2200 2610 2271 profuerant.
2644 2201 2866 2256 Morbus
2903 2211 3082 2256 autem
3102 2202 3212 2271 jam
3243 2204 3307 2257 de

1747 2301 1941 2346 czetero
1967 2292 2287 2360 depascebat
2304 2291 2423 2360 ejus
2444 2307 2655 2347 carnes.
2680 2291 2796 2346 Prae
2822 2292 2991 2347 multa
3022 2307 3146 2346 vero
3175 2292 3306 2346 ami-

1748 2384 1926 2437 ctione
1952 2382 2186 2437 instabat
2207 2382 2651 2451 imperatoribus,
2681 2382 2935 2445 Arcadio,
2967 2385 3188 2453 inquam
3208 2424 3223 2446 ,
3256 2393 3304 2438 et

1749 2474 2009 2539 Honorio,
2033 2485 2089 2530 ut
2120 2476 2496 2546 permitterent
2532 2477 2743 2531 medico
2785 2476 2832 2531 ei
2863 2478 2992 2532 dare
3019 2491 3307 2541 venenum,

1750 2574 1811 2619 ut
1832 2564 2061 2620 breviter
2090 2566 2259 2619 vitam
2282 2567 2479 2622 finiret.
2516 2568 2616 2633 Qui
2644 2584 2772 2637 ergo
2802 2583 2903 2621 nos
2938 2566 3165 2621 Romam
3211 2568 3307 2624 de.

1749 2655 2032 2717 duxerant,
2064 2657 2292 2725 ingressi
2317 2668 2465 2721 sunt,
2491 2671 2544 2710 et
2574 2659 2952 2713 renuntiarunt
2974 2658 3306 2727 imperatori-

1752 2746 1873 2800 bus.
1904 2745 2007 2814 Ipsi
2051 2755 2231 2801 autem
2254 2747 2469 2815 jubent,
2499 2758 2556 2801 ut
2586 2747 2919 2817 ingrediatur
2951 2748 3307 2817 Epiphanius.

1750 2834 1917 2890 Nobis
1944 2852 2070 2891 vero
2085 2836 2146 2889 .in
2176 2838 2356 2891 aulam
2390 2838 2592 2906 regiam
2619 2838 2968 2904 intrantibus,
2996 2852 3187 2893 omnes
3218 2838 3310 2908 qui

1751 2927 1991 2982 aderant.
2020 2927 2326 2982 salutarunt
2365 2926 2739 2997 Epiphanium.
2809 2929 2912 2993 Qui
2962 2928 3187 2997 perinde
3251 2944 3314 2983 ac

1724 3021 1797 3075 'si
1826 3035 1931 3075 non
1966 3021 2098 3075 tales
2133 3020 2451 3075 conveniret
2488 3020 2757 3083 homines,
2807 3021 3070 3089 intrepide
3110 3021 3316 3091 ingres-

1753 3127 1847 3166 sus
1869 3119 1955 3167 est
1982 3112 2035 3165 in
2068 3112 2248 3167 aulam
2291 3112 2513 3183 regiam,
2549 3121 2603 3166 et
2651 3112 3103 3182 appropinquavit
3148 3112 3318 3182 impe-

1756 3202 2046 3259 ratoribus.
2081 3202 2208 3258 Erat
2235 3210 2415 3259 autem
2452 3217 2640 3259 eorum
2686 3218 2843 3258 soror
2897 3202 2949 3255 in
2999 3202 3134 3256 lecto
3162 3216 3315 3256 recu-

1758 3293 1914 3350 bans.

1831 3566 1890 3621 L.
1951 3566 2086 3621 Cum
2116 3581 2240 3620 vero
2266 3566 2620 3635 imperatores
2649 3566 2912 3621 vidissent
2936 3566 3320 3637 Epiphanium,

1760 3670 1813 3716 ct
1846 3660 2093 3729 protinus
2139 3673 2169 3713 e
2196 3659 2415 3714 sedibus
2444 3659 2492 3712 ei
2521 3660 2971 3724 assurrexissent,
3013 3660 3150 3713 dixit
3195 3659 3317 3728 Epi-

1762 3753 1997 3823 phanius
2039 3751 2461 3821 imperatoribus
2495 3769 2509 3803 :
2546 3747 2702 3805 Hune
2747 3751 3030 3813 honorem,
3068 3751 3264 3820 inquit,
3293 3767 3324 3806 o

1766 3847 1881 3908 lilii,
1917 3846 2043 3900 date
2073 3844 2399 3900 bcuefactori
2432 3842 2561 3905 Deo,
2602 3852 2656 3897 et
2692 3843 2940 3897 videbitis
2967 3858 3206 3898 sororem
3234 3860 3317 3896 \e-

1766 3947 1932 3992 stram
1983 3937 2034 3990 in
2091 3936 2291 4005 optima
2327 3935 2578 3989 sanitate.
2613 3933 2691 3989 Ne
2737 3935 3045 4000 coniidatis,
3098 3934 3220 3996 ﬁlii,
3273 3936 3324 3988 in

1768 4030 2066 4099 majestate,
2118 4038 2172 4083 et
2198 4028 2651 4084 conservabimini
2691 4045 2720 4082 a
2762 4027 3013 4082 Domino.
3059 4027 3327 4094 Quoniam

1768 4130 1947 4176 autem
1975 4131 2193 4191 propter
2222 4121 2383 4175 verba
2434 4119 3075 4190 Epiphaniidubitabaut
3102 4129 3155 4175 et
3201 4137 3329 4175 con-

1770 4214 2127 4269 turbabantur
2178 4212 2554 4283 imperatores,
2606 4212 2743 4267 dixit
2792 4212 2899 4267 illis
2953 4210 3328 4281 Epiphanius:

81 4307 341 4370 στάζετε,
371 4305 556 4369 τέκνα,
587 4306 679 4357 ἐπὶ
712 4307 825 4368 τοῖς
853 4304 1231 4375 λαλουμένοις,
1270 4306 1501 4375 ὐψεσθε
1532 4307 1633 4359 Θεο

1772 4305 1908 4371 Quid
1950 4305 2228 4368 dubitatis,
2294 4305 2409 4370 lilii,
2462 4305 2529 4359 de
2587 4305 2653 4361 iis
2698 4321 2817 4376 qua:
2864 4305 3029 4360 dico?
3074 4303 3331 4358 Videbitis

79 4398 250 4468 χάριν
301 4398 394 4451 διά
442 4396 549 4450 τῶν
597 4396 1232 4467 λαλουμένων.Ἑγγίσας
1260 4397 1316 4451 δὲ
1353 4398 1664 4468 Ἑπιφάνιος

81 4493 178 4543 ἐπὶ
228 4490 333 4559 τῆς
381 4490 588 4559 κλίνης,
619 4490 745 4542 ἔνθα
774 4490 1051 4542 κατέκειτο
1083 4493 1115 4560 ἡ
1147 4490 1349 4562 ἀδελφὴ
1379 4490 1486 4543 τῶν
1517 4490 1667 4559 βασι-

78 4580 244 4642 λέων,
276 4576 432 4632 εἶπεν
467 4580 602 4650 πρὸς
646 4580 813 4651 αὐτὴν
846 4580 1061 4649 εὐμενεί
1102 4580 1181 4651 τῷ
1223 4580 1533 4653 προσώπῳο
1576 4581 1669 4652 Μὴ

81 4668 335 4732 δίσταζε,
370 4668 577 4731 τέκνον,
610 4669 704 4722 ἐπὶ
730 4668 807 4740 τῷ
840 4668 1000 4722 πάθει
1021 4687 1034 4700 ⁸
1062 4670 1151 4740 ἔχε
1196 4671 1295 4733 τὰς
1325 4670 1545 4734 ἐλπίδας
1578 4672 1669 4723 ἐπὶ

84 4759 224 4811 Θεὸν
257 4758 458 4822 ζῶντα,
486 4762 579 4813 καὶ
606 4760 710 4831 ὄψῃ
739 4761 836 4831 τὴν
865 4761 1076 4831 ὑγίειαν
1104 4765 1167 4833 τῇ
1198 4762 1316 4832 ὥρα
1343 4761 1514 4835 ταύτῃ
1533 4777 1545 4791 ·
1582 4761 1670 4813 πί-

89 4867 323 4906 στευσον
359 4851 434 4921 τῷ
465 4852 578 4923 Υίῷ
609 4852 701 4905 τοῦ
731 4854 862 4907 Θεοῦ
895 4855 972 4926 τῷ
1001 4854 1418 4925 ὲσταυρωμένῳ,
1449 4855 1540 4907 καὶ
1574 4853 1671 4925 ἔσῃ

88 4942 477 5014 περιπατοῦσα
506 4945 565 4996 ἐν
590 4948 655 5016 τῇ
687 4946 805 5017 ὥρᾳ
832 4946 1024 5017 ταύτῃ.
1062 4948 1362 5009 Πέπαυται,
1392 4948 1544 5016 φησὶ,
1582 4947 1673 5000 τέ-

90 5050 241 5096 κνον,
276 5035 307 5086 ὁ
334 5034 490 5097 πόνος
527 5034 620 5087 τοῦ
652 5035 899 5106 σώματός
932 5055 1045 5091 σου.
1078 5036 1276 5104 Δόξαζε
1311 5038 1442 5091 Θεὸν
1481 5038 1570 5091 τὸν
1597 5039 1674 5091 δι-

91 5123 253 5177 ἰόντα
281 5123 383 5191 τὴν
411 5124 571 5195 χάριν
591 5144 604 5156 ·
640 5124 730 5195 ἔχε
756 5127 941 5179 τοῦτον
974 5129 1114 5181 κατά
1138 5128 1261 5180 νοῦν
1296 5127 1673 5194 ἀδιαλείπτοις,

94 5214 187 5267 καὶ
214 5214 373 5266 ἕσται
423 5233 502 5267 σοι
548 5219 725 5287 τεῖχος
756 5218 846 5270 τὸν
877 5218 1090 5272 ἅπαντα
1134 5219 1345 5289 χρόνον.
1380 5220 1564 5274 Ταῦτα
1601 5222 1677 5273 εί-

94 5306 211 5358 πὼν
258 5307 578 5375 Ἐπιφάνιος
624 5310 925 5381 ἐκράτησεν
969 5311 1068 5381 τῆς
1119 5311 1300 5382 χειρὸς
1347 5312 1536 5381 αὐτῆς,
1584 5314 1677 5366 καὶ⁵

97 5395 415 5465 σφραγίσας
442 5399 611 5470 αὐτὴν
637 5400 835 5470 τρίτον,
862 5401 1062 5466 εὐθέως
1087 5402 1379 5472 ἐκουφίσθη
1432 5403 1538 5455 τῶν
1581 5404 1679 5457 πό·-

91 5504 222 5539 νων.
246 5486 472 5550 Ἰδόντες
516 5489 570 5542 δὲ
617 5494 665 5542 οἰ
710 5491 963 5560 βασιλεῖς,
998 5493 1026 5545 ὃ
1059 5493 1311 5563 ἐποίησεν
1348 5494 1675 5561 Ἐπιφάνιος,

94 5576 440 5650 προσεκλίθη
488 5582 520 5650 ἡ
565 5582 707 5653 ψυχὴ
753 5583 927 5637 αὐτῶν
982 5585 1074 5637 τοῦ
1131 5587 1347 5655 ἀγαπᾷν
1379 5584 1557 5651 αὐτὸν,
1586 5590 1678 5641 καὶ

1772 4397 1868 4451 Dei
1906 4399 2130 4465 gratiam
2167 4412 2260 4465 per
2287 4411 2348 4451 ea
2373 4411 2494 4466 quae
2519 4396 2794 4452 dicuntur.
2835 4397 2968 4450 Cum
3002 4405 3181 4448 autem
3208 4393 3327 4461 Epi-

1772 4491 2007 4562 phanius
2033 4491 2522 4560 appropinquasset
2544 4491 2703 4554 lecto,
2728 4490 2779 4543 in
2808 4489 3149 4559 quojaeebat
3178 4504 3337 4542 soror

1776 4582 2187 4651 imperatorum.
2210 4580 2348 4635 dixit
2373 4581 2421 4635 ci
2471 4581 2616 4634 vultu
2655 4580 2762 4634 leni
2801 4591 2853 4635 et
2882 4579 3134 4648 placido:
3170 4576 3244 4632 Ne
3272 4579 3340 4632 de

1776 4670 1964 4725 morbo
2004 4670 2235 4732 dubites,
2276 4685 2309 4722 o
2341 4669 2483 4721 lilia:
2525 4684 2683 4736 spera
2732 4668 2786 4721 in
2828 4669 2991 4721 Deum
3033 4669 3237 4733 vivum,
3287 4675 3340 4719 et

1777 4762 1881 4816 hac
1920 4762 2055 4816 hora
2104 4760 2311 4816 videbis
2360 4761 2667 4816 sanitatem.
2703 4759 2875 4814 Crede
2905 4759 3045 4814 Filio
3090 4758 3205 4824 Dei,
3244 4760 3337 4829 qui

1780 4853 1882 4909 fuit
1907 4854 2218 4918 cruciﬁxus,
2254 4863 2307 4908 et
2354 4853 2535 4908 statim
2578 4851 2904 4907 ambulabis.
2950 4850 3215 4912 Cessavit,
3262 4850 3343 4904 in-

1780 4946 1918 5016 quit,
1961 4960 1994 5000 o
2025 4945 2157 5010 ﬁlia,
2200 4944 2352 4998 dolor
2388 4944 2465 4997 tui
2499 4942 2831 5012 corpusculi.
2884 4940 3066 4996 Redde
3115 4941 3340 5011 gloriam

1781 5036 1913 5101 Deo,
1949 5036 2043 5108 qui
2081 5036 2174 5091 dat
2203 5032 2464 5106 gratiam;
2495 5050 2619 5088 eum
2663 5034 2803 5089 habe
2848 5042 3108 5103 perpetuo
3144 5033 3196 5086 in
3230 5047 3345 5086 me-

1782 5131 1977 5195 moria,
2002 5138 2059 5185 et
2081 5129 2186 5183 erit
2210 5128 2309 5183 tibi
2338 5143 2533 5182 murus
2567 5126 2716 5181 omni
2771 5136 3028 5195 tempore.
3061 5124 3198 5177 Cum
3231 5123 3346 5179 hac

1782 5227 1987 5279 diceret
2037 5221 2394 5292 Epiphanius,
2438 5220 2611 5275 tenuit
2644 5234 2865 5273 manum
2899 5216 3249 5278 muliercula},
3293 5224 3348 5270 et

1781 5331 1901 5371 eam
1944 5323 2025 5369 ter
2074 5314 2327 5386 signavit,
2372 5322 2420 5367 et
2467 5312 2612 5366 illico
2670 5311 2843 5364 levata
2903 5318 2987 5363 est
3046 5308 3342 5363 doloribus.

1787 5405 1923 5459 Cum
1973 5413 2151 5457 autem
2205 5402 2469 5458 vidissent
2524 5401 2902 5470 imperatores,
2953 5398 3097 5468 quod
3146 5396 3349 5453 fecerat

1787 5495 2146 5566 Epiphanius,
2198 5495 2514 5549 inclinatum
2557 5501 2639 5547 est
2673 5506 2768 5545 cor
2805 5504 3018 5551 eorum,
3071 5496 3131 5542 ut
3171 5488 3347 5556 ipsum

1788 5588 2091 5659 diligerent,
2138 5588 2529 5658 audirentque,
2564 5594 2618 5642 et
2662 5585 2943 5640 crederent
2987 5581 3054 5635 iis
3098 5580 3351 5635 omnibus
