3800 6180
484 164 552 218 ει,
1772 160 1829 214 s.
1870 160 2211 223 EPIPIIANII
2251 164 2431 222 VITA.
3656 185 3723 240 es

482 294 604 350 quae
635 278 705 333 ab
735 277 856 347 ipso
885 276 1226 333 dicebantur.
1257 274 1647 346 Rogaruntque
1668 274 2038 346 Epiphanium

2158 282 2397 347 ἀκούειν,
2428 287 2521 339 καὶ
2553 287 2829 343 πιστεύειν
2860 293 2990 345 πᾶσι
3012 296 3121 360 τοῖς
3143 295 3495 368 λαλουμένοις
3516 300 3611 354 ὑπ’
3632 305 3724 356 αὖ-

484 380 544 425 ut
596 368 783 425 Romae
813 384 939 424 cum
975 370 1055 424 eis
1107 378 1438 432 versaretur,
1478 380 1530 423 et
1572 380 1719 424 esset
1761 372 1842 424 eis
1880 371 1934 424 in
1959 386 2056 441 pa-

488 473 647 517 trem.
695 452 1029 531 Epiphanius
1070 470 1250 515 autem
1299 469 1472 515 totum
1514 459 1658 514 diem
1702 462 2055 531 imperatores

482 552 713 607 docebat
741 552 976 605 assidue.

555 749 639 805 LI.
699 750 1006 818 Aliquando
1032 764 1158 802 cum
1193 749 1365 803 lilium
1406 748 1623 802 habere!
1656 763 1811 802 soror
1839 763 2051 812 eorum,

482 859 603 914 quae
636 826 928 905 laborarat,
974 850 1027 897 et
1054 850 1244 895 curata
1283 837 1459 894 fuerat
1499 840 1569 894 ab
1612 838 1932 909 Epiphanio,
1960 855 2052 894 ac-

482 938 614 992 cidit
646 945 705 989 ut
744 935 947 990 cumis
1001 943 1341 1006 aegrotasset,
1397 942 1645 988 mortuus
1691 933 1745 986 in
1802 933 1939 987 lecto
1981 933 2053 988 sit

484 1038 749 1099 repertus.
787 1026 913 1081 Fuit
944 1042 1171 1096 magnus
1200 1027 1380 1082 luctus
1409 1025 1462 1080 in
1487 1025 1610 1079 aula
1635 1025 2046 1095 imperatorum.

483 1121 787 1193 Epiphanio
817 1131 998 1175 autem
1044 1120 1301 1174 dixerunt
1344 1120 1737 1187 imperatores:
1781 1116 1912 1183 Ora,
1949 1115 2050 1171 Pa-

483 1223 585 1277 ter,
626 1227 727 1282 pro
764 1210 991 1275 infante,
1054 1220 1113 1266 ut
1170 1227 1293 1265 eum
1366 1210 1559 1265 reddas
1609 1225 1802 1265 sanum
1864 1212 2047 1264 matri.

482 1302 630 1356 Dixit
656 1300 990 1372 Epiphanius
1017 1318 1030 1355 :
1063 1300 1318 1363 Creditis,
1349 1300 1479 1363 filii,
1513 1314 1600 1354 me
1643 1300 1745 1354 hoc
1775 1314 1935 1369 posse
1976 1298 2050 1353 fa-

481 1410 606 1451 cere
637 1395 662 1447 ἲ
720 1395 985 1449 Dixerunt
1038 1401 1217 1447 autem
1287 1393 1687 1462 imperatores:
1738 1390 2047 1457 Credimus,

480 1487 627 1558 quod
657 1488 799 1543 sicut
844 1484 1036 1540 matris
1064 1485 1181 1555 ejus
1215 1485 1466 1539 morbum
1509 1483 1728 1553 iugasti,
1776 1483 1847 1537 ita
1879 1484 2045 1538 etiam

479 1575 742 1631 infantem
774 1576 823 1630 ei
855 1576 1035 1629 vivum
1063 1574 1351 1644 praabebis.
1381 1571 1525 1628 Dixit
1551 1588 1680 1628 vero
1711 1571 2046 1643 Epiphanius

480 1668 899 1738 imperatoribus
934 1686 947 1721 :
985 1666 1041 1720 Si
1083 1666 1385 1721 surrexerit
1418 1665 1561 1720 filius
1594 1665 1797 1721 sororis
1833 1676 2044 1727 vestrae,

480 1760 806 1822 credetisne,
856 1766 911 1813 et
940 1757 1347 1827 baptizabimini
1386 1755 1438 1810 in
1491 1757 1712 1811 nomine
1755 1757 2047 1811 Crucilixi?

482 1852 749 1907 Dixerunt
797 1851 1153 1920 imperatores
1194 1849 1540 1921 Epiphanio:
1593 1850 1649 1903 Si
1698 1850 2047 1905 suscitaveris

480 1943 766 2009 infantem,
812 1958 912 1997 nos
953 1943 1260 2007 credemus,
1303 1951 1359 1996 et
1403 1941 1819 2011 baptizabimur.
1874 1942 2045 1997 Acce—

480 2038 617 2092 dens
651 2046 830 2091 autem
882 2034 1220 2105 Epiphanius
1256 2035 1322 2089 ad
1363 2034 1585 2099 lectum,
1620 2034 1673 2087 in
1719 2049 1828 2102 quo
1866 2032 2046 2087 infans

476 2128 691 2198 iacebat
720 2135 990 2190 mortuus,
1019 2141 1143 2180 cum
1164 2134 1335 2179 totum
1358 2124 1476 2192 ejus
1500 2138 1697 2193 corpus
1713 2131 2045 2177 contrectas-

480 2227 584 2282 set,
615 2226 668 2272 et
694 2231 817 2271 eum
848 2225 1057 2270 orasset
1108 2216 1198 2284 qui
1227 2213 1518 2268 mortiﬁrat
1548 2223 1602 2267 et
1624 2213 1877 2275 viviiieat,
1911 2212 2046 2266 dixit

482 2324 651 2378 puero
677 2326 691 2361 :
725 2304 782 2359 In
808 2306 1025 2360 nomine
1055 2304 1269 2359 Domini
1293 2304 1463 2359 nostri
1494 2302 1620 2358 Jesu
1646 2302 1847 2357 Christi
1869 2304 2045 2358 cruci—

480 2400 573 2454 (ixi
610 2414 805 2468 surge;
850 2407 904 2451 et
936 2396 1119 2451 statim
1149 2412 1283 2465 puer
1335 2395 1475 2451 sedit
1504 2396 1556 2449 in
1591 2396 1744 2449 lecto.
1781 2394 1916 2449 Cum
1949 2410 2046 2448 au-

480 2498 588 2540 tem
634 2483 900 2539 vidissent
952 2485 1327 2553 imperatores,
1381 2483 1526 2553 quod
1571 2481 1906 2552 Epiphanius
1949 2498 2045 2551 per

478 2574 777 2629 orationem
796 2576 1089 2630 suscitarat
1112 2589 1360 2640 puerum,
1383 2572 2041 2643 rogaruntEpiphanium,

486 2673 546 2720 ut
584 2665 1043 2719 illuminarentur.
1075 2663 1229 2719 Tunc
1265 2664 1399 2718 dixit
1436 2663 1772 2734 Epiphanius
1812 2665 2045 2736 impera-

480 2758 730 2813 toribus:
778 2757 916 2813 Ecce
959 2758 1213 2827 pietatem
1260 2766 1498 2815 vestram
1532 2758 1586 2812 in
1633 2759 1886 2814 omnibus
1923 2772 2043 2814 sus-

486 2850 627 2919 cipio
662 2869 675 2904 :
704 2847 848 2904 Deus
872 2860 957 2905 est
988 2851 1158 2916 enim,
1186 2850 1279 2920 qui
1317 2866 1416 2905 vos
1455 2850 1521 2904 ad
1557 2850 1658 2905 hoc
1683 2852 1901 2907 excitat.
1939 2850 2042 2907 Sed

482 2942 586 2996 hoc
630 2956 737 2995 non
767 2955 989 3011 possum
1032 2941 1211 2997 facere
1253 2942 1464 3011 injussu
1504 2943 1741 3012 episcopi
1785 2941 2042 2999 Romana:

484 3028 758 3097 Ecclesiae,
790 3047 857 3085 ne
891 3032 1049 3087 nobis
1079 3033 1369 3087 irascatur.
1404 3034 1703 3089 Accersunt
1729 3035 1911 3106 itaque
1934 3036 2038 3089 im-

481 3130 760 3191 peratores
814 3124 1153 3193 episcopum,
1216 3133 1271 3179 et
1312 3125 1361 3178 ei
1412 3125 1593 3179 omnia
1650 3137 2037 3195 exposuerunt.

487 3214 789 3284 Episcopus
832 3225 1012 3269 autem
1043 3230 1241 3285 magno
1273 3214 1375 3270 fuit
1409 3214 1631 3270 aITectus
1662 3217 1878 3285 gaudio,
1916 3232 2037 3271 cum

414 3354 423 3375 ,
482 3306 602 3360 haec
631 3306 893 3361 audiisset
936 3307 1004 3360 ab
1038 3306 1475 3377 imperatoribus,
1515 3317 1566 3363 et
1617 3309 1862 3377 permisit
1916 3308 2042 3379 Epi—

474 3394 697 3464 phanio,
730 3405 788 3449 ut
814 3394 1113 3464 baptizaret
1139 3406 1192 3449 et
1224 3397 1598 3466 imperatores,
1638 3407 1693 3453 et
1729 3414 1920 3453 eorum
1950 3414 2039 3454 so.

477 3501 675 3552 rorem,
704 3496 758 3539 et
784 3485 953 3539 lilium
981 3487 1121 3557 ejus,
1160 3502 1321 3556 quem
1356 3488 1638 3543 suscitavit
1682 3488 2036 3558 Epiphanius,

479 3594 603 3634 cum
629 3587 772 3634 esset
802 3587 1073 3635 mortuus.

546 3670 649 3724 LII.
688 3670 822 3725 Cum
856 3672 1085 3742 ingressi
1124 3682 1303 3727 autem
1339 3684 1521 3731 essent
1550 3676 1604 3730 in
1636 3676 2034 3745 baptisterium,

482 3771 541 3817 ut
566 3762 1002 3817 illuminarentur
1045 3764 1113 3819 ab
1149 3763 1468 3835 Epiphanio,
1506 3768 1587 3821 eis
1617 3767 1764 3821 omni
1794 3766 2037 3821 exhibito

472 3855 800 3921 ministerio,
863 3854 1139 3925 ingressus
1186 3867 1270 3912 est
1326 3859 1537 3928 primus
1582 3858 1893 3913 Arcadius:
1942 3857 2035 3926 qui

472 3946 690 4017 quidem
720 3957 847 4001 ante
885 3963 944 4003 se
993 3948 1182 4003 habuit
1225 3958 1335 4004 tres
1365 3949 1512 4004 viros
1551 3961 1729 4006 vestes
1761 3958 2036 4021 gestantes

470 4039 751 4104 candidas,
783 4049 837 4095 et
864 4048 1109 4096 tenentes
1150 4039 1535 4111 Epiphaniam,
1570 4059 1735 4097 unum
1764 4042 1979 4112 quidem
2003 4057 2033 4096 a

471 4132 700 4198 dextris,
746 4143 800 4186 et
849 4126 1083 4188 unum‘a
1112 4135 1368 4197 sinistris,
1398 4144 1451 4188 et
1480 4136 1707 4189 alterum
1760 4150 1918 4203 pone.
1984 4134 2034 4189 Is

468 4234 647 4277 autem
686 4238 883 4293 magno
911 4224 1105 4277 timore
1138 4233 1219 4279 est
1242 4224 1484 4278 affectus.
1508 4223 1879 4294 Coguovitque
1909 4223 2035 4293 Epi-

2156 374 2249 428 τοῦ
2271 392 2285 406 ο
2315 379 2407 431 καὶ
2433 380 2772 449 παρεκάλουν
2795 384 2975 449 αὑτὸν,
2999 384 3139 439 ὥστε
3158 392 3393 442 συνεῖναι
3422 393 3615 455 αὐτοῖς
3640 396 3726 445 ἐπὶ

2154 464 2253 533 τῆς
2297 465 2533 538 Ῥώμης,
2568 470 2662 523 καὶ
2706 473 2947 539 γίνεσθαι
2990 477 3152 531 αὑτὸν
3181 482 3262 543 εἰς
3299 479 3652 553 πατέρα.”Ην
3678 485 3726 536 δὲ

2168 554 2478 623 Ἑπιφάνιος
2506 560 2685 612 πᾶσαν
2711 562 2924 633 ἡμέραν
2960 564 3225 621 διδάσκων
3251 569 3449 634 αὐτοὺς
3480 572 3578 625 καὶ
3605 589 3727 642 στη-

2158 645 2338 713 ρίζων.

2225 740 2353 794 NA'.
2395 742 2529 795 Ποτὲ
2561 742 2691 809 γοῦν
2732 744 2845 798 υἱὸν
2877 745 3074 816 ἔχουσα
3107 751 3140 820 ἡ
3171 750 3371 824 ἀδελφὴ
3398 752 3584 807 αὐτῶν
3610 755 3646 823 ἡ
3672 752 3728 805 τὺ

2159 826 2330 892 πάθος
2372 831 2655 900 ἐσχηκυῖα,
2690 833 2784 885 καὶ
2816 833 3213 905 θεραπευθεῖσα
3235 841 3338 894 ὑπὸ
3384 841 3721 911 Ἐπιιρανίσυ,

2153 916 2339 988 ἔτυχεν
2387 920 2572 974 τοῦτον
2607 923 2681 994 μὴ
2725 925 3152 999 ἀρῤωστήσαντα
3196 932 3489 1003 εὑρεθῆναι
3538 938 3726 1007 νεκρὸν

2154 1011 2245 1063 ἐπὶ
2267 1012 2365 1082 τῆς
2400 1014 2585 1085 κλίνης
2607 1033 2619 1045 ·
2653 1017 2795 1070 ὥστε
2824 1020 3076 1087 γενέσθαι
3125 1023 3267 1093 μέγα
3312 1026 3510 1090 πένθος
3549 1028 3615 1080 ἐν
3654 1028 3725 1097 τῷ

2155 1102 2431 1175 βασιλικῷ,
2485 1102 2651 1161 Εἶπον
2693 1110 2750 1163 δὲ
2795 1114 2841 1164 oi
2890 1112 3129 1181 βασιλεῖς
3166 1116 3310 1186 πρὸς
3365 1118 3722 1188 Ἐπιφάνιονο

2155 1194 2475 1267 Πρόσευξαι,
2524 1200 2725 1271 Πάτερ,
2784 1203 2923 1275 ὑπὲρ
2964 1206 3057 1258 τοῦ
3104 1208 3336 1272 παιδίου,
3375 1211 3528 1274 ὅπως
3571 1212 3725 1265 τοῦτο

2149 1286 2359 1357 ἀποδῷς
2384 1286 2561 1351 ζῶντα
2585 1292 2649 1361 τῇ
2680 1294 2846 1362 μητρὶ
2867 1295 3051 1348 αὐτοῦ.
3085 1293 3251 1351 Εἶπεν
3277 1298 3331 1351 δέ
3368 1301 3688 1370 Ἐπιφάνιος
3709 1321 3723 1332 ο

2150 1377 2258 1429 Καὶ
2285 1379 2567 1433 πιστεύετε
2590 1382 2672 1435 ὅτι
2702 1382 2937 1454 δύναμαι
2962 1386 3119 1440 τοῦτο
3150 1392 3400 1461 ποιῆσαι;
3434 1394 3553 1446 Καὶ
3576 1389 3723 1446 εἷπον

2150 1467 2297 1538 αὺτῷ
2319 1469 2368 1519 οἱ
2396 1468 2631 1538 βασιλεῖς
2650 1486 2664 1501 ·
2698 1473 3028 1544 Πιστεύομεν
3053 1476 3134 1527 δτι
3176 1476 3251 1540 ὡς
3276 1478 3506 1545 ἐδίωξας
3534 1480 3599 1533 τὸ
3630 1484 3723 1534 πά-

2156 1557 2246 1621 θος
2272 1559 2378 1613 ἀπὸ
2404 1561 2501 1632 τῆς
2538 1563 2742 1633 μητρὸς
2770 1564 2862 1617 τοῦ
2885 1565 3116 1631 παιδίου,
3143 1568 3283 1621 οὕτω
3315 1571 3408 1623 καὶ
3432 1571 3498 1623 τὸ
3518 1572 3722 1625 παιδίον

2155 1654 2521 1724 παραστήσεις
2548 1657 2612 1725 τῇ
2651 1657 2815 1725 μητρὶ
2848 1656 3044 1720 ζῶντα.
3075 1655 3242 1713 Εἶπεν
3270 1660 3327 1714 δέ
3354 1661 3540 1725 αὐτοῖς
3576 1662 3721 1716 Ἐπι-

2155 1745 2368 1813 φάνιοςο
2418 1745 2542 1798 Ἐἀν
2579 1748 2782 1818 ἀναστῇ
2814 1750 2841 1801 ὀ
2869 1750 2979 1813 υίὸς
3000 1749 3119 1819 τῆς
3156 1751 3388 1823 ἀδελφῆς
3420 1754 3603 1825 ὑμῶν,
3634 1773 3719 1807 πι-

2154 1836 2368 1890 στεύετε
2397 1839 2489 1890 καὶ
2520 1837 2840 1908 βαπτίζεσθε
2875 1842 2953 1903 είς
2972 1841 3033 1894 τὸ
3060 1841 3228 1913 ὄνομα
3248 1844 3341 1897 τοῦ
3367 1847 3719 1918 ἐσταυρωμὲο

2152 1944 2272 1989 νου;
2313 1930 2374 1981 Oi
2411 1928 2647 1998 βασιλεῖς
2676 1928 2853 1983 εἷπον·
2900 1932 3023 1985 Ἐάν
3054 1936 3365 2009 ἀναστήσῃς
3400 1938 3494 1990 τόν
3536 1941 3717 2005 παῖδα,

2150 2021 2310 2089 ἡμεῖς
2324 2020 2681 2090 πιστεύσομεν
2698 2022 2788 2074 καὶ
2802 2022 3190 2094 βαπτισόμεθα.
3210 2025 3464 2097 Ἑγγίσας
3475 2025 3569 2083 οὖν
3586 2032 3641 2083 Ἐ
3651 2051 3721 2084 πι-

2152 2112 2338 2179 φάνιος
2364 2112 2455 2164 ἐπὶ
2502 2112 2601 2183 τῆς
2642 2114 2829 2185 κλίνης
2872 2115 2966 2169 τοῦ
3014 2116 3245 2183 παιδίου,
3279 2121 3373 2173 καὶ
3414 2123 3719 2192 σφραγίσας

2150 2204 2313 2258 αὐτοῦ
2361 2205 2477 2259 ὅλον
2526 2207 2586 2260 τὸ
2636 2207 2811 2277 σῶμα,
2842 2210 2937 2262 καὶ
2984 2212 3415 2283 προσευξάμενος
3446 2214 3524 2283 τῷ
3556 2214 3715 2268 θαναο

2150 2296 2328 2350 τοῦντι
2361 2299 2453 2351 καὶ
2487 2296 2857 2366 ζωογονοῦντι,
2885 2292 3036 2357 εἶπεν
3070 2302 3202 2374 πρὸς
3219 2304 3310 2357 τὸν
3351 2305 3538 2359 παῖδα·
3572 2308 3717 2359 ’Δνάο

2152 2405 2285 2453 στα,
2334 2389 2554 2454 τέκνον,
2608 2393 2665 2443 ἐν
2717 2390 2793 2461 τῷ
2845 2394 3064 2462 ὀνόματι
3117 2394 3289 2465 Ἰησοῦ
3337 2397 3580 2468 Χριστοῦ
3630 2400 3714 2451 τοῦ

2149 2478 2582 2549 ὲσταυρωμὲνου.
2616 2481 2725 2534 Kal.
2757 2480 2958 2545 εὐθέως
3001 2484 3030 2535 ὀ
3079 2487 3207 2549 παῖς
3253 2487 3581 2541 ἀνεκάθισεν
3629 2491 3717 2541 ἐπὶ

2147 2571 2245 2641 τῆς
2274 2570 2458 2641 κλίνης
2489 2571 2672 2626 αὐτοῦ.
2708 2572 2836 2627 Τότε
2870 2574 3254 2641 πιστεύσαντες
3277 2580 3326 2630 οἱ
3355 2579 3620 2649 βασιλεῖς,
3640 2582 3713 2633 6::

2149 2660 2441 2730 ἀνέστησεν
2457 2662 2767 2731 Ἐπιφάνιος
2792 2663 2878 2717 διά
2900 2666 3203 2736 προσευχῆς
3221 2668 3313 2720 τὸν
3352 2668 3540 2731 παῖδα,
3579 2686 3714 2738 παρ-

2148 2752 2373 2807 εκάλουν
2406 2754 2567 2807 αὑτὸν
2593 2756 2740 2819 ὅπως
2764 2758 2987 2825 φωτίσει
3019 2758 3231 2822 αὐτούς.
3255 2755 3423 2816 Εἶπεν
3446 2761 3504 2824 δὲ
3538 2763 3713 2823 αὐτοῖς

2161 2844 2503 2913 Ἐπιφάνιος’
2544 2846 2671 2900 Ἰδοὺ
2723 2846 2785 2916 δὴ
2818 2848 2875 2899 ἐν
2907 2849 3071 2902 πᾶσιν
3125 2850 3457 2921 ἀποδέχομαι
3497 2851 3601 2922 τὴν
3639 2854 3715 2904 εὖ.

2150 2936 2363 2989 σέϐειαν
2391 2936 2564 3007 ὑμῶν,
2609 2938 2742 2993 διότι
2775 2941 2803 2993 6
2827 2938 2958 3003 Θεός
2983 2942 3128 2994 ἐστιν
3153 2944 3182 2995 ὀ
3207 2943 3435 3014 ἐγείρων
3457 2944 3606 3014 ὑμᾶς
3631 2946 3716 2997 ἐπὶ

2144 3029 2320 3082 τοῦτο.
2354 3030 2498 3101 Πλὴν
2528 3031 2656 3100 παρ’
2687 3032 2983 3105 ἐπιτροπὴν
3022 3032 3114 3087 τοῦ
3155 3034 3456 3088 ἐπισκόπου
3498 3036 3716 3107 Ῥώμης

2146 3123 2205 3173 οὐ
2236 3121 2468 3192 δύναμαι
2493 3122 2648 3175 τοῦτο
2689 3124 2939 3194 ποιῆσαι⁸
2976 3127 3181 3196 μήποτε
3211 3128 3303 3180 καὶ
3336 3127 3552 3198 λυπηθῇ
3588 3129 3717 3201 πρῶ

2150 3214 2236 3284 μέ.
2274 3215 2336 3267 Οἱ
2382 3211 2474 3268 οὖν
2514 3214 2750 3284 βασιλεῖς
2794 3215 2992 3280 εὐθέως
3027 3217 3472 3287 μεταστέλλονται
3501 3219 3597 3271 τὸν
3623 3218 3715 3286 τῆς

2157 3298 2442 3377 Ῥωμαίων
2498 3306 2821 3377 Ἐκκλησίας
2864 3308 3192 3373 ἐπίσκοπον,
3245 3309 3336 3362 καὶ
3394 3309 3713 3379 ἐξηγοῦνται

2145 3398 2291 3465 αύτῷ
2342 3400 2611 3453 πάντα.⁹0
2652 3399 2708 3452 δὲ
2739 3400 3032 3463 ἐπίσκοπος
3059 3401 3226 3472 ἐχάρη
3268 3401 3445 3473 χαρὰν
3474 3403 3715 3472 μεγάλην

2144 3480 2381 3552 ἀκούσας
2423 3488 2569 3560 παρά
2603 3488 2710 3541 τῶν
2747 3489 3010 3559 βασιλέων
3050 3490 3243 3555 ταῦτα,
3277 3492 3370 3544 καὶ
3414 3491 3717 3563 ἐπέτρεψεν

2051 3596 2060 3604 ⁵
2157 3580 2456 3650 Ἐπιφανίῳ
2486 3580 2741 3650 βαπτίσαι
2772 3581 2986 3645 αὺτούς.

2213 3672 2337 3727 NB’.
2389 3672 2476 3735 Ὠς
2504 3672 2560 3725 δὲ
2583 3672 2825 3743 εἰσῆλθον
2853 3674 2910 3725 ἐν
2941 3672 3018 3743 τῷ
3050 3670 3414 3743 φωτιστηρίῳ,
3437 3674 3591 3736 ὅπως
3616 3673 3713 3743 βα-

2142 3762 2434 3817 πτισθῶσιν
2464 3764 2567 3816 ὑπὸ
2595 3764 2925 3831 Ἐπιφανίου,
2959 3764 3051 3816 καὶ
3073 3763 3172 3831 τῆς
3192 3763 3369 3833 πάσης
3387 3762 3714 3826 ἀκολουθίας

2142 3854 2457 3925 γενομένης,
2505 3854 2753 3924 εἰσῆλθεν
2796 3853 3008 3925 πρῶτος
3066 3854 3344 3925 Ἀρκάδιος
3393 3855 3489 3933 καὶ
3540 3870 3711 3926 προσ-

2140 3948 2316 4017 έσχεν·
2344 3946 2439 4000 καὶ
2468 3946 2575 4000 ἰδοὺ
2597 3950 2743 4018 τρεῖς
2768 3942 2958 4017 ἄνδρες
2978 3945 3169 4009 στολὰς
3195 3946 3395 4008 λευκὰς
3416 3946 3712 4017 φοροῦντες

2140 4038 2517 4110 παρεκράτουν
2563 4038 2652 4092 τὸν
2691 4038 3021 4107 Ἐπιφάνιον,
3055 4037 3151 4091 ἕνα
3189 4039 3251 4091 ἐκ
3277 4037 3465 4102 δεξιῶν
3496 4038 3593 4090 καὶ
3616 4040 3713 4091 ἕνα

2141 4128 2200 4193 ἐξ
2232 4130 2545 4200 εὐωνύμων,
2576 4128 2967 4183 ἀκολουθοῦντα
2991 4130 3047 4183 δὲ
3079 4129 3168 4181 τὸν
3196 4130 3379 4200 ἕτερον
3408 4129 3589 4182 ὀπίσω
3610 4132 3711 4182 αὺ-

2137 4221 2251 4277 τοῦ.
2280 4222 2391 4275 Καὶ
2416 4220 2652 4292 ἐφοϐήθη
2682 4220 2842 4289 φόϐον
2877 4221 3256 4291 μέγαν.Ἔγνω
3276 4217 3369 4275 οὖν
3388 4222 3710 4288 Ἐπιφάνιος

468 4314 704 4384 phanius
741 4328 807 4367 ex
840 4313 986 4366 vultu
1025 4313 1265 4375 Arcadii,
1302 4313 1446 4381 quod
1485 4312 1694 4365 viderat
1740 4312 2029 4374 visionem,

2149 4313 2246 4367 άπὸ
2271 4313 2363 4367 τοῦ
2392 4312 2679 4386 προσώπου
2706 4313 3009 4383 Ἀρκαδίου,
3041 4314 3123 4366 ὅτι
3147 4314 3411 4366 ὀπτασίαν
3438 4313 3705 4385 ἑώρακεν·

466 4416 520 4461 et
551 4406 689 4461 dixit
734 4405 1045 4474 imperatori
1082 4424 1095 4459 :
1138 4406 1367 4459 Attende
1413 4404 1530 4470 tibi,
1589 4419 1621 4458 o
1653 4404 1749 4469 fili,
1784 4412 1838 4458 et
1878 4418 2028 4460 cave.

469 4499 688 4578 Solebat
725 4499 871 4552 enim
920 4497 1259 4581 Epiphapius
1303 4496 1572 4549 neminem
1615 4495 1827 4548 mittere
1866 4494 1918 4547 in
1945 4493 2028 4561 pi-

464 4570 695 4657 scinam,
744 4591 919 4645 donec
973 4570 1498 4658 aqua'turbaretur.
1560 4586 1850 4656 Postquam
1900 4602 2028 4642 vero

467 4662 569 4737 finit
615 4683 951 4736 illuminatus
993 4681 1281 4743 Arcadius,
1331 4680 1668 4734 illuminatus
1718 4679 1819 4733 fuit
1863 4679 2026 4734 etiam

467 4772 762 4835 Honorius,
793 4781 845 4826 et
873 4774 1118 4827 eamdem
1166 4786 1385 4841 quoque
1433 4772 1565 4824 vidit
1612 4771 1897 4824 visionem.
1945 4771 2030 4823 Si-

468 4864 669 4917 militer
685 4864 843 4917 etiam
867 4864 1011 4917 ﬁlius
1038 4864 1240 4917 sororis
1257 4877 1469 4917 eorum.
1496 4860 1681 4932 [Jussu
1700 4871 1877 4915 autem
1900 4859 2027 4943 Epi-

466 4955 671 5026 plianii,
706 4953 917 5024 suscepi
943 4969 1042 5024 ego
1068 4955 1448 5009 Arcadiumex
1479 4939 1841 5023 baptismate;
1882 4939 2030 5008 Isaac

466 5057 597 5095 vero
636 5040 957 5104 Iionorium,
1009 5049 1061 5094 et
1104 5042 1323 5109 quidam
1363 5032 1647 5097 eunuchus
1686 5041 2029 5097 Christianus

466 5143 516 5189 el
550 5114 695 5204 pius:
722 5134 891 5187 tilium
921 5134 1128 5189 sororis
1154 5148 1366 5189 eorum.
1407 5133 1583 5205 Ipsam
1615 5150 1745 5189 vero
1781 5151 2025 5190 sororem

466 5225 774 5288 Proeliana,
810 5240 930 5294 qua:
962 5233 1077 5279 erat
1102 5241 1239 5279 uxor
1260 5226 1421 5279 unius
1450 5242 1514 5279 ex
1543 5226 1831 5299 palriciis.]
1865 5225 2025 5281 Post—

468 5331 633 5388 quam
680 5327 859 5371 autem
912 5316 947 5368 ii
980 5315 1200 5369 fuerunt
1233 5316 1541 5382 illuminati,
1570 5326 1773 5388 septem
1813 5317 1927 5372 dies
1951 5317 2022 5372 ibi

457 5412 663 5480 peregit
705 5409 1041 5479 Epiphanius
1090 5417 1211 5478 post
1259 5409 1701 5463 illuminatiouem
1730 5452 1742 5471 ,
1791 5426 1887 5466 eos
1928 5411 2024 5465 do-

468 5519 596 5557 i-ens
625 5503 691 5557 de
716 5503 1059 5570 baptismate.
1082 5502 1376 5571 Postquam
1407 5516 1535 5555 vero
1562 5514 1735 5558 vestes
1766 5506 2021 5559 candida-

465 5606 559 5650 tas
592 5594 981 5664 deposuerunt,
1013 5597 1226 5653 duobus
1269 5595 1685 5663 imperatoribus
1730 5598 1861 5651 dixit
1908 5599 2019 5667 Epi-

2137 4407 2231 4460 καὶ
2255 4403 2405 4459 εἶπεν
2437 4406 2572 4478 πρὸς
2597 4405 2757 4459 αὐτόν
2775 4424 2787 4436 ·
2823 4406 3063 4475 Πρόσεχε
3107 4405 3334 4475 σεαυτῷ,
3368 4405 3587 4469 τέκνον,
3616 4408 3711 4459 καὶ

2137 4499 2227 4552 ἔσο
2254 4498 2554 4569 φυλάττων.
2585 4497 2776 4550 Εἰώθει
2806 4498 2862 4550 δὲ
2884 4496 3199 4565 Ἑπιφάνιος
3237 4498 3341 4561 ἕως
3368 4498 3620 4569 ταραχθῇ
3654 4500 3712 4549 τὸ

2137 4590 2299 4659 ὕδωρ,
2329 4590 2532 4660 μηδένα
2564 4588 2815 4659 ἐμῦαλεῖν
2855 4589 2935 4651 είς
2976 4590 3073 4658 τὴν
3118 4588 3522 4659 κολυμϐήθραν.
3556 4590 3710 4642 Μετᾶ

2133 4680 2190 4733 δὲ
2234 4680 2294 4733 τὸ
2342 4680 2671 4749 φωτισθῆναι
2705 4678 3005 4748 Ἀρκάδιον,
3056 4679 3367 4749 εἰσήνεγκεν
3405 4679 3502 4730 καὶ
3546 4679 3709 4731 Ὁνώ-

2138 4788 2273 4841 ριον,
2312 4771 2407 4824 καὶ
2429 4770 2524 4841 τὴν
2556 4770 2722 4840 αὐτὴν
2750 4769 3010 4822 ὀπτασίαν
3036 4769 3161 4822 ἴδεν.
3194 4770 3300 4822 Καὶ
3330 4769 3501 4831 οὓτως
3524 4770 3603 4822 λοι
3614 4772 3711 4821 πόν

2134 4863 2399 4934 κατῆλθεν
2429 4866 2456 4916 ὀ
2481 4862 2591 4925 υίὸς
2616 4862 2713 4931 τῆς
2738 4861 2967 4932 ἀδελφῆς
2989 4860 3184 4914 αὐτῶν.
3208 4862 3313 4914 Καὶ
3330 4860 3467 4931 αὕτη
3497 4864 3533 4933 ἡ
3555 4864 3709 4915 a651-

2138 4956 2212 5027 φὴ
2270 4954 2447 5009 αὐτῶν
2484 4954 2811 5026 Προκλιανὴ,
2840 4955 2962 5023 ἥτις
2989 4950 3057 5024 ἦν
3089 4954 3206 5017 ἐνὸς
3248 4953 3357 5007 τῶν
3403 4955 3709 5024 πατρικίων

2132 5049 2290 5116 γυνή.
2323 5046 2474 5100 Μετὰ
2498 5047 2553 5099 δὲ
2574 5045 2634 5097 τὸ
2655 5044 3011 5115 βαπτισθῆναι
3035 5046 3252 5108 αὐτοὺς,
3279 5046 3540 5114 ἐποίησεν
3561 5046 3708 5099 Ἐπιτ

2134 5139 2319 5208 φάνιος
2346 5138 2443 5201 τὰς
2484 5136 2525 5201 ζ’
2560 5138 2770 5208 ἡμέρας
2798 5138 2913 5208 μετ’
2949 5137 3146 5198 αὐτῶν,
3186 5137 3451 5190 διδάσκων
3488 5140 3705 5201 αὑτοπ.

2138 5233 2254 5284 Καὶ·
2273 5230 2408 5301 μετά
2436 5230 2496 5282 τὸ
2528 5230 2749 5294 ἀλλάξαι
2780 5231 2975 5294 αὐτοὺς
3003 5229 3101 5294 τὰς
3144 5230 3512 5298 νεοφωτίστας
3552 5230 3707 5297 ἐσθῆ-

2130 5340 2251 5385 τας,
2288 5319 2440 5375 εἶπεν
2469 5324 2785 5393 Ἐπιφάνιος
2812 5326 2920 5386 τοῖς
2945 5323 3067 5376 δυσὶ
3096 5322 3404 5392 βασιλεῦσιν
3422 5340 3438 5353 ο
3474 5326 3703 5381 Μὲνετε,

2131 5415 2283 5485 φησὶ,
2314 5414 2521 5481 τέκνον,
2548 5419 2603 5468 ὲν
2633 5415 2980 5468 καταστάσει.
3007 5413 3181 5477 Λύκος
3206 5414 3321 5485 γὰρ
3339 5416 3497 5486 ὑμῶν
3527 5417 3706 5470 οὐκέτι

2130 5506 2405 5577 κυριεύσει
2426 5524 2440 5539 ο
2471 5506 2681 5577 ἀπέδρα
2714 5506 2893 5577 ὀδύνη,
2923 5506 3015 5559 καὶ
3051 5505 3215 5575 λύπη,
3236 5508 3329 5559 καὶ
3360 5508 3667 5575 στεναγμός
3688 5522 3701 5535 ·

2084 5660 2107 5679 ι
2130 5602 2313 5655 ἔσεσθε
2361 5601 2714 5673 προσέχοντες
2744 5602 2807 5671 τῇ
2840 5600 3151 5660 ἀναστάσει.
3179 5599 3273 5652 καὶ
3325 5600 3401 5671 μὴ
3444 5598 3702 5653 λυπεῖσθε
3762 5612 3763 5617 ‘
