3800 6180
74 207 144 256 89
1344 190 1400 246 S.
1439 183 1779 243 EPIPHANII
1822 187 2006 246 VITA.
3243 186 3317 243 90

71 322 162 377 ἐπὶ
206 321 320 382 τοῖς
371 300 743 388 ὲξερχομένοις
787 312 895 366 ἀπὸ
936 308 1086 388 τοῦδε
1135 307 1228 362 τοῦ
1259 307 1374 378 βίου
1395 323 1410 337 ’
1445 307 1494 377 οἱ
1527 303 1633 372 γὰρ

1743 303 2015 370 phanius:
2069 303 2280 358 Manete
2311 303 2585 374 deinceps,
2638 317 2672 357 o
2722 303 2849 366 (illi,
2903 304 3048 358 bono
3102 303 3312 359 animo.

71 409 288 482 Χριστῷ
319 384 708 466 πιστεύσαντες
730 398 960 472 Χριστὸν
989 384 1323 457 ἐνεδύσαντο,
1353 395 1443 448 καὶ
1478 393 1638 446 αὐτὸν

73 501 262 571 βοηθὸν
278 498 511 568 ἔχουσιν.
530 491 728 547 Μέλλει
754 490 883 561 γὰρ,
907 490 1073 561 φησὶν
1087 485 1183 557 (α),
1204 486 1265 539 τὸ
1289 485 1419 538 ποτὲ
1432 482 1638 536 ἀποθα-

70 592 226 648 νόντα
254 591 350 643 καὶ
379 586 702 649 ἀναστάντα,
728 583 958 637 λαϐόντα
1004 581 1103 653 τὴν
1133 579 1312 650 χάριν.
1343 574 1637 630 ἀπελεύσε-

73 682 192 736 σθαι
227 681 368 751 πρὸς
409 679 499 730 τὸν
547 677 792 746 Σωτῆρα,
827 673 922 726 καὶ
954 671 1177 741 ὄψεσθαι
1220 668 1380 722 αὑτὸν
1426 669 1483 720 ὲν
1509 663 1636 736 δόξῃ

72 772 281 844 μεγάλῃ
309 766 789 840 παρακαλούμενον
816 764 907 818 ὑπ’
933 762 1197 831 ἀγγέλων.
1221 761 1300 830 Τῇ
1330 752 1421 812 οὖν
1442 755 1632 817 ἕωθεν,

69 857 140 926 ὡς
170 861 238 935 ἦν
269 862 584 930 Ἐπιφάνιος
613 860 669 912 ἐν
698 857 778 929 τῷ
817 853 1082 927 βασιλικῷ
1109 853 1339 923 ταμιείῳ
1371 849 1634 904 διδάσκων

66 957 188 1018 τοὺς
219 953 482 1024 βασιλεῖς,
529 949 721 1004 εὐωδία
753 965 835 1011 τις
867 947 1078 1016 ἐγένετο
1107 947 1165 997 ἐν
1197 942 1275 1013 τῷ
1322 942 1480 1024 μέσῳ.
1501 939 1636 993 πάν-

68 1064 169 1101 των
216 1046 399 1116 ἡμῶν.
445 1041 610 1098 Εἶπεν
655 1042 712 1095 δὲ
765 1039 1080 1108 Ἑπιφάνιος
1126 1037 1239 1108 τοῖς
1287 1031 1592 1104 βασιλεῦσιν
1616 1046 1630 1060 ⁸

68 1133 446 1194 Ἀναστάντες.
472 1130 655 1201 φησὶν,
704 1127 950 1192 εὔξασθε,
981 1125 1083 1179 υἱοὶ
1117 1123 1213 1177 τοῦ
1249 1117 1554 1192 φωτόςῙΗν
1577 1118 1636 1172 δὲ

63 1226 121 1278 τὸ
149 1225 366 1277 παιδίον
395 1221 784 1291 κατακείμενον
813 1218 906 1271 ἐπὶ
951 1217 1053 1286 τῆς
1096 1215 1315 1286 κλίνηςτ
1349 1213 1443 1266 καὶ
1477 1212 1634 1281 ποιή-

66 1332 260 1378 σαντος
291 1314 607 1382 Ἐπιφανίου
634 1313 732 1383 τὴν
762 1310 946 1380 εὐχὴν,
976 1309 1213 1379 ἥκουσαν
1243 1306 1442 1367 πάντες
1480 1305 1528 1357 οῖ
1575 1305 1634 1355 ὲν

62 1407 136 1475 τῷ
170 1404 438 1475 βασιλικῷ
471 1386 698 1474 ταμιείῳ
745 1401 819 1464 ὡς
851 1399 1006 1469 ὖχλου
1039 1394 1235 1449 πολλοῦ
1282 1394 1528 1462 λέγοντος
1572 1390 1634 1444 τὸ

64 1498 237 1568 Ἀμήν
259 1514 274 1527 ο
302 1497 396 1548 καὶ
426 1494 488 1547 τὸ
510 1493 789 1564 παιδάριον
817 1490 1018 1553 εὐθέως
1049 1487 1360 1558 παρέδωκεν
1387 1485 1446 1537 τὸ
1475 1483 1632 1537 πνεύ-

65 1606 158 1658 μα.
190 1587 522 1657 Ἐμείναμεν
577 1584 634 1638 δὲ
685 1581 928 1636 ἐνιαυτὸν
961 1580 1078 1633 ὅλον
1122 1580 1179 1630 ὲν
1215 1575 1423 1648 Ῥώμῃ.
1456 1573 1630 1626 Πολλά

1746 391 1932 461 Lupus
1955 392 2100 447 enim
2132 391 2200 446 ad
2237 407 2336 448 vos
2375 408 2485 446 non
2521 391 2763 447 accedet.
2807 391 2954 445 Abiit
3009 391 3208 454 luctus,
3263 403 3317 446 et

1744 480 1920 546 dolor,
1955 488 2010 535 et
2055 481 2310 552 gemitus.
2363 479 2690 560 Exspectate
2740 479 3222 546 resurrectionem,
3266 493 3317 536 et

1745 574 1912 650 nolite
1933 573 2072 628 allici
2122 574 2340 630 tristitia
2377 567 2458 629 'ob
2501 589 2618 639 eos,
2652 573 2748 643 qui
2773 587 2840 627 ex
2885 573 2988 627 hac
3016 572 3127 627 vita
3157 588 3317 628 cxce-

1743 665 1880 723 dunt
1927 688 1939 723 :
1980 665 2260 721 Christum
2299 665 2446 721 enim
2496 665 2778 730 habentes,
2827 665 3101 720 Christum
3131 667 3315 721 indue

1752 766 1904 811 runt.
1941 755 2083 811 Puer
2114 757 2280 822 enim,
2341 756 2436 826 qui
2469 753 2572 810 fuit
2619 757 2911 825 aliquando
2955 761 3224 823 mortuus,
3261 765 3314 812 et

1742 849 2060 912 resurrexit,
2087 847 2201 918 jam
2235 857 2457 917 accepta
2490 847 2664 918 gratia
2704 848 2881 902 iturus
2913 859 2995 903 est
3026 849 3091 904 ad
3122 847 3313 904 Salva-

1745 950 1935 996 torem.
1979 940 2242 995 Videbitis
2269 939 2490 1009 angelos
2518 953 2644 993 eum
2673 939 2725 992 in
2764 954 2957 1008 magna
2985 939 3156 1010 gloria
3181 954 3312 994 eon-

1743 1032 1932 1095 solari.
1959 1030 2116 1089 Mane
2139 1045 2289 1102 ergo,
2331 1045 2454 1085 cum
2484 1039 2629 1085 esset
2654 1030 2990 1099 Epiphanius
3020 1030 3221 1086 docens
3259 1031 3310 1084 in

1742 1117 1865 1188 aula
1912 1117 2322 1186 imperatorum,
2375 1117 2550 1196 oritur
2596 1118 2818 1187 quidam
2865 1119 3050 1174 suavis
3082 1119 3219 1174 odor
3256 1121 3309 1174 in

1741 1209 1922 1263 medio
1966 1209 2231 1264 omnium.
2282 1207 2424 1263 Dixit
2461 1217 2642 1266 autem
2694 1209 3030 1279 Epiphanius
3075 1211 3308 1281 impera-

1742 1301 1996 1356 toribus:
2035 1301 2269 1370 Surgite,
2301 1309 2473 1365 orate,
2520 1301 2615 1356 lilii
2651 1301 2808 1356 lucis.
2857 1300 3082 1357 Jacebat
3131 1313 3310 1358 autem

1740 1392 1954 1460 puer-in
1982 1392 2141 1447 lecto.
2177 1393 2314 1447 Cum
2349 1403 2531 1448 autem
2573 1392 2908 1463 Epiphanius
2948 1393 3163 1450 fecisset
3191 1411 3308 1450 ura-

1741 1482 1940 1538 tionem
1968 1523 1984 1548 ,
2033 1483 2325 1538 audierunt
2354 1498 2566 1547 omnes,
2594 1485 2688 1554 qui
2719 1495 2877 1540 erant
2911 1486 2965 1539 in
2994 1487 3116 1540 aula
3143 1488 3310 1554 regia,

1739 1575 1904 1630 veluti
1936 1575 2338 1631 multitudinem
2367 1578 2658 1646 quamdam
2686 1579 2977 1643 dicentem,
3006 1580 3198 1632 Amen.
3232 1578 3300 1632 Et

61 1657 115 1733 δὲ
149 1681 250 1733 καὶ
282 1679 420 1733 ἄλλα
461 1677 713 1748 εποίησεν
745 1678 774 1728 ὁ
802 1673 1115 1740 Ἐπιφάνιος
1157 1672 1356 1740 σημεῖα
1398 1667 1490 1720 ἐπὶ
1533 1665 1633 1736 τῆς

1743 1682 1874 1736 puer
1899 1667 2082 1721 statim
2110 1667 2331 1722 tradidit
2356 1669 2630 1736 spiritum.
2667 1669 2966 1748 Mansimus
2984 1686 3112 1724 vero
3136 1686 3305 1724 unum

72 1771 314 1840 Ῥώμης.
332 1771 422 1832 Ὠς
452 1768 509 1821 δὲ
536 1767 748 1838 ἔκρινεν
776 1765 1088 1832 Ἐπιφὰνιος
1111 1760 1370 1814 ἀποπλεῖν
1399 1759 1544 1829 ἡμᾶς
1577 1759 1634 1810 ὲν

59 1865 122 1932 τῇ
159 1860 400 1930 Κύπρῳ,
434 1854 584 1911 εἶπον
611 1858 660 1910 οἱ
689 1856 927 1926 βασιλεῖς
977 1854 1112 1924 πρὸς
1139 1849 1453 1920 Ἐπιφάνιον
1475 1865 1488 1878 ο
1521 1846 1631 1900 Λά-

61 1953 138 2015 6ε,
197 1952 386 2021 φησιν,
439 1944 485 2004 ὦ
534 1950 734 2018 Πάτερ,
778 1951 876 2016 τὴν
923 1944 1111 2016 χρείαν
1148 1943 1246 2012 τῆς
1287 1938 1632 2010 Ἐκκλησίαςι

59 2048 205 2107 ὅπως
236 2043 499 2114 παρέχεις
523 2044 634 2104 τοῖς
659 2037 950 2109 δεομένοις.
980 2030 1148 2089 Εἶπεν
1191 2033 1248 2086 δὲ
1274 2033 1454 2094 αὐτοῖς
1485 2030 1638 2083 Ἐπι-

60 2139 252 2205 φάνιος
273 2153 296 2166 ··
329 2136 538 2205 Ὑμεῖς,
582 2132 767 2193 τέκνα,
803 2131 1000 2182 ποιεῖτε
1042 2128 1070 2180 ὃ
1106 2124 1420 2180 ἀπαιτεῖσθε
1441 2140 1454 2152 °
1481 2120 1636 2190 κάγὼ

59 2229 233 2298 χαίρω
262 2227 354 2281 ἐπὶ
380 2229 444 2298 τῇ
471 2223 623 2294 ὑμῶν
651 2221 909 2293 έπιδὸσει.
933 2219 1088 2289 Ἐμοὶ
1112 2217 1168 2270 δὲ
1203 2216 1366 2286 βάρος
1401 2212 1474 2286 μὴ
1498 2229 1638 2283 παρ-

59 2317 231 2386 ἔχετε.
252 2318 312 2370 Ὀ
341 2315 450 2387 γὰρ
478 2315 610 2378 Θεός
639 2331 739 2385 μου
777 2314 909 2369 πᾶσι
936 2311 1112 2364 πάντα
1141 2310 1389 2380 παρέχει,
1422 2305 1636 2377 διατρέ-

59 2428 168 2479 φων
197 2409 412 2471 πάντας
441 2409 500 2459 έν
524 2406 658 2477 τῷδε
686 2403 761 2474 τῷ
796 2403 1202 2474 βίῳ.⁹Ηνεγκαν
1237 2401 1293 2453 δὲ
1320 2399 1369 2451 οἱ
1401 2397 1638 2469 βασιλεῖς

59 2503 191 2555 πολὺ
233 2519 338 2572 χρυ
350 2501 485 2552 σίονο
521 2500 615 2552 καὶ
644 2498 740 2550 οὐκ
771 2495 986 2562 ἐδέξατο
1012 2492 1327 2560 Ἑπιφάνιος
1352 2490 1410 2556 ἐξ
1434 2487 1633 2552 αὐτῶν,

57 2594 188 2646 ἀλλά
227 2593 428 2662 ἄρτους
468 2589 681 2658 ὀλίγους
723 2587 881 2658 μόνον
905 2582 1056 2640 εἶπεν
1084 2584 1258 2638 ἐλθεῖν
1287 2585 1367 2648 είς
1402 2583 1638 2654 μετάλη-

57 2691 144 2758 ψιν
168 2689 333 2760 ἡμῶν
359 2690 416 2740 ὲν
441 2684 519 2756 τῷ
543 2685 729 2755 πλοίῳ.
753 2682 1088 2753 Ἀπάραντες
1117 2678 1210 2734 οὖν
1235 2679 1343 2734 ἀπὸ
1369 2679 1468 2749 τῆς
1504 2677 1639 2731 Ῥὠο

60 2799 164 2851 μης
210 2779 389 2843 οὕτως
421 2780 838 2847 κατηντήσαμεν
861 2773 947 2827 διὰ
979 2779 1030 2844 μ’
1057 2771 1279 2844 ἡμερῶν
1317 2772 1374 2824 ὲν
1405 2768 1636 2840 Κύπρῳ,

57 2876 146 2927 καὶ
174 2872 430 2938 ἐδέξαντο
465 2873 611 2943 ἡμᾶς
638 2873 685 2924 οἱ
715 2867 934 2938 ἀδελφοὶ
965 2865 1101 2938 μετὰ
1127 2865 1302 2936 χαρᾶς
1338 2861 1601 2935 μεγάλης.

1739 1771 1942 1810 annum
1979 1756 2182 1812 Romae.
2214 1758 2384 1811 Multa
2415 1768 2594 1812 autem
2635 1758 2740 1811 alia
2771 1743 2988 1828 quoque
3020 1758 3206 1814 Romae
3229 1760 3314 1815 fe-

1738 1848 1813 1902 cit
1859 1843 2216 1918 Epiphanius.
2259 1848 2553 1919 Postquam
2605 1864 2733 1905 vero
2773 1850 3011 1911 decrevit
3056 1853 3315 1922 navigare

1738 1939 1792 1994 in
1821 1936 2080 2008 Cyprum,
2135 1939 2490 2009 imperatores
2533 1940 2786 1995 dixerunt
2821 1939 3162 2010 Epiphanio:
3209 1943 3315 1997 Ac-

1738 2021 1878 2090 cipe,
1919 2020 2098 2085 Pater,
2131 2021 2363 2092 idgquod
2392 2033 2473 2077 est
2497 2024 2620 2077 usui
2656 2021 2932 2089 Ecclesiae,
2970 2035 3026 2080 ut
3067 2027 3313 2096 praebeas

1739 2112 2127 2182 indigentibus.
2166 2111 2312 2165 Dixit
2354 2121 2535 2167 autem
2587 2112 2924 2183 Epiphanius
2974 2116 3316 2186 imperatori-

1740 2205 1842 2259 bus
1874 2222 1886 2258 :
1918 2201 2048 2268 Vos,
2085 2203 2178 2257 lilii
2199 2244 2213 2268 ,
2247 2203 2408 2259 facite
2435 2205 2485 2259 id
2536 2207 2680 2275 quod
2724 2221 2751 2261 a
2778 2207 2934 2262 vobis
2968 2211 3312 2278 postulatur:

1739 2301 1794 2346 et
1822 2293 2032 2363 gaudeo
2079 2294 2147 2347 de
2178 2301 2357 2348 vestro
2379 2293 2748 2350 incremento.
2800 2295 2941 2362 Quid
2992 2313 3121 2354 vero
3172 2300 3308 2354 mibi

1740 2400 1882 2440 onus
1913 2385 2200 2454 praebetis?
2247 2385 2567 2455 Suppedilat
2604 2388 2751 2442 mihi
2784 2387 2950 2454 Deus,
2986 2392 3079 2460 qui
3121 2407 3314 2448 omnes

1741 2477 1838 2533 alit
1865 2479 1920 2533 in
1957 2479 2058 2533 hac
2084 2478 2211 2532 vita.
2249 2475 2574 2534 Ohtulerunt
2614 2494 2747 2550 ergo
2781 2481 3139 2551 imperatores
3176 2487 3318 2539 mqu

1741 2578 1855 2624 tum
1900 2570 2040 2625 auri.
2098 2569 2202 2624 Sed
2261 2569 2398 2624 nihil
2445 2572 2655 2640 accepit
2706 2571 3062 2642 Epiphanius,
3122 2585 3316 2645 praeter

1741 2676 1942 2731 paucos
1972 2676 2158 2730 panes,
2194 2669 2252 2714 ut
2276 2676 2375 2716 nos
2407 2676 2599 2717 omnes
2633 2662 2701 2716 iis
2733 2663 2783 2716 in
2813 2666 3030 2734 navigio
3057 2681 3304 2721 vescere-

1740 2767 1884 2805 mur.
1916 2750 2091 2806 Roma
2120 2762 2300 2806 autem
2327 2752 2579 2821 profecti,
2606 2755 2954 2822 pervenimus
2986 2755 3039 2809 in
3074 2755 3311 2828 Cyprum

1743 2839 2106 2910 quadraginta
2138 2839 2353 2907 diebus,
2385 2850 2439 2894 et
2468 2855 2568 2894 nos
2597 2852 2955 2911 susceperunt
2971 2842 3164 2900 fratres
3190 2861 3313 2900 cum

1742 2945 1941 2998 magno
1978 2931 2196 3001 gaudio.

121 3024 255 3080 NI”.
299 3021 462 3084 Ἕθος
503 3020 560 3073 δὲ
605 3015 673 3091 ἦν
709 3017 1006 3088 Ἐπιφανίῳ
1041 3013 1357 3086 ἐξέρχεσθαι
1411 3010 1508 3074 τὰς

1808 3019 1946 3102 LIII.
1993 3021 2111 3077 Mos
2133 3032 2312 3078 autem
2342 3021 2460 3077 erat
2492 3022 2795 3093 Epiphanio
2827 3034 2994 3080 noctu
3023 3025 3232 3097 ingredi
3259 3029 3312 3082 in

57 3133 188 3179 κτας
246 3117 304 3168 ὲν
353 3115 465 3176 τοῖς
512 3109 927 3181 κοιμητηρίοις,
980 3105 1109 3159 ἔνθα
1152 3103 1222 3156 τά
1262 3102 1488 3172 λείψανα
1531 3100 1638 3153 τῶν

59 3208 230 3276 ἁγίων
282 3204 576 3276 μαρτύρων
626 3201 997 3261 κατάκεινται,
1027 3197 1122 3250 καῖ⁹
1171 3193 1511 3265 παρακαλεῖν
1547 3191 1639 3243 τὸν

59 3300 187 3351 Θεὸν
240 3299 373 3367 ’περὶ¹
416 3295 533 3358 ἐνὸς
582 3294 813 3347 ἑκάστου
843 3289 951 3344 τῶν
983 3286 1552 3358 θλιϐομένων.Ὤσπερ
1580 3282 1636 3336 δὲ

58 3393 209 3462 φίλος
259 3391 413 3460 φίλον
459 3384 815 3459 παρακαλῶν,
848 3382 976 3455 περὶ
1001 3375 1060 3434 οὗ
1091 3379 1418 3451 παρακαλεῖ,
1447 3375 1634 3429 τούτου

57 3486 320 3555 τυγχάνει
336 3501 350 3512 ·
377 3481 546 3544 οὕτως
566 3480 660 3532 καὶ
691 3480 720 3532 ὁ
745 3476 876 3539 Θεὸς
899 3475 968 3530 τὰ
993 3474 1271 3544 αἰτήματα
1299 3469 1462 3526 αὐτοῦ
1498 3486 1638 3541 παρ-

58 3581 200 3648 εῖχεν
231 3575 404 3646 αὐτῷ,
433 3573 571 3626 Ποτὲ
597 3569 728 3641 γοῦν
755 3567 914 3639 λιμοῦ
951 3566 1185 3638 μεγάλου
1220 3561 1640 3634 γενομένου,κα“ι

63 3671 134 3741 μὴ
163 3666 574 3741 εὑρισκομένων
604 3663 784 3734 ἀρτων
811 3659 904 3713 ἐπὶ
929 3659 1030 3729 τῆς
1058 3659 1284 3730 ἀγορᾶς,
1316 3651 1382 3726 ἦν
1414 3656 1640 3708 Φαυστι-

56 3764 240 3828 νιανδς
287 3764 319 3816 ὁ
365 3759 706 3829 ἄσπλαγχνος
737 3756 917 3818 οἴκους
959 3751 1185 3814 πολλοὺς
1233 3752 1460 3821 μεστοὺς
1493 3748 1638 3800 σίτου

58 3860 152 3911 καὶ
193 3855 399 3928 κριθῆς
443 3849 882 3922 ἠσφαλισμένους
909 3847 1068 3918 ἔχων.
1102 3837 1269 3906 Οὗτος
1318 3842 1374 3894 δὲ
1421 3833 1639 3911 χρυσίον

57 3949 382 4021 λαμϐάνων,
413 3945 671 4015 παρεῖχεν
697 3940 911 4010 ἑκάστῳ
937 3938 1044 3992 τῶν
1072 3937 1337 4006 δεομένων
1374 3934 1519 4002 τρεῖς
1551 3948 1642 4001 μο-

57 4042 202 4104 δίους
228 4039 328 4093 τοῦ
358 4038 710 4109 νομίσματος.
736 4033 846 4086 Καὶ
873 4028 940 4104 ἦν
977 4028 1144 4099 πολλὴ
1179 4027 1434 4088 στένωσις
1479 4024 1536 4075 ὲν
1573 4025 1637 4093 τῇ

59 4133 234 4187 πόλει.
267 4127 437 4185 Εἶπεν
467 4129 522 4182 δὲ
551 4127 868 4196 Ἐπιφάνιος
915 4121 1051 4193 πρὸς
1096 4115 1506 4172 Φαυστινιανόν·
1543 4113 1640 4177 Δός

62 4243 172 4295 μοι,
210 4225 403 4294 φησιν,
448 4215 494 4275 ὦ
527 4219 792 4291 βέλτιστε,
839 4218 982 4268 σῖτον
1028 4211 1162 4282 πρὸς
1195 4209 1486 4280 διατροφὴν
1531 4205 1639 4259 τῶν

57 4316 398 4388 ἀνθρώπων
457 4311 612 4381 κάγὼ
665 4307 930 4362 ἀποδώσω
983 4322 1064 4357 σοι
1115 4303 1176 4355 τὸ
1233 4302 1393 4373 χρέος
1436 4297 1639 4352 τούτων

1744 3117 2078 3181 cmmeteria,
2101 3112 2204 3170 ‘ubi
2237 3117 2356 3171 sitae
2388 3127 2516 3171 sunt
2542 3117 2784 3186 reliquiae
2816 3111 3128 3186 sanctorum
3178 3136 3316 3175 mar-

1747 3212 1947 3274 tyrum,
1979 3212 2034 3257 et
2065 3219 2261 3274 rogare
2301 3203 2470 3260 Deum
2500 3221 2597 3274 pro
2623 3221 2951 3276 unoquoque
2979 3223 3193 3274 eorum,
3222 3212 3315 3280 qui

1745 3296 2140 3366 alliigebantur.
2186 3295 2250 3350 Et
2287 3283 2560 3366 quomodo
2619 3297 2796 3352 bonus
2852 3300 3063 3355 amicus
3111 3301 3316 3356 bonum

1743 3389 1981 3443 amicum
2015 3404 2235 3457 rogans,
2291 3397 2400 3442 non
2441 3387 2727 3443 fraudatur
2751 3406 2817 3444 eo
2849 3392 2994 3461 quod
3029 3392 3200 3462 petit:
3245 3396 3315 3448 ita

1746 3483 1793 3539 si
1824 3484 2044 3552 quando
2069 3482 2116 3537 is
2151 3497 2182 3536 a
2206 3481 2317 3537 Deo
2342 3483 2545 3552 aliquid
2577 3482 2840 3552 petiisset,
2872 3483 3102 3552 praebuit
3127 3484 3176 3537 ei
3199 3499 3316 3539 om-

1696 3608 1699 3610 -
1746 3590 1844 3630 nes
1872 3557 2181 3644 petitiones.
2213 3575 2521 3645 Aliquando
2554 3576 2772 3646 quidem
2799 3590 2921 3630 cum
2950 3586 3096 3631 esset
3123 3593 3314 3648 magna

1745 3665 1940 3733 fames,
1969 3675 2024 3722 et
2049 3668 2203 3736 panis
2248 3682 2356 3722 non
2403 3667 2686 3724 allerretur
2728 3669 2782 3722 in
2808 3668 3010 3735 forum,
3038 3680 3155 3724 erat
3193 3669 3314 3739 qui-

1745 3760 1868 3816 dam
1900 3759 2286 3816 Faustinianus
2312 3760 2834 3831 immisericors,qui
2867 3762 3066 3817 multas
3088 3761 3313 3816 habebat

1745 3851 1938 3906 domos
1971 3851 2209 3917 clausas,
2252 3852 2441 3923 plenas
2486 3853 2689 3907 hordeo
2719 3861 2774 3907 et
2820 3851 3111 3907 frumento.
3144 3851 3194 3909 Is
3227 3868 3303 3908 ac-

1745 3941 1951 4010 cipiens
1993 3957 2210 4007 aurum,
2264 3941 2427 4003 dabat
2473 3942 2694 3996 volenti.
2752 3940 2926 3996 Dabat
2985 3951 3165 3997 autem
3219 3958 3315 4013 pro

1746 4047 1972 4086 nummo
2003 4039 2115 4086 tres
2146 4046 2458 4108 mensuras,
2492 4033 2878 4104 quiyocantur
2903 4032 3092 4088 modii.
3123 4035 3303 4088 Erant-

1746 4137 1852 4191 que
1894 4137 2102 4192 magnte
2148 4122 2416 4192 angustia:
2449 4123 2504 4176 in
2552 4123 2791 4180 civitate.
2830 4123 2976 4178 Dixit
3023 4141 3152 4197 ergo
3193 4125 3314 4196 Epi-

1745 4214 1981 4286 phanius
2003 4211 2359 4268 Faustiniano
2386 4233 2399 4268 :
2449 4211 2526 4268 Da
2556 4215 2716 4280 mihi,
2755 4229 2788 4271 ο
2812 4219 3036 4286 optime,
3071 4215 3312 4271 frumen-

1746 4316 1859 4362 tum
1894 4307 1962 4362 ad
1993 4307 2217 4361 alendos
2252 4307 2524 4375 homines,
2564 4316 2620 4362 et
2653 4325 2682 4362 a
2716 4323 2803 4363 me
2845 4309 3079 4378 accipies
3121 4309 3313 4362 horum

58 4408 418 4462 ἀπάντων.’0
455 4405 508 4458 δὲ
551 4402 894 4472 ἄσπλαγχνος
941 4394 1325 4455 Φαυστινιανὺς
1371 4392 1633 4455 τοιούτους

1746 4398 1988 4451 omnium
2013 4397 2274 4452 debitum.
2305 4396 2698 4452 Immisericors
2729 4408 2914 4453 autem
2966 4409 3019 4453 ct
3051 4398 3314 4456 barbarus

61 4504 256 4570 λόγους
302 4499 485 4567 λέγειν
529 4497 731 4566 ἤρξατο
776 4489 1106 4562 Ἐπιφανίῳ·
1159 4484 1414 4548 Ἀπελθε,
1464 4483 1597 4554 φησὶ
1625 4522 1640 4546 ,

57 4591 454 4662 παρακάλεσον
488 4589 578 4640 τὸν
610 4588 763 4649 Θεὸν,
791 4585 848 4638 ὃν
879 4585 943 4638 σὺ
976 4583 1134 4654 σέϐῃ,
1170 4582 1264 4634 καὶ
1297 4577 1521 4651 παρέξει
1562 4594 1643 4630 σοι

60 4688 205 4738 σῖτον
233 4683 378 4754 πρὸς
405 4678 698 4750 διατροφὴν
742 4675 851 4730 τῶν
896 4675 1003 4728 σῶν
1038 4673 1304 4744 φίλων.ὐ
1334 4670 1462 4740 γοῦν
1495 4670 1645 4723 Ἐπι-

57 4775 252 4843 φάνιος
299 4769 532 4838 ἐξελθὼν
584 4771 641 4820 ὲν
695 4768 794 4838 μιᾷ
840 4765 994 4819 νυκτλ⁵
1025 4767 1083 4818 ἑν
1115 4767 1228 4827 τοῖς
1269 4761 1645 4834 κοιμητηρίοις

59 4866 372 4938 παρεκάλει
415 4863 505 4916 τὸν
547 4861 678 4914 Θεὸν
720 4860 814 4921 ἐπὶ
860 4859 921 4911 τὸ
962 4855 1246 4928 διαθρέψαι
1278 4856 1484 4918 πάντας
1518 4854 1645 4917 τοὺς

58 4955 442 5018 πενομένους.
483 4947 591 5004 Ἦν
645 4950 702 5003 δὲ
750 4949 875 5012 ναὸς
925 4950 1134 5010 ἐκεῖνος
1191 4949 1436 5018 ἀρχαῖος,
1496 4946 1644 5009 ὅστις

55 5036 313 5101 Exul/eho
345 5045 468 5107 Διὸς
494 5041 818 5112 ’Λσφάλειαο
843 5039 1016 5110 τούτῳ
1043 5039 1102 5091 δὲ
1143 5037 1222 5108 τῷ
1264 5036 1376 5108 ναῴ
1423 5037 1475 5090 εἴ
1515 5053 1644 5089 ποτε

55 5137 295 5209 ἧγγισέν
325 5153 410 5198 τις
436 5134 546 5187 τῶν
574 5131 897 5204 ἀνθρώπων,
935 5132 1150 5200 ἐλέγετο
1183 5129 1384 5192 εὐθέως
1413 5128 1516 5181 ὑπὸ
1551 5128 1646 5182 θα-

55 5231 222 5281 νάτου
268 5222 775 5296 λαμϐάνεσθαι.”Ως
817 5216 910 5274 οὖν
958 5215 1026 5292 ἦν
1053 5219 1366 5288 Ἐπιιράνιος
1392 5217 1645 5288 δεόμενος

53 5321 146 5374 τοῦ
193 5317 344 5372 Θεοῦ
375 5317 514 5386 ὑπὲρ
560 5313 669 5368 τῶν
719 5312 1066 5382 θλιϐομένων,
1102 5309 1254 5380 φωνὴ
1297 5308 1460 5363 αὐτοῦ
1495 5308 1647 5377 γέγοο

54 5429 173 5465 νεν·
209 5407 532 5477 Ἐπιφάνιε,
566 5407 720 5477 φησὶ,
751 5404 826 5476 μὴ
860 5402 1232 5474 ταραχθῇς.ὐ
1256 5401 1313 5454 δὲ
1345 5401 1540 5471 φησιν’
1575 5403 1640 5456 Τί

1743 4501 1798 4544 et
1829 4491 2124 4544 sceleratus
2167 4480 2551 4544 Faustinianus
2587 4490 2700 4544 haec
2731 4492 2893 4544 verba
2922 4490 3058 4544 dixit
3080 4489 3310 4560 Epipha-

1745 4581 1834 4633 nio
1869 4598 1881 4633 :
1923 4579 2070 4650 Roga
2129 4578 2350 4640 Jesum,
2397 4595 2560 4650 quem
2605 4579 2760 4641 colis,
2809 4589 2864 4634 et
2913 4580 3172 4650 praebebit
3219 4565 3312 4634 tibi

1747 4670 2072 4726 frumentum
2125 4671 2191 4726 ad
2255 4669 2482 4726 alendos
2535 4681 2658 4725 tuos
2712 4671 2936 4724 amicos.
2979 4668 3313 4740 Epiphanius

1745 4761 1928 4830 itaque
1969 4748 2074 4814 una
2108 4769 2267 4815 nocte
2306 4761 2585 4832 ingressus
2625 4767 2708 4814 est
2737 4759 3048 4814 cmmeteria
3098 4769 3309 4815 sancto-

1746 4867 1865 4904 rum
1895 4860 2218 4922 martyrum,
2249 4861 2303 4906 et
2332 4851 2545 4922 rogavit
2587 4849 2780 4911 Deum.
2807 4859 2866 4904 ut
2890 4849 3044 4904 daret
3073 4848 3312 4905 frumen-

1681 4956 1724 4996 ις
1744 4950 1859 4996 tum
1890 4941 1978 5006 iis,
2015 4942 2107 5012 qui
2135 4951 2292 4996 erant
2324 4943 2526 4997 redacti
2555 4943 2610 4996 in
2642 4944 2943 5013 angustias.
2972 4942 3101 4997 Erat
3131 4950 3312 4998 autem

1745 5033 2004 5107 templum
2047 5035 2412 5104 obsignatum,
2457 5037 2602 5105 quod
2646 5036 2943 5091 vocabatur
2984 5035 3176 5092 Tutela
3215 5035 3313 5092 Jo-

1744 5125 1848 5182 vis.
1885 5125 2022 5181 Huic
2045 5127 2243 5196 templo
2272 5127 2319 5182 si
2359 5129 2576 5198 quando
2613 5129 2738 5198 quis
2767 5146 2833 5184 ex
2869 5129 3189 5186 hominibus
3216 5147 3313 5201 ap-

1745 5218 2180 5288 propinquasset,
2235 5234 2266 5273 a
2323 5218 2509 5275 multis
2568 5219 2865 5286 ferebatur,
2931 5222 3076 5292 quod
3140 5237 3313 5278 morte

1747 5310 1930 5364 statim
1984 5310 2364 5380 corriperetur.
2412 5311 2546 5366 Cum
2582 5326 2712 5382 ergo
2759 5311 3095 5382 Epiphanius
3142 5310 3312 5367 Deum

1746 5408 1928 5455 oraret
1959 5415 2059 5470 pro
2088 5401 2154 5456 iis
2196 5401 2291 5472 qui
2319 5401 2713 5473 allligebantur,
2749 5402 2815 5456 ad
2863 5418 2987 5457 eum
3017 5419 3123 5458 vox
3173 5402 3312 5458 facta

125 5547 203 5618 (α)
224 5547 390 5620 ,ρυκξ
411 5541 922 5620 sequuntur-ﬁnem
947 5559 1011 5620 ei}
1037 5539 1228 5620 Latino
1261 5541 1576 5610 corrigenda
1596 5544 1631 5598 1.

1743 5507 1945 5600 modo:
1981 5544 2052 5597 Τὸ
2083 5544 2289 5597 παιδίον
2320 5543 2446 5596 ποτὲ
2475 5541 2746 5597 ἀπυθανὸν
2777 5540 2871 5620 καὶ
2914 5538 3179 5607 ἀναστὰν,
3207 5537 3305 5593 λα-

59 5618 150 5672 ειν
180 5609 298 5681 τὴν
325 5609 552 5684 χάρινξ..
588 5615 679 5668 καὶ
705 5611 919 5681 ὄψεσθε.
961 5611 1118 5666 Ειητ.
1149 5609 1388 5666 Parum.
