3800 6180
479 168 546 240 9'
1781 187 1838 244 s.
1884 185 2057 243 EPIPI

2173 185 2225 239 {ll
2267 185 2446 240 VITA.
3674 183 3729 237 93

481 306 586 361 est,
642 296 953 369 Epiphani,
1024 300 1298 372 inquiens.
1362 301 1703 373 Epiphanius
1756 320 1887 358 vero
1935 303 2057 358 nihil

2174 302 2308 365 ἐστι,
2345 303 2547 374 Κύριες
2582 302 2693 355 Καὶ
2739 296 2890 357 εἶπεν
2921 302 3059 374 πρὸς
3096 302 3260 357 αὐτόν
3280 318 3294 332 °
3328 302 3563 356 ’Δπελθε
3593 304 3646 355 ὲν
3668 304 3726 371 ξιξ

484 392 845 447 conturbatus
873 410 885 445 :
924 391 1064 458 Quid
1092 404 1196 458 est,
1227 393 1500 447 Domine?
1529 394 1594 447 Et
1615 396 1753 451 dixit
1791 395 1839 449 ei
1868 413 1881 448 :
1919 394 2067 450 Vade

485 480 540 534 in
578 480 859 548 templum,
889 483 1033 552 quod
1061 494 1286 538 vocatur
1329 484 1519 538 Tutela
1547 484 1719 549 Jovis,
1764 495 1817 541 et
1852 487 2067 541 solven-

483 585 570 627 tur
601 575 879 644 signacula
930 586 1231 646 portarum,
1261 587 1315 633 et
1359 580 1607 635 invenies
1646 581 1878 635 multum
1921 579 2062 634 auri.

483 664 618 717 Cum
659 672 719 719 tu
757 667 809 720 id
840 652 1137 734 acceperis,
1178 685 1298 724 eme
1330 670 1663 725 frumentum
1701 682 1754 726 et
1800 672 2062 728 hordeum

482 752 848 820 Faustiniani,
896 768 949 812 et
979 758 1047 813 da
1097 759 1411 814 alimentum
1462 763 1767 830 egentibus.
1822 760 2062 831 Epipha—

481 848 607 903 nius
642 858 824 903 autem
858 850 955 905 ivit
1000 853 1251 922 protinus
1280 854 1333 907 in
1367 855 1648 924 templum,
1696 864 1748 909 et
1793 871 1913 909 cum
1962 854 2063 910 fuit

481 954 651 1009 prope
690 941 999 1011 ingressum
1054 945 1264 1013 templi,
1310 947 1493 1000 statim
1529 946 1841 1000 ceciderunt
1883 946 2065 1016 signa-

482 1029 627 1093 cula,
663 1038 711 1084 et
744 1041 914 1100 portae
947 1043 1148 1102 apertae
1180 1045 1329 1091 sunt.
1370 1036 1647 1105 Ingressus
1677 1054 1805 1091 vero
1829 1037 2065 1107 Epipha-

482 1120 609 1176 nius
646 1122 849 1177 invenit
886 1125 1121 1179 multum
1166 1127 1307 1182 auri.
1358 1128 1494 1182 Cum
1542 1144 1606 1183 ex
1636 1146 1702 1184 eo
1751 1145 1884 1200 ergo
1915 1146 2065 1185 acce-

480 1209 672 1278 pisset,
719 1212 865 1267 dedit
911 1213 1293 1279 Fanstiniauo,
1328 1228 1381 1272 et
1421 1218 1558 1273 dixit
1592 1239 1605 1273 :
1666 1221 1864 1290 Accipe
1906 1236 2066 1291 pecu-

482 1301 652 1366 niam,
690 1312 743 1357 et
790 1305 855 1359 da
892 1308 1023 1360 mihi
1055 1308 1408 1363 frumentum.
1451 1311 1520 1367 At
1559 1327 1757 1367 avarus
1807 1322 1861 1367 et
1893 1314 2064 1367 scele-

481 1406 601 1452 stus
644 1397 1034 1459 Faustinianus
1081 1420 1214 1459 auro
1258 1415 1482 1475 accepto
1532 1404 1866 1460 frumentum
1923 1422 2064 1476 prae-

480 1490 598 1545 buit
634 1492 736 1562 ipsi
782 1510 878 1564 per
922 1497 1131 1552 modios
1176 1507 1382 1553 ternos.
1420 1497 1761 1568 Epiphanius
1792 1508 1971 1553 autem
2008 1499 2060 1552 id

478 1582 706 1650 praebuit
730 1584 1114 1653 indigentibus.
1145 1585 1262 1641 Non
1296 1587 1615 1643 defecerunt
1643 1604 1773 1659 ergo
1795 1590 2059 1659 pecunize,

2173 394 2283 464 ναῷ
2309 393 2385 464 τῷ
2413 393 2731 464 καλουμένῳ
2756 394 2877 458 Διὸς
2892 394 3203 463 Ἀσφάλεια,
3222 394 3316 448 καὶ
3348 394 3664 465 λυθήσονται
3690 398 3729 447 ατ

2171 487 2277 539 τῶν
2306 487 2485 557 θυρῶν
2519 486 2842 559 σφραγῖδες·
2880 487 2976 539 καὶ
3012 484 3269 541 εἰσελθὼν
3321 488 3577 559 εὑρήσεις
3616 505 3726 557 χρυ-

2174 577 2286 629 σίον
2329 576 2491 630 πολύ·
2544 576 2703 630 τοῦτο
2735 576 2914 629 λαὸὼν
2958 578 3233 649 ἀγόρασον
3286 577 3405 631 ὅλον
3455 579 3548 631 τὸν
3608 579 3733 631 σῖτον.

2169 666 2578 733 Φαυστινιανοῦ,
2609 669 2704 721 καὶ
2756 668 2856 740 τὴν
2899 669 3113 741 κριθὴν,
3149 670 3245 723 καὶ⁸
3275 670 3364 733 δὸς
3400 670 3609 741 τροφὴν
3643 672 3732 729 τοῖ,

2169 762 2459 831 δεομένοις.
2479 762 2536 814 '0
2568 760 2695 829 γοῦν
2730 762 3046 831 Ἑπιφάνιος
3085 761 3354 833 ἐπορεύθη
3394 764 3454 814 ἐν
3496 762 3577 831 τῷ
3605 756 3710 830 ναῷ

2170 855 2264 907 καὶ
2313 855 2388 917 ὡς
2421 856 2645 925 ἤγγισεν
2679 856 2814 926 πρὸς
2846 854 2943 926 τὴν
2975 856 3180 909 εἴσοδον
3224 853 3317 908 τοῦ
3361 855 3515 918 ναοῦ,
3553 856 3735 917 εὐθέως

2170 946 2370 1000 ἔπεσαν
2402 950 2457 1000 αἱ
2494 950 2805 1019 σφραγῖδες,
2845 949 2940 1001 καὶ
2972 949 3028 1001 αἱ
3060 947 3221 1019 θύραι
3250 947 3629 1018 ἠνεῴχθησαν,
3661 949 3734 998 κί’

2170 1038 2423 1091 εἰσελθὼν
2452 1041 2790 1109 Ἐπιφάνιος,
2824 1034 2981 1110 εὗρεν
3009 1040 3229 1111 χρυσίον
3267 1040 3422 1094 πολύ.
3442 1038 3640 1091 Λαϐὼν
3660 1034 3735 1091 οἶκε

2171 1129 2321 1193 αὐτὸ,
2354 1129 2411 1194 ἐξ
2435 1131 2596 1184 αὑτοῦ
2623 1130 2865 1183 ἐπεδίδου
2892 1129 2971 1201 τῷ
3002 1130 3370 1200 Φαυστινιανῷ
3397 1130 3578 1198 λέγων
3600 1148 3613 1160 ·
3654 1132 3733 1184 Αά.

2170 1223 2253 1287 ϐε,
2283 1224 2434 1293 φησι,
2470 1226 2745 1294 χρήματα.
2774 1224 2867 1276 καὶ
2898 1224 2987 1287 δός
3024 1241 3112 1294 μοι
3143 1226 3307 1277 σῖτον.
3326 1225 3385 1275 ὐ
3406 1224 3466 1275 δὲ
3496 1224 3730 1295 φιλοχρή-

2174 1331 2287 1383 μων
2328 1315 2423 1366 καὶ
2468 1315 2720 1386 ἀλάστωρ
2752 1315 3166 1378 Φαυστινιανὸς,
3201 1315 3493 1384 δεχόμενος
3524 1317 3588 1367 τὸ
3621 1334 3736 1386 χρυ-

2173 1406 2306 1470 σίον,
2343 1410 2570 1478 παρεῖχε
2600 1407 2747 1478 αὑτῷ
2768 1407 2859 1460 τὸν
2892 1409 3054 1469 σῖτον,
3092 1406 3233 1459 κατὰ
3259 1407 3426 1477 τριῶν
3457 1409 3737 1476 μοδίων.’0

2169 1495 2225 1548 δὲ
2275 1497 2588 1565 Ἐπιιράνιος
2645 1500 2902 1568 παρεῖχεν
2953 1500 3096 1550 σῖτον
3148 1499 3359 1568 ἑκάστῳ
3403 1498 3515 1552 τῶν
3566 1502 3737 1569 χρείαν

2171 1587 2421 1655 ἐχόντων,
2452 1588 2543 1639 καὶ
2588 1587 2686 1640 οὐκ
2734 1587 3007 1652 ἐξέλειπον
3035 1586 3103 1640 τὰ
3143 1590 3419 1659 χρήματα,
3448 1589 3559 1652 ἕως
3589 1587 3648 1643 οὗ
3676 1590 3737 1654 ἐξα

479 1674 654 1730 donec
686 1676 1023 1747 Epiphanius
1067 1682 1200 1734 emit
1243 1682 1449 1745 omnia,
1492 1698 1611 1750 quae
1649 1682 1881 1736 habebat
1913 1680 2056 1735 Fau—

2173 1677 2433 1748 ηγόρασεν
2469 1680 2644 1731 πάντα
2691 1679 2759 1732 τά
2811 1678 3095 1750 βρώματα,
3141 1680 3176 1733 ἀ
3231 1683 3542 1756 συνήγαγεν
3572 1684 3739 1733 ὑφαν-

479 1766 755 1822 stinianus
802 1770 868 1823 ad
901 1771 1244 1825 alimentum.
1301 1772 1547 1842 Implevit
1594 1781 1775 1828 autem
1830 1772 2058 1843 Epipha—

478 1856 605 1912 nius
641 1859 842 1914 multas
870 1861 1063 1916 domos
1094 1861 1367 1917 frumento
1393 1873 1447 1919 et
1478 1865 1702 1930 hordeo,
1737 1864 1881 1935 quod
1911 1880 2059 1920 eme-

479 1957 630 2003 rata
682 1948 1082 2007 Faustiniano:
1134 1962 1186 2007 et
1242 1955 1337 2009 toti
1391 1956 1597 2010 civitati
1654 1957 2052 2026 suppeditavit,

480 2040 595 2096 sive
628 2043 809 2111 potius
840 2042 982 2098 Deus
1014 2060 1110 2114 per
1138 2045 1524 2117 Epiphanium.

554 2156 692 2213 LIV.
721 2157 1045 2214 Defecerunt
1064 2171 1243 2214 autem
1270 2175 1409 2216 escae
1431 2160 1483 2215 in
1512 2161 1675 2217 domo
1696 2162 2057 2229 Faustiniani,

480 2268 534 2314 et
564 2260 706 2314 inter
728 2275 919 2315 omnes
948 2262 1198 2317 homines
1216 2262 1376 2317 lauta:
1394 2272 1549 2318 erant
1566 2264 1757 2334 epulae,
1776 2274 1829 2319 et
1855 2281 2062 2336 magna:

481 2364 742 2434 angustiae
758 2362 811 2418 in
829 2364 994 2419 domo
1008 2363 1368 2419 Faustiniani.
1385 2364 1560 2422 Malus
1586 2382 1714 2422 vero
1728 2377 1781 2422 et
1795 2368 2063 2425 violentus

480 2473 535 2520 et
567 2465 962 2522 immisericors
1004 2463 1414 2532 Faustinianus,
1445 2467 1705 2536 probrum
1734 2483 1854 2524 esse
1885 2476 2059 2535 ratus,

480 2570 635 2626 cibos
666 2569 850 2625 domui
886 2584 998 2624 suae
1038 2579 1220 2639 petere
1248 2569 1316 2624 ab
1346 2568 1670 2640 Epiphanio,
1695 2585 1819 2625 eum
1844 2585 1939 2626 sex
1967 2571 2064 2624 ha-

479 2671 632 2726 beret
649 2670 867 2741 propria
886 2670 1125 2741 navigia,
1148 2669 1253 2725 alia
1271 2685 1489 2740 quoque
1510 2670 1753 2741 quinque
1769 2670 2058 2726 conduxit:

478 2777 533 2825 et
580 2784 705 2824 cum
736 2768 975 2824 dedisset
1020 2768 1285 2839 pecunias
1333 2767 1581 2839 Longino
1623 2768 1791 2823 totius
1844 2767 2063 2822 familiae

481 2885 597 2925 suae
643 2870 983 2935 fidelissimo,
1034 2869 1187 2926 misit
1212 2884 1336 2924 eum
1390 2870 1455 2924 ad
1492 2870 1780 2925 emendum
1811 2868 2057 2924 frumen-

481 2982 622 3028 tum.
650 2974 732 3029 Illi
761 2984 939 3029 autem
978 2988 1099 3028 cum
1141 2974 1493 3045 navigassent
1546 2973 1600 3027 in
1635 2972 1969 3035 Calabriam,
2009 2980 2064 3027 et

2167 1770 2452 1833 στινιανδς,
2491 1772 2582 1823 καὶ
2611 1770 2843 1841 ἔπλησεν
2866 1771 3046 1834 οἴκους
3077 1772 3302 1835 πολλοὺς
3329 1773 3656 1842 Ἐπιιράνιος
3680 1778 3741 1825 si-

2165 1878 2279 1926 του,
2309 1862 2399 1914 καὶ
2428 1863 2643 1933 κριθῆς,
2673 1862 2780 1916 τῶν
2803 1862 3216 1935 ἀγορασθέντων
3246 1863 3399 1935 παρά
3425 1866 3739 1917 timus-tm:-

2166 1954 2256 2007 νοῦ
2332 1957 2421 2007 καὶ
2467 1958 2727 2027 παρεῖχεν
2772 1956 2921 2026 πάσῃ
2950 1959 3014 2027 τῇ
3049 1956 3219 2022 πόλει,
3246 1957 3451 2026 μᾶλλον
3482 1958 3541 2010 δὲ
3571 1961 3600 2011 ὁ
3626 1960 3740 2023 Bas;

2167 2047 2232 2101 δι’
2259 2048 2603 2117 Ἐπιφανίου.

2238 2163 2359 2215 NA’.
2382 2161 2493 2214 Καὶ
2516 2157 2583 2233 ἦν
2602 2161 2801 2231 εὐωχία
2825 2163 2988 2215 πᾶσιν
3006 2160 3328 2234 ἀνθρώποις,
3363 2163 3460 2215 καὶ
3490 2158 3563 2233 ἦν
3588 2165 3738 2231 mili:

2171 2263 2428 2326 στένωσις
2462 2266 2519 2316 ἐν
2543 2263 2619 2334 τῷ
2655 2263 2788 2334 οἴκῳ
2810 2264 3214 2318 Φαυστινιανοῦ.
3254 2266 3312 2317 Ὁ
3346 2264 3403 2317 δέ
3456 2265 3629 2327 κακὸς
3662 2269 3741 2318 καὶ

2170 2365 2342 2436 βίαιος
2368 2366 2751 2429 Φαυστινιανὸς
2774 2365 3059 2430 στενωθεὶς
3080 2366 3169 2420 διὰ
3194 2367 3290 2436 τῆς
3308 2367 3740 2437 φιλοχρηματίας

2170 2465 2356 2533 αὑτοῦ,
2393 2465 2549 2537 ὕϐριν
2587 2465 2887 2537 ἡγούμενος
2931 2466 3081 2540 παρὰ
3124 2468 3445 2535 Ἐπιφανίου
3482 2466 3740 2537 βρώματα

2169 2568 2390 2638 αἰτῆσαι
2417 2567 2494 2638 τῷ
2532 2567 2666 2638 οἴκῳ
2698 2568 2885 2632 αὑτοῦ,
2918 2569 3076 2622 πλοῖα
3124 2568 3262 2639 ἔχων
3290 2568 3423 2630 ἴδια,
3450 2567 3742 2637 ἐξεμιςθὼ-

2172 2686 2301 2722 σατο
2325 2670 2421 2722 καὶ
2460 2669 2625 2739 ἕτερα
2646 2666 2827 2731 πέντε,
2863 2669 2957 2721 καὶ
2986 2668 3162 2731 δὼσας
3204 2668 3457 2738 Λογγίνῳ
3487 2670 3743 2738 χρήματα

2168 2771 2246 2842 τῷ
2284 2770 2588 2839 πιστοτάτῳ
2608 2769 2792 2835 αὐτοῦ,
2826 2770 3133 2824 ἐπέστειλεν
3159 2772 3217 2823 ἐν
3266 2770 3583 2841 Καλαϐρία,
3608 2772 3744 2834 ὅπως

2170 2872 2378 2926 ἐκεῖθεν
2425 2871 2704 2943 ὠνήσηται
2754 2873 2900 2924 σῖτον
2934 2872 3071 2942 πρὸς
3100 2870 3396 2941 διατροφὴν
3444 2868 3544 2921 τοῦ
3604 2870 3744 2921 οἴκου

2174 2976 2358 3031 αὐτοῦ.
2400 2975 2845 3031 Ἐκπλευσάντων
2873 2974 2930 3027 δὲ
2972 2975 3080 3029 τῶν
3124 2974 3343 3041 πλοίων,
3390 2975 3485 3028 καὶ
3537 2976 3747 3045 πλημυ-

484 3080 823 3135 frumentum
881 3079 995 3135 illic
1055 3081 1298 3151 aliasque
1365 3082 1574 3151 species
1622 3081 1904 3147 emissent,
1945 3088 2057 3151 post

2176 3082 2378 3136 θέντων
2406 3082 2554 3135 σίτου
2578 3083 2673 3134 καὶ
2712 3080 2914 3153 ἐτέρων
2963 3080 3141 3145 εἰδῶν,
3180 3079 3269 3133 διὰ
3324 3081 3747 3151 τετραμηνιαὶοηλ

484 3195 602 3241 tres
628 3199 847 3242 menses
878 3186 1209 3255 adnavigant
1251 3186 1304 3241 id
1333 3186 1617 3242 habentes.
1670 3186 1901 3242 Centum
1935 3201 2065 3241 vero

484 3286 679 3342 stadiis
722 3286 884 3356 longe
916 3302 945 3341 a
997 3287 1338 3352 Constantia,
1380 3305 1443 3343 ex
1475 3288 1705 3343 adverso
1746 3289 1885 3358 ejus,
1917 3286 2063 3358 quod

485 3394 689 3449 dicitur
727 3384 1161 3462 Dianedterium,
1191 3397 1367 3450 oritur
1397 3395 1450 3449 in
1483 3395 1621 3450 mari
1656 3394 1894 3449 maxima
1926 3403 2064 3449 tem-

482 3510 692 3573 pestas,
726 3510 782 3556 et
803 3509 1070 3556 venerunt
1096 3502 1147 3555 in
1171 3501 1473 3571 periculum
1506 3515 1669 3555 naves
1696 3498 2060 3566 Faustiniani,

483 3606 607 3662 quae
649 3589 945 3645 aﬂ'erebant
990 3589 1349 3658 frumentum,
1390 3600 1675 3662 totumque
1725 3590 2061 3646 frumentum

484 3699 639 3739 mare
670 3683 737 3738 ad
764 3683 916 3739 littus
954 3684 1186 3754 impulit.
1240 3683 1376 3739 Cum
1428 3685 1544 3739 haec
1596 3695 1774 3739 autem
1802 3684 2064 3739 audiisset

483 3775 963 3839 Faustinianus,et
993 3777 1174 3831 statim
1211 3778 1277 3831 ad
1309 3791 1458 3831 mare
1487 3777 1833 3843 accessisset,
1855 3784 1908 3830 et
1930 3790 2063 3831 acu--

484 3870 553 3926 Iis
583 3869 807 3925 vidisset
862 3885 985 3940 quae
1024 3869 1164 3924 facta
1214 3868 1450 3934 fuerant,
1508 3870 1815 3939 sepulcrum
1857 3869 2063 3925 habens

484 3981 547 4022 os
582 3980 743 4020 suum
784 3974 1057 4036 apertum,
1111 3966 1291 4022 statim
1359 3966 1525 4037 coepit
1576 3966 1878 4022 sceleratus
1916 3966 2062 4021 blas-

484 4060 743 4129 phemare
776 4059 831 4114 in
881 4060 1245 4126 Altissimum,
1292 4068 1347 4114 et
1379 4060 1595 4129 probris
1628 4069 1879 4129 appetere
1932 4058 2062 4130 Epi—

484 4150 772 4221 phaniam,
810 4152 998 4206 dicens
1038 4151 1201 4206 verba
1243 4150 1556 4221 hujusmodi
1583 4170 1597 4205 :
1628 4149 1729 4205 Hic
1768 4166 1959 4220 magus
2009 4159 2062 4205 et

484 4242 672 4316 praedo
712 4259 821 4298 non
852 4243 1028 4298 solum
1096 4244 1151 4298 in
1186 4253 1329 4297 terra
1383 4241 1659 4298 malefacit
1688 4242 1873 4297 domui
1928 4256 2062 4296 mea:

484 4337 634 4390 omni
670 4346 911 4406 tempore
942 4353 955 4403 ;
992 4335 1088 4391 sed
1121 4336 1285 4391 etiam
1318 4336 1372 4389 in
1422 4351 1573 4389 mare
1608 4337 1827 4389 mittens
1859 4334 2060 4389 daemo-

483 4445 605 4494 nes,
634 4428 904 4498 prohibet,
941 4443 1009 4481 ne
1037 4427 1379 4496 ingrediatur
1410 4426 1484 4492 id,
1533 4426 1678 4494 quod
1706 4433 1790 4480 est
1824 4424 1947 4480 usui
1979 4424 2061 4479 fa-

482 4522 647 4577 miliae
679 4537 829 4576 mea).
863 4519 907 4574 0
935 4520 1059 4589 quis
1090 4529 1284 4574 ventus
1314 4518 1497 4573 emisit
1524 4518 1670 4572 hunc
1702 4522 2009 4586 praedonem
2036 4519 2060 4571 ’ἒ

482 4618 729 4688 Cumque
758 4618 872 4672 haec
904 4616 1153 4678 dixisset,
1191 4624 1244 4669 et
1274 4616 1429 4685 plura
1472 4612 1576 4677 bis,
1621 4613 1716 4667 ivit
1746 4613 1799 4667 iu
1832 4612 2055 4667 domum

485 4721 642 4759 suam
674 4706 933 4759 minitans
967 4704 1293 4774 Epiphanio.
1324 4702 1527 4758 Omnes
1556 4712 1758 4769 autem,
1780 4704 1873 4773 qui
1901 4711 2059 4757 erant

485 4801 795 4870 congregati
834 4800 889 4853 in
950 4799 1187 4864 civitate,
1221 4797 1324 4851 viri
1355 4806 1409 4851 et
1471 4797 1749 4861 mulieres,
1780 4812 1887 4850 una
1932 4811 2056 4850 cum

485 4891 600 4946 suis
630 4891 841 4954 liberis,
872 4890 1199 4960 colligebant
1227 4889 1585 4952 frumentum,
1640 4896 1694 4941 et
1726 4887 1971 4942 ferebant
2002 4889 2057 4942 in

485 4983 680 5037 domos
706 4996 857 5045 suas,
891 4970 1282 5051 congregantes
1313 4988 1611 5050 sumptum,
1658 4980 1797 5034 alius
1839 4980 2057 5048 quidem

485 5074 650 5129 unius
679 5072 830 5140 anni,
867 5072 1006 5127 alius
1051 5088 1183 5126 vero
1231 5072 1465 5125 duorum
1495 5086 1784 5125 annorum.
1817 5070 2059 5125 Ilabebat

484 5182 613 5222 vero
640 5165 1029 5221 Faustinianus
1062 5179 1312 5231 uxorem,
1347 5181 1467 5235 qum
1501 5164 1731 5219 faciebat
1755 5164 1896 5218 bona
1930 5179 2059 5233 ope-

483 5275 566 5312 ra.
604 5256 721 5327 Ipsa
749 5272 900 5327 ergo,
926 5256 1191 5311 insciente
1209 5254 1586 5320 Faustiniano,
1627 5255 1775 5309 misit
1797 5255 1879 5309 bis
1910 5254 2058 5309 mille

485 5366 742 5406 nummos
792 5349 1118 5420 Epiphanio,
1166 5356 1228 5402 ut
1260 5346 1445 5401 domui
1488 5348 1605 5417 ejus
1659 5348 1919 5417 praeberet
1956 5347 2058 5400 ali-

485 5450 692 5498 menta.
729 5442 877 5497 Dixit
912 5452 1093 5496 autem
1126 5439 1343 5496 mulieri
1378 5439 1714 5510 Epiphanius
1744 5459 1757 5494 :
1795 5438 1939 5495 Tene
1960 5455 2056 5510 pe-

484 5536 705 5592 cuniam
739 5540 794 5592 in
833 5536 997 5593 domo
1022 5545 1137 5601 tua,
1181 5544 1235 5592 et
1265 5534 1450 5605 accipe
1490 5533 1717 5599 cibaria,
1747 5534 1947 5603 quibus
1975 5534 2059 5587 in-

484 5630 676 5701 diges:
719 5637 773 5688 et
820 5630 1039 5702 quando
1077 5638 1218 5686 terra
1269 5626 1608 5700 produxerit,
1666 5635 1794 5681 tunc
1841 5625 2055 5693 reddes,

2169 3186 2357 3259 χρόνου
2385 3185 2809 3258 παραπλέουσιν,
2841 3186 3054 3257 ἔχοντες
3078 3186 3168 3238 τὸν
3202 3187 3365 3249 σῖτον,
3400 3186 3514 3238 ἀπὸ
3549 3193 3597 3256 ρ’
3624 3201 3747 3235 στα-

2167 3291 2296 3343 δίων
2336 3290 2434 3360 τῆς
2478 3290 2895 3354 Κωνσταντίας,
2948 3290 3207 3363 ἄντικρυς
3260 3289 3356 3344 τοῦ
3412 3289 3747 3358 καλουμένςι

2169 3395 2576 3466 Διανευτηρίου.
2610 3395 2721 3449 Καὶ
2749 3394 2957 3463 γίνεται
2984 3395 3183 3465 λαίλαψ
3234 3396 3409 3466 μέγας
3448 3397 3511 3448 ἐν
3562 3399 3629 3466 τῇ
3664 3394 3753 3447 61-

2168 3500 2364 3571 λάσσῃ,
2400 3500 2493 3553 καὶ
2520 3499 2900 3553 ἐκινδύνευσαν
2937 3500 3222 3574 ἀμφότερα
3244 3502 3314 3554 τὰ
3334 3501 3494 3554 πλοῖα
3524 3503 3752 3554 Φαυστι-

2168 3590 2348 3645 νιανοῦ
2376 3590 2442 3644 τὰ
2468 3590 2559 3644 τὸν
2615 3593 2759 3645 σῖτον
2810 3592 3022 3663 ἔχοντα,
3054 3593 3164 3646 Καὶ
3209 3591 3422 3647 ἅπαντα
3476 3594 3578 3646 τὸν
3608 3596 3753 3645 σῖτον

2167 3683 2514 3755 ὲξέεῖρασενή
2551 3683 2792 3738 Θάλασσα
2818 3685 2911 3738 ἐπὶ
2938 3684 3031 3738 τὸν
3058 3685 3321 3753 αἰγιαλόν.
3355 3684 3462 3737 Τοῦ
3508 3685 3569 3736 δὲ
3614 3686 3753 3737 thu-

2168 3775 2436 3830 στινιανοῦ
2464 3776 2798 3840 ἀκούσαντος
2834 3776 3028 3839 ταῦτα,
3083 3776 3284 3838 εὐθέως
3336 3776 3612 3845 κατῆλθεν
3671 3779 3753 3829 ἐτπί

2165 3867 2267 3937 τὴν
2295 3864 2591 3932 Θάλασσαν,
2627 3866 2720 3920 καὶ
2750 3865 2870 3918 κατ’
2892 3865 3201 3937 ὀφθαλμοὺς
3228 3864 3395 3918 αὐτοῦ
3430 3864 3559 3917 ἰδὼν
3585 3866 3659 3917 τὰ
3688 3885 3753 3931 γι-

2166 3959 2389 4029 νόμενα,
2423 3957 2592 4027 τάφον
2619 3957 2962 4028 ἀνεῳγμένον
3015 3957 3154 4027 ἔχων
3186 3956 3247 4009 τὸ
3298 3957 3496 4009 ἑαυτοῦ
3552 3959 3752 4027 στόμα.

2165 4050 2370 4123 ἤρξατο
2397 4049 2598 4113 εὐθέως
2623 4049 2961 4121 βλασφημεῖν
2992 4048 3083 4102 τὸν
3127 4048 3389 4118 Ὕψιστον
3428 4048 3456 4100 ὁ
3490 4049 3754 4101 κακοδαί-

2170 4160 2306 4213 μων,
2369 4141 2463 4194 καὶ
2518 4141 2797 4211 ἐπιφέρειν
2847 4140 3101 4203 τοιαύτας
3160 4138 3344 4211 ὕϐρεις
3401 4139 3752 4207 Ἐπιφανίῳ·

2179 4234 2332 4297 Ἰδοὺ,
2363 4232 2546 4303 φησιν,
2569 4232 2598 4285 ὁ
2634 4232 2807 4305 μάγος
2855 4224 3010 4294 οὗτος
3054 4232 3149 4285 καὶ
3190 4230 3447 4302 ἐπιθέτης
3476 4233 3544 4284 οὐ
3590 4234 3755 4301 μόνον

2166 4326 2259 4378 ἐπὶ
2291 4324 2391 4396 τῆς
2424 4323 2594 4396 ξηρᾶς
2626 4323 2729 4395 γῆς
2754 4323 2967 4394 ἐνεργεῖ
3008 4321 3084 4392 τῷ
3112 4320 3246 4391 οἴκῳ
3279 4337 3379 4391 μου
3429 4322 3516 4383 εἰς
3579 4320 3753 4380 κακὰ,

2090 4392 2139 4453 D
2164 4417 2298 4471 ἀλλά
2348 4392 2454 4469 καὶ
2478 4392 2598 4468 *ἐπὶ
2630 4392 2729 4485 τῆς
2762 4392 3034 4482 θαλάσσης
3083 4412 3341 4482 δαίμονας
3374 4411 3754 4469 ἀποστέλλω-η

2163 4508 2450 4564 διακωλύει
2482 4507 2738 4560 εἰσελθεῖν
2769 4507 2827 4559 τὸ
2856 4507 2949 4558 ἐπὶ
2984 4506 3228 4575 διακονίᾳ
3279 4503 3374 4557 τοῦ
3402 4503 3543 4573 ἐμοῦ
3574 4505 3751 4556 οἴκοθι.

2163 4600 2234 4656 ’Ὢ
2266 4606 2414 4666 ποῖος
2443 4601 2642 4671 ἄνεμος
2671 4600 2976 4669 ἐξέπεμψεν
3009 4597 3194 4651 τοῦτον
3227 4597 3319 4650 τὸν
3350 4596 3620 4665 ἐπιθέτην
3681 4601 3758 4648 ἐν·

2164 4696 2365 4763 ταῦθα;
2394 4695 2577 4748 Ταῦτα
2598 4692 2788 4755 εἰπὼν,
2824 4693 2919 4746 καὶ
2948 4691 3167 4745 πλείονα
3210 4690 3436 4751 τούτων,
3472 4690 3755 4761 ἐπορεύθη

2165 4789 2223 4842 ἐν
2254 4787 2332 4858 τῷ
2363 4788 2495 4857 οἴκῳ
2519 4784 2680 4838 αὑτοῦ
2707 4783 3093 4854 ἀπειλούμενος
3120 4782 3442 4851 Ἐπιφανίῳ.
3467 4783 3755 4843 ’Ἅπαντες

2164 4882 2221 4935 δέ
2260 4883 2308 4935 οἱ
2342 4883 2399 4933 ἐν
2429 4882 2494 4952 τῇ
2530 4879 2681 4931 πόλει
2715 4876 3067 4946 συναχθέντες
3096 4876 3305 4945 ἄνδρες,
3347 4877 3442 4928 καὶ
3462 4879 3754 4942 γυναῖκες,

2168 4974 2303 5044 μετὰ
2334 4973 2426 5025 καὶ
2451 4960 2556 5024 τῶν
2582 4968 2789 5023 ἑαυτῶν
2815 4969 3018 5022 τέκνων
3064 4966 3396 5033 ἐπεσύναγον
3444 4965 3543 5017 τὸν
3574 4968 3754 5025 σῖτον,

2164 5066 2257 5119 καὶ
2278 5062 2610 5134 ἀπεκόμιζον
2638 5063 2719 5125 εἷς
2749 5061 2875 5124 τοὺς
2906 5061 3085 5124 οἴκους
3134 5058 3340 5113 ἑαυτῶν
3368 5101 3383 5123 ,
3416 5057 3756 5125 συνάγοντες

2162 5156 2222 5209 τὸ
2252 5154 2462 5209 ἑαυτῶν
2493 5153 2773 5223 ἀνάλωμα,
2800 5152 2860 5215 ὃς
2886 5152 2984 5222 μὲν
3004 5149 3270 5213 ἐνιαυτοῦ,
3291 5150 3349 5212 ὃς
3377 5150 3431 5201 δὲ
3460 5148 3560 5201 δύο
3589 5150 3753 5202 ἐτῶν.

2164 5243 2321 5318 Εἷχεν
2349 5247 2404 5299 δὲ
2434 5243 2815 5306 Φαυστινιανὺς
2846 5245 2875 5296 ὁ
2901 5243 3242 5312 κακοδαίμων
3272 5242 3513 5309 γυναῖκα
3536 5240 3754 5311 χρηπὰ

2164 5342 2298 5415 ἔργα
2331 5339 2703 5395 ἐπιτελοῦσαν.
2736 5336 2882 5407 Αὕτη
2907 5332 2999 5390 οὖν
3024 5335 3195 5405 λάθρα
3218 5334 3309 5387 τοῦ
3346 5333 3557 5403 ἀνδρὸς
3584 5332 3756 5398 αὐτῆς

2162 5434 2481 5490 ἀπέστειλεν
2537 5430 2771 5501 δισχίλια
2828 5431 3135 5501 νομίσματα
3190 5426 3532 5496 Ἑπιφανίῳ,
3606 5426 3755 5483 ὅπως

2165 5525 2387 5597 παρέξει
2420 5523 2626 5596 τροφάς
2650 5523 2726 5594 τῷ
2758 5524 2891 5592 οἴκῳ
2923 5521 3109 5591 αὐτῆς.
3140 5516 3307 5573 Εἶπεν
3337 5519 3393 5572 δὲ
3419 5520 3755 5588 Ἐπιτξάειιος

2167 5620 2299 5684 πρὸς
2338 5618 2433 5671 τὴν
2454 5620 2683 5682 γυναῖκα
2704 5633 2717 5646 ⁸
2755 5615 2960 5683 Κράτει
2992 5613 3058 5668 τὰ
3084 5612 3393 5684 νομίσματα
3451 5612 3519 5663 ἐν
3563 5610 3651 5681 τῷ
3686 5607 3755 5674 τῷ
