3800 6180
115 215 188 275 93
1405 228 1459 284 S.
1499 226 1837 286 EPIPHANII
1878 231 2059 288 VITA.
3279 234 3348 287 94

118 332 271 404 οἴκῳ,
306 336 400 388 καὶ
435 334 563 389 λάϐε
591 335 828 402 δαπάνας
857 339 913 392 ἐν
937 339 1012 409 τῷ
1036 342 1169 411 οἴκῳ
1196 339 1272 412 σῷ
1292 359 1307 374 ι
1335 342 1428 395 καὶ
1455 343 1582 396 ὅταν
1605 344 1673 398 τὰ

1782 361 1904 415 quas
1941 343 2236 414 acceperis.
2265 343 2357 400 Sic
2383 355 2561 400 autem
2620 344 2747 402 fecit
2809 361 2952 402 uxor
2983 344 3344 402 Faustiniani.

118 425 346 495 ἐκφόρια
375 425 647 496 πληρώσει
671 429 702 498 ὴ
737 428 829 499 γῆ,
856 429 974 482 τότε
999 431 1140 502 ἆπερ
1166 430 1373 496 ἔλαϐες,
1401 433 1675 504 παρέξεις.
1711 436 1821 488 Καὶ
1851 436 2106 508 ἐποίησεν
2132 438 2199 506 τῇ
2230 434 2447 504 γυναικλ¹
2471 433 2642 499 οὕτως
2673 436 2772 504 (a).

187 519 314 572 NE'.
340 514 446 570 ’Ἦν
471 519 529 572 δέ
557 536 639 582 τις
669 519 910 583 διάκονος
935 523 992 574 ὲν
1019 521 1096 593 τῷ
1129 525 1478 596 ὲπισκοπείῳ,
1510 526 1674 578 Σαϐῖ-

1845 527 1955 581 LV.
1986 528 2116 582 Erat
2153 528 2206 580 in
2234 527 2543 596 episcopatu
2573 527 2792 596 quidam
2833 528 3113 593 diaconus,
3169 529 3350 582 nomi-

121 627 206 671 νος
248 609 508 678 ὀνόματι,
549 611 685 680 ἔχων
748 612 1082 683 ἐπιτήδευμα
1131 613 1223 668 τοῦ
1291 616 1679 688 καλλιγράφου.

118 692 287 760 Οὗτος
316 700 489 768 πρᾶος
515 699 776 769 ὑπῆρχεν,
813 701 904 752 καὶ¹
938 700 1082 772 ὀρθῷ
1117 702 1214 772 βίῳ
1251 704 1680 774 κεκοσμημένος.

120 784 296 859 Ἦμεν
331 790 387 842 δὲ
408 791 456 842 οί
479 791 676 854 πάντες
711 793 932 862 μοναχο“ι
956 795 1013 846 ἐν
1036 794 1111 864 τῷ
1136 795 1464 866 ἐπισκοπείῳ
1497 796 1684 866 ὀγδοή-

119 895 315 932 κοντα·
350 875 503 942 οὗτος
549 883 578 934 ὁ
610 883 830 946 Σαϐῖνος
858 883 1144 954 διέπρεπεν
1203 885 1260 937 ἐν
1313 887 1474 938 πᾶσιν
1531 887 1681 954 ἡμῖν.

116 967 318 1024 Τοῦτον
349 973 659 1041 Ἐπιφάνιος
682 975 1009 1047 κατέστησεν
1032 977 1264 1031 ἐκδικεῖν
1292 976 1359 1029 τὰ
1387 977 1684 1048 πράγματα

115 1063 217 1133 τῆς
252 1063 594 1135 Ἐκκλησίας.
646 1066 783 1121 Ποτὲ
829 1063 920 1121 οὖν
973 1067 1065 1120 δύο
1092 1068 1300 1138 ἀνδρῶν
1351 1067 1694 1139 κρινομένων

116 1152 271 1223 παρὰ
305 1153 548 1219 Σαϐίνου,
577 1155 693 1218 ἐνὸς
718 1155 992 1219 πλουσίου,
1026 1157 1118 1210 καὶ
1164 1157 1280 1220 ἑνὸς
1317 1157 1568 1228 πένητος,
1615 1151 1684 1227 ἦν

113 1246 143 1297 ὁ
166 1245 421 1309 πλούσιος
456 1246 651 1317 μᾶλλον
689 1247 826 1318 ἔχων
845 1247 914 1300 τὰ
943 1248 1128 1303 δίκαια
1154 1247 1293 1320 ὑπὲρ
1326 1249 1414 1302 τὸν
1455 1250 1681 1320 πένητα.

115 1337 227 1390 Τοῦ
258 1333 349 1390 οὖν
378 1337 689 1407 Ἐπιιρανίου
720 1340 950 1402 ἑστῶτος
981 1341 1038 1392 ἐν
1069 1339 1218 1410 τόπῳ
1240 1339 1558 1411 ἀποκρύφῳ,
1591 1341 1684 1394 καὶ

113 1428 480 1494 ἐπακούοντος
510 1430 610 1500 τῆς
641 1429 814 1501 δίκης,
861 1431 1089 1502 ἤκουσεν
1137 1431 1362 1484 Σαϐίνου
1414 1431 1685 1495 ἐλεοῦντος

116 1522 343 1592 μᾶλλον,
379 1523 470 1575 καὶ
503 1523 758 1593 ρέποντος
792 1522 991 1589 ἐπἰτὸν
1015 1523 1223 1594 πένητα
1262 1524 1318 1576 έν
1363 1527 1430 1594 τῇ
1487 1523 1680 1593 κρίσει.

124 1610 184 1664 Ὀ
213 1611 347 1679 γοῦν
373 1612 685 1679 Ἐπιφάνιος
706 1610 874 1664 ἐλθὼν
899 1613 956 1663 ἐν
985 1611 1062 1682 τῷ
1099 1613 1267 1683 μέσῳ,
1298 1609 1446 1664 εἶπεν
1475 1613 1682 1683 Σαϐίνῳ

110 1703 343 1775 εὐμενεῖ
371 1705 449 1775 τῷ
484 1705 789 1775 προσώπῳ·
832 1703 1086 1769 Ἀπελθε,
1137 1704 1324 1758 τέκνον
1348 1745 1362 1765 ,
1393 1704 1684 1775 καλλιγρά-

111 1815 227 1866 apes,
262 1798 356 1850 καὶ
387 1798 606 1867 μνήμην
634 1796 769 1867 ἔχων
797 1797 902 1850 τῶν
935 1796 1092 1849 θείων
1122 1796 1371 1867 Γραφῶν,
1409 1797 1560 1865 γίνου
1592 1797 1680 1850 τέ-

1791 633 1859 672 ne
1885 617 2141 680 Sabinus,
2168 618 2325 686 cujus
2349 617 2587 672 studium
2613 625 2731 671 erat
2755 617 2980 686 pulchre
3005 618 3264 673 scribere.
3299 619 3350 673 ls

1789 719 1905 764 erat
1937 709 2272 772 moderatus,
2328 718 2381 762 et
2433 716 2581 763 recta
2614 709 2722 762 vita
2779 708 3060 778 praeditus.
3116 708 3349 764 Eramus

1789 811 1970 855 autem
1999 802 2052 854 in
2088 801 2397 869 episcopatu
2426 813 2615 853 omnes
2669 799 2921 854 monachi
2970 801 3263 869 octoginta.
3299 801 3349 858 Is

1753 895 1761 902 '
1791 901 1920 940 vero
1951 885 2186 940 Sabinus
2217 887 2514 941 excellebat
2549 886 2689 941 inter
2719 901 2930 942 omnes.
2960 886 3096 941 Eum
3145 891 3348 944 consti-

1790 976 1894 1029 tuit
1917 977 2249 1045 Epiphanius
2277 977 2511 1047 primum
2540 977 2808 1044 ecdicum,
2838 979 2937 1033 hoc
2960 988 3061 1047 est,
3093 979 3347 1035 defenso—

1791 1082 1904 1120 rem
1943 1066 2218 1123 Ecclesiaa.
2252 1067 2388 1122 Cum
2423 1082 2551 1123 vero
2605 1068 2897 1136 aliquando
2951 1069 3058 1124 duo
3100 1071 3348 1126 homines

1789 1157 1931 1227 apud
1963 1157 2221 1214 Sabinum
2246 1158 2454 1228 judicio
2482 1159 2891 1224 contenderent,
2922 1175 3064 1215 unus
3089 1161 3261 1226 dives,
3293 1171 3348 1214 et

1790 1260 1932 1298 unus
1962 1261 2186 1314 pauper,
2223 1246 2411 1300 melior
2449 1257 2565 1301 erat
2599 1248 2782 1302 divitis
2808 1263 2992 1314 causa,
3020 1265 3180 1318 quam
3211 1267 3348 1319 pau-

1788 1337 1956 1408 peris.
1985 1337 2119 1392 Cum
2156 1339 2318 1408 igitur
2345 1338 2679 1409 Epiphanius
2707 1341 2918 1395 occulto
2951 1342 3005 1394 in
3041 1342 3160 1395 loco
3198 1351 3349 1403 stans

1784 1429 2046 1500 judicium
2097 1431 2342 1496 audiret,
2395 1433 2566 1486 sensit
2620 1430 2880 1486 Sabinum
2947 1432 2999 1486 in
3055 1448 3344 1501 pauperem

1789 1523 1963 1591 magis
2001 1524 2354 1591 prapcndere,
2398 1525 2623 1593 ejusque
2656 1525 2924 1579 misereri.
2974 1525 3108 1578 Cum
3168 1525 3349 1593 itaque

1790 1614 1840 1666 in
1899 1615 2135 1670 medium
2207 1617 2438 1671 venisset
2490 1615 2844 1686 Epiphanius,
2896 1618 3092 1672 Sabino
3138 1618 3350 1686 placido

1791 1710 1936 1763 vultu
1976 1709 2110 1762 dixit
2140 1725 2152 1760 :
2188 1707 2355 1774 Vade,
2387 1710 2480 1772 ﬁli,
2510 1721 2563 1764 et
2583 1711 2760 1766 scribe
2791 1721 2969 1778 recte;
2993 1723 3046 1767 et
3076 1719 3348 1765 memento

1788 1802 2074 1855 verborum
2119 1801 2450 1864 divinorum,
2505 1813 2557 1856 et
2621 1804 2697 1859 sis
2730 1805 3000 1874 perfectus
3034 1809 3088 1863 in
3119 1810 3348 1884 judicio,

113 1891 260 1952 λειος
285 1889 413 1958 περὶ
454 1889 548 1959 τὴν
571 1888 724 1960 δίκην
744 1909 756 1922 ·
783 1890 876 1941 καὶ
906 1889 996 1942 ἔσο
1021 1889 1232 1942 ἀκούων
1261 1889 1354 1941 τοῦ
1396 1891 1682 1960 εὐεργέτου

1793 1903 1839 1948 et
1875 1893 2063 1948 audias
2095 1893 2488 1948 benefactorem
2526 1896 2855 1966 loquentem,
2883 1909 2937 1954 et
2976 1901 3298 1960 dicentem"
3331 1926 3345 1962 :

109 1983 584 2051 προσφωνοῦντος,
616 1985 706 2038 καὶ
727 1984 972 2052 λέγοντος
993 2002 1006 2015 ·
1035 1983 1132 2051 Μὴ
1153 1984 1425 2049 ἐλεήσειε·
1449 1984 1684 2050 πτωχὸν

108 2073 178 2124 ἐν
207 2076 427 2142 κρίσει,
458 2075 644 2145 καὶμὴ
657 2075 848 2143 λάϐῃς
862 2078 1186 2146 πρόσωπον
1203 2075 1526 2129 δυνάστου.
1555 2074 1684 2126 Ἀπὸ

107 2169 234 2220 τότε
268 2165 362 2221 οὖν
389 2168 701 2237 Ἐπιφάνιος
733 2170 864 2222 πᾶσι
892 2171 1001 2231 τοῖς
1031 2167 1482 2238 προσερχομένοις
1503 2166 1682 2219 ἐδίκα-

108 2261 228 2324 ζεν.
279 2261 416 2314 Ἀπὸ
444 2262 552 2331 γὰρ
585 2263 796 2332 πρωῖας
845 2262 949 2324 ἕως
1003 2260 1150 2332 ὥρας
1182 2262 1374 2330 ἐνάτης
1419 2260 1683 2328 ἐπήκουεν

107 2352 219 2404 τῶν
247 2353 604 2422 κρινομένων,
631 2353 724 2405 καὶ
752 2353 858 2406 ἀπὸ
885 2353 1077 2424 ἐνάτης
1108 2353 1210 2417 ’έως
1234 2351 1374 2423 πρωῒ
1398 2351 1496 2403 οὐκ
1524 2349 1684 2402 ὲθεω-

108 2445 264 2515 ρεῖτό
289 2462 399 2497 τινι
428 2445 535 2497 τῶν
565 2444 887 2516 ἀνθρώπων.

178 2535 331 2602 NG".
361 2531 467 2587 Ἦν
501 2535 558 2588 δέ
611 2553 692 2599 τις
722 2534 827 2588 τῶν
863 2534 1102 2604 ἀδελφῶν
1134 2525 1191 2588 ἓν
1218 2533 1295 2605 τῷ
1329 2532 1676 2602 ἐπισκοπείῳ,

106 2627 308 2698 ιταμὸς
345 2627 423 2698 τῷ
448 2625 740 2699 προσώπῳ,
765 2612 960 2697 ⁵Ξέχνην
989 2627 1125 2696 ἔχων
1147 2627 1240 2678 καὶ
1266 2624 1426 2688 αὐτὸς
1462 2624 1559 2697 τὴν
1587 2620 1682 2676 τοῦ

106 2720 488 2791 καλλιγράφου
509 2736 528 2753 ο
563 2720 655 2773 καὶ
674 2720 840 2789 ὄνομα
870 2719 1017 2789 αὐτῴ
1048 2718 1339 2785 Ῥουιρῖνος.
1367 2711 1531 2776 Οὗτος
1558 2730 1682 2766 συν-

103 2814 363 2883 απήγετο
423 2810 808 2881 Φαυστινιανῷ.
841 2810 932 2864 καὶ
966 2808 1083 2862 καθ’
1114 2809 1326 2879 ἡμέραν
1353 2806 1535 2877 ὕϐρεις
1558 2805 1684 2857 πολ-

103 2904 206 2966 λὰς
236 2902 507 2973 ἐπέφερεν
529 2901 851 2972 Ἐπιφανίῳ.
899 2899 956 2953 '0
986 2899 1042 2952 δὲ
1068 2898 1382 2967 Ἐπιφάνιος
1406 2899 1541 2969 μετὰ
1559 2900 1685 2952 πολ-

102 2995 205 3064 λῆς
264 2996 574 3067 πραότητος
619 2992 965 3047 κατέστελλεν
992 2991 1052 3044 τὸ
1081 2991 1277 3062 θράσος
1325 2989 1510 3044 αὑτοῦ.
1575 2992 1684 3044 Καὶ

103 3091 231 3144 καθ’
255 3088 517 3142 ὑπόθεσιν
536 3087 592 3140 δὲ
617 3083 1000 3164 Φαυστινιανοῦ
1033 3085 1126 3137 καὶ
1153 3083 1428 3154 ἐνέργειαν
1453 3083 1546 3136 τοῦ
1572 3083 1686 3136 δαί-

109 3200 274 3254 μονος
309 3180 405 3234 τοῦ
436 3181 616 3242 αὐτοῖς
658 3177 1022 3250 ἐνεργοῦντος,
1076 3173 1334 3247 ἐζήτησεν
1365 3169 1517 3238 οὗτος
1549 3176 1682 3228 ἀπο-

106 3276 325 3327 κτεῖναι
365 3270 454 3323 τὸν
478 3269 812 3338 Ἐπιφάνιον,
839 3267 1158 3337 συνθέμενος
1195 3264 1579 3328 Φαυστινιανὸς
1612 3264 1688 3335 τῷ
1713 3238 1755 3296 c

111 3365 372 3438 μοναχῷ,
398 3365 572 3433 λέγων
597 3364 732 3433 πρὸς
763 3363 920 3416 αὑτὸν
952 3363 979 3415 ὁ
1010 3358 1375 3430 κακοδαίμων,
1404 3360 1485 3412 ὅτι
1510 3376 1523 3389 °
1564 3359 1689 3413 Ἐὰν

104 3456 470 3529 ἀποκτείνῃς,
505 3455 661 3527 φησὶ,
695 3453 878 3506 τοῦτον
909 3452 999 3505 τὸν
1030 3450 1302 3522 ἐπιθέτην,
1332 3451 1394 3503 σὺ
1420 3450 1524 3523 ἔσῃ
1558 3450 1691 3504 καθ-

105 3549 322 3619 ήμενος
363 3547 457 3599 ἐπὶ
503 3544 597 3597 τοῦ
643 3543 852 3614 θρόνου.
896 3536 1060 3604 Οὗτος
1111 3539 1168 3592 δὲ
1215 3541 1244 3592 ό
1302 3539 1577 3606 Ῥουφῖνος
1623 3534 1690 3610 ἦν

104 3639 346 3707 ἔσχατος
373 3635 617 3697 διάκονος
639 3633 736 3704 τῆς
765 3631 1092 3701 Ἐκκλησίας
1115 3648 1128 3661 ·
1155 3629 1276 3684 ὅθεν
1315 3629 1474 3693 αὐτὸς
1505 3629 1690 3683 εἴωθεν

103 3729 445 3798 ἐπικοσμεῖν
470 3727 560 3779 τὸν
585 3724 770 3796 θρόνον
818 3722 912 3775 τοῦ
951 3722 1270 3776 ἐπισκόπου.
1302 3720 1495 3775 Λαϐὼν
1545 3718 1636 3774 οὖν
1663 3722 1691 3774 ὁ

104 3821 327 3892 θρασὺς
360 3820 454 3872 καὶ
478 3817 688 3882 ἀλαζὼν
742 3818 1012 3888 μάχαιραν
1041 3814 1218 3880 ὀξεῖαν
1265 3812 1458 3884 έθηκεν
1503 3811 1690 3883 ὀρθίαν

103 3914 203 3967 ἐπὶ
263 3913 330 3966 τὺ
384 3911 626 3980 κάθισμα
676 3909 769 3962 τοῦ
801 3907 1010 3978 θρόνου,
1059 3906 1152 3959 καὶ
1181 3905 1363 3958 ἐπάνω
1407 3903 1608 3975 ταύτης
1631 3903 1692 3956 τὸ

107 4003 436 4073 ἐφάπλωμα
463 4001 556 4054 τοῦ
596 4000 807 4069 θρόνου.
841 3996 946 4050 Τοῦ
965 3997 1020 4049 δὲ
1044 3995 1361 4064 Ἐπιφανίου
1413 3994 1692 4064 μέλλοντος

105 4093 397 4165 καθῆσθαι
429 4093 522 4145 ἐπὶ
542 4091 636 4144 τοῦ
668 4091 879 4162 θρόνου,
907 4085 1058 4141 εἶπεν
1087 4087 1222 4158 πρὸς
1256 4087 1345 4139 τὸν
1378 4086 1438 4138 τὸ
1483 4085 1692 4156 ἐνεδρον

102 4188 455 4257 ποιήσαντα·
485 4181 674 4256 Ἀρον,
710 4184 862 4255 φησι,
891 4182 1100 4242 τέκνον,
1133 4180 1194 4233 τὸ
1241 4179 1534 4250 σκέπασμα
1585 4178 1694 4232 ἀπὸ

103 4279 203 4334 τοῦ
233 4279 457 4351 θρόνου.
483 4276 587 4330 Τοῦ
618 4275 674 4328 δὲ
693 4276 826 4346 πρὸς
841 4274 930 4326 τὸν
953 4272 1108 4340 λόγον
1126 4271 1441 4339 Ἐπιφανίου
1468 4270 1542 4340 μὴ
1598 4271 1694 4322 ὲπ-

103 4365 1080 4433 ακολουθοῦντος,λαϐὼνἘπιιράνιος
1109 4362 1168 4414 τὸ
1197 4361 1458 4433 κάλυμμα
1480 4360 1541 4413 τὸ
1575 4363 1695 4413 ὲπιο

105 4458 399 4511 καλύπτον
423 4456 519 4525 τὴν
562 4456 850 4526 μάχαιραν,
895 4453 1088 4506 ἔπεσεν
1116 4453 1149 4523 ἡ
1185 4451 1427 4522 μάχαιρα
1458 4452 1539 4514 είς
1569 4452 1694 4515 τοὺς

1791 1983 1920 2038 Νοίὶ
1962 1985 2196 2038 misereri
2245 1986 2491 2054 pauperis
2531 1988 2586 2040 in
2618 1989 2852 2058 judicio,
2886 2001 2937 2045 et
2985 2009 3050 2048 ne
3102 2000 3350 2067 respicias

1788 2091 2065 2144 personam
2118 2076 2361 2142 potentis.
2395 2077 2478 2130 Ab
2506 2094 2570 2131 eo
2603 2079 2784 2149 itaque
2828 2093 3070 2152 tempore
3095 2091 3350 2146 omnibus
3381 2115 3399 2133 ο

1787 2167 1878 2234 qui
1931 2165 2215 2220 veniebant
2264 2167 2527 2236 judicium
2587 2173 2842 2227 reddebat
2897 2174 3249 2245 Epiphanius.
3299 2183 3344 2235 Α

1789 2257 2054 2310 matutina
2112 2258 2464 2329 enim-usque
2510 2262 2578 2315 ad
2621 2264 2805 2318 horam
2843 2282 3044 2322 nonam
3099 2272 3351 2340 audiebat
3424 2337 3428 2344 ,

1788 2363 1904 2410 eos,
1933 2349 2027 2418 qui
2061 2349 2454 2418 disceptabant.
2488 2353 2571 2407 Ab
2598 2354 2730 2410 hora
2762 2373 2890 2413 vero
2917 2374 3056 2414 nona
3089 2377 3260 2433 usque
3282 2366 3351 2421 ad

1787 2448 1998 2509 tempus
2030 2444 2353 2496 matutinum
2380 2460 2411 2498 a
2449 2447 2598 2500 nullo
2636 2449 2918 2505 videbatur
2951 2455 3210 2523 amplius.

1857 2529 1991 2584 LVI.
2025 2529 2155 2585 Erat
2179 2541 2358 2587 autem
2398 2549 2464 2588 ex
2503 2532 2785 2602 fratribus,
2817 2538 2911 2608 qui
2959 2550 3116 2596 erant
3150 2542 3202 2596 in
3238 2543 3353 2614 epi-

1789 2630 2039 2693 scopatu,
2086 2625 2306 2694 quidam
2340 2623 2572 2682 Ruﬁnus
2599 2630 2837 2694 nomine,
2888 2631 3046 2702 cujus
3097 2649 3186 2689 ars
3233 2645 3351 2690 erat

1733 2756 1739 2763 .
1787 2724 1932 2769 recte
1958 2715 2220 2781 scribere,
2259 2717 2410 2772 vultu
2445 2718 2747 2788 impudens.
2781 2717 2898 2775 Una
2925 2737 3049 2777 cum
3073 2739 3137 2777 eo
3166 2723 3349 2779 insur-

1787 2806 1946 2876 gebat
1977 2806 2385 2874 Faustinianus,
2417 2819 2470 2864 et
2501 2812 2744 2880 quotidie
2791 2812 2976 2869 multis
3005 2817 3348 2872 contumeliis

1789 2894 2055 2950 aﬁiciebat
2093 2895 2476 2967 Epiphaniam.
2512 2899 2844 2970 Epiphanius
2875 2918 3006 2958 vero
3041 2921 3164 2960 cum
3197 2923 3349 2962 sum-

1788 3002 1876 3041 ma
1907 2989 2322 3045 mansuetudine
2350 2989 2470 3059 ejus
2503 2993 2830 3062 reprimebat
2869 2996 3173 3053 audaciam.
3209 2998 3348 3070 Sug-

1787 3079 2028 3146 gestione
2066 3089 2246 3136 autem
2294 3081 2652 3150 Faustiniani,
2705 3094 2758 3139 et
2804 3085 3066 3142 daemonis
3125 3089 3219 3158 qui
3268 3091 3349 3146 eis

1789 3185 1944 3240 Opem
1980 3171 2204 3238 ferebat,
2239 3175 2285 3230 is
2320 3177 2570 3245 quaesivit
2613 3178 2914 3235 interﬁcere
2966 3179 3346 3250 Epiphanium,

1788 3280 1912 3320 cum
1969 3263 2358 3323 Faustinianus
2388 3269 2500 3324 haec
2527 3270 2690 3324 verba
2721 3271 3043 3325 contulisset
3071 3287 3194 3326 cum
3229 3287 3347 3326 mo-

1789 3357 1984 3422 nacho,
2018 3366 2073 3412 et
2117 3359 2166 3413 ei
2200 3358 2402 3414 diceret
2433 3359 2778 3414 cacodaemon
2807 3380 2819 3415 :
2855 3359 2912 3414 Si
2946 3361 3164 3416 occidas
3201 3377 3343 3431 prae-

1788 3450 2009 3516 donem,
2049 3451 2262 3505 sedebis
2317 3465 2481 3520 supra
2529 3452 2808 3506 thronum.
2871 3451 2970 3508 Hic
3003 3463 3181 3508 autem
3237 3464 3345 3509 tam

1791 3542 1990 3604 audax,
2021 3550 2074 3595 et
2105 3549 2215 3596 tam
2251 3541 2517 3607 insolens,
2565 3553 2682 3596 erat
2729 3553 3034 3613 postremus
3085 3543 3350 3600 diaconus

1792 3631 2087 3688 Ecclesiae:
2131 3632 2197 3686 ad
2227 3648 2387 3702 quem
2433 3634 2733 3703 pertinebat
2768 3647 2969 3688 ornarer
3003 3634 3260 3689 thronum
3293 3651 3350 3690 e-

1790 3725 2020 3794 piscOpi.
2048 3723 2183 3778 Cum
2215 3739 2345 3779 vero
2373 3725 2606 3792 gladium
2646 3735 2862 3781 acutum
2891 3727 3192 3796 accepisset
3231 3743 3350 3782 sce-

1791 3817 2016 3882 leratus,
2044 3817 2224 3886 posuit
2247 3833 2370 3871 eum
2405 3825 2606 3872 tectum
2635 3817 2687 3871 in
2732 3833 2796 3872 eo
2825 3818 2966 3884 loco,
2999 3819 3090 3873 ubi
3135 3819 3351 3874 sedetur

1791 3923 1955 3978 supra
1985 3909 2261 3972 thronum,
2279 3917 2334 3963 et
2360 3923 2525 3978 supra
2551 3924 2672 3962 eum
2692 3918 2868 3965 vestes
2891 3911 3178 3980 stragulas.
3211 3909 3348 3965 Cum

1791 3998 1955 4068 igitur
1989 3997 2323 4068 Epiphanius
2363 3999 2430 4052 ad
2472 3999 2653 4054 sedem
2703 4000 3036 4064 ascenderet,
3088 4001 3226 4056 dixit
3274 4004 3346 4068 ei,

1789 4090 1883 4160 qui
1923 4089 2125 4144 fecerat
2178 4090 2406 4146 insidias
2437 4110 2450 4144 :
2485 4089 2654 4156 Tolle,
2713 4089 2807 4152 ﬁli,
2864 4090 3009 4146 sedis
3065 4102 3349 4162 tegumen-

1791 4190 1925 4234 tum.
1958 4179 2093 4235 Cum
2124 4182 2171 4236 is
2201 4191 2378 4236 autem
2408 4197 2516 4236 non
2565 4192 2778 4252 pareret
2821 4183 3001 4239 verbis
3039 4181 3348 4252 Epiphanii,

1785 4259 1999 4344 accepit
2025 4273 2366 4344 Epiphanius
2397 4284 2784 4344 tegumentum,
2823 4274 2966 4344 quod
3002 4275 3206 4345 tegebat
3240 4275 3352 4343 gla-

1791 4363 1962 4419 dium.
1999 4364 2222 4420 Gladius
2249 4381 2377 4420 vero
2412 4366 2609 4421 cecidit
2641 4367 2693 4419 in
2724 4366 2892 4435 pedes
2922 4365 3100 4418 Ruﬁni
3153 4368 3352 4433 (caco-

1791 4457 2049 4512 daemonis
2108 4458 2313 4527 potius,
2372 4458 2574 4528 quam)
2633 4458 2871 4522 diaconi,
2927 4465 2980 4511 et
3029 4458 3228 4512 inﬁxus
3271 4467 3354 4513 est

102 4551 285 4612 πόδας
319 4549 600 4619 Ῥουφίνου
629 4547 721 4602 τοῦ
753 4546 877 4619 [pub]
901 4545 1143 4598 διακόνου
1165 4585 1180 4607 ,
1221 4544 1314 4599 καὶ
1347 4544 1586 4616 ὲνεπάγη
1615 4547 1682 4608 εἰς

1793 4551 1912 4620 ejus
1958 4549 2079 4620 pedi
2134 4550 2376 4604 dextero.
2433 4549 2682 4621 Dixitque
2730 4549 3061 4620 Epiphanius
3113 4548 3348 4603 Ruﬁno:

108 4643 200 4696 τὸν
264 4641 444 4704 δεξιὸν
501 4638 663 4694 αὑτοῦ
694 4638 847 4692 πόδα.
903 4633 1068 4691 Εἶπεν
1094 4637 1150 4690 δὲ
1195 4635 1508 4704 Ἐπιφάνιος
1553 4635 1690 4708 πρὸς

116 4735 414 4800 Ῥουφῖνον
439 4747 456 4763 ⁶
506 4731 741 4794 Παῦσαι,
773 4729 924 4799 φησί,
951 4729 1052 4798 τῆς
1078 4727 1300 4792 ἀταξίας
1335 4745 1450 4788 σου,
1482 4728 1687 4792 τέκνον,

107 4827 337 4894 μήποτε
369 4822 462 4876 καὶ
489 4822 860 4893 κινδυνεύσῃς,
896 4822 954 4873 οὐ
1015 4819 1152 4890 μετὰ
1197 4820 1409 4891 χρόνον.
1467 4819 1688 4884 Ἔξελθε

103 4914 298 4966 τοίνυν
329 4913 439 4966 ἀπὸ
466 4912 565 4982 τῆς
593 4911 918 4982 ἐκκλησίαςο
942 4913 999 4964 οὐ
1031 4912 1138 4983 γὰρ
1170 4905 1219 4963 εἷ
1261 4910 1408 4975 ἄξιος
1457 4911 1689 4982 μεταλα‹

106 5006 228 5058 δεῖν
287 5005 400 5057 τῶν
447 5003 604 5057 θείων
639 5003 970 5075 μυστηρίων.
1011 5001 1271 5068 Ἐξελθὼν
1317 5003 1373 5054 δὲ
1416 5004 1690 5072 Ῥουφῖνος

105 5097 220 5149 ἀπὸ
250 5097 362 5165 τῆς
385 5096 699 5166 ἐκκλησίας,
735 5094 974 5166 ἀπῆλθεν
1009 5095 1067 5148 ὲν
1107 5093 1186 5165 τῷ
1211 5095 1564 5169 ὲπισκοπείῳ,
1596 5099 1690 5151 καὶ

1793 4642 1958 4698 Cessa
1993 4643 2268 4714 deinceps,
2303 4657 2338 4699 ο
2364 4643 2460 4709 ﬁli,
2497 4643 2564 4698 ab
2606 4643 2915 4709 insolentia,
2947 4658 3015 4696 ne
3062 4644 3246 4697 venias
3297 4643 3351 4697 in

1792 4735 2119 4806 periculum,
2153 4751 2259 4790 non
2290 4748 2414 4806 post
2440 4735 2659 4805 longum
2699 4745 2930 4804 tempus.
2964 4735 3060 4788 Exi
3099 4735 3260 4805 igitur
3286 4738 3354 4789 ah

1793 4827 2020 4882 ecclesia
2053 4843 2068 4894 ;
2111 4842 2286 4897 neque
2331 4827 2476 4880 enim
2511 4827 2708 4896 dignus
2754 4842 2812 4881 es
2851 4826 3233 4881 communione
3263 4843 3352 4880 sa-

1797 4934 2013 4975 crorum
2041 4921 2446 4991 mysteriorum.
2483 4918 2713 4973 Ruﬁnus
2759 4928 2936 4973 autem
2986 4934 3236 4989 egressus
3262 4935 3353 4972 ec-

1797 5013 1982 5076 clesia,
2018 5013 2073 5067 in
2100 5012 2435 5083 episcopium
2489 5012 2646 5078 abiit,
2680 5020 2734 5066 et
2762 5012 2814 5066 in
2841 5011 2980 5067 lecto
3019 5027 3078 5067 se
3125 5027 3352 5080 compo-

1797 5120 1951 5166 nens,
1979 5113 2101 5175 post
2126 5105 2361 5159 triduum
2391 5107 2637 5160 mortuus
2663 5114 2766 5160 est.

107 5192 226 5254 θεὶς
252 5190 454 5243 ἑαυτὸν
486 5189 578 5241 ἐπὶ
605 5189 703 5259 τῆς
736 5187 942 5258 κλίνης,
978 5187 1114 5258 μετὰ
1134 5191 1281 5260 τρεῖς
1312 5191 1524 5262 ἡμέρας
1563 5196 1854 5252 κατέλυσεν
1889 5199 1978 5251 τὸν
2006 5200 2137 5270 βίον.

181 5285 317 5338 NZ'.
356 5284 490 5335 Κατ’
517 5284 720 5335 ἐκεῖνον
741 5283 796 5336 δὲ
819 5282 910 5334 τὸν
935 5282 1143 5352 καιρὸν,
1170 5281 1262 5334 τοῦ
1295 5283 1552 5353 βασιλέως
1567 5289 1693 5342 Θεο-

106 5375 326 5437 δοσίου,
383 5373 482 5425 οὐκ
519 5369 634 5425 οἶδα
675 5371 815 5424 κατὰ
849 5371 1006 5423 ποίαν
1037 5370 1305 5442 πρόφασιν
1359 5370 1693 5441 ἁλγήσαντος

185 5509 235 5538 ’⁸
275 5505 457 5559 Exod.
492 5521 648 5571 xxi",
683 5505 748 5568 5;
780 5503 907 5557 ch.
947 5519 1057 5567 XIX,
1091 5504 1172 5558 15.

188 5659 272 5730 (α)
321 5657 472 5728 Legit
503 5660 764 5728 interpres
800 5659 890 5711 καὶ
920 5660 1167 5728 ἐποίησεν
1194 5661 1226 5728 ἡ
1251 5656 1382 5726 γυνὴ
1413 5654 1602 5718 οὕτως.

1875 5293 2028 5349 LVII.
2068 5294 2172 5348 Per
2200 5293 2328 5348 illud
2356 5301 2570 5363 tempus
2599 5307 2720 5346 cum
2761 5289 3098 5344 Theodosius
3128 5289 3355 5358 impera-

1799 5398 1884 5442 tor
1910 5386 2094 5442 nescio
2131 5401 2236 5457 qua
2270 5386 2557 5442 occasione
2582 5385 2851 5440 laboraret
2875 5382 3120 5452 pedibus,
3150 5380 3357 5435 inferne
