3778 6302
454 232 526 289 95
1722 231 1781 284 S.
1824 227 2163 309 EPIPHANII
2204 229 2382 286 VITA.
3621 225 3701 281 96

452 363 575 402 eum
616 361 645 399 a
697 345 924 415 genibus
968 345 1166 400 invasit
1207 347 1491 417 paralysis,
1532 346 1804 415 iacuitque
1847 347 1902 399 in
1942 347 1990 399 le

2108 347 2233 407 τοὺς
2261 345 2443 408 πόδας,
2475 343 2582 397 ἀπὸ
2632 343 2738 395 τῶν
2771 342 3009 411 γονάτων
3060 341 3153 393 καὶ
3207 338 3354 393 κάτω
3400 341 3703 412 παρελύθη

450 448 538 491 cto
568 446 770 504 septem
827 437 1128 491 mensibus.
1160 436 1209 492 ls
1250 439 1314 492 ad
1365 437 1723 507 Epiphanium
1758 440 1905 493 misit
1955 439 2008 492 in

448 526 707 595 Cyprum,
739 528 1025 580 utveniret
1072 528 1123 580 iu
1156 529 1376 597 regiam,
1414 538 1470 583 et
1497 546 1650 598 opem
1686 529 1847 584 ferret
1883 532 2008 585 sibi.

445 617 583 670 Cum
623 618 669 669 ei
712 626 890 671 autem
929 619 1321 681 occurrissent,
1356 620 1450 688 qui
1496 621 1646 675 missi
1689 621 1903 674 fuerant
1943 623 2012 674 ab

449 706 796 774 imperatore,
826 709 1091 777 urgebant
1120 708 1503 778 Epiphaniam,
1539 721 1599 765 ut
1624 714 1795 767 exiret
1822 722 2009 767 eterra

447 797 793 868 Cypriorum.
828 797 902 852 Ex
952 814 1057 867 qua
1097 816 1219 853 cum
1260 816 1394 869 Opus
1434 812 1580 856 esset
1616 804 1692 856 illi
1734 804 2007 873 navigare,

447 903 637 942 omnes
679 888 873 942 fratres
924 891 1196 944 malebant
1242 892 1403 956 mori,
1452 909 1613 961 quam
1662 896 1861 963 privari
1907 909 2008 949 suo

448 990 618 1047 patre.
649 978 784 1033 Cum
825 981 859 1033 ii
911 990 1112 1044 autem,
1161 983 1253 1052 qui
1290 984 1440 1038 missi
1478 984 1690 1039 fuerant
1732 987 1800 1040 ah
1841 988 2010 1056 impe-

445 1083 649 1137 ratore,
693 1074 1044 1128 sollicitarent
1079 1074 1461 1143 Epiphaniam,
1506 1085 1565 1131 ut
1605 1079 1917 1132 ascenderet
1955 1080 2007 1133 in

447 1164 673 1231 regiam,
715 1166 849 1219 dixit
896 1168 975 1221 eis
1022 1166 1399 1238 Epiphanius:
1440 1169 1537 1232 Ite,
1570 1185 1603 1223 ο
1645 1171 1759 1233 lilii,
1799 1172 1864 1224 ad
1909 1173 2010 1225 im-

444 1264 747 1323 peratorem
770 1274 784 1319 ;
810 1271 910 1326 ego
943 1258 1087 1311 enim
1119 1270 1239 1327 post
1271 1274 1368 1315 vos
1401 1262 1631 1317 veniam.
1663 1262 1798 1317 Cum
1824 1264 1856 1317 ii
1883 1280 2009 1319 vero

443 1347 726 1402 dicerent:
766 1348 842 1403 Ne
890 1350 1205 1418 indigneris,
1240 1368 1271 1405 0
1306 1350 1497 1407 Pater:
1548 1355 1628 1409 sic
1671 1356 1812 1409 enim
1849 1356 2010 1425 jussit

444 1440 769 1509 imperator;
813 1456 911 1496 nec
959 1458 1249 1511 possumus
1282 1444 1439 1497 aliter
1493 1444 1689 1509 facere,
1749 1463 1817 1501 ne
1874 1447 2010 1503 forte

443 1531 726 1585 veniamus
763 1533 813 1584 in
857 1532 1177 1601 periculum,
1224 1536 1459 1589 maxime
1508 1552 1631 1590 cum
1667 1546 1907 1606 aegrotet,
1956 1548 2010 1593 et

442 1631 595 1676 tuum
629 1623 915 1676 adventum
950 1634 1305 1693 exspectet/0
1345 1626 1537 1681 Pater:
1572 1629 1656 1680 vix
1685 1644 2003 1695 persuasum

442 1722 527 1768 est
568 1714 884 1782 Epiphanio,
935 1725 992 1769 ut
1040 1732 1162 1769 cum
1193 1717 1272 1771 eis
1332 1719 1625 1786 navigaret.
1674 1718 2005 1788 Epiphanius

442 1807 660 1875 itaque,
698 1807 963 1860 accersito
996 1809 1405 1878 religiosissime
1451 1810 1706 1879 episcopo
1758 1811 2003 1874 Philone,

439 1899 605 1968 jussit
637 1915 761 1953 eum
791 1915 979 1955 curam
1012 1917 1196 1972 gerere
1228 1904 1569 1957 necessitatis
1598 1904 2002 1959 ecclesiasticae.

443 1991 766 2061 Cougregati
802 2001 929 2048 sunt
958 2002 1137 2047 autem
1178 2008 1368 2049 omnes
1401 1993 1589 2049 Patres
1618 2004 1670 2048 et
1698 1994 1913 2061 fratres,
1953 2006 2004 2050 et

441 2083 535 2151 qui
567 2084 833 2138 catechesi
874 2084 1103 2139 instituti
1147 2084 1362 2139 fuerant
1387 2085 1454 2138 ab
1485 2084 1824 2154 Epiphanio:
1867 2101 2004 2156 quos

442 2187 631 2227 onmes
680 2175 856 2230 valere
912 2176 1217 2245 jussimus,
1279 2185 1334 2229 et
1386 2176 1763 2247 navigavimus
1810 2177 1876 2231 ad
1927 2193 2007 2230 re-

441 2260 606 2329 giam.
664 2260 831 2316 Nobis
874 2272 1055 2317 autem
1105 2264 1365 2333 ingressis
1440 2265 1999 2336 Constantinopolim,

440 2349 558 2416 ipse
595 2352 992 2421 iugrediebatur
1020 2370 1144 2410 cum
1190 2370 1404 2408 summa
1440 2356 1621 2426 quiete
1653 2366 1705 2411 et
1736 2359 2003 2427 tranquil—

441 2439 610 2502 litate,
660 2458 823 2511 quam
852 2445 1169 2498 ostendebat
1199 2446 1475 2509 omnibus,
1512 2448 1713 2516 quibus
1745 2464 2002 2503 occurre—

437 2528 549 2583 bat.
594 2530 722 2585 Erat
755 2531 919 2603 igitur
948 2531 1287 2588 Theodosius
1338 2534 1634 2603 imperator
1678 2549 1861 2593 mutus
1892 2554 2002 2606 prae

438 2620 645 2685 dolore,
658 2623 846 2691 jacens
873 2624 928 2677 in
944 2624 1104 2679 lecto.
1122 2623 1412 2694 Postquam
1431 2636 1611 2681 autem
1631 2631 1859 2687 accessit
1874 2630 2001 2699 Epi-

438 2713 667 2781 phanius
685 2715 748 2767 ad
767 2715 1167 2784 imperatorem,
1200 2719 1489 2786 imperator
1513 2720 1648 2773 dixit
1672 2720 1998 2791 Epiphanio,

434 2799 664 2856 Precare
690 2818 785 2872 pro
816 2819 923 2869 me,
945 2803 1124 2869 Pater,
1160 2817 1219 2860 ut
1246 2808 1614 2863 benevaleam.
1652 2809 1796 2868 Dixit
1821 2823 1996 2866 autem

435 2892 801 2964 Epiphanius:
828 2896 950 2962 Fili,
977 2898 1134 2953 crede
1159 2898 1454 2963 Crucilixo,
1499 2912 1552 2955 et
1583 2902 1806 2957 habebis
1848 2904 1997 2957 sani-

434 2994 618 3041 tatem.
651 2986 797 3042 Habe
818 2990 933 3044 sine
957 2990 1358 3046 intermissione
1376 2992 1542 3047 Deum
1573 2995 1624 3048 in
1648 3005 1771 3050 voto
1802 3004 1917 3060 tuo,
1942 3009 1996 3052 et

433 3093 593 3131 oume
626 3079 824 3132 malum
857 3080 931 3134 tui
961 3098 1067 3134 non
1104 3082 1494 3137 dominabitur.
1526 3085 1780 3140 Miserere
1801 3104 1991 3143 eorum

433 3170 526 3238 qui
545 3170 873 3241 afﬂiguntur,
893 3186 946 3227 et
964 3173 1222 3230 Dominus
1241 3177 1317 3230 tui
1339 3177 1700 3231 miserebitur.
1721 3178 1853 3234 Esto
1876 3190 1996 3235 tan-

434 3276 598 3329 quam
631 3278 744 3323 rex,
774 3265 864 3333 qui
890 3266 1122 3319 honorat
1155 3282 1278 3321 eum
1327 3269 1419 3337 qui
1445 3269 1534 3322 dat
1566 3269 1615 3323 ei
1646 3279 1992 3338 potestatem,

439 3362 495 3406 et
520 3354 636 3423 ipse
668 3355 883 3423 adjiciet
912 3356 1007 3410 tibi
1041 3357 1301 3426 majorem
1341 3360 1590 3429 gratiam.
1635 3361 1775 3415 Cum
1813 3372 1992 3416 autem

440 3444 776 3516 Epiphanius
805 3450 919 3504 haec
942 3448 1168 3505 dixisset
1194 3451 1530 3521 imperatori,
1559 3461 1613 3507 et
1633 3454 1682 3507 ei
1700 3455 1993 3524 appropin-

433 3549 680 3607 quasset,
708 3550 763 3595 et
790 3541 1055 3607 tetigisset
1081 3544 1199 3613 ejus
1226 3545 1659 3615 pedes,eumque
1678 3555 1758 3599 ter
1789 3547 1994 3616 signas-

432 3637 534 3693 set,
565 3630 701 3684 dixit
732 3632 779 3684 ei
799 3644 825 3685 ἰ
860 3632 981 3697 Fili,
1005 3649 1166 3703 surge
1201 3650 1230 3689 e
1284 3635 1445 3691 lecto.
1497 3637 1619 3692 “me
1664 3652 1786 3692 cum
1824 3638 1991 3707 impe-

432 3722 585 3774 rator
616 3721 880 3805 audiisset
920 3725 987 3779 ab
1016 3725 1343 3795 Epiphanio,
1378 3728 1616 3782 surrexit
1649 3744 1679 3781 a
1719 3728 1860 3783 leCIo
1898 3744 1992 3785 su-

434 3828 534 3883 pra
568 3816 754 3883 pedes,
787 3815 923 3869 nihil
950 3818 1172 3871 omnino
1206 3820 1409 3874 habens
1452 3820 1601 3873 mali.
1634 3819 1779 3873 Dixit
1808 3830 1989 3875 autem

428 3905 722 3976 imperator
747 3907 1044 3978 Epiphanio
1074 3930 1087 3964 :
1124 3910 1303 3975 Pater,
1341 3912 1471 3965 mihi
1506 3928 1719 3980 semper
1761 3913 1987 3981 jubeto,

426 4006 483 4051 et
522 4013 621 4068 ego
670 4001 931 4068 tuajussa
965 4016 1257 4071 exsequar.
1288 4002 1436 4056 Dixit
1468 4001 1802 4071 Epiphanius
1832 4023 1845 4058 :
1877 4002 1989 4058 Ha-

429 4090 559 4144 beas
588 4090 680 4144 Dei
715 4093 876 4148 verba
916 4095 969 4148 in
998 4094 1180 4149 animo
1215 4104 1339 4159 tuo,
1376 4107 1429 4149 et
1459 4110 1566 4148 non
1600 4112 1735 4164 opus
1761 4097 1985 4152 habebis

426 4179 749 4250 Epiphanio.
779 4185 916 4237 Cum
959 4187 1072 4239 hate
1111 4195 1322 4251 autem,
1357 4198 1411 4240 et
1446 4186 1530 4240 his
1566 4188 1717 4256 plura
1747 4188 1983 4259 impera-

426 4273 531 4326 tori
558 4274 782 4328 dixisset
812 4273 1142 4343 Epiphanius
1161 4313 1175 4335 ,
1204 4277 1351 4329 venit
1379 4286 1589 4344 tempus
1632 4266 1868 4345 prandii.
1899 4277 1987 4331 Di-

2111 434 2228 486 ὂλον
2257 435 2316 486 τὸ
2340 433 2500 504 μέρος
2531 434 2725 497 ἐκεῖνο,
2757 432 2851 484 καὶ
2874 426 2942 501 ἧν
2967 430 3216 499 κείμενος
3244 430 3337 480 ἐπὶ
3365 429 3458 498 τῆς
3491 430 3703 499 κλίνης
3748 432 3751 435 λ

2112 526 2501 595 ἑπταμηνιαῖον
2532 524 2740 594 χρόνον.
2783 514 2949 583 Οὗτος
2980 519 3295 573 ἀπέστειλεν
3330 519 3465 591 πρὸς
3527 521 3701 573 Ἐπιο

2112 617 2298 684 φάνιον
2328 618 2416 668 ἐπὶ
2441 618 2539 686 τῆς
2576 612 3029 684 Κυπρίων,”ὄπως
3048 609 3245 680 ἀνέλθῃ
3273 611 3363 661 ἐπὶ
3390 609 3489 680 τὴν
3526 609 3701 679 βασι-

2111 707 2227 760 λίδα
2247 706 2655 761 Κωνσταντίνου
2682 705 2831 763 πόλιν
2849 746 2862 764 ,
2888 705 3033 764 ὅπως
3059 702 3311 771 βοηθήσει
3333 700 3696 769 όδυνωμένῳ.

2109 799 2220 851 Καὶ
2247 798 2310 869 δὴ
2344 798 2790 868 καταντησάντων
2811 795 2916 849 τῶν
2944 793 3359 863 ἀπεσταλμένων
3400 792 3553 861 παρά
3589 790 3697 843 τοῦ

2111 890 2391 958 βασιλέως,
2415 890 2701 943 διεκώλυεν
2723 889 2814 941 τὸν
2870 888 3183 955 Ἐπιφάνιον
3212 885 3271 938 τὸ
3318 884 3391 955 μὴ
3440 882 3698 948 ἐξελθεῖν

2109 981 2216 1033 ἀπὸ
2251 983 2346 1051 τῆς
2380 980 2633 1051 Κυπρίων
2664 983 2696 1051 ἡ
2723 979 2897 1049 θλίψις
2928 981 3020 1031 καὶ
3039 978 3107 1031 τὰ
3125 978 3333 1047 δάκρυα
3370 976 3477 1028 τῶν
3521 975 3693 1028 ἀδελ-

2110 1071 2242 1140 φῶν.
2283 1073 2407 1124 Ὅτε
2452 1072 2558 1142 γὰρ
2584 1072 2829 1135 ὲξέπλεεν
2860 1070 2965 1123 ἀπὸ
2990 1071 3088 1139 τῆς
3121 1069 3406 1138 Κυπρίων,
3436 1068 3695 1128 ἅπαντες

2108 1162 2157 1213 οἰ
2181 1161 2397 1236 ἀδελφοὶ
2419 1160 2642 1213 θάνατον
2672 1158 3118 1230 προσεκαλοῦντο.
3144 1157 3262 1210 Τῶν
3296 1158 3351 1209 δὲ
3399 1154 3695 1211 ἀπεσταλ-

2113 1250 2286 1321 μένων
2318 1252 2464 1321 παρά
2491 1250 2582 1303 τοῦ
2617 1250 2878 1321 βασιλέως
2906 1250 3335 1303 ἐπισπευδόντων
3378 1248 3470 1302 τὸν
3522 1248 3695 1303 Ἐπι-

2110 1341 2317 1410 φάνιον,
2346 1343 2493 1404 ὅπως
2541 1342 2734 1412 ἀνέλθῃ
2776 1344 2867 1395 ἐπὶ
2895 1343 2993 1411 τὴν
3019 1340 3290 1412 βασιλίδα,
3329 1340 3514 1407 ἔλεγεν
3538 1340 3694 1410 πρὸς

2108 1434 2300 1497 αὐτοὺς
2342 1435 2655 1502 Ἐπιφάνιος
2679 1451 2691 1463 ·
2729 1433 3052 1505 Πορεύεσθε,
3074 1434 3258 1494 τέκνα,
3286 1432 3421 1503 πρὸς
3442 1432 3535 1484 τὸν
3580 1433 3695 1501 βα-

2109 1527 2281 1589 σιλέα,
2324 1525 2477 1594 κάγὼ
2515 1525 2818 1597 πορεύομαι
2852 1524 3178 1577 κατόπισθεν
3221 1522 3393 1592 ὑμῶν.
3446 1521 3570 1573 Τῶν
3631 1521 3694 1573 δὲ

2106 1616 2369 1683 λεγόντων
2387 1634 2399 1645 ·
2430 1617 2771 1686 Μὴόργίξου,
2803 1617 3002 1687 Πάτερ,
3032 1616 3111 1668 ὅτι
3139 1615 3384 1676 κέλευσις
3408 1612 3693 1683 βασιλέως

2113 1708 2276 1770 ἐστὶν,
2310 1708 2402 1760 καὶ¹
2433 1709 2492 1760 οὐ
2525 1706 2798 1777 δυνάμεθα
2832 1707 3053 1776 ποιῆσαι
3082 1706 3272 1769 ἄλλως,
3307 1708 3512 1777 μήποτε
3562 1722 3693 1757 κιν-

2110 1800 2470 1869 δυνεύσωμεν,
2511 1798 2740 1869 μάλιστα
2776 1801 2832 1851 ἐν
2859 1798 3137 1869 ἀρῤωστίᾳ
3185 1798 3333 1860 ὄντος
3382 1797 3476 1849 τοῦ
3523 1796 3693 1865 βασι·

2110 1891 2262 1954 λέως,
2286 1893 2377 1944 καὶ
2406 1891 2827 1961 προσδεχομένου
2852 1890 2950 1961 τὴν
2978 1891 3074 1961 σὴν
3097 1890 3374 1959 ἀγγελίαν,
3401 1888 3444 1941 ὦ
3466 1890 3688 1960 Πάτερ⁶

2114 1984 2261 2054 μόλις
2294 1984 2515 2036 ἔπεισαν
2540 1984 2628 2036 τὸν
2663 1983 2977 2050 Ἐπιφάνιον
3012 1982 3271 2035 ἀποπλεῖν
3301 1982 3417 2050 μετ’
3464 1981 3686 2035 αὐτῶν.

2121 2077 2177 2128 'U
2196 2077 2323 2145 γοῦν
2349 2076 2659 2144 Ἐπιφάνιος
2684 2075 3169 2145 μεταστειλάμενος
3200 2074 3293 2126 τὸν
3322 2072 3687 2141 θεοφιλέστα-

2106 2185 2196 2220 τον
2219 2168 2510 2220 ἐπίσκοπον
2533 2167 2761 2229 Φίλωνα,
2795 2166 3091 2237 ἐπέτρεψεν
3121 2164 3268 2236 αὐτῷ
3291 2165 3386 2235 τὴν
3413 2165 3688 2235 φροντίδα

2109 2256 2371 2309 ποιεῖσθαι
2403 2258 2499 2327 τῆς
2552 2257 3009 2328 ἐκκλησιαστικῆς
3063 2256 3269 2327 χρείας.
3319 2254 3688 2325 Συνήχθησαν

2106 2344 2199 2400 οῦν
2243 2349 2475 2411 ἅπαντες
2496 2351 2542 2401 oi
2574 2349 2832 2420 Πατέρες,
2865 2349 2957 2402 καὶ
3006 2348 3242 2417 ἀδελφοὶ,
3276 2349 3369 2400 καὶ
3426 2364 3687 2417 κατηχη-

2107 2440 2287 2503 θέντες
2318 2440 2468 2513 παρά
2496 2441 2838 2510 Ἐπιφανίου·
2871 2440 3235 2511 ἠσπασάμεθα
3289 2442 3553 2504 ἅπαντας,
3579 2439 3685 2493 καὶ

2104 2532 2526 2603 ἀπεπλεύσαμεν
2560 2536 2650 2586 ἐπὶ
2698 2534 2796 2604 τὴν
2837 2533 3097 2605 βασιλίδα.
3157 2532 3520 2587 Είσελθόντων
3578 2527 3684 2586 οὖν

2104 2626 2256 2696 ἡμῶν
2276 2628 2333 2678 ἐν
2362 2626 2764 2679 Κωνσταντίνου
2789 2626 2961 2688 πόλει,
2992 2623 3295 2696 ἀνηγγέλθη
3330 2623 3407 2694 τῷ
3454 2623 3685 2692 βασιλεῖ

2102 2718 2134 2787 ἡ
2163 2717 2428 2787 παρουσία
2452 2717 2788 2784 Ἐπιφανίου.
2811 2715 2917 2768 Τοῦ
2940 2715 2994 2768 δὲ
3026 2714 3286 2785 βασιλέως
3314 2713 3683 2777 κελεύσαντος

2102 2809 2326 2862 εἰσιέναι
2356 2810 2499 2878 ἡμᾶς
2532 2810 2587 2861 ὲν
2614 2811 2725 2871 τοῖς
2748 2808 3057 2878 βασιλείοις,
3101 2807 3310 2860 ἔϐαινεν
3350 2806 3682 2874 Ἐπιφάνιος

2101 2902 2159 2952 ὲν
2184 2900 2350 2971 πολλῇ
2384 2902 2731 2955 καταστάσει.
2767 2897 2875 2953 Ἦν
2910 2900 2967 2953 δὲ
3014 2902 3045 2952 ὁ
3096 2899 3343 2970 βασιλεὺς
3385 2897 3683 2963 Θεοδόσιος

2104 2994 2175 3064 μὴ
2201 2993 2490 3062 δυνάμενος
2542 2993 2770 3062 λαλῆσαι
2804 2994 2910 3046 ἀπὸ
2931 2992 3032 3062 τῆς
3064 2992 3369 3062 ἀλγηδόνος.
3414 2991 3680 3061 κείμενος

2103 3086 2195 3138 ἐπὶ
2224 3085 2322 3155 τῆς
2363 3085 2567 3155 κλίνης.
2630 3086 2715 3149 Ὡς
2747 3082 2837 3140 οὖν
2871 3088 3091 3157 ἤγγισεν
3123 3084 3435 3153 Ἐπιφάνιος
3469 3082 3547 3153 τῷ
3578 3082 3681 3153 βα-

2103 3177 2257 3240 σιλεῖ,
2289 3173 2438 3231 εἶπεν
2475 3181 2503 3232 ὁ
2528 3178 2778 3248 βασιλεὺς
2808 3178 2940 3249 πρὸς
2971 3176 3283 3245 Ἐπιφάνιον
3307 3192 3320 3206 ο
3360 3171 3525 3239 Εῦξαί
3549 3193 3678 3245 μοι,

2100 3269 2298 3339 Πάτερ,
2327 3270 2474 3331 ὅπως
2504 3269 2748 3338 ὑγιαίνω.
2779 3264 2943 3320 Εἶπεν
2967 3266 3022 3319 δὲ
3060 3267 3371 3335 Ἐπιφάνιος
3404 3265 3482 3335 τῷ
3510 3265 3679 3336 βασι-

2098 3359 2210 3412 λεῖ’
2262 3360 2507 3425 Πίστευε,
2558 3361 2765 3422 τέκνον,
2794 3359 2869 3429 τῷ
2920 3359 3337 3430 ὲσταυρωμένῳ,
3369 3358 3463 3411 καὶ
3519 3357 3678 3423 ἕξεις

2096 3453 2299 3524 ταύτην
2335 3454 2707 3517 ἀδιαλείπτως.
2749 3454 2877 3522 Ἔχε
2925 3452 3015 3504 τὸν
3051 3453 3181 3505 Θεὸν
3215 3452 3353 3506 κατά
3391 3451 3536 3514 νοῦν,
3571 3455 3676 3505 καὶ

2097 3545 2263 3598 κακὸν
2286 3546 2345 3598 οὐ
2374 3544 2651 3617 κυριεύσει
2686 3561 2798 3597 σου.
2836 3544 2874 3595 Γ
2881 3544 2988 3596 ίνου
3037 3544 3283 3613 ἐλεήμων
3325 3546 3433 3605 τοῖς
3481 3541 3676 3596 θλιϐο-

2101 3636 2298 3706 μένοις,
2333 3638 2426 3689 καὶ
2458 3636 2553 3707 ἔσῃ
2593 3636 2891 3707 ἠλεημένος
2916 3637 3021 3689 ὑπὸ
3068 3635 3220 3690 Θεοῦ.
3253 3635 3406 3688 Γίνου
3452 3635 3528 3697 ὡς
3567 3636 3675 3704 βα-

2096 3728 2276 3791 σιλεὺς
2302 3728 2474 3799 τιμῶν
2499 3729 2588 3783 τὸν
2615 3729 2773 3782 δόντα
2812 3747 2894 3782 σοι
2926 3729 3022 3801 τὴν
3060 3727 3304 3794 ἐξουσίαν
3324 3768 3338 3792 ,
3372 3728 3464 3780 καὶ
3494 3728 3673 3793 αὐτὸς

2093 3819 2253 3873 δώσει
2281 3837 2361 3873 σοι
2392 3821 2609 3873 πλείονα
2640 3822 2819 3890 χάριν.
2850 3822 2958 3874 Καὶ
3007 3821 3179 3873 ταῦτα
3229 3818 3396 3873 εἰπὼν
3425 3820 3672 3888 Ἐπιφά-

2093 3928 2203 3974 νιος
2225 3912 2302 3981 τῷ
2332 3912 2555 3982 βασιλεῖ,
2610 3913 2852 3981 ἐγγίσας,
2904 3913 2998 3965 καὶ
3046 3913 3318 3982 ἁψάμενος
3347 3910 3512 3963 αὐτοῦ
3546 3911 3671 3965 τῶν

2095 4001 2287 4059 ποδῶν,
2334 4003 2426 4054 καὶ¹
2460 4002 2764 4075 σφραγίσας
2796 4003 2954 4055 αὑτὸν
2996 4004 3174 4072 τρίτον
3221 3998 3371 4055 εἶπεν
3422 4002 3670 4070 Ἐπιφά-

2092 4110 2202 4155 νιος
2230 4093 2308 4162 τῷ
2340 4094 2576 4162 βασιλεῖ·
2606 4095 2859 4159 Ἀνάστα,
2896 4094 3102 4157 τέκνον,
3136 4095 3285 4164 φησι,
3310 4094 3408 4164 τῆς
3441 4094 3666 4166 κλίνης-ο

2092 4183 2363 4236 πέπαυται
2409 4184 2514 4254 γὰρ
2546 4185 2573 4235 ὁ
2625 4185 2782 4248 πόνος
2833 4185 2941 4237 ἀπὸ
2981 4184 3090 4238 τῶν
3120 4184 3313 4237 ποδῶν.
3367 4182 3552 4259 Ταῦτα
3605 4187 3667 4240 δὲ

2090 4274 2322 4337 ἀκούσας
2353 4276 2381 4326 ὁ
2415 4275 2663 4344 βασιλεὺς
2696 4276 2894 4339 εὐθέως
2926 4276 3124 4347 ἀνέστη
3165 4276 3273 4329 ἀπὸ
3308 4276 3405 4345 τῆς
3434 4276 3662 4347 κλίνης,

426 4365 506 4417 xit
539 4380 667 4434 ergo
690 4364 1022 4434 Epiphanius
1044 4366 1386 4435 imperatori:
1421 4365 1585 4425 Vade.
1611 4369 1707 4433 fili,
1739 4370 1805 4422 ad
1838 4385 1985 4423 men-

2093 4366 2254 4435 μηδὲν
2277 4370 2441 4420 κακὸν
2470 4366 2607 4436 ἔχων
2627 4366 2719 4420 ἐπὶ
2749 4369 2872 4430 τοὺς
2904 4367 3065 4430 πόδας
3103 4367 3288 4420 αὑτοῦ.
3328 4362 3494 4421 Εἶπεν
3521 4367 3582 4421 δὲ
3633 4372 3666 4422 ὁ

426 4470 564 4519 sam,
587 4464 642 4509 et
669 4457 954 4511 benedices
977 4456 1325 4511 benefactori.
1361 4457 1489 4512 Erat
1524 4470 1702 4513 autem
1738 4458 1980 4529 Epipha-

424 4547 549 4600 nius
574 4548 783 4615 lepidus
818 4557 870 4601 et
909 4548 1171 4614 urbanus,
1207 4558 1259 4603 et
1278 4550 1481 4603 habens
1514 4566 1818 4605 sermonem
1849 4566 1982 4605 con-

425 4639 595 4691 ditum
644 4638 825 4691 divina
863 4639 1054 4706 gratia.
1102 4639 1166 4693 Et
1209 4642 1426 4709 quando
1458 4643 1513 4695 in
1548 4645 1799 4698 morbum
1842 4647 1966 4714 qui-

374 4804 377 4807 λ
425 4730 544 4783 dem
582 4730 763 4784 Romae
794 4731 979 4785 incidit
1004 4730 1109 4786 ﬁlia
1138 4731 1450 4799 Theodosii,
1480 4744 1609 4790 tunc
1641 4737 1906 4791 Arcadius
1930 4746 1984 4791 et

426 4821 698 4877 Honorius
732 4822 952 4876 fuerunt
1002 4823 1204 4887 Romae,
1256 4838 1309 4879 et
1330 4828 1521 4880 versati
1579 4838 1701 4881 sunt
1756 4844 1878 4882 cum
1916 4844 1977 4883 ea

424 4917 585 4983 longo
625 4924 895 4981 tempore,
935 4917 1192 4984 quoniam
1221 4918 1331 4972 illic
1369 4930 1485 4972 erat
1518 4920 1633 4972 viro
1666 4921 1975 4989 conjuncta.

423 5007 557 5061 Cum
615 5022 742 5061 vero
792 5008 1052 5064 audiisset
1086 5008 1420 5067 Theodosius
1478 5011 1704 5066 Romam
1768 5014 1978 5068 venisse

421 5097 802 5167 Epiphanium,
832 5114 1055 5154 curasse
1098 5101 1218 5169 ejus
1267 5102 1452 5166 ﬁliam,
1475 5112 1529 5156 et
1555 5102 1664 5155 lilio
1689 5102 1809 5170 ejus
1839 5142 1853 5164 ,
1883 5104 1975 5172 qui

419 5198 536 5242 erat
565 5199 809 5243 mortuus
828 5231 841 5255 ,
870 5191 1033 5245 vitam
1086 5193 1384 5248 reddidisse
1403 5235 1418 5259 ,
1462 5193 1865 5261 Arcadiumque
1924 5202 1979 5247 et

419 5280 717 5334 Honorium
750 5291 936 5351 postea
991 5284 1355 5349 illuminasse,
1395 5302 1589 5355 magna
1619 5298 1701 5340 est
1747 5285 1975 5339 allectus

418 5370 623 5423 laititia.
664 5370 782 5437 Quo
808 5372 1008 5428 factum
1030 5385 1148 5440 est,
1182 5385 1240 5430 ut
1268 5375 1522 5443 deinceps
1566 5375 1633 5428 ad
1677 5388 1801 5428 eum
1834 5374 1975 5428 scri-

415 5460 586 5525 beret,
624 5471 880 5533 tanquam
929 5465 997 5520 ad
1056 5475 1286 5535 patrem.
1321 5464 1493 5518 Porro
1522 5450 1643 5518 cum
1696 5481 1793 5519 nos
1826 5480 1975 5519 esse-

417 5569 539 5607 mus
550 5553 1033 5626 Constantinopoli,
1059 5556 1225 5610 Roma
1242 5564 1503 5609 venerunt
1525 5555 1788 5609 Aucadius
1802 5562 1855 5609 et
1874 5554 1971 5610 llo-

417 5646 1027 5713 norius,etltetatisunt,
1060 5649 1200 5719 quod
1228 5648 1555 5703 invenissent
1586 5646 1966 5717 Epiphanium.

2088 4456 2338 4526 βασιλεὺς
2354 4460 2487 4528 πρὸς
2512 4459 2819 4526 Ἐπιφάνιον
2839 4477 2852 4488 ’
2886 4459 3036 4512 Γίνου
3065 4477 3174 4530 μοι,
3194 4460 3392 4529 Πάτερ,
3411 4457 3665 4514 κελεύων

2084 4547 2458 4611 ἀδιαλείπτως.
2504 4550 2595 4603 καὶ
2628 4552 2925 4620 γενήσομαι
2983 4551 3041 4602 ὲν
3082 4551 3244 4603 πᾶσιν
3291 4550 3663 4620 πληροφορῶν

2085 4652 2165 4691 σε.
2192 4634 2355 4690 Εἶπεν
2377 4640 2433 4691 δὲ
2456 4639 2770 4707 Ἐπιφάνιος
2808 4640 2887 4710 τῷ
2922 4640 3160 4710 βασιλεῖ·
3220 4641 3347 4709 Ἔχε
3380 4641 3507 4702 τοὺς
3554 4642 3661 4694 τοῦ

2082 4730 2215 4782 Θεοῦ
2236 4730 2423 4798 λόγους
2450 4734 2586 4784 κατά
2606 4732 2781 4802 ψυχήν
2808 4748 2919 4795 σου,
2945 4734 3036 4785 καὶ
3066 4732 3249 4802 χρείαν
3276 4731 3348 4801 μὴ
3384 4730 3473 4800 ἔχε
3495 4731 3663 4785 Ἐπιο

2083 4825 2295 4891 φανίου.
2326 4826 2509 4878 Ταῦτα
2531 4827 2588 4879 δὲ
2612 4828 2781 4883 εἰπὼν
2822 4829 3139 4896 Ἐπιφάνιος
3186 4825 3263 4895 τῷ
3291 4824 3519 4895 βασιλεῖ,
3555 4827 3659 4879 καὶ

2084 4914 2303 4967 πλείονα
2331 4916 2552 4979 τούτων,
2606 4917 2837 4985 ἔφθασεν
2871 4918 3060 4987 καιρὸς
3097 4915 3191 4969 τοῦ
3240 4916 3482 4986 ἀρίστου.
3537 4916 3658 4969 Καὶ

2083 5002 2233 5057 εἶπεν
2266 5006 2576 5075 Ἐπιφάνιος
2606 5009 2681 5079 τῷ
2737 5009 2977 5078 βασιλεῖ’
3040 5006 3248 5071 Βάδιζε,
3282 5007 3468 5059 τέκνον
3490 5047 3504 5064 ,
3553 5006 3657 5060 ἐπὶ

2080 5099 2375 5169 τραπέζης,
2400 5101 2492 5153 καὶ
2516 5100 2612 5172 ἔσῃ
2659 5101 2890 5168 εὐλογῶν
2936 5101 3028 5153 τὸν
3074 5099 3388 5170 εὐεργέτην.
3454 5093 3565 5150 Ἦν
3593 5100 3655 5153 δὲ

2081 5193 2391 5260 Ἐπιφάνιος
2424 5194 2630 5264 χαρίεις
2657 5233 2671 5255 ,
2732 5194 2827 5246 καὶ
2881 5191 3171 5253 πολιτικὸς,
3219 5188 3438 5243 καὶτὸν
3487 5189 3654 5257 λόγον

2080 5282 2216 5352 ἔχων
2239 5284 2538 5353 ἡρτυμένον
2571 5284 2648 5353 τῷ
2676 5284 2803 5353 θείῳ
2827 5283 3002 5336 ἅλατι.
3040 5282 3168 5335 Ὅτε
3193 5278 3284 5333 οῦν
3317 5280 3654 5349 περιέπεσεν

2077 5376 2109 5444 ἡ
2141 5375 2382 5445 θυγάτηρ
2416 5374 2695 5426 Θεοδοσίου
2726 5376 2804 5437 εἰς
2825 5374 2885 5426 τὸ
2913 5372 3081 5434 πάθος
3111 5372 3203 5424 ἐπὶ
3250 5373 3347 5441 τῆς
3400 5370 3650 5441 Ῥώμης,

2077 5467 2110 5535 ἡ
2144 5465 2343 5535 ἀδελφὴ
2394 5465 2673 5535 Ἀρκαδίου
2731 5466 2825 5518 καὶ
2874 5464 3159 5534 Ὀνωρίου,
3196 5463 3314 5516 τότε
3349 5464 3442 5515 καὶ
3489 5465 3647 5517 αὐτώ

2079 5560 2433 5627 παρεγένοντο
2452 5558 2541 5611 ἐπὶ
2567 5561 2664 5627 τῆς
2690 5550 2928 5627 Ῥἶὸμης,
2959 5557 3051 5608 καὶ
3081 5555 3340 5626 ἐποίησαν
3374 5558 3646 5625 πενταετῆ

2078 5650 2262 5719 χρόνον
2326 5650 2441 5717 μετ’
2495 5650 2680 5719 αὐτῆς,
2721 5648 2801 5701 ὅτι
2856 5650 2969 5701 ἐκεῖ
3003 5642 3071 5717 ἦν
3121 5644 3407 5715 ζευχθεῖσα
3462 5644 3644 5714 ἀνδρί.
