3800 6180
132 221 199 277 97
1413 230 1470 284 ε.
1529 230 1871 286 EPIPHANII
1915 235 2091 291 rm.
3303 256 3374 311 98

129 344 265 398 Τότε
312 339 405 398 οὖν
457 346 698 410 ἀκούσας
741 346 1015 413 Θεοδόσιος
1067 353 1095 404 ὁ
1137 351 1418 421 βασιλεὺς,
1473 354 1556 406 ὅτι
1598 355 1926 441 παρεγένετο
1959 359 2271 427 Ἐπιφάνιος
2300 365 2390 419 ἐπὶ
2428 368 2527 437 τῆς
2572 366 2789 439 Ῥώμης
2816 411 2832 437 ,
2868 370 2965 423 καὶ
3008 370 3376 441 ἐθεράπευσεν

127 437 229 507 τὴν
285 436 557 508 θυγατέρα
593 439 780 501 αὐτοῦ,
818 441 910 494 καὶ
943 443 1025 495 ὅτι
1060 444 1265 497 καὶτὸν
1295 446 1407 497 υίὸν
1462 446 1630 515 αὐτῆς
1679 432 1871 518 νεκρὸν
1920 451 2047 506 ὄντα
2096 454 2480 527 ἐζωοποίησεν,
2509 461 2602 513 καὶ
2628 462 2710 515 ὅτι
2751 463 2887 532 μετὰ
2928 458 3132 515 τούτων
3179 462 3376 529 ἐφώτι-

129 547 223 584 σεν
274 532 556 603 Ἀρκάδιον
588 535 683 587 καὶ
728 535 1003 608 Ὀνὼριον,
1052 540 1222 610 ἐχάρη
1257 542 1430 613 χαράν
1483 541 1743 612 μεγάλην.
1785 544 1875 596 Διὸ
1897 546 2008 599 άπὸ
2042 549 2229 602 τούτου
2260 552 2495 624 ἔγραψεν
2527 556 2673 625 αὐτῷ
2694 557 2769 619 ὡς
2796 557 2979 628 πατρί.
3010 557 3095 619 Ὠς
3121 552 3372 626 οὖνῆμεν

123 623 216 674 ἐπὶ
259 624 361 694 τῆς
395 627 1033 697 Κωνσταντινουπόλεως,
1088 633 1448 702 παρεγένοντο
1503 633 1784 704 Ἀρκάδιος
1838 638 1932 691 καὶ
1994 640 2253 714 Ὀνώριος
2307 623 2415 698 άπὸ
2469 647 2569 717 τῆς
2628 623 2874 719 Ῥώμης,
2910 623 3022 703 ’καὶ
3094 623 3369 722 ἐχάρησαν

121 714 295 784 χαρὰν
319 716 578 786 μεγάλην.

186 804 319 857 NH’.
388 810 641 875 Ἄγουσιν
693 809 748 862 δέ
786 829 927 875 τινες
961 815 1100 867 κατὰ
1130 819 1379 870 κέλευσιν
1409 817 1501 871 τοῦ
1541 819 1666 888 βασι

1765 866 1768 873 .
1866 815 2049 872 LVIII.
2086 818 2250 875 Jussu
2306 831 2486 877 autem
2547 823 2893 893 imperatoris
2944 823 3363 879 Faustinianum

115 894 249 957 λέως
281 897 666 951 Φαυστινιανὸν
692 901 799 954 άπὸ
840 903 941 971 τῆς
974 906 1265 975 Κυπρίων,
1322 910 1414 963 ἐπὶ
1455 910 1689 982 λοιδορίᾳ

114 984 369 1057 βασιλικῇ
403 992 844 1063 κατηγορηθέντα
874 996 964 1047 ἐπὶ
980 997 1077 1066 τὴν
1105 998 1379 1067 βασιλίδα·
1420 998 1487 1072 ἦν
1512 1002 1567 1056 δὲ
1601 996 1691 1056 οὗ·

109 1091 200 1137 τος
225 1078 636 1149 φρουρούμενος
666 1082 910 1137 κελεύσει
946 1088 1039 1139 τοῦ
1087 1088 1367 1157 βασιλέως.
1423 1093 1690 1157 Ἀκούσας

106 1161 199 1219 οὖν
245 1168 424 1223 ταῦτα
462 1172 777 1242 Ἐπιφάνιος
826 1180 1187 1248 παραγίνεται
1231 1184 1322 1235 ἐπὶ
1365 1184 1454 1237 τὸν
1502 1188 1683 1249 τόπον,

106 1260 232 1313 ἔνθα
254 1257 325 1331 ἦν
349 1263 713 1333 κρατούμενος
740 1269 768 1319 ὁ
790 1270 1192 1335 Φαυστινιανὸς,
1232 1277 1323 1328 καὶ
1344 1272 1495 1329 εἶπεν
1516 1279 1681 1349 αὐτῷ·

105 1352 164 1403 Εἰ
198 1352 358 1406 ἐστιν
398 1371 498 1415 σοι,
532 1358 713 1425 φησιν,
745 1352 789 1410 ὦ
814 1360 1021 1424 τέκνον,
1064 1364 1295 1436 λαλῆσαι
1325 1369 1392 1420 δι’
1419 1370 1575 1440 ἡμῶν
1601 1373 1682 1424 λό-

100 1460 196 1510 γον
228 1446 310 1515 τῷ
339 1446 581 1515 βασιλεί·
616 1452 709 1503 καὶ
758 1451 856 1525 ἔσῃ
910 1455 1278 1527 ἀπολυόμενος
1323 1460 1423 1529 τῆς
1457 1466 1684 1534 συνοχῆς

100 1536 330 1606 ταύτης.
394 1536 561 1593 Εἶπεν
614 1543 671 1595 δὲ
746 1546 1132 1612 Φαυστινιανὸς
1204 1552 1283 1623 τῷ
1346 1554 1678 1626 Ἐπιφανίῳ·

101 1631 367 1695 Ἀπελθε,
413 1635 568 1704 φησὶ,
625 1636 793 1690 πλάνε
824 1679 836 1699 ,
899 1642 993 1693 καὶ
1042 1644 1326 1699 άποπλάνα
1360 1647 1555 1717 ἄνδρας
1585 1651 1680 1703 ἁν-

96 1721 495 1789 σσφαλίστους·
529 1728 621 1780 καὶ
650 1729 778 1795 τοὺς
804 1729 996 1799 λόγους
1017 1734 1235 1799 τούτους
1268 1737 1340 1808 μὴ
1368 1738 1515 1792 λάλει
1540 1742 1682 1793 Φαυ-

97 1815 380 1886 στινιανῷ.
407 1815 609 1883 Ἦλθες
642 1822 873 1877 ἐνταῦθα
896 1827 1201 1899 ἐπιχαίρειν
1237 1847 1325 1899 μοι
1348 1812 1559 1899 λόγοις·
1590 1833 1680 1887 ἔσο

92 1904 185 1958 τοῦ
222 1906 422 1963 λοιποῦ
450 1910 668 1979 φεύγων
688 1914 787 1984 τὴν
813 1916 1098 1988 Κυπρίων.
1134 1920 1328 1986 Βάδιζε
1388 1924 1479 1975 ἐπὶ
1506 1926 1677 1978 Φοινίο

92 2013 213 2067 κην,
240 2000 346 2052 καὶ
376 2000 474 2072 ἔσῃ
500 2005 845 2074 κακοσχολῶν
864 2008 1237 2075 ἀδιαλείπτως.
1276 2014 1365 2078 Ὡς
1392 2012 1486 2068 οὖν
1505 2017 1679 2072 ταῦτα

88 2084 241 2142 εἶπεν
267 2091 514 2163 ὑϐρίζων
542 2095 633 2147 τὸν
660 2096 974 2166 Ἐπιφάνιον
993 2103 1397 2170 Φαυστινιανὸς,
1434 2109 1671 2181 παρέλα-

1795 911 2016 979 quidam
2036 912 2314 967 adducunt
2347 915 2399 967 in
2424 916 2649 985 regiam,
2680 926 2737 970 ut
2767 917 2860 985 qui
2880 926 3025 971 esset
3053 927 3363 983 accusatus,

1791 1002 1937 1071 quod
1978 1003 2351 1059 maledixisset
2383 1005 2716 1074 imperatori.
2751 1005 2915 1061 Jussu
2953 1022 3084 1078 ergo
3124 1009 3360 1076 impera-

1791 1096 1926 1151 toris
1983 1098 2270 1152 tenebatur
2326 1099 2379 1151 in
2428 1098 2694 1154 custodia.
2725 1098 2883 1165 Quod
2935 1115 3058 1153 cum
3100 1101 3363 1155 audiisset

1791 1184 2150 1255 Epiphanius,
2203 1189 2347 1243 venit
2402 1190 2455 1242 in
2506 1191 2711 1257 locum,
2762 1174 2817 1244 in
2847 1207 2957 1260 quo
3011 1184 3361 1247 (letinebatur

1788 1272 2198 1332 Faustinianus.
2235 1279 2380 1334 Dixit
2407 1281 2571 1349 igitur
2606 1282 2940 1353 Epiphanius
2968 1282 3357 1339 Faustiniano:

1786 1367 1938 1422 Licet
1975 1371 2071 1424 tibi
2121 1387 2217 1440 per
2241 1389 2341 1428 nos
2379 1374 2528 1442 loqui
2566 1375 2915 1444 imperatori,
2950 1385 3004 1430 et
3036 1376 3358 1431 liberaberis

1784 1461 1853 1515 ab
1886 1463 1968 1517 his
1998 1464 2287 1533 angustiis.
2318 1464 2459 1520 Dixit
2489 1477 2669 1522 autem
2701 1468 3091 1523 Faustinianus
3117 1468 3354 1538 Epipha-

1782 1553 1877 1607 nio
1908 1571 1921 1607 :
1960 1554 2083 1619 Abi,
2130 1558 2306 1625 plane,
2332 1567 2385 1612 et
2421 1560 2669 1614 homines
2721 1560 2965 1615 incautos
2999 1560 3212 1629 decipe,
3256 1575 3357 1615 nec

1785 1645 1897 1699 haec
1948 1646 2113 1700 verba
2147 1647 2366 1717 loquere
2402 1649 2776 1704 Faustiniano.
2813 1649 3017 1705 Venisti
3064 1650 3169 1704 huc
3222 1650 3352 1703 mihi

1781 1739 1964 1793 verbis
1998 1738 2307 1807 insultans;
2354 1741 2531 1811 fugies
2583 1743 2779 1797 deinde
2831 1744 2883 1796 in
2918 1743 3177 1814 Cyprum.
3208 1743 3354 1796 Vade

1782 1831 1910 1885 hinc
1941 1832 1995 1886 in
2034 1831 2373 1887 thniciam
2402 1875 2418 1901 ,
2449 1844 2502 1888 et
2537 1835 2706 1888 malos
2741 1835 2858 1889 dies
2898 1850 3024 1903 ages
3069 1844 3350 1903 perpetuo.

1781 1921 2079 1992 Postquam
2116 1924 2232 1979 haec
2261 1926 2395 1979 dixit
2430 1926 2484 1979 in
2519 1925 2882 1995 Epiphaniam
2912 1925 3100 1980 furens
3135 1925 3351 1980 Fausti-

1778 2013 1993 2079 nianus,
2025 2018 2231 2085 accepit
2260 2033 2347 2071 me
2378 2016 2738 2087 Epiphanius,
2770 2029 2823 2074 et
2857 2020 3055 2073 ivimus
3083 2020 3136 2072 in
3166 2019 3348 2073 aulam

1779 2102 2148 2173 imperatoris,
2179 2116 2238 2160 ut
2270 2123 2449 2178 regem
2490 2109 2809 2178 juberemus
2838 2111 3045 2172 valere,
3071 2118 3125 2165 et
3146 2110 3349 2165 iremus

87 2178 177 2233 δέν
207 2198 278 2250 με
324 2183 645 2252 Ἐπιφάνιος
664 2200 677 2213 ·
709 2187 800 2240 καὶ
827 2190 1202 2264 ἐπορεύθημεν
1233 2196 1290 2247 ἐν
1317 2168 1394 2268 τῷ
1412 2168 1673 2273 βασίλικῷ

1777 2195 1831 2249 in
1856 2168 2144 2267 Cyprum:
2168 2168 2508 2269 Imperatore’
2527 2217 2655 2257 vero
2703 2212 2928 2272 rogante
2959 2202 3346 2272 Epiphanium,

84 2272 345 2342 ταμιείῳ,
384 2274 528 2337 ὅπως
562 2277 655 2329 ἐπὶ
681 2279 928 2343 συντάξει
960 2282 1054 2335 τοῦ
1090 2283 1351 2353 βασιλέως
1398 2290 1665 2344 ἀποπλεύ-

86 2380 268 2433 σωμεν
303 2368 369 2417 ἐν
396 2369 461 2437 τῇ
488 2367 714 2440 Κύπρῳ.
748 2370 853 2424 Τοῦ
886 2368 978 2426 οὖν
1014 2374 1275 2444 βασιλέως
1300 2382 1673 2450 παρακαλοῦν-

80 2473 168 2521 τος
195 2458 544 2527 Ἑπιφάνιον,
579 2462 726 2526 ὅπως
751 2464 1019 2536 διατρίψει
1050 2470 1265 2540 ἡμέρας
1282 2472 1430 2536 τινὰς
1455 2476 1546 2528 ἐπὶ
1571 2478 1670 2549 τὴν

82 2548 365 2618 βασιλίδα,
397 2552 426 2602 ὁ
459 2552 775 2622 Ἐπιφάνιος
804 2555 989 2624 ἔλεγεν
1017 2560 1117 2631 τὴν
1147 2562 1325 2616 αἰτίαν
1359 2560 1458 2635 τῆς
1507 2548 1667 2639 ἐκδη-

83 2640 232 2708 μίας.
276 2643 401 2694 Καὶ
430 2644 637 2697 πάλινὸ
667 2644 919 2713 βασιλεὺς
960 2649 1175 2706 ἔπεισεν
1217 2654 1532 2725 Ἐπιφάνιον
1581 2660 1668 2714 διὰ

77 2730 183 2783 τῶν
212 2731 417 2799 λόγων.
458 2734 534 2804 Τῇ
571 2731 664 2788 οὖν
718 2737 886 2791 ἕωθεν
936 2742 1245 2813 εἰσέρχεταί
1277 2763 1361 2810 τις
1418 2749 1526 2803 τῶν
1568 2752 1665 2816 τὰς

75 2822 409 2891 ἀποκρίσεις
452 2824 715 2893 λεγόντων
747 2830 805 2882 ὲν
840 2831 921 2900 τῷ
951 2831 1215 2905 βασιλικῷ
1273 2840 1525 2911 ταμιείῳ,
1581 2844 1664 2897 ὅτι

73 2914 470 2979 Φαυστινιανὸς
489 2918 517 2968 ὁ
544 2919 877 2991 Κυπριώτης
897 2923 1190 2980 κατέλυσεν
1213 2927 1307 2981 τὸν
1331 2930 1461 3000 βίον.
1484 2934 1665 2988 Ἀκού-

74 3022 168 3069 σας
200 3007 260 3059 δὲ
283 3007 467 3061 ταῦτα
503 3010 815 3080 Ἐπιφάνιος
849 3015 1149 3088 ἐπένθησεν
1199 3021 1291 3074 ἐπὶ
1344 3025 1662 3080 Φαυστινια-

72 3098 180 3151 νοῦ.
220 3098 526 3170 Ἦθέλησεν
546 3098 637 3155 οὖν
668 3106 696 3158 ό
731 3104 983 3174 βασιλεὺς
1011 3110 1226 3166 ἅπαντα
1254 3114 1321 3168 τὰ
1350 3117 1663 3189 ὑπάρχοντα

71 3194 469 3248 Φαυστινιανοῦ
520 3195 599 3267 τῷ
655 3197 916 3272 βασιλικῷ
970 3206 1339 3277 παραπέμψαι
1389 3212 1658 3282 ταμιείῳ·

74 3284 311 3354 μάλιστα
337 3287 423 3338 ὅτι
456 3288 517 3340 οὐ
551 3289 872 3345 κατέλειπεν
903 3295 1121 3365 σπέρμα
1154 3298 1245 3350 ἐπὶ
1283 3299 1385 3370 τῆς
1409 3303 1530 3373 γῆς.
1567 3299 1659 3357 Εἷ-

70 3395 164 3429 πεν
186 3378 247 3431 δὲ
273 3378 601 3447 Ἐπιφάνιος
630 3382 765 3451 πρὸς
793 3382 1047 3453 βασιλέα·
1068 3388 1230 3458 Ὅρα,
1263 3393 1414 3460 φησὶ,
1448 3394 1655 3457 τέκνον,

72 3468 140 3537 μὴ
178 3470 436 3539 ποιήσεις
460 3470 755 3541 ἁμαρτίαν.
774 3473 927 3526 Ἔστι
958 3474 1066 3547 γὰρ
1093 3480 1229 3548 γυνὴ
1269 3482 1654 3538 Φαυστινιανοῦ

67 3552 402 3607 θεοσεϐοῦς-α
427 3556 535 3608 ἀπὸ
559 3558 804 3628 καρδίας.
832 3562 1093 3633 Πείσθητι
1113 3564 1289 3634 λόγοις
1317 3569 1653 3641 Ἐπιφανίου,

68 3642 154 3692 καὶ
186 3643 353 3697 ἔσται
389 3662 469 3697 σοι
494 3647 653 3716 χάρις
683 3650 835 3720 παρὰ
873 3652 1149 3722 Ὑψίστου.
1199 3658 1331 3713 Τότε
1357 3664 1385 3714 ό
1407 3663 1657 3732 βασιλεὺς

65 3733 369 3788 ἀποδίδωσι
387 3736 485 3807 τὴν
500 3738 788 3794 αύθεντίαν
805 3745 982 3798 πᾶσαν
1018 3748 1323 3822 Ἐπιφανίῳ
1353 3754 1461 3807 τῶν
1520 3775 1657 3829 πρα-

63 3827 291 3896 γμάτων
311 3831 725 3889 Φαυστινιανοῦ.
758 3832 922 3892 Εἶπεν
945 3838 1035 3894 οὖν
1061 3845 1375 3916 Ἐπιφάνιος
1398 3867 1533 3923 προς
1563 3827 1655 3911 τὸν

64 3918 287 3988 βασιλέα
308 3940 324 3953 ·
369 3924 517 3993 Ἔχω
546 3926 635 3978 τὸν
665 3927 816 3993 Θεὸν,
844 3931 1053 3997 τέκνον,
1102 3936 1194 3990 τὸν
1234 3918 1541 4012 παρέχοντα
1584 3946 1652 4001 τὰ

62 4011 193 4081 πρὸς
222 4013 330 4083 τὴν
360 4015 578 4085 χρείαν,
615 4020 709 4072 καὶ
736 4020 911 4075 ταῦτα
934 4025 1112 4079 πάντα
1145 4030 1282 4099 μετὰ
1309 4011 1532 4105 γνώμης
1552 4038 1653 4107 τῆς

62 4106 328 4170 γυναικὸς
361 4108 711 4181 ἀποδώσομεν
737 4116 846 4178 τοῖς
867 4115 1162 4187 δεομένοις.
1190 4123 1377 4178 Ταῦτα
1407 4106 1650 4194 εἰπόντος

59 4196 409 4265 Ἐπιφανίου,
432 4195 586 4254 εἶπεν
612 4203 642 4254 ὁ
679 4202 930 4272 βασιλεύς
949 4224 964 4239 ·
1014 4209 1244 4281 Αίτησαι
1267 4255 1281 4279 ,
1312 4217 1511 4290 Πάτερ,
1574 4214 1648 4274 ὧν

57 4287 304 4358 χρῄζεις,
342 4292 437 4343 καὶ
459 4292 654 4363 ἔσομαι
685 4295 859 4362 διδοὺς
893 4300 952 4353 ἐν
991 4305 1324 4377 προαιρέσει.
1371 4287 1538 4364 Εἶπεν
1591 4315 1647 4368 δὲ

56 4379 383 4448 Ἐπιφάνιος
411 4384 550 4454 πρὸς
577 4386 667 4439 τὸν
699 4387 919 4457 βασιλέα
944 4405 957 4420 ·
984 4393 1227 4450 Φύλασσε
1257 4400 1425 4469 ἐμοὺς
1455 4402 1645 4472 λόγους

54 4472 441 4541 ἀδιαλείπτως,
475 4478 568 4530 καὶ
598 4478 685 4549 ἔχε
714 4497 805 4549 με,
839 4482 1048 4547 τέκνον,
1105 4490 1245 4543 κατὰ
1303 4491 1477 4565 ψυχήν
1525 4514 1638 4553 σου.

50 4563 233 4617 Ταῦτα
301 4565 365 4617 δὲ
417 4567 664 4633 εἰπόντος
713 4572 1053 4642 Ἐπιφανίου,
1108 4563 1641 4658 συνεξῆλθενὴμῖνό

52 4657 309 4724 βασιλεὺς
348 4661 412 4712 ἐκ
443 4662 535 4714 τοῦ
562 4665 832 4733 ταμιείου,
863 4669 955 4721 καὶ
974 4672 1342 4741 παρεκάλεσεν
1363 4677 1454 4731 τὸν
1480 4657 1638 4732 νἘπι-

1774 2297 1834 2343 ut
1863 2290 2068 2359 aliquot
2094 2291 2211 2345 dies
2240 2302 2549 2347 versaretur
2579 2294 2630 2346 in
2656 2296 2824 2364 regia,
2858 2293 3191 2364 Epiphanius
3218 2310 3348 2350 cau-

1774 2394 1889 2433 sam
1947 2396 2047 2435 eur
2108 2381 2377 2450 proﬁcisci
2440 2383 2599 2436 vellet
2647 2384 2883 2437 dicebat.
2937 2386 3005 2439 At
3052 2384 3347 2454 imperator

1776 2485 1967 2525 rursus
1994 2471 2222 2527 retinuit
2260 2473 2643 2543 Epiphaniam.
2675 2473 2831 2529 Mane
2886 2484 3066 2530 autem
3108 2477 3341 2546 ingredi-

1772 2570 1859 2615 tur
1879 2560 2097 2631 quidam
2123 2579 2189 2619 ex
2224 2565 2291 2619 iis
2315 2604 2329 2628 ,
2366 2566 2459 2633 qui
2486 2582 2747 2636 responsa
2774 2566 3037 2631 referunt,
3075 2568 3127 2622 in
3163 2570 3342 2622 aulam

1771 2655 1995 2723 regiam,
2024 2655 2212 2711 dicens
2223 2655 2638 2713 Faustinianum
2657 2660 2914 2730 Cyprium
2932 2660 3095 2715 vitam
3116 2661 3341 2718 tiniisse.

1768 2746 1904 2799 Cum
1931 2747 2044 2802 haec
2067 2748 2329 2804 audiisset
2350 2749 2715 2820 Epiphanius,
2744 2752 2883 2806 luxit
2906 2752 3341 2807 Faustinianum.

1770 2836 2017 2893 Decrevit
2046 2849 2226 2894 autem
2262 2841 2579 2911 imperator,
2605 2852 2664 2897 ut
2695 2843 3113 2898 deferrenturiu
3149 2844 3340 2898 tiscnm

1766 2946 2106 3002 quaecunque
2153 2943 2311 2989 erant
2357 2933 2720 3002 Faustiniani,
2755 2937 2992 2991 maxime
3024 2937 3169 3006 quod
3213 2953 3336 3006 pro-

1767 3022 1870 3076 lem
1906 3038 2013 3079 non
2041 3025 2357 3095 reliquisset
2390 3044 2554 3096 super
2582 3041 2800 3083 terram.
2836 3029 2983 3084 Dixit
3025 3045 3154 3085 vero
3204 3031 3333 3098 Epi-

1765 3114 2003 3183 phanius
2050 3117 2366 3182 imperatori
2405 3137 2418 3173 :
2462 3118 2593 3174 Vide
2620 3161 2633 3183 ,
2662 3136 2695 3175 o
2726 3121 2799 3174 lili
2824 3163 2838 3186 ,
2872 3137 2939 3176 ne
2989 3136 3199 3187 pecces.
3239 3121 3333 3177 Est

1761 3204 1908 3258 enim
1939 3221 2079 3260 uxor
2104 3206 2443 3263 Faustiniani
2474 3208 2640 3264 Deum
2664 3226 2728 3266 ex
2762 3213 2926 3266 corde.
2971 3214 3179 3267 colens.
3209 3212 3333 3268 Cre-

1763 3294 1831 3349 de
1862 3296 2042 3351 verbis
2074 3296 2384 3367 Epiphanii,
2418 3308 2471 3353 et
2493 3301 2595 3354 erit
2620 3301 2713 3354 tibi
2758 3303 2928 3372 gratia
2957 3304 3099 3371 apud
3133 3304 3320 3361 Altissi

1763 3402 1934 3440 mum.
1962 3386 2117 3449 Tum:
2168 3389 2391 3444 tradidit
2444 3390 2737 3460 imperator
2783 3393 3161 3447 auctoritatem
3208 3393 3331 3463 Epi-

1764 3479 1967 3547 phanio
1998 3479 2053 3533 in
2082 3482 2337 3537 omnibus
2368 3483 2531 3537 rebus
2578 3481 2936 3539 Faustiniani.
2977 3484 3121 3539 Dixit
3150 3497 3330 3543 autem

1684 3549 1726 3607 (ί
1764 3570 2103 3642 Epiphanius
2154 3574 2470 3643 imperatori
2503 3595 2516 3631 :
2566 3575 2747 3631 Habeo
2784 3576 2953 3632 Deum
2979 3619 2994 3642 ,
3026 3593 3058 3633 ο
3090 3581 3201 3644 fili,
3238 3583 3328 3650 qui

1760 3663 1895 3717 mihi
1930 3665 2156 3733 praebet,
2192 3682 2314 3736 qua:
2341 3679 2467 3722 sunt
2488 3670 2796 3724 necessaria
2825 3689 2837 3724 :
2867 3671 2961 3725 sed
3004 3674 3119 3728 hare
3147 3675 3327 3729 omnia

1757 3769 1826 3808 ex
1890 3754 2040 3809 illius
2101 3758 2347 3812 mulieris
2403 3759 2673 3813 sententia
2716 3760 2968 3815 dabimus
3012 3764 3325 3834 egentibus.

1757 3843 1895 3900 Cum
1930 3846 2046 3902 haec
2101 3847 2269 3917 igitur
2311 3848 2627 3917 imperatori
2678 3849 2905 3906 dixisset
2944 3850 3283 3921 Epiphanius
3310 3895 3324 3921 ,

1755 3935 2055 4005 imperator
2083 3937 2222 3992 dixit
2248 3939 2296 3994 ei
2332 3957 2345 3993 :
2388 3938 2536 4004 Pete,
2568 3940 2747 4007 Pater,
2772 3957 2834 3997 ea
2865 3944 3066 4013 quibus
3094 3945 3323 4015 indiges,

1752 4035 1807 4082 et
1833 4043 1895 4081 ea
1927 4028 2174 4084 lubenter
2209 4031 2301 4085 tibi
2328 4032 2487 4087 dabo.
2521 4031 2840 4103 Imperatori
2887 4038 3166 4106 respondit
3198 4037 3322 4107 Epi-

1752 4122 1990 4193 phanius
2021 4141 2033 4176 :
2071 4124 2339 4196 Perpetuo
2379 4143 2537 4183 serva
2587 4145 2740 4185 meos
2799 4146 3111 4199 sermones,
3144 4146 3197 4190 et
3234 4151 3321 4191 me

1751 4216 1912 4283 habe,
1943 4218 2039 4285 lili,
2072 4217 2125 4272 in
2159 4220 2344 4273 animo
2378 4227 2493 4274 tuo.
2526 4220 2662 4275 Cum
2687 4222 2800 4277 haec
2827 4223 3053 4279 dixisset
3086 4224 3320 4296 Epipha-

1749 4312 1892 4373 nius,
1946 4325 2052 4365 una
2104 4311 2392 4367 nobiscum
2442 4327 2508 4367 ex
2569 4313 2691 4368 aula
2747 4330 3001 4385 egressus
3038 4326 3120 4370 est
3148 4318 3314 4387 impe-

1746 4410 1925 4465 rator,
1954 4412 2006 4457 et
2053 4404 2264 4473 rcgavit
2287 4402 2674 4475 Epiphanium,
2711 4416 2770 4460 ut
2814 4406 2917 4461 sibi
2952 4406 3312 4463 benediceret.
3340 4399 3365 4415 “

1744 4492 1993 4563 Cumque
2038 4497 2341 4552 orationem
2393 4497 2614 4553 fecisset
2642 4497 3000 4567 Epiphanius,
3037 4499 3314 4555 benedixit

1744 4585 2083 4655 imperatori,
2116 4598 2170 4643 et
2196 4605 2320 4643 eum
2356 4592 2631 4646 salutavit.
2662 4592 2728 4646 Et
2759 4608 3011 4648 reversus
3040 4604 3124 4647 est
3150 4595 3314 4664 impe-

1742 4690 1893 4734 rator
1936 4681 1989 4733 in
2019 4697 2151 4750 pace
2183 4682 2235 4736 in
2258 4682 2439 4736 aulam
2486 4698 2641 4737 suam
2677 4700 2692 4749 ;
2721 4698 2820 4739 nos
2844 4700 2970 4739 vero
2999 4684 3175 4754 spatio
3207 4702 3309 4740 no-

50 4750 234 4814 φάνισν
268 4754 429 4816 ὅπως
460 4754 622 4808 αὐτὸν
660 4757 963 4828 εὐλογήσει.
1024 4764 1134 4815 Καὶ
1194 4767 1425 4836 ποιήσας
1472 4770 1637 4845 εὐχὴν

1765 4786 1858 4825 'em
1887 4771 2096 4826 dierum
2121 4773 2497 4842 navigavimus
2522 4773 2574 4826 in
2604 4773 2862 4844 Cyprum,
2886 4783 2939 4829 et
2962 4774 3159 4831 fratres
3180 4795 3306 4832 cum

48 4842 375 4948 Ἕξπιφάνιος
400 4846 723 4948 ἐύλόγησεν
760 4851 867 4948 ’τον
906 4852 1147 4922 βασιλέα,
1206 4860 1299 4911 καὶ
1350 4842 1634 4929 ἠσπάσατο
1666 4893 1674 4948 1

1765 4879 1937 4934 nagno
1967 4880 2068 4921 nos
2096 4866 2293 4935 gaudio
2310 4876 2640 4935 exceperunt
2673 4884 2686 4933 ;
2733 4866 3152 4940 invenimusque
3176 4888 3310 4927 uxo-

46 4934 222 5001 αὖτὺν,
256 4937 361 4989 καὶ
390 4938 730 5012 ὑπέστρεψεν
750 4942 779 4994 ὁ
810 4942 1058 5012 βασιλεὺς
1078 4948 1135 4999 ἐν
1164 4950 1240 5020 τῷ
1268 4955 1499 5025 ταμιείῳ
1526 4956 1620 5009 αύ-

44 5025 131 5077 τοῦ
162 5027 287 5097 μετ’
319 5030 565 5100 εἰρήνης.
610 5032 801 5104 Ἡμεῖς
832 5034 888 5088 δὲ
940 5035 1008 5089 δι’
1058 5040 1211 5092 ἐννέα
1243 5044 1462 5114 ἡμερῶν
1515 5049 1622 5101 άπ-

44 5117 394 5190 επλεύσαμεν
421 5121 481 5173 ἐν
500 5120 727 5194 Κύπρῳ,
756 5126 848 5178 καὶ
874 5126 1200 5193 ἀπεδέξαντο
1221 5133 1366 5201 ἡμᾶς
1400 5136 1447 5186 oi
1472 5136 1624 5189 ἀδελ-

42 5209 127 5273 φοὶ
161 5210 312 5279 μετὰ
355 5214 534 5283 χαρᾶς
569 5216 836 5286 μεγάλης·
871 5218 1108 5290 εὕρομεν
1144 5221 1202 5275 δὲ
1248 5224 1351 5294 τὴν
1388 5231 1620 5294 γυναῖκα

38 5300 431 5355 Φαυστινιανοῦ
500 5305 799 5360 πενθοῦσαν
846 5310 974 5380 περὶ
1040 5311 1135 5365 τοῦ
1184 5315 1373 5387 ἀνδρὸς
1428 5320 1619 5389 αὐτῆς,

40 5393 141 5444 Καὶ
168 5396 608 5467 παρεμυθήσατο
644 5400 813 5471 αὐτὴν
866 5403 1183 5473 Ἐπιφάνιος
1219 5409 1309 5461 ἐπὶ
1368 5412 1512 5483 πάσῃ
1553 5418 1618 5485 τῇ

38 5481 206 5552 Θίλίψει
234 5487 437 5556 αὐτῆς,
467 5489 563 5541 καὶ
583 5491 806 5563 ἐπείσθη
827 5497 939 5558 τοῖς
964 5494 1141 5564 λόγοις
1169 5499 1353 5562 αὐτοῦ,
1374 5503 1465 5555 καὶ
1483 5481 1619 5577 παρξ

1736 4972 1851 5010 rem
1883 4956 2224 5012 Faustiniani
2269 4958 2546 5029 lugentem
2602 4961 2857 5014 maritum
2890 4976 3073 5017 suum.
3104 4961 3312 5020 Conso-

1731 5049 1876 5103 latus
1901 5059 1983 5105 est
2016 5052 2182 5121 igitur
2210 5066 2327 5105 eam
2357 5050 2694 5122 Epiphanius
2719 5052 2773 5107 in
2798 5061 2910 5108 tota
2935 5070 3033 5109 sua
3058 5054 3309 5112 aﬂlictio-

1732 5157 1818 5197 ne.
1859 5142 1991 5209 Quae
2008 5144 2191 5213 paruit
2213 5144 2393 5199 verbis
2422 5142 2735 5214 Epiphanii,
2765 5145 3090 5216 rogavitque
3126 5148 3307 5211 illum,

1737 5245 1795 5290 ut
1829 5237 1985 5292 daret
2018 5237 2067 5291 ei
2108 5237 2159 5291 id
2199 5238 2343 5308 quod
2390 5249 2475 5295 est
2518 5240 2571 5293 in
2602 5239 2821 5296 Christo
2852 5241 3219 5311 signaculum,
3254 5251 3309 5296 et

1731 5328 2028 5398 baptizavit
2062 5345 2182 5385 eam
2207 5371 2222 5396 ,
2251 5340 2303 5386 et
2336 5331 2611 5387 ordinavit
2644 5348 2764 5387 eam
2795 5333 3165 5388 diaconissam
3201 5333 3305 5388 Ec-

1728 5420 1908 5473 etesiae
1940 5437 1954 5472 :
1989 5431 2044 5474 et
2080 5422 2261 5475 omnia
2296 5423 2417 5492 ejus
2447 5423 2585 5479 bona
2613 5439 2678 5478 ex
2713 5424 2980 5479 sententia
3011 5423 3303 5495 Epiphanii

1728 5511 1854 5565 data
1892 5520 2020 5566 sunt
2046 5512 2435 5584 indigentibus.

37 5577 293 5633 εκάλεσεν
347 5580 664 5652 Ἐπιιράνιον
721 5586 867 5652 ὅπως
901 5586 1061 5641 δώσει
1111 5589 1246 5661 αὐτῇ
1290 5591 1390 5662 τὴν
1437 5595 1496 5647 ἐν
1526 5599 1748 5672 Χριστῷ
1811 5604 2100 5674 σφραγῖδα,
2173 5607 2263 5662 καὶ
2313 5607 2579 5677 βαπτίσας
2648 5608 2836 5680 αὐτὴν,
2890 5610 3299 5682 ἐχειροτόνησεν
3388 5636 3391 5641 λ
