3800 6180
442 233 511 288 99
1745 228 1806 286 S.
1848 228 2188 285 EPIPHANII
2230 230 2407 286 VITA.

3586 223 3682 280 ιοο

441 343 611 414 αὐτὴν
638 341 882 398 διάκονον
909 359 1006 412 της
1026 341 1352 414 Ἐκκλησίας
1377 359 1389 371 ·
1441 342 1534 396 καὶ
1586 338 1654 412 ἦν
1682 343 1894 397 ἅπαντα
1937 343 2006 398 τὰ
2043 345 2340 434 πράγματα
2386 345 2553 416 αὐτῆς
2588 346 2645 399 ὲν
2693 347 2762 416 τῇ
2811 343 3007 416 γνώμῃ
3063 341 3381 413 Ἐπιφανίου
3432 339 3686 410 διδόμενα

443 443 553 502 τοῖς
585 438 880 509 δεομένοις.

515 527 652 582 LIX.
685 527 989 597 Aliquando
1013 535 1194 581 autem
1221 541 1502 582 sermones
1523 527 1754 582 contulit
1779 526 2010 598 Epipha—
2038 537 2084 592 Α

445 621 569 674 nius
608 635 733 674 cum
768 620 943 682 Aetio,
977 619 1068 688 qui
1098 627 1252 683 erat,
1283 626 1342 672 ut
1374 618 1548 681 aiunt,
1581 621 1870 689 episc0pus
1901 621 2006 674 Va-

447 711 887 764 lentinianorum.
931 708 1207 778 Erantque
1253 709 1588 764 Constantia:
1641 713 1795 766 multi
1846 712 2008 782 hujus

448 801 686 856 haeresis.
715 801 849 854 Cum
882 802 1045 870 igitur
1081 801 1266 855 multis
1299 802 1482 856 verbis
1529 804 1878 856 contenderet
1902 807 2009 855 Ae-

447 892 579 955 tius,
610 902 664 945 et
715 893 781 946 de
812 893 1093 946 Altissimo
1128 893 1329 946 multas
1366 894 1569 948 diceret
1600 895 1963 964 blasphemias
1989 934 2004 958 ,

445 984 584 1038 dixit
615 985 662 1038 ei
696 983 1067 1053 Epiphanius:
1107 985 1326 1054 Accipe,
1375 1001 1408 1040 ο
1460 986 1624 1055 impie
1649 986 1764 1039 Aeli
1791 1028 1804 1051 ,
1833 987 1885 1040 in
1917 1000 2010 1040 ore

445 1083 540 1128 tuo
596 1075 932 1144 repagulum,
979 1085 1032 1128 et
1063 1090 1170 1128 non
1215 1075 1452 1144 loqueris
1499 1075 1660 1128 verba
1700 1076 2007 1129 insolentia.

445 1167 579 1222 Cum
607 1169 842 1238 primum
874 1167 977 1222 hoc
1005 1167 1230 1221 dixisset
1257 1165 1610 1236 Epiphanius,
1649 1166 1800 1220 Aetio
1831 1181 1893 1220 os
1911 1165 2013 1220 fuit

443 1261 808 1326 obstructum,
853 1269 906 1313 et
958 1260 1026 1314 ab
1053 1259 1145 1313 illo
1185 1260 1271 1314 die
1319 1275 1426 1312 non
1459 1259 1635 1327 potuit
1666 1259 2012 1328 ampliuslo-

443 1354 561 1422 qui.
604 1352 743 1406 Cum
799 1361 977 1405 autem
1011 1351 1294 1415 vidissent,
1330 1351 1424 1421 qui
1457 1357 1613 1404 erant
1651 1350 1772 1418 ejus
1805 1358 1967 1404 secta:
1993 1388 2009 1414 ,

446 1445 592 1513 quod
643 1459 736 1513 per
767 1445 992 1498 verbum
1032 1443 1082 1497 ei
1125 1460 1187 1499 os
1231 1444 1596 1498 obstruxisset
1633 1441 2011 1511 Epiphanius,

446 1535 604 1604 proni
645 1550 843 1589 omnes
889 1535 1238 1600 ceciderunt,
1280 1545 1336 1591 et
1360 1536 1705 1589 anathemate
1728 1548 2013 1602 percusse-

445 1637 575 1681 runt
616 1641 770 1680 suam
819 1626 1156 1696 religionem,
1225 1634 1279 1681 et
1341 1626 1470 1681 facti
1507 1635 1636 1680 sunt
1692 1623 2010 1678 orthodoxi.

446 1718 648 1774 Mansit
704 1736 830 1775 vero
885 1721 1076 1775 Aetius
1130 1735 1225 1775 sex
1267 1719 1460 1774 diebus
1501 1733 1609 1772 non
1663 1717 2014 1786 loquens,et

447 1819 678 1880 septimo
722 1813 807 1866 die
837 1812 1001 1866 vitam
1026 1812 1187 1866 liniit.
1219 1810 1386 1864 Erant
1415 1820 1596 1865 autem
1638 1810 1758 1864 aliae
1793 1825 2012 1880 quoque

2178 526 2304 582 NG'.
2341 525 2477 578 Ποτὲ
2507 517 2600 577 οὖν
2653 523 2886 594 συνῆρεν
2940 521 3132 590 λόγους
3182 520 3497 589 Ἐπιφάνιος
3551 519 3686 590 πρὶς

2111 616 2315 670 Ἀέτιον
2365 604 2457 668 τὸν
2501 613 2795 666 ἐπίσκοπον
2851 610 2960 665 τῶν
3005 609 3483 666 Οὐαλεντινιανῶν.
3505 604 3686 662 Ἷισαν

2111 708 2288 779 πλήθη
2314 707 2404 760 ἐπὶ
2430 707 2529 778 τῆς
2560 705 2943 767 Κωνσττιτ-θιοτίσις
2964 705 3013 756 οἱ
3041 705 3140 775 τῆς
3168 703 3430 775 αἱρέσεως
3458 699 3687 769 ταύτης.

2111 800 2221 852 Καὶ
2244 799 2307 869 δὴ
2345 798 2618 860 πλείστοις
2666 797 2844 864 λόγοις
2896 794 3214 864 φιλονεικῶν
3262 795 3290 846 ὁ
3335 792 3569 853 Ἀἐτιος,
3601 791 3688 842 καὶ

2112 893 2192 952 εἰς
2219 888 2565 959 βλασφημίας
2599 887 2797 950 πολλὰς
2827 887 2952 958 περὶ
2983 885 3073 938 τὸν
3109 884 3370 953 ’Ὕψιστον
3420 881 3684 943 ἐλθόντος,

2113 976 2264 1034 εἶπεν
2289 981 2605 1049 Ἐπιφὰνιος
2633 981 2769 1050 πρὸς
2825 979 2986 1032 αὐτόν
3005 996 3018 1008 ⁸
3066 976 3234 1040 Λάϐε,
3296 975 3484 1045 φησὶν,
3515 975 3688 1028 Ἀέτιε

2112 1071 2523 1136 δυσσεϐέστατε,
2551 1071 2804 1140 κατόχιον
2844 1071 2936 1122 ἐπὶ
2965 1068 3042 1139 τῷ
3078 1067 3304 1137 στόματί
3332 1083 3448 1126 σου,
3475 1066 3573 1118 καὶ
3597 1066 3688 1136 ἕση

2118 1164 2192 1235 μὴ
2214 1163 2390 1216 λαλῶν
2417 1163 2680 1225 ἀτάκτους
2713 1160 2923 1230 λόγους.
2953 1161 3061 1212 Καὶ
3086 1159 3286 1220 εὐθέως
3311 1160 3339 1210 ό
3371 1157 3584 1219 Ἀέτιος
3605 1157 3690 1207 ἐπὶ

2112 1256 2190 1327 τῷ
2215 1256 2358 1326 λόγῳ
2390 1255 2710 1323 Ἐπιφανίου
2764 1252 3036 1324 ἐφιμώθη,
3065 1252 3160 1304 καὶ
3211 1251 3394 1303 οὐκέτι
3450 1248 3690 1319 ἠδυνήθη

2114 1349 2343 1419 λαλῆσαι
2367 1349 2525 1416 λόγον
2560 1348 2668 1401 ἀπὸ
2692 1348 2790 1415 τῆς
2821 1346 3031 1417 ἡμέρας
3061 1345 3296 1415 ἐκείνης.
3323 1343 3548 1404 ’ἰδόντες
3602 1337 3690 1393 οὖν

2113 1441 2163 1493 οἱ
2196 1441 2293 1510 τῆς
2324 1438 2585 1509 αἱρέσεως
2608 1437 2793 1497 αὑτοῦ,
2817 1436 2999 1490 amata
3025 1435 3182 1503 λόγου
3201 1433 3476 1502 ἐφίμωσεν
3503 1431 3689 1492 αὐτὸν,

2117 1532 2459 1602 προσέπεσαν
2494 1530 2729 1591 ἅπαντες
2761 1529 3084 1598 Ἐπιφανίῳ,
3141 1526 3238 1580 καὶ
3293 1523 3691 1592 ἀνεθεμάτισαν

2115 1624 2213 1694 τήν
2255 1623 2387 1674 ἰδίαν
2415 1621 2712 1693 θρησκείαν
2749 1619 2946 1686 αὐτῶν,
2981 1620 3075 1673 καὶ
3109 1618 3355 1686 ἐγένοντο
3376 1613 3653 1686 όρθόδοξοι
3676 1630 3689 1642 ·

2117 1715 2327 1785 ἔμεινεν
2349 1715 2405 1767 δὲ
2427 1717 2455 1766 ὁ
2480 1713 2682 1775 Ἀέτιος
2709 1711 2766 1778 ἒξ
2790 1711 3003 1783 ἡμέρας
3027 1709 3101 1781 μή
3127 1709 3321 1770 λαλῶν,
3345 1708 3525 1775 καὶτῇ
3547 1704 3694 1756 ἑϐδό-

2120 1823 2196 1880 μῃ
2243 1805 2427 1878 ἡμέρα
2469 1804 2762 1858 κατέλυσεν
2814 1804 2900 1858 τὸν
2936 1803 3049 1873 βίον
3081 1800 3266 1856 αὑτοῦ.
3299 1796 3480 1852 Ἦσαν
3513 1797 3577 1849 δὲ
3603 1798 3694 1849 καὶ

447 1903 696 1971 plurima-
726 1903 958 1959 haereses
984 1903 1039 1957 in
1072 1903 1246 1957 insula
1273 1901 1621 1973 Cypriorum,
1658 1902 1739 1955 Ine
1767 1901 2010 1966 scilicet,

2122 1895 2270 1951 ἄλλαι
2302 1894 2543 1947 πλεῖσται
2567 1893 2802 1964 αἱρέσεις
2829 1894 2885 1944 ὲν
2908 1894 2974 1962 τῇ
3008 1890 3265 1960 Κυπρίων
3287 1886 3462 1958 χώρα,
3486 1885 3691 1946 αἵτινές

448 1990 792 2062 Ophitarum,
847 1991 1310 2057 Sabellianorum,
1363 1989 1787 2056 Nicolaitarum,
1839 1990 2015 2045 Simo-

449 2083 738 2136 nianorum
766 2091 820 2136 et
849 2081 1414 2158 Carpocratianorum.
1439 2079 1516 2134 De
1532 2080 1616 2135 his
1647 2079 1864 2150 scripsit
1889 2079 2015 2150 Epi-

447 2176 684 2244 phanius
713 2173 997 2242 epistolam
1019 2173 1086 2226 ad
1109 2154 1490 2227 Theodosium
1516 2185 1923 2240 imperatorem,
1951 2178 2010 2224 ut

449 2264 840 2320 constitutione
877 2265 1023 2332 regia
1055 2280 1150 2319 eos
1178 2265 1472 2334 expelleret
1497 2280 1565 2318 ex
1601 2263 1803 2318 insula.
1837 2261 2009 2316 Erant

446 2357 592 2411 enim
628 2358 769 2412 inter
802 2372 896 2411 eos
932 2357 1033 2410 viri
1069 2356 1286 2420 divites,
1319 2356 1520 2425 quibus
1548 2354 1806 2410 mandata
1838 2353 2017 2409 fuerat

448 2464 578 2502 cura
632 2463 814 2503 rerum
862 2449 1250 2518 publicarum;
1304 2459 1359 2502 et
1409 2448 1788 2518 deprimebant
1825 2446 2015 2500 ortho-

449 2540 641 2594 doxos.
669 2541 804 2594 Cum
835 2547 1014 2594 autem
1045 2540 1346 2609 accepisset
1385 2540 1681 2608 imperator
1707 2539 1915 2594 litteras
1944 2537 2014 2590 ab

463 2629 786 2700 Epiphanio,
822 2632 1040 2701 scripsit
1067 2633 1121 2686 in
1154 2631 1292 2686 hanc
1319 2631 1550 2685 formam
1585 2649 1597 2684 :
1629 2630 1689 2684 Si
1720 2632 1844 2702 quis
1866 2630 2015 2686 Patri

447 2722 752 2793 Epiphanio
789 2726 1047 2794 episeopo
1081 2726 1318 2794 regionis
1349 2724 1676 2794 Cypriorum
1713 2740 1820 2778 non
1862 2733 2017 2794 paret

446 2831 543 2883 per
599 2816 760 2869 verba
810 2816 990 2870 divina
1014 2855 1031 2880 ,
1069 2826 1228 2870 exeat
1252 2832 1319 2870 ex
1352 2816 1531 2870 insula
1555 2857 1571 2882 ,
1610 2826 1665 2871 et
1693 2817 1898 2872 habitet
1927 2818 2016 2872 ubi

456 2908 594 2962 velit.
623 2905 681 2961 Si
722 2906 816 2976 qui
849 2917 1030 2961 autem
1057 2917 1183 2964 sunt
1203 2907 1405 2972 .amici,
1433 2915 1484 2960 et
1517 2907 1610 2959 lilii
1651 2907 2012 2976 pmnitentite,

444 3010 502 3053 et
531 2998 863 3053 confitentur
904 2999 1184 3052 communi
1213 2997 1400 3062 Patri,
1429 2998 1604 3068 quod,
1637 3014 1760 3052 cum
1784 3000 1893 3052 sint
1923 2999 2015 3054 de-

449 3092 612 3161 cepti,
658 3091 826 3144 velint
861 3093 1046 3146 venire
1073 3091 1139 3146 ad
1172 3093 1492 3158 veritatem,
1524 3102 1798 3156 maneant,
1833 3104 1889 3147 ut
1923 3094 2016 3148 do-

445 3193 676 3238 ceantur
704 3200 734 3236 a
763 3183 1044 3238 communi
1076 3182 1253 3237 Patre.
1278 3182 1434 3249 Quod
1461 3184 1696 3238 edictum
1719 3200 1840 3238 cum
1867 3193 2011 3239 esset
2039 3215 2080 3272 ο

449 3287 480 3326 a
516 3273 779 3327 militibus
830 3273 1090 3338 allatum,
1138 3282 1191 3328 et
1230 3274 1596 3342 publicatum,
1636 3274 1788 3328 multi
1821 3290 1890 3328 ex
1929 3275 2010 3330 eis

445 3367 799 3420 crediderunt
826 3366 1147 3436 Epiphanio.
1183 3365 1292 3432 Qui
1325 3381 1454 3422 vero
1498 3383 1608 3422 non
1638 3367 2006 3431 crediderunt,

459 3459 639 3514 statim
672 3458 826 3529 ejecti
859 3468 984 3514 sunt
1009 3450 1308 3517 exinsula.

519 3725 630 3784 LX.
678 3725 806 3781 Erat
853 3737 1034 3781 autem
1079 3727 1417 3783 Alexandria:
1462 3728 1680 3798 quidam
1729 3728 2013 3799 episcopus

449 3821 670 3873 nomine
703 3818 1053 3889 Theophilus.
1106 3818 1156 3874 ls
1190 3819 1378 3875 habuit
1425 3835 1676 3890 magnam
1727 3819 2012 3890 Epiphanii

449 3913 718 3968 notitiam.
765 3911 932 3968 Erant
963 3928 1090 3968 vero
1131 3921 1240 3967 tres
1284 3912 1480 3968 fratres
1523 3912 1879 3977 Alexandriae,
1916 3913 2012 3968 ﬁlii

450 4004 819 4069 lleraeleonis,
850 4005 943 4074 qui
978 4004 1334 4074 imperaverat
1359 4003 1413 4058 in
1438 4020 1502 4058 ea
1535 4005 1772 4059 civitate.
1799 4003 2012 4058 Mortuo

448 4113 576 4152 VLth
606 4108 757 4168 patre
783 4112 991 4162 eorum,
1022 4107 1131 4152 tres
1165 4111 1228 4152 ex
1265 4112 1534 4153 consensu
1568 4098 1857 4152 voluerunt
1894 4113 2015 4154 esse

449 4189 722 4244 monachi.
780 4187 885 4254 Qui
937 4189 1158 4258 profecti
1229 4190 1284 4243 in
1340 4188 1722 4254 solitudinem,
1776 4190 2013 4259 quietem

445 4284 678 4353 agebant
713 4283 765 4338 in
795 4284 1043 4348 silentio,
1084 4292 1138 4338 et
1183 4285 1406 4338 honesta
1457 4284 1564 4337 vita
1597 4291 1754 4338 erant
1780 4283 2009 4354 prmditi.

437 4371 485 4425 di
515 4381 673 4428 erant
717 4373 869 4427 valde
900 4373 1013 4427 noti
1047 4371 1343 4442 Theophilo
1370 4373 1706 4428 Alexandria:
1737 4374 2009 4444 episc0po.

447 4464 594 4530 Quos
627 4463 742 4533 ipse
774 4480 898 4519 cum
941 4462 1131 4519 fraude
1177 4465 1389 4518 induxit
1436 4466 1490 4520 in
1523 4466 1820 4532 civitatem,
1849 4479 2012 4537 atque

2113 1989 2249 2042 εἰσιν
2283 1982 2458 2041 αὗται·
2495 1988 2570 2058 (a)
2608 1986 2884 2055 Σοφισταί,
2928 1983 3288 2046 Σαϐελλιανοὶ,
3343 1976 3690 2039 Νικολαῖται,

2115 2081 2457 2151 Σιμωνιανοὶ,
2518 2079 2926 2141 Βασιλειδιανοῖ,
2989 2072 3490 2148 Καρποκρατιανοί.
3550 2072 3693 2141 Περὶ

2113 2174 2316 2226 τούτων
2359 2173 2677 2241 Ἐπιφὰνιος
2724 2170 2959 2240 ἔγραψεν
3008 2169 3298 2239 ἐπιστολὴν
3349 2165 3428 2236 τῷ
3478 2164 3694 2234 βασιλεῖ

2115 2266 2394 2336 Θεοδοσίῳ,
2444 2267 2591 2328 ὅπως
2653 2264 2760 2318 ἀπὸ
2804 2261 3101 2327 διατάξεως
3135 2260 3414 2330 βασιλικῆς
3463 2260 3694 2320 τούτους

2113 2357 2290 2420 διώξει
2327 2357 2429 2426 τῆς
2463 2357 2645 2426 νήσου.
2675 2351 2855 2407 τΗσσιν
2885 2354 2991 2425 γὰρ
3020 2353 3210 2424 ἄνδρες
3241 2351 3484 2404 πλούσιοι
3514 2353 3577 2404 ὲν
3598 2351 3695 2403 αύ-

2113 2453 2246 2512 τοῖς,
2280 2449 2474 2512 οἵτινες
2503 2449 2595 2501 καὶ
2618 2446 3024 2500 ὲνεπιστεύοντο
3058 2445 3247 2515 χρείας
3275 2445 3567 2515 δημοσίας,
3605 2447 3696 2497 καὶ

2116 2542 2429 2594 ἐταπείνουν
2460 2542 2585 2604 τοὺς
2620 2539 2952 2611 ὀρθοδόξονς.
2984 2537 3288 2607 Δεξάμενος
3317 2532 3408 2589 οὖν
3465 2539 3496 2589 ό
3541 2537 3697 2607 βασι-

2114 2637 2238 2700 λεὺς
2263 2636 2329 2689 τὰ
2360 2636 2662 2707 γράμματα
2713 2633 2865 2704 παρὰ
2919 2634 3262 2702 Ἐπιφανξου,
3313 2633 3403 2685 καί
3434 2631 3695 2698 ἐποίησεν

2115 2726 2279 2779 τύπον
2310 2725 2565 2778 τοιοῦτον.
2602 2724 2668 2776 Εῖ
2685 2741 2767 2786 τις
2788 2723 2862 2794 τῷ
2901 2722 3072 2792 Πατρὶ
3117 2721 3416 2791 Ἐπιφανίῳ
3444 2719 3527 2789 τῷ
3578 2722 3698 2772 ἑπι-

2126 2816 2312 2884 σκόπῳ
2357 2816 2454 2885 τῆς
2487 2815 2748 2885 Κυπρίων
2782 2812 2961 2883 χώρας
2996 2813 3094 2882 οὐχ
3135 2811 3397 2864 ὑπακούει
3450 2810 3544 2864 διὰ
3589 2810 3696 2861 τῶν

2116 2908 2273 2962 θείων
2299 2908 2490 2976 λόγων,
2524 2904 2829 2976 ἐξερχέσθω
2875 2906 2974 2974 τῆς
3002 2907 3188 2974 νήσου,
3241 2903 3336 2957 καὶ
3382 2904 3521 2956 ὅπου
3552 2901 3696 2954 θέλει

2116 3001 2452 3054 κατοικείτω.
2486 2999 2548 3050 Εἰ
2597 2998 2654 3050 δέ
2689 3013 2828 3059 τινες
2873 2996 3015 3064 φίλοι
3050 2996 3198 3058 ὄντες
3249 2996 3344 3048 καὶ
3387 2994 3562 3047 τέκνα
3598 2994 3696 3063 τῆς

2119 3092 2422 3164 μετανοίας,
2456 3091 2550 3143 καὶ
2595 3089 2944 3160 ὁμολογοῦσιν
2998 3087 3076 3158 τῷ
3128 3087 3291 3159 κοινῷ
3340 3087 3559 3157 Πατρὶ,
3616 3087 3696 3138 ὅτι

2117 3183 2477 3252 πλανηθέντες
2515 3179 2814 3250 βουλόμεθα
2851 3181 2928 3242 εἰς
2973 3179 3070 3250 τὴν
3119 3179 3238 3230 ὁδὸν
3286 3178 3387 3247 τῆς
3432 3177 3698 3247 ἀληθείας

2114 3273 2286 3326 ἐλθεῖν
2307 3291 2319 3304 ·
2364 3272 2700 3343 μεινάτωσαν
2724 3273 2814 3323 ἐπὶ
2840 3270 2939 3340 τῆς
2960 3274 3146 3342 νήσου,
3187 3270 3570 3340 διδασκόμενοι
3593 3269 3696 3320 ὑπὸ

2111 3367 2204 3420 τοῦ
2231 3366 2408 3419 κοινοῦ
2437 3365 2666 3438 Πατρός.
2724 3363 2828 3417 Τοῦ
2856 3360 2947 3417 οὖν
2978 3363 3148 3416 τύπου
3193 3363 3346 3433 παρὰ
3392 3379 3695 3433 στρατευο-

2117 3462 2277 3532 μένου
2306 3460 2548 3522 ἐλθόντος
2569 3458 2661 3511 καὶ
2683 3456 3125 3528 ὲμερανισθέντος,
3151 3454 3334 3507 πολλοὶ
3356 3453 3697 3524 ἐπείσθησαν

2114 3553 2172 3618 ἐξ
2197 3553 2372 3608 αὐτῶν
2415 3553 2736 3622 Ἐπιφανίῳ.
2793 3553 2856 3604 Οἱ
2885 3551 2941 3604 δὲ
2996 3552 3072 3622 μὴ
3123 3549 3432 3602 πεισθέντες
3482 3550 3696 3612 εὐθέως

2113 3643 2443 3714 ἐδιώχθησαν
2475 3645 2538 3694 ἐκ
2571 3643 2669 3710 τῆς
2699 3643 2886 3711 νήσου.

2181 3735 2254 3788 Ξ’.
2284 3731 2390 3788 τΗν
2421 3734 2476 3786 δέ
2518 3751 2600 3796 τις
2631 3735 2922 3796 ἐπίσκοπος
2953 3735 3010 3785 ὲν
3051 3731 3424 3802 Ἀλεξανδρείᾳ
3451 3729 3699 3799 τοῦνομα

2112 3826 2385 3896 Θεόφιλος.
2446 3821 2610 3888 Οὗτος
2653 3820 2718 3894 ἦν
2765 3825 2821 3876 ὲν
2871 3822 3064 3890 γνώσει
3117 3822 3284 3892 πολλῇ
3347 3821 3692 3887 Ἐπιφανίου.

2111 3915 2291 3972 Ἶίσαν
2331 3919 2386 3970 δὲ
2428 3921 2574 3988 τρεῖς
2606 3917 2824 3986 ἀδελφοὶ
2857 3919 2912 3968 ὲν
2955 3913 3356 3984 Ἀλεξανδρείᾳ,
3404 3913 3516 3964 υἱοὶ
3547 3913 3698 3980 γινό-

2116 4029 2265 4082 μενοι
2303 4009 2696 4080 Ἦρακλέωνος,
2725 4009 2816 4060 τοῦ
2847 4007 3107 4078 ἄρξαντος
3146 4008 3238 4058 ἐπὶ
3263 4007 3360 4075 τῆς
3388 4006 3568 4076 αὐτῆς
3597 4007 3697 4057 πόε-

2112 4101 2267 4164 λεως.
2319 4099 2746 4171 Τελευτήσαντος
2789 4098 2845 4150 δὲ
2890 4097 2982 4150 τοῦ
3035 4096 3237 4167 πατρὸς
3279 4097 3494 4158 αὐτῶν,
3554 4097 3696 4148 κατὰ

2115 4190 2327 4244 σύνεσιν
2358 4191 2408 4243 οἰ
2449 4193 2595 4260 τρεῖς
2643 4188 3022 4241 ἐϐουλεύσαντο
3068 4187 3315 4257 μονάσαι.
3345 4187 3458 4239 Καὶ
3490 4186 3562 4257 δὴ
3601 4203 3698 4238 πο-

2115 4285 2395 4356 ρευθέντες
2433 4284 2489 4336 ὲν
2535 4285 2600 4354 τῇ
2636 4284 2846 4353 ἐρήμῳ,
2872 4277 3010 4352 ἦσαν
3045 4283 3102 4333 ἐν
3140 4279 3341 4350 ἡσυχία
3368 4278 3570 4349 πολλῇ,
3603 4281 3697 4332 καὶ

2114 4378 2213 4448 βίῳ
2260 4376 2520 4446 πρέποντι
2558 4356 2979 4445 κεκοσμημένοι.
3029 4366 3186 4425 Οὗτοι
3215 4367 3356 4442 ἦσαν
3402 4373 3458 4423 ὲν
3489 4371 3697 4438 γνώσει

2113 4471 2280 4541 πολλῇ
2311 4469 2552 4539 Θεοφίλῳ
2579 4467 2656 4538 τῷ
2681 4468 2960 4536 ἐπισκόπῳ
2980 4466 3080 4536 τῆς
3107 4464 3542 4535 Ἀλεξανδρείας.
3571 4465 3703 4517 Τού-

446 4559 580 4612 adeo
616 4558 809 4623 effecit,
851 4568 910 4612 ut
943 4557 1016 4611 ibi
1051 4567 1277 4612 starent.
1310 4556 1458 4612 Fecit
1485 4566 1666 4612 autem
1697 4573 1763 4613 ex
1797 4560 1863 4613 iis
1895 4576 2008 4612 ina-

2122 4579 2234 4625 mu;
2278 4561 2374 4632 μὲν
2413 4559 2666 4628 Θεόφιλος
2715 4559 3028 4627 εἰσήνεγκεν
3074 4558 3164 4609 ἐπὶ
3213 4557 3312 4624 τὴν
3359 4555 3521 4609 πόλιν
3560 4557 3698 4625 μετὰ

443 4651 615 4720 jorem
651 4651 964 4721 episcopum
1009 4651 1063 4704 in
1098 4665 1205 4704 una
1249 4651 1378 4704 urbe
1424 4649 1655 4720 Aﬂgypti.
1691 4651 1841 4706 Alios
1887 4665 2010 4706 vero

447 4743 574 4796 fecit
603 4742 862 4796 diaconos
905 4749 960 4794 et
999 4755 1314 4794 (nconomos
1348 4739 1620 4795 Ecclesiae.
1651 4740 1782 4796 Cum
1831 4753 2012 4795 autem

450 4842 690 4901 tempore
739 4832 900 4885 trium
942 4847 1210 4886 annorum
1255 4830 1486 4886 fuissent
1516 4832 1784 4886 teconomi
1814 4831 2014 4887 Eccle-

447 4925 563 4988 siae,
595 4924 1002 4992 sensissemque
1046 4939 1105 4977 se
1145 4939 1266 4978 esse
1297 4933 1543 4977 mortuos
1577 4922 1745 4994 (quod
1779 4923 1844 4977 ad
1875 4923 2015 4977 divi-

447 5033 573 5071 nam
609 5015 868 5070 attinebat
915 5015 1188 5084 gratiam),
1223 5032 1290 5069 ex
1329 5031 1599 5071 consensu
1645 5015 1753 5070 duo
1783 5028 2010 5084 rogave-

448 5119 578 5164 runt
605 5107 984 5176 Theophilum,
1019 5115 1077 5160 ut
1105 5121 1200 5160 eos
1245 5108 1370 5161 illuc
1396 5108 1707 5173 dimitteret,
1735 5106 1826 5160 ubi
1862 5107 2011 5174 prius

449 5199 784 5252 habitabant.
823 5198 924 5261 Qui
970 5211 1093 5250 cum
1127 5196 1339 5250 illorum
1377 5198 1624 5266 precibus
1672 5212 1778 5250 non
1814 5197 2014 5250 cessis-

448 5300 554 5354 set,
589 5291 748 5344 ambo
777 5290 850 5343 illi
887 5290 1024 5344 inter
1053 5305 1111 5344 se
1152 5289 1520 5356 conspirantes
1566 5289 1833 5355 abierunt,
1869 5299 1920 5342 et
1953 5291 2005 5342 in

450 5382 798 5438 solitudinem
868 5389 1250 5445 recesserunt,
1315 5380 1404 5433 ubi
1466 5382 1615 5449 prius
1673 5381 2006 5433 habitabant.

447 5475 805 5546 (Theophilus
827 5490 953 5529 vero
974 5489 1067 5529 eos
1089 5473 1318 5528 triennio
1339 5473 1566 5542 privavit
1587 5472 2010 5544 communione.)

522 5656 599 5725 (tt)
635 5655 897 5725 lutet-pres
921 5654 1045 5725 legit
1084 5656 1312 5723 Ὀφῖται,
1338 5652 1478 5722 quod
1518 5655 1828 5722 probamus.

2112 4655 2345 4725 ἀπάτης,
2388 4653 2480 4706 καὶ
2521 4650 2894 4722 ήσφαλήσατο.
2932 4650 3212 4719 Ἐποίησεν
3244 4647 3300 4700 δὲ
3332 4647 3425 4700 τὸν
3465 4647 3696 4717 μείζονα

2111 4745 2290 4797 αὐτῶν
2319 4741 2611 4795 ἐπίσκοπον
2642 4741 2720 4803 εἰς
2761 4741 2886 4810 μίαν
2917 4739 3069 4791 πόλιν
3100 4738 3197 4808 τῆς
3224 4735 3531 4804 Αἰγύπτου·
3569 4739 3700 4799 τοὺς

2111 4835 2168 4888 δὲ
2215 4835 2405 4897 ἄλλους
2449 4833 2701 4904 ἐποίησεν
2751 4831 3026 4893 διακόνους
3073 4831 3164 4884 καὶ
3214 4828 3544 4898 οἰκονόμους
3598 4829 3698 4896 τῆς

2115 4925 2462 4996 Ἐκκλησίας.
2497 4924 2825 4995 Ποιήσαντες
2871 4923 2928 4975 δὲ
2976 4920 3383 4991 οἰκονομοῦντες
3433 4921 3538 4991 τήν
3568 4921 3698 4973 Ἐκο

2117 5019 2342 5089 κλησίαν
2388 5017 2574 5088 τριετῆ
2620 5016 2838 5088 χρόνον,
2881 5017 2969 5070 καὶ
3004 5014 3311 5084 αἰσθόμενοι
3344 5015 3580 5076 ἑαυτοὺς
3609 5032 3698 5066 νε-

2116 5111 2447 5182 κρουμένους
2473 5110 2607 5182 πρὸς
2631 5111 2729 5181 τὴν
2757 5108 2941 5180 θεῖκὴν
2969 5112 3146 5179 χάριν,
3177 5106 3579 5169 καταλιπόντες
3597 5108 3700 5174 τὴν

2115 5204 2364 5272 ἡσυχίαν,
2394 5204 2486 5254 καὶ
2524 5201 2661 5255 κατὰ
2705 5201 2916 5254 σύνεσιν
2956 5203 3007 5253 οἱ
3048 5200 3140 5252 δύο
3180 5198 3574 5270 παρεκάλεσαν
3609 5198 3698 5248 τὸν

2115 5296 2388 5364 Θεόφιλον,
2420 5297 2565 5358 ὅπως
2592 5294 2807 5358 τούτους
2835 5293 3092 5347 ἀπολύσει
3132 5292 3259 5345 ἔνθα
3307 5291 3364 5343 τὸ
3392 5291 3532 5361 πρὶν
3562 5307 3698 5344 κατ-

2115 5391 2309 5459 ῴκουν.
2343 5391 2451 5442 Καὶ
2479 5391 2552 5460 μὴ
2581 5389 2817 5455 εἴξαντος
2853 5393 2916 5460 τῇ
2946 5388 3149 5440 τούτων
3173 5386 3554 5456 παρακλήσει,
3589 5386 3697 5436 πα·

2116 5481 2197 5533 λιν
2231 5483 2274 5533 οἰ
2309 5481 2400 5533 δύο
2441 5482 2891 5552 ὀμοφωνήσαντες
2931 5475 3282 5550 ἀνεχώρησαν
3321 5479 3417 5532 καὶ
3448 5475 3696 5547 ἀπῆλθον
