3800 6180
117 255 203 309 101
1405 249 1459 302 S.
1499 249 1835 305 EPI'PHANII
1875 251 2052 306 VlTA.

3243 258 3348 314 10’2

111 373 164 425 ἐν
195 372 260 440 τῇ
295 371 503 439 ἐρήμῳ,
530 368 662 420 ὅπου
693 365 755 419 τὸ
800 365 927 436 πρὶν
957 365 1257 435 κατῴκουν.
1302 365 1362 417 ’0
1409 361 1500 419 οὖν
1531 365 1648 418 Θεό-

1761 367 2007 436 Cumque
2050 368 2278 422 multum
2326 378 2647 438 rogassent,
2683 378 2744 424 ut
2785 370 2888 426 sibi
2939 373 3346 441 permitteretur

113 461 249 531 φιλος
277 461 522 528 ἐποίησεν
542 459 761 518 τούτους
781 455 1116 518 ἀσυνάκτους
1145 455 1237 508 καὶ
1269 455 1665 526 ἀκοινωνὴτους

111 551 279 622 τριετῆ
327 549 530 619 χρόνον.
577 547 687 600 Καὶ
737 546 906 600 πολλὰ
956 545 1436 616 παρακαλέσαντες
1456 587 1470 610 ,
1524 545 1663 599 ὥστε

112 641 507 712 συγχωρηθῆναι
547 640 729 701 αὐτοῖς
755 637 863 690 τῶν
892 637 1051 717 θείων
1087 637 1402 708 μυστηρίων
1431 637 1666 708 μεταλα-

109 733 228 795 ϐεῖν,
261 734 320 786 ού
371 729 744 802 συνεχώρησεν
788 733 816 784 ό
855 729 1110 799 Θεόφιλος
1156 728 1332 782 τοῦτο.
1377 725 1536 783 Οὗτοι
1572 725 1665 783 οὖν

107 825 516 894 ἀναγκασθέντες
558 825 786 895 ἀνῆλθον
818 825 909 876 ἐπὶ
953 824 1052 896 τὴν
1089 823 1336 894 βασιλίδα
1367 823 1538 886 πόλιν,
1573 823 1666 875 καὶ

110 918 434 990 προσέπεσαν
462 917 682 989 Ἰωάννῃ
707 916 783 986 τῷ
807 915 1036 986 ἐπίκλην
1061 915 1450 985 Χρυσοστὸμῳ.
1491 915 1548 966 ’0
1569 909 1663 966 οὖν

108 1010 357 1078 Ἰωάννης,
412 1006 596 1078 μαθὼν
625 1009 725 1077 τὴν
755 1007 963 1072 αἰτίαν,
1005 1006 1204 1078 γράφει
1240 1006 1376 1076 πρὸς
1403 1003 1661 1072 Θεόφιλον

106 1097 398 1167 επιστολὴν,
442 1096 772 1168 παρακαλῶν
814 1097 974 1150 αὑτὸν
1023 1097 1115 1148 ἐπὶ
1159 1098 1222 1166 τῇ
1257 1093 1518 1148 ἀπολύσει
1550 1093 1659 1148 τῶν

105 1189 185 1240 δύο
205 1186 462 1256 ἀδελφῶν.
502 1188 561 1239 '0
589 1182 682 1239 οὖν
704 1186 957 1254 Θεόφιλος
987 1186 1086 1238 οὐκ
1115 1185 1336 1256 ἐπείσθη
1368 1185 1446 1255 τῷ
1479 1185 1659 1238 Ἰωάν-

105 1297 161 1352 νῃ
209 1277 638 1351 παρακαλοῦντι⁸
693 1279 854 1333 πάλιν
907 1279 962 1332 δὲ
1005 1280 1070 1330 ἐκ
1115 1278 1366 1346 δευτέρου
1419 1276 1656 1349 ἔγραψεν

1768 458 1951 511 divina
1979 473 2192 512 sumere
2220 468 2584 522 sacramenta,
2613 461 2715 514 hoc
2737 475 2844 514 non
2871 462 3144 518 concessit
3164 461 3344 520 Theo-

1767 549 1969 618 philus.
2009 547 2044 600 li
2094 556 2276 601 autem
2322 551 2683 604 ascenderunt
2726 551 2779 604 in
2826 550 3048 620 regiam,
3076 559 3130 606 et
3161 554 3344 622 proci-

1768 640 1966 693 derunt
1996 639 2060 692 ad
2091 639 2255 707 pedes
2285 637 2531 702 Joannis,
2556 650 2919 710 cognomento
2943 640 3340 712 Chrysostomi.

1767 728 2006 783 Joannes
2039 744 2166 782 Vero
2213 744 2334 783 cum
2385 730 2665 785 didicisset
2711 747 2956 792 causam,
3001 732 3192 786 scribit
3224 732 3342 801 epi-

1769 821 1963 874 stolam
2018 820 2084 873 ad
2138 816 2522 888 Theophilum,
2573 837 2771 892 rogans
2825 839 2978 888 eum,
3035 832 3093 877 ut
3147 822 3342 880 fratres

1768 910 2082 964 dimitteret.
2137 909 2466 979 Theophilus
2511 921 2690 966 autem
2739 910 2929 966 Joanni
2981 914 3190 983 roganti
3231 928 3340 967 non

1766 1002 1965 1070 paruit.
2001 1000 2198 1055 lterum
2231 1016 2360 1070 ergo
2387 1003 2604 1071 scripsit
2635 1002 2874 1057 Joannes
2905 1003 3339 1058 adhortationem

1765 1091 2083 1162 Theophilo,
2115 1105 2167 1148 et
2198 1095 2294 1149 nec
2321 1096 2398 1150 sic
2431 1097 2610 1164 paruit
2648 1111 2661 1147 :
2708 1095 2945 1150 Joannes
2983 1097 3162 1166 itaque
3201 1097 3338 1149 libe-

1763 1185 1898 1237 ravit
1931 1185 2066 1239 duos
2095 1184 2289 1238 fratres
2319 1201 2346 1238 a
2376 1187 2767 1256 segregatione.
2819 1187 3017 1240 Exorta
3077 1198 3158 1242 est
3211 1202 3340 1257 pro-

1765 1284 1948 1344 pter-ea
1975 1276 2246 1331 discordia
2281 1279 2419 1331 inter
2444 1276 2705 1331 Joannem
2735 1288 2788 1332 et
2818 1278 3194 1348 Theophilum.

106 1375 337 1440 Ἰωάννης
383 1371 710 1442 παρακαλῶν
756 1371 849 1424 τὸν
894 1369 1171 1440 Θεόφιλον,
1199 1374 1292 1424 καὶ
1327 1369 1448 1423 οὔτε
1505 1369 1678 1431 οὕτως
1715 1366 1937 1436 ἐπείσθη
1988 1367 2066 1437 τῷ
2138 1370 2381 1444 Ἰωάννῃ.
2437 1371 2568 1422 Τότε
2630 1370 2881 1442 Ἰωάννης
2929 1369 3196 1423 ἀπέλυσεν
3240 1368 3334 1424 τοῦ

102 1461 388 1533 ἀφορισμοῦ
416 1462 540 1524 τοὺς
573 1461 667 1515 δύο
710 1460 997 1530 ἀδελφούς·
1025 1461 1100 1524 ὡς
1138 1463 1201 1514 ἐκ
1239 1460 1428 1514 τούτου
1472 1459 1656 1513 λοιπὸν
1693 1458 1906 1526 ἐγένετο
1934 1457 2075 1530 λύπη
2112 1460 2322 1531 μεγάλη
2354 1461 2554 1530 μεταξὺ
2591 1461 2844 1528 Θεοφίλου
2872 1463 2954 1514 καὶ
2996 1463 3260 1516 Ἰωάννου.

160 1560 272 1613 EA'.
303 1558 441 1611 Κατ’
485 1561 688 1610 ἐκεῖνον
729 1557 786 1610 δὲ
829 1558 918 1610 τὸν
959 1557 1148 1628 καιρὸν
1185 1553 1252 1628 ῆν
1302 1556 1660 1626 συγκλητικός

101 1667 174 1712 τις
204 1649 337 1718 ἀνὴρ
378 1647 605 1718 ὀνόματι
640 1647 1009 1715 Θεόγνωστος·
1041 1639 1195 1710 οὗτος
1229 1647 1552 1718 Χριστιανὸς
1583 1645 1658 1699 ὢν

1841 1553 1974 1609 LXI.
2007 1554 2131 1610 Fuit
2175 1565 2356 1610 autem
2390 1557 2680 1626 aliquando
2727 1557 2808 1610 Vir
2852 1558 3072 1627 quidam
3114 1567 3332 1614 senato-

1765 1645 1902 1712 rius,
1940 1647 2157 1701 nomine
2187 1646 2584 1718 Theoguostus.
2622 1647 2719 1703 llic
2752 1664 2874 1703 cum
2905 1659 3048 1704 esset
3075 1649 3334 1705 Christia-

102 1739 230 1812 εἶχεν
260 1739 347 1794 τὸν
397 1739 561 1808 φόϐον
589 1737 681 1791 τοῦ
719 1736 852 1790 Θεοῦ
892 1736 1251 1800 ἀδιαλείπτως
1269 1777 1284 1799 ,
1312 1738 1406 1790 καὶ
1431 1735 1648 1806 ἀγαπώ-

1759 1750 1895 1800 nus,
1946 1735 2134 1790 habuit
2179 1737 2396 1791 assidue
2442 1737 2690 1792 timorem
2736 1735 2828 1791 Dei
2879 1748 3004 1792 ante
3040 1739 3246 1804 oculos,
3275 1750 3333 1794 et

105 1849 246 1904 μενος
270 1831 376 1883 ὑπὸ
408 1829 504 1883 τοῦ
538 1829 817 1900 βασιλέως.
851 1828 1042 1892 ’Ἄλλος
1074 1828 1130 1881 δέ
1164 1846 1246 1892 τις
1277 1823 1343 1898 ἦν
1373 1829 1466 1881 καλ⁸
1494 1827 1654 1892 αὐτὸς

100 1925 184 1994 τῆς
210 1922 545 1994 συγκλήτου,
587 1920 860 1992 Δωρόθεος
895 1919 1242 1989 καλούμενος.
1275 1916 1384 1973 Ἦν
1415 1920 1471 1995 δὲ
1503 1915 1655 1983 οὗτος

101 2015 378 2086 Ἀρειανός.
410 2006 577 2076 Οὗτος
605 2012 978 2082 κατηγόρησεν
1005 2010 1370 2080 Θεογνὼςτου,
1397 2011 1478 2064 ὄτι
1512 2011 1657 2078 ’ύὸρι-

102 2123 179 2159 σεν
205 2106 290 2157 τὸν
317 2105 565 2175 βασιλέα’
604 2105 699 2156 καὶ
725 2103 816 2156 δύο
848 2104 1126 2174 μάρτυρας
1150 2102 1360 2172 ψευδεῖς
1383 2103 1656 2176 παρέστη-

101 2216 196 2260 σεν,
226 2199 315 2250 καὶ
361 2196 586 2268 ἤλεγξεν
623 2197 714 2248 τὸν
759 2195 1099 2264 Θεόγνωστον
1153 2195 1292 2248 κατά
1343 2195 1651 2266 πρόσωπον.

108 2287 159 2343 Ὀ
185 2285 271 2342 οὗν
299 2289 552 2359 βασιλεὺς
581 2287 856 2349 θεοδόσιος
885 2287 1166 2339 ἐκέλευσεν
1195 2286 1286 2339 τὸν
1313 2286 1653 2354 Θεόγνωστον

99 2380 456 2452 ἐξορισθῆναι,
493 2381 586 2433 καὶ
636 2379 705 2431 τὰ
750 2379 1046 2450 πράγματα
1089 2378 1252 2431 αὐτοῦ
1300 2377 1650 2449 δημευθῆναι.

101 2475 334 2543 Ἐμεινεν
364 2472 425 2524 δὲ
459 2474 522 2542 τῇ
570 2473 790 2540 γυναικὶ
831 2469 1174 2538 Θεογνώστου
1222 2470 1280 2522 ἒν
1311 2473 1650 2542 προαστεῖον,

98 2564 147 2629 ἐξ
170 2557 226 2617 οὗ
250 2564 348 2634 τὴν
378 2564 696 2633 ἀποτροφὴν
731 2559 894 2632 εῖχεν.
921 2557 1300 2632 Ἐτελεύτησεν
1327 2561 1384 2613 δέ
1409 2560 1652 2628 Θεόγνω-

38 2649 42 2654 ’
100 2673 205 2719 στος
231 2656 305 2718 ὡς
327 2654 541 2724 ὑπῆγεν
567 2656 624 2706 ἐν
651 2653 856 2724 ἐξερίᾳ.
884 2653 994 2722 Τῆς
1023 2648 1115 2706 οὖν
1147 2651 1462 2723 βασιλίσσης
1494 2651 1654 2704 E580-

97 2750 200 2816 είας
223 2748 545 2819 ἐξελθούσης
575 2748 702 2801 ποτὲ
731 2750 788 2801 ἐν
813 2745 892 2816 τῷ
916 2746 1220 2818 προκένσῳ,
1245 2745 1324 2816 τῷ
1353 2744 1526 2816 καιρῷ
1557 2745 1651 2798 τοῦ

94 2841 367 2912 epam-.03,
402 2840 531 2894 ἔνθα
558 2835 625 2911 ἦν
653 2839 714 2892 τὸ
752 2839 1071 2910 προαστεῖον
1098 2838 1198 2908 τῆς
1237 2837 1494 2906 γυναικὸς
1521 2838 1651 2891 Θεο-

98 2933 337 3001 γνώστου,
372 2933 477 2984 ούκ
508 2927 625 2984 οἶδα
667 2929 809 2984 κατά
849 2928 1007 2982 ποίαν
1049 2929 1224 2982 αἰτίαν
1251 2928 1563 2982 εἰσελθοῦσα
1593 2929 1650 2982 ἐν

97 3024 161 3094 τῷ
201 3022 483 3093 ἀμπελῶνι
529 3021 628 3091 τῆς
671 3020 926 3089 γυναικὸς
971 3022 1005 3090 ἠ
1057 3018 1338 3089 βασίλισσα
1379 3019 1650 3089 ἀπέτεμεν

98 3117 178 3165 ἕνα
203 3114 416 3186 βότρυν.
465 3108 636 3165 Εἶπαν
678 3111 734 3165 δέ
767 3129 910 3174 τινες
939 3110 1047 3164 τῶν
1075 3109 1438 3180 παρεστώτων
1462 3112 1525 3180 τῇ
1556 3108 1651 3178 βα-

100 3207 318 3277 σιλίσσῃ·
349 3205 621 3258 Δέσποινα
639 3246 652 3263 .
680 3202 955 3274 ἀλλότριός
983 3203 1130 3255 ἐστιν
1159 3204 1186 3254 ὁ
1216 3198 1506 3271 ἀμπελὼν,
1530 3199 1651 3253 ὅθεν

99 3298 348 3366 ἀπέτεμες
387 3297 485 3348 τὸν
518 3295 730 3366 βότρυν.
769 3293 931 3356 Ἐθος
957 3292 1014 3345 δέ
1049 3293 1164 3346 ἐστι
1204 3293 1318 3353 τοῖς
1347 3289 1651 3360 βασιλεῦσιν

98 3389 178 3440 καὶ
212 3390 326 3449 ταῖς
373 3385 743 3455 βασιλίσσαις,
793 3383 897 3436 κᾶν
940 3383 1076 3436 πόδα
1118 3383 1400 3450 ἐπενέγκοι
1436 3383 1516 3444 είς
1553 3381 1651 3452 τὴν

99 3477 381 3548 ἀλλοτρίαν,
415 3476 518 3530 κᾶν
553 3475 759 3547 καρπὸν
801 3473 954 3528 λάϐοι
983 3473 1091 3528 ἀπό
1127 3491 1270 3537 τινος
1302 3472 1410 3526 τῶν
1455 3472 1652 3545 καρπί-

100 3587 198 3638 μων
240 3569 434 3636 ξύλων,
479 3567 677 3638 μηκέτι
711 3565 866 3620 ἀλλον
907 3565 1030 3618 τινὰ
1064 3563 1424 3629 ὲξουσιάζειν,
1473 3564 1646 3636 ἀλλ’ἢ

97 3660 172 3711 τὸν
213 3659 460 3729 βασιλέα.
487 3658 789 3723 Ἀκούσασα
821 3657 885 3728 δὴ
925 3659 958 3727 ἠ
1003 3657 1140 3729 γυνὴ
1172 3655 1536 3725 Θεογνώστου,
1567 3658 1649 3710 ὅτι

95 3752 403 3820 ἀπεσπάσθη
455 3753 482 3804 ὀ
525 3751 693 3824 ἀγρὸς
741 3750 928 3819 αὐτῆς,
974 3749 1212 3820 ἔγραψεν
1253 3751 1332 3813 είς
1372 3749 1645 3820 δίπτυχον,

97 3844 176 3894 καὶ
202 3842 520 3895 ἀπέστειλεν
567 3841 702 3914 πρὸς
754 3842 1026 3911 Ἰωάννην.
1062 3837 1168 3894 Ἦν
1207 3841 1314 3913 γάρ
1347 3841 1647 3912 ἀγαπώμε-

96 3951 168 3994 νος
212 3934 416 4002 σφόδρα
451 3933 554 3985 ὑπὸ
592 3931 684 3984 τοῦ
735 3931 996 4002 βασιλέως
1041 3932 1134 3985 καὶ
1178 3933 1274 4003 τῆς
1308 3931 1643 4004 βασιλίσσης.

97 4023 276 4076 Μαθὼν
307 4022 403 4076 οὖν
448 4023 619 4076 ταῦτα
663 4025 691 4075 ό
727 4021 978 4093 Ἰωάννης
1012 4022 1324 4076 ἀπέστειλεν
1363 4023 1450 4075 τὸν
1489 4023 1645 4094 ἀρχι-

95 4110 314 4164 διάκονον
342 4111 530 4172 αὐτοῦ,
561 4111 728 4181 ἄνδρα
752 4111 929 4180 λόγιον
953 4112 1047 4164 καὶ
1079 4112 1224 4183 ὀρθῷ
1251 4112 1348 4183 βίῳ
1376 4130 1646 4184 κεκοσμη-

99 4201 257 4267 μένον.
289 4201 362 4252 Τὸ
393 4200 450 4252 δὲ
477 4199 648 4269 ὄνομα
687 4198 850 4253 αὑτοῦ
898 4198 1140 4252 ἐκαλεῖτο
1171 4197 1423 4269 Εύτυχος.
1452 4199 1645 4269 Εἰσῆλ-

96 4290 173 4342 θεν
200 4287 287 4344 οὖν
319 4289 562 4359 Εὕτυχος
601 4290 735 4358 πρὸς
763 4289 863 4361 τὴν
908 4289 1238 4359 βασίλισσαν,
1274 4293 1368 4344 καὶ
1394 4289 1642 4361 διελέχθη

1758 1825 2087 1895 diligebatur
2131 1827 2199 1881 ab
2239 1829 2582 1898 imperatore.
2631 1827 2758 1882 Erat
2803 1838 2983 1883 autem
3027 1830 3198 1896 alius,
3234 1833 3328 1901 qui

1757 1916 1872 1986 ipse
1904 1933 2121 1988 quoque
2153 1929 2270 1974 erat
2313 1921 2519 1976 ordinis
2567 1921 2858 1986 senatorii,
2891 1921 3194 1977 Dorotheus
3226 1940 3329 1976 no-

1756 2010 1924 2072 mine,
1974 2011 2232 2066 Arianus.
2283 2011 2331 2067 ls
2382 2015 2658 2068 accusavit
2703 2012 3130 2084 Theognostum,
3182 2015 3326 2084 quod

1758 2101 2138 2172 imperatorem
2194 2104 2462 2160 all‘ecisset
2509 2103 2836 2159 contumelia
2892 2123 2905 2158 :
2963 2113 3018 2159 et
3074 2106 3329 2174 produxit

1755 2191 1894 2244 duos
1948 2191 2116 2246 falsos
2169 2201 2374 2256 testes,
2431 2194 2523 2262 qui
2585 2204 2908 2263 praesentem
2977 2194 3329 2249 convicerunt

1756 2280 2196 2353 Theognostnm,
2229 2285 2370 2354 quod
2410 2287 2736 2341 contumelia
2772 2285 3041 2341 aﬂ‘ecisset
3089 2287 3325 2356 impera-

1755 2383 1954 2431 torem.
1995 2372 2294 2442 Imperator
2325 2377 2509 2446 itaque
2543 2379 2808 2432 Arcadius
2844 2376 3011 2445 jussit
3039 2376 3324 2447 'l‘heogno-

1756 2475 1900 2520 stum
1941 2465 2188 2534 relegari,
2217 2475 2271 2520 et
2302 2467 2443 2521 bona
2471 2467 2589 2536 ejus
2629 2468 2914 2537 publicari.
2940 2466 3110 2522 Uxori
3143 2477 3324 2521 autem

1755 2556 2085 2626 Theognosti
2118 2559 2318 2612 mansit
2347 2574 2510 2612 unum
2546 2559 2940 2625 suburbanum,
2971 2574 3036 2614 ex
3082 2574 3192 2628 quo
3221 2559 3324 2613 ba-

1755 2649 1914 2702 bebat
1945 2651 2281 2703 alimentum.
2319 2648 2560 2705 Decessit
2591 2649 2992 2720 Theognostus,
3026 2667 3148 2706 eum
3180 2659 3325 2707 esset

1755 2739 1808 2792 in
1855 2740 2066 2794 exsilio.
2121 2731 2364 2794 Eudoxia
2410 2750 2589 2794 autem
2641 2741 2934 2810 aliquando
2981 2755 3199 2812 egressa
3254 2741 3322 2794 ad

1752 2830 2102 2893 vindemiam,
2139 2845 2262 2884 eum
2297 2846 2462 2900 prope
2502 2845 2620 2885 eam
2651 2841 2792 2887 esset
2823 2833 3131 2904 possessio,
3159 2842 3214 2886 et
3239 2831 3322 2885 vi-

1753 2923 1822 2978 tis
1871 2922 2182 2976 snhurhana
2219 2923 2406 2977 uxoris
2439 2922 2801 2994 Theognosti,
2854 2924 3038 2979 nescio
3083 2939 3320 2995 quanam

1754 3015 1820 3068 de
1845 3030 2030 3079 causa,
2065 3029 2187 3068 cum
2218 3027 2435 3083 egressa
2465 3023 2608 3069 esset
2635 3015 2700 3069 de
2733 3017 2889 3069 vinea
2922 3030 3044 3080 sua,
3077 3016 3317 3087 ingressa

1751 3113 1834 3158 est
1867 3103 2076 3158 vineam
2114 3106 2300 3159 uxoris
2333 3105 2680 3176 Theognosti,
2717 3116 2772 3162 et
2805 3107 3018 3162 botrum
3053 3110 3316 3164 exsecuit.

1753 3193 2016 3248 Dixerunt
2047 3206 2226 3248 autem
2254 3195 2419 3266 aliqui
2452 3211 2516 3250 ex
2553 3197 2650 3262 iis,
2687 3195 2780 3266 qui
2810 3198 3134 3253 assistebant
3165 3215 3179 3251 :
3208 3197 3319 3254 Do-

1754 3287 1921 3350 mina,
1953 3286 2172 3341 secuisti
2203 3287 2418 3342 botrum
2452 3287 2641 3342 aliena:
2669 3288 2856 3342 vineae.
2889 3287 3005 3343 Mos
3033 3298 3115 3344 est
3141 3289 3315 3360 impe-

1751 3377 2027 3430 ratoribus
2057 3385 2112 3430 et
2157 3376 2612 3446 imperatricibus,
2644 3378 2689 3431 si
2727 3379 2809 3432 vel
2857 3379 3042 3448 pedem
3073 3380 3318 3436 intulerit

1751 3469 1802 3522 in
1835 3480 2034 3522 terram
2085 3467 2315 3523 alienam
2339 3508 2354 3534 ,
2397 3479 2450 3523 et
2479 3470 2524 3524 si
2561 3470 2794 3524 fructum
2829 3471 3097 3540 acceperit
3121 3485 3189 3524 ex
3218 3471 3318 3525 all-

1749 3576 1859 3632 quo
1885 3575 1948 3614 ex
1983 3561 2050 3616 iis
2083 3575 2204 3630 quae
2245 3559 2480 3614 fructum
2511 3560 2712 3626 ferunt,
2745 3571 2804 3616 ut
2851 3563 3032 3616 nullus
3077 3563 3215 3616 alius
3258 3563 3314 3617 in

1748 3667 1809 3706 ea
1846 3659 2165 3721 potestatem
2217 3651 2428 3724 habeat,
2471 3653 2574 3707 nisi
2617 3653 2931 3722 imperator.
2964 3653 3097 3708 Cum
3138 3653 3318 3709 Theo-

1748 3745 1927 3813 gnosti
1977 3752 2158 3798 autem
2209 3759 2346 3799 uxor
2395 3744 2685 3811 audiisset,
2732 3746 2876 3815 quod
2924 3761 3055 3801 suns
3089 3761 3217 3816 ager
3245 3745 3314 3800 ab

1746 3852 1809 3890 ca
1843 3839 1914 3892 sit
1949 3837 2198 3902 avulsus,
2233 3837 2284 3890 id
2319 3837 2536 3906 scripsit
2584 3837 2636 3890 in
2669 3838 3057 3908 pugillaribus,
3085 3849 3138 3892 et
3164 3839 3314 3894 misit

1747 3929 1813 3982 ad
1863 3927 2148 3983 Joannem.
2201 3927 2368 3983 Valde
2421 3928 2567 3982 enim
2625 3928 2906 3982 amabatur
2956 3927 3193 3985 Joannes
3243 3929 3313 3982 ab

1746 4019 2072 4090 imperatore
2116 4028 2170 4074 et
2213 4020 2282 4074 ab
2311 4019 2670 4089 imperatrice.
2711 4019 2847 4074 Cum
2879 4020 2994 4074 haec
3035 4020 3312 4077 didicisset

1744 4111 2001 4178 Joannes,
2041 4112 2189 4166 misit
2230 4127 2387 4166 suum
2418 4112 2887 4178 archidiaconum,
2919 4112 3093 4166 virum
3126 4113 3313 4166 erudi-

1747 4211 1880 4270 tum,
1910 4211 1964 4256 et
2012 4211 2157 4257 recta
2205 4202 2309 4255 vita
2357 4201 2660 4270 praeditum.
2706 4199 2912 4255 Nomen
2962 4211 3142 4256 autem
3189 4202 3310 4271 ejus

1744 4293 2041 4348 vocabatur
2071 4291 2367 4364 Eutychus.
2410 4293 2691 4363 Ingressus
2721 4301 2899 4347 autem
2929 4291 3204 4364 Eutychus
3241 4295 3309 4348 ad

95 4383 211 4451 αὐτῇ
244 4381 384 4435 κατά
431 4381 527 4452 τὴν
559 4381 858 4452 ἐπιτροπὴν
887 4381 1152 4434 Ἰωάννου.
1184 4377 1349 4434 Εἶπεν
1387 4380 1444 4434 δὲ
1471 4381 1503 4451 ἡ
1543 4379 1635 4449 βα-

1753 4383 2181 4452 imperatricem,
2233 4398 2356 4438 cum
2416 4397 2476 4436 ea
2547 4383 2801 4437 disseruit
2848 4382 3006 4451 jussu
3058 4383 3300 4438 Joannis.

96 4473 286 4525 σξλισσα
313 4474 450 4544 πρὸς
481 4472 573 4524 τὸν
607 4471 865 4542 Εὔτυχον,
899 4475 1010 4526 ὅτι·
1053 4473 1232 4543 Νόμος
1270 4474 1418 4525 ἐστὶν
1458 4465 1639 4534 οὗτος·

93 4563 207 4615 ὅπου
254 4564 308 4616 δὲ
358 4563 628 4631 βούλεται,
657 4566 736 4626 εἰς
774 4563 938 4632 ἄλλην
983 4564 1246 4634 ἐπαρχίαν
1283 4563 1472 4632 δίδωμι
1504 4563 1640 4632 αὐτῇ

93 4659 288 4728 χωρίον.
352 4657 616 4722 Ἐξελθὼν
665 4657 722 4709 δὲ
782 4657 810 4708 ὁ
865 4655 1133 4726 Εὔτυχος,
1187 4654 1504 4725 ἀνήγγειλεν
1563 4653 1642 4724 τῷ

92 4747 294 4823 Ἰωάννῃ
333 4752 460 4813 τοὺς
498 4749 690 4818 λόγους
727 4750 825 4818 τῆς
867 4747 1198 4818 βασιλίσσης.
1243 4745 1540 4817 Ἐπορεύθη
1583 4745 1640 4798 δὲ

93 4842 323 4913 Ἰωάννης
372 4845 430 4896 ἐν
467 4841 545 4912 τῷ
571 4842 804 4913 ταμιείῳ
833 4840 911 4910 τῷ
940 4838 1233 4909 βασιλικῷ,
1264 4839 1358 4892 καὶ
1390 4834 1541 4890 εἶπεν
1571 4840 1637 4908 τῇ

94 4933 386 5006 βασιλίσσῃο
431 4934 656 4995 Ἀπόδος
695 4933 786 4986 τὸν
834 4932 1000 5004 ἀγρὸν
1033 4933 1131 5001 τῆς
1161 4931 1355 5002 χήρας.
1388 4927 1555 4985 Εἶπεν
1582 4930 1638 4983 δὲ

92 5026 414 5095 ἡβασίλισσα
461 5026 539 5097 τῷ
575 5025 824 5098 Ἰωάννῃο
863 5026 1036 5090 Μάθε,
1077 5020 1276 5096 Πάτερ,
1309 5025 1406 5094 τὴν
1437 5024 1634 5089 αἰτίαν,

92 5119 169 5168 καὶ
185 5118 298 5170 τότε
325 5118 575 5185 ἐπάγαγε
605 5117 702 5188 τὴν
731 5117 1039 5188 ἐπιϐουλὴν,
1066 5117 1131 5186 ἣν
1155 5116 1333 5184 λέγεις
1350 5118 1430 5169 ὅτι
1453 5117 1638 5188 ἐποίη-

94 5219 149 5253 σα
176 5207 235 5273 τῇ
266 5208 430 5276 χήρᾳ.
477 5201 640 5257 Εἶπεν
688 5205 744 5258 δὲ
782 5205 942 5260 πάλιν
969 5209 1003 5276 ἡ
1041 5205 1325 5276 βασίλισσα
1351 5203 1426 5276 τῷ
1455 5206 1636 5260 Ἰωάν-

89 5309 174 5363 νη”
223 5297 312 5366 Μὴ
367 5297 610 5368 ἐλέγχειν
666 5295 786 5350 θέλε
838 5297 979 5350 κατά
1031 5299 1320 5370 πρόσωπον
1375 5297 1632 5367 βασιλεῖς.

91 5376 237 5435 Εἷπν
263 5385 320 5437 δέ
347 5387 603 5458 Ἰωάννης
622 5405 635 5416 ·
665 5388 770 5440 Καὶ
800 5387 962 5440 πάλιν
986 5384 1066 5440 σοὶ
1094 5387 1255 5456 λέγω·
1295 5389 1514 5450 Ἀπόδος
1545 5390 1636 5441 τὸν

90 5472 236 5542 ἀγρὸν
267 5476 368 5546 τῆς
393 5478 588 5548 χήρας.
621 5480 898 5542 Ἤκουσας
931 5479 1046 5543 πῶς
1078 5481 1444 5548 στηλιτεύεται
1474 5481 1635 5544 Ἰεζά-

90 5562 188 5626 εελ,
223 5567 313 5618 καὶ
348 5568 512 5639 μέχρι
558 5571 794 5641 σήμερον
827 5572 930 5623 ὑπὸ
959 5571 1055 5640 τῆς
1102 5571 1249 5634 θείας
1293 5573 1510 5642 Γραφῆς
1536 5572 1631 5625 δα-

89 5655 515 5715 κτυλοδεικτείται
541 5661 632 5713 ἐπὶ
658 5660 811 5732 κακῷ
838 5662 904 5715 δι’
927 5662 1220 5729 ἀμπελῶνα
1244 5663 1390 5714 ὁσίου
1420 5665 1629 5730 ἀνδρός.

1746 4472 1891 4527 Dixit
1935 4489 2065 4528 vero
2102 4475 2413 4544 imperatrix
2461 4473 2747 4545 Eutycho:
2782 4473 2905 4528 llaec
2942 4486 3027 4529 est
3079 4475 3162 4529 lex
3217 4492 3302 4532 re-

1744 4565 1828 4634 gia
1863 4581 1875 4616 :
1907 4565 2216 4636 ubicunque
2254 4575 2432 4620 autem
2462 4567 2590 4620 velit
2620 4567 2672 4618 in
2708 4566 2811 4619 alia
2840 4567 3136 4634 provincia,
3167 4569 3304 4623 dabo

1741 4657 1789 4710 ei
1826 4658 2107 4726 praedium.
2134 4655 2396 4726 Egressus
2424 4655 2720 4728 Eutychus,
2747 4658 3085 4712 annuutiavit
3108 4658 3304 4714 Joanni

1741 4749 1904 4803 verba
1958 4749 2337 4818 imperatricis.
2378 4747 2474 4803 lvit
2522 4758 2700 4803 autem
2753 4747 2992 4804 Joannes
3031 4750 3080 4804 iu
3123 4752 3302 4806 aulam

1742 4841 1964 4909 regiam,
1993 4851 2046 4895 et
2074 4841 2208 4896 dixit
2239 4841 2563 4911 imperatrici
2594 4861 2606 4896 :
2643 4840 2824 4896 Redde
2872 4851 3058 4912 agrum
3107 4845 3300 4899 viduae.

1741 4929 1886 4985 Dixit
1915 4930 2110 4984 Joanni
2157 4931 2467 5001 imperatrix
2502 4949 2515 4984 :
2545 4929 2736 4996 Pater,
2783 4931 2930 4985 disce
2966 4945 3207 4994 causam,
3250 4941 3305 4986 et

1739 5034 1868 5077 tunc
1897 5023 2110 5078 intende
2153 5024 2381 5086 crimen,
2409 5025 2552 5092 quod
2587 5038 2674 5076 me.
2704 5022 2842 5078 dicis
2871 5023 3210 5078 commisisse
3246 5023 3299 5076 in

1739 5116 1974 5170 viduam.
2027 5115 2172 5169 Dixit
2222 5125 2399 5168 autem
2453 5131 2647 5169 rursus
2677 5112 2928 5169 Joannes
2969 5131 2982 5168 :
3031 5113 3148 5168 Dixi
3181 5114 3301 5177 tibi.

1739 5206 1919 5261 Redde
1951 5207 2110 5259 vitem
2146 5206 2340 5260 viduas.
2377 5204 2517 5260 Dixit
2550 5206 2863 5275 imperatrix
2893 5203 3088 5260 Joanni
3116 5223 3130 5259 :
3156 5205 3299 5273 Noli,

1735 5298 1894 5352 Pater
1921 5296 2175 5362 Joannes,
2209 5297 2316 5351 noli
2344 5297 2421 5351 sic
2454 5312 2640 5352 coram
2671 5312 2897 5367 arguere
2923 5298 3298 5367 imperatores.

1735 5387 1878 5442 Dixit
1926 5387 2212 5442 Joannes:
2255 5386 2466 5442 Rursus
2507 5389 2629 5442 dico
2679 5388 2776 5442 tibi
2826 5404 2840 5438 :
2880 5386 3062 5442 Redde
3111 5404 3300 5458 agrum

1735 5481 1929 5534 viduae.
1965 5479 2250 5543 Audivisti,
2277 5489 2478 5548 quanta
2514 5489 2729 5534 notetur
2758 5480 3055 5548 ignominia
3079 5478 3295 5534 Jezabel

1735 5581 1952 5640 propter
2003 5571 2232 5634 vincant,
2279 5580 2333 5624 et
2367 5585 2538 5639 usque
2587 5568 2639 5623 in
2695 5571 3013 5625 hodiernum
3064 5565 3204 5626 diem
3242 5571 3296 5625 in

1736 5665 1938 5719 malum
1987 5664 2153 5732 digito
2205 5664 2556 5729 ostendatur,
2607 5675 2823 5734 propter
2857 5665 3068 5720 vineam
3123 5663 3298 5720 sancti
