3800 6180
463 230 565 288 103

1779 227 1837 283 S.
1878 228 2215 285 EPIPHANII
2252 232 2459 287 “TA-

3604 247 3698 301 101

462 342 560 400 viri
600 345 663 398 ".
704 344 841 399 Cum
890 342 1004 398 haec
1039 351 1215 397 autem
1265 342 1333 396 ab
1382 340 1591 397 Joanne
1628 342 1891 397 audiisset
1932 344 2026 397 im-

2150 347 2215 400 'H
2258 349 2313 401 δὲ
2361 348 2646 425 βασίλισσα
2697 348 2976 403 ἀκούσασα
3018 350 3190 405 ταῦτα
3240 354 3392 425 παρὰ
3432 355 3698 422 Ἰωάννου.

366 474 374 492 ι
462 435 722 506 peratrix,
762 434 928 505 jussit
974 432 1234 488 Joannem
1278 432 1399 501 ejici
1440 448 1507 487 ex
1555 435 1678 486 aula
1728 434 1894 503 regia.
1928 434 2029 500 Qui

461 542 735 596 egressus,
776 527 922 579 venit
956 526 1006 578 in
1047 523 1355 580 ecclesiam.
1396 522 1539 578 Dixit
1584 534 1763 578 autem
1797 524 2032 581 Joannes

463 617 705 687 Eutycho
743 631 756 667 :
795 614 1025 681 Quando
1060 614 1265 668 venerit
1300 614 1616 682 imperatrix
1645 614 1700 667 in
1723 616 2029 680 ecclesiam,

436 693 646 777 Iaccipe
672 717 870 769 tecum,
908 708 1000 776 qui
1030 708 1123 760 tibi
1160 706 1415 769 serviant,
1444 716 1497 760 et
1527 716 1605 760 sta
1634 708 1687 761 in
1720 708 1889 772 aditu,
1923 723 2031 776 quo

461 792 599 856 solet
630 798 840 869 ingredi
879 800 932 851 in
960 799 1267 862 ecclesiam,
1296 806 1349 852 et
1378 813 1444 852 ne
1470 798 1619 852 sinas
1650 814 1770 851 eam
1803 799 2030 868 ingredi,

460 890 645 945 dicens
680 911 692 945 :
726 888 963 944 Joannes
1008 888 1209 956 jussit,
1256 904 1324 942 ne
1374 888 1734 958 ingrederer-is
1775 889 1828 941 in
1863 888 2034 942 eccle-

462 984 620 1037 siam.
670 982 759 1037 Sic
801 992 979 1035 autem
1034 982 1162 1036 fecit
1192 981 1491 1052 Eutychus.
1521 982 1603 1035 Ali
1643 996 1709 1035 eo
1742 996 1871 1051 ergo
1898 990 2033 1035 tem-

464 1089 597 1143 pore
627 1074 846 1127 incitata
887 1082 970 1127 est
1017 1074 1332 1141 imperatrix
1369 1073 1627 1126 adversus
1651 1071 1937 1134 Joannem,
1974 1081 2034 1126 ut

462 1180 587 1220 eum
619 1166 853 1219 mitteret
884 1168 934 1218 in
966 1166 1241 1220 exsilium.

534 1343 692 1399 LXII.
728 1345 860 1398 Cum
916 1353 1094 1397 autem
1141 1342 1438 1398 audivisset
1482 1341 1849 1412 Theophilus,
1898 1345 2035 1398 velle

466 1439 862 1507 impcratriccm
913 1439 1125 1491 mittere
1169 1435 1434 1490 Joannem
1480 1436 1533 1488 in
1580 1436 1870 1500 exsilium,
1930 1437 2036 1492 hoc

464 1532 579 1601 ipse
609 1546 825 1599 quoque
853 1530 1159 1582 mirandum
1196 1529 1247 1582 in
1287 1528 1506 1582 modum
1541 1536 1623 1581 est
1667 1528 2029 1582 machinatus.

465 1622 692 1690 Scripsit
739 1623 901 1691 igitur
955 1620 1288 1689 TlteOphilus
1337 1621 1403 1673 ad
1463 1618 1826 1687 Epiphanium
1881 1620 2032 1675 ﬁctas

463 1712 671 1766 litteras
714 1713 973 1767 adversus
1016 1711 1313 1774 Joannem,
1354 1711 1498 1779 quod
1556 1712 1752 1764 sentiat
1794 1710 2031 1767 Joannes

460 1804 684 1866 eadem,
733 1818 853 1871 qua:
897 1801 1174 1871 Origenes.
1225 1800 1369 1855 Mota
1415 1802 1575 1871 igitur
1605 1814 1687 1857 est
1720 1804 2031 1872 imperatrix

463 1894 530 1949 ad
579 1909 703 1948 eum
755 1893 1075 1947 mittendum
1126 1895 1183 1946 in
1230 1894 1481 1947 exsilium
1530 1911 1542 1947 :
1590 1894 2032 1964 Epiphaniusque

463 1986 573 2040 cito
604 1985 831 2040 credidit
870 1983 1188 2053 Theophilo.
1242 1981 1527 2039 Nesciebat
1577 1986 1717 2039 enim
1753 1985 2033 2053 TlieOphi-

464 2079 575 2133 lum
606 2091 726 2132 esse
772 2075 966 2133 Joanni
1016 2076 1321 2130 inimicum.
1354 2076 1562 2131 Accidit
1591 2092 1756 2143 vero,
1802 2089 1860 2132 ut
1906 2078 2027 2149 Epi-

464 2169 698 2239 phanius
728 2169 887 2221 vellet
924 2168 1083 2220 etiam
1116 2183 1213 2235 pro
1236 2182 1297 2220 re
1328 2168 1431 2222 alia
1466 2168 1718 2237 navigare
1745 2170 1811 2225 ad
1844 2172 2028 2225 urbem

462 2260 691 2331 regiam.
727 2259 863 2313 Cum
896 2271 1074 2313 autem
1105 2258 1172 2312 de
1216 2257 1423 2313 Joanne
1451 2260 1747 2316 audivisset
1777 2276 1807 2315 a
1854 2260 2031 2317 Theo-

460 2354 633 2423 philo,
679 2353 847 2406 multo
896 2352 1065 2422 magis
1108 2351 1315 2405 studuit
1346 2367 1411 2405 eo
1444 2353 1664 2418 venire,
1710 2353 1801 2407 sed
1838 2369 1943 2409 non
1976 2365 2067 2432 ut.

460 2445 657 2501 Joanni
704 2442 1067 2498 malefaceret.
1115 2442 1199 2497 Me
1250 2443 1412 2513 igitur
1438 2446 1644 2513 accepit
1675 2454 1728 2499 et
1768 2445 1951 2511 Isaac,
1978 2455 2032 2501 et

462 2536 837 2606 navigavimus
866 2534 1411 2604 Constantinopolim.
1447 2534 1617 2591 Porro
1651 2551 1775 2590 cum
1808 2551 1907 2592 nos
1938 2553 2029 2591 vc-

463 2630 736 2684 nissemus
768 2628 821 2681 in
856 2628 1152 2691 civitatem,
1191 2636 1307 2683 erat
1346 2629 1413 2683 de
1448 2627 1656 2683 Joanne
1683 2646 1875 2700 magna
1908 2646 2027 2699 per-

462 2722 733 2783 turbatio,
777 2721 1033 2789 quoniam
1089 2722 1319 2776 multum
1367 2723 1655 2777 amabatur
1704 2738 1733 2777 a
1796 2724 2026 2778 civibus.

461 2812 628 2869 Erant
656 2822 837 2868 autem
870 2813 1115 2882 quaedam
1150 2814 1477 2868 monasteria
1503 2823 1555 2868 et
1579 2814 1855 2884 martyria,
1885 2830 2025 2884 quae,

460 2906 589 2977 quia
640 2906 928 2975 capiebant
971 2920 1217 2960 annonas
1263 2906 1332 2959 ab
1369 2906 1728 2975 imperatrice,
1763 2905 2025 2962 Joannem

2134 423 2417 493 ἐκέλευσεν
2446 442 2610 494 αὑτὸν
2650 440 2979 511 ἐκϐληθῆναι
3012 442 3117 509 ἐξω
3154 442 3249 495 τοῦ
3295 423 3575 513 βασιλικοῦ
3617 469 3703 505 τα-

2137 531 2331 599 μιείου.
2366 532 2474 584 Καὶ
2515 531 2579 600 δὴ
2625 530 2854 596 ἐξελθὼν
2900 532 3168 604 ἐπορεύθη
3216 536 3274 586 ἐν
3315 538 3382 603 τῇ
3418 540 3700 611 ἐκκλησία.

2134 615 2300 673 Εἶπεν
2328 621 2383 673 δὲ
2419 620 2671 691 Ἰωάννης
2695 621 2830 691 πρὸς
2860 620 3116 691 Εὔτυχον·
3156 624 3324 676 ’Ὀταν
3353 630 3702 697 παραγίνεται

2134 710 2165 778 ἡ
2200 709 2487 779 βασίλισσα
2522 712 2578 763 ἐν
2601 714 2668 781 τῇ
2692 711 2976 782 ἐκκλησίᾳ,
3003 712 3133 765 λάϐε
3163 716 3297 783 μετὰ
3327 720 3559 771 σεαυτοῦ
3587 724 3702 785 τοπ

2134 802 2270 872 πρὸς
2299 802 2623 872 ὑπηρεσίαν,
2655 806 2750 855 καὶ
2778 802 2935 871 στῆθι
2979 805 3037 855 ἐν
3066 806 3133 875 τῇ
3163 807 3350 877 εἰσόδῳ
3374 848 3387 867 ,
3416 808 3543 861 ἔνθα
3584 812 3701 865 εἴω-

2134 891 2223 942 θεν
2261 892 2508 944 εἰσιέναι·
2544 893 2637 945 καὶ
2676 893 2750 967 μὴ
2778 894 2945 966 ἐάσῃς
2975 895 3143 966 αύτῆν
3182 898 3477 952 εἰσελθεῖν·
3513 902 3700 969 λέγων,

2132 982 2213 1035 ὃτι
2242 982 2494 1052 Ἰωάννης
2535 984 2831 1054 ἐπέτρεψεν
2873 984 2966 1038 τοῦ
3006 986 3079 1056 μὴ
3112 987 3374 1041 εἰσελθεῖν
3404 992 3462 1041 ἐν
3505 996 3574 1062 τῇ
3624 996 3701 1046 ἐκ-

2133 1073 2349 1144 κλησίᾳ.
2378 1074 2663 1144 Ἐποίησεν
2703 1075 2759 1128 δὲ
2788 1075 2959 1139 οὕτως
3002 1077 3257 1147 Εὔτυχος.
3291 1080 3424 1133 ’Λπὸ
3465 1084 3588 1135 τότε
3619 1082 3700 1137 οὖν

2132 1164 2356 1235 ἐκινήθη
2404 1167 2435 1235 ἡ
2490 1165 2776 1235 βασίλισσα
2825 1167 2967 1221 κατὰ
3007 1169 3254 1222 Ἰωάννου
3315 1172 3408 1224 τοῦ
3470 1174 3700 1241 ἐξορίσαι

2132 1254 2198 1307 αύ
2206 1255 2315 1307 τόν.

2203 1344 2321 1400 EB’.
2362 1345 2625 1409 Ἀκούσας
2661 1346 2717 1399 δὲ
2750 1347 3005 1417 Θεόφιλος
3048 1350 3131 1402 ὅτι
3178 1352 3209 1421 ἡ
3256 1350 3545 1420 βασίλισσα
3586 1355 3703 1424 βούο

2132 1435 2281 1488 λεται
2312 1436 2549 1507 ἐξορίσαι
2580 1437 2671 1489 τὸν
2699 1438 2972 1508 Ἰωάννην,
3000 1440 3275 1511 περισσῶς
3308 1445 3702 1507 κατεσκεύαζεν

2134 1528 2227 1579 καὶ
2255 1527 2432 1590 αὑτός.
2467 1529 2742 1599 Ἔγραῲεν
2766 1526 2857 1582 οὖν
2880 1530 3135 1599 Θεόφιλος
3158 1534 3459 1604 Ἐπιφανίῳ
3485 1538 3701 1590 πλεῖστα

2134 1615 2434 1685 γράμματα
2462 1617 2599 1669 κατὰ
2632 1618 2897 1681 Ἰωάννου,
2944 1620 3015 1681 ὡς
3049 1621 3129 1673 ὅτι
3172 1621 3422 1693 Ἰωάννης
3466 1626 3535 1678 τὰ
3566 1627 3698 1695 Ὠρι-

2134 1707 2321 1774 γένους
2354 1711 2555 1777 φρονεῖ.
2584 1708 2692 1760 Καὶ
2724 1710 2947 1779 ἐκινήθη
2982 1715 3013 1781 ἡ
3039 1711 3321 1780 βασίλισσα
3348 1714 3440 1766 τοῦ
3469 1716 3700 1785 ἐξορίσαι

2134 1798 2294 1850 αὐτόν
2314 1816 2325 1826 ·
2356 1801 2383 1850 ὁ
2405 1795 2497 1851 οὖν
2527 1800 2838 1867 Ἐπιφάνιος
2868 1802 3001 1871 πρὸς
3032 1804 3157 1868 coss
3186 1804 3406 1875 ἐπείσθη
3438 1806 3699 1877 Θεοφίλῳ.

2135 1890 2248 1942 Οὐκ
2278 1890 2390 1960 ᾔδει
2419 1890 2473 1942 δὲ
2517 1892 2597 1943 ὅτι
2626 1892 2945 1960 ἀπεχθιάζει
2975 1894 3227 1963 Θεόφιλος
3260 1896 3390 1966 πρὸς
3427 1898 3695 1969 Ἰωάννην.

2134 1984 2337 2054 Συνέϐη
2362 1974 2433 2036 ’δὲ
2474 1984 2541 2036 δι’
2572 1985 2865 2050 ἀναγκαῖον
2909 1987 3139 2054 πρᾶγμα
3182 1986 3495 2055 Ἑπιφάνιον
3534 1988 3699 2041 θέλειν

2132 2076 2390 2128 ἀποπλεῖν
2435 2077 2527 2128 ἐπὶ
2578 2075 2674 2145 τὴν
2719 2075 2985 2144 βασιλίδα.
3021 2077 3285 2140 Ἀκούσας
3323 2079 3380 2132 δὲ
3417 2082 3511 2133 καὶ
3558 2082 3700 2151 παρὰ

2133 2166 2390 2234 Θεοφίλου
2430 2166 2653 2219 τοιαῦτα
2700 2168 2826 2236 περὶ
2853 2166 3097 2219 Ἰωάννου
3129 2167 3391 2221 ἔσπευσεν
3423 2170 3595 2223 πλέον
3618 2171 3698 2223 τοῦ

2132 2258 2406 2313 ἀνελθεῖν·
2454 2258 2550 2328 ούχ
2598 2259 2683 2311 ἴνα
2729 2257 3396 2328 Ἰωάννηνηκακοποιήσει,
3448 2258 3574 2312 ἀλλ’
3625 2261 3701 2313 ἵνα

2131 2351 2279 2421 αὐτῷ
2310 2350 2583 2421 βοηθήσει.
2619 2348 2811 2402 Λαϐὼν
2840 2345 2932 2402 οὖν
2961 2349 3059 2419 ἐμὲ
3097 2350 3188 2401 καί
3220 2350 3406 2403 Ἰσαὰκ
3430 2350 3701 2404 ἀπεπλεύ-

2134 2450 2303 2505 σαμεν
2348 2438 2405 2487 ἐν
2439 2435 2844 2488 Κωνσταντίνου
2890 2436 3066 2490 πόλει.
3115 2436 3223 2489 Καὶ
3260 2437 3322 2507 δὴ
3358 2439 3704 2493 εἰσελθόντων

2131 2528 2286 2599 ἡμῶν
2319 2530 2375 2581 ἐν
2402 2532 2465 2598 τῇ
2500 2529 2669 2593 πόλει,
2704 2524 2770 2599 ἦν
2817 2530 3078 2599 σύγχυσις
3123 2530 3332 2600 μεγάλη
3364 2532 3491 2599 περὶ¹
3525 2533 3703 2584 Ἰιιικὶν⁹

2129 2636 2241 2683 νου,
2273 2619 2404 2672 διότι
2435 2619 2567 2671 πολὺ
2594 2620 2845 2688 ἠγαπᾶτο
2889 2620 3143 2690 Ἰωάννης
3182 2622 3285 2674 ὑπὸ
3308 2620 3413 2675 τῶν
3446 2622 3699 2675 πολιτῶν.

2128 2708 2306 2763 Ἦσαν
2334 2711 2389 2763 δέ
2420 2728 2538 2763 τινα
2571 2712 2906 2783 μοναστήρια
2931 2712 3026 2765 καὶ
3060 2712 3332 2783 μαρτύρια
3362 2713 3703 2782 λαμϐάνοντα

2128 2802 2369 2866 ἁννώνας
2430 2804 2580 2873 παρὰ
2636 2804 2734 2873 τῆς
2787 2803 3126 2873 βασιλίσσης,
3166 2805 3239 2874 μὴ
3296 2804 3566 2875 δεχόμενα
3622 2805 3701 2858 τὸν

2128 2892 2399 2961 Ἰωάννην.
2435 2892 2797 2944 Εἱσελθόντων
2838 2888 2930 2945 οὖν
2978 2892 3133 2963 ἡμῶν
3170 2896 3227 2945 ἐν
3269 2894 3351 2947 ἐνὶ
3396 2894 3507 2946 τῶν
3545 2912 3703 2964 pavo.-

460 2996 685 3051 minime
710 2996 1061 3065 recipiebant.
1089 2994 1261 3050 Nobis
1289 3006 1467 3051 autem
1498 2998 1752 3067 ingressis
1781 2998 1830 3051 in
1859 3016 2025 3054 unum

2132 2983 2365 3052 στηρίων
2398 2984 2711 3053 ἠνάγκασαν
2740 2984 3054 3052 Ἐπιφάνιον
3075 3025 3090 3047 ,
3116 2985 3263 3047 ὅπως
3310 2988 3699 3055 χειροτονήσειν

461 3102 526 3141 ex
555 3086 661 3140 illis
699 3085 1068 3152 monasteriis,
1098 3094 1391 3155 coegerunt
1429 3085 1810 3155 Epiphanium,
1838 3097 1896 3142 ut
1931 3103 2023 3141 or-

463 3175 675 3229 dinaret
700 3175 977 3244 (quoniam
1013 3175 1085 3229 ita
1131 3190 1266 3243 opus
1300 3175 1436 3245 erat)
1470 3192 1615 3240 eum,
1647 3178 1739 3245 qui
1770 3188 2026 3246 praeesset

464 3265 742 3336 responsis
787 3264 1085 3320 Ecclesia:
1123 3267 1265 3335 quod
1300 3269 1462 3321 etiam
1509 3266 1654 3324 fecit.
1687 3269 1905 3324 Audivit
1930 3284 2027 3324 an-

464 3366 571 3409 tem
618 3355 875 3421 Joannes,
924 3364 978 3409 et
1028 3357 1180 3411 valde
1232 3357 1539 3412 succensuit
1589 3357 1922 3428 Epiphanio,
1971 3370 2025 3417 et

464 3448 682 3515 scripsit
715 3448 996 3516 epistolam
1047 3448 1115 3503 ad
1164 3448 1554 3519 Epiphanium,
1598 3467 1718 3520 qua}
1750 3453 1798 3506 ei
1847 3454 2026 3508 attulit

464 3539 787 3592 molestiam.
835 3539 1095 3593 Similiter
1141 3539 1475 3610 Epiphanius
1506 3558 1722 3611 quoque
1749 3547 2025 3614 respondit

466 3628 532 3681 ad
561 3643 622 3682 ea
657 3643 775 3697 quae
820 3629 1018 3698 scripta
1050 3628 1284 3684 fuerant.
1320 3632 1539 3687 Audivit
1580 3643 1759 3689 autem
1794 3640 2025 3706 impera-

465 3718 568 3771 trix
607 3716 869 3773 Joannem
919 3719 1081 3774 irasci
1114 3720 1433 3790 Epiphanio.
1466 3723 1597 3788 Quae
1636 3739 1756 3778 cum
1794 3728 2025 3781 accersi-

464 3809 630 3863 visset
666 3808 1045 3879 Epiphanium,
1085 3798 1221 3865 diiit
1261 3812 1310 3867 ei
1358 3832 1371 3867 ε
1413 3813 1572 3867 Pater
1618 3814 1907 3885 Epiphani,
1939 3826 2023 3871 to-

466 3907 579 3953 tum
628 3908 708 3953 est
753 3914 932 3953 meum
980 3898 1347 3955 Romanorum
1406 3902 1710 3972 imperium,
1755 3914 1806 3959 et
1850 3916 2023 3961 totum

464 3990 825 4045 sacerdotium
861 3989 1248 4059 Ecclesiarum,
1292 4008 1414 4061 qua:
1457 4004 1584 4049 sunt
1630 3996 1731 4050 sub
1768 4012 1889 4050 meo
1924 4000 2026 4052 im-

463 4081 633 4150 perio,
664 4089 746 4135 est
780 4092 952 4135 tuum.
988 4081 1253 4149 Quoniam
1282 4082 1552 4150 Joannes,
1580 4086 1671 4155 qui
1705 4097 1787 4141 est
1817 4088 2025 4144 alienus

463 4181 495 4220 a
524 4165 783 4235 dignitate
831 4170 1139 4233 sacerdotii,
1175 4171 1466 4226 insolenter
1513 4189 1570 4227 se
1599 4178 1736 4244 gerit
1768 4177 2025 4233 adversus

463 4256 838 4328 imperatores,
869 4268 923 4314 et
968 4260 1156 4315 dicunt
1183 4275 1306 4316 eum
1343 4262 1541 4318 habere
1590 4265 1824 4334 aliquam
1863 4268 2023 4323 aliam

461 4349 713 4405 haeresim
737 4349 953 4419 (praeter
979 4353 1275 4421 nostram);
1311 4369 1373 4408 ea
1403 4355 1471 4410 de
1503 4372 1666 4411 causa
1713 4359 1895 4413 multis
1926 4362 2023 4416 ab-
2060 4379 2100 4433 ί)

459 4440 588 4495 hinc
612 4440 803 4496 diebus
837 4443 888 4495 in
921 4442 1104 4498 animo
1135 4459 1313 4511 verso,
1344 4444 1520 4500 facere
1541 4447 1608 4501 de
1635 4462 1701 4501 eo
1734 4450 2019 4519 synodum,

458 4543 511 4587 et
540 4548 664 4588 eum
714 4543 971 4604 tanquam
1020 4536 1299 4606 indignum
1338 4538 1589 4593 abdicare
1629 4555 1659 4593 a
1690 4542 2020 4607 sacerdotio;

460 4623 514 4677 in
547 4626 675 4680 sede
706 4636 883 4681 autem
931 4627 1199 4683 collocare
1227 4629 1458 4699 aliquem
1506 4630 1701 4695 alium,
1730 4634 1821 4701 qui
1856 4634 2026 4703 possit

460 4717 701 4772 obtinere
735 4719 1117 4785 sacerdotium,
1150 4730 1209 4776 ut
1236 4738 1419 4778 meum
1456 4724 1737 4792 imperium
1770 4727 1839 4781 sit
1871 4727 2025 4796 quie-

460 4819 574 4862 tum
608 4808 662 4861 in
704 4810 977 4863 omnibus.
1007 4810 1144 4866 Cum
1176 4813 1489 4882 imperatrix
1525 4816 1637 4869 haec
1672 4816 1870 4870 diceret
1900 4815 2025 4885 Epi-

460 4899 696 4970 phanio,
748 4900 828 4954 ira
873 4909 1018 4965 tota,
1052 4913 1254 4969 quanta
1298 4914 1438 4969 erat,
1468 4907 1927 4961 commovebatur.
1962 4907 2023 4961 Ei

459 5004 587 5059 ergo
615 5004 808 5044 rursus
834 4989 969 5045 dixit
1000 5010 1012 5043 :
1040 4990 1178 5046 Cum
1213 5002 1304 5048 tua
1334 4995 1421 5048 hic
1450 4995 1522 5049 sit
1549 5011 1671 5049 cum
1701 4995 1808 5050 Deo
1842 5007 2021 5066 pater-

459 5080 625 5143 nitas,
673 5093 779 5132 non
825 5093 963 5150 Opus
1006 5092 1121 5145 est,
1168 5092 1226 5136 ut
1268 5084 1391 5137 aliis
1425 5085 1673 5140 Patribus
1718 5087 2020 5141 molestiam

447 5170 831 5225 exhibeamus.
866 5169 971 5225 Sed
1016 5187 1177 5241 quem
1226 5174 1320 5228 tibi
1356 5173 1496 5230 Deus
1528 5178 1864 5241 rcvelaverit,
1896 5192 2019 5233 eum

447 5261 546 5313 lac
598 5260 941 5329 episcopum;
982 5261 1128 5317 hunc
1180 5274 1360 5319 autem
1409 5269 1611 5336 expelle
1644 5270 1712 5322 ab
1760 5269 2017 5324 Eorlcsia.

447 5350 790 5421 Jmperatrici
828 5362 1008 5408 autem
1041 5354 1179 5410 dixit
1220 5353 1551 5425 Epiphanius
1582 5376 1596 5414 :
1628 5360 1788 5428 Audi,
1824 5378 1857 5417 ο
1889 5364 2018 5430 lilia,

530 5509 575 5541 ¹⁶
606 5507 675 5563 lll
706 5509 838 5583 Reg.
870 5529 985 5580 ut,
1017 5512 1040 5566 ἰ
1083 5529 1204 5583 sqq.

518 5644 604 5716 ία)
633 5644 794 5702 Forte
829 5648 932 5717 leg.
970 5648 1105 5719 μετὰ
1138 5646 1293 5701 Θεοῦ.
1332 5645 1485 5702 Enn.
1518 5648 1752 5702 ΡΑτκοι..

2132 3075 2213 3128 ὅτι
2256 3074 2412 3145 χρεία
2453 3070 2539 3145 ἦν,
2589 3076 2681 3128 ἐπὶ
2711 3075 2809 3145 τὴν
2848 3074 3305 3145 ἐκκλησιαστικὴν
3344 3076 3558 3146 χρείαν.
3603 3078 3702 3129 Καὶ

2129 3166 2285 3220 τοῦτο
2316 3170 2565 3237 ποιήσας,
2594 3167 2689 3219 καὶ
2722 3166 2958 3231 ἀκούσας
2984 3166 3238 3236 Ἰωάννης
3279 3166 3528 3238 ἐλυπήθη
3580 3169 3700 3235 sed.

2128 3255 2229 3326 δρα
2277 3256 2412 3325 πρὸς
2449 3256 2780 3323 Ἐπιφάνιον·
2819 3256 2911 3308 καὶ
2953 3256 3240 3327 ἐπιστολὴν
3292 3256 3530 3328 ἔγραψεν
3560 3260 3701 3310 ἐπι-

2130 3348 2305 3417 φανίῳ
2341 3347 2517 3415 λύπην
2555 3346 2847 3413 γεννῶσαν.
2894 3346 3125 3418 Ὁμοίως
3164 3348 3257 3400 καὶ
3286 3348 3609 3417 Ἐπιφάνιος
3635 3350 3701 3419 τῷ

2130 3439 2351 3510 Ἰωάννῃ
2377 3438 2509 3509 πρὸς
2544 3440 2610 3491 τά
2631 3439 2928 3509 γραφέντα.
2961 3440 3228 3492 ’Ἤκουσεν
3256 3439 3313 3491 δὲ
3348 3441 3378 3508 ἡ
3413 3440 3702 3508 βασίλισσα

2128 3529 2211 3581 ὅτι
2246 3528 2482 3599 ἐλυπήθη
2510 3529 2762 3601 Ἰωάννης
2786 3529 2921 3600 πρὸς
2945 3529 3280 3597 Ἐπιφάνιον·
3314 3530 3409 3582 καὶ
3443 3530 3509 3601 δὴ
3550 3548 3701 3599 προτ-

2131 3621 2469 3691 καλεσαμένη
2495 3622 2585 3674 τὸν
2606 3621 2919 3689 Ἐπιφάνιον
2954 3617 3105 3675 εἶπεν
3144 3622 3307 3698 αὐτῷ·
3343 3622 3529 3693 Πάτερ
3559 3624 3701 3675 Ἐπιο

2130 3714 2307 3783 φάνιε,
2335 3715 2482 3766 πᾶσα
2512 3715 2545 3783 ἡ
2578 3713 2821 3783 βασιλεία
2849 3712 2957 3765 τῶν
2995 3714 3275 3783 Ῥωμαίων
3308 3714 3412 3783 ἐμή
3439 3715 3583 3765 ἐστι·
3617 3715 3701 3765 καὶ

2131 3808 2280 3860 πᾶσα
2306 3807 2338 3876 ἡ
2372 3804 2635 3875 ἱερωσύνη
2665 3804 2772 3857 τῶν
2799 3804 3136 3875 Ἐκκλησιῶν
3166 3805 3273 3857 τῶν
3305 3806 3409 3858 ὑπὸ
3434 3806 3536 3875 τὴν
3574 3809 3699 3877 ἐμὴν

2132 3895 2406 3966 βασιλείαν
2447 3897 2511 3966 σή
2541 3896 2708 3949 ἐστιν.
2753 3895 2967 3966 Ἐπειδὴ
3003 3896 3059 3947 δὲ
3098 3895 3351 3965 Ἰωάννης
3377 3936 3392 3961 ,
3427 3895 3700 3965 άλλότριπ

2130 3989 2228 4059 τῆς
2262 3986 2513 4053 εὐταξίας
2556 3988 2654 4058 τῆς
2700 3987 2998 4058 ἱερωσύνης
3034 3987 3145 4050 ὢν,
3191 3986 3443 4050 ἀτάκτως
3477 3988 3700 4057 φέρεται

2132 4081 2271 4134 κατὰ
2327 4078 2620 4150 βασιλέων,
2674 4080 2764 4130 καὶ
2810 4080 3017 4148 αἵρεσίν
3074 4095 3196 4132 τινα
3247 4078 3498 4145 λέγουσιν
3548 4080 3699 4131 ain?»

2131 4170 2308 4241 ἔχειν,
2350 4170 2539 4223 τούτου
2590 4171 2747 4240 χάριν
2790 4170 2898 4223 ἀπὸ
2944 4170 3164 4241 ἡμερῶν
3211 4170 3422 4223 πολλῶν
3467 4172 3700 4224 κατακόο

2131 4262 2323 4315 πτεταί
2356 4280 2455 4332 μου
2480 4264 2507 4315 ὁ
2539 4261 2794 4331 λογισμὸς
2820 4263 2948 4334 περὶ
2972 4261 3065 4315 τοῦ
3093 4263 3316 4331 ποιῆσαι
3343 4261 3587 4323 σύνοδον,
3616 4262 3700 4313 καί

2131 4350 2317 4403 τοῦτον
2354 4352 2689 4421 ἐκκήρυκτον
2741 4352 2961 4421 ποιῆσαι
3005 4352 3103 4421 τῆς
3153 4350 3453 4421 ἱερωσύνης
3493 4352 3574 4415 ὡς
3612 4353 3700 4405 άνο

2132 4442 2299 4508 ἀξιον,
2333 4442 2515 4513 ἕτερον
2545 4441 2599 4496 δὲ
2626 4443 2715 4495 τὸν
2746 4442 3038 4513 δυνάμενον
3062 4443 3381 4512 ἀντέχεσθαι
3412 4444 3513 4513 τῆς
3553 4447 3701 4514 ἱερω-

2132 4531 2295 4601 σύνης
2328 4533 2420 4585 ἐπὶ
2443 4533 2534 4585 τοῦ
2566 4533 2753 4603 θρόνου
2784 4532 3134 4603 καθεσθῆναι,
3166 4533 3313 4595 ὅπως
3342 4534 3375 4602 ὴ
3406 4533 3520 4603 ἐμὴ
3551 4534 3699 4601 βασι·

2129 4624 2246 4677 λεία
2284 4626 2341 4677 ἐν
2375 4628 2539 4679 πᾶσιν
2579 4625 2867 4696 είρηνεύει.
2906 4626 2995 4687 Ὠς
3034 4625 3091 4677 δέ
3134 4623 3305 4676 ταῦτα
3331 4624 3513 4678 ἐλάλει
3545 4627 3580 4695 ἡ
3615 4626 3700 4694 βα-

2132 4717 2343 4769 σίλισσα
2371 4717 2509 4788 πρὸς
2538 4717 2874 4786 Ἐπιφάνιον,
2904 4716 3011 4769 ἀπὸ
3038 4714 3130 4769 τοῦ
3161 4714 3357 4769 πολλοῦ
3393 4714 3571 4786 θυμοῦ
3613 4717 3697 4785 ῶη

2130 4813 2497 4881 παρεκινεῖτο.
2544 4811 2712 4866 Πάλιν
2741 4806 2833 4863 οὖν
2881 4804 3031 4862 εἷπεν
3064 4808 3201 4879 πρὸς
3237 4807 3424 4860 αὐτόν·
3460 4808 3577 4878 Τῆς
3612 4808 3699 4874 σῆς

2130 4902 2485 4973 πατρωσύνης
2515 4902 2682 4973 οὔσης
2727 4902 2864 4972 μετὰ
2892 4900 3022 4953 Θεὸν
3051 4900 3123 4971 (a)
3154 4898 3413 4961 ἐνταῦθα,
3442 4900 3505 4951 ού
3552 4899 3699 4969 χρεέι

2128 4992 2243 5044 ἐστὶ
2270 4991 2363 5043 καὶ
2405 4992 2529 5054 τοὺς
2562 4991 2781 5054 λοιποὺς
2811 4990 3056 5061 Πατέρας
3096 4991 3174 5052 εἰς
3214 4989 3384 5041 κόπον
3424 4989 3697 5059 ἐμϐαλεῖν.

2130 5081 2269 5134 Ἀλλ’
2304 5083 2362 5134 ὃν
2388 5098 2469 5134 σοι
2497 5082 2525 5133 ὁ
2554 5081 2685 5145 Θεὸς
2710 5080 3104 5143 ἀποκαλύπτει,
3132 5080 3357 5149 ποίησον
3387 5080 3697 5141 ἐπίσκοπον,

2128 5172 2221 5223 καὶ
2262 5170 2450 5223 τοῦτον
2498 5168 2693 5224 ἔκϐαλε
2737 5171 2835 5241 τῆς
2862 5169 3208 5240 Ἐκκλησίας.
3257 5164 3428 5221 Εἶπεν
3468 5168 3527 5221 δὲ
3566 5170 3700 5221 ‘Em-

2128 5262 2315 5330 φάνιος
2344 5262 2480 5332 πρὸς
2522 5261 2618 5332 τὴν
2666 5261 3015 5331 βασίλισσαν·
3064 5259 3452 5325 Ἀνεξικάκως,
3487 5262 3696 5323 τέκνον,

2126 5355 2355 5408 ἄκουσον
2380 5354 2474 5407 τοῦ
2508 5354 2601 5407 σοῦ
2632 5354 2864 5423 Πατρός.
2899 5349 3066 5407 Εἶπεν
3096 5352 3152 5406 δέ
3184 5353 3217 5423 ὴ
3249 5351 3541 5421 βασίλισσα
3574 5352 3697 5423 πρὸς
