3800 6180
145 137 222 194 I05
1390 133 1448 190 S.
1489 129 1825 188 EPIPIIANII
1866 128 2049 188 VITA.

3239 131 3342 189 106

133 250 412 322 Επιῳάνιον·
445 248 514 303 Εἴ
541 267 592 303 τι
624 249 834 302 κελεύει
865 251 897 320 ἡ
931 249 996 320 σὴ
1033 251 1372 322 πατροσύνη,
1407 252 1655 320 εὐάγγει-

1782 251 2027 304 patienter
2081 259 2232 303 tuum
2292 248 2528 305 Patrem.
2580 247 2727 305 Dixit
2790 256 2969 304 autem
3005 249 3338 318 ,impcratrix

131 349 202 400 λόν
232 361 329 415 μοι,
364 341 516 410 κάγὼ
560 326 883 412 θεραπεύσω
924 342 1014 394 τὸν
1048 343 1178 413 ἐμὸν
1229 346 1462 415 Πατέρα.
1499 342 1665 400 Εἶπεν

129 442 175 494 δὲ
203 436 494 503 Ἑπιφάνιος
523 435 659 505 πρὸς
685 435 782 505 τὴν
817 434 1154 504 βασίλισσανσ
1180 435 1242 489 Εἰ
1282 438 1378 506 μὲν
1411 441 1540 508 περὶ
1569 437 1666 506 τῆς

131 529 354 598 αἱρέσεως
400 521 467 596 ἦς
508 525 691 594 λέγεις
731 525 1200 595 καταγινώσκεται
1250 530 1524 599 Ἰωάννης,
1575 532 1668 582 καὶ

130 620 398 686 ἐλέγχεται,
441 617 534 669 καὶ
580 617 676 688 οὑχ
719 617 970 687 ὁμολογεί
1009 619 1094 672 ὅτι
1145 619 1422 688 ἥμαρτεν,
1454 619 1669 683 ἀνάξιός

129 712 222 763 ἐστι
246 708 334 777 τῆς
361 707 679 778 ἱερωσύνης·
716 709 811 762 καὶ
852 710 983 762 εἴτι
1021 709 1291 780 κελεύειὴ
1331 710 1482 780 ὑμῶν
1517 711 1667 777 ἐξου-

130 803 220 863 σία,
241 800 460 869 ποιήσω.
484 799 550 853 Εἰ
577 800 634 853 δὲ
665 801 794 872 περὶ
818 801 918 870 τῆς
947 801 1218 872 ὑμετέρας
1246 801 1456 874 ὕϐρεως
1487 801 1667 872 ζητεῖς

126 894 198 948 τὴν
221 891 462 964 Ἰωάννην
489 892 823 960 έξεὼσασθαι
855 893 962 947 ἀπὸ
1001 895 1097 965 τῆς
1139 892 1486 965 Ἑκκλησίας,
1515 898 1542 949 ὁ
1579 897 1668 958 σὸς

128 984 411 1053 Ἐπιφάνιος
455 986 534 1047 εἰς
578 983 736 1037 τοῦτο
783 985 842 1037 οὑ
893 985 1228 1039 συναινέσειο
1276 986 1370 1038 καὶ
1413 985 1664 1056 μάλιστα,

124 1076 311 1137 τέκνον,
337 1075 446 1127 τῶν
476 1073 742 1144 βασιλέων
773 1074 919 1128 ἔστιν
962 1075 1279 1146 ὑϐρίζεσθαι
1319 1079 1411 1131 καὶ
1453 1095 1666 1150 συγχω-

129 1171 256 1240 ρεῖνο
297 1166 481 1236 ἐπειδὴ
520 1166 614 1218 καὶ
659 1166 816 1236 ὑμεῖς
863 1165 1015 1236 ἔχετε
1057 1166 1283 1236 βασιλέα
1320 1171 1376 1221 ὲν
1419 1170 1668 1240 οὐρανοῖς

122 1253 158 1325 ᾧ
181 1255 410 1328 συνήθως
438 1257 802 1328 ἁμαρτάνετε,
831 1259 925 1310 καὶ
971 1258 1194 1329 ἀφίησιν
1235 1261 1397 1331 ὑμῖν,
1441 1262 1534 1315 ἐὰν
1576 1263 1669 1316 καὶ

123 1352 256 1421 ὑμεῖς
296 1348 481 1419 ἀφίετε
508 1353 620 1413 τοῖς
653 1349 962 1420 ὑϐρίζουσιν
1011 1352 1153 1421 ὑμᾶς
1175 1371 1186 1384 ο
1219 1353 1399 1418 καθὼς
1434 1355 1578 1424 λέγει
1612 1358 1668 1408 ὲν

119 1443 216 1506 τοῖς
239 1440 586 1510 Εὑαγγελίοις
607 1459 621 1471 ·
664 1443 919 1495 Γίνεσθε
949 1444 1317 1512 οἰκτίρμονες
1335 1485 1349 1505 ,
1380 1447 1460 1510 ὡς
1484 1450 1517 1498 ό
1547 1449 1666 1500 Πα-

120 1534 215 1603 τὴρ
235 1533 396 1602 ὑμῶν
426 1537 458 1587 o'
482 1533 551 1586 ἐν
577 1531 701 1598 τοῖς
729 1533 1024 1601 οὐρανοῖς.
1050 1530 1217 1588 Εἶπεν
1237 1535 1294 1588 δὲ
1319 1538 1351 1605 ἡ
1383 1535 1669 1605 βασίλισσα

1772 339 2074 411 Epiphanio
2107 357 2120 392 :
2147 342 2229 394 Au
2256 351 2346 396 tua
2376 342 2679 412 paternitas
2705 342 2907 411 aliquid
2931 341 3137 410 jubeat,
3171 359 3313 396 cnun

1774 433 1868 497 tia,
1926 442 1978 488 et
2028 449 2129 504 ego
2185 435 2358 488 colam
2406 444 2460 489 et
2508 435 2810 490 observabo
2865 450 3042 488 meum
3101 432 3342 490 Patrem.

1775 522 1921 578 Dixit
1967 523 2305 595 Epiphanius
2358 526 2687 596 imperatrici
2726 543 2738 578 :
2789 525 2846 579 Si
2881 526 2999 595 ejus
3022 565 3037 588 ,
3070 541 3231 594 quam
3263 525 3341 580 d'to

1772 610 1874 671 cis,
1908 611 2130 666 hmresis
2179 628 2303 667 reus
2345 623 2460 677 est,
2492 623 2545 667 et
2578 615 2918 668 convincitur
2955 612 3212 673 Joannes,
3247 629 3344 669 nec

1775 715 1833 756 se
1881 700 2080 755 falclur
2110 715 2386 771 peccasse,
2420 702 2675 774 indignus
2718 714 2801 758 est
2831 705 3136 760 sacerdotio
3170 721 3182 756 :
3217 712 3269 759 et
3298 705 3344 760 si

1773 794 1903 862 quid
1925 793 2081 862 jubet
2105 803 2345 849 vestrum
2393 795 2701 865 imperium,
2734 795 2895 852 faciet
2922 806 3098 852 vester
3131 813 3344 854 servus.

1776 883 1834 938 Si
1881 895 2060 940 autem
2109 903 2208 956 pro
2250 895 2430 942 vestra
2475 888 2674 957 injuria
2706 889 2907 959 quaeris
2951 889 3214 944 Joannem
3251 906 3344 944 ex-

1773 981 1972 1050 pellere
2010 997 2077 1036 ex
2111 981 2377 1049 Ecclesia,
2408 999 2600 1039 servus
2634 993 2758 1040 tuus
2785 984 3118 1054 Epiphanius
3159 985 3211 1037 in
3246 983 3345 1039 hoc

1773 1088 1882 1127 non
1918 1076 2262 1130 assentietur.
2309 1075 2407 1132 Est
2453 1087 2598 1132 certe
2646 1079 2880 1132 maxime
2932 1079 3344 1147 imperaturum,

1775 1164 1972 1234 injuria
2046 1166 2184 1222 allici
2246 1179 2300 1224 et
2341 1169 2623 1241 ignoscere
2679 1187 2692 1224 :
2755 1170 3192 1240 quandoquidem
3249 1184 3346 1222 vos

1774 1274 1992 1330 quoque
2039 1261 2246 1316 habetis
2293 1261 2672 1330 imperatorem
2710 1262 2762 1315 in
2809 1262 2982 1326 caelis,
3017 1261 3103 1315 cui
3129 1260 3348 1315 assidue

1775 1352 2033 1421 peccatis,
2065 1362 2119 1407 et
2167 1353 2214 1408 is
2247 1353 2398 1408 vobis
2436 1354 2665 1409 remittit
2701 1370 2713 1405 :
2752 1355 2844 1424 qui
2883 1355 3101 1423 quidem
3130 1353 3262 1408 dicit
3291 1353 3345 1407 in

1775 1444 2080 1515 Evangeliis
2112 1466 2123 1499 :
2162 1445 2342 1499 Estote
2372 1447 2756 1509 misericordes,
2801 1449 2937 1500 sicut
2969 1445 3131 1500 Pater
3160 1457 3344 1509 vester,

1775 1540 1966 1608 quiest
1997 1540 2051 1592 in
2085 1539 2226 1593 cwlis
2266 1541 2328 1592 “.
2366 1538 2514 1593 Dixit
2539 1551 2718 1594 autem
2754 1539 3068 1608 imperatrix
3111 1538 3347 1608 Epipha~

117 1626 235 1697 πρὸς
283 1625 633 1694 Ἐπιφάνιονο
677 1625 805 1678 Ἐὰν
859 1627 1113 1696 ἐμπόδιον
1169 1628 1430 1698 ποιήσῃς,
1486 1629 1666 1698 Πάτερ

1782 1631 1865 1684 nio
1896 1647 1910 1682 :
1946 1628 2002 1683 Si
2053 1630 2220 1684 fueris
2265 1631 2671 1700 impedimento,
2699 1631 2858 1684 Pater
2885 1629 3171 1700 Epipbani,
3207 1645 3349 1700 quo-

117 1718 406 1786 Ἐπιφάνιε,
454 1716 548 1770 τοῦ
599 1717 672 1787 μὴ
717 1716 1063 1787 ἐξορισθῆναι
1114 1718 1206 1770 τὸν
1235 1719 1508 1787 Ἰωάννην,
1543 1719 1666 1782 τοὺς

115 1813 252 1875 ναοὺς
279 1798 387 1864 τῶν
434 1809 666 1863 εἰδώλων
697 1811 895 1878 ἀνοίγω
915 1851 928 1874 ,
974 1813 1067 1865 καὶ
1099 1814 1309 1881 ποιήσω
1345 1816 1666 1884 προσκυνεῖν

114 1905 222 1966 τοὺς
248 1901 591 1974 ἀνθρώπους·
621 1904 715 1956 καὶ
747 1905 957 1973 ποιήσω
984 1904 1053 1957 τὰ
1084 1905 1284 1976 ἔσχατα
1317 1906 1531 1978 χείρονα
1558 1905 1666 1959 τῶν

111 1993 342 2065 πρώτων.
371 1995 484 2046 Kal.
512 1992 586 2056 ὡς
608 1993 778 2046 ταῦτα
806 1993 984 2047 ἐλάλει
1013 1995 1148 2064 μετὰ
1186 1998 1426 2067 πικρίας,
1460 1996 1666 2069 δάκρυα

111 2084 311 2158 ἔρριψεν
344 2084 458 2138 ἀπὸ
489 2085 595 2138 τῶν
623 2085 914 2155 ὀφθαλμῶν
940 2088 1128 2156 αὑτῆς.
1162 2085 1327 2141 Εἶπεν
1351 2089 1405 2140 δὲ
1440 2089 1669 2158 Ἐπιφάι-

111 2193 232 2243 νιος·
269 2177 437 2247 Ἐγὼ,
465 2179 672 2240 τέκνον,
699 2178 873 2242 ἁθῶὸς
916 2181 1030 2246 εἰμι
1057 2180 1154 2251 τῆς
1185 2181 1415 2250 κρίσεως
1441 2182 1665 2252 ταύτης.

167 2270 277 2324 ΞΡ.
308 2270 498 2323 Ταῦτα
535 2269 703 2322 εἰπὼν
732 2270 1070 2338 Ἐπιφάνιος,
1106 2273 1411 2343 παρέλαϐεν
1449 2274 1548 2343 με,
1577 2276 1669 2327 καὶ

107 2363 387 2434 ἐξήλθομεν
415 2362 509 2416 τοῦ
545 2363 820 2434 βασιλικοῦ
842 2367 1111 2434 ταμιείου.
1142 2362 1248 2418 Ἦν
1275 2366 1330 2419 δὲ
1359 2369 1452 2420 καὶ
1484 2366 1670 2420 Ἰσαὰκ

105 2456 156 2506 ἐν
178 2455 479 2526 ἀρρωστίᾳ,
524 2457 615 2509 καὶ
647 2455 747 2508 οὑκ
780 2457 1028 2527 εἰσῆλθεν
1070 2457 1186 2527 μεθ’
1220 2458 1378 2529 ἡμῶν
1410 2458 1545 2528 πρὸς
1573 2461 1669 2531 τὴν

104 2548 436 2618 βασίλισσαν.
470 2548 579 2601 Καὶ
610 2550 764 2621 φήμη
794 2550 1076 2621 διέδραμεν
1103 2551 1196 2603 ἐπὶ
1231 2552 1409 2603 πᾶσαν
1441 2552 1539 2623 τὴν
1572 2553 1670 2604 πό-

103 2639 196 2702 λιν,
248 2637 501 2707 λέγοντες
545 2641 658 2693 ὄτν
703 2641 760 2693 '0
818 2641 990 2711 μέγας
1045 2642 1221 2713 ἱερεὺς
1260 2641 1603 2710 Ἐπιφάνιος,
1642 2645 1672 2695 ὁ

103 2730 390 2794 ἐπίσκοπος
432 2730 534 2800 τῆς
583 2731 879 2804 Κυπρίων,
913 2731 1163 2802 εἰσῆλθεν
1196 2733 1333 2804 πρὸς
1379 2733 1476 2804 τὴν
1520 2734 1672 2804 βασί-

101 2820 301 2883 λισσαν,
326 2821 428 2875 καὶ
456 2822 706 2894 εποίησεν
738 2822 835 2894 τὴν
867 2823 1082 2895 ἐξορίαν
1107 2823 1197 2877 τοῦ
1230 2824 1465 2895 μεγάλου
1493 2826 1673 2878 Ἰωάν-

102 2929 204 2966 νου.
254 2913 448 2967 Ταῦτα
500 2914 556 2967 δὲ
614 2916 853 2978 ἀκούσας
909 2917 1003 2969 καὶ
1050 2916 1275 2979 Ἰσαὰκ,
1324 2917 1531 2989 ἀπέδρα
1566 2918 1672 2971 ἀπὸ

99 3003 436 3074 Ἐπιφανίου,
467 3007 559 3059 καὶ
596 3005 854 3061 εἰσελθὼν
885 3010 942 3060 ἐν
980 3009 1325 3080 μοναστηρίῳ
1356 3011 1674 3081 κατέμεινεν
1701 2977 1746 3040 C

100 3097 221 3160 ἐκεῖ,
253 3099 419 3170 ἡμῶν
461 3099 534 3170 μὴ
578 3099 815 3153 εἰδότων.
863 3101 972 3154 Καὶ
1018 3097 1087 3172 ἦν
1117 3101 1434 3172 Ἐπιφάνιος
1468 3103 1677 3157 πενθῶν

99 3194 343 3264 καὶπερὶ
378 3193 571 3257 αὑτοῦ,
604 3195 699 3248 καὶ
734 3194 986 3263 δεόμενος
1027 3193 1120 3246 τοῦ
1166 3193 1322 3260 Θεοῦ,
1352 3196 1499 3259 ὅπως
1533 3197 1678 3267 αὑτῷ

99 3285 348 3356 γνωρίσει
379 3285 487 3338 ποῦ
531 3286 716 3339 Ἰσαὰκ
759 3286 1074 3356 καταμένει.
1117 3288 1226 3340 Καὶ
1262 3286 1554 3359 ἐγνώρισεν
1579 3290 1676 3340 αὑ-

97 3378 199 3446 τῷ,
249 3381 347 3430 καὶ
401 3377 717 3448 ἀπήλθομεν
769 3377 904 3448 πρὸς
959 3377 1143 3430 αὑτόν.
1194 3380 1303 3432 Καὶ
1351 3380 1676 3450 ἀπεστράφη

97 3468 274 3522 Ἰσαὰκ
312 3469 412 3522 τὸν
457 3469 806 3535 Ἐπιφάνιον,
836 3470 1009 3538 λέγων
1045 3471 1155 3522 ὅτι·
1189 3471 1383 3524 Οὐκέτι
1420 3471 1678 3542 βούλομαι

97 3562 226 3630 μετὰ
256 3562 357 3615 σοῦ
397 3558 570 3624 εἶναι,
605 3562 691 3615 διὰ
734 3563 831 3632 τὴν
862 3563 1167 3634 ἁμαρτίαν,
1201 3565 1267 3634 ἢν
1310 3563 1568 3634 ἐποίησας
1601 3566 1680 3627 είς

95 3651 367 3725 Ἰωάννην.
424 3655 755 3725 Ποιήσαντες
807 3654 864 3707 δὲ
913 3657 974 3709 ἐν
1015 3655 1090 3725 τῷ
1140 3659 1486 3727 μοναστηρίῳ
1531 3660 1679 3728 τρεῖς

95 3746 322 3817 ἡμέρας,
359 3746 520 3818 μόλις
559 3747 775 3800 ἔπεισεν
812 3749 904 3800 τὸν
937 3749 1152 3802 Ἰσαάκ·
1181 3751 1275 3802 καὶ
1303 3749 1559 3813 λαϐόντες
1584 3751 1681 3803 αὑ-

92 3840 175 3890 τὸν
203 3840 535 3910 ἐξήλθομεν.
563 3840 821 3911 Ἐπείσθη
849 3841 905 3894 δὲ
936 3842 1030 3894 καὶ
1077 3841 1327 3914 Ἰωάννης
1352 3843 1432 3895 ὅτι
1461 3844 1680 3914 συνῄνε-

90 3952 176 3988 σεν
211 3936 309 3989 ἐπὶ
357 3939 432 4008 τῇ
483 3934 648 3989 αὑτοῦ
693 3936 877 4006 ἐξορίᾳ
922 3938 950 3988 ὁ
978 3935 1314 4004 Ἐπιφάνιος.
1353 3936 1460 3989 Καὶ
1500 3936 1680 3990 λαϐὼν

90 4025 348 4096 δίπτυχον
379 4027 627 4098 ἔγραψεν
671 4027 1003 4096 Ἑπιφανίῳν
1054 4027 1338 4096 Ἐπιφάνιε
1373 4028 1522 4097 σοφὲ,
1559 4045 1681 4082 συν-

86 4117 284 4188 ῄνεσας
316 4120 419 4172 ἐπὶ
455 4121 520 4189 τῇ
549 4121 654 4189 ἐμῇ
687 4116 888 4190 ἐξορίᾳ.
917 4119 988 4170 Ut"
1012 4119 1084 4189 μὴ
1115 4118 1195 4172 ἔτι
1214 4119 1442 4190 καθίσῃς
1470 4120 1561 4172 ἐπὶ
1588 4117 1682 4171 τοῦ

91 4210 279 4278 θρόνου
313 4227 440 4263 σου.
483 4211 714 4281 Ὁμοίως
761 4208 818 4260 δὲ
858 4209 952 4261 καὶ
998 4209 1311 4278 Ἐπιφάνιος
1363 4210 1683 4281 ἀντιγράφει

1773 1725 1956 1777 minus
1985 1723 2234 1776 mittatur
2261 1721 2500 1778 Joannes
2535 1725 2589 1777 in
2635 1725 2910 1785 exsilium,
2941 1725 3180 1792 aperiam
3209 1734 3348 1778 tem-

1775 1812 1858 1881 pla
1907 1812 2197 1873 idolorum,
2232 1820 2285 1866 et
2317 1811 2515 1867 faciam
2559 1826 2616 1868 nt
2648 1815 2896 1869 homines
2927 1831 2990 1870 ea
3019 1817 3265 1878 adorent.
3295 1824 3348 1870 et

1774 1903 1969 1958 faciam
1998 1904 2184 1958 ultima
2210 1904 2392 1974 pejora
2423 1904 2715 1974 prioribus.
2743 1906 2990 1975 Cumque
3019 1907 3135 1961 haec
3159 1906 3350 1961 acerbe

1773 1995 1997 2058 diceret,
2046 2011 2112 2049 ex
2161 1997 2281 2066 ejus
2309 1999 2482 2052 oculis
2529 1998 2769 2052 fluebant
2816 1999 3082 2070 lacrymae.
3125 1998 3181 2052 Ei
3217 2013 3352 2054 vero

1774 2085 1912 2139 dixit
1957 2084 2291 2156 Epiphanius
2328 2105 2342 2140 :
2380 2087 2493 2159 Ego
2534 2089 2774 2158 quidem,
2803 2104 2835 2142 ο
2865 2089 2991 2154 filia,
3037 2105 3157 2144 sum
3192 2089 3350 2143 innu-

1775 2191 1904 2230 cens
1934 2175 2000 2228 ab
2032 2178 2133 2230 hoc
2159 2177 2388 2245 judicio.

1847 2265 2030 2318 LXIII.
2063 2267 2196 2320 Cum
2229 2268 2342 2322 haec
2368 2269 2595 2322 dixisset
2621 2267 2977 2339 Epiphanius,
3004 2269 3211 2339 accepit
3241 2285 3350 2336 me,

1774 2371 1829 2414 et
1859 2362 2067 2430 egressi
2111 2377 2303 2416 sumus
2343 2379 2408 2419 ex
2456 2365 2577 2417 aula
2630 2364 3000 2433 imperatoria.
3030 2363 3352 2435 AEgrotabat

1777 2463 1957 2510 autem
1991 2454 2164 2520 Isaac,
2191 2466 2245 2510 et
2275 2471 2380 2511 non
2421 2457 2703 2526 ingressus
2730 2466 2813 2513 est
2839 2456 3123 2512 nobiscum
3150 2457 3216 2511 ad
3247 2456 3353 2510 itu-

1776 2549 2119 2618 peratrieem.
2167 2547 2414 2604 Pervasit
2452 2563 2582 2603 vero
2627 2548 2770 2603 fama
2809 2563 2907 2618 per
2949 2556 3116 2602 totam
3163 2548 3354 2604 civita-

1777 2651 1909 2704 tem,
1936 2641 2231 2696 dicentium
2265 2657 2278 2692 :
2313 2640 2810 2710 Magnussacerdos
2840 2640 3196 2710 Epiphanius,
3239 2641 3354 2711 epi-

1778 2748 1978 2803 scopus
2011 2733 2355 2804 Cypriorum,
2392 2733 2669 2803 ingressus
2714 2741 2796 2786 est
2826 2732 2891 2786 ad
2927 2733 3352 2802 imperatricem,

1777 2832 1832 2876 et
1867 2821 2009 2887 fecit,
2040 2833 2099 2876 ut
2128 2823 2180 2875 in
2213 2823 2468 2877 exsilium
2499 2822 2806 2876 mitteretur
2832 2838 3062 2892 magnus
3092 2822 3351 2879 Joannes.

1779 2913 1917 2968 Cum
1954 2913 2058 2966 hoc
2088 2922 2268 2966 autem
2316 2913 2615 2969 audivisset
2659 2912 2831 2979 Isaac,
2865 2914 3074 2986 aufugit
3122 2915 3191 2968 ab
3221 2914 3352 2985 Epi-

1779 3005 1982 3076 pbanio
2005 3045 2020 3068 ,
2072 3017 2126 3058 et
2171 3005 2451 3074 ingressus
2489 3013 2572 3058 est
2615 3005 3042 3071 monasterium,
3075 3007 3234 3062 nobis
3271 3008 3355 3062 in-

1778 3098 2098 3156 scientibus.
2117 3098 2299 3168 ‘ngre
2331 3114 2456 3152 vero
2490 3097 2696 3154 ferebat
2722 3097 3079 3168 Epiphanius,
3109 3109 3164 3155 et
3183 3099 3353 3154 Deum

1779 3192 2024 3262 rogabat,
2061 3200 2120 3245 ut
2155 3193 2202 3244 ei
2233 3192 2579 3262 significaret,
2611 3192 2828 3246 ubinam
2859 3194 3151 3248 mansisset
3180 3192 3352 3250 Isaac.

1780 3283 1935 3350 Quod
1968 3284 2014 3338 ei
2057 3284 2417 3354 significavit,
2457 3293 2512 3338 et
2543 3283 2741 3338 ivimus
2783 3286 2850 3337 ad
2881 3285 3082 3354 ipsum.
3116 3286 3353 3342 Aversa-

1782 3378 1941 3430 batur
1973 3387 2154 3430 autem
2193 3378 2341 3431 Isaac
2373 3377 2764 3446 Epiphanium,
2793 3378 2980 3434 dicens
3017 3397 3031 3434 :
3066 3377 3204 3436 Nolo
3235 3395 3354 3434 am-

1781 3470 1924 3538 plius
1969 3484 2090 3524 esse
2137 3477 2338 3530 tecum,
2382 3479 2599 3539 propter
2633 3479 2911 3538 peccatum
2939 3509 2954 3535 ,
2987 3471 3132 3540 quod
3176 3469 3355 3526 fecisti

1782 3563 1834 3616 in
1860 3561 2144 3616 Joannem.
2179 3563 2314 3617 Cum
2363 3578 2462 3616 nos
2497 3572 2674 3616 autem
2713 3563 2766 3616 in
2801 3563 3134 3619 monasterio
3159 3563 3357 3619 fuisse-

1781 3671 1906 3710 mus
1951 3666 2060 3710 tres
2095 3656 2230 3717 dies,
2278 3656 2364 3709 vix
2417 3658 2690 3725 persuasit
2730 3655 2901 3711 Isaac.
2947 3657 3068 3724 Quo
3113 3667 3354 3728 accepto,

1781 3751 1983 3820 egressi
2050 3766 2262 3804 sumus.
2320 3749 2432 3804 Sibi
2487 3763 2704 3819 quoque
2757 3750 3029 3818 persuasit
3080 3749 3354 3818 Joannes,

1783 3840 1928 3910 quod
1967 3841 2087 3910 ejus
2120 3841 2313 3896 exsilio
2343 3840 2536 3895 fuisset
2567 3855 2825 3895 assensus
2855 3839 3210 3909 Epiphanius.
3245 3842 3356 3896 Ac-

1786 3943 1941 4003 cepta
1986 3933 2152 4003 igitur
2193 3937 2414 3996 charta,
2455 3935 2675 4002 scripsit
2720 3934 2785 3988 ad
2816 3933 3178 4004 Epiphaniam
3211 3951 3223 3986 :
3257 3933 3358 3989 Sa-

1785 4025 1939 4094 piens
1975 4021 2268 4094 Epipbani,
2311 4040 2568 4080 assensus
2621 4040 2678 4080 es
2724 4040 2845 4080 meo
2887 4025 3099 4080 exsilio.
3169 4024 3226 4080 In
3263 4035 3358 4080 tuo

1786 4119 1986 4171 throno
2025 4131 2136 4170 non
2178 4118 2392 4172 sedebis
2437 4118 2691 4187 amplius.
2739 4118 2819 4172 Ad
2863 4115 3129 4172 Joannem
3178 4127 3358 4172 autem

1789 4208 2068 4277 rescripsit
2120 4206 2454 4277 Epiphanius
2488 4223 2500 4258 :
2533 4207 2747 4261 Athleta
2799 4207 3022 4274 Christi,
3071 4207 3361 4262 verberare

89 4300 346 4375 Ἰωάννῃ·
393 4299 652 4372 Ἀθλητὰ,
701 4299 854 4371 δέρου
901 4300 994 4353 καὶ
1023 4301 1180 4353 νίκα·
1212 4301 1326 4354 ἀνθ’
1366 4295 1440 4353 ὧν
1468 4302 1522 4353 δὲ
1567 4300 1668 4353 ἐπί·

1790 4310 1844 4354 et
1908 4300 2081 4354 vince.
2159 4299 2314 4365 Quod
2393 4310 2571 4354 autem
2642 4298 2954 4363 credidisti,
3024 4313 3112 4352 me
3169 4297 3361 4352 exsilio

89 4407 326 4455 στευσας
373 4393 467 4445 ὅτι
510 4390 622 4458 ἐγὼ
674 4392 936 4462 συνῄνεσα
980 4392 1071 4444 ἐπὶ
1115 4393 1180 4461 τῇ
1224 4393 1440 4464 ἐξορίᾳ,
1472 4393 1562 4444 ἐπὶ
1605 4391 1682 4462 τῷ

86 4486 234 4556 τόπῳ
351 4483 701 4556 ἐξωρίσθης,
744 4485 803 4536 οὑ
844 4484 916 4555 μὴ
950 4484 1181 4557 φθάσῃς.
1210 4485 1392 4538 Ταῦτα
1427 4485 1480 4537 δὲ
1520 4484 1683 4556 έγραο

85 4574 175 4639 ᾦα,
228 4576 504 4645 ἀδελφοὶ,
551 4575 660 4628 ἵναΓ
687 4576 762 4646 μή
808 4593 889 4638 τις
939 4575 1017 4646 τῷ
1063 4576 1366 4648 Ἐπιφανίῳ
1407 4577 1682 4648 ὲπιρῤίψει

87 4666 249 4737 ψόγον
280 4685 353 4721 πε
364 4668 424 4739 ρί
478 4667 689 4720 τούτου.
732 4666 789 4719 Ὀ
833 4670 940 4738 γὰρ
970 4669 1207 4721 τοσαῦτα
1240 4669 1381 4722 καλὰ
1413 4669 1688 4741 κατορθώα

88 4776 181 4822 σας
215 4763 301 4822 είς
338 4759 608 4813 τοσοῦτον
648 4760 810 4830 βάθος
841 4761 1025 4814 κακῶν
1066 4757 1210 4831 εἶχεν
1244 4760 1562 4826 κατελθεῖν;
1594 4763 1686 4833 Μὴ

85 4851 314 4917 γένοιτο.
351 4851 733 4906 Εἰσελθόντων
777 4852 832 4905 δὲ
881 4852 1036 4922 ἡμῶν
1072 4855 1127 4906 ὲν
1169 4853 1246 4924 τῷ
1281 4852 1542 4924 βασιλικῷ
1585 4870 1684 4906 τα-

87 4945 263 5015 μιείῳ,
301 4945 651 5010 συνετάξατο
678 4945 991 5013 Ἐπιφάνιος
1013 4949 1125 5008 τοῖς
1159 4945 1466 5015 βασιλεῦσιν
1496 4948 1584 4999 ἐπὶ
1608 4945 1684 5014 τῷ

85 5037 444 5092 ἀποπλεῦσαι
476 5040 626 5110 ἡμᾶς
666 5041 757 5093 ἐπὶ
801 5039 900 5108 τῆς
947 5038 1229 5109 Κυπρίων.
1273 5037 1597 5112 Ἐρωτηθεὶς
1627 5037 1685 5090 δὲ

81 5130 415 5200 Ἐπιφάνιος
471 5131 622 5202 παρὰ
664 5130 942 5202 Ἀρκαδίου
979 5130 1070 5183 τοῦ
1104 5129 1363 5200 βασιλέως
1393 5129 1472 5185 τὸ.
1509 5129 1686 5181 πόσων

81 5223 216 5276 ἑτῶν
250 5223 550 5294 ὑπάρχει,
597 5218 772 5275 εἶπεν·
811 5221 1037 5275 Ἑκατὸν
1071 5222 1165 5274 καὶ
1213 5222 1375 5274 πέντε
1405 5221 1540 5274 ἐτῶν
1571 5223 1686 5291 εἰμι

79 5317 228 5388 παρὰ
261 5318 431 5387 τρεῖς
468 5313 664 5385 μῆνας,
709 5309 875 5378 Οὗτος
919 5315 1014 5384 (a),
1051 5313 1235 5384 φησὶν,
1264 5312 1524 5384 ἑξήκοντα
1549 5313 1686 5366 ἐτῶν

148 5477 188 5508 ¹¹
231 5474 380 5530 Luc.
431 5489 512 5534 v1,
545 5473 615 5528 '50

149 5613 225 5683 (α)
267 5611 454 5666 Forte
487 5609 674 5673 οὑτως.

326 5725 628 5786 Parnm"
677 5721 794 5784 Gn.
843 5720 898 5782 Χ
913 5721 1012 5782 LI.

1793 4399 1888 4446 tuo
1921 4390 2089 4446 fuisse
2163 4405 2488 4456 assensum,
2544 4391 2597 4443 in
2656 4389 2834 4444 locum
2897 4389 2963 4443 ad
3015 4403 3174 4457 quem
3209 4387 3359 4442 fuisti

1789 4485 2090 4554 relegatus,
2121 4497 2228 4537 non
2263 4484 2466 4538 venies.
2504 4481 2628 4536 Ilzcc
2677 4481 2893 4551 scripsi,
2943 4495 2976 4534 ο
3029 4479 3258 4545 fratres,
3295 4495 3363 4533 ne

1790 4576 1913 4646 quis
1968 4575 2072 4629 hoc
2117 4575 2374 4644 probrum
2426 4572 2669 4628 conferat
2718 4573 2772 4626 in
2827 4570 3211 4641 Epipltanium.
3258 4567 3362 4635 Qui

1791 4666 1934 4719 enim
1989 4673 2066 4718 tot
2116 4673 2170 4718 ct
2215 4671 2362 4718 tanta
2415 4655 2557 4717 liena
2601 4664 2838 4725 fecerat,
2883 4669 3002 4714 erat
3042 4659 3098 4714 in
3151 4668 3362 4714 tantum

1792 4756 2058 4810 malorum
2089 4754 2417 4824 profundum
2455 4752 2859 4808 descensurus?
2886 4750 3152 4821 Ingressis
3180 4758 3359 4804 autem

1793 4848 1948 4902 nobis
1992 4847 2045 4900 iu
2098 4847 2274 4900 aulam
2329 4843 2776 4916 imperatoriam,
2821 4843 2988 4914 jussit
3030 4840 3366 4912 Epiphanius

1792 4940 1970 4994 valere
2023 4939 2409 5008 imperatores.
2460 4945 2522 4990 ιιι
2570 4935 2948 5006 navigaremus
2995 4934 3050 4988 in
3103 4932 3362 5004 Cyprum.

1791 5033 2163 5100 Interrogatus
2204 5046 2334 5084 vero
2380 5027 2716 5098 Epiphanius
2750 5028 2818 5082 ab
2861 5025 3094 5080 Arcadio
3133 5027 3366 5093 impera-

1794 5133 1942 5189 tore,
1974 5133 2104 5194 quot
2156 5137 2328 5177 annos
2375 5131 2520 5177 esset
2573 5128 2763 5184 natus,
2823 5117 2960 5173 dixit
2993 5133 3008 5171 :
3041 5116 3268 5172 Centum
3313 5125 3368 5169 et

1794 5216 2098 5286 quindecim
2128 5258 2141 5281 ,
2190 5225 2242 5269 et
2273 5222 2385 5269 tres
2426 5227 2662 5269 menses.
2702 5211 2792 5267 Sic
2829 5223 3009 5266 autem
3051 5212 3187 5266 dixit
3218 5227 3230 5262 :
3266 5207 3366 5263 Fui

1793 5308 2102 5378 episcopus,
2135 5319 2259 5362 cum
2289 5321 2466 5362 essem
2501 5305 2778 5375 sexaginta
2811 5319 2986 5360 annos
3032 5313 3212 5359 natus.
3268 5298 3371 5356 Fui
