3800 6180
433 150 533 208 407

1721 145 1778 199 8.
1817 139 2163 196 ΕΡΙΡΗΑΝΠ
2202 137 2383 193 Vl'l'A.
2457 163 2461 166 -

3575 125 3679 182 163

437 285 558 326 (ero
609 270 664 323 in
707 267 1023 339 episcopatu
1075 267 1466 337 quinquaginta
1541 267 1784 335 quinque
1829 279 2001 318 annos

2125 261 2362 330 μγινόμην
2388 258 2703 320 ἐπίσκοποςο
2729 255 2824 310 καὶ
2859 254 2966 325 ἔχω
2997 254 3054 306 ἐν
3089 254 3154 324 τῇ
3183 251 3454 319 ἐπισκοπῇ
3488 249 3662 317 πεντή

437 368 482 413 :t
513 369 623 413 tres
651 373 885 413 menses.
921 357 996 411 Eo
1025 373 1152 411 vero
1181 358 1266 412 die
1285 399 1301 424 ,
1329 373 1438 427 quo
1485 356 1587 410 fuit
1618 357 1772 411 nobis
1811 371 2001 410 ascen-

437 448 667 503 .lendum
722 449 775 502 iu
828 463 1042 512 navem,
1092 457 1219 502 tunc
1271 463 1393 501 eum
1440 447 1813 517 interregavit.
1867 445 2002 500 Cum

438 554 611 594 autem
645 539 697 592 in
729 554 920 593 navem
968 539 1425 604 ascendissemus,
1455 548 1509 592 et
1538 539 1916 608 navigaremus
1949 539 2004 590 iu

437 630 692 701 Cyprum,
728 629 866 684 sedit
893 629 1228 699 Epiphanius
1270 629 1324 682 in
1359 643 1597 684 concavo
1623 629 1798 691 navis,
1826 638 1880 682 et
1908 643 2006 682 nos

433 735 554 776 cum
599 736 685 776 eo.
721 719 957 791 Eratque
1005 737 1124 775 mos
1153 719 1455 790 Epiphanio
1487 730 1672 775 sancta
1720 719 2006 788 Evangelia

438 812 650 867 assidue
676 822 856 868 tenere
887 811 940 867 in
973 812 1245 867 manibus.
1278 812 1524 883 Cumque
1547 823 1626 867 ter
1654 812 2009 882 ingemuisset

436 913 486 958 et
526 903 786 971 ﬂevisset,
815 906 1098 976 explicatis
1128 907 1456 975 Evangeliis,
1492 914 1545 959 et
1589 907 1655 960 iis
1685 920 1875 959 rursus
1909 904 2010 972 pti-

435 997 603 1062 catis,
636 998 967 1067 lacrymatus
1021 1006 1122 1050 est.
1151 998 1393 1066 Cumque
1425 998 1777 1058 surrexisset,
1803 995 2007 1061 oravit;

439 1092 490 1138 et
523 1094 644 1153 post
677 1099 864 1153 preces
913 1101 1104 1140 rursus
1141 1086 1278 1140 sedit
1308 1087 1363 1138 in
1397 1100 1639 1140 concavo
1675 1085 1865 1138 navis:
1901 1099 2011 1138 cm-

433 1177 621 1246 pitque
655 1177 781 1231 ﬂere
805 1186 855 1231 et
885 1178 1041 1232 nobis
1069 1178 1249 1232 dicere
1281 1196 1293 1231 :

508 1373 690 1427 LXIV.
725 1375 781 1428 Si
816 1389 900 1428 me
943 1375 1163 1443 diligitis
1185 1415 1199 1438 ,
1230 1392 1262 1429 ο
1305 1376 1433 1442 lilii,
1468 1377 1718 1431 mandata
1752 1393 1869 1431 mea
1899 1393 2014 1431 ser-

440 1473 581 1524 vate,
634 1472 687 1516 et
721 1463 939 1518 dilectio
975 1463 1068 1517 Dei
1101 1466 1342 1519 manebit
1397 1466 1448 1518 iu
1495 1465 1668 1520 vobis.
1723 1465 1883 1522 Scitis
1920 1482 2013 1536 per

440 1563 572 1623 quot
615 1554 932 1610 aﬂlictiones
964 1557 1187 1610 transivi
1222 1558 1277 1610 in
1315 1558 1416 1613 hac
1450 1559 1580 1621 vita,
1615 1568 1670 1614 et
1711 1575 1816 1613 nou
1851 1575 2011 1628 repu-

437 1641 544 1696 tavi
603 1658 725 1699 esse
769 1643 934 1698 ullam
991 1645 1332 1700 alllictionem
1380 1662 1392 1698 :
1446 1647 1538 1701 sed
1600 1662 1749 1702 eram
1801 1665 2013 1719 semper

440 1735 594 1790 laetus
623 1736 675 1790 in
715 1736 802 1803 iis,
838 1753 959 1807 quae
988 1738 1054 1792 ad
1088 1737 1256 1793 Deum
1291 1739 1579 1809 pertinent,
1630 1750 1682 1794 et
1733 1741 1875 1796 Deus
1908 1758 2011 1796 non

437 1841 527 1881 me
571 1826 890 1897 dereliquit,
943 1829 1037 1882 sed
1085 1829 1201 1898 ipse
1249 1845 1335 1883 me
1382 1828 1616 1884 servavit
1658 1831 1725 1885 ab
1758 1833 2014 1886 omnibus

443 1916 666 1987 maligni
720 1916 956 1971 insidiis.
1007 1917 1360 1988 Diligentibus
1424 1921 1562 1974 enim
1618 1919 1785 1974 Deum
1839 1923 2016 1976 omnia

441 2017 792 2079 cooperantur
823 2011 879 2064 in
911 2011 1101 2065 bonum
1131 2013 1197 2066 η.
1235 2012 1540 2082 Aliquando
1586 2023 1791 2079 autem,
1836 2028 1869 2068 0
1921 2014 2015 2068 lilii

445 2102 578 2158 mihi
611 2102 926 2165 desiderati,
971 2118 1095 2158 cum
1141 2118 1241 2174 ego
1286 2118 1464 2158 essent
1518 2106 1572 2158 in
1613 2107 1730 2160 loco
1780 2105 2013 2170 deserto,

444 2205 499 2251 et
543 2195 761 2251 Christo
796 2211 985 2265 preces
1020 2212 1331 2266 peragerem
1357 2238 1371 2261 ,
1407 2205 1469 2251 ut
1509 2197 1768 2252 liberarer
1796 2199 1864 2252 ab
1901 2215 2019 2252 om-

445 2286 605 2342 nibus
630 2286 844 2342 insidiis
871 2287 1190 2352 adversarii,
1224 2302 1310 2342 me
1345 2288 1543 2342 invasit
1589 2288 1878 2342 multitudo
1913 2290 2019 2343 da:-

445 2394 670 2436 monum
706 2381 839 2451 :qui
870 2395 994 2436 cum
1039 2395 1124 2435 me
1149 2381 1559 2447 dilacerassent,
1593 2392 1646 2436 et
1677 2383 1905 2451 pedibus
1931 2399 2018 2436 ar-

443 2473 767 2544 ripuissent,
799 2481 1138 2528 attraxeruut
1181 2475 1236 2527 in
1284 2485 1506 2529 terram.
1546 2472 1802 2528 Nonnulli
1837 2485 2018 2530 autem

445 2566 692 2637 exipsis
736 2566 871 2621 mihi
916 2567 1103 2636 plagas
1147 2581 1365 2636 quoque
1398 2566 1716 2621 intulerunt.
1749 2565 1862 2622 Hoc
1893 2583 2020 2624 vero

445 2655 692 2714 {ecerunt
718 2657 854 2712 mihi
899 2658 1085 2713 decem
1113 2657 1326 2713 diebus.
1358 2656 1467 2713 Nec
1493 2659 1729 2728 amplius
1775 2659 1880 2712 vidi
1913 2660 2022 2714 da:-

441 2765 662 2805 vmonem
709 2750 764 2804 in
814 2751 1031 2820 propria
1079 2765 1311 2820 persona
1358 2750 1614 2805 omnibus
1660 2752 1852 2806 diebus
1899 2753 2022 2806 vitae

446 2843 727 2910 meai..sed
755 2858 848 2914 per
875 2843 1127 2898 homines
1153 2844 1206 2899 iu
1244 2857 1330 2898 me
1355 2858 1511 2896 suam
1537 2859 1832 2898 exercuere
1867 2844 2026 2898 mali-

447 2934 576 2989 tiam
614 2951 630 2988 :
655 2934 964 3004 cuiusmodi
993 2933 1127 2988 mihi
1155 2933 1296 2989 mala
1323 2942 1621 2988 evenerunt
1663 2935 1717 2988 in
1744 2934 2020 2990 Phoenicia
2049 2950 2090 3007 ο

447 3026 517 3080 ab
550 3024 908 3081 insolentibus
948 3024 1302 3092 Simonianis,
1338 3027 1518 3097 qualia
1565 3027 1619 3080 in
1669 3025 1905 3097 Egypto
1953 3027 2022 3082 ab

446 3115 747 3170 immundis
795 3113 1098 3181 Gnosticis,
1149 3116 1329 3185 qualia
1377 3117 1430 3170 in
1481 3115 1677 3188 Cypro‘
1708 3117 1776 3170 ab
1821 3117 2021 3186 iniquis

450 3203 843 3262 Valentinianis
889 3214 943 3260 et
993 3206 1113 3260 aliis
1174 3207 1484 3262 haeresibus.
1551 3207 1829 3261 Advertite
1892 3222 2022 3279 ergo

449 3299 714 3364 animum,
747 3315 780 3354 ο
807 3299 900 3352 lilii
932 3299 1059 3363 mei,
1089 3309 1141 3352 et
1170 3299 1350 3353 audite
1388 3300 1548 3354 verba
1581 3298 1867 3369 Epiphanii
1897 3315 2021 3370 pec-

450 3390 672 3445 catoris.
721 3389 988 3443 Pecunias
1034 3403 1102 3442 ne
1143 3388 1570 3458 concupiscatis,
1618 3398 1671 3442 et
1718 3391 1899 3443 multae
1935 3405 2024 3459 pc-

449 3485 626 3538 cunize
682 3482 1005 3552 adjicientur
1055 3481 1229 3536 vobis.
1279 3479 1493 3536 Nullqu
1561 3482 1831 3536 hominem
1896 3482 2022 3537 odio

451 3574 734 3638 habeatis,
779 3582 831 3629 et
861 3589 891 3626 a
927 3571 1036 3626 Deo
1070 3572 1386 3642 diligemini.
1419 3571 1594 3627 Nolite
1636 3571 1785 3641 loqui
1832 3572 2024 3627 adver-

451 3682 548 3723 sus
578 3665 822 3731 fratrem,
867 3673 923 3719 et
962 3663 1174 3718 aﬂ‘ectio
1221 3663 1423 3718 diaboli
1460 3665 1612 3718 vobis
1640 3679 1746 3717 non
1777 3664 2025 3719 domina-

451 3754 622 3814 bitur.
663 3757 1000 3812 Aversemini
1049 3771 1238 3811 omnes
1282 3756 1536 3820 haereses,
1583 3765 1838 3826 tauquam
1884 3756 2024 3812 feras

451 3851 641 3923 plenas
689 3863 896 3904 veneno
946 3847 1250 3903 mortifero.
1302 3847 1378 3902 De
1419 3848 1618 3918 quibus
1661 3847 1825 3902 etiam
1870 3849 2024 3904 vobis

452 3941 653 3997 tradidi
700 3941 754 3995 in
793 3940 976 4005 libris,
1007 3939 1098 4010 qui
1142 3939 1484 4010 appellantur
1508 3940 1768 3994 Panaria.
1797 3939 2024 3995 Averse-

452 4031 610 4098 mini,
635 4040 690 4086 et
723 4038 910 4084 cavete
935 4044 966 4082 a
1012 4028 1199 4082 mundi
1230 4029 1506 4098 voluptate
1527 4067 1543 4092 ,
1585 4044 1704 4098 qua:
1746 4045 1944 4099 corpus
1970 4036 2024 4082 et

453 4131 688 4176 mentem
727 4134 938 4189 semper
967 4119 1165 4174 titillat.
1196 4118 1530 4188 Experimini
1559 4135 1678 4174 eam
1717 4136 1837 4175 esse
1870 4120 2025 4174 Sata-

451 4227 535 4266 nae
563 4209 954 4266 accessionem.
1000 4207 1154 4278 Saepe
1183 4217 1364 4264 autem
1403 4210 1487 4264 vel
1531 4225 1694 4265 carne
1737 4212 2021 4280 quiescen-

2104 369 2268 404 κοντα
2310 349 2472 404 πέντε
2521 348 2618 418 ἐτη
2661 347 2814 419 παρὰ
2863 348 3014 418 τρεῖς
3069 345 3261 414 μῆνας.
3311 343 3458 412 Αὺτῇ
3508 341 3571 393 δὲ
3619 339 3676 409 τῇ

2104 443 2305 514 ἡμέρα,
2353 443 2409 493 ὲν
2536 441 2762 510 εἴχαμεν
2817 436 3060 492 ἀνελθεῖν
3104 438 3161 488 ἑν
3212 433 3289 504 τῷ
3338 433 3529 502 πλοίῳ,
3567 432 3680 484 τότε

2104 537 2263 588 αὑτὸν
2293 537 2394 605 ὲπη
2404 534 2663 605 ρώτησεν.
2719 531 3056 584 Ανελθόντων
3081 529 3135 582 δὲ
3155 528 3311 598 ἡμῶν
3333 528 3388 578 ὲν
3411 525 3490 595 τῷ
3518 524 3686 593 πλοίῳ

2105 627 2372 698 ὲκαθέσθη
2429 627 2745 694 Ἐπιφάνιος
2785 627 2842 677 ὲν
2892 627 2958 694 τῇ
3001 623 3154 692 κοίλῃ
3204 620 3298 673 τοῦ
3349 619 3562 681 πλοίου,
3599 619 3684 669 καὶ

2107 722 2268 789 ἡμεῖς
2300 720 2416 788 μετ’
2461 718 2646 770 αὑτοῦ.
2688 717 2850 779 Ἔθος
2896 715 2952 768 δὲ
2990 711 3058 786 ἦν
3104 713 3408 782 Ἐπιφανίῳ
3442 711 3508 763 τὰ
3559 711 3682 778 ἅγια

2108 810 2417 878 Εὑαγγέλια
2465 810 2684 880 κρατεῖν
2709 807 3086 868 -ἁδιαλείπτως
3122 807 3177 856 ὲν
3207 808 3328 865 ταῖς
3367 802 3558 873 χερσὶν
3592 800 3686 853 αὖα

2108 901 2221 955 τοῦ.
2254 902 2363 954 Καὶ
2388 900 2453 971 δὴ
2482 901 2663 969 τρίτον
2698 897 2958 962 στενάξας
3000 898 3093 949 καὶ
3120 895 3414 966 δακρύσας,
3445 891 3686 946 ἀναπτύ-

2110 997 2208 1062 ξας
2231 1013 2289 1048 τε
2323 994 2392 1046 τὰ
2425 995 2552 1061 ἆγια
2584 991 2912 1060 Εὐαγγέλια.
2941 991 3034 1041 καὶ
3068 988 3229 1040 πάλιν
3258 986 3466 1050 πτύξας
3495 985 3692 1038 ἔκλαυ-

2112 1106 2224 1155 σεν,
2277 1089 2369 1140 καὶ
2417 1087 2671 1157 ἐποίησεν
2706 1085 2890 1154 εὐχὴν,
2924 1083 3018 1134 καὶ
3047 1082 3181 1152 μετὰ
3220 1080 3318 1150 τὴν
3365 1081 3532 1150 εὐχὴν
3567 1081 3692 1132 Exi-

2112 1180 2258 1233 θισεν
2287 1181 2380 1233 ἐπὶ
2405 1179 2506 1249 τῆς
2531 1177 2716 1247 κοίλης
2743 1175 2836 1228 τοῦ
2878 1175 3084 1236 πλοίου,
3116 1174 3210 1224 καὶ
3247 1174 3450 1243 ἤρξατο
3480 1171 3692 1223 κλαίειν

2113 1273 2206 1325 καὶ
2229 1271 2406 1340 λέγειν
2435 1270 2570 1340 πρὸς
2601 1270 2746 1339 ἡμᾶς
2767 1281 2781 1296 ·

2193 1363 2308 1417 ΞΔ’.
2343 1362 2470 1416 Ἐὰν
2498 1360 2748 1429 ἀγαπᾶτέ
2787 1377 2874 1430 με,
2912 1359 3093 1430 φησὶν,
3121 1352 3165 1411 ὦ
3195 1357 3380 1411 τέκνα.
3405 1355 3504 1417 τὰς
3548 1356 3696 1406 ἐντο-

2113 1452 2209 1515 λάς
2246 1468 2345 1523 μου
2394 1452 2702 1521 τηρήσατε’
2739 1451 2832 1502 καὶ
2862 1450 2894 1519 ή
2929 1449 3113 1518 ἀγάπη
3157 1447 3250 1500 τοῦ
3277 1446 3410 1499 Θεοῦ
3454 1446 3607 1515 μένει
3640 1448 3696 1496 ὲν

2115 1545 2262 1614 ὑμῖν.
2305 1543 2513 1614 Ὑμεῖς,
2557 1543 2740 1611 φησὶν,
2785 1539 3078 1594 ἐπίστασθε
3110 1541 3196 1593 διὰ
3246 1539 3428 1591 πόσων
3460 1537 3696 1604 θλίψεων

2113 1635 2323 1704 διῆλθον
2349 1635 2407 1684 ὲν
2437 1632 2568 1702 τῷδε
2601 1631 2678 1703 τῷ
2709 1632 2838 1702 βίῳ,
2872 1633 2966 1685 καὶ¹
2993 1633 3090 1702 οὐχ
3115 1633 3409 1702 ἡγησάμην
3434 1629 3695 1698 οὐδεμίαν

2115 1725 2312 1794 θλίψιν,
2363 1723 2496 1776 ἀλλὰ
2530 1722 2759 1774 πάντοτε
2805 1723 2955 1793 ήμην
3006 1721 3210 1792 χαίρων
3259 1719 3392 1789 πρὸς
3424 1719 3520 1770 τὸν
3566 1717 3696 1768 θεον

2115 1815 2459 1878 ἀποϐλέπων,
2506 1817 2598 1868 καὶ
2639 1817 2667 1868 ὁ
2699 1815 2831 1877 Θεὸς
2877 1816 2976 1866 οὑκ
3025 1812 3409 1880 ὲγκατέλειπέν
3447 1829 3550 1881 με·
3585 1812 3695 1862 ἀλλ’

2115 1908 2276 1969 αὑτός
2304 1923 2370 1977 με
2412 1901 2480 1976 ἦν
2512 1905 2885 1975 διαφυλάττων
2932 1904 3038 1956 ἀπὸ
3071 1905 3251 1968 πάσης
3281 1901 3579 1970 ἐπιϐουλῆς
3606 1900 3696 1951 τοῦ

2116 1999 2376 2070 πονηροῦ.
2428 1996 2553 2062 Τοῖς
2606 1997 2715 2067 γὰρ
2766 1995 3085 2065 ’ἀγαπῶσιν
3137 1996 3242 2048 τὸν
3299 1995 3446 2048 Θεὸν
3495 1995 3698 2047 πάντα

2116 2092 2399 2161 συνεργεῖ
2419 2095 2505 2158 εις
2537 2090 2602 2144 τὸ
2629 2089 2870 2157 ἀγαθόν.
2905 2087 3040 2139 Ποτὲ
3070 2081 3192 2148 οὖν,
3226 2086 3390 2138 τέκνα
3425 2086 3553 2156 ἐμοὶ
3601 2104 3698 2138 πε-

2119 2185 2402 2256 ποθημένα
2423 2229 2436 2250 ,
2468 2187 2617 2250 ὄντος
2649 2202 2747 2254 μου
2795 2184 2853 2234 ὲν
2899 2182 3048 2250 τόπῳ
3077 2181 3355 2251 ὲρημικῷ,
3384 2183 3475 2232 καὶ
3510 2183 3698 2232 ἐπιτε-

2118 2278 2334 2341 λοῦντος
2369 2295 2469 2348 μου
2503 2278 2600 2347 τὴν
2629 2277 2811 2346 δέησιν
2838 2272 2916 2343 τῷ
2945 2273 3182 2344 Χριστῷ,
3207 2274 3354 2335 ὅπως
3380 2271 3568 2342 ῥυσθῶ
3595 2272 3700 2323 ἀπο

2120 2371 2298 2438 πάσης
2326 2369 2614 2439 ἐπιϐουλῆς
2639 2367 2731 2420 τοῦ
2766 2365 3169 2435 ἀντικειμένου,
3200 2365 3399 2432 ἐπέστη
3433 2381 3527 2433 μοι
3565 2363 3675 2432 πλῆ

2121 2460 2210 2524 θος
2239 2461 2526 2531 δαιμόνων,
2575 2460 2669 2512 καὶ
2697 2457 3158 2528 διασπαράξαντές
3207 2475 3273 2528 με
3319 2458 3411 2508 ἐπὶ
3433 2458 3540 2526 τὴν
3576 2457 3700 2526 γῆν.

2121 2553 2215 2606 καὶ
2241 2553 2494 2616 λαϐόντες
2524 2553 2631 2606 ἀπὸ
2665 2552 2771 2604 τῶν
2803 2551 2998 2616 ποδῶν,
3029 2551 3273 2625 διέσυρον
3303 2552 3393 2604 ἐπὶ
3433 2550 3538 2620 τὴν
3577 2551 3703 2618 γῆν.

2121 2645 2276 2707 Τινὲς
2314 2643 2370 2696 δὲ
2421 2643 2478 2710 eg
2526 2643 2703 2696 αὐτῶν
2758 2643 2853 2696 καὶ
2895 2643 3107 2713 πληγάς
3153 2642 3539 2714 προσήνεγκάν
3594 2660 3703 2711 μοι.

2123 2733 2292 2786 Τοῦτο
2341 2733 2398 2786 δὲ
2449 2733 2710 2803 ἐποίησάν
2762 2751 2851 2804 μοι
2901 2733 2991 2786 ἐπὶ
3035 2733 3264 2802 δεκάτην
3310 2732 3565 2804 ἡμέραν·
3615 2735 3707 2785 καὶ

2122 2827 2307 2880 ἔκτοτε
2359 2826 2541 2879 οὐκέτι
2606 2824 3047 2896 αὑτοπροσώπως
3097 2825 3408 2894 ἐθεασάμην
3467 2825 3708 2894 δαίμονα

2124 2920 2302 2982 πάσας
2343 2919 2441 2982 τὰς
2485 2917 2694 2989 ἡμέρας
2727 2917 2826 2987 τῆς
2857 2917 3002 2987 ζωῆς
3034 2935 3156 2987 μου,
3187 2917 3319 2970 ἀλλὰ
3345 2917 3414 2970 τά
3446 2919 3707 2988 πονηρῶν

2123 3007 2426 3078 ἀνθρώπων
2467 3007 2790 3060 ἐπετέλεσαν
2839 3006 2936 3077 τὴν
2989 3007 3122 3060 ἰδίαν
3163 3007 3340 3060 αὐτῶν
3386 3009 3596 3061 κακίαν
3630 3010 3709 3071 εἰς

2123 3100 2241 3172 ἐμέ,
2271 3098 2374 3154 Οἷά
2401 3118 2490 3172 μοι
2523 3099 2667 3152 κακὰ
2698 3099 2891 3169 συνέϐη
2925 3102 2982 3152 ἐν
3007 3100 3225 3172 Φοινίκῃ
3255 3099 3402 3170 παρὰ
3427 3101 3544 3151 τῶν
3577 3101 3711 3154 ati-

2123 3209 2266 3246 κτων
2301 3192 2668 3262 Σιμωνιανῶν’
2709 3193 2765 3243 ὲν
2805 3190 3086 3260 Αἰγύπτῳ,
3128 3191 3277 3261 παρὰ
3317 3191 3426 3242 τῶν
3456 3191 3712 3261 ἀκαθάρο

2122 3301 2229 3336 των
2259 3283 2605 3338 Γνωστικῶν·
2653 3277 2738 3334 οἷα
2784 3283 2842 3334 ἐν
2888 3281 3098 3352 Κύπρῳ
3142 3282 3290 3352 παρὰ
3332 3283 3440 3334 τῶν
3485 3283 3711 3352 ἀνόμων

2125 3375 2581 3430 Οὑαλεντινιανῶν
2627 3376 2719 3427 καὶ
2757 3373 2866 3426 τῶν
2903 3373 3102 3426 λοιπῶν
3127 3375 3410 3445 αἱρέσεων.
3443 3374 3712 3444 Ἑπιστή-

2127 3484 2253 3519 σατε
2299 3467 2390 3519 τὸν
2440 3467 2561 3521 νοῦν
2607 3466 2777 3538 ὑμῶν,
2823 3460 2867 3518 ὦ
2912 3466 3097 3527 τέκνα,
3149 3467 3241 3518 καὶ
3293 3465 3574 3519 ἀκούσατε
3620 3470 3713 3521 τὴν

2123 3557 2279 3626 λόγον
2327 3557 2643 3626 Ἐπιφανίου
2693 3557 2784 3610 τοῦ
2835 3556 3178 3628 ἁμαρτωλοῦ.
3229 3558 3320 3627 Μὴ
3367 3558 3714 3628 ἐπιθυμηταὶ

2125 3648 2354 3720 γένησθε
2394 3651 2711 3720 χρημάτων,
2742 3648 2837 3702 καὶ
2883 3647 3051 3700 πολλὰ
3093 3649 3354 3719 χρήματα
3398 3651 3714 3721 προστεθή-

2127 3760 2276 3795 σεται
2314 3743 2460 3812 ὐμῖν.
2489 3743 2580 3813 Μὴ
2614 3743 2882 3812 μισήσητε
2921 3740 3097 3794 πάντα
3117 3739 3429 3812 ἄνθρωπον,
3467 3745 3571 3794 καὶ
3595 3744 3716 3796 ἐσε-

2127 3833 2219 3887 σθε
2260 3833 2613 3904 ἀγαπώμενοι
2659 3833 2764 3885 ὑπὸ
2815 3832 2908 3886 τοῦ
2952 3830 3108 3885 θεοῦ.
3156 3832 3244 3902 Μὴ
3291 3831 3714 3903 καταλαλήσητι

2125 3924 2384 3993 ἀδελφὸν,
2431 3925 2522 3976 καὶ
2566 3922 2736 3987 πάθος
2793 3922 3093 3976 διαϐολικδν
3135 3923 3197 3976 οὐ
3239 3922 3510 3994 κυριεύσῃ
3556 3925 3714 3994 ὑῷν.

2125 4013 2555 4084 ’Λποστρέφεσθε
2598 4014 2776 4078 πάσας
2818 4014 2915 4078 τὰς
2961 4014 3217 4086 αἱρέσεις,
3258 4015 3335 4077 ὼς
3371 4014 3545 4085 θηρία
3575 4016 3716 4086 μετὰ

2128 4106 2208 4160 ίοῦ
2253 4107 2568 4177 θανασίμου.
2617 4106 2752 4177 Περὶ
2795 4099 2869 4158 ὧν
2924 4107 3018 4159 καὶ
3073 4107 3365 4176 ἐγγράφως
3409 4107 3714 4177 παρέδωκα

2125 4199 2251 4270 ὑμῖν
2285 4200 2341 4250 ὲν
2379 4191 2721 4269 τοῖςβίϐλοις
2760 4201 2871 4261 τοῖς
2922 4197 3329 4268 ὲπιλεγομένοις
3356 4200 3711 4267 Παναρίοις.

453 4313 528 4368 te,
574 4316 730 4356 mens
776 4301 1119 4356 incautorum
1172 4301 1350 4371 turpia
1393 4302 1750 4371 apprehendit
1791 4304 2017 4359 visione.

2126 4291 2555 4362 Ἀποστρέφεσθε
2583 4291 2677 4344 καὶ
2707 4291 3190 4364 παραφυλάττεσθε
3225 4291 3331 4344 ἀπὸ
3369 4290 3470 4361 τῆς
3514 4291 3714 4363 ἡδονῆς

451 4394 682 4462 Quando
709 4409 836 4448 vero
866 4408 1022 4448 mens
1065 4401 1252 4448 nostra
1295 4404 1378 4449 est
1423 4395 1604 4450 sobria
1623 4434 1638 4459 ,
1667 4405 1718 4450 et
1746 4393 1841 4450 Dei
1871 4413 2019 4452 sem-

449 4503 546 4558 per
568 4487 730 4541 haliet
757 4486 1075 4541 memoriam
1099 4523 1116 4551 ,
1143 4495 1274 4540 tunc
1319 4484 1475 4540 facile
1518 4487 1797 4541 inimicum
1828 4504 2024 4557 possu-

450 4595 574 4635 mus
612 4565 978 4649 prosternere.
1015 4577 1153 4632 Cum
1203 4578 1319 4634 haac
1354 4588 1409 4634 et
1463 4579 1547 4634 his
1591 4580 1744 4648 plura
1797 4581 2026 4636 dixisset

449 4669 815 4738 Epiphanius,
850 4669 1110 4724 omnibus
1140 4670 1232 4738 qui
1267 4677 1423 4724 erant
1460 4669 1513 4723 in
1544 4671 1668 4724 navi
1720 4671 2022 4735 accersitis,

452 4759 586 4813 dixit
615 4759 695 4812 eis
731 4773 744 4808 :
783 4758 1007 4827 Oportet
1036 4774 1156 4823 nos,
1189 4774 1223 4811 0
1253 4758 1449 4814 fratres
1470 4799 1484 4819 ,
1517 4760 1642 4814 totis
1687 4761 1891 4816 viribus
1936 4777 2024 4815 ro-

452 4864 581 4919 gare
626 4848 916 4917 benignum
959 4858 1013 4902 et
1038 4849 1356 4903 clementem
1410 4847 1603 4913 Deum,
1647 4858 1706 4904 ut
1749 4866 1846 4906 nos
1895 4866 2025 4905 cou-

453 4947 649 5006 servet,
684 4947 738 4992 et
788 4953 946 4993 nemo
993 4949 1173 5008 pereat
1202 4955 1266 4994 ex
1311 4939 1423 5003 iis,
1453 4939 1546 5008 qui
1596 4949 1725 4994 sunt
1763 4941 1816 4994 in
1868 4958 2020 4996 nave.

453 5030 548 5086 Est
597 5031 740 5084 enim
792 5029 973 5084 futura
1020 5031 1074 5084 in
1126 5033 1262 5086 mari
1308 5046 1505 5102 magna
1553 5040 1859 5101 tempestas.
1919 5031 2023 5088 Sed

453 5131 622 5176 estote
657 5123 800 5176 bono
829 5122 1012 5176 animo
1047 5140 1059 5176 :
1096 5122 1240 5177 nulla
1274 5124 1417 5177 enim
1450 5122 1667 5178 alilictio
1711 5124 1895 5178 labore
1927 5140 2024 5194 op-

452 5215 648 5282 primet
679 5213 848 5267 ullum
897 5227 964 5267 ex
1018 5215 1102 5276 iis,
1135 5215 1228 5282 qui
1277 5223 1406 5269 sunt
1448 5213 1502 5268 in
1543 5214 1683 5269 navi.
1727 5213 1858 5280 Quae
1899 5230 2022 5270 cum

450 5303 698 5370 dixisset,
728 5306 866 5359 dixit
893 5306 1028 5360 mihi
1057 5323 1068 5356 :
1107 5305 1205 5358 Fili
1241 5303 1448 5375 Polybi.
1476 5305 1596 5360 Dixi
1627 5307 1674 5361 ci
1705 5323 1717 5358 :
1751 5308 1891 5372 Quid
1917 5315 2019 5372 est,

449 5395 646 5451 Pater?
691 5395 838 5451 Dixit
879 5397 969 5452 ille
1018 5397 1199 5453 mihi:
1246 5397 1302 5451 Si
1357 5399 1792 5470 navigaverimus
1851 5415 2023 5470 usque

523 5571 566 5604 “
599 5569 761 5629 Rom.
799 5586 920 5640 vni,
955 5571 1051 5627 28.

2126 4383 2216 4436 τοῦ
2248 4383 2471 4454 κόσμου,
2498 4386 2596 4453 τῆς
2625 4381 3164 4454 ὑπογαργαλιζούσης
3188 4383 3275 4435 ἀεὶ
3310 4382 3370 4434 τὸ
3410 4383 3580 4453 σῶμα
3617 4385 3716 4436 καὶ

2125 4476 2214 4528 τὸν
2236 4475 2513 4544 λογισμόν.
2555 4475 2747 4545 Ἔχετε
2789 4477 3004 4545 πεῖραν,
3037 4475 3120 4527 ὅτι
3151 4475 3434 4546 προσθήκη
3468 4475 3593 4528 ἐστὶ
3613 4473 3712 4527 τοῦ

2126 4568 2357 4621 Σατανᾶ.
2385 4566 2650 4630 Πολλάκις
2674 4567 2783 4638 γάρ
2817 4568 2910 4620 καὶ
2936 4567 3034 4635 τῆς
3069 4567 3268 4638 σαρκὸς
3297 4567 3712 4638 ἡσυχαζούσης,

2124 4660 2151 4713 ὁ
2184 4658 2441 4728 λογισμὸς
2476 4659 2583 4712 τῶν
2619 4658 3033 4725 ἀνασφαλίστων
3075 4659 3450 4728 πεφάντασται
3479 4662 3617 4731 περὶ
3648 4662 3714 4712 τά

2126 4753 2344 4823 αἰσχρά.
2387 4753 2554 4805 Ὅταν
2595 4753 2648 4804 δὲ
2692 4754 2720 4804 ὁ
2759 4751 2882 4815 νοῦς
2917 4753 3072 4823 ἡμῶν
3113 4752 3294 4822 νήφει,
3337 4752 3432 4803 καὶ
3479 4754 3712 4822 μνήμην

2124 4846 2237 4916 ἔχει
2262 4847 2349 4899 ἀεὶ
2371 4845 2464 4898 τοῦ
2503 4844 2660 4907 Θεοῦ,
2697 4843 2936 4915 εὐχερῶς
2972 4842 3378 4896 καταπαλαῖσαι
3423 4842 3714 4912 δυνάμεθα

2125 4938 2216 4990 τοῦ
2266 4937 2480 5008 ἐχθροῦ.
2518 4936 2701 4990 Ταῦτα
2751 4933 2918 4989 εἰπὼν
2952 4935 3288 5004 Ἑπιφάνιος,
3336 4935 3432 4986 καὶ
3485 4935 3712 4987 πλείονα

2123 5029 2345 5093 τούτων,
2374 5028 2878 5099 προσκαλεσάμενος
2906 5027 3151 5089 ἅπαντας
3168 5027 3292 5088 τοὺς
3317 5027 3375 5078 ἐν
3401 5025 3483 5096 τῷ
3515 5027 3711 5096 πλοίῳ,

2125 5117 2276 5173 εἶπεν
2329 5122 2466 5193 πρὸς
2511 5119 2746 5184 αὐτούς’
2795 5120 2916 5191 Χρὴ
2963 5120 3130 5189 ἡμᾶς,
3180 5118 3420 5188 ἀδελφοὶ,
3466 5119 3533 5182 ἐξ
3581 5120 3713 5187 ὅλης

2127 5213 2307 5285 ἰσχύος
2347 5214 2600 5286 δεηθῆναι
2643 5213 2736 5267 τοῦ
2774 5211 3157 5284 φιλανθρώπου
3187 5209 3345 5275 Θεοῦ,
3393 5211 3550 5272 ὅπως
3598 5210 3713 5262 6:1-

2127 5307 2287 5360 σώσει
2317 5307 2481 5378 ἡμᾶς,
2514 5307 2607 5358 καὶ
2645 5305 2832 5378 μηδεὶς
2866 5304 2972 5358 τῶν
3001 5305 3059 5358 ὲν
3095 5302 3172 5373 τῷ
3198 5301 3370 5371 πλοίῳ
3394 5301 3708 5354 ἀπολεῖται.

2124 5399 2321 5455 Μέλλει
2348 5398 2456 5470 γὰρ
2483 5399 2686 5453 κλύδων
2716 5397 2959 5464 γίνεσθαι
2993 5397 3182 5467 μέγας.
3217 5393 3358 5448 Ἀλλ’
3389 5391 3710 5463 εὐθυμεῖτε·
