3800 6180
130 189 233 244 109

1426 179 1484 236 S.
1526 177 1873 235 EPIPHANII
1920 175 2099 232 VI'I'A.

3272 168 3378 225 MO

127 302 349 374 οὐδεμία
372 302 480 373 γάρ
508 301 684 370 θλίψις
714 299 1025 370 καθάψηται
1069 300 1284 354 πάντων
1312 300 1369 351 ἐν
1397 298 1472 368 τῷ
1505 298 1695 367 πλοίῳ.

1820 294 2197 359 Ionstantiam,
2229 308 2388 347 mane
2430 299 2637 363 septem
2683 290 2798 347 dies
2838 289 2893 345 in
2924 275 3160 354 civitate,
3197 298 3249 344 et
3278 307 3376 346 na-

127 394 233 446 Καὶ
264 391 436 446 ταῦτα
471 391 659 448 εἰπὼν.
692 387 841 442 εἶπεν
872 390 1009 460 πρὸς
1061 389 1155 460 με’
1204 389 1402 441 Τέκνον
1448 384 1693 441 Πολύϐιε.

126 482 290 538 Εἶπον
322 484 378 536 δὲ
410 482 545 553 πρὸς
577 481 757 535 αὐτόν⁹
786 481 850 532 Τί
874 481 1012 541 ἐστι,
1044 480 1255 551 Πάτερ;
1286 476 1454 532 Εἶπεν
1477 479 1533 531 δὲ
1564 478 1698 548 πρὸς

125 580 214 649 μέ·
246 577 375 631 Ἐάν
406 575 837 644 ἀποπλεύσωμεν
882 575 975 626 ἐπὶ
1002 573 1098 643 τὴν
1130 571 1535 637 Κωνσταντίαν,
1560 570 1699 624 ἑπτὰ

125 671 338 741 ἡμέρας
384 656 605 739 ποίησον
651 668 743 719 ἐπὶ
790 667 887 737 τῆς
935 656 1160 729 πόλεως,
1198 666 1291 717 καὶ
1344 660 1575 717 πλεῦσον
1621 666 1701 725 είς

122 763 417 828 Αἴγυπτον,
460 760 553 811 καὶ
579 757 768 811 ἄνελθε
804 758 882 817 εἰς
907 756 1005 825 τὴν
1038 756 1150 809 ἄνω
1176 754 1436 823 Θηϐαΐδα,
1464 754 1558 806 καὶ
1585 753 1704 805 ποί-

121 840 283 922 μᾶινε
310 850 381 902 τὰ
407 850 655 920 πρόϐατα
684 847 779 900 τοῦ
809 845 1068 916 Χριστοῦ.
1102 844 1265 898 Ἀλλὰ
1290 844 1521 916 πρόσεχε
1549 862 1707 896 σεαυ-

120 943 217 1013 τῷ,
254 944 466 996 τέκνον.
515 934 967 1012 Διαμαρτύρομαί
1014 954 1097 989 σοι
1131 937 1221 989 τόν
1253 953 1312 988 τε
1356 936 1581 1007 οὐρανὸν
1614 936 1707 988 καὶ

118 1033 223 1102 τὴν
257 1033 385 1102 γῆν,
416 1031 489 1103 μὴ
518 1032 740 1101 ποίησαι
767 1028 960 1090 ἄλλως
997 1026 1119 1078 ἐπεὶ
1157 1027 1250 1079 ἐὰν
1278 1026 1404 1089 τοὺς
1432 1028 1596 1096 ἐμοὺς
1621 1025 1707 1078 λό-

117 1142 253 1192 γους
285 1124 643 1195 παραποιήσῃ
672 1121 762 1174 καὶ
796 1119 870 1191 μὴ
898 1119 1189 1190 πορευθῇς,
1221 1116 1465 1187 ἀπωλείᾳ
1497 1116 1706 1180 ἀπολεῖ,

116 1217 217 1271 καὶ
246 1219 327 1279 είς
363 1217 535 1287 μάτην
556 1212 876 1285 γενήσονταί
902 1230 982 1265 σοι
1002 1212 1179 1265 πάντα
1206 1212 1306 1263 ὅσα
1327 1209 1701 1280 ᾠκοδόμησας,

116 1306 214 1360 καὶ⁵
252 1306 354 1379 ἔστι
396 1308 611 1376 ἀχρεῖος
652 1305 827 1357 ἔναντι
865 1302 1083 1356 πάντων
1126 1298 1446 1372 ἀνθρώπων.
1475 1298 1605 1353 Ἐάν
1647 1299 1703 1351 δὲ

114 1398 368 1469 ἀκούσῃς
407 1399 513 1451 τῶν
547 1397 694 1468 ἐμῶν
720 1396 914 1465 λόγων,
946 1396 1040 1449 καὶ
1078 1394 1317 1465 φυλάξῃς
1362 1394 1459 1465 τὴν
1486 1394 1703 1465 ἐντολὴν

1801 390 1921 455 viga
1955 386 2010 439 in
2047 384 2363 456 Egyptum,
2406 396 2459 441 et
2505 385 2738 441 ascende
2770 385 2823 438 in
2861 384 3198 453 superiorem
3237 384 3380 440 The-

1803 480 2039 543 baidem,
2087 488 2141 534 et
2189 494 2350 549 pasce
2394 494 2520 535 oves
2571 478 2796 534 Christi.
2848 478 2954 534 Sed
3004 479 3223 533 attende
3259 479 3378 543 tibi,

1806 570 1903 624 ﬁli.
1937 569 2130 625 "l‘estor
2168 570 2263 625 tibi
2297 570 2494 624 coelum
2541 582 2594 624 et
2641 580 2861 636 terram,
2891 586 2958 625 ne
2986 570 3142 624 aliter
3188 568 3378 626 facias.

1805 659 1943 715 Nam
1977 661 2021 716 si
2049 676 2167 715 mea
2200 662 2360 715 verba
2402 662 2720 731 neglexeris,
2748 670 2801 717 et
2844 678 2955 716 non
2995 662 3296 730 perrexeris
3327 660 3383 713 in

1807 752 2141 821 superiorem
2196 750 2559 815 Thebaidem,
2606 753 2854 822 peribis:
2900 760 2954 805 et
3001 750 3205 805 frustra
3249 766 3282 806 a
3333 759 3385 805 te

1808 845 1958 905 ﬁent.
2002 860 2342 914 qu:ecunque
2382 845 2779 902 aaditicaveris:
2818 853 2873 900 et
2904 844 3013 899 eris
3054 844 3262 898 inutilis
3292 858 3388 899 ρο*

1811 949 1925 988 ram
1952 936 2147 1004 quovis
2180 937 2417 991 homine.
2458 935 2562 990 Sed
2610 937 2658 992 si
2702 951 2823 992 mea
2850 936 3011 991 verba
3040 918 3300 1001 audieris,
3331 944 3388 991 et

1812 1025 2031 1080 Domini
2077 1027 2389 1083 mandatum
2429 1028 2775 1094 custodieris,
2811 1028 2956 1099 quod
2993 1027 3127 1082 mihi
3160 1028 3386 1083 manda-

1811 1122 1889 1174 vit
1928 1118 2087 1175 Iesus
2130 1122 2404 1187 Christus,
2438 1121 2608 1177 Filius
2638 1120 2753 1185 Dei,
2784 1121 2893 1178 eris
2938 1120 3251 1176 benedictus
3292 1136 3387 1176 co—

1812 1226 1928 1265 ram
1964 1212 2082 1281 ipso
2111 1214 2364 1269 omnibus
2398 1215 2612 1269 diebus.
2654 1214 2786 1279 Quae
2832 1229 2956 1269 cum
3003 1213 3250 1276 dixisset,
3299 1229 3387 1267 me

1812 1313 1897 1360 est
1927 1307 2212 1376 amplexus
2249 1326 2263 1362 :
2308 1309 2682 1378 convertitque
2719 1323 3024 1363 senmonem
3074 1308 3141 1363 ad
3192 1309 3346 1363 Isaac
3368 1345 3385 1371 ,

1812 1410 1865 1451 et
1903 1398 2018 1452 ait:
2060 1397 2210 1455 Isaac
2236 1400 2329 1455 ﬁli.

115 1492 359 1561 Κυρίου,
390 1490 456 1562 ἢν
490 1488 787 1543 ἐνετείλατό
822 1506 910 1559 μοι
955 1487 1163 1557 Ἰησοῦς
1202 1488 1436 1559 Χριστὸς
1464 1527 1479 1550 ,
1520 1488 1548 1539 ὁ
1581 1488 1708 1552 Υἱὸς
1744 1488 1839 1543 τοῦ
1866 1492 2021 1553 Θεοῦ,
2056 1493 2153 1568 ἔσῃ
2179 1494 2541 1567 εὐλογημένος
2572 1495 2803 1550 ἐνώπιον
2843 1495 3005 1549 αὐτοῦ
3051 1495 3231 1559 πάσας
3288 1495 3389 1559 τὰς

113 1587 364 1659 ἡμέρας.
407 1586 518 1639 Καὶ
554 1585 723 1639 ταῦτα
770 1582 937 1637 εἰπὼν
979 1584 1117 1655 πρὸς
1166 1583 1254 1654 μὲ,
1298 1584 1585 1653 ἠσπάσατό
1617 1602 1703 1654 με.
1744 1573 1852 1639 Κῖίι
1898 1588 2218 1661 ἀποκριθεὶς
2270 1592 2407 1662 πρὸς
2479 1591 2666 1645 Ἰσαὰκ
2730 1590 2882 1645 εἶπεν
2943 1592 3121 1663 αὐτῷ’
3184 1592 3389 1645 Τέκνον

111 1673 335 1734 Ἰσαάκ.

188 1772 318 1825 ΞΕν.
338 1773 397 1826 '0
429 1772 486 1825 δὲ
516 1766 666 1824 εἶπεν
687 1787 701 1801 θ
734 1770 797 1822 Τί
826 1771 964 1835 ἐστι,
997 1771 1215 1842 Πάτερ;
1245 1772 1353 1824 Καὶ
1380 1766 1533 1824 εἶπεν
1555 1772 1701 1824 Ἐπι-

1876 1770 2037 1827 LXV.
2080 1771 2131 1828 Is
2162 1782 2342 1828 autem
2373 1773 2513 1829 dixit
2542 1775 2592 1830 ei
2620 1794 2633 1829 :
2665 1775 2805 1842 Quid
2838 1784 2940 1841 est,
2974 1774 3178 1858 Pater?
3212 1774 3278 1829 Et
3302 1775 3389 1829 di.

112 1863 321 1932 φάνιος
342 1877 359 1893 ⁸
386 1862 497 1915 Kal
527 1862 614 1925 σὺ,
638 1860 847 1921 τέκνον,
880 1861 1005 1931 μένε
1041 1861 1135 1914 ἐπὶ
1169 1861 1269 1931 τῆς
1302 1860 1707 1926 Κωνσταντίας,

107 1956 226 2017 ἕως
264 1953 333 2006 ἂν
363 1945 637 2023 ἐπιτραπῇ
687 1968 769 2004 σοι
819 1949 1055 2021 βαδίζειν
1099 1952 1197 2023 τὴν
1229 1951 1345 2004 ὁδὸν
1385 1951 1492 2003 τῶν
1519 1950 1595 2020 (a)
1630 1950 1710 2003 δι-

107 2047 323 2101 καίων.
356 2045 540 2097 Ταῦτα
583 2044 750 2098 εἰπὼν
782 2043 1097 2113 Ἐπιφάνιος
1128 2044 1263 2114 πρὸς
1296 2044 1502 2107 Ἰσαὰκ,
1532 2044 1711 2113 ἠσπά-

110 2156 265 2191 σατο
313 2138 411 2190 καὶ
452 2138 616 2191 αὐτόν
638 2153 653 2166 '
685 2139 779 2191 καλ⁸
831 2136 1342 2209 προσκαλεσάμενος
1370 2138 1497 2199 τοὺς
1527 2153 1710 2189 ναυτι-

108 2230 260 2291 κοὺς
314 2228 582 2291 ἅπαντας,
615 2223 765 2281 εἶπεν
816 2230 1029 2293 αὐτοῖς·
1082 2228 1173 2299 Μὴ
1225 2227 1487 2298 θροεῖσθε,
1526 2226 1712 2281 τέκνα.

107 2323 364 2392 Κίνησιν
411 2320 515 2390 γάρ
564 2323 605 2391 ἡ
651 2320 893 2375 θάλασσα
938 2323 1153 2392 ποιήσει
1202 2319 1419 2390 πολλήν.
1453 2318 1595 2372 Ἀλλ’
1624 2316 1715 2371 εύ-

107 2415 293 2485 χεσοε
324 2412 406 2484 τῷ
433 2414 571 2485 Θεῷ,
599 2414 692 2467 καὶ
719 2413 882 2476 αὐτὸς
913 2412 1168 2485 βοηθήσει
1202 2406 1459 2480 Opi“)va
1480 2410 1537 2463 δὲ
1570 2409 1714 2462 ἐνδε-

106 2507 272 2577 κὰτη
305 2506 427 2576 ὦρα
456 2506 551 2575 τῆς
574 2505 806 2576 ἡμέρας,
838 2507 925 2558 ὅτε
954 2504 1125 2557 ταῦτα
1146 2502 1381 2567 ἐδίδαξεν
1403 2504 1551 2573 ἡμᾶς
1570 2502 1717 2554 Ἐπι-

106 2598 346 2666 φάνιος.
398 2592 561 2649 Εἶπεν
595 2596 651 2648 δὲ
680 2596 761 2648 ἐνὶ
788 2595 895 2648 τῶν
926 2595 1166 2649 ναυτῶν⁶
1203 2595 1293 2665 Μὴ
1328 2591 1583 2665 πείραζε,
1628 2593 1718 2645 ἵνα

108 2688 197 2759 μὴ
238 2688 568 2758 πειρασθῇς.
602 2687 737 2758 Περὶ
756 2687 812 2740 δὲ
844 2687 1081 2759 δυσμοὺς
1106 2686 1255 2758 ἡλίου
1283 2686 1490 2755 γίνεται
1518 2685 1717 2755 λαίλαψ

110 2780 314 2849 μέγας
341 2781 400 2831 ὲν
424 2781 489 2849 τῇ
519 2778 781 2850 θαλάσσῃ.
814 2780 924 2832 Καὶ
955 2773 1023 2849 ἦν
1058 2776 1371 2846 Ἐπιφόινιος
1403 2777 1461 2829 ὲν
1494 2779 1561 2847 τῇ
1605 2777 1718 2831 κοί-

104 2871 184 2942 λῃ
241 2868 344 2922 τοῦ
395 2868 577 2920 πλοίου
620 2866 873 2943 ἁπλώσας
922 2866 1019 2930 τὰς
1062 2869 1249 2937 χεῖρας
1297 2866 1484 2927 αὑτοῦ,
1511 2867 1606 2919 καὶ
1650 2865 1720 2919 τὰ

106 2957 451 3028 Εὑαγγέλια
486 2946 661 3012 ἔκειτο
686 2960 778 3010 ἐπὶ
803 2957 864 3011 τὸ
900 2958 1092 3029 στῆθος
1122 2957 1307 3021 αὑτοῦ,
1336 2959 1429 3011 καὶ
1453 2959 1502 3010 οἱ
1520 2956 1719 3026 ὀφθαλ-

108 3053 217 3122 μοὶ
255 3049 430 3103 αὐτοῦ
461 3050 812 3120 ἀνεῳγμένοι,
842 3051 935 3103 καὶ
969 3050 1121 3120 φωνὴ
1149 3047 1312 3101 αὐτοῦ
1342 3049 1441 3102 οὐκ
1465 3048 1715 3118 ἠκούετο.

116 3142 341 3213 Ἡμεῖς
372 3142 428 3194 δὲ
457 3143 655 3205 πάντες
675 3142 823 3211 φόϐῳ
848 3141 1067 3213 μεγάλῳ
1087 3141 1431 3211 συνεχόμενοι
1460 3138 1718 3193 ὑπενοοῦ-
1746 3125 1788 3183 C

109 3251 255 3303 μεν,
290 3234 379 3285 ὅτι
412 3233 499 3285 διὰ
544 3232 635 3285 τὸν
687 3232 843 3285 σάλον
891 3232 991 3301 τῆς
1047 3230 1321 3300 θαλάσσης
1346 3233 1374 3283 ὁ
1402 3229 1717 3298 Ἐπιφάνιος

106 3324 505 3395 προσεύχεται
534 3322 611 3393 τῷ
637 3321 1038 3395 Θεῷ.Ἔμεινεν
1071 3321 1129 3375 δὲ
1158 3323 1187 3374 ό
1226 3322 1431 3374 κλύδων
1459 3321 1552 3374 δύο
1581 3321 1719 3391 ἡμέ-

109 3434 229 3487 ρας
271 3416 369 3468 καὶ
396 3414 489 3466 δύο
515 3414 735 3476 νύκτας.
766 3413 874 3465 Καὶ
898 3415 964 3484 τῇ
997 3413 1156 3483 τρίτῃ
1184 3412 1367 3484 ἡμέρᾳ
1392 3408 1543 3465 εἶπεν
1569 3412 1721 3465 Ἐπι-

104 3509 327 3575 φάνιος
360 3505 499 3575 πρὸς
536 3504 603 3575 μέ
622 3522 635 3535 ·
665 3504 867 3557 Τέκνον
901 3504 1149 3570 Πολύϐιε,
1176 3505 1407 3576 λάλησον
1431 3506 1567 3577 πρὸς
1596 3507 1721 3569 τοὺς

1816 1865 1897 1920 xit
1941 1863 2275 1934 Epiphanius
2304 1883 2317 1918 :
2353 1865 2435 1919 Tu
2485 1881 2723 1936 quoque,
2752 1866 2849 1931 (ili,
2881 1882 3039 1921 mane
3087 1869 3141 1920 in
3171 1867 3391 1921 civitate

1814 1957 2240 2022 Constantiensi,
2272 1958 2447 2013 donec
2490 1959 2736 2028 iubearis
2791 1959 2930 2013 inire
2975 1960 3118 2013 viam
3157 1959 3387 2014 Cittien‘

1814 2052 1978 2105 sium.
2014 2050 2145 2116 Quae
2174 2066 2295 2105 cum
2327 2049 2659 2121 Epiphanius
2687 2051 2916 2107 dixisset
2949 2051 3123 2115 Isaac,
3151 2067 3275 2106 eum
3307 2060 3391 2107 est

1815 2144 2062 2199 similiter
2105 2144 2437 2214 complexus.
2471 2141 2679 2199 Nautas
2709 2158 2928 2214 quoque
2970 2159 3160 2199 omnes
3207 2158 3391 2199 accer-

1816 2252 1963 2302 sens,
1995 2236 2131 2291 dixit
2157 2236 2237 2291 eis
2271 2255 2284 2290 :
2312 2234 2487 2291 Nolite
2537 2236 2878 2301 conturbari,
2909 2250 2943 2289 o
2987 2236 3102 2291 lilii.
3134 2235 3391 2306 Magnum

1815 2329 1960 2385 enim
1989 2340 2192 2383 motum
2224 2328 2382 2383 faciet
2410 2343 2593 2382 mare:
2622 2327 2715 2382 sed
2749 2329 3009 2382 attendite
3037 2327 3167 2391 Deo,
3196 2336 3252 2382 et
3277 2328 3393 2397 ipse

1817 2419 1971 2473 vobis
1996 2418 2132 2473 feret
2157 2433 2337 2489 opem.
2372 2418 2502 2474 Erat
2547 2427 2727 2472 autem
2777 2417 2909 2471 liora
2939 2417 3045 2472 diei
3078 2417 3390 2479 undecima,

1817 2513 2034 2583 quando
2064 2513 2178 2568 hac
2209 2528 2308 2568 nos
2341 2512 2527 2567 docuit
2555 2511 2913 2581 Epiphanius.
2950 2510 3098 2565 Dixit
3133 2525 3264 2565 vero
3298 2510 3391 2564 uni

1816 2621 1885 2660 ex
1910 2605 2090 2660 nautis
2126 2623 2139 2659 :
2168 2602 2289 2658 Noli
2320 2612 2551 2668 tentare,
2590 2618 2659 2657 ne
2694 2611 2749 2656 tu
2778 2601 3019 2657 tenteris.
3051 2600 3210 2655 Circa
3239 2614 3393 2654 occa-

1818 2706 1937 2745 sum
1971 2699 2152 2745 autem
2180 2690 2312 2746 solis
2348 2690 2451 2744 fuit
2483 2705 2677 2760 magna
2702 2689 2845 2744 venti
2881 2688 3114 2758 procella
3146 2689 3204 2742 in
3230 2689 3392 2742 mari.

1820 2782 2155 2852 Epiphanius
2200 2797 2331 2837 vero
2366 2793 2483 2838 erat
2530 2784 2584 2837 in
2636 2781 2820 2836 intima
2858 2790 3007 2851 parte
3037 2781 3192 2835 navis
3216 2780 3394 2851 passis

1820 2874 2106 2940 manibus;
2139 2885 2191 2929 et
2220 2875 2339 2943 ejus
2370 2875 2572 2944 pectori
2608 2874 2862 2943 imposita
2892 2882 3049 2928 erant
3076 2873 3391 2944 Evangelia,

1821 2977 1874 3022 et
1900 2976 2057 3022 erant
2085 2966 2255 3036 aperti
2281 2967 2401 3035 ejus
2438 2966 2604 3032 oculi,
2632 2974 2686 3020 et
2712 2980 2815 3020 vox
2849 2965 2969 3034 ejus
2999 2982 3108 3020 non
3132 2966 3395 3021 audieba-

1822 3072 1926 3117 tur.
1974 3059 2084 3115 Nos
2130 3069 2310 3114 autem
2344 3075 2532 3114 omnes
2560 3074 2759 3129 magno
2793 3067 2939 3111 metu
2976 3057 3175 3121 affecti,
3204 3058 3394 3114 existi-

1821 3154 2104 3207 mabamus
2156 3150 2517 3222 Epiphanium
2556 3150 2725 3205 Deum
2754 3152 2911 3204 Orare
2940 3158 3160 3219 propter
3187 3158 3395 3220 tempe.

1821 3255 2017 3301 statem
2066 3245 2256 3299 maris.
2292 3243 2489 3297 Mansit
2535 3252 2715 3297 autem
2766 3243 2857 3297 illa
2912 3253 3207 3312 tempestas
3252 3244 3395 3298 duos

1821 3340 1936 3395 dies
1962 3348 2016 3393 et
2041 3337 2179 3392 duas
2209 3347 2417 3392 noctes.
2448 3335 2633 3390 Tertio
2663 3351 2793 3390 vero
2822 3335 2911 3389 die
2940 3336 3077 3390 dixit
3107 3336 3240 3389 mihi
3268 3334 3395 3404 Epi-

1821 3431 2053 3501 phanius
2102 3447 2117 3484 :
2165 3428 2266 3482 Fili
2319 3427 2528 3499 Polybi.
2572 3426 2845 3497 Respondi
2891 3442 2990 3497 ego
3046 3446 3059 3482 :
3100 3426 3241 3494 Quid
3286 3435 3389 3493 est,

1821 3523 2022 3578 Pater?
2073 3522 2138 3578 Et
2183 3522 2319 3576 dixit
2348 3522 2480 3575 mihi
2511 3539 2525 3575 :
2556 3520 2652 3575 Dic
2686 3521 2887 3583 nautis,
2921 3529 2979 3574 ut
3003 3520 3303 3576 accendant
3328 3520 3394 3575 li-

100 3597 452 3657 νειυτικοὺς,
486 3596 582 3648 καὶ
608 3594 900 3664 άψάτωσαν
928 3593 1080 3660 ξύλα,
1110 3596 1204 3649 καὶ
1227 3596 1606 3665 ποιησάτωσαν
1628 3598 1701 3651 av.

1821 3633 1947 3688 gna,
1977 3625 2031 3671 et
2058 3616 2259 3671 faciant
2288 3615 2575 3677 carbones,
2609 3623 2663 3669 et
2691 3614 2877 3684 accipe
2902 3612 3162 3677 sumtum,
3190 3622 3244 3669 et
3263 3613 3394 3669 aﬂ‘er

102 3694 397 3766 θρακίαν.
432 3694 541 3745 Καὶ
590 3691 721 3745 λάϐε
774 3691 1045 3763 θυμίαμα.
1091 3693 1184 3746 καὶ
1235 3693 1548 3763 προσάγαγε
1596 3686 1718 3747 ὧδε.

98 3786 239 3841 Καὶ
280 3784 516 3854 ἐποίησα
548 3783 718 3847 οὕτως
738 3801 751 3813 ·
800 3783 891 3836 καὶ
924 3784 1270 3855 προσήγαγον
1298 3783 1465 3854 αὐτῷ.
1502 3784 1611 3837 Ka':
1642 3780 1722 3837 sl-

101 3896 231 3932 πεν
272 3876 414 3948 πρὸς
447 3876 513 3946 μέ
535 3891 548 3904 ·
582 3875 720 3928 Βάλε
767 3874 827 3927 τὸ
877 3873 1124 3945 θυμίαμα
1154 3875 1246 3928 ἐπὶ
1277 3875 1373 3946 τὴν
1402 3875 1719 3947 ἀνθρακιαν.

99 3970 244 4023 Καὶ
282 3968 475 4023 ἕδαλα.
525 3968 635 4020 Ka‘t
666 3962 816 4020 εἶπεν
836 3983 850 3997 ·
882 3966 1144 4033 Εὖξασθε,
1178 3967 1361 4020 τέκνα.
1391 3968 1502 4020 Καὶ
1533 3969 1723 4038 ὲποίη·

101 4078 220 4113 σεν
262 4058 436 4129 εὐχὴν
488 4056 563 4121 ὡς
610 4059 877 4112 ἀνέκειτο.
909 4058 1018 4110 Καὶ
1051 4057 1189 4126 μετὰ
1220 4059 1317 4127 τὴν
1347 4058 1509 4129 εὐχὴν
1541 4060 1715 4127 ἠσπά-

1823 3709 1950 3763 huc.
1984 3709 2049 3763 Et
2074 3709 2153 3763 sic
2193 3708 2316 3764 feci.
2348 3705 2452 3773 Qui
2501 3706 2677 3762 dixit:
2709 3706 2832 3770 Fili,
2888 3706 3117 3762 admove
3148 3707 3391 3777 propius.

1821 3801 1888 3855 Et
1914 3801 2145 3858 admovi.
2182 3799 2248 3854 Et
2274 3801 2411 3855 dixit
2448 3800 2581 3854 mihi
2619 3818 2632 3854 :
2665 3798 2792 3854 Jace
2822 3798 3057 3854 suﬂitum
3087 3813 3251 3868 super
3275 3812 3371 3853 car

1823 3894 2040 3949 bouem.
2096 3893 2162 3947 Et
2185 3892 2312 3962 jeci.
2349 3890 2414 3945 Et
2439 3892 2576 3945 dixit
2606 3909 2618 3944 :
2650 3889 2832 3955 Orate,
2871 3890 2984 3944 lilii.
3021 3889 3086 3944 Et
3117 3889 3244 3944 fecit
3268 3904 3396 3944 ora-

1824 3988 2027 4040 tionem
2071 3985 2141 4038 ita
2177 3993 2230 4039 ut
2281 3984 2647 4038 recumbebat.
2682 3983 2765 4041 Et
2790 3992 2913 4052 post
2944 3984 3244 4037 orationem
3292 3996 3398 4037 nos

1824 4087 1909 4133 est
1943 4077 2279 4146 complexus,
2315 4076 2500 4131 dicens
2533 4094 2547 4129 :
2584 4076 2728 4129 Salvi
2760 4085 2948 4141 estote,
2991 4075 3108 4129 ﬁlii.
3159 4073 3398 4145 Epipha-

97 4168 275 4205 σατο
302 4151 475 4221 ἡμᾶς,
510 4151 604 4202 καὶ
632 4146 784 4202 εἶπεν
807 4167 819 4179 ·
858 4146 1122 4214 Σώζεσθε,
1152 4149 1315 4202 τέκνα
1336 4166 1347 4177 ·
1378 4150 1406 4200 ὁ
1445 4151 1553 4221 γὰρ
1574 4154 1724 4205 Ἐπι-

94 4247 332 4315 ςοάνιος
377 4243 560 4296 οὐκέτι
589 4244 733 4314 ὑμᾶς
780 4242 965 4313 ὄψεται
1005 4242 1062 4293 ὲν
1091 4241 1227 4311 τῷδε
1261 4242 1338 4313 τῷ
1365 4243 1482 4313 βίῳ.
1509 4245 1614 4297 Kal.
1642 4245 1724 4297 εὐο

93 4335 279 4399 Θέως
301 4335 622 4406 παρέδωκεν
654 4335 716 4387 τὸ
766 4333 1012 4405 πνεῦμαο
1066 4334 1161 4386 καὶ
1193 4336 1531 4405 παραχρῆμα
1558 4336 1723 4388 ἔπαυ-

92 4448 221 4485 σεν
262 4431 296 4480 ό
327 4428 536 4480 κλύδων
563 4428 663 4497 τῆς
688 4426 978 4494 θαλάσσης.
1670 4460 1675 4463 .
1750 4464 1795 4519 D

187 4522 348 4587 EG’.
392 4520 501 4571 Kal.
530 4514 884 4578 ἐπιπεσόντες
910 4516 1000 4568 ἐπὶ
1022 4515 1114 4568 τὸν
1135 4514 1403 4586 τράχηλον
1425 4512 1588 4567 αὐτοῦ
1608 4513 1717 4583 ἐγώ

1824 4169 1950 4223 nius
1992 4168 2138 4222 enim
2184 4182 2291 4221 non
2315 4180 2413 4220 vos
2458 4165 2690 4234 amplius
2718 4166 2921 4220 videbit
2953 4165 3006 4219 in
3038 4167 3140 4221 hac
3163 4166 3295 4220 vita.
3328 4162 3399 4220 Et

1825 4260 2007 4314 statim
2040 4258 2257 4312 tradidit
2284 4257 2553 4326 spiritum.
2588 4256 2892 4327 Statimque
2924 4256 3158 4311 cessavit
3189 4265 3395 4324 tempe—

1825 4364 1937 4409 stas
1966 4353 2151 4406 maris.

1894 4504 2077 4563 LXVI.
2117 4507 2382 4563 Cadentes
2427 4515 2603 4560 autem
2650 4520 2814 4573 super
2844 4503 3042 4559 collum
3072 4503 3192 4571 ejus
3215 4516 3317 4571 ego
3340 4511 3395 4556 et

1823 4599 1993 4663 Isaac,
2032 4613 2217 4653 amare
2264 4598 2529 4651 ﬂevimus.
2562 4595 2995 4663 Cecideruntque
3042 4593 3280 4647 tenebrae
3338 4593 3394 4646 in

1825 4702 2043 4748 nostros
2074 4691 2263 4745 oculos
2313 4690 2406 4743 illo
2455 4687 2561 4743 die.
2597 4685 2748 4741 Unus
2778 4701 2913 4740 vero
2958 4701 3024 4741 ex
3066 4686 3270 4750 nautis,
3302 4688 3393 4740 cui

1824 4781 2035 4837 dixerat
2085 4779 2419 4849 Epiphanius
2466 4778 2645 4832 adhuc
2682 4777 2838 4832 vivus
2870 4795 2883 4830 :
2915 4774 3034 4831 Noli
3064 4784 3296 4844 tentare,
3325 4794 3395 4833 ne

1824 4875 2079 4941 tenteris;
2105 4888 2331 4929 currens
2350 4871 2418 4926 ad
2448 4870 2612 4941 pedes
2642 4869 2954 4940 Epiphanii,
2980 4869 3151 4925 voluit
3180 4873 3393 4940 aperire

1823 4977 2025 5023 vestem
2057 4965 2364 5036 Epiphanii,
2396 4974 2450 5019 et
2479 4962 2661 5017 videre
2706 4978 2774 5016 an
2823 4971 2969 5018 esset
3009 4962 3390 5018 circumcisus.

1826 5056 2156 5128 Epiphanius
2186 5066 2389 5119 autem,
2426 5064 2483 5109 ut
2504 5055 2716 5124 jacebat
2747 5066 3016 5119 mortuus,
3046 5055 3267 5110 dextero
3291 5069 3391 5123 pe-

1823 5151 1889 5205 de
1903 5151 2136 5212 sublato,
2154 5165 2277 5203 eum
2298 5148 2517 5218 impegit
2534 5148 2589 5201 in
2610 5148 2825 5210 faciem,
2846 5147 3042 5217 etjecit
3063 5163 3191 5201 eum
3219 5162 3395 5215 usque

1826 5243 1893 5297 ad
1919 5258 2149 5313 puppem
2176 5242 2352 5303 navis,
2389 5250 2444 5297 et
2471 5241 2672 5296 mansit
2711 5241 2879 5295 biduo
2900 5248 3173 5295 mortuus.
3207 5239 3396 5294 Tertio

1823 5353 1953 5393 vero
2000 5337 2107 5401 die,
2155 5344 2331 5390 nauta:
2357 5335 2450 5402 qui
2486 5350 2611 5388 eum
2637 5333 2948 5402 portabant,
2975 5337 3216 5387 tulerunt
3265 5347 3396 5385 eum

1823 5444 1990 5498 prope
2013 5427 2394 5496 Epiphanium.
2418 5426 2711 5496 Postquam
2737 5435 2915 5481 autem
2947 5430 3249 5493 posuerunt
3265 5436 3394 5477 eum

81 4633 163 4670 τε
198 4616 318 4668 καὶ
339 4612 529 4665 Ἰσαάκ
552 4609 894 4679 ἐκλαύσαμεν
925 4609 1154 4680 πικρῶς,
1186 4605 1280 4660 καὶ
1309 4608 1497 4670 σκότος
1524 4606 1717 4660 ἔπεσεν

79 4710 215 4763 ἐπὶ
248 4706 386 4767 τοὺς
420 4702 730 4772 ὀφθαλμοὺς
780 4702 927 4772 ἡμῶν
963 4704 1020 4754 ὲν
1052 4704 1118 4772 τῇ
1145 4700 1265 4771 ὥρᾳ
1303 4699 1507 4770 ἐκείνῃ.
1536 4694 1628 4762 Εἷς
1660 4699 1718 4751 δὲ

74 4798 235 4851 τῶν
288 4792 524 4853 ναυτῶν,
556 4786 602 4859 ᾧ
646 4784 797 4843 εἶπεν
826 4790 1138 4860 Ἐπιφάνιος
1188 4790 1265 4842 ἔτι
1306 4788 1432 4854 ζῶν,
1469 4789 1580 4841 ὃτι’
1626 4788 1718 4859 Μὴ

78 4887 393 4959 πείραζε,
427 4884 512 4937 ἵνα
547 4884 622 4955 μὴ
653 4883 973 4954 πειρασθῇς,
1008 4878 1240 4953 ἔδραμεν
1277 4882 1426 4953 παρὰ
1459 4883 1581 4943 τοὺς
1618 4881 1717 4933 πό-

70 4985 211 5044 δας
248 4976 602 5044 Ἐπιφανίου,
630 4975 724 5027 καὶ
749 4972 1024 5043 ὴδουλήθη
1049 4969 1396 5040 ἀποκαλύψαι
1424 4970 1484 5022 τὸ
1506 4966 1717 5040 ἱμάτιον

70 5070 301 5127 αὖτοῦ
342 5068 475 5119 ίδείν
513 5068 561 5118 εί
599 5061 964 5136 ὲμπερίτομὸς
1012 5064 1253 5116 ὲστιν.⁹υ
1293 5063 1350 5115 δὲ
1379 5061 1715 5129 Ἐπιφάνιος,

64 5165 173 5225 ὡς
235 5154 317 5228 ἦν
367 5154 562 5227 νεκρὸς
594 5156 864 5225 κείμενος,
898 5154 1162 5220 κουφίσας
1204 5152 1293 5205 τὸν
1342 5146 1514 5217 δεξιὸν
1561 5150 1717 5210 πόδα,

66 5256 337 5307 ἔδωκεν
368 5245 521 5317 αὐτῷ
543 5247 622 5309 είς
645 5246 706 5298 τὸ
733 5245 1044 5316 πρόσωπον,
1067 5242 1158 5298 καί¹
1188 5242 1408 5315 ἔρριψεν
1430 5241 1589 5295 αὑτὸν
1614 5240 1722 5294 ἀπὸ

57 5346 203 5416 τῆς
242 5339 453 5407 κοίλης
496 5334 590 5389 τοῦ
636 5336 818 5390 πλοίου
850 5335 942 5390 ἐπὶ
974 5336 1071 5409 τὴν
1122 5336 1395 5407 πρύμνην,
1418 5336 1511 5387 xa‘t
1540 5333 1719 5404 ἔμεινε

59 5434 349 5506 νεκρός.
370 5429 661 5483 Ἐποίησεν
681 5427 737 5483 δὲ
762 5429 854 5483 δύο
881 5426 1094 5501 ἡμέρας
1124 5430 1371 5500 κείμενος
1405 5427 1609 5499 νεκρός.
1640 5427 1718 5496 Τῇ

158 5587 281 5659 (α)
324 5582 534 5654 lnterp.
567 5581 693 5654 legit
721 5582 1005 5637 Κιττιέων.
