3800 6180
393 245 489 304 Hi

1691 228 1748 283 S.
1794 221 2133 279 EPIPHANII
2175 219 2357 275 Vl'l‘A.

3559 191 3666 245 ΗΞ

391 362 463 420 ad
492 359 657 432 pedes
688 356 828 428 eius,
855 362 909 409 et
941 350 1117 421 tetigit
1141 364 1257 414 eos,
1286 345 1468 402 statim
1503 343 1762 400 surrexit.
1793 341 1859 395 Et
1890 355 1978 395 cc-

2156 354 2172 390 ν
2200 335 2356 408 τρίτῃ
2381 332 2563 404 ἡμέρα
2606 330 2843 400 ἤνεγκαν
2874 323 3035 379 αὐτὸν
3064 318 3433 393 βαστάσαντες
3462 313 3510 365 oi
3541 307 3671 363 ναῦ.

2202 429 2212 432 -
2305 429 2314 432 -
2393 424 2450 432 υτ
2635 421 2647 432 -
2751 420 2804 432 -Α
2872 417 2912 432 ω
2953 415 3008 432 vn
3128 431 3152 432 η
3183 409 3340 432 μμι-.
3376 402 3671 432 ._..-.t.-._:..

394 453 528 509 cidit
568 451 735 506 timor
777 461 942 516 super
987 456 1197 505 omnes,
1229 438 1323 508 qui
1358 446 1514 491 erant
1559 436 1612 489 in
1657 433 1802 487 navi.
1836 432 1972 484 Cum

396 561 500 603 nos
539 552 719 598 autem
767 538 1179 606 navigassemus
1233 529 1608 583 Constantiam
1657 527 1724 578 ad
1772 525 1973 587 locum,

397 640 490 709 qui
518 636 720 692 dicitur
749 625 1177 689 Dianeuterium,
1209 622 1415 692 egressi
1446 629 1576 675 sunt
1604 629 1784 672 nautae
1816 631 1846 670 e
1879 630 1977 668 na-

398 731 476 794 vi,
501 737 556 783 et
602 725 935 781 circuierunt
979 727 1151 773 totam
1191 714 1489 778 civitatem,
1523 721 1575 765 et
1604 711 1979 765 clamaverunt

400 837 526 879 cum
553 817 766 887 magnis
791 814 1048 869 vocibus:
1069 809 1182 863 Viri
1204 808 1423 867 fratres.
1451 805 1545 874 qui
1570 803 1704 857 viris
1722 801 1980 870 frequen-

399 922 508 967 tem
541 882 800 964 habitatis
837 899 1333 958 Constantiensium
1365 882 1660 955 civitatem,
1693 889 1978 946 descendi-

401 1011 455 1057 te
483 999 550 1054 ad
594 1011 743 1052 mare
779 997 834 1050 in
871 995 1075 1056 locum,
1105 990 1200 1060 qui
1235 988 1434 1043 dicitur
1471 983 1895 1042 Dianeuterium,
1927 989 1980 1032 et

402 1091 630 1155 accipite
665 1087 921 1158 reliquias
947 1084 1122 1141 sancti
1173 1091 1227 1137 et
1276 1083 1434 1150 longe
1469 1077 1765 1132 beatissimi
1803 1074 1980 1127 Patris

406 1182 581 1238 nostri
613 1178 919 1251 Epiphanii.
947 1175 1110 1229 Finiit
1133 1174 1279 1230 enim
1313 1173 1479 1225 vitam
1505 1163 1982 1223 humanam.Tunc

403 1274 622 1345 quidem
653 1270 966 1327 ceciderunt
1000 1266 1231 1322 tenebrae
1263 1277 1429 1332 super
1449 1261 1758 1314 universam
1789 1256 1978 1311 civita-

405 1378 535 1432 tem,
563 1372 620 1418 et
665 1377 724 1417 se
774 1358 1027 1414 manibus
1071 1363 1318 1410 tenentes
1350 1351 1687 1406 descendunt
1716 1348 1980 1411 ad-mare,

406 1473 663 1531 magnutn
707 1455 984 1525 planctum
1032 1449 1338 1504 afferentes.
1377 1446 1481 1499 Sed
1527 1457 1720 1497 omnes
1766 1454 1984 1510 quoque

408 1549 595 1607 rustici
619 1546 909 1601 veniebant
935 1543 988 1595 in
1012 1542 1311 1603 civitatem,
1328 1554 1422 1607 per
1449 1545 1616 1589 lotam
1648 1533 1787 1586 viam
1815 1529 1987 1583 lim-n—

406 1657 488 1700 tes
555 1639 832 1711 lacrymis.
887 1634 1154 1702 Quucirca
1235 1641 1348 1686 tres
1411 1641 1632 1697 quoque
1687 1623 1837 1686 caci,
1891 1619 1986 1690 qui

2080 447 2169 482 ται
2200 429 2365 496 ἐγγὺς
2393 421 2734 492 Ἐπιφανίου.
2751 420 2840 482 Ὠς
2868 417 2924 470 δὲ
2952 415 3153 485 ἔθηκαν
3178 409 3341 465 αὑτὸν
3375 404 3525 474 παρὰ
3543 402 3672 462 τοὺς

2083 519 2249 582 πόδας
2293 515 2479 578 αὐτοῦ,
2507 513 2685 583 ἥψατο
2725 510 2834 564 τῶν
2883 508 3059 561 ποδῶν
3110 500 3297 562 αὑτοῦ,
3325 498 3421 552 καὶ
3467 493 3673 552 εὐθέως

2084 611 2314 680 ἀνέστη·
2368 608 2462 662 καὶ
2513 605 2674 675 φόϐος
2721 603 2915 656 ἔπεσεν
2966 600 3059 653 ἐπὶ
3104 597 3314 655 πάντας
3345 591 3472 651 τοὺς
3501 590 3562 639 ἐν
3600 583 3674 652 τῷ

2085 703 2273 773 πλοίῳ.
2304 697 2811 754 Καταπλευσάντων
2838 694 2893 746 δὲ
2919 692 3073 762 ἡμῶν
3104 691 3159 741 ἐν
3188 679 3550 749 Κωνσταντίᾳ
3587 675 3675 728 ἐπὶ

2083 798 2161 868 τῷ
2201 797 2348 867 τόπῳ
2373 791 2692 862 καλουμένῳ
2724 783 3111 855 Διανευτηρίῳ,
3144 777 3364 848 ἐξῆλθον
3399 774 3448 824 οἱ
3478 767 3658 822 ναζτα

2088 889 2194 943 ἀπὸ
2223 887 2315 941 τοῦ
2352 886 2557 947 πλοίου,
2593 882 2687 936 καὶ
2715 877 3032 932 ἐκύκλωσαν
3077 873 3171 942 τὴν
3219 869 3373 920 πόλιν
3407 866 3495 916 κα’6
3539 859 3680 931 μετᾶ

2089 980 2280 1050 φωνῶν
2332 978 2582 1050 μεγάλων
2636 972 2900 1045 ἔκραζον·
2938 965 3162 1036 ’Ἄνδρες
3193 960 3428 1027 ἀδελφοὶ,
3475 957 3527 1007 οἱ
3585 952 3681 1019 τὴν

2089 1073 2418 1143 πολύανδρον
2471 1065 2800 1140 μητρόπολιν
2845 1056 3224 1115 Κωνσταντίαν
3273 1047 3681 1106 κατοικοῦντες,

2091 1167 2400 1229 κατέλθετε,
2437 1162 2621 1233 φησὶν,
2649 1160 2742 1212 ἐπὶ
2787 1158 2886 1228 τῆς
2921 1153 3194 1222 θαλάσσης
3224 1152 3280 1202 ἐν
3315 1145 3390 1215 τῷ
3423 1143 3583 1211 τόπῳ
3609 1138 3684 1208 τῷ

2092 1261 2410 1328 καλουμένῳ
2437 1252 2827 1323 Διανευτηρίῳ,
2854 1250 2947 1303 καὶ
2976 1247 3168 1300 λάϐετε
3199 1243 3260 1296 τὸ
3291 1241 3474 1310 τίμιον
3496 1235 3683 1302 7.56;:—

2093 1369 2181 1404 vov
2213 1348 2306 1402 τοῦ
2348 1347 2494 1400 ὁσίου
2541 1343 2757 1414 Πατρὸς
2790 1340 2945 1412 ἡμῶν
2971 1333 3314 1405 Ἐπιφανίου.
3364 1326 3685 1384 Κατέλυσεν

2093 1444 2202 1514 γάρ
2247 1441 2337 1494 τὸν
2379 1438 2718 1509 ἀνθρώπινον
2763 1435 2895 1507 βίον.
2933 1433 3066 1484 Τότε
3091 1429 3155 1499 δὴ
3191 1426 3379 1485 σκότος
3411 1421 3686 1474 ἐπέπεσεν

2095 1539 2187 1589 ἐπὶ
2236 1537 2415 1587 πᾶσαν
2461 1531 2561 1602 τὴν
2611 1530 2785 1587 πόλιν,
2818 1528 2912 1579 καὶ
2946 1524 3172 1582 ἑαυτοὺς
3211 1511 3686 1588 χειραγωγοῦντες

2097 1629 2431 1698 κατήρχοντο
2453 1624 2544 1676 ἐπὶ
2571 1621 2671 1691 τῆς
2699 1620 2998 1687 θαλάσσης,
3032 1611 3258 1668 κοπετὸν
3292 1610 3464 1680 μέγαν
3492 1602 3681 1656 ’ποιούς

405 1743 563 1792 erant
608 1734 663 1787 in
710 1729 968 1802 parmcia,
997 1742 1119 1797 quae
1168 1723 1469 1793 appellatur
1502 1717 1676 1779 Torti,
1727 1730 1784 1770 se
1817 1714 1897 1768 sic
1931 1713 1984 1766 in

2156 1738 2262 1774 vat.
2283 1718 2442 1771 Ἀλλὰ
2470 1718 2564 1770 καὶ
2601 1716 2749 1768 πᾶσα
2795 1716 2828 1785 ἡ
2859 1710 3115 1783 ἀγροικία
3168 1705 3499 1774 κατεσύρετο
3535 1704 3598 1753 ἐν
3627 1702 3687 1767 τῇ

406 1829 554 1884 viam
596 1824 982 1894 coniecerunt;
1022 1833 1123 1872 nec
1164 1816 1334 1890 nllus_
1350 1815 1514 1867 dabat
1539 1811 1620 1865 eis
1655 1821 1899 1871 manum,
1932 1814 1993 1858 ut

407 1921 574 1978 citius
618 1917 870 1974 venirent
921 1915 974 1968 in
1025 1911 1325 1966 civitatem.
1363 1904 1507 1960 Dixit
1537 1911 1718 1956 autem
1749 1913 1894 1953 unus
1925 1912 1990 1952 ex

410 2013 494 2069 eis
521 2009 743 2066 nomine
757 2005 1084 2062 Prosechius
1115 2019 1129 2056 :
1163 2001 1334 2070 Digne
1359 1997 1452 2051 Dei
1486 2003 1675 2050 sancte
1700 1990 1992 2073 Epiphani,

412 2107 499 2162 fac
524 2119 626 2159 nos
654 2101 916 2172 aspicere,
943 2108 1004 2153 ut
1032 2111 1135 2152 nos
1160 2108 1380 2165 quoque
1427 2091 1720 2146 adoremus
1745 2098 1867 2141 tuas
1895 2097 1990 2136 ve-

411 2196 682 2251 nerabiles
732 2191 1013 2262 reliquias.
1063 2187 1131 2242 Et
1173 2185 1357 2242 statim
1405 2187 1766 2252 aspexerunt;
1809 2185 1863 2230 et
1911 2174 1996 2228 in-

411 2286 586 2357 gressi
606 2285 660 2340 in
682 2284 980 2348 civitatem,
1006 2280 1305 2334 adorarunt
1329 2273 1664 2328 venerandas
1691 2268 1866 2324 sancti
1891 2265 1996 2319 Pa-

413 2380 511 2436 tris
541 2376 802 2447 reliquias
835 2393 849 2429 :
878 2382 934 2429 et
958 2371 1359 2426 annuntiarunt
1397 2369 1448 2422 id
1493 2365 1638 2436 quod
1682 2366 1763 2419 eis
1809 2364 1862 2417 in
1909 2361 1997 2415 via

411 2477 689 2524 evenerat.
716 2465 1043 2534 Quicunque
1063 2469 1244 2516 autem
1271 2460 1582 2519 audierunt,
1611 2456 1783 2510 Deum
1803 2451 1994 2507 lauda-

412 2568 564 2625 runt,
596 2559 692 2628 qui
726 2558 794 2614 iis
823 2555 919 2627 qui
952 2569 1013 2609 se
1041 2561 1172 2609 sunt
1201 2551 1370 2621 digni,
1402 2548 1602 2618 praabet
1627 2546 1775 2600 talia.

2090 1812 2262 1875 πόλει,
2287 1810 2355 1864 τὰ
2403 1811 2611 1876 δάκρυα
2663 1807 2783 1861 καθ’
2815 1805 2932 1858 ὁδὸν
2981 1801 3326 1870 ἐπιχέοντες·
3370 1796 3516 1848 ὥστε
3575 1795 3686 1850 καῖ,

2088 1903 2255 1976 τριῶν
2286 1900 2500 1971 τυφλῶν
2529 1900 2696 1952 ὄντων
2729 1899 2786 1950 ἐν
2815 1894 3076 1967 παροικίᾳ
3121 1889 3480 1958 ἐπιλεγομένη
3515 1887 3687 1952 Στορ-

2089 1998 2253 2066 τυκῇ,
2285 1998 2341 2048 ὲν
2392 1997 2457 2064 τῇ
2511 1992 2615 2063 ὁδῷ
2651 1990 2875 2051 ἑαυτοὺς
2910 1986 3278 2057 ἐμϐαλόντων,
3308 1982 3480 2041 οὐδεὶς
3520 1977 3688 2030 ἐπιδί-

2092 2086 2183 2139 δου
2214 2083 2424 2144 τούτοις
2459 2085 2633 2153 χεῖρα,
2667 2081 2815 2142 ὅπως
2841 2079 3026 2146 τάχιον
3053 2074 3444 2145 συμφθάσωσιν
3474 2069 3578 2122 ἐπὶ
3599 2069 3691 2134 τὴν

2093 2175 2248 2228 πόλιν
2269 2192 2282 2206 ⁸
2320 2171 2471 2228 εἶπεν
2497 2173 2552 2226 δέ
2584 2174 2647 2224 ἐκ
2671 2171 2780 2224 τῶν
2806 2170 2970 2240 τριῶν
3005 2172 3032 2220 ὸ
3079 2163 3159 2230 εἷς
3207 2165 3433 2234 ὀνόματι
3513 2162 3692 2230 ligo:-

2095 2268 2238 2338 έχιος
2256 2285 2269 2298 ο
2293 2267 2450 2335 ’Λγιε
2471 2263 2566 2317 τοῦ
2590 2263 2745 2326 Θεοῦ,
2765 2265 2878 2315 ὅσιε
2895 2260 3199 2328 Ἐπιφάνιε,
3216 2257 3436 2325 ποίησον
3454 2250 3692 2306 ἀναϐλέ-

2094 2356 2214 2426 ψαι,
2249 2357 2396 2418 ὅπως
2441 2355 2532 2408 καὶ
2560 2355 2721 2424 ἡμεῖς
2756 2353 3225 2423 προσκυνήσωμεν
3269 2346 3328 2398 τὸ
3370 2342 3564 2413 τίμιόν
3603 2358 3692 2393 σου

2099 2447 2368 2517 λείψανον.
2409 2447 2516 2499 Καὶ
2559 2445 2760 2507 εὐθέως
2800 2442 3118 2511 ἀνέϐλεψαν,
3150 2440 3243 2493 καὶ
3274 2436 3618 2496 εἰσελθόντες
3643 2435 3696 2484 ἐν

2099 2543 2165 2612 τῇ
2194 2540 2345 2593 πόλει
2372 2538 2784 2610 προσεκύνησαν
2816 2537 2878 2590 τὸ
2920 2536 3097 2607 τίμιον
3123 2532 3371 2602 λείψανον
3412 2529 3508 2582 τοῦ
3548 2527 3696 2580 ὁσίου

415 2622 661 2724 Πατρόςο
693 2622 1036 2721 ἀπήγγειλαν
1071 2645 1129 2699 δέ
1160 2644 1221 2698 τὸ
1255 2641 1469 2715 συμϐὰν
1497 2641 1683 2703 αὐτοῖς
1730 2636 1872 2724 κατὶὰ
1913 2636 2012 2708 τὴν
2050 2634 2189 2688 ὀδόν.
2245 2633 2600 2696 Ἀκούσαντες
2625 2633 2681 2686 δὲ
2707 2633 2963 2694 ἅπαντες,
3003 2628 3252 2692 ἐδόξαζον
3280 2625 3372 2678 τὸν
3405 2624 3547 2676 Θεὸν
3610 2622 3696 2672 τὸν

415 2743 642 2799 τοιαῦτα
665 2740 976 2813 παρέχοντα
998 2739 1112 2801 τοῖς
1142 2736 1313 2801 ἀξίοις
1347 2733 1532 2787 αὑτοῦ.

488 2831 695 2889 LXVII.
736 2829 1048 2886 Honoriﬁce
1065 2845 1194 2911 ergo
1221 2843 1252 2883 e
1279 2827 1402 2882 navi
1433 2825 1685 2880 tollentes
1713 2822 1993 2892 reliquias,

415 2927 837 2983 introduxerunt
861 2923 915 2975 in
946 2921 1256 2976 ecclesiam.
1284 2916 1471 2986 Ibique
1502 2915 1702 2970 mansit
1731 2924 1839 2968 tres
1858 2913 1992 2976 dies,

2174 2816 2288 2868 ΞΖ’.
2333 2816 2395 2867 Ἀ
2407 2831 2595 2886 ραντες
2616 2809 2708 2868 οὖν
2733 2812 2840 2867 ἀπὸ
2872 2813 2965 2866 τοῦ
2995 2811 3180 2864 πλοίου
3206 2807 3268 2862 τὸ
3293 2808 3580 2874 λείψανον,
3607 2826 3698 2878 με-

2101 2911 2171 2963 τά
2222 2907 2422 2978 πολλῆς
2479 2907 2643 2978 τιμῆς
2709 2906 3032 2977 εἰσήνεγκαν
3087 2907 3165 2968 εἰς
3220 2903 3320 2975 τὴν
3370 2902 3699 2970 ἐκκλησίαν.

416 3032 597 3088 neque
625 3013 988 3086 sepeliebatur
1019 3022 1239 3082 pr0ptcr
1269 3025 1520 3078 magnam
1567 3007 1995 3062 contentionem.

2156 3002 2328 3071 Ξμεινε
2361 2999 2417 3053 δὲ
2445 3002 2593 3069 τρεῖς
2619 2998 2854 3070 ἡμέρας,
2891 2997 2984 3049 καὶ
3023 2997 3121 3048 οὐκ
3159 2994 3443 3056 ἐθάπτετο,
3474 2993 3575 3045 διὰ
3611 2992 3702 3061 τὴν

419 3107 628 3174 Quarto
660 3113 844 3160 autem
873 3102 961 3157 die
987 3101 1167 3172 ipsum
1194 3101 1249 3154 in
1279 3099 1482 3164 loculo,
1505 3097 1665 3153 melle
1689 3095 1998 3167 superfuso,

417 3203 866 3267 composuerunt.
905 3191 1270 3264 [Cogitabam
1312 3191 1459 3246 enim
1503 3205 1628 3245 eum
1673 3189 1902 3259 sepelire
1947 3188 1999 3241 in

420 3283 702 3357 ecclesia.]
754 3282 930 3338 Mansi
957 3297 1086 3336 vero
1114 3293 1319 3350 septem
1350 3279 1466 3335 dies
1495 3279 1548 3333 in
1577 3277 1806 3333 ecclesia
1839 3292 2004 3347 prope

423 3379 728 3451 reliquias:
759 3384 816 3431 et
861 3390 932 3429 ne
975 3377 1056 3430 sic
1097 3374 1313 3442 quidem
1367 3380 1453 3427 est
1489 3371 1752 3441 sepultus.
1797 3368 2004 3425 Octavo

422 3474 608 3545 itaque
634 3471 743 3536 die,
787 3483 935 3531 cum,
967 3476 1027 3521 ut
1052 3466 1292 3536 iusserat
1337 3473 1560 3520 sanctus
1586 3463 1769 3529 Pater,
1811 3478 2004 3518 navem

424 3563 780 3626 invenissem,
809 3576 931 3631 quae
964 3559 1270 3629 trajiciebat
1316 3557 1369 3610 in
1421 3557 1739 3628 Egyptum,
1786 3553 2007 3610 ascendi

425 3655 484 3710 in
507 3652 846 3722 superiorem
877 3649 1228 3714 Thebaidem,
1255 3658 1309 3703 ct
1337 3649 1513 3702 mansi
1542 3664 1688 3702 anno
1713 3662 1841 3702 uno.
1867 3645 2007 3700 Cum

428 3755 610 3803 autem
663 3743 1018 3800 descenderet
1063 3756 1299 3813 magnus
1342 3738 1660 3804 Heraeleon,
1694 3754 1898 3810 praeses
1926 3748 2010 3792 to-

427 3841 538 3895 tius
568 3835 810 3908 !Egypti,
846 3833 1224 3888 Rhinocurura
1275 3833 1434 3904 (eam
1461 3832 1607 3886 enim
1631 3831 1819 3886 urbem
1851 3830 2009 3884 habi-

427 3930 631 4000 tabat),
663 3939 718 3984 et
771 3928 1036 3983 audiisset
1088 3941 1174 3982 me
1222 3925 1392 3980 fuisse
1445 3924 1775 3994 discipulum
1829 3922 2009 3994 magni

428 4022 744 4094 Epiphanii,
780 4036 867 4078 me
892 4019 1166 4076 nolentem
1196 4020 1378 4088 rapuit
1401 4033 1496 4089 per
1528 4017 1748 4078 milites,
1781 4015 2008 4085 imposi-

431 4124 660 4186 tutnque
691 4114 902 4170 camelo
935 4111 1184 4167 dromadi
1229 4111 1424 4167 detulit
1467 4110 1868 4165 Rhinocorura.
1903 4109 2015 4162 Ac-

431 4208 566 4264 cidit
593 4218 799 4271 autem,
838 4217 896 4262 ut
928 4207 1221 4278 episcopus
1258 4203 1474 4258 illorum
1503 4202 1808 4258 decederet.
1843 4199 2014 4256 Fecit-

433 4316 542 4371 que
573 4311 632 4356 ut
655 4301 941 4356 ordinarer
964 4299 1255 4370 episcopus
1284 4296 1818 4350 Rhinocururorum.

430 4494 923 4568 Epistolaj’olybii
949 4494 1201 4568 episcopi,
1235 4469 1459 4568 civitatis
1497 4491 1922 4568 thinocururum
1945 4489 2014 4541 ad

677 4562 934 4620 Sabinum
966 4562 1265 4634 episcopum
1308 4562 1782 4616 Constantieusem.

506 4743 740 4798 Domino
794 4743 847 4796 in
913 4740 1024 4794 Deo
1077 4736 1406 4800 venerando,
1456 4735 1620 4804 digno
1682 4730 2013 4792 sacerdotio,

441 4845 632 4889 sancto
662 4832 806 4887 Patri
856 4831 1060 4886 Sabino
1107 4831 1364 4898 episeopo
1417 4825 1654 4880 civitatis
1685 4821 2018 4877 Constantia

442 4923 628 4996 Cypri,
663 4921 916 4992 Polybius
947 4927 1199 4988 peccator
1231 4917 1285 4969 in
1317 4914 1552 4969 Domino
1593 4912 1842 4967 salutem.
1878 4909 2017 4980 Magi

443 5009 740 5082 singularis
765 5012 975 5080 gratim,
1005 5009 1084 5062 vel
1112 5019 1404 5076 antequam
1428 5005 1584 5060 stella
1608 5003 1690 5058 eis
1728 5001 2014 5056 Dominum

444 5105 828 5174 signiﬁcasset,
879 5101 1172 5170 participes
1215 5099 1362 5165 l'aeti,
1398 5097 1605 5152 vadunt
1654 5093 2017 5159 Hierusalem,

445 5208 608 5267 atque
642 5194 981 5257 Bethlchem,
1009 5194 1075 5247 ad
1118 5191 1454 5246 adorandum
1500 5189 1777 5244 emlestem
1838 5203 2016 5257 regem

444 5287 720 5343 Christum
757 5285 1044 5339 Dominum
1079 5293 1346 5337 nostrum.
1384 5281 1499 5336 Nisi
1533 5282 1678 5335 enim
1715 5281 1751 5334 ii
1786 5277 2021 5333 fuissent

445 5380 602 5448 prius
649 5378 940 5448 participes
985 5374 1184 5431 divina:
1231 5372 1580 5443 cognitionis,
1612 5371 1709 5426 Dei
1751 5371 2019 5426 visionem

523 5578 598 5649 (ιι)
639 5577 813 5649 Vertit
842 5580 1108 5649 interpres
1133 5573 1290 5649 quasi
1319 5571 1508 5649 legerit
1533 5571 1653 5649 μέλι
1676 5569 1943 5649 ,βαλόντες
1964 5573 2022 5623 ἐν

455 5642 617 5720 σορῷ.
637 5648 771 5716 Quae
801 5642 1057 5704 autem'in
1089 5642 1238 5700 tcitu
1268 5642 1464 5699 Latino
1492 5643 1648 5698 uncis
1675 5642 2018 5704 inclusimus,

2103 3091 2303 3161 πολλὴν
2352 3088 2680 3159 φιλονεικίαν
2729 3087 2926 3140 αὐτῶν.
2962 3087 3038 3156 Τῇ
3086 3082 3178 3138 οὖν
3226 3085 3462 3154 τετάρτη
3511 3085 3703 3154 ἡμέρα

2110 3183 2245 3255 μέλη
2281 3183 2530 3253 βαλόντες
2564 3183 2621 3234 ἐν
2652 3181 2866 3251 Σκυρίῳ
2902 3179 2976 3249 (α)
3006 3177 3196 3231 ἔϐαλον
3226 3177 3408 3229 αὐτόν.
3431 3167 3704 3245 Ἐποίητα

2106 3274 2162 3327 δέ
2190 3272 2299 3341 ἐγὼ
2325 3275 2424 3333 τὰς
2452 3269 2494 3336 ζ’
2525 3271 2738 3342 ἡμέρας
2773 3271 2831 3322 ἐν
2854 3272 2920 3340 τῇ
2948 3269 3214 3340 ἐκκλησία
3248 3266 3395 3337 παρὰ
3418 3266 3479 3318 τὸ
3506 3265 3568 3318 λε
3581 3267 3702 3322 ἔψα-

2107 3381 2196 3416 νον
2219 3382 2231 3394 ·
2265 3364 2357 3416 καὶ
2383 3362 2504 3416 οὐδὲ
2529 3362 2700 3426 οὕτως
2721 3363 2915 3434 ἐτάφη.
2953 3361 3030 3431 Τῇ
3060 3356 3151 3413 οὖν
3174 3360 3336 3431 ὀγδόη
3375 3359 3574 3430 ἡμέρα
3607 3377 3704 3412 κα·-

2109 3454 2177 3509 τὰ
2203 3457 2302 3526 τὴν
2331 3455 2401 3525 (ὁ)
2435 3454 2526 3508 τοῦ
2575 3453 2720 3508 ὁσίου
2756 3449 2968 3526 Πατρός
3000 3447 3154 3523 εὗρον
3187 3453 3370 3504 πλοῖον
3415 3451 3702 3520 διαπερῶν

2110 3550 2189 3612 είς
2219 3548 2510 3615 Αἴγυπτον,
2544 3547 2638 3599 καὶ
2679 3545 2917 3599 ἀνελθὼν
2961 3543 3300 3606 ἀπέπλευσα,
3335 3545 3430 3597 καὶ
3465 3543 3703 3612 ἀνῆλθον

2111 3642 2190 3704 εἰς
2215 3641 2310 3713 τὴν
2335 3640 2445 3694 ἅνω
2471 3638 2732 3712 Θηϐαΐδα.
2765 3639 2859 3691 καὶ
2887 3638 3120 3708 ἐποίησα
3146 3638 3412 3690 ἐνιαυτόν.
3435 3638 3553 3690 Καὶ
3576 3654 3705 3689 κατ-

2112 3732 2404 3802 ερχόμενος
2455 3733 2482 3784 ὁ
2537 3731 2710 3800 μέγας
2753 3730 3088 3801 Ἡρακλείων
3122 3732 3149 3782 ὁ
3178 3729 3360 3800 ἄρχων
3401 3729 3506 3799 τῆς
3538 3730 3707 3797 Αἰγιε-

2113 3841 2246 3878 πτου
2291 3825 2382 3877 ἐπὶ
2422 3823 2880 3896 Ῥινοκουρούρων
2907 3823 3005 3893 τὴν
3035 3823 3186 3876 πόλιν
3219 3819 3326 3893 (ἦν
3353 3824 3465 3894 γὰρ
3503 3826 3600 3876 καὶ
3633 3826 3708 3874 οἱ·

2114 3918 2301 3988 κήτωρ
2329 3917 2563 3987 αὐτῆς),
2601 3915 2842 3979 ἀκούσας
2889 3916 2970 3968 ὅτι
3019 3915 3263 3987 μαθητὴς
3305 3915 3583 3985 ἐγενόμην
3611 3915 3707 3967 τοῦ

2119 4005 2351 4078 μεγάλου
2379 4004 2716 4074 Ἐπιφανίου,
2751 4004 2824 4074 μὴ
2865 4003 3108 4065 Θέλοντος
3146 4021 3267 4073 μου,
3292 4001 3382 4054 διὰ
3434 4018 3708 4072 στρατιῶν

2113 4095 2222 4150 τῶν
2253 4095 2498 4168 ἦρπασέν
2531 4112 2620 4166 με,
2654 4094 2748 4146 καὶ
2793 4093 2885 4146 ἐπὶ
2913 4092 3313 4164 δρομοκαμήλῳ
3346 4089 3706 4152 ἐπικαθίσας,

2117 4186 2452 4257 κατήνεγκέν
2479 4202 2546 4254 με
2566 4186 2647 4248 είς
2681 4183 3117 4254 Ῥινοκούρουρα.
3153 4180 3356 4252 Συνέϐη
3382 4180 3440 4233 δὲ
3467 4180 3562 4232 τὸν
3584 4181 3709 4231 ἐπί-

2119 4295 2317 4330 σκοπον
2349 4277 2440 4330 τὸν
2464 4279 2582 4331 ἐκεῖ
2606 4276 2942 4346 τελευτῆσαι,
2967 4275 3058 4328 καὶ
3088 4273 3343 4344 ἐποίησέν
3369 4291 3437 4344 με
3465 4289 3713 4343 χειροτο-

2051 4345 2097 4402 D
2121 4366 2345 4438 νηθῆναι
2366 4367 2661 4420 ἐπίσκοπον
2690 4367 2790 4438 τῆς
2811 4345 3138 4436 Ἑκκλησίας
3180 4366 3674 4436 Ῥινοκουρούρων.

2127 4499 2447 4569 Ἐπιστολὴ
2493 4501 2796 4554 Πολυϐίου
2849 4501 3187 4554 ἐπισκόπου
3239 4498 3475 4563 πόλεως
3518 4499 3710 4550 Ῥη-ρο

2183 4573 2526 4694 κρυρούρων·
2557 4571 2707 4639 πρὸς
2734 4571 2990 4625 Σαϐῖνον
3019 4572 3358 4623 ἐπίσκοπον
3385 4572 3715 4622 lion-crur—

2187 4659 2217 4694 τ
2246 4659 2338 4694 ac.

2187 4659 2338 4706 τιας.

2187 4747 2376 4818 Κυρίῳ
2425 4746 2729 4818 θεοτιμήτῳ
2758 4748 2893 4818 ἀξίῳ
2925 4747 3026 4818 τῆς
3054 4745 3373 4818 ἱερωσύνης,
3420 4747 3566 4816 ἁγίῳ
3593 4747 3712 4797 Πα-

2117 4842 2206 4914 τρὶ
2234 4841 2515 4911 ἐπισκόπῳ
2562 4841 2772 4910 Σαϐίνῳ
2821 4839 3024 4903 πόλεως
3055 4837 3440 4899 Κωνσταντίας
3470 4839 3572 4906 τῆς
3601 4839 3713 4890 Κύ-

2120 4949 2280 5002 πρου,
2333 4931 2590 4992 Πολύϐιος
2635 4931 2959 5001 ἁμαρτωλὸς
3014 4932 3070 4984 ἐν
3127 4931 3318 5002 Κυρίῳ
3376 4930 3618 5000 χαίρειν.
3653 4930 3712 4979 ΟΞ

2124 5025 2284 5094 μάγοι
2330 5024 2428 5094 τῆς
2474 5023 2695 5093 χάριτος
2742 5025 3008 5093 μετεῖχον,
3043 5023 3184 5091 λέγω
3226 5023 3291 5092 δὴ
3342 5022 3451 5092 πρὸ
3497 5021 3593 5073 τοῦ
3627 5022 3714 5072 τὸν

2119 5114 2323 5182 ἀστέρα
2369 5113 2552 5175 αὐτοῖς
2627 5112 3008 5183 καταμηνῦσαι
3058 5112 3155 5182 τὴν
3201 5111 3391 5181 βαδίαν
3438 5110 3715 5162 ποιεῖσθαι

2122 5205 2214 5256 ἐπὶ
2258 5203 2632 5274 Ἰερουσαλὴμ,
2665 5204 2758 5256 xal.
2797 5205 2854 5256 ἐν
2898 5203 3142 5274 Βηθλεὲμ
3190 5203 3282 5255 ἐπὶ
3331 5202 3712 5272 προσκυνήσει

2121 5295 2215 5347 τοῦ
2263 5295 2499 5366 μεγάλου
2542 5295 2805 5364 βασιλέως
2845 5295 3023 5365 Ἰησοῦ
3070 5293 3306 5366 Χριστοῦ
3356 5294 3453 5346 τοῦ
3501 5294 3715 5364 Κυρίου

2123 5389 2298 5460 ἡμῶν.
2328 5389 2388 5441 Εἰ
2427 5387 2500 5459 μὴ
2546 5390 2656 5460 γὰρ
2702 5384 2844 5458 εἶχον
2886 5389 3041 5442 αὐτοὶ
3090 5387 3421 5454 θεογνωσίαν
3449 5387 3513 5440 τὸ
3558 5386 3712 5457 πρὶν,

2124 5571 2178 5625 in
2203 5568 2389 5622 Graeco
2418 5569 2636 5622 desunt.
2681 5565 2837 5620 Eutr.
2871 5565 3112 5619 PATROL.

2200 5639 2272 5709 (ὁ)
2312 5640 2474 5693 Κατὰ
2498 5638 2629 5693 τήν.
2675 5639 2878 5708 bupule
2909 5636 3152 5706 ἐντολήν.
3194 5633 3276 5688 ID.
