3778 6308
440 323 545 383 “5
746 374 747 377 η
1468 326 1525 379 S.
1558 323 1898 379 EPlPllANll
1932 323 2111 379 ACTA
2150 322 2647 380 BOLLANDIANA.
3581 326 3689 381 116

442 442 703 514 reliquias
728 442 900 514 sancti
924 450 977 496 et
997 442 1136 497 beati
1170 442 1346 498 Patris
1376 444 1545 499 nostri
1567 454 1622 498 et
1650 446 1886 514 episcopi
1914 443 2217 514 Epiphanii,
2248 453 2302 498 et
2338 459 2459 498 cum
2491 445 2637 499 omni
2677 444 2879 499 honore
2907 460 3000 499 eas
3034 444 3086 498 in
3116 459 3180 498 eo
3200 444 3316 497 loco
3349 447 3685 513 deposuere.

500 511 705 566 .LXX].
747 512 903 583 Mane
936 521 1116 567 autem
1159 514 1340 567 statim
1370 511 1710 569 venerandus
1738 511 1931 576 Draco,
1957 511 2239 568 accersitis
2266 515 2520 568 omnibus
2551 515 2760 569 clericis
2801 531 2924 569 cum
2977 515 3163 568 multis
3192 511 3689 583 patribusl’amilias

444 582 705 645 civitatis,
736 582 932 654 obtulit
966 598 1152 654 preces
1189 584 1521 651 imperatori.
1551 583 1699 639 Missi
1731 600 1859 637 vero
1892 593 2021 638 sunt
2048 592 2157 638 tres
2187 584 2389 648 clerici,
2417 593 2470 637 et
2500 592 2610 654 tres
2639 585 3074 654 patresfamilias.
3112 582 3203 637 Exi
3234 584 3447 638 clericis
3482 586 3535 637 in
3566 587 3687 651 pri-

448 654 555 708 mis
587 652 937 707 honorandus
965 652 1202 707 Sabinus
1229 653 1508 719 diaconus,
1540 664 1595 707 et
1626 656 1859 708 maxime
1885 654 2235 709 honorandus
2260 655 2521 708 diaconus
2558 652 2759 709 Paulus
2802 656 3160 710 consobrinus
3187 654 3466 716 Draconis,
3501 666 3553 707 et
3587 656 3688 706 ho-

447 722 727 793 norandus
753 723 1012 777 diaconus
1043 723 1394 777 Athanasius.
1428 723 1505 776 Ex
1534 726 1775 791 patribus
1801 733 1979 777 autem
2014 722 2245 778 familias
2273 724 2601 779 reverendus
2629 724 2903 779 Marianus
2949 724 3114 778 frater
3156 723 3386 793 Synesii,
3428 734 3483 775 et
3527 739 3689 777 reve-

448 794 652 864 rendus
675 791 912 864 J_oannes
941 793 1060 864 ejus
1086 794 1467 855 consobrinus,
1496 804 1550 847 et
1583 794 1726 864 filius
1738 793 2037 864 Draconis,
2068 794 2158 862 qui
2189 794 2303 863 ipse
2333 809 2549 864 quoque
2576 796 2869 850 vocabatur
2901 795 3089 855 Draco,
3119 804 3172 847 et
3193 791 3353 862 quem
3386 793 3477 846 Dei
3505 795 3687 862 gratia

445 862 662 918 curavit
690 861 1026 932 Epiphanius
1057 879 1085 916 a
1120 864 1307 915 morbo
1339 864 1681 931 gravissimo.
1709 863 1772 917 lli
1804 873 1983 917 autem
2013 861 2227 917 iverunt
2269 863 2322 917 in
2351 861 2634 919 'civitatem
2678 867 2900 932 regiam,
2928 875 2981 919 et
3009 861 3319 918 obtulerunt
3347 861 3537 931 preces
3575 864 3685 915 im-

448 932 1036 1004 peratorialmperator
1080 948 1213 1004 vero
1253 932 1537 999 Arcadius,
1575 950 1698 988 cum
1730 949 1916 1001 preces
1964 935 2262 1002 accepisset
2308 944 2360 988 et
2408 935 2639 1004 legisset,
2671 935 2827 989 valde
2862 950 3058 1001 magno
3085 935 3266 988 dolore
3306 942 3389 987 est
3429 933 3685 1004 allectus,

448 1003 595 1073 quod
626 1017 656 1057 e
684 1003 791 1073 vita
820 1003 1143 1073 excessisset
1176 1002 1512 1070 Epiphanius
1542 1022 1559 1073 ε
1585 1013 1639 1057 et
1674 1004 1812 1057 dixit
1843 1006 1920 1057 eis
1964 1004 2056 1072 qui
2102 1019 2289 1071 preces
2336 1004 2436 1059 sibi
2464 1002 2798 1058 'ohtulerant
2826 1024 2839 1060 :
2874 1004 3062 1058 Sedete
3105 1004 3157 1057 in
3210 1004 3307 1073 hac
3355 1003 3490 1056 urbe
3532 1003 3687 1073 regia

448 1072 813 1142 quadraginta
837 1072 972 1137 dies,
1001 1084 1061 1127 ut
1086 1073 1296 1140 lugeam
1329 1088 1508 1126 meum
1538 1072 1776 1139 Patrem,
1807 1083 1861 1128 et
1893 1071 1993 1127 vos
2020 1075 2230 1126 mittam
2260 1074 2313 1127 in
2340 1090 2491 1142 pace.
2528 1074 2603 1127 llli
2635 1085 2811 1128 autem
2846 1075 2925 1128 sic
2966 1075 3224 1127 fecerunt.
3254 1071 3317 1142 Et
3346 1073 3484 1126 luxit
3512 1071 3690 1126 Arca-

452 1142 579 1195 dius
612 1141 904 1213 imperator
930 1151 1129 1213 sanctae
1160 1143 1434 1195 memoriae
1458 1153 1664 1211 patrem
1691 1155 1934 1202 nostrum
1965 1155 2016 1196 et
2039 1141 2353 1213 episcopum
2377 1143 2732 1212 Epiphanium
2759 1144 3113 1213 quadraginta
3145 1142 3279 1213 dies.
3304 1141 3433 1213 Post
3470 1144 3689 1195 luctum

452 1222 635 1281 autem
660 1211 801 1281 fecit
829 1212 1295 1276 constitutionem,
1326 1221 1380 1264 et
1409 1214 1558 1267 misit
1599 1229 1721 1267 cum
1758 1214 1836 1268 eis
1872 1214 2045 1266 virum
2075 1211 2591 1281 pium'militantem.
2625 1211 2844 1267 nomine
2875 1211 3187 1268 Maximum.
3224 1211 3274 1265 ls
3308 1212 3539 1265 habebat
3569 1213 3687 1281 spi-

453 1280 619 1334 ritum
654 1280 1013 1352 immundum.
1047 1281 1182 1352 Cum
1209 1282 1266 1352 iii
1317 1292 1495 1335 autem
1543 1284 1917 1352 pervenissent
1944 1280 2337 1347 Constantiam,
2374 1284 2554 1337 statim
2581 1282 2844 1337 Maximus
2888 1292 3105 1351 accepta
3151 1282 3561 1342 constitutione,
3600 1284 3689 1335 in-

451 1358 674 1420 gressus
700 1360 783 1405 est
811 1351 863 1403 in
894 1351 1092 1414 locum,
1130 1350 1220 1405 ubi
1270 1361 1395 1422 sunt
1426 1350 1614 1419 posita:
1644 1354 1885 1421 reliquiae
1914 1353 2086 1407 sancti
2132 1352 2307 1422 Patris;
2339 1356 2531 1407 nostri.
2556 1352 2803 1418 Cumque
2832 1350 3034 1422 pronus
3063 1352 3343 1406 cecidisset
3373 1352 3424 1404 in
3459 1352 3685 1413 faciem,

452 1428 507 1473 et
533 1435 723 1489 preces
747 1422 1025 1492 posuisset
1053 1436 1216 1492 supra
1249 1420 1481 1484 thecam,
1512 1424 1647 1476 dixit
1686 1442 1697 1477 :
1730 1422 1837 1477 Deo
1865 1423 2026 1490 digne
2055 1433 2239 1477 sancte
2266 1421 2551 1491 Epiphani,
2575 1424 2780 1492 expelle
2808 1420 2845 1475 a'
2872 1440 2957 1477 me
2998 1422 3294 1490 malignum
3319 1422 3597 1490 spiritum,
3632 1430 3688 1475 et

452 1497 585 1543 tunc
613 1490 849 1562 aperiam
887 1490 1026 1562 hanc
1056 1490 1690 1562 formatamscripturam
1715 1509 1837 1546 cum
1876 1507 2067 1562 magna
2099 1494 2393 1560 gratiarum
2428 1490 2659 1547 actione;
2693 1492 2995 1561 Statimque
3018 1492 3150 1545 exiit
3178 1492 3490 1545 immundus
3516 1491 3691 1559 spiri-

452 1570 541 1631 tus
570 1559 1175 1631 a_Maximo._Maneque
1210 1559 1488 1627 patefacta
1511 1562 1611 1615 fuit
1638 1563 1902 1631 scriptura
1937 1559 2165 1616 formata
2197 1564 2250 1616 in
2274 1562 2394 1615 loco
2427 1564 2661 1630 publico,
2689 1573 2741 1617 et
2770 1559 2959 1616 omnes
3001 1572 3277 1631 propterea
3323 1576 3514 1629 magna
3554 1568 3689 1614 sunt

451 1629 630 1702 affecti
661 1628 864 1683 latitia.
895 1628 1164 1702 Formatte
1192 1639 1371 1702 autem
1399 1632 1682 1702 scripturae
1720 1628 1830 1685 vim
1874 1633 2053 1685 insero
2100 1633 2151 1684 in
2196 1648 2314 1688 mea
2346 1628 2594 1700 cpi-stola,
2627 1648 2787 1702 quam
2820 1635 2883 1686 ad
2918 1628 3151 1702 vestram
3195 1630 3350 1702 mitto
3375 1628 3633 1702 pietatem
3654 1648 3686 1702 7:

451 1714 574 1768 qua:
616 1698 671 1761 in
703 1715 860 1753 versu
882 1699 1239 1771 gsecundoisic
1266 1698 1527 1756 continet:
1569 1702 1658 1757 Sic
1691 1702 1833 1757 enim
1862 1702 1994 1755 dicit
2027 1702 2322 1771 imperator
2356 1698 2621 1757 Arcadius
2645 1698 2721 1756 'de
2755 1713 2942 1756 sancto
2986 1698 3149 1771 Patre_'
3180 1718 3193 1754 :
3223 1698 3385 1771 Eum,
3416 1703 3508 1769 qui
3547 1701 3691 1753 vixit

450 1783 618 1837 Supra
641 1778 855 1825 nostras
882 1769 1047 1842 leges,
1074 1770 1330 1827 nolumus
1350 1772 1539 1842 jacere
1566 1772 1947 1826 convenienter
1986 1769 2188 1842 nostris
2236 1772 2465 1841 legibus.
2500 1771 2636 1826 Ecce
2667 1788 2817 1842 ergo,
2847 1780 3106 1842 oisancte
3133 1769 3290 1822 Pater
3314 1769 3517 1839 Polybi,
3560 1771 3690 1823 uni-

450 1852 662 1911 versam
697 1839 1163 1911 consequentiam,
1195 1838 1444 1911 quaeifuit
1479 1850 1586 1893 tam
1618 1842 1796 1896 verbis
1824 1856 1985 1909 quam
2023 1840 2198 1904 lactis,
2236 1838 2462 1910 exposui
2501 1853 2690 1896 vestras
2723 1838 2861 1911 apud
2894 1841 3069 1911 Deum
3099 1841 3372 1893 honoratae
3397 1838 3451 1894 et
3476 1850 3689 1893 sancta:

449 1909 648 1980 animae
675 1923 770 1976 per
796 1908 1024 1974 litteras,
1053 1924 1171 1980 (Illa)
1199 1926 1227 1980 a
1259 1910 1413 1980 nobis
1443 1912 1623 1965 missae
1652 1920 1778 1966 sunt
1809 1908 1902 1979 per
1929 1908 2613 1980 veneraiidunrdiaconum
2643 1908 2947 1980 Calippnm.
2974 1909 3122 1964 llabe
3150 1920 3328 1963 autem
3362 1917 3688 1979 perpetuam

451 1976 559 2035 mei
592 1979 907 2035 memoriam
947 1980 996 2031 in
1029 1976 1136 2033 tuis
1164 1979 1228 2032 ad
1257 1979 1425 2033 Deum
1452 1976 1823 2047 Orationibus;
1848 1990 2032 2034 sancte
2066 1979 2245 2036 Pater.
2281 1980 2456 2035 Tuum
2500 1997 2629 2035 vero
2654 1976 2903 2036 sanctum
2935 1981 3139 2036 clerum
3187 1994 3305 2033 meo
3335 1976 3561 2036 nomine
3594 1992 3689 2033 sa-

448 2047 622 2110 lutare
649 2048 908 2116 digneris,
926 2063 958 2102 ο
985 2048 1145 2117 digne
1168 2050 1493 2117 sacerdotio,
1512 2061 1699 2105 sancte
1728 2049 1903 2104 Pater.
1923 2047 2030 2113 Ora
2054 2065 2153 2119 pro
2179 2068 2284 2116 me,
2313 2068 2346 2106 ο
2373 2053 2455 2105 vir
2480 2054 2712 2106 maxime
2733 2050 2865 2124 pie.]

1027 2226 1033 2232 ’
1109 2314 1604 2475 ACTA
1743 2316 1898 2470 s.
2023 2319 2996 2475 EPIPHANII

1430 2580 1757 2640 AUCTORE
1791 2584 1856 2638 R.
1890 2586 1952 2641 P.
1998 2586 2153 2679 DAN.
2189 2586 2685 2645 PAPEBROCHIO.

1094 2743 1235 2805 (Acta
1255 2750 1531 2795 sanctarum
1555 2744 1780 2797 Bolland.
1796 2782 1810 2805 ,
1832 2746 1945 2797 Maii
1988 2754 2106 2798 tom.
2131 2749 2218 2809 lll,
2242 2748 2324 2798 die
2347 2747 2422 2809 i2,
2445 2762 2495 2810 p.
2516 2748 2593 2799 56.
2620 2748 2864 2811 Venetiis,
2885 2748 3043 2814 1758.)

948 3000 1181 3058 CAPUT
1218 3001 1508 3063 PRIMUM.

445 3114 635 3172 Cultus
667 3113 808 3184 apud
852 3110 1062 3167 ercos
1101 3123 1151 3167 et
1191 3112 1435 3167 Latinos.
1479 3113 1602 3169 Vita
1639 3118 1733 3169 sub
1773 3119 2020 3172 ementita

749 3184 1132 3253 discipulorum
1164 3185 1371 3238 nomine
1399 3186 1707 3255 compilata.

522 3277 575 3331 1.
613 3273 853 3344 Salamis
893 3274 1054 3346 Cypri
1103 3274 1250 3345 (nam
1299 3276 1401 3329 alia
1446 3276 1610 3347 hujus
1654 3278 1891 3335 nominis
1936 3291 2019 3336 est

446 3370 625 3425 insula
648 3378 702 3425 et
734 3369 864 3429 urbs
900 3369 1044 3423 circa
1090 3368 1346 3438 Atticam)
1387 3369 1706 3424 Constantia
1738 3372 2021 3427 dicebatur

446 3461 764 3533 Hieronymi
801 3469 977 3525 aetate,
1029 3467 1088 3513 ut
1131 3461 1206 3514 ait
1251 3461 1368 3530 ipse
1411 3461 1465 3515 in
1520 3462 1783 3531 epitaphio
1830 3462 2023 3519 Paula:

445 3556 607 3626 epist.
653 3554 744 3607 27.
786 3550 942 3606 Nunc
985 3560 1276 3621 utrumque
1323 3568 1521 3608 nomen
1550 3554 1731 3618 desiit,
1783 3564 1838 3608 et
1879 3555 2019 3609 dun-

447 3655 601 3709 taxat
624 3643 945 3715 oppidulum
974 3641 1086 3697 fere
1112 3642 1354 3705 dirutum
1382 3652 1651 3714 superest,
1688 3646 1831 3715 quod
1858 3645 2019 3700 Vete-

445 3754 563 3802 rem
593 3736 982 3805 Famagustam
1013 3744 1212 3793 vocant
1243 3736 1452 3799 incolae,
1485 3746 1774 3807 postquam
1806 3753 1871 3792 ex
1896 3738 2016 3808 ejus

446 3827 624 3885 ruinis
658 3842 800 3881 nova
847 3826 1105 3892 surrexit,
1142 3842 1263 3895 quae
1296 3826 1475 3881 adhuc
1516 3827 1664 3897 regia
1694 3837 1797 3892 est,
1835 3843 2004 3897 regno

445 3920 575 3976 licet
623 3919 894 3973 exstincto
943 3917 1046 3971 sub
1092 3915 1389 3972 Turcarum
1446 3918 1749 3987 tyrannide.
1806 3916 2006 3972 Eadem

447 4009 772 4080 metropolis
825 4007 1019 4064 insulae
1047 4008 1214 4061 totius
1270 4008 1393 4073 fuit,
1449 4016 1503 4062 et
1558 4010 1758 4065 saeculo
1809 4008 2014 4064 Christi

445 4114 644 4174 quarto
668 4102 986 4171 episcopum
1031 4101 1221 4155 habuit
1270 4120 1289 4152 ς
1329 4099 1387 4155 S.
1427 4100 1810 4170 Epiphanium,
1839 4118 2001 4171 quem

445 4212 558 4254 non
602 4196 778 4252 solum
817 4195 943 4249 vita:
981 4195 1326 4251 conversatio
1374 4194 1642 4249 illustrem
1676 4196 1747 4250 ob
1784 4197 2012 4253 virtutes

444 4288 711 4353 reddidit;
754 4302 943 4351 verum
986 4285 1149 4339 etiam
1205 4285 1493 4351 miracula,
1545 4302 1667 4357 qua:
1716 4287 1879 4355 Deus,
1917 4291 2015 4344 ho-

2036 3015 2269 3076 Αμαρα
2330 3000 2637 3071 appellant)
2712 3000 2854 3070 quod
2926 3000 3055 3054 olim
3118 3001 3505 3073 patriarcbium
3559 3005 3685 3062 fuit.

2194 3094 2249 3148 2.
2290 3090 2505 3145 Etenim
2548 3091 2711 3144 etiam
2753 3089 3373 3161 ConstantinOpolitanae
3402 3096 3684 3165 Ecclesiae,

2126 3199 2279 3254 aeque
2328 3197 2391 3236 ac
2431 3182 2529 3236 toti
2573 3180 2780 3235 Orienti
2813 3180 2915 3235 fuit
2956 3182 3009 3235 in
3056 3183 3291 3238 maxima
3337 3188 3687 3242 veneratione

2123 3276 2492 3348 Epiphanius;
2536 3274 2692 3344 cujus
2749 3274 2969 3345 synaxis
3016 3274 3109 3345 (ut
3142 3275 3341 3331 habent
3384 3268 3585 3333 Metirea
3614 3280 3686 3333 ad

2124 3368 2270 3422 hunc
2300 3366 2369 3421 l2
2402 3364 2564 3435 Maii)
2602 3366 2655 3419 in
2687 3367 2835 3436 regia
2876 3365 2966 3419 illa
3007 3366 3137 3420 urbe
3168 3386 3187 3419 ‹
3224 3368 3599 3424 celebrabatur
3629 3371 3686 3425 in

2123 3457 2465 3512 sanctissima
2489 3456 2610 3525 ejus
2636 3454 2749 3509 atde
2778 3472 2796 3505 ι
2838 3470 2930 3509 seu
2968 3454 3187 3519 sacello,
3226 3473 3244 3505 ι
3282 3472 3402 3525 qua:
3428 3466 3512 3512 est
3537 3458 3685 3515 intra

2121 3548 2379 3617 templum
2429 3545 2615 3600 Sancti
2666 3543 3025 3611 Philemonis,
3080 3564 3099 3597 ι
3150 3548 3325 3615 quod,
3364 3547 3575 3605 Codino
3627 3550 3684 3606 in

2124 3638 2429 3709 Originibus
2473 3636 3075 3705 Constantinopolitanis
3128 3646 3435 3704 attestaute,
3492 3656 3511 3691 t
3575 3636 3685 3695 Eu-

2120 3732 2315 3786 doxius
2370 3730 2715 3785 Constantini
2765 3727 2943 3799 Magni
2990 3730 3254 3798 patricius
3294 3741 3349 3784 et
3394 3728 3683 3800 praefectus

2119 3821 2382 3878 condidit.
2423 3841 2440 3873 ι
2481 3821 2689 3875 Colitur
2720 3830 2899 3875 autem
2928 3820 3001 3873 ibi
3028 3830 3081 3874 et
3100 3820 3227 3873 alibi
3255 3821 3310 3876 S.
3345 3819 3682 3890 Epiphanius

2118 3913 2347 3968 solemni
2387 3914 2552 3967 totius
2577 3913 2682 3967 diei
2718 3910 2925 3978 Ollicio,
2977 3917 3253 3969 communi
3296 3917 3511 3987 quidem
3556 3934 3683 3977 cum

2121 4002 2177 4058 S.
2231 4002 2501 4060 Germano
2548 4003 2853 4072 patriarcha
2894 4004 3534 4077 Constantinopolitano;
3587 4010 3682 4065 sed

2120 4096 2490 4167 principaliori
2517 4097 2638 4150 loco
2666 4115 2678 4150 :
2708 4097 2982 4166 quomodo
3008 4098 3170 4152 etiam
3208 4109 3426 4155 notatur
3458 4102 3514 4155 iu
3550 4103 3681 4172 ligu-

2119 4191 2255 4245 ratis
2278 4189 2658 4244 Ruthenorum
2704 4207 2796 4244 seu
2832 4189 3142 4246 Moscorum
3185 4193 3545 4252 Kalendariis.
3579 4196 3680 4251 So-

2120 4284 2231 4336 lum
2266 4292 2442 4335 autem
2476 4283 2625 4337 illum
2654 4292 2859 4352 spectat
2886 4298 3063 4340 canon
3099 4288 3403 4358 sacer-,lhoc
3424 4288 3513 4345 die
3546 4305 3682 4360 prte-

444 4396 581 4436 nore
606 4380 759 4439 illum
791 4377 1003 4433 allicere
1027 4377 1237 4440 volens,
1271 4378 1389 4446 ipso
1437 4378 1615 4432 adhuc
1648 4381 1937 4447 superstite
1963 4392 2017 4438 et
2046 4383 2087 4438 B
2118 4374 2353 4443 scriptus
2388 4374 2489 4428 sub
2522 4376 2621 4429 hac
2651 4375 3043 4430 acrostichide:

444 4480 568 4541 post
595 4469 802 4524 obitum
835 4468 954 4537 ejus
984 4466 1171 4521 edidit.
1210 4466 1424 4521 Mortuo
1457 4470 1600 4522 enim
1628 4468 1742 4533 illo,
1778 4470 1831 4523 id
1863 4472 2010 4540 quod

444 4561 650 4616 viventi
684 4575 793 4615 non
817 4558 1134 4625 contigerat,
1164 4558 1230 4612 ad
1255 4559 1567 4626 sepulcrum
1596 4560 1713 4629 ejus
1738 4563 2012 4617 daemones

444 4652 747 4715 etiamnum
798 4648 999 4721 fugari,
1057 4657 1110 4703 et
1140 4649 1312 4709 morbi
1357 4650 1577 4719 quidam
1608 4651 1788 4715 curari
1816 4654 2010 4707 dicun-

444 4755 555 4799 tur.
614 4762 632 4797 t
668 4743 746 4797 Ita
786 4742 881 4799 lib.
936 4758 988 4795 v1
1028 4739 1173 4801 Hist.
1216 4742 1424 4806 eccles.,
1470 4759 1590 4811 cap.
1630 4744 1719 4807 27,
1766 4744 2013 4801 Hermias

447 4836 809 4897 Sozomenus,
856 4834 975 4903 ipso
1015 4835 1174 4903 cujus
1207 4834 1474 4903 principio
1510 4835 1597 4888 ille
1630 4836 1766 4889 obiit
1809 4837 2009 4891 saeculo

444 4927 638 4996 quinto
660 4926 881 4980 ﬂoreus.
913 4925 1050 4980 Hinc
1090 4925 1316 4991 factum,
1351 4929 1491 4982 sicut
1520 4929 1762 5000 synodus
1792 4930 2009 4985 Niczena

445 5034 485 5073 lt
525 5017 724 5077 Saecula
775 5016 977 5071 Christi
1027 5030 1221 5073 octavo
1265 5018 1556 5081 celebrata,
1607 5028 1712 5075 act.
1761 5020 1793 5072 6
1832 5019 2007 5087 docet,

444 5107 591 5178 quod
624 5125 644 5159 ι
682 5107 941 5176 templum
966 5107 1353 5161 dedicaverunt
1389 5109 1442 5161 in
1478 5109 1803 5179 Cypriorum
1831 5111 2008 5165 insula

442 5198 564 5268 ejus
601 5195 877 5266 discipuli,
926 5206 1305 5265 nuncupantes
1350 5195 1480 5249 illud
1531 5195 1772 5264 ejusdem
1830 5195 2008 5255 Patris

441 5289 735 5352 vocabulo,
767 5295 821 5341 et
864 5302 989 5343 cum
1034 5286 1221 5347 multis
1267 5287 1390 5341 aliis
1426 5286 1742 5350 titularibus
1777 5286 2007 5356 picturis

441 5380 738 5451 imaginem
770 5378 891 5448 ejus
934 5378 988 5432 in
1027 5377 1145 5447 ipso
1182 5376 1540 5442 collocarunt,
1580 5396 1600 5433 ι
1644 5378 1859 5448 qualem
1895 5378 2007 5433 sci-

441 5471 569 5531 licet
610 5470 792 5525 videre
830 5470 957 5524 licet
1003 5477 1129 5523 ante
1178 5483 1363 5538 opera,
1406 5468 1627 5524 Petavio
1675 5481 1863 5527 nostro
1906 5488 2004 5527 cn-

443 5570 599 5625 rante
645 5562 790 5621 edita
839 5579 859 5615 σ
914 5576 981 5617 ex
1030 5570 1343 5635 pervetusto
1394 5561 1631 5632 quodam
1690 5565 2009 5639 exemplari,

442 5651 588 5721 quod
632 5660 809 5706 exstat
880 5650 933 5704 in
1017 5650 1622 5721 Constantinopolitano
1697 5655 2014 5722 antiquissi-

443 5760 535 5812 mo
594 5744 944 5815 monasterio,
1008 5740 1138 5803 Sula
1202 5742 1345 5801 dicto
1396 5744 1593 5821 (vulgo
1636 5745 1705 5799 τὰ
1750 5745 1817 5811 ἓξ
1869 5747 2013 5816 μάρ-

2255 4466 2573 4533 Ἐπιφανίου
2611 4467 2671 4518 τὸ
2702 4466 2860 4529 κῦδος
2890 4466 3092 4537 ἔπλησε
3125 4436 3310 4539 χθόνά.

2260 4556 2477 4610 Terram
2514 4557 2721 4625 replevit
2750 4556 3034 4626 Epiphanii
3067 4560 3245 4612 decus.

2119 4650 2279 4705 Solus
2302 4650 2463 4703 etiam
2499 4648 2588 4702 hic
2611 4648 2665 4701 in
2700 4648 3058 4717 Ephemeride
3084 4650 3306 4705 metrica
3336 4651 3676 4721 nominatur,

2113 4753 2168 4798 et
2188 4743 2405 4810 quidem
2445 4750 2703 4808 tanquam
2736 4743 2836 4794 hac
2857 4740 2944 4793 die
2967 4750 3217 4795 mortuus
3241 4760 3254 4795 :

2186 4834 2278 4903 Τῇ.
2299 4832 2390 4885 δύο
2411 4832 2505 4884 καὶ
2527 4831 2727 4905 δεκάτῃ
2750 4832 3067 4899 Ἑπιςράνιον
3102 4832 3265 4904 μόρος
3291 4828 3455 4892 εἷλεν.

2190 4922 2357 4977 Statu:
2387 4922 2471 4975 lex
2501 4923 2683 4974 mortis
2713 4922 2953 4974 duodena
2989 4920 3320 4991 Epiphanion
3342 4925 3537 4992 aufert.

2116 5016 2273 5071 Certe
2308 5015 2390 5069 vel
2422 5025 2550 5069 tunc
2576 5013 2686 5067 fato
2722 5028 2822 5067 suo
2856 5011 3078 5068 iunctus
3112 5025 3215 5078 est,
3256 5016 3340 5069 vel
3370 5016 3424 5070 in
3457 5034 3559 5072 sua
3586 5034 3677 5074 ec-

2117 5107 2281 5163 clesia
2318 5115 2441 5176 post
2470 5115 2699 5159 mortem
2736 5106 3003 5174 sepultus,
3060 5106 3202 5159 haud
3241 5106 3333 5161 diu
3388 5118 3675 5179 antequam

2119 5198 2178 5252 δ.
2205 5194 2442 5250 Joannes
2475 5194 2924 5266 Chrysostomus,
2957 5197 3022 5251 de
3060 5211 3166 5267 quo
3201 5197 3363 5264 infra,
3400 5214 3431 5252 a
3468 5202 3675 5275 synodo

2118 5290 2185 5346 ad
2220 5289 2493 5356 Quercum
2532 5288 2913 5358 deponeretur,
2947 5290 3093 5359 quod
3142 5288 3344 5345 factum
3380 5307 3502 5347 esse
3531 5294 3674 5348 circa

2116 5378 2595 5452 mensemJulium
2628 5379 2755 5433 anni
2781 5379 2886 5434 ωδ
2907 5394 2973 5435 ex
3005 5377 3268 5446 Palladio,
3300 5381 3673 5454 Chrysostomi

2115 5480 2269 5529 actus
2304 5472 2597 5534 scribente,
2640 5480 2874 5526 constat.

2186 5564 2239 5619 5.
2274 5562 2488 5617 Graecos
2519 5562 2629 5617 cito
2658 5561 2850 5616 imitati
2878 5570 3007 5617 sunt
3038 5560 3237 5623 Latini,
3263 5578 3494 5633 quorum
3534 5566 3677 5623 anti-

2117 5655 2416 5725 quissimus
2450 5653 2591 5708 Beda
2628 5655 2679 5707 in
2712 5668 2813 5708 suo
2833 5655 2978 5723 quod
3018 5670 3080 5708 ex
3109 5665 3233 5711 octo
3262 5670 3395 5711 mss.
3426 5656 3674 5711 dedimus

2122 5749 2357 5821 genuino
2429 5745 2843 5823 Martyrologio,
2912 5757 3031 5819 post
3101 5749 3671 5811 commemorationem
