3800 6180
119 264 201 322 H7

1054 258 1111 315 S.
1144 257 1495 314 EPIPHANII
1555 257 1737 315 ACTA
1773 259 2275 319 BOLLANDIANA.

3222 275 3324 337 “8

126 383 203 438 SS.
232 376 370 432 Nerei
410 383 466 431 et
508 374 756 441 Achillei,
808 375 984 444 primo
1038 376 1159 431 loco
1211 378 1639 439 ueminatorum,
1673 376 1720 433 A
1752 375 2045 441 hemiticis,
2075 394 2221 433 anno
2248 379 2386 434 1554
2409 379 2585 434 allata:
2620 378 2825 437 fuerint
2871 384 2925 439 in
2982 383 3325 456 Bobemiam,

118 489 215 527 mox
238 469 392 527 addit,
431 486 450 520 ‹
496 466 553 521 S.
592 467 653 521 P.
685 466 751 520 Ν.
793 465 1081 536 Epiphanii
1115 468 1356 538 episcopi
1399 469 1581 541 Cypri.
1617 488 1635 521 ι

121 563 265 621 Secuti
299 560 410 613 Ado
456 568 509 614 et
553 557 860 624 Usuardus,
902 560 1153 614 ultimum
1202 565 1478 625 eumdem,
1524 568 1647 631 post

120 663 303 709 caeteros
329 652 541 706 scilicet
572 652 690 721 ejus
706 653 811 707 diei
847 662 1141 723 martyres,
1183 653 1503 708 locaverunt
1543 656 1645 708 hac

121 747 208 800 fere
245 742 441 813 phrasi,
481 760 499 792 ε
535 743 692 812 Apud
718 743 967 813 Cyprum,
992 743 1050 798 S.
1087 742 1149 800 P.
1182 742 1249 798 N.
1279 742 1589 814 Epiphanii,
1622 764 1640 796 ι

117 836 330 902 additque
369 833 488 887 Ado
522 852 542 885 ι
586 834 877 888 Salamina:
916 834 1178 904 episcopi.
1218 854 1237 887 ι
1276 834 1481 889 Horum
1510 835 1645 888 alio-

118 941 309 995 rumque
336 924 703 994 posteriorum
742 925 985 997 vestigiis
1017 926 1289 980 inhzerens
1317 926 1645 981 hodiernum

115 1016 516 1087 Martyrologium
535 1015 843 1070 Romanum
874 1018 1158 1085 sequentia
1183 1016 1345 1071 verba
1367 1004 1646 1071 recitanda

116 1111 326 1184 preponit
360 1130 373 1165 :
419 1130 437 1162 ι
481 1109 772 1164 Salamina;
800 1111 857 1164 in
889 1108 1069 1181 Cypro
1109 1109 1167 1165 S.
1209 1110 1500 1180 Epiphanii
1526 1110 1646 1179 epi-

115 1202 255 1272 scopi,
295 1200 382 1270 qui
436 1201 724 1269 multiplici
753 1200 1062 1255 eruditione
1091 1208 1145 1255 et
1183 1215 1469 1255 sacrarum
1500 1200 1646 1254 litte-

114 1309 266 1348 rarum
306 1293 535 1347 scientia
564 1293 855 1356 excellens,
905 1293 1029 1347 vita:
1077 1308 1295 1363 quoque
1335 1295 1645 1359 sanctitate,

114 1392 209 1447 zelo
244 1390 516 1447 catholica:
556 1389 713 1454 ﬁdei,
771 1389 1144 1443 munificentia
1190 1389 1244 1443 in
1282 1405 1550 1459 pauperes
1593 1398 1650 1443 et

110 1486 279 1539 virtute
304 1483 693 1538 miraculorum
728 1482 937 1538 exstitit
971 1482 1347 1537 admirandus.
1385 1502 1403 1534 ι

169 1577 212 1632 ι.
243 1576 384 1631 Sitne
422 1576 600 1630 adhuc
628 1575 827 1645 aliquis
858 1575 977 1645 ejus
1009 1574 1188 1631 cultus
1228 1572 1520 1628 Salamina
1547 1588 1644 1628 su-

111 1686 208 1739 per,
234 1679 319 1724 aut
356 1669 577 1740 vestigia
622 1670 857 1739 sepulcri
903 1668 1031 1723 olim
1079 1677 1187 1722 tam
1238 1668 1455 1734 famosi,
1499 1666 1644 1721 haud

1758 477 1813 522 ct
1865 467 2062 523 Carolo
2111 469 2181 522 ιν
2241 471 2555 541 imperatori
2616 484 2955 543 praesentata:
3003 494 3035 531 a
3089 477 3327 536 Protiwa

1757 559 2079 615 Swihowski
2106 560 2409 632 Segniensi,
2427 562 2545 617 viro
2571 566 2713 634 apud
2736 566 3017 623 Bohemos.
3037 569 3235 626 illustri
3262 586 3328 627 ac

1752 653 1881 723 regii
1927 654 2253 723 sanguinis:
2304 674 2322 706 ι
2357 671 2478 724 qua:
2521 658 2713 712 notitia
2764 676 2911 715 nunc
2956 661 3191 731 primum
3240 680 3329 719 re-

1763 755 1936 813 perta,
1969 746 2020 799 in
2055 746 2240 801 Diario
2281 746 2569 818 Pragensis
2605 749 2861 807 Ecclesiae
2902 753 3081 808 adhuc
3109 754 3328 811 deside-

1753 844 1924 889 ratur.

1826 926 1879 980 6.
1914 924 2092 979 Vitam
2129 927 2267 997 ejus,
2297 929 2411 999 jam
2456 931 2588 986 olim
2637 935 3026 1004 conscriptam,
3077 935 3131 990 in
3184 953 3321 994 mss.

1757 1014 2034 1073 Vaticanis
2068 1018 2270 1075 Grzccis
2302 1025 2626 1092 reperimus,
2655 1026 2796 1080 unde
2826 1042 2945 1080 eam
2978 1026 3173 1083 Latine
3202 1029 3326 1084 red—

1754 1114 1923 1168 ditam
1954 1116 2163 1184 primus
2190 1118 2362 1173 edidit
2389 1119 2749 1196 Lipomanus,
2784 1122 2981 1177 deinde
3016 1121 3235 1188 Surius,
3263 1139 3329 1185 ac

1753 1205 1989 1276 denique
2016 1206 2294 1276 Petavius,
2332 1211 2399 1264 ad
2432 1213 2638 1267 calcem
2672 1214 2805 1269 tomi
2836 1213 2900 1281 ll,
2937 1215 3121 1270 addito
3162 1216 3329 1271 etiam

1750 1309 2005 1355 contextu
2040 1301 2249 1367 Graeco,
2293 1305 2470 1374 qualis
2500 1308 2552 1360 in
2599 1306 2853 1362 Medican
2898 1309 3043 1379 regis
3077 1308 3329 1364 Francia)

1752 1407 1855 1448 ms.
1904 1392 2303 1460 inveniebatur,
2335 1412 2498 1466 quem
2532 1407 2584 1451 et
2630 1413 2730 1453 nos
2773 1399 2900 1453 inde
2931 1400 3329 1470 transcriptum

1753 1498 2159 1553 acceperamus.
2203 1486 2276 1540 Ea
2326 1498 2491 1544 testes
2534 1498 2588 1544 et
2628 1503 2881 1547 auctores
2936 1491 3153 1560 praefert
3192 1492 3331 1546 duos

1750 1577 1871 1647 ejus
1914 1578 2251 1648 discipulos;
2292 1582 2473 1651 primo
2514 1580 2804 1648 Joannem,
2847 1585 3005 1653 quasi
3057 1585 3145 1638 hic
3189 1584 3330 1638 inter

1752 1668 1869 1738 ejus
1897 1668 2198 1740 discipulos
2236 1670 2291 1725 in
2333 1674 2667 1728 monasterio
2702 1690 2866 1738 unus,
2906 1689 2970 1730 ac
3006 1675 3326 1744 peregrina-

112 1760 243 1815 facile
281 1759 504 1814 dixero:
538 1759 797 1814 credibile
839 1768 922 1814 est
955 1774 1079 1813 cum
1120 1757 1341 1813 fortuna
1390 1758 1495 1814 loci
1537 1774 1642 1813 ρω-
1680 1734 1721 1789 B
1753 1762 1963 1817 tionum
2012 1761 2289 1818 variarum
2327 1779 2514 1820 comes
2556 1765 2870 1819 individuus
2911 1734 3084 1834 usque
3128 1734 3179 1818 in
3222 1764 3329 1835 Cy-

109 1864 201 1906 tera
240 1867 450 1922 quoque
485 1867 605 1907 esse
644 1853 840 1922 partim
882 1852 1109 1917 abolita,
1133 1853 1329 1923 partim
1376 1851 1646 1919 Famagu-

110 1955 223 1997 stam
249 1944 539 2008 translata;
578 1944 665 1998 ubi
695 1945 859 1997 etiam
896 1944 1002 1998 hoc
1037 1954 1279 2013 tempore
1312 1960 1340 1999 a
1380 1944 1646 1999 Christia-

107 2038 176 2091 nis
212 2037 395 2091 festum
436 2036 555 2105 ejus
589 2036 904 2091 solemniter
947 2036 1055 2107 agi,
1105 2037 1307 2091 indicio
1354 2046 1457 2100 est,
1500 2038 1646 2107 quod

108 2126 317 2181 Thomas
342 2127 688 2190 Porcaccius,
728 2128 781 2181 in
811 2143 912 2182 suo
943 2127 1017 2181 De
1047 2129 1236 2182 insulis
1264 2129 1448 2181 mundi
1477 2130 1647 2196 famo-

106 2218 305 2269 iioribus
340 2215 532 2270 Italico
565 2232 761 2285 opere,
794 2226 921 2271 ante
954 2232 1129 2272 annos
1171 2217 1388 2271 circiter
1427 2228 1644 2271 centum

108 2308 310 2376 primum
340 2308 511 2372 edito,
540 2307 743 2361 scribat
775 2323 897 2378 pag.
932 2306 1035 2362 150
1066 2307 1321 2361 editionis
1351 2305 1646 2371 Patavium,

106 2400 449 2467 «speluncam
497 2398 569 2451 ibi
620 2398 831 2464 haberi,
886 2398 940 2452 in
990 2414 1154 2468 quam
1206 2396 1263 2452 S.
1312 2396 1648 2467 Epiphanius

106 2489 414 2557 paenitentia
440 2503 603 2542 causa
629 2488 823 2542 solitus
867 2503 987 2543 sese
1018 2487 1180 2542 fuerit
1200 2487 1445 2557 recipere
1480 2506 1492 2541 :
1526 2502 1649 2557 quae

102 2580 267 2633 eadem
299 2580 349 2632 in
379 2579 665 2649 pervigilio
692 2576 816 2633 festi
856 2578 1066 2632 stillare
1092 2578 1282 2648 incipit
1311 2594 1509 2647 aquam
1542 2580 1650 2633 cla-

103 2686 199 2723 ram
236 2670 645 2739 limpidamque,
694 2685 867 2738 neque
911 2685 973 2723 ea
1015 2669 1239 2723 stillatio
1277 2669 1437 2723 finem
1491 2670 1650 2722 habet

101 2769 207 2815 ante
236 2761 392 2815 linem
427 2762 533 2815 diei
566 2763 846 2831 sequentis
884 2780 897 2815 :
931 2761 1074 2815 hanc
1102 2771 1281 2815 autem
1312 2776 1511 2830 aquam
1542 2778 1651 2814 ma-

102 2868 188 2922 gna
214 2870 332 2908 cum
385 2855 679 2909 devotione
724 2870 753 2909 a
821 2855 1003 2909 multis
1044 2854 1245 2924 excipi,
1294 2855 1650 2924 adhiberique

102 2948 284 3001 utiliter
324 2949 392 3002 ad
439 2949 751 3003 morborum
801 2947 1120 3001 curationes
1173 2947 1435 3001 divinitus
1482 2948 1653 3016 impe-

102 3044 297 3096 trandas
324 3057 426 3111 per
454 3042 646 3096 merita
674 3041 984 3112 Epiphanii.
1030 3062 1049 3094 ι
1077 3042 1191 3096 Sub
1217 3042 1374 3112 cujus
1409 3044 1649 3109 nomine,

105 3133 151 3187 in
174 3134 371 3189 boreali
416 3144 574 3204 parte
610 3136 823 3200 insulae,
861 3136 1002 3190 inter
1042 3134 1321 3191 Nicosiam
1352 3147 1405 3190 et
1447 3136 1656 3191 Cerau-

102 3224 224 3289 nias,
259 3224 538 3295 hodieque
575 3226 803 3280 habetur
833 3227 988 3282 vicus
1027 3228 1190 3298 vulgo
1214 3226 1398 3282 Sancti
1428 3228 1659 3299 Pipliani

100 3315 293 3383 dictus;
339 3333 457 3388 quo
499 3319 620 3375 loco
682 3318 851 3375 fuisse
888 3321 1170 3390 templum,
1218 3323 1271 3374 in
1312 3319 1528 3376 Nicaeua
1575 3339 1663 3393 sy-

101 3410 226 3461 nodo
279 3413 655 3475 nominatum,
704 3412 835 3466 mihi
894 3415 1217 3483 persuadeo,
1264 3424 1486 3485 propter
1541 3417 1661 3483 eius

100 3505 457 3562 celebritatem
494 3509 624 3562 olim
656 3517 863 3562 tantam
902 3517 962 3561 ut
998 3510 1431 3578 promontorium
1465 3512 1529 3563 ad
1561 3510 1663 3565 Ce-

99 3596 323 3660 raunias,
350 3598 519 3669 vulgo
545 3597 758 3653 Cerines
799 3614 1117 3660 excurrens,
1161 3613 1358 3651 nomen
1408 3598 1548 3653 idem
1586 3608 1663 3654 te-

99 3698 210 3739 neat
238 3688 289 3741 in
325 3688 605 3743 Insulario
649 3688 924 3744 Benedicti
965 3688 1226 3755 Bordoni,
1257 3704 1460 3744 excuso
1490 3686 1663 3743 Vene-

98 3778 175 3831 tiis
201 3796 344 3835 anno
371 3782 536 3837 1547.

165 3872 214 3928 5.
246 3877 430 3940 Atque
459 3875 589 3929 hinc
638 3873 1022 3930 verosimiliter
1052 3873 1319 3943 conjicere
1355 3875 1528 3944 possit
1561 3875 1660 3929 ali-

94 3970 225 4036 quis,
261 3969 345 4023 vel
378 3984 585 4038 corpus
619 3969 701 4023 vel
733 3976 937 4037 partem
982 3968 1271 4021 notabilem
1311 3967 1558 4037 corporis
1599 3983 1663 4023 eo

97 4061 401 4115 translatam
462 4060 637 4115 fuisse
686 4060 1018 4130 aliquando,
1068 4059 1231 4129 idque
1296 4059 1661 4113 celebritatem

95 4152 201 4205 luco
224 4153 444 4207 dedisse
477 4161 569 4206 :et
612 4152 695 4205 vel
754 4151 879 4205 hinc
909 4151 994 4205 vel
1036 4166 1101 4205 ex
1160 4150 1334 4205 ruinis
1375 4150 1667 4204 Salamina:

95 4243 425 4310 deportatum
460 4242 632 4295 fuisse
672 4239 1055 4303 Beneventum,
1086 4240 1543 4309 quemadmodum
1576 4255 1665 4294 asc

94 4336 216 4387 serit
243 4334 463 4390 Marius
498 4337 565 4390 de
599 4337 790 4406 Vipera
821 4336 888 4389 de
924 4335 1127 4389 sanctis
1160 4332 1559 4387 Beneventanis
1593 4331 1660 4385 ad

1756 1873 1911 1927 prum
1945 1857 2227 1927 scripserit
2264 1872 2326 1910 ea
2358 1872 2481 1926 quae
2515 1865 2770 1911 sanctum
2807 1855 3013 1910 viderat
3038 1856 3331 1911 facientem

1759 1947 2040 2013 miracula,
2070 1961 2246 2017 usque
2274 1946 2326 2000 in
2351 1947 2497 2001 diem
2530 1961 2640 2016 quo
2666 1945 2832 2015 erepit
2852 1955 3157 2000 extremum
3184 1946 3332 2016 ipse—

1757 2048 1867 2092 met
1889 2048 2153 2108 aagrotare
2191 2054 2203 2088 :
2240 2038 2437 2092 deinde
2470 2037 2777 2107 Polybium,
2804 2037 2891 2092 cui
2927 2037 3066 2091 idem
3092 2036 3332 2094 Joannes

1755 2130 2052 2184 moriturus
2075 2131 2414 2199 conscriptas
2440 2145 2470 2183 a
2505 2145 2563 2184 se
2605 2129 2827 2183 chartas
2859 2129 3164 2193 tradiderit,
3196 2145 3335 2199 pra:-

1756 2222 1962 2291 cipieus
1992 2231 2051 2275 ut
2091 2238 2215 2291 qua:
2259 2232 2733 2290 consequerentur
2774 2221 3058 2275 mandaret
3094 2221 3333 2287 litteris;

1758 2313 2190 2383 promittensque
2234 2313 2568 2384 adjiciendus
2620 2313 2669 2367 ei
2725 2327 2900 2367 annos
2943 2313 3091 2378 vitae,
3125 2322 3185 2366 ut
3221 2322 3332 2369 toto

1757 2415 1999 2476 tempore
2030 2416 2371 2475 permaneret
2401 2406 2546 2475 apud
2582 2405 2950 2475 Epiphanium
2983 2422 2996 2458 :
3036 2406 3128 2476 qui
3166 2406 3332 2460 etiam

1758 2494 2018 2568 Polybius
2085 2497 2208 2551 loco
2258 2496 2489 2551 Joannis
2550 2497 2620 2550 ab
2683 2496 2988 2567 Epiphanio
3052 2497 3343 2554 ordinatus

1757 2590 2058 2661 presbyter,
2102 2605 2358 2659 eumque,
2391 2599 2443 2643 et
2475 2588 2703 2643 Romam
2742 2598 2797 2643 et
2838 2589 2921 2643 bis
2954 2588 3331 2645 Constantino-

1758 2684 1921 2753 polim
1946 2692 1999 2737 et
2029 2682 2290 2736 aliorsum
2323 2682 2639 2746 comitatus,
2677 2691 2955 2736 mortuum
2991 2682 3259 2736 revexerit
3281 2682 3333 2736 in

1759 2777 2034 2849 Cyprum;
2068 2786 2121 2830 et
2156 2777 2283 2843 quia
2312 2791 2545 2846 corpore
2581 2775 2703 2845 ejus
2741 2775 2921 2829 adhuc
2969 2775 3242 2844 insepulto
3270 2790 3335 2829 ex

1762 2871 2015 2936 supr‘tema
2066 2867 2186 2935 ejus
2237 2866 2517 2920 voluntate
2568 2864 2846 2934 profectus
2897 2865 2953 2918 in
3003 2862 3334 2918 Thebaidem

1762 2960 1835 3013 ibi
1864 2968 2087 3013 coactus
2127 2958 2297 3013 fuerit
2356 2958 2661 3013 subsistere
2710 2958 2888 3012 factus
2937 2956 3345 3011 Rhiuocoruris.

1761 3050 2070 3119 episc0pus,
2106 3058 2230 3119 post
2251 3064 2454 3103 annum
2492 3063 2663 3103 unum
2700 3056 2797 3101 aut
2828 3046 3067 3116 amplius
3097 3048 3341 3115 scripse-

1762 3142 1833 3193 rit
1865 3141 1930 3194 ad
1966 3139 2254 3210 Epiphanii
2297 3154 2673 3194 successorem
2710 3137 2997 3202 Sabinum,
3039 3138 3108 3192 ab
3153 3151 3336 3207 eoque

1761 3231 1976 3300 petierit
2000 3232 2065 3286 de
2098 3232 2260 3287 modo
2284 3241 2336 3286 et
2362 3241 2607 3302 tempore
2636 3232 2932 3301 sepulturae
2953 3230 3223 3299 praedicta:
3244 3244 3335 3299 per

1761 3324 1969 3377 litteras
2018 3323 2259 3377 instrui:
2293 3332 2459 3392 atque
2509 3322 2583 3377 ita
2629 3339 2756 3378 cum
2819 3322 3009 3379 Sabini
3065 3336 3336 3392 responso

1766 3415 1954 3469 finitur
1984 3430 2044 3469 ea
2080 3414 2220 3468 Vita.
2914 3426 2925 3436 ’

1835 3505 2049 3560 Utinam
2091 3522 2154 3561 ea
2211 3506 2291 3562 sic
2331 3514 2390 3560 ut
2445 3506 2831 3576 praeferuntur,
2868 3507 3003 3562 Acta
3062 3516 3249 3563 essent
3279 3521 3339 3562 ac

1762 3599 1987 3667 scripta.
2018 3596 2134 3652 Non
2183 3598 2495 3653 doleremus
2528 3598 2581 3651 in
2629 3599 2722 3652 tali
2770 3597 2887 3651 Vita
2934 3598 3069 3652 nihil
3115 3598 3339 3655 omnino

1761 3707 1904 3755 esse,
1939 3691 2087 3761 quod
2120 3698 2238 3745 tuto
2287 3690 2436 3747 credi
2473 3690 2666 3760 possit,
2696 3692 2789 3745 sed
2820 3692 2969 3745 omni
3005 3691 3110 3746 fide
3133 3690 3339 3761 dignis-

1764 3785 1901 3841 sima
1947 3785 2125 3841 forent
2179 3787 2414 3856 singula,
2461 3802 2639 3856 neque
2682 3784 2842 3839 facile
2882 3784 3093 3854 uspiam
3143 3792 3239 3838 aut
3276 3783 3340 3838 ab

1766 3877 1995 3947 ipsumet
2028 3877 2336 3949 Epiphanio
2369 3888 2463 3933 aut
2493 3894 2523 3933 a
2553 3892 2859 3933 coaevorum
2890 3884 3178 3931 auctorum
3206 3874 3339 3929 alio-

1768 3984 1890 4022 rum
1942 3969 2163 4039 scriptis
2210 3970 2590 4024 invenirentur
2622 3969 2955 4038 discrepare.
3010 3965 3168 4022 Nunc
3212 3981 3340 4023 vero

1768 4058 2022 4130 plurimis
2056 4058 2189 4113 Acta
2222 4074 2292 4114 ea
2318 4075 2439 4114 esse
2465 4059 2713 4115 conferta
2751 4057 3053 4112 mendaciis
3092 4057 3342 4126 judicare

1766 4160 1991 4221 cogetur
2025 4167 2149 4205 cum
2186 4150 2446 4215 Baronio,
2478 4152 2543 4206 ad
2573 4165 2662 4206 an.
2696 4150 2802 4204 572
2837 4165 2990 4203 num.
3030 4147 3154 4214 108,
3195 4147 3341 4218 quis-

1768 4244 1889 4313 quis
1916 4259 2035 4297 eam
2064 4244 2360 4298 contulerit
2380 4259 2503 4298 cum
2530 4240 3065 4312 infraproponendis
3093 4239 3343 4295 censuris

1770 4350 1865 4389 seu
1915 4335 2421 4402 observationibus;
2475 4351 2600 4390 nam
2639 4335 2834 4405 ipsam,
2861 4333 2970 4403 jam
3018 4332 3214 4400 sacpius
3240 4329 3343 4384 La~

93 4425 228 4481 hunc
258 4428 432 4492 diem,
464 4427 653 4483 Officio
687 4427 887 4499 duplici
917 4437 1198 4498 propterea
1226 4435 1494 4492 notatum,
1524 4425 1657 4479 alle-
1693 4456 1739 4510 Β
1773 4426 1905 4489 tine,
1938 4427 2105 4481 semel
2142 4428 2306 4481 etiam
2345 4427 2530 4482 Graece
2576 4442 2857 4489 excusem,
2893 4423 3172 4489 recudere,
3224 4431 3343 4477 tan-

90 4534 213 4585 gaus
251 4539 271 4571 ι
300 4520 756 4593 Martyrologium
786 4536 892 4576 ms.
927 4521 1210 4591 antiquum
1244 4520 1298 4573 in
1332 4520 1658 4573 bibliotheca

91 4599 468 4666 Beneventana
504 4613 797 4675 exsistens,
844 4614 1114 4682 signatum
1160 4630 1213 4667 η.
1259 4612 1362 4666 178
1400 4612 1505 4666 sub
1527 4627 1662 4682 prae-

89 4700 220 4756 dicta
248 4705 337 4758 die
371 4724 385 4758 :
422 4720 537 4775 quo
568 4722 695 4760 vero
752 4716 992 4778 tempore
1030 4708 1250 4763 allatum
1303 4709 1375 4763 sit
1416 4725 1521 4761 non
1566 4708 1661 4763 ad»

91 4794 236 4859 verti,
288 4813 308 4845 ›
358 4795 709 4865 significans.
758 4796 922 4851 Plura
979 4798 1045 4852 de
1085 4798 1440 4867 reliquiarum
1493 4808 1666 4857 tanta-

90 4901 199 4938 rum
232 4887 511 4956 qualitate
559 4896 615 4942 et
664 4888 1013 4944 veneratione
1068 4889 1329 4943 hodierna
1383 4890 1666 4958 cupientes

90 4976 309 5041 discere,
342 4980 566 5035 litteras
613 4980 683 5034 ad
726 4980 935 5051 collegii
992 4980 1121 5037 istic
1170 4981 1346 5036 nostri
1396 4990 1665 5038 rectorem

88 5067 351 5134 dedimus,
401 5070 573 5141 cujus
622 5087 982 5142 responsum,
1026 5074 1289 5128 hactenus
1331 5074 1533 5131 frustra
1573 5088 1668 5127 ex-

89 5174 414 5228 spectatum,
467 5166 513 5219 si
556 5164 853 5234 aliquando
884 5167 1236 5235 accipiamus,
1268 5168 1512 5223 notitiam
1539 5167 1664 5222 inde

87 5252 333 5312 haustam
384 5272 505 5313 non
551 5258 920 5313 invidebimus
959 5260 1048 5335 pio
1096 5261 1308 5315 lectori.
1341 5260 1560 5315 Interim
1602 5276 1669 5316 ex

87 5351 305 5413 epistola
365 5350 602 5405 Thomas
654 5351 720 5405 de
777 5350 1086 5407 Czecborod
1145 5353 1385 5423 episcopi
1439 5350 1670 5407 Samen-

89 5432 316 5490 driensis
344 5436 719 5507 ejusdemque
744 5436 1035 5509 Pragensis
1062 5441 1275 5506 decani,
1321 5442 1387 5496 ad
1436 5457 1521 5495 me
1563 5444 1666 5498 sub

87 5524 240 5580 finem
270 5531 406 5582 anni
432 5528 571 5583 1677
606 5534 741 5584 data:
765 5546 997 5601 suggero
1019 5549 1033 5597 ;
1055 5534 1200 5602 quod
1225 5553 1243 5585 ‹
1268 5534 1463 5604 aliquae
1486 5554 1503 5585 ι
1526 5535 1673 5605 ejus-

90 5613 202 5672 dem
262 5637 283 5670 ε
343 5620 406 5676 S.
486 5619 774 5693 Epiphanii
821 5625 1074 5695 reliquae,
1124 5642 1232 5680 una
1279 5643 1400 5681 cum
1448 5628 1674 5685 brachio

92 5708 146 5764 Β.
170 5711 398 5771 Theclae
424 5724 487 5771 et
511 5717 682 5788 capite
714 5717 877 5775 unius
920 5732 986 5773 ex
1032 5718 1419 5778 innocentibus
1453 5720 1665 5781 Bethle-

1770 4528 1883 4571 tum
1912 4518 2287 4585 utrefellatur,
2314 4534 2493 4588 opera:
2528 4518 2759 4588 pretium
2812 4534 2918 4570 non
2973 4525 3078 4571 est.
3121 4513 3343 4568 Tolera-

1772 4628 1894 4665 mus
1918 4610 2135 4680 quidem
2184 4611 2336 4665 Vitas
2387 4612 2439 4664 in
2482 4612 2585 4664 hoc
2624 4625 2788 4679 opere
2828 4608 3051 4672 multas,
3080 4607 3209 4661 dum
3240 4622 3343 4662 me-

1770 4704 1935 4761 liores
1979 4718 2085 4757 non
2138 4711 2449 4772 suppetunt,
2495 4702 2664 4757 nmvis
2715 4701 3045 4769 quandoque
3089 4699 3345 4769 gravibus

1770 4813 2022 4867 aspersas
2057 4813 2326 4867 :quarum
2359 4804 2612 4849 auctores
2646 4795 2943 4856 credimus,
2979 4793 3120 4847 bona
3154 4808 3345 4862 quam-

1770 4890 1877 4951 vis,
1917 4890 2146 4944 nimium
2180 4900 2359 4942 tamen
2394 4886 2628 4955 simplici
2660 4885 2766 4939 tide
2800 4885 3089 4938 mandasse
3126 4884 3345 4946 litteris,

1770 4997 1893 5055 quae
1927 4983 2080 5052 plura
2111 4990 2233 5053 post
2266 4981 2463 5035 saecula
2488 4979 2685 5050 partim
2714 4994 2781 5034 ex
2807 4977 3201 5033 vetustioribus
3225 4992 3345 5030 mo-

1770 5077 2089 5139 numentis,
2153 5074 2348 5143 partim
2415 5088 2482 5128 ex
2547 5072 2892 5143 popularium
2957 5069 3345 5125 traditionibus

1772 5168 2155 5236 compilarunt.
2182 5164 2288 5220 Sed
2317 5181 2411 5221 eas
2442 5166 2677 5236 amplius
2707 5164 2852 5219 ferre
2891 5178 3000 5217 non
3026 5175 3344 5232 possumus,

1770 5275 1894 5331 qua:
1937 5258 2228 5333 mala'ﬁde
2267 5259 2581 5312 nominibus
2602 5258 2796 5312 alienis
2836 5255 3155 5326 suppositae,
3195 5260 3346 5307 tanto

1773 5352 2002 5423 gravius
2031 5351 2314 5406 offendunt
2336 5352 2402 5405 ad
2426 5351 2536 5404 veri
2568 5349 2802 5418 falsique
2824 5348 3121 5403 discrimen
3143 5345 3345 5401 exerci-

1772 5454 1945 5500 tatum
1988 5447 2265 5510 lectorem,
2291 5451 2501 5514 quanto
2549 5444 2764 5512 turpius
2808 5441 3099 5510 imponunt
3131 5437 3343 5505 simpli-

1773 5539 2035 5593 cioribus.
2069 5537 2204 5593 Cum
2242 5538 2387 5592 enim
2427 5535 2533 5589 illis
2569 5543 2796 5590 eatenus
2834 5533 2924 5603 pia
2975 5538 3190 5597 aptetur
3233 5543 3343 5582 cre-

1774 5630 1997 5691 dulitas,
2027 5638 2294 5699 quatenus
2323 5627 2466 5681 nulla
2496 5626 2547 5680 in
2580 5624 2918 5680 contrarium
2942 5628 3122 5676 onstat
3151 5627 3340 5673 aucto-

1777 5722 1911 5779 ritas
1941 5716 2144 5779 Certior
2166 5720 2249 5775 vel
2284 5721 2424 5775 ratio
2458 5717 2743 5774 dubitandi
2776 5713 3142 5785 praeguantior
3173 5726 3187 5765 :
3222 5709 3342 5766 istis
