3778 6288
410 254 513 305 119

1433 255 1490 308 S.
1527 253 1873 311 EPIPIIANH
1922 256 2101 312 ACTA
2142 257 2643 321 BOLLANDIANA.

3555 270 3689 325 I20

408 366 546 423 nihil
586 374 705 421 tuto
756 368 1020 432 creditur,
1066 369 1171 425 nisi
1210 372 1357 440 quod
1417 375 1638 430 aliunde
1706 378 1985 431 invenitur
2016 386 2058 439 Α
2092 383 2505 451 exprobrarent,
2542 400 2605 438 ac
2648 400 2832 439 secum
2878 385 3108 440 invicem
3146 385 3436 441 illudentes
3470 388 3545 441 ita
3582 391 3691 442 lo-

410 459 727 515 testimonio
776 462 948 532 magis
985 461 1184 516 idoneo
1228 464 1632 522 confirmatum.
1684 468 1869 539 Itaque
1918 471 1984 525 iis

410 566 533 621 qua:
553 552 666 607 dixi
693 552 844 608 Actis
885 554 1129 617 omissis,
1169 571 1231 609 ea
1265 557 1522 628 colligere
1556 550 1843 631 aggredior
1862 579 1984 632 qua:

413 643 529 713 ipse
556 644 625 698 de
673 660 730 700 se
771 660 945 714 pauca
980 646 1139 710 satis,
1176 648 1334 717 plura
1381 667 1502 720 qua}
1554 654 1645 706 alii
1694 654 1986 711 indubitati

412 735 707 805 scriptores
732 747 1044 807 suggerent.

1023 830 1253 886 CAPUT
1295 833 1358 887 ll.

414 914 564 971 Casii
590 917 938 1003 adolescentis
965 924 1336 1003 monac/tatus,
1360 927 1479 980 vita:
1501 940 1631 981 artas
1663 940 1710 982 et
1743 931 1985 1000 quwdam

884 1008 939 1044 ιη
969 1004 1274 1063 episcopatu
1299 1006 1465 1066 gesta.

484 1102 541 1155 7.
594 1101 882 1173 Epiphanii
947 1108 1179 1175 patriam
1239 1110 1749 1182 institutionemque
1803 1117 1987 1170 adole-

416 1193 620 1251 scentis
657 1192 993 1250 Sozomcnus
1021 1199 1255 1266 explicat
1291 1200 1385 1255 lib.
1422 1218 1472 1255 vI
1509 1219 1626 1273 cap.
1659 1204 1747 1265 52,
1790 1205 1879 1259 ubi
1923 1206 1989 1260 de

418 1286 705 1342 monachis
737 1284 1039 1344 Palaestinae
1075 1290 1327 1360 loquens,
1368 1311 1386 1343 ι
1422 1293 1498 1348 Ex
1542 1311 1753 1358 eorum,
1792 1298 1987 1367 inquit,

418 1390 650 1432 numero
676 1376 779 1431 fuit
808 1376 1132 1450 Hesychius,
1165 1380 1729 1454 Hilarionissodalis;
1775 1399 1829 1441 et
1863 1390 1991 1460 Epi-

419 1467 676 1540 phanius,
713 1470 807 1538 qui
839 1480 1025 1539 postea
1058 1470 1353 1531 Salaminis
1388 1476 1443 1530 in
1483 1476 1663 1548 Cypro
1699 1482 1989 1552 episcopus

418 1557 541 1615 fuit.
562 1557 629 1612 Et
658 1557 962 1631 Hesychius
992 1564 1209 1632 quidem
1250 1564 1303 1618 in
1351 1567 1541 1621 eodem
1579 1586 1689 1638 quo
1730 1573 1991 1642 magister

418 1652 537 1707 loco
569 1653 986 1723 philosophatus
1024 1666 1137 1724 est;
1171 1656 1508 1727 Epiphanius
1548 1677 1675 1717 vero
1706 1662 1859 1731 juxta
1889 1663 1990 1717 Be-

421 1744 710 1801 sanducem
760 1746 964 1812 vicum,
1006 1748 1059 1803 in
1124 1750 1403 1804 territorio
1453 1751 1992 1824 Eleutbempolitano

419 1834 604 1899 situm,
637 1850 705 1890 ex
735 1850 844 1904 quo
896 1848 1051 1891 ortus
1099 1834 1294 1891 fuerat.
1342 1836 1445 1904 Qui
1491 1855 1616 1893 cum
1657 1846 1726 1894 ab
1771 1842 1993 1897 ineunte

421 1924 785 1983 adolescentia
819 1941 847 1979 a
878 1926 1349 1996 przestantissimis
1391 1930 1675 1984 monachis
1707 1931 1992 1987 institutus

420 2017 633 2085 fuisset,
663 2018 893 2089 ejusque
947 2020 1022 2074 rei
1072 2035 1237 2075 causa
1297 2022 1391 2075 diu
1454 2032 1699 2079 moratus
1743 2034 1889 2080 esset
1936 2026 1989 2078 in

421 2108 687 2180 A‘Zgypto,
750 2110 802 2167 in
856 2112 1159 2166 monastica
1224 2112 1569 2183 philosophia
1601 2116 1993 2171 celeberrimus

419 2202 644 2256 exstitit.
689 2221 706 2253 ι
739 2201 818 2257 Ac
857 2203 1093 2272 primum
1125 2204 1344 2273 quidem
1390 2206 1803 2275 disciplinarum
1852 2210 1994 2265 litteo

419 2294 688 2348 rariarum
731 2308 899 2349 causa
942 2296 1166 2364 petitam
1212 2296 1280 2350 ab
1341 2312 1407 2351 eo
1450 2296 1745 2369 ngyptum
1771 2340 1785 2363 ,
1830 2310 1995 2371 atque

419 2383 554 2441 adeo
585 2384 641 2439 in
674 2384 889 2439 fortuna
919 2385 1144 2439 minime
1173 2387 1321 2440 tenui
1356 2396 1569 2453 natum,
1604 2390 1736 2444 mihi
1766 2406 1994 2460 persua-

418 2479 510 2534 det
552 2478 688 2549 ipse,
722 2479 777 2533 in
830 2479 971 2534 libro
1002 2478 1079 2533 De
1120 2480 1427 2546 haeresibus,
1470 2481 1665 2537 haeresi
1694 2482 1764 2537 26
1798 2484 1886 2538 ubi
1926 2485 1994 2539 de

419 2566 695 2624 Gnosticls
734 2584 923 2638 agens,
968 2569 1187 2639 inquit:
1233 2588 1251 2621 ‹
1301 2572 1368 2625 Et
1409 2587 1529 2636 nos,
1564 2574 1897 2642 charissimi,
1936 2578 1989 2630 in

419 2659 561 2714 hanc
596 2659 847 2715 hazresim
876 2651 1190 2724 incidimus,
1215 2671 1268 2715 et
1296 2677 1362 2716 ex
1396 2664 1631 2733 ipsomet
1656 2682 1869 2730 eorum,
1896 2667 1990 2736 qui

419 2752 559 2806 hanc
611 2753 830 2821 proprie
870 2760 924 2806 et
964 2767 1030 2806 ex
1066 2752 1318 2807 instituto
1365 2761 1621 2817 tractant,
1655 2772 1749 2811 ore
1781 2774 1845 2811 ac
1875 2773 1993 2810 ma-

419 2845 639 2916 gisterio
669 2844 993 2911 didicimus;
1042 2865 1059 2898 ι
1102 2847 1292 2915 utique
1335 2848 1652 2917 priusquam
1689 2851 1992 2904 monachus

419 2947 589 3003 esset;
619 2946 671 2992 et
704 2953 827 2992 cum
872 2938 1052 2992 adhuc
1100 2938 1205 2993 alia
1252 2940 1456 3003 omnia,
1503 2957 1735 3009 quorum
1786 2943 1993 2997 scilicet

420 3045 583 3085 causa
612 3029 665 3082 in
698 3028 990 3099 {Egyptum
1032 3039 1277 3094 venerat,
1315 3032 1495 3085 studia
1535 3041 1794 3086 tractaret
1829 3052 1841 3086 :
1870 3050 1991 3103 qua:

422 3130 602 3177 autem
634 3122 738 3176 alia
769 3137 933 3191 quam
972 3122 1277 3176 litteraria?
1318 3137 1445 3177 cum
1494 3121 1881 3179 Gnosticorum
1926 3126 1993 3178 li-

423 3214 577 3279 bros,
609 3213 931 3284 priusquam
986 3214 1325 3283 perniciosos
1351 3230 1472 3270 esse
1499 3225 1708 3279 nosset,
1751 3218 1996 3272 studiose

422 3323 452 3362 a
497 3322 555 3361 se
588 3306 757 3361 lectos
791 3306 1045 3360 fateatur.
1093 3305 1197 3371 Qui
1248 3322 1378 3362 vero
1412 3307 1479 3360 ad
1527 3308 1629 3362 hoc
1659 3309 1993 3378 peregrinari

425 3399 634 3469 juvenis
665 3409 816 3454 extra
854 3400 1083 3468 patriam
1130 3400 1326 3468 potuit,
1362 3415 1705 3470 consequens
1735 3409 1817 3455 est
1852 3412 1908 3456 ut
1939 3403 1995 3457 in

425 3492 594 3561 patria
626 3492 878 3546 credatur
910 3491 1166 3546 habuisse
1212 3501 1467 3562 parentes
1537 3494 1670 3547 satis
1709 3496 1996 3563 opulentos

426 3583 489 3644 pd
522 3584 775 3637 alendum
810 3599 1032 3653 peregre
1075 3584 1243 3637 filium
1265 3625 1278 3648 ,
1318 3586 1597 3655 probeque
1628 3584 1991 3653 Christianos,

426 3691 489 3730 ex
521 3690 756 3746 quorum
792 3675 1134 3730 institutione
1180 3690 1300 3729 eam
1346 3678 1513 3731 traxit
1553 3678 1891 3734 castimonia:
1921 3690 1998 3735 te-

426 3770 615 3827 nendae
644 3769 1035 3835 constantiam,
1077 3785 1199 3839 qua:
1238 3771 1415 3840 ipsum
1461 3772 1700 3826 servavit
1738 3772 1996 3843 impollu-

426 3870 539 3917 tum
579 3858 719 3919 inter
755 3859 1038 3914 illecebras
1079 3869 1133 3914 et
1180 3860 1373 3916 sordes
1419 3860 1826 3916 Gnosticorum.
1880 3862 1998 3933 Ipse

426 3950 701 4027 quomodo
733 3964 826 4005 eas
854 3951 1090 4005 evaserit
1113 3951 1243 4006 loco
1267 3951 1379 4022 jam
1409 3954 1576 4007 citato
1608 3953 1688 4008 sic
1727 3953 1995 4022 explicat:

494 4045 549 4098 8.
597 4062 616 4096 ι
652 4042 733 4103 Ad
763 4042 1136 4113 magisterium
1170 4045 1443 4099 haereseos
1487 4044 1635 4098 illius
1670 4055 2000 4114 comparata

426 4133 773 4204 deceptaque
803 4135 1085 4198 mulieres,
1126 4151 1234 4189 non
1267 4136 1445 4190 solum
1488 4137 1796 4191 istiusmodi
1838 4137 1999 4193 nobis

427 4241 711 4282 sermones
758 4227 1083 4296 injecerunt.
1114 4230 1207 4283 sed
1250 4230 1494 4300 insuper,
1550 4229 1816 4302 Egyptim
1854 4231 2000 4286 illius

428 4319 650 4388 perditae
676 4334 739 4374 ac
770 4320 1122 4390 nequissimae
1162 4320 1379 4375 feminae
1411 4323 1606 4386 instar,
1641 4338 1761 4392 qu:c
1789 4338 2002 4393 coquo-

2088 484 2387 544 querentur
2422 494 2433 529 :
2475 475 2629 530 llunc
2655 480 2909 544 juvenem
2944 492 3164 530 servare
3206 492 3313 530 non
3357 480 3687 545 potuimus,

2089 567 2181 621 sed
2222 568 2273 620 in
2310 569 2561 623 manibus
2599 569 2862 638 principis
2894 570 3071 638 perire
3112 569 3360 623 sivimus.
3380 567 3516 624 Nam
3543 588 3693 640 quae

2088 657 2261 711 forma
2304 659 2443 713 inter
2472 659 2591 713 illas
2625 660 2934 715 Iiberaliore
2967 669 3047 715 cst
3071 700 3087 723 ,
3129 663 3474 730 semetipsam
3517 664 3693 716 velut.

2088 765 2265 804 escam
2305 761 2467 821 atque
2496 752 2808 806 illecebram
2839 753 3050 822 objicit,
3080 762 3139 807 ut
3163 768 3303 822 quos
3334 755 3386 807 in
3412 754 3683 809 fraudem

2089 842 2209 909 ipsa
2241 842 2542 909 pellexerit,
2588 857 2694 895 non
2722 858 2816 896 eos
2853 842 3144 913 profligare
3191 859 3254 898 ac
3298 845 3547 913 perdere,
3572 844 3683 899 sed

2089 935 2298 1001 eripere
2332 934 2610 986 dicatur...
2644 935 2711 987 Et
2736 945 2894 988 erant
2930 949 3079 1001 sane,
3109 952 3230 1005 qum
3275 945 3388 991 tum
3427 938 3514 992 his
3543 953 3684 992 ver-

2091 1022 2283 1075 borum
2315 1022 2703 1078 blandimentis
2742 1039 2806 1078 ae
2846 1025 3135 1080 lenociniis
3178 1027 3497 1092 utebantur,
3545 1045 3687 1083 cor—

2092 1114 2265 1179 poris,
2324 1129 2435 1183 quo
2488 1115 2553 1168 ad
2598 1115 2935 1183 peccandum
2994 1117 3383 1185 abutebantur,
3436 1130 3685 1174 venusta

2091 1218 2212 1257 cum
2241 1204 2431 1272 primis
2458 1206 2666 1273 specie;
2696 1204 2788 1259 sed
2817 1205 3128 1261 misericors
3169 1205 3313 1263 Deus
3340 1208 3408 1262 ab
3441 1208 3683 1263 illarum

2091 1293 2434 1364 improbitate
2476 1311 2575 1347 nos
2617 1297 2837 1364 eripuit,
2895 1297 3029 1350 adeo
3082 1307 3141 1351 ut
3184 1300 3496 1367 (postquam
3545 1298 3686 1351 illo-

2092 1401 2210 1439 rum
2247 1386 2414 1439 libros
2446 1388 2771 1456 perlegimus
2807 1399 2859 1441 ct
2890 1389 2953 1443 ad
2993 1390 3240 1445 veritatis
3288 1390 3680 1460 cegnitionem

2092 1475 2333 1528 animum
2362 1476 2798 1545 adjecimus,uec
2816 1479 3027 1535 abducti
3054 1481 3137 1534 vel
3153 1497 3341 1535 earum
3392 1481 3685 1537 illecebris

2092 1566 2231 1636 capti
2257 1583 2468 1633 smnus;
2504 1570 2594 1621 soil
2628 1569 2916 1637 effugimus
2938 1571 3174 1641 tandem)
3209 1589 3330 1626 mox
3355 1573 3418 1626 ad
3449 1574 3646 1643 episco
3680 1602 3683 1603 ν

2095 1674 2211 1728 pos,
2243 1659 2333 1727 qui
2360 1660 2412 1711 in
2440 1660 2531 1711 illo
2575 1660 2693 1713 loco
2731 1672 2904 1723 erant,
2937 1661 3150 1717 deferre
3185 1665 3586 1730 studuerimus,
3622 1673 3689 1720 et

2095 1765 2285 1803 eorum
2312 1750 2573 1804 hactenus
2598 1751 2778 1819 ignota
2804 1752 3025 1806 nomina
3056 1754 3107 1806 in
3134 1753 3375 1810 Ecclesia
3394 1756 3682 1826 detegere.

2095 1839 2173 1893 Ex
2192 1856 2302 1909 quo
2328 1840 2529 1894 factum
2561 1851 2664 1904 est,
2696 1852 2752 1896 ut
2775 1843 3054 1913 octoginta
3081 1844 3192 1898 fere
3217 1846 3391 1914 capita
3415 1846 3687 1901 exsulare

2087 1934 2238 2002 jussa
2273 1949 2301 1986 a
2330 1932 2459 1986 lolio
2489 1933 2773 2003 spinisque
2794 1935 2910 1989 suis
2942 1945 3287 2006 repurgatam
3319 1938 3507 1991 urbem
3539 1938 3686 1993 reli-

2092 2025 2329 2095 querint.
2374 2044 2391 2074 ι

2164 2117 2216 2171 9.
2262 2118 2530 2172 Caeterum
2563 2119 2855 2186 spurcitias
2880 2118 3027 2174 illius
3058 2121 3328 2174 haereseos
3358 2120 3598 2174 lectione
3616 2128 3682 2174 et

2094 2224 2369 2274 sermone,
2388 2224 2493 2262 non
2526 2219 2703 2262 autem
2734 2217 2907 2261 etusu
2930 2210 3198 2278 cognitas,
3223 2212 3419 2263 iterum
3440 2209 3686 2263 iterum-

2094 2317 2198 2369 que
2226 2312 2453 2355 testatur
2484 2300 2819 2369 Epiphanius
2843 2301 2914 2353 ita
2946 2316 3280 2370 prosequens
3318 2320 3330 2354 :
3362 2319 3379 2353 ι
3411 2299 3681 2355 Ostendi-

2095 2407 2219 2444 mus
2256 2407 2416 2444 unam
2447 2392 2591 2445 illam
2612 2409 2678 2447 ex
2712 2393 2778 2447 iis
2810 2392 3106 2446 haeresibus
3126 2407 3267 2458 esse,
3294 2392 3362 2446 de
3392 2406 3501 2461 qua
3526 2392 3678 2447 certi

2093 2482 2475 2551 exploratique
2521 2482 2723 2552 aliquid
2759 2482 2950 2537 all‘erre
2993 2498 3315 2553 possemus;
3351 2498 3459 2537 non
3498 2499 3567 2538 ex
3598 2498 3675 2538 eo

2094 2575 2235 2643 quod
2263 2573 2593 2643 gesserimus
2618 2575 2718 2644 ipsi
2739 2575 2967 2646 (avertat
2988 2576 3091 2630 hoc
3111 2590 3141 2628 a
3158 2575 3315 2631 nobis
3330 2574 3474 2629 Deus
3489 2575 3550 2644 l),
3575 2575 3680 2630 sed

2094 2680 2161 2718 ex
2189 2680 2253 2719 eo
2276 2666 2421 2733 quod
2452 2666 2520 2720 ab
2544 2666 2609 2721 iis
2635 2678 2888 2722 accurate
2916 2667 3231 2733 didicimus,
3263 2668 3356 2737 qui
3398 2667 3545 2721 illam
3575 2682 3683 2721 no-

2095 2754 2179 2809 bis
2207 2757 2535 2824 persuadere
2569 2755 2772 2811 frustra
2812 2758 3122 2823 voluerunt,
3157 2767 3212 2810 et
3250 2767 3575 2827 conceptam
3606 2758 3683 2813 de

2093 2858 2280 2899 neStro
2307 2845 2473 2901 exitio
2505 2862 2653 2915 spem
2694 2848 2911 2916 penitus
2968 2849 3327 2918 abjecerunt;
3380 2864 3505 2903 cum
3540 2848 3687 2904 insi-

2094 2935 2197 2989 diae
2223 2952 2414 2991 omnes
2459 2952 2523 2992 ac
2571 2936 2815 3003 fraudes,
2870 2956 3007 3009 quas
3062 2941 3129 2994 ad
3193 2939 3428 2997 infelicis
3475 2941 3682 2996 anima:

2096 3041 2299 3083 nostra:
2336 3030 2632 3099 perniciem
2666 3040 2773 3085 tam
2800 3032 2901 3099 ipsi
2935 3048 3097 3101 quam
3130 3033 3222 3102 qui
3254 3033 3305 3086 in
3352 3032 3491 3103 ipsis
3528 3033 3683 3089 inest.

2097 3121 2347 3176 diabolus
2404 3123 2699 3177 machinati
2748 3123 2996 3190 fuerant,
3048 3126 3216 3180 irritae
3265 3136 3427 3195 atque
3478 3126 3681 3182 inanes

2096 3215 2463 3280 exstitissent;
2508 3225 2566 3270 ut
2609 3218 2710 3272 hoc
2740 3234 2770 3273 a
2802 3217 3005 3273 Davide
3041 3219 3244 3273 dictum
3293 3219 3685 3289 accommoda-

2099 3306 2307 3361 tissime
2359 3324 2628 3378 usurpare
2675 3311 2987 3379 possimus,
3039 3310 3265 3380 Sagitta:
3323 3310 3680 3381 parvulorum

2100 3399 2257 3467 facta:
2288 3410 2409 3452 sunt
2441 3400 2611 3471 plagae
2647 3418 2831 3454 eorum
2861 3400 3039 3469 (Psal.
3080 3417 3236 3469 LXIII,
3274 3402 3348 3472 8),
3386 3412 3526 3468 etc.;
3556 3414 3680 3457 tum

2097 3489 2251 3552 illttd,
2290 3487 2634 3545 Convertetur
2664 3492 2817 3545 labor
2853 3509 3031 3545 eorum
3058 3494 3111 3546 in
3142 3505 3299 3562 caput
3330 3496 3591 3562 ipsorum,
3626 3503 3682 3547 et

2097 3583 2350 3653 iniquitas
2373 3600 2555 3637 eorum
2580 3586 2634 3636 in
2658 3586 2902 3638 verticem
2934 3586 3167 3653 ipsorum
3196 3585 3466 3638 descendet
3491 3583 3680 3655 (Paul.

2095 3691 2195 3741 "ll,
2227 3675 2335 3745 17).
2361 3675 2530 3744 Igitur
2561 3676 3025 3744 quemadmodum
3055 3676 3134 3730 sic
3165 3691 3266 3729 nos
3303 3676 3355 3729 in
3387 3675 3541 3729 illum
3586 3691 3681 3731 er-

2100 3783 2278 3822 rorem
2330 3767 2686 3831 incurrimus,
2741 3775 2801 3820 ut
2848 3767 2995 3821 illius
3040 3782 3237 3820 noxam
3278 3767 3677 3837 eil‘ugeremus;

2103 3874 2341 3929 eumque
2394 3858 2627 3912 simulac
2680 3858 2910 3928 legimus
2954 3859 3295 3924 damnantes,
3332 3858 3469 3913 salvi
3508 3870 3679 3928 atque

2102 3952 2403 4007 incolumes
2433 3950 2803 4019 praetergressi
2848 3966 3039 4005 sumus
3068 3968 3082 4005 :
3115 3950 3187 4004 ita
3230 3960 3300 4016 te,
3332 3950 3585 4020 quisquis
3615 3966 3678 4006 es

2101 4044 2193 4113 qui
2230 4044 2331 4097 ista
2360 4041 2515 4111 legis,
2551 4042 2857 4107 hortamur,
2895 4051 2955 4095 ut
2995 4042 3131 4096 lecta
3174 4043 3378 4111 pariter
3416 4057 3481 4096 ac
3520 4043 3681 4097 dam-

2102 4144 2228 4189 nata
2276 4133 2571 4197 transilias,
2629 4150 2695 4187 ne
2749 4134 2801 4187 in
2857 4146 3168 4203 serpentum
3219 4134 3485 4203 ejusmodi
3528 4134 3682 4189 velut

2104 4226 2469 4295 improbitatis
2503 4226 2776 4296 quoddam
2812 4226 2963 4281 virus
2996 4228 3237 4294 incidas;
3274 4243 3337 4281 ac.
3375 4227 3419 4282 si
3454 4226 3679 4295 quando

2102 4319 2330 4376 forsitan
2363 4336 2425 4374 ex
2456 4320 2557 4373 hac
2592 4328 2903 4388 serpentum
2947 4320 3134 4375 schola
3173 4322 3482 4390 quempiam
3508 4320 3682 4375 offen-

428 4426 550 4465 rum
575 4410 837 4480 principis
866 4427 1003 4466 uxor
1035 4422 1173 4477 erat,
1206 4414 1467 4481 petulanti
1510 4431 1610 4470 nos
1648 4425 1845 4469 conatu
1877 4431 2000 4486 per-
2031 4441 2076 4496 ι)
2105 4414 2271 4477 deris,
2323 4413 2503 4467 subito
2554 4413 2755 4480 lignum
2802 4414 2953 4478 illud,
2996 4415 3143 4483 quod
3191 4416 3347 4469 nobis
3380 4430 3411 4469 a
3446 4414 3680 4471 Domino

429 4502 665 4569 trahere,
710 4508 826 4556 tum
875 4518 996 4557 cum
1045 4504 1257 4558 florenti
1308 4504 1487 4558 adhuc
1531 4514 1690 4559 mtate
1729 4520 2000 4573 essemus,

427 4611 698 4666 aggressaa
724 4605 869 4650 sunt.
904 4594 1106 4652 Verum
1144 4598 1191 4652 is
1234 4598 1328 4667 qui
1374 4598 1723 4652 sanctissime
1764 4597 2003 4668 Josepho

431 4701 545 4743 tum
590 4689 781 4753 astitit,
820 4689 979 4745 nobis
1026 4706 1245 4760 quoque
1295 4700 1491 4759 praesto
1551 4690 1682 4755 fttit;
1734 4700 1789 4744 et
1856 4692 2004 4746 hunc

428 4784 633 4852 ipsum,
669 4783 760 4852 qui
804 4783 955 4837 illum
992 4799 1059 4837 co
1103 4786 1155 4837 in
1197 4784 1439 4853 periculo
1488 4784 1756 4848 liberavit,
1805 4784 2002 4854 implo-

429 4884 638 4941 rantes,
686 4876 812 4930 licet
866 4875 1074 4944 indigni
1132 4892 1195 4929 ac
1253 4885 1405 4931 tanto
1457 4876 1720 4931 bcnelicio
1766 4878 2003 4946 impares

432 4984 703 5031 essemus,
732 4968 981 5037 ejusdem
1026 4968 1354 5037 benignitate
1384 4983 1449 5020 ac
1477 4967 1851 5021 misericordia
1880 4982 2004 5036 per-

432 5058 671 5113 niciosas
704 5059 920 5113 illarum
955 5073 1148 5112 manus
1181 5058 1495 5129 effugimus,
1544 5074 1607 5112 ac
1654 5059 2005 5113 sanctissimo

434 5147 546 5201 Deo
574 5149 990 5216 gratulatorium
1028 5163 1245 5202 carmen
1289 5149 1609 5215 cecinimus,
1641 5158 1700 5204 ut
1746 5150 1796 5204 id
1838 5166 2003 5204 usur-

432 5257 564 5311 pare
602 5242 799 5296 merito
824 5256 1143 5311 possemus:
1186 5242 1471 5297 Cantemus
1506 5242 1747 5307 Domino,
1782 5243 2006 5313 gloriose

432 5334 571 5393 enim
612 5334 985 5403 magniﬁcatus
1021 5341 1120 5393 est.
1161 5349 1347 5402 equum
1379 5343 1427 5387 et
1460 5353 1787 5389 ascensorem
1819 5335 2008 5404 dejecit

432 5429 488 5479 in
542 5441 687 5479 mare
743 5423 957 5494 (Exod.
990 5441 1069 5487 XI,
1114 5425 1187 5495 l).
1241 5424 1427 5496 Neque
1468 5429 1613 5482 enim
1660 5428 1911 5482 similiter
1951 5436 2010 5481 ut

435 5515 525 5577 ille
556 5515 866 5582 patriarcha
885 5515 933 5568 vi
952 5516 1187 5584 quadam
1214 5518 1433 5573 virtutis
1454 5534 1517 5573 ac
1539 5520 1764 5589 justitia:
1787 5531 2007 5581 nostrae,

435 5604 531 5668 sed
571 5603 695 5659 fuso
718 5606 785 5661 ad
826 5606 995 5662 Deum
1033 5610 1236 5678 gemitu
1276 5612 1395 5679 ejus
1442 5628 1630 5667 sumus
1662 5612 2011 5667 miseratione

439 5697 659 5765 “illati,
694 5698 827 5759 Cum
860 5703 1020 5767 etiam
1050 5703 1179 5760 mihi
1215 5714 1396 5774 pestes
1433 5706 1537 5765 illa‘
1571 5722 1667 5777 per
1710 5705 2007 5771 ludibrium

2105 4515 2477 4576 comparatum
2509 4513 2593 4557 est
2613 4514 2666 4557 et
2695 4505 2877 4573 inquo
2899 4504 3150 4561 Christus
3184 4506 3376 4561 afﬁxus
3403 4515 3508 4567 est,
3538 4507 3681 4559 arri-

2104 4599 2242 4668 pias.
2283 4617 2301 4648 ›
2336 4596 2611 4650 Ilactenus
2638 4594 2998 4665 Epiphanius,
3030 4613 3093 4653 ex
3128 4598 3327 4667 quibus
3358 4600 3491 4652 satis
3521 4613 3681 4652 vero-

2106 4691 2280 4746 simile
2314 4688 2461 4743 reddi
2487 4698 2763 4757 putamus,
2790 4690 2933 4759 quod
2984 4690 3139 4745 initio
3186 4692 3320 4755 dixi,
3360 4706 3506 4756 eum,
3552 4706 3680 4745 cum

2105 4783 2159 4837 in
2225 4782 2525 4851 periculum
2585 4782 2728 4835 istud
2782 4783 2992 4847 incidit,
3051 4782 3425 4837 Christianum
3484 4783 3676 4847 fuisse,

2106 4886 2252 4932 caste
2279 4891 2343 4929 ac
2364 4876 2556 4945 pudice
2581 4893 2611 4928 ει
2645 4876 2975 4932 Christianis
3000 4877 3312 4945 parentibus
3338 4877 3630 4930 educatum
3658 4894 3675 4931 :

2107 4979 2327 5038 apparet
2349 4969 2512 5022 etiam
2546 4969 2775 5023 necdum
2808 4969 3008 5024 smculo
3038 4969 3403 5034 renuntiasse,
3436 4968 3503 5022 de
3563 4984 3673 5038 quo

2108 5061 2267 5115 talem
2300 5076 2448 5123 spem
2484 5061 2585 5114 sibi
2632 5061 2902 5115 tinxerant
2949 5060 3231 5124 Gnostici;
3278 5068 3467 5114 contra
3512 5075 3674 5129 quam

2108 5170 2232 5207 eum
2280 5153 2437 5207 nobis
2493 5151 2866 5206 commentitia
2921 5153 3055 5208 Acta
3103 5160 3517 5220 repraesentant,
3566 5149 3677 5203 Ju-

2109 5247 2284 5300 daeum
2321 5260 2386 5297 ex
2413 5243 2637 5306 Iudaeis,
2663 5243 2838 5313 iisque
2880 5243 3175 5298 rusticanis
3222 5252 3276 5297 et
3324 5242 3673 5311 pauperibus,

2109 5346 2164 5390 et
2201 5336 2354 5406 prius
2387 5336 2439 5388 in
2473 5336 2646 5405 patria
2683 5351 2783 5389 sua
2826 5335 3176 5399 monachum,
3216 5348 3378 5402 quam
3422 5333 3548 5386 inde
3585 5347 3677 5402 pe-

2110 5428 2230 5482 dem
2261 5426 2492 5480 elIerret.

2185 5520 2270 5572 10.
2304 5517 2503 5571 Eadem
2544 5526 2819 5583 asserunt,
2859 5518 3036 5586 ipsum
3078 5517 3217 5568 inter
3266 5512 3674 5567 valedicendum

2115 5614 2513 5680 interrogatum
2544 5611 2612 5662 ab
2644 5608 2972 5677 imperatore
3012 5606 3246 5661 Arcadio
3286 5624 3304 5656 ‹
3338 5612 3473 5674 quot
3505 5617 3675 5658 annos

2116 5714 2257 5763 esset
2290 5710 2472 5764 natus.
2511 5699 2879 5769 respondisse,
2915 5708 3130 5755 centum
3164 5705 3215 5753 et
3249 5695 3595 5769 quindecim,
3621 5700 3675 5753 et
