3800 6180
135 250 214 305 121

1101 243 1158 297 S.
1193 242 1537 297 EPIPHANII
1578 243 1761 294 AC'IA
1800 243 2306 296 BOLLANOIANA.

3231 246 3336 296 ηεξ

132 376 223 420 tres
268 371 503 419 menses._
538 375 559 407 ι
608 355 698 409 Sic
740 363 917 410 autem
953 354 1157 411 dixisse
1190 375 1205 410 :
1238 374 1258 407 ι
1299 356 1398 411 Fui
1443 357 1655 424 episco-
1686 358 1726 411 A
1756 356 1943 422 liaris;
1976 358 2120 425 quod
2148 371 2321 425 usque
2357 356 2466 419 ille,
2495 355 2677 409 nimia
2706 370 2820 409 sua
2855 355 3186 410 celebritatis
3206 372 3331 425 per-

130 471 233 527 pus,
267 466 378 506 cum
423 464 597 503 essem
642 463 815 503 annos
842 448 1119 518 sexaginta
1163 459 1365 515 natus;
1418 449 1493 503 fui
1535 463 1663 501 vero

132 549 176 601 in
211 545 501 613 episcopatu
534 540 927 610 quinquaginta
965 541 1209 611 quinque
1253 557 1427 595 annos
1468 550 1521 595 et
1553 550 1662 596 tres

130 650 331 692 menses.
381 651 399 682 ι
447 631 551 686 Sed
597 632 649 685 in
697 648 967 687 annorum
1009 648 1240 688 numero
1293 634 1485 688 vitium
1537 648 1663 689 esse

130 727 311 799 aliquod
350 739 507 779 nemo
539 725 888 786 dubitaverit,
937 714 1110 794 primo
1144 726 1271 795 quia
1295 724 1661 795 Hieronymus

126 832 248 873 anno
277 814 374 869 592
427 814 493 869 de
530 813 835 884 Epiphanio
874 815 1141 879 scribens,
1196 816 1248 869 id
1293 826 1394 879 est,
1449 816 1660 871 decimo

126 917 230 964 ante
254 906 365 975 ejus
396 915 624 960 mortem
654 920 819 970 anno,
852 908 1048 961 asserit
1090 926 1108 958 ‹
1144 909 1198 961 in
1229 915 1473 963 extrema
1502 918 1660 963 atate

126 1002 248 1057 varia
290 998 462 1052 adhuc
497 998 693 1053 cudere
728 999 1025 1067 opuscula;
1076 1019 1094 1053 ι
1142 999 1285 1069 quod
1322 1015 1483 1053 nemo
1535 1011 1658 1069 apte

126 1091 414 1148 intellexerit
450 1091 517 1144 de
564 1091 783 1145 homine
832 1100 1048 1146 centum
1098 1102 1153 1147 et
1201 1092 1441 1163 quinque
1486 1108 1658 1148 annos

124 1181 525 1238 nato..Secundo
552 1183 680 1252 quia
711 1199 975 1237 annorum
1010 1195 1225 1239 centum
1257 1195 1312 1240 et
1339 1186 1655 1256 quindecim

122 1290 297 1337 senem,
329 1290 488 1327 nemo
518 1275 699 1329 credet
740 1275 857 1344 ejus
892 1275 1063 1331 fuisse
1104 1278 1329 1346 vigoris,
1382 1288 1439 1334 ut
1490 1278 1538 1332 ei
1588 1278 1657 1331 li-

121 1367 273 1423 huerit
299 1366 826 1435 Constantinopolim
868 1368 1143 1438 navigare.
1195 1368 1378 1424 Tertio
1425 1370 1552 1440 quia
1600 1370 1655 1424 in

118 1461 328 1529 Dialogn,
360 1458 454 1526 qui
482 1459 549 1511 de
577 1456 698 1510 Vita
726 1456 783 1511 S.
805 1457 1035 1514 Joannis
1076 1459 1457 1530 Chrysostomi
1477 1472 1657 1517 exstat

119 1554 204 1609 sub
227 1551 433 1605 nomine
456 1549 697 1610 Palladii,
722 1552 876 1617 quasi
910 1566 976 1604 ex
1000 1566 1255 1607 sermone
1277 1553 1462 1607 habito
1497 1556 1654 1610 δοιί⁴

117 1645 178 1698 ιιιὶ
210 1642 355 1711 Papa
389 1650 655 1710 tempore,
697 1641 748 1695 id
786 1652 868 1696 est
912 1658 1055 1695 anno
1102 1644 1226 1711 418,
1284 1647 1427 1700 inter
1475 1646 1652 1702 Palla-

1768 452 1950 509 taasus,
1989 446 2131 499 circa
2165 462 2364 503 annum
2415 446 2517 499 560
2559 444 2801 514 profugit
2834 445 2887 498 in
2919 446 3236 515 IEgyptum,
3270 464 3333 501 ac

1762 537 1997 606 denique
2034 538 2089 591 in
2121 536 2358 607 Cyprum
2402 554 2489 590 an.
2542 536 2647 589 564
2694 537 2800 589 nhi-
2826 552 2949 591 cum
2991 540 3125 591 mori
3151 541 3331 593 conti-

1762 631 1927 699 gisset
1969 629 2263 683 Salaminis
2307 630 2649 698 episcopum,
2692 630 2831 683 haud
2876 630 3115 683 mirabor
3168 631 3213 685 si
3264 647 3332 685 ex

1763 720 2062 776 Hilarionis
2110 722 2343 775 consilio
2400 722 2708 790 postulatus
2753 738 2783 776 e
2828 720 3118 776 Palaestina
3170 722 3334 776 fuerit

1760 811 2100 882 Epiphanius
2129 832 2143 866 :
2170 814 2261 883 qui
2296 815 2556 868 libentius
2586 830 2726 867 onus
2754 815 2896 869 istud
2920 816 3222 883 admiserit,
3264 831 3332 869 ne

1758 906 2085 959 Arianorum
2141 916 2484 975 grassantem
2544 907 2647 960 sub
2687 906 2934 961 .Valente
2988 892 3330 978 tyrannidem

1759 1006 2005 1063 spectare
2036 1008 2090 1052 et
2140 1000 2409 1053 sustinere
2459 1008 2765 1073 cogeretur,
2809 1009 2862 1053 et
2914 1002 3040 1067 quia
3092 1010 3330 1056 veterem

1760 1088 2062 1157 spiritualis
2113 1088 2239 1143 vita
2288 1087 2615 1157 magistrum
2672 1100 2763 1144 aut
2811 1091 3018 1144 socium
3064 1091 3135 1144 ibi
3187 1100 3332 1146 esset

1758 1188 2090 1247 reperturus,
2124 1186 2178 1233 et
2206 1193 2271 1231 eo
2294 1180 2469 1246 quoad
2497 1178 2698 1233 viveret
2725 1178 3014 1233 fruiturus.
3056 1178 3205 1234 Vixit
3232 1197 3331 1235 au-
3392 1208 3397 1211 »

1758 1279 1863 1324 tem
1889 1268 2131 1323 Hilarion
2182 1285 2351 1339 usque
2400 1270 2465 1323 ad
2516 1286 2722 1323 annum
2770 1272 2945 1324 atatis
2987 1270 3078 1333 80,
3125 1271 3329 1326 Christi

1757 1361 1880 1424 572,
1913 1362 2131 1430 quando
2162 1379 2179 1411 ι
2213 1361 2278 1415 de
2300 1360 2417 1429 ejus
2445 1361 2697 1415 laudibus
2733 1361 2945 1415 brevem
2983 1363 3268 1431 epistolam
3305 1381 3322 1412 ι

1758 1453 1899 1506 idem
1930 1452 2263 1520 Epiphanius
2286 1472 2302 1503 ι
2331 1453 2571 1521 scripsit,
2600 1473 2618 1503 ι
2642 1454 2854 1508 sicutin
2886 1453 3005 1506 Vita
3032 1454 3328 1507 Hilarionis

1756 1552 1985 1599 testatur
2027 1544 2083 1597 S.
2134 1543 2539 1615 Hieronymus:
2571 1561 2635 1600 ex
2679 1546 2837 1615 cujus
2886 1548 3048 1601 etiam
3097 1549 3325 1617 epistola

1756 1636 1844 1698 61,
1874 1636 1942 1688 ad
1974 1635 2379 1689 Pammachium
2414 1637 2701 1701 discimus,
2732 1639 2878 1708 quod
2909 1655 2974 1693 eo
3018 1658 3037 1690 ι
3087 1649 3328 1705 tempore

116 1736 242 1789 dium
310 1731 811 1800 Helenopolitanum
884 1733 1200 1803 episcopum
1271 1734 1648 1807 Chrysostomi

1756 1745 1865 1798 quo
1895 1737 2069 1781 totum
2102 1728 2402 1795 Orientem,
2438 1743 2663 1798 excepto
2712 1747 2848 1799 papa
2901 1733 3198 1787 Athanasio
3240 1746 3327 1787 at-

112 1827 407 1897 discipulum
437 1835 487 1880 et
510 1824 856 1879 Theodorum
892 1825 1153 1881 Romana
1190 1828 1443 1884 Ecclesia.
1474 1832 1657 1886 diaco-

114 1936 244 1982 num,
270 1919 489 1984 dicitur,
520 1917 663 1987 quod
697 1917 1032 1987 Epiphanius
1056 1938 1074 1969 ι
1106 1920 1327 1990 triginta
1351 1937 1444 1975 sex
1481 1938 1654 1978 annos

112 2008 337 2062 Ecclesia
387 2007 628 2077 prafuit,
680 2008 781 2062 sub
821 2007 1052 2064 Damaso
1095 2019 1148 2065 et
1189 2010 1419 2085 Syricio,
1465 2031 1483 2064 ι
1517 2030 1655 2083 quo-

110 2116 210 2154 rum
241 2101 384 2169 prior
414 2115 559 2155 anno
592 2099 697 2154 558
727 2101 913 2170 capit,
963 2102 1098 2156 alter
1148 2118 1293 2158 anno
1333 2103 1437 2158 598
1469 2106 1650 2164 desiit.

107 2190 374 2245 Numerum
407 2200 589 2246 autem
627 2206 897 2245 annorum
939 2191 1008 2245 55
1057 2192 1266 2263 integre
1304 2195 1646 2264 expletorum

106 2300 209 2338 cum
238 2284 387 2338 initio
427 2284 553 2338 anni
584 2282 651 2337 56
680 2284 727 2338 si
775 2292 982 2349 teneas,
1025 2294 1220 2340 catera
1271 2287 1413 2341 haud
1443 2288 1651 2342 incom-

106 2375 243 2429 mode
270 2391 392 2430 cum
450 2375 680 2429 veritate
717 2376 1057 2443 consistent;
1097 2376 1171 2430 ita
1220 2387 1281 2431 ut
1322 2380 1501 2433 atatis
1537 2394 1651 2434 sua

104 2482 225 2521 anno
251 2466 315 2521 96
358 2466 560 2521 obierit
604 2477 851 2529 sanctus,
899 2467 1187 2536 solumque
1218 2485 1280 2523 ex
1337 2470 1437 2524 levi
1485 2471 1648 2526 unius

102 2558 272 2612 littera
296 2571 508 2622 errore,
536 2572 646 2626 quo
672 2563 743 2609 γε’
771 2557 1051 2626 scripserit
1079 2557 1279 2627 aliquis
1307 2574 1403 2627 pro
1428 2559 1499 2611 λε’
1530 2576 1649 2629 per-

101 2638 271 2703 ductus
323 2647 494 2703 fuerit
532 2649 789 2703 Actorum
839 2658 1031 2703 auctor
1082 2649 1133 2701 in
1188 2649 1456 2704 calculum
1512 2651 1649 2705 adeo

100 2739 495 2794 exorbitantem.
553 2737 646 2793 Sic
694 2754 822 2793 vero
872 2739 979 2795 dici
1027 2740 1230 2809 poterit
1284 2740 1643 2810 Epiphanius,

100 2844 224 2882 anno
260 2829 363 2884 568
410 2830 652 2894 ineunte,
687 2829 864 2886 factus
906 2831 1216 2901 episcopus,
1261 2842 1314 2887 et
1360 2848 1505 2887 anno
1544 2835 1669 2890 508.

102 2931 255 2975 natus.
286 2921 361 2975 De
387 2936 502 2990 quo
532 2921 660 2975 dum
695 2922 745 2973 in
784 2920 1019 2991 Synopsi
1063 2923 1128 2976 ad
1162 2923 1487 2978 Ancoratum
1528 2928 1647 2994 ejus

100 3014 290 3083 legitur,
322 3012 470 3084 quod
506 3032 524 3063 ι
565 3014 795 3082 primum
832 3017 1119 3071 monastici
1164 3016 1397 3072 instituti
1440 3021 1649 3073 exerci-

102 3105 332 3158 tationem
362 3105 418 3158 in
460 3102 695 3174 Egypto
724 3105 984 3173 suscepit.
1022 3106 1205 3175 ibique
1229 3107 1294 3160 ad
1327 3108 1646 3163 vicesimum

100 3211 249 3264 usque
279 3195 457 3251 atatis
481 3211 686 3250 annum
721 3199 1043 3266 permansit,
1077 3199 1251 3254 donec
1291 3202 1355 3255 ad
1399 3200 1648 3256 Eleuthe-

102 3285 435 3356 r'opolitauam
474 3292 749 3357 regionem
777 3305 1027 3345 reversus
1067 3292 1458 3347 monasterium
1498 3292 1550 3345 in
1582 3309 1646 3347 ea

100 3379 334 3446 condidit,
378 3400 397 3431 ι
437 3380 602 3435 datur
633 3380 859 3450 intelligi
894 3396 1038 3436 anno
1084 3382 1187 3436 529
1236 3384 1539 3437 excessisse
1581 3399 1650 3438 ex

101 3470 327 3541 Egypto,
364 3474 616 3543 adeoque
647 3488 755 3526 non
784 3473 939 3527 valde
970 3475 1189 3544 longum
1215 3475 1387 3531 fuisse
1410 3484 1646 3545 tempus,

98 3579 190 3631 quo
215 3564 285 3619 ibi
316 3566 462 3620 inter
490 3568 789 3622 monachos
810 3568 1011 3623 vixisse
1036 3570 1277 3639 potuerit
1310 3588 1323 3625 :
1354 3579 1407 3624 et
1438 3569 1650 3624 denun-

98 3657 352 3713 tiationem
382 3658 534 3711 illam
567 3658 977 3723 Gnosticorum,
1004 3662 1273 3731 episcopis
1304 3663 1649 3717 Alexandria

96 3752 411 3821 congregatis
438 3750 664 3817 factam,
690 3761 814 3822 apte
845 3752 1033 3806 referri
1058 3768 1219 3821 posse
1243 3754 1296 3807 in
1321 3752 1644 3809 Ianuarium

96 3844 205 3896 anni
241 3844 365 3909 526,
408 3845 629 3914 quando
674 3857 890 3915 mortuo
930 3845 987 3901 S.
1023 3845 1335 3900 Alexandro
1364 3849 1641 3918 episc0po,

94 3933 148 3985 ad
205 3949 583 3990 successorem
650 3933 707 3987 S.
769 3934 1131 3988 Athanasium
1198 3935 1641 3992 substituendum

94 4024 443 4079 convenerunt.
468 4025 732 4095 episcopi.
770 4024 879 4079 Nec
923 4026 1069 4080 enim
1111 4026 1326 4081 videtur
1353 4032 1644 4084 convenire

92 4125 140 4168 ut
159 4115 367 4171 biennio
391 4118 557 4171 citius
582 4117 633 4170 id
672 4116 868 4172 fecisse
907 4118 1141 4183 dicatur,
1178 4128 1306 4187 puta
1343 4136 1487 4174 anno
1513 4121 1639 4187 5‘24,

92 4210 289 4275 quando
320 4210 652 4278 praesidente
681 4208 845 4263 llosio
880 4210 1219 4266 Cordubensi
1249 4213 1518 4269 celebrata
1556 4226 1641 4271 est

91 4301 310 4370 synodus
356 4302 751 4365 Alexandrina,
795 4312 922 4358 tunc
979 4305 1122 4358 enim
1186 4320 1452 4361 annorum
1504 4309 1642 4365 dun-

92 4400 221 4446 taxat
247 4393 483 4447 sedecim
513 4393 829 4447 adolescens
865 4384 1076 4449 fuisset.

158 4484 232 4537 11.
263 4482 331 4537 Ut
362 4494 421 4538 ut
451 4484 543 4547 sit,
575 4484 754 4537 statim
796 4493 919 4553 post
968 4485 1115 4539 illam
1153 4485 1639 4555 denuntiationem,

92 4575 293 4629 dimissa
320 4575 675 4637 Alexandria,
703 4590 946 4629 eremum
979 4577 1203 4646 petitam
1238 4578 1305 4632 ab
1341 4577 1643 4649 Epiphanio

91 4666 255 4721 nullus
305 4666 500 4721 dubito
548 4684 561 4719 :
607 4682 730 4720 cum
777 4677 956 4721 autem
1004 4668 1051 4722 is
1102 4669 1262 4722 rediit
1315 4670 1368 4724 in
1427 4670 1639 4741 Syriam

86 4757 312 4824 junxisse
343 4774 404 4812 se
427 4756 606 4826 potuit
631 4756 688 4810 S.
716 4757 1004 4823 Hilarioni,
1031 4760 1098 4813 de
1128 4776 1238 4829 quo
1260 4762 1403 4815 circa
1438 4778 1639 4817 annum

88 4849 193 4915 5H,
222 4851 351 4907 illuc
385 4850 643 4905 similiter
667 4850 736 4903 ab
771 4849 1023 4920 Egyptia
1064 4852 1167 4907 sub
1202 4852 1441 4907 Antonio
1481 4870 1638 4907 exer-

88 4940 324 4995 citatione
349 4956 598 5005 reverso,
626 4942 814 4995 scribit
852 4940 1219 5013 Ilieronymus
1258 4945 1310 4996 in
1341 4944 1461 5012 ejus
1503 4944 1637 5012 Vita,

87 5033 212 5101 quod
262 5042 390 5103 post
440 5033 515 5086 22
561 5034 875 5088 solitudinis
915 5050 1144 5098 annum,
1199 5035 1252 5088 id
1302 5044 1385 5089 est
1435 5052 1639 5090 annum

87 5124 263 5180 Christi
293 5126 423 5193 525,
469 5145 488 5177 ι
515 5126 582 5181 de
609 5124 763 5197 Syria
789 5136 842 5181 et
867 5125 1103 5197 IEgypto
1135 5126 1201 5181 ad
1236 5143 1359 5180 eum
1394 5132 1641 5184 certatim

87 5220 245 5288 populi
274 5220 651 5288 conﬂuebant,
686 5220 761 5274 ita
798 5228 857 5274 ut
898 5220 1055 5273 multi
1097 5220 1149 5273 in
1196 5220 1475 5275 Christum
1522 5239 1640 5277 cre-

85 5311 271 5377 derent,
306 5322 361 5368 et
392 5328 457 5369 se
483 5312 782 5367 monachos
810 5312 1216 5381 profiterentur.
1258 5333 1276 5363 ι
1310 5311 1516 5367 llorum
1548 5330 1640 5368 au-

88 5411 177 5455 tem
208 5405 482 5460 crescenti
520 5419 751 5459 numero
792 5404 974 5474 potuit
1019 5420 1079 5459 se
1117 5404 1365 5473 junxisse
1408 5406 1641 5474 Epipha-

88 5494 226 5560 nius;
257 5497 439 5566 potuit
464 5497 652 5564 etiam,
686 5512 812 5551 mox
842 5505 901 5550 ut
923 5497 1083 5551 rediit
1113 5497 1165 5549 in
1189 5497 1419 5564 patriam
1456 5498 1636 5550 vicum

86 5586 335 5656 recepisse
369 5603 456 5653 se,
501 5588 732 5644 similem
778 5598 1002 5644 acturus
1043 5589 1234 5651 vitam,
1268 5596 1325 5641 et
1360 5587 1639 5641 nihilomi-

88 5689 175 5736 nus
204 5678 474 5741 llilarioni
512 5679 781 5757 frequenti
814 5679 1229 5741 conversatione
1255 5678 1425 5739 fuisse
1472 5678 1635 5741 fami-

1674 3061 1715 3118 C

1756 1837 1859 1892 que
1883 1820 2132 1885 Paulino,
2163 1820 2487 1873 Arianorum
2531 1831 2695 1891 atque
2722 1822 3183 1877 Eunomianorum
3214 1826 3325 1878 ha-

1754 1917 1893 1972 resis
1922 1916 2252 1985 possidebat,
2286 1918 2504 1984 quando
2542 1915 2781 1971 Joannes
2818 1935 2834 1966 ι
2874 1918 3052 1971 adhuc
3084 1918 3326 1986 privatus

1754 2011 1965 2077 (contra
1993 2024 2153 2076 quem
2192 2019 2373 2077 postea
2416 2007 2970 2079 Hierosolymitanum
3006 2012 3321 2081 episc0pum

1752 2101 1952 2171 scripta
1985 2100 2249 2171 Epistola)
2283 2102 2333 2154 in
2379 2102 2480 2156 fide
2521 2101 2881 2156 dissimulans
2917 2103 2997 2155 vel
3043 2103 3322 2163 vacillans.

1758 2212 1776 2244 ι
1813 2191 2254 2247 Occidentalibus
2286 2200 2337 2246 et
2373 2192 2426 2245 in
2461 2193 2641 2245 medio
2675 2192 2869 2246 exsilio
2908 2192 3319 2250 confessorihus

1754 2282 1853 2337 SS.
1908 2281 2167 2353 Dionysio
2214 2280 2640 2345 Mediolanensi,
2690 2282 2927 2335 Eusebio
2975 2281 3322 2350 Vercellensi,

1749 2384 1803 2429 et
1838 2374 2089 2429 Lucifero
2137 2374 2468 2437 Calaritano,
2516 2390 2623 2427 non
2674 2376 3149 2440 communicabat;
3196 2378 3326 2445 Epi-

1749 2466 1985 2535 phanius
2027 2466 2111 2518 vel
2147 2465 2427 2534 presbyter
2475 2465 2528 2516 in
2574 2467 2904 2519 monasterio
2945 2466 3013 2519 ab
3055 2465 3323 2537 Eutychio

1749 2558 2071 2613 audiebatur
2138 2556 2342 2627 (magni
2409 2556 2594 2625 utique
2649 2558 2887 2611 nominis
2935 2558 3139 2627 aliquo,
3194 2573 3323 2613 cum

1748 2648 1974 2716 epistola
2009 2648 2111 2702 sub
2154 2663 2353 2701 annum
2400 2646 2501 2701 396
2546 2648 2896 2711 scriberetur,
2941 2648 3196 2718 episcopo
3231 2658 3324 2705 aut

1750 2739 1961 2801 abbate,
1998 2738 2228 2793 necdum
2280 2747 2461 2791 tamen
2502 2738 2719 2791 aliunde
2779 2739 2930 2806 noto)
2998 2740 3079 2792 vel
3133 2749 3323 2808 postea

1747 2831 2035 2899 episcopus
2062 2828 2247 2900 Cypri,
2284 2846 2313 2883 a
2346 2828 2569 2883 Valente
2604 2845 2713 2883 non
2754 2835 3119 2899 tangebatur:
3156 2842 3324 2886 tanta

1748 2923 1891 2976 enim
1931 2922 2299 2976 venerationis
2339 2938 2553 2991 semper
2594 2922 2715 2983 fuit,
2754 2932 2811 2975 ut
2853 2934 3141 2993 regnantes
3202 2925 3317 2979 ha-

1751 3012 1905 3067 retici
1948 3012 2301 3083 ignominiam
2346 3028 2504 3066 suam
2548 3019 2803 3081 putarent
2851 3012 2895 3067 si
2940 3014 3098 3066 talem
3145 3013 3322 3070 virum

1748 3114 2227 3175 persequerentur.
2306 3123 2325 3157 ι
2396 3104 2626 3159 Exsules
2699 3114 2881 3158 autem
2948 3104 3200 3160 vixerunt
3265 3108 3322 3161 in

1748 3194 1968 3251 Oriente
2014 3195 2362 3251 confessores
2406 3195 2650 3264 pradicti
2688 3196 2757 3249 ab
2782 3210 2926 3249 anno
2957 3196 3061 3250 555
3091 3198 3157 3250 ad
3193 3198 3319 3264 562,

1748 3296 1801 3341 et
1823 3285 2022 3340 Valens
2053 3286 2390 3340 orthodoxos
2429 3294 2513 3340 est
2554 3296 2874 3355 persecutus
2911 3288 2978 3340 ab
3026 3303 3170 3342 anno
3214 3287 3321 3342 566

1748 3379 1814 3433 ad
1853 3379 1979 3432 575.
2022 3376 2176 3433 Unde
2227 3377 2455 3447 intelligi
2504 3377 2685 3441 datur,
2736 3394 2842 3431 non
2894 3387 3103 3433 tantum
3155 3396 3319 3450 quam

1748 3471 1958 3541 integra
1993 3480 2110 3525 toto
2142 3470 2237 3525 illo
2285 3480 2526 3539 tempore
2562 3469 2725 3523 fuerit
2763 3470 3047 3539 Epiphanii
3086 3471 3227 3525 fama
3266 3480 3321 3527 et

1745 3561 2053 3627 veneratio;
2081 3561 2174 3615 sed
2203 3561 2366 3613 etiam
2395 3560 2539 3628 quod
2574 3560 2682 3629 jam
2732 3560 2857 3613 inde
2901 3561 2969 3613 ab
3001 3560 3155 3614 initio
3192 3576 3317 3630 per-

1746 3655 2065 3721 secutionis,
2103 3670 2133 3708 a
2161 3653 2486 3709 Constantio
2516 3654 2811 3717 suscitata,
2837 3653 3118 3725 presbyter
3155 3653 3321 3711 fuerit

1746 3756 2116 3801 consecratus.

1816 3860 1903 3915 12.
1935 3858 2109 3914 Porro
2134 3860 2200 3913 de
2233 3867 2423 3913 mutua
2460 3860 2602 3914 inter
2635 3867 2857 3913 sanctos
2902 3857 3235 3912 llilarionem
3262 3867 3318 3912 et

1743 3952 2102 4023 Epiphanium
2132 3950 2502 4005 familiaritate
2537 3952 2768 4004 habetur
2820 3949 3050 4019 insignis
3080 3951 3233 4005 locus
3259 3950 3315 4004 in

1743 4045 1937 4100 libellis
1964 4044 2038 4097 De
2081 4043 2201 4097 Vita
2232 4052 2281 4096 et
2313 4043 2555 4096 doctrina
2588 4051 2636 4095 et
2668 4041 2985 4110 perfectione
3010 4050 3315 4094 sanctorum

1743 4136 1991 4204 Patrum,
2019 4152 2156 4207 quos
2213 4144 2352 4191 teste
2410 4134 2696 4203 Sigeherto
2744 4133 2996 4203 Pelagius
3048 4134 3316 4187 diaconus

1742 4227 2002 4284 Romana
2041 4226 2295 4282 Ecclesia
2319 4227 2596 4281 transtulit
2622 4227 2687 4280 de
2716 4225 2903 4280 Graco
2933 4225 2985 4278 in
3034 4224 3310 4291 Latinum,

1742 4319 1943 4389 quique
1990 4318 2046 4372 in
2090 4316 2219 4370 Vitis
2247 4315 2490 4387 ,Patrum
2533 4315 2693 4371 editis
2735 4330 2765 4370 a
2805 4323 2996 4390 nostro
3032 4312 3315 4368 Hcriberto

1672 4410 1715 4465 D
1745 4408 2034 4464 Rosweido
2067 4408 2159 4462 lib.
2201 4423 2233 4461 v
2287 4407 2629 4463 constituunt
2667 4425 2679 4460 :
2715 4406 2787 4460 ibi
2840 4407 2984 4459 enim
3021 4406 3205 4458 libello
3248 4420 3310 4460 ιιι

1746 4513 1895 4550 ιιυιιι.
1928 4496 1992 4549 15
2019 4496 2097 4550 sic
2138 4496 2375 4565 legitur:
2412 4516 2429 4547 ε
2467 4496 2610 4548 Misit
2648 4496 2940 4563 aliquando
2978 4493 3313 4563 Epiphanius

1742 4588 2029 4657 episcopus
2051 4586 2281 4657 Cyprius
2319 4588 2385 4641 ad
2430 4587 2681 4641 abbatem
2716 4585 3068 4653 llilarionem,
3111 4602 3312 4651 rogans

1741 4694 1865 4733 eum
1911 4685 1965 4732 et
2012 4678 2219 4741 dicens,
2257 4676 2391 4731 Veni
2438 4686 2497 4730 ut
2532 4693 2633 4731 nos
2678 4677 2980 4743 videamus,
3018 4686 3311 4746 antequam

1741 4768 1808 4822 de
1839 4782 2064 4835 corpore
2100 4782 2383 4821 exeamus.
2427 4765 2530 4832 Qui
2580 4781 2703 4819 cum
2747 4766 3021 4819 venissent
3059 4766 3124 4819 ad
3172 4766 3311 4819 invi-

1741 4874 1879 4922 cem,
1939 4857 2394 4911 manducantibus
2454 4857 2533 4911 eis
2576 4870 2799 4911 aratum
2852 4865 2935 4911 est
2991 4856 3058 4910 de
3117 4856 3309 4911 avibus

1741 4947 2019 5017 quiddam,
2048 4947 2193 5016 quod
2227 4957 2418 5002 tenens
2463 4947 2752 5016 episc0pus
2778 4950 2924 5001 dedit
2949 4947 3131 5001 abbati
3164 4946 3311 5000 Hila-

1740 5040 1904 5093 rioni.
1935 5037 2000 5091 Et
2032 5039 2162 5092 dicit
2191 5039 2264 5091 illi
2292 5054 2457 5092 senex
2494 5055 2505 5089 :
2542 5038 2764 5108 Ignosce
2796 5039 2949 5105 mihi,
2977 5038 3155 5102 Pater,
3180 5040 3309 5108 quia

1742 5147 1809 5186 ex
1839 5148 1947 5199 quo
1976 5132 2157 5198 accepi
2191 5130 2438 5183 habitum
2470 5131 2633 5185 istum
2662 5146 2766 5184 non
2798 5131 3121 5185 manducavi
3150 5129 3309 5198 quid-

1740 5238 1905 5293 quam
1939 5223 2202 5276 occisum.
2236 5221 2301 5275 Et
2327 5222 2464 5276 dixit
2484 5224 2532 5276 ei
2562 5222 2930 5292 Epiphanius:
2961 5221 3071 5291 Ego
3101 5232 3306 5285 autem,

1738 5330 1806 5368 ex
1832 5328 1942 5384 quo
1982 5313 2163 5381 accepi
2208 5314 2457 5367 habitum
2492 5314 2677 5375 istum,
2711 5329 2819 5367 non
2854 5314 3035 5368 dimisi
3067 5313 3304 5381 aliquem

1738 5403 1997 5467 dormire,
2030 5403 2121 5471 qui
2154 5403 2384 5457 habebat
2422 5403 2626 5472 aliquid
2659 5403 2945 5457 adversum
2984 5418 3101 5469 me;
3133 5419 3308 5473 neque

1739 5512 1840 5565 ego
1869 5495 2102 5549 dormivi
2133 5496 2338 5548 habens
2387 5494 2903 5563 aliquid'adversus
2946 5495 3203 5564 aliquem.
3241 5494 3308 5550 Et

1739 5587 1875 5642 dicit
1897 5587 1947 5641 ei
1983 5602 2174 5651 senex,
2204 5584 2428 5657 ignosce
2456 5587 2610 5652 inihi,
2652 5586 2779 5655 quia
2821 5595 2913 5640 tua
2959 5588 3305 5642 conversatio

1740 5677 1916 5753 major
1941 5688 2025 5736 est
2056 5694 2197 5736 mea.
2244 5698 2262 5731 ι
2304 5678 2484 5752 Atque
2517 5678 2583 5735 ad
2616 5679 2757 5737 hanc
2787 5678 3046 5753 mitigata
3075 5679 3143 5734 ab
3174 5677 3302 5735 Eoi—-
