3778 6278
437 260 541 317 125

1465 269 1525 325 S.
1580 266 1926 325 EPIPHANII
1955 266 2135 323 ACTA
2173 264 2676 323 BOLLANDIANA.

3625 269 3748 328 124

434 377 639 447 phanio
685 379 1025 435 austeritatis
1078 382 1483 437 excusationem
1529 385 1694 438 etiam
1761 391 2010 453 spectat,
2042 384 2085 439 A
2115 381 2562 452 sitEpiphanius,
2592 382 2671 437 sic
2703 390 2753 437 et
2774 381 2841 437 de
2869 395 2973 436 suo
3001 379 3425 439 Bethlehemico
3468 391 3741 441 testatur

432 470 575 538 quod
601 470 654 523 in
690 486 792 525 ms.
839 470 1214 541 Ultrajectino,
1248 490 1312 528 ex
1362 473 1495 528 Vitis
1537 474 1785 539 Patrum,
1828 474 2012 529 nescio

430 559 575 613 unde
624 571 924 630 sumptum,
967 564 1140 633 reperi
1193 564 1273 619 sic
1333 574 1701 621 annotatum:
1749 585 1767 617 ‹
1806 566 2007 621 Factus

429 653 718 721 episcopus
743 656 917 709 voluit
948 656 1026 710 uti
1057 658 1247 710 eadem
1281 657 1507 724 duritia,
1547 660 1689 713 sicut
1712 660 1764 713 in
1800 674 2007 723 eremo,

429 744 522 799 sed
554 760 661 799 non
693 749 870 814 potuit
900 766 912 801 :
938 758 990 802 et
1015 765 1179 805 orans
1214 751 1466 819 quaesivit
1489 766 1517 803 a
1547 750 1677 815 Deo,
1710 752 1754 805 si
1790 761 2010 820 propter

427 837 798 906 episcopatum
843 842 1156 895 recessisset
1197 843 1265 895 ab
1297 859 1361 898 eo
1402 844 1576 914 gratia
1611 842 1727 897 Dei.
1762 842 2010 912 Respon-

427 944 548 981 sum
582 939 664 983 est
696 939 875 984 autem
926 932 974 985 ei
1024 934 1169 1002 quod
1211 950 1341 998 non,
1391 935 1518 1004 quia
1568 937 1654 1004 pia
1707 935 2005 990 intentione

425 1035 612 1075 curam
672 1025 948 1093 suscepit;
991 1026 1083 1080 sed
1128 1028 1254 1096 quia
1298 1037 1425 1081 tunc
1463 1030 1681 1098 quando
1721 1029 1775 1083 in
1809 1030 2004 1084 solitu-

425 1113 550 1168 dine
578 1114 699 1180 fuit,
735 1116 874 1171 Deus
926 1128 1043 1172 erat
1082 1120 1185 1173 sibi
1234 1122 1485 1190 proprius
1529 1123 1769 1191 adjutor,
1810 1123 1865 1175 in
1902 1139 2003 1178 sae-

423 1208 545 1261 culo
568 1216 749 1261 autem
786 1210 951 1264 etiam
1000 1211 1251 1266 homines
1304 1214 1730 1268 auxiliabautur.
1783 1216 1873 1269 Sic
1910 1216 2003 1269 lilii

420 1299 585 1353 Israel
630 1311 954 1368 receperunt
986 1318 1184 1357 manna
1228 1304 1279 1357 in
1327 1305 1563 1372 deserto,
1600 1322 1885 1376 quousque
1912 1324 2003 1362 ve—

421 1392 602 1445 nirent
630 1392 683 1445 in
718 1401 917 1446 terram
956 1394 1357 1462 promissionis.
1411 1416 1427 1447 ι

492 1483 579 1536 15.
617 1483 828 1539 Colitur
863 1483 922 1540 S.
966 1484 1208 1539 Hilarion
1250 1488 1311 1541 2|
1350 1486 1600 1543 Octobris
1634 1507 1649 1543 :
1687 1500 1899 1544 utvero
1926 1493 1994 1547 ad

418 1590 543 1629 eum
588 1574 882 1630 identidem
943 1578 1263 1631 rccurrcbat
1308 1579 1611 1648 discipulus
1651 1597 1784 1636 suus
1826 1580 1998 1653 Hesy-

420 1668 600 1730 chius.
634 1685 870 1738 eumque
900 1668 966 1723 de
1002 1680 1145 1724 statu
1178 1680 1291 1725 tum
1333 1674 1651 1727 monasterii
1677 1674 1761 1727 sui
1806 1674 1858 1727 in
1895 1674 1996 1728 Pa-

417 1760 629 1814 lmstina
665 1769 776 1814 tum
815 1762 1208 1831 discipulorum
1248 1764 1448 1818 ibidem
1484 1765 1796 1819 relictorum
1833 1781 1995 1820 cura-

416 1851 510 1906 bat
574 1854 803 1906 edocere
856 1871 867 1904 :
918 1854 990 1907 ila
1046 1870 1145 1909 nec
1202 1871 1395 1926 segnes
1459 1857 1680 1911 fuerunt
1738 1858 1993 1929 discipuli

416 1940 705 2011 Epiphanii
765 1944 816 1997 in
862 1945 1092 2000 fovenda
1153 1957 1342 2001 mutua
1390 1965 1513 2002 cum
1579 1966 1679 2004 suo
1733 1954 1993 2020 magistro

415 2037 929 2099 communicatimie,
957 2054 1079 2091 cum
1118 2038 1209 2093 hic
1244 2040 1476 2096 abesset.
1504 2040 1690 2111 Itaque
1727 2043 1779 2096 in
1814 2044 1993 2098 libello

416 2140 490 2178 xu
523 2127 650 2179 dieti
685 2127 876 2197 Operis
908 2145 963 2181 n.
1002 2129 1033 2182 6
1059 2130 1163 2183 tale
1210 2132 1339 2199 quid
1371 2132 1681 2187 invenitur:
1718 2154 1735 2185 t
1770 2134 1991 2190 Manda-

415 2227 529 2270 tum
562 2228 643 2272 est
675 2228 876 2273 sanctre
908 2220 1187 2275 memoriae
1236 2221 1542 2292 Epiphanio
1590 2226 1847 2295 episcopo
1885 2227 1994 2299 Cy-

414 2310 557 2378 prio,
614 2312 683 2364 ab
742 2312 936 2365 abbate
990 2314 1308 2367 monasterii
1359 2315 1443 2368 sui
1499 2316 1645 2383 quod
1701 2318 1889 2370 habuit
1936 2320 1990 2372 in

414 2402 700 2457 Palaestina
740 2421 751 2455 :
796 2402 934 2468 Quia
963 2405 1307 2458 orationibus
1343 2406 1449 2459 tuis
1495 2423 1601 2459 non
1652 2408 1991 2477 negleximus

414 2495 679 2563 regulam,
724 2494 815 2548 sed
868 2511 989 2547 cum
1033 2496 1402 2550 sollicitudine
1439 2495 1703 2563 Tertiam,
1745 2496 1989 2567 Sextam,

414 2583 647 2646 Nonam,
694 2595 853 2653 atque
902 2583 1190 2653 Vesperam
1236 2587 1595 2641 celebramus.
1643 2588 1735 2645 Ille
1784 2598 1989 2656 autem,

413 2675 817 2743 reprehendens
851 2692 999 2739 eum,
1037 2677 1317 2730 mandavit
1344 2678 1392 2731 ei
1431 2697 1443 2733 :
1483 2678 1712 2736 Constat
1757 2698 1853 2736 vos
1894 2698 1993 2736 va—

412 2782 539 2821 care
569 2766 635 2819 ab
683 2768 929 2819 oratione
975 2770 1187 2823 caeteris
1252 2769 1431 2835 horis;
1478 2787 1604 2825 eum
1662 2784 1841 2826 autem
1898 2776 1993 2844 qui

413 2873 571 2912 verus
626 2868 709 2910 est
758 2858 1082 2919 monachus,
1144 2868 1360 2927 Oportet
1408 2860 1526 2913 sine
1588 2861 1992 2918 intermissione

414 2962 574 2999 orare
622 2958 715 2999 aut
759 2958 905 3000 certe
952 2948 1181 3015 psallere
1230 2950 1282 3002 in
1331 2952 1495 3003 corde
1546 2966 1668 3006 suo.
1712 2971 1730 3001 )
1786 2952 1991 3008 Revisit

412 3039 557 3093 haud
616 3040 779 3094 dubie
846 3041 1240 3095 monasterium
1301 3042 1432 3097 illud
1488 3059 1647 3097 suum
1699 3045 1991 3113 aliquando

413 3130 772 3201 Epiphanius,
836 3133 1055 3201 quando
1096 3132 1592 3188 ecclesiasticorum
1647 3135 1987 3206 negotiorum

411 3240 577 3279 causa
614 3226 665 3277 iu
714 3223 1058 3278 Palaestinam
1095 3227 1336 3280 excurrit
1370 3245 1382 3279 :
1417 3228 1509 3281 sed
1549 3228 1668 3297 ejus
1716 3229 1795 3285 rei
1844 3230 1989 3283 nulla

412 3327 498 3372 est
521 3318 662 3387 apud
718 3319 973 3389 probatos
1032 3319 1326 3389 scriptores
1380 3323 1667 3376 memoria.
1716 3321 1986 3388 Quantam

413 3419 593 3463 autem
631 3420 743 3463 tum
772 3411 841 3463 ita
876 3428 1197 3475 excurrens,
1235 3424 1349 3466 tum
1398 3422 1556 3467 antea
1602 3415 1654 3467 in
1700 3415 1987 3472 Palaestina

412 3502 621 3567 vivens,
656 3503 934 3572 collegerit
960 3504 1225 3558 absolute
1256 3506 1613 3575 perfectionis
1644 3506 1867 3573 famam,
1899 3511 1987 3564 in-

412 3596 578 3661 telligi
614 3606 790 3664 potest
820 3611 883 3648 ex
911 3597 1140 3663 epistola
1172 3596 1355 3650 Acacii
1380 3606 1434 3650 et
1461 3596 1613 3651 Pauli
1644 3599 1988 3671 presbytero-

412 3701 533 3739 rum
568 3697 619 3739 et
651 3684 1209 3738 archimandritarum
1248 3684 1301 3739 in
1333 3686 1655 3755 Caelesyria,
1690 3704 1813 3758 quae
1848 3706 1989 3759 prae-

412 3774 594 3844 ﬁgitur
622 3775 856 3830 I’anario
878 3787 931 3830 et
963 3778 1042 3832 sic
1067 3778 1255 3847 incipit
1281 3793 1292 3828 :
1322 3797 1339 3828 ι
1367 3778 1587 3835 Pietatis
1611 3782 1829 3850 quidem
1862 3792 1987 3850 tuae,

414 3867 593 3933 Pater,
645 3878 897 3936 aspectus
941 3869 1055 3938 ipse
1111 3872 1244 3925 satis
1288 3887 1409 3925 esse
1454 3882 1685 3940 poterat,
1733 3875 1826 3944 qui
1888 3891 1988 3933 nos

414 3961 791 4029 spiritualibus
847 3964 1193 4018 sermonibus
1243 3965 1505 4033 implevit,
1562 3980 1624 4019 ac
1668 3975 1777 4019 tam
1820 3968 1988 4023 vehe-

413 4068 567 4105 mens
617 4054 693 4107 tui
733 4054 888 4108 nobis
921 4056 1253 4109 desiderium
1298 4058 1515 4123 indidit,
1566 4069 1854 4129 postquam
1896 4072 1987 4119 tuo

412 4146 581 4201 semel
615 4146 720 4198 frui
753 4157 1042 4215 conspectu
1074 4149 1249 4203 licuit.
1294 4149 1493 4203 Verum
1542 4153 1801 4221 quoniam
1851 4171 1989 4226 pra:-

411 4238 495 4289 via
532 4237 784 4305 discipuli
808 4236 1009 4292 Christi
1037 4239 1181 4293 fama
1220 4240 1514 4295 verborum
1543 4243 1661 4311 ejus
1693 4244 1989 4301 factorum-

411 4343 518 4396 que
537 4328 891 4397 fragrautiam
924 4330 1125 4398 ubique
1156 4332 1433 4399 praedicat,
1460 4335 1608 4403 angit
1634 4352 1734 4390 nos
1762 4337 1985 4392 etsolli-

2119 474 2505 546 Hieronymus,
2560 475 2690 530 illuc
2730 489 2855 529 eum
2905 475 3223 541 accessisse,
3259 494 3279 527 ι
3314 491 3443 531 cum
3480 496 3501 529 ι
3542 478 3630 533 ibi
3664 479 3741 534 ab

2115 567 2307 622 ardore
2338 566 2501 623 febris
2537 586 2555 618 ι
2598 567 2925 635 respirasset
2959 585 2978 618 ι
3020 565 3076 621 S.
3104 566 3292 632 Paula,
3337 586 3357 619 ι
3415 578 3475 623 et
3504 570 3738 625 medici

2113 660 2508 728 persuaderent
2560 662 2631 713 ob
2680 657 3034 713 refectionem
3083 659 3330 728 corporis
3380 659 3524 715 vino
3574 676 3736 730 opus

2112 766 2234 806 esse
2258 752 2406 805 tenui
2432 762 2484 806 et
2519 767 2703 821 parco,
2737 766 2806 805 ne
2842 766 3039 819 aquam
3076 751 3270 808 bibens
3299 752 3353 806 in
3397 754 3733 824 hydropem

2110 851 2447 909 verteretur;
2474 852 2528 897 et
2556 858 2656 913 ego
2687 841 2825 895 clam
2853 842 3069 896 beatum
3098 858 3290 912 papam
3320 844 3727 914 Epiphanium

2110 950 2388 1006 rogarem,
2425 946 2484 991 ut
2517 950 2636 989 eam
2670 942 2938 1001 moneret,
2972 935 3084 989 imo
3113 936 3471 1004 compelleret
3502 937 3723 992 vinum

2109 1027 2315 1082 bibere.
2360 1047 2379 1079 ι
2423 1029 2624 1083 Aderat
2675 1043 2804 1096 ergo
2857 1028 2931 1082 ibi
2975 1036 3089 1083 tum
3137 1026 3482 1099 Epiphanius
3528 1047 3546 1083 :
3602 1045 3726 1099 quo

2110 1130 2289 1175 autem
2339 1136 2593 1176 successu
2642 1122 3083 1175 commendatum
3134 1121 3235 1174 sibi
3276 1120 3518 1175 oliicium
3562 1122 3723 1190 apud

2107 1209 2331 1265 Paulam
2354 1212 2544 1283 egerit,
2571 1212 2922 1285 prosequitur
2956 1211 3097 1266 idem
3140 1212 3537 1282 Hieronymus,
3574 1228 3722 1267 con-

2104 1302 2328 1355 tinuans
2349 1301 2629 1371 epistolam
2654 1300 2723 1353 27
2750 1302 2818 1353 ad
2847 1301 3021 1370 ﬁliam
3058 1300 3244 1356 Paula:
3291 1300 3667 1356 Eustochium
3696 1320 3717 1357 :

2110 1413 2128 1445 ‹
2162 1394 2277 1457 Illa,
2310 1393 2504 1462 inquit,
2542 1402 2604 1447 ut
2631 1402 2748 1447 erat
2795 1394 3034 1463 prudens
3088 1402 3143 1449 et
3187 1394 3401 1449 solertis
3462 1396 3713 1466 ingenii,

2103 1486 2273 1540 sensit
2300 1485 2547 1549 insidias,
2580 1493 2634 1539 et
2665 1485 2978 1550 subridens,
3017 1500 3196 1540 meum
3242 1501 3362 1541 esse
3409 1488 3571 1557 quod
3612 1487 3713 1544 ille

2101 1576 2325 1640 diceret,
2354 1576 2648 1632 intimavit.
2676 1578 2816 1645 Quid
2855 1579 3051 1648 plura?
3094 1595 3219 1635 cum
3261 1581 3456 1636 beatus
3503 1582 3710 1652 ponti-

2101 1670 2189 1723 fex
2224 1678 2349 1739 post
2384 1670 2555 1723 multa
2584 1670 2931 1725 hortamenta
2963 1672 3163 1726 exisset
3218 1671 3384 1737 foras,
3415 1674 3704 1743 quaerenti

2098 1760 2230 1814 mihi
2268 1758 2393 1829 quid
2428 1759 2651 1829 egisset,
2704 1762 2989 1830 respondit
3023 1782 3035 1817 :
3068 1760 3301 1816 Tantum
3349 1764 3587 1833 profeci,
3642 1776 3705 1819 ut

2098 1850 2216 1904 seni
2252 1850 2460 1904 homini
2492 1866 2629 1920 pene
2666 1853 3022 1916 persuaserit,
3066 1868 3132 1907 ne
3182 1855 3369 1908 vinum
3412 1855 3629 1910 bibam.
3675 1875 3697 1909 ι

2097 1940 2298 1995 Eadem
2330 1941 2385 1994 in
2431 1942 2658 2010 epistola
2694 1942 2889 1997 iterum
2936 1944 3224 2014 Epiphanii
3258 1945 3507 2001 meminit
3551 1945 3691 2001 Hie-

2097 2044 2387 2099 ronymus,
2416 2048 2515 2086 nec
2545 2032 2669 2087 sine
2691 2033 3474 2091 commendationemonastici
3505 2046 3695 2092 status

2103 2120 2172 2174 ab
2198 2136 2263 2174 eo
2292 2123 2344 2176 in
2379 2122 2558 2193 Cypro
2581 2126 2884 2197 propagati.
2913 2126 3050 2181 Cum
3082 2127 3226 2181 enim
3251 2128 3499 2195 dixisset,
3534 2130 3694 2199 quod

2097 2222 2282 2269 sancta
2330 2215 2418 2269 illa
2474 2216 2631 2270 vidua
2677 2216 3106 2289 Hierosolymam
3152 2219 3437 2288 navigans,
3484 2240 3503 2272 ‹
3559 2232 3689 2291 post

2098 2304 2345 2360 Rhodum
2403 2316 2458 2360 et
2506 2306 2727 2377 Lyciam
2788 2309 3001 2363 tandem
3061 2311 3197 2366 vidit
3250 2311 3530 2383 Cyprum,
3591 2313 3689 2367 ubi

2097 2400 2269 2453 sancti
2296 2408 2349 2454 et
2377 2400 2705 2454 venerabilis
2750 2401 3036 2469 Epiphanii
3089 2404 3316 2468 pedibus
3356 2404 3673 2473 provoluta,

2095 2488 2281 2543 decem
2321 2488 2390 2542 ab
2415 2505 2481 2545 eo
2508 2490 2701 2544 diebus
2750 2499 2957 2545 retenta
2997 2502 3111 2559 est;
3153 2510 3260 2547 non
3308 2494 3361 2547 in
3414 2493 3679 2550 refectio~

2095 2596 2239 2645 nem,
2278 2589 2335 2634 ut
2386 2582 2475 2635 ille
2526 2583 2916 2648 arbitrabatur,
2954 2584 3048 2639 sed
3098 2586 3153 2640 in
3199 2600 3337 2656 opus
3374 2585 3468 2640 Dei
3505 2606 3519 2639 :
3564 2607 3585 2641 ›
3620 2599 3684 2644 ut

2098 2672 2200 2727 hoc
2231 2674 2410 2742 reipsa
2452 2676 2789 2744 comprobet,
2830 2694 2849 2726 ι
2888 2678 3092 2741 omnia,
3142 2680 3336 2750 inquit,
3384 2680 3531 2735 illius
3574 2681 3688 2738 loci

2095 2766 2423 2818 monasteria
2467 2766 2731 2834 lustrans,
2764 2778 2931 2837 prout
2976 2772 3171 2839 potuit,
3204 2771 3487 2842 refrigeria
3520 2789 3681 2828 sum-

2094 2864 2286 2923 ptuum
2313 2855 2575 2910 fratribus
2615 2858 2924 2928 dereliquit,
2956 2876 3095 2929 quos
3143 2876 3297 2915 amor
3354 2864 3527 2919 sancti
3577 2866 3681 2920 viri

2095 2946 2160 3001 de
2187 2956 2300 3001 toto
2331 2947 2457 3002 illuc
2488 2949 2621 3004 orbe
2659 2950 3017 3005 conduxerat.
3063 2972 3081 3004 ι
3126 2951 3255 3007 Erat
3286 2963 3469 3010 autem
3498 2972 3680 3013 annus

2094 3040 2200 3094 584
2228 3040 2446 3109 quando
2475 3040 2579 3095 hoc
2608 3042 2854 3111 contigit,
2879 3044 2961 3097 uti
2987 3043 3057 3098 26
3086 3044 3331 3100 Januarii
3377 3048 3442 3102 ad
3498 3047 3676 3102 Vitam

2091 3128 2151 3184 S.
2185 3129 2377 3184 Paula:
2411 3132 2650 3188 diximus
2707 3152 2721 3188 :
2764 3134 2906 3205 apud
2948 3152 3113 3205 quam
3149 3137 3290 3193 idem
3332 3138 3391 3193 S.
3434 3140 3674 3211 Epipha-

2090 3220 2214 3275 nius
2252 3219 2438 3275 Romze
2463 3232 2581 3277 erat
2613 3222 2919 3294 liospitatus
2945 3240 3092 3280 anno
3113 3226 3239 3293 582,
3272 3231 3492 3299 quando
3517 3248 3669 3301 eum,

2088 3325 2211 3365 cum
2260 3312 2462 3368 sanctis
2516 3311 2746 3391 Paulino
2800 3316 3144 3372 Antiocheno
3195 3328 3249 3373 et
3303 3319 3653 3394 Hieronymo,

2095 3420 2114 3455 ‹
2170 3402 2399 3473 Romam
2448 3407 2819 3462 ecclesiastica
2890 3412 3058 3463 traxit
3112 3413 3444 3478 necessitas,
3502 3433 3520 3467 ι
3586 3416 3662 3470 uti

2090 3496 2253 3550 etiam
2289 3498 2483 3552 scribit
2517 3497 2880 3569 Hieronymus
2910 3501 2965 3554 in
2989 3501 3176 3556 eadem
3216 3501 3335 3556 Vita
3362 3502 3419 3558 S.
3447 3504 3664 3571 Paula;

2089 3587 2291 3643 addens
2329 3589 2478 3659 quod
2509 3590 2623 3644 habe
2656 3608 2674 3640 ‹
2717 3605 2909 3644 eorum
2953 3607 3183 3648 accensa
3226 3594 3533 3661 virtutibus,
3572 3614 3667 3667 per

2090 3688 2366 3735 momenta
2410 3683 2639 3751 patriam
2672 3683 2923 3739 deserere
2955 3686 3259 3756 c0gitabat;
3308 3703 3416 3743 non
3448 3690 3662 3756 domus,

2090 3788 2199 3827 non
2221 3774 2538 3840 liberorum,
2562 3790 2671 3829 non
2698 3774 2937 3841 familia,
2966 3794 3074 3832 non
3103 3780 3528 3848 possessionum,
3557 3798 3665 3839 non

2090 3866 2322 3936 alicujus
2354 3869 2431 3921 rei
2469 3882 2589 3937 quae
2622 3868 2689 3922 ad
2735 3870 2994 3923 saculum
3032 3872 3264 3939 pertinet
3300 3888 3538 3941 memor;
3571 3891 3661 3931 so-

2088 3958 2249 4028 laque
2279 3960 2323 4013 si
2355 3961 2459 4015 dici
2488 3969 2671 4030 potest
2696 3972 2751 4015 et
2780 3962 3119 4029 incomitata,
3157 3964 3223 4018 ad
3262 3980 3505 4021 eremum
3528 3967 3661 4023 Pau-

2088 4050 2265 4105 lorum
2317 4061 2478 4122 atque
2522 4054 2886 4109 Antoniorum
2932 4071 3154 4127 pergere
3198 4059 3463 4125 gestiebat
3497 4079 3510 4114 :
3541 4070 3660 4116 tan-

2089 4144 2320 4213 demque
2349 4156 2533 4199 exacta
2562 4146 2762 4213 hieme,
2804 4158 2989 4217 aperto
3022 4150 3179 4211 mari,
3217 4150 3564 4207 redeuntibus
3590 4154 3656 4207 ad

2090 4237 2349 4290 ecclesias
2384 4251 2513 4290 snas
2537 4237 2827 4306 cpisc0pis,
2856 4247 2911 4291 et
2937 4238 3053 4307 ipsa
3086 4251 3211 4293 voto
3236 4256 3359 4295 cum
3390 4243 3467 4297 eis
3489 4259 3549 4299 ac
3568 4246 3655 4300 de-

2090 4329 2293 4382 slderio
2326 4328 2617 4397 navigavit.
2651 4348 2669 4381 ι
2710 4328 2843 4382 Tam
2874 4330 3062 4385 eliicax
3092 4332 3233 4401 apud
3268 4349 3387 4389 eam
3429 4334 3527 4391 fuit
3556 4338 3654 4393 ho-

412 4421 564 4483 citat,
619 4430 677 4473 ut
717 4421 863 4474 illius
911 4438 1014 4476 nos
1059 4424 1405 4477 sermonibus
1452 4435 1506 4479 et
1553 4428 1729 4481 sensis
1766 4430 1983 4498 explere
2014 4442 2059 4496 ι)
2091 4420 3079 4489 spilissanctissimipiaconversatio.

411 4510 751 4568 stndeamus.
792 4511 986 4565 Coram
1022 4514 1187 4583 igitur
1220 4515 1508 4579 adeuntes,
1544 4534 1643 4587 par
1682 4529 1800 4572 erat
1838 4522 1980 4589 ejus,

413 4618 533 4672 quae
556 4603 608 4655 in
642 4611 691 4656 te
736 4603 961 4671 perinde
1011 4614 1173 4673 atque
1225 4614 1278 4657 In
1326 4607 1589 4674 apostolis
1640 4618 1742 4673 est,
1798 4611 1987 4679 gratiae

411 4694 795 4746 communione
842 4692 1117 4762 perfundi.
1176 4694 1279 4750 Sed
1320 4710 1445 4750 cum
1490 4698 1592 4752 iter
1645 4700 1775 4753 illud
1826 4701 1985 4757 nobis

410 4787 656 4852 corporis
708 4788 969 4853 aegritudo
996 4796 1049 4841 et
1084 4788 1315 4857 languor
1360 4788 1839 4847 intercluserit.....
1871 4794 1987 4861 pie-

412 4886 575 4929 tatem
608 4886 752 4929 tuam
787 4880 1135 4932 vehementer
1162 4895 1480 4944 exoramus,
1520 4892 1578 4935 ut
1610 4898 1794 4937 eorum
1829 4884 1985 4940 nobis

413 4968 849 5021 communionem
884 4984 951 5023 ne
991 4969 1253 5034 invideas,
1291 4986 1413 5040 qua:
1442 4972 1493 5024 in
1523 4981 1572 5026 te
1607 4983 1735 5026 sunt
1779 4988 1809 5026 a
1863 4973 1984 5027 Sal-

414 5066 597 5110 vatore
622 5056 838 5110 collata.
872 5055 1082 5109 Etenim
1116 5073 1222 5111 non
1269 5073 1370 5112 nos
1416 5058 1517 5129 ipsi
1561 5059 1759 5125 solum,
1798 5060 1889 5113 sed
1932 5068 1985 5114 et

414 5149 651 5202 universi
688 5149 780 5216 qui
833 5147 1144 5209 audierunt,
1180 5164 1377 5201 novum
1412 5157 1462 5202 te
1498 5150 1804 5218 apostolum
1842 5166 1983 5220 pra:-

413 5255 714 5309 conemque
760 5240 1108 5303 conlitentur,
1156 5254 1187 5291 a
1230 5238 1449 5295 Christo
1487 5242 1642 5295 nobis
1686 5243 1785 5298 hac
1826 5253 1985 5299 aetate

415 5330 760 5401 productum,
792 5330 940 5383 velut
995 5329 1226 5383 alterum
1274 5331 1566 5397 quemdam
1609 5330 1893 5399 Joannem,
1926 5343 1986 5389 ut

414 5437 478 5475 ea
509 5423 827 5491 prmciperes
859 5437 981 5491 quae
1014 5422 1280 5476 servanda
1315 5432 1443 5477 sunt
1478 5424 1564 5487 iis,
1608 5425 1701 5493 qui
1748 5427 1799 5479 in
1852 5428 1983 5484 illud

417 5510 562 5581 quod
619 5511 953 5581 arripiimus
1004 5513 1295 5567 sanctioris
1350 5515 1471 5568 vita:
1534 5516 1868 5572 curriculum
1925 5535 1984 5575 se

416 5619 538 5668 eum
548 5604 770 5658 misern
847 5624 866 5657 ι

497 5692 583 5755 Η.
617 5692 685 5750 Ut
720 5706 897 5753 autem
932 5694 1023 5754 illa
1061 5698 1390 5755 monasteria
1425 5697 1479 5755 in
1510 5698 1804 5771 lecsyria
1848 5702 1983 5760 invi-

2683 4533 2911 4589 CAPUT
2953 4535 3041 4591 III.

2087 4623 2412 4677 Liberalilas
2445 4623 2893 4697 ‘Epipltaniinerga
2940 4644 3192 4697 pauperes
3233 4648 3251 4682 .·
3298 4642 3495 4687 mutum
3524 4635 3652 4692 inter

2203 4711 2322 4747 eum
2352 4708 2401 4747 et
2430 4693 2692 4748 Joannem
2730 4693 3275 4768 Hie'rosolyniitanum
3296 4705 3533 4772 querela’.

2158 4786 2245 4840 15.
2278 4785 2334 4839 Si
2366 4801 2469 4855 qua
2493 4786 2783 4842 ﬁdesesset
2809 4790 3293 4863 pseudepigraphis
3326 4793 3383 4848 S.
3420 4794 3645 4865 Epipha-

2088 4876 2163 4930 nii
2188 4877 2358 4939 Actis,
2390 4877 2679 4931 dicendum
2709 4877 2864 4944 foret,
2902 4882 3214 4937 ordinatum
3255 4885 3424 4941 fuisse
3452 4889 3646 4957 episco-

2086 4984 2240 5038 pum,
2274 4976 2495 5037 prepter
2526 4970 2915 5025 revelationem
2941 4972 3009 5027 de
3044 4989 3110 5029 eo
3141 4975 3340 5030 factam
3372 4976 3427 5031 S.
3456 4976 3643 5049 Pappo,

2085 5059 2340 5129 episcopo
2367 5060 2584 5131 Cytriaa,
2609 5063 2799 5131 quinto
2829 5078 2859 5115 a
2886 5062 3161 5120 Salamina
3180 5067 3456 5135 milliario,
3488 5086 3644 5125 anuo-

2086 5167 2207 5205 rum
2245 5154 2641 5224 quinquaginta
2677 5155 2993 5225 episcOpatu
3028 5166 3082 5212 et
3120 5159 3482 5215 confessionis
3525 5178 3640 5219 cum

2087 5242 2302 5299 Gelasio
2354 5242 2772 5301 Salaminiorum
2810 5248 3066 5318 episcopo
3105 5251 3269 5307 obita:
3312 5253 3479 5322 gloria
3518 5269 3641 5323 prte-

2086 5336 2320 5401 cellenti,
2354 5338 2440 5392 cui
2488 5341 2847 5409 metropolitze
2899 5344 3023 5397 novi
3070 5344 3497 5413 designationem
3536 5348 3640 5417 epi-

2087 5430 2234 5498 scopi
2258 5430 2433 5483 caeteri
2466 5433 2827 5501 provinciales
2855 5437 3266 5491 commiserant.
3293 5437 3366 5492 De
3393 5436 3447 5492 S.
3476 5437 3637 5508 Pappo

2088 5523 2302 5590 quidem
2338 5524 2472 5577 satis
2512 5535 2744 5587 constat,
2783 5541 2906 5580 eum
2940 5529 3101 5584 hodie
3138 5545 3356 5600 quoque
3384 5532 3517 5599 apud
3542 5531 3634 5601 Cy-

2087 5614 2237 5683 prios
2268 5614 2369 5667 coli
2405 5629 2503 5683 pro
2531 5624 2744 5684 sancto,
2794 5626 2897 5673 sub
2945 5620 3175 5691 ejusque
3214 5621 3435 5675 nomine
3478 5622 3633 5678 adhuc

2088 5721 2311 5763 manere
2341 5706 2597 5779 oppidum
2626 5709 2770 5780 quod
2801 5711 2919 5780 ejus
2944 5713 3073 5769 olim
3126 5713 3231 5769 fuit
3268 5714 3628 5785 episcopatus:
