3800 6180
111 283 190 338 ίὲ5
1036 277 1093 331 S.
1129 277 1467 333 EPIPHANII
1511 278 1692 334 ACTA
1735 280 2232 336 BOLLANDIANA.
3192 284 3294 336 1'16

113 401 222 453 diem
258 392 402 447 annui
450 392 628 447 cultus
676 394 854 449 adhuc
906 394 1229 463 ignoramus
1277 408 1331 451 et
1371 407 1622 465 optamus
1653 402 1696 457 Α
1728 398 1923 463 salvat,
1963 400 2191 452 alterum
2228 406 2431 459 autem,
2469 398 2596 466 quia
2633 405 2686 449 et
2730 396 2844 465 ipse
2872 410 2983 449 non
3022 396 3292 451 modicam

111 484 403 544 discerezde
446 482 660 538 Gelasio
687 485 815 539 alibi
860 486 992 539 nihil
1033 487 1292 554 legimus;
1344 502 1519 557 neque
1557 496 1617 541 ut
1732 490 1859 544 inde
1890 480 2192 544 mercedem
2232 490 2411 542 habet.
2440 489 2633 542 Attulit
2673 496 2852 541 autem
2887 488 2954 541 ad
3002 488 3297 541 credulita-

113 594 210 633 vere
237 575 633 630 Salaminiorum
676 578 962 646 episcOpus
1003 578 1189 642 fuerit,
1240 580 1288 633 ei
1338 580 1618 634 credimus
1730 590 1835 634 tem
1868 581 2020 634 verbi
2054 588 2108 634 et
2131 580 2502 635 testimonium
2526 594 2712 642 verax,
2739 579 2883 649 quod
2909 579 3052 633 circa
3091 577 3146 632 S.
3173 577 3300 648 Epi-

113 670 384 727 successisse
429 668 823 738 Epiphanium;
861 671 955 725 sed
991 673 1172 741 potius
1223 673 1477 735 Auxibio,
1524 672 1619 741 qui
1732 672 1992 742 phanium
2022 681 2077 725 et
2119 670 2379 727 Joannem
2442 673 2752 740 episcopum
2798 670 3297 741 Hierosolymorum

114 764 221 817 inter
259 759 465 829 Cyprios
516 760 796 829 episcopos
845 763 1128 817 duodecim
1185 765 1398 833 (habuit
1438 773 1617 817 autem
1732 763 1937 817 factum
1969 773 2053 819 est
2082 781 2096 817 :
2130 764 2406 832 quomodo
2442 762 2499 816 S.
2528 762 2860 830 Epiphanius
2888 777 2984 831 per
3011 771 3181 816 artem
3213 773 3301 814 tu-

114 853 250 907 insula
278 850 557 903 universim
592 853 927 921 episcopales
960 855 1118 909 sedes
1152 855 1486 926 quindecim)
1519 870 1621 908 no-
1730 856 1794 908 lit
1816 866 2094 924 argentum
2126 854 2473 924 patriarchae,
2503 853 2752 907 videlicet
2779 851 3006 906 Joannis
3029 838 3298 921 ejusdem,

114 942 441 1000 minaturaS.
476 943 772 999 Athanasio
798 947 1023 1013 primus,
1056 964 1245 1002 eorum
1271 949 1363 1018 qui
1399 948 1623 1018 synodi-
1730 956 1783 999 et
1830 946 1975 1000 dedit
2027 946 2331 1010 egentibus.
2400 965 2416 995 ι
2472 945 2589 998 Alia
2653 952 2803 998 certe
2866 953 2983 997 arte
3046 944 3301 996 utebatur

111 1055 202 1093 cam
227 1036 541 1091 Sardicensis
571 1039 943 1092 conciliianno
964 1041 1066 1093 5:57
1082 1042 1450 1110 subsignando
1471 1049 1623 1110 post-
1734 1039 1791 1092 S.
1821 1038 2059 1092 Joannes
2083 1037 2579 1108 Eleemosynarius,
2633 1035 2761 1088 dum
2805 1035 3094 1088 identidem
3131 1034 3302 1089 dona-

113 1146 161 1183 ea
202 1128 573 1197 approbarunt;
605 1130 878 1187 autillius.
925 1130 969 1183 si
999 1132 1138 1185 alius
1156 1132 1619 1199 quisintercessit,
1730 1139 1815 1184 tas
1846 1130 1990 1183 ultro
2026 1129 2093 1182 ad
2132 1143 2265 1183 suos
2292 1144 2427 1182 usus
2464 1127 2545 1181 vel
2577 1127 2740 1179 etiam
2774 1126 2973 1196 petitas
2998 1136 3176 1181 vestes
3205 1143 3303 1179 no-

113 1219 381 1276 suceessori.
423 1217 501 1272 Eo
536 1230 777 1287 tempore
798 1232 1036 1289 cmperat
1062 1223 1239 1276 insula
1272 1237 1391 1275 cum
1440 1222 1501 1276 S.
1530 1221 1623 1274 Hi—
1732 1237 1850 1284 vas,
1878 1221 2159 1276 vendendo
2188 1236 2251 1275 ac
2274 1221 2504 1289 pretium
2529 1219 2907 1274 distribuendo
2932 1218 2984 1271 in
3011 1233 3299 1288 pauperes,

114 1313 285 1366 larione
314 1312 606 1365 monachos
634 1311 796 1365 etiam
825 1327 987 1366 nosse
1014 1330 1028 1367 :
1056 1313 1312 1367 credibile
1342 1322 1521 1367 tamen
1542 1324 1626 1367 est
1738 1333 1757 1363 r
1796 1313 2036 1367 suaviter
2068 1312 2225 1381 quasi
2257 1311 2621 1365 vindemiabat
2666 1311 2955 1379 Opulentos
2987 1310 3234 1365 homines
3276 1328 3296 1361 ι

112 1401 859 1471 abEpiphaniiinstitutioneet
880 1418 1007 1455 cura
1036 1403 1623 1472 pleraqueeorummo-
1733 1418 1859 1472 erga
1888 1419 1947 1457 se
1985 1401 2255 1456 beneficos
2294 1419 2307 1454 :
2345 1416 2508 1470 quam
2557 1416 2662 1469 qua
2710 1414 2845 1454 usus
2901 1400 3125 1469 ﬁngitur
3173 1398 3301 1469 Epi-

115 1494 429 1547 nasteriorum
462 1504 638 1546 erecta
664 1492 978 1560 directaque
999 1492 1440 1561 fuisse,quorum
1460 1508 1624 1561 supra
1734 1494 1991 1564 phanius,
2027 1493 2120 1561 qui
2164 1500 2546 1562 argenteorum
2588 1506 2868 1554 vasorum,
2912 1492 3058 1545 velut
3094 1492 3159 1545 ad
3206 1492 3305 1546 lio-

112 1585 444 1641 meminimus:
479 1584 612 1637 adeo
650 1592 711 1637 ut
745 1584 937 1637 merito
973 1578 1253 1654 scripserit
1290 1584 1627 1638 Sozomenus
1734 1588 1935 1657 spitum
1976 1585 2339 1656 quorumdam
2390 1584 2772 1638 tractationem
2820 1591 3012 1639 mutuo
3054 1594 3302 1654 accepto-

112 1679 164 1731 de
188 1675 463 1745 Epiphanio
495 1676 587 1729 lib.
626 1691 835 1744 v1,cap.
874 1677 1130 1745 Μαμιοά
1166 1695 1184 1726 ι
1230 1676 1283 1729 in
1326 1676 1626 1730 monastica
1736 1692 1879 1741 rum,
1923 1694 1942 1726 ι
1993 1674 2204 1744 pondus
2252 1674 2511 1728 librarum
2576 1673 2723 1727 mille
2774 1674 3224 1743 quingentarum,
3277 1693 3297 1727 ι

113 1766 349 1835 disciplina
383 1765 769 1819 celeberrimus
797 1766 1077 1819 exstititet
1107 1764 1374 1835 Egyptiis
1401 1774 1455 1820 et
1477 1765 1637 1818 PaL'e-
1666 1760 1707 1813 Β
1738 1769 1911 1821 inscio
1944 1767 2163 1821 domino
2209 1764 2513 1819 vendiderit
2545 1766 2974 1833 erogaveritque,
3018 1781 3079 1819 ac
3113 1776 3302 1834 postea

112 1856 820 1927 stiniis,etdeniqueCypriis
846 1856 986 1925 apud
1006 1858 1362 1925 quoselectus
1388 1866 1547 1911 estut
1579 1858 1632 1910 in
1738 1863 1789 1915 in
1831 1860 2069 1929 episcopi
2104 1858 2171 1911 de
2212 1857 2413 1926 injuria
2453 1856 2552 1911 sibi
2599 1856 2737 1909 facta
2790 1858 3069 1926 querentis
3111 1858 3302 1911 faciem

114 1949 354 2018 metropoli
402 1948 571 2003 totius
602 1948 790 2003 insulat
815 1949 1183 2018 episc0patum
1210 1949 1630 2003 administraret.
1737 1969 2033 2025 exspuetts,
2069 1967 2193 2007 eum
2223 1948 2594 2005 excaecaverit.

168 2041 242 2094 l6.
278 2039 406 2093 Dum
433 2041 579 2094 hunc
609 2049 836 2110 gereret,
871 2058 889 2089 ‹
932 2040 1100 2093 multa
1132 2040 1208 2093 illi
1251 2040 1510 2095 miracula
1540 2041 1637 2094 tri-
1810 2048 1897 2102 l8.
1940 2044 2071 2098 Tam
2098 2042 2241 2097 enim
2279 2039 2703 2095 circumstantiae
2752 2054 2830 2093 ea:
2877 2038 3026 2093 falsa:
3061 2056 3181 2094 esse
3223 2041 3309 2092 vi...

112 2133 337 2195 buuntur,
361 2146 425 2185 ex
457 2131 658 2200 quibus
687 2130 819 2184 illud
850 2131 915 2184 ad
946 2131 1195 2185 notitiam
1227 2140 1472 2186 nostram
1512 2147 1637 2201 per-
1738 2142 1955 2204 dentur,
1981 2154 2145 2209 quam
2177 2139 2319 2209 quod
2364 2136 2507 2191 idem
2551 2137 2810 2199 Joannes,
2850 2146 3068 2206 recepto
3112 2138 3308 2193 deinde

110 2226 249 2289 venit,
278 2244 295 2275 ι
333 2223 508 2293 inquit
534 2222 674 2278 idem
717 2221 1055 2277 Sozomenus
1093 2224 1188 2277 lib.
1232 2238 1329 2285 vn,
1378 2239 1497 2293 cap.
1544 2224 1635 2281 27.
1741 2233 1806 2286 ad
1838 2246 2023 2301 preces
2056 2228 2342 2299 Epiplianii
2371 2229 2488 2283 visu
2538 2230 2701 2283 unius
2732 2230 2902 2283 solius
2941 2230 3105 2291 oculi,
3158 2249 3175 2279 ε
3214 2246 3308 2283 ca-

114 2333 131 2365 (
160 2315 277 2368 Cum
304 2314 538 2370 liberalis
571 2325 714 2369 esset
744 2329 868 2384 erga
898 2331 1184 2384 pauperes,
1233 2316 1324 2384 qui
1377 2316 1459 2369 vel
1501 2331 1638 2370 nau-
1745 2322 1979 2391 stigatus
2012 2329 2065 2373 et
2125 2319 2412 2373 convictus
2455 2334 2485 2372 a
2532 2319 2649 2373 viro
2688 2319 2837 2387 justo
2890 2318 2993 2373 fuit
3032 2320 3309 2388 deinceps

110 2406 254 2477 fragio
287 2407 367 2461 vel
392 2408 503 2461 alio
547 2408 802 2477 quopiam
847 2423 978 2461 casu
1026 2408 1092 2460 ad
1140 2409 1376 2476 inopiam
1434 2408 1636 2463 redacti
1742 2424 1963 2467 sanctus
1993 2414 2044 2465 in
2084 2412 2356 2466 omnibus.
2402 2428 2420 2463 ι
2461 2411 2571 2466 Hoc
2604 2427 2735 2465 sane
2767 2413 2832 2465 de
2882 2428 2947 2466 eo
2991 2427 3099 2466 non
3138 2414 3311 2467 sensit

108 2510 281 2566 essent,
316 2500 574 2569 quoniam
607 2498 891 2555 facultates
926 2516 1053 2554 suas
1073 2500 1183 2569 jam
1211 2502 1415 2569 pridem
1450 2517 1639 2557 omnes
1743 2504 2098 2574 Epiphanius,
2144 2504 2363 2573 quando
2404 2504 2470 2555 ad
2527 2504 2798 2565 eumdem,
2855 2504 2920 2557 de
2967 2503 3310 2573 Origenianis

110 2591 472 2661 absumpserat,
522 2591 761 2646 ecclesia:
788 2592 945 2646 bonis
974 2592 1063 2645 tibi
1103 2608 1237 2661 opus
1280 2602 1397 2646 erat
1432 2593 1640 2661 prolixe
1743 2593 2023 2648 erroribus
2060 2592 2201 2662 apud
2253 2608 2311 2647 se
2357 2604 2697 2662 suspectum,
2749 2604 2802 2647 et
2852 2595 3123 2647 immerito
3172 2595 3311 2649 indi—

113 2697 221 2735 usus
246 2692 358 2737 est:
392 2691 513 2738 erat
546 2692 722 2737 autem
759 2684 1168 2753 opulentissima
1216 2685 1335 2752 ejus
1386 2685 1637 2739 ecclesia.
1744 2695 1997 2757 gnantem
2030 2685 2157 2753 quia
2195 2683 2253 2737 S.
2283 2684 2595 2754 Hieronymi
2636 2685 2881 2749 fratrem,
2925 2685 3304 2740 Paulinianum

110 2772 237 2828 Multi
260 2775 396 2830 enim
423 2792 492 2830 ex
523 2776 697 2830 var-iis
728 2777 971 2845 partibus
1007 2777 1176 2841 orbis,
1222 2777 1314 2846 qui
1344 2792 1475 2845 opes
1512 2792 1642 2832 suas
1745 2777 2072 2832 monachum
2115 2777 2231 2846 ipse
2268 2777 2643 2847 presbyterum
2682 2778 2978 2841 ordinarat,
3023 2779 3308 2847 epistolam

112 2864 155 2917 in
182 2866 285 2934 pios
336 2883 469 2922 usus
518 2867 826 2936 impendere
872 2868 1181 2934 studebant,
1222 2878 1277 2921 et
1325 2872 1641 2938 superstites
1746 2870 1980 2940 scripsit,
2007 2884 2167 2938 quam
2200 2868 2269 2923 ab
2299 2868 2528 2938 ipsomet
2579 2867 2636 2923 S.
2682 2869 3008 2941 Hieronymo
3048 2871 3310 2925 habemus

110 2956 205 3024 ejus
244 2959 485 3013 ecclesia:
509 2974 602 3014 eas
629 2959 1028 3028 impendebant,
1061 2968 1114 3013 et
1150 2962 1443 3014 morientes
1467 2960 1642 3015 eidem
1747 2960 2041 3015 Latinitate
2068 2960 2346 3025 donatam,
2373 2960 2473 3014 hoc
2490 2960 2757 3030 principio
2787 2978 2801 3015 :
2832 2979 2850 3012 ι
2878 2960 3171 3031 Oportebat
3189 2977 3313 3026 nos,

113 3050 479 3120 relinquebant.
508 3050 860 3106 Conﬁdebant
893 3054 1036 3106 enim
1088 3054 1256 3115 illum,
1314 3062 1501 3122 utpote
1552 3052 1646 3123 qui
1675 3098 1717 3155 C
1749 3051 2116 3117 dilectissime,
2138 3051 2423 3106 clericatus
2446 3051 2651 3106 honore
2685 3068 2792 3107 non
2834 3053 2981 3107 abuti
3022 3053 3091 3105 ob
3127 3068 3318 3121 super-

112 3140 283 3207 probus
312 3142 655 3210 dispensator
686 3140 891 3211 Deique
921 3144 1335 3198 amantissimus
1370 3156 1532 3210 esset,
1560 3159 1648 3199 res
1677 3140 1717 3155 “’
1749 3144 1915 3209 biam,
1964 3144 2057 3197 sed
2103 3144 2349 3199 custodia
2395 3144 2775 3199 mandatorum
2824 3142 2914 3197 Dei
2963 3152 3016 3198 et
3056 3144 3319 3197 observa-

112 3232 165 3283 ab
184 3232 301 3299 ipsis
333 3235 561 3288 donatas
597 3250 660 3286 ex
690 3235 931 3303 ipsorum
969 3236 1237 3290 sententia
1265 3252 1330 3290 ac
1368 3236 1644 3290 voluntate
1748 3235 1897 3289 tione
1922 3234 2245 3304 dignissima
2294 3236 2396 3289 hoc
2437 3251 2557 3291 esse
2594 3236 2738 3305 quod
2782 3234 3084 3288 dicimur...
3121 3234 3316 3289 Audivi

114 3336 451 3393 erogattlrttm.
503 3326 749 3390 Quodam
806 3326 971 3397 igitur
1016 3338 1256 3398 tempore
1300 3343 1424 3383 cum
1466 3342 1652 3397 pauca:
1747 3328 1892 3382 enim
1931 3327 2077 3398 quod
2107 3338 2316 3384 tumeas
2340 3336 2529 3382 contra
2564 3343 2684 3391 nos,
2716 3337 2771 3381 et
2809 3326 3086 3389 irascaris,
3119 3335 3173 3381 et
3208 3326 3315 3379 mi-

114 3416 371 3471 admodum
431 3418 678 3488 pecuniae
741 3426 1123 3487 superessent,
1195 3419 1348 3475 aiunt
1412 3420 1652 3475 ecclesiae
1749 3421 1940 3475 niteris
1992 3421 2229 3476 scribere
2279 3421 2332 3473 in
2386 3430 2661 3473 extremos
2708 3420 2843 3473 lines
2899 3427 3120 3472 terrae...
3171 3415 3317 3471 Nihil

116 3521 430 3563 Oeconomum
492 3511 890 3575 succensuisse,
942 3526 1177 3580 eumque
1224 3520 1485 3581 tanquam
1525 3527 1654 3582 pro—
1750 3508 1848 3563 tibi
1870 3510 2174 3572 nocuimus.
2207 3510 2342 3564 nihil
2376 3509 2589 3578 injuria:
2617 3508 2867 3573 fecimus,
2899 3508 3033 3561 nihil
3057 3508 3320 3562 violenter

114 3600 268 3669 digum
293 3603 707 3672 reprehendisse
733 3620 747 3656 :
777 3602 928 3656 illum
964 3618 1115 3667 vero,
1155 3620 1223 3658 ne
1262 3614 1373 3658 tum
1409 3605 1650 3674 quidem,
1751 3603 2097 3658 extorsimus.
2127 3602 2187 3656 ln
2214 3603 2543 3657 monasterio
2574 3602 2827 3665 fratrum,
2864 3610 2918 3655 et
2961 3600 3188 3655 fratrum
3232 3616 3323 3669 pe-

116 3690 168 3745 de
208 3692 354 3747 solita
408 3709 541 3764 erga
598 3710 858 3763 pauperes
914 3694 1287 3750 munificentia
1351 3697 1650 3753 remisisse.
1752 3694 2116 3765 regrinorum,
2161 3695 2255 3761 qui
2292 3694 2582 3763 provincia:
2630 3704 2736 3748 tua:
2783 3693 2920 3747 nihil
2962 3693 3238 3756 deberent,
3267 3700 3323 3746 et

114 3781 350 3840 Omnibus
387 3795 573 3840 autem
622 3786 979 3855 consumptis,
1024 3796 1245 3856 repente
1293 3790 1480 3843 nescio
1530 3789 1656 3859 quis
1752 3794 1969 3855 propter
2017 3794 2257 3841 nostram
2313 3786 2631 3854 parvitatem
2678 3794 2731 3839 et
2778 3785 3006 3849 litteras,
3059 3799 3195 3854 quas
3252 3783 3321 3838 ad

116 3876 170 3927 ad
196 3878 522 3941 cubiculum,
577 3880 631 3932 in
675 3893 785 3948 quo
836 3880 1064 3948 degebat
1115 3894 1457 3945 mconomus,
1501 3896 1658 3935 acce-
1755 3894 1851 3933 eos
1871 3879 2063 3933 crebro
2094 3879 2418 3941 direximus,
2458 3894 2524 3931 ne
2557 3877 2869 3931 viderentur
2906 3878 3141 3946 quadam
3168 3876 3322 3930 duri-

115 3970 246 4031 dens,
277 3986 499 4025 saccum
531 3972 583 4024 in
618 3988 727 4041 quo
758 3972 912 4025 multi
954 3980 1111 4026 erant
1153 3972 1303 4026 aurei
1352 3972 1557 4039 nummi
1603 3972 1657 4025 in
1756 3969 1831 4023 tia
1858 3978 1913 4023 et
1941 3967 2272 4023 conscientia
2301 3976 2486 4021 nostra
2521 3967 2757 4034 antiqua:
2796 3964 2919 4017 fidei
2968 3964 3037 4018 ab
3080 3962 3324 4017 Ecclesia

118 4078 288 4117 manus
311 4066 357 4119 ei
390 4064 636 4119 tradidit.
671 4066 913 4134 Cumque
948 4080 1048 4119 nec
1085 4066 1129 4120 is
1176 4065 1270 4135 qui
1307 4064 1530 4119 dederat
1561 4079 1660 4119 nec
1759 4060 2023 4129 separari,
2062 4060 2432 4114 ordinavimus
2456 4058 2766 4123 diaconum,
2799 4066 2851 4111 et
2887 4064 3174 4125 postquam
3219 4055 3324 4107 rci-

118 4154 155 4208 is
185 4157 268 4224 qui
294 4158 521 4211 miserat
566 4168 899 4223 nosceretur,
935 4158 1315 4227 videreturque
1356 4157 1549 4229 merjto
1578 4158 1661 4210 in-
1759 4149 2010 4205 nistravit
2040 4164 2231 4204 rursus
2264 4148 2639 4217 presbyterum
2672 4161 2873 4215 :supcr
2909 4160 3019 4213 quo
3058 4143 3327 4198 debueras

119 4251 275 4304 solens
305 4251 710 4319 quemquamiu
744 4258 893 4304 tanta
924 4250 1165 4319 pecuniae
1190 4248 1475 4319 largitione
1494 4249 1661 4304 latere
1761 4239 2050 4310 gratulari.
2107 4238 2409 4307 intelligens
2452 4235 2600 4305 αυοιι
2661 4235 2731 4290 0b
2779 4234 2871 4289 Dei
2924 4235 3175 4288 “morem
3224 4232 3329 4286 ιιοθ

116 4344 251 4405 velle,
267 4354 375 4398 tum
396 4360 529 4399 vero
549 4344 789 4399 universi
805 4344 856 4397 id
880 4342 973 4397 Dei
999 4358 1137 4412 opus
1159 4342 1655 4412 essejudicarunt.»
1763 4346 1954 4388 Sumus
1981 4328 2158 4384 facere
2180 4327 2565 4397 οοιιιριιιείοοηο

178 4435 253 4487 ῃ,
286 4436 358 4490 ιω
413 4435 786 4499 Summanus,
840 4442 1097 4502 umquam
1160 4434 1265 4488 hoc
1322 4433 1663 4501 alterumque
1694 4450 1739 4504 Β
1837 4422 1925 4477 19.
1960 4440 1978 4472 ι
2021 4423 2154 4475 Cum
2194 4421 2337 4474 enim
2379 4418 2633 4471 vidissem
2686 4415 2815 4484 quia
2863 4413 3153 4467 multitudo
3201 4428 3325 4467 san-

120 4545 225 4582 mox
254 4529 652 4599 subjiciendum
672 4528 847 4581 solum
865 4527 1117 4581 distincte
1135 4526 1409 4594 cognitum
1428 4525 1621 4579 habens

1830 4529 1979 4568 orum
2011 4511 2239 4565 fratrum
2282 4512 2333 4565 in
2377 4508 2711 4564 monasterio
2742 4507 3087 4569 consisteret,
3119 4513 3174 4557 et
3204 4518 3331 4557 san-

120 4622 321 4689 proinde
352 4624 494 4677 nihil
537 4622 716 4677 sciens
744 4621 810 4675 de
836 4619 1230 4674 commentitiis
1262 4617 1368 4672 illis
1411 4634 1474 4672 ac
1511 4633 1621 4671 mer

1832 4605 1839 4657 ἰ
1883 4603 2183 4673 presbyteri
2217 4600 2577 4671 Hieronymus
2626 4613 2690 4652 ac
2737 4595 3073 4658 Vincentius,
3114 4602 3333 4664 propter

118 4684 404 4769 dacissimis
458 4713 633 4776 Actis,
671 4713 723 4766 in
772 4711 971 4781 quibus
1005 4721 1118 4763 tum
1166 4710 1269 4763 alia
1319 4709 1486 4762 multa
1517 4707 1670 4762 valde
1768 4694 2152 4749 verecundiam
2182 4702 2236 4747 ει
2267 4691 2649 4781 humilitatem,
2672 4686 2889 4781 49010“
2915 4684 3096 4781 fiebl‘a
3125 4684 3333 4738 ηοῐηίηί

121 4806 397 4875 singularia
430 4776 805 4867 continentur,
827 4811 941 4855 tum
972 4802 1060 4854 illa
1104 4801 1218 4869 ipsa
1244 4800 1353 4853 duo
1380 4798 1536 4869 longe
1571 4799 1621 4852 al

1834 4802 1873 4840 to
1900 4801 2153 4841 exercere
2182 4783 2470 4848 sacrificia,
2516 4789 2570 4835 et
2618 4779 2865 4835 laborare
2918 4776 2973 4829 in
3030 4776 3131 4830 hac
3181 4786 3335 4844 parte

122 4866 544 4963 ιρι-*ηει-ηηωη
574 4896 720 4965 quod
753 4895 895 4949 idem
946 4892 1213 4948 accidisse
1261 4891 1474 4945 videtur
1516 4890 1668 4944 alteri
1773 4877 2063 4934 ministerii
2094 4891 2217 4947 quae
2239 4872 2679 4965 Christianorum
2719 4867 2992 4965 praecipua
3037 4866 3186 4965 salus
3219 4874 3335 4965 est?

124 4986 171 5040 S.
205 4987 489 5058 Epiphanii
522 4955 687 5051 facto,
714 4986 873 5055 cujus
910 4984 965 5038 in
1011 4982 1131 5036 Vita
1167 4980 1227 5037 S.
1263 4980 1487 5035 Joannis
1526 4981 1673 5035 Elee-
1773 4969 2018 5025 invenire
2038 4974 2217 5021 autem
2244 4958 2797 5058 et‘co‘mprehendere,
2833 4958 2936 5058 qui
2958 4966 3009 5012 te
3051 4955 3151 5027 (eo
3167 4955 3337 5058 “quod

122 5045 415 5149 mosyiidrii,
443 5092 478 5131 a
526 5045 686 5131 nobis
716 5045 843 5131 data
882 5074 953 5127 25
988 5072 1254 5135 Januarii,
1291 5071 1363 5124 ita
1424 5069 1673 5124 meminit
1776 5076 1938 5132 grave
1958 5073 2097 5113 onus
2128 5053 2416 5149 sacerdotii
2442 5052 2606 5149 nollet
2644 5048 2942 5149 suscipere)
2975 5062 3118 5117 saepe
3166 5045 3337 5149 fugie-

123 5141 314 5227 coazius
336 5141 544 5226 Jo'anni
577 5167 854 5235 Leontius,
884 5165 1185 5234 Neapoleos
1208 5163 1368 5235 Cypri
1387 5164 1624 5233 episcppt

1837 5160 1888 5217 it,
1918 5166 2017 5205 nec
2046 5149 2187 5203 alius
2216 5146 2340 5217 quis
2371 5145 2755 5215 episcoporum
2784 5141 2943 5197 facile
2982 5155 3107 5195 eum
3139 5141 3338 5208 reperi-

120 5264 300 5319 saaculo
320 5277 418 5329 vit,
452 5277 513 5315 n.
547 5259 639 5323 55,
668 5232 917 5322 narrans,
952 5232 1097 5326 quod
1132 5232 1444 5310 S.Joannes
1475 5273 1493 5305 ‹
1529 5232 1676 5309 dice-
1776 5255 1860 5299 ret
1890 5241 2057 5312 (unde
2081 5250 2133 5295 εἰ
2164 5240 2299 5295 Salis
2338 5238 2567 5292 ηιίτθιυε
2597 5250 2717 5290 sum
2752 5232 3027 5333 ςυοίηςκίο
3057 5232 3340 5333 dispensa:

124 5356 203 5407 bat
227 5325 461 5424 semper,
503 5351 647 5422 quod
689 5359 872 5420 posset
921 5325 1139 5418 aliquis,
1184 5346 1482 5401 intentione
1513 5345 1676 5401 dandi
1779 5336 1927 5389 tione
1952 5332 2042 5386 Dei
2081 5332 2149 5387 ad
2184 5346 2283 5386 nos
2307 5331 2515 5385 venerit
2562 5344 2685 5424 cum
2735 5325 2979 5424 diaconis
3026 5325 3340 5424 monasterii

130 5419 468 5515 pauperibus,
506 5419 815 5513 exspoliare
844 5439 1061 5502 divites,
1092 5448 1147 5493 et
1178 5439 1355 5507 ipsum
1386 5438 1551 5492 etiam
1582 5437 1679 5507 hy-
1778 5442 1835 5486 et
1867 5428 2077 5485 caeteris
2103 5426 2385 5489 fratribus,
2426 5433 2487 5477 ut
2516 5423 2650 5518 mihi
2686 5419 3043 5518 satisfaceret,
3081 5419 3209 5486 quia

125 5511 471 5603 pocamisium
505 5535 574 5589 ab
608 5511 695 5588 eis
726 5532 983 5587 benevole
1014 5530 1249 5594 auferre,
1288 5538 1341 5583 et
1366 5529 1601 5583 maxime
1631 5528 1678 5585 si
1780 5523 1895 5582 scio
1924 5520 2053 5591 quid
2081 5519 2340 5574 adversus
2368 5532 2463 5572 eos
2496 5515 2762 5570 habebam
2798 5511 3050 5603 tristitiae)
3073 5524 3222 5603 eum,
3255 5511 3341 5560 in-

124 5600 236 5681 sunt
264 5626 435 5696 aliqui
470 5621 935 5677 immisericordes
972 5628 1026 5674 et
1064 5620 1233 5674 avari.
1278 5618 1395 5673 Duo
1436 5620 1581 5674 enim
1610 5633 1679 5677 ex
1782 5629 1970 5687 quam,
2012 5611 2377 5667 celebraretur
2416 5606 2639 5662 collecta
2674 5605 2727 5657 in
2767 5601 2995 5696 ecclesia
3035 5600 3176 5654 villa:
3221 5610 3341 5668 qua

124 5716 215 5773 hoc
240 5692 510 5785 lucratur,
548 5728 716 5773 unum
747 5711 1171 5796 quidem_qui_a*
1186 5709 1408 5793 animas
1459 5710 1679 5768 illorum
1722 5715 1865 5805 Vest
1898 5705 2049 5786 iusta
2089 5699 2476 5767 monasterium
2512 5703 2805 5776 uos-trum;
2841 5692 3183 5760 ignorantem
3218 5702 3342 5755 eum
