3800 6180
435 214 541 273 127

1464 221 1522 275 S.
1549 220 1896 276 El’lPllANll
1927 221 2106 275 ACTA
2148 221 2648 278 BOLLANDIANA.
2696 233 2700 240 ‘
3598 221 3691 276 ηε

434 346 490 390 et
517 336 720 390 nullam
753 338 971 408 penitus
1017 337 1306 395 habentem
1341 342 1714 411 suspicionem
1749 359 1842 412 per
1869 344 2010 397 mul-
2040 349 2085 404 Α
2121 345 2444 415 indignatio,
2474 362 2572 400 nec
2596 345 2800 399 frustra
2841 345 3113 401 movearis
3147 364 3160 399 :
3198 353 3254 398 et
3301 341 3450 398 aliud
3505 340 3693 396 dolens

433 437 520 481 tos
543 427 804 484 diaconos
827 433 1160 499 apprehendi
1182 433 1477 503 jussimus,
1500 443 1554 488 ct
1580 435 1750 489 teneri
1776 451 1839 490 os
1867 435 2009 504 ejus,

438 536 504 572 ne
532 519 668 575 forte
692 523 911 578 liberari
954 542 1012 580 se
1049 527 1279 595 cupiens
1325 528 1606 597 adjuraret
1650 545 1752 582 nos
1790 544 1882 597 per
1921 545 2017 581 no-

437 625 560 663 men
595 612 797 669 Christi
836 633 850 668 :
903 625 958 668 et
1005 617 1242 686 primum
1291 619 1581 674 diaconum
1619 610 2012 683 ordinavimus,

435 717 805 772 proponeutes
835 708 884 760 ei
926 709 1180 764 timorem
1217 711 1310 766 Dei
1352 731 1364 765 :
1395 712 1554 766 valde
1583 713 1782 782 quippe
1810 713 2018 766 obnite-

437 793 618 862 batur,
652 797 930 869 indignum
961 817 1020 855 se
1051 818 1170 857 esse
1197 813 1532 858 contestans.
1569 804 1669 858 Vix
1707 820 1837 874 ergo
1864 820 2016 858 com-

438 886 677 952 pulimus
710 905 834 943 eum
883 903 937 945 et
975 893 1306 962 persuadere
1354 896 1634 964 potuimus
1689 896 2016 950 testimoniis

441 974 848 1046 Scripturarum
892 992 945 1036 et
980 985 1361 1038 mandatorum
1409 985 1526 1038 Dei.
1573 985 1638 1040 Et
1683 1002 1806 1040 cum
1853 986 2016 1039 mini-

439 1076 637 1122 straret
679 1070 732 1123 in
783 1074 990 1128 sanctis
1016 1075 1320 1138 sacrificiis,
1369 1092 1562 1130 rursus
1613 1091 1761 1139 eum,
1811 1075 2015 1145 ingenti

437 1158 752 1215 diliicultate
789 1173 938 1216 tento
985 1180 1079 1218 ore
1117 1166 1255 1234 ejus,
1306 1167 1684 1222 ordinavimus
1733 1169 2016 1238 presbyte-

440 1265 586 1316 rum,
620 1263 674 1307 ct
705 1255 894 1308 iisdem
931 1258 1128 1320 verbis,
1181 1259 1381 1327 quibus
1429 1269 1588 1313 antea
1637 1276 2014 1326 suaseramus,

439 1343 756 1412 impulimus
787 1356 844 1400 ut
895 1349 1110 1402 sederet
1164 1349 1216 1402 in
1265 1351 1456 1404 ordine
1513 1353 1829 1422 presbyteri.
1890 1352 2019 1406 Post

437 1433 553 1489 btec
610 1438 932 1506 scripsimus
987 1441 1054 1494 ad
1121 1453 1342 1496 sanctos
1409 1445 1758 1513 presbyteros
1829 1460 2018 1498 mona-

436 1529 586 1582 sterii
611 1538 664 1582 et
694 1539 919 1586 caeteros
945 1531 1162 1597 fratres,
1181 1543 1232 1588 et
1263 1535 1664 1604 increpavitnus
1690 1552 1807 1601 eos,
1845 1553 2016 1606 quare

434 1635 544 1674 non
570 1623 921 1691 scripsissent
948 1641 1112 1693 super
1136 1642 1203 1681 eo
1246 1630 1390 1697 (cum
1419 1638 1545 1681 ante
1577 1645 1778 1682 annum
1815 1630 2016 1684 multos

2123 453 2227 489 non
2263 446 2314 490 te
2341 449 2522 492 vertas
2544 439 2610 492 ad
2646 438 2774 502 alia,
2827 448 2885 491 ut
2920 439 3179 508 peccandi
3223 437 3579 491 occasionem
3623 435 3694 487 io-

2120 529 2337 583 venisse
2359 530 2611 595 videaris,
2648 531 2792 598 quod
2823 529 3093 599 Propheta
3118 530 3370 583 devitans
3401 526 3689 580 Dominum

2121 631 2394 688 precatur,
2428 622 2658 676 dicens:
2695 621 2820 675 Non
2859 622 3083 676 declines
3108 638 3200 674 cor
3219 636 3387 672 meum
3431 620 3490 670 in
3551 618 3693 670 verba

2121 711 2342 763 malitia:
2413 712 2482 764 ad
2539 714 2867 765 excusandas
2927 711 3291 765 excusationes
3347 709 3404 761 in
3467 709 3693 777 peccatis

2120 801 2295 870 (l’sal.
2327 818 2450 868 exn,
2477 803 2554 872 4).
2582 823 2600 852 ι
2634 802 2839 874 Nempe
2869 804 3085 857 dolebat
3113 800 3401 860 Joannem,
3428 799 3584 868 quod
3609 815 3692 866 pro

2130 893 2474 965 Origcuiaua:
2510 896 2730 950 haeresis
2776 896 3093 951 defensione
3124 893 3320 947 fuisset
3359 893 3429 946 ab
3461 891 3695 960 Epipha-

2121 989 2214 1042 nio
2244 999 2565 1058 correptus;
2598 999 2652 1042 et
2683 1005 2746 1042 ea
2780 990 2848 1042 de
2872 1003 3035 1042 causa
3065 987 3393 1040 dissidentes
3419 985 3494 1038 ab
3517 997 3589 1037 eo
3611 983 3692 1050 qui

2123 1078 2458 1149 llieronymo
2500 1082 2850 1135 adhaerebant
2897 1079 3217 1143 monachos,
3254 1081 3367 1147 ipse
3422 1077 3550 1131 suis
3594 1076 3696 1143 epi-

2123 1170 2280 1224 stolis
2314 1171 2646 1240 monitisque
2687 1171 2970 1224 roboraret
3009 1171 3073 1224 ad
3113 1169 3481 1224 constantiam
3522 1168 3577 1220 iu
3616 1183 3693 1218 re-

2122 1264 2400 1333 pudiando
2457 1265 2738 1334 Origene;
2797 1279 2970 1331 eaque
3037 1261 3103 1316 de
3166 1277 3332 1315 causa
3395 1269 3628 1313 vexatos
3669 1273 3695 1310 a

2122 1354 2331 1409 Joanne
2373 1357 2753 1410 consolaretur
2782 1355 3200 1424 atquejuvaret.

2191 1448 2282 1501 2i.
2306 1447 2373 1500 Et
2404 1449 2506 1502 hoc
2532 1459 2634 1512 est,
2664 1464 2774 1517 quo
2807 1448 3004 1518 stylum
3048 1446 3209 1499 vertit
3239 1443 3606 1513 Epiphanius,
3631 1441 3693 1493 ita

2122 1554 2460 1608 prosequens
2490 1547 2724 1607 emptam
2755 1537 3042 1606 epistolam
3084 1554 3098 1589 :
3129 1553 3148 1584 ‹
3189 1534 3321 1587 Illud
3345 1547 3579 1602 quoque
3606 1546 3694 1580 au-

2123 1630 2280 1684 diens
2331 1629 2630 1682 admiratus
2675 1644 2819 1693 sum,
2871 1627 3014 1696 quod
3072 1625 3317 1694 quidam,
3373 1624 3472 1692 qui
3532 1623 3694 1676 solent

435 1729 626 1767 eorum
669 1716 823 1783 queri
860 1717 1162 1782 audissem,
1201 1735 1302 1772 cur
1339 1735 1445 1772 non
1493 1721 1754 1774 haberent
1784 1721 1875 1788 qui
1912 1721 2014 1774 sibi
2053 1700 2093 1754 Β
2125 1725 2270 1778 ultro
2296 1725 2542 1793 citroque
2582 1732 2800 1793 portare
2831 1721 3196 1780 rumusculos,
3240 1729 3292 1772 et
3323 1718 3410 1770 his
3434 1731 3568 1785 qua:
3608 1730 3692 1766 au-

435 1803 655 1859 Domini
680 1820 1023 1862 sacramenta
1059 1811 1410 1875 conficerent,
1439 1820 1494 1865 et
1523 1812 1675 1866 illum
1700 1828 1890 1867 omnes
1915 1829 2016 1867 suo

435 1909 726 1966 poscerent
781 1900 1130 1968 testimonio,
1193 1912 1248 1956 et
1297 1905 1557 1973 grandem
1615 1905 1906 1959 utilitatem
1962 1906 2015 1958 iu

435 1988 715 2041 communi
761 1991 1081 2044 monasterii
1127 1995 1479 2065 testarentur)
1525 2009 1718 2064 quare,
1768 1995 2012 2064 inquam,

437 2090 568 2134 tunc
598 2093 811 2149 reperta
846 2084 1252 2152 opportunitate
1292 2100 1400 2139 non
1438 2086 1789 2154 scripsissent
1831 2087 2013 2150 nobis,

437 2189 614 2243 neque
645 2189 808 2244 super
838 2176 1182 2230 ordinatione
1207 2177 1328 2246 ejus
1357 2178 1562 2248 aliquid
1615 2179 2011 2247 poposcissent.

436 2265 563 2322 llaec
586 2268 657 2321 ita
698 2279 820 2323 acta
872 2277 1020 2334 sunt,
1069 2279 1130 2324 ut
1181 2271 1392 2324 locutus
1445 2286 1598 2335 sum,
1643 2272 1696 2325 in
1753 2271 2016 2327 charitate

433 2360 664 2426 Christi,
690 2376 851 2430 quam
885 2373 935 2416 te
950 2377 1074 2430 erga
1105 2363 1428 2431 parvitatem
1462 2379 1638 2417 meam
1668 2363 1869 2419 habere
1899 2380 2018 2419 cre-

435 2452 631 2507 debam
658 2472 672 2507 :
701 2469 1023 2523 quanquam
1059 2456 1110 2508 in
1151 2457 1487 2510 monasterio
1539 2457 1928 2520 ordinaverim,
1961 2466 2016 2511 et

436 2558 546 2600 non
581 2544 634 2597 in
661 2545 917 2612 parocliia
949 2561 1070 2614 qute
1096 2547 1190 2599 tibi
1224 2547 1466 2615 subjecta
1499 2546 1683 2601 sit.....
1720 2546 1860 2612 Quid
1884 2563 2016 2614 ergo

435 2638 533 2691 tibi
571 2639 746 2693 visum
785 2648 870 2693 est
908 2639 988 2694 sic
1033 2641 1272 2709 graviter
1323 2641 1690 2695 intumescere
1733 2649 1787 2694 et
1819 2640 2014 2710 jactari

435 2742 629 2787 contra
666 2747 767 2786 nos
797 2747 897 2802 pro
927 2747 1093 2802 opere
1132 2730 1250 2793 Dei,
1281 2733 1427 2801 quod
1476 2733 1529 2785 iu
1572 2732 2011 2800 aidilicationem,

433 2837 620 2882 etnon
651 2826 704 2880 in
731 2827 1158 2880 destructionem
1189 2827 1418 2879 fratrmu
1451 2825 1652 2879 factum
1682 2827 1800 2880 est?
1847 2845 1866 2879 ι

507 2919 602 2976 20.
645 2917 925 2972 Hactenus
961 2915 1325 2985 Epiphanius,
1371 2917 1506 2984 ipsis
1544 2916 1630 2970 his
1667 2917 1846 2971 verbis
1883 2917 2016 2971 satis

436 3011 713 3074 indicans,
735 3010 851 3078 jatn
891 3017 1005 3062 tmn
1039 3017 1316 3076 receptqu
1365 3008 1418 3060 in
1451 3007 1692 3062 Ecclesia
1734 3008 1925 3072 fuisse,
1957 3018 2016 3063 ut

435 3104 772 3164 monasteria
809 3103 998 3156 saltem
1031 3101 1212 3170 aliqua
1258 3101 1442 3170 (quale
1469 3111 1588 3154 erat
1619 3102 2011 3156 monasterium
2043 3075 2084 3131 δ

437 3198 498 3254 S.
531 3194 820 3266 Epiphanii
847 3211 865 3244 ι
900 3193 1051 3262 juxta
1079 3192 1452 3246 llesanducem
1477 3191 1678 3255 vicum,
1711 3193 1764 3244 in
1797 3193 2017 3245 territo-

435 3291 522 3347 rio
558 3286 1123 3354 Eleutheropolitano,
1155 3304 1173 3335 ›
1207 3284 1352 3353 quod
1394 3284 1463 3337 ab
1499 3284 1681 3353 inopia
1727 3300 2016 3354 aquarum,

445 3402 464 3438 ‹
507 3380 852 3453 Spanydrion
879 3397 897 3429 ›
921 3377 1248 3446 appellatum
1281 3377 1474 3432 scribit
1505 3377 1977 3447 pseudo-Joannes
2003 3418 2018 3443 ,

437 3477 530 3531 Ibi
552 3471 994 3535 factaordinatio,
1022 3479 1076 3523 et
1099 3470 1329 3524 alterum
1363 3488 1381 3520 ι
1427 3471 1834 3540 peregrinorum
1861 3490 1880 3522 ι
1905 3487 2020 3524 ιηοο

442 3569 748 3623 meliorum
784 3565 837 3618 in
880 3561 1380 3627 Bethlehem,unde
1397 3561 1752 3616 l’auliuiauus
1781 3563 1847 3616 ad
1890 3561 2020 3630 Epic

438 3661 704 3732 phanium
731 3660 977 3722 venerat)
1013 3664 1262 3724 exempta
1297 3664 1652 3708 censerentur
1699 3659 1768 3707 ab
1801 3653 2022 3707 ordina-

439 3755 509 3810 rii
537 3752 922 3823 jurisdictione
957 3769 970 3804 :
1005 3750 1078 3802 ita
1104 3759 1163 3802 ut
1197 3749 1512 3818 quicunque
1537 3751 1834 3820 episcopus
1872 3752 1924 3804 in
1951 3752 2020 3806 iis

438 3853 649 3916 posset,
679 3845 724 3899 si
766 3853 1072 3913 rogaretur,
1115 3841 1248 3910 ipsis
1305 3842 1590 3897 monachis
1643 3858 1832 3896 sacros
1883 3859 2020 3897 con-

440 3938 583 3992 ferre
607 3936 847 3992 ordines.
887 3934 1068 4005 Pergit
1095 3949 1260 4002 porro
1289 3933 1630 4002 Epiphanius
1663 3950 1926 3991 excusare
1960 3951 2020 3992 se

439 4030 634 4085 Joanni
702 4029 787 4084 his
839 4027 1020 4082 verbis
1073 4045 1085 4081 :
1135 4046 1152 4076 ι
1203 4026 1309 4082 Sed
1369 4037 1424 4080 et
1478 4028 1610 4082 illud
1671 4029 2021 4084 vehementer

441 4124 745 4178 admiratus
796 4137 918 4176 sum
969 4120 1116 4190 quod
1176 4121 1314 4173 meis
1373 4119 1588 4174 locutus
1641 4135 1702 4175 es
1764 4121 2019 4188 clericis;

442 4230 695 4272 asserens
722 4224 778 4269 te
811 4229 909 4283 per
964 4222 1214 4268 sanctum
1259 4214 1631 4282 presbyterum
1680 4223 1734 4268 et
1771 4214 2021 4269 abbatem

441 4309 835 4364 monachorum
861 4305 1183 4372 Gregorium
1217 4305 1509 4358 mandasse
1540 4305 1696 4369 mihi,
1728 4321 1795 4361 ne
1827 4323 2021 4376 quem-

2122 1823 2340 1876 dieruut
2372 1835 2585 1890 semper
2621 1819 2840 1883 addere,
2890 1826 2950 1870 ut
2983 1817 3235 1870 tristitias
3267 1824 3320 1867 et
3363 1814 3522 1865 rixas
3568 1810 3693 1862 inter

2124 1911 2320 1965 fratres
2352 1911 2648 1972 concitent,
2690 1920 2741 1964 te
2778 1923 2998 1978 quoque
3045 1907 3403 1961 turbaverunt
3445 1915 3506 1956 et
3558 1901 3695 1953 diu»

2124 2012 2272 2067 runt,
2310 2003 2452 2072 quod
2486 2003 2538 2055 in
2569 2003 2843 2065 oratione,
2879 2001 3100 2070 quando
3124 1998 3406 2052 offerimus
3433 1994 3693 2048 sacriﬁcia

2126 2091 2257 2158 Deo,
2323 2092 2598 2147 soleamus
2651 2107 2750 2161 pro
2814 2101 2866 2146 te
2922 2089 3124 2152 dicere,
3178 2087 3440 2148 Domine,
3513 2093 3692 2154 praesta

2122 2183 2320 2242 Joanni
2356 2193 2416 2238 ut
2449 2197 2593 2239 recte
2634 2185 2840 2240 credat.
2874 2181 2994 2236 Noli
3033 2198 3132 2236 nos
3178 2182 3228 2234 iu
3265 2189 3482 2234 tantum
3519 2188 3693 2246 putare

2122 2278 2381 2342 rusticos,
2436 2287 2495 2330 ut
2549 2277 2652 2332 hoc
2705 2288 2813 2330 tam
2871 2285 3056 2343 aperte
3109 2275 3288 2328 dieet'e
3334 2271 3690 2341 potuerimus.

2123 2371 2447 2438 Quanquam
2479 2351 2622 2422 enim
2658 2369 2761 2422 hoc
2791 2368 2844 2421 in
2887 2369 3052 2422 corde
3093 2383 3215 2420 meo
3251 2379 3472 2432 semper
3521 2377 3690 2422 orem;

2125 2475 2328 2527 tamen,
2372 2473 2432 2518 ut
2484 2463 2803 2532 simpliciter
2843 2460 3036 2526 fatear,
3079 2475 3360 2528 nunquam
3410 2457 3463 2509 in
3499 2456 3691 2508 alienas

2126 2573 2286 2611 aures
2313 2558 2536 2626 protuli,
2571 2572 2639 2609 nc
2669 2567 2717 2608 te
2751 2555 2966 2609 viderer
2994 2553 3142 2620 parvi
3178 2552 3432 2620 pendere,
3471 2549 3691 2602 dilectis

2125 2649 2281 2703 sime.
2336 2647 2566 2714 Quando
2605 2658 2784 2702 autem
2829 2645 3220 2716 complevimus
3260 2644 3492 2696 oration.
3518 2657 3692 2706 m,se-

2122 2742 2361 2796 cundum
2394 2741 2556 2794 ritum
2587 2739 2994 2812 mysteriorum,
3026 2749 3080 2793 et
3119 2753 3220 2808 pro
3240 2735 3504 2789 omnibus
3535 2745 3588 2788 et
3608 2749 3691 2802 pro

2123 2841 2174 2887 te
2199 2847 2418 2902 quoque
2447 2833 2705 2893 dicimus,
2733 2830 2956 2885 Custodi
3007 2829 3158 2882 illum
3189 2828 3283 2896 qui
3314 2827 3582 2896 prze-ticat
3616 2840 3691 2875 ve-

2121 2925 2366 2989 ritatem;
2403 2924 2485 2978 vel
2514 2934 2682 2988 certe,
2715 2920 2796 2975 Tu
2833 2928 3049 2990 praesta,
3095 2919 3343 2979 Domine,
3383 2925 3437 2970 et
3464 2914 3690 2974 custodi,

2122 3026 2181 3071 ut
2221 3017 2310 3071 ille
2353 3015 2578 3070 verbum
2637 3014 2895 3084 praedicet
2955 3012 3198 3066 veritatis
3242 3029 3255 3064 :
3293 3011 3435 3065 sicut
3487 3009 3693 3065 occasio

2119 3108 2386 3162 sermonis
2420 3123 2479 3163 se
2503 3107 2705 3172 tulerit,
2741 3115 2796 3161 et
2851 3105 3102 3160 habuerit
3139 3104 3316 3158 oratio
3356 3118 3691 3172 consequen-

2119 3199 2270 3252 tiam.
2347 3197 2688 3269 Quapropter
2740 3200 2967 3254 obsecro
3040 3207 3108 3263 te,
3189 3197 3573 3259 dilectissime,
3650 3203 3694 3247 et

2118 3290 2410 3344 advolutus
2444 3291 2678 3360 pedibus
2705 3290 2813 3344 tuis
2857 3304 3072 3358 precor,
3099 3301 3296 3358 prtesm
3341 3286 3477 3339 mihi
3507 3295 3561 3338 et
3586 3283 3692 3343 tibi,

2119 3392 2178 3435 ut
2203 3382 2457 3448 salveris,
2489 3383 2652 3437 sicuti
2682 3383 2945 3450 scriptum
2981 3390 3082 3444 est,
3123 3394 3152 3432 a
3192 3378 3550 3448 generatione
3585 3391 3691 3445 per-

2123 3491 2274 3528 versa
2306 3475 2523 3545 (Matth.
2557 3491 2692 3540 xvu,
2726 3474 2830 3545 l6),
2867 3484 2921 3529 et
2952 3472 3142 3528 recede
3171 3473 3240 3526 ab
3272 3471 3467 3526 lueresi
3514 3468 3693 3540 Orige-

2121 3569 2202 3620 nis
2247 3577 2302 3621 et
2351 3585 2378 3620 a
2431 3567 2643 3622 cunctis
2697 3567 3034 3628 Iitrresibus,
3095 3563 3472 3618 dilectissime.
3540 3561 3694 3614 Video

2119 3662 2260 3716 enim
2293 3661 2438 3730 quod
2473 3669 2694 3731 propter
2724 3660 2863 3713 hanc
2885 3673 3104 3712 causam
3138 3657 3318 3711 omnis
3341 3665 3529 3710 vestra
3569 3655 3694 3708 indi-

2121 3753 2304 3821 gnatio
2357 3755 2629 3807 concitata
2672 3753 2760 3816 sit,
2815 3753 2960 3820 quod
3015 3750 3316 3804 dixerimus
3361 3749 3548 3813 vobis,
3594 3747 3693 3800 Arii

2120 3858 2350 3915 patrem,
2381 3845 2668 3917 Origenem
2699 3845 2928 3910 scilicet,
2965 3854 3019 3899 et
3045 3844 3274 3898 aliarum
3302 3843 3588 3896 haereseon
3618 3856 3692 3894 ra-

2121 3943 2297 3999 dicem
2337 3954 2390 3999 et
2436 3954 2718 4014 parentem
2766 3943 2992 3998 laudare
3035 3959 3142 3997 non
3189 3941 3421 3998 debetis.
3457 3940 3526 3995 Et
3583 3955 3691 3993 cum

2122 4051 2219 4092 vos
2245 4052 2460 4092 orarem
2490 4051 2557 4091 ne
2595 4037 2668 4090 ita
2697 4036 2978 4102 erraretis,
3019 4043 3074 4090 et
3117 4049 3397 4089 monerem
3427 4051 3441 4098 ;
3487 4042 3694 4088 contra-

2121 4129 2361 4193 dixistis,
2393 4141 2448 4184 et
2479 4145 2565 4184 me
2597 4129 2662 4183 ad
2695 4129 2970 4183 tristitiam
3008 4140 3170 4199 atque
3201 4129 3264 4182 ad
3299 4129 3577 4198 Iacrymas
3607 4125 3691 4179 ad-

2121 4221 2375 4285 duxistis,
2417 4237 2525 4275 non
2561 4222 2736 4275 solum
2772 4230 2951 4274 autem
2992 4236 3097 4286 me,
3136 4219 3228 4274 sed
3273 4219 3488 4274 etalios
3533 4218 3693 4290 pluri-

2123 4327 2242 4366 mos
2272 4313 2571 4367 catholicos
2618 4313 2711 4382 qui
2765 4313 3080 4367 intererant.
3126 4310 3255 4366 Inde
3305 4321 3365 4366 ut
3435 4312 3687 4378 intelligo,

439 4419 606 4474 quam
663 4401 1012 4465 ordinarem;
1069 4408 1122 4452 et
1169 4413 1270 4466 ego
1313 4398 1584 4466 pollicitus
1629 4399 1729 4452 sim
1796 4399 2011 4455 dicens:
2049 4425 2092 4479 ι)
2122 4402 2237 4456 haec
2257 4410 2340 4456 est
2371 4403 2550 4456 omnis
2582 4402 2885 4473 indignatio
2939 4410 2993 4455 et
3035 4403 3135 4456 iste
3168 4400 3324 4455 furor
3361 4411 3458 4456 :et
3501 4403 3689 4455 idcirco

438 4495 694 4566 Nunquid
727 4493 947 4564 juvenis
991 4507 1114 4546 sum
1165 4499 1260 4544 aut
1311 4507 1548 4545 canones
1600 4493 1830 4560 ignoro?
1875 4493 2016 4548 Audi

442 4589 604 4659 igitur
634 4589 916 4642 veritatem
946 4584 998 4638 in
1048 4600 1301 4638 sermone
1347 4585 1462 4647 Dei,
1504 4601 1588 4639 me
1639 4601 1738 4640 nec
1782 4586 1886 4641 hoc
1915 4602 2018 4640 au-

442 4682 609 4746 disse,
643 4696 741 4734 nec
767 4695 952 4742 nosse,
1003 4695 1104 4733 nec
1137 4678 1295 4732 istius
1335 4678 1608 4732 sermonis
1663 4680 1880 4746 penitus
1928 4695 2016 4733 re-

441 4773 678 4829 cordari.
715 4771 1036 4842 Suspicatus
1077 4789 1195 4827 sntn
1243 4788 1312 4825 ne
1359 4770 1586 4824 forsitan
1629 4771 1770 4824 inter
1823 4772 2018 4837 multa,

441 4867 602 4936 quasi
647 4867 836 4931 homo,
884 4867 1086 4920 oblitus
1139 4881 1351 4931 essem;
1400 4875 1453 4919 et
1493 4867 1564 4919 ob
1610 4867 1748 4920 hanc
1795 4883 2017 4921 causam

443 4965 692 5012 sanctum
739 4954 1060 5024 Gregorium
1111 4956 1419 5009 sciscitatus
1455 4971 1598 5019 sum,
1648 4965 1701 5009 ct
1741 4954 2016 5009 Zenonem

441 5049 822 5119 presbyterum
851 5047 945 5115 qui
975 5061 1098 5098 cum
1119 5061 1183 5098 co
1217 5055 1319 5100 est.
1366 5045 1404 5098 Ε
1444 5048 1645 5116 quibus
1677 5047 1845 5100 abbas
1877 5047 2014 5100 Gre-

445 5141 634 5212 gorius
663 5138 966 5208 respondit,
1000 5151 1056 5190 se
1102 5139 1202 5191 hoc
1251 5138 1466 5206 penitus
1510 5141 1784 5206 ignorare.
1831 5139 2016 5194 Zenon

446 5244 628 5288 autem
657 5233 813 5294 dixit,
843 5231 970 5299 quia
997 5245 1120 5284 cum
1153 5229 1201 5283 ei
1235 5231 1516 5300 presbyter
1553 5228 1798 5284 Bullinus
1834 5233 2018 5286 nescio

442 5341 560 5395 quite
591 5324 698 5378 alia
743 5322 1057 5377 trausitorie
1080 5322 1415 5391 loqueretur,
1441 5322 1601 5376 etiam
1639 5325 1739 5377 hoc
1767 5323 1968 5378 dixerit
1998 5341 2014 5378 :

441 5416 681 5472 Putasne
707 5414 1300 5486 aliquosordinaturus
1326 5423 1410 5468 est
1438 5425 1659 5469 sanctus
1685 5417 1972 5485 episcopus
1994 5420 2018 5470 τ

443 5519 496 5563 et
533 5508 759 5578 hujusce
789 5508 1003 5563 stetisse
1030 5520 1338 5561 sermonem
1376 5524 1388 5559 :
1431 5522 1530 5576 ego
1575 5516 1754 5559 autem
1780 5507 2017 5576 Epipha-

444 5601 571 5657 nius
611 5617 709 5656 nec
747 5600 931 5657 audivi
986 5601 1307 5671 quidquam,
1362 5613 1463 5654 nec
1508 5599 1783 5668 respondi.
1841 5599 2012 5665 Unde,

460 5692 833 5762 dilectissime,
877 5709 985 5750 non
1017 5702 1069 5750 te
1105 5691 1399 5762 praeveniat
1429 5689 1605 5758 furor,
1649 5705 1749 5746 nec
1791 5698 2016 5762 occupet

2123 4493 2533 4548 comminamiui
2558 4494 2701 4563 quod
2735 4494 2962 4548 mittatis
2985 4494 3272 4548 adversum
3298 4509 3386 4546 me
3416 4493 3686 4562 epistolas,

2132 4595 2193 4640 ut
2224 4587 2329 4640 huc
2360 4587 2600 4650 illucque
2631 4601 2813 4641 sermo
2841 4597 3024 4640 vester
3052 4587 3360 4651 discurrat;
3398 4597 3453 4639 et
3485 4595 3688 4654 propter

2122 4680 2492 4734 defensionem
2527 4681 2792 4734 haereseos
2827 4680 3115 4733 adversum
3151 4695 3238 4732 me
3268 4678 3394 4732 odia
3427 4679 3687 4732 suscitan-

2120 4783 2222 4835 tes,
2259 4773 2514 4842 rumpitis
2545 4774 2864 4826 charitatem
2901 4787 3064 4841 quam
3089 4771 3141 4824 in
3175 4771 3331 4824 vobis
3383 4771 3686 4824 habuimus.

2123 4865 2176 4918 in
2209 4873 2417 4918 tantum
2445 4874 2504 4918 ut
2529 4864 2763 4918 feceritis
2786 4879 2886 4919 nos
2915 4864 3080 4918 etiam
3111 4863 3491 4932 pmuitentiam
3518 4877 3680 4930 agere,

2123 4970 2293 5025 quare
2341 4954 2623 5008 vobiscum
2667 4955 3276 5016 communicaverimus,
3330 4953 3402 5006 ita
3449 4951 3684 5024 Origeuis

2120 5061 2336 5101 errores
2355 5055 2408 5099 et
2432 5048 2683 5116 dogmata
2709 5045 3079 5101 defendentes.
3103 5044 3434 5116 Simpliciter
3469 5047 3680 5116 loquor:

2118 5154 2222 5194 nos
2267 5139 2566 5193 secundum
2614 5138 2759 5208 quod
2809 5139 3071 5207 scriptum
3122 5145 3207 5192 est
3252 5136 3472 5208 (.llattlt.
3524 5154 3576 5200 v,
3625 5137 3682 5189 29

2121 5242 2290 5300 sqq.),
2326 5245 2424 5285 nec
2464 5230 2625 5284 oculo
2662 5238 2850 5284 nostro
2883 5230 3182 5298 parcimus.
3221 5240 3280 5282 ut
3315 5245 3422 5283 non
3473 5228 3683 5283 eﬂ’odiao

2122 5340 2244 5379 mus
2276 5340 2421 5388 eum,
2460 5325 2506 5378 si
2542 5341 2643 5379 nos
2686 5307 3167 5389 scauilalizaverit;
3204 5338 3304 5376 nec
3344 5323 3554 5388 manui,
3600 5337 3680 5376 nc-

2126 5434 2231 5487 que
2261 5417 2383 5488 pedi
2423 5417 2468 5471 si
2510 5417 2666 5471 nobis
2719 5416 3031 5469 scandalum
3066 5414 3274 5468 fecerit.
3304 5414 3371 5469 Et
3416 5431 3511 5470 vos
3542 5430 3677 5483 ergo.

2119 5512 2232 5565 sive
2263 5508 2426 5567 oculi.
2455 5510 2570 5564 sive
2597 5524 2812 5572 manus,
2865 5510 2980 5562 sive
3025 5509 3187 5578 pedes
3221 5507 3457 5572 fueritis,
3497 5508 3678 5562 similia

2121 5602 2514 5659 sustinebitis.»

2191 5694 2282 5749 22.
2321 5693 2502 5762 Pergit
2545 5693 2739 5749 deinde
2781 5708 2845 5749 ex
2887 5693 3043 5748 libris
3088 5693 3227 5760 Περὶ
3280 5691 3486 5760 ἀρχῶν
3526 5689 3678 5759 expli-
