3800 6180
81 220 172 274 129

1091 206 1149 261 S.
1184 197 1524 261 ΕΡῘΡΠΑΝΠ
1583 200 1766 258 ACTA
1809 197 2302 255 BOLLANDIANA.

3210 189 3312 248 130

77 345 210 392 care,
233 343 397 398 quam
432 326 656 382 minime
675 321 912 379 ferenda:
942 322 1227 378 catholieis
1265 321 1490 376 auribus
1526 321 1636 375 sint
1665 325 1708 380 Α
1735 317 1888 372 daret
1922 317 2100 370 velum
2137 324 2299 383 atque
2344 319 2598 366 mutaret.
2643 309 2797 377 Quod
2821 325 2962 365 cum
3008 310 3309 379 audissem,

79 419 467 492 propositiones
519 416 766 487 quaedam
823 414 1097 484 Origenis,
1152 413 1276 468 istic
1305 419 1635 475 -conteutae;

78 511 318 582 quamvis
365 509 562 580 inquit,
607 528 624 560 ι
684 506 821 562 nihil
862 506 995 560 mihi
1041 505 1309 574 subripuit
1351 501 1636 572 Origenes,

82 620 171 658 nec
201 603 256 656 in
287 617 406 654 mea
437 598 787 669 generatione
843 597 966 664 fuit,
1019 612 1120 652 nec
1167 605 1387 666 propter
1426 596 1640 665 aliquas

81 709 158 748 res
183 691 372 746 mundi
420 699 514 745 aut
563 688 934 744 haereditatcm
976 687 1160 742 odium
1208 687 1472 741 adversus
1515 701 1638 739 eum

81 799 387 856 pugnasque
413 782 657 850 suscepi;
697 782 790 836 sed
851 782 931 850 (ut
963 779 1283 848 simpliciter
1321 776 1516 848 fatear)
1544 779 1643 834 do-

81 878 178 942 leo,
221 885 275 928 et
316 873 472 928 valde
516 873 696 938 doleo,
751 872 940 926 videns
991 871 1256 941 plurimos
1307 869 1558 935 fratrum,
1591 879 1644 924 et

79 982 255 1022 eorum
287 964 562 1034 praacipue
594 965 689 1032 qui
723 964 1117 1034 professionem
1155 962 1358 1016 habent
1390 979 1498 1017 non
1538 963 1644 1016 nii-

82 1057 297 1119 nimam,
337 1054 468 1108 etin
509 1053 735 1123 gradum
767 1068 986 1122 quoque
1020 1052 1306 1109 sacerdotii
1343 1052 1642 1106 maximum

81 1155 453 1216 pervenerunt,
498 1145 616 1214 ejus
646 1143 1095 1212 persuasionibus
1121 1143 1399 1211 deceptos,
1437 1150 1490 1195 et
1517 1156 1644 1211 per-

81 1237 387 1292 versissima
443 1237 691 1290 doctrina
739 1235 894 1290 cibos
951 1234 1122 1288 factos
1168 1249 1290 1288 esse
1341 1233 1564 1288 diaboli.
1617 1250 1638 1284 ι

78 1330 313 1382 Conatur
343 1329 506 1397 igitur
535 1345 566 1383 a
602 1328 880 1397 sequendo
913 1337 968 1381 et
1016 1325 1354 1381 defendendo
1393 1325 1642 1396 Origene,

80 1422 385 1484 monendo,
436 1419 726 1485 hortando,
775 1417 1108 1487 increpando
1157 1415 1418 1470 Joannem
1469 1432 1646 1488 quan-

80 1524 182 1568 tum
216 1513 270 1565 in
296 1528 355 1566 se
377 1521 494 1566 erat
533 1511 801 1565 abducere
831 1527 846 1565 :
880 1520 995 1564 tum
1029 1510 1094 1563 ad
1119 1509 1205 1564 sui
1237 1508 1644 1564 excusationem

80 1606 265 1658 iterum
299 1604 583 1668 relabitur,
619 1603 950 1672 exponitque
976 1601 1196 1667 factum,
1229 1601 1375 1670 quod
1420 1609 1474 1654 et
1507 1600 1644 1655 insi-

78 1711 230 1765 gnem
286 1695 408 1764 ejus
459 1694 634 1748 zelum
683 1694 942 1758 ostendit,
978 1693 1044 1761 in
1105 1693 1347 1748 cavendo
1385 1707 1450 1746 eo
1493 1691 1642 1746 omni

78 1787 212 1857 quod
239 1797 407 1840 rectae
437 1784 716 1854 religionis
744 1783 966 1853 puritati
1001 1783 1546 1852 quantulumcunque
1572 1781 1648 1834 vi-

78 1878 302 1932 debatur
332 1878 633 1930 adversari.
668 1875 773 1930 Sed
807 1876 948 1929 idem
1005 1876 1075 1929 ab
1126 1875 1496 1929 iconomachis
1548 1874 1648 1926 ho-

80 1970 275 2023 diernis
307 1969 544 2037 pessime
585 1969 918 2022 intellectum
953 1967 1212 2035 arripitur
1251 1976 1444 2020 contra
1483 1981 1650 2034 expo-

78 2061 331 2114 sitionem
399 2059 721 2129 imaginum.
781 2057 837 2111 ln
901 2060 1002 2112 hoc
1057 2065 1237 2111 autem
1286 2066 1508 2126 apparet
1553 2072 1649 2110 eos

81 2154 246 2222 magis
289 2169 414 2206 esse
450 2153 674 2206 insanos
714 2151 990 2204 veteribus
1029 2150 1418 2214 iconomachis,
1461 2150 1651 2202 adver-

77 2261 165 2299 sus
196 2259 343 2314 quos
385 2243 658 2298 Nicaauum
696 2259 732 2296 Il
775 2242 1066 2296 concilium
1110 2242 1242 2312 egit.
1289 2239 1421 2294 Nam
1468 2241 1546 2304 hi,
1583 2241 1650 2294 ad

76 2351 224 2389 suam
278 2334 531 2389 haeresim
591 2333 880 2403 Epiphanii
947 2332 1166 2386 nomine
1215 2331 1604 2386 obarmandam
1635 2369 1651 2395 ,

79 2442 180 2478 non
209 2434 344 2479 sunt
374 2424 530 2478 abusi
565 2439 630 2479 eo
661 2422 804 2492 quod
832 2421 1084 2489 sequitur
1115 2419 1280 2487 facto,
1313 2421 1407 2476 sed
1432 2420 1655 2475 aflinxe-

77 2526 197 2571 runt
230 2525 428 2570 sancto
449 2517 740 2584 quamdam
769 2513 837 2568 ad
867 2512 1234 2568 Theodosium
1268 2514 1651 2583 imperatorem

76 2610 386 2677 epistolam,
424 2610 478 2662 in
513 2608 671 2677 cujus
706 2608 813 2661 fine
851 2606 932 2660 sic
969 2605 1017 2660 ei
1065 2606 1374 2676 scripsisset
1409 2624 1422 2660 :
1459 2625 1477 2657 ι
1515 2605 1653 2672 Quia

78 2701 360 2755 multoties
405 2700 619 2753 locutus
662 2713 782 2752 sum
814 2713 938 2751 cum
982 2697 1374 2752 comministris
1405 2699 1559 2762 meis,
1597 2708 1658 2751 ut

77 2793 430 2847 adferrentur
461 2793 748 2863 imagines,
770 2801 1024 2861 receptus
1052 2806 1158 2845 non
1193 2807 1312 2846 sum
1338 2791 1406 2844 ab
1433 2792 1536 2857 eis,
1561 2808 1658 2848 ne—

79 2901 178 2954 que
221 2885 426 2940 audire
477 2901 666 2939 vocem
709 2901 886 2940 meam
935 2884 1124 2938 saltem
1172 2884 1451 2952 paululum
1508 2884 1656 2953 passi

1740 1691 1956 1760 jusdam
1997 1706 2010 1742 :

1741 425 1829 464 me
1858 409 2112 463 daturum
2151 423 2272 461 esse
2311 405 2585 475 pollicitus
2631 419 2750 458 sum
2780 421 2794 456 :
2826 403 3103 473 paululum
3129 413 3312 462 autem

1742 518 2021 557 morarum
2051 500 2152 554 fuit
2179 499 2230 552 in
2279 499 2479 560 medio,
2527 497 2656 551 dum
2697 512 2884 566 quaero
2928 497 3192 566 optimum
3221 514 3314 552 ve-

1742 596 1854 650 lum
1881 610 1981 664 pre
2012 609 2078 648 eo
2115 592 2346 651 mittere,
2380 591 2686 644 arbitrabar
2715 590 2862 644 enim
2889 590 2956 644 de
2979 589 3160 662 Cypro
3179 591 3312 646 mihi

1741 703 1863 742 esse
1893 687 2238 741 mittendum.
2261 683 2418 738 Nunc
2448 693 2632 738 autem
2658 682 2780 735 misi
2809 682 2953 752 quod
2977 683 3129 752 potui
3159 698 3315 752 repe-

1753 781 1894 844 rire;
1931 788 1985 833 et
2017 793 2206 848 precor
2237 787 2294 830 ut
2324 775 2518 844 jubeas
2553 775 2903 846 presbyteros
2932 773 3180 843 ejusdem
3211 775 3314 830 loci

1744 871 2022 939 suscipere
2047 871 2220 921 velum
2264 883 2294 921 a
2334 867 2504 921 latore
2530 867 2674 936 quod
2700 881 2731 919 a
2767 866 2926 920 nobis
2953 865 3181 920 missum
3203 874 3314 931 est;

1741 973 1799 1019 et
1833 964 2091 1030 deinceps
2122 961 2414 1029 praacipere
2445 959 2498 1013 in
2543 957 2784 1014 Ecclesia
2814 957 3018 1013 Christi
3045 959 3317 1028 ejusmodi

1746 1057 1884 1119 vela,
1914 1070 2035 1124 quae
2063 1060 2252 1107 contra
2285 1053 2605 1121 religionem
2641 1060 2885 1106 nostram
2917 1061 3066 1115 sunt,
3092 1067 3200 1106 non
3224 1068 3318 1122 ap-

1746 1148 1928 1218 pendi.
1951 1166 1970 1197 ι
1999 1145 2275 1200 Hactenus
2297 1144 2546 1213 epistola,
2577 1143 2734 1212 cujus
2757 1145 2800 1198 si
2836 1153 2981 1198 recte
3007 1145 3319 1213 expendan-

1748 1248 1836 1292 tur
1871 1238 2056 1300 verba,
2088 1236 2265 1289 velum
2313 1235 2457 1290 istud
2488 1234 2779 1288 discissum
2813 1233 2980 1290 fuisse
3016 1236 3316 1305 apparebit,

1748 1339 1852 1378 non
1879 1323 2006 1392 quia
2029 1338 2153 1376 vere
2186 1341 2204 1372 ι
2230 1321 2464 1377 habebat
2489 1321 2781 1390 imaginem
2805 1321 3011 1377 Christi
3041 1325 3120 1378 vel
3144 1323 3318 1377 saurti

1747 1414 2066 1484 cujusdam;
2113 1433 2132 1465 ι
2167 1414 2262 1469 sed
2285 1413 2435 1482 quia,
2468 1429 2592 1468 cum
2630 1413 2854 1468 haberet
2887 1415 3114 1484 elligiem
3144 1415 3320 1467 homi-

1747 1508 1835 1562 nis
1880 1506 2184 1576 cujuspiam
2237 1504 2473 1573 profani,
2522 1515 2616 1559 aut
2655 1506 2796 1559 forte
2845 1506 3025 1560 adhuc
3067 1507 3316 1568 viventis,

1748 1614 2046 1669 appensum
2077 1599 2201 1653 istic
2229 1607 2344 1651 erat
2383 1614 2402 1647 ‹
2433 1596 2589 1664 quasi
2622 1596 2826 1652 Christi
2866 1607 2960 1651 aut
3009 1599 3178 1652 sancti
3220 1614 3320 1650 cu-

2058 1709 2077 1742 »
2113 1705 2234 1760 qua:
2266 1688 2516 1757 exceptio
2546 1687 2868 1743 orthodoxa:
2915 1689 3038 1744 fldei
3081 1691 3319 1760 regulam

1744 1799 1811 1839 ex
1843 1782 2117 1838 contrario
2151 1783 2354 1834 firmat.

2342 1853 2574 1948 CAPU'T
2615 1891 2706 1946 IV.

1749 1989 2046 2060 Prophetia:
2069 1987 2302 2051 donum;
2337 1986 2636 2067 Ancoratus
2664 1993 2711 2038 et
2745 1985 2879 2038 liber
2908 1984 2983 2038 De
3023 1986 3314 2039 hwrcsibus

2415 2066 2664 2124 scriptus.

1817 2150 1907 2204 24.
1928 2147 2168 2202 Plurima
2192 2147 2248 2201 S.
2275 2145 2583 2216 Epiphanii,
2609 2154 2735 2199 ante
2771 2156 2823 2198 et
2849 2155 2974 2214 post
3000 2156 3316 2214 susceptum

1748 2242 2409 2314 episc0patum,miracula
2425 2242 2771 2296 continentur
2787 2241 2838 2293 in
2852 2241 3021 2305 Actis,
3037 2242 3138 2295 sub
3157 2241 3324 2294 nomi-

1751 2354 1820 2392 ne
1838 2336 2066 2392 Joannis
2091 2345 2146 2391 et
2171 2334 2382 2405 Polybii
2407 2333 2720 2404 productis;
2754 2333 2848 2388 sed
2873 2333 3022 2399 talia,
3053 2341 3112 2386 ut
3133 2348 3320 2387 eorum

1752 2430 2024 2499 plerisque
2055 2427 2214 2482 fidem
2244 2428 2468 2496 deroget
2491 2425 2861 2490 Sozomeuus,
2886 2439 3090 2494 negans
3121 2423 3324 2477 viventi

1755 2523 2047 2592 contigisse
2077 2529 2135 2574 ut
2155 2519 2430 2574 daemones
2477 2518 2690 2588 fugaret
2731 2527 2786 2572 et
2821 2518 3042 2572 morbos
3087 2525 3322 2572 curaret.

1756 2613 1850 2666 llis
1873 2628 2001 2682 ergo
2030 2611 2430 2682 praetermissis,
2467 2610 2614 2679 quod
2637 2611 2813 2664 solum
2840 2611 2893 2663 in
2924 2610 3073 2663 dicto
3106 2617 3326 2662 auctore

1756 2705 1915 2759 nobis
1945 2713 2213 2773 superest,
2245 2701 2568 2769 referamus,
2602 2703 2921 2756 narratione
2955 2701 3098 2756 haud
3135 2717 3326 2770 parum

1758 2797 1992 2859 diversa,
2027 2796 2095 2850 ab
2116 2810 2180 2849 ea
2207 2811 2314 2863 qua
2350 2794 2492 2847 idem
2526 2793 2851 2848 miraculum
2893 2793 2946 2847 in
2992 2793 3142 2848 Actis
3191 2808 3326 2862 prm-

1758 2886 1918 2941 dictis
1949 2895 2282 2940 recensetur.
2308 2883 2485 2938 Verba
2520 2883 2810 2939 Sozomeni
2837 2885 2930 2939 lib.
2954 2901 3052 2951 vu,
3085 2900 3203 2955 cap.
3235 2884 3327 2951 27,

77 2987 216 3032 sunt.
252 2997 272 3030 ι
305 2976 463 3032 Hanc
498 2993 626 3032 vero
657 2977 946 3046 epistolam
993 2995 1009 3025 ι
1054 2975 1192 3028 falso
1222 2977 1649 3044 suprascriptam
1681 3017 1723 3074 Ο
1762 2979 1875 3033 haec
1907 2985 2078 3033 sunt:
2119 2996 2137 3028 ι
2174 2977 2333 3031 Aliud
2359 2983 2617 3046 praeterea
2661 2977 2805 3045 quod
2849 2977 2914 3032 de
2958 2978 3051 3031 illo
3097 2977 3327 3032 refertur

78 3071 174 3122 dici
197 3069 448 3140 quidem,
473 3068 566 3123 sed
591 3083 698 3121 non
722 3083 842 3122 esse
861 3066 1166 3137 Epiphanii,
1195 3086 1211 3118 ι
1238 3083 1391 3136 aeque
1410 3084 1473 3121 ac
1491 3068 1652 3121 aliam

80 3159 128 3214 in
153 3177 259 3230 qua
286 3159 627 3229 scripsisset,
657 3178 674 3209 ι
706 3156 783 3212 Ne
806 3157 1078 3211 inducatis
1109 3157 1375 3227 imagines
1406 3159 1460 3210 in
1484 3159 1658 3213 eccle-

79 3255 204 3316 sias,
254 3267 442 3321 neque
486 3251 540 3304 in
584 3249 895 3304 coemeteria
935 3259 1272 3313 sanctorum,
1332 3248 1428 3304 sed
1483 3265 1659 3318 neque

80 3343 129 3397 in
170 3344 406 3397 domum
453 3357 835 3404 communem;
879 3359 898 3392 ι
937 3356 1059 3394 cum
1109 3341 1292 3395 multis
1333 3341 1661 3395 ostendisset

79 3435 328 3505 synodus
371 3442 480 3488 act.
514 3433 568 3499 6,
600 3448 657 3487 se
695 3433 913 3502 quidem
960 3451 976 3482 ι
1007 3441 1254 3487 sanctum
1297 3431 1514 3485 Patrem
1562 3432 1660 3486 do-

80 3536 285 3582 ctorem
336 3525 598 3579 Ecclesia:
638 3524 918 3578 catholica:
970 3539 1152 3588 nosse,
1203 3524 1658 3593 conscriptionem

80 3632 206 3673 vero
241 3637 261 3669 ι
300 3617 546 3687 abjicere
575 3616 772 3671 iterum
802 3617 1088 3684 profitetur
1117 3635 1129 3669 :
1155 3617 1281 3685 quia
1322 3635 1339 3665 ‹
1369 3615 1484 3669 haec
1515 3631 1661 3672 men-

84 3710 230 3765 dacis
263 3708 594 3764 assertionis
645 3709 973 3776 conscripta,
1026 3723 1144 3777 qua:
1195 3718 1385 3762 contra
1429 3723 1659 3762 venera-

81 3802 211 3856 biles
241 3801 519 3871 imagines
559 3809 708 3863 sunt,
735 3799 990 3853 dicuntur
1037 3799 1255 3869 quidem
1282 3815 1312 3852 a
1335 3799 1660 3870 quibusdam

83 3893 138 3949 S.
167 3893 471 3965 Epiphanii
495 3909 634 3958 esse,
683 3893 776 3947 sed
810 3893 959 3946 nullo
986 3893 1144 3947 modo
1175 3902 1324 3947 sunt.
1357 3912 1376 3944 ›

146 3987 236 4042 25.
271 3986 464 4057 Ipsum
496 4000 659 4056 porro
697 3984 898 4039 factum
923 4026 937 4052 ,
999 3985 1156 4056 cujus
1205 3986 1495 4040 occasione
1542 3985 1664 4040 haec

82 4077 244 4143 dicta,
285 4077 584 4132 audiamus
620 4077 854 4146 propriis
898 4077 1018 4146 ejus
1066 4076 1268 4131 verbis.
1309 4095 1326 4128 ‹
1371 4074 1660 4142 Prwterea,

81 4171 293 4240 inquit,
347 4169 536 4224 audivi
593 4167 861 4238 quosdam
915 4183 1260 4222 murmurare
1315 4179 1504 4222 contra
1554 4184 1660 4235 me,

81 4261 208 4331 quia
232 4259 467 4330 quando
496 4257 660 4312 simul
705 4257 1062 4328 pergebamus
1090 4257 1157 4310 ad
1188 4265 1435 4311 sanctum
1481 4258 1662 4311 locum

1760 3083 2190 3124 commemorare
2225 3069 2378 3122 libet.
2413 3068 2468 3122 ld
2493 3067 2712 3137 quidem
2743 3069 2811 3122 ab
2851 3069 3172 3123 admirando
3197 3069 3328 3125 Cre-

1759 3160 1934 3229 gorio,
1959 3159 2052 3228 qui
2083 3158 2578 3215 Neocaesariensem
2614 3159 2782 3214 etiam
2835 3161 2973 3214 rexit
3002 3160 3328 3226 Ecclesiam,

1761 3262 1971 3322 gestuin
2001 3267 2123 3307 esse
2149 3253 2331 3322 accepi
2363 3262 2418 3306 et
2453 3253 2688 3307 libenter
2732 3253 2931 3317 credo;
2974 3255 3065 3308 sed
3102 3269 3209 3308 non
3249 3255 3328 3308 id-

1761 3346 1908 3400 circo
1937 3345 2252 3399 incredibile
2278 3345 2450 3399 videri
2491 3345 2649 3399 debet
2689 3345 2829 3400 idem
2862 3360 3079 3416 quoque
3126 3346 3328 3401 factum

1760 3437 1829 3491 ab
1852 3435 2191 3506 Epiphanio;
2227 3452 2404 3506 neque
2453 3438 2596 3491 enim
2644 3437 2794 3492 solus
2826 3436 3020 3493 Petrus
3053 3441 3330 3508 apostolus

1761 3536 2037 3582 mortuum
2103 3528 2172 3581 ab
2237 3527 2424 3582 inferis
2479 3528 2863 3592 resuscitavit;
2921 3544 3106 3582 verum
3165 3531 3330 3585 etiam

1759 3619 1997 3674 Joannes
2026 3620 2079 3672 in
2110 3620 2245 3674 urbe
2269 3619 2508 3688 Epheso,
2531 3630 2584 3674 et
2608 3618 2843 3689 Philippi
2873 3621 2996 3676 ﬁlia:
3021 3620 3290 3691 Hierapoli
3314 3642 3329 3690 ;

1762 3713 2092 3783 multosque,
2138 3721 2247 3766 tam
2285 3729 2349 3767 ex
2394 3713 2636 3782 antiquis
2671 3728 2836 3782 quam
2882 3729 2947 3766 ex
2985 3726 3182 3768 nostra:
3215 3731 3331 3768 me-

1763 3805 1948 3860 moriae
1995 3805 2098 3874 piis
2147 3805 2483 3870 hominibus,
2547 3806 2734 3859 eadem
2790 3821 3162 3874 saepenumero
3207 3821 3332 3875 ges-

1761 3901 1899 3954 sisse
1931 3900 2315 3968 comperimus.
2345 3898 2400 3954 ld
2431 3905 2634 3963 autem,
2668 3897 2813 3968 quod
2842 3900 3020 3953 dicere
3049 3902 3329 3970 proposui,

1765 3991 2075 4059 hujusmodi
2111 3999 2214 4044 est.

1832 4081 1922 4135 ‘25.
1959 4100 1977 4133 ι
2013 4081 2129 4136 Duo
2153 4081 2373 4152 quidam
2407 4080 2804 4144 meudici,cum
2836 4079 3198 4151 Epiphanium
3242 4097 3332 4136 ve-

1766 4171 1999 4226 nientem
2027 4172 2434 4236 observassent,
2460 4179 2517 4224 ut
2547 4171 2671 4240 plus
2698 4172 2942 4241 pecuniae
2971 4172 3038 4226 ab
3066 4188 3130 4226 eo
3151 4189 3334 4227 emun-

1766 4272 1973 4334 gerent,
2009 4263 2146 4318 alter
2171 4264 2390 4334 quidem
2415 4279 2628 4328 eorum,
2654 4279 2818 4332 super
2842 4265 3019 4318 solum
3053 4275 3332 4330 extensus,

81 4353 170 4421 qui
211 4359 452 4408 vocatur
476 4347 684 4414 Bcthel,
721 4358 780 4404 ut
814 4349 888 4403 ibi
918 4348 1197 4403 collectam
1226 4359 1402 4402 tecum
1426 4365 1491 4403 ex
1515 4365 1666 4404 more
1696 4357 1739 4412 Ι)
1769 4367 1984 4409 mortuo
2018 4355 2213 4410 similis
2247 4355 2453 4424 jacuit;
2484 4355 2620 4409 alter
2656 4369 2786 4410 vero
2825 4371 2994 4424 prope
3026 4366 3179 4410 stans
3219 4357 3334 4426 plo-

81 4441 466 4497 ecclesiastico
507 4440 764 4506 facerem,
799 4449 851 4494 et
897 4440 1169 4494 venissem
1219 4441 1284 4493 ad
1327 4441 1510 4494 villam
1540 4455 1662 4510 qua:

82 4533 285 4587 dicitur
329 4531 666 4598 Anablatha,
698 4531 1063 4598 vidissentque
1098 4529 1171 4583 ibi
1223 4531 1536 4598 prieterieus
1578 4531 1664 4583 lu-

84 4640 310 4678 cernam
379 4623 704 4689 ardentem,
760 4632 812 4676 et
861 4621 1280 4690 interrogassem
1340 4619 1462 4691 quis
1511 4620 1666 4674 locus

83 4728 247 4781 esset,
280 4714 714 4784 didicissemque
740 4728 860 4767 esse
884 4712 1192 4776 ecclesiam,
1216 4720 1270 4765 et
1292 4712 1580 4766 intrassem
1611 4720 1669 4766 ut

83 4824 338 4874 orarem;
419 4806 603 4860 inveni
667 4805 738 4858 ibi
797 4805 972 4858 velum
1046 4804 1287 4873 pendens
1347 4803 1401 4856 in
1463 4803 1669 4857 foribus

82 4901 330 4967 ejusdem
368 4898 638 4963 ecclesiae,
678 4899 908 4950 tinctum
957 4909 1118 4965 atque
1157 4895 1454 4963 depictum,
1489 4904 1542 4948 et
1570 4895 1671 4948 ha-

86 4993 217 5046 bens
240 4991 574 5061 imaginem,
605 4989 762 5058 quasi
791 4988 993 5042 Christi
1019 4987 1102 5040 vel
1135 4986 1313 5041 sancti
1346 4986 1668 5054 cujusdam:

87 5099 182 5138 nec
214 5084 373 5139 enim
417 5081 557 5136 satis
599 5079 823 5135 memini
869 5079 1026 5148 cujus
1067 5079 1246 5146 imago
1299 5074 1480 5132 fuerit.
1532 5075 1669 5131 Cum

86 5188 212 5244 ergo
246 5175 360 5228 hoc
386 5171 671 5237 vidissem,
717 5171 770 5223 in
802 5169 1031 5224 ecclesia
1073 5167 1297 5232 Christi,
1343 5177 1533 5222 contra
1581 5183 1672 5222 au-

86 5268 408 5321 ctoritatem
449 5262 882 5333 Scripturarum,
926 5261 1163 5314 hominis
1203 5259 1437 5329 pendere
1479 5259 1672 5330 imagi-

87 5373 245 5422 nem;
287 5355 436 5412 scidi
467 5353 599 5408 illud
627 5362 683 5408 et
725 5354 898 5424 magis
941 5353 1062 5408 dedi
1111 5351 1396 5406 consilium
1434 5352 1672 5406 custodi-

89 5451 185 5505 bus
211 5449 474 5522 ejusdem
507 5448 632 5514 loci,
663 5458 719 5502 ut
751 5461 1045 5518 pauperem
1079 5455 1354 5500 mortuum
1389 5459 1454 5500 eo
1485 5445 1674 5500 obvol-

89 5554 274 5598 verent
344 5552 407 5596 et
453 5541 726 5597 efferrent.
777 5541 966 5611 Illique
1017 5552 1205 5596 contra
1265 5552 1672 5597 murmurantes

90 5632 374 5698 dixerunt,
409 5631 466 5686 Si
488 5631 735 5687 scindere
757 5633 1244 5701 voluerat,justum
1269 5644 1406 5701 erat,
1436 5643 1494 5690 ut
1523 5635 1668 5690 aliud

1771 4446 1946 4510 rabat,
1973 4447 2135 4500 simul
2163 4447 2365 4501 sodalis
2401 4446 2485 4502 sui
2528 4455 2758 4501 mortem
2803 4447 3123 4510 lamentans,
3173 4448 3334 4501 simul

1769 4548 2060 4609 egestatem
2095 4555 2248 4594 suam
2285 4556 2543 4608 querens,
2571 4540 2715 4608 quod
2765 4541 2911 4592 illum
2954 4541 3183 4608 sepelire
3227 4555 3332 4593 non

1771 4639 1970 4698 posset.
2005 4627 2343 4698 Epiphanius
2375 4645 2527 4693 vero,
2564 4630 2760 4699 iacenti
2791 4629 3032 4697 requiem
3074 4645 3336 4698 appreca-

1770 4729 1878 4780 tus,
1910 4734 2031 4787 quae
2080 4718 2147 4772 ad
2199 4720 2534 4786 sepulturam
2580 4718 2886 4772 necessaria
2929 4728 3084 4771 erant
3121 4719 3334 4772 mendi-

1769 4811 1912 4865 canti
1945 4811 2186 4873 donavit,
2229 4810 2488 4878 flentique
2517 4810 2655 4864 dixit
2685 4827 2698 4863 :
2735 4808 2880 4862 Cura
2919 4809 3252 4878 sepulturam
3285 4819 3337 4863 et

1769 4905 1984 4973 plorare
2006 4904 2211 4967 desine,
2251 4903 2326 4957 fili
2352 4921 2366 4969 ;
2392 4917 2568 4971 neque
2593 4902 2740 4956 enim
2775 4902 2830 4956 in
2865 4903 3118 4972 prmseuti
3153 4919 3337 4958 resur-

1770 5006 1856 5064 get
1881 5013 1894 5049 :
1919 4997 2062 5065 quod
2086 5010 2212 5048 vero
2241 4994 2439 5049 accidit
2469 4993 2780 5049 inevitabile
2802 5009 2866 5049 ac
2896 5009 3121 5064 prorsus
3146 5011 3336 5050 neces-

1771 5088 1998 5151 sarium,
2022 5087 2074 5141 id
2105 5085 2231 5140 forti
2259 5087 2443 5140 animo
2468 5085 2749 5141 ferendum
2778 5098 2879 5142 est.
2907 5087 2972 5141 Et
2999 5086 3336 5157 Epiphanius

1772 5179 1988 5248 quidem
2023 5179 2108 5234 his
2137 5179 2299 5234 dictis
2325 5180 2616 5234 abscessit.
2654 5177 2790 5233 Cum
2826 5189 3007 5234 autem
3041 5195 3335 5248 nemo.ij

1775 5271 1828 5326 in
1863 5281 2158 5341 conspectu
2185 5282 2350 5337 esset,
2386 5273 2666 5327 mendicus
2704 5282 2859 5327 stans
2893 5271 3160 5341 jacentem
3206 5273 3339 5341 pede

1774 5363 1988 5433 pulsare
2011 5363 2194 5434 coepit,
2244 5365 2473 5418 laudans
2506 5365 2652 5434 quod
2691 5375 2967 5419 mortuum
3011 5365 3223 5433 egregie
3262 5363 3338 5417 si-

1772 5455 2072 5511 mulasset:
2108 5465 2182 5520 et,
2211 5456 2406 5527 Surge,
2449 5457 2659 5525 inquit;
2708 5471 2775 5510 ex
2821 5457 3006 5510 labore
3050 5467 3142 5509 tuo
3193 5456 3337 5509 hunc

1773 5549 1954 5604 laetum
1999 5552 2362 5621 transigemus
2413 5552 2576 5606 diem.
2617 5549 2720 5605 Sed
2765 5566 2889 5606 cum
2947 5552 3035 5604 ille
3081 5559 3339 5620 perpetuo

1770 5641 1995 5709 jaceret,
2027 5649 2082 5697 et
2113 5642 2284 5697 nihilo
2308 5643 2429 5712 plus
2462 5659 2564 5699 nec
2605 5644 2930 5698 clamantem
2977 5644 3206 5709 audiret,
3236 5655 3337 5697 nec
