3778 6362
388 277 487 328 ιδι

1394 266 1454 317 ὃ.
1492 260 1833 317 ΕΡΙΡΗΑΜΙ
1877 259 2059 315 AUIA
2087 254 2591 309 BULLAl‘DlANA.

3617 238 3647 286 ί
3660 234 3732 286 59

391 396 523 451 totis
561 391 772 447 viribus
837 395 1152 444 monentem
1212 385 1470 451 sentiret;
1520 384 1737 439 concito
1791 396 1957 437 cursu
1986 386 2034 441 Α
2062 379 2398 434 munionem.
2437 374 2668 444 Scripsit
2721 372 2909 442 itaque
2967 371 3035 426 de
3083 369 3170 424 bis
3215 362 3732 436 archiepiscopo

390 489 706 558 episcOpum
752 491 1059 543 assecutus,
1115 476 1362 532 fraudem
1413 475 1697 530 amborum
1747 470 1964 527 confes.-

394 595 512 645 sus,
530 579 860 648 ploransque
879 582 933 629 et
956 572 1137 627 crines
1162 568 1421 624 vellicans
1454 567 1665 628 orabat,
1692 573 1752 619 ut
1779 564 1964 618 socius

394 670 463 725 ad
498 670 664 722 vitam
693 672 1061 721 revocaretur.
1094 660 1296 715 Verum
1323 657 1659 727 Epiphanius
1685 656 1963 709 hominem

396 762 623 826 dimisit,
652 761 903 813 hortatus
934 764 995 809 ut
1031 754 1084 808 id
1114 752 1262 823 quod
1292 750 1563 805 acciderat
1596 764 1752 818 aequo
1780 747 1965 801 animo

397 853 605 908 ferret:
643 866 751 905 non
789 850 933 904 enim
985 846 1279 901 dissolvere
1315 843 1486 896 voluit
1537 840 1681 895 Deus
1730 840 1782 893 id
1822 838 1966 908 quod

399 946 600 1001 factum
632 943 827 1010 fuerat,
874 939 1201 1011 persuadere
1236 937 1461 991 omnino
1501 934 1686 989 volens
1731 931 1968 985 homini-

400 1039 521 1100 bus,
552 1052 646 1091 eos
667 1035 757 1105 qui
788 1048 847 1089 se
881 1033 1016 1087 tales
1051 1031 1290 1101 praebent
1322 1043 1448 1097 erga
1497 1025 1731 1080 famulos
1774 1025 1966 1094 ipsius,

401 1129 503 1199 ipsi
534 1127 627 1195 qui
649 1126 831 1179 omnia
862 1124 1012 1177 audit
1037 1137 1101 1176 ac
1134 1120 1281 1174 videt
1308 1118 1551 1172 fraudem
1590 1126 1821 1170 struere.
1876 1132 1894 1164 ›

471 1218 561 1273 26.
616 1215 917 1285 Prophetize
951 1228 1113 1282 porro
1156 1211 1359 1264 donum
1402 1209 1455 1261 in
1504 1205 1825 1276 Epiphanio,
1863 1218 1971 1272 quo

402 1308 617 1363 occulta
647 1314 699 1359 et
726 1318 926 1357 arcana
962 1300 1241 1369 pervidere
1269 1296 1532 1352 divinitus
1562 1296 1610 1349 ei
1635 1310 1777 1364 saepe
1807 1295 1973 1348 daba-

405 1410 514 1463 tur,
551 1397 754 1451 indicat
785 1395 872 1449 illa
911 1392 1232 1461 signiﬁcatio
1277 1406 1418 1444 verte
1462 1389 1655 1443 mortis
1693 1387 1835 1456 ejus,
1879 1386 1974 1456 qui

404 1505 525 1544 eam
560 1486 817 1542 simulare
838 1485 1102 1539 duntaxat
1127 1482 1451 1537 credebatur
1491 1496 1520 1533 a
1551 1479 1720 1544 socio,
1766 1494 1890 1533 cum
1925 1477 1973 1532 ei

405 1582 571 1634 dixit:
606 1597 623 1629 ι
668 1577 853 1646 Neque
895 1575 1038 1630 enim
1086 1575 1140 1627 in
1182 1572 1433 1643 praesenti
1472 1577 1737 1640 resurget.
1779 1588 1797 1621 ι
1830 1569 1977 1624 Idem

406 1675 610 1727 donum
644 1670 822 1739 primo
871 1684 937 1723 ex
978 1666 1259 1722 communi
1296 1664 1460 1728 fama,
1515 1663 1707 1718 deinde
1758 1661 1974 1733 propria

407 1764 738 1833 experientia
778 1769 1116 1831 agnoverunt
1145 1759 1256 1812 duo
1296 1758 1395 1820 illi,
1420 1757 1485 1812 de
1517 1756 1718 1826 quibus
1737 1755 1978 1810 narravit
2010 1751 2051 1805 Β

410 1872 570 1912 senex
593 1854 813 1924 quidam
846 1853 899 1907 in
940 1850 1069 1904 Vitis
1099 1850 1346 1914 Patrum,
1372 1849 1552 1904 libello
1585 1864 1671 1911 xv,
1702 1864 1853 1903 num.
1888 1847 1977 1915 88,

411 1948 703 2016 interprete
732 1943 967 2014 Pelagio,
993 1942 1079 1998 his
1107 1942 1287 1996 verbis
1321 1960 1334 1994 :
1371 1958 1390 1992 ι
1429 1940 1546 1995 Duo
1578 1940 1797 2010 quidam
1826 1948 1983 1993 erant

410 2038 699 2094 saeculares
727 2034 998 2105 religiosi;
1029 2043 1083 2088 et
1109 2034 1481 2103 colloquentes
1529 2046 1739 2095 secum,
1775 2028 1982 2100 egressi

412 2139 561 2193 sunt,
594 2138 647 2183 et
678 2127 806 2181 facti
829 2135 958 2181 sunt
1000 2124 1274 2181 monachi.
1323 2121 1749 2177 [Emulationem
1799 2129 1981 2174 autem

414 2220 676 2274 habentes
727 2217 879 2272 vocis
938 2216 1293 2285 evangelicae,
1349 2214 1443 2269 sed
1499 2229 1607 2268 non
1680 2212 1981 2267 secundum

415 2311 725 2373 scientiam,
777 2315 1157 2363 castraverunt
1209 2322 1269 2361 se
1325 2306 1481 2376 quasi
1534 2314 1757 2375 propter
1822 2320 1986 2373 regna

415 2403 705 2458 caelorum.
757 2400 1001 2455 Audiens
1048 2408 1230 2453 autem
1282 2396 1725 2465 archiepiscopus
1770 2409 1988 2449 excom-

418 2494 716 2550 munieavit
747 2508 863 2547 eos.
899 2490 976 2545 Illi
1026 2501 1226 2554 autem,
1272 2498 1525 2559 putantes
1559 2488 1686 2557 quia
1727 2487 1863 2541 bene
1912 2486 1990 2540 fe—

398 2586 645 2655 cissent,
679 2582 944 2651 indignati
979 2590 1107 2635 sunt
1149 2588 1339 2634 contra
1376 2593 1523 2641 eum,
1555 2577 1797 2632 dicentes
1835 2596 1848 2629 :
1878 2575 1988 2631 Nos

421 2684 640 2747 propter
670 2690 833 2743 regna
858 2673 1123 2728 caelorum
1156 2672 1517 2726 castravimus
1546 2685 1666 2734 nos,
1704 2677 1756 2722 et
1780 2669 1867 2722 hic
1897 2684 1992 2723 ex-

421 2765 846 2823 communicavit
870 2765 1007 2818 nos?
1043 2762 1244 2816 Eamus
1269 2773 1323 2816 et
1353 2760 1759 2829 interpellemus
1791 2760 1991 2813 adver-

423 2873 520 2914 sus
588 2872 713 2912 eum
782 2853 1414 2924 Hierosolymitanorum
1490 2850 1983 2918 archiepiscopum.

421 2950 697 3005 Abeuntes
730 2964 860 3017 ergo
883 2947 1261 3000 indicaverunt
1291 2945 1341 2998 ei
1387 2942 1592 2997 omnia.
1629 2941 1695 2995 Et
1734 2942 1870 2995 dixit
1912 2942 1993 2995 eis

423 3041 869 3109 archiepiscopus
901 3036 1425 3106 Hierosolymitanus
1466 3034 1571 3089 :Et
1616 3050 1715 3104 ego
1762 3049 1860 3088 vos
1898 3048 1992 3087 ex—

2071 473 2412 527 Alexandria:
2441 469 2630 523 dicens
2666 486 2679 520 :
2712 465 2940 533 Suscipe
2984 462 3125 517 tilios
3179 470 3320 524 tuos,
3385 454 3736 529 quoniam

2073 565 2127 620 in
2155 565 2381 618 veritate
2407 559 2782 632 paenitentiam
2811 566 3060 627 egerunt,
3109 562 3164 609 et
3204 554 3421 608 addidit
3488 559 3736 609 senex,

2074 657 2166 728 qui
2214 657 2318 711 hoc
2361 653 2666 722 exemplum
2719 658 3058 711 narraverat,
3096 646 3297 699 ‘dicens
3332 662 3347 699 :
3390 642 3573 696 Haec
3644 648 3742 691 est

2075 749 2279 804 sanitas
2311 746 2567 807 hominis,
2587 752 2641 797 et
2667 743 2769 797 hoc
2790 750 2871 795 est
2896 738 3042 810 quod
3072 736 3365 804 vultDeus,
3396 744 3477 789 ut
3519 735 3741 786 honto

2076 841 2289 909 culpam
2326 852 2479 893 suam
2508 834 2756 906 projiciat
2792 842 2915 886 ante
2948 831 3140 885 Deum.
3192 847 3210 880 ι

2144 932 2233 986 28.
2261 930 2356 984 llis
2382 930 2611 998 aliisque
2649 923 3027 996 spiritualt‘hus
3050 923 3238 995 gratiis
3268 939 3386 977 aevo
3434 935 3582 977 suo
3627 932 3742 972 ce-

2078 1026 2242 1080 lebris
2281 1023 2637 1093 Epiphanius,
2661 1020 2756 1073 toti
2791 1019 3043 1087 deinceps
3068 1017 3372 1086 posteritati
3420 1012 3743 1068 innotuit

2079 1118 2296 1188 scriptis
2320 1116 2472 1170 libris
2506 1128 2737 1183 quorum
2779 1113 2990 1181 primus
3039 1109 3141 1165 fuit
3183 1125 3340 1179 quem
3375 1105 3742 1177 appellant

2079 1211 2434 1271 Ancoratum,
2483 1216 2767 1277 propterea
2819 1203 2965 1274 quod
3014 1204 3273 1268 animum,
3329 1200 3400 1255 de
3456 1200 3618 1253 vita
3660 1212 3740 1251 ac

2080 1303 2254 1358 salute
2292 1301 2605 1363 sollicitum,
2642 1299 2817 1353 instar
2859 1313 3074 1351 ancora:
3121 1296 3319 1349 firmat.
3349 1294 3503 1363 Ejus
3552 1290 3739 1346 scri-

2081 1394 2242 1450 bendi
2270 1392 2392 1447 data
2419 1392 2521 1460 ipsi
2542 1391 2761 1445 occasio
2782 1398 2865 1443 est
2898 1405 2994 1459 per
3023 1408 3039 1441 (
3071 1388 3351 1458 epistolam
3391 1385 3733 1453 scriptam

2082 1502 2113 1540 e
2154 1484 2472 1554 Pamphilia,
2498 1498 2563 1536 ex
2596 1481 2794 1551 oppido
2827 1479 3048 1534 Suedris
3082 1496 3111 1532 a
3147 1476 3401 1542 Tarsino,
3436 1475 3735 1529 Maditio

2084 1588 2136 1633 et
2189 1577 2308 1631 aliis
2351 1573 2678 1644 presbyteris
2724 1587 2866 1625 anno
2912 1570 2979 1625 90
3034 1571 3366 1633 Diocletiani,
3416 1564 3732 1622 Valentis

2087 1684 2264 1723 verox
2299 1677 2353 1722 et
2378 1666 2619 1721 Gratiani
2645 1680 2719 1726 vr,
2762 1682 2779 1715 ι
2815 1666 2906 1734 qui
2942 1664 3043 1717 fuit
3080 1662 3284 1717 Christi
3315 1662 3447 1716 575.
3486 1660 3731 1730 Ipsam

2080 1763 2364 1832 epistolam
2401 1769 2526 1814 ante
2557 1773 2695 1828 opus
2729 1759 2912 1813 videre
2956 1770 3060 1821 est,
3103 1772 3209 1811 una
3252 1771 3373 1809 cum
3425 1752 3722 1825 epistola

2078 1854 2305 1909 Palladii
2343 1851 2649 1921 cujusdam,
2676 1860 2735 1906 ut
2762 1867 2826 1905 ex
2858 1850 3119 1919 rescripto
3137 1857 3355 1917 apparet
3378 1848 3723 1911 monachi,

2078 1948 2176 2018 τῆς
2220 1946 2388 2014 αὐτῆς
2447 1944 2650 2007 πόλεως
2699 1942 2972 2013 Σουέδρων
3008 1941 3451 2011 πολιτευομένου,
3521 1939 3716 2011 quod

2082 2040 2297 2094 mallem
2333 2057 2349 2088 ι
2398 2038 2454 2091 in
2498 2038 2688 2091 eadem
2736 2034 3069 2089 Suedrorutn
3113 2033 3247 2087 urbe
3289 2033 3672 2087 habitantem
3698 2072 3718 2093 ,

2082 2146 2245 2202 quam
2279 2128 2410 2183 inibi
2449 2129 2774 2197 magistratu
2811 2127 2993 2197 aliquo
3032 2124 3369 2194 perfunctum
3405 2135 3508 2178 aut
3559 2124 3721 2178 furi-

2084 2232 2294 2294 gentem
2326 2239 2343 2272 ι
2380 2229 2612 2273 vertere.
2665 2217 2947 2272 Moverant
2990 2229 3170 2270 autem
3203 2232 3318 2281 eos,
3364 2219 3464 2287 qui
3511 2229 3713 2271 antea

2086 2328 2309 2368 suorum
2364 2311 2563 2365 multos
2624 2309 2691 2363 ab
2743 2325 2929 2363 errore
2990 2309 3252 2363 abductos
3316 2310 3715 2378 gaudebant,

2092 2423 2111 2456 ‹
2148 2405 2382 2473 acceptis
2429 2420 2459 2458 a
2512 2404 2671 2456 beato
2723 2417 2787 2456 ac
2840 2401 3014 2455 felicis
3074 2401 3347 2455 memorize
3400 2401 3711 2471 episc‘0po

2088 2497 2386 2551 Athanasio
2433 2506 2488 2550 et
2542 2495 2609 2549 ab
2658 2494 3072 2563 religiosissime
3118 2492 3404 2562 Epiphanii
3463 2494 3711 2561 collega

2088 2588 2375 2643 Procliano
2408 2586 2622 2648 litteris,
2664 2603 2681 2635 ι
2720 2593 2781 2637 ut
2817 2583 2884 2638 ad
2917 2584 3092 2651 ipsum
3128 2579 3491 2652 Epiphanium
3531 2597 3709 2636 nunc

2089 2688 2453 2742 recurrerent,
2502 2687 2719 2732 mortuo
2752 2687 2876 2730 ante
2923 2676 3201 2730 biennium
3246 2674 3588 2738 Athanasio,
3641 2684 3707 2727 et

2091 2771 2375 2825 Procliano
2414 2769 2568 2822 aliter
2602 2766 2902 2836 impedito:
2937 2774 3235 2825 moverant.
3295 2766 3551 2835 inquam,
3592 2780 3703 2819 eos

2099 2881 2116 2912 ι
2144 2858 2497 2916 conscelerati
2524 2857 2789 2927 dogmatis
2814 2852 3079 2925 reliquim,
3102 2856 3241 2925 apud
3261 2855 3563 2909 nonnullos
3592 2856 3705 2908 ad-

2094 2954 2201 3007 huc
2231 2952 2570 3020 superstites,
2611 2968 2629 3000 ι
2661 2949 3146 3017 compulerantque
3166 2963 3355 3016 rogare
3380 2957 3442 3001 ut
3473 2959 3530 3002 et
3564 2949 3703 3019 ipse

2104 3064 2122 3095 ‹
2160 3034 2226 3098 ad
2259 3058 2446 3097 eorum
2492 3042 2793 3096 Ecclesiam
2842 3022 3051 3095 litteoras
3098 3042 3227 3095 dare
3263 3057 3369 3095 non
3415 3058 3701 3111 gravare-

425 3131 791 3189 commnnico.
821 3127 901 3181 Ex
926 3143 1035 3197 quo
1070 3128 1265 3179 iterum
1307 3125 1616 3180 contristati
1655 3124 1906 3179 abierunt
1942 3125 1993 3176 in
2023 3107 2065 3165 ο
2100 3147 2207 3197 ιυτ,
2240 3155 2257 3187 ,
2293 3151 2356 3189 ac
2396 3144 2598 3190 rectam
2645 3134 2805 3187 ﬁdem
2849 3133 3071 3189 uberius
3116 3107 3442 3203 explicare:
3466 3134 3695 3205 Dogm,

425 3223 769 3277 Antiochiam
802 3220 869 3273 ad
911 3218 1407 3286 archiepiscopum,
1434 3225 1487 3271 et
1516 3217 1769 3270 dixerunt
1806 3217 1857 3268 ei
1885 3230 1999 3269 om-

429 3316 520 3369 nia
542 3329 663 3384 quae
688 3312 827 3367 facta
861 3310 1074 3364 fuerant
1114 3310 1257 3363 circa
1298 3324 1386 3375 se;
1420 3318 1473 3362 et
1504 3309 1595 3362 ille
1628 3309 1877 3363 similiter
1905 3322 2000 3361 ex-

429 3401 853 3457 communicavit
877 3415 993 3455 eos.
1027 3399 1091 3452 Et
1120 3398 1377 3453 dixerunt
1404 3399 1468 3453 ad
1497 3400 1705 3471 seipsos
1742 3418 1755 3452 :
1796 3398 1998 3454 Eamus

432 3492 661 3548 Romam
693 3492 758 3546 ad
790 3492 1181 3561 patriarcham,
1213 3501 1266 3544 et
1297 3492 1408 3560 ipse
1455 3506 1555 3545 nos
1594 3490 1889 3545 vindicabit
1933 3490 2001 3545 de

432 3585 688 3639 omnibus
717 3583 855 3638 istis.
886 3582 1153 3637 Abietunt
1180 3598 1309 3651 ergo
1336 3583 1402 3636 ad
1431 3598 1705 3637 summum
1742 3584 2002 3652 archiepi-

434 3691 657 3745 scopum
692 3674 952 3729 Romanae
984 3675 1243 3736 civitatis,
1272 3682 1326 3728 et
1364 3684 1753 3745 suggesserunt
1785 3675 1834 3730 ei
1880 3691 2002 3744 qua:

433 3766 675 3821 fecerant
702 3768 783 3821 eis
814 3767 1097 3821 memorati
1130 3766 1543 3836 archiepiscopi,
1577 3767 1818 3821 dicentes
1853 3788 1865 3823 :
1898 3765 2001 3823 Ve-

435 3859 617 3913 nimus
641 3859 708 3912 ad
746 3868 816 3921 te,
862 3860 989 3928 quia
1019 3867 1077 3912 tu
1120 3873 1178 3913 es
1222 3868 1383 3928 caput
1420 3858 1687 3913 omnium.
1729 3857 1869 3913 Dicit
1906 3874 2004 3913 au-

439 3959 543 4004 tem
570 3957 624 4003 et
641 3949 721 4004 eis
753 3950 869 4019 ipse
897 3972 908 4004 :
936 3950 1048 4019 Ego
1094 3964 1188 4005 vos
1215 3951 1629 4005 excommunico
1660 3959 1713 4005 et
1740 3950 2005 4021 segregati

437 4039 589 4094 estis.

507 4130 599 4183 27.
649 4147 668 4181 ‹
698 4129 852 4184 Tunc
878 4130 1191 4185 defecerunt
1215 4132 1671 4187 excommunicati
1716 4133 1879 4188 totius
1913 4148 2005 4187 ra-

440 4222 606 4277 tionis
628 4232 680 4277 et
709 4223 962 4276 dixerunt
995 4222 1061 4276 ad
1096 4223 1415 4292 semetipsos
1449 4239 1461 4275 :
1489 4222 1581 4279 Isti
1628 4227 1869 4295 episcopi
1903 4226 2007 4280 sibi

444 4312 673 4366 invicem
702 4312 953 4366 deferunt
991 4322 1044 4366 et
1078 4314 1446 4377 consentiunt,
1494 4324 1714 4384 propter
1760 4316 1907 4385 quod
1952 4317 2007 4370 in

2100 3239 2280 3282 autem
2316 3228 2469 3291 illud,
2493 3236 2553 3281 ut
2578 3243 2641 3281 ex
2671 3226 2898 3295 epistola
2931 3224 3153 3279 Palladii
3185 3225 3525 3293 intelligitur,
3564 3224 3692 3277 Eu-

2103 3320 2488 3374 nomianorum
2518 3317 2640 3381 fuit,
2677 3337 2695 3368 ι
2730 3318 2920 3372 inanes
2948 3327 3002 3371 ct
3031 3316 3296 3371 absurdus
3344 3317 3695 3386 quaestiones

2100 3414 2167 3468 de
2201 3413 2403 3482 Spiritu
2446 3424 2635 3467 sancto
2668 3412 3027 3474 moventium,
3076 3411 3499 3480 negantiumquc
3554 3426 3689 3463 curn

2102 3522 2225 3561 cum
2262 3505 2544 3559 divinitate
2578 3505 2971 3571 dominatuque
3002 3503 3171 3571 gloria
3212 3502 3372 3555 simul
3422 3499 3567 3555 allici
3624 3517 3691 3556 ac

2102 3595 2384 3666 praedicari
2409 3605 2693 3665 Oportere;
2727 3595 2819 3648 sed
2855 3594 2908 3647 in
2948 3594 3182 3647 ministri
3216 3590 3459 3647 nuntiive
3488 3594 3688 3647 haberi

2104 3690 2244 3753 loco,
2269 3689 2379 3744 imo
2419 3689 2581 3742 etiam
2628 3687 2890 3742 humilius
2934 3686 3155 3756 aliquod
3198 3686 3581 3755 abjectiusque
3619 3686 3691 3739 de

2104 3781 2223 3851 ipso
2253 3779 2625 3835 sentientium.
2658 3778 2869 3844 Quibus
2894 3778 2959 3832 de
2994 3779 3195 3843 causis,
3236 3797 3253 3829 ι
3291 3779 3467 3848 inquit
3497 3780 3688 3832 Palla-

2106 3874 2249 3940 dius,
2291 3891 2309 3924 ι
2347 3874 2428 3929 sic
2455 3874 2713 3942 tanquam
2757 3872 3086 3927 inconstanti
3121 3872 3417 3941 jactatioue
3442 3888 3506 3926 ac
3537 3873 3677 3926 dilIi-

2106 3967 2196 4020 cili
2233 3974 2550 4036 tempestate
2595 3964 2955 4031 ﬂuctuantes;
2996 3978 3119 4018 cum
3160 3965 3432 4018 neminem
3488 3964 3583 4019 hic
3617 3965 3682 4019 ad

2107 4074 2200 4112 cas
2242 4058 2617 4112 dissolvendas
2655 4058 2986 4127 quaastiones
3041 4070 3104 4110 ac
3147 4072 3333 4110 sanam
3372 4056 3530 4111 ﬁdem
3582 4074 3683 4111 cx-

2108 4148 2410 4217 ponendam
2444 4149 2697 4202 idoneum
2719 4146 2957 4216 reperire
2987 4147 3291 4216 possimus;
3323 4147 3387 4201 ad
3418 4148 3679 4216 pietatem

2110 4247 2259 4291 tuam
2290 4238 2357 4291 de
2386 4238 2489 4293 hoc
2521 4237 2737 4308 negotio
2769 4235 2969 4291 referre
2995 4239 3166 4292 coacti
3217 4254 3428 4301 sumus,
3459 4248 3519 4291 ut
3564 4255 3680 4292 me-

2110 4330 2214 4383 rito
2243 4338 2295 4383 et
2322 4330 2465 4383 illam
2495 4345 2678 4384 vocem
2713 4346 2973 4400 usurpare
2991 4332 3269 4402 possimus
3300 4350 3312 4385 :
3349 4326 3679 4400 Praeceptor.

443 4405 665 4477 synodis
694 4416 1126 4474 congregantur;
1159 4407 1252 4460 sed
1299 4420 1490 4461 eamus
1537 4407 1603 4461 ad
1647 4408 1798 4461 illum
1830 4409 1995 4461 virum

2124 4437 2268 4477 serva
2301 4438 2420 4477 nos.
2444 4421 2808 4487 Quamobrem
2848 4424 2899 4477 id
2941 4440 3038 4494 pro
3073 4425 3283 4477 sincera
3319 4432 3409 4477 tua
3444 4439 3509 4476 ac
3530 4432 3679 4477 recta

443 4495 538 4551 Dei
593 4495 649 4549 S.
716 4494 1110 4565 Epiphanium,
1162 4498 1626 4566 archiepiscopum
1678 4498 1745 4552 de
1801 4498 2002 4569 Cypro,

445 4591 571 4658 quia
598 4589 855 4657 propheta
888 4598 989 4652 est,
1017 4599 1070 4642 et
1104 4604 1391 4658 personam
1422 4590 1658 4646 hominis
1699 4607 1806 4645 non
1861 4593 2005 4647 acci-

447 4682 541 4749 pit.
593 4678 729 4732 Cum
789 4687 970 4733 autem
1028 4681 1521 4749 appropinquarent
1578 4681 1809 4735 civitatis
1865 4682 2003 4750 ejus,

443 4772 740 4827 revelatum
763 4783 845 4827 est
877 4772 925 4827 ei
953 4774 1019 4827 de
1050 4773 1180 4842 ipsis
1216 4793 1227 4828 :
1260 4786 1312 4828 et
1358 4776 1580 4830 mittens
1622 4776 1676 4829 in
1711 4790 2004 4831 occursum

446 4875 635 4915 eorum
673 4861 810 4914 dixit
841 4883 853 4915 :
884 4860 960 4916 Ne
996 4863 1207 4917 intretis
1242 4864 1296 4917 in
1326 4865 1598 4919 civitatem
1643 4867 1824 4920 istam.
1853 4865 2007 4921 Tunc

447 4953 522 5009 illi
548 4953 598 5006 in
631 4969 689 5007 se
724 4956 945 5021 reversi,
978 4957 1231 5010 dixerunt
1260 4976 1273 5011 :
1304 4956 1411 5011 Pro
1439 4959 1662 5013 veritate
1693 4975 1793 5013 nos
1822 4961 2008 5029 culpa-

445 5048 581 5102 biles
620 5063 831 5113 sumus,
869 5058 926 5101 ut
965 5051 1090 5118 quid
1118 5066 1246 5121 ergo
1276 5067 1376 5106 nos
1415 5053 1562 5120 ipsos
1590 5052 2006 5121 justilicamus?

445 5138 552 5193 Fac
581 5140 743 5193 etiam
797 5141 924 5209 quia
970 5142 1044 5194 illi
1093 5142 1293 5211 injuste
1340 5160 1441 5198 nos
1493 5150 2007 5205 excommunicave-

447 5237 595 5292 runt,
627 5232 945 5299 nunquid-et
965 5230 1067 5285 istc
1095 5236 1391 5303 propheta?
1415 5252 1540 5291 ecce
1572 5239 1716 5293 enim
1746 5240 1888 5296 Deus
1926 5259 2006 5297 re-

447 5322 641 5375 velavit
661 5324 733 5376 illi
767 5324 833 5377 de
860 5325 1035 5379 nobis.
1064 5324 1129 5380 Et
1166 5329 1626 5396 reprehenderunt
1682 5336 2007 5406 semetipsos

448 5414 603 5467 valde
641 5414 707 5468 de
741 5417 895 5484 culpa
945 5434 1106 5486 quam
1160 5419 1419 5475 fecerunt.
1478 5421 1630 5478 Tunc
1668 5427 1861 5482 videns
1910 5430 2004 5499 qui

450 5502 615 5557 corda
645 5506 812 5572 novit,
843 5508 968 5577 quia
1004 5524 1101 5577 pro
1148 5509 1375 5564 veritate
1420 5528 1479 5567 se
1521 5515 1818 5584 culpabiles
1866 5516 2012 5573 fece-

453 5598 866 5658 rant,revelavit
897 5602 1148 5672 episcopo
1180 5602 1521 5674 Epiphanio;
1566 5616 1620 5663 et
1669 5610 1810 5664 ultro
1860 5613 2010 5667 misit

451 5696 506 5741 et
541 5687 770 5745 adduxit
798 5706 910 5754 eos.
942 5702 997 5748 et
1022 5703 1332 5754 consolatus
1358 5714 1453 5754 eos
1490 5702 1729 5773 suscepit
1759 5703 1825 5775 in
1859 5718 2010 5759 com-

2112 4514 2217 4568 fide
2253 4522 2360 4568 ate
2386 4516 2642 4583 petimus,
2675 4530 2838 4584 quam
2881 4516 3119 4570 secunda
3151 4515 3260 4584 jam
3296 4514 3501 4568 dudum
3534 4513 3679 4567 fama

2114 4616 2167 4662 et
2194 4606 2513 4669 idoneorum
2534 4607 2779 4660 virorum
2811 4607 3115 4660 testimonia
3151 4606 3349 4676 passim
3372 4606 3680 4669 celebrant;

2114 4707 2175 4752 ut
2193 4698 2258 4752 ad
2287 4698 2431 4767 quod
2464 4714 2662 4753 munus
2689 4700 2998 4753 obeundum
3030 4714 3060 4752 a
3102 4696 3381 4752 Salvatore
3414 4699 3681 4752 constitu-

2117 4800 2203 4845 tus
2230 4807 2310 4855 es,
2333 4793 2468 4845 hanc
2498 4800 2740 4845 nostram
2768 4792 3125 4845 hortationem
3155 4793 3462 4845 humaniter
3486 4792 3681 4843 admit-

2118 4889 2249 4941 tere,
2281 4882 2490 4950 etquid
2530 4882 2595 4936 de
2641 4881 2904 4937 Trinitate
2952 4884 3022 4937 sit
3066 4884 3419 4946 credendum,
3460 4882 3679 4936 uberius

2116 4974 2249 5028 velis
2280 4975 2625 5043 apertiusque
2654 4976 2940 5031 disserere.
2978 4997 2996 5028 ι
3030 4976 3153 5031 1ίὲἓο
3184 4986 3238 5031 et
3269 4978 3373 5031 alia
3407 4978 3505 5031 illi.

2186 5064 2275 5118 29.
2305 5064 2639 5134 Epiphanius
2687 5083 2815 5121 vero
2854 5068 3192 5137 respondens
3243 5076 3354 5121 tum
3398 5068 3523 5131 illis,
3572 5076 3675 5121 tum

2118 5158 2379 5211 Numerio
2424 5161 2741 5229 presbytero
2790 5170 2843 5215 et
2884 5158 3142 5215 Severino
3194 5160 3485 5222 monacho,
3537 5175 3674 5227 quo-

2118 5264 2240 5302 rum
2272 5250 2491 5303 nomina
2534 5252 2617 5304 vel
2656 5250 2973 5306 exciderunt
3002 5267 3030 5305 e
3086 5251 3257 5306 titulis
3304 5250 3674 5319 epistolarum,

2119 5342 2203 5395 vel
2231 5342 2447 5396 aliunde
2475 5352 2598 5395 nota
2632 5344 2835 5396 amoris
2863 5343 3196 5413 honorisque
3217 5358 3345 5413 ergo
3377 5343 3672 5412 adjungun-

2123 5434 2427 5499 lur‘ultro,
2482 5435 2657 5503 primo
2704 5450 2975 5489 excusans
3033 5455 3051 5485 ε
3111 5436 3383 5506 ingenium
3438 5454 3454 5486 ι
3502 5452 3670 5499 suum,

2127 5543 2145 5575 ι
2191 5525 2335 5594 quod
2371 5524 2639 5591 abiectum
2671 5533 2724 5579 et
2756 5525 2980 5588 humile,
3015 5526 3067 5578 in
3110 5528 3290 5595 quiete
3319 5527 3537 5593 otioque
3568 5544 3669 5579 ver-

2122 5614 2230 5669 sari
2270 5624 2530 5683 perpetuo
2554 5614 2825 5680 studebat,
2860 5633 3035 5686 neque
3064 5633 3184 5672 sese
3215 5618 3355 5671 ultra
3391 5633 3547 5686 quam
3587 5634 3665 5687 par

2121 5714 2204 5763 est
2226 5707 2538 5763 extenvdere-
2584 5728 2602 5760 ι
2647 5724 2837 5767 eorum
2887 5724 3065 5767 tamen
3116 5714 3353 5768 stimulis
3393 5714 3669 5782 impulsum
