3800 6180
126 139 197 195 155
1069 136 1129 191 S.
1157 135 1503 192 EPIPHANII
1542 138 1631 193 AC

1766 140 2271 195 BOLLANDIANA.

3191 148 3296 207 154

108 259 353 317 sefatetur,
397 273 416 305 ι
455 262 519 309 ut
542 254 609 309 ad
647 253 699 309 id
726 254 871 324 quod
906 255 1041 312 utile
1069 274 1133 313 ac
1174 256 1513 316 fructuosum
1540 270 1626 315 est
1654 267 1701 322 Α
1728 261 1988 316 adversus
2019 261 2311 318 falsitatem
2354 278 2452 332 pro
2488 264 2715 320 veritate
2752 266 3058 323 decertans.
3098 265 3298 326 Breves

108 351 347 407 excitatum
377 346 619 399 animum
654 346 1095 403 transferret.....
1139 350 1353 408 Auditis
1396 374 1413 406 ι
1453 354 1622 417 enim,

107 442 257 513 inquit,
311 457 329 490 ι
384 439 660 507 precibus,
689 454 827 508 quas
877 456 986 494 non
1034 457 1236 511 paucas
1286 445 1625 512 pertulerunt

105 534 272 601 Conops
302 527 460 582 frater
497 537 662 598 atque
703 529 1131 600 compresbyter,
1193 531 1397 600 aliique
1446 532 1623 601 ipsum

105 623 253 688 secuti,
285 634 487 689 vosque
522 618 831 673 charissimi
880 619 999 687 tilii,
1060 636 1163 676 nec
1209 636 1319 677 non
1365 621 1626 693 liypatius

105 717 213 771 tilius
243 722 437 776 noster,
473 711 566 780 qui
614 710 682 765 ad
727 726 813 764 me
854 722 1142 781 propterea
1176 728 1242 769 ex
1273 712 1507 783 IEgypto
1535 731 1627 768 ve-

105 810 185 871 nit;
211 819 313 860 cutn
345 813 422 857 tot
463 802 517 856 in
571 802 715 882 idem
750 801 1009 870 suffragia
1054 804 1396 860 consensisse
1439 820 1626 859 cerne-

104 917 216 965 rem;
245 905 412 951 mente
439 896 729 963 animoque
770 904 1080 950 commotus
1128 906 1382 965 reputare
1412 912 1626 951 mecum

105 997 191 1064 ipse
222 988 368 1058 ccepi,
404 1004 468 1043 ac
514 988 733 1042 tandem
774 988 921 1043 istud
957 988 1093 1042 mihi
1133 997 1380 1058 prompte
1421 995 1475 1042 et
1510 988 1625 1042 ala-

101 1084 227 1138 criter
250 1079 546 1133 faciendum
577 1093 698 1133 esse
732 1077 970 1143 decrevi,
1005 1088 1067 1133 ut
1102 1095 1200 1149 pro
1233 1095 1299 1133 eo
1323 1094 1387 1133 ac
1417 1094 1513 1148 per
1539 1081 1627 1133 lit-

103 1190 213 1232 teras
229 1173 555 1244 postulastis,
589 1172 656 1226 ad
694 1173 837 1228 hanc
874 1172 1031 1227 vobis
1062 1188 1162 1240 pro
1190 1181 1374 1227 vestro
1410 1172 1627 1227 deside-

99 1271 163 1325 rio
184 1265 502 1322 scribendam
524 1265 834 1335 epistolam,
867 1266 1048 1319 tenuis
1073 1264 1196 1319 licet
1226 1274 1279 1319 et
1302 1265 1624 1329 imbecillus,

101 1362 193 1416 sine
230 1358 325 1411 ulla
369 1356 820 1427 tergiversatione
863 1370 950 1409 me
993 1356 1323 1410 conferrem.
1362 1374 1380 1406 ›
1423 1354 1493 1409 Ut
1529 1370 1628 1408 au-

96 1464 180 1507 tem
200 1451 387 1504 dicitur
436 1450 489 1503 in
524 1449 729 1518 praavia
777 1445 1034 1518 Synopsi,
1074 1466 1093 1498 ι
1149 1448 1459 1517 complures
1492 1463 1627 1516 opus

99 1546 196 1607 hoc,
230 1560 246 1593 ι
276 1540 415 1610 quod
436 1539 640 1610 justius
664 1536 862 1592 librum
897 1553 1060 1607 quam
1089 1538 1375 1607 epistolam
1403 1536 1625 1598 dixeris,

1727 369 1858 408 sane
1879 362 2011 408 sunt
2045 354 2099 407 hi
2133 355 2321 418 libelli,
2348 355 2467 409 etsi
2494 356 2549 409 in
2587 372 2754 409 unum
2792 357 3029 412 libellum
3055 360 3298 427 redigan-

1730 451 1835 506 tur,
1867 456 1966 495 nec
1988 442 2103 510 ipse
2130 442 2236 495 erit
2272 442 2476 496 nostris
2513 442 2599 497 vel
2642 444 2875 498 aliorum
2928 447 3296 514 quorumdam

1726 532 1881 586 libris
1918 530 2253 601 longitudine
2289 533 2711 601 comparandus.
2748 533 2924 604 Hujus
2982 536 3299 592 brevitatem

1728 624 1774 677 si
1836 623 1987 677 fuero
2038 624 2092 677 in
2142 624 2441 680 haeresibus
2488 628 2983 683 commemorandis
3032 630 3296 693 imitatus,

1726 717 1858 786 quid
1882 733 1911 770 a
1943 732 2029 770 me
2057 717 2278 771 brevius
2321 718 2598 785 postulare
2630 720 2712 772 vel
2745 730 3059 789 exspectare
3097 721 3299 777 debeas

1729 822 1836 859 non
1862 806 2108 861 habebis.
2148 826 2166 856 ι
2202 806 2266 859 Ει
2294 822 2509 860 rursum
2542 808 2659 875 ipso
2700 810 2751 862 in
2805 820 3057 865 contextu
3107 812 3299 866 haeresi

1706 911 1835 948 ηινιι
1872 912 1885 948 :
1925 914 1942 945 ι
2000 894 2229 949 Proinde
2280 895 2614 966 Epiphanius
2640 898 2706 951 de
2731 902 3041 970 octuaginta
3079 903 3302 957 haeresi-

1727 986 1853 1049 bus,
1888 986 2100 1055 viginti,
2131 1002 2270 1055 quas
2298 993 2423 1040 ante
2448 985 2663 1040 Domini
2683 989 2975 1043 adventum
3003 993 3300 1057 exstitisse,

1728 1078 1871 1133 sicut
1903 1079 1950 1132 ei
1974 1079 2147 1131 visum
2184 1088 2288 1143 cst,
2326 1081 2692 1147 computavit:
2736 1081 2976 1150 reliquas
3030 1093 3153 1151 post
3197 1083 3298 1137 Do-

1730 1170 1861 1224 mini
1898 1186 2185 1224 ascensum
2219 1181 2374 1223 natas
2424 1172 2726 1240 sexaginta,
2760 1173 3099 1228 brevissimis
3142 1174 3298 1228 libris

1729 1261 1972 1330 quinque
1998 1260 2428 1329 comprehendit,
2462 1272 2622 1331 atque
2657 1279 2849 1317 omnes
2893 1264 2946 1317 in
3000 1279 3093 1318 sex
3149 1265 3301 1324 libris

1732 1353 1896 1406 totius
1923 1352 2164 1421 ejusdem
2197 1353 2280 1405 sui
2309 1353 2488 1421 operis
2530 1352 2657 1407 fecit
2708 1355 2980 1408 concludi.
3023 1374 3041 1406 ι
3076 1355 3306 1409 Miratur

1729 1440 2073 1505 Petavius,et
2102 1441 2294 1495 merito
2323 1442 2573 1506 miratur,
2599 1443 2722 1496 talia
2747 1444 2813 1496 de
2839 1443 3143 1513 Epiphanio
3174 1444 3304 1498 scri-

1730 1534 1859 1589 bere
1908 1534 2297 1601 Augustinum,
2361 1552 2379 1585 ι
2428 1534 2521 1603 qui
2573 1550 2673 1588 nec
2730 1535 2861 1589 illud
2911 1536 3112 1606 ipsum,
3159 1536 3306 1605 quod

99 1654 113 1684 ε
143 1604 246 1687 ﬁdei
272 1604 452 1703 partes
475 1630 738 1694 continet,
782 1641 841 1683 ut
881 1604 1008 1699 puta
1058 1604 1135 1682 de—
1172 1627 1372 1693 Patris,
1408 1627 1529 1682 Filii
1561 1643 1626 1682 ac
1659 1604 1704 1663 Β
1732 1626 1996 1681 omissum
2020 1625 2087 1679 ab
2108 1640 2194 1685 eo,
2228 1640 2258 1678 a
2287 1638 2344 1678 se
2371 1640 2501 1679 vero
2527 1624 2729 1680 factum
2763 1627 2829 1680 iri
2854 1604 3087 1693 diserat,
3122 1604 3187 1682 ut
3209 1627 3306 1681 ad-

98 1724 294 1794 Spiritus
319 1723 496 1777 sancti
543 1737 653 1777 una
698 1721 999 1790 eademque
1050 1720 1376 1787 substantia,
1416 1720 1481 1774 de
1507 1734 1630 1789 per-

91 1815 203 1870 fecta
226 1814 423 1869 Christi
446 1813 850 1880 lncarnatione,
884 1812 951 1866 de
992 1820 1332 1866 mortuorum
1382 1825 1630 1864 resurre-

92 1911 257 1973 ctione,
284 1908 347 1963 de
380 1917 585 1962 aeterna
615 1908 725 1961 vita
764 1922 830 1962 ac
865 1905 1075 1976 judicio
1119 1904 1314 1958 animae
1354 1904 1554 1972 pariter
1579 1912 1635 1958 et

88 2000 331 2070 corporis;
365 2008 480 2053 tum
510 1998 773 2054 adversus
798 1997 942 2052 idola
963 1996 1310 2064 haeresesque
1335 1995 1632 2065 sigillatim,

90 2111 142 2149 ac
166 2103 337 2149 contra
385 2090 605 2147 Judaeos
642 2101 980 2159 cazterosque
1030 2087 1307 2156 disputat;
1359 2087 1630 2156 octoginta

86 2201 225 2256 porro
256 2184 536 2239 haereseon
573 2182 799 2237 nomina
827 2179 1247 2250 complectitur;
1278 2179 1514 2248 denique
1540 2195 1633 2233 va-

87 2278 180 2331 rias
202 2277 262 2330 de
291 2273 595 2346 Scripturis
630 2274 803 2330 sacris
838 2272 1172 2343 quaestiones
1203 2271 1442 2338 exponit.
1488 2290 1507 2324 ι

142 2369 217 2423 50.
247 2366 447 2422 Verum
482 2367 588 2421 hoc
644 2365 791 2437 quod
853 2363 921 2419 de
984 2362 1286 2417 haeresibus
1343 2361 1537 2415 dicitur
1579 2360 1636 2414 in

85 2459 290 2531 Syuopsi
319 2458 603 2523 Ancorati,
637 2457 865 2512 nuncin
891 2457 1011 2526 ipso
1039 2460 1309 2509 Ancorato
1344 2470 1449 2508 non
1481 2469 1638 2523 repe-

84 2554 244 2606 ritur:
288 2552 460 2607 fuisse
507 2559 690 2605 tamen
729 2550 785 2604 in
839 2564 905 2604 eo
953 2547 1251 2602 verisimile
1302 2545 1451 2608 facit,
1493 2546 1638 2615 quod

87 2662 102 2693 ‹
134 2644 353 2697 Aeacius
378 2651 434 2696 et
466 2640 690 2704 Paulus,
755 2639 1058 2710 presbyteri
1104 2646 1158 2692 et
1200 2636 1641 2691 archimandritas

85 2733 526 2787 monasteriorum
575 2731 628 2784 in
671 2729 921 2799 partibus
950 2727 1323 2782 Carchedonis
1352 2737 1406 2782 et
1436 2720 1642 2780 Beroea:

81 2824 125 2875 in
151 2823 465 2893 C(elesyria,
498 2841 516 2872 ι
545 2822 808 2892 grandius
830 2821 897 2875 de
926 2819 1117 2874 eodem
1150 2831 1473 2890 argumento
1504 2834 1641 2887 opus

84 2914 141 2967 ab
168 2930 227 2969 eo
258 2913 627 2985 postulantes,
653 2932 671 2963 t
712 2927 857 2966 anno
900 2904 1223 2965 Diocletiani
1262 2908 1353 2975 92,
1404 2908 1641 2964 Valenti-

82 3004 213 3057 niani
248 3013 302 3060 et
338 3002 592 3059 Valentis
630 3003 719 3068 12,
765 3002 1010 3057 Gratiani
1043 3001 1098 3065 8,
1138 3021 1156 3054 ι
1193 3001 1287 3071 qui
1334 3010 1414 3055 est
1468 3017 1645 3058 annus

82 3094 262 3153 Christi
289 3098 397 3151 375
429 3098 637 3161 dicant,
669 3114 687 3146 ‹
720 3093 954 3149 Nomina
990 3095 1209 3164 quidem
1252 3094 1369 3164 ipsa
1393 3109 1514 3163 quas
1542 3109 1573 3148 a
1601 3104 1650 3149 te

80 3198 193 3243 sunt
246 3189 555 3244 hmresibus
622 3187 875 3258 imposita
930 3187 1044 3257 jam
1105 3186 1447 3251 audivimus;
1506 3202 1650 3240 nunc

84 3280 511 3350 uniuscujusque
545 3288 706 3335 sectae
738 3278 936 3346 dogma
983 3278 1273 3348 perspicue
1304 3277 1571 3332 declarari
1618 3292 1648 3330 a

80 3380 161 3425 tua
189 3373 389 3441 pietate
427 3372 706 3442 cupimus.
748 3390 767 3423 ι
798 3368 915 3425 Hoc
947 3379 1132 3425 autem
1168 3370 1349 3439 posito
1378 3369 1523 3439 quod
1552 3384 1651 3422 no-

83 3462 213 3515 mina
237 3463 325 3517 illa
355 3464 618 3534 primitus
649 3462 853 3517 fuerint
878 3461 934 3516 in
977 3464 1265 3527 Ancorato,
1300 3477 1649 3532 consequens

76 3552 202 3607 foret
228 3555 538 3623 ipsummet
564 3552 957 3624 Epiphanium,
987 3554 1134 3608 hunc
1162 3554 1364 3608 librum
1397 3561 1521 3623 post
1550 3569 1651 3607 an-

78 3661 166 3701 nos
189 3662 283 3702 sex
315 3648 407 3704 vel
444 3657 573 3702 octo
612 3658 1115 3717 recognoscentem,
1167 3647 1295 3701 inde
1338 3646 1648 3711 sustulisse,

73 3740 203 3805 quod
232 3740 347 3809 jam
373 3740 512 3794 alibi
540 3739 752 3808 plenius
777 3738 1194 3809 ordinatiusque
1229 3745 1506 3793 tractarat.
1538 3737 1653 3792 Ma-

78 3836 157 3881 net
181 3830 556 3883 nihilominus
588 3827 725 3882 mihi
772 3828 1087 3898 scrupulus,
1130 3844 1199 3883 ne
1232 3843 1529 3899 synopseos
1555 3843 1654 3881 au-

70 3925 178 3971 ctor
199 3927 524 3987 postremas
550 3918 687 3971 duas
716 3917 911 3983 lineas,
942 3918 1009 3973 de
1033 3919 1310 3974 haereseon
1338 3918 1652 3972 nominibus

68 4016 113 4059 et
132 4009 544 4078 quaestionibus
583 4008 773 4075 variis,
807 4024 917 4062 non
952 4010 1199 4064 retulerit
1246 4009 1316 4063 ad
1355 4025 1651 4079 argumen-

69 4104 170 4151 tum
200 4100 502 4162 Ancoratt',
549 4099 644 4154 sed
686 4100 753 4153 ad
786 4100 907 4169 ejus
949 4108 1227 4154 auctorem
1265 4098 1650 4170 Epiphanium,

65 4204 215 4257 quem
247 4190 511 4246 indicare
542 4190 776 4245 voluerit
817 4191 978 4245 etiam
1016 4191 1117 4247 ista
1150 4199 1433 4246 tractasse.

1729 1732 1921 1771 versus
1946 1715 2188 1786 singulas
2217 1714 2448 1769 haereses
2479 1716 2788 1780 dissereret,
2833 1726 2926 1771 aut
2976 1719 3028 1771 in
3080 1720 3175 1772 illo
3240 1719 3308 1772 de

1732 1809 2032 1869 haeresibus
2091 1806 2294 1869 libello,
2346 1816 2439 1860 aut
2483 1806 2535 1860 in
2592 1807 2699 1861 alio
2750 1809 3018 1875 praestitit.
3078 1829 3097 1860 )
3138 1809 3308 1880 Magis

1734 1902 1897 1955 etiam
1926 1901 2148 1963 mirum,
2181 1899 2329 1967 quod
2355 1898 2411 1952 in
2437 1897 2765 1952 Bibliotheca
2788 1916 2884 1953 sua
2907 1899 3156 1963 Photius,
3188 1910 3311 1970 post

1734 1996 2011 2049 laudatum
2041 2011 2070 2049 a
2093 2011 2151 2049 se
2174 1994 2478 2048 Panarium
2502 1992 2670 2060 dicat,
2689 2009 2839 2047 num.
2866 1993 2988 2057 124,
3026 2013 3044 2045 ι
3080 1994 3310 2063 legimus

1734 2097 1788 2142 et
1819 2088 2143 2141 Ancoratum
2169 2087 2433 2155 ejusdem,
2492 2101 2614 2155 qua:
2669 2094 2754 2140 est
2797 2100 3012 2139 summa
3061 2087 3311 2154 quaedam

1738 2180 2145 2236 Panariorum:
2192 2199 2210 2231 ι
2243 2178 2683 2248 quandoquidem
2732 2186 2884 2231 tanto
2940 2178 3094 2246 prius
3139 2183 3313 2231 Anco-

1737 2284 1913 2327 ratum
1933 2289 2097 2343 quam
2126 2272 2426 2326 Panamtm
2452 2271 2621 2326 fuisse
2648 2273 3010 2340 compositum
3042 2270 3314 2326 indubita-

1739 2366 1846 2421 bile
1877 2366 1965 2421 sit.
1997 2364 2211 2435 Legerit
2260 2366 2494 2421 fortasse
2540 2364 2769 2418 Photius
2813 2364 3310 2433 Anakephalwosin,

1740 2458 1916 2512 serius
1948 2458 2165 2527 quidem
2199 2458 2579 2527 compositam,
2609 2458 2699 2511 sed
2749 2457 2802 2510 in
2849 2458 3037 2511 eodem
3068 2456 3315 2512 fortassis

1740 2549 2015 2603 volumine
2048 2550 2306 2619 scriptam
2336 2565 2460 2603 cum
2491 2555 2773 2614 Ancoralo,
2807 2549 2941 2603 citra
2993 2550 3117 2603 novi
3175 2548 3315 2603 tituli

1742 2641 2169 2705 distinctionem,
2204 2652 2367 2712 atque
2427 2641 2500 2695 ita
2545 2656 2709 2695 unum
2752 2656 2873 2694 esse
2905 2656 3041 2709 opus
3073 2641 3316 2695 credide-

1743 2736 1816 2791 rit
1861 2754 1878 2790 ι
1921 2736 2260 2805 Augustinus
2319 2744 2501 2790 autem
2543 2750 2664 2789 eam
2713 2735 2906 2804 legisse
2958 2751 3065 2788 non
3121 2735 3318 2804 p0tuit,

1746 2842 1871 2882 cum
1911 2826 2236 2881 divisionem
2290 2827 2451 2896 longe
2501 2826 2662 2879 aliam
2708 2826 2994 2891 invenerit,
3046 2842 3212 2895 quam
3264 2827 3317 2880 in

1747 2920 1862 2990 ipsa
1895 2920 1987 2984 sit,
2024 2928 2209 2988 utpote
2242 2919 2429 2971 eadem
2462 2933 2583 2987 quae
2613 2917 2668 2970 in
2711 2916 2968 2969 Penuria.

1820 3011 1908 3066 32.
1951 3010 2058 3065 Sed
2104 3012 2395 3080 ipsummet
2454 3008 2815 3078 Epiphaniam
2871 3008 2938 3062 de
2989 3024 3091 3063 suo
3135 3024 3319 3079 opere,

1749 3100 1892 3171 quod
1933 3102 2107 3155 solum
2156 3096 2568 3153 Graeco-Latine
2622 3096 2825 3150 editum
2884 3098 3084 3166 grande
3135 3098 3321 3167 implet

1748 3191 2025 3255 volumen,
2056 3189 2342 3242 audiamus
2371 3187 2678 3255 loquentem
2709 3186 2761 3239 in
2793 3185 3021 3254 epistola
3071 3189 3135 3241 ad
3182 3188 3320 3241 Aca-

1751 3281 1894 3335 cium
1936 3291 1990 3333 et
2039 3279 2268 3333 Paulum
2330 3297 2343 3332 :
2388 3298 2403 3328 ‹
2453 3276 2719 3342 Quoniam
2770 3278 3044 3333 lnereseon
3101 3280 3319 3334 nomina

1751 3373 1934 3426 omnia
1980 3371 2304 3425 declaranda
2352 3371 2504 3423 vobis
2540 3368 2643 3425 hoc
2687 3368 2738 3421 in
2782 3369 2921 3423 libro
2956 3372 3320 3438 suscepimus,

1752 3477 1854 3516 nec
1876 3477 1981 3514 non
2004 3460 2337 3515 exsecranda
2396 3475 2461 3513 ac
2491 3457 2696 3512 nefaria
2732 3459 2950 3513 illarum
2990 3460 3212 3531 flagitia,
3241 3462 3320 3517 sic

1754 3562 2011 3621 tanquam
2062 3550 2489 3620 praesentissima
2540 3552 2787 3619 quaedam
2844 3568 3074 3618 venena,
3115 3555 3320 3623 patefa-

1752 3657 1876 3698 cere
1905 3642 2184 3706 volumus;
2210 3649 2372 3710 atque
2402 3642 2485 3695 his
2516 3642 2658 3695 velut
2683 3642 2923 3697 antidota
2949 3646 3193 3713 quaedam
3226 3662 3321 3715 up-

1752 3741 2039 3804 ponentes,
2057 3748 2178 3802 qua:
2200 3732 2280 3787 vel
2306 3732 2374 3787 iis
2395 3732 2489 3801 qui
2518 3748 2703 3788 morsu
2734 3733 2886 3803 petiti
2923 3746 3051 3789 sunt
3083 3737 3321 3792 remedio

1754 3840 1874 3880 esse
1903 3825 2133 3894 possint,
2168 3824 2252 3878 vel
2281 3839 2397 3891 eos,
2429 3825 2628 3893 quibus
2654 3841 2719 3879 ne
2747 3825 2988 3880 incidant
3018 3829 3321 3897 periculum

1752 3926 1855 3981 est,
1882 3918 2242 3986 praemuniant
2266 3925 2321 3971 et
2349 3924 2695 3980 conservent,
2741 3917 3091 3971 honestarum
3137 3934 3320 3973 rerum

1755 4009 2014 4063 studiosis
2039 4009 2417 4075 conscribere;
2460 4007 2752 4061 Panarium
2789 4009 2903 4063 sive
2933 4010 3172 4063 arculam
3204 4025 3321 4063 mc-

1756 4099 1957 4164 dicam,
1993 4101 2058 4155 ad
2084 4115 2272 4154 eorum
2304 4101 2395 4170 qui
2426 4115 2457 4153 a
2487 4100 2831 4169 serpentibus
2863 4101 2953 4154 icti
2995 4110 3124 4155 sunt
3150 4116 3323 4155 reme-

1752 4192 2065 4261 dium,jure
2098 4209 2235 4261 opus
2267 4193 2397 4266 illud
2421 4208 2484 4248 ac
2522 4192 2720 4247 librum
2768 4194 3160 4264 appellabimus
3189 4213 3203 4248 :
3229 4195 3322 4264 qui

123 4281 208 4335 5i.
246 4280 317 4337 Ut
351 4292 417 4337 ut
453 4283 549 4349 sit,
585 4282 700 4336 sive
746 4282 801 4337 in
848 4284 1136 4349 Ancorato,
1176 4283 1289 4337 sive
1334 4290 1484 4336 extra
1525 4298 1649 4338 eum
1683 4310 1726 4367 Β
1757 4284 1811 4337 in
1855 4293 1962 4339 tres
1993 4296 2172 4355 partes
2198 4286 2422 4351 divisus,
2453 4287 2684 4340 haereses
2712 4287 2984 4353 octoginta
3007 4287 3321 4355 complecti-

63 4370 329 4441 (quamvis
382 4374 766 4429 verosimilius
816 4374 949 4428 mihi
1001 4374 1073 4429 sit
1124 4376 1268 4443 quod
1308 4386 1460 4430 extra
1502 4376 1649 4447 eum)

57 4462 376 4534 priusquam
409 4465 487 4519 ad
510 4480 703 4534 preces
726 4465 910 4519 Acacii
938 4474 990 4520 et
1018 4464 1170 4519 Pauli
1198 4465 1497 4520 Panarium
1528 4483 1651 4522 con-

56 4554 217 4619 deret,
266 4558 338 4612 de
408 4572 533 4627 quo
581 4556 749 4620 infra,
802 4558 1107 4626 composuit
1152 4558 1375 4627 aliquid,
1427 4558 1493 4613 de
1541 4575 1650 4629 quo

55 4644 149 4713 ipsi
174 4647 497 4712 audierint,
529 4647 790 4717 quodque
813 4647 926 4716 jam
967 4649 1189 4714 excidit,
1224 4657 1277 4703 et
1314 4649 1417 4704 fuit
1448 4651 1647 4719 praelu-

54 4735 191 4790 dium
218 4753 285 4793 ac
324 4738 518 4792 veluti
546 4737 916 4792 rudimentum
949 4739 1130 4808 operis
1155 4747 1339 4808 postea
1368 4741 1437 4793 ab
1457 4741 1646 4796 eodem

53 4830 344 4898 compilati.
379 4829 455 4883 Et
494 4830 603 4885 hoc
626 4830 884 4887 habuisse
924 4832 1209 4901 solumque
1250 4833 1466 4888 novisse
1500 4834 1649 4889 vide-

53 4924 128 4969 tur
156 4920 551 4991 Augustinus,
581 4936 707 4975 cum
749 4921 868 4990 ejus
896 4922 1183 4976 materiam
1210 4933 1263 4976 et
1290 4922 1517 4977 formam
1551 4925 1647 4979 de-

53 5010 256 5080 scripsit
317 5014 381 5066 in
422 5014 581 5067 libro
614 5013 687 5066 De
720 5013 1004 5067 Itwresibus
1063 5015 1130 5068 ad
1177 5013 1644 5081 QuodvultDeum,

54 5114 192 5167 quem
238 5103 397 5158 circa
459 5111 783 5157 extremum
840 5103 965 5158 vita:
1014 5120 1127 5159 sua:
1172 5120 1395 5169 annum,
1441 5104 1645 5162 Christi

54 5186 159 5257 l30,
181 5191 549 5262 composuit,
578 5191 653 5245 ita
675 5191 931 5262 praefatus
959 5208 972 5245 ;
1000 5213 1017 5245 ‹
1050 5191 1243 5250 Noster
1268 5210 1395 5249 vero
1416 5195 1648 5265 Epipha-

54 5282 175 5348 nius,
210 5285 465 5355 Cyprius
498 5284 817 5354 episcopus,
847 5285 1048 5340 abhinc
1090 5300 1198 5340 non
1246 5286 1408 5357 longe
1443 5288 1644 5342 huma-

54 5375 116 5425 iis
161 5364 331 5431 rebus
391 5387 722 5445 exemptus,
781 5379 847 5431 de
891 5378 1167 5448 octoginta
1211 5378 1510 5434 hazresibus
1562 5380 1645 5434 lo-

54 5478 223 5533 luens,
250 5485 354 5525 sex
393 5469 591 5523 libros
621 5468 787 5524 etiam
830 5470 1176 5540 conscripsit.
1213 5470 1471 5526 historica
1511 5487 1641 5525 nar-

54 5557 236 5615 ‘atione
293 5575 771 5618 commemorans
812 5564 1019 5629 omnia,
1071 5562 1217 5618 nulla
1265 5561 1636 5629 disputatione

1759 4380 1866 4439 tur,
1890 4390 2012 4443 qua:
2035 4384 2344 4443 serpentum
2387 4390 2450 4428 ac
2493 4374 2765 4444 reptilium
2803 4374 3007 4429 similes
3034 4383 3160 4429 sunt
3189 4394 3201 4428 :
3234 4390 3321 4429 se-

1755 4465 1994 4520 cundum
2048 4482 2185 4535 quas
2223 4466 2467 4520 veritatis
2524 4466 2922 4518 ﬁrmamentum
2977 4471 3030 4517 et
3064 4463 3321 4519 salutaris

1754 4556 1999 4610 doctrina
2032 4557 2263 4625 fideique
2313 4556 2547 4612 formula
2584 4557 2822 4625 subjecta
2868 4565 2970 4618 est,
3016 4572 3078 4610 ac
3118 4556 3321 4611 Christi

1753 4663 1973 4718 sponsa.
2011 4658 2197 4703 sancta
2244 4650 2491 4703 videlicet
2541 4647 2804 4709 Ecclesia,
2854 4646 3166 4701 declarata:
3200 4664 3321 4717 quae

1753 4755 1874 4795 cum
1897 4740 2009 4809 jam
2046 4750 2157 4794 tum
2183 4742 2250 4794 ab
2278 4742 2407 4795 orbe
2444 4741 2662 4796 condito
2693 4758 2815 4795 esse
2855 4742 3099 4811 coeperit,
3134 4752 3319 4811 postea

1752 4838 1932 4884 tamen
1959 4846 2053 4899 per
2093 4831 2293 4885 Christi
2350 4831 2557 4884 Domini
2619 4832 3067 4895 incarnationem,
3121 4840 3321 4900 tempoo

1749 4940 1871 4979 rum
1903 4924 2273 4989 successione,
2306 4932 2430 4977 ante
2450 4934 2904 4978 commemoratas
2927 4939 3115 4978 omnes
3151 4924 3313 4978 hatre-

1751 5032 1857 5081 ses,
1897 5016 2109 5086 vulgata
2145 5025 2306 5083 atque
2338 5012 2626 5082 patefacta,
2675 5015 2973 5083 eademque
3001 5030 3029 5066 a
3061 5013 3214 5068 nobis
3262 5016 3316 5067 in

1749 5109 2187 5164 Commentarios
2235 5122 2296 5160 ex
2341 5106 2543 5160 Christi
2591 5107 2975 5175 praadicatione
3027 5107 3196 5160 relata
3228 5106 3316 5176 (ad

1747 5201 2068 5252 Ancoratum
2102 5199 2323 5252 forsitan
2360 5199 2474 5252 haec
2498 5199 2817 5267 respiciunt)
2845 5214 2907 5251 ac
2934 5214 3151 5251 rursum
3194 5208 3316 5266 post

1747 5292 2069 5361 explicatam
2091 5305 2304 5343 omnem
2331 5290 2556 5343 istarum
2585 5291 2862 5344 luereseon
2890 5288 3312 5357 improbitatem,

1747 5396 1812 5436 ex
1862 5380 2228 5450 apostolorum
2289 5379 2533 5435 doctrina
2596 5388 2846 5433 accurate
2905 5395 2969 5433 ac
3027 5381 3315 5448 perspicue

1746 5473 1893 5529 brevi
1919 5472 2154 5542 quodam
2185 5456 2269 5526 est
2291 5471 2614 5541 compendio
2637 5471 2915 5540 subjecta;
2944 5471 3020 5524 uti
3043 5486 3107 5524 ea
3133 5486 3189 5525 re
3217 5486 3312 5525 eo-

1745 5582 1865 5622 rum
1897 5571 2210 5622 recreentur
2234 5578 2298 5621 ac
2324 5564 2637 5621 reficiantur
2680 5564 2867 5629 animi,
2905 5562 2998 5632 qui
3030 5563 3175 5617 hunc
3202 5562 3338 5618 luew'
