3754 6182
445 182 545 238 155

1457 171 1518 229 S.
1557 167 1902 228 EPIPHANII
1938 169 2122 224 ACTA
2156 165 2661 223 BOLLANDIANA.

3597 153 3680 210 ibi)

443 307 633 349 reseon
693 287 1184 360 percurrendarum
1267 285 1510 340 laborem
1578 283 1940 353 susceperint.
1999 300 2017 331 i
2052 287 2098 341 Α
2132 298 2149 330 ι
2191 279 2242 332 in
2279 260 2607 346 unaquaque
2634 283 2812 339 actate,
2845 291 2864 324 ι
2901 283 2962 329 ut
2998 273 3141 327 idem
3190 271 3451 328 Petavius
3490 272 3547 326 in
3592 280 3685 344 epi-

511 381 600 435 δῦ.
638 377 887 432 Ριοιιξὰἰοιί
922 387 1105 430 autem
1143 383 1254 429 tres
1299 373 1425 428 libri
1469 376 1549 428 sic
1586 372 1924 434 dividuntur,
1961 375 2020 422 ut

447 467 717 526 secundus
743 475 794 520 et
829 465 1022 519 tertius
1072 464 1126 517 in
1173 472 1285 518 tres
1329 463 1532 533 singuli
1581 471 1758 516 tomos
1804 461 2019 528 dispar-

447 561 676 624 tiantur;
711 566 874 625 atque
903 555 978 609 ita
1033 570 1158 609 cum
1207 554 1408 624 primo,
1462 553 1554 623 qui
1605 552 1870 606 iudivisus
1919 560 2020 613 est,

451 650 721 707 exsistant
744 647 878 701 tomi
921 656 1150 716 septem.
1196 646 1264 699 Et
1315 647 1419 700 alia
1471 646 1689 716 quidem
1734 642 2024 712 Epiphanii

449 756 642 812 opera,
674 749 734 794 ut
768 738 1133 808 Hieronymus
1163 736 1217 790 in
1259 736 1399 790 libro
1433 735 1508 789 De
1543 736 1886 803 scriptoribus
1926 734 2022 795 ait,

456 853 476 886 ι
501 833 570 888 ab
591 832 822 888 eruditis
869 839 1088 900 propter
1141 844 1250 890 res,
1284 843 1313 881 a
1341 826 1761 896 simplicioribus
1811 834 2026 894 propter

450 925 615 981 verba
648 923 979 978 lectitantur.
1017 939 1034 969 ι
1072 918 1298 972 Photius
1335 927 1514 970 autem
1553 916 1618 972 de
1661 915 1894 968 Panario
1927 928 2027 968 no-

437 1017 724 1082 .minatim,
754 1017 867 1070 sive
894 1015 978 1083 (ut
1017 1014 1133 1082 ipse
1160 1028 1284 1066 cum
1319 1010 1610 1065 Anastasio
1656 1009 1865 1062 Sinaita
1911 1009 2030 1077 plu-

453 1110 640 1164 raliter
686 1106 965 1176 appellat)
1013 1123 1031 1155 ‹
1088 1103 1371 1168 Panariis,
1419 1119 1438 1153 ι
1491 1104 1566 1155 ait
1620 1103 1765 1170 quod
1812 1110 2025 1163 auctor,

460 1216 602 1271 «prae
631 1199 753 1252 aliis
797 1199 886 1266 qui
924 1206 1050 1250 ante
1084 1196 1259 1264 ipsum
1303 1195 1565 1247 adversus
1607 1193 1842 1247 haereses
1876 1194 2030 1247 lucu--

455 1291 732 1345 brationes
760 1288 1070 1352 ediderunt,
1104 1287 1324 1340 uberior
1360 1293 1522 1352 atque
1550 1284 1737 1338 utilior
1758 1294 1876 1350 est;
1904 1299 2027 1337 nam

456 1398 559 1437 nec
576 1396 638 1436 ea
662 1378 1012 1450 prietermisit
1034 1391 1374 1447 quaecunque
1401 1377 1469 1429 ab
1499 1375 1645 1429 aliis.
1663 1376 1874 1444 prodita
1931 1375 2033 1428 uti-

456 1471 626 1526 litatis
655 1468 857 1539 aliquid
887 1468 1189 1534 continent,
1239 1475 1292 1519 et
1337 1465 1452 1534 ipse
1491 1481 1612 1535 qua:
1655 1466 1832 1535 potuit
1885 1481 1915 1519 a
1974 1481 2033 1521 se

455 1562 760 1630 excogitata
794 1558 916 1612 aliis
951 1557 1175 1619 addidit,
1229 1555 1443 1608 initium
1495 1555 1701 1609 ducens
1755 1570 1786 1608 a
1824 1554 2030 1609 Barba-

2126 372 2263 423 stola
2305 370 2641 423 dedicatoria
2697 378 2864 434 notat,
2919 387 2937 419 ‹
2989 367 3242 421 rediviva:
3289 368 3680 422 mendaciorum

2123 471 2301 523 sectze,
2344 460 2608 529 evulgatis
2646 470 2889 513 veterum
2944 459 3222 512 brereseon
3272 458 3554 513 abstrusis
3624 477 3684 513 re-

2123 553 2465 620 conditisque
2505 551 2800 621 mysteriis,
2833 549 3174 603 validissime
3206 550 3518 619 propulsari
3553 566 3685 603 ever-

2124 643 2274 712 tique
2297 644 2540 712 possint;
2565 652 2619 697 et
2657 653 2911 696 auctores
2937 641 3176 710 perﬁdiae
3220 650 3386 711 atque
3416 642 3679 702 satellites,

2125 749 2257 788 suos
2281 734 2333 788 in
2368 734 2498 799 illis,
2519 748 2658 802 quos
2680 732 2900 802 quidem
2925 734 3269 797 erubescant,
3299 732 3583 803 principes
3604 751 3683 787 au-

2128 837 2414 894 ctoresque
2463 833 2878 896 recognoscant.
2917 823 3277 894 Estquidem
3320 825 3466 894 ejus.
3523 827 3612 892 qui
3648 828 3688 880 in

2129 918 2380 973 haeresim
2415 918 2494 972 vel
2541 917 2869 972 moliendam
2917 917 3002 971 vel
3058 917 3319 972 tuendam
3373 918 3686 981 incubuerit,

2129 1006 2346 1060 animus
2383 1005 2434 1058 in
2468 1020 2686 1060 omnem
2718 1007 3003 1061 audaciam
3040 1007 3158 1063 sine
3188 1007 3300 1062 ullo
3332 1008 3549 1077 pudore
3587 1024 3689 1076 pro-

2126 1095 2308 1165 jectus
2343 1097 2474 1150 :sed
2511 1113 2671 1150 nemo
2699 1105 2784 1152 est
2828 1107 3011 1154 tamen
3062 1113 3130 1153 ex
3182 1098 3292 1154 illis
3339 1100 3689 1153 absurdaruni

2130 1183 2446 1250 Opinionqu
2491 1185 2754 1253 patronis,
2793 1202 2954 1256 quem
3008 1203 3118 1241 non
3153 1197 3431 1256 utcunque
3479 1190 3691 1242 convicti

2132 1274 2262 1327 olim
2287 1275 2492 1329 erroris
2522 1284 2684 1345 atque
2728 1278 2972 1331 damnati
3028 1278 3246 1348 pudeat.
3295 1278 3419 1332 Sint
3464 1294 3616 1338 sane,
3650 1291 3694 1332 ut

2133 1375 2279 1428 sunt,
2308 1365 2470 1420 ferrei
2497 1382 2687 1422 omnes
2714 1369 2976 1433 haeretici,
3005 1369 3116 1424 sint
3146 1370 3498 1439 pervicaces;
3528 1371 3695 1423 iidem-

2137 1473 2244 1528 que
2269 1474 2327 1513 se
2354 1460 2407 1512 in
2449 1459 2566 1529 ipso
2613 1460 2809 1514 ardore
2847 1461 3249 1531 agitationeque
3278 1461 3597 1530 disputandi
3642 1463 3695 1513 ad

2135 1549 2497 1603 resistendum
2534 1550 2717 1606 acrius
2745 1551 2975 1622 ﬁngant,
3011 1561 3196 1606 tamen
3222 1554 3315 1622 qui
3350 1552 3404 1605 id
3437 1553 3693 1614 didicerit,

459 1626 629 1708 rismo
658 1659 712 1706 et
742 1652 808 1704 ad
860 1647 1218 1702 Messalianos
1258 1662 1431 1715 usque
1473 1647 1814 1715 perveniens.
1848 1647 2030 1701 Genus
2062 1626 2104 1682 Β
2137 1642 2341 1711 quique
2371 1642 2534 1696 certis
2566 1654 2808 1697 veterum
2845 1647 3173 1700 testimoniis
3205 1648 3567 1716 compererit,
3594 1661 3696 1702 ante

461 1759 621 1815 porro
654 1762 673 1794 ‹
706 1741 944 1805 dicendi,
993 1761 1011 1791 ι
1044 1741 1222 1808 inquit
1245 1735 1496 1805 Photius,
1531 1758 1549 1790 ‹
1585 1739 1812 1804 humile,
1854 1749 1907 1793 et
1936 1755 2035 1793 cu-

456 1835 698 1906 jusmodi
725 1847 848 1887 esse
869 1839 1046 1902 potest
1067 1829 1159 1898 qui
1192 1829 1386 1882 Atticae
1410 1828 1673 1882 doctrinae
1695 1829 1846 1883 rudis
1871 1829 2038 1882 exsti-

464 1928 609 1982 terit.
644 1924 750 1980 Sed
789 1925 928 1979 etin
975 1922 1323 1978 confutandis
1369 1921 1666 1976 haaresibus
1715 1922 2034 1990 plerumque

464 2033 658 2088 parum
696 2031 959 2070 nervosus
984 2023 1087 2077 est,
1115 2028 1431 2083 quanquam
1460 2012 1731 2066 interdum
1769 2021 2032 2082 praestan-

467 2111 699 2168 tissimis
739 2110 858 2163 illas
895 2109 1198 2162 rationibus
1243 2122 1307 2161 ac
1351 2106 1636 2160 sententiis
1685 2106 2034 2175 aggreditur;

467 2203 572 2258 etsi
616 2201 786 2255 nihilo
824 2199 991 2254 dictio
1039 2198 1108 2252 sit
1159 2206 1320 2266 atque
1340 2196 1605 2251 orationis
1646 2204 1917 2250 structura
1944 2203 2038 2248 aut

469 2293 644 2365 stylus
683 2291 800 2361 ipse
832 2290 1193 2345 commodior.
1249 2308 1267 2340 ι
1310 2287 1514 2357 Nempe
1567 2302 1858 2358 perparum
1910 2297 2045 2340 tem-

469 2385 621 2456 poris
663 2383 940 2451 studiique
970 2381 1022 2434 in
1071 2380 1369 2435 excolenda
1418 2379 1590 2434 Graeci
1629 2379 1897 2433 sermonis
1933 2377 2047 2431 elo-

469 2475 714 2547 quentia,
745 2475 834 2530 cui
858 2474 1058 2528 bonam
1099 2475 1226 2527 vita:
1256 2484 1466 2542 partem
1508 2471 1768 2525 cultiores
1809 2469 1898 2523 alii
1943 2469 2049 2522 Pa-

473 2577 581 2622 tres
608 2566 862 2630 Basilius,
890 2564 1290 2629 Nazianzenus,
1313 2563 1742 2633 Cbrysostomus
1771 2561 2049 2632 impende-

472 2669 643 2724 runt,
711 2658 1054 2712 Alexandria:
1103 2657 1284 2727 posuit
1339 2654 1714 2724 Epiphanius,
1769 2664 1828 2708 ut
1885 2670 2049 2724 supra

470 2751 740 2815 vidimus;
778 2765 1014 2819 moxque
1049 2749 1116 2802 ad
1159 2749 1402 2818 spiritus,
1444 2762 1551 2800 non
1579 2746 1851 2800 sermonis
1891 2761 2049 2799 eser-

471 2842 758 2897 citationes
803 2851 1176 2911 transgressus
1221 2841 1274 2892 in
1323 2855 1588 2904 eretnum,
1634 2840 1832 2892 multas
1871 2837 2050 2906 potius

470 2930 685 3000 linguas
709 2929 870 2992 scire,
899 2944 1063 2998 quam
1092 2943 1255 2983 unam
1290 2928 1546 2996 perﬁcere
1572 2927 1837 2997 eligebat;
1864 2928 2047 2987 lauda-
2073 2963 2122 3025 ο

474 3031 565 3077 tus
601 3021 722 3076 ideo
749 3021 817 3074 ab
848 3017 1176 3088 Hieronymo
1205 3019 1259 3071 iu
1293 3018 1558 3087 Apologia
1608 3017 1642 3070 2
1672 3027 1852 3071 contra
1884 3013 2047 3088 Rulli-

474 3129 622 3177 num,
655 3131 674 3163 ‹
713 3111 858 3181 quod
884 3109 1148 3175 Graecam,
1183 3111 1373 3180 Syrum
1408 3119 1460 3162 et
1490 3107 1789 3174 Hebraeam,
1815 3119 1867 3162 et
1885 3109 2052 3179 .Egy-

474 3207 707 3276 ptiacam
731 3203 991 3272 linguam,
1030 3218 1092 3256 ex
1136 3212 1286 3271 parte
1307 3202 1472 3256 etiam
1510 3213 1564 3256 et
1602 3202 1849 3255 Latinam
1887 3217 2052 3255 nove-

475 3299 603 3352 rit:
652 3314 673 3348 ι
740 3294 883 3348 unde
953 3292 1020 3346 de
1073 3309 1136 3346 eo
1202 3293 1531 3361 querebatur
1580 3292 1852 3358 Ruﬁinus,
1905 3294 2050 3362 quod

483 3406 504 3440 ι
540 3389 686 3444 velut
731 3387 1104 3441 necessitatem
1149 3385 1555 3454 evangelizandi
1595 3401 1691 3454 per
1725 3402 1912 3440 omnes
1949 3387 2053 3438 lin-

475 3478 836 3550 guas-habere
869 3491 928 3531 se
952 3485 1185 3546 putaret,
1214 3477 1280 3530 de
1301 3474 1532 3547 Origene
1555 3478 1697 3532 male
1722 3478 1996 3548 loquendi.
2027 3497 2045 3529 ι

547 3569 637 3623 54.
676 3566 778 3622 Per
805 3568 946 3621 hanc
985 3576 1165 3620 autem
1200 3568 1467 3620 sermonis
1501 3568 1748 3622 cultioris
1783 3568 2052 3622 incuriam

478 3673 574 3714 seu
608 3657 932 3727 imperitiam
983 3656 1185 3711 factum
1231 3666 1336 3723 est,
1381 3667 1441 3711 ut
1486 3659 1536 3712 in
1583 3673 1649 3712 eo
1693 3658 1883 3714 Latine
1928 3660 2052 3714 red—

478 3751 689 3816 dendo,
743 3750 1008 3820 majorem
1068 3750 1328 3819 opinione
1375 3766 1473 3804 sua
1530 3751 1769 3805 laborem
1825 3752 2054 3807 senserit

476 3841 777 3898 Petavius:
821 3860 840 3894 ‹
891 3843 1196 3896 Accedebat
1236 3860 1256 3893 ι
1306 3843 1476 3904 enim,
1533 3842 1708 3913 inquit
1752 3843 1806 3897 in
1853 3842 2052 3912 praefa-

479 3935 628 3989 tione
667 3934 735 3988 ad
779 3935 1058 3998 lectorem,
1103 3951 1122 3985 ι
1161 3934 1228 3987 ad
1274 3949 1618 3988 communem
1666 3935 2054 4004 interpretandi

480 4027 785 4082 molestiam
846 4027 1115 4095 praecipua
1147 4026 1393 4095 quaedam
1417 4026 1471 4079 in
1506 4025 1598 4080 illo
1629 4027 1893 4095 scriptore
1917 4024 2055 4079 diﬁi-

479 4118 678 4183 cultas,
705 4115 853 4187 quod
887 4117 1161 4187 incompta
1187 4126 1241 4172 et
1264 4118 1539 4173 salebrosa
1569 4126 1652 4172 est
1677 4118 1824 4173 illius
1855 4118 2050 4182 oratio,

479 4216 536 4264 et
573 4209 628 4262 in
653 4225 758 4278 qua
783 4210 1227 4277 lrequentissime
1256 4220 1554 4263 occurrunt
1597 4209 1687 4263 illa
1729 4224 1849 4278 quae
1881 4207 2052 4262 Graeci

2139 1735 2206 1786 ab
2233 1733 2474 1802 antiquis
2502 1732 2757 1789 Patribus
2795 1745 2847 1789 et
2883 1737 3128 1791 conciliis
3177 1738 3516 1808 publicoque
3563 1739 3696 1791 Chri-

2142 1823 2444 1876 stianorum
2492 1839 2763 1879 consensu
2812 1827 2992 1895 agnita
3035 1843 3098 1880 ac
3136 1829 3419 1897 repudiata
3462 1830 3696 1900 doginara

2148 1913 2261 1977 illa,
2301 1930 2463 1983 quam
2504 1915 2577 1969 illi
2626 1916 2726 1984 ipsi
2769 1921 2941 1986 (quos
2983 1918 3250 1990 sequitur)
3298 1921 3699 1991 interpolatores

2147 2005 2509 2072 exsisterent;
2563 2005 2652 2059 vix
2694 2008 2820 2069 erit,
2878 2009 3095 2076 opinor,
3149 2011 3325 2074 ullus,
3374 2012 3573 2080 cujus,
3618 2013 3698 2064 nisi

2148 2093 2325 2165 frangi
2377 2097 2729 2168 edomarique
2772 2101 3115 2155 contumacia
3154 2103 3418 2171 potuerit,
3461 2119 3573 2157 non
3609 2105 3699 2156 lan-

2149 2187 2424 2256 guidiores
2453 2189 2649 2245 habeat
2692 2193 3004 2262 eruptiones
3049 2204 3103 2247 et
3142 2195 3402 2264 impetus,
3439 2211 3511 2251 ac
3539 2198 3701 2266 paula-

2149 2277 2244 2330 tim
2279 2293 2376 2347 per
2408 2295 2646 2349 seipsam
2681 2280 2997 2352 refrigerata
3032 2292 3196 2353 atque
3238 2295 3508 2339 enervata
3545 2287 3702 2339 conci-

2147 2371 2259 2423 dat.
2302 2388 2322 2420 ι
2367 2368 2608 2427 Joannes
2651 2371 2916 2442 Baptista,
2967 2383 3071 2430 ctc.
3130 2374 3266 2431 Vide
3315 2377 3558 2448 append.
3601 2393 3702 2448 pag.

2148 2459 2270 2526 684,
2297 2462 2402 2514 col.
2443 2463 2497 2515 2.

2765 2553 2992 2609 CAPUT
3031 2555 3096 2610 V.

2152 2662 2403 2716 Extrema
2429 2667 2599 2720 sancti
2630 2677 2751 2720 acta
2784 2667 3275 2790 Congtantinopoli;
3305 2689 3448 2726 mors
3480 2673 3536 2725 in
3561 2675 3703 2726 redita

2852 2756 2881 2790 ο
2920 2750 3017 2790 ita.

2852 2750 3017 2793 οοιια.

2219 2825 2310 2880 55.
2355 2825 2496 2892 Quid
2530 2827 2598 2882 de
2623 2827 2873 2899 Origenis
2903 2831 3057 2885 libris
3091 2833 3229 2899 Περὶ
3269 2833 3481 2902 ἀρχῶν
3510 2836 3708 2888 sentiret

2153 2915 2555 2986 Epiphanius,’
2592 2920 2725 2975 satis
2789 2921 3087 2977 declaravit
3146 2940 3242 2993 per
3313 2925 3618 2994 Epistolam
3658 2929 3708 2977 ad

2151 3009 2412 3063 Joannem
2458 3011 3026 3082 Hierosolymitanum,
3073 3018 3233 3086 cujus
3281 3034 3452 3088 supra
3501 3020 3710 3074 [ec-inuis

2153 3101 2504 3155 mentionem.
2535 3101 2674 3156 Dum
2703 3112 2883 3157 autem
2916 3105 3018 3158 hac
3043 3121 3108 3159 ex
3134 3122 3300 3161 causa
3327 3109 3711 3177 disputationes

2153 3191 2207 3244 in
2242 3190 2528 3246 Palaestina
2556 3191 2860 3261 ferverent,
2903 3197 3133 3266 contigit
3174 3199 3338 3252 etiam
3385 3199 3712 3254 Alexandria

2155 3283 2462 3337 simultates
2496 3284 2648 3338 nasci
2690 3284 2833 3340 inter
2885 3285 3248 3356 Theophilum
3290 3290 3638 3346 Alexandria:
3675 3305 3712 3344 et

2155 3374 2475 3430 Dioscorum
2505 3377 2896 3447 llermopoleos
2938 3381 3280 3450 episcopum,
3335 3393 3508 3453 atque
3574 3387 3713 3453 hujrs

2153 3468 2350 3522 fratres
2382 3467 2732 3523 Ammonium
2770 3481 2824 3524 et
2863 3470 3156 3527 Eusebium
3193 3489 3576 3545 cognomento
3601 3478 3714 3531 Lnn-

2153 3575 2272 3629 gos,
2300 3560 2523 3614 totidem
2566 3564 3026 3617 monasteriorum
3067 3565 3372 3634 praefectos,
3426 3585 3577 3638 quos
3612 3587 3713 3624 cum

2153 3653 2392 3718 primum
2425 3651 2621 3707 charos
2652 3653 2939 3708 habuisset
2975 3654 3328 3726 TheOpbilus,
3365 3659 3519 3714 haud
3545 3661 3714 3714 imme-

2152 3748 2258 3801 rito
2287 3748 2482 3803 deinde
2513 3765 2540 3802 a
2575 3765 2634 3803 se
2663 3764 2886 3805 aversos
2931 3761 3092 3822 atque
3127 3754 3191 3807 ad
3241 3755 3606 3811 solitudinem
3653 3775 3716 3809 rr-

2154 3855 2395 3910 g‘essos,
2435 3841 2688 3910 persequi
2731 3842 2910 3897 modis
2952 3845 3208 3899 omnibus
3253 3850 3482 3914 statuit;
3535 3859 3590 3902 et
3630 3867 3716 3917 quo

2153 3932 2516 3998 simpliciores
2543 3934 2843 3989 monachos
2887 3935 2955 3988 ab
2995 3935 3181 3990 iisdem
3213 3939 3590 4004 abstraheret,
3621 3943 3716 3995 cui-

2154 4039 2282 4092 pare
2305 4024 2359 4076 iu
2394 4024 2473 4078 eis
2505 4027 2870 4094 praesumpsit,
2903 4029 3047 4096 quod
3083 4027 3251 4082 Deum
3283 4031 3533 4086 humana
3568 4035 3714 4086 rerum

2154 4115 2440 4185 praeditum
2477 4125 2755 4186 negarent,
2794 4119 3042 4187 Origenis
3074 4123 3371 4188 praesertim
3403 4127 3716 4179 auctoritate

2155 4205 2376 4260 suﬂ'ulti.
2407 4205 2540 4260 Cum
2588 4215 2770 4261 autem
2825 4223 2918 4263 eos
2965 4208 3508 4281 Constantinopolim
3564 4217 3628 4269 ad
3671 4217 3714 4267 S.

479 4299 785 4354 ἀναπὸδοτα
832 4308 887 4353 et
927 4299 1262 4352 ἀνακόλουθα
1309 4300 1590 4352 nominant
1630 4317 1645 4353 :
1691 4299 1939 4368 pedestre
1989 4313 2036 4351 at

2155 4296 2420 4351 Joannem
2472 4297 2926 4368 Chrysostomum
2985 4302 3295 4373 confugisse
3351 4305 3714 4364 intellexisset.

476 4392 738 4461 populare
761 4391 971 4445 dicendi
1001 4406 1171 4461 genus
1209 4409 1222 4445 :
1257 4389 1400 4460 quod
1432 4391 1544 4444 sive
1587 4390 1734 4460 plani
1776 4389 2048 4444 sermonis

477 4483 825 4552 simplicitate
863 4484 1122 4552 consequi
1153 4483 1410 4545 volueris,
1447 4483 1761 4551 subagreste
1789 4482 2046 4552 quiddam

475 4576 700 4630 exsistet
725 4591 788 4630 ac
834 4575 1103 4644 putidum,
1131 4575 1437 4643 cujusmodi
1467 4573 1577 4628 fere
1622 4583 1751 4628 sunt
1791 4573 1980 4626 Latina
2023 4591 2042 4624 ι

476 4667 676 4736 prioris
730 4667 1040 4736 interpretis
1095 4686 1113 4716 ι
1167 4667 1441 4729 Cornarii,
1494 4665 1651 4734 cujus
1705 4682 1805 4720 nos
1861 4668 2048 4736 utique

477 4757 683 4812 similes
713 4773 833 4812 esse
879 4759 1146 4823 nolimus;
1195 4758 1280 4812 sin
1335 4769 1588 4812 ornatum
1637 4765 1800 4827 atque
1839 4759 2046 4812 cultum

479 4847 757 4912 adhibeas,
789 4849 841 4902 id
885 4851 1002 4906 sine
1049 4866 1248 4919 magna
1301 4849 1693 4905 sententiarum
1738 4861 2048 4905 commuta-

481 4939 626 4992 tione
645 4939 887 4994 obtinere
913 4942 1003 4994 vix
1038 4943 1242 5011 possis.
1282 4962 1301 4994 ι
1335 4941 1584 5012 Magnam
1621 4941 1785 5010 igitur
1827 4939 2048 4996 Petavio

477 5029 738 5086 debemus
764 5033 1014 5102 gratiam,
1068 5036 1211 5103 quod
1257 5035 1375 5104 ejus
1410 5035 1674 5090 beneﬁcio
1725 5034 1807 5087 sic
1850 5033 2049 5090 Latine

479 5121 787 5191 loquentem
817 5123 1105 5178 audiamus
1137 5123 1524 5194 Epiphanium,
1555 5136 1615 5178 ut
1653 5126 1776 5196 styli
1814 5125 2046 5180 nitorem

478 5214 534 5269 in
563 5230 628 5269 eo
657 5229 762 5269 non
794 5215 1202 5280 desideremus;
1241 5218 1410 5272 multo
1441 5226 1622 5271 tamen
1659 5217 1922 5287 majorem
1943 5218 2045 5288 ipsi

476 5314 686 5370 sancto,
718 5307 864 5376 quod
895 5321 1008 5360 suae
1039 5306 1142 5359 sibi
1174 5307 1229 5360 in
1258 5322 1323 5360 eo
1367 5323 1560 5377 genere
1591 5309 1871 5362 tenuitatis
1915 5325 2048 5363 con-

477 5398 648 5462 scius,
675 5399 1066 5470 contempserit
1114 5399 1318 5470 judicia
1369 5398 1774 5456 fastidiosorum
1814 5402 2048 5471 philolo-

477 5503 689 5557 gorum,
725 5491 885 5545 modo
919 5492 1203 5562 prodesset
1237 5490 1492 5561 publico;
1530 5507 1703 5562 eaque
1733 5494 2044 5561 protulerit,

475 5593 710 5640 auorum
740 5596 954 5646 semper
978 5582 1216 5638 maxima
1241 5591 1294 5638 et
1322 5579 1420 5637 luit
1444 5592 1496 5636 et
1517 5582 1634 5653 _erit
1664 5584 1892 5651 utilitas,
1920 5600 2044 5640 cum

2156 4398 2319 4458 atque
2343 4389 2411 4442 ab
2444 4390 2545 4443 hoc
2573 4401 2889 4459 susceptos;
2916 4395 3157 4461 cogitare
3187 4395 3376 4465 coepit,
3403 4397 3594 4468 inquit
3643 4401 3717 4451 Se-

2156 4495 2416 4534 zomenus
2461 4481 2557 4536 lib.
2596 4495 2711 4544 vru,
2754 4497 2874 4552 cap.
2911 4484 2981 4538 25
3030 4495 3081 4538 et
3120 4485 3396 4554 deinceps,
3433 4508 3454 4539 ε
3495 4507 3606 4558 qua
3645 4508 3715 4543 ra-

2157 4573 2304 4626 tione
2331 4570 2596 4627 Joannem
2631 4591 2853 4644 quoque
2883 4577 3060 4644 ipsum
3091 4578 3158 4632 ab
3183 4579 3508 4649 episcopatu
3541 4583 3717 4650 dejice-

2155 4673 2257 4719 ret.
2303 4665 2500 4719 Verum
2549 4668 2663 4722 haec
2715 4669 2767 4722 in
2822 4671 3016 4724 intimo
3067 4671 3308 4740 pectoris
3371 4675 3459 4726 sui
3519 4692 3714 4729 recessu

2155 4757 2440 4813 occultans
2467 4774 2531 4812 ac
2576 4759 2826 4824 moliens.
2887 4763 3106 4832 scripsit
3158 4763 3377 4816 interim
3432 4765 3505 4818 ad
3549 4781 3718 4818 omnes

2155 4848 2358 4917 ubique
2400 4850 2645 4904 locorum
2696 4853 2982 4922 episcopos
3027 4854 3258 4918 litteras,
3313 4853 3523 4922 quibus
3575 4856 3716 4907 libus

2154 4941 2406 5012 Origenis
2429 4945 2881 5012 reprehendebat.
2913 4945 3160 5014 Cumque
3201 4945 3592 4999 consideraret
3623 4967 3717 4998 ma-

2153 5051 2259 5105 gno
2306 5035 2408 5090 sibi
2453 5037 2822 5091 emolumento
2874 5035 3012 5100 fore,
3062 5038 3106 5091 si
3138 5035 3542 5106 Epiphanium,
3585 5040 3716 5092 Sali—

2154 5125 2318 5182 niinis
2357 5127 2411 5180 in
2439 5127 2617 5198 Cypro
2649 5128 2986 5197 episcopum,
3035 5129 3356 5199 participem
3401 5139 3460 5182 et
3506 5147 3717 5183 censer-

2155 5227 2259 5274 tem
2292 5219 2643 5275 consiliarum
2667 5235 2891 5274 suorum
2926 5221 3166 5283 haberet,
3198 5220 3372 5273 virum
3409 5221 3484 5274 ob
3521 5223 3717 5274 virtutis

2153 5313 2509 5366 reverentiam
2571 5313 2812 5365 omnium
2870 5311 2953 5366 sui
3011 5314 3271 5382 temporis
3321 5312 3716 5368 clarissimum;

2153 5420 2276 5462 cum
2307 5405 2411 5459 sibi
2448 5405 2682 5458 amicum
2714 5403 3032 5472 adjunxit...

2223 5497 2311 5551 '56.
2355 5514 2373 5546 ι
2410 5496 2579 5550 Porro
2601 5496 2966 5566 Epiphanius,
2997 5497 3090 5566 qui
3116 5495 3368 5566 Origenis
3397 5498 3575 5554 libros
3621 5501 3716 5565 jam

2155 5587 2360 5655 pridem
2401 5587 2771 5652 aversabatur,
2802 5585 3090 5656 Theophili
3126 5587 3323 5642 litteris
3355 5588 3520 5646 facile
3549 5608 3718 5645 asseno
