3754 6182
132 77 223 130 157

1099 78 1154 127 S.
1198 72 1541 128 EPIPHANII
1579 72 1763 128 ACTA
1806 71 2309 129 BOLLANDJANA.

3240 71 3342 124 138

30 236 35 243 .
128 208 237 247 sum
276 191 503 262 praebuit
530 210 545 246 :
576 191 906 261 collectoque
933 192 1256 264 Cypriorum
1280 194 1664 263 episcoporum
1698 198 1742 254 Α
1770 191 2111 264 constituta),
2134 192 2422 264 palamque
2460 189 2805 246 denuntiavit
2835 186 3160 259 Epiphanio,
3190 187 3343 244 illum

127 284 369 347 concilio,
390 282 635 354 Origenis
659 284 828 339 libros
861 284 961 354 legi
984 284 1279 353 prohibuit.
1310 283 1457 338 Datis
1477 283 1672 338 deinde

130 369 339 433 litteris,
367 379 480 424 tum
508 372 575 425 ad
609 371 767 434 alios,
802 379 913 425 tum
947 373 1012 426 ad
1050 373 1363 442 episcopum
1399 372 1673 428 Constan-

124 463 552 532 tinopolitanum,
593 478 669 517 ea.
701 479 822 533 quae
866 479 897 518 a
943 465 1150 531 synodo
1197 464 1411 520 decreta
1460 466 1677 521 fuerant

123 554 545 618 insinuantibus,
577 554 824 610 hortatus
855 564 938 625 est
964 555 1085 609 illos
1125 564 1187 610 ut
1226 558 1493 626 synodum
1540 572 1673 613 con-

122 652 374 699 vocarent
430 644 727 714 eademque
794 644 1169 700 decernerent.
1220 646 1672 703 Animadvertens

122 734 279 803 igitur
303 734 634 802 Theophilus
668 749 727 790 se
766 733 1128 805 Epiphanium
1177 736 1384 807 absque
1431 738 1674 806 periculo

119 825 267 895 sequi
291 840 470 895 posse,
506 835 692 896 utpote
714 842 874 896 quem
910 827 1066 883 multi
1093 828 1394 894 laudarent,
1420 840 1475 885 et
1514 831 1675 902 cujus

116 917 438 971 sententiam
466 918 536 973 ob
584 916 707 971 vitae
750 918 1093 973 sanctitatem
1141 922 1509 990 suspicerent,
1562 924 1676 991 ipse

116 1023 350 1079 quoque,
390 1024 512 1064 cum
553 1009 819 1079 episcopis
862 1009 956 1080 qui
1001 1011 1105 1066 sub
1144 1011 1264 1082 ipso
1313 1022 1489 1078 erant,
1532 1014 1675 1069 idem

113 1101 259 1170 quod
288 1100 623 1170 Epiphanius
652 1101 907 1157 decrevit.
931 1099 1130 1157 Verum
1162 1102 1399 1159 Joannes
1432 1105 1674 1161 studium

114 1195 331 1250 illorum
362 1194 502 1249 haud
543 1194 723 1265 magni
763 1194 1019 1264 ponderis
1061 1210 1183 1250 esse
1237 1196 1587 1264 existimavit,
1622 1208 1677 1253 et

114 1288 484 1359 Epiphaniiac
520 1286 803 1357 Theophili
830 1288 1037 1344 litteras
1074 1289 1309 1359 neglexit
1338 1305 1442 1345 :ex
1480 1302 1674 1361 poten-

112 1384 348 1438 tioribus
368 1397 498 1437 vero
530 1381 606 1446 hi,
638 1380 732 1452 qui
764 1379 961 1436 Joanni
990 1381 1241 1452 privatim
1267 1381 1466 1439 infensi
1495 1390 1672 1450 erant,

112 1492 237 1533 cum
280 1474 670 1530 intellexissent
710 1472 1069 1544 Theophilum
1116 1473 1169 1529 id
1207 1489 1385 1546 agere,
1421 1484 1480 1530 ut
1510 1473 1675 1530 Joan-

1781 300 1845 338 ea
1876 299 2063 353 gerere
2098 300 2221 354 qua:
2252 298 2351 340 nec
2376 282 2524 352 justa
2552 290 2756 345 essent,
2789 296 2889 335 nec
2939 279 3042 349 ipsi
3092 278 3346 348 privatim

1783 377 1939 431 utilia
1975 395 1987 431 :
2018 377 2286 447 siquidem
2316 376 2551 431 tumultu
2580 374 2763 445 populi
2800 374 3053 433 excitato,
3084 371 3198 440 ipse
3226 380 3346 424 lan-

1781 482 1945 537 quam
1975 466 2139 536 hujus
2178 467 2255 521 rei
2289 477 2481 521 auctor
2514 464 2813 535 periculum
2848 462 3131 516 subiturus
3179 467 3340 514 esset.

1782 557 1897 614 Hac
1928 559 2145 615 ratione
2167 558 2439 615 cohibitus
2471 566 2553 613 est
2574 557 2804 626 impetus
2834 552 3139 624 Epiphanii.
3176 551 3341 605 Inter.

1781 664 1846 704 ea
1898 648 2097 704 accidit
2125 654 2185 702 ut
2231 646 2571 717 imperatoris
2635 644 2800 708 filius,
2850 642 3142 697 admodum
3190 655 3341 711 puer,

1780 740 1977 795 morbo
2011 739 2410 809 corriperetur;
2443 746 2616 792 mater
2650 750 2780 791 vero
2825 733 3056 790 sollicita
3099 748 3167 785 ne
3215 731 3346 801 quid

1782 832 1995 888 tristius
2035 846 2206 901 puero
2244 831 2605 901 contingeret,
2643 829 2813 884 misso
2859 827 2926 882 ad
2985 825 3345 895 Epiphanium

1783 925 1998 990 nuntio,
2029 932 2089 978 ut
2119 939 2217 994 pro
2244 938 2310 978 eo
2342 921 2510 978 Deum
2548 930 2881 993 precaretur,
2912 918 3225 989 postulavit.
3256 917 3349 970 Ille

1782 1029 2012 1083 puerum
2052 1014 2319 1069 victurum
2340 1028 2462 1068 esse
2489 1011 2790 1082 respondit,
2827 1011 2873 1065 si
2897 1010 3141 1079 Augusta
3172 1008 3348 1061 luere-

1782 1108 1940 1173 ticos,
1975 1109 2215 1177 quicum
2251 1106 2508 1163 Dioscoro
2536 1112 2713 1169 erant-,
2750 1110 3110 1158 aversaretur.
3143 1098 3346 1153 Verum

1782 1198 2024 1268 Augusta
2065 1198 2165 1253 :Si
2220 1198 2384 1264 Deus,
2445 1197 2641 1267 inquit,
2697 1194 2867 1249 filium
2926 1208 3107 1247 meum
3139 1192 3350 1260 eripere

1782 1288 1918 1343 mihi
1946 1288 2197 1354 voluerit,
2245 1289 2319 1344 ita
2362 1289 2488 1353 fiat;
2536 1286 2801 1343 Dominus
2848 1284 2992 1340 enim
3036 1282 3129 1353 qui
3178 1281 3347 1345 dedit,

1782 1377 1926 1433 idem
1961 1388 2016 1435 et
2041 1378 2237 1435 aufert.
2267 1379 2422 1446 Quod
2448 1379 2495 1434 si
2524 1388 2583 1433 tu
2609 1387 2853 1432 mortuos
2890 1375 2955 1429 ad
2985 1375 3151 1429 vitam
3188 1387 3349 1426 revo-

1783 1484 1909 1523 care
1936 1484 2149 1540 posses,
2174 1485 2284 1525 non
2313 1478 2457 1526 esset
2482 1478 2731 1525 mortuus
2753 1467 3168 1522 archidiaconus
3198 1475 3345 1519 tuus.

113 1584 234 1624 nem
256 1568 576 1638 episcopatu
608 1575 849 1628 exueret.
892 1566 996 1637 ipsi
1020 1582 1238 1638 quoque
1268 1583 1488 1636 operam
1519 1584 1673 1623 suam
1705 1555 1751 1613 Β
1779 1559 1992 1615 Etenim
2026 1560 2171 1616 haud
2217 1562 2389 1616 multo
2430 1570 2558 1617 ante
2602 1576 2633 1616 e
2680 1560 2820 1614 vivis
2872 1565 3182 1614 excesserat
3230 1556 3351 1611 Cri-

112 1672 177 1712 ac
226 1657 473 1712 studium
533 1657 921 1720 contulerunt,
983 1664 1152 1726 utque
1205 1656 1678 1729 Constantinopoli

112 1748 354 1803 maxima
384 1749 624 1820 synodus
646 1747 796 1803 fieret
825 1759 1211 1818 procurarunt.
1252 1749 1462 1817 Quibus
1490 1751 1679 1822 cogni-

108 1840 181 1895 tis
212 1840 547 1910 Theophilus
580 1839 758 1895 adhue
782 1839 957 1910 magis
1005 1840 1270 1908 incubuit,
1304 1852 1358 1896 et
1394 1843 1680 1912 episcopos

106 1928 333 1997 quidem
371 1926 591 2000 Egypti
626 1929 880 2000 navigare
919 1928 1085 2000 jussit
1126 1930 1678 2002 Constantinopolim,

108 2020 420 2092 Epiphanio
450 2037 580 2077 vero
601 2032 655 2078 et
678 2023 798 2079 aliis
822 2039 917 2093 per
942 2022 1214 2080 Orientem
1238 2027 1511 2097 episcopis
1544 2027 1680 2082 scri-

104 2114 241 2183 psit,
274 2121 335 2168 ut
364 2129 528 2184 quam
566 2114 802 2185 primum
840 2115 893 2169 in
924 2132 1094 2171 unum
1122 2118 1478 2173 convenirent
1513 2136 1528 2173 :
1565 2119 1681 2189 ipse

105 2208 347 2279 pedestri
376 2208 570 2263 itinere
599 2207 982 2277 proﬁciscitur.

178 2301 273 2355 37.
314 2319 333 2352 ‹
367 2298 477 2355 Nec
506 2300 677 2354 multo
703 2309 822 2371 post
841 2299 1190 2370 Epiphanius,
1225 2315 1347 2356 cum
1372 2301 1582 2372 primus
1614 2317 1681 2357 ex

105 2393 295 2449 insula
323 2392 504 2464 Cypro
552 2392 822 2457 solvisset,
855 2392 922 2447 ad
960 2393 1140 2447 locum
1184 2392 1329 2447 haud
1378 2392 1568 2464 procul
1613 2394 1682 2448 ab

104 2485 248 2538 urbe
277 2481 905 2552 Constantinopolitana,
940 2498 1102 2553 quem
1129 2479 1431 2548 Septimum
1461 2493 1678 2548 vocant,

102 2574 414 2646 applicuit;
444 2572 692 2645 factaque
719 2574 967 2629 oratione
1006 2574 1061 2629 in
1111 2575 1341 2631 ecclesia
1399 2592 1521 2647 quae
1572 2576 1681 2631 illic

101 2676 216 2731 est,
248 2667 306 2720 in
341 2666 528 2721 urbem
557 2666 819 2721 introivit.
852 2664 988 2720 Eum
1025 2666 1413 2737 ingredientem
1444 2666 1681 2723 Joannes

100 2774 348 2815 occursu
377 2759 508 2815 cleri
546 2760 711 2814 totius
739 2758 1028 2813 honoravit
1058 2778 1071 2813 :
1098 2770 1154 2814 at
1188 2759 1520 2831 Epiphanius
1554 2776 1680 2829 per-

100 2853 304 2921 spicue
340 2850 656 2915 declaravit,
695 2851 836 2921 quod
871 2850 1162 2906 calumniis
1209 2852 1472 2907 adversus
1509 2850 1681 2906 Joan-

100 2959 235 2999 nem
274 2944 620 2999 concinnatis
643 2943 802 2998 fidem
839 2945 1138 3001 habuisset.
1164 2944 1428 2999 Invitatus
1453 2943 1597 2999 enim
1624 2953 1682 3000 ut

100 3036 160 3091 in
192 3035 411 3091 aedibus
446 3034 833 3092 ecclesiasticis
872 3052 1094 3092 manere
1134 3036 1313 3102 vellet,
1364 3036 1681 3106 neutiquam

100 3127 391 3197 acquievit
423 3144 439 3179 :
474 3134 673 3182 etcum
706 3126 916 3181 Joanne
961 3125 1179 3197 quidem
1229 3127 1482 3198 congredi
1524 3127 1682 3198 peni-

101 3231 198 3275 tus
229 3218 599 3274 detrectavit:
624 3217 877 3288 privatim
906 3233 1037 3274 vero
1071 3220 1383 3276 convocatis
1408 3220 1683 3291 episcopis

99 3313 203 3383 qui
233 3321 353 3366 tum
376 3311 846 3381 Constantinopoli
877 3312 1248 3378 morabantur,
1274 3326 1337 3368 ea
1358 3329 1479 3383 quae
1499 3314 1685 3369 adver-

101 3420 211 3459 sus
241 3403 419 3458 libros
443 3402 691 3473 Origenis
723 3403 938 3456 decreta
970 3403 1187 3457 fuerant
1214 3402 1282 3456 iis
1312 3402 1548 3457 ostendit
1582 3421 1594 3456 :
1619 3416 1684 3458 ac

99 3495 400 3551 nonnullis
445 3494 660 3565 quidem
706 3494 976 3564 persuasit
1007 3503 1066 3548 ut
1100 3494 1331 3549 decretis
1364 3494 1682 3550 subscribe-

97 3596 276 3651 rent;
318 3586 501 3655 plures
537 3600 668 3642 vero
703 3585 757 3640 id
801 3585 978 3641 facere
1024 3594 1466 3643 recusarunt.....
1515 3585 1684 3640 Porro

96 3676 357 3731 Joannes
391 3675 569 3731 adhuc
602 3676 957 3732 nihilominus
994 3677 1354 3733 reverentiam
1392 3677 1687 3733 exhibebat

97 3767 445 3838 Epiphanio,
472 3782 708 3838 eumque
746 3769 1068 3826 hortabatur
1112 3776 1172 3823 ut
1210 3769 1465 3825 COHCCtaS
1496 3785 1684 3824 secum

95 3860 418 3923 celebrare,
450 3868 503 3915 et
540 3860 983 3916 contubernalem
1033 3859 1213 3932 ipsum
1254 3859 1455 3915 habere
1500 3861 1681 3916 vellet.

98 3953 323 4008 Verum
353 3953 707 4024 Epiphanius,
756 3969 816 4010 se
852 3970 1030 4024 neque
1075 3956 1195 4025 ejus
1238 3955 1400 4011 domo
1432 3971 1685 4019 usurum,

94 4061 217 4101 nec
244 4061 373 4102 cum
398 4061 466 4101 eo
504 4054 783 4101 oraturum
812 4061 932 4102 esse
961 4046 1266 4117 respondit,
1302 4046 1409 4102 nisi
1438 4046 1686 4118 Origenis

92 4138 292 4191 libros
330 4136 483 4206 prius
534 4136 868 4199 damnasset,
924 4143 978 4190 et
1025 4135 1344 4192 Dioscorum
1396 4151 1504 4191 una
1562 4152 1686 4193 cum

1781 1654 2018 1723 spio.....
2054 1669 2216 1724 quem
2256 1653 2593 1725 Epiphanius
2618 1669 2741 1709 cum
2774 1652 3225 1725 contubernalem
3252 1649 3350 1702 ha-

1778 1747 1949 1812 beret,
1981 1747 2427 1803 archidiaconum
2461 1763 2621 1803 suum
2647 1749 3026 1803 constituerat.

1852 1839 1942 1895 '59.
1984 1858 2002 1890 ε
2042 1839 2366 1894 Ammonius
2396 1856 2525 1895 vero
2554 1848 2608 1894 et
2630 1841 2722 1910 qui
2761 1855 2884 1895 cum
2915 1839 3010 1894 illo
3039 1846 3195 1893 erant
3220 1835 3351 1906 Epi-

1781 1934 2041 2001 phanium
2067 1932 2352 1995 adierunt;
2394 1931 2445 1985 id
2492 1931 2638 1985 enim
2680 1931 2782 2001 ipsi
2824 1946 3045 2001 quoque
3089 1928 3350 1999 Augustae

1781 2028 2078 2098 placuerat.
2115 2026 2364 2095 Cumque
2408 2024 2746 2095 Epiphanius
2795 2025 3184 2095 interrogasset
3225 2021 3348 2092 qui-

1782 2136 1906 2174 nam
1943 2127 2150 2185 essent,
2182 2117 2463 2188 respondit
2492 2116 2850 2173 Ammonius:
2875 2115 3043 2187 Longi
3069 2130 3280 2181 sumus,
3310 2130 3345 2168 ο

1782 2211 1976 2277 Pater;
2005 2209 2231 2264 libenter
2247 2218 2428 2263 autem
2457 2207 2815 2271 disceremus,
2844 2215 3025 2262 utrum
3050 2205 3343 2275 aliquando

1781 2302 1835 2355 in
1877 2301 2175 2372 discipulos
2212 2308 2307 2355 aut
2341 2299 2397 2353 in
2444 2298 2615 2353 libros
2663 2306 2882 2354 nostros
2921 2296 3202 2351 incideris.
3251 2294 3347 2349 lllo

1782 2403 2031 2464 negante,
2071 2393 2268 2448 iterum
2320 2391 2571 2461 quasivit
2615 2390 2940 2446 Ammonius
2974 2408 2988 2445 :
3024 2387 3176 2444 Unde
3216 2403 3348 2458 ergo
3384 2446 3395 2457 l

1783 2487 2068 2542 hiereticos
2092 2485 2217 2541 illos
2261 2499 2384 2539 esse
2427 2483 2705 2554 judicasti,
2767 2481 2861 2551 qui
2918 2480 3126 2535 nullum
3181 2480 3348 2535 habes

1781 2588 2186 2647 argumentum,
2216 2593 2325 2648 quo
2365 2576 2689 2632 sententiam
2727 2574 2944 2628 illorum
2993 2574 3172 2644 possis
3210 2589 3347 2627 con-

1781 2667 2036 2723 vincere?
2074 2668 2139 2721 Et
2185 2683 2310 2722 cum
2352 2666 2690 2738 Epiphanius
2720 2663 2944 2731 diceret,
2977 2664 3029 2718 id
3065 2679 3125 2719 se
3154 2665 3346 2719 auditu

1782 2757 2093 2828 accepisse:
2129 2755 2241 2815 Nos
2272 2772 2423 2823 vero,
2455 2754 2890 2819 aitAmmonius,
2922 2755 3083 2826 plane
3116 2766 3339 2812 eontra-

1785 2849 1926 2902 rium
1956 2846 2217 2915 fecimus;
2248 2864 2375 2904 nam
2396 2857 2450 2904 et
2471 2848 2771 2918 discipulos
2798 2855 2920 2903 tuos
2947 2863 3089 2918 saepe
3116 2862 3345 2903 numero

1783 2940 2045 3008 vidimus,
2078 2951 2132 2997 et
2169 2941 2339 2996 libros
2368 2940 2732 3011 perlegimus;
2762 2958 2830 2997 ex
2859 2942 3059 3011 quibus
3089 2956 3232 2995 unus
3261 2950 3349 2996 est

1783 3032 1874 3104 qui
1925 3032 2220 3086 Ancoratus
2264 3032 2602 3087 inscribitur.
2641 3032 2890 3103 Cumque
2927 3032 3083 3087 multi
3136 3033 3347 3103 vitupe—

1784 3139 1907 3179 rare
1927 3133 1982 3178 et
2012 3134 2268 3194 tanquam
2295 3123 2609 3179 luereticum
2641 3124 2964 3180 calumniari
2996 3125 3213 3189 vellent,
3246 3140 3348 3180 nos

1784 3229 1882 3284 pro
1910 3212 2090 3280 Patre,
2124 3213 2201 3267 uti
2226 3228 2323 3283 par
2349 3221 2485 3276 erat,
2514 3214 2901 3284 pugnavimus,
2940 3223 2995 3268 et
3034 3229 3218 3269 causa:
3241 3224 3349 3269 tua:

1784 3304 2157 3361 defensionem
2185 3305 2548 3375 suscepimus.
2593 3303 2828 3359 Proinde
2875 3320 2977 3361 nec
3016 3315 3072 3360 tu
3127 3320 3192 3360 ex
3228 3307 3347 3362 solo

1784 3399 1972 3453 auditu
2020 3398 2274 3454 absentes
2327 3398 2585 3453 damnare
2635 3396 2906 3462 debuisti,
2955 3414 3095 3469 quos
3135 3414 3346 3470 nequa-

1784 3507 1947 3561 quam
1979 3500 2033 3547 tu
2061 3492 2177 3562 ipse
2207 3492 2371 3548 certis
2403 3490 2739 3562 argumentis
2783 3491 3041 3547 inductus
3091 3494 3344 3548 convice-

1784 3599 1895 3648 ras,
1923 3599 2024 3639 nec
2044 3584 2309 3650 ejusmodi
2332 3584 2560 3655 gratiam
2588 3584 2791 3640 referre
2810 3584 3187 3641 laudatoribus
3210 3586 3340 3643 tuis.

1784 3675 2030 3731 Posthaec
2052 3675 2391 3748 Epiphanius
2419 3678 2596 3733 lenius
2622 3694 2745 3735 eum
2777 3681 3065 3746 allocutus,
3091 3692 3205 3737 tum
3228 3682 3345 3752 qui-

1785 3769 1906 3823 dem
1937 3769 2005 3823 ab
2043 3784 2103 3825 se
2130 3768 2360 3835 dimisit,
2392 3770 2542 3824 brevi
2575 3781 2756 3826 autem
2788 3772 3071 3844 interjecto
3099 3784 3340 3845 tempore

1785 3860 2022 3933 Cyprum
2062 3862 2358 3933 navigavit,
2401 3877 2496 3919 seu
2548 3864 2691 3934 quod
2733 3863 3347 3936 ConstantinOpolitanaa

1786 3954 2138 4024 profectionis
2170 3954 2346 4024 ipsum
2375 3955 2683 4026 pmniteret,
2725 3971 2822 4013 seu
2852 3958 2999 4028 quod
3046 3958 3189 4015 Deus
3219 3974 3348 4015 ora-

1787 4046 1911 4100 culo
1936 4045 2109 4115 ipsum
2135 4048 2531 4111 admonuisset,
2572 4059 2915 4120 mortemque
2942 4049 3046 4121 ipsi
3079 4066 3234 4106 suam
3267 4052 3349 4123 (ut

1788 4136 2085 4191 verisimile
2101 4137 2203 4208 est)
2225 4139 2668 4208 prmnuntiasset.
2696 4140 2963 4196 Caeterum
2998 4157 3124 4206 cum
3152 4160 3348 4200 navem

92 4228 289 4283 sociis
320 4227 638 4296 expulisset.
673 4224 779 4282 Sed
813 4242 937 4282 cum
973 4228 1061 4284 ille
1096 4238 1221 4284 ante
1263 4243 1446 4284 causa:
1489 4229 1679 4299 cogni-
1712 4233 1761 4292 Ι)
1787 4245 2187 4285 conscensurus
2215 4241 2377 4297 esset,
2409 4233 2701 4303 episcopis,
2731 4236 2827 4304 qui
2860 4235 3034 4304 ipsum
3078 4236 3144 4290 ad
3197 4237 3349 4294 littus

90 4322 325 4375 tionem
359 4318 475 4373 haec
503 4316 683 4372 facere
716 4318 1135 4388 haudquaquam
1190 4318 1396 4388 justum
1430 4334 1550 4375 esse
1594 4319 1677 4375 di-

86 4423 267 4465 ceret
297 4419 355 4465 et
376 4409 901 4480 procrastinaretur,
938 4411 1024 4465 die
1062 4425 1172 4480 quo
1218 4411 1442 4465 collecta
1477 4410 1684 4480 agenda

83 4513 237 4560 erat
268 4504 324 4557 in
359 4501 592 4557 ecclesia
624 4502 1027 4571 Apostolorum,
1058 4511 1423 4571 procurarunt
1454 4499 1682 4556 Joannis

79 4593 331 4651 inimici
360 4601 421 4647 ut
444 4590 782 4663 Epiphanius
822 4592 875 4645 in
914 4592 1201 4647 ecclesiam
1238 4592 1471 4658 veniret,
1500 4599 1554 4646 et
1587 4607 1686 4661 pu-

80 4687 261 4743 bliue
292 4700 479 4740 coram
506 4685 705 4754 populo
738 4697 851 4738 tum
879 4682 1130 4754 Origenis
1159 4684 1351 4750 libros,
1389 4692 1503 4738 tum
1556 4684 1652 4739 Dio
1672 4717 1685 4725 ο

80 4792 340 4835 scarum
378 4786 431 4830 et
458 4790 555 4830 eos
601 4775 693 4843 qui
738 4790 859 4829 cum
896 4774 989 4828 illo
1040 4782 1216 4839 erant,
1252 4783 1507 4844 tanquam
1544 4774 1684 4830 idem

80 4865 421 4923 sentientes
442 4880 569 4919 cum
586 4864 838 4934 Origene,
869 4864 1217 4919 anathemate
1241 4864 1559 4930 damnaret;
1592 4881 1685 4921 ea-

74 4960 357 5026 demque
398 4970 565 5025 opera
606 4954 921 5024 episcopum
972 4957 1122 5012 nrbis
1168 4956 1577 5026 perstringeret,
1627 4965 1686 5011 ut

76 5051 206 5125 qui
244 5051 353 5105 illis
384 5049 634 5103 addictus
656 5057 828 5112 esset;
866 5048 1251 5102 existimabant
1298 5048 1443 5102 enim
1483 5063 1542 5103 se
1581 5048 1683 5104 hac

70 5144 331 5202 ratione
357 5142 569 5212 plebem
597 5140 664 5194 ab
692 5140 785 5194 illo
813 5155 932 5195 esse
976 5140 1328 5194 alienaturos.

170 5233 275 5289 38.
330 5250 351 5285 ι
390 5231 618 5287 Postero
671 5230 835 5300 igitur
877 5230 984 5297 die,
1031 5245 1154 5286 cum
1203 5230 1269 5285 ad
1319 5231 1371 5285 id
1415 5231 1683 5302 agendum

64 5339 438 5398 progressus
469 5321 809 5393 Epiphanius
827 5321 951 5391 .jam
994 5321 1238 5377 ecclesiae
1286 5323 1686 5393 appropinqua-

64 5430 216 5485 ret,
248 5417 471 5473 obviam
500 5416 551 5471 ei
580 5414 822 5469 occurrit
858 5413 1103 5483 Serapio,
1137 5416 1342 5471 missus
1397 5432 1427 5471 a
1476 5415 1687 5472 Joanne

353 5602 626 5661 Parnm"
673 5600 790 5659 Gn.
838 5601 997 5664 XLI.

1786 4334 1962 4388 usque
2012 4322 2286 4390 prosecuti
2342 4320 2582 4388 fuerant,
2635 4324 2843 4379 dixisse
2896 4323 3346 4382 fertur:Urbem

1784 4412 1938 4467 vobis
1964 4425 2018 4469 et
2047 4414 2307 4482 palatium
2354 4423 2407 4469 et
2459 4428 2679 4469 scenam
2735 4415 3019 4484 relinquo;
3068 4431 3172 4487 ego
3216 4420 3375 4473 vero

1786 4505 2016 4561 abscedo
2041 4524 2054 4559 :
2080 4504 2275 4559 festino
2299 4506 2466 4571 enim,
2490 4514 2543 4559 et
2568 4505 2784 4575 quidem
2818 4505 2994 4562 valde.

1854 4598 1944 4651 40.
1996 4615 2015 4648 ι
2069 4598 2228 4652 Aliud
2299 4606 2557 4665 praeterea
2608 4598 2886 4668 quidpiam
2945 4599 3148 4668 audivi,
3202 4604 3349 4673 quod

1786 4692 2078 4745 multorum
2148 4690 2494 4748 sermonibus
2567 4691 2867 4746 etiamnum
2941 4694 3346 4763 circumfertur,

1784 4782 2047 4838 Joannem
2088 4782 2307 4853 quidem
2361 4782 2662 4853 Epiphanio
2715 4785 3031 4855 praedixisse
3089 4785 3239 4842 illum
3291 4788 3347 4843 in

1786 4875 2130 4947 navigatione
2169 4890 2292 4931 esse
2349 4877 2699 4943 moriturum,
2748 4877 3115 4948 Epiphanium
3166 4889 3347 4934 autem

1786 4968 2177 5037 praenuntiasse
2203 4966 2397 5023 Joanni
2415 4967 2808 5025 abdicationem
2827 4970 3187 5040 episcopatus.
3213 4969 3349 5025 Nam

1786 5058 1913 5113 dum
1982 5060 2123 5113 inter
2180 5074 2241 5115 se
2314 5059 2675 5126 dissiderent,
2738 5060 3074 5131 Epiphanius
3127 5062 3348 5131 quidem

1785 5148 1978 5204 Joanni
2016 5149 2299 5218 scripsisse
2326 5151 2748 5223 i'licitur:Spero
2783 5161 2835 5207 te
2860 5168 3203 5223 nequaquam
3236 5153 3349 5222 epi-

1787 5256 2008 5310 scOpum
2060 5240 2408 5294 moriturum.
2448 5240 2687 5297 Joannes
2724 5257 2854 5297 vero
2900 5243 3178 5312 rescripsit
3219 5241 3349 5312 Epi-

1786 5329 2016 5400 phanio:
2047 5327 2155 5383 Nec
2179 5343 2278 5399 ego
2312 5345 2471 5400 spero
2497 5340 2549 5386 te
2570 5332 2624 5387 in
2659 5332 2846 5387 urbem
2875 5341 3019 5388 tuam
3044 5333 3345 5388 rediturum

1787 5436 1925 5475 esse.
1953 5440 1971 5473 ι
1996 5420 2117 5475 Haec
2150 5420 2509 5488 Sozomenus,
2545 5422 2846 5478 Historiam
2874 5439 3029 5478 suam
3053 5425 3212 5479 annis
3239 5427 3347 5479 cir-

61 5512 498 5581 (prassenserat
537 5507 684 5561 enim
711 5505 947 5561 Joannes
978 5522 1041 5561 ea
1074 5522 1198 5578 qua:
1244 5510 1419 5578 pridie
1469 5511 1685 5567 fuerant
1719 5500 1758 5565 νζ
1787 5514 1921 5570 citcr
1952 5513 2171 5584 triginta
2217 5523 2337 5585 post
2376 5512 2659 5585 Epiplianii
2711 5517 2919 5572 obitum
2959 5518 3232 5585 scribens;
3256 5518 3346 5573 cui

2987 5610 3025 5670 ὅ
