3754 6182
1118 118 1177 174 8.
1222 118 1567 176 ΕΡΙΡΗΑΝΙΙ
1597 122 1781 178 ACTA
1812 125 2313 183 BOLLANDJANA.

3233 128 3338 184 ΝΞ

320 266 325 291 ε
362 242 473 310 ejus
501 254 620 295 esse
644 240 979 308 agnovisset,
1018 238 1159 294 idem
1190 254 1248 294 se
1272 255 1396 295 cum
1431 241 1519 294 illo
1545 258 1657 296 sen-
1690 253 1734 304 Α
1764 244 1876 299 tine
1927 245 2072 299 edita
2122 244 2426 299 habebatur
2484 244 2537 297 in
2602 244 2643 298 ll
2704 255 2851 309 temo
2890 244 3127 314 Operum
3176 246 3334 314 ejus,

318 334 468 401 ‘ipsit,
490 341 542 387 et
562 331 811 401 Origenis
840 331 1008 385 libros
1032 331 1352 385 calumniari
1385 333 1602 397 institit,
1636 352 1655 384 ι

322 424 675 495 reprobando.
706 425 753 478 si
792 424 1019 479 haberet
1065 423 1371 493 adjutorem
1428 425 1663 494 Epipha-

314 518 509 570 incile
568 517 672 571 sibi
730 515 1035 585 spondebat
1090 516 1155 570 de
1214 517 1499 572 monachis
1555 518 1662 575 illis

314 624 400 671 rit],
435 608 522 677 qui
561 606 690 661 dum
741 606 853 661 Deo
905 606 1225 677 incorporeo
1274 610 1525 679 corporis
1566 613 1663 665 lnt-

312 712 530 754 turmam
594 714 702 754 non
753 714 876 756 esse
914 698 1278 755 defendebant
1334 703 1663 757 auctoritate

306 812 367 857 is,
426 793 524 847 sub
574 792 779 847 invidia
832 792 997 863 hujus
1049 794 1286 849 nominis
1342 795 1663 849 videbantur

325 885 538 953 pprimi.
579 885 735 950 Quod
767 900 894 940 cum
932 900 1095 955 agere
1125 884 1488 956 Theophilum
1518 887 1663 941 vide-

322 985 647 1043 ysostomus,
678 977 980 1032 monachos
1008 976 1129 1031 illos
1154 990 1261 1030 non
1290 978 1396 1032 nisi
1430 988 1575 1033 recta
1597 978 1663 1031 de

304 1080 470 1124 tenus
520 1070 721 1123 sentire
754 1070 1119 1138 comperiens,
1166 1071 1478 1125 merebatur
1509 1082 1662 1124 extra

302 1178 307 1207 ι
343 1158 524 1212 haberi
562 1158 617 1211 in
655 1173 721 1211 eo
762 1174 927 1227 quem
959 1159 1094 1229 ipsis
1128 1162 1422 1229 praestabat
1456 1159 1659 1215 favore.

294 1264 359 1301 im
392 1250 472 1304 uti
521 1248 879 1319 Epiphaniam
913 1250 978 1305 de
1022 1251 1663 1321 Anthropomorphoseos

278 1342 285 1375 ἓ
342 1348 653 1409 suspectum
703 1340 1038 1410 Theophilus
1104 1342 1377 1396 immerito
1433 1342 1660 1407 habuit,

264 1432 470 1486 'aticum
517 1442 571 1488 et
614 1434 930 1489 schismatis
973 1443 1255 1489 auctorem
1289 1454 1307 1487 ι
1341 1435 1393 1489 in
1433 1436 1661 1505 epistola

260 1540 324 1575 un
354 1524 522 1592 priori
554 1541 783 1592 vocans,
821 1528 899 1580 uti
922 1526 1112 1583 scribit
1143 1524 1422 1581 Palladius
1454 1526 1508 1580 in
1537 1526 1663 1581 Dia-

262 1616 321 1666 de
347 1613 405 1667 S.
438 1613 645 1671 Joanne
683 1618 1116 1688 Chrysostomo;
1150 1618 1230 1673 sic
1266 1617 1462 1672 merito
1487 1620 1662 1687 potuit
1692 1605 1734 1660 Β

260 1708 399 1776 apud
439 1723 497 1763 se
528 1720 849 1765 excusatum
887 1711 1289 1780 probatumque
1330 1710 1659 1780 srgnificare,

258 1809 311 1851 ut
360 1798 977 1871 Anthropomorphitam
1027 1802 1208 1872 (quod
1259 1818 1445 1856 revera
1495 1802 1661 1857 etiam

240 1890 429 1955 iphilus
461 1907 568 1946 non
602 1892 748 1962 fuit),
794 1894 888 1947 sed
921 1904 978 1947 ut
1027 1894 1311 1949 commode
1348 1894 1460 1963 jam
1499 1894 1663 1949 intel-

230 1998 314 2047 ιω,
348 1994 511 2052 prout
533 1984 757 2055 intelligi
788 2002 949 2056 posse
972 1986 1135 2041 etiam
1166 1987 1491 2042 Ammonius
1514 2003 1662 2042 com-

226 2083 368 2128 urat.

224 2198 255 2217 ..
290 2164 460 2221 Multa
484 2177 612 2223 sunt
640 2168 743 2223 alia
778 2168 920 2224 haud
943 2170 1125 2240 magni
1154 2171 1439 2234 momenti,
1458 2187 1578 2241 qua:
1607 2173 1662 2225 in

230 2258 382 2311 .meni
409 2258 480 2314 de
529 2258 832 2330 Epiphanio
877 2263 1189 2316 narratione
1233 2263 1450 2333 sugillat
1495 2263 1663 2317 Baro-

232 2348 471 2417 .quibns
511 2365 622 2405 non
668 2362 751 2407 est
801 2367 978 2421 operte
1030 2354 1261 2423 pretium
1330 2355 1657 2408 immorari;

220 2456 263 2491 .u
284 2448 463 2495 tamen
500 2458 606 2495 non
637 2444 1105 2512 praetermiserim,
1137 2444 1284 2513 quod
1314 2447 1505 2500 attinet
1538 2461 1665 2500 con-

236 2546 388 2587 onem
423 2534 709 2604 Epiphanii
756 2553 881 2591 cum
932 2538 1300 2607 imperatrice,
1341 2540 1499 2608 quasi
1541 2540 1663 2591 lon-

218 2632 361 2684 ;mec
397 2631 615 2685 aberret
653 2646 683 2685 a
714 2648 870 2707 yero,
918 2644 977 2687 ut
1033 2633 1302 2697 Eudoxia,
1352 2633 1664 2703 perinfensa

213 2727 504 2786 j'sostomo,
554 2722 748 2775 faverit
794 2724 1081 2780 monachis
1136 2725 1280 2789 illis,
1333 2738 1387 2779 et
1436 2724 1664 2801 Epipha-

218 2828 245 2862 ιι
278 2809 443 2866 fuerit
475 2823 741 2881 aversata,
782 2834 801 2867 ι
839 2832 935 2872 eos
969 2815 1217 2870 damnari
1253 2816 1334 2871 sic
1378 2817 1663 2886 postulan-

1762 339 1924 389 etiam
1952 335 2140 389 multis
2176 336 2228 388 in
2254 336 2389 390 locis
2420 351 2449 389 a
2495 351 2553 390 se
2597 335 2928 405 recognitam
2984 334 3117 390 dare
3162 336 3337 390 voluit

1768 426 2054 496 Dionysius
2087 425 2361 490 Petavius,
2401 446 2420 479 ‹
2459 443 2525 480 ne
2549 426 2699 496 quid,
2736 426 2884 496 quod
2919 423 3204 494 Epiphanii
3231 442 3335 479 no-

1764 519 1911 572 mine
1942 527 2220 588 utcunque
2246 528 2328 572 est
2368 519 2711 588 inscriptum,
2746 517 3083 571 desideraret
3102 517 3329 571 lector.»

1766 611 2090 682 Quanquam
2122 612 2266 666 enim
2310 611 2425 680 ipse
2478 625 2700 679 quoque
2730 608 3029 678 judicaret,
3079 609 3224 677 quod
3270 624 3335 661 ea

1771 724 1789 757 ι
1831 706 1887 759 in
1915 706 2189 775 plerisque
2226 704 2421 758 fabuhe
2452 713 2535 758 est
2569 716 2735 773 quam
2788 701 3033 756 historiae
3080 702 3331 770 propior,

1761 796 2085 866 jamdudum
2143 798 2197 851 in
2258 797 2553 850 Annalibus
2614 794 2879 849 Baronius
2929 793 3247 856 admonuit,
3311 812 3328 843 ι

1766 890 2021 958 sperabat
2052 898 2232 942 tamen
2267 905 2285 937 ι
2312 886 2426 942 fore
2452 907 2469 937 ι
2504 896 2563 941 ιιι
2595 905 2614 937 ι
2649 887 2702 940 in
2727 886 2990 940 lutulenta
3020 886 3108 938 illa
3140 901 3335 939 narra-

1765 982 1914 1036 tione
1951 1001 1968 1032 ι
2002 989 2145 1035 esset
2172 999 2190 1031 ι
2236 979 2487 1034 fortassis
2521 978 2666 1049 quod
2727 979 2913 1033 tollere
2950 978 3127 1047 possis
3162 995 3176 1031 :
3209 992 3333 1031 nam

1770 1092 1789 1125 ι
1826 1073 2052 1141 alioqui,
2093 1092 2110 1123 ι
2146 1073 2344 1141 inquit,
2382 1091 2399 1123 ι
2433 1072 2599 1125 multa
2620 1071 3022 1137 continet,qu:e
3052 1083 3176 1123 cum
3208 1084 3336 1122 vera

1766 1173 2097 1235 receptaque
2124 1166 2192 1219 ab
2225 1164 2483 1220 omnibus
2520 1164 2749 1219 historia
2783 1172 3149 1217 consentanea
3184 1172 3335 1226 sunt,

1766 1261 1861 1314 sed
1900 1260 2089 1313 eadem
2123 1258 2358 1313 admista
2394 1257 2590 1313 falsis:
2624 1258 2676 1310 in
2708 1256 2908 1326 quibus
2934 1256 3333 1316 discernendis,

1766 1351 1811 1406 si
1836 1350 1972 1405 nihil
2004 1351 2173 1415 aliud,
2208 1361 2380 1414 tuum,
2411 1350 2584 1405 lector
2615 1349 3035 1414 humanissime,
3063 1348 3333 1417 judicium

1766 1459 1831 1499 ac
1890 1444 2112 1515 κριτικὴ
2173 1443 2273 1514 τῆς
2336 1443 2575 1513 ἱστορίας
2632 1442 2858 1511 δύναμις
2908 1441 3152 1495 exerceri
3206 1456 3336 1509 pos-

1766 1534 1857 1590 sit.
1897 1552 1917 1585 ›
1958 1534 2088 1599 Quae
2134 1543 2188 1587 et
2229 1548 2499 1602 quatenus
2548 1549 2675 1587 vera
2714 1535 2861 1587 credi
2909 1534 3161 1596 debeant,
3201 1532 3336 1586 satis

1761 1643 1830 1682 ex
1859 1628 2128 1697 capitibus
2161 1626 2595 1695 praecedentibus
2618 1626 2791 1681 lector
2824 1625 3089 1694 intelliget
3122 1643 3134 1677 :
3167 1640 3330 1693 quam

1762 1720 1931 1776 multa
1965 1720 2074 1775 sint
2112 1719 2396 1774 manifeste
2433 1718 2591 1785 falsa,
2624 1734 2775 1773 nunc
2813 1718 3102 1789 aggrediar
3152 1716 3332 1784 expli-

1761 1828 1905 1869 care.
1938 1812 2050 1867 Hoc
2074 1823 2253 1868 autem
2284 1812 2447 1874 facto.
2477 1812 2776 1881 apparebit,
2809 1820 3007 1865 caetera
3041 1813 3181 1865 inter
3216 1810 3333 1864 lucc

1762 1908 1939 1963 media
1964 1907 2235 1977 ejusmodi
2266 1923 2408 1971 esse,
2438 1916 2497 1961 ut
2523 1906 2649 1961 licet
2681 1921 2776 1975 per
2809 1905 2991 1973 seipsa
3019 1904 3179 1957 fidem
3222 1920 3329 1956 non

1762 1999 2078 2063 excludant,
2120 2012 2243 2053 eam
2290 2006 2471 2051 tamen
2524 1996 2764 2066 prudens
2807 2009 2970 2049 nemo
3026 1993 3144 2047 dari
3200 1992 3335 2061 ipsis

1763 2091 1955 2161 possit,
1989 2089 2231 2159 quandiu
2260 2104 2368 2143 non
2392 2089 2559 2143 alium
2587 2095 2865 2142 auctorem
2894 2085 3145 2140 sciuntur
3164 2083 3335 2138 habe-

1762 2198 1820 2238 re
1854 2197 1882 2236 a
1917 2180 2342 2236 mendacissimo
2386 2180 2544 2235 istius
2583 2177 2717 2233 Vita:
2772 2176 3145 2246 compilatore.
3180 2173 3337 2228 llunc

1765 2280 1820 2325 tu
1849 2286 1979 2325 cave
2017 2285 2085 2325 ne
2115 2268 2536 2339 Metaphrastem
2566 2283 2688 2323 esse
2717 2281 2785 2321 ex
2807 2266 2953 2337 vulgi
2993 2279 3183 2320 errore
3216 2279 3334 2319 ere-

1763 2362 1883 2426 das,
1935 2376 2059 2415 cum
2111 2361 2299 2432 stylus‘
2346 2360 2549 2430 passim
2601 2358 2856 2415 concisus
2894 2372 2925 2412 a
2975 2356 3115 2427 stylo
3164 2354 3336 2410 Meta-

1761 2454 2002 2524 phrastis
2030 2452 2308 2523 periodico
2344 2462 2397 2507 et
2426 2452 2594 2507 fluido
2625 2450 3040 2506 diversissimus
3064 2448 3156 2503 sit.
3188 2446 3337 2501 Prae-

1762 2542 1867 2598 fert
1911 2542 2002 2597 illa
2063 2540 2188 2596 Vita
2248 2541 2484 2596 duorum
2547 2541 2943 2610 discipulorum
3008 2538 3237 2594 Joannis
3282 2546 3339 2592 et

1762 2633 1993 2705 Polybii,
2028 2641 2089 2687 ut
2111 2632 2244 2695 dixi,
2276 2632 2497 2686 nomina
2532 2650 2545 2686 :
2583 2631 2677 2701 qui
2701 2639 2757 2686 et
2796 2630 2853 2685 in
2889 2630 3062 2697 prima
3102 2644 3337 2699 persona

1764 2725 1967 2795 ubique
1996 2724 2317 2793 loquuntur,
2359 2722 2487 2778 licet
2526 2738 2667 2777 unus
2703 2721 2958 2790 idemque
2990 2722 3062 2775 sit
3111 2736 3141 2774 a
3187 2720 3335 2789 prin-

1764 2817 1909 2888 cipio
1931 2830 2106 2886 usque
2133 2816 2200 2869 ad
2232 2814 2394 2869 finem
2430 2814 2625 2886 stylus,
2653 2814 2880 2884 proinde
2902 2828 3009 2867 non
3036 2812 3141 2867 nisi
3166 2826 3336 2865 unum

216 2944 224 2955 .
261 2898 393 2957 Nam
422 2913 479 2958 et
503 2905 578 2959 illi
607 2905 814 2977 absque
838 2905 1050 2961 Joanne
1082 2916 1374 2977 potuerunt
1407 2923 1528 2963 sese
1553 2908 1655 2961 itn-
1694 2944 1735 3001 α
1770 2918 2047 2965 auctorem
2080 2906 2310 2970 referat;
2346 2921 2455 2960 non
2496 2915 2677 2960 tamen
2698 2905 2924 2960 omnino
2954 2903 3331 2973 rejiciendum,

208 2996 322 3051 liate
348 2996 400 3050 in
433 2998 551 3067 ejus
582 2999 810 3067 gratiam
854 3000 1182 3063 insinuasse,
1215 3010 1269 3055 et
1311 3011 1434 3071 post
1460 3003 1663 3073 primas

204 3102 381 3155 agrum
412 3089 589 3142 vidua:
617 3090 856 3143 ablatum
910 3090 1078 3156 rixas,
1124 3107 1295 3161 usque
1334 3093 1469 3147 adeo
1526 3108 1667 3147 rese-

201 3179 635 3248 atimperatricis
681 3180 1000 3251 indignatio,
1052 3192 1109 3237 ut
1151 3184 1203 3236 in
1263 3186 1491 3253 gratiam
1538 3201 1662 3239 cum

190 3287 300 3325 [nne
325 3272 522 3326 debeat
551 3275 777 3329 rediisse
812 3276 1057 3342 censm'i,‘
1096 3277 1297 3345 quippe
1348 3295 1469 3345 qua:
1520 3279 1662 3332 haud

184 3376 332 3433 ipost
361 3365 503 3418 inter
532 3365 797 3420 Joannem
847 3378 899 3421 et
954 3368 1308 3421 Severianum
1362 3372 1665 3424 concordia:

184 3454 401 3523 diatrix,
433 3474 452 3506 ι
500 3456 551 3510 in
590 3458 822 3512 ecclesia
856 3460 1241 3529 Apostolorum
1286 3464 1455 3516 lilium
1504 3480 1662 3517 suum

178 3548 483 3613 ieodosium,
526 3556 653 3603 tunc
702 3551 997 3605 admodum
1054 3570 1304 3622 puerum,
1364 3554 1430 3607 ad
1489 3571 1663 3621 genua

176 3641 317 3695 annis
344 3641 633 3711 abjiciens,
666 3652 718 3696 et
749 3659 843 3712 per
880 3644 1027 3699 illius
1062 3654 1225 3713 caput
1268 3646 1466 3699 crebro
1513 3653 1665 3699 obte-

164 3748 268 3797 ans,
298 3732 365 3786 ab
387 3732 481 3786 illo
514 3734 750 3788 obtinuit
783 3744 841 3788 ut
886 3736 1237 3789 Severianum
1279 3737 1331 3789 in
1368 3738 1664 3790 amicitiam

162 3838 252 3877 iam
273 3824 598 3892 admitteret,
639 3846 657 3877 ι
692 3827 767 3881 uti
802 3829 992 3882 scribit
1018 3830 1275 3884 Socrates
1311 3829 1405 3883 lib.
1437 3845 1512 3892 vr,
1539 3843 1659 3897 cap.

158 3918 193 3967 ἰ.
220 3913 342 3979 Qum
363 3924 549 3972 autem
577 3917 772 3973 deinde
800 3933 1001 3974 secuta
1042 3927 1170 3974 sunt
1218 3921 1500 3990 graviores
1532 3936 1666 3990 que-

146 4004 244 4069 claz,
270 4023 344 4061 eae
371 4009 610 4081 primum
648 4020 931 4079 cmperunt
960 4021 1248 4081 postquam
1281 4011 1665 4066 Constantino-

138 4098 211 4150 woli
235 4100 573 4156 discessisset
603 4100 961 4172 Epiphanius.
1012 4102 1117 4157 Sed
1170 4103 1305 4157 nihil
1345 4105 1399 4157 in
1435 4104 1534 4157 hac
1562 4102 1667 4157 Ba-

124 4190 240 4243 “onii
287 4208 520 4248 censura
572 4195 814 4248 admiror
866 4196 1073 4266 magis,
1126 4212 1289 4265 quam
1340 4196 1485 4266 quod
1532 4197 1661 4251 Acta

1768 3001 1815 3056 si
1836 3016 1962 3055 vera
1996 3002 2229 3055 duorum
2255 3000 2485 3052 istorum
2510 2998 2712 3067 scripta
2744 3012 2854 3067 prae
2884 2996 3059 3050 oculis
3104 2995 3332 3057 habens,

1768 3110 1868 3149 suo
1908 3094 1995 3148 illa
2036 3094 2303 3147 duntaxat
2341 3100 2667 3147 exornasset
2706 3104 2981 3151 sermone,
3017 3102 3187 3143 sensu
3216 3102 3338 3140 ser-

1766 3199 1912 3243 vato.
1943 3186 2061 3252 Qua
2103 3196 2284 3239 autem
2327 3194 2483 3239 aatate
2535 3184 2624 3238 ille
2671 3181 2976 3251 scripserit,
3018 3180 3144 3249 quis
3197 3178 3341 3232 divi-

1766 3281 1946 3335 nando
2002 3278 2404 3348 consequetur?
2440 3274 2557 3332 Hoc
2601 3284 2835 3340 certum,
2883 3273 3097 3328 decimo
3136 3271 3340 3328 saeculo

1769 3376 2000 3445 priorem
2033 3372 2223 3439 fuisse,
2279 3371 2501 3441 quando
2533 3381 2587 3424 et
2629 3368 2739 3423 Leo
2786 3369 3103 3436 imperator,
3131 3380 3339 3434 cogno-

1766 3476 1948 3521 mento
1982 3464 2231 3534 Sapiens,
2259 3463 2361 3517 sub
2384 3477 2495 3531 quo
2521 3462 2684 3515 etiam
2710 3458 3103 3527 Metaphrastes
3130 3454 3337 3517 floruit,

1779 3559 1958 3613 Vitam
1982 3559 2129 3612 illam
2165 3565 2386 3613 secutus
2410 3564 2493 3610 est
2525 3556 2577 3607 in
2607 3554 2879 3607 laudando
2910 3550 3337 3620 Chrysostomo;

1765 3664 1820 3709 ct
1840 3652 2079 3721 elogium
2117 3666 2182 3705 ex
2222 3664 2285 3702 ea
2320 3657 2596 3717 sumptum
2624 3645 2898 3699 invenitur
2941 3644 2993 3697 in
3038 3642 3340 3714 Synaxario

1768 3747 1949 3801 Basilii
1992 3745 2336 3813 imperatoris
2382 3736 2861 3809 Porpbymgeniti,
2914 3742 2973 3789 ut
3014 3734 3082 3789 de
3121 3731 3340 3787 Menwt‘s

1765 3838 1983 3894 excusis
2012 3835 2147 3888 nihil
2170 3834 2368 3887 dicam.

1836 3929 1923 3983 46.
1961 3928 2018 3982 1η
2056 3928 2155 3981 hac
2203 3926 2311 3978 vita
2344 3922 2678 3993 Epiphanius
2739 3930 2891 3991 patre
2923 3916 3183 3989 agricola,
3219 3928 3341 3968 ma-

1766 4031 1847 4077 tre
1892 4020 2113 4081 linilica,
2164 4016 2431 4071 ambobus
2464 4013 2690 4078 Judazis,
2738 4022 2899 4067 natus
2955 4009 3157 4065 dicitur
3212 4019 3341 4061 cum

1767 4128 1956 4171 sorore
1982 4112 2304 4179 Callitrope;
2353 4122 2589 4176 cumque
2624 4105 2897 4163 decennis
2938 4110 3086 4158 esset
3133 4102 3341 4155 amisso

1767 4200 1938 4276 patre,
1964 4205 2154 4273 jussus
2197 4203 2264 4257 ad
2309 4201 2557 4255 alendam
2605 4198 2871 4253 familiam
2918 4196 3141 4251 unicum
3192 4191 3337 4264 quod

124 4281 406 4352 lipiphanii,
441 4301 564 4356 qua:
595 4295 725 4342 sunt
763 4288 904 4357 apud
940 4287 1304 4357 Lipomanum
1344 4296 1397 4341 et
1440 4286 1661 4341 Surium

1838 4297 2087 4368 ppetebat
2119 4294 2354 4373 vendere
2374 4292 2707 4362 jumentum,
2744 4299 2890 4344 tanta
2923 4287 3199 4359 negotium
3224 4286 3343 4341 sin-

122 4376 206 4431 sub
233 4380 449 4434 nomine
474 4378 875 4449 Metaphrastis,
895 4380 1194 4435 mendaciis
1221 4390 1430 4435 scatere
1454 4380 1665 4446 dicens,

121 4469 185 4523 uti
213 4486 392 4527 revera
424 4482 635 4527 scatere
678 4490 804 4528 mox
844 4475 1164 4538 ostendam;
1214 4489 1279 4527 ex
1335 4474 1403 4527 iis
1441 4488 1667 4542 prorsus

119 4562 311 4617 veritati
336 4550 674 4620 contrariam
721 4563 966 4634 proferat
1012 4565 1384 4617 narrationem
1427 4564 1492 4618 de
1536 4580 1666 4619 con-

119 4667 285 4719 gressu
332 4664 385 4709 et
420 4655 774 4709 contentione
813 4654 1101 4724 Epiphanii
1160 4664 1323 4723 atque
1382 4652 1663 4708 Eudoxize.

117 4741 211 4798 Nec
248 4746 411 4803 refert
464 4747 610 4816 quod
654 4748 841 4800 eadem
892 4748 1080 4801 eodem
1134 4746 1245 4800 fere
1292 4746 1454 4801 modo
1506 4748 1559 4800 in
1606 4745 1665 4799 S.

117 4834 320 4892 Joannis
346 4838 725 4909 Cbrysostomi
757 4839 1006 4893 encomio
1038 4839 1256 4906 scripsit
1283 4837 1393 4892 Leo
1440 4837 1670 4906 impera-

120 4938 229 4982 tor:
257 4930 340 4984 hic
364 4932 537 4995 enim,
568 4931 813 5001 quinque
859 4940 983 5000 post
1016 4946 1130 4984 rem
1175 4940 1383 5000 gestam
1425 4931 1663 4994 saeculis,

117 5020 351 5091 deceptus
390 5021 495 5077 fuit
546 5023 751 5093 spuriis
805 5023 914 5077 illis
972 5022 1151 5086 Actis;
1197 5038 1369 5091 eaque
1407 5024 1668 5078 transcri—

118 5117 210 5183 psit
230 5128 499 5187 quatenus
545 5116 613 5172 ad
655 5133 814 5173 suum
866 5126 1248 5186 argumentum
1292 5117 1472 5172 facere
1517 5118 1668 5172 vide-

118 5209 311 5266 lantur.

702 5301 929 5358 CAPUT
976 5301 1059 5354 Vl.

216 5418 604 5475 Examinantur
640 5423 775 5475 Acta
804 5422 968 5483 edita,
1005 5430 1261 5490 quatenus
1297 5438 1327 5474 a
1358 5420 1562 5475 Joanne

563 5495 859 5560 conscripta
900 5494 1193 5562 ﬁnguntur.

179 5580 263 5637 45.
305 5582 479 5642 Vitam
511 5584 755 5644 ercam
788 5584 847 5643 ὃ.
881 5583 1191 5655 Epiphanii,
1223 5602 1343 5655 qua:
1393 5586 1524 5643 olim
1572 5583 1671 5641 La-

1768 4388 1988 4443 ceritate
2008 4386 2286 4455 egisse,ut
2310 4384 2562 4453 quamvis
2585 4380 2910 4437 indomitum
2947 4378 3103 4443 alias,
3136 4377 3191 4431 in
3219 4376 3341 4444 ipso

1770 4478 1890 4533 foro
1919 4475 2191 4545 placidum
2231 4488 2289 4527 se
2315 4473 2579 4542 praeberet
2611 4480 2807 4542 praeter
2854 4484 3085 4534 morem,
3146 4468 3341 4521 vitium

1768 4579 1949 4624 tamen
1983 4566 2235 4623 indicarit
2266 4566 2495 4620 licitanti
2524 4564 2754 4628 Jacobo,
2783 4564 2929 4634 quod
2953 4561 3205 4632 religioni
3234 4560 3344 4616 sibi

1769 4665 1993 4718 duceret
2014 4660 2199 4715 fallere
2227 4658 2474 4727 ejusdem
2504 4657 2783 4726 religionis
2811 4655 3090 4710 hominem
3122 4673 3135 4708 :
3169 4668 3343 4723 quare

1771 4755 1943 4810 tribus
1988 4754 2055 4807 ab
2088 4768 2154 4807 eo
2188 4754 2422 4807 donatus
2474 4751 2737 4815 nummis,
2792 4749 3015 4803 domum
3056 4748 3344 4803 reverterit

1770 4863 1892 4901 cum
1943 4848 2059 4916 ipso
2084 4846 2332 4915 jumento
2371 4862 2383 4897 :
2425 4860 2454 4897 a
2495 4857 2605 4912 quo
2639 4840 2833 4895 deinde
2851 4855 3118 4895 excussus
3154 4840 3208 4893 in
3256 4840 3344 4893 via

1771 4940 2113 5009 graviterque
2152 4939 2333 5000 laesus,
2379 4952 2474 5005 per
2526 4935 2994 5003 supervenientem
3049 4934 3343 5003 quemdam

1772 5032 2057 5086 Cleobiutn
2113 5029 2528 5091 Christianum,
2596 5036 2823 5082 sanatus
2891 5028 3094 5079 virtute
3164 5029 3343 5079 crucis

1775 5123 1956 5177 fuerit.
1991 5119 2186 5174 Postea
2215 5134 2339 5173 cum
2372 5119 2604 5188 agellum
2638 5127 2923 5188 paternum
2952 5114 3340 5185 Eleutheropo-

1774 5216 1940 5268 litano
1979 5212 2196 5267 cuidam
2248 5212 2382 5282 legis
2435 5212 2607 5281 perito
2665 5226 2730 5265 ac
2778 5209 2933 5265 diviti
2989 5206 3203 5274 Judaeo,
3253 5208 3344 5262 cui

1772 5303 2029 5373 Tryphon
2067 5318 2286 5370 nomen,
2337 5302 2557 5357 offerret
2602 5302 2869 5367 venalem,
2911 5301 2980 5356 ab
3009 5316 3075 5356 eo
3109 5302 3343 5370 adopta-

1772 5408 1909 5459 tum,
1953 5406 2011 5450 ut
2060 5397 2412 5452 matrimonio
2454 5396 2577 5450 filiae
2616 5396 2792 5450 unicae
2837 5394 3196 5464 jungendum,
3234 5392 3339 5446 nisi

1774 5494 1887 5546 haec
1918 5492 2027 5546 cito
2079 5499 2289 5549 mortua
2325 5490 2546 5554 fuisset;
2589 5498 2753 5557 atque
2787 5489 2862 5543 ita
2916 5496 3136 5542 mortuo
3176 5486 3339 5539 etiam

1775 5583 2124 5655 Thryphoue,
2158 5582 2278 5653 ejus
2306 5592 2359 5639 et
2396 5581 2657 5639 doctrinae
2677 5588 2732 5639 et
2754 5578 3045 5653 opulentia
3071 5575 3342 5634 mansisse
