3778 6272
390 145 491 202 159

390 370 511 424 cap.
540 354 641 419 N;
672 356 817 424 paris
848 357 1003 424 plane
1026 372 1148 411 cum
1171 346 1475 414 Sozomeno
1505 362 1677 416 aetatis
1702 362 1960 431 scriptor,

358 426 370 435 θ
393 456 447 501 et
473 461 537 500 ex
562 463 669 514 quo
686 463 838 501 suam
869 446 977 502 fere
1000 448 1289 503 Historiam
1317 461 1597 506 mutuatus
1626 451 1962 508 Sozomenus

387 535 651 591 creditur.
684 536 986 594 Sozomeno
1022 548 1198 595 tamen
1240 541 1495 596 libentius
1532 560 1661 599 usus
1693 544 1782 598 hic
1816 560 1960 607 sum,

396 643 505 681 non
540 629 666 698 quia
696 628 1052 686 Salaminium
1083 648 1206 687 eum
1240 634 1411 690 fuisse
1451 636 1635 697 credo,
1672 637 1814 692 sicut
1843 638 1963 707 opi-

396 729 558 774 natur
585 718 921 791 Nicephorus
958 724 1161 794 aliique
1202 735 1325 794 post
1367 742 1524 792 eum;
1572 744 1693 781 cum
1723 730 1835 797 ipse
1865 731 1959 784 lib.

397 825 451 873 v,
480 825 597 880 cap.
634 813 721 876 15,
766 813 911 867 haud
961 815 1190 871 obscure
1233 816 1434 871 indicet
1479 834 1536 873 se
1570 818 1960 886 Palaestinium,

397 916 463 955 ex
496 904 615 957 vico
639 906 873 973 quodam
904 905 1058 975 juxta
1092 908 1292 962 Gazam
1320 909 1406 963 cui
1449 926 1644 963 nomen
1688 910 1961 977 Bethelia;

398 994 491 1048 sed
527 996 652 1065 quia
679 996 789 1065 jam
821 998 944 1051 inde
982 998 1049 1053 ab
1076 1000 1439 1055 adolescentia
1472 1000 1810 1057 familiariter
1838 1019 1965 1058 cum

400 1088 686 1144 monachis
713 1090 781 1143 ibi
815 1091 1140 1156 celebribus,
1185 1092 1475 1150 llilarionis
1504 1095 1785 1164 discipulis
1818 1097 1965 1153 suis-

399 1195 506 1249 que
542 1189 603 1235 ut
628 1181 841 1237 videtur
871 1186 1309 1255 consanguineis,
1350 1197 1624 1253 versatus;
1681 1188 1967 1243 Salamane

401 1272 628 1337 scilicet,
656 1289 779 1328 cum
826 1290 934 1344 quo
961 1291 1249 1331 commune
1277 1292 1473 1333 nomen
1506 1279 1693 1333 habuit
1724 1281 1964 1351 (diceba-

403 1372 493 1417 tur
516 1364 683 1427 enim,
723 1366 796 1419 uti
834 1366 1060 1422 l’hotius
1096 1377 1266 1433 notat,
1312 1390 1329 1420 ι
1372 1368 1687 1426 Salamanct
1722 1373 1968 1431 Hermias

404 1454 761 1523 Sozomenus,
802 1480 820 1511 ι
867 1460 1009 1529 quod
1046 1462 1184 1517 alios
1229 1463 1460 1532 decepit,
1506 1473 1564 1519 ut
1609 1465 1967 1523 Salaminium

401 1548 702 1620 crederent)
735 1549 959 1620 ejusque
1000 1550 1263 1608 fratribus
1295 1553 1561 1621 Fuscone,
1593 1555 1879 1614 Machione
1916 1567 1970 1614 et

401 1642 703 1711 Crispione,
739 1659 970 1714 quorum
994 1657 1303 1716 postremus
1336 1649 1393 1703 S.
1434 1648 1736 1720 Epiphanio
1780 1653 1966 1708 adhae-

401 1749 548 1799 rens,
582 1734 636 1789 in
671 1752 896 1791 munere
929 1739 1301 1796 archidiaconi
1336 1741 1807 1813 Constantinopoli
1844 1756 1970 1803 ante

402 1825 581 1893 ipsum
621 1826 777 1896 obiit,
814 1838 873 1883 ut
901 1846 1066 1900 supra
1109 1832 1369 1887 vidimus.
1420 1834 1645 1891 Accedit
1684 1837 1831 1907 quod
1863 1838 1967 1893 So-

402 1918 538 1971 crati
578 1920 839 1975 nonnulla
879 1922 1042 1977 etiam
1077 1922 1166 1978 hic
1210 1925 1476 1981 addiderit
1521 1926 1879 1995 Sozomeuus,
1917 1939 1970 1987 et

402 2010 713 2066 accuratius
756 2013 937 2082 aliqua
994 2014 1241 2070 videatur
1295 2016 1549 2074 edidisse.
1599 2018 1845 2078 Notabile
1888 2033 1972 2079 est

404 2108 584 2156 tamen
617 2102 761 2172 quod
792 2104 958 2159 relata
1007 2104 1293 2177 Epiphanii
1334 2117 1387 2163 et
1425 2107 1651 2167 Joannis
1689 2122 1876 2168 mutua
1906 2116 1971 2170 de

407 2208 467 2247 se
514 2194 744 2249 invicem
799 2196 1167 2267 praedictione,
1197 2200 1357 2256 addat
1385 2200 1674 2260 Socrates:
1713 2223 1731 2256 ι
1781 2206 1971 2262 Utrum

403 2300 569 2355 porro
590 2302 717 2342 vera
741 2288 876 2343 mihi
907 2289 1142 2345 dixerint
1168 2293 1261 2363 qui
1300 2294 1402 2350 ista
1447 2306 1762 2364 narrarunt,
1811 2300 1969 2370 equi-

404 2376 525 2429 dem
559 2391 665 2431 non
700 2392 924 2447 possum
955 2379 1255 2450 aﬂirmare;
1301 2385 1515 2455 utrique
1549 2394 1725 2442 tamen
1754 2388 1972 2445 illorum

380 2466 728 2535 .hujusmodi
778 2471 958 2556 esitus
990 2474 1233 2544 contigit.
1266 2473 1401 2530 Nam
1426 2492 1599 2548 neque
1639 2478 1973 2551 Epiphanius

403 2574 595 2614 navem
631 2562 836 2631 appulit
856 2563 1120 2635 Cyprum,
1153 2576 1278 2635 post
1309 2568 1611 2625 discessum
1643 2572 1789 2628 enim
1822 2590 1974 2630 mor-

405 2659 531 2706 tuus
564 2662 648 2707 est
681 2653 735 2706 in
764 2655 977 2725 navigio
1008 2676 1020 2711 :
1046 2665 1099 2712 et
1121 2656 1359 2716 Joannes
1387 2661 1531 2717 haud
1563 2664 1733 2720 multo
1758 2675 1880 2736 post
1902 2681 1971 2722 ex

406 2743 722 2815 episcOpatu
751 2747 985 2819 dijectus
1014 2761 1116 2807 est.
1151 2772 1170 2805 ι

476 2835 565 2890 41.
588 2833 771 2891 Potuit
808 2853 940 2895 sane
964 2840 1280 2911 hujusmodi
1310 2845 1489 2901 exitus
1510 2846 1795 2916 utriusque
1816 2862 1974 2903 occa-

1409 149 1466 204 S.
1502 146 1846 206 EPIPHANII
1878 147 2057 203 ACTA
2096 144 2599 202 BOLLANDIANA.

391 262 588 319 similia
623 264 814 319 iisdem
855 264 965 321 fere
1009 267 1182 323 verbis
1236 269 1397 324 habet
1446 270 1698 326 Socrates
1746 272 1840 325 lih.
1882 286 1958 336 vt,
1990 275 2036 329 A

3532 129 3660 187 “0

2138 270 2225 322 42.
2254 268 2325 323 Ut
2351 277 2407 322 ut
2441 268 2530 332 sit,
2566 272 2806 337 apparet,
2853 263 3116 332 optimum
3165 259 3299 315 alias
3338 257 3659 313 sanctissi-

2063 376 2323 429 mumque
2383 374 2602 421 senem,
2652 359 2933 425 deceptum
2992 354 3160 409 fuisse
3220 369 3252 406 a
3299 350 3659 419 Theophila,

2065 464 2171 509 tam
2202 454 2255 506 in
2288 468 2451 507 causa
2483 466 2671 505 eorum
2715 466 2852 520 quos
2881 447 3117 502 Joannes
3148 444 3411 501 tolerabat
3441 458 3662 497 mona-

2064 546 2313 605 chorum,
2363 560 2524 613 quam
2573 543 2743 612 ipsius
2787 538 3046 603 Joannis;
3083 547 3136 591 et
3178 552 3242 591 ex
3294 532 3663 589 abundantia

2065 634 2162 687 zeli
2199 647 2415 702 passum
2453 646 2575 684 esse
2624 631 2919 682 humanum
2971 626 3197 695 aliquid,
3247 624 3405 693 cujus
3449 623 3662 690 ipsum

2064 727 2173 781 cito
2219 724 2552 795 pcenitucrit,
2610 722 2891 792 magisque
2932 720 3201 789 potuisset
3245 717 3556 787 poenitere,
3606 713 3661 768 si

2064 834 2185 887 quae
2211 827 2330 887 post
2360 817 2658 871 discessum
2694 828 2851 868 suum
2889 822 3015 867 sunt
3044 817 3357 874 consecuta,
3384 808 3660 861 vidisset.

2066 909 2284 962 Interim
2318 907 2418 960 hoc
2446 905 2908 959 machinationum
2958 917 3178 958 suarum
3222 914 3488 955 successu
3530 896 3667 951 ela-

2065 1011 2153 1056 tus
2179 1000 2531 1070 Theophilus,
2587 999 2907 1067 priusquam
2937 990 3469 1060 Constantinopolim
3508 1002 3666 1057 pro—

2067 1094 2396 1150 ficisceretur
2418 1093 2484 1147 ad
2514 1091 2800 1162 synodum,
2841 1103 2948 1158 qua
2981 1084 3207 1141 Joannis
3240 1083 3512 1153 depositio
3542 1081 3662 1135 de-

2067 1195 2213 1241 creta
2246 1191 2350 1249 est,
2392 1185 2466 1238 ita
2500 1185 2567 1237 de
2617 1197 2682 1236 eo
2729 1180 2797 1235 ad
2841 1179 2900 1233 S.
2956 1177 3343 1246 Hieronymum
3388 1174 3660 1243 scripsit,

2073 1299 2091 1331 ι
2127 1277 2463 1347 Origenistas
2490 1276 2545 1330 in
2589 1291 2744 1331 suam
2796 1274 3065 1344 recipiens
3108 1270 3540 1326 familiaritatem
3596 1276 3664 1321 et

2068 1370 2242 1426 exhis
2272 1368 2537 1439 plurimos
2573 1366 2641 1421 ad
2686 1365 3049 1422 sacerdotium
3096 1363 3419 1433 provehens,
3473 1369 3664 1428 atque

2069 1463 2139 1518 ob
2173 1463 2277 1516 hoc
2314 1461 2493 1516 scelus
2542 1459 2712 1513 beatae
2758 1456 3034 1511 memoria:
3072 1454 3344 1509 hominem
3379 1452 3477 1506 Dei
3508 1450 3662 1520 Epi-

2068 1554 2351 1625 phanium,
2381 1550 2473 1621 qui
2507 1550 2647 1604 inter
2678 1548 2962 1619 episcopos
2988 1546 3197 1602 clarum
3232 1546 3288 1598 in
3320 1544 3454 1600 orbe
3484 1543 3663 1597 sidus

2069 1645 2289 1709 etlulsit,
2330 1644 2473 1697 haud
2523 1656 2690 1712 parvo
2739 1654 2977 1695 maerore
3026 1638 3380 1699 contristans,
3432 1635 3663 1690 meruit.

2071 1738 2259 1793 audire
2293 1755 2305 1790 :
2337 1733 2540 1789 Cecidit
2579 1733 2820 1802 Babylon
2848 1731 2986 1803 (Isa.
3019 1747 3132 1794 xxi,
3160 1730 3237 1799 9).
3281 1748 3299 1781 ι
3342 1728 3519 1795 Quem
3560 1728 3659 1781 lo-

2070 1845 2193 1887 cum
2218 1828 2341 1883 ideo
2366 1827 2453 1881 hic
2472 1825 2765 1881 adductum
2794 1821 2966 1888 volui,
2992 1832 3052 1877 ut
3078 1820 3403 1890 intelligatur
3424 1832 3660 1886 nequa-

2070 1938 2234 1994 quam
2270 1918 2673 1991 ambigendum,
2706 1916 2839 1987 quin
2870 1915 3053 1971 statim
3084 1920 3209 1983 post
3239 1926 3399 1967 suum
3430 1925 3463 1964 a
3491 1907 3661 1964 Con-

2072 2013 2427 2083 stantinOpoli
2483 2011 2825 2073 discessum,
2883 2007 2962 2062 uti
3022 2005 3362 2060 Sozomenus
3421 2000 3660 2061 scribit,

2072 2106 2265 2161 obierit
2296 2102 2653 2175 Epiphanius,
2686 2101 2753 2155 de
2787 2114 2897 2169 quo
2944 2106 3003 2152 ut
3044 2097 3157 2167 jam
3195 2104 3412 2151 mortuo
3453 2092 3659 2148 Theo-

2072 2199 2254 2269 philus
2279 2197 2548 2266 loquitur;
2575 2207 2812 2262 cumque
2843 2192 2910 2243 t2
2932 2188 3059 2244 Maii
3086 2188 3277 2244 saltem
3302 2186 3375 2242 sit
3392 2185 3514 2240 dias
3547 2184 3659 2240 de-

2072 2289 2358 2361 positionis
2397 2288 2451 2342 in
2484 2286 2683 2359 Cypro,
2731 2296 2907 2355 neque
2947 2281 3039 2337 diu
3087 2288 3247 2335 antea
3295 2278 3503 2333 obiisse
3548 2291 3662 2346 po-

2074 2382 2268 2445 tuerit,
2321 2379 2478 2450 cujus
2533 2376 2719 2442 navis,
2766 2382 2826 2429 ut
2880 2381 3076 2444 praeter
3128 2371 3250 2442 ejus
3302 2369 3656 2425 voluntatem

2074 2472 2391 2545 procederet
2420 2473 2586 2536 lente,
2621 2481 2865 2523 mensem
2884 2474 3069 2521 tamen
3095 2464 3181 2519 vel
3205 2463 3659 2532 sesquimensem

2076 2566 2255 2624 itineri
2281 2566 2371 2620 vix
2403 2564 2581 2635 potuit
2622 2559 2985 2632 impendisse;
3026 2569 3368 2625 consequens
3402 2562 3490 2610 est
3514 2569 3661 2609 eum

2075 2660 2278 2716 obiisse
2307 2671 2493 2714 mense
2527 2654 2719 2712 saltem
2747 2652 2918 2723 Aprili
2949 2650 3077 2705 anni
3104 2648 3231 2713 403,
3266 2645 3468 2701 Maium
3494 2655 3662 2701 certe

2076 2766 2219 2822 aegre
2270 2747 2534 2819 attigisse.
2592 2743 2747 2800 Unde
2800 2741 2990 2797 mirari
3044 2739 3211 2801 subit,
3273 2752 3380 2806 qua
3432 2736 3663 2791 ratione

2076 2841 2275 2897 dixerit
2326 2838 2617 2903 Baronius,
2660 2853 2679 2887 ε
2717 2832 2961 2906 ignorari
3016 2838 3184 2902 quoto
3237 2828 3454 2883 Domini
3499 2844 3662 2883 anno

407 2924 615 2981 sionem
650 2928 866 2985 dedisse
889 2931 1224 2999 hominibus,
1261 2947 1467 2992 mutuas
1508 2939 1649 2994 inter
1696 2940 1817 2997 illos
1862 2942 1974 2998 dis—

2102 2933 2292 2990 ibierit.
2342 2950 2363 2984 ι
2403 2928 2557 2984 Sicut
2594 2928 2739 2984 enim
2778 2939 2847 2980 ex
2893 2924 3163 2994 Apologiis
3218 2920 3537 2992 Hieronymi
3582 2922 3661 2976 ad

410 3021 683 3079 sensionis
716 3024 975 3090 consciis,
1017 3026 1278 3098 virosque
1322 3040 1540 3087 sanctos
1579 3048 1678 3087 suo
1700 3035 1835 3103 pede
1863 3050 1978 3090 me-

408 3115 689 3181 tientibus,
715 3125 773 3169 ut
795 3115 1201 3173 altercationem
1227 3123 1515 3178 verborum
1542 3126 1759 3197 utrique
1784 3144 1977 3197 parum

410 3206 631 3278 dignam
679 3205 1013 3279 atlingerent,
1060 3213 1525 3280 quemadmodum
1567 3216 1825 3286 judicavit
1872 3219 1975 3275 Ba-

410 3299 623 3364 ronius,
653 3306 708 3354 et
742 3309 865 3371 post
896 3317 1020 3357 eum
1055 3300 1294 3364 Socratis
1321 3317 1483 3377 atque
1529 3308 1815 3365 Sozomeni
1856 3313 1979 3367 illu-

413 3398 615 3444 strator
652 3400 706 3446 et
747 3393 1014 3464 interpres
1040 3396 1368 3454 novissimus
1407 3398 1672 3457 Henricus
1706 3401 1974 3459 Valesius.

415 3480 640 3537 Dubitat
691 3484 857 3539 etiam
902 3484 1190 3556 Baronius,
1243 3505 1440 3547 verene
1489 3492 1845 3563 Epiphanius,
1897 3498 1983 3553 uti

416 3573 606 3628 scribit
646 3574 919 3643 Socrates,
956 3596 975 3630 ‹
1020 3577 1157 3633 Cum
1201 3581 1269 3635 ad
1317 3581 1602 3639 Basilicam
1651 3585 1709 3639 S.
1755 3585 1980 3646 Joannis

417 3664 734 3734 appulisset,
781 3684 902 3738 quae
933 3677 1137 3739 septem
1167 3686 1429 3741 passuum
1465 3675 1703 3731 millibus
1742 3678 1810 3732 ab
1850 3678 1982 3736 urbe

417 3757 604 3821 distat,
635 3774 773 3814 nave
822 3776 1094 3830 egressus,
1140 3764 1421 3821 collectam
1472 3766 1546 3822 ibi
1593 3769 1877 3826 celebrarit
1927 3778 1982 3826 et

418 3848 706 3905 diaconum
734 3852 1019 3917 ordinarit,
1052 3855 1370 3926 priusquam
1422 3860 1695 3915 civitatem
1732 3862 1981 3933 ingrede-

420 3952 589 4000 retur.
624 3966 641 3995 ι
678 3943 908 4000 Veretur
938 3961 1175 4017 namque
1207 3965 1273 4004 ne
1302 3950 1577 4019 querelam
1607 3949 1834 4008 Joannis
1865 3952 1983 4007 Hie-

418 4036 795 4107 rosolymitani
822 4038 890 4093 de
914 4036 1240 4109 Epiphanio,
1276 4042 1341 4096 ad
1372 4040 1638 4097 Joannem
1672 4043 1982 4099 Constanti-

420 4128 792 4197 nopolitanum
824 4145 1105 4199 perperam
1133 4133 1463 4188 transtulerit
1490 4133 1762 4200 Socrates,
1793 4152 1987 4206 quam-

419 4219 503 4274 vis
536 4227 667 4273 tunc
696 4234 817 4273 cum
851 4235 937 4275 res
967 4228 1220 4291 ageretur
1257 4220 1729 4295 Constantinopoli
1775 4229 1982 4282 vivens.

2077 3027 2371 3091 Rutiinum,
2402 3022 2622 3092 scriptis
2658 3034 2801 3075 anno
2833 3017 2961 3085 402,
2992 3026 3137 3072 recte
3164 3015 3355 3086 probat
3375 3029 3505 3068 eum
3534 3029 3660 3067 non

2078 3119 2279 3174 obiisse
2307 3116 2497 3172 eodem
2525 3129 2670 3169 anno
2702 3126 2887 3167 mense
2924 3109 3065 3164 Maio
3091 3126 3105 3175 ;
3149 3108 3225 3163 ita
3254 3123 3320 3161 ex
3346 3107 3458 3176 jam
3483 3106 3660 3161 dictis

2079 3210 2368 3281 colligitur,
2406 3208 2509 3263 isto
2536 3204 2757 3277 quidem
2799 3218 2944 3257 anno
2988 3217 3094 3255 non
3144 3198 3368 3261 obiisse,
3406 3198 3502 3252 sed
3548 3213 3660 3253 nec

2079 3303 2221 3357 ultra
2254 3302 2460 3372 primos
2486 3298 2604 3355 dies
2636 3295 2761 3351 Maii
2797 3294 2925 3350 anni
2964 3292 3245 3365 sequentis
3289 3291 3456 3347 vitam
3514 3306 3660 3361 pro.

2080 3410 2324 3466 rogasse.

2149 3488 2238 3542 43.
2269 3486 2503 3541 Excusat
2538 3483 2679 3537 idem
2712 3479 2982 3535 Baronius
3016 3476 3400 3549 Epiphanium,
3434 3484 3492 3531 et
3531 3490 3661 3532 me-

2081 3580 2188 3635 rito
2215 3586 2459 3641 excusat,
2492 3575 2548 3629 in
2576 3574 2644 3629 iis
2667 3589 2787 3642 qua:
2826 3572 2892 3627 de
2921 3571 3214 3625 Ammonio
3245 3577 3299 3625 et
3332 3568 3497 3623 sociis
3526 3582 3661 3623 cre-

2080 3672 2251 3738 didit;
2291 3686 2357 3725 eo
2390 3668 2533 3738 quod
2573 3686 2591 3718 ι
2632 3664 2969 3735 Theophilus
3003 3678 3110 3718 non
3158 3661 3386 3733 privatis
3432 3670 3657 3715 tantum

2082 3765 2302 3830 litteris,
2343 3764 2436 3818 sed
2495 3760 2846 3832 synodalibus
2893 3774 2961 3813 ex
3009 3756 3240 3812 concilio
3276 3754 3659 3808 Alexandrino

2083 3856 2334 3924 scriptis,
2396 3852 2617 3907 hmresis
2667 3866 2762 3906 eos
2818 3849 3099 3905 convictos
3143 3854 3305 3916 atque
3361 3844 3661 3899 damnatos

2084 3946 2519 4017 significaverat;
2556 3962 2572 3993 ι
2604 3942 2698 3997 sed
2732 3956 2840 3995 non
2886 3940 3007 3994 ideo
3044 3938 3409 3993 Sozomenum
3454 3950 3661 4005 argue-

2085 4041 2186 4095 rim
2212 4038 2424 4109 injuriae
2467 4037 2731 4091 adversus
2769 4032 3151 4103 Epiphanium,
3187 4037 3281 4083 aut
3312 4028 3478 4087 nimi;
3520 4042 3656 4096 erga

2088 4130 2376 4202 Origenem
2431 4126 2656 4192 favoris,
2711 4127 2841 4180 dum
2900 4123 3109 4177 inducit
3163 4120 3313 4173 illum
3364 4118 3655 4179 fatentem,

2088 4223 2233 4293 quod
2263 4222 2380 4275 solo
2408 4220 2593 4274 auditu
2629 4220 2692 4273 de
2728 4217 2797 4270 iis
2831 4214 3163 4284 cognoverit.
3193 4210 3328 4265 Nam
3360 4225 3535 4279 neque
3574 4220 3657 4264 te-

419 4308 605 4379 Neque
624 4308 769 4364 enim
793 4288 1026 4379 apparet
1048 4310 1135 4365 hic
1165 4321 1273 4366 tam
1307 4313 1453 4383 justa
1499 4288 1663 4384 quam
1707 4317 1779 4371 ibi
1817 4332 1986 4372 exeu-
2018 4288 2063 4343 Β
2092 4288 2239 4369 mere
2295 4312 2523 4367 credidit
2572 4310 2681 4364 illis
2726 4306 3012 4377 Theophili
3062 4304 3254 4359 litteris
3291 4302 3652 4371 Epiphanius.

422 4403 579 4457 sandi
636 4403 922 4473 Epiphanii
969 4404 1131 4468 ratio,
1173 4420 1299 4459 cum
1352 4405 1593 4463 Ecclesia
1649 4407 1706 4462 S.
1760 4408 1985 4465 Joannis

422 4495 558 4550 citra
591 4497 1013 4551 controversiam
1039 4507 1181 4554 esset
1208 4499 1309 4553 sub
1330 4500 1687 4569 dispositione
1718 4500 1989 4556 Constan-

424 4588 765 4657 tinopolitani
794 4588 1055 4659 episcopi,
1085 4591 1176 4645 ubi
1208 4606 1309 4646 nec
1341 4592 1505 4663 hujus
1552 4592 1762 4663 iniussu
1800 4593 1989 4650 licuis-

423 4689 508 4734 set
528 4678 828 4749 Epiphanio
860 4681 1151 4739 Missarum
1182 4685 1468 4750 solemnia,
1516 4688 1715 4742 nedum
1765 4688 1990 4743 ordina-

424 4770 602 4826 tiones
655 4772 981 4828 celebrare:
1031 4775 1099 4831 de
1160 4787 1391 4848 utroque
1444 4782 1622 4833 tamen
1674 4789 1989 4848 querentem

426 4862 875 4933 Chrysostomum
911 4865 1168 4923 Socrates
1199 4869 1439 4937 inducit;
1468 4870 1600 4939 quin
1635 4870 1796 4925 etiam
1828 4873 1894 4925 de
1924 4870 1992 4925 iis

430 4970 553 5025 quae
576 4954 635 5008 in
674 4955 1061 5025 Apostolorum
1097 4961 1298 5029 templo
1325 4960 1569 5015 facturus
1604 4972 1723 5016 erat
1753 4961 1992 5031 Epipha-

428 5047 577 5113 nius,
614 5046 718 5101 nisi
749 5046 1162 5105 denuntiatione
1206 5050 1438 5108 Joannis
1486 5069 1583 5124 per
1636 5053 1991 5123 Serapionem

431 5136 535 5192 sibi
567 5136 710 5193 facta
750 5138 946 5193 fuisset
980 5140 1326 5207 absterritus,
1358 5145 1424 5200 de
1458 5145 1545 5211 iis,
1601 5144 1843 5215 inquam,
1872 5162 1997 5218 qua:

429 5228 606 5284 solum
668 5230 961 5285 constituta
1024 5232 1157 5288 dicit
1210 5235 1565 5304 Sozomenus,
1627 5248 1882 5309 tanquam
1930 5240 2001 5295 de

430 5318 611 5388 reipsa
641 5318 801 5375 factis
826 5321 1007 5377 minus
1030 5324 1413 5381 verosimilitcr
1445 5328 1688 5397 loquitur
1719 5330 1992 5394 Socrates,

432 5421 496 5461 ac
520 5416 635 5462 tum
663 5407 883 5463 demum
929 5408 1191 5465 Joannem
1236 5414 1329 5477 ait,
1387 5428 1455 5469 ne
1505 5415 1693 5470 eadem
1734 5414 1999 5484 postridie

434 5499 782 5565 iterarentur,
824 5500 1071 5571 ingresso
1111 5518 1302 5561 rursus
1332 5505 1387 5560 in
1434 5505 1717 5563 ecclesiam
1762 5498 1997 5578 Epipha-

434 5590 530 5645 nio
559 5589 777 5647 misisse
802 5589 1171 5663 Serapionem.

2090 4414 2275 4475 utpote
2305 4422 2322 4454 ι
2365 4417 2485 4472 quae
2520 4400 2789 4455 scircntur
2823 4400 2875 4452 in
2926 4397 3114 4451 orbem
3160 4394 3446 4464 divulgata:
3491 4402 3657 4463 atque

2089 4506 2318 4565 receptae
2354 4494 2425 4548 ab
2458 4492 2748 4546 Anastasio
2789 4488 3032 4542 Romano
3067 4487 3323 4557 pontiﬁce
3361 4504 3375 4539 :
3417 4504 3435 4536 ›
3476 4501 3657 4555 neque

2089 4598 2270 4643 tamen
2300 4586 2366 4639 ad
2402 4585 2758 4654 quaestionem
2789 4581 3065 4636 Ammonii
3103 4581 3263 4635 aliter
3292 4579 3523 4633 debebat
3565 4594 3656 4633 re-

2093 4678 2381 4748 spondere,
2410 4678 2501 4746 qui
2531 4680 2649 4747 ejus
2680 4692 2742 4731 ac
2769 4675 3043 4730 sociorum
3080 4688 3298 4730 causam
3324 4688 3419 4743 per
3459 4687 3518 4728 se
3544 4689 3657 4728 non

2093 4777 2456 4840 cognoverat;
2485 4776 2539 4822 et
2562 4767 2790 4822 audiens
2825 4774 3029 4836 quanto
3057 4764 3134 4819 illi
3167 4779 3293 4833 erga
3327 4777 3387 4818 se
3415 4762 3658 4833 egissent

2093 4861 2562 4930 circumspectius,
2594 4874 2701 4914 non
2732 4868 2944 4929 poterat
2976 4873 3085 4913 non
3127 4856 3309 4926 aliquo
3346 4855 3657 4909 humanita-

2094 4956 2164 5010 tis
2196 4969 2358 5009 sensu
2394 4954 2745 5008 commoveri.
2780 4952 2935 5018 Quod
2961 4966 3092 5006 vero
3115 4950 3262 5005 dicat
3305 4948 3657 5012 Ammonius,

2096 5055 2328 5101 tutatum
2385 5060 2444 5100 se
2497 5044 2695 5098 famam
2748 5041 3035 5112 Epiphanii
3090 5041 3351 5096 adversus
3404 5053 3502 5092 eos
3562 5037 3687 5107 qui,

2097 5138 2249 5192 illum
2282 5138 2552 5192 hazrescos
2589 5135 3001 5197 insimulabant,
3040 5131 3325 5187 sciendum
3352 5138 3436 5184 est
3466 5129 3521 5183 in
3548 5129 3658 5193 his,
3684 5154 3698 5175 κ

2100 5228 2405 5284 Sozomeno
2439 5236 2575 5282 teste
2601 5227 2697 5281 lib.
2728 5242 2845 5285 vm,
2881 5241 3000 5294 cap.
3034 5224 3122 5290 l4,
3172 5222 3338 5277 fuisse
3368 5222 3661 5291 ipsummet

2100 5321 2485 5392 Theophilum,
2541 5320 2781 5374 nondum
2834 5317 3111 5371 Ammonii
3152 5324 3207 5369 et
3254 5313 3484 5367 fratrum
3540 5312 3662 5381 ejus

2101 5415 2414 5479 inimicum;
2474 5413 2567 5482 qui
2629 5432 2647 5463 ο
2695 5421 2852 5465 antes
2901 5408 3259 5480 Epiphanium
3314 5404 3663 5475 reprehendit

2100 5508 2257 5580 quasi
2298 5506 2465 5560 Deum
2504 5506 2740 5559 humana
2764 5503 2944 5573 specie
2977 5502 3262 5571 praeditum
3302 5498 3658 5567 opinaretur;

2108 5592 2294 5666 postea
2320 5612 2470 5664 vero,
2505 5597 2665 5664 (ιιιαεί
2704 5595 3029 5661 resipiscens
3067 5606 3251 5647 veram
3294 5588 3511 5645 tandem
3540 5602 3663 5645 sen-
