3754 6182
123 130 228 184 141

1160 128 1220 185 S.
1263 128 1610 187 EPIPHANH
1640 131 1824 188 ACTA
1855 134 2356 190 BOLLANDIANA.

3276 134 3381 189 “'2

120 252 363 307 tentiam
394 253 514 323 ejus
544 266 665 309 esse
688 252 1022 320 agnovisset,
1061 249 1201 306 idem
1232 265 1291 305 se
1315 266 1439 305 cum
1474 251 1563 305 illo
1589 267 1702 306 scn-
1734 262 1777 314 Α
1807 253 1920 309 tine
1970 254 2115 308 edita
2165 253 2468 307 habebatur
2527 252 2579 306 in
2644 251 2686 305 ll
2747 261 2894 317 tomo
2933 251 3170 321 Operum
3218 252 3377 321 ejus,

120 346 234 399 tire
266 345 509 415 scripsit,
532 354 587 399 et
606 343 855 414 Origenis
883 343 1052 397 libros
1076 342 1395 397 calumniari
1428 343 1645 407 institit,
1680 362 1699 395 ι

121 436 181 489 in
210 452 321 506 quo
352 437 719 508 reprobando.
750 437 797 490 si
836 436 1062 490 haberet
1108 434 1414 504 adjutorem
1472 435 1707 504 Epipha-

121 527 308 592 nium,
345 529 554 583 facilem
612 529 717 583 sibi
774 527 1078 597 spondebat
1133 527 1199 581 de
1256 528 1543 582 monachis
1599 529 1706 585 illis

122 619 441 685 victoriam,
476 621 567 689 qui
606 619 734 673 dum
785 618 896 673 Deo
948 618 1269 688 incorporeo
1318 620 1569 689 corporis
1611 623 1706 675 hu-

121 712 279 766 mani
344 710 576 767 formam
639 727 746 766 non
798 726 919 767 esse
957 710 1322 766 defendebant
1378 713 1707 767 auctoritate

122 803 410 875 Origenis,
467 806 569 859 sub
619 805 824 860 invidia
877 805 1042 874 hujus
1092 805 1330 860 nominis
1386 806 1707 859 videbantur

123 912 298 965 posse
327 898 583 967 opprimi.
625 897 779 963 Quod
812 912 938 952 cum
978 912 1139 966 agere
1170 896 1533 967 Theophilum
1562 897 1707 951 vide-

124 997 213 1041 ret
242 987 692 1058 Chrysostomus,
723 988 1024 1043 monachos
1052 987 1173 1043 illos
1198 1001 1306 1041 non
1335 989 1441 1043 nisi
1474 998 1620 1043 recta
1642 988 1708 1042 de

126 1079 244 1136 Deo
287 1091 516 1137 eatenus
565 1083 766 1136 sentire
798 1081 1163 1149 comperiens,
1211 1082 1523 1136 merebatur
1554 1092 1708 1134 extra

124 1169 353 1239 culpam
384 1170 570 1225 haberi
607 1170 662 1224 in
700 1185 766 1224 eo
807 1186 971 1239 quem
1004 1170 1139 1241 ipsis
1172 1173 1467 1240 priestabat
1501 1169 1704 1225 favore.

125 1258 405 1315 Caeterum
437 1263 518 1317 uti
566 1260 925 1331 Epiphanium
958 1262 1023 1316 de
1066 1262 1709 1332 Anthropomorphoscos

128 1352 333 1406 haeresi
386 1360 698 1422 suspectum
748 1352 1083 1421 Theophilus
1149 1353 1422 1407 immerito
1478 1352 1706 1418 habuit,

133 1461 152 1493 ι
193 1444 516 1499 haereticum
563 1454 618 1500 et
660 1446 976 1500 schismatis
1019 1454 1300 1501 auctorem
1334 1464 1353 1497 ι
1386 1446 1439 1499 in
1479 1446 1707 1516 epistola

128 1536 370 1603 quadam
400 1537 569 1605 priori
601 1553 830 1604 vocans,
866 1539 944 1592 uti
968 1538 1158 1595 scribit
1188 1535 1468 1592 Palladius
1500 1537 1554 1590 in
1583 1536 1709 1591 Dia-

128 1624 261 1694 logo
301 1626 367 1680 de
393 1626 451 1680 S.
484 1625 691 1683 Joanne
729 1630 1162 1700 Chrysostomo;
1196 1628 1276 1684 sic
1311 1628 1508 1683 merito
1532 1630 1707 1697 potuit
1737 1615 1780 1669 Β

129 1734 261 1774 eum
300 1720 446 1790 apud
486 1736 543 1775 se
575 1730 896 1776 excusatum
933 1723 1335 1792 probatumque
1376 1720 1706 1791 significare,

132 1825 246 1863 non
296 1820 357 1865 ut
407 1810 1024 1883 Anthropomorphitam
1073 1814 1255 1883 (quod
1304 1829 1492 1868 revera
1542 1812 1707 1867 etiam

130 1898 476 1971 Theophilus
508 1920 616 1959 non
649 1903 795 1975 fuit),
841 1905 935 1959 sed
967 1916 1025 1959 ut
1074 1905 1359 1960 commode
1394 1905 1508 1974 jam
1545 1904 1710 1959 intel-

131 1991 360 2060 lectum,
396 2007 558 2065 prout
580 1997 805 2068 intelligi
836 2014 996 2068 posse
1018 1998 1182 2053 etiam
1213 1999 1538 2053 Ammonius
1561 2013 1709 2052 com-

128 2085 417 2153 probarat.

207 2177 300 2231 M.
337 2177 506 2233 Multa
531 2189 660 2236 sunt
687 2181 791 2235 alia
826 2180 966 2236 haud
990 2181 1172 2252 magni
1201 2181 1486 2245 momenti,
1505 2197 1626 2252 quae
1655 2183 1709 2235 in

132 2267 432 2324 Sozomeni
458 2272 527 2327 de
575 2271 879 2342 Epiphanio
924 2274 1237 2327 narratione
1280 2274 1497 2343 sugillat
1542 2273 1711 2327 Baro-

130 2360 285 2427 nius,
318 2361 519 2431 quibus
558 2378 669 2417 non
716 2374 799 2419 est
849 2378 1025 2433 opera:
1077 2365 1310 2434 pretium
1378 2365 1704 2418 immorari:

129 2467 308 2506 unum
332 2462 509 2508 tamen
548 2471 654 2508 non
685 2456 1153 2525 prietermiserim,
1185 2455 1332 2525 quod
1362 2457 1553 2510 attinet
1586 2471 1713 2510 con-

130 2544 438 2600 tentionem
473 2547 758 2617 Epiphanii
804 2564 929 2603 cum
980 2549 1348 2619 imperatrice,
1389 2550 1547 2619 quasi
1588 2550 1711 2602 lon~

128 2642 365 2712 gissime
391 2661 412 2694 ‹
448 2645 663 2699 aberret
702 2659 732 2697 a
763 2660 919 2719 yero,
967 2655 1025 2699 ut
1081 2644 1351 2707 Eudoxia,
1400 2643 1712 2714 perinfensa

126 2731 553 2802 Chrysostomo,
602 2734 797 2788 faverit
843 2735 1129 2791 monachis
1185 2736 1329 2799 illis,
1381 2749 1435 2790 et
1485 2734 1713 2813 Epipha-

127 2823 289 2878 nium
327 2823 491 2879 fuerit
523 2836 790 2894 aversata,
831 2846 851 2879 ›
889 2843 984 2883 eos
1018 2827 1266 2881 damnari
1302 2826 1383 2881 sic
1425 2827 1712 2896 postulau-

1806 348 1967 398 etiam
1994 344 2183 397 multis
2218 345 2271 397 in
2296 344 2432 398 locis
2462 360 2492 398 a
2538 359 2596 398 se
2640 343 2971 412 recognitam
3028 341 3161 396 dare
3204 342 3380 396 voluit

1810 435 2097 505 Dionysius
2130 435 2404 498 Petavius,
2443 454 2463 487 ‹
2502 450 2569 488 ne
2592 434 2743 504 quid,
2779 434 2927 503 quod
2963 430 3247 501 Epiphanii
3274 448 3379 486 no-

1808 528 1954 582 mine
1985 536 2264 596 utcunque
2290 537 2372 581 est
2411 527 2754 597 inscriptum,
2790 524 3126 579 desideraret
3146 524 3372 577 lector.»

1810 620 2133 691 Quanquam
2165 620 2310 675 enim
2354 620 2468 689 ipse
2522 633 2743 688 quoque
2774 615 3073 686 judicaret,
3122 616 3268 684 quod
3314 630 3378 667 ea

1815 733 1833 767 ι
1876 715 1931 768 in
1958 715 2232 784 plerisque
2270 713 2465 767 fabula:
2496 722 2579 766 est
2613 724 2780 780 quam
2831 708 3077 764 historiae
3124 708 3374 777 propior,

1805 806 2129 877 jamdudum
2188 807 2241 859 in
2302 806 2597 859 Annalibus
2657 802 2924 857 Baronius
2973 800 3291 863 admonuit,
3355 818 3372 849 ι

1810 899 2066 968 sperabat
2096 907 2276 951 tamen
2311 914 2329 946 ‹
2357 894 2471 950 fore
2496 914 2514 945 ι
2548 902 2607 949 ut
2639 912 2658 944 ‹
2693 895 2746 948 in
2772 894 3035 948 lutulenta
3064 892 3152 945 illa
3184 907 3379 945 narra-

1810 992 1959 1045 tione
1996 1010 2013 1042 »
2047 998 2190 1045 esset
2216 1008 2235 1040 α
2280 988 2532 1043 fortassis
2565 986 2711 1057 quod
2771 986 2958 1040 tollere
2995 985 3172 1054 possis
3207 1002 3221 1038 :
3253 998 3377 1037 nam

1816 1102 1834 1134 ι
1871 1083 2097 1150 alioqui,
2138 1102 2155 1133 ι
2190 1082 2389 1150 inquit,
2426 1099 2444 1130 ί
2476 1080 2644 1133 multa
2666 1078 2927 1143 continet,
2946 1091 3067 1145 quae
3096 1090 3221 1130 cum
3252 1090 3381 1128 vera

1812 1183 2142 1245 receptaque
2169 1175 2237 1228 ab
2270 1172 2528 1228 omnibus
2565 1162 2795 1227 historia
2828 1178 3194 1225 consentanea
3229 1178 3379 1233 sunt,

1812 1271 1907 1324 sed
1945 1270 2134 1322 eadem
2168 1267 2403 1321 admista
2439 1265 2635 1321 falsis:
2669 1265 2721 1319 in
2753 1265 2953 1333 quibus
2979 1262 3377 1323 discernendis,

1811 1360 1857 1415 si
1882 1359 2018 1414 nihil
2049 1360 2218 1425 aliud,
2253 1370 2425 1422 tuum,
2456 1359 2629 1413 lector
2660 1356 3080 1421 humanissime,
3108 1354 3378 1424 judicium

1812 1468 1876 1508 ac
1936 1453 2157 1524 κριτικὴ
2218 1452 2318 1522 τῆς
2382 1451 2621 1521 ἱστορίας
2678 1450 2903 1520 δύναμις
2953 1447 3197 1503 exerceri
3251 1463 3382 1516 pes-

1812 1544 1903 1599 sit.
1942 1562 1962 1595 ι
2003 1543 2134 1608 Quae
2180 1552 2235 1596 et
2275 1556 2546 1611 quatenus
2594 1557 2722 1595 vera
2760 1542 2906 1595 credi
2954 1541 3206 1602 debeant,
3246 1538 3381 1593 satis

1807 1652 1876 1692 ex
1905 1637 2174 1706 capitibus
2208 1635 2641 1704 praacedentibus
2663 1634 2837 1689 lector
2870 1632 3134 1701 intelliget
3167 1649 3180 1684 :
3212 1646 3376 1699 quam

1808 1730 1979 1785 multa
2012 1730 2121 1785 sint
2158 1728 2443 1783 manifeste
2480 1726 2638 1793 falsa,
2671 1742 2821 1780 nunc
2859 1725 3147 1796 aggrediar
3198 1722 3378 1790 expli-

1807 1838 1951 1878 care.
1984 1821 2097 1877 Hoc
2121 1831 2300 1877 autem
2330 1821 2494 1883 facto,
2524 1820 2822 1890 apparebit,
2856 1827 3052 1873 caetera
3086 1819 3227 1871 inter
3262 1817 3380 1870 haec

1808 1917 1987 1972 media
2011 1916 2283 1986 ejusmodi
2313 1932 2456 1979 esse,
2485 1924 2544 1969 ut
2570 1915 2696 1969 licet
2727 1928 2823 1982 per
2856 1912 3039 1981 seipsa
3065 1910 3226 1965 fidem
3268 1926 3375 1962 non

1808 2008 2126 2073 excludant,
2167 2022 2290 2061 eam
2337 2014 2519 2060 tamen
2571 2003 2811 2073 prudens
2854 2016 3016 2056 nemo
3072 2000 3191 2054 dari
3246 1997 3382 2067 ipsis

1809 2100 2002 2171 possit,
2037 2098 2279 2169 quandiu
2308 2112 2416 2153 non
2440 2097 2606 2151 alium
2633 2103 2911 2150 auctorem
2941 2093 3192 2147 sciuntur
3210 2090 3383 2144 habe-

1810 2208 1868 2247 re
1901 2207 1930 2246 a
1964 2189 2389 2245 mendacissimo
2434 2188 2592 2243 istius
2631 2185 2764 2240 Vita:
2819 2183 3193 2253 compilatore.
3226 2180 3384 2235 llunc

1812 2290 1867 2335 tu
1897 2295 2027 2335 cave
2064 2294 2132 2334 ne
2162 2278 2583 2348 Metaphrastem
2614 2290 2736 2331 esse
2765 2289 2832 2329 ex
2854 2273 3000 2344 vulgi
3040 2286 3230 2327 errore
3264 2285 3381 2325 ere-

1810 2371 1930 2436 das,
1983 2385 2107 2425 cum
2159 2370 2347 2440 stylus‘
2394 2368 2598 2438 passim
2649 2366 2903 2422 concisus
2941 2380 2973 2419 a
3022 2364 3162 2434 stylo
3210 2361 3384 2417 Meta-

1809 2463 2050 2534 phrastis
2078 2461 2356 2532 periodico
2393 2470 2446 2515 et
2474 2460 2642 2514 ﬂuido
2673 2457 3087 2513 diversissimus
3111 2455 3203 2510 sit.
3236 2453 3385 2508 PMB-

1811 2552 1915 2608 fert
1959 2551 2050 2607 illa
2110 2549 2236 2605 Vita
2297 2549 2533 2604 duorum
2596 2548 2990 2618 discipulorum
3056 2545 3284 2600 Joannis
3330 2552 3387 2598 et

1810 2642 2041 2714 Polybii,
2076 2650 2137 2696 ut
2159 2641 2293 2704 dixi,
2324 2640 2546 2694 nomina
2580 2658 2594 2694 :
2632 2639 2725 2709 qui
2749 2646 2805 2693 et
2844 2637 2900 2692 in
2937 2636 3111 2705 prima
3150 2650 3385 2706 persona

1812 2734 2016 2804 ubique
2045 2733 2366 2802 loquuntur,
2408 2730 2536 2786 licet
2574 2745 2716 2784 unus
2752 2729 3006 2798 idemque
3038 2728 3110 2782 sit
3159 2742 3191 2781 a
3236 2726 3385 2795 prin-

1813 2826 1958 2897 cipio
1980 2839 2155 2895 usque
2182 2824 2249 2878 ad
2281 2823 2443 2878 finem
2479 2822 2674 2894 stylus,
2702 2821 2928 2891 proinde
2950 2834 3057 2873 non
3084 2818 3190 2873 nisi
3214 2832 3385 2872 unum

128 2924 266 2970 tem.
307 2913 445 2970 Nam
474 2926 528 2971 et
551 2917 627 2972 illi
656 2918 863 2989 absque
888 2917 1099 2973 Joanne
1130 2926 1423 2988 potuerunt
1456 2933 1577 2973 sese
1602 2918 1704 2970 im-
1742 2953 1784 3011 α
1820 2927 2097 2974 auctorem
2130 2915 2359 2978 referat;
2395 2929 2503 2969 non
2546 2922 2726 2968 tamen
2747 2912 2972 2967 omnino
3002 2910 3381 2979 rejiciendum,

127 3010 373 3064 mediate
400 3009 453 3062 in
484 3010 601 3079 ejus
631 3011 859 3079 gratiam
903 3012 1231 3075 insinuasse,
1263 3020 1318 3065 et
1360 3021 1483 3081 post
1510 3013 1712 3083 primas

130 3101 206 3154 ob
239 3116 435 3169 agrum
464 3102 639 3154 viduae
667 3102 905 3155 ablatum
960 3102 1127 3167 rixas,
1172 3117 1344 3173 usque
1383 3104 1518 3157 adeo
1575 3118 1716 3158 rese-

129 3194 293 3247 derat
320 3193 685 3261 imperatricis
731 3192 1049 3263 indignatio,
1101 3204 1158 3248 ut
1199 3195 1252 3247 in
1312 3197 1541 3264 gratiam
1588 3211 1712 3249 cum

130 3285 351 3340 Joanne
376 3285 571 3339 debeat
600 3287 827 3341 rediisse
862 3288 1106 3354 censwi,
1146 3288 1347 3356 quippe
1397 3304 1519 3356 qua:
1570 3289 1713 3342 haud

133 3379 227 3430 diu
257 3389 385 3448 post
416 3379 553 3431 inter
582 3378 847 3432 Joannem
896 3390 949 3433 et
1004 3380 1358 3433 Severianum
1412 3383 1715 3435 concordia:

132 3469 455 3536 mediatrix,
484 3487 503 3519 ‹
549 3469 602 3523 in
641 3471 871 3525 ecclesia
905 3471 1291 3541 Apostolorum
1337 3475 1505 3529 lilium
1554 3490 1713 3529 suum

134 3560 534 3626 Theodosium,
576 3569 704 3616 tunc
752 3563 1047 3617 admodum
1103 3581 1355 3633 puerum,
1414 3565 1481 3619 ad
1539 3582 1714 3632 genua

132 3653 368 3708 Joannis
399 3654 683 3723 abjiciens,
716 3664 768 3708 et
800 3671 893 3725 per
930 3656 1078 3710 illius
1112 3665 1277 3725 caput
1319 3657 1517 3710 crebro
1564 3659 1716 3709 obte-

135 3756 317 3810 stans,
350 3744 533 3799 abillo
565 3747 801 3800 obtinuit
832 3756 891 3801 ut
937 3746 1288 3801 Severianum
1330 3748 1382 3801 in
1419 3748 1715 3801 amicitiam

134 3853 302 3891 suam
323 3837 649 3904 admitteret,
690 3857 707 3889 ι
743 3839 817 3893 ιιιί
852 3840 1043 3893 scribit
1069 3842 1326 3895 Socrates
1362 3840 1456 3894 lib.
1488 3856 1563 3902 vi,
1591 3853 1710 3907 cap.

141 3930 231 3981 Η.
262 3926 397 3993 Qua:
418 3938 601 3984 autem
628 3929 823 3985 deinde
850 3944 1053 3985 secutae
1094 3938 1222 3986 sunt
1269 3931 1552 4001 graviores
1584 3946 1717 4000 que-

136 4019 292 4084 relaz,
321 4036 399 4074 ea:
426 4021 661 4095 primum
700 4032 983 4091 cmperunt
1010 4032 1299 4093 postquam
1333 4021 1716 4077 Constantino-

138 4114 252 4184 poli
281 4113 625 4169 discessisset
655 4112 1013 4184 Epiphanius.
1064 4114 1169 4169 Sed
1222 4114 1357 4168 nihil
1398 4116 1452 4168 in
1487 4115 1585 4168 hac
1613 4112 1718 4167 Ba-

136 4205 288 4259 ronii
338 4220 572 4261 censura
623 4206 867 4261 admiror
917 4208 1125 4278 magis,
1178 4222 1341 4276 quam
1392 4207 1536 4276 quod
1584 4207 1713 4261 Acta

1817 3011 1864 3065 si
1886 3026 2012 3065 vera
2045 3010 2278 3064 duorum
2305 3008 2534 3061 istorum
2559 3006 2761 3075 scripta
2792 3020 2903 3074 prae
2932 3003 3108 3058 oculis
3154 3001 3382 3063 habens,

1817 3119 1917 3159 suo
1957 3103 2045 3157 illa
2085 3103 2352 3156 duntaxat
2390 3108 2716 3155 exornasset
2756 3111 3031 3158 sermone,
3067 3109 3236 3149 sensu
3265 3108 3387 3147 ser-

1816 3208 1961 3253 vato.
1993 3195 2111 3262 Qua
2153 3204 2334 3249 autem
2376 3203 2533 3247 aetate
2584 3192 2674 3245 ille
2720 3188 3025 3259 scripserit,
3068 3186 3193 3256 quis
3246 3184 3391 3239 divi-

1815 3291 1996 3344 nando
2052 3286 2454 3357 consequetur?
2490 3283 2607 3340 Hoc
2651 3292 2885 3348 certum,
2933 3280 3147 3336 decimo
3186 3277 3390 3334 saeculo

1819 3386 2050 3455 priorem
2082 3382 2273 3447 fuisse,
2329 3379 2551 3449 quando
2583 3389 2637 3432 et
2678 3376 2788 3432 Leo
2836 3376 3153 3444 imperator,
3181 3386 3389 3440 cogno-

1817 3486 1999 3530 mento
2032 3473 2281 3543 Sapiens,
2310 3472 2412 3525 sub
2435 3485 2545 3540 quo
2571 3470 2735 3523 etiam
2761 3465 3154 3535 Metaphrastes
3180 3460 3387 3523 floruit,

1829 3569 2008 3623 Vitam
2032 3568 2179 3622 illam
2216 3574 2437 3622 secutus
2461 3572 2543 3619 est
2575 3564 2627 3615 in
2657 3561 2929 3615 laudamlo
2961 3557 3387 3627 Chrysostomo;

1816 3672 1870 3719 et
1890 3661 2129 3731 elogium
2167 3674 2233 3714 ex
2272 3673 2336 3711 ea
2370 3665 2646 3725 sumptum
2675 3653 2949 3707 invenitur
2992 3651 3044 3704 in
3088 3648 3391 3721 Synaxario

1818 3757 2001 3810 Basilii
2043 3755 2387 3822 imperatoris
2434 3744 2912 3817 Porphyrogeniti,
2966 3750 3025 3797 ut
3064 3741 3133 3796 de
3172 3738 3391 3794 Menwis

1816 3847 2035 3904 excusis
2063 3843 2198 3898 nihil
2220 3843 2419 3897 dicam.

1888 3939 1974 3993 46.
2012 3938 2069 3991 In
2107 3937 2206 3990 hac
2255 3934 2363 3987 vita
2395 3930 2730 4001 Epiphanius
2790 3936 2943 3998 patre
2975 3923 3234 3995 agricola,
3270 3935 3393 3975 ma-

1818 4041 1899 4087 tre
1943 4029 2164 4090 linilica,
2215 4024 2483 4080 ambobus
2516 4021 2741 4085 Judteis,
2790 4029 2951 4074 natus
3007 4016 3208 4072 dicitur
3263 4026 3392 4067 cum

1819 4137 2008 4180 sorore
2033 4120 2356 4188 Callitrope;
2405 4129 2641 4183 cumque
2674 4112 2949 4170 ’decennis
2990 4117 3138 4165 esset
3184 4108 3393 4162 amisso

1819 4210 1989 4286 patre,
2015 4214 2205 4282 jussus
2249 4211 2317 4265 ad
2361 4208 2609 4263 alendam
2657 4205 2923 4260 familiam
2969 4203 3194 4258 unicum
3243 4198 3388 4271 quod

136 4297 461 4367 Epiphanii,
493 4314 616 4368 qua:
647 4307 776 4354 sunt
814 4300 957 4368 apud
993 4299 1356 4368 Lipomanum
1396 4307 1449 4352 et
1491 4297 1713 4351 Surium

1889 4305 2139 4377 ppetebat
2170 4302 2406 4381 vendere
2426 4300 2759 4370 iumentum,
2796 4306 2943 4352 tanta
2976 4294 3251 4366 negotium
3276 4292 3395 4347 sin-

137 4392 246 4448 sub
279 4392 503 4447 nomine
527 4390 928 4461 Metaphrastis,
948 4391 1247 4446 mendaciis
1274 4400 1482 4445 scatere
1506 4390 1717 4456 dicens,

136 4485 221 4539 uti
254 4499 447 4539 revera
478 4494 688 4539 scatere
730 4502 857 4540 mox
897 4486 1217 4549 ostendam;
1267 4499 1333 4538 ex
1387 4484 1455 4538 iis
1494 4498 1720 4553 prorsus

136 4577 365 4633 veritati
391 4560 727 4632 contrariam
774 4574 1019 4646 proferat
1066 4576 1437 4629 narrationem
1480 4575 1545 4628 de
1589 4590 1719 4628 con-

137 4683 337 4736 gressu
387 4677 442 4721 et
475 4667 827 4721 contentione
866 4665 1155 4735 Epiphanii
1213 4675 1376 4734 atque
1434 4662 1716 4718 Eudoxite.

135 4758 252 4815 Nec
296 4759 465 4813 refert
519 4760 662 4828 quod
706 4760 894 4813 eadem
946 4759 1134 4812 eodem
1187 4756 1299 4811 fere
1345 4756 1507 4811 modo
1559 4758 1613 4810 in
1660 4755 1719 4810 S.

136 4852 374 4906 Joannis
402 4851 779 4921 Cbrysostomi
811 4850 1060 4904 encomio
1092 4850 1310 4917 scripsit
1336 4847 1447 4903 Leo
1494 4848 1724 4916 impera-

137 4956 227 5001 tor
259 4961 273 4997 :
304 4944 395 4997 hic
420 4943 591 5007 enim,
620 4943 866 5012 quinque
912 4951 1037 5011 post
1069 4957 1184 4995 rem
1229 4951 1437 5011 gestam
1480 4942 1717 5004 saeculis,

136 5039 405 5105 deceptus
445 5034 548 5089 fuit
600 5035 804 5105 spuriis
859 5035 968 5088 illis
1026 5034 1205 5097 Actis;
1251 5050 1424 5103 eaque
1460 5034 1723 5089 transcri-

136 5134 249 5204 psit
273 5140 552 5201 quatenus
598 5128 667 5184 ad
708 5144 867 5185 suum
921 5137 1303 5197 argumentum
1347 5128 1527 5183 facere
1573 5128 1723 5183 vide-

136 5229 362 5281 bantur.

755 5312 985 5369 CAPUT
1030 5312 1114 5365 Vl.

255 5433 658 5488 Examinantur
694 5434 829 5486 Acta
858 5434 1024 5495 edita,
1061 5441 1318 5502 quatenus
1353 5450 1383 5485 a
1414 5430 1618 5485 Joanne

617 5507 916 5572 conscripta
955 5507 1249 5575 ﬁnguntur.

209 5597 307 5654 45.
352 5596 531 5655 Vitam
564 5596 811 5656 Graecam
843 5596 902 5655 S.
937 5595 1246 5668 Epiphanii,
1278 5612 1400 5667 quae
1449 5596 1580 5653 olim
1628 5593 1727 5651 La-

1820 4397 2040 4452 ceritate
2059 4394 2259 4464 egisse,
2279 4400 2339 4447 ut
2362 4392 2614 4461 quamvis
2636 4388 2962 4447 indomitum
2999 4385 3156 4450 alias,
3188 4384 3243 4437 in
3271 4383 3393 4451 ipso

1822 4488 1942 4543 foro
1971 4484 2243 4555 placidum
2283 4497 2341 4536 se
2367 4481 2631 4551 praeberet
2664 4487 2861 4549 praeter
2907 4490 3138 4541 morem,
3198 4474 3394 4527 vitium

1822 4588 2001 4634 tamen
2034 4575 2288 4633 indicarit
2319 4574 2548 4629 licitanti
2577 4572 2807 4635 Jacobo,
2836 4570 2983 4641 quod
3005 4567 3257 4639 religioni
3287 4566 3397 4623 sibi

1823 4674 2047 4728 duceret
2066 4669 2253 4725 fallere
2280 4667 2527 4737 ejusdem
2557 4665 2836 4735 religionis
2864 4662 3143 4718 hominem
3175 4680 3188 4715 :
3222 4675 3397 4730 quare

1824 4765 1996 4820 tribus
2041 4764 2109 4818 ab
2141 4778 2207 4817 eo
2242 4763 2475 4817 donatus
2528 4759 2789 4824 nummis,
2845 4757 3067 4811 domum
3109 4755 3398 4809 reverterit

1823 4874 1945 4912 cum
1996 4857 2112 4925 ipso
2138 4856 2385 4924 jumento
2424 4871 2436 4905 :
2478 4868 2508 4905 a
2549 4865 2658 4920 quo
2692 4848 2886 4902 deinde
2905 4862 3171 4902 excussus
3207 4847 3262 4900 in
3309 4846 3398 4900 via

1825 4950 2166 5019 graviterque
2206 4948 2387 5010 laesus,
2432 4960 2528 5014 per
2579 4942 3047 5012 supervenientem
3103 4942 3397 5011 quemdam

1826 5042 2110 5096 Cleobium
2167 5038 2582 5099 Christianum,
2650 5045 2877 5090 sanatus
2946 5036 3149 5087 virtute
3218 5036 3397 5087 crucis

1830 5132 2010 5187 fuerit.
2045 5129 2240 5184 Postea
2270 5144 2392 5183 cum
2426 5128 2658 5197 agellum
2693 5136 2977 5196 paternum
3008 5122 3395 5192 Eleutheropo-

1828 5226 1994 5278 Iitano
2034 5222 2251 5277 cuidam
2302 5221 2436 5291 legis
2489 5220 2662 5290 perito
2720 5234 2785 5274 ac
2833 5217 2988 5273 diviti
3044 5214 3257 5281 Judaeo,
3307 5216 3399 5269 cui

1827 5313 2083 5383 Tryphon
2122 5327 2340 5379 nomen,
2391 5311 2611 5366 offerret
2657 5309 2924 5373 venalem,
2967 5310 3035 5363 ab
3064 5324 3131 5363 eo
3164 5309 3397 5376 adopta-

1827 5418 1964 5469 tum,
2007 5415 2067 5459 ut
2116 5406 2467 5461 matrimonio
2509 5404 2632 5458 filiae
2672 5403 2847 5458 unicae
2893 5401 3251 5473 jungendum,
3289 5398 3393 5452 nisi

1829 5502 1942 5555 haec
1973 5501 2082 5555 cito
2134 5508 2343 5557 mortua
2378 5497 2601 5562 fuisset;
2644 5505 2809 5565 atque
2844 5496 2918 5550 ita
2972 5501 3191 5548 mortuo
3230 5491 3394 5545 etiam

1830 5592 2179 5663 Thryplione,
2212 5590 2332 5662 ejus
2360 5600 2414 5647 et
2452 5588 2713 5647 doctrinae
2733 5596 2788 5646 et
2810 5584 3099 5660 opulentiae
3126 5582 3397 5641 mansisse
