3754 6182
305 46 421 129 at:
1314 62 1371 121 s.
1414 60 1757 118 EPlPllANll
1797 58 1979 114 ACTA
2023 48 2529 111 BOLLANDIANA.
3455 48 3569 101 tu

310 189 597 245 hieredem.
638 186 776 242 Tum
819 200 949 241 vero
998 184 1256 240 incidisse
1297 183 1350 239 in
1395 184 1726 239 monachum
1770 181 1878 235 Lu-
1906 188 1950 244 Α
1978 174 2397 248 quinquaginta,
2443 174 2655 227 leonem
2698 168 2885 225 multis
2918 167 3146 222 noxium
3182 181 3285 221 sua
3325 179 3570 235 przesen-

312 284 530 337 cianum
559 298 572 334 :
604 294 766 348 quem
798 294 921 333 cum
954 277 1182 331 vidisset
1209 277 1409 330 donata
1445 276 1670 346 pauperi
1706 282 1876 339 veste,
1983 270 2055 323 tia
2099 266 2379 329 occiderit,
2421 277 2779 336 synonymum
2819 260 2924 316 sibi
2965 260 3034 314 ab
3068 258 3272 313 Edessa
3314 257 3573 327 philosoo

312 373 536 427 candida
571 372 676 425 alia
712 372 930 425 cwlitus
980 368 1151 432 indui,
1196 368 1413 437 petierit
1451 378 1505 421 et
1536 365 1880 421 Christianus
1982 360 2147 429 phum
2186 358 2476 425 exceperit.
2516 370 2640 409 Cum
2679 367 2851 421 eoque
2876 352 3144 420 integrum
3195 364 3400 403 almum
3438 347 3571 401 ἀίδ-

312 474 365 518 ct
422 464 725 517 monachus
781 460 942 515 fieri:
994 474 1345 529 congrueque
1395 458 1698 511 instructus
1755 470 1880 508 cum
1982 449 2186 521 putarit
2254 462 2437 503 coram
2477 464 2495 497 ‹
2537 444 2741 500 Calisto
2771 443 2910 497 Aetii
2953 457 3163 511 magna:
3200 439 3389 494 Roma:
3424 454 3575 508 pra:-

314 570 522 620 sorore,
561 562 615 608 et
644 554 709 607 ad
741 553 1047 622 ingressum
1071 551 1315 606 ecclesias
1348 548 1721 603 decidentibus
1744 546 1885 600 ultro

315 646 512 701 calceis
540 645 790 712 nudipes,
815 644 1123 713 baptizatus
1152 642 1318 695 luerit
1357 640 1429 693 ab
1472 639 1765 709 episcopo;
1798 651 1886 691 ac-

316 739 597 808 ceptisque
652 738 800 791 mille
849 736 1054 801 aureis,
1102 733 1385 789 Veroniea:
1422 739 1726 786 matertera:
1774 744 1889 784 suae

318 828 603 895 eidemque
632 823 1055 887 sanctimoniali,
1081 838 1325 878 sororem
1374 822 1788 884 commendans,
1830 818 1888 872 in

320 919 549 974 Luciani
594 917 929 973 monasterio
984 915 1159 970 factus
1215 914 1287 969 sit
1342 913 1665 973 monachus,
1717 927 1890 965 annos

324 1020 484 1065 natus
525 1010 789 1072 sedecim,
834 1019 888 1061 et
939 1006 998 1060 S.
1058 1006 1325 1059 llilarioni
1378 1005 1621 1071 ejusdem
1663 1002 1891 1056 Lueiani

322 1102 590 1170 discipulo
622 1099 1055 1161 commendatus,
1100 1098 1276 1166 ipsum
1312 1105 1435 1165 post
1479 1103 1706 1149 mortem
1738 1107 1890 1146 com-

324 1196 507 1248 munis
536 1192 777 1262 magistri
842 1191 1092 1245 habuerit
1146 1205 1271 1245 cum
1317 1196 1511 1243 czetera
1554 1184 1895 1239 fraternitate

314 1287 690 1355 hegumenum
723 1297 818 1337 seu
860 1282 1129 1335 abbatem.

394 1380 483 1432 47.
522 1378 628 1431 Sed
668 1378 779 1445 jam
836 1376 1054 1429 aliunde
1097 1383 1351 1429 constare
1396 1373 1656 1437 vidimus,
1706 1386 1897 1424 mona-

314 1472 475 1525 sticae
515 1471 638 1524 vitae
688 1468 940 1523 tirocinia
996 1469 1049 1521 in
1097 1467 1331 1538 Aﬂgypto
1370 1467 1620 1537 posuisse
1661 1464 1897 1533 Epipha-

328 1564 500 1625 nium,
534 1577 596 1616 ea
641 1560 779 1616 forte
828 1576 950 1630 qua:
1002 1559 1090 1615 hic
1150 1571 1372 1614 notatur
1420 1568 1598 1622 :etate,
1651 1557 1902 1627 quamvis
1932 1534 1975 1589 Β

329 1654 542 1708 mallem
571 1653 794 1707 biennio
826 1654 1092 1721 majorem
1124 1654 1364 1707 credere.
1396 1652 1477 1705 Ad
1517 1650 1820 1704 Lucianum
1850 1656 1903 1702 et

329 1744 660 1801 llilarionem
687 1745 833 1815 quod
878 1745 1092 1808 attinet,
1124 1753 1271 1812 patet
1314 1742 1583 1796 mendacii
1627 1739 1902 1794 evidentia

327 1850 394 1889 ex
421 1833 898 1903 ipsiusllilarionis
923 1833 1064 1899 Vita,
1086 1833 1177 1902 qui
1201 1848 1375 1886 annos
1404 1830 1717 1900 quindecim
1743 1839 1903 1883 natus

331 1929 397 1981 ad
427 1925 723 1979 Antonium
754 1924 954 1979 abiisse
984 1925 1039 1978 in
1069 1922 1365 1994 [Egyptum
1416 1923 1617 1976 dicitur
1664 1922 1732 1975 ab
1780 1920 1906 1973 Hie—

332 2030 583 2086 ronymo,
615 2014 849 2082 indeque
882 2022 1005 2083 post
1045 2013 1327 2067 biennium
1376 2024 1650 2067 revertens
1696 2012 1908 2080 primus

336 2108 662 2161 monasticae
704 2105 826 2160 vita:
886 2105 1194 2174 exemplum
1248 2105 1497 2157 retulisse
1542 2104 1595 2156 in
1654 2103 1907 2171 patriam,

330 2200 482 2269 quod
513 2214 658 2253 anno
686 2198 808 2269 ejus
834 2198 1009 2253 aetatis
1049 2198 1120 2250 ‘22
1171 2199 1327 2252 multi
1376 2199 1640 2266 eruperint
1683 2196 1911 2259 imitari,

336 2302 561 2347 eatenus
598 2300 784 2346 autem
833 2307 853 2341 ‹
914 2289 1145 2345 necdum
1199 2290 1418 2344 fuerant
1467 2288 1800 2343 monasteria
1857 2287 1910 2340 in

335 2384 644 2451 Palaestina,
674 2398 775 2438 nec
808 2382 1100 2453 quisquam
1148 2383 1477 2438 monachum
1508 2392 1635 2436 ante
1669 2380 1727 2434 S.
1761 2378 1911 2433 Hila-

338 2478 550 2533 rionem
614 2477 670 2530 in
734 2474 893 2547 Syria
946 2485 1205 2545 .noverat.
1264 2493 1283 2527 ι
1349 2474 1598 2543 Fingitur
1652 2480 1911 2543 praeterea

342 2552 892 2638 monasterium'ejus
916 2568 1063 2638 quod
1094 2582 1260 2637 prape
1287 2565 1489 2621 Gazam
1524 2565 1691 2620 fuisse
1712 2566 1908 2631 scitur,

339 2678 404 2717 eo
424 2661 592 2716 fuisse
622 2660 743 2715 loco
776 2668 834 2714 ut
862 2660 929 2715 ad
960 2659 1204 2730 quinque
1233 2659 1489 2712 milliaria
1510 2658 1738 2727 petenda
1770 2667 1918 2713 esset

342 2769 482 2823 aqua
527 2772 540 2806 :
596 2768 703 2821 qua
756 2751 1045 2805 occasione
1095 2766 1218 2805 cum
1261 2751 1578 2819 contigisset
1618 2750 1804 2803 vinum
1847 2750 1917 2802 ah

343 2846 649 2915 Epiphanio
674 2844 727 2897 in
760 2859 959 2913 aquam
984 2845 1230 2897 converti
1256 2842 1323 2895 ad
1359 2841 1709 2896 refectionem
1736 2852 1916 2895 trans-

344 2935 591 2989 euntium
622 2954 633 2987 :
667 2932 757 2985 ille
804 2932 988 3001 gloria:
1032 2930 1270 2999 fugitans
1309 2930 1418 2983 alio
1459 2945 1519 2985 se
1574 2929 1916 2995 subduxerit,

347 3026 440 3079 ubi
469 3041 595 3079 cum
628 3023 1029 3077 Saracenorum
1063 3023 1504 3091 praztereuntium
1536 3022 1759 3092 quidam
1790 3037 1917 3077 eum

349 3117 514 3172 ferire
552 3116 761 3179 volens,
806 3114 1035 3170 miratus
1093 3123 1240 3170 esset
1290 3115 1489 3184 aperiri
1545 3115 1649 3170 sibi
1700 3115 1919 3171 oculum

353 3211 608 3273 alterum,
633 3224 795 3278 quem
820 3221 1034 3278 semper
1056 3208 1300 3263 clausum
1327 3207 1620 3274 habuerat;
1643 3222 1707 3263 ea
1724 3224 1784 3263 re
1802 3224 1922 3263 m0-

352 3310 466 3356 tum
494 3316 662 3355 unum
694 3316 725 3354 e
745 3300 925 3364 turba,
953 3299 1260 3369 suscepisse
1286 3300 1478 3366 fidem;
1508 3300 1600 3370 qui
1618 3301 1922 3370 baptizatus

351 3392 421 3447 ab
449 3387 1037 3444 llilarioneetJoannes
1060 3391 1256 3457 dictus,
1285 3390 1573 3445 adhaeserit
1594 3389 1918 3459 Epiphanio,

353 3491 518 3551 atque
555 3482 669 3534 haec
695 3480 882 3533 omnia
911 3480 1196 3548 scripserit
1226 3499 1239 3534 :
1271 3496 1335 3535 ae
1363 3480 1564 3550 primo,
1593 3480 1662 3535 ab
1691 3496 1923 3550 energu-

353 3587 515 3628 meno
553 3572 771 3641 pulsum
818 3572 1121 3626 daemonem
1159 3573 1557 3627 connninatum
1591 3588 1735 3636 esse,
1779 3574 1925 3643 quod

354 3666 410 3719 in
450 3664 728 3720 Persidem
755 3663 939 3719 venire
968 3664 1171 3720 faceret
1220 3646 1617 3734 Epiphaniam,
1651 3665 1927 3735 Occupata

357 3760 521 3827 igitur
547 3758 692 3828 regis
732 3757 844 3810 filia
871 3756 1163 3822 indicasse,
1210 3757 1357 3826 quod
1400 3758 1505 3812 nisi
1546 3758 1753 3811 veniret
1795 3756 1926 3826 Epi-

360 3852 614 3919 phanius,
656 3851 906 3904 exiturus
957 3865 988 3903 a
1039 3849 1217 3919 puella
1264 3866 1374 3904 non
1420 3858 1585 3905 esset.
1627 3849 1926 3915 Quaesitum

359 3958 488 4013 ergo
517 3955 570 3998 et
610 3944 664 3998 in
697 3943 1004 4013 Spanydrio
1048 3958 1149 3999 suo
1198 3952 1497 4012 repertum,
1550 3956 1671 4013 post
1719 3944 1926 3998 aridam

362 4051 581 4090 manum
611 4036 704 4089 uni
742 4035 1039 4089 missorum
1086 4034 1415 4099 restitutam,
1462 4035 1678 4092 venisse
1735 4037 1790 4089 in
1838 4053 1929 4090 re-

360 4129 535 4197 giam,
575 4143 697 4196 quae
738 4127 1024 4182 dicebatur
1072 4124 1270 4190 Urion,
1322 4127 1625 4182 danuonem
1674 4145 1709 4182 a
1766 4129 1931 4184 ﬁliola

1985 543 2111 598 lecti
2157 540 2289 607 lilio,
2324 558 2343 592 ι
2388 553 2553 609 quem
2602 551 2634 590 a
2693 536 2941 591 daemone
2990 534 3277 587 liberatum
3327 532 3577 585 habebat

1986 635 2312 704 discipulum
2342 649 2356 698 ;
2381 640 2456 690 ,et
2483 630 2761 701 quomodo
2802 626 3152 695 theOgoniam
3192 624 3409 678 Hesiodi
3445 637 3577 691 per-

1990 729 2246 783 tinaciter
2286 724 2688 787 defendentem,
2741 720 2987 789 opposita
3042 717 3238 771 veriori
3290 715 3579 770 cheseos

1990 820 2221 876 historia
2258 818 2474 873 ﬂectere
2513 814 2805 885 nequiens,
2849 811 3163 881 provocarit
3216 809 3283 863 ad
3334 821 3579 875 energu-

1991 913 2134 968 meni
2166 910 2569 973 liberationem,
2602 921 2768 976 quam
2812 904 2905 975 qui
2944 902 3212 957 eﬂecisset
3256 901 3377 970 ejus
3435 899 3581 952 ﬁdes

1992 1021 2116 1060 vera
2151 1014 2462 1059 censeretur
2495 1019 2508 1055 :
2545 1009 2705 1069 atque
2734 998 2805 1051 ita
2828 1010 3154 1050 conversum
3194 992 3579 1062 Epiphanium

1996 1097 2407 1168 philosophum,
2437 1092 2880 1158 monachumque
2923 1086 3128 1140 factum
3186 1096 3241 1139 et
3288 1084 3583 1154 presbyte-

1996 1204 2116 1242 rum
2177 1187 2491 1241 ordinatum
2541 1185 2609 1237 ab
2664 1178 3201 1248 EleutherOpolitauo
3252 1177 3517 1246 episcopo
3565 1192 3579 1226 :

1998 1295 2160 1348 quem
2213 1277 2409 1333 deinde
2465 1275 2523 1329 in
2578 1272 2870 1344 {Egyptnm
2931 1268 3188 1324 recedens
3239 1265 3586 1336 Epiphanius

2001 1378 2224 1426 sanctus
2258 1366 2590 1422 monasterio
2619 1380 2720 1419 suo
2753 1362 3101 1432 przepositum
3132 1358 3430 1428 reliquerit.
3472 1355 3587 1408 Sed

2002 1471 2362 1532 praeterquam
2390 1458 2533 1529 quod
2560 1472 2624 1511 ea
2651 1454 2967 1524 disputandi
3008 1466 3159 1506 mora
3185 1460 3237 1504 et
3264 1450 3403 1503 ratio
3441 1446 3588 1500 ridi-

2005 1556 2126 1611 cula
2155 1553 2377 1607 omnino
2406 1551 2679 1614 videatur,
2706 1558 2760 1602 et
2791 1546 2858 1601 de
2882 1546 3055 1600 altero
3103 1544 3211 1598 isto
3262 1540 3586 1612 Epiphanio

2006 1648 2133 1704 alibi
2156 1647 2366 1717 legatur
2396 1643 2565 1707 nihil;
2601 1655 2771 1696 unum
2805 1638 2895 1693 hic
2920 1636 3063 1693 Aetii
3114 1635 3373 1691 Romanae
3414 1632 3589 1686 urbis

2006 1739 2243 1811 praefecti
2271 1737 2432 1791 velim
2469 1749 2673 1789 nomen
2718 1739 2988 1793 notatum,
3036 1728 3183 1799 quod
3232 1744 3296 1781 ex
3348 1726 3590 1780 cerebro

2007 1846 2111 1885 SUO
2147 1837 2519 1883 commentum
2556 1834 2835 1878 auctorem
2870 1830 3017 1892 patet
3049 1837 3114 1875 CX
3162 1819 3592 1873 accuratissime

2006 1937 2072 1975 eo
2113 1920 2392 1989 Catalogo,
2446 1933 2605 1987 quem
2662 1915 2962 1970 Bueherius
3005 1929 3036 1967 a
3084 1912 3339 1966 Bollando
3387 1922 3594 1965 nostro

2010 2022 2292 2081 acceptum
2318 2010 2490 2065 edidit
2539 2009 2605 2062 ad
2655 2006 2934 2060 Cauonem
2984 2003 3299 2058 Paschalem
3357 2000 3593 2055 Victorii

2010 2122 2060 2160 c.
2097 2106 2182 2171 15,
2217 2120 2270 2173 p.
2306 2102 2432 2169 236,
2477 2101 2569 2154 ubi
2612 2118 2629 2151 c
2676 2115 2746 2153 ex
2786 2097 3123 2167 temporibus
3164 2095 3408 2158 Gallieni,
3456 2114 3477 2146 ι
3525 2095 3595 2147 ab

2012 2212 2157 2251 anno
2188 2196 2315 2261 254,
2368 2204 2544 2263 asque
2589 2191 2693 2246 554
2741 2191 3033 2253 indicatur,
3074 2208 3093 2242 ‹
3141 2190 3267 2259 quis
3315 2198 3594 2259 quantum

2018 2289 2284 2359 temporis
2318 2288 2694 2357 przefecturam
2724 2282 2885 2339 Urbis
2914 2283 3327 2347 administrarit,
3369 2302 3384 2333 ι
3411 2297 3599 2351 quan-

2013 2382 2191 2452 doque
2219 2380 2488 2451 praefectis
2520 2379 2825 2434 successive
2851 2385 3087 2446 quatuor
3163 2374 3301 2428 intra
3330 2372 3597 2428 eumdem

2020 2490 2222 2529 annum
2254 2474 2482 2543 positis;
2525 2486 2624 2526 nec
2669 2471 2785 2524 sola
2830 2468 3074 2532 nomina,
3125 2466 3219 2523 sed
3263 2477 3315 2521 et
3368 2481 3598 2536 praeno-

2018 2567 2165 2621 mina
2206 2566 2611 2635 exprimuntur.
2656 2562 2878 2617 Interim
2926 2577 2993 2617 ex
3049 2560 3223 2630 ipsius
3270 2558 3599 2613 fabulatoris

2017 2660 2246 2725 calculo,
2301 2671 2570 2712 annorum
2622 2654 3015 2726 quinquaginta
3072 2668 3167 2707 sex
3218 2652 3599 2721 episcopatum

2022 2751 2329 2821 Epiphanio
2363 2748 2675 2814 tribuentis,
2713 2758 2832 2801 acta
2864 2746 2978 2800 haec
3009 2752 3195 2800 essent
3224 2752 3281 2798 ut
3302 2744 3600 2798 minimum

2022 2855 2148 2898 ante
2171 2843 2496 2898 decennium
2524 2840 2924 2895 ordinationem
2948 2852 3327 2910 praegressum,
3345 2838 3605 2907 adeoque

2020 2944 2146 2990 ante
2183 2949 2388 2989 annum
2415 2932 2539 2988 538.

2088 3028 2176 3083 49.
2213 3028 2342 3083 Post
2364 3028 2481 3082 haec
2496 3027 2715 3080 demum
2744 3031 3017 3089 sanctum,
3059 3038 3222 3093 quem
3260 3039 3358 3078 nos
3398 3022 3602 3077 admo-

2020 3122 2150 3176 dum
2181 3121 2439 3190 juvenem
2468 3118 2640 3173 fuisse
2669 3117 2723 3171 in
2748 3116 2952 3188 Egypto
2977 3117 3235 3180 diximus,
3266 3116 3603 3171 celebritatis

2025 3214 2206 3269 nimiae
2240 3212 2563 3284 fugientem,
2606 3211 2739 3265 illuc
2791 3225 2975 3265 secum
3022 3210 3279 3281 navigare
3321 3226 3388 3263 ex
3421 3207 3605 3280 Joppe

2024 3306 2155 3362 facit
2188 3302 2686 3375 pseudo-Joannes,
2712 3310 2838 3371 post
2858 3316 3276 3372 energumenam
3297 3300 3351 3354 in
3372 3316 3602 3371 egressu

2026 3397 2362 3453 Hierusalem
2410 3396 2726 3459 liberatam;
2774 3402 2829 3449 et
2869 3394 3249 3449 Alexandriam
3305 3394 3602 3463 appulsum

2025 3486 2294 3551 Judaaum,
2325 3485 2580 3555 Aquilam
2623 3484 2844 3538 nomine
2881 3483 3209 3553 disputando
3258 3494 3603 3544 convertere.

2028 3596 2092 3635 ac
2151 3578 2210 3634 S.
2267 3577 2568 3633 Athanasio
2616 3576 2872 3646 episcopo
2930 3577 3123 3632 sistere
3180 3577 3603 3646 baptizandum;

2027 3672 2221 3726 deinde
2262 3686 2386 3725 cum
2431 3670 2490 3723 S.
2546 3668 2875 3738 Paphnutio,
2939 3672 3122 3740 magni
3165 3669 3382 3723 Antonii
3434 3670 3605 3725 disci-

2030 3764 2181 3834 pulo,
2206 3763 2260 3815 in
2295 3760 2571 3816 Thebaide
2596 3760 2882 3830 congredi,
2914 3775 2981 3815 eo
3003 3761 3231 3815 consilio
3257 3772 3315 3814 ut
3335 3762 3389 3814 in
3416 3760 3607 3816 Nitria:

2030 3869 2219 3909 eremo
2272 3854 2522 3909 habitare
2584 3856 3026 3923 permitteretur;
3070 3853 3166 3908 sed
3204 3854 3272 3909 ab
3321 3854 3426 3909 hoc
3479 3871 3605 3925 pro-

2031 3948 2243 4017 phetice
2269 3947 2509 4016 jussum,
2540 3946 2768 4000 collecto
2807 3944 2950 4014 apud
2989 3944 3177 3999 Patres
3220 3947 3410 4000 aestivo
3454 3946 3603 4011 feno,

2032 4039 2185 4094 abire
2231 4040 2285 4092 in
2328 4036 2567 4109 Cyprum
2612 4046 2775 4107 atque
2817 4052 2948 4092 oves
2983 4052 3221 4107 pascere.
3264 4037 3401 4092 Tum
3436 4055 3605 4109 prope

2035 4130 2412 4201 Leontopolim
2451 4130 2674 4200 fingitur
2710 4144 2934 4185 sanetus
2966 4130 3225 4185 accedere
3251 4134 3319 4185 ad
3360 4130 3607 4187 Hieracis

360 4220 504 4289 regis
549 4220 666 4289 ipsa
695 4226 975 4289 spectante
1014 4218 1311 4288 expulisse,
1344 4219 1642 4273 blandienti
1680 4222 1783 4274 sibi
1818 4222 1933 4275 ine-
1967 4243 2009 4296 ι)
2035 4224 2447 4277 celeberrimum
2489 4225 2909 4288 monasterium,
2940 4222 3215 4292 istumque
3249 4225 3467 4290 publice
3514 4226 3605 4279 ὐυι-

360 4314 507 4382 ptius
547 4328 706 4382 mago
749 4311 1023 4382 loquelam
1060 4311 1355 4367 abstulisse
1392 4320 1447 4365 et
1482 4312 1763 4381 pmoitenti
1810 4312 1934 4366 red-

362 4404 603 4467 didisse,
656 4404 805 4474 regia
862 4418 1087 4457 munera
1134 4402 1434 4472 epulasque
1488 4418 1773 4458 recusasse
1815 4404 1935 4458 solo

362 4507 497 4561 pane
530 4501 847 4545 contentum
886 4505 900 4544 :
935 4501 989 4547 et
1013 4492 1365 4556 resuscitato,
1398 4494 1491 4563 qui
1522 4504 1773 4549 mortuus
1802 4495 1935 4550 ell'e-

363 4584 600 4646 rebatur,
635 4584 1004 4647 adolescente,
1034 4585 1103 4636 ab
1135 4598 1258 4653 rege
1301 4584 1606 4640 honorifice
1645 4586 1934 4641 dimissum

366 4675 554 4729 fuisse.
585 4673 780 4730 Nescio
819 4692 886 4730 an
941 4673 1015 4729 Ur
1048 4676 1453 4739 Chaldworum,
1499 4679 1794 4732 Abrabatni
1839 4696 1937 4749 pa-

366 4773 555 4835 triam,
595 4770 925 4826 intellexerit
962 4770 1066 4825 hoc
1096 4772 1216 4827 loco
1257 4772 1531 4827 fabulator
1571 4776 1719 4843 (nam
1772 4771 1939 4828 Urion

369 4862 507 4916 alias
531 4862 740 4916 nullum
772 4864 959 4931 novi}:
989 4864 1055 4917 ad
1090 4865 1353 4918 miracula
1377 4864 1521 4934 quod
1551 4865 1761 4929 attinet,
1793 4866 1943 4919 audi-

372 4958 551 5012 vimus
602 4957 966 5012 Sozomenum
1014 4973 1272 5028 expresse
1313 4968 1624 5031 negantem,
1663 4963 1809 5031 quod
1856 4962 1941 5015 vi-

370 5049 518 5105 venti
542 5048 831 5119 contigerit
850 5047 1038 5119 fugare
1052 5055 1325 5106 deelnones
1364 5053 1694 5124 morbosque
1722 5069 1938 5109 curare.

440 5139 529 5194 48.
570 5138 752 5210 Pergit
778 5139 997 5194 interim
1032 5139 1511 5210 pseudo-Joannes
1535 5159 1781 5205 narrare,
1811 5159 1945 5212 quo-

373 5232 538 5287 modo
576 5232 643 5287 ad
684 5229 1026 5301 Spanydrion
1072 5247 1325 5287 reversus
1373 5249 1557 5287 secum
1607 5234 1944 5304 Epiphanius

376 5324 585 5378 fontem
614 5323 687 5378 ibi
716 5325 987 5391 elicuerit,
1031 5322 1174 5379 feras
1212 5326 1550 5394 prohibuerit
1580 5328 1649 5382 ab
1682 5329 1945 5394 oleribus,

378 5427 431 5470 et
463 5417 517 5471 in
540 5432 708 5472 novas
739 5418 1055 5472 mansiones
1081 5418 1183 5471 sibi
1227 5434 1257 5471 a
1298 5417 1607 5485 Saracenis,
1636 5422 1835 5489 prioris
1860 5430 1945 5474 tu-

381 5509 522 5577 gurii
585 5508 962 5566 conditoribus
1010 5520 1353 5579 exstructas,
1415 5514 1679 5581 receperit
1753 5512 1948 5569 fratres

2036 4324 2247 4368 centem
2278 4329 2495 4369 errores
2526 4317 2729 4370 multos
2760 4325 2971 4369 mutum
3007 4316 3236 4384 imperio
3269 4316 3519 4378 reddere,
3545 4334 3606 4372 ac

2038 4406 2386 4473 pmnitentem
2437 4420 2663 4470 sanare;
2717 4403 2954 4471 denique
2991 4413 3182 4457 curato
3233 4403 3287 4455 in
3333 4404 3603 4472 superiori

2038 4496 2313 4551 Thebaide
2341 4510 2728 4566 energumeno,
2754 4495 2938 4551 venire
2962 4497 3028 4550 ad
3058 4497 3172 4550 loca
3203 4511 3323 4565 quae
3350 4498 3606 4551 dicuntur

2038 4588 2255 4643 Bucolia
2297 4589 2478 4658 ibique
2512 4590 2797 4658 septennio
2835 4589 3129 4653 habitasse,
3174 4591 3265 4642 ubi
3316 4590 3605 4644 Eudaemo-

2040 4699 2163 4736 nem
2217 4684 2599 4752 philosophum
2655 4684 2986 4737 converterit
3042 4693 3234 4737 sanato
3280 4686 3437 4752 pueri
3491 4686 3607 4753 ejus

2041 4776 2229 4841 oculo;
2288 4789 2453 4844 seque
2502 4777 2569 4829 ad
2616 4775 2988 4844 episcopatum
3037 4775 3209 4842 quaeri
3248 4788 3604 4844 cognoscens,

2041 4870 2322 4923 reverterit
2350 4869 2403 4920 in
2435 4865 2672 4939 Syriam,
2703 4868 2938 4937 primum
2964 4866 3319 4935 quadraginta
3348 4866 3467 4922 dies
3486 4883 3607 4922 corr

2043 4968 2294 5013 versatus
2338 4959 2393 5012 in
2454 4959 2789 5013 monasterio
2841 4939 3265 5021 S.'Hilarionis,
3319 4970 3603 5029 postquam

2045 5055 2136 5109 ille
2182 5055 2235 5107 in
2279 5053 2516 5124 Cyprum
2558 5069 2618 5108 se
2660 5061 2961 5123 receperat,
3018 5053 3068 5107 id
3117 5061 3200 5107 est
3242 5063 3366 5122 post
3407 5069 3603 5107 annum

2045 5146 2169 5209 565,
2209 5145 2364 5215 juxta
2407 5145 2835 5215 Hieronymum;
2887 5157 3007 5196 cum
3069 5150 3246 5195 tamen
3292 5142 3346 5194 in
3406 5142 3607 5196 calculo

2048 5237 2221 5305 ipsius
2253 5236 2597 5298 fabulatoris,
2625 5236 2717 5288 diu
2748 5244 2874 5287 ante
2908 5231 3199 5288 Hilarionis
3232 5234 3525 5287 adventum
3557 5234 3604 5285 in

2047 5331 2308 5399 Cyprum,
2344 5329 2415 5382 ibi
2446 5327 2736 5397 episcopus
2765 5326 2935 5380 fuisse
2971 5325 3302 5394 Epiphanius
3343 5326 3604 5381 debuerit.

2053 5422 2107 5475 In
2141 5421 2366 5475 llierace
2402 5431 2580 5475 autem
2609 5421 2876 5490 insignem
2910 5420 3414 5488 parachronismum
3444 5422 3603 5474 etiam

2053 5517 2255 5569 notavit
2284 5513 2548 5569 Baronius
2573 5513 2640 5567 ad
2671 5528 2798 5567 ann.
2829 5512 2953 5578 572,
2981 5528 3130 5567 num.
3164 5512 3284 5581 110,
3318 5512 3607 5569 observans
