3754 6182
115 245 199 300 MS

1111 233 1169 289 S.
1211 229 1554 287 EPIPIIANII
1590 227 1772 282 ACTA
1811 222 2313 281 BOLLANDIANA.

3233 219 3348 276 {48:
3389 245 3396 256 ι

113 361 249 428 plane
277 354 365 408 hic
395 351 644 407 eumdem
684 348 942 412 describi,
976 348 1044 403 de
1087 363 1196 417 quo
1248 347 1366 417 ipse
1414 344 1651 414 Epipha—
1683 348 1729 403 Α
1757 349 2064 406 exstruere,
2101 339 2270 393 variis
2316 336 2600 393 miraculis
2646 337 2952 392 obtinuerit
2986 346 3237 406 sumptus
3263 337 3331 390 ad

112 449 217 503 nius
245 445 364 498 fuse
399 451 595 498 tractat
622 441 814 496 haeresi
846 457 1021 507 vau,
1064 448 1325 509 tanquam
1375 453 1406 492 a
1447 436 1660 490 Manete

114 535 362 608 proximo,
389 541 444 587 et
485 543 609 586 ante
642 530 990 586 Meletianum
1046 529 1286 584 schisma
1331 535 1494 597 atque
1542 525 1658 579 Arii

114 627 340 683 haeresim
368 624 511 696 apud
553 622 839 694 Egyptios
877 632 1038 689 noto;
1099 635 1416 691 quanquam
1450 618 1507 672 in
1547 617 1660 671 An-

115 726 273 772 corato
297 716 442 770 dicat
464 731 519 769 ιι.
554 713 645 778 85,
667 729 726 770 se
751 713 1081 783 comperisse
1111 729 1130 763 ι
1166 709 1456 766 nonnullos
1488 723 1662 778 nuper

112 810 383 872 excitatos,
419 825 438 859 ι
473 803 528 858 id
557 812 640 858 est
670 803 814 859 circa
851 818 1056 857 annum
1083 801 1210 864 570,
1253 817 1270 850 ι
1306 799 1510 870 quibus
1542 799 1660 868 ple-

113 901 248 969 rique
281 895 526 951 omnium
563 893 922 950 monasticam
964 893 1020 945 in
1054 889 1309 961 Egypto,
1363 887 1661 954 Thebaide,

112 987 419 1057 ueterisque
469 985 786 1055 regionibus
833 983 1204 1040 exercentium
1258 979 1417 1036 facile
1456 981 1663 1050 primas

112 1079 375 1142 deferunt,
411 1076 504 1146 qui
533 1075 587 1129 in
615 1061 805 1130 eodem
833 1089 961 1129 cum
994 1070 1285 1128 Hieracitis
1313 1086 1502 1126 errore
1542 1086 1665 1126 ver-

112 1178 312 1232 santur,
349 1181 414 1220 ac
447 1165 672 1236 perinde
701 1174 760 1219 ut
786 1164 863 1218 illi
909 1179 1019 1219 non
1057 1161 1515 1217 resurrectionem
1542 1175 1667 1216 car-

112 1263 202 1326 nis,
245 1276 357 1314 non
389 1260 554 1330 hujus
582 1274 746 1329 quam
779 1255 1042 1312 habemus
1076 1256 1265 1321 modo,
1314 1255 1409 1310 sed
1441 1255 1667 1310 alterius

112 1354 158 1406 in
203 1351 370 1422 hujus
426 1351 606 1406 locum
663 1348 1052 1422 substituenda:
1097 1348 1417 1417 praedicant.
1459 1366 1480 1399 ι
1514 1343 1669 1412 Quod

112 1446 169 1499 ad
198 1419 567 1514 Paphnutium
605 1419 990 1506 attinet,'inter
1028 1440 1270 1495 celebres
1315 1437 1504 1493 Nitriae
1550 1453 1669 1492 mo-

112 1535 333 1599 nachos,
380 1549 520 1604 quos
565 1532 624 1587 S.
663 1531 832 1586 Paula
884 1529 1135 1587 Romana
1181 1530 1370 1597 adivit,
1413 1537 1670 1584 numerat

111 1627 380 1682 Palladius
408 1625 552 1680 Hist.
582 1623 861 1678 Lausiaca:
892 1637 942 1676 c.
969 1621 1094 1686 M7,
1130 1620 1495 1691 Paphnutium
1537 1620 1670 1674 Sce-

1766 448 1904 502 opus
1932 431 2288 487 necessarios.
2325 428 2458 484 Nam
2495 430 2672 500 primo
2703 446 2829 484 cum
2862 428 3134 484 Draconis
3154 429 3336 498 cujus-

1768 522 1891 576 dam
1943 520 2148 584 divitis,
2208 519 2304 575 sed
2365 519 2607 589 gentilis,
2661 518 2773 574 sibi
2828 517 3104 572 illudentis
3162 519 3349 572 lilium.

1767 621 2030 682 aegrotum
2082 619 2368 678 sanasset;
2427 611 2622 665 morbo
2677 610 2730 664 in
2790 621 2998 680 patrem
3050 610 3335 670 translato,

1770 718 2100 774 rursumque
2146 704 2216 758 ad
2255 718 2410 758 suam
2458 703 2894 759 benedictionem
2939 704 3121 758 ablato
3172 704 3342 774 impe-

1770 805 1946 850 trasse
2007 794 2076 849 ab
2111 794 2326 861 eodem,
2367 808 2664 858 converso,
2698 809 2819 848 cum
2850 793 3060 848 familia
3085 802 3139 846 et
3176 792 3344 862 bapti-

1773 895 1914 950 zato,
1969 884 2210 955 quinque
2262 883 2433 938 millia
2498 898 2845 950 nummorum
2905 901 2925 936 ;
2978 882 3171 938 deinde
3216 898 3340 937 cum

1772 975 2124 1047 Eustorgium
2168 974 2382 1047 Synesii
2435 976 2688 1030 similiter
2742 975 2957 1046 gentilis
3007 974 3198 1040 lilium,
3253 989 3345 1027 ro-

1774 1076 1936 1139 gante
1969 1077 2163 1131 matre,
2197 1067 2521 1122 suscitasset
2572 1081 2602 1119 a
2651 1065 2905 1131 mortuis,
2945 1065 3013 1118 ab
3050 1080 3115 1118 eo
3166 1063 3346 1117 oblata

1774 1162 1876 1215 tria
1907 1160 2078 1214 millia
2107 1175 2392 1214 nummum
2420 1159 2701 1214 remisisse
2729 1159 2795 1213 ad
2823 1157 3107 1212 fabricam.
3141 1154 3342 1211 Postea

1775 1269 1900 1307 cum
1928 1251 2154 1324 Polybio
2177 1252 2289 1324 jam
2330 1253 2646 1323 presbytero
2690 1259 2947 1306 narratur
3004 1249 3346 1320 Epiphanius

1776 1349 1940 1404 ivisse
1965 1348 2396 1422 Hierosolymam
2449 1350 2516 1405 ad
2562 1347 2790 1404 Joannis
2826 1349 3089 1418 episc0pi,
3123 1349 3208 1403 sui
3243 1347 3347 1403 sub

1775 1440 2072 1496 Hilarionis
2102 1441 2390 1512 disciplina
2417 1441 2793 1511 condiscipuli,
2821 1439 3190 1511 castigandam
3219 1454 3348 1493 ava-

1777 1537 1983 1604 ritiam,
2011 1547 2074 1590 ut
2101 1535 2306 1590 dictum
2337 1551 2391 1588 ιι.
2429 1534 2516 1600 17,
2553 1533 2790 1604 indeque
2821 1533 3132 1603 regrediens
3175 1531 3348 1586 offen-

1779 1630 1926 1686 disse
1957 1628 2236 1684 mendicos
2277 1627 2434 1690 duos,
2489 1642 2725 1696 quorum
2775 1625 2910 1681 alter
2957 1640 3016 1680 se
3066 1632 3348 1696 mortuum

114 1717 409 1786 tioten,qui
434 1725 712 1784 utcunque
741 1713 930 1769 reduci
967 1721 1152 1783 posset
1180 1713 1247 1768 ad
1274 1713 1437 1783 hujus
1460 1714 1599 1768 ficta:
1618 1713 1666 1766 in

1861 1723 2091 1789 aulabat,
2123 1720 2266 1792 quod
2300 1721 2354 1774 in
2390 1720 2565 1791 Cypro
2604 1717 2806 1774 factum
2842 1718 3053 1772 videtur
3106 1716 3350 1772 indicare

109 1811 340 1882 Egypto
366 1806 824 1879 peregrinationis
843 1814 1060 1876 tempus
1092 1820 1109 1857 :
1150 1805 1330 1860 caateri
1360 1805 1480 1874 ejus
1502 1805 1676 1859 nomi-

109 1903 185 1957 nis
221 1900 472 1956 celebres
519 1898 612 1953 alii
649 1898 900 1968 juniores
933 1904 1094 1964 sunt;
1144 1911 1270 1950 nam
1304 1897 1370 1951 de
1417 1897 1674 1966 episeopo

105 1991 419 2048 confessore
443 1990 546 2045 sub
583 1988 900 2055 Maximino,
945 1987 1039 2058 qui
1068 1988 1301 2043 concilio
1332 1985 1553 2042 Niczeno
1591 1989 1675 2042 in-

108 2083 310 2149 terfuit,
356 2098 465 2136 non
490 2091 575 2137 est
602 2083 704 2136 hoc
732 2082 854 2135 loco
888 2080 1260 2151 c0gitandum.

171 2176 259 2232 50.
289 2175 465 2230 Porro
481 2183 734 2230 manente
760 2174 916 2244 juxta
937 2171 1321 2244 Spanhydrion
1346 2171 1671 2243 Epiphanio,

106 2268 278 2324 fames
313 2269 494 2323 valida
537 2266 851 2322 incubuisse
875 2264 1172 2321 Phoenicia:
1202 2263 1424 2332 dicitur,
1446 2279 1678 2334 eamque

104 2363 396 2432 impetrata
442 2359 695 2414 triduana
744 2358 928 2429 pluvia
963 2372 1188 2413 curasse
1224 2364 1479 2423 sanctus;
1509 2371 1680 2426 quare

104 2468 200 2524 pro
227 2468 301 2509 eo
329 2453 399 2507 ad
423 2451 798 2523 episcopatum
843 2450 1124 2506 evehendo
1157 2451 1372 2506 collecti
1415 2451 1682 2521 episcopi,

102 2564 226 2604 cum
263 2547 337 2602 ad
361 2547 610 2602 eumdem
653 2545 1004 2616 quaerendum
1041 2545 1300 2615 juvenem
1348 2545 1679 2599 monachum

104 2639 394 2710 Polybium
433 2639 851 2704 submisissent;
882 2637 999 2707 ipse
1034 2638 1299 2691 adventus
1330 2651 1497 2692 causa
1536 2635 1680 2690 divi-

103 2733 256 2787 nitus
283 2731 530 2802 cognita,
560 2745 688 2786 cum
718 2730 909 2785 eodem
938 2728 1166 2800 Polybio
1219 2743 1409 2784 secum
1441 2736 1684 2794 retento,

101 2832 320 2879 etcum
356 2821 567 2878 Joanne
593 2821 792 2892 fugerit
821 2821 877 2876 in
919 2820 1158 2892 Cyprum
1207 2819 1276 2874 ad
1329 2819 1389 2875 S.
1446 2818 1683 2874 Hilario-

104 2931 227 2971 nem
260 2935 274 2970 :
311 2930 342 2970 a
377 2915 693 2985 quojussus
724 2912 1056 2968 Salaminam
1090 2912 1394 2966 habitatum
1428 2911 1598 2980 adire,
1629 2919 1684 2967 et

103 3007 319 3061 invitus
343 3020 408 3060 ac
434 3012 752 3074 tempestate
777 3004 1092 3074 compulsus
1130 3003 1260 3059 illuc
1289 3004 1562 3074 appellens
1593 3019 1684 3058 na-

1782 1815 2120 1872 Sozomenus
2151 1816 2264 1885 (lib.
2303 1830 2400 1878 vn,
2440 1830 2557 1882 cap.
2599 1811 2714 1882 27).
2744 1811 2862 1866 Huc
2884 1825 3046 1881 porro
3095 1825 3367 1889 reversus.

1779 1907 2024 1964 lsaacum
2060 1905 2308 1962 Judaeum
2349 1905 2486 1976 legis
2519 1904 2752 1975 peritum
2781 1904 2884 1958 sibi
2919 1902 3249 1972 adjunxerit,
3297 1909 3354 1955 et

1780 2017 1964 2058 coram
1995 2000 2261 2056 Romanis
2290 1999 2614 2061 nuntiis..ah
2645 1997 2880 2052 Arcadio
2905 2004 2960 2050 et
2984 1994 3224 2050 Honorio
3248 1995 3352 2049 im-

1781 2087 2125 2166 peratoribus
2159 2091 2226 2147 ad
2255 2091 2435 2162 ipsum
2473 2089 2702 2144 Romam
2734 2087 3112 2144 adducendum
3141 2086 3348 2150 missis,

1787 2187 2240 2245 calumnia-torem
2280 2200 2439 2239 suum
2478 2182 2916 2248 Faustinianum,
2958 2182 3182 2237 innoxio
3216 2183 3355 2236 alias

1791 2280 1928 2335 fabri
1975 2278 2209 2348 alicujus
2258 2277 2409 2346 lapsu
2454 2290 2810 2347 oppressum,
2864 2276 3158 2339 suscitans,
3207 2275 3360 2329 mille

1788 2387 2042 2426 nummos
2067 2374 2136 2425 ab
2177 2369 2294 2440 ejus
2324 2384 2492 2424 uxore
2527 2368 2739 2424 oblatos
2769 2368 2969 2423 dicitur
3001 2366 3223 2422 fabricae
3253 2382 3365 2438 ap-

1784 2461 2040 2530 plicasse,
2069 2468 2232 2530 atque
2267 2459 2340 2512 ita
2391 2457 2619 2512 Romam
2672 2457 2977 2528 navigasse,
3009 2473 3134 2512 cum
3170 2457 3368 2514 lsaaco.

1788 2561 1950 2621 atque
1981 2551 2226 2623 Polybio,
2273 2551 2464 2605 relicto
2507 2550 2576 2604 ad
2625 2548 2870 2610 ecclesiae
2917 2547 3363 2604 Constantiensis

1786 2645 2044 2701 vicariam
2078 2660 2264 2700 curam
2298 2643 2545 2708 Philone,
2575 2656 2686 2696 uno
2713 2656 2776 2696 ex
2818 2640 3030 2710 legatis,
3064 2655 3225 2710 quem
3257 2655 3370 2710 pro

1787 2738 2010 2792 civitate
2071 2735 2314 2806 Carpasii
2361 2737 2675 2806 episcopum
2733 2733 3058 2788 nominarat.
3108 2733 3360 2802 Carpasii

1788 2828 1982 2884 civitas
2012 2843 2176 2898 quam
2221 2827 2400 2881 norim
2440 2827 2590 2880 nulla
2637 2833 2722 2880 est
2753 2842 2769 2878 :
2796 2823 3104 2892 Carpathus
3152 2823 3368 2889 insula,.

1791 2920 2084 2993 Cycladum
2117 2921 2318 2975 extima
2361 2919 2500 2974 inter
2541 2917 2758 2973 Cretam
2792 2926 2846 2972 et
2887 2916 3164 2980 Rhodum,
3197 2917 3374 2987 longo!-

1793 3013 1961 3069 maris
1995 3021 2173 3068 tractu
2206 3013 2376 3067 distat
2411 3027 2443 3065 a
2476 3009 2677 3084 Cypro,
2721 3009 2789 3065 ad
2838 3009 2997 3080 cujus
3045 3008 3372 3080 metropoli--

103 3099 215 3154 vim
241 3138 256 3163 ,
326 3113 493 3168 quam
555 3097 910 3168 navigaturus
970 3096 1293 3152 Ascalonem
1343 3098 1683 3164 ascenderat,
1712 3092 1755 3116 ν
1789 3113 1902 3160 tam
1927 3120 2269 3174 nequaquam
2312 3104 2590 3174 spectabat
2616 3104 2662 3159 ei
2702 3101 3006 3171 providere.

102 3190 544 3261 comprehensus
598 3188 655 3244 in
697 3189 819 3244 foro
850 3187 1016 3244 fuerit
1053 3205 1084 3243 a
1129 3187 1186 3245 S.
1237 3188 1441 3260 Pappo,
1478 3189 1546 3245 de
1578 3205 1687 3260 quo

102 3298 270 3352 supra
295 3298 357 3336 τι.
390 3282 482 3345 15,
510 3295 636 3336 cum
669 3278 811 3336 forte
838 3296 975 3337 uvas
1008 3281 1339 3348 licitaretur,
1370 3289 1686 3351 tractusque

101 3377 167 3431 ad
205 3376 509 3432 ecclesiam
545 3375 831 3430 ordinatus
864 3373 1031 3429 fuerit
1071 3391 1168 3444 per
1217 3375 1326 3429 vim
1360 3373 1691 3444 episcopus;

103 3485 214 3538 quo
255 3470 317 3522 in
371 3484 600 3523 munere
647 3468 904 3523 habuerit
956 3468 1247 3523 diaconum
1290 3467 1613 3534 Charinum,
1655 3483 1687 3520 a

99 3575 215 3630 quo
257 3560 596 3615 calumniam
637 3575 834 3630 passus
872 3569 1090 3630 propter
1131 3574 1337 3616 aureos
1375 3570 1591 3614 centum
1619 3561 1687 3615 ad

98 3653 524 3709 dissolvendum
549 3653 747 3722 captivi
771 3651 1144 3723 Eugnomonis
1167 3653 1408 3708 debitum
1437 3654 1504 3708 de
1529 3653 1688 3709 bonis

95 3745 375 3800 Ecclesia:
403 3759 694 3813 expenses,
731 3745 984 3814 quamvis
1016 3745 1192 3800 eidem
1235 3746 1560 3812 restitutos;
1608 3745 1690 3802 ei-

95 3839 225 3892 dem
261 3838 533 3902 Charino,
581 3837 685 3892 sibi
728 3837 796 3892 ad
846 3846 930 3892 ter
967 3837 1248 3907 repetitam
1299 3839 1509 3908 prandii
1553 3846 1690 3894 tem-

95 3940 240 3994 pore
279 3925 433 3980 cervi
469 3941 658 3980 vocem
702 3926 972 3991 illudenti,
1028 3937 1259 3982 mortem
1307 3929 1376 3983 ab
1423 3929 1524 3984 hoc
1555 3946 1690 3999 pra:-

96 4018 426 4070 nuntiatam
455 4016 812 4086 signiﬁcarit;
853 4033 1080 4073 uxorem
1112 4031 1293 4074 autem
1329 4021 1451 4090 ejus
1481 4037 1510 4075 a
1537 4037 1693 4093 para-

91 4108 203 4178 lysi
269 4107 564 4163 liberatam
620 4107 886 4164 ordinarit
943 4110 1336 4178 diaconissam,
1387 4127 1498 4166 non
1569 4112 1691 4170 sine

93 4201 225 4254 utili
259 4200 338 4254 ad
377 4200 650 4270 reliquum
702 4201 911 4257 clerum
957 4203 1014 4258 in
1071 4202 1248 4258 oﬂicio
1295 4205 1688 4261 continendum

89 4291 396 4362 exemplo;
428 4293 564 4362 quin
601 4293 764 4348 etiam
798 4293 992 4349 solitus
1023 4309 1130 4348 non
1171 4295 1429 4365 perficere
1458 4296 1691 4351 oblatio-

1861 3198 1950 3252 52.
1987 3195 2094 3252 Sed
2118 3196 2232 3250 haec
2263 3194 2465 3250 leviora
2493 3203 2621 3250 sunt
2655 3213 2669 3248 :
2705 3207 2827 3263 quae
2855 3199 3161 3262 sequuntur
3194 3209 3361 3262 quam

1788 3299 2018 3362 possunt
2060 3287 2292 3360 speciem
2334 3287 2535 3342 habere
2577 3286 2661 3342 vel
2709 3286 3010 3340 tolerabilis
3051 3286 3360 3341 mendacii?

1788 3379 2054 3435 Arcadius
2084 3387 2246 3433 natus
2271 3383 2388 3432 erat
2415 3391 2560 3431 anno
2589 3375 2694 3432 574
2730 3375 2994 3432 decennio
3020 3385 3142 3445 post
3166 3373 3358 3430 Hono-

1788 3476 1925 3538 rius,
1959 3480 2255 3542 utrumque
2277 3470 2343 3525 de
2366 3469 2639 3539 baptismo
2676 3469 2914 3538 suscepit
2949 3468 3029 3522 vir
3063 3469 3116 3523 in
3145 3467 3360 3523 Palatio

1790 3565 2046 3624 sublimis
2082 3564 2308 3618 nomine
2333 3560 2623 3625 Arsenius,
2669 3568 2725 3616 et
2768 3559 3056 3630 utriusque
3087 3559 3377 3630 juventuti.

1790 3657 2150 3715 informanda:
2185 3654 2426 3727 prazluit;
2467 3653 2630 3710 simul
2661 3653 2738 3707 illi
2765 3651 2951 3707 [inritae
2977 3651 3198 3708 fuerunt
3226 3670 3365 3707 nun-

1789 3767 1976 3824 quam,
2008 3751 2101 3805 sed
2144 3763 2247 3802 nec
2288 3745 2648 3818 Epiphanius,
2691 3743 2837 3815 quod
2887 3744 3109 3814 quidem
3153 3745 3362 3800 sciatur

1790 3843 1898 3898 nisi
1931 3841 2096 3898 semel
2133 3850 2342 3895 tantum
2386 3853 2530 3892 anno
2573 3837 2700 3892 58:2.
2744 3836 2966 3892 Illorum
3003 3852 3161 3891 soror
3201 3838 3374 3891 unica»

1791 3935 1942 3992 Galla
1971 3933 2208 3988 Placidia
2259 3930 2374 4001 (sed
2415 3945 2481 3985 ex
2527 3928 2764 3984 secundo
2793 3927 3084 3984 Theodosii
3124 3929 3362 3998 impera-

1794 4027 1931 4084 toris
1959 4026 2237 4096 conjugio,
2256 4024 2358 4080 sub
2383 4039 2587 4078 annum
2616 4023 2881 4078 duntaxat
2901 4022 3006 4078 587
3027 4021 3376 4091 contracto),-

1792 4136 1901 4190 quo
1927 4118 2146 4189 quidem
2180 4131 2325 4170 anno
2355 4114 2581 4186 prmcise
2624 4115 2696 4170 sit
2732 4122 2860 4168 nata
2907 4113 3223 4183 ignoratur;
3265 4113 3360 4168 sed

1792 4210 2033 4279 quandiu
2057 4207 2324 4262 Arcadius
2349 4205 2504 4273 vixit,
2545 4204 2732 4259 Romae
2757 4219 2865 4258 non
2902 4204 3022 4258 fuit.
3060 4203 3138 4258 Eo
3177 4213 3361 4259 autem

1793 4300 1896 4355 sub
1922 4313 2124 4353 annum
2155 4296 2259 4351 408
2309 4302 2548 4362 mort-uo,
2593 4295 2662 4350 ad
2703 4295 2924 4349 fratrem
2973 4292 3273 4348 Honorium
3305 4293 3361 4346 in

91 4401 255 4448 nem,
328 4385 507 4441 donec
556 4385 821 4441 visionem
873 4386 1137 4454 vidisset;
1189 4404 1316 4443 cum
1369 4404 1430 4444 ea
1487 4399 1685 4459 praeter
1716 4405 1762 4462 ι)
1794 4387 2000 4442 italiam
2050 4386 2327 4457 profecta,
2366 4385 2496 4439 dum
2553 4383 2738 4438 Romae
2791 4397 2983 4438 secure
3021 4383 3132 4453 agit
3179 4383 3361 4438 adhuc

91 4494 328 4533 morem
363 4479 698 4544 differretur,
729 4481 930 4548 {orasse
958 4490 1013 4536 et
1047 4483 1388 4552 cognovisse,
1432 4484 1484 4537 in
1520 4499 1687 4540 causa

87 4586 280 4626 mora:
327 4585 453 4624 esse
499 4573 844 4640 praesentiam
887 4572 1122 4636 diaconi,
1174 4573 1362 4628 eadem
1407 4584 1563 4630 nocte
1607 4576 1690 4630 usi

84 4664 353 4734 conjuge
379 4678 518 4729 sua;
549 4679 721 4734 quare
756 4664 904 4722 solos
950 4666 1168 4722 caelibes
1210 4667 1466 4739 deinceps
1493 4669 1563 4725 ad
1588 4671 1694 4726 ini-

84 4755 404 4812 nisterium
435 4755 628 4812 altaris
661 4755 953 4813 ordinarit.

717 4890 949 4949 CAPUT
984 4892 1092 4948 VII.

80 5004 338 5069 Cretera,
361 5012 420 5057 ut
451 5021 487 5057 a
515 5001 738 5074 Polybio
763 5005 1018 5075 adjuncta
1049 5005 1428 5074 obtruduntur,
1452 5023 1692 5078 expwsa.

158 5119 269 5173 51.
307 5117 505 5189 Capite
530 5120 802 5190 superiori
832 5122 1003 5177 relata
1049 5122 1234 5178 omnia
1261 5123 1571 5193 scripsisse,
1607 5124 1693 5177 in-

75 5207 212 5262 scio
241 5205 546 5275 invitoque
571 5219 779 5276 sancto,
809 5210 1030 5280 fingitur
1053 5211 1166 5282 jam
1208 5228 1351 5282 saepe
1378 5215 1693 5271 nominatus

70 5297 381 5362 Joannes,
403 5295 694 5367 Epiphanii
727 5301 1008 5372 presbyter
1042 5311 1098 5358 et
1143 5303 1404 5359 itinerum
1445 5307 1689 5360 omnium

73 5386 334 5451 socius;
363 5385 461 5455 qui
489 5386 788 5444 moriturus
817 5390 1089 5446 advocato
1106 5391 1174 5446 ad
1201 5408 1260 5447 se
1285 5392 1510 5465 Polybio
1559 5395 1697 5450 lam-

71 5479 237 5550 pada
275 5477 598 5533 tradiderit.
641 5477 742 5535 llic
778 5495 909 5550 ergo
947 5481 1226 5539 inducitur
1246 5500 1498 5553 narrans,
1552 5504 1696 5557 quo-

74 5571 269 5626 modo
331 5579 557 5624 sanctus
610 5570 939 5642 episcopus,
994 5575 1256 5632 divinitus
1306 5580 1693 5650 monituspro

72 5675 346 5720 manus
390 5676 560 5731 parva
605 5677 854 5735 magnam
913 5667 1202 5725 ecclesiam
1251 5686 1281 5725 a
1326 5673 1699 5730 fundamentis

1796 4483 1968 4552 virgo,
2000 4495 2144 4534 anno
2182 4477 2287 4532 409
2331 4493 2363 4532 a
2400 4477 2613 4542 Gothis,
2654 4475 2721 4530 ad
2749 4475 2944 4530 Urbem
2997 4486 3122 4531 ante
3153 4492 3360 4530 annum

1794 4580 2006 4642 captam
2031 4585 2099 4624 ex
2127 4569 2424 4638 improviso
2462 4568 2747 4638 regressis,
2781 4567 2941 4622 etiam
2975 4568 3092 4638 ipsa
3121 4569 3360 4638 capitur,

1793 4665 1863 4718 ab
1913 4678 2100 4718 eorum
2124 4678 2250 4732 rege
2291 4660 2564 4731 Ataulpho
2590 4662 2644 4716 in
2679 4675 2905 4716 uxorem
2929 4666 3188 4727 sumitur,
3224 4665 3359 4718 etin

1793 4754 2109 4825 Hispaniam
2143 4757 2460 4822 abducitur;
2491 4754 2645 4809 fratri
2689 4763 2869 4810 autem
2904 4755 3116 4811 reddita
3143 4766 3196 4812 et
3225 4757 3362 4812 Con-

1795 4849 1996 4903 stantio
2022 4848 2311 4918 desponsa,
2355 4845 2798 4902 Valentinianum
2837 4843 3120 4902 Juniorem
3154 4850 3362 4919 peperit

1794 4955 1940 4996 anno
1969 4940 2096 5007 418,
2147 4955 2248 4996 nec
2294 4939 2460 4994 alium
2508 4939 2680 4995 scitur
2718 4940 2888 4994 filium
2941 4940 3220 5002 habuisse,
3253 4940 3364 4994 nisi

1795 5033 1980 5088 iorsan
2008 5048 2075 5088 ex
2105 5047 2229 5103 rege
2268 5033 2499 5088 barbaro
2533 5033 2587 5087 in
2622 5031 2882 5102 Hispania
2941 5033 3041 5088 SS.
3084 5032 3360 5088 Theodul-

1796 5125 1962 5192 phum
2004 5139 2069 5178 ac
2117 5122 2519 5179 Theodoricum
2569 5125 2809 5194 peperit,
2855 5126 2924 5181 de
2971 5126 3168 5195 quibus
3223 5125 3363 5196 apud

1795 5215 2048 5272 Treviros
2086 5217 2317 5273 mortuis
2365 5227 2546 5273 actum
2597 5233 2630 5273 a
2679 5220 2881 5276 nobis!
2918 5223 3079 5277 Maii-
3101 5222 3364 5290 Quamvis

1797 5317 1977 5362 autem
2011 5309 2125 5363 haec
2150 5309 2330 5364 omnia
2376 5291 2682 5366 certissima
2732 5315 2863 5377 sint,
2916 5317 3134 5385 tingitur
3180 5328 3363 5375 tamen

1797 5398 2132 5469 Epiphanius
2171 5401 2239 5455 ab
2253 5401 2491 5459 Arcadio
2515 5412 2570 5458 et
2601 5403 2863 5473 Honorio,
2892 5417 2950 5462 ut
2978 5409 3108 5468 dixi.
3135 5421 3364 5468 vocatus

1797 5488 2027 5545 Romam
2059 5490 2125 5545 ad
2143 5507 2329 5546 eorum
2353 5509 2552 5564 aegram
2576 5511 2820 5553 sororem
2848 5502 3145 5556 curandam
3166 5522 3179 5558 :
3201 5503 3365 5575 idque

1799 5599 1907 5637 non
1951 5593 2157 5638 tantum
2185 5586 2534 5653 praestitisse,
2569 5585 2672 5642 sed.
2691 5589 2852 5645 etiam
2871 5591 2988 5661 ejus
3012 5593 3182 5648 filium
3214 5611 3365 5650 mor-

1799 5685 1954 5763 tuum
2051 5678 2382 5745 suscitasse,
2434 5679 2524 5735 tali
2614 5681 2772 5752 lege,
2860 5697 2919 5742 ut
3001 5688 3378 5758 imperatores-
