3754 6182
411 317 517 374 M7

1432 307 1493 366 S.
1536 305 1882 365 EPIPHANII
1921 307 2102 363 ACTA
2142 303 2623 361 BOLLANDIANA

3578 295 3670 354 ιω

413 449 538 491 cum
571 445 762 488 sorore
801 439 963 500 atque
993 435 1190 499 nepote
1230 426 1390 482 fidem
1443 425 1786 494 susciperent
1824 424 1988 479 Chri-
2018 429 2062 482 Α
2093 431 2240 476 retur
2259 421 2323 476 ad
2343 419 2570 474 fundum
2589 429 2713 474 emo
2733 425 2833 473 sint
2855 410 3671 482 vinotmnuum.Additimpen-

413 530 646 584 stianam
693 545 706 581 :
750 525 894 596 quod
943 530 998 578 et
1048 521 1299 585 fecerint,
1365 521 1624 589 baptizati
1677 534 1871 573 omnes
1921 518 1988 572 ab

412 619 750 689 Epiphanio,
807 615 1239 686 suscipientibus
1286 630 1306 664 ι
1368 611 1666 666 Arcadium
1726 609 1990 681 Polybio,

414 713 719 768 Honorium
772 709 982 772 lsaaco,
1039 727 1058 760 ι
1112 722 1302 762 eorum
1351 725 1369 756 ι
1431 721 1675 760 sororem
1729 703 1991 758 Proelisia

413 802 671 864 Patricia,
709 810 763 856 et
801 801 972 855 ﬁlium
1017 799 1181 869 hujus
1217 797 1454 868 quodam
1505 795 1779 860 eunucho,
1824 815 1842 846 ι
1881 809 1990 852 non

416 897 534 951 sine
557 893 839 966 prodigiis.
871 893 933 947 Et
957 893 1071 947 haec
1104 891 1321 960 quidem
1364 890 1546 944 omnia
1573 888 1786 943 vivente
1813 888 1994 943 adhuc

419 987 731 1043 Theodosio
766 984 995 1040 Seniore
1024 985 1296 1054 Augusto,
1337 993 1500 1052 atque
1552 981 1689 1035 adeo
1733 988 1858 1036 ante
1891 995 1991 1034 an-

418 1095 551 1135 num
575 1078 701 1145 595,
734 1093 844 1148 quo
874 1077 964 1132 hic
998 1090 1028 1131 e
1050 1075 1162 1130 vita
1191 1074 1462 1146 migravit.

490 1171 580 1226 55.
614 1169 788 1225 Roma
825 1169 880 1224 in
913 1168 1148 1240 Cyprum
1182 1183 1454 1231 reversus,
1492 1175 1551 1220 ut
1595 1164 1836 1236 ﬁngitur,
1869 1162 1996 1234 Epi-

417 1266 658 1338 phanius
702 1280 811 1320 non
865 1263 1178 1318 diuturnam
1224 1261 1294 1315 ibi
1347 1262 1584 1330 quietem
1641 1260 1852 1323 habuit,
1901 1257 1996 1313 sed

417 1368 709 1430 postquam
742 1355 874 1409 fami
913 1353 1167 1424 publicze,
1207 1352 1468 1419 coemptis
1505 1349 1842 1405 Faustiniani
1879 1348 1995 1402 fru-

419 1453 578 1523 gibus
605 1450 899 1521 prudenter
929 1447 1322 1512 consuluisset,
1354 1456 1406 1501 et
1440 1446 1663 1499 insidias
1680 1445 1803 1498 vita:
1829 1459 1942 1499 sua:
1964 1458 1997 1496 a

419 1541 621 1597 Rufino
662 1543 897 1597 diacono
923 1556 1045 1599 suo.
1085 1556 1153 1595 ex
1203 1540 1443 1609 ejusdem
1490 1538 1831 1594 Faustiniani
1861 1553 1997 1608 sug-

362 1632 392 1686 ;’
419 1632 688 1705 gestione.
720 1641 940 1702 paratas
963 1631 1147 1685 divina
1178 1631 1517 1700 prmttotione
1547 1630 1846 1695 evasisset,
1876 1644 1998 1683 evo-

421 1735 577 1782 catur
620 1725 1178 1793 Constantinopolim,
1224 1724 1288 1777 ad
1330 1723 1646 1792 prmdictum
1701 1723 1996 1791 imperato-

420 1835 538 1874 rem
577 1817 978 1880 Theodosium;
1012 1832 1172 1886 quem
1201 1815 1429 1885 pedibus
1462 1816 1800 1870 laborautem
1835 1831 2000 1870 sana-

422 1909 584 1974 verit,
615 1907 857 1961 laetitiam
895 1905 1102 1962 faciens
1126 1922 1233 1962 non
1269 1914 1476 1960 tantum
1506 1907 1631 1975 ipsi,
1668 1904 1759 1960 sed
1786 1913 1839 1959 et
1873 1904 1998 1959 filiis

423 2001 663 2057 Arcadio
712 2009 879 2069 atque
933 1998 1192 2063 Honorio,
1239 2015 1335 2069 per
1386 1999 1603 2053 eosdem
1655 1999 1771 2052 dies
1826 1996 1998 2051 Roma

424 2093 954 2162 Constantinopolim
988 2092 1240 2147 reversis.
1262 2091 1420 2145 Prius
1453 2102 1629 2146 autem
1653 2107 1816 2161 quam
1849 2091 1916 2144 ab
1938 2091 2003 2146 iis

427 2186 732 2242 discederet
772 2193 1017 2248 sanctus,
1070 2182 1459 2237 Faustinianus
1509 2183 1697 2236 eodem
1737 2182 2002 2236 adductus

429 2281 485 2334 in
518 2278 752 2334 vinculis
782 2278 921 2331 male
961 2277 1162 2332 dicitur
1195 2277 1451 2346 periisse;
1501 2275 1839 2344 rediisseque
1878 2273 2004 2343 Epi-

427 2370 670 2440 phanius
703 2370 756 2424 in
788 2369 1031 2441 Cyprum
1062 2385 1184 2425 cum
1213 2369 1506 2431 mandatis,
1553 2375 1611 2421 ut
1663 2380 2004 2436 quaecunque

429 2460 581 2515 illius
605 2459 822 2514 fuerant
853 2459 1110 2514 retineret
1132 2459 1219 2528 pia
1250 2474 1386 2513 uxor
1412 2474 1534 2528 quae
1564 2458 1748 2513 omnia
1779 2458 1843 2511 ad
1873 2473 2006 2512 usus

429 2550 676 2606 ecclesia:
734 2549 1072 2620 consignarit
1117 2548 1370 2604 ordinata
1429 2549 1757 2603 diaeonissa.
1802 2547 2007 2604 Deinde

428 2641 650 2696 Aetium
707 2640 1218 2696 Valentinianorum
1263 2640 1579 2710 episc0pum
1627 2640 2008 2696 obmutescere

429 2732 649 2800 fecerit;
687 2732 781 2789 sed
826 2742 881 2789 et
915 2741 1106 2789 contra
1153 2731 1404 2804 Ophitas,
1443 2731 1806 2802 Sabellianos,
1842 2731 2007 2789 Nico-

429 2825 618 2895 laitas,
669 2825 1040 2892 Simonianos,
1089 2824 1552 2895 Carpocratianos
1592 2825 1904 2889 haereticos,
1951 2825 2008 2880 in

431 2917 612 2989 Cypro
648 2917 983 2981 nidulantes,
1016 2917 1342 2987 rescriptum
1376 2917 1673 2973 Theodosii
1716 2919 2004 2988 acceperit,

433 3019 498 3064 ut
530 3010 859 3079 pellerentur
892 3009 960 3064 ab
988 3009 1190 3064 insula.
1221 3010 1466 3076 Quorum
1493 3024 1657 3079 quam
1685 3026 1826 3081 aegre
1850 3011 2010 3080 quid-

2094 515 2282 568 tricem
2317 515 2585 568 obtulisse
2623 512 2800 567 vidua:
2843 509 3078 581 pretium
3129 508 3319 573 illius;
3363 503 3522 576 quod
3549 520 3672 558 sane

2094 615 2152 660 ut
2188 607 2278 660 illa
2327 613 2632 676 acceptaret
2659 614 2753 658 aut
2781 603 3024 658 oblatum
3063 600 3193 656 alibi
3223 599 3522 671 praedium,
3555 613 3670 650 cou-

2095 700 2302 754 sultius
2346 698 2544 752 fuisset
2591 696 2826 752 suadere
2869 697 3033 758 laasze,
3092 708 3259 764 quam
3312 706 3414 762 pro
3454 705 3670 745 summo

2090 794 2216 864 jure
2244 801 2428 847 tantas
2462 790 2652 846 turbas
2693 802 2940 853 movere,
2982 794 3220 856 quantas
3256 781 3535 852 consequi
3581 797 3667 834 ne-

2097 901 2251 943 cesse
2283 891 2423 949 erat,
2457 884 2502 939 si
2534 897 2630 952 per
2680 876 3264 937 exeommuuicationis
3302 875 3551 946 rigorem
3583 888 3669 927 ex-

2095 977 2409 1035 cluderetur
2437 974 2506 1029 ab
2535 971 2770 1028 ecclesia
2807 967 3152 1039 imperatrix.
3196 965 3388 1036 itaque
3414 962 3671 1018 existimo

2096 1084 2276 1140 neque
2306 1067 2414 1121 tale
2445 1063 2742 1136 quidquam
2774 1061 2842 1116 ab
2878 1059 2980 1114 bac
3029 1057 3297 1118 oblatum,
3347 1061 3669 1124 praetextum

2097 1172 2279 1217 autem
2309 1160 2458 1213 illius
2476 1157 2590 1226 agri
2615 1152 2922 1225 usurpandi
2951 1150 3117 1206 alium
3149 1165 3254 1201 non
3287 1145 3480 1211 fuisse,
3511 1159 3676 1212 quam.

2100 1254 2247 1324 quod
2277 1261 2529 1306 mortuus
2555 1257 2700 1304 esset
2723 1247 2777 1301 in
2809 1244 3005 1300 exsilio
3031 1242 3205 1296 vidua:
3226 1235 3600 1307 ejusmaritus
3629 1250 3676 1286 et

2097 1348 2241 1402 bona
2283 1346 2414 1400 olim
2468 1344 2600 1398 fisco
2667 1340 2901 1398 addicta.
2937 1336 3128 1406 Neque
3177 1349 3265 1388 me
3303 1339 3488 1386 movet
3535 1327 3670 1398 quod

2095 1440 2348 1496 eamdem
2382 1452 2497 1492 rem
2527 1436 2583 1490 iu
2615 1432 2870 1489 eucomio
2909 1424 3291 1500 Cbrysostomi
3336 1429 3533 1476 narret
3578 1417 3674 1472 ιω

2099 1537 2437 1604 imperator;
2475 1535 2698 1599 apparet
2731 1524 2876 1581 enim
2907 1536 3030 1578 eum
3068 1518 3374 1578 inbaasisse,
3417 1513 3545 1567 sine
3573 1512 3674 1562 ullo

2098 1627 2369 1688 examine,
2407 1621 2534 1676 huic
2565 1628 2670 1674 tam
2709 1621 3038 1688 portentosae
3082 1611 3216 1666 Vita:
3259 1607 3316 1664 S.
3369 1605 3672 1674 Epiplmnii.

2175 1717 2263 1773 55.
2303 1713 2437 1769 Utut
2470 1713 2563 1776 sit,
2598 1709 2821 1782 ﬁngitur
2855 1722 2922 1762 eo
2974 1718 3151 1774 usque
3185 1703 3321 1757 irata
3356 1699 3624 1767 imperatr
3649 1712 3674 1746 ι

2103 1820 2162 1867 ιιι
2202 1811 2266 1865 de
2303 1807 2513 1864 Joanne
2539 1802 2860 1874 deponendo
2897 1798 3129 1869 cmperit
3167 1795 3378 1866 agitare
3421 1789 3674 1848 consilia.

2102 1904 2222 1971 Quo
2287 1903 2509 1972 cognito
2564 1895 2903 1966 Theophilus
2961 1887 3303 1963 persuaserit
3366 1885 3673 1956 Epiphanio

2103 1996 2362 2063 navigare
2422 1985 2980 2057 Constantinopolim.
3038 1981 3151 2037 Hoc
3214 1980 3513 2051 appulsum
3561 1995 3674 2031 eum

2103 2087 2328 2158 Polybio
2358 2093 2412 2138 et
2446 2083 2630 2137 lsaaeo
2667 2079 2838 2152 (nulla
2866 2077 3008 2132 facta
3041 2075 3320 2129 mentione
3349 2071 3678 2140 Crispionis,

2106 2184 2172 2236 de
2189 2195 2296 2250 quo
2321 2176 2468 2248 mox)
2495 2171 2872 2231 sollicitaverit
2893 2166 3236 2239 imperatris,
3263 2173 3322 2219 ιιι
3347 2164 3402 2218 in
3429 2161 3677 2223 Joannis,

2107 2285 2364 2345 tauquam
2413 2267 2808 2341 perturbatoris
2856 2273 2914 2320 et
2963 2261 3226 2326 bzeretici,
3279 2258 3676 2329 depositioneru

2105 2366 2479 2429 consentiens,
2507 2362 2747 2430 seipsum
2779 2359 2834 2412 in
2857 2356 2980 2426 ejus
3014 2355 3198 2409 locum
3237 2359 3522 2421 pateretur
3551 2349 3676 2404 sub-

2107 2461 2291 2525 stitui;
2319 2455 2565 2510 molliora
2599 2469 2724 2510 vero
2757 2449 3012 2508 suadenti
3052 2446 3362 2518 Epiphanio
3383 2445 3594 2498 minata
3618 2443 3679 2497 sit

2107 2552 2326 2607 dicens:
2352 2570 2373 2603 ι.
2398 2549 2455 2604 Si
2481 2547 2651 2604 fueris
2677 2543 3064 2616 impedimento
3103 2540 3402 2610 quominus
3420 2537 3680 2609 jmittatur

2106 2644 2343 2701 Joannes
2386 2643 2442 2697 in
2489 2639 2783 2703 exsilium,
2841 2635 3084 2706 aperiam
3134 2631 3334 2702 templa
3386 2629 3680 2690 idolorum,

2108 2746 2213 2793 etc.
2253 2756 2272 2790 ι
2316 2735 2567 2804 Cumque
2595 2732 2664 2787 ad
2701 2731 2819 2786 haec
2851 2726 3220 2800 ingemiscens
3257 2721 3606 2793 Epiphanius
3630 2733 3684 2774 se

2109 2829 2179 2884 ab
2213 2828 2316 2884 hoc
2343 2825 2553 2894 judicio
2591 2823 2938 2878 innocentem
2971 2824 3393 2889 protestaretur,
3441 2827 3556 2867 non
3612 2820 3685 2865 ta-

2110 2935 2235 2974 men
2292 2916 2571 2988 effugisse,
2625 2911 2921 2982 quominus
2970 2910 3251 2965 diceretur
3304 2902 3684 2966 consensisse;

2113 3013 2297 3081 itaque
2331 3008 2596 3064 Joannem
2632 3015 2854 3075 accepta
2877 3003 3065 3058 charta
3089 3001 3142 3056 ei
3173 2997 3502 3068 scripsisse:
3539 3013 3560 3045 ‹
3597 2992 3691 3046 Sa-

436 3119 603 3173 quam
634 3102 950 3173 possitcum
983 3103 1210 3157 veritate
1240 3103 1563 3166 consistere,
1611 3104 1804 3174 partim
1839 3105 2008 3175 liquet
2039 3123 2081 3184 ρ
2112 3106 2267 3175 piens
2289 3101 2579 3172 Epiphani,
2624 3110 2960 3153 assensuses
2981 3108 3102 3148 meo
3131 3090 3368 3147 exsilio?
3397 3087 3457 3142 In
3489 3085 3686 3140 throno

437 3213 503 3250 ex
528 3195 711 3260 dictis,
743 3195 942 3264 partim
996 3193 1176 3263 quoad
1223 3192 1562 3248 Sabellianos
1594 3194 1798 3248 revinci
1837 3202 2010 3263 potest

437 3303 503 3341 ex
528 3285 832 3357 Epiphanio
863 3286 956 3356 qui
988 3285 1181 3340 hmresi
1212 3301 1320 3340 Lxu
1361 3300 1662 3354 agnoscens
1689 3285 1852 3356 hujus
1883 3294 2012 3340 tunc

439 3393 597 3434 nova:
621 3378 800 3432 adhuc
833 3385 994 3432 secta:
1027 3375 1292 3446 plurimos
1333 3386 1444 3429 tum
1501 3375 1556 3429 in
1594 3373 2006 3445 Mesopotamia,

440 3480 559 3527 tum
595 3469 784 3525 Romae
829 3469 1060 3536 versari,
1098 3485 1208 3522 non
1258 3469 1612 3540 przeteriisset
1659 3468 1916 3540 Cyprum,
1968 3469 2016 3525 si

442 3567 512 3620 ad
547 3581 667 3621 eam
708 3565 952 3634 ipsorum
990 3562 1300 3633 pertigisset
1340 3577 1632 3626 venenum,
1671 3561 1814 3617 sicut
1855 3562 1908 3617 id
1949 3561 2016 3616 de

443 3659 846 3716 Valentinianis
872 3658 1086 3713 dixerat
1113 3659 1302 3713 hzeresi
1333 3674 1486 3721 xxxi,
1513 3656 1761 3726 Ophitas,
1785 3655 2017 3712 Nicolai-

445 3763 550 3817 tas,
581 3753 952 3816 Simonianos,
973 3751 1450 3822 Carpocratianos.
1469 3751 1572 3806 sub
1600 3751 1684 3806 bis
1706 3750 2017 3806 nominibus

444 3846 626 3901 adhuc
660 3844 996 3916 superfuisse
1044 3844 1246 3901 saaculo
1278 3861 1350 3908 iv,
1379 3854 1610 3898 exeunte
1648 3843 1771 3913 quis
1802 3842 2022 3898 credat?

517 3936 604 3990 54.
641 3934 827 3989 Restat
863 3935 1074 3998 ultima,
1126 3945 1220 3989 aut
1259 3935 1438 3989 verius
1492 3933 1676 3995 unica,
1731 3931 2018 4002 Epiphanii

445 4029 514 4083 ad
565 4028 755 4083 urbem
816 4026 1482 4095 Constantinopolitanam
1535 4024 1821 4094 profectio,
1878 4038 2022 4078 anno

446 4121 553 4175 402
575 4120 641 4174 ad
670 4120 830 4176 ﬁnem
856 4128 1131 4188 vergente,
1158 4129 1251 4173 aut
1278 4119 1526 4188 sequenti
1546 4119 1656 4188 jam
1687 4117 1837 4171 inito.
1871 4115 2024 4170 I-lanc

447 4216 517 4270 ab
560 4228 666 4268 ovo
711 4213 1001 4268 exordiens
1043 4211 1315 4267 fabulator
1356 4220 1563 4272 noster,
1616 4209 1795 4279 primo
1837 4215 2024 4262 narrat

445 4305 734 4375 Theophili
767 4304 1055 4360 dissidium
1091 4319 1216 4358 cum
1268 4302 1531 4356 fratribus
1571 4300 1795 4369 Longis,
1849 4299 2024 4355 tribus

445 4397 657 4452 scilicet
696 4395 822 4450 filiis
865 4393 1218 4450 [Ieracleonis
1266 4392 1589 4462 imperantis
1638 4390 2022 4456 Alexandria,

2114 3203 2211 3250 tuo
2245 3210 2352 3248 non
2381 3191 2597 3248 sedcbis
2641 3189 2914 3259 amplius;
2960 3205 2978 3238 ι
3019 3183 3384 3255 Epiphanium
3419 3191 3552 3233 vero
3608 3189 3690 3229 re-

2115 3287 2404 3358 scripsisse
2433 3304 2444 3341 :
2481 3303 2499 3334 ι
2537 3284 2757 3338 Athleta
2791 3280 3016 3347 Christi,
3051 3277 3366 3338 verberare,
3399 3283 3457 3328 et
3487 3271 3645 3326 vince
3673 3284 3687 3318 :

2117 3380 2172 3434 in
2203 3379 2382 3434 locum
2435 3385 2642 3441 autem,
2695 3373 2762 3429 ad
2811 3387 2973 3444 quem
3027 3368 3180 3425 fuisti
3231 3367 3531 3436 relegatus,
3585 3377 3690 3423 non

2119 3472 2324 3527 venies.
2359 3491 2377 3523 ι
2411 3469 2662 3525 Potuitne
2696 3475 2971 3537 postrema
2999 3465 3115 3520 haec
3155 3475 3257 3532 pro
3286 3459 3463 3522 falsis,
3497 3466 3557 3513 ut
3598 3473 3690 3513 ne-

2119 3562 2362 3620 cessario
2401 3570 2531 3616 sunt
2565 3559 2882 3623 falsissima,
2917 3556 3119 3611 habere
3161 3552 3464 3616 Baronius;
3491 3559 3546 3604 et
3582 3565 3686 3604 non

2121 3655 2306 3711 videre
2369 3653 2708 3723 colloquium
2774 3647 3064 3719 Epiphanii
3128 3660 3254 3700 eum
3313 3641 3688 3712 imperatriee,

2122 3747 2368 3817 ejusdem
2402 3755 2462 3801 ut
2500 3743 2742 3799 auctoris
2790 3742 2872 3797 sic
2915 3750 2968 3794 et
3009 3737 3134 3792 fidei
3173 3736 3336 3792 esse?
3379 3734 3494 3788 Cur
3541 3733 3695 3803 igitur

2129 3841 2310 3909 ipsum
2339 3838 2596 3908 opposuit
2636 3833 2944 3888 auctoritati
2989 3829 3278 3885 Sozomeni
3333 3836 3600 3896 tanquam
3643 3824 3692 3876 in

2125 3931 2365 3985 favorem
2410 3928 2840 3997 Origenistarnm
2892 3930 3110 3994 propter
3153 3919 3416 3974 Joannem
3467 3931 3692 3985 propen-

2126 4022 2324 4077 sioris?
2357 4019 2666 4090 Utrumque
2710 4032 2841 4073 sane
2879 4016 3039 4070 velim
3089 4012 3371 4083 atqualiter
3410 4011 3696 4080 rejectum,

2126 4115 2346 4186 quando
2377 4112 2614 4182 priorem
2641 4108 2903 4163 Eudoxi-.e
2930 4122 3055 4162 cum
3083 4105 3482 4175 Chrysostomo
3506 4102 3697 4164 rixam,

2127 4224 2251 4280 qua:
2290 4203 2586 4260 Theodosii
2624 4200 2865 4273 junioris
2901 4199 3244 4254 nativitatem
3276 4211 3342 4252 ac
3372 4194 3517 4249 forte
3542 4194 3697 4248 etiam

2129 4319 2219 4357 an.
2255 4299 2383 4362 591,
2429 4295 2744 4358 antecessit,
2794 4300 3012 4348 constat
3077 4289 3251 4346 fuisse
3290 4286 3695 4355 compositam:

2129 4403 2186 4450 et
2252 4391 2587 4462 posteriores
2642 4386 2896 4457 querelas
2950 4383 3188 4454 primum
3243 4396 3366 4436 esse
3416 4377 3696 4433 subortas.

445 4491 596 4562 quod
622 4489 750 4545 alibi
779 4504 890 4544 non
943 4488 1169 4558 legitur;
1221 4498 1275 4541 et
1316 4501 1507 4541 eorum
1561 4501 1729 4540 causa
1777 4494 2024 4540 exortam
2064 4479 2103 4532 Ι)
2130 4485 2348 4558 quando
2381 4501 2399 4532 ι
2437 4483 2684 4551 digresso
2718 4479 2786 4532 ab
2815 4478 2950 4532 urbe
2980 4475 3308 4544 Epiphanio,
3363 4472 3603 4527 Joannes
3651 4471 3695 4521 in

447 4585 592 4638 inter
635 4580 996 4651 Theophilum
1053 4589 1109 4634 et
1162 4578 1427 4633 Joannem
1476 4578 1845 4644 discordiam;
1908 4585 2022 4631 tum

447 4678 666 4746 longam
697 4676 763 4730 de
792 4691 924 4746 agro
950 4674 1150 4740 vidua},
1177 4689 1271 4743 per
1307 4671 1608 4727 Eudoxiam
1641 4681 1905 4742 usurpato
1931 4686 2028 4741 per

449 4769 901 4839 Chrysostomum
973 4768 1126 4822 reddi
1194 4767 1386 4837 jusso,
1456 4765 1775 4820 relationem
1851 4765 2068 4838 texit;~

450 4876 616 4928 quam
642 4875 824 4913 veram
862 4860 917 4912 in
948 4860 1256 4915 substantia
1286 4874 1408 4913 esse
1446 4858 1695 4912 dubitare
1735 4873 1843 4910 non
1899 4857 2030 4910 sinit

452 4951 669 5007 Marcus
698 4951 986 5016 diaconus,
1038 4952 1091 5005 in
1151 4949 1275 5004 Vita
1311 4950 1374 5005 S.
1428 4949 1717 5019 Porphyrii
1775 4949 2028 5003 (incensis

451 5043 523 5099 26
554 5043 714 5097 Febr.
762 5060 820 5096 ιι.
853 5043 943 5107 57,
1002 5045 1094 5097 sed
1148 5053 1467 5112 prmtextum
1521 5043 1642 5112 ejus
1696 5043 1808 5112 agri
1866 5058 2029 5096 usur-

456 5137 621 5208 pandi
652 5152 773 5190 eum
807 5135 1031 5189 adducit
1057 5135 1328 5189 fabulator
1355 5145 1562 5198 noster,
1591 5135 1683 5204 qui
1715 5150 1825 5190 non
1855 5135 2032 5203 possit

455 5245 564 5282 non
595 5244 717 5283 esse
738 5229 805 5282 de
840 5227 1076 5282 falsitate
1104 5237 1423 5297 suspectus;
1453 5228 1600 5298 quod
1626 5227 1835 5282 scilicet
1861 5246 1878 5277 ι
1913 5242 2032 5281 mos

457 5332 542 5376 est
577 5321 1002 5390 imperatoribus
1025 5330 1079 5375 et
1105 5322 1566 5390 imperatricihus,
1616 5321 1663 5375 si
1704 5320 1788 5374 vel
1838 5321 2028 5389 pedem

456 5416 704 5471 intuierit
736 5416 787 5470 in
819 5423 1020 5469 terram
1053 5414 1308 5481 alienam,
1346 5423 1399 5468 et
1431 5415 1477 5469 si
1522 5415 1762 5469 fructum
1807 5429 2034 5483 accepe-

455 5508 530 5561 rit
559 5523 623 5562 ex
642 5507 827 5577 aliquo
855 5523 1046 5560 eorum
1078 5521 1199 5576 qua:
1226 5505 1461 5562 fructum
1501 5505 1703 5570 ferunt,
1749 5517 1810 5560 ut
1848 5506 2034 5561 nullus

457 5602 598 5655 alius
645 5601 698 5654 in
743 5617 804 5654 ea
865 5609 1189 5670 potestatem
1240 5599 1436 5653 habeat
1497 5599 1600 5653 nisi
1659 5601 1974 5669 imperator.
2009 5617 2029 5650 ι

458 5693 649 5764 Itaque
681 5694 885 5750 factum
923 5696 1020 5761 ait,
1051 5703 1110 5748 ut
1141 5709 1265 5749 eum
1305 5709 1436 5748 casu
1494 5691 1621 5746 illuc
1660 5691 1904 5759 ingressa
1932 5691 2034 5744 im-

460 5791 694 5856 peratrix
729 5791 945 5847 botrutn
971 5788 1074 5846 sibi
1099 5789 1450 5858 rcsccuisset,
1473 5787 1578 5843 hoc
1601 5785 1721 5856 ipso
1749 5785 1865 5854 cogi
1896 5784 2038 5843 vide-

2128 4578 2363 4636 ecclesia
2392 4576 2562 4631 verba
2601 4573 2831 4636 faciens,
2877 4583 3226 4626 conuuunem
3277 4567 3549 4622 adversus
3583 4581 3694 4618 mu-

2130 4676 2290 4730 lieres
2334 4674 2792 4742 vituperationem
2847 4665 3104 4728 instituit,
3146 4677 3313 4731 quam
3356 4661 3594 4730 populus
3631 4661 3694 4712 iu

2131 4767 2361 4836 accepit,
2409 4765 2566 4835 quasi
2610 4762 2874 4816 adversus
2918 4755 3266 4826 imperatoris
3322 4753 3613 4822 conjugent
3641 4755 3697 4806 ft-

2132 4872 2324 4934 gurate
2351 4857 2651 4927 composita
2683 4854 2897 4914 fuisset,
2938 4871 2956 4898 ι
2997 4851 3074 4905 ιιιί
3107 4849 3300 4904 scribit
3344 4847 3694 4905 Sozomeuns.

2134 4957 2189 5011 in
2226 4956 2329 5009 hoc
2350 4951 2652 5009 conformis
2673 4947 2910 5002 Socrati.
2938 4945 3077 5000 Tum
3108 4943 3323 4998 scilicet
3349 4941 3697 5011 TheOphilus,

2132 5048 2226 5116 qui
2266 5046 2416 5102 solus
2457 5044 2636 5099 fuerat
2679 5049 2910 5094 vocatus
2943 5037 2998 5092 in
3043 5036 3257 5100 urbem,
3308 5033 3636 5103 judicandns
3672 5048 3696 5083 a

2135 5140 2346 5196 Joanne
2374 5138 2429 5192 in
2455 5151 2622 5191 causa
2671 5131 3093 5192 monachorum,
3141 5126 3434 5198 agentibus
3483 5125 3698 5179 Joannis

2134 5231 2350 5288 aemulis
2380 5239 2434 5284 et
2483 5227 2747 5283 suadente
2797 5223 3162 5293 imperatrice,
3219 5227 3388 5287 atque
3439 5217 3695 5288 synodum

2137 5335 2328 5382 contra
2355 5338 2476 5378 eam
2509 5317 2920 5374 convocandam
2957 5322 3236 5384 poscente,
3283 5311 3590 5381 permissus
3623 5318 3698 5361 est

2138 5417 2427 5488 Egyptios
2458 5415 2748 5483 episcopos
2777 5423 2964 5465 secum
2993 5407 3197 5461 ducere
3230 5419 3244 5456 :
3278 5403 3375 5474 qui
3409 5403 3468 5457 in
3511 5402 3697 5457 subur—

2137 5509 2228 5565 bio
2261 5503 2622 5561 Chalcedonis
2652 5502 2719 5557 ad
2767 5500 3042 5567 Quercum
3079 5492 3393 5566 congregati
3446 5491 3698 5546 Joannem

2137 5599 2444 5672 depositum
2488 5597 2870 5660 declararunt;
2917 5591 3012 5647 sed
3059 5589 3284 5650 frustra,
3329 5587 3537 5656 popqu
3581 5598 3698 5636 eum

2142 5696 2227 5749 vel
2259 5692 2490 5748 invitum
2513 5688 2857 5744 restituente.
2892 5684 3031 5740 Cum
3071 5690 3250 5737 autem
3295 5690 3522 5748 propter
3555 5694 3575 5728 ο
3617 5691 3698 5728 ar-

2145 5793 2394 5852 genteam
2425 5791 2660 5841 statuam
2702 5799 2722 5834 ι
2759 5778 2939 5835 denuo
2967 5788 3193 5832 accensa
3219 5756 3376 5830 ’esset
3408 5768 3700 5842 indignatio
