3754 6182
128 224 232 280 H9

1146 230 1215 284 s.\
1247 228 1582 285 EPIPHANll
1621 226 1802 284 ACTA
1843 198 2349 281 BOLLANDIANA.

3250 215 3364 272 {541

127 345 526 411 imperatricis,
586 345 638 401 in
682 347 849 402 altera
906 357 1096 417 postea
1150 352 1361 423 synodo
1412 353 1693 408 decretum
1726 356 1772 411 Α
1805 349 2049 414 Pctavio,
2085 348 2522 419 ψευδεπίγραφον
2555 358 2795 409 creuere,
2833 360 2850 394 ι
2891 348 3110 412 propter
3138 353 3356 394 sexcen-

88 437 307 528 V’sancti
363 438 621 491 exsilium
669 449 786 504 est,
843 455 909 495 eo
970 443 1145 496 solum
1200 454 1481 513 prmtextu,
1548 444 1694 515 quod

128 527 422 582 damnatus
453 528 507 581 in
530 528 757 599 synodo,
777 530 983 601 absque
1010 534 1400 589 numerosioris
1423 549 1582 606 quam
1609 535 1695 589 illa

130 618 199 672 ad
253 617 527 685 Quercum
572 619 747 676 fuerat
778 622 968 695 synodi
1011 626 1293 691 sententia,
1327 626 1507 682 sedem
1541 640 1697 682 suam

128 711 455 780 recepisset.

118 830 127 873 ξ
204 802 299 855 56.
334 802 413 857 Ad
444 812 747 859 extremum
774 806 829 860 in
863 804 1031 871 Actis,
1074 815 1226 863 tanto
1251 807 1375 879 jure
1401 808 1699 879 reproban-

132 897 242 963 dis,
271 897 471 953 dicitur
522 898 858 971 Epiphanius
912 900 1227 956 adhortatus
1273 899 1325 953 in
1371 900 1492 953 navi
1544 914 1693 964 suos,

134 990 364 1046 sedasse
410 992 661 1061 precibus
714 1000 1088 1062 tempestatem
1149 992 1478 1057 triduanam,
1538 999 1700 1059 atque

134 1081 475 1151 exspirasse.
507 1083 674 1152 Cuius
706 1083 973 1138 demortui
1008 1099 1227 1152 corpus,
1247 1081 1702 1136 circumcisumne

134 1181 309 1235 esset,
337 1172 618 1241 explorare
643 1173 830 1229 volens
878 1175 1204 1237 navarchus,
1238 1172 1349 1225 ictu
1418 1168 1570 1240 pedis
1612 1184 1700 1222 re-

135 1270 225 1316 tro
257 1271 414 1318 actus
439 1264 848 1334 exstinctusque
897 1264 965 1320 ad
1004 1264 1224 1319 eosdem
1271 1261 1437 1333 pedes
1492 1260 1702 1330 positus

137 1355 420 1411 revixerit.
464 1355 705 1426 Cumque
752 1356 1123 1412 Constantiam
1185 1355 1483 1425 appulisset
1524 1352 1699 1417 navis,

140 1446 382 1501 tenebrae
412 1446 630 1516 quidem
676 1446 773 1502 toti
816 1446 1164 1501 incubuerint
1206 1445 1447 1509 civitati;
1478 1453 1587 1497 tres
1620 1452 1703 1495 la-

137 1551 270 1591 men
324 1535 455 1591 caeci
511 1537 723 1591 obviam
779 1537 1074 1607 progressi,
1135 1550 1262 1591 cum
1310 1534 1535 1604 reliquis
1582 1546 1704 1586 sese

136 1642 311 1681 manu
342 1629 677 1695 tenentibus,
703 1628 881 1683 visum
912 1630 1249 1697 receperint;
1289 1640 1486 1694 corpus
1520 1632 1701 1677 autem

1796 450 1883 497 tas
1922 440 2327 495 mendaciorum
2360 453 2552 509 nugas,
2592 436 2790 506 quibus
2816 434 2952 487 liber
2996 432 3084 486 ille
3126 429 3358 484 refertus

1797 539 1903 585 est.
1945 549 1964 582 ι
1990 529 2207 584 Petavio
2237 526 2567 582 Sirmundus
2593 534 2645 580 et
2670 524 2933 577 Labbmus
2960 519 3355 588 subscripsere,

1798 621 1973 677 sancti
2011 621 2190 676 Patris
2238 620 2431 673 honori
2481 617 2753 680 faventes;
2802 624 2856 669 ct
2894 614 3089 668 horum
3137 619 3358 667 senten-

1799 714 1932 767 tiam
1965 728 2030 767 ex
2071 713 2258 767 eodem
2304 711 2509 765 motivo
2556 708 2810 763 libentius
2851 718 3028 770 teneo,
3068 704 3191 758 licet
3223 704 3357 757 satis

1800 805 2095 875 intelligam
2129 819 2256 859 cum
2291 802 2544 867 Lahhmo,
2583 815 2704 854 esse
2741 798 2833 868 qui
2877 807 3152 861 censeant,
3193 814 3211 847 ι
3253 810 3359 847 non

1800 894 2013 957 omnia,
2038 892 2308 947 veteribus
2356 890 2610 946 Patribus
2667 887 3055 953 subtrahenda,
3083 887 3137 939 in
3164 886 3361 955 quibus

1801 981 2154 1036 'l‘halmudica
2190 990 2495 1035 commenta
2528 988 2581 1033 et
2619 976 2895 1032 llebraicae
2944 975 3193 1045 quaedam
3227 974 3361 1028 deu-

1802 1083 2008 1130 teroses
2036 1074 2405 1128 continentur.

1872 1167 1959 1221 58.
1994 1165 2084 1221 Sic
2112 1167 2249 1220 liber
2281 1166 2355 1219 De
2393 1164 2512 1218 Vita
2540 1174 2587 1217 et
2616 1172 2781 1217 morte
2802 1162 3088 1231 justorum,
3126 1157 3361 1213 Barouio

1804 1256 1857 1310 in
1885 1257 2031 1311 notis
2065 1255 2130 1309 ad
2163 1254 2470 1309 Romanum
2499 1250 2942 1324 Martyrologium
2974 1250 2999 1303 l
3037 1249 3160 1302 Maii
3200 1257 3254 1302 et
3289 1248 3367 1301 23

1809 1364 1827 1398 ι
1864 1347 2166 1417 cujuspiam
2196 1347 2417 1402 alterius
2465 1346 2647 1415 potius
2690 1360 2853 1414 quam
2900 1344 2957 1400 S.
3014 1341 3200 1397 lsidori
3241 1355 3361 1395 esse

1804 1436 2036 1501 videtur,
2071 1452 2136 1491 eo
2157 1436 2301 1506 quod
2337 1436 2391 1489 in
2435 1450 2500 1490 eo
2533 1434 2812 1505 complura
2854 1432 3211 1501 reperiantur,
3260 1429 3361 1483 lsi-

1804 1531 1935 1585 doro
1970 1530 2209 1601 indigna,
2244 1536 2617 1599 coagmentata
2666 1526 2944 1582 mendacia
2975 1541 2989 1577 :
3029 1546 3047 1577 ι
3080 1526 3146 1580 de
3182 1541 3247 1579 eo
3289 1534 3356 1579 ta-

1806 1636 1925 1675 men
1953 1636 2058 1675 non
2087 1621 2216 1675 sinit
2246 1636 2344 1675 nos
2379 1620 2625 1675 dubitare
2660 1618 2717 1673 S.
2755 1618 2975 1672 Braulio
3000 1618 3054 1671 in
3093 1625 3358 1687 praenota-

137 1718 423 1773 conditum
462 1720 618 1775 melle
649 1720 947 1790 prostiterit
976 1689 1291 1773 iii-ecclesia
1325 1689 1518 1772 diebus
1560 1714 1706 1768 mul-
1736 1689 1776 1742 Β
1808 1713 1951 1768 tione
1982 1713 2244 1767 librorum
2274 1712 2392 1782 ejus
2428 1730 2439 1765 :
2476 1712 2545 1765 ita
2584 1720 2643 1765 ut
2688 1710 2814 1764 huic
2853 1709 3163 1764 excusando
3213 1709 3359 1762 aliud

139 1808 235 1870 tis.
267 1824 336 1864 eo
367 1811 510 1880 quod
536 1809 816 1883 Longinus
846 1821 898 1867 et
916 1808 1206 1865 Petronius
1249 1809 1487 1875 diaconi,
1510 1804 1706 1861 haeresi

139 1898 528 1955 Valentiniana
569 1899 707 1956 clam
755 1898 960 1965 infecti,
996 1898 1148 1953 nefas
1179 1913 1299 1953 esse
1345 1896 1588 1951 dicerent
1626 1899 1709 1951 in—

136 1998 226 2043 tra
252 1988 526 2043 civitatem
575 1989 631 2043 in
680 1989 909 2045 ecclesia
967 1988 1179 2059 sepeliri
1231 1998 1535 2053 mortuum;
1577 1987 1707 2056 quia

138 2087 326 2133 autem
361 2078 589 2149 sepelire
615 2094 740 2135 eum
777 2080 1134 2136 nihilominus
1165 2079 1473 2135 volentibus
1524 2078 1601 2133 illi
1650 2093 1709 2134 se

138 2170 514 2238 opponebam,
542 2171 611 2225 ad
648 2171 939 2225 venerandi
968 2170 1184 2225 diaconi
1218 2169 1427 2235 Sabini,
1472 2167 1707 2239 Epipha-

138 2259 299 2313 nium
334 2258 660 2326 invocantis,
684 2275 907 2330 preces;
950 2260 1227 2332 Longinus
1257 2260 1476 2330 quidem
1511 2259 1701 2314 conci-

137 2346 289 2401 derit
321 2346 440 2417 ipso
493 2347 615 2402 loco
665 2360 935 2415 mortuus,
991 2349 1276 2405 Petronius
1320 2365 1470 2413 vero,
1526 2349 1702 2407 elatus

137 2435 275 2492 inde
310 2436 635 2509 paralyticus
657 2453 721 2494 ac
744 2448 951 2508 mutus,
972 2448 1169 2511 quarto
1200 2440 1287 2494 die
1314 2439 1531 2495 obierit.
1565 2438 1704 2495 Tum

135 2542 276 2583 vero
334 2528 535 2584 missos
583 2527 1109 2601 Constantinopolim
1172 2530 1380 2600 legatos
1434 2544 1551 2594 sex,
1607 2530 1703 2599 qui

134 2618 364 2675 Arcadii
408 2620 750 2691 imperatoris
804 2622 1136 2677 voluntatem
1178 2621 1563 2692 exquirerent;
1619 2622 1709 2677 hic

135 2732 277 2773 vero
319 2732 414 2774 eos
468 2718 779 2785 detinuerit,
820 2718 995 2774 donec
1033 2734 1218 2782 suum,
1274 2727 1331 2773 ut
1379 2716 1705 2788 appellabat,

134 2818 353 2880 patrem
390 2808 620 2865 lusisset
659 2809 856 2865 diebus
888 2809 1277 2880 quadraginta;
1313 2809 1489 2879 iisque
1518 2806 1704 2877 exple-

138 2900 215 2955 tis
244 2899 465 2955 eosdem
499 2900 768 2955 remiserit
797 2916 923 2956 cum
956 2900 1191 2969 quodam
1228 2898 1484 2963 Maximo,
1531 2899 1702 2954 mole-

137 2995 293 3042 stum
320 2985 425 3041 sibi
457 2985 757 3041 daemonem
790 2984 1223 3041 circumferente.
1246 2985 1327 3039 Ab
1357 2985 1461 3039 hoc
1493 2991 1698 3049 autem,

137 3085 270 3131 ante
301 3091 519 3131 sacrum
559 3090 757 3145 corpus
804 3084 1078 3147 prostrato
1129 3092 1193 3132 ac
1229 3076 1476 3140 liberato,
1513 3075 1705 3129 lectam

140 3167 484 3238 imperialem
509 3167 815 3239 epistolam,
841 3183 1002 3224 versu
1036 3170 1273 3225 secundo
1298 3169 1379 3224 sic
1423 3169 1709 3226 continen-

141 3268 285 3313 tem:
317 3277 335 3310 ι
363 3256 503 3312 Eum
525 3258 619 3327 qui
645 3257 778 3313 vixit
803 3274 968 3329 supra
998 3268 1212 3315 nostras
1250 3260 1416 3331 leges,
1445 3261 1703 3319 nolumus

147 3348 335 3419 jacere
395 3348 779 3405 convenienter
832 3351 1036 3407 nostris
1078 3352 1320 3422 legibus;
1367 3371 1385 3403 ι
1419 3360 1583 3423 atque
1634 3353 1707 3407 ita

146 3442 370 3496 demum
398 3442 676 3511 depositus
702 3442 861 3498 fuerit
885 3454 1108 3499 sanctus
1148 3444 1201 3498 in
1244 3446 1399 3499 theca
1431 3446 1503 3499 ad
1540 3445 1592 3499 id
1624 3442 1708 3499 fa-

144 3532 384 3596 bricata,
420 3551 438 3584 ι
472 3534 589 3602 ipso
615 3534 736 3590 loco
768 3534 860 3589 ubi
896 3550 1062 3605 supra
1093 3534 1507 3591 Faustinianum
1565 3538 1708 3592 ceci-

143 3622 306 3677 derat
333 3621 645 3691 fabricator,
677 3643 695 3676 ι
725 3624 915 3694 utique
939 3626 1218 3681 mensibus
1250 3626 1425 3681 tribus
1450 3637 1545 3682 aut
1575 3642 1710 3698 qua-

142 3722 299 3780 tuor,
332 3714 487 3785 juxta
534 3716 676 3770 hanc
729 3716 991 3781 fabulam,
1051 3727 1173 3787 post
1222 3720 1395 3774 sancti
1452 3734 1707 3776 mortem.

144 3806 277 3863 Hae
302 3815 506 3875 autem,
540 3817 600 3862 ut
628 3807 863 3862 iudicavi
892 3824 946 3861 η.
982 3808 1036 3871 5,
1072 3808 1291 3878 ﬁngitur
1318 3812 1555 3868 scribere
1582 3813 1709 3879 Epi-

144 3900 339 3972 phanii
374 3913 659 3955 successor
696 3898 932 3954 Sabinus
966 3900 1031 3954 ad
1061 3899 1337 3973 Polybium
1386 3912 1577 3958 octavo
1615 3905 1703 3959 die

144 3991 398 4046 durantis
431 4005 528 4059 pro
574 3991 850 4059 sepultura
882 3992 1246 4047 contentionis
1287 3993 1592 4064 digressum
1642 4000 1709 4053 ab

147 4083 353 4145 insula,
393 4090 447 4136 et
483 4090 605 4152 post
648 4082 813 4137 unius
858 4086 989 4137 anni
1046 4099 1256 4138 moram
1310 4084 1365 4139 in
1413 4083 1707 4156 Thebaide,

146 4180 368 4242 raptum
437 4172 504 4226 ab
554 4169 905 4237 Heracleone,
962 4172 1127 4229 totius
1180 4172 1397 4245 Egypti
1461 4178 1706 4246 praeside,

148 4264 546 4320 Rhinocoruris
582 4272 716 4319 tunc
762 4264 1061 4332 habitante,
1114 4276 1176 4320 ut
1216 4277 1362 4323 esset
1395 4269 1513 4339 ejus
1561 4272 1713 4326 urbis

1807 1820 1915 1858 non
1946 1812 2215 1874 suppetat,
2265 1817 2430 1873 quam
2479 1818 2603 1857 cum
2656 1801 2886 1856 Labbaao
2936 1801 3017 1855 vel
3068 1814 3361 1868 agnoscere

1813 1915 1837 1948 ι
1870 1897 1938 1951 ab
1970 1897 2151 1967 aliquo
2184 1895 2571 1965 interpolatore
2595 1905 2933 1963 corrUptum,
2975 1911 2993 1944 ι
3026 1892 3109 1947 vel
3133 1893 3361 1962 ingenue

1808 1986 1985 2050 fateri,
2017 1988 2161 2058 quod
2200 2008 2217 2040 ι
2260 1987 2422 2042 nimis
2459 1986 2738 2047 credulus,
2767 2000 2888 2055 qua:
2918 1984 2986 2038 ab
3017 1984 3137 2039 aliis
3164 1984 3361 2053 scripta

1809 2080 2034 2149 reperit,
2060 2078 2237 2133 minus
2267 2079 2537 2143 discussa,
2580 2093 2687 2132 non
2734 2086 2841 2129 tam
2873 2090 2970 2130 sua
2997 2088 3158 2144 quam
3189 2073 3365 2127 aliena

1807 2168 2091 2239 protulerit
2120 2168 2243 2222 ﬁde.
2272 2189 2290 2217 ι
2316 2166 2565 2234 Quandiu
2605 2175 2785 2220 tamen
2815 2164 3135 2218 alterutrum
3161 2161 3361 2215 dicere-

1806 2276 1905 2331 pro
1933 2261 2133 2315 tuendo
2157 2260 2250 2330 qui
2280 2260 2383 2315 sub
2411 2257 2699 2329 Epiphanii
2740 2256 2960 2310 nomine
2996 2252 3361 2308 eontreverti-

1808 2361 1897 2406 tur
1942 2350 2103 2415 libro,
2138 2350 2332 2406 similis
2380 2349 2635 2420 ponderis
2689 2363 2798 2402 non
2847 2348 2991 2418 cogit
3038 2345 3361 2407 auctoritas.

1807 2442 1943 2497 bene
1974 2443 2040 2497 de
2062 2442 2154 2495 illo
2182 2456 2374 2496 omnes
2407 2440 2605 2495 mereri
2650 2438 2926 2501 existimo,
2967 2438 3059 2507 qui
3109 2437 3163 2491 id
3217 2436 3363 2507 quod

1808 2535 1926 2606 ejus
1955 2535 2219 2606 gravitate
2246 2534 2524 2603 indignum
2552 2547 2672 2588 esse
2699 2530 3089 2585 rationabiliter
3116 2537 3361 2593 censent,

1809 2627 1877 2681 ab
1904 2625 2022 2696 ipso
2052 2625 2313 2695 scriptum
2340 2639 2460 2679 esse
2502 2638 2611 2678 non
2661 2622 2888 2677 libenter
2924 2620 3185 2684 credunt;
3225 2621 3360 2673 male

1808 2726 2047 2780 econtra,
2086 2718 2178 2787 qui
2215 2714 2490 2770 mordicus
2524 2714 2577 2768 id
2619 2712 2889 2767 sustinere
2916 2712 3126 2776 volunt,
3160 2719 3221 2765 ut
3245 2711 3359 2780 ejus

1809 2808 2155 2874 auctoritate,
2188 2808 2329 2862 sicut
2379 2812 2433 2859 et
2482 2802 2540 2857 S.
2593 2802 2781 2858 lsidori
2828 2801 3005 2856 fulciri
3058 2802 3360 2865 videantur,

1810 2913 1930 2967 qua:
1956 2898 2029 2951 ibi
2061 2898 2127 2953 de
2153 2896 2281 2952 Elite
2305 2895 2581 2966 propheta
2604 2895 2875 2951 natalibus
2904 2895 3178 2964 leguntur.
3204 2892 3345 2962 Equi

1809 2990 1929 3044 dem
1952 2988 2205 3043 existimo
2227 2987 2415 3044 Patres
2449 2989 2605 3053 istos,
2638 2986 2684 3041 si
2715 2986 2845 3041 talia
2883 2986 2984 3055 ipsi
3009 2999 3196 3040 revera
3228 2984 3335 3038 seri

1808 3088 2053 3150 pserunt,
2107 3095 2254 3134 mere
2315 3079 2667 3148 interpretum
2713 3086 2767 3132 et
2815 3078 3161 3131 eollectorum
3211 3073 3365 3144 fungi

1808 3171 1983 3226 cilicio
2024 3171 2286 3237 voluisse,
2340 3170 2549 3223 nullum
2596 3178 2778 3224 autem
2818 3168 2884 3223 iis
2930 3182 2997 3222 ex
3046 3182 3105 3221 se
3151 3166 3365 3236 pondus

1809 3260 2048 3315 addere:
2091 3275 2158 3313 an
2218 3267 2397 3314 autem
2455 3272 2643 3313 revera
2699 3272 2877 3327 operae
2923 3256 3154 3327 pretium
3203 3256 3366 3311 fuerit

1812 3350 2181 3405 Rabbinorum
2206 3350 2272 3405 de
2324 3348 2527 3404 sanctis
2568 3349 2841 3404 veteribus
2879 3350 3112 3414 somnia,
3166 3349 3365 3418 quibus

1810 3443 1887 3497 illi
1923 3457 2111 3498 omnes
2142 3456 2312 3497 sacrae
2339 3439 2633 3509 Scripturae
2666 3440 2925 3496 historias
2945 3440 3361 3510 interpolarunt,

1808 3536 1894 3591 vel
1914 3536 2026 3606 jam
2061 3535 2192 3589 olim
2239 3534 2462 3589 collecta
2494 3532 2678 3589 Graece
2718 3531 3013 3602 Latineque
3047 3531 3361 3597 reddidisse,

1810 3629 1893 3682 vel
1926 3628 1979 3681 in
2031 3627 2247 3682 illorum
2302 3624 2457 3681 libris
2501 3624 2749 3694 pluribus
2798 3623 3040 3692 dispersa
3094 3622 3146 3677 in
3194 3638 3365 3677 unum

1811 3719 2053 3773 libellum
2097 3716 2404 3787 collegisse.
2450 3713 2859 3784 prudentiorum
2902 3722 3019 3769 esto
3064 3712 3363 3783 judicium;

1811 3808 2111 3863 curiositati
2148 3815 2295 3860 certe
2337 3814 2390 3860 et
2429 3802 2777 3858 oblectationi
2830 3802 3076 3857 nonnihil
3124 3804 3367 3859 serviunt

1812 3899 1934 3966 ista,
1972 3912 2148 3968 neque
2189 3896 2351 3951 alicui
2399 3909 2596 3949 nocere
2646 3905 2874 3963 possunt
2929 3895 3023 3964 qui
3071 3895 3151 3950 eis
3204 3894 3363 3948 tidem

1812 4006 1919 4043 non
1958 4004 2209 4061 magnam
2254 3987 2524 4050 habuerit,
2572 3985 2873 4057 intelligens
2906 4002 3030 4042 cum
3062 3986 3371 4056 Theophilo

1812 4082 2110 4156 Raynaudo
2154 4091 2361 4148 nostro,
2396 4082 2464 4137 de
2492 4081 2649 4137 bonis
2693 4090 2746 4136 et
2782 4080 2938 4135 malis
2968 4080 3121 4135 libris
3150 4096 3203 4135 ιι.
3236 4079 3363 4140 ⁸552,

1810 4190 2000 4231 eorum
2036 4192 2055 4226 ι
2084 4174 2309 4230 multam
2342 4174 2755 4229 mendacitatem
2784 4181 2838 4227 et
2870 4172 3294 4235 fabulositatem,
3340 4190 3357 4221 ι

1810 4264 2061 4335 quodque
2093 4264 2174 4336 (ut
2222 4265 2362 4319 idem
2409 4280 2462 4317 ιι.
2503 4264 2606 4318 548
2651 4267 2821 4333 notat)
2859 4282 2877 4315 ι
2928 4263 3186 4318 llabbinis
3236 4278 3364 4330 pro-

144 4355 475 4425 episcopns;
533 4370 658 4409 cum
712 4355 957 4425 petiisset
1000 4355 1067 4411 de
1122 4356 1267 4413 illius
1321 4360 1708 4416 controversia:
1739 4367 1783 4421 1)
1812 4357 1990 4427 prium
2014 4366 2210 4427 quarto
2238 4358 2399 4412 modo
2446 4367 2530 4412 est
2566 4355 2817 4421 fabulari,
2848 4365 2900 4411 et
2925 4372 3046 4426 qua:
3082 4370 3359 4424 nunquam

144 4440 299 4500 exitu
332 4445 517 4500 doceri
555 4462 585 4500 a
634 4446 861 4514 Sabino,
916 4446 1045 4518 quia
1093 4462 1161 4503 ex
1210 4448 1438 4519 Calippo
1479 4452 1707 4506 diacono

143 4536 385 4591 audierit
411 4536 558 4591 illum
588 4536 919 4593 Constantia
951 4539 1263 4609 episcopum
1298 4541 1633 4598 ordinatum.

216 4629 307 4683 57.
340 4628 538 4693 Habes,
570 4628 786 4694 Lector,
812 4630 897 4685 his
926 4630 1141 4687 duobus
1166 4632 1434 4701 capitibus
1459 4648 1707 4703 compre-

143 4720 374 4775 hensam
420 4720 585 4775 totius
618 4719 842 4790 prolixae
890 4722 1026 4776 alias
1066 4720 1262 4777 fabula:
1306 4738 1597 4788 summam,
1640 4738 1707 4777 eo

148 4812 277 4877 ﬁne,
316 4821 375 4866 ut
409 4812 455 4866 si
484 4812 613 4881 quid
646 4811 775 4866 alibi
820 4812 1059 4881 reperias
1108 4828 1138 4866 a
1191 4812 1349 4867 nobis
1373 4813 1705 4882 prateritum

140 4903 194 4957 in
224 4903 421 4973 primis
452 4903 692 4973 quinque
724 4903 994 4973 capitibus
1032 4903 1177 4973 quod
1216 4903 1305 4958 hic
1354 4904 1513 4958 etiam
1540 4905 1705 4957 attin-

138 5005 303 5066 gatur
330 5012 345 5061 ;
386 4995 699 5051 discernere
726 4995 921 5065 possis,
946 5004 1128 5050 utrum
1158 4996 1209 5049 id
1256 4995 1384 5051 hinc
1422 5008 1701 5065 acceptum

136 5087 401 5141 aestimari
434 5101 543 5141 non
566 5088 794 5152 debeat;
826 5102 896 5141 an
939 5103 1087 5153 vero,
1133 5098 1193 5141 ut
1233 5103 1300 5143 ex
1348 5088 1558 5141 meliori
1603 5104 1703 5141 au-

137 5187 293 5233 ctore
323 5178 433 5232 huc
461 5178 806 5246 translatum,
838 5180 995 5235 iidem
1027 5189 1306 5234 mercatur
1337 5194 1461 5235 cum
1503 5180 1703 5248 prioris

135 5270 242 5325 bus
270 5269 540 5325 obtinere.
563 5268 825 5324 Similiter
842 5271 1068 5325 arbitrio
1091 5280 1184 5325 tuo
1206 5271 1474 5340 relinquo,
1498 5272 1703 5326 velisne

137 5377 238 5430 pro
265 5360 507 5430 genuino
535 5359 592 5414 S.
626 5360 910 5430 Epiphanii
951 5362 1061 5417 fetu
1094 5363 1293 5417 habere
1333 5378 1456 5417 eum
1498 5361 1701 5415 Bellar-

137 5454 291 5505 mino
315 5452 515 5504 librum
543 5450 616 5504 De
651 5453 762 5505 vita
802 5454 1172 5521 prophetarum
1216 5469 1494 5523 eorumque
1524 5454 1699 5522 sepul-

140 5556 287 5606 tura,
313 5543 568 5611 quamvis
594 5543 832 5613 ignotum
863 5544 1055 5599 Photio
1083 5562 1136 5601 n.
1164 5545 1266 5597 1‘29.
1322 5554 1376 5600 et
1405 5560 1553 5614 seqq.
1584 5545 1701 5611 ejus

139 5651 302 5704 opera
332 5636 673 5702 recensenti;
698 5652 763 5692 an
786 5652 908 5694 cum
933 5638 1227 5695 novissimo
1258 5637 1374 5707 ejus
1407 5637 1697 5707 interprete

1810 4449 2032 4504 fuerunt
2052 4458 2278 4505 eruntve
2306 4465 2568 4519 unquam,
2596 4459 2849 4519 tanquam
2875 4463 3002 4501 vera
3034 4461 3359 4516 proponere,

1808 4543 1943 4596 adeo
1983 4557 2167 4597 crasse
2196 4557 2261 4597 ac
2294 4542 2511 4607 stolide,
2546 4551 2699 4595 utne
2732 4540 2932 4609 ingenii
2966 4540 3181 4608 quidem
3218 4538 3361 4591 mica

1807 4633 2243 4701 deprehendatur
2274 4633 2327 4686 in
2359 4632 2825 4687 comminiscendo
2866 4630 3055 4684 dextre
3103 4639 3156 4683 et
3202 4644 3365 4698 appo-

1808 4724 1929 4787 site,
1965 4722 2321 4793 ﬁngeudoque
2352 4723 2701 4793 probabiliter
2747 4731 2801 4776 et
2845 4729 2967 4789 apte
3018 4720 3085 4773 ad
3138 4735 3363 4789 persua-

1806 4813 2063 4869 dendum.
2104 4831 2124 4865 ι
2157 4812 2422 4869 Convenit
2451 4812 2693 4883 profecto
2719 4826 2827 4865 non
2861 4820 2969 4865 tam
3013 4811 3360 4865 considerare

1806 4905 1930 4975 quis
1954 4904 2086 4976 quid
2112 4904 2411 4975 scripserit,
2454 4905 2522 4959 de
2566 4903 2633 4959 iis
2684 4918 2807 4973 qua:
2850 4911 2975 4957 ante
3013 4901 3369 4971 longissimas.

1804 5008 1991 5054 anates
2020 5005 2140 5053 acta
2169 4997 2438 5061 feruntur,
2465 4997 2627 5051 certis
2658 4995 2821 5050 nullis
2848 5006 3129 5049 auctorum
3154 5009 3362 5048 coatve-

1806 5107 1924 5145 rum
1950 5093 2315 5146 monumentis
2348 5098 2572 5155 testata;
2607 5088 2702 5143 sed
2737 5103 2878 5158 quos
2917 5086 3078 5141 fuerit
3104 5087 3271 5140 duces
3302 5085 3357 5138 in

1805 5183 2092 5239 scribendo
2126 5190 2381 5249 secutus;
2412 5162 2465 5234 hi
2490 5190 2695 5245 autem,
2742 5180 2798 5233 in
2820 5178 3050 5248 eo-quod
3092 5178 3385 5248 tangimus.

1804 5282 2145 5344 argumento,
2165 5272 2254 5325 alii
2273 5287 2433 5340 quam
2455 5270 2682 5326 Rabbini
2706 5286 2810 5324 non
2829 5269 3215 5337 fnerunt,iique
3230 5280 3357 5320 vero

1805 5366 2053 5420 similiter
2068 5363 2561 5436 Hierosolymitano
2579 5364 2787 5420 excidio
2808 5363 3133 5432 posteriores
3150 5375 3235 5414 om
3245 5375 3361 5413 nes.

1874 5457 1962 5510 59.
1993 5454 2425 5525 Caeterum,quia
2448 5455 2579 5510 liber
2599 5455 2847 5525 vulgatus
2872 5453 2974 5508 sub
3003 5452 3216 5507 nomine
3246 5449 3343 5519 Epi

1808 5546 2009 5615 phanii,
2039 5547 2273 5615 primum
2303 5546 2569 5615 superiori
2605 5546 2803 5601 saeculo
2830 5543 3018 5599 Latine
3042 5542 3147 5613 legi
3177 5542 3359 5610 coepit,

1808 5638 2001 5694 merito
2043 5648 2444 5708 praesumnntur
2499 5638 2790 5708 scriptores
2840 5635 3015 5693 Latini
3058 5636 3386 5705 praesertim.
