3754 6182
382 249 476 307 151
1261 250 1442 309 DION.
1485 250 1760 307 PETAVII
1798 253 1864 307 II]

1261 250 1442 309 DION.
1485 250 1760 307 PETAVII
1798 253 2185 309 ΠΡΟΘΕΩΡΙΑ
2224 250 2294 307 IN
2332 248 2710 306 PANARIUM.

3538 239 3639 295 152

382 370 417 423 ii
449 383 589 439 quos
618 366 862 424 Graecam
913 369 1211 425 nescivisse
1260 382 1498 439 constat,
1551 375 1679 430 dum
1742 372 1951 443 aliquid
1986 374 2032 431 Α
2065 368 2357 441 Raynaudo
2384 377 2613 428 taceam.
2650 364 2809 434 cujus
2846 361 3059 434 judicio
3086 358 3225 416 liber
3268 365 3354 413 est
3392 373 3411 408 ι
3451 350 3641 410 infan-

382 458 654 529 ejusmodi
693 461 761 514 de
790 460 923 530 legis
964 462 1203 529 antiqua:
1220 464 1496 533 prophetis
1523 465 1812 520 scribendo
1841 465 1959 518 atti-

383 561 600 621 gerunt,
640 566 747 605 non
781 551 931 605 illum
977 552 1083 605 sub
1123 554 1340 607 nomine
1376 554 1667 625 Epiphanii
1728 555 1956 620 librum,

385 641 478 696 sed
514 641 679 696 alium
713 641 815 696 sub
854 641 1076 696 nomine
1132 640 1190 695 S.
1242 641 1522 706 Dorotbei,
1577 643 1768 698 Latine
1820 644 1960 698 dun-

384 742 534 788 taxat
562 742 887 798 exstantem,
925 749 1036 805 prae
1067 735 1241 789 oculis
1266 735 1538 801 habuisse,
1580 746 1740 806 prout
1762 735 1816 790 in
1851 747 1961 791 tra—

385 835 533 879 ctatu
563 825 629 881 de
676 824 737 878 Β.
780 825 1003 880 Alberto
1052 824 1546 898 Hierosolymitano
1594 829 1658 882 ad
1695 828 1728 883 8
1761 829 1961 898 Aprilis

385 916 640 972 iudicavi.
682 917 776 972 llic
822 928 1000 971 autem
1039 918 1196 981 liber,
1250 920 1419 974 multo
1463 922 1617 991 prius
1656 931 1710 975 et
1735 921 1956 988 certius,

385 1025 547 1078 quam
607 1011 741 1065 alter
780 1010 869 1066 ille
920 1009 1243 1081 Epiphanio,
1304 1013 1645 1083 adjudicatus
1691 1013 1962 1069 Dorotbeo

386 1100 509 1166 fuit,
547 1103 727 1156 statim
762 1117 826 1157 ac
854 1118 949 1172 per
980 1104 1394 1172 impressionem
1431 1105 1611 1160 factus
1660 1114 1745 1160 est
1786 1107 1960 1176 magis

383 1195 587 1265 publici
633 1195 774 1265 juris
815 1216 827 1250 :
866 1196 1154 1268 Synopsim
1201 1198 1443 1269 intelligo
1474 1198 1547 1252 De
1575 1199 1682 1252 vita
1708 1208 1756 1252 et
1795 1208 1962 1254 morte

385 1288 767 1356 apostolorum,
802 1290 1177 1359 prophetarum
1206 1308 1268 1344 ac
1293 1291 1678 1361 discipulorum
1720 1290 1959 1358 Domini,

385 1394 508 1448 qua:
536 1380 638 1434 sub
670 1379 924 1434 Dorothei
951 1383 1172 1437 nomine
1200 1398 1402 1437 excusa
1432 1383 1555 1449 fuit,
1590 1392 1701 1438 tum
1727 1385 1959 1439 seorsim

388 1480 501 1524 tum
530 1472 579 1524 in
607 1472 956 1528 Bibliothecis
979 1484 1221 1528 veterum
1250 1473 1502 1542 Patrum;
1536 1476 1675 1531 hanc
1701 1476 1868 1542 enim,
1900 1485 1961 1530 ut

382 1562 594 1614 notavit
622 1560 912 1628 Labbteus,
947 1582 965 1614 ι
998 1564 1111 1632 jam
1143 1565 1349 1634 pridem
1384 1573 1445 1619 u't
1474 1564 1672 1621 fabulis
1700 1565 1957 1621 refertam

388 1651 702 1721 nulliusque
732 1653 872 1722 apud
896 1653 1087 1709 doctos
1123 1655 1490 1721 auctoritatis,
1531 1655 1688 1711 obelo
1718 1655 1959 1709 ﬁxerunt

2062 465 2194 525 tilis,
2222 471 2438 517 scatens
2461 457 2729 513 fabulosis
2754 453 3182 510 narrationibus.
3218 470 3238 502 ι
3272 448 3488 515 Quibus
3510 460 3641 502 cum

2062 555 2269 611 similes
2297 555 2407 609 sint
2433 553 2487 607 in
2511 551 2725 607 duobus
2752 549 2865 620 jam
2899 562 3065 617 supra
3099 544 3351 600 indicatis
3398 554 3641 611 opuscu-

2060 645 2150 712 lis,
2179 645 2236 699 S.
2262 644 2502 701 lsidorus
2531 643 2752 713 quidem
2778 640 2858 696 sic
2877 648 3194 702 excusatur,
3223 644 3283 691 ut
3306 646 3492 690 tamen
3527 648 3642 684 tne-

2060 738 2166 793 lius
2191 737 2355 793 fuerit
2391 735 2613 808 proprio
2651 735 2844 789 honori
2876 725 3257 793 consultur'us,
3298 728 3344 783 si
3392 734 3641 795 praecau-

2063 830 2208 885 tione
2241 830 2433 884 saltem
2470 828 2653 897 aliqua
2672 841 2805 881 usus
2832 825 3128 879 indicasset
3146 838 3255 875 non
3284 834 3547 889 magnam
3579 817 3643 871 iis

2061 936 2092 976 a
2122 936 2182 977 se
2218 920 2377 975 Iidem
2415 918 2636 985 haberi;
2669 916 3005 987 Epiphanius
3034 924 3213 968 autem
3262 926 3362 966 nec
3399 908 3642 964 eitcusa-

2060 1014 2207 1069 tione
2226 1011 2445 1083 quidem
2475 1018 2615 1082 eget,
2650 1008 2893 1079 quandiu
2920 1006 3070 1062 nullo
3099 1005 3267 1059 veteri
3298 1013 3350 1058 et
3378 1001 3646 1055 inelucta-

2061 1104 2155 1159 bili
2185 1103 2497 1160 testimonio
2533 1103 2817 1172 probatur,
2856 1101 2971 1154 haec
3004 1113 3131 1153 vere
3165 1097 3313 1150 illius
3340 1109 3465 1149 esse
3500 1091 3643 1146 scri-

2060 1198 2195 1269 ptio.
2229 1196 2383 1252 Adde
2414 1196 2560 1266 quod
2605 1196 2789 1265 plures
2832 1191 3123 1264 Epiphanii
3177 1188 3381 1244 fuerint
3436 1185 3642 1241 subse-

2063 1290 2357 1362 quentibus
2386 1288 2623 1353 saeculis,
2655 1289 2819 1343 etiam
2845 1287 2898 1341 in
2918 1286 3097 1357 Cypro
3114 1284 3372 1354 episcopo
3397 1294 3640 1350 quorum

2063 1384 2245 1453 aliqua
2278 1392 2337 1437 ut
2372 1381 2491 1437 ﬁeri
2525 1381 2686 1451 vulgo
2729 1381 2888 1443 solet,
2921 1376 3297 1450 principaliori
3327 1373 3503 1444 hujus
3543 1388 3642 1426 no-

2059 1473 2225 1528 minis
2277 1473 2528 1543 scriptori
2571 1472 2736 1527 tribui
2784 1478 3102 1542 potueruut,
3135 1468 3276 1524 sicut
3303 1484 3321 1517 t
3356 1464 3645 1520 orationes

2060 1567 2165 1622 illae
2208 1582 2351 1638 quae,
2414 1565 2702 1636 Epiphanii
2756 1564 2977 1619 nomine
3023 1562 3210 1618 fucum
3257 1560 3371 1631 jam
3422 1557 3642 1628 pridem

2062 1658 2287 1726 iaciunt,
2325 1658 2549 1714 Petavio
2589 1658 2795 1729 judice,
2846 1657 2981 1713 satis
3015 1672 3136 1711 cum
3182 1654 3323 1724 stylo
3361 1654 3487 1721 ipso
3531 1659 3643 1703 tum

389 1740 658 1809 Molauus,
698 1742 987 1808 Baronius,
1025 1743 1386 1802 Bellarminus
1435 1756 1490 1803 et
1534 1747 1627 1802 alii
1665 1747 1953 1813 Catholici,
1987 1738 2029 1793 Β
2061 1748 2183 1805 aliis
2216 1749 2543 1819 quibusdam
2577 1748 2814 1811 indiciis.
2855 1747 3080 1803 alterius
3111 1745 3196 1801 vel
3230 1742 3528 1815 Epiphanii
3563 1729 3644 1793 νει

384 1834 583 1905 quibus
602 1835 918 1891 beterodoxi
940 1837 1383 1906 subscripserunt
1405 1857 1419 1895 :
1446 1858 1466 1892 ›
1491 1848 1549 1896 ut
1567 1840 1635 1895 de
1652 1838 1954 1909 Theophila

2062 1843 2303 1897 auctoris
2332 1856 2393 1897 se
2413 1856 2536 1897 esse
2560 1841 2861 1897 declarant.

394 2125 3630 2158 Μ

1444 2382 2008 2479 DIONYSII
2083 2386 2572 2484 PETAVII

1727 2667 1760 2707 Β
1802 2666 2100 2708 εοειΕτΑτε
2138 2665 2264 2709 JESU

860 2857 1245 2914 ΠΡοΘΕαΡιΑ
1279 2854 1349 2913 IN
1388 2855 1735 2913 EPIPHANII
1773 2855 1956 2913 OPUS
1992 2854 2186 2924 QUOD
2224 2855 2637 2914 PANARIUM
2676 2858 3139 2919 INSCRIBITUR.

446 3215 508 3271 Si
544 3231 664 3270 cum
700 3216 964 3287 exquisita
1013 3231 1212 3281 rerum,
1255 3230 1373 3281 qute
1412 3214 1466 3268 in
1507 3214 1604 3268 hoc
1646 3213 1812 3286 Opere
1861 3226 2185 3285 tractantur,
2242 3220 2499 3275 varietate
2544 3236 2608 3273 ac
2654 3221 2808 3290 copia
2843 3219 3124 3290 adrequare
3164 3232 3643 3278 commentationes

379 3322 588 3368 nostras
635 3313 1007 3379 instituissem,
1063 3330 1169 3369 non
1216 3310 1454 3368 brevibus
1510 3312 1648 3367 notis
1694 3322 1744 3367 et
1787 3313 2358 3380 animaduersionibus,
2422 3314 2513 3369 sed
2573 3316 2871 3385 ingentibus
2924 3314 3076 3370 libris
3134 3318 3522 3372 committenda
3559 3337 3645 3373 res

378 3407 570 3476 fuerat.
610 3407 876 3474 Quoniam
904 3416 1079 3462 autem
1117 3424 1278 3480 neque
1312 3425 1393 3463 me
1426 3409 1930 3464 commentariorum
1963 3412 2126 3467 moles
2177 3412 2277 3466 illa
2323 3412 2574 3476 delectat,
2616 3420 2668 3464 et
2710 3410 3044 3465 eruditorum
3085 3410 3345 3465 lectorum
3401 3412 3643 3482 fastidiis

378 3500 751 3556 occurrendum
781 3502 957 3570 potius
981 3502 1078 3556 hoc
1120 3503 1176 3557 in
1210 3518 1395 3574 genere
1422 3513 1500 3557 est
1531 3519 1691 3571 quam
1723 3503 1955 3558 aliorum
1991 3506 2239 3560 tarditati
2269 3504 2672 3571 consulendum,
2700 3505 2852 3559 nulla
2880 3514 2959 3559 est
2989 3504 3288 3558 obtinenda
3319 3521 3353 3559 a
3378 3521 3461 3558 me
3495 3507 3642 3558 ratio

308 3622 311 3625 -
377 3594 733 3663 praetermissa
763 3594 1056 3650 brevitatis.
1080 3595 1163 3651 Ea
1190 3613 1309 3652 vero
1340 3598 1450 3652 uisa
1476 3608 1554 3652 est
1594 3598 1648 3653 in
1682 3601 1870 3669 primis
1901 3600 2185 3670 ejusmodi,
2220 3611 2278 3655 ut
2306 3601 2553 3655 diversas
2583 3616 2650 3656 ex
2683 3611 2911 3656 ueterum
2937 3600 3319 3669 exemplarium
3344 3616 3643 3668 compara-

377 3686 539 3749 tione,
570 3695 663 3739 aut
698 3702 764 3741 ex
801 3687 1105 3757 conjectura
1131 3689 1380 3745 lectiones
1416 3690 1484 3745 ad
1524 3708 1676 3746 oram
1701 3701 1980 3749 contextus
2004 3695 2359 3751 ascriberem:
2384 3695 2518 3750 Tum
2559 3704 2617 3748 ut
2646 3696 2846 3750 leviora
2877 3711 3116 3766 quotque,
3150 3712 3214 3749 ac
3241 3696 3530 3765 faciliora,
3565 3698 3643 3750 vel

376 3777 645 3832 commode
667 3776 733 3831 ab
762 3778 885 3834 aliis
907 3779 1198 3849 explicata,
1223 3798 1288 3837 ne
1315 3784 1630 3853 attingerem
1655 3785 1893 3851 omnino,
1928 3796 2021 3841 aut
2051 3789 2278 3857 carptim
2304 3787 2625 3857 breviterque
2645 3788 3069 3858 perstringerem.
3104 3786 3468 3853 Quamobrem
3490 3802 3642 3843 certa

375 3870 710 3935 potissimum
747 3881 1060 3942 argumenta
1086 3872 1395 3944 delegimus,
1429 3876 1486 3929 in
1513 3876 1702 3947 quibus
1730 3876 2072 3933 elaborandis
2100 3889 2254 3951 atque
2284 3879 2624 3933 illustrandis
2665 3879 2968 3949 plusculum
3007 3895 3179 3948 opera:
3216 3879 3641 3948 disputationis-

376 3982 471 4036 que
503 3978 867 4035 consumptum
895 3978 973 4022 est
998 3982 1017 4022 :
1040 3984 1156 4039 qua:
1193 3970 1444 4024 nimirum
1477 3973 1611 4025 talia
1634 3988 1747 4027 esse
1783 3974 2199 4041 consideremus,
2223 3985 2276 4029 at
2303 3975 2372 4029 ad
2395 3992 2577 4030 eorum
2611 3975 2947 4031 minuendam
2976 3977 3353 4031 obscuritatem
3382 3980 3637 4032 nonnihil

376 4076 535 4130 opera
566 4072 751 4117 nostra
783 4072 959 4131 posset
993 4064 1260 4120 accedere.
1293 4064 1498 4121 Fuerat
1523 4066 1849 4138 jamdudum
1885 4071 2119 4138 animus,
2167 4072 2401 4127 omnium
2437 4072 2703 4127 Iuereseon
2735 4088 2852 4142 qua:
2894 4074 2953 4126 in
2985 4073 3081 4126 hoc
3121 4088 3273 4141 opere
3308 4089 3642 4127 commemo-

374 4164 587 4222 rantur,
626 4156 699 4210 τὰ
724 4160 1120 4230 ἱστορούμενα
1150 4161 1405 4229 primum,
1434 4162 1623 4219 deinde
1649 4166 1919 4234 opiniones
1949 4184 2013 4221 ac
2045 4168 2298 4238 dogmata
2323 4169 2505 4222 omnia
2548 4178 2797 4237 separato
2830 4168 3008 4223 libello
3043 4169 3305 4240 persequi,
3342 4179 3392 4223 et
3417 4186 3552 4223 cum
3574 4171 3641 4222 iis

375 4264 493 4319 qua:
520 4248 849 4319 Epiphanius
884 4256 1211 4325 perscripsit,
1240 4274 1356 4329 qua:
1388 4257 1453 4312 ab
1485 4260 1610 4314 aliis
1640 4270 1767 4316 sunt
1806 4260 2063 4319 Patribus
2096 4265 2363 4335 exposita,
2397 4265 2635 4335 conferre
2665 4280 2684 4318 :
2712 4263 2803 4320 sed
2831 4267 2896 4319 ab
2919 4282 2980 4321 eo
3005 4266 3228 4320 consilio
3251 4268 3500 4320 revocavi
3531 4268 3642 4337 ipse

374 4359 474 4408 me,
504 4344 643 4412 quod
673 4360 794 4398 eum
833 4346 967 4401 mihi
1010 4348 1248 4403 laborem
1288 4350 1607 4418 iamdudum
1650 4355 1882 4409 aliorum
1921 4357 2192 4413 industria
2235 4360 2579 4415 sublevasset.
2628 4358 2842 4413 Etenim
2871 4370 3062 4428 praeter
3094 4368 3287 4414 veteres
3327 4359 3481 4425 illos,
3524 4359 3642 4414 Ire-

374 4448 568 4502 nwum,
598 4436 975 4508 Augustinum,
1026 4439 1402 4508 Philastrium,
1456 4443 1871 4513 Damascenum,
1910 4447 2320 4517 Tertullianum,
2356 4450 2677 4506 Clementem
2715 4450 3159 4519 Alexandrinum,
3210 4451 3639 4522 Hieronymum;

374 4548 437 4585 ac
466 4542 703 4600 caeteros,
742 4536 833 4604 qui
875 4546 969 4591 aut
1012 4534 1076 4592 de
1109 4536 1398 4594 haeresibus
1431 4543 1750 4598 nominatim
1788 4546 2136 4617 scripserunt,
2184 4559 2276 4602 aut
2314 4565 2497 4603 earum
2538 4552 2593 4604 in
2632 4550 2781 4604 libris
2825 4551 2936 4605 suis
2967 4561 3228 4621 utcunque
3256 4555 3637 4616 meminerunt,

374 4625 683 4681 recentiores
712 4629 916 4699 aliquot
941 4628 1121 4685 eodem
1151 4632 1206 4685 in
1238 4645 1551 4703 argumento
1578 4653 1790 4692 summa
1810 4655 1929 4692 cum
1960 4640 2119 4694 laude
2151 4652 2388 4696 versatos
2420 4644 2795 4708 memineram;
2826 4644 2881 4697 in
2912 4645 3099 4713 primis
3124 4653 3301 4700 autem
3327 4644 3639 4701 Gabrielen:

372 4714 700 4786 Prateolum,
730 4729 884 4791 atque
908 4722 1333 4779 illustrissimum
1356 4744 1672 4799 magnorum
1694 4733 1984 4788 Annalium
2015 4735 2358 4793 conditorem.
2392 4735 2627 4801 Quorum
2655 4737 2747 4792 ille
2765 4740 3029 4796 Ita'reseon
3058 4743 3294 4796 omnium
3318 4741 3640 4796 luculentis-

376 4813 570 4867 simum
605 4815 908 4886 catalogum
943 4816 1180 4875 litterato
1212 4821 1397 4878 ordine
1431 4827 1744 4881 contexuit:
1770 4828 1855 4882 hic
1878 4830 1936 4883 in
1964 4829 2264 4885 Annalibus
2294 4848 2390 4886 suo
2422 4849 2682 4905 quamque
2715 4844 2942 4904 tempore
2968 4841 3335 4909 consignatum
3372 4840 3637 4910 reliquit;

376 4914 587 4978 uterque
626 4924 731 4963 uno
759 4912 816 4964 in
850 4925 1128 4982 conspectu
1159 4932 1277 4985 qua:
1310 4918 1452 4987 apud
1493 4929 1686 4975 veteres
1719 4920 1841 4976 illos
1871 4922 2115 4993 dispersa
2156 4936 2312 4979 erant
2357 4944 2419 4979 ac
2447 4927 2709 4996 dissipata
2743 4932 3037 4999 proposuit.
3068 4920 3187 4985 Ilac
3224 4933 3390 5003 igitur
3418 4949 3560 4986 cura
3590 4944 3638 4986 et

376 5002 694 5070 cogitatione
720 5003 945 5072 solutus,
976 5008 1112 5061 hunc
1141 5025 1306 5063 unum
1332 5010 1402 5064 ad
1432 5028 1649 5081 scopum
1679 5015 2072 5069 commentandi
2101 5016 2334 5071 laborem
2367 5020 2527 5071 istum
2567 5020 2857 5090 conferant,
2906 5033 2963 5076 ut
3004 5025 3096 5094 qui
3127 5002 3319 5079 Latine
3353 5026 3505 5096 jam,
3541 5028 3638 5079 hoc

377 5104 451 5148 est
478 5096 674 5160 mimts,
708 5105 766 5150 ut
796 5112 968 5167 spero,
996 5100 1220 5158 barbare
1241 5107 1419 5161 studio
1454 5118 1637 5164 nostro
1667 5111 1903 5181 loquitur
1934 5110 2290 5182 Epiphanius,
2327 5114 2465 5169 idem
2495 5118 2634 5170 uotis
2667 5127 2717 5171 et
2750 5118 3311 5176 Animadversionibus
3335 5139 3442 5193 qua
3467 5125 3637 5179 casti-

380 5195 552 5259 gatus,
577 5205 683 5259 qua
712 5188 979 5246 illustrior
1007 5192 1205 5263 factus,
1236 5196 1466 5253 dilucide
1498 5212 1655 5272 atque
1687 5201 2039 5272 intelligenter
2072 5204 2129 5257 id
2164 5204 2352 5274 faciat,
2389 5210 2534 5263 ontni
2559 5211 2879 5266 obscuritate
2898 5210 3127 5267 detersa.

1043 5410 1113 5451 DE
1144 5411 1515 5456 INSCRIPTIONE
1555 5418 1767 5477 ονειιιε,
1798 5422 1861 5463 AC
1904 5422 1977 5463 XX
2014 5422 2251 5465 νιιιοιιυιι
2279 5426 2525 5468 ΗΕΕΕΞΕ(

1475 5417 1515 5456 [Ε
1555 5418 1767 5477 ορειιιε,
1798 5422 1861 5463 AC
1904 5422 1977 5463 XX
2014 5422 2251 5465 νιιιοιιυι
2279 5426 2575 5469 HERESEON
2606 5430 2957 5473 PARTITIONE.

444 5546 579 5603 Cum
609 5549 859 5607 adversus
895 5568 1036 5608 Lxxx
1071 5555 1317 5622 haereses,
1346 5574 1462 5628 qua:
1492 5560 1561 5613 ad
1597 5576 1751 5615 suam
1782 5572 1989 5618 a’tatent
2014 5567 2349 5633 exstiterant,
2392 5582 2691 5639 susceptum
2722 5592 2754 5627 a
2786 5593 2842 5631 se
2869 5578 2965 5630 ltoc
2993 5596 3122 5649 opus
3150 5581 3475 5650 proﬁteatur
3506 5582 3633 5653 Epi-

378 5642 620 5713 phanius,
662 5646 765 5703 duo
794 5649 1037 5718 qua’dam
1072 5662 1356 5706 occurrunt
1396 5654 1452 5708 in
1492 5670 1549 5708 eo
1594 5658 1799 5727 negotio
1830 5660 2239 5717 consideranda.
2268 5662 2535 5733 Alterum,
2563 5666 2779 5724 Itwresis
2803 5687 2990 5726 nomen
3021 5672 3283 5729 latissime
3312 5675 3366 5729 in
3394 5642 3630 5733 auibus-
