3778 6274
64 262 155 317 .55
920 249 1104 305 mon.
1144 247 1425 302 reum
1461 246 1849 304 IIPOOEﬂPlA
1885 246 1953 303 IN
1992 245 2379 305 PANARIUM.
3195 249 3303 306 iss

62 383 171 433 ιω
198 371 486 433 usurpari;
510 385 605 424 nec
636 366 705 421 ad
740 364 1100 435 theologorum
1133 380 1376 418 normam
1404 361 1647 418 vocabuli
1678 378 1832 416 usum
1859 362 2014 416 istius
2040 364 2203 433 exigi,
2228 380 2261 416 a
2290 364 2478 435 quibus
2510 364 2637 434 quid
2666 363 2876 432 proprie
2897 364 2965 416 sit
2988 362 3226 426 ha'resis,
3251 374 3304 417 et

60 478 295 537 quantum
348 463 564 532 reliquis
613 458 680 512 ab
728 457 883 511 sectis
925 456 1179 525 differat,
1223 454 1470 507 subtilius
1518 462 1673 524 atque
1714 453 2046 508 enucleatius
2081 454 2347 507 declarari
2380 454 2532 509 solet.
2578 452 2722 507 Nam
2769 469 2930 523 neque
2967 456 3166 523 priores
3196 454 3305 508 illa:

61 572 217 622 secta,
244 558 653 620 Barbarismus,
677 551 1030 623 Scythismus,
1055 549 1396 615 Judaismus,
1437 558 1697 620 quatenus
1728 546 1932 605 Christi
1954 559 2131 604 ortum
2164 550 2467 613 antecessit,
2488 552 2633 605 inter
2654 549 2879 605 hwreses
2913 550 3097 604 merito
3127 565 3305 603 recen-

61 667 257 719 sentur;
283 670 449 724 neque
479 652 607 704 ulla:
626 650 835 718 proprie
867 656 1024 703 secta:
1054 645 1440 709 Barbarorum,
1478 655 1570 698 aut
1601 642 1919 716 Scytharum
1955 645 2189 714 fuerunt.
2225 646 2416 717 Atque,
2447 655 2505 699 ut
2549 646 2851 716 diligentius
2883 645 2937 697 in
2970 643 3302 708 Hellenismi,

60 748 330 810 lvdaismi,
362 762 427 799 ac
453 743 821 799 Samaritismi
850 742 1042 808 species
1078 739 1401 802 inquiratur,
1430 738 1692 807 pleneque
1718 739 1947 807 forsitan
1978 756 2007 794 e
2034 756 2252 794 numero
2284 750 2570 805 sectarum,
2596 741 2702 794 sive
2729 738 2993 792 hwreseon
3019 736 3305 790 eximendte

61 848 220 900 mut;
247 836 312 889 de
343 852 457 906 qua
492 850 549 887 re
578 833 835 901 sparsim,
871 845 935 883 ac
972 829 1083 883 suis
1118 829 1249 883 locis
1284 830 1634 898 opportunius
1666 839 1873 901 agetur.
1917 828 1985 883 In
2034 829 2363 884 llellenismo
2398 831 2630 900 quidem,
2664 848 2782 885 cum
2811 843 3041 901 quatuor
3071 840 3305 882 tantum-

63 930 192 985 modo
220 939 394 983 sectas
422 927 1021 999 Epiphaniusnumeret
1044 939 1062 987 ;
1089 924 1315 992 inﬁnitw
1347 922 1567 994 adjungi
1595 924 1719 977 alite
1747 932 2068 993 potuerunt;
2099 940 2324 995 quorum
2349 924 2626 995 plerasque
2658 925 2711 978 in
2741 929 2885 978 calce
2919 922 3076 991 hujus
3108 924 3304 991 operis,

61 1026 102 1074 in
128 1021 242 1090 ﬁdei
268 1019 573 1074 Catholica
613 1016 933 1088 Compendio
972 1026 1281 1085 prosecutus
1310 1029 1410 1073 est.
1462 1016 1705 1070 Alterum
1737 1017 1836 1071 hoc
1882 1018 1938 1071 in
1975 1018 2182 1088 negotio
2228 1017 2673 1072 considerandum
2718 1028 2826 1082 est;
2860 1025 3095 1089 quamvis
3129 1033 3305 1070 omnes

60 1116 150 1167 Ille
167 1122 319 1167 secta:
356 1112 501 1165 inter
550 1113 775 1165 hiereses
823 1108 964 1163 haud
1008 1109 1269 1163 immerito
1306 1123 1641 1177 censeantur,
1683 1128 2015 1183 nequaquam
2048 1121 2224 1167 tamen
2255 1111 2553 1181 Epiphanio
2585 1114 2980 1183 octogenarium
3003 1114 3157 1166 illum
3182 1129 3305 1165 con-

60 1218 179 1259 stare
203 1220 509 1259 numerum.
546 1201 759 1256 Etenim
801 1201 857 1253 in
904 1199 1190 1269 partitione
1216 1200 1329 1267 ipsa
1361 1210 1551 1253 contra
1593 1200 1864 1254 dividendi
1890 1210 2154 1270 prrecepta
2189 1218 2293 1255 non
2343 1202 2687 1255 mediocriter
2726 1213 3004 1272 peccatum
3033 1213 3112 1256 est
3142 1220 3159 1255 :
3185 1220 3305 1257 cum

59 1298 287 1367 principio
322 1298 563 1367 quinque
597 1303 719 1348 ante
760 1291 1033 1349 Christum
1070 1303 1337 1347 sectarum
1363 1293 1586 1364 fastigia
1616 1306 2027 1364 proponuntur;
2062 1295 2466 1359 Barbarismus,
2518 1294 2875 1366 Scythismus,
2920 1296 3305 1364 Ilellenismus,

59 1390 369 1455 Iudaisnius,
414 1388 833 1445 Samaritismus
858 1402 877 1441 :
908 1402 971 1441 ac
1004 1385 1193 1441 deinde
1239 1389 1535 1457 posteriora
1582 1389 1688 1442 tria
1731 1405 1925 1459 genera
1964 1406 2021 1443 in
2062 1390 2201 1444 alias
2249 1390 2445 1459 species
2496 1390 2821 1443 tribuuntur.
2859 1387 2926 1441 Et
2958 1389 3304 1444 nihilominus

58 1500 217 1553 genera
243 1499 368 1536 cum
417 1480 677 1551 subjectis
720 1480 824 1534 sibi
864 1480 1109 1550 partibus
1138 1480 1378 1535 eumdem
1409 1481 1467 1534 in
1504 1498 1780 1536 numerum
1818 1498 2183 1553 summamque
2230 1482 2600 1551 conferuntur.
2650 1482 2803 1549 Quod
2847 1492 2926 1535 est
2957 1482 3011 1535 in
3046 1482 3307 1536 divisione

58 1581 465 1636 sitiosissintum.
492 1576 677 1648 Neque
700 1579 843 1632 enim
874 1594 1036 1648 genus
1067 1578 1217 1647 πρὸς
1239 1576 1313 1632 τὰ
1333 1577 1466 1646 εῑδη
1490 1577 1550 1632 ἀι

1812 1578 1956 1632 τῐται.
2001 1576 2069 1633 Ut
2099 1579 2146 1634 si
2196 1580 2378 1633 anima
2404 1580 2612 1649 vitaque
2639 1580 2922 1647 prceditum
2963 1593 3151 1646 corpus
3194 1580 3304 1645 pri-

62 1696 182 1732 mum
204 1678 257 1731 in
280 1676 501 1731 animal
528 1692 593 1729 ac
616 1675 857 1745 plantam
885 1676 1126 1743 partiare
1155 1690 1175 1728 :
1207 1683 1318 1727 tum
1348 1674 1553 1728 animal
1592 1675 1649 1730 in
1679 1684 1946 1741 terrestre,
1971 1676 2229 1745 aquatile,
2254 1674 2501 1739 volatile;
2533 1674 2776 1745 plantam
2798 1675 2851 1727 in
2878 1672 3112 1737 herbam,
3138 1674 3304 1743 fruti-

55 1784 208 1831 tenet
230 1773 486 1828 arborem
508 1787 531 1827 :
563 1787 629 1825 ac
656 1769 845 1825 deinde
896 1770 1131 1825 collectis
1162 1770 1429 1835 omnibus,
1459 1778 1577 1825 octo
1622 1772 1859 1840 corporis
1900 1772 2125 1825 animati
2164 1781 2342 1840 partes
2380 1788 2494 1827 esse
2539 1773 2873 1825 constituas:
2906 1774 3153 1826 nimirum
3187 1773 3304 1826 ani-

54 1872 163 1935 mal,
193 1868 487 1938 plantam;
526 1874 770 1920 terrestre
801 1865 1025 1931 animal,
1056 1865 1310 1933 aquatile,
1342 1866 1556 1920 volatile
1580 1881 1599 1920 :
1630 1866 1869 1931 herbam,
1894 1867 2141 1935 fruticem
2167 1878 2217 1922 et
2265 1866 2529 1923 arborem.
2562 1866 2651 1921 Ita
2677 1869 2817 1922 enim
2845 1869 2983 1924 inter
3018 1868 3299 1923 divisionis

52 1972 204 2032 partes
228 1948 445 2032 qenera
477 1960 620 2029 ipsa,
652 1974 771 2029 qua:
802 1957 1137 2021 dividuntur,
1175 1972 1451 2027 perperam
1476 1957 1697 2027 referas.
1733 1958 1887 2025 Quod
1930 1960 1985 2012 in
2026 1959 2125 2012 illa
2163 1962 2430 2013 hazreseon
2468 1958 2844 2013 distributione
2876 1962 3140 2014 commisit
3171 1961 3302 2032 Epi-

51 2056 272 2123 phanius.
304 2052 524 2121 Quippe
555 2059 663 2105 tres
688 2049 818 2114 illis,
845 2066 977 2121 quas
1009 2049 1148 2113 dixi,
1180 2049 1561 2115 Hellenismus,
1592 2049 1931 2115 Judaismus,
1972 2051 2389 2107 Samaritismus
2420 2069 2541 2106 cum
2582 2054 2692 2107 suis
2727 2054 2971 2122 partibus
3003 2054 3302 2123 conjuncta:

50 2168 287 2209 numam
309 2149 641 2219 conﬁciunt.
681 2145 830 2202 Unde
860 2146 1133 2202 subductis
1159 2157 1297 2202 recte
1327 2148 1590 2211 omnibus,
1617 2163 1735 2202 xvn
1776 2148 2037 2201 duntaxat
2077 2158 2199 2202 ante
2236 2148 2528 2212 Christum,
2562 2149 2799 2202 universe
2825 2165 2944 2202 vero
2972 2165 3157 2203 Lxxvu
3192 2149 3303 2203 hw-

50 2266 189 2313 mes,
213 2264 321 2302 non
350 2260 509 2302 Lux
540 2252 909 2299 numerantur.
934 2241 1205 2298 Prteterea
1230 2258 1298 2297 xx
1322 2242 1561 2312 priorum
1603 2243 1869 2297 hiereseon
1903 2243 2068 2297 alium
2101 2245 2155 2296 in
2181 2241 2423 2313 Epistola
2454 2244 2521 2297 ad
2551 2242 2811 2297 Acacium
2844 2252 2898 2297 ct
2920 2241 3151 2296 Paulum
3180 2256 3304 2312 prc-

51 2344 301 2413 sbyleros,
337 2348 392 2395 et
436 2339 499 2393 in
537 2336 1008 2410 Anacepbalazosi,
1036 2353 1197 2408 quam
1240 2334 1294 2391 in
1332 2336 1447 2404 ipso
1484 2336 1710 2393 decursu
1751 2338 1923 2407 operis
1965 2336 2200 2391 ordinem
2223 2336 2479 2391 instituit.
2540 2333 2829 2404 Utrumque
2860 2352 2954 2390 nos
2984 2336 3040 2389 in
3070 2335 3303 2394 sequenti

52 2438 212 2493 tabula
236 2438 649 2509 praposuimus.

885 2586 985 2643 XX
1027 2585 1282 2641 Priorum
1337 2584 1621 2645 haereseon
2570 2584 2670 2639 XX
2719 2585 2971 2641 Priorum
3018 2590 3298 2643 Increscon

956 2658 1095 2714 ordo
1117 2658 1172 2711 in
1199 2656 1519 2725 Anacephal.
2593 2656 2732 2713 ordo
2752 2674 2819 2713 cx
2842 2674 3007 2720 Opere
3025 2658 3276 2713 Panarii.

924 2801 957 2885 1
993 2801 1378 2885 paroarismus
2598 2795 2633 2885 ξ
2672 2795 3055 2885 ξιξψιδγίειηυε

921 2872 959 2925 2
993 2872 1341 2942 Scythismus

924 2942 959 2997 5
996 2941 1361 2997 Hcllenismus

2598 2865 2636 2919 2
2672 2865 3024 2938 Scythismus

2601 2936 2636 2990 5
2671 2935 3039 2995 llellenismus

926 3011 962 3065 4
997 3010 1317 3067 Judaismus
2607 3006 2642 3060 4
2678 3005 2994 3064 Judaismus

928 3083 962 3161 ξ
997 3081 1415 3161 §alnaritisntus
2490 3094 2512 3161 ί
2676 3077 2845 3161 _S_t_oici
2882 3149 2893 3160 .
2937 3150 2949 3161 _

928 3094 962 3137 5
1000 3094 1415 3135 Samarmsmus

928 3152 962 3205 6
997 3152 1038 3205 P
1078 3152 1323 3222 thagorci

373 3264 385 3274 .
494 3262 506 3272 .
929 3222 961 3276 7
1002 3169 1270 3277 Pilatonici

374 3277 508 3319 ἐπ”
930 3294 964 3348 8
1004 3294 1178 3347 Stoici

929 3363 963 3419 9
1002 3362 1252 3422 Epicurei

2603 3094 2636 3130 ο
2676 3094 2845 3132 more:

1871 3184 2187 3246 llellcnismi
2487 3094 2515 3350 ἒ

2608 3287 2642 3342 8
2677 3286 2933 3357 Epicurei

2607 3358 2641 3411 9
2682 3357 2985 3415 Samaritae.

171 3262 508 3319 Hellenismi
814 3262 839 3357 ς

2487 3262 2514 3350 (
2608 3262 2642 3342 ὲ
2677 3262 2932 3357 ὲῇἷέιῖΐέί

929 3363 963 3419 9
1002 3362 1258 3434 Epicurei
2679 3357 2985 3434 _S_amarit:n.

820 3446 843 3554 ς
898 3434 966 3554 :2

376 3534 553 3554 9.:-__:
1116 3520 1218 3554 mm

2572 3428 2640 3481 10
2676 3427 2870 3484 Esseni

2573 3498 2633 3550 11
2676 3497 2890 3554 -δθὺυτεί

898 3446 966 3488 w
999 3446 1264 3489 Uormem

174 3532 556 3591 δεδωπίῑίεωί
818 3446 843 3703 3
1003 3504 1218 3630 ἓξξὲῗξί

901 3646 971 3699 15
1008 3644 1254 3700 Dosithei

2572 3446 2640 3481 w
2676 3446 2870 3484 nssem

2573 3498 2633 3550 11
2676 3497 2891 3554 Sebuaai

2578 3568 2643 3622 12
2680 3569 2946 3627 Gortheni

2575 3640 2643 3692 15
2680 3637 2922 3696 Dosithei

901 3646 971 3699 i5
1008 3644 1254 3700 Dosithei
2575 3640 2643 3692 15
2680 3637 2922 3696 Dosithei

900 3716 967 3796 es
1000 3714 1206 3796 ἓςνίιξθε
1249 3785 1279 3796 ..
2498 3734 2523 3796 ι
2579 3709 2646 3796 εξ
2685 3710 2977 3796 unum

902 3786 969 3840 15
1004 3784 1279 3840 Pharismii
2497 3779 2526 3911 \
2579 3780 2645 3832 15
2685 3779 2893 3837 Scriba:

900 3856 968 3911 16
1007 3854 1295 3910 δδὰᾱυεεηὶ
2579 3851 2645 3905 16
2686 3850 2943 3906 PhariszL-i

173 3938 463 3997 Judaismi
819 3919 847 4052 ς
1000 3923 1492 4051 ἓὲἐὲἳτοὺθυιίειω

1874 3920 2141 3979 Judaismi
2500 3919 2527 4052 ς
2580 3921 2603 4043 ἒ
2615 3921 2648 4044 ἔ
2679 3919 3166 4046 ἓξὲιὲἳᾞὺθιηίδιω

901 4067 967 4121 19
1006 4066 1247 4121 Nazarwi

2500 4060 2523 4121 Ι
2582 4061 2649 4115 19
2688 4060 2883 4118 Osseni

898 4137 969 4193 20
1008 4134 1309 4193 Herodiani
2501 4130 2525 4187 \
2579 4130 2649 4186 20
2686 4132 2983 4189 lierodiani

116 4296 174 4352 In
200 4296 494 4367 posteriori
530 4296 667 4351 serie
702 4293 868 4350 Stoici
903 4303 1024 4349 ante
1054 4302 1274 4349 cwteras
1305 4287 1734 4361 philosophorum
1777 4297 1948 4341 sectas
1983 4285 2345 4351 collocantur;
2378 4286 2533 4342 aliter
2574 4299 2729 4361 atque
2776 4290 2830 4345 in
2872 4293 3042 4360 priori
3088 4292 3304 4361 fecerat,

52 4407 152 4459 qua
188 4391 343 4461 longe
389 4407 455 4444 ac
488 4391 545 4443 in
584 4398 738 4459 parte
783 4387 1117 4442 tolerabilior
1166 4394 1266 4441 est.
1305 4382 1446 4438 Hinc
1476 4396 1544 4437 est

1810 4380 2078 4433 itoicorum
2126 4389 2268 4434 secta
2314 4381 2478 4450 τρίτη
2513 4382 2632 4436 ἀπὸ
2678 4383 3080 4454 Ἑλληνισμοῦ
3122 4386 3191 4439 sit
3224 4386 3302 4438 in-

53 4483 254 4551 scripta.
292 4479 446 4535 Nam
482 4481 701 4534 tertium
731 4477 797 4533 ab
824 4477 1151 4533 Hellenismo
1179 4476 1352 4531 locum
1376 4473 1528 4527 habet
1557 4474 1614 4527 in
1643 4472 1800 4537 serie,
1831 4481 1889 4524 ut
1920 4470 2187 4524 Platonici
2213 4482 2481 4541 quartum,
2516 4482 2671 4543 atque
2700 4474 2775 4527 ita
2802 4476 3080 4546 deinceps;
3112 4494 3213 4531 non
3247 4485 3304 4532 ut

53 4579 469 4634 iuiuscrintione
497 4576 699 4632 Latina
731 4585 848 4637 est;
878 4575 1039 4632 tertia
1064 4572 1388 4631 llcllcnismi
1414 4576 1567 4628 secta
1597 4586 1743 4645 :opro
1776 4584 1879 4622 auo
1909 4566 2080 4622 scribe
2108 4581 2126 4620 .'
2156 4566 2340 4624 Tertia
2369 4569 2438 4623 ab
2462 4567 2795 4626 ilellenismo
2835 4580 3003 4627 secta.
