3754 6182
504 235 609 296 I55

1314 233 1544 292 ACACII
1582 232 1671 290 ET
1709 231 1920 290 PAULI
1958 229 2303 287 EPISTULA
2340 227 2432 283 AD
2464 225 2910 283 EPIPHANIUM.
3652 214 3715 273 ﬁt

539 425 3685 462 mm

1336 615 1961 777 ACACII
2038 616 2291 771 ET
2368 612 2943 777 PAULI

1836 882 2447 947 PBESBYTERORUM

1054 1069 1830 1205 EPISTOLA
1923 1065 2132 1197 AD
2227 972 3261 1197 EPIPHANIUM.

519 1472 755 1540 [cpistola
781 1487 918 1526 anno
947 1469 1269 1526 Diocletiani
1295 1485 1428 1535 xcn,
1473 1468 1832 1523 Valentiniani
1874 1475 1924 1522 et
1963 1466 2073 1520 Va-

2229 1458 2516 1528 ῗπιστολὴ
2562 1456 2852 1528 γραφεῖσα
2880 1453 2950 1509 ὲν
2972 1453 3072 1523 ζτῷ
3106 1450 3487 1521 ἐνενηκοστῷ
3513 1450 3715 1518 δευτέρῳ

594 1588 747 1643 lentis
778 1602 880 1650 xu,
915 1586 1159 1643 Gratiani
1202 1601 1327 1649 vm,
1361 1584 1430 1638 ad
1468 1583 1815 1652 Epiphaniam
1848 1582 2093 1637 Palwsti-

583 1717 711 1753 num
745 1697 1325 1766 Eleutheropolitanum
1369 1696 1603 1764 scripta,
1650 1695 1739 1764 qui
1798 1710 1915 1746 cum
1960 1694 2089 1747 olim

575 1815 909 1882 monasterii,
940 1812 1077 1885 quod
1120 1814 1176 1867 in
1212 1809 1736 1879 Eleutheropolitano
1776 1826 1901 1879 agro
1929 1808 2090 1861 situm

581 1936 679 1995 est,
728 1926 892 1981 Pater
930 1925 1138 1995 fuisset,
1176 1925 1271 1979 hoc
1316 1937 1542 1992 tempore
1584 1922 1939 1987 Constantia},
1977 1938 2093 1992 qua:

584 2040 709 2094 urbs
730 2048 805 2095 est
827 2041 1106 2110 provincia:
1132 2037 1314 2109 Cypri,
1345 2039 1611 2107 episcopus
1634 2048 1710 2091 est
1742 2053 1759 2091 :
1791 2039 1855 2090 ab
1898 2036 2093 2089 Aracio

584 2165 635 2210 et
670 2154 842 2209 Paulo
868 2155 1183 2225 presbyteris
1206 2165 1255 2209 et
1281 2154 1643 2207 archimandri
1654 2155 1739 2220 tis,
1764 2146 1859 2207 hoc
1882 2161 1959 2207 est
1982 2169 2093 2207 mo-

586 2267 941 2321 nasteriorum
971 2267 1291 2335 pra'positis,
1325 2266 1377 2319 in
1403 2262 2020 2345 regione’Carchedonis,
2042 2273 2092 2317 et

588 2381 805 2444 Beraza',
836 2379 999 2434 Cwles
1033 2377 1205 2449 Syria:
1233 2394 1251 2431 :
1286 2394 1389 2448 qua
1427 2377 1716 2445 postulant,
1750 2385 1807 2429 ut
1842 2374 2090 2429 adversus

586 2496 809 2549 Iucreses
854 2490 1050 2546 scribat
1085 2505 1103 2543 :
1134 2505 1254 2542 cum
1308 2488 1428 2559 jam
1467 2506 1500 2542 a
1549 2488 1731 2541 multis
1769 2488 1984 2556 insuper
2008 2502 2091 2541 ro—

586 2618 763 2679 gatus,
789 2616 845 2660 ut
866 2605 960 2661 hoc
984 2607 1291 2675 susciperet,
1323 2614 1499 2675 atque,
1530 2612 1587 2656 ut
1632 2604 1708 2655 ita
1735 2602 1909 2654 dicam
1929 2640 1947 2666 ,
1996 2616 2088 2654 co-

591 2735 742 2779 aetus
776 2724 987 2794 fuisset.

586 2858 823 2912 Domino
865 2870 987 2909 meo
1038 2854 1493 2917 honoratissimo,
1541 2859 1704 2922 atque
1741 2851 1797 2905 in
1839 2849 2092 2906 omnibus

522 2948 934 3018 ι’ττιιιςὶιιςῙεείιηο
977 2944 1127 2997 Patri
1170 2942 1477 3013 Epiphanio
1519 2943 1808 3011 epismpo,
1860 2937 2094 2993 Aeacius

524 3051 573 3093 et
599 3039 797 3091 Paulus
850 3034 1187 3105 presbyteri,
1236 3031 1716 3097 archimandritre,
1759 3031 1815 3084 in
1865 3028 2095 3084 Domino

524 3132 776 3186 salutem.

598 3222 820 3278 Pietatis
854 3220 1073 3291 quidem
1106 3227 1232 3285 tuae,
1268 3216 1449 3283 Pater,
1489 3222 1743 3287 aspectus
1796 3215 1915 3286 ipse
1964 3214 2097 3271 satis

524 3330 649 3371 esse
681 3320 930 3384 poterat;
954 3312 1055 3382 qui
1095 3326 1196 3367 nos
1245 3310 1582 3380 spiritalibus
1625 3307 1968 3365 sermonibus
1998 3306 2101 3359 im-

531 3406 731 3477 plevit;
772 3419 837 3457 ac
874 3410 985 3456 tam
1026 3402 1320 3456 vehemens
1354 3402 1511 3455 nobis
1539 3401 1615 3453 tui
1649 3399 1977 3453 desiderium
2011 3397 2099 3450 in-

528 3496 706 3559 didit,
747 3501 1038 3564 postquam
1091 3500 1184 3545 tuo
1223 3492 1390 3546 semel
1434 3492 1539 3545 frui
1592 3500 1891 3559 conspectu
1925 3489 2097 3541 licuit.

529 3585 735 3642 Verum
797 3584 1058 3654 quoniam
1138 3584 1335 3651 praevia
1394 3582 1643 3652 discipuli
1704 3581 1907 3634 Christi
1962 3580 2101 3632 fama

530 3678 827 3733 verborum
870 3677 1024 3743 ejus,
1058 3673 1437 3744 factorumque
1498 3672 1850 3743 fragrantiam
1901 3672 2103 3740 ubique

531 3770 813 3840 prtedicat,
849 3767 998 3837 angit
1022 3781 1159 3832 nos,
1200 3773 1256 3820 et
1283 3765 1562 3828 sollicitat,
1596 3776 1653 3819 ut
1688 3765 1835 3818 illius
1866 3779 1965 3817 nos
1988 3778 2105 3817 ser-

534 3863 794 3917 monibus
819 3876 883 3914 ae
919 3859 1102 3914 sensis
1148 3857 1365 3928 explere
1408 3856 1745 3912 Studeamus.
1781 3857 1973 3910 Coram
2004 3854 2105 3924 igi-

532 3966 625 4010 tur
646 3955 907 4009 adeuntes
936 3968 1035 4023 par
1065 3959 1204 4018 erat,
1238 3950 1358 4021 ejus
1375 3966 1496 4021 quae
1526 3950 1578 4005 in
1604 3960 1674 4014 te,
1698 3949 1922 4019 perinde
1945 3957 2105 4018 atque

536 4052 593 4105 in
619 4047 884 4119 apostolis
920 4054 1026 4110 est,
1061 4046 1251 4115 gratiae
1277 4043 1660 4098 communione
1688 4041 1965 4113 Pcrl‘undi.
1997 4040 2103 4095 Sed

2264 1555 2383 1607 ἔτει
2432 1552 2543 1621 τῆς
2584 1547 3006 1617 Διοχλητιανοῦ
3047 1545 3401 1610 βασιλείας,
3449 1545 3711 1597 Dialem-

2262 1644 2493 1711 νιανοῦ,
2536 1644 2633 1697 καὶ
2678 1640 3012 1705 Οὐάλεντος
3050 1640 3225 1704 ἐτους
3272 1634 3617 1697 δωδεκάτου,
3648 1638 3711 1686 καὶ

2261 1737 2591 1808 Γρατιανοῦ
2621 1736 2796 1800 ἔτους
2826 1733 3061 1802 ὀγδόου,
3092 1730 3241 1799 πρὸς
3268 1727 3611 1797 Ἐπιεράνιον
3636 1730 3713 1777 Ha.

2262 1828 2593 1896 λαιστηνὸν
2641 1821 3208 1891 Ἐλευθεροπολίτην
3231 1859 3247 1884 ,
3289 1819 3609 1888 γενόμενον
3634 1820 3713 1867 Ha-

2263 1916 2400 1984 τέρα
2426 1912 2835 1984 μοναστηρίου
2859 1911 2929 1963 ἐν
2964 1907 3037 1977 τῇ
3067 1906 3177 1975 τῆς
3197 1906 3389 1972 αὐτῆς
3429 1906 3713 1971 Ἐλευθείιο

2262 2010 2493 2073 πόλεως
2514 2004 2826 2073 περιοικίᾳ,
2843 2002 3181 2056 ἐπίσκοπον
3209 2000 3354 2052 ὄντα
3375 1998 3513 2052 νυνι
3537 1998 3715 2059 πόλεως

2261 2098 2712 2161 Κωνσταντείας
2753 2093 3043 2162 ἐπαρχίας
3079 2096 3320 2160 Κύπρου
3341 2130 3356 2153 ,
3400 2088 3559 2157 παρὰ
3592 2090 3714 2141 Ἀκαο

2262 2186 2539 2241 κίουκαὶ
2586 2185 2827 2238 Παύλου
2891 2180 3307 2250 πρεσϐυτέρων
3354 2179 3453 2231 καὶ
3489 2179 3715 2245 ἀρχιμιιγ-

2263 2273 2498 2341 δριτῶν,
2527 2271 2803 2325 τουτέστι
2832 2270 3103 2338 πατέρων
3132 2267 3549 2338 μοναστηρίων
3570 2266 3716 2334 paper

2264 2364 2648 2434 Καρχηδόνος
2675 2363 2771 2416 καὶ
2820 2361 3100 2430 Βερῤοίας
3132 2360 3243 2428 τῆς
3282 2362 3494 2426 κοίλης
3528 2361 3715 2426 Σιγείις.

2263 2458 2394 2525 περὶ
2442 2457 2549 2511 τοῦ
2604 2455 2754 2509 κατὰ
2803 2454 3090 2523 αἱρέσεων
3128 2450 3343 2506 πασῶν
3391 2451 3632 2520 γράψαι·
3669 2454 3717 2502 οὐ

2257 2544 2383 2615 μὴν
2421 2544 2583 2599 ἀλλὰ
2623 2544 2721 2597 καὶ
2756 2541 3003 2595 πολλῶν
3040 2539 3573 2610 προτρεψαμένω,
3620 2540 3714 2599 καὶ,

2262 2638 2344 2703 ὡς
2406 2636 2599 2690 ειπεῖν
2622 2675 2639 2702 ,
2690 2632 3161 2704 ἀναγκασάντων
3206 2633 3391 2687 αὐτὸν
3441 2634 3529 2699 εις
3587 2632 3715 2684 τοῦτο

2264 2728 2458 2797 ἥκειν.

2272 2862 2364 2933 Τῷ
2396 2861 2570 2934 κυρίῳ
2611 2877 2712 2931 μου
2749 2858 2845 2913 καὶ
2870 2856 3185 2929 τιμιωτάτῳ
3213 2855 3355 2910 κατὰ
3394 2854 3572 2908 πάντα
3607 2854 3719 2905 εὐλι-

2197 2955 2440 3025 ϐεστάτῳ
2465 2954 2639 3024 Πατρὶ
2676 2952 2977 3022 Ἐπιφανίῳ
3017 2951 3300 3020 ὲπισκόπῳ
3342 2948 3592 3009 ’Δκάκιος
3629 2962 3718 3013 τιε-

2198 3044 2458 3116 σϐύτερος
2496 3043 2590 3097 καὶ
2643 3041 2853 3106 Παῦλος
2900 3039 3300 3112 πρεσϐύτερος,
3336 3036 3718 3109 ἀρχιμανδρίτει,

2197 3140 2254 3190 ἐν
2280 3136 2472 3207 Κυρίῳ
2508 3134 2741 3205 χαίρειν.
2938 3181 2942 3185 .

2271 3230 2467 3299 Ἤρκει
2513 3226 2609 3295 μὲν
2658 3227 2693 3295 ἡ
2737 3223 2834 3276 θέα
2875 3223 2975 3293 τῆς
3025 3221 3127 3293 σῆς
3169 3220 3513 3287 θεοσεϐείας,
3554 3220 3718 3285 Πάτερ»

2198 3320 2527 3391 ἐμπλήσασα
2558 3315 2943 3386 πνευματικῶν
2966 3315 3247 3386 ῥημάτων,
3265 3314 3361 3367 καὶ
3382 3311 3718 3383 ἐμφυτεύτιτι

2196 3412 2289 3463 τὸν
2344 3408 2596 3461 τοσοῦτον
2641 3406 2776 3477 πρὸς
2813 3407 2961 3475 ἡμᾶς
3003 3406 3199 3469 πόθον,
3244 3405 3498 3473 γεγονότα
3534 3402 3623 3469 τῆς
3659 3401 3719 3465 τῆς

2199 3500 2462 3569 cometa;
2499 3496 2896 3567 μεταλαϐοῦσιν
2920 3512 2933 3524 ·
2963 3495 3077 3549 ἀλλ’
3113 3494 3303 3565 ἐπειδὴ
3336 3494 3625 3565 πρόδρομος
3656 3492 3717 3557 gr"-

2206 3612 2279 3665 μη
2324 3591 2562 3663 μαθητοῦ
2586 3588 2679 3643 τοῦ
2712 3589 2961 3659 Σωτῆρος
2989 3587 3248 3659 κηρύττει
3282 3587 3379 3656 τὴν
3407 3587 3502 3655 τῆς
3548 3583 3721 3641 εΜᾷις

2202 3685 2310 3737 τῶν
2342 3683 2601 3753 ῥημάτων
2638 3681 2731 3733 καὶ¹
2761 3679 3010 3750 πράξεων
3037 3678 3233 3749 ὁρμὴν,
3262 3678 3419 3747 ἄγχει
3452 3678 3540 3729 καὶ
3575 3673 3719 3735 λέξεων

2202 3774 2295 3827 καὶ
2313 3772 2403 3825 νοῦ
2431 3771 2755 3841 κορεσθῆναι
2774 3787 2786 3799 ⁸
2818 3770 2925 3821 ἔδει
2954 3768 3053 3839 μὲν
3074 3769 3305 3838 uomet;
3332 3767 3577 3828 ἐλθόντας
3601 3779 3719 3833 μετι-

2202 3863 2384 3916 λα6εῖν
2424 3866 2521 3933 τῆς
2570 3863 2633 3913 ἐκ
2673 3858 2808 3912 Θεοῦ
2851 3859 3099 3928 δοθείσης
3135 3875 3215 3910 σοι
3265 3859 3513 3928 χάριτος,
3551 3856 3620 3916 ὡς
3646 3852 3721 3910 ταῖς

2203 3954 2547 4016 ἀποστόλοιςο
2614 3951 2727 4005 ἀλλ’
2775 3951 2899 4003 ἐπεὶ
2952 3952 2984 4020 ἡ
3032 3949 3147 4012 ὁδὸς
3196 3947 3463 4016 ἐπεσχέθη
3510 3946 3607 3997 ὑπὸ
3659 3943 3722 4007 Ti;

2204 4046 2513 4118 ἀρρωστίας
2563 4043 2663 4112 τῆς
2725 4042 3042 4112 σωματικῆς
3088 4042 3181 4094 καὶ
3236 4038 3626 4109 ταλαιπωρίας,
3656 4035 3721 4086 clx

537 4157 666 4196 cum
697 4141 799 4195 iter
830 4138 964 4193 illud
995 4138 1152 4192 nobis
1182 4136 1429 4205 corporis
1468 4136 1756 4207 aegritudo,
1787 4142 1840 4189 et
1876 4136 2091 4204 languor

2232 4138 2542 4207 σχύσαμεν,
2596 4135 2747 4187 αὐτοὶ
2793 4133 3072 4202 γενόμενοι
3115 4132 3250 4202 πρὸς
3303 4132 3427 4193 τοὺς
3469 4130 3623 4191 πόδας
3662 4144 3723 4176 τω

539 4232 944 4295 intercluserit;
971 4230 1194 4284 minime
1232 4228 1333 4295 ipsi
1364 4228 1642 4298 potuimus
1680 4228 1746 4281 ad
1792 4227 1956 4296 pedes
1984 4234 2108 4280 tuos

538 4324 809 4396 provoluti
841 4321 1115 4392 spiritales
1147 4331 1479 4388 sanctosque
1511 4304 1880 4373 sermonesex
1899 4334 1993 4373 ore
2012 4325 2108 4372 tuo

538 4422 827 4469 manantes
877 4414 1090 4475 audire,
1115 4426 1179 4464 ac
1213 4410 1443 4464 discere.
1482 4408 1592 4463 lloe
1623 4409 1765 4463 enim
1789 4424 2108 4479 persuasum

541 4507 836 4569 habemus,
870 4503 915 4556 si
947 4502 1167 4572 quidem
1209 4516 1457 4556 essemus
1503 4499 1683 4571 digni,
1730 4500 2012 4554 venientes
2043 4500 2110 4553 ad

540 4608 615 4661 te,
653 4604 707 4651 et
735 4595 1017 4650 audientes
1044 4609 1165 4655 nos,
1198 4592 1251 4646 in
1302 4608 1368 4647 eo
1405 4592 1698 4647 sanctioris
1732 4592 1854 4645 vitae
1884 4608 2107 4663 genere,

543 4687 687 4758 quod
719 4685 1074 4755 arripuimus,
1108 4682 1491 4738 conﬁrmatum
1538 4683 1639 4749 iri;
1693 4682 1988 4736 dummodo
2017 4698 2111 4736 ex-

547 4788 777 4833 tremum
832 4777 980 4830 illius
1034 4790 1098 4829 ac
1160 4790 1432 4829 summum
1500 4789 1806 4827 mereamur
1870 4774 2111 4844 assequi.

547 4865 997 4935 Quandoquidem
1018 4864 1181 4934 igitur
1206 4863 1764 4927 adversayalctudine
1793 4862 2110 4931 premimur,

550 4958 804 5029 pietatem
828 4963 974 5008 tuam
1006 4956 1351 5009 vehementer
1370 4970 1625 5018 oramus,
1658 4962 1718 5006 ut
1740 4969 1927 5008 eorum
1958 4955 2117 5009 nobis

551 5047 985 5103 communionem
1015 5062 1081 5099 ne
1109 5048 1371 5109 invideas,
1402 5061 1521 5115 qua:
1547 5046 1600 5098 in
1627 5054 1678 5098 te
1710 5060 1897 5099 revera
1930 5051 2060 5098 sunt
2086 5060 2118 5098 a

556 5141 839 5197 Salvatore
868 5142 1085 5195 collata.
1132 5139 1337 5195 Etenim
1373 5156 1479 5194 non
1512 5156 1613 5194 nos
1643 5141 1745 5210 ipsi
1773 5141 1986 5206 solum;
2023 5139 2120 5195 sed

553 5239 609 5287 et
636 5229 872 5284 universi
903 5270 918 5293 ,
968 5230 1059 5298 qui
1104 5230 1426 5294 audierunt,
1484 5246 1684 5285 novum
1720 5241 1772 5286 te
1810 5232 2119 5300 apostolum

555 5335 967 5393 praeconemque
989 5320 1316 5375 conﬁtentur
1346 5336 1375 5374 a
1399 5320 1615 5377 Christo
1649 5323 1808 5377 nobis
1839 5325 1941 5377 hac
1963 5329 2122 5378 aetate

555 5412 901 5484 productum,
951 5412 1098 5464 velut
1131 5410 1360 5463 alterum
1394 5413 1681 5480 quemdam
1728 5411 1991 5466 Joannem
2014 5450 2030 5475 ,
2061 5418 2121 5464 ut

2210 4228 2744 4301 προκαλινδούμενοι,
2784 4225 3015 4278 ἀκοῦσαί
3050 4242 3109 4277 τε
3142 4226 3235 4277 καὶ
3276 4223 3466 4294 μαθεῖν
3495 4222 3556 4274 τὰ
3600 4222 3722 4272 ἐκπυ-

2212 4320 2477 4393 ρευόμενα
2510 4316 2853 4388 πνευματικὰ
2886 4317 3018 4385 ἅγια
3057 4318 3277 4387 ῥήματα
3304 4316 3368 4367 ἐκ
3401 4314 3493 4366 τοῦ
3531 4311 3616 4365 σοῦ
3644 4312 3721 4362 στά-

2214 4429 2399 4483 ματος.
2435 4407 2769 4479 Πιστεύομεν
2794 4407 2922 4478 γὰρ,
2972 4409 3089 4471 ὅτι,
3134 4410 3181 4459 εἰ
3228 4402 3370 4477 ἦμεν
3412 4405 3572 4469 ἄξιοι,
3610 4402 3722 4454 ἀνεὶ-

2213 4503 2396 4565 θόντες
2429 4518 2490 4553 τε
2527 4500 2621 4553 καὶ
2665 4498 3014 4563 ἀκούσαντες,
3061 4497 3457 4569 ἐστηριζὸμεθα
3489 4496 3577 4565 τὴν
3614 4493 3723 4545 :5};-

2212 4594 2381 4654 τείαν,
2423 4592 2488 4664 ἢν
2531 4592 2970 4663 προϐεϐλὴμεθα,
3004 4592 3055 4643 εἷ
3112 4592 3277 4659 ἐσμεν
3318 4590 3455 4655 ἄξιοι
3498 4589 3552 4641 τὸ

2212 4686 2414 4753 ταύτης
2459 4683 2801 4737 καταλαϐεῖν.
2832 4683 2945 4751 Τῆς
2981 4677 3072 4735 οὖν
3112 4682 3420 4753 ἀρρωστίας
3449 4676 3719 4733 utamini/,4-

2218 4792 2315 4846 σης
2354 4772 2589 4843 θεόμεθα
2618 4774 2717 4843 τῆς
2754 4772 3023 4842 τοσαύτης
3064 4788 3156 4823 σου
3192 4770 3514 4833 θεοσεϐείας,
3542 4768 3612 4837 μὴ
3636 4766 3720 4832 elic-

2216 4868 2385 4939 νήσῃς
2410 4865 2727 4936 μεταδοῦναι
2757 4865 2864 4917 ἀπὸ
2891 4864 2997 4917 τῶν
3036 4863 3238 4933 δεδωρη
3248 4863 3425 4933 μένων
3461 4879 3533 4914 σοι
3559 4856 3721 4922 diffisi.

2218 4960 2322 5013 ὑπὸ
2372 4958 2465 5011 τοῦ
2534 4957 2802 5027 Σωτῆρος.
2875 4953 3272 5026 Ὀμολογοῦμεν
3341 4953 3449 5023 γὰρ
3502 4951 3556 5002 οὐ
3609 4949 3721 5017 μένειν.

2218 5053 2399 5122 ἡμεῖς,
2433 5048 2569 5103 ἀλλὰ
2599 5050 2694 5101 καὶ
2735 5049 2933 5109 πάντες
2969 5048 3017 5099 οἱ
3066 5045 3379 5109 ἀκούοντες,
3410 5046 3486 5097 ὅτι
3516 5044 3567 5094 ἐν
3598 5038 3721 5101 ταὲττ

2218 5146 2284 5214 τῇ
2308 5143 2469 5212 γενεᾷ
2497 5142 2613 5196 νέον
2637 5158 2695 5193 σε
2718 5139 3011 5193 ἀπόστολον
3038 5138 3263 5209 ἤγειρεν
3293 5138 3424 5205 ἡμῖν
3451 5134 3533 5185 κιιί
3556 5131 3721 5198 κήρυκι

2219 5236 2248 5287 ὁ
2289 5233 2540 5307 Χριστὸς,
2593 5233 2847 5302 Ἰωάννην
2892 5232 3035 5293 νέον,
3070 5228 3164 5283 καὶ
3198 5228 3485 5299 κηρύσσειν
3520 5224 3580 5275 τὰ
3616 5222 3717 5285 ὀξέι·

2220 5324 2420 5394 λόμενα
2446 5323 2813 5393 φυλάσσεσθαι
2840 5322 2943 5375 ὑπὸ
2973 5321 3080 5373 τῶν
3105 5321 3194 5373 τὸν
3216 5320 3411 5391 δρόμον
3434 5315 3604 5369 τοῦτον
3634 5325 3713 5377 :{fz

2224 5416 2584 5486 ϐαλλομένων.
2612 5415 2717 5467 Τοῦ
2750 5410 2842 5468 οὖν
2877 5412 3055 5467 κοινοῦ
3084 5410 3314 5481 ἀδελφοῦ
3350 5400 3723 5479 Μαρκέλλου

555 5516 619 5556 ea
640 5500 988 5572 prteciperes,
1022 5513 1144 5568 qua:
1173 5498 1242 5551 ab
1275 5498 1344 5552 iis
1386 5501 1649 5553 servanda
1681 5510 1829 5564 sunt,
1875 5502 1968 5570 qui
2000 5516 2090 5556 ses

2229 5513 2291 5580 τῇ
2324 5508 2557 5579 τοσαῦτῃ
2593 5510 2751 5581 φήμῃ
2790 5505 3114 5578 ἀγχομένου,
3147 5505 3240 5559 καὶ
3266 5502 3541 5571 ἑλκομένου
3570 5498 3631 5563 τῇ
3662 5508 3727 5539 τι-

556 5592 610 5646 in
650 5592 779 5645 illud
810 5591 1142 5646 curriculum
1167 5590 1558 5645 commiserint.
1602 5591 1964 5656 Quamobrem
1995 5607 2119 5647 cum

559 5686 845 5744 Marcellus
870 5686 1175 5744 communis
1205 5693 1453 5743 nostrum
1487 5687 1728 5743 omnium
1756 5688 1921 5745 frater
1958 5700 2117 5748 tantae

2229 5602 2383 5671 θήσει
2409 5604 2507 5672 τῆς
2534 5600 2632 5670 σῆς
2656 5600 2982 5662 θεοσεϐείας,
3012 5599 3163 5661 ὄντος
3186 5614 3244 5649 τε
3280 5595 3373 5649 καὶ
3395 5593 3487 5661 τῆς
3505 5588 3725 5659 ἡμετέρις

2230 5695 2486 5766 μάνδρας,
2532 5693 2777 5769 αῦτὸνντε
2806 5692 3081 5764 ῦπηρέτην
3118 5688 3409 5756 ἐσχηκότες
3450 5684 3540 5751 τῆς
3578 5674 3729 5732 7931';
