3778 6272
64 315 139 370 ιςγ
727 302 1075 359 EPlPllANll
1114 303 1566 363 RESCRIPTUM
1610 306 1703 360 AD
1741 305 2048 364 ACACIUM
2064 307 2177 370 ,ET
2214 306 2520 364 PAULUM.

3146 310 3249 366 158

61 451 134 503 της
150 430 269 493 ὁδοῦ,
301 426 390 480 καὶ
422 425 819 493 νεοκατηχητου
851 423 1024 486 ὄντος,
1062 423 1443 495 ἐπετρέψαμεν
1468 426 1566 494 τὴν

1729 443 1827 480 ma:
1853 426 2226 497 magnitudine
2275 425 2625 490 stimulatus,
2661 423 2729 478 ad
2777 430 2831 480 te
2881 423 3097 495 pietatis
3143 433 3252 480 tua:

62 522 269 591 τοσαύτην
314 518 468 589 ἡμῶν
523 516 725 585 τόλμαν
771 514 880 566 τῶν
920 516 1260 585 ἁμαρτωλῶν
1301 517 1438 586 πρὸς
1480 518 1570 569 τὸν

68 617 258 688 μαθητήν
300 630 356 665 σε
404 609 499 663 τοῦ
536 610 803 679 Σωτῆρος.
837 610 902 659 Ὃ
943 607 999 659 δὲ
1032 606 1289 677 ἀξιοῦμεν
1327 608 1434 660 τῶν
1479 610 1576 679 ῥη-

67 709 211 760 Θέντων
236 721 307 755 σοι
334 702 465 773 πρός
498 717 650 762 τινας
675 699 956 766 ἀδελφοὺς,
992 697 1071 761 είς
1114 697 1362 749 παιδείαν
1400 697 1575 767 δωρή-

70 797 210 851 σεσθαι
234 797 355 864 ὅπερ
386 793 467 845 σοί
490 792 588 863 μὲν
612 791 690 861 τῷ
718 791 910 861 δικαίῳ
950 789 1189 859 ἀϐαρὲς,
1213 792 1343 860 ἡμῖν
1377 789 1432 842 δὲ
1466 792 1579 853 τοῖς

68 888 340 958 ἁμαρτωλοῖς
388 883 784 956 μεταλαῶὗσιν
833 882 1203 954 εὐφρανθῆναι
1251 884 1310 935 ἐν
1363 881 1572 954 Κυρίῳ.

76 974 440 1047 ἐμπλησθέντες
459 973 571 1045 γάρ
604 990 695 1025 σου
732 971 839 1024 τῶν
874 972 1261 1042 πνευματικῶν
1294 973 1575 1043 ῥημάτων,

68 1065 459 1135 ἑπικουφιζόμεθα
495 1064 605 1117 τῶν
644 1064 884 1133 ἀνομιῶν
924 1063 1101 1133 ἡμῶν.
1144 1062 1486 1133 Ἥκούσαμεν
1521 1062 1578 1115 δὲ

69 1158 353 1229 ἐπικληθέντα
398 1157 642 1227 ὀνόματα
684 1157 789 1208 ὑπὸ
832 1156 929 1224 τῆς
970 1157 1069 1226 σῆς
1111 1156 1424 1225 τιμιότητος
1455 1157 1577 1217 ταῖς

68 1254 293 1319 εἷρὲσεσιν,
326 1243 396 1303 ὧν
431 1250 669 1318 ἑκάστης
709 1246 1002 1318 θρησκείας
1046 1246 1304 1316 ἀξιοῦμεν
1338 1246 1435 1317 τὴν
1480 1246 1578 1317 σὴν

69 1342 305 1395 ἑεοσέὗειαν
332 1340 630 1410 διαρρήδην
653 1340 782 1407 ἡμῖν
806 1336 1043 1408 δηλῶσαι
1070 1338 1167 1408 τὴν
1194 1336 1425 1407 αἵρεσιν.
1456 1336 1578 1405 Ἰση

68 1433 371 1503 γὰράπάντων
395 1433 428 1501 ἡ
455 1430 654 1501 δωρεά.
677 1432 785 1483 Καὶ
806 1430 863 1481 σὲ
882 1427 1139 1499 ἀξιοῦμεν
1166 1427 1327 1498 εὐχὴν
1351 1427 1579 1497 ποιήσα-

70 1524 169 1584 σθαι,
196 1522 244 1573 σὲ
265 1520 349 1572 τὸν
372 1519 585 1572 δίκαιον
614 1518 693 1589 τῷ
728 1520 937 1590 Κυρίῳ,
970 1520 1109 1592 ὑπὲρ
1132 1518 1348 1571 πάντων
1377 1518 1484 1570 τῶν
1518 1533 1578 1569 σε

70 1612 325 1672 ποθούντων,
354 1611 447 1662 καὶ
473 1609 842 1679 ἐκδεχομένων
891 1610 990 1678 τὴν
1020 1608 1173 1679 παρὰ
1215 1608 1308 1661 σοῦ
1348 1607 1575 1678 δωρεάν.

76 1706 134 1757 Ἐν
161 1704 352 1773 νηστείᾳ.
392 1704 487 1754 καὶ
523 1702 655 1772 εὐχῇ
696 1703 861 1769 ὲσμεν
906 1700 996 1752 τὸν
1024 1700 1198 1753 κοινὸν
1236 1699 1391 1770 ήμῶν
1429 1699 1579 1752 ἁδελ-

70 1800 152 1866 φὸν,
177 1796 401 1865 δεχθὲιτα
430 1794 539 1846 ὑπὸ
563 1795 665 1863 τῆς
707 1792 804 1863 σῆς
842 1792 1154 1861 τιμιότητος
1187 1790 1457 1861 ἀσμένως,
1484 1789 1579 1842 κα)¹

70 1891 233 1957 mica:
258 1888 347 1957 τὴν
373 1887 477 1939 ὑπὸ
499 1884 596 1938 σοῦ
617 1884 822 1954 δεδωρη
831 1884 999 1953 μένην
1032 1882 1258 1953 δωρεάν,
1292 1882 1385 1934 καὶ
1407 1880 1579 1943 οὕτως

70 1982 320 2052 ἀναπέμψαι
353 1980 450 2043 τὰς
480 1977 541 2043 ἐξ
576 1978 732 2040 ἔθους
769 1975 935 2046 εὐχὰς
966 1975 1165 2045 Πατρὶ,
1196 1975 1288 2027 καὶ
1320 1973 1453 2044 Υίῷ,
1483 1972 1577 2025 καὶ¹

70 2078 166 2145 ἁγίῳ
208 2074 489 2142 Πνεῦματι.
537 2071 747 2132 Πάντες
797 2068 1107 2131 ἐλπίζουσιν
1146 2068 1197 2119 οἱ
1246 2066 1465 2135 ἀδελφοὶ
1506 2068 1574 2137 τῇ

71 2168 140 2219 ea
166 2166 241 2219 σοῦ
276 2167 397 2236 εὐχῇ
433 2165 577 2235 ὑπὲρ
618 2162 799 2216 αὐτῶν
846 2160 1142 2230 γιγνομένῃ
1194 2158 1571 2229 στηριχθῆναι.

68 2257 426 2326 Πιμκαλοῦμεν
460 2256 535 2326 μὴ
576 2255 805 2323 ὀκνῆσαι
848 2250 1170 2323 μεταδοῦναι
1199 2250 1357 2321 χάριν
1388 2249 1573 2320 θεῖκὴν

71 2349 277 2417 ἐσχηκότα
305 2346 634 2401 ἀποστόλων.
673 2345 879 2407 Πάντες
904 2344 954 2396 οί
986 2342 1171 2413 μικροὶ
1202 2343 1259 2393 ἐν
1288 2343 1407 2404 ταῖς
1441 2340 1575 2409 μάν-

70 2440 177 2506 δραις
199 2439 330 2502 ὅντες
366 2438 530 2509 εὐχὴν
568 2436 647 2507 τῷ
681 2435 950 2507 κρείττονι
987 2434 1371 2504 ἀναπέμπουσι
1413 2449 1577 2502 μετα-

71 2531 313 2585 usam»
339 2532 435 2602 τῆς
456 2532 560 2602 σῆς
591 2528 902 2591 θεοσεϐείας
939 2525 1313 2598 πνευματικὴν
1346 2525 1574 2596 δωρεάν.

80 2622 354 2693 Ἐῤῥωμένος
391 2623 448 2677 ὲν
487 2623 703 2694 Κυρίῳ,
734 2622 830 2673 καὶ
860 2618 1096 2690 εὔθυμος
1132 2619 1190 2671 ὲν
1218 2618 1439 2689 Χριστῷ
1465 2618 1579 2671 δια-

73 2715 266 2785 τελοὶης,
303 2717 393 2768 καί
444 2716 503 2768 ὲν
558 2716 698 2784 ἁγίῳ
744 2712 1023 2782 Πνεύματι
1068 2711 1159 2764 τὸν
1222 2710 1445 2765 δοθέντα
1496 2727 1579 2763 σοι

72 2806 226 2874 θρόνον,
248 2808 332 2861 καὶ
364 2806 465 2878 τὴν
487 2806 679 2877 θεῖκὴν
712 2806 920 2876 δωρεὰν
950 2804 1051 2875 (1),
1084 2802 1243 2876 μέχρι
1268 2801 1361 2855 τοῦ
1402 2802 1463 2855 σὲ
1492 2802 1583 2854 ὲκ-

73 2896 293 2966 ίοεχομένου
324 2898 609 2966 στεφάνου.

1679 517 1949 571 desiderio
1999 516 2339 580 traheretur,
2386 515 2636 585 idemque
2683 514 3014 569 monasterio
3063 523 3255 570 nostro

1678 615 1825 662 esset
1864 608 2173 675 ascriptus;
2209 606 2484 660 hominem
2521 606 2691 671 nacti,
2724 606 2817 676 qui
2852 605 3256 676 longinquitate

1681 708 1828 753 tanta
1858 699 2069 754 itineris
2098 708 2287 753 nostra
2311 700 2428 754 vice
2458 699 2781 769 fungeretur
2800 740 2815 765 ,
2855 698 3049 751 rudem
3077 698 3253 752 adhuc

1679 797 1731 843 et
1763 790 2026 855 tironem;
2064 790 2190 843 huic
2241 790 2343 860 ipsi
2387 798 2769 859 peccatorum;
2820 789 3065 843 omnium
3107 788 3258 843 vide-

1633 952 1638 957 .
1680 880 1803 933 licet
1838 888 2120 943 nostrum,
2164 880 2588 950 postulationem
2633 881 2701 935 ad
2748 890 2799 934 te
2836 878 3043 934 Christi
3089 878 3258 933 disci-

1680 970 1865 1039 pulum
1913 964 2291 1039 perferendam
2316 974 2342 1036 ;'
2379 970 2541 1039 paulo
2583 986 2702 1025 eam
2743 971 2960 1040 quidem
2998 969 3258 1024 audacio-

1680 1077 1816 1126 rem,
1848 1060 2246 1115 mandavimus.
2278 1061 2564 1117 Petitionis
2608 1078 2773 1132 porro
2816 1070 3017 1117 nostrae
3046 1078 3258 1117 summa

1680 1153 1794 1207 ha-c
1832 1162 1938 1220 est,
1970 1166 2027 1209 ut
2055 1170 2176 1224 quae
2215 1156 2494 1211 nonnullis
2530 1156 2798 1209 fratribus
2846 1154 3067 1219 dixisti,
3098 1171 3162 1209 ea
3192 1156 3258 1209 ad

1682 1256 1927 1299 nostram
1963 1247 2361 1301 institutionem
2393 1246 2659 1317 impertiri
2683 1262 2790 1300 non
2821 1247 3083 1317 graveris.
3104 1246 3259 1311 Quod

1681 1348 1741 1391 ut
1772 1337 1869 1391 tibi
1893 1336 2101 1390 homini
2143 1336 2296 1406 justo
2343 1338 2636 1392 molestum
2668 1354 2778 1393 non
2818 1337 2957 1392 erit:
2995 1338 3068 1390 ita
3101 1336 3260 1390 nobis

1680 1428 2062 1499 peccatoribus
2084 1468 2098 1492 ,
2144 1428 2191 1482 si
2223 1428 2518 1498 impetrare
2572 1429 2949 1497 potuerimus,
2985 1427 3260 1497 ingentem

1680 1517 1735 1571 in
1784 1517 2013 1573 Domino
2076 1520 2317 1573 laetitiam
2380 1534 2443 1573 ae
2481 1522 2817 1589 voluptatem
2867 1519 3074 1574 aﬂ'erct.
3123 1517 3258 1573 Cum

1679 1609 1823 1662 enim
1859 1609 2199 1679 spiritalibus
2227 1613 2335 1665 tuis
2360 1610 2707 1665 scrmonihus
2735 1610 3019 1673 satiamur,
3057 1608 3259 1677 iniqui-

1682 1706 1852 1752 tatum
1914 1711 2224 1755 nostrarum
2278 1718 2444 1756 onere
2491 1702 2861 1756 sublevamur.
2911 1704 2987 1756 Ac
3042 1702 3261 1755 nomina

1681 1793 1896 1863 quidem
1928 1796 2064 1864 ipsa,
2098 1810 2218 1864 qua:
2244 1811 2273 1848 a
2304 1804 2355 1849 te
2381 1804 2509 1849 sunt
2544 1796 2844 1850 haeresibus
2868 1796 3121 1866 imposita
3148 1795 3260 1865 jam

1684 1886 2009 1940 audivimus.
2048 1885 2205 1941 Nunc
2241 1888 2676 1958 uniuscujusque
2716 1896 2876 1944 secta:
2917 1889 3110 1956 dogma
3143 1904 3262 1957 pcr-

1683 1977 1871 2047 Spicue
1899 1978 2162 2032 declarari
2212 1994 2241 2032 a
2275 1989 2363 2031 tua
2399 1981 2598 2048 pietate
2643 1980 2916 2050 cupimus.
2968 1978 3081 2033 lioc
3110 1979 3257 2033 enim

1681 2084 1969 2123 commune
1998 2084 2065 2123 ex
2118 2084 2274 2139 aquo
2310 2070 2512 2124 donum
2567 2081 2663 2126 est
2699 2071 2954 2125 omnibus
2990 2070 3260 2125 futurum.

1680 2156 1820 2211 Tum
1852 2158 1982 2211 illud
2004 2158 2164 2213 enixe
2194 2173 2470 2229 rogamus,
2504 2169 2564 2213 ut
2590 2176 2688 2229 pro
2726 2161 3026 2223 universis,
3054 2161 3147 2228 qui
3179 2160 3259 2213 tui

1678 2249 1950 2303 desiderio
1973 2257 2247 2313 tenentur,
2281 2250 2482 2320 quique
2521 2250 2652 2305 illud
2683 2266 2712 2304 a
2742 2260 2796 2305 te
2824 2266 3025 2305 munus
3070 2266 3257 2320 exspe-

1682 2348 1852 2403 ctant,
1878 2350 1960 2407 tu,
1984 2341 2078 2410 qui
2103 2340 2286 2410 justus
2311 2358 2391 2408 es,
2424 2342 2712 2396 Dominum
2738 2343 2999 2412 preceris.
3036 2341 3262 2396 Interim

1681 2447 1784 2487 nos
1814 2432 1870 2486 in
1895 2432 2105 2502 jejunio
2149 2442 2203 2489 et
2231 2434 2481 2489 oratione
2506 2433 2572 2488 ad
2598 2434 2732 2488 illud
2762 2433 3115 2489 obtinendum
3142 2450 3263 2503 per-

1685 2523 1930 2580 sistimus
1951 2566 1965 2591 ,
2005 2533 2065 2579 ut
2097 2524 2267 2580 frater
2298 2526 2390 2582 ille
2430 2537 2619 2582 noster
2650 2526 2885 2597 benigne
2923 2542 2953 2581 a
2985 2537 3037 2581 te
3073 2541 3263 2581 susce-

1683 2624 1830 2685 ptus,
1853 2623 2134 2686 acceptum
2167 2618 2298 2671 illud
2327 2634 2526 2673 munus
2551 2618 2616 2672 ad
2650 2633 2749 2673 nos
2781 2625 3018 2687 reportet
3050 2635 3064 2672 :
3099 2625 3264 2687 atque

1688 2707 1761 2760 ita
1786 2705 1894 2762 Deo
1952 2706 2121 2773 Patri,
2156 2707 2294 2763 Filio
2334 2726 2398 2764 ac
2427 2709 2653 2780 Spiritui
2692 2718 2886 2765 sancto
2916 2709 3107 2765 solitas
3138 2725 3263 2779 pre-

1688 2813 1781 2854 ces
1819 2798 2131 2855 offeramus.
2182 2798 2383 2856 Omnes
2435 2802 2609 2857 nostri
2646 2800 2846 2857 fratres
2896 2801 3051 2855 valde
3092 2800 3263 2855 conﬁ-

1690 2891 1849 2957 dunt,
1886 2890 2024 2947 fusis
2048 2907 2079 2945 a
2102 2900 2157 2947 te
2183 2909 2281 2963 pro
2311 2894 2445 2964 ipsis
2492 2896 2746 2964 precibus
2772 2910 2893 2950 sese
2937 2909 3264 2963 magnopere

74 2990 381 3044 conﬁrmatum
407 2991 493 3045 iri.
519 2986 755 3044 Oramus
786 2994 857 3053 te,
895 2994 953 3041 ut
976 2986 1069 3056 qui
1093 2985 1332 3041 divinam
1354 2972 1727 3054 apostolorum
1785 2986 2016 3055 gratiam
2056 2996 2388 3044 consecutus
2422 3004 2501 3053 es,
2534 2989 2679 3059 quod
2746 2990 2980 3060 petimus
3040 3004 3110 3042 ne
3165 2986 3264 3040 tri-

75 3078 195 3137 buere
223 3084 501 3139 cunctaris.
531 3080 725 3137 Pusilli
766 3094 978 3143 onmes,
1003 3078 1096 3148 qui
1128 3078 1185 3132 in
1232 3077 1584 3133 monasteriis
1617 3076 1842 3149 degunt,
1871 3079 2040 3135 Deum
2070 3089 2392 3150 precantur,
2447 3089 2508 3136 ut
2572 3097 2603 3136 a
2649 3089 2701 3137 te
2750 3080 2994 3151 spiritale
3061 3081 3264 3135 donum

78 3176 171 3230 illud
186 3180 458 3234 obtineant.
501 3176 695 3232 Valere
722 3186 775 3231 te
798 3174 855 3229 in
885 3173 1137 3239 Domino,
1163 3188 1227 3228 ac
1248 3173 1431 3227 [artum
1458 3172 1676 3227 assidue
1709 3174 1906 3245 degere
1934 3184 2190 3246 optamus
2218 3177 2514 3245 plurimum
2566 3195 2579 3230 :

2654 3184 2708 3233 et
2746 3177 3104 3232 commissum
3165 3174 3263 3227 tibi

78 3266 289 3332 thronum,
324 3270 375 3324 in
410 3270 624 3342 Spiritu
645 3275 858 3335 sancto,
888 3267 1241 3337 divinumque
1277 3266 1420 3321 tueri
1456 3280 1680 3332 munus,
1745 3266 1921 3324 donec
1974 3284 2119 3336 eam,
2168 3284 2291 3341 qua:
2324 3277 2379 3325 te
2427 3277 2648 3338 manet,
2713 3284 2972 3326 coronam
3002 3269 3060 3323 in
3119 3267 3263 3323 coelo

79 3363 386 3433 consequaris.

730 3505 1683 3709 RESCRIPTUM—
1761 3590 2543 3705 EPIPHANII.

89 3775 137 3827 ἸΙ
162 3775 555 3847 ἀηιγραφεῖσα
608 3776 761 3847 πρὸς
803 3775 961 3847 τοὺς
997 3774 1130 3842 περὶ
1162 3775 1444 3847 -Ἀκακιον
1484 3775 1583 3847 καί

1724 3774 1976 3845 ῗρὶρίιαηὶί
2024 3774 2253 3843 episcopi
2306 3772 2568 3842 epistola,
2612 3787 2772 3843 quam
2814 3772 2883 3826 ad
2926 3772 3181 3827 Acacium
3217 3784 3264 3829 ct

129 3845 325 3901 Παῦλον
358 3845 805 3917 πρεσϐυτέρους
852 3846 972 3917 ὑπὸ
1000 3845 1187 3917 αὑτοῦ
1235 3846 1587 3917 Ἐπιφανίομ

129 3916 244 3982 πρὸς
276 3920 339 3972 τὰ
378 3915 475 3973 ὑπ’
513 3915 713 3971 αὐτῶν
745 3916 906 3981 αὐτῷ
952 3915 1254 3986 γραφέντα
1297 3916 1434 3985 περὶ
1481 3916 1589 3970 τοῦ

130 3988 247 4039 κατὰ
274 3990 553 4056 αἱρέσεων
580 3988 807 4057 γράψαι
840 3988 1046 4039 αὐτόν.

130 4096 312 4167 κυρίοις
331 4099 677 4170 τιμιωτάτοις
698 4097 948 4167 ἀδελφοῖς
970 4097 1061 4151 καὶ
1086 4096 1590 4168 συμπρεσὸυτέροις

93 4186 276 4259 ’Ᾱκακίῳ
328 4194 414 4244 καὶ
470 4190 674 4261 Παύλῳ
726 4190 1041 4260 Ἐπιφάνιος
1125 4192 1183 4243 ὲν
1231 4190 1421 4260 Κυρίῳ
1469 4189 1591 4259 χαί-

88 4294 183 4344 pem,
218 4284 509 4354 Προοίμιον,
542 4284 640 4335 εἴτ’
674 4278 768 4336 οὖν
796 4282 993 4353 λαλιὰν
1026 4282 1358 4353 ἐπιγραφὴν,
1402 4280 1591 4351 ὥσπερ

86 4367 401 4441 διαγράφοντες
430 4376 647 4428 παλαιοὶ
669 4376 1003 4443 συγγραφεῖς
1041 4374 1123 4425 διὰ
1147 4372 1240 4425 τοῦ
1272 4372 1593 4442 αἰνίγματος

88 4458 293 4528 fantur:
333 4466 600 4519 ἐδείκνυον
661 4464 842 4532 πάσης
899 4463 1270 4532 ὑποκειμένης
1330 4457 1642 4536 πραγμα-’

88 4552 370 4615 τείας.”υθεν
394 4559 486 4612 καὶ
536 4557 712 4623 αὐτοὶ,
745 4555 823 4625 τῷ
873 4554 1019 4625 αὐτῷ
1058 4554 1384 4626 κεχρημένοι
1420 4571 1593 4625 χαρα-

88 4643 224 4715 κτῆρι,
250 4652 701 4724 προοιμιαζόμεθα
730 4652 879 4721 ὑμῖν,
913 4648 1210 4718 ἀγαπητοὶ,
1234 4646 1303 4699 τά
1323 4647 1425 4717 τῆς
1452 4645 1594 4698 κατὰ

91 4736 292 4804 αἱρέσεων
312 4746 573 4813 αἰτήσεως
597 4743 771 4813 ὑμῶν,
802 4742 859 4793 ὲν
885 4740 1049 4810 ὀλίγῳ
1077 4738 1175 4810 τὴν
1203 4738 1431 4809 δύναμιν
1466 4738 1594 4791 ἁνα-

90 4830 486 4904 κεφαλαιούμενοι.
541 4835 763 4904 Ἐπειδὴ
810 4833 917 4904 γὰρ
962 4832 1231 4903 μέλλομεν
1264 4832 1391 4903 ὑμῖν
1420 4832 1489 4885 τά
1534 4849 1593 4884 τε

92 4919 270 4990 ὀνόματα
308 4928 405 4980 τῶν
430 4929 698 5000 αἱρέσεων
751 4927 967 4997 δηλοῦν,
996 4925 1097 4988 τάς
1141 4942 1201 4977 τε
1254 4928 1385 4997 παρ’
1411 4926 1594 4987 αὐτοῖς

92 5008 318 5080 ἀθεμίτους
370 5018 596 5090 πράξεις
644 5016 1080 5079 ἀνακαλύπτειν,
1125 5014 1311 5085 ὥσπερ
1353 5015 1463 5076 ίοὺς
1504 5014 1595 5066 καλ⁸

1762 3866 1997 3921 Paulum
2030 3863 2362 3941 presbyteros
2399 3862 2468 3916 ad
2518 3879 2581 3916 ca
2613 3863 2919 3931 rescripsit,
2942 3880 3060 3934 qua:
3086 3865 3167 3919 illi
3203 3865 3265 3921 de

1761 3959 2121 4014 lucubratione
2151 3958 2248 4016 ilhc
2283 3966 2468 4010 contra
2494 3956 2713 4010 hwreses
2746 3956 3190 4026 signiﬁcaverant.

1761 4095 2010 4151 Dominis
2044 4094 2450 4149 venerabilibus
2498 4110 2561 4149 ac
2592 4094 2886 4160 fratribus,
2931 4104 2984 4152 et
3012 4096 3259 4168 collegis,

1691 4188 1889 4242 Acacio
1945 4193 1999 4241 et
2047 4185 2235 4248 Paulo,
2268 4185 2603 4257 Epiphanius
2654 4189 2707 4241 in
2755 4188 2975 4244 Christo
3008 4190 3262 4245 salutem.

1697 4278 2162 4347 Quemadmodum
2195 4280 2402 4351 antiqui
2440 4281 2737 4351 scriptores
2776 4291 3174 4338 consueverant
3211 4284 3264 4338 in
3316 4268 3324 4275 ’

1644 4406 1653 4417 -
1692 4372 2103 4443 pra-rationibus
2133 4388 2196 4426 ac
2236 4374 2541 4442 proloquiis
2563 4412 2575 4436 ,
2608 4382 2661 4428 et
2704 4374 3157 4445 inscriptionibus
3184 4384 3266 4430 to-

1692 4466 1802 4518 tius
1824 4465 2004 4534 Operis
2032 4466 2297 4535 propositi
2323 4468 2557 4536 speciem
2590 4466 3006 4521 adumbratione
3030 4468 3264 4537 quadam

1694 4558 2041 4611 informatam
2063 4558 2379 4623 ostendere;
2411 4558 2485 4610 ita
2504 4568 2555 4613 et
2573 4575 2671 4615 nos
2689 4561 2876 4614 eodem
2895 4562 3159 4615 orationis
3181 4561 3263 4615 usi

1694 4665 1890 4721 genere
1909 4649 2231 4718 prommium
2263 4650 2364 4703 hoc
2390 4650 2748 4714 instituimus,
2780 4652 2993 4715 dilecti,
3026 4661 3085 4705 ut
3105 4692 3119 4715 ,
3144 4666 3265 4721 qua:

1693 4742 1988 4813 postulatio
2018 4750 2199 4797 vestra
2228 4742 2350 4807 fuit,
2382 4758 2570 4797 eorum
2598 4760 2718 4814 qua:
2742 4744 3006 4798 adversus
3032 4744 3264 4800 haereses

1694 4836 2028 4907 disputanda
2083 4843 2245 4899 sunt,
2305 4851 2517 4891 summa
2575 4836 2765 4908 paucis
2813 4838 3263 4908 complectamur.

1696 4934 1964 5001 Quoniam
2000 4932 2144 4989 enim
2184 4932 2464 4988 hmreseon
2514 4932 2758 4986 omnium
2806 4933 3029 4986 nomina
3084 4932 3263 4987 decla-

1695 5027 1863 5081 randa
1889 5027 2040 5082 vobis
2070 5028 2172 5081 hoc
2195 5028 2247 5081 in
2284 5027 2425 5081 libro
2445 5028 2815 5096 suscepimus,
2845 5044 2946 5083 nec
2970 5042 3078 5081 non
3105 5044 3262 5083 exse-

94 5099 321 5178 δηλητήρια
365 5112 509 5179 ὄντα,
548 5112 646 5163 σὺν
685 5111 869 5173 αὐτοῖς
910 5109 965 5161 δὲ
1000 5108 1117 5178 ἅμα
1156 5108 1251 5160 καὶ⁸
1289 5106 1583 5169 ἀντιδότους

1728 5118 1917 5182 randa,
1964 5133 2027 5171 ac
2074 5117 2283 5171 nefaria
2320 5118 2535 5171 illarum
2592 5118 2825 5187 ﬂagitia,
2877 5120 2958 5173 sic
3002 5127 3263 5190 tanquam

94 5189 486 5272 ὲξαρξιιθξςάιιιενοι,
533 5201 865 5272 ἀλεξητήρια
918 5199 1026 5253 τῶν
1064 5198 1443 5269 δεδηγμένων,
1494 5197 1589 5251 καὶ⁵

96 5292 507 5362 προκαταληπτικὰ
534 5293 643 5346 τῶν
674 5292 973 5363 μελλόντων
1007 5292 1087 5353 εἰς
1112 5289 1269 5343 τοῦτο
1295 5290 1586 5360 ἐμπίπτειν

95 5378 173 5439 τοῖς
204 5383 477 5450 φιλοκάλοις
516 5386 924 5456 διαγράφομεν·
961 5383 1093 5437 αὐτὸ
1136 5381 1295 5436 τοῦτο
1342 5382 1403 5435 τὸ
1432 5381 1589 5453 [προ-

97 5466 241 5543 είμιον]
282 5476 567 5549 Πανάριον,
617 5477 715 5529 εἴτ’
758 5472 850 5529 οὖν
888 5474 1143 5528 κιϐώτιον
1188 5473 1448 5543 ίατρικὸν,
1496 5474 1588 5527 καὶ

99 5554 430 5633 θηριοδηκτικδν
472 5568 886 5642 ἑρμηνεύοντες,
936 5569 1071 5641 ὅπερ
1094 5566 1209 5618 ἐστὶ
1239 5566 1327 5620 διὰ
1370 5566 1589 5636 βιϐλίων

100 5652 217 5718 τριῶν
240 5661 449 5730 αἱρέσεις
480 5664 829 5733 ὀγδοήκοντα,
861 5661 1061 5725 αἵτινές
1092 5663 1197 5713 είσι
1237 5659 1463 5731 θηρίων,
1493 5659 1592 5711 εἶτ’

151 5771 208 5835 (ι)
231 5772 368 5835 Deest
385 5782 602 5838 verbum
637 5781 781 5852 quod
812 5780 1005 5836 Latino
1036 5781 1169 5835 tueri
1202 5777 1548 5849 respondeat.

1693 5206 2118 5279 praesentissima
2139 5206 2383 5275 qumdam
2408 5221 2638 5267 venena,
2658 5206 2963 5277 patefacere
2992 5210 3261 5275 volumus,

1693 5304 1857 5366 atque
1905 5296 1989 5350 his
2020 5297 2163 5350 velut
2200 5297 2441 5352 antidota
2467 5298 2711 5368 quaadam
2748 5310 3112 5369 opponentes,
3145 5317 3262 5370 quae

1692 5386 1775 5441 vel
1810 5386 1900 5449 iis,
1942 5386 2034 5455 qui
2070 5401 2253 5441 morsu
2278 5387 2429 5457 petiti
2460 5396 2588 5443 sunt
2618 5388 2858 5443 remedio
2880 5405 3000 5445 esse
3029 5390 3262 5459 possint,

1693 5479 1779 5533 vel
1815 5492 1931 5539 eos,
1959 5477 2161 5547 quibus
2195 5494 2263 5533 ne
2290 5479 2529 5534 incidant
2557 5481 2858 5551 periculum
2892 5490 2995 5549 est,
3031 5497 3262 5551 priamu-

1699 5570 1851 5625 niant
1895 5586 1959 5624 ac
2006 5580 2351 5637 conservent,
2389 5572 2736 5628 honestarum
2784 5589 2965 5630 rerum
3001 5572 3260 5629 studiosis

1700 5659 2047 5718 conscribere
2078 5679 2091 5716 :
2122 5658 2437 5729 l’anarium,
2463 5662 2577 5719 sive
2608 5662 2849 5719 arculam
2879 5661 3167 5726 medicam,
3192 5659 3259 5715 ad
