3754 6182
491 246 597 305 159

1239 249 1582 307 ΕΡΙΡῙΙΑΝΙΙ
1622 248 1992 307 RESCRIPTI

2170 249 2203 301 D
2243 246 2551 303 ACACIUM
2590 245 2677 301 ET
2716 246 3027 302 PAULUM.
3642 253 3722 305 160

486 380 699 431 eorum,
732 366 826 437 qui
860 380 891 420 a
919 368 1265 438 serpentibus
1300 371 1392 424 icti
1424 378 1571 435 sunt,
1611 370 1909 425 remedium
1937 369 1992 439 ju

2170 364 2252 421 οὖν
2286 366 2530 437 ἑρπετῶν
2556 364 2854 434 αἰνίγματα
2878 362 2975 432 (Ι).
3016 361 3130 414 Μία
3160 362 3218 414 δὲ
3244 363 3379 432 μετά
3412 363 3519 425 τὰς
3558 363 3722 434 bri/,1}.

484 470 624 525 opus
655 456 809 520 illud,
838 472 903 512 ac
946 458 1144 513 librum
1190 459 1705 529 interpretabimur;
1742 460 1834 529 qui
1867 460 1919 512 in
1949 467 2061 513 tres

484 552 667 614 partes
689 546 921 611 divisus,
946 546 1179 603 haereses
1208 550 1485 618 octoginta
1509 550 1911 619 complectitur,
1938 563 2059 617 qure

482 645 794 705 serpentum
855 654 921 693 ac
972 641 1249 709 reptiliutn
1292 640 1501 696 similes
1543 650 1692 695 sunt.
1744 639 2057 713 Secundum

480 743 615 795 quas
647 729 888 785 veritatis
934 729 1361 795 firmamentum,
1393 741 1447 787 et
1479 733 1735 787 salutaris
1785 732 2057 795 doctrina,

479 816 712 888 fideique
754 818 985 874 formula
1021 823 1268 889 subjecta
1323 832 1439 888 est,
1477 838 1541 876 ac
1582 822 1785 876 Christi
1834 838 2059 892 sponsa,

478 916 667 961 sancta
693 910 944 966 videlicet
996 911 1238 968 Ecclesia
1274 914 1572 968 declarata.
1617 912 1747 980 Quae
1776 931 1898 967 cum
1942 915 2056 983 jam

478 1007 590 1052 tum
614 1000 683 1054 ab
706 1002 839 1057 orbe
862 1004 1082 1057 condito
1104 1021 1226 1060 esse
1250 1007 1499 1075 cmperit.
1541 1014 1729 1075 postea
1754 1014 1932 1058 tamen
1959 1021 2057 1075 per

476 1089 678 1146 Christi
702 1092 910 1149 Domini
930 1094 1360 1152 lncarnationcm
1376 1106 1679 1168 temporum
1702 1098 2055 1153 successione

476 1192 602 1239 ante
628 1198 1081 1245 commemoratas
1109 1206 1300 1246 omnes
1334 1191 1571 1246 ba‘reses
1616 1192 1855 1261 vulgata,
1890 1200 2056 1260 atque

384 1299 391 1307 -
477 1276 769 1344 patefacta,
800 1280 1099 1351 eademque
1143 1298 1171 1336 a
1223 1283 1382 1338 nobis
1435 1284 1488 1337 in
1531 1283 1956 1337 commentarios
1989 1298 2055 1336 ex

475 1367 678 1423 Christi
706 1372 1090 1439 praedicatione
1130 1374 1300 1429 relata
1330 1393 1344 1429 :
1378 1390 1441 1429 ac
1471 1391 1689 1430 rursum
1722 1387 1841 1445 post
1880 1376 2054 1445 expli-

473 1473 650 1516 catam
688 1481 901 1521 omnem
937 1467 1165 1523 istarutn
1199 1469 1477 1525 haereseon
1523 1470 1924 1541 improbitatem
1945 1508 1959 1531 ,
1988 1483 2056 1521 ex

2170 461 2426 529 κοντα,ἠ
2465 458 2565 527 τῆς
2614 456 2870 526 ἀληθείας
2918 456 3072 525 βάσις
3106 456 3223 525 ἅμα
3264 457 3357 508 καὶ
3400 456 3721 519 διδασκαλία,

2166 550 2259 602 καὶ
2286 549 2551 617 σωτήριος
2581 544 2956 616 πραγματεία,
2989 546 3083 597 καὶ
3119 543 3356 612 Χριστοῦ
3398 545 3588 615 νύμφη
3618 547 3721 611 ἁγία

2176 639 2492 710 Ἐκκλησία,
2529 634 2665 691 οὖσα
2698 638 2797 707 μὲν
2829 638 2921 690 ἀπ’
2959 635 3174 699 αἰῶνος,
3207 636 3295 688 διὰ
3324 636 3382 689 δὲ
3410 638 3513 707 τῆς
3546 638 3721 707 tusi;-

2163 751 2259 787 κου
2286 729 2521 803 Χριστοῦ
2558 730 2860 799 παρουσίας
2889 728 3030 782 κατὰ
3056 727 3155 798 τὴν
3194 727 3443 797 διαδοχὴν
3487 727 3585 780 τοῦ
3615 730 3723 797 χρό-

2162 842 2252 877 νου
2286 823 2450 894 μέσον
2498 822 2604 874 τῶν
2650 822 3061 892 προειρημένων
3106 819 3593 889 ἀποκαλυφθεὲτα,
3649 825 3725 875 καὶ

2161 917 2249 985 ὑφ’
2297 914 2453 986 ἡμῶν
2496 917 2553 967 ὲν
2588 915 2891 984 ὑπομνήσει
2938 912 3026 966 διὰ
3074 912 3168 966 τοῦ
3210 914 3575 983 κηρύγματος
3616 916 3727 981 Χρι-

2165 1004 2290 1058 στοῦ
2344 1004 2641 1075 ταχθεῖσα,
2688 1004 2783 1055 καὶ
2834 1002 2995 1057 πάλιν
3048 1002 3186 1073 μετά
3239 1002 3420 1065 πάσας
3484 1003 3585 1066 τας
3638 1004 3726 1055 τῶι

2161 1098 2425 1169 αἱρέσεων
2469 1096 2675 1149 τούτων
2722 1094 3023 1165 μοχθηρίας
3064 1096 3144 1158 είς
3190 1094 3477 1165 ἀναψυχὴν
3507 1096 3615 1147 τῶν
3657 1098 3727 1147 eis

2160 1190 2408 1259 κάματον
2446 1188 2553 1241 τῶν
2612 1188 2880 1257 αἱρέσεων
2934 1187 3023 1239 διὰ
3066 1187 3163 1257 τῆς
3204 1186 3569 1255 ἀναγνώσεως
3612 1187 3729 1239 διελ-

2161 1282 2397 1343 θόντων,
2448 1281 2535 1348 ὑφ’
2576 1278 2734 1350 ἡμῶν
2782 1280 2901 1348 μετ’
2937 1280 3205 1348 ἐπιτομῆς
3254 1277 3347 1330 τοῦ
3377 1278 3577 1347 λόγου,
3610 1282 3729 1329 κατὰ

2159 1373 2257 1444 τὴν
2308 1372 2416 1425 τῶν
2462 1371 2779 1426 ἀποστόλων
2818 1370 3201 1437 διδασκαλίαν,
3235 1370 3425 1439 σαφῶς
3463 1370 3727 1437 ἀπαγγελ-

2160 1466 2334 1519 θεῖσα.

472 1557 843 1623 apostolorum
868 1558 1155 1631 disciplina
1186 1570 1444 1617 accurate
1469 1578 1535 1616 ac
1590 1562 1876 1633 perspicue
1898 1561 2045 1616 brevi
2084 1559 2320 1629 quodam
2351 1565 2437 1614 est
2493 1557 2820 1627 compendio
2866 1556 3147 1625 subjecta;
3174 1557 3268 1610 "uti
3295 1571 3359 1612 ea
3404 1572 3471 1611 re
3529 1557 3729 1610 illorum

472 1660 789 1707 recreentur
818 1670 883 1710 ac
912 1657 1229 1712 reficiantur
1248 1659 1438 1721 animi,
1466 1660 1561 1729 qui
1589 1658 1734 1714 hunc
1761 1648 2041 1713 haeréseon
2084 1654 2574 1726 percurrendarum
2602 1652 2841 1707 laborem
2879 1653 3241 1720 susceperint.

544 1746 584 1800 Ι.
620 1745 792 1805 Porro
823 1766 920 1806 vos
948 1765 1162 1817 omnes,
1210 1752 1561 1809 honestarum
1599 1770 1783 1809 rerum
1812 1754 1992 1810 studio

2219 1752 2300 1806 A'.
2335 1749 2734 1821 Παρακλὴθητε
2774 1748 2852 1814 δὲ,
2892 1748 3093 1810 πάντες
3127 1748 3175 1800 oi
3210 1745 3523 1815 φιλοκάλως
3552 1747 3726 1811 ’5wa-

473 1834 729 1901 lectores,
761 1848 978 1913 rogatos
1008 1841 1282 1908 volumus,
1320 1850 1446 1896 utet
1462 1843 1731 1912 protemiu
1757 1862 1783 1891 ιι
1820 1845 1999 1914 ipsum
2024 1885 2039 1909 ,

472 1935 526 1979 et
550 1926 955 1999 insequentium
990 1930 1269 1987 haereseon
1304 1934 1723 2003 expositionem,
1756 1948 1821 1988 ac
1846 1934 2045 1989 verita-

472 2020 543 2085 tis
574 2021 990 2090 professionem,
1021 2033 1076 2079 et
1106 2024 1436 2089 doctrinam,
1486 2042 1551 2081 ac
1600 2034 1804 2081 sancta:
1859 2034 1914 2081 et
1956 2041 2048 2080 ca-

470 2112 689 2167 tholicae
719 2113 975 2169 Ecclesim
1003 2116 1161 2172 ﬁdem
1197 2132 1228 2170 a
1264 2118 1423 2172 nobis
1475 2133 1792 2186 expressam
1818 2133 2046 2187 percur-

471 2213 678 2269 rentes,
714 2207 1029 2264 condonare
1067 2210 1267 2276 velitis,
1300 2218 1488 2280 utpote
1524 2210 1860 2275 hominibtts,
1897 2220 1951 2265 et
1973 2212 2047 2265 ita

468 2298 819 2368 potissimum
855 2300 1088 2364 allectis,
1127 2311 1184 2357 ut
1212 2317 1337 2356 cum
1372 2303 1579 2367 labore,
1616 2319 1681 2357 ac
1712 2303 1897 2358 divino
1929 2304 2045 2359 zelo

468 2386 691 2456 pietatis
716 2398 900 2459 partes
924 2407 1269 2463 propugnare
1290 2408 1555 2449 conemur
1596 2409 1608 2444 :
1640 2395 1773 2449 illud
1805 2410 2044 2465 unquam

467 2478 790 2549 ignoscatis,
826 2482 871 2537 si
905 2483 1035 2552 quid
1089 2485 1250 2553 paulo
1278 2486 1515 2555 amplius
1571 2502 1635 2541 ac
1693 2487 2047 2557 praestantius

470 2570 538 2623 ad
563 2572 898 2627 sanctissimi
931 2582 985 2629 et
1012 2576 1160 2630 omni
1215 2581 1566 2633 veneratione
1594 2578 1909 2649 dignissimi
1942 2595 2043 2649 pa-

467 2665 757 2719 trocinium
808 2669 1047 2724 nominis
1097 2686 1366 2740 usurpare
1415 2671 1618 2727 divinis
1652 2671 1777 2727 freti
1833 2673 2044 2729 viribus

466 2758 584 2813 ausi
619 2757 915 2825 fuerimus,
961 2761 1198 2833 idipsum
1236 2762 1575 2820 concedente
1607 2764 1752 2829 Deo,
1785 2765 2037 2836 quando-

461 2849 682 2917 quidem
706 2865 792 2912 ea.
811 2866 931 2922 qua?
957 2851 1267 2911 facultatem
1293 2869 1537 2912 nostram
1566 2868 1848 2927 superant,
1870 2858 2044 2930 inqui-

464 2942 661 2997 rimus.
720 2942 854 2997 Nam
898 2952 953 2999 et
1006 2962 1106 3016 pro
1152 2950 1381 3005 veritate
1428 2951 1609 3006 oratio
1645 2952 1783 3017 ista,
1834 2961 1890 3006 et
1940 2966 2043 3022 pro

466 3032 667 3100 pietate
696 3033 1007 3090 lucubratio
1054 3039 1380 3109 suscipitur.
1414 3041 1497 3096 Ad
1552 3042 1666 3097 haec
1689 3042 2043 3099 vehementer

465 3139 495 3175 a
520 3125 676 3180 vobis
710 3128 949 3195 postulo,
998 3137 1057 3183 ut
1088 3131 1133 3185 si
1162 3132 1293 3201 quid
1346 3132 1488 3190 forte
1518 3135 1806 3204 reperiatis
1843 3136 2041 3205 (quan-

2149 1846 2405 1918 χάνοντες
2436 1842 2514 1913 τῷ
2550 1860 2609 1895 τε
2642 1841 2916 1912 προοιμίῳ
2958 1840 3053 1893 καὶ
3096 1841 3214 1902 ταῖς
3258 1839 3563 1909 μετέπειτα
3591 1840 3725 1907 αἱρέ-

2151 1954 2290 1999 σεσι,
2328 1936 2422 1990 καὶ
2450 1935 2518 2005 τῇ
2562 1934 2693 2005 περὶ
2723 1931 2982 2003 ἀληθείας
3037 1931 3303 2001 ἀπολογίᾳ
3333 1947 3395 1983 τε
3425 1934 3528 1983 καὶ
3561 1930 3727 1982 διδασ-

2147 2028 2313 2097 καλίᾳ
2340 2026 2441 2096 τῆς
2466 2024 2745 2096 ἀληθείας,
2778 2023 2871 2076 καὶ
2900 2022 3082 2075 πίστει
3114 2022 3216 2092 τῆς
3248 2022 3413 2089 ἁγίας
3442 2021 3729 2091 καθολικῆς

2159 2119 2509 2189 Ἐκκλησίας,
2566 2116 2873 2185 συγγνῶναι
2926 2116 3057 2185 ἡμῖν
3104 2114 3417 2186 ἀνθρώποις
3454 2110 3614 2177 οὖσι,
3650 2120 3727 2167 καὶ

2149 2212 2287 2279 μετά
2337 2210 2501 2262 πόνου
2535 2208 2631 2260 καὶ
2662 2207 2823 2277 ζήλου
2866 2205 3051 2259 θεῖκοῦ
3087 2204 3571 2275 φιλοτιμουμένοις
3606 2207 3729 2274 ὑπὲρ

2146 2300 2456 2363 θεοσεϐείας
2491 2298 2897 2366 ἀπολογεῖσθαι,
2932 2297 3033 2369 [εἰς
3065 2296 3117 2369 ὃ]
3145 2298 3199 2350 εἴ
3224 2316 3277 2350 τι
3311 2298 3626 2367 ὑπέρογκον
3666 2300 3727 2357 εἰς

2144 2393 2277 2447 αὐτὸ
2309 2393 2370 2445 τὸ
2402 2393 2667 2460 πανάγιον
2724 2391 2819 2445 καὶ
2872 2390 3281 2461 πανσεϐάσμιον
3311 2390 3486 2461 ὄνομα
3522 2391 3727 2460 θελήςο-

2148 2501 2248 2555 μεν
2307 2482 2451 2537 κατά
2508 2482 2606 2554 τὴν
2659 2481 2736 2552 (2)
2787 2481 2955 2550 ἁγίαν
3008 2480 3239 2552 δύναμιν
3302 2482 3727 2552 ὑπεραπολογεῖ-

2146 2577 2291 2639 σθαι,
2329 2577 2426 2630 τοῦ
2459 2575 2597 2629 Θεοῦ
2633 2575 3043 2647 συγχωροῦντος
3069 2575 3138 2629 τὰ
3173 2575 3313 2647 ὑπὲρ
3329 2575 3571 2643 δύναμιν
3610 2577 3727 2644 ἡμῖν

2142 2666 2484 2738 ἐκζητοῦσιν,
2518 2668 2709 2739 ἐπειδὴ
2759 2667 2827 2721 δι’
2857 2667 3115 2739 ἀλήθειαν
3171 2668 3305 2738 ἡμῖν
3350 2669 3378 2721 ό
3418 2666 3605 2734 λόγος,
3650 2670 3729 2719 καὶ

2141 2761 2208 2814 δι’
2243 2761 2521 2815 εὐσέϐειαν
2552 2763 2587 2832 ἡ
2621 2760 2991 2831 πραγματεία.
3044 2761 3155 2815 Καὶ⁵
3185 2760 3267 2813 ἔτι
3318 2759 3726 2831 παρεκλήθητε,

2142 2855 2231 2920 ἵν’,
2259 2855 2313 2908 εί
2338 2872 2442 2907 που
2475 2853 2706 2925 εὕροιτε,
2737 2853 2939 2922 (καίτοι
2967 2870 3030 2923 γε
3070 2854 3144 2924 μὴ
3184 2854 3244 2905 ὲν
3274 2852 3382 2905 ἔθει
3416 2852 3585 2913 ὄντας
3627 2854 3729 2901 ἐτμ-

2142 2948 2407 3018 σκήπτειν
2427 2946 2600 3010 τινάς,
2624 2946 2656 3017 ἢ
2683 2946 3212 3017 ὲπισκωμματίζειν)
3240 2968 3249 2977 ·
3283 2946 3373 2999 διὰ
3404 2946 3464 2999 δὲ
3488 2948 3585 2998 τὸν
3610 2948 3729 3015 πρὶς

2138 3038 2237 3102 τὰς
2267 3038 2507 3110 αἱρέσεις
2559 3038 2738 3109 ζῆλον,
2776 3038 2869 3091 καὶ
2908 3038 2987 3100 εἰς
3026 3036 3345 3109 ἀποτροπὴν
3382 3036 3502 3090 τῶν
3551 3039 3726 3103 ἐντατ-

2139 3130 2431 3201 χανόντων,
2481 3130 2637 3182 εἵπου
2688 3130 3117 3201 παροξυνόμενοι
3168 3128 3414 3200 λέξομεν,
3448 3130 3487 3199 ἦ
3540 3130 3727 3182 ἀπατε-

464 3230 627 3283 quam
688 3233 798 3271 non
856 3219 989 3274 illud
1049 3221 1185 3277 adeo
1216 3224 1387 3281 moris
1426 3233 1512 3280 cst
1542 3226 1725 3291 nobis,
1779 3227 1992 3282 vellicat

2170 3222 2283 3286 Mi;
2329 3239 2483 3285 τινας
2526 3221 2842 3287 καλοῦντες,
2868 3222 2901 3292 ἢ
2930 3220 3195 3291 ἀγύρτας,
3226 3222 3259 3291 ἥ
3289 3221 3523 3284 ἀθλίους
3543 3239 3558 3250 ·
3604 3226 3727 3291 alvi;

464 3309 798 3377 quempiam,
834 3319 927 3364 aut
957 3311 1010 3366 in
1055 3329 1180 3368 eum
1214 3316 1359 3371 dicta
1379 3316 1607 3389 jacere),
1634 3333 1823 3373 verum
1856 3320 1900 3374 si
1938 3335 2037 3391 pro

466 3396 854 3455 ardentissimo
879 3410 1070 3459 nostro
1103 3404 1369 3462 adversus
1396 3407 1632 3463 haareses
1662 3407 1865 3470 studio,
1894 3419 1949 3463 et
1977 3416 2038 3463 ut

464 3487 698 3545 lectores
750 3492 821 3547 ab
866 3492 936 3549 iis
983 3494 1389 3562 deterreamus,
1437 3500 1768 3555 concitatius
1830 3501 2037 3571 aliquid

469 3578 772 3637 dixerimus
806 3600 818 3637 :
855 3594 1048 3655 utputa
1079 3589 1123 3643 si
1157 3589 1510 3659 impostores,
1545 3592 1905 3648 circulatores
1938 3609 2037 3663 ap-

467 3673 759 3741 pellemus,
792 3677 845 3731 id
875 3680 1059 3735 velitis
1105 3682 1410 3751 ignoscere.
1468 3682 1601 3737 Nam
1632 3692 1685 3739 et
1714 3685 1830 3755 ipsa
1858 3695 2040 3741 certa-

462 3764 627 3819 minis
674 3780 737 3819 ac
781 3766 1172 3838 disputationis
1220 3773 1528 3829 necessitas
1582 3774 1853 3843 ejusmodi
1886 3777 2040 3831 labo-

461 3871 576 3910 rem
611 3859 771 3915 nobis
822 3862 1117 3932 imposuit,
1153 3881 1262 3936 quo
1306 3867 1375 3921 ab
1404 3867 1514 3922 illis
1547 3868 1782 3925 lectores
1839 3884 2032 3924 avoca-

461 3957 679 4016 rentur,
714 3962 879 4025 utque
913 3956 1127 4011 illorum
1179 3958 1513 4024 functiones,
1538 3961 1801 4032 mysteria
1836 3976 1899 4015 ac
1934 3962 2036 4016 do-

461 4048 643 4105 gmata
674 4040 743 4095 ab
770 4044 1021 4100 instituto
1068 4054 1259 4101 nostro
1313 4048 1491 4103 aliena
1520 4064 1644 4104 esse
1675 4057 1839 4120 atque
1867 4050 2038 4105 inter-

460 4126 608 4182 dicta
669 4142 947 4190 constaret

459 4219 745 4279 ederentus
788 4241 801 4277 :

459 4328 717 4371 revocare
754 4333 1054 4387 possemus.

2138 3316 2248 3386 γὰρ
2271 3318 2304 3386 ἡ
2324 3316 2535 3386 ἀνάγκη
2554 3318 2587 3385 ἡ
2614 3315 2749 3386 πρὸς
2774 3316 2901 3379 τοὺς
2939 3315 3129 3383 λόγους
3162 3313 3256 3368 τοῦ
3304 3314 3527 3384 ἀγῶνος
3567 3332 3727 3385 παρα.

2138 3408 2395 3473 σκευάζει
2425 3410 2556 3480 ἡμῖν
2591 3408 2682 3461 τὸν
2722 3406 2959 3462 τοιοῦτον
3006 3406 3224 3479 ἱδρῶτα,
3278 3407 3346 3460 δι’
3406 3409 3727 3478 ἀποτροπῇ

2139 3502 2247 3555 τῶν
2298 3500 2755 3571 ἐντυγχανόντων,
2812 3502 2906 3554 καὶ
2954 3502 3101 3564 ὅπως
3158 3503 3405 3573 δείξομεν
3449 3504 3725 3563 παντελεῖς

2138 3594 2590 3666 ἀπηγορευμένας
2629 3594 2723 3647 τοῦ
2762 3594 3030 3667 ἡμετέρου
3066 3597 3411 3666 φρονήματος
3439 3598 3549 3658 τὶς
3578 3598 3715 3647 ἐχεί-

2137 3704 2243 3740 νων
2293 3687 2576 3758 ἐργασίας,
2613 3688 2706 3740 καὶ
2745 3690 3042 3759 μυστήρια,
3100 3690 3195 3742 καὶ
3227 3688 3589 3751 διδασκαλίας
3620 3704 3633 3715 ·

2135 3779 2244 3832 ἀπὸ
2296 3779 2405 3833 τῶν
2458 3779 2654 3849 λόγων,
2703 3781 2798 3834 καὶ
2838 3781 2936 3850 τῆς
2966 3780 3223 3851 ὀξύτητος
3256 3781 3356 3851 τῆς
3393 3782 3723 3849 ἀντιλογίας,

2136 3870 2232 3923 καὶ
2278 3871 2340 3923 τὸ
2380 3871 2646 3942 ἡμέτερον
2677 3871 2983 3943 ἐλευθέριον
3026 3873 3423 3943 ἀποδείξωμεν,
3455 3876 3556 3928 καί
3588 3892 3725 3935 τινας

2137 3962 2244 4014 ἀπὸ
2277 3960 2387 4014 τῶν
2430 3962 2611 4016 αὐτῶν
2654 3961 2992 4035 ὲκκλίνωμεν
3028 3966 3123 4018 καὶ
3157 3964 3245 4018 διὰ
3283 3965 3395 4018 τῶν
3421 3965 3727 4020 δοκούντων

2140 4052 2455 4125 βαρυτέρων
2478 4053 2672 4123 λόγων.

1010 4147 1226 4208 :atque
1285 4150 1342 4197 ut
1394 4159 1460 4198 ex
1514 4145 1763 4201 oratione
1810 4145 1949 4216 ipsa,
2000 4156 2055 4202 et
2104 4151 2357 4204 acumine
2407 4150 2790 4220 disputationis
2841 4150 3110 4207 libertatis
3154 4153 3401 4222 ingenua:
3445 4154 3723 4222 specimen

851 4236 962 4281 tum
1012 4239 1071 4284 ut
1117 4231 1352 4304 denique
1400 4236 1597 4305 majori
1654 4236 1745 4291 illa
1794 4240 2087 4293 verborum
2140 4245 2433 4311 asperitate
2484 4243 2699 4313 aliquos
2747 4244 2937 4300 saltem
2993 4245 3062 4299 ab
3120 4245 3335 4299 illorum
3397 4248 3725 4316 contagione

525 4406 590 4461 ll.
627 4408 758 4475 Quae
781 4413 1001 4481 quidem
1027 4417 1211 4471 omnia
1235 4418 1339 4474 hoc
1370 4419 1424 4474 in
1448 4436 1615 4491 opere
1629 4422 1992 4493 eomprebens

2204 4417 2281 4470 B'.
2304 4416 2411 4470 Καὶ
2433 4416 2577 4470 ἔστιν
2600 4418 2657 4470 ὲν
2676 4420 2744 4489 τῇ
2768 4418 2914 4489 πάσῃ
2934 4419 3285 4491 πραγματείᾳ
3303 4419 3391 4473 διὰ
3403 4421 3524 4475 τῶν
3548 4442 3725 4495 προεεο

454 4501 632 4556 tribus
662 4504 816 4560 libris
846 4508 1213 4578 explicantur,
1248 4512 1462 4582 primo,
1513 4515 1757 4570 secundo
1806 4530 1871 4571 ac
1920 4526 2032 4571 ter-

452 4594 552 4650 tio.
589 4596 754 4653 Iidem
792 4615 959 4668 porro
1004 4602 1129 4657 libri
1164 4613 1371 4676 septem
1425 4608 1479 4663 in
1529 4616 1708 4665 tomos
1750 4610 2029 4666 distributi

452 4697 584 4741 sunt
621 4704 634 4740 :
672 4704 908 4758 quorum
963 4692 1168 4764 singuli
1198 4705 1406 4751 certum
1456 4698 1735 4755 bmreseon
1769 4714 1833 4755 ac
1883 4701 2031 4757 schi-

452 4787 690 4833 smatum
721 4798 1012 4838 numerum
1058 4789 1368 4844 continent.
1412 4788 1544 4856 Qua:
1589 4792 1753 4847 simul
1800 4794 2029 4850 collecta

454 4885 593 4923 Lxxx
639 4874 956 4931 coniiciunt.
994 4877 1238 4944 Quorum
1270 4884 1668 4954 appellationes
1700 4886 1784 4940 ha:
1812 4897 1941 4941 sunt
1964 4903 2029 4943 ac

453 4966 797 5035 dogmatan,
834 4968 1244 5039 Barbarismus;
1282 4992 1339 5042 u,
1372 4974 1752 5049 Scythismus;
1786 4996 1869 5046 Ill,
1902 4981 2028 5037 llel-

453 5055 754 5124 lenismus;
791 5075 865 5123 tv,
889 5058 1234 5133 Judaismus;
1290 5084 1345 5132 ν,
1383 5068 1821 5127 Samaritismus.
1856 5073 1938 5128 Ab
1960 5074 2029 5130 iis

453 5145 714 5219 deinceps
774 5151 1001 5221 reliquae
1048 5166 1214 5211 secta:
1270 5158 1670 5228 profluxerunt.
1724 5178 1851 5217 nam
1901 5173 2031 5222 ante

452 5236 657 5292 Christi
694 5236 998 5296 Salvatoris
1027 5244 1321 5301 adventum
1340 5257 1463 5319 post
1488 5249 1784 5305 Barbaratn
1812 5262 1867 5309 et
1895 5252 2028 5327 Scy-

453 5330 623 5385 thiam
682 5336 1125 5405 superstitionem
1175 5352 1206 5394 e
1262 5337 1451 5395 Graeca
1508 5342 1627 5398 istae
1677 5346 2024 5414 prodierunt.

452 5438 529 5488 vr,
584 5422 1081 5497 Pythagoreorum,
1117 5430 1214 5501 qui
1260 5438 1315 5486 et
1374 5431 1746 5503 Peripatetici,
1802 5448 2027 5496 auctore

452 5514 743 5574 divisionis
774 5520 1101 5592 Aristotele;
1138 5540 1236 5590 vn,
1261 5524 1703 5595 Platonicorum;
1728 5546 1847 5597 vui,
1880 5531 2029 5587 Stoi-

527 5674 606 5739 (1)
640 5675 803 5737 Forte
826 5676 1105 5751 δήγματα.
1148 5682 1225 5756 (2)
1254 5681 1382 5743 For.
1420 5683 1607 5743 ἰδείαν.
1646 5684 1721 5758 (ἢ
1746 5687 1808 5745 C.
1837 5688 1992 5765 ἕκτη.

2139 4509 2391 4583 ρημένων
2425 4509 2592 4581 τριῶν
2624 4509 2864 4580 βιϐλίων,
2902 4510 3139 4582 πρώτου,
3186 4513 3279 4564 καὶ
3311 4513 3604 4585 δευτέρου,
3639 4520 3724 4569 καὶ

2132 4605 2317 4675 τρίτου
2338 4620 2350 4632 ·
2376 4603 2533 4657 ἆτινα
2565 4604 2691 4674 τρία
2725 4602 2905 4673 βιϐλία
2930 4606 3009 4667 εἰς
3032 4605 3172 4658 ἑπτὰ
3201 4605 3399 4675 τόμους
3424 4606 3719 4679 διεᾶομεν.

2146 4696 2235 4748 Ἐν
2266 4695 2323 4747 δὲ
2354 4694 2569 4765 ἑκάστῳ
2619 4695 2771 4766 τόμῳ
2805 4696 3034 4766 ἀριθμός
3063 4714 3146 4758 τις
3177 4697 3445 4766 αἱρέσεων
3485 4702 3583 4752 καὶ
3619 4719 3721 4768 ηι-

2135 4786 2356 4856 σμάτων
2406 4784 2669 4854 ἔγκειται.
2729 4784 2894 4856 Ὁμοῦ
2939 4785 2995 4838 δὲ
3048 4786 3106 4838 αί
3167 4787 3333 4839 πᾶσαί
3382 4789 3532 4841 εἰσιν
3570 4790 3695 4855 ὀγδο

2131 4879 2371 4948 ήκοντα·
2406 4875 2482 4931 ὧν
2514 4878 2571 4931 αἱ
2614 4878 2902 4949 ὀνομασίαι
2933 4879 3026 4931 καὶ
3068 4881 3125 4932 αἱ
3169 4881 3479 4949 προφάσεις
3526 4879 3717 4936 αὗται·

2132 4971 2330 5042 Πρώτη
2390 4971 2801 5042 Βαρϐαρισμός·
2868 4971 3095 5041 δευτέρα.
3158 4971 3509 5042 Σκυθισμός·
3565 4978 3715 5045 τρίτη

2144 5064 2527 5134 Ἑλληνισμός·
2564 5064 2802 5134 τετάρτη
2849 5064 3215 5135 Ἰουδαῖσμός·
3256 5066 3491 5137 πέμπτη
3539 5068 3719 5136 Σαμα-

2133 5156 2429 5228 ρειτισμός.
2507 5156 2601 5209 Ἐκ
2634 5156 2839 5210 τούτων
2874 5158 2929 5211 αἱ
2990 5156 3261 5229 καθεξῆςο
3315 5157 3423 5229 πρὸ
3480 5160 3721 5230 Χριστοῦ

2134 5248 2231 5320 μὲν
2271 5248 2408 5319 μετά
2455 5248 2840 5321 Βαρϐαρισμὸν
2893 5251 2986 5303 καὶ
3022 5249 3121 5321 τὴν
3156 5248 3421 5321 Σκυτικὴν
3457 5251 3716 5304 δεισιδαιο

2133 5339 2321 5412 μονίαν
2346 5343 2402 5392 αἱ
2431 5340 2647 5395 ἀπὸτοῦ
2676 5340 3027 5413 Ἑλληνισμοῦ
3047 5333 3491 5409 φύσασαιαῦται.
3512 5344 3717 5413 (3)“Εξ,

2129 5431 2517 5503 Πυθαγόρειοι,
2559 5433 2735 5486 είτουν
2797 5434 3245 5505 Περιπατητικοὶ,
3291 5433 3377 5485 διὰ
3426 5434 3543 5486 τῶν
3594 5439 3715 5502 περὶ

2143 5521 2518 5594 Ἀριστοτέλην
2536 5523 2894 5595 διαιρεθεῖσω
2918 5523 3120 5595 ἑϐδόμη
3148 5523 3495 5578 Πλατωνικοί
3516 5543 3529 5555 ο
3556 5527 3717 5595 ὀγδόη
