3754 6182
13 160 77 213 161
696 154 1043 214 EPIPHANII
1093 156 1541 215 RESCRIPTUM
1595 160 1689 215 AD
1729 160 2050 219 ACACIUM
2087 162 2178 220 ET
2212 164 2519 223 PAULUM.

3125 174 3228 233 169.

13 275 229 331 Στωϊκοί·
284 276 450 349 ἐνάτη
520 276 905 349 Ἐπικούρειοι.
984 272 1117 330 Εῐτα
1174 277 1543 350 Σαμαρειτικὴ

1720 295 1872 347 rum;
1903 297 1982 345 ix,
2032 280 2452 352 Epicureorum.
2485 282 2623 339 Tum
2658 284 3002 343 Samaritana
3053 303 3224 357 secta,

13 373 192 442 ιίρεσις,
225 365 361 424 οὖσα
391 371 456 423 ὲκ
488 370 582 422 τοῦ
630 368 989 439 Ἰουδαϊσμοί
1030 369 1140 422 Καὶ
1185 369 1388 438 ταύτης
1420 370 1544 422 τέσ-

13 485 112 537 rapa
141 465 283 537 ἔθνη.
341 464 553 533 Δεκάτη
599 463 892 534 Γορθηνοί·
934 463 1194 532 ἑνδεκάτη
1232 464 1541 516 Σεὸουαῖοι·

13 559 236 628 ὶοδεκάτη
288 558 574 627 Ἐσσηνοί·
622 555 1043 627 τρισκαιδεκάτη
1090 554 1350 608 Δοσίθεοι.
1408 551 1545 609 Εἶτα

13 650 181 710 ιαύτὸς
212 649 610 720 προειρημένος
636 646 993 717 Ἰουδαῖσμὸς,
1024 646 1136 701 άπὸ
1160 647 1258 700 τοῦ
1296 647 1546 718 Ἀϐραὰμ

13 744 68 795 τὸν
92 742 402 812 χαρακτῆρα
444 738 701 809 εἰληφὼς,
728 738 822 793 καὶ
848 739 937 792 διὰ
981 739 1076 792 τοῦ
1106 739 1351 803 δοθέντος
1376 740 1544 811 νόμου

14 833 57 903 τῷ
89 832 275 902 Μωῦσῇ
324 829 686 893 πλατυνθεὶς,
740 830 838 884 καὶ
886 830 995 883 ἀπὸ
1051 829 1147 884 τοῦ
1206 830 1374 885 Ἰούδα
1424 830 1543 884 υἱοῦ

14 922 170 977 Ἰακὼϐ
194 921 286 974 τοῦ
317 923 413 975 καὶ
458 921 691 991 Ἰσραὴλ,
720 922 807 975 διά
845 921 1138 983 Auﬁdum?)
1169 922 1263 975 καὶ
1297 920 1545 990 βασιλεύ-

13 1033 178 1079 ιαντος,
213 1015 277 1066 ὲκ
290 1015 387 1084 τῆς
421 1017 613 1068 τούτου
643 1015 818 1084 φυλῆς
864 1014 924 1067 τὸ
955 1014 1243 1084 ἐπώνυμον
1276 1013 1370 1066 τοῦ
1416 1015 1545 1066 Ἰου-

14 1106 190 1177 dicunt}
227 1105 550 1176 κληρωθείς.
602 1109 710 1159 Καὶ
736 1106 830 1159 ἀπ’
875 1105 1041 1159 αὑτοῦ
1076 1106 1169 1158 τοῦ
1211 1104 1542 1176 Ἰουδαϊσμοῦ

18 1200 108 1251 πτὰ
151 1198 388 1267 αἱρέσεις
415 1191 575 1250 αὗται
599 1214 614 1229 ·
653 1197 1238 1269 τεσσαρεσκαιδεκάτη,
1274 1197 1542 1267 Γραμμα-

16 1293 132 1343 έων·
197 1290 690 1359 πεντεκαιδεκάτη,
752 1290 1094 1361 Φαρισαίων·
1159 1290 1542 1359 ἐκκαιδεκάτη,

14 1382 365 1435 Σαδδουκαίων·
445 1381 881 1452 ἑπτακαιδεκάτη
908 1422 922 1445 ,
969 1381 1031 1433 Ἦ
1044 1380 1492 1452 μεροϐαπτιστῶν
1524 1397 1539 1411 ·

16 1474 420 1546 κτωκαιδεκάτη,
480 1473 745 1527 ὐσσαίων
771 1490 784 1503 ·
830 1472 1307 1542 ὲννεακαιδεκάτη,
1352 1473 1538 1524 Νασα-

14 1569 155 1619 ιαὲων·
182 1566 421 1637 εἰκοστὴ,
468 1566 835 1638 Ἠρωδιανῶν.

1647 388 1770 444 qua:
1819 388 1888 429 ex
1933 372 2163 430 Judaica
2214 377 2630 446 pullulavitzca
2668 395 2831 448 porro
2882 390 3122 452 quatuor
3170 386 3226 440 in

1649 467 1915 521 factiones
1946 467 2102 523 abiit.
2147 484 2203 533 Χ,
2227 468 2669 536 Gortbenorum;
2725 487 2803 535 ιιι,
2832 471 3223 543 εθὺυαεοτιιιιις

1646 572 1748 619 xu,
1808 559 2175 624 Ftssenorum;
2212 575 2336 622 xm,
2394 559 2801 617 Dositheorum.
2837 562 3099 636 Sequitur
3127 565 3228 620 Ju-

1648 648 1920 715 daismus,
1975 650 2044 706 de
2098 665 2211 721 quo
2261 653 2466 708 dictum
2500 664 2606 720 est,
2662 656 2755 726 qui
2814 658 3095 727 propriam
3155 660 3226 714 ab

1643 738 2210 812 Abrahamoliguram
2278 757 2343 798 ac
2388 754 2569 798 notam
2601 747 2833 816 acecpit.
2871 747 3078 804 Deinde
3126 766 3225 819 per

1644 829 1849 902 Moysis
1908 833 2079 903 legem
2115 834 2373 891 dilatatus
2425 836 2494 889 ab
2526 834 2665 890 Juda
2696 836 2885 892 Jacobi
2920 838 3065 904 (ilio,
3128 840 3224 912 qui

1646 925 1813 980 lsrael
1843 928 2144 996 appellatus
2178 940 2282 992 est,
2313 943 2408 998 per
2425 926 2683 983 Davidem
2715 930 2898 999 populi
2935 930 3119 993 istius,
3154 948 3221 986 ex

1646 1016 1835 1071 eadem
1892 1019 1978 1071 illa
2016 1019 2183 1081 tribu,
2220 1034 2425 1089 regem,
2471 1018 2737 1075 Judaismi
2799 1022 3221 1091 appellationem

1645 1109 1903 1163 obtinuit.
1935 1111 2018 1163 Ab
2052 1110 2154 1165 hoc
2187 1119 2395 1181 septem
2436 1111 2519 1165 ha:
2570 1113 2891 1181 prodierunt
2940 1113 3216 1167 haereses:

1644 1218 1757 1262 xw,
1789 1200 2140 1269 Scribarum;
2170 1220 2258 1265 xv,
2283 1203 2715 1269 Pharisaeorum;
2745 1221 2856 1264 xw.
2890 1204 3222 1259 Sadduczcm

1643 1310 1797 1358 rum;
1831 1311 1943 1347 xvn
1969 1334 1984 1357 ,
2022 1294 2621 1367 Hemerobaptistarum
2644 1314 2659 1363 ;
2684 1315 2838 1357 xvm,
2871 1297 3180 1353 Ossmorum
3201 1340 3217 1365 ,

1644 1401 1758 1450 xix,
1791 1384 2204 1454 Nasarteorum;
2239 1404 2330 1453 xx,
2369 1387 2828 1443 lierodianorum.

58 1662 143 1712 Ἐκ
176 1659 381 1713 τούτων
435 1660 544 1712 τῶν
600 1660 864 1729 αἱρέσεων
919 1658 1013 1711 καὶ
1058 1656 1349 1728 μετέπειτα
1399 1656 1541 1710 κατὰ

1720 1650 2033 1707 Secundum
2066 1651 2166 1706 has
2195 1660 2377 1706 sectas
2404 1651 2754 1706 successione
2784 1658 3086 1720 temporum
3114 1649 3220 1705 Do-

14 1736 209 1823 ιαδοχὴν
251 1753 359 1805 τῶν
392 1751 599 1822 χρόνων
647 1751 890 1819 ἐπεφάνη
938 1751 970 1820 ἠ
1008 1749 1271 1819 σωτήριος
1303 1747 1537 1819 Χριστοῦ

14 1846 64 1897 οὖ
96 1844 295 1913 Κυρίου
347 1843 505 1914 ἡμῶν
550 1844 812 1914 ἔνσαρκος
843 1840 1134 1912 παρουσία,
1170 1841 1262 1894 καὶ
1311 1840 1542 1909 εὐαγγε-

16 1940 89 2007 mh
143 1937 463 1989 διδασκαλία
502 1953 588 1997 τε,
639 1936 733 1989 καὶ
782 1936 1049 2005 κήρυγμα
1093 1931 1390 2002 βασιλείας,
1420 1932 1541 2001 ἥτις

14 2029 101 2095 ,ὁνη
130 2027 246 2078 ἐστὶ
284 2025 436 2096 πηγὴ
486 2024 761 2094 σωτηρίας
806 2022 901 2077 καὶ
953 2022 1132 2085 πίστις
1163 2022 1419 2091 ἀληθείας
1441 2021 1543 2091 τῆς

18 2118 254 2187 αθολικῆς
272 2116 367 2168 καὶ
382 2114 748 2184 ἀποστολικῆς
774 2114 870 2166 καὶ
888 2112 1168 2183 ὁρθοδόξου
1202 2110 1538 2180 Ἐκκλησίας.

13 2211 72 2263 Ex
107 2210 161 2262 δὲ
201 2208 409 2278 ταύτης
456 2206 929 2278 περιεκλάσθησάν
963 2223 1046 2269 τε,
1079 2205 1173 2257 καὶ
1215 2203 1542 2273 ἐσχίσθησαν

14 2320 128 2371 νομα
169 2301 331 2371 μόνον
358 2298 598 2371 Χριστοῦ
630 2298 873 2368 ἔχουσαι,
901 2296 1041 2350 ἀλλὰ
1069 2296 1187 2366 οὐχὶ
1209 2295 1307 2365 τὴν
1338 2295 1539 2358 πίστιν,

14 2394 197 2463 ίρέσεις
228 2387 390 2446 αὗται
412 2408 427 2422 ·
456 2390 649 2464 πρώτη
691 2388 1041 2461 Σιμωνιανοί·
1068 2388 1295 2459 δευτέρα
1332 2389 1543 2440 Μεναν-

14 2483 161 2551 ριανοί
177 2498 191 2512 ·
216 2482 378 2552 τρίτη
397 2480 800 2553 Σατορνιλιανοί
822 2499 835 2511 ·
859 2480 1095 2551 τετάρτη
1125 2477 1538 2531 Βασιλειδιανοί·

14 2576 181 2645 ἐμπτη
238 2571 559 2627 Νικολαῗται
582 2590 597 2603 ⁸
642 2573 776 2644 ἕκτη
812 2571 1125 2637 Γνωστικοὶ,
1163 2572 1213 2623 οἱ
1246 2572 1340 2624 καὶ
1370 2572 1545 2641 Στρα-

13 2664 221 2726 ιωτικοὶ,
274 2663 326 2715 οἱ
372 2663 525 2714 αὐτοὶ
550 2661 867 2723 Φιϐιονῖται,
895 2660 1045 2730 παρὰ
1085 2658 1141 2712 δέ
1173 2677 1281 2712 τισι
1317 2660 1545 2712 Σεκουν-

14 2757 143 2817 νανοὶ,
187 2752 345 2825 παρὰ
374 2752 557 2813 ἄλλοις
585 2751 641 2803 δὲ
679 2751 1038 2821 ἃυκρατῖται,
1083 2749 1213 2818 παρ’
1246 2748 1454 2818 ἑτέροις
1485 2748 1542 2802 δὲ

14 2850 233 2916 expiat,
296 2844 448 2916 παρὰ
503 2844 560 2896 δέ
606 2860 714 2897 τισι
748 2841 1029 2895 Κοδδιανοὶ
1072 2840 1419 2911 καλούμενοι,
1450 2844 1543 2896 καὶ

14 2938 303 3009 ορϐορίται,
337 2936 433 2989 καὶ
483 2934 839 3005 Βαρὸηλίται.
891 2933 1125 3003 Ἐὁδὸμη
1153 2934 1541 3003 Καρποκρατῖ-

13 3048 81 3082 ιι·
107 3030 269 3098 ὀγδόη
295 3027 672 3099 Κηρινθιανοὶ,
697 3027 749 3078 οἱ
788 3025 884 3079 καὶ
916 3026 1281 3096 Μηρινθιανοί
1299 3040 1314 3055 °
1342 3027 1535 3097 ὲννάτη

14 3122 300 3194 ἀζωραῖοι·
339 3121 539 3191 δεκάτη
607 3119 945 3172 Ἐὖιωναῖοι·
998 3118 1256 3189 ἑνδεκάτη
1305 3120 1540 3173 Οὐαλεν-

13 3214 94 3265 ἶνοι
115 3230 127 3244 ι
166 3210 450 3278 δωδεκάτη
482 3208 873 3270 Σεκουνδιανοὶ,
902 3202 984 3272 οἷς
1018 3209 1343 3262 συνάπτεται
1387 3211 1540 3263 Ἐπι-

14 3305 129 3373 avi};
175 3303 274 3357 καὶ
329 3301 600 3372 Ἰσίδωρος
624 3317 639 3331 ·
705 3300 1126 3372 τρισκαιδεκάτη
1184 3301 1537 3373 Πτολεμαῖοι·

13 3391 529 3463 εσσαρεσκαιδεκάτη
621 3390 976 3462 Μαρκώσιοι·

14 3487 345 3556 ολορὸάσιοι·
380 3483 741 3553 ἑκκαιδεκάτη
785 3483 1240 3553 Ἡρακλεωνῖται·
1280 3484 1542 3537 ἑπτακαι-

13 3581 156 3649 ειιατη
200 3580 417 3646 Ὀφίται
444 3592 459 3607 ⁸
498 3575 943 3646 ,ὀκτωκαιδεκάτη
974 3576 1202 3630 Καῖανοί
1223 3593 1237 3607 ·
1265 3578 1543 3631 ὲνακαιδε-

14 3672 100 3739 ἀτη
126 3669 385 3742 Σηθιανοί
405 3686 418 3698 ·
451 3668 669 3737 εἰκοστὴ
709 3668 1073 3737 Ἀρχοντικοί·
1105 3669 1323 3739 εἰκοστὴ
1352 3670 1540 3741 πρώτη

18 3761 350 3831 ερδωνιανοί·
391 3758 611 3829 εἰκοστὴ
655 3757 883 3828 δευτέρα
920 3759 1280 3824 Μαοκίωνες·
1321 3764 1539 3835 εἰκοστὴ

1080 3391 1542 3464 πεντεκαιδεκάτη

1643 1741 1778 1796 mini
1814 1743 1991 1796 nostri
2023 1740 2152 1797 Jesu
2185 1741 2391 1796 Christi
2446 1742 2759 1795 lncarnatio
2789 1742 2884 1795 tuti
2916 1744 3034 1795 orbi
3071 1745 3220 1796 salu-

1642 1835 1778 1889 taris
1814 1834 2011 1895 illuxit.
2045 1842 2101 1889 et
2153 1849 2278 1889 cum
2334 1834 2438 1888 hac
2469 1835 2747 1903 Evangelii
2782 1833 3064 1898 doctrina,
3102 1849 3217 1887 ρυε-

1642 1927 1910 1997 testisque
1938 1927 2089 1999 regni
2117 1926 2459 1998 praedicatio.
2503 1926 2605 1994 Qui
2654 1928 2873 1996 quidem
2908 1928 3105 1983 unicus
3135 1939 3219 1982 est

1642 2020 1767 2077 fons
1796 2021 1993 2076 salutis
2049 2027 2104 2076 et
2158 2020 2443 2075 catholica:
2474 2022 2898 2091 apostolicaeque
2958 2019 3219 2074 Ecclesiae

1641 2125 1769 2166 vera
1820 2111 1974 2166 ﬁdes.
2019 2110 2065 2165 A
2095 2126 2203 2181 qua
2231 2111 2585 2181 insequentes
2632 2126 2825 2167 omnes
2881 2120 3064 2176 sectae,
3098 2127 3221 2180 qua:

1643 2204 1821 2260 solum
1852 2203 2059 2260 Christi
2084 2220 2308 2268 nomen,
2341 2221 2448 2259 non
2482 2204 2639 2260 [idem
2673 2204 2990 2274 praeferunt,
3025 2219 3221 2274 ampu-

1644 2305 1769 2350 tata:
1795 2303 1945 2361 sunt,
1976 2305 2031 2351 et
2063 2298 2268 2352 avulsa:
2302 2313 2315 2349 :
2341 2315 2381 2363 ι,
2412 2297 2748 2356 Simoniani;
2784 2312 2846 2360 ιι,
2875 2295 3220 2350 Menandria-

1644 2389 1730 2455 ni;
1766 2404 1847 2451 ιιι,
1885 2387 2283 2455 Saturniliani;
2312 2406 2384 2451 iv,
2421 2388 2770 2450 Basilidiani;
2822 2405 2875 2452 v,
2904 2387 3216 2450 Nicolaitaz;

1642 2495 1718 2543 vr,
1745 2479 2013 2545 Gnostici,
2041 2481 2134 2550 qui
2161 2488 2216 2535 et
2245 2480 2568 2544 Stratiotici,
2587 2478 2996 2546 etPhibionitze,
3031 2493 3061 2532 a
3088 2479 3217 2548 qui-

1643 2572 1874 2627 busdam
1900 2570 2266 2637 Secundiani;
2304 2572 2374 2626 ab
2420 2572 2544 2625 aliis
2599 2570 2907 2636 Socratitae,
2941 2571 3024 2626 vel
3084 2569 3220 2623 Zac-

1644 2664 1778 2719 chzei
1804 2682 1818 2729 ;
1850 2664 1918 2719 ab
1952 2665 2075 2719 aliis
2098 2680 2230 2721 vero
2257 2664 2525 2719 Coddiani
2577 2664 2943 2735 appellantur,
2995 2677 3061 2718 ac
3086 2663 3220 2717 Bor-

1644 2755 1883 2817 boriani,
1913 2757 1997 2810 vel
2026 2756 2350 2822 Barbelilze;
2385 2772 2480 2819 vn,
2510 2755 2934 2826 Carpocratitze;
2966 2770 3087 2819 vm,
3116 2756 3218 2808 (Je-

1643 2848 1928 2913 rintliiani,
1991 2851 2085 2920 qui
2138 2858 2194 2903 et
2250 2847 2633 2911 Merinthiani;
2692 2864 2770 2911 ix,
2822 2845 3098 2908 Nazoraei;
3160 2862 3216 2907 ιι,

1630 2938 1930 3005 Ἐὺὶοιιαιὶ;
1967 2957 2047 3002 xi,
2083 2938 2394 3005 Valentini;
2434 2956 2535 3001 xu,
2591 2938 2947 2994 Secundiani.
3005 2938 3218 3003 Quibus

1645 3035 1855 3089 accedit
1888 3033 2195 3104 Epiphanes
2235 3040 2290 3087 et
2312 3031 2580 3088 Isidorus.
2619 3046 2741 3097 xm,
2771 3029 3076 3093 Ptolemaei;
3104 3045 3216 3092 xiv,

1645 3124 1934 3192 Marcosii;
1972 3142 2063 3187 xv,
2088 3125 2425 3189 Colorbasii;
2470 3138 2585 3186 xvt,
2614 3122 3043 3188 Heracleonitae;
3078 3135 3217 3185 xv",

1646 3214 1885 3285 Ophitaa;
1923 3231 2083 3278 xvm,
2112 3214 2340 3284 Cajani;
2376 3229 2489 3278 xix,
2529 3211 2813 3278 Sethiani;
2846 3227 2935 3276 xx,
2963 3210 3220 3265 AI'ChGII-r

1647 3307 1777 3373 tici;
1811 3323 1925 3372 xxI,
1958 3306 2323 3373 Cerdoniani;
2360 3322 2496 3369 χχιι,
2526 3304 2866 3368 Marciones;
2924 3318 3081 3364 mu,
3116 3301 3222 3355 Lu-

1648 3401 1985 3465 ciuianistae;
2044 3416 2217 3465 xxiv,
2272 3398 2649 3470 Appelleiani;
2708 3413 2845 3461 xxv,
2904 3395 3218 3461 Severiani;

1645 3507 1812 3555 xxvr,
1857 3491 2111 3558 Tatiaui;
2161 3508 2335 3552 xxvu,
2396 3490 2729 3557 Eneratitze;
2788 3503 2993 3552 xxvm,
3052 3487 3218 3541 Cata-

1645 3582 1901 3653 phryges,
1932 3583 2023 3651 qui
2046 3581 2466 3652 eleoutanistaa
2489 3590 2542 3635 et
2571 3578 3003 3648 Tascodrugitae,
3040 3577 3132 3647 qui
3162 3584 3219 3631 et

1649 3673 1755 3744 ipsi
1790 3674 1951 3729 divisi
1984 3681 2135 3736 sunt,
2158 3690 2291 3727 xm
2312 3713 2327 3737 ,
2359 3672 2680 3745 Pepuziani,
2707 3671 2804 3742 qui
2830 3679 2885 3727 et
2912 3668 3215 3725 Priscillia-

1648 3768 1726 3830 ni,
1766 3783 1829 3821 ac
1859 3767 2207 3833 Quintiliani.

13 3860 115 3927 ρίτη
149 3854 540 3910 Λουκιανισταί
564 3870 578 3884 ·
605 3854 825 3923 εἰκοστὴ
858 3867 1095 3926 τετάρτη
1145 3856 1496 3929 Ἀπελληανοί
1522 3874 1536 3888 ·
1578 3862 1797 3933 εἰκοστὴ
1828 3863 2056 3933 πέμπτη
2091 3859 2439 3933 Σευηριανοί·
2507 3858 2728 3929 εἰκοστὴ
2757 3857 2892 3928 ἒκτη
2940 3854 3218 3909 Τατιανοί·

14 3950 172 4021 κοπῆ
220 3948 432 4019 ἑϐδόμη
503 3946 880 4014 Ἐγκρατῖται·
931 3948 1152 4008 εἰκοστῆ
1189 3948 1349 4016 ὀγδόη
1394 3949 1535 4003 κατὰ
1571 3951 1924 4021 Φρυγαστῶν,
1974 3952 2068 4005 καὶ
2118 3950 2523 4015 Μοντανιστῶν,
2588 3950 2684 4003 καὶ
2716 3944 3216 4018 Τασκοδρουγιτῶν.

14 4041 113 4097 ὖτοι
148 4044 205 4095 δὲ
270 4041 437 4095 πάλιν
483 4040 533 4093 οἱ
585 4040 1042 4112 Τασκοδρουγῖται
1086 4043 1415 4115 διῃρέθησαν
1462 4045 1541 4108 εἰς
1579 4045 1823 4111 ἑαυτούς.
1860 4048 2093 4120 Εἰκοστὴ
2135 4046 2330 4119 ὲννάτη
2368 4044 2750 4109 Πεπουζιανοὶ,
2802 4044 2851 4095 οἱ
2902 4040 2995 4093 καὶ
3049 4041 3218 4111 Πρισ-

14 4142 239 4200 ιλλιανοὶ,
270 4140 367 4193 καὶ
396 4139 811 4192 Κυϊντιλλιανοί.

36 4230 123 4296 Οἷς
151 4234 522 4288 συνάπτονται
556 4234 959 4304 Ἀρτοτυρῖται·
1003 4234 1296 4305 τριακοστὴ
1336 4234 1543 4289 Τεσσα-

1720 4235 1931 4302 Quibus
1988 4232 2323 4303 adjiciuntur
2393 4229 2743 4301 Artotyritae:
2810 4246 2961 4294 xxx,
3016 4228 3216 4286 Tessa-

13 4315 474 4387 εσκαιδεκατίται,
539 4324 588 4375 οί
641 4323 704 4376 τὸ
754 4324 944 4394 Πάσχα
1004 4326 1133 4396 μίαν
1188 4327 1400 4399 ἡμέραν
1439 4327 1532 4381 τοῦ

1720 4327 2078 4387 ίριεόθυιιιίιω,
2112 4325 2205 4395 qui
2228 4323 2510 4379 Paschatis
2542 4323 2849 4379 celebritati
2874 4339 3035 4378 unam
3060 4334 3222 4394 quot-

13 4436 111 4481 τους
151 4418 471 4480 ποιοῦντες·
515 4414 812 4486 τριακοστὴ
862 4415 1052 4488 πρώτη
1095 4419 1335 4487 Ἀλογοι,
1395 4421 1443 4472 οἱ
1485 4418 1548 4472 τὺ

15 4509 292 4577 ὖαγγέλιον
342 4507 443 4561 καὶ
472 4509 570 4580 τὴν
602 4509 965 4578 Ἀποκάλυψιν
1003 4509 1245 4564 Ἰωάννου
1290 4511 1365 4581 μὴ
1396 4510 1547 4581 δεχό-

14 4620 144 4654 ενοι·
208 4601 517 4674 τριακοστὴ
559 4602 787 4675 δευτέρα
834 4603 1185 4674 ’Λδαμιαναί·
1251 4604 1547 4676 τριακοστὴ

13 4695 114 4766 piri]
155 4696 472 4766 Σαμψαῶι,
511 4697 558 4748 oi
599 4696 694 4750 xui.
749 4695 1050 4750 Ἐλκεσαῖοι
1070 4712 1084 4725 ·
1117 4698 1416 4769 τριακοστὴ
1462 4714 1549 4751 τε-

13 4789 132 4858 ὶρτη
169 4788 517 4843 Θεοδοτιανοί
541 4803 557 4820 ·
611 4790 909 4861 τριακοστὴ
962 4790 1190 4861 πέμπτη
1223 4791 1550 4862 Μελχισεδέ-

14 4878 133 4930 Law:
153 4895 165 4905 ·
196 4877 509 4947 τριακοστὴ
554 4877 687 4949 ἓκτη
734 4878 1183 4951 Βαρδησιανισταί
1212 4896 1225 4911 ·
1252 4882 1548 4952 τριακοστὴ

14 4967 159 5038 εδὸμη
218 4969 556 5039 Νοητιανοί·
617 4970 913 5041 τριακοστὴ
984 4972 1144 5042 ὀγδόη
1219 4971 1545 5043 Οὐαλήσιοι·

13 5060 255 5130 ριακοστὴ
319 5059 520 5127 ὲννάτη
571 5060 835 5130 Καθαροὶ,
877 5062 925 5114 οἱ
976 5063 1071 5116 καὶ
1110 5063 1384 5115 Ναυᾶτοι·
1426 5079 1551 5116 τεσ-

13 5152 274 5222 ιρακοστὴ
326 5151 669 5218 Ἀγγελικοί·
714 5154 1127 5225 τεσσαρακοστὴ
1160 5154 1352 5225 πρώτη
1392 5155 1551 5209 Ἀπο-

13 5244 215 5305 minimi,
264 5246 317 5298 οἰ
367 5244 463 5296 καὶ
507 5244 918 5298 Ἀποτακτικοί·
973 5246 1384 5317 τεσσαρακοστὴ
1432 5247 1551 5300 δευ-

13 5337 93 5406 ipa
136 5334 494 5391 Σαϐελλιανοί
520 5352 531 5364 ·
560 5337 972 5408 τεσσαρακοστὴ
1007 5339 1165 5410 τρίτη
1216 5339 1547 5409 Ὠριγένειοι,

13 5427 19 5479 Ξ
56 5428 402 5501 αἰσχροποιοί
426 5445 441 5458 ·
490 5431 896 5500 τεσσαρακοστὴ
937 5430 1171 5502 τετάρτη
1214 5431 1547 5503 Ὠριγένειοι,

14 5520 58 5571 εὖ
78 5524 167 5576 καὶ
210 5521 579 5591 Ἀδαμαντίου
599 5539 611 5551 ·
638 5524 1051 5593 τεσσαρακοστὴ
1080 5524 1306 5595 πέμπτη
1337 5524 1548 5578 Παύλου

13 5611 59 5664 ιῦ
94 5614 496 5684 Σαμοσατέως·
541 5613 954 5685 τεσσαρακοστὴ
1001 5615 1131 5687 ἕκτη
1164 5614 1467 5685 Μανιχαῖοι,
1500 5618 1549 5670 οἱ

1651 4420 1810 4475 annis
1860 4420 2003 4473 diem
2027 4417 2374 4487 przeiiniunt;
2426 4431 2583 4480 xxxi,
2632 4416 2785 4486 Alogi
2820 4416 2913 4486 qui
2974 4415 3221 4486 Evange-

1650 4512 1782 4566 lium
1822 4517 1875 4565 ct
1897 4508 2263 4580 Apocalypsin
2292 4506 2520 4561 Joannis
2550 4507 2806 4577 rejiciunt
2829 4524 2845 4574 ;
2871 4523 3044 4568 xxxii,
3078 4507 3223 4561 Ada—

1650 4601 1815 4657 miani
1843 4617 1858 4665 ;
1889 4617 2086 4664 xxxiii,
2114 4599 2399 4670 Sampsazi,
2430 4599 2522 4668 qui
2555 4606 2610 4652 et
2668 4597 2921 4653 Helcesaei
2948 4615 2962 4662 ;
3019 4614 3217 4661 xxxiv,

1651 4690 2790 4758 Tlieodotiani;xxxv,Melchisedeciani;
2846 4706 3030 4753 χχχιιι.
3087 4691 3217 4746 Bar-

1650 4784 2002 4849 dcsianistaz;
2064 4798 2277 4850 xxxv",
2340 4781 2629 4847 Noetiani;
2686 4797 2918 4848 xxxvm,
2976 4781 3219 4847 Valesii;

1650 4893 1843 4939 XXXIX,
1892 4877 2141 4939 Cathari,
2196 4877 2288 4947 qui
2338 4886 2393 4932 et
2441 4874 2773 4941 Novatiani;
2808 4889 2899 4936 ιιι..
2930 4873 3219 4945 Angelici;

1655 4987 1769 5038 xu,
1801 4970 2128 5040 Apostolici,
2153 4970 2246 5041 qui
2274 4978 2328 5025 et
2354 4968 2699 5039 Apotactici;
2728 4983 2865 5032 xui,
2891 4967 3220 5031 Sabelliani;

1651 5078 1806 5127 mu,
1841 5061 2163 5132 Origenisue
2196 5060 2459 5117 fmditatis
2508 5068 2797 5127 auctores;
2848 5077 2994 5123 κων,
3030 5060 3222 5131 Orige-

1650 5154 1830 5217 nistaa,
1860 5153 1928 5207 ab
1959 5154 2215 5224 Origene,
2249 5154 2345 5223 qui
2382 5153 2547 5208 etiam
2572 5151 2936 5208 Adamantius
2978 5154 3221 5222 appella-

1653 5254 1783 5313 tur;
1842 5263 1965 5309 ην,
2025 5245 2182 5300 Pauli
2221 5244 2664 5309 Samosatensis;
2723 5262 2871 5308 XLVI,
2914 5244 3217 5307 Manichmi,

1652 5341 1745 5410 qui
1781 5346 1835 5395 et
1865 5340 2185 5403 Acuanitm;
2244 5354 2410 5402 vau,
2466 5338 2792 5405 Hieracitae;
2824 5354 3016 5401 vam,
3054 5337 3220 5393 Mele-

1652 5433 1810 5495 tiani.
1856 5432 1949 5501 qui
1986 5429 2039 5486 in
2099 5430 2336 5502 Egypto
2385 5432 2626 5487 schisma
2670 5430 3010 5497 conﬂarunt;
3066 5446 3216 5491 χιιι,

1654 5525 1843 5579 Ariani
1879 5527 1971 5595 qui
2002 5526 2466 5591 ctAriomanitre;
2506 5541 2559 5590 L,
2603 5525 2977 5580 Audianorum
3031 5533 3216 5589 secta;

1654 5632 1729 5683 ιι,
1762 5616 2111 5680 Pbotiniani;
2141 5632 2237 5684 LII,
2268 5617 2640 5683 Marcelliani;
2677 5633 2789 5683 Lm,
2852 5615 3219 5680 Scmiariani;
