3766 6322
546 184 650 240 163

1294 180 1637 236 EPIPHANII
1677 179 2123 238 RESCRIPTUM
2161 180 2252 234 AD
2291 180 2595 237 ACACIUM
2629 182 2717 237 ET
2754 181 3065 240 PAULUM.
3678 189 3734 245 {64

544 340 661 390 LIV,
694 320 1184 379 Pneumatomachi
1214 320 1332 376 sive
1380 321 1795 388 Macedoniam;
1832 328 1887 377 et
1919 320 2031 376 Elei

2237 319 2322 371 καὶ
2366 319 2707 374 Ἀκουανῖται
2732 336 2747 351 ·
2777 318 3191 392 τεσσαρακοστὴ
3224 319 3425 393 ἑϐδόμη
3471 321 3724 393 Ἰερακὶται

544 416 797 488 discipuli
818 416 912 487 qui
955 416 1010 470 in
1034 422 1284 470 sanctum
1307 413 1401 470 Dei
1433 414 1696 484 Spiritum
1735 412 2121 469 contumeliosi

544 516 689 573 sunt;
704 523 791 571 ιν,
805 504 1020 561 Aeriani
1039 503 1115 578 [et
1130 504 1327 559 Eleusii
1345 502 1637 574 discipuli];
1653 519 1762 569 LVI,
1778 502 2008 567 Aetiani,
2028 501 2121 571 qui

543 599 884 663 etAnommi,
905 597 1107 669 quibus
1134 595 1449 667 adjungitnr
1477 594 1781 650 Eunomius
1804 612 1819 661 ;
1860 610 1991 657 Lvn,
2032 592 2123 646 Di-

541 690 888 761 maeritaz,qui
910 690 1205 759 perfectam
1222 688 1425 743 Christi
1445 687 1877 741 lncarnationem
1898 685 2121 739 minime

542 784 895 845 conﬁtentur,
922 781 1014 851 qui
1038 788 1093 834 et
1127 778 1535 851 Apollinaristae
1575 778 1964 842 nominantur;
1987 792 2119 830 Lvnt

542 893 755 940 eorum,
787 875 881 947 qui
940 874 1167 928 Mariam
1221 886 1439 941 semper
1478 871 1765 941 virginem,
1824 878 2116 939 postquam

545 968 882 1023 Salvatorem
922 968 1131 1038 genuit,
1168 979 1292 1019 cum
1330 963 1571 1033 Josepho
1627 963 1980 1018 consuevisse
2034 961 2112 1016 di-

542 1071 695 1127 cunt,
756 1074 897 1131 quos
953 1055 1538 1113 Antidicomarianitas
1579 1054 1958 1124 appellamus;
1995 1069 2113 1122 ux,

538 1168 751 1217 eorum,
788 1153 883 1223 qui
912 1152 967 1205 in
1018 1165 1219 1205 nomen
1254 1148 1499 1218 ejusdem
1554 1147 1739 1201 Mariae
1789 1147 2111 1219 collyridem

538 1246 796 1313 oll‘erunt,
829 1252 884 1300 et
905 1243 1262 1315 Collyridiani
1291 1252 1558 1297 vocantur
1583 1259 1599 1308 ;
1652 1257 1741 1307 ιιι,
1770 1241 2107 1306 Massaliani,

540 1338 607 1391 ad
638 1353 775 1406 quos
801 1336 1176 1405 adjungnntur
1192 1332 1534 1404 Martyriani,
1567 1349 1598 1388 e
1626 1334 1910 1404 gentilium
1936 1342 2111 1398 secta,

537 1439 591 1484 et
624 1429 980 1499 Euphemitaa,
1017 1441 1081 1481 ac
1107 1426 1371 1481 Satanici.

2222 413 2631 483 τεσσαρακοστὴ
2658 412 2816 483 ὀγδόη
2870 411 3224 483 Μελητιανοὶ,
3258 415 3309 467 οἱ
3355 415 3479 469 κατ’
3506 416 3734 486 Afyw-rw

2225 504 2429 574 σχίσμα
2477 503 2657 567 ὄντες·
2684 504 3095 576 τεσσαρακοστὴ
3142 506 3337 578 ὲννάτη
3393 509 3674 581 Ἀρειαναὶ,
3717 532 3734 568 ι

2224 596 2319 649 καὶ
2355 597 2758 666 Ἀρειομανίται
2777 611 2791 624 ·
2819 595 3166 667 πεντηκοστὴ
3188 598 3545 652 Αὐδιανῶν’τδ
3567 603 3729 672 σχίσμα

2223 689 2562 757 πεντηκοστὴ
2590 686 2781 759 πρώτη
2800 689 3145 741 Φωτεινιανοί
3166 706 3180 721 ο
3209 692 3551 765 πεντηκοστὴ
3573 695 3734 767 δευτέρι

2223 779 2622 850 Μαρκελλιανοί
2642 797 2655 809 ’
2703 780 3044 851 πεντηκοστὴ
3063 780 3222 851 τρίτη
3238 780 3545 852 Ἦμιάρειοι
3564 802 3575 814 ·
3600 804 3734 858 nam;

2222 870 2390 941 κοστὴ
2408 871 2641 941 τετάρτη
2670 872 3144 942 Πνευματομάχοι,
3169 872 3219 924 οἱ
3262 873 3359 926 καὶ
3392 874 3734 932 Μακεδονιανοὶ

2221 964 2316 1016 καὶ
2361 964 2633 1017 Ἐλευσίου
2667 963 2991 1033 μαθηταὶ,οἱ
3020 964 3078 1017 τὸ
3100 964 3253 1032 ἅγιον
3280 963 3373 1018 τοῦ
3407 965 3542 1019 Θεοῦ
3576 970 3733 1040 Ilva-Egi

2221 1056 2703 1128 βλασφημοῦντες·
2759 1056 3101 1127 πεντηκοστὴ
3178 1057 3448 1129 πέμπτη,
3537 1061 3734 1132 Ἀεριανι

2219 1148 2338 1220 [καὶ
2365 1150 2635 1202 Ἐλευσίου
2656 1148 2916 1220 μαθηταί]
2939 1166 2953 1182 ο
2982 1149 3324 1220 πεντηκοστὴ
3352 1150 3487 1221 ἕκτη
3514 1151 3734 1207 Ἀετιανιῑ

2217 1242 2266 1293 οἱ
2298 1240 2390 1293 καὶ
2427 1242 2672 1311 Ἀνομοι,
2695 1236 2775 1300 οἷς
2813 1241 3144 1294 συνάπτεται
3196 1241 3481 1311 Εὑνόμιος,
3523 1243 3734 1312 μᾶλλονᾶ

2218 1336 2247 1388 ὁ
2294 1334 2560 1403 Ἀνομος·
2611 1334 2952 1404 πεντηκοστὴ
3003 1334 3203 1405 ἑϐδόμη
3249 1335 3576 1405 Διμοιρῖται,
3623 1339 3666 1388 οἱ
3705 1358 3734 1405 μ

2218 1423 2428 1477 τελείαν
2460 1423 2695 1494 Χριστοῦ
2728 1425 2825 1495 τὴν
2856 1423 3272 1496 ὲνανθρώπησιν
3304 1425 3734 1495 ὁμολογοῦντες,ι

538 1525 631 1579 καὶ
691 1524 1125 1595 Ἀπολλιναρῖται
1149 1538 1165 1555 ο
1217 1520 1561 1593 πεντηκοστὴ
1599 1520 1784 1592 ὀγδόη,
1812 1522 1907 1575 καὶ
1936 1521 1986 1573 οἱ
2015 1520 2115 1590 τὴν
2153 1519 2314 1588 ἁγίαν
2344 1518 2563 1590 Μαρίαν
2587 1519 2688 1589 τὴν
2719 1519 2808 1571 ἀεὶ
2832 1518 3101 1592 παρθένον
3156 1519 3406 1587 λέγοντες
3443 1518 3579 1590 μετὰ
3607 1520 3661 1572 τὺ
3694 1521 3734 1571 τὸ

536 1620 762 1690 Σωτῆρα
785 1617 1191 1688 γεγεννηκέναι,
1213 1615 1293 1687 τῷ
1330 1616 1530 1687 Ἰωσὴφ
1564 1615 1850 1687 συνῆφθαι,
1909 1614 2164 1678 οὕστινας
2223 1614 2562 1684 ἐκαλέσαμεν
2632 1612 3259 1683 Ἀντιδικομαριανίτας·
3312 1611 3645 1682 πεντηκοστὴ
3699 1613 3734 1667 ἐι

533 1712 688 1782 νάτη,
717 1711 810 1763 καὶ
836 1711 885 1763 οἱ
912 1710 991 1773 εἱς
1022 1708 1191 1779 ὄνομα
1228 1707 1329 1778 τῆς
1366 1707 1538 1777 αὐτῆς
1595 1706 1813 1777 Μαρίας
1867 1706 2154 1771 κολλυρίδα
2191 1704 2616 1775 προσφέροντες,
2664 1702 2713 1754 οἳ
2741 1700 3033 1755 καλοῦνται
3054 1700 3499 1772 Κολλυριδιανοί·
3532 1703 3733 1774 ἐξηκοστ

532 1801 927 1865 Μασσαλιανοὶ,
979 1793 1062 1862 οἷς
1103 1798 1464 1852 συνάπτονται
1495 1797 1893 1867 Μαρτυριανοὶ,
1934 1799 1983 1850 οἱ
2010 1796 2119 1851 ἀπὸ
2163 1795 2453 1866 Ἑλλήνων,
2493 1795 2587 1847 καὶ
2614 1794 2950 1864 Εὐφημῖται,
2986 1794 3081 1847 καὶ
3108 1794 3448 1849 Σατανιανοί.

602 1897 760 1952 Nunc
795 1896 1027 1967 repetita
1056 1896 1399 1962 narratione,
1456 1903 1509 1950 et
1539 1894 1596 1949 in
1626 1894 1877 1965 singulos
1934 1894 2107 1949 libros
2138 1901 2182 1957 Β

534 1990 849 2048 distributis
872 1989 1197 2053 haeresibus,
1229 1989 1335 2043 hoc
1357 1989 1415 2042 in
1463 1987 1617 2043 brevi
1656 1987 1981 2057 compendio
2014 1986 2111 2041 de-

533 2084 783 2147 clarabo,
806 2090 1070 2153 quotnam
1097 2096 1163 2135 ex
1187 2080 1297 2135 illis
1326 2080 1630 2136 haeresibus
1656 2080 1712 2135 in
1742 2080 1924 2151 priore
1946 2079 2109 2141 libro,

532 2182 665 2245 quot
716 2173 770 2227 in
800 2171 1039 2228 secundo
1090 2186 1155 2227 ac
1203 2173 1366 2226 tertio
1414 2172 1834 2237 contineantur;
1895 2181 2006 2224 tum
2054 2170 2113 2225 in

533 2264 762 2335 reliquis
796 2265 1055 2320 omnibus
1084 2271 1408 2319 caeterorum
1467 2264 1733 2319 librorum
1766 2264 1929 2319 tomis
1979 2270 2114 2332 quot

535 2358 833 2427 unicuique
868 2356 1108 2411 haereses
1160 2356 1443 2411 attributa:
1477 2364 1628 2410 sunt.
1683 2354 1889 2409 Harum
1927 2355 2113 2424 itaque

532 2448 775 2499 omnium
807 2446 979 2503 series
1010 2452 1095 2500 est
1138 2444 1433 2513 ejusmodi.
1482 2445 1543 2499 In
1573 2444 1751 2515 primo
1786 2444 1926 2499 libro
1979 2444 2113 2498 tomi

536 2552 648 2596 tres
682 2548 834 2607 sunt,
875 2540 1112 2595 haereses
1140 2555 1286 2607 XLVI,
1318 2540 1770 2596 suis'nominibus
1792 2547 2108 2609 conceptam

532 2632 910 2687 Barbarismus
965 2632 1237 2695 videlicet,
1300 2646 1363 2685 ac
1415 2629 1806 2701 Scythismus;
1865 2627 2112 2683 Helleni-

533 2739 706 2791 smus,
738 2722 1078 2787 Judaismus,
1133 2738 1197 2776 ac
1243 2722 1683 2777 Samaritismus‘.
1750 2720 1810 2774 In
1869 2719 2112 2775 secundo

532 2816 673 2871 libro
699 2817 832 2870 tomi
859 2816 968 2869 duo
1022 2823 1172 2877 sunt,
1212 2814 1451 2869 haereses
1491 2830 1649 2869 χχιιι.
1685 2813 1743 2868 ln
1773 2814 1936 2868 tertio
1970 2812 2111 2865 libro

530 2905 665 2959 tomi
694 2905 825 2967 duo.
873 2905 1114 2960 haereses
1144 2922 1222 2959 XI.
1253 2904 1313 2958 In
1362 2906 1562 2973 prioris
1600 2905 1782 2974 itaque
1814 2904 1935 2957 libri
1964 2911 2112 2956 tomo

532 2996 707 3064 primo
730 2996 968 3050 haereses
1000 3012 1067 3049 xx
1101 3002 1252 3057 sunt,
1294 2994 1703 3059 Barbarismus,
1740 2993 2108 3065 Scythismus,

532 3085 883 3152 Graecismus,
900 3087 1240 3141 Judaismus.
1265 3085 1576 3140 Graecorum
1601 3101 1766 3156 porro
1788 3085 2110 3139 discrimina

530 3182 635 3233 ista
660 3189 789 3235 sunt
822 3195 837 3231 :
870 3178 1219 3250 Pythagorei,
1255 3179 1371 3234 sive
1402 3178 1776 3248 Peripatetici,
1816 3179 2107 3243 Platonici,

2294 1889 2563 1945 Ἐπανιὼν
2612 1890 2669 1943 δὲ
2720 1886 2896 1957 αὖθις,
2949 1889 3045 1943 καὶ
3082 1887 3270 1945 διελὼν
3314 1890 3520 1955 ταύτας
3552 1893 3683 1945 κατὰ
3704 1894 3734 1963 βι

2213 1983 2360 2047 ϐλον,
2415 1981 2681 2047 ὑποδείξω
2730 1984 2789 2036 ὲν
2843 1981 3015 2054 ταύτῃ
3054 2000 3157 2053 μου
3191 1985 3257 2055 τῇ
3306 1985 3733 2055 ἀνακεφαλαιώσει

2214 2072 2379 2125 πόσαι
2402 2071 2608 2125 τούτων
2632 2071 2739 2125 τῶν
2761 2071 3092 2143 ὀγδοήκοντα
3112 2074 3380 2145 αἱρέσεων
3409 2077 3466 2130 ὲν
3486 2076 3564 2147 τῷ
3600 2079 3734 2148 πρώτι

2216 2165 2427 2236 βιϐλίῳ,
2469 2165 2562 2217 καὶ
2578 2163 2813 2235 καθεξῆς
2844 2163 3008 2242 ὲν,τῷ
3030 2164 3291 2237 δευτέρῳ,
3326 2166 3433 2233 ἓως
3461 2169 3556 2223 τοῦ
3588 2172 3734 2241 τρίτοι

2212 2256 2349 2309 ἀλλὰ
2379 2255 2471 2310 καὶ
2491 2255 2614 2310 καθ’
2637 2255 2869 2311 ἕκαστον
2901 2258 3011 2312 τῶν
3041 2259 3182 2313 ἑπτά
3214 2260 3398 2331 τόμων
3418 2301 3433 2326 ,
3460 2262 3570 2316 τῶν
3604 2267 3656 2316 ὲν
3680 2266 3734 2317 τοὶ

2212 2350 2357 2420 τρισὶ
2383 2348 2606 2418 βιϐλίοις
2632 2350 3097 2421 συντεταγμένων,
3134 2352 3297 2408 πόσαι
3319 2355 3455 2406 εἰσὶν
3478 2355 3536 2407 αἱ
3568 2356 3625 2408 ὲν
3646 2358 3734 2409 aii-.1

2214 2439 2548 2510 χωρηθείσαι
2599 2440 2861 2509 αἱρέσεις.
2915 2441 3027 2495 Καὶ
3090 2442 3237 2497 ἔστιν
3287 2444 3460 2509 οὕτως
3508 2446 3567 2499 ὲν
3601 2448 3733 2515 μὲντι

2214 2530 2417 2603 πρώτῳ
2458 2531 2648 2604 βιϐλίῳ
2667 2534 2824 2604 τόμοι
2868 2536 3038 2604 τρεῖς,
3072 2534 3313 2606 αἱρέσεις
3340 2535 3397 2588 δὲ
3429 2554 3734 2610 τεσσαρακοι

2212 2624 2343 2688 ταὲξ
2374 2626 2470 2678 σὺν
2503 2629 2623 2689 ταῖς
2665 2626 2983 2696 ὀνομασίαις
3030 2625 3265 2680 τούτων·
3307 2629 3451 2698 φημὶ
3496 2629 3552 2682 δὲ
3586 2631 3734 2703 Βαρϐι

2217 2717 2432 2787 ρισμοῦ,
2493 2717 2587 2771 καὶ
2625 2717 2957 2788 Σκυθισμοῦ,
2997 2718 3095 2773 καὶ
3130 2719 3509 2790 Ἑλληνισμοῦ,
3538 2724 3632 2776 καὶ
3665 2724 3734 2776 Ἰοι

2212 2808 2440 2877 δαῖσμοῦ
2472 2809 2564 2862 καὶ
2583 2808 3028 2880 Σαμαρειτισμοῦ
3047 2826 3061 2840 ·
3078 2811 3137 2862 ὲν
3159 2810 3217 2863 δὲ
3248 2809 3326 2881 τῷ
3349 2811 3585 2884 δευτέρῳ
3613 2812 3734 2883 βιϐλί

2211 2901 2365 2972 τόμοι
2387 2901 2499 2965 δύο,
2519 2902 2762 2972 αἱρέσεις
2780 2904 3138 2974 εἱκοσιτρεῖςξο
3166 2905 3226 2958 ὲν
3245 2904 3302 2957 δὲ
3325 2904 3403 2975 τῷ
3424 2905 3592 2976 τρίτῳ
3614 2905 3734 2975 βιϐλί

2212 2993 2368 3064 τόμοι
2387 2993 2501 3059 δύο,
2538 2995 2777 3067 αἱρέσεις
2802 2994 3014 3049 ἕνδεκα.
3053 2996 3141 3049 Ἐν
3161 2995 3239 3067 τῷ
3256 2990 3350 3050 οῦν
3379 2994 3583 3067 πρώτῳ
3611 2996 3734 3067 βιϐλί

2214 3085 2431 3158 πρώτου
2460 3087 2627 3155 τόμον
2652 3087 2894 3158 αἱρέσεις
2940 3089 3167 3151 εἴκοσιν,
3196 3087 3259 3141 αἴ
3292 3090 3431 3141 εἰσιν
3466 3090 3587 3142 αἵδε
3608 3105 3624 3121 ·
3657 3090 3734 3158 Βαι

2213 3178 2501 3248 δαρισμὸς,
2559 3177 2893 3248 Σκυθισμδς,
2976 3178 3362 3250 Ἑλληνισμὸς,
3434 3180 3734 3251 Ἰουδαϊσμῷ

534 3270 727 3335 Stoici,
781 3272 1057 3341 Epicurei,
1120 3269 1447 3325 Samaritica
1487 3271 1733 3332 hazresis,
1776 3286 1899 3341 qua:
1946 3286 1977 3324 a
2014 3306 2021 3323 .

2246 3270 2492 3340 Ελλήνων
2527 3269 2802 3338 διαφοραὶ,
2840 3248 3436 3341 Πυθαγόρειοι,ήεῐτουν
3482 3248 3733 3342 Περιπατι

532 3364 748 3419 daisnio
778 3365 1041 3418 manavit.
1083 3362 1417 3417 Samaritani
1453 3372 1690 3434 quatuor
1719 3363 1774 3417 in
1803 3372 1987 3433 partes
2011 3364 2113 3417 tri-

532 3456 803 3521 buuntur,
831 3456 1163 3521 Gorthenos,
1187 3457 1469 3520 Sebuaeos,
1491 3456 1771 3523 Essenios,
1795 3456 2107 3512 Dositheos.

530 3546 842 3601 Iudaeorum
906 3549 1142 3603 haereses
1197 3558 1465 3618 septem:
1529 3548 1755 3615 Scribm,
1816 3548 2107 3612 Pharismi,

534 3638 842 3702 Saddueiei,
891 3639 1398 3709 llemerobaptistze,
1435 3640 1630 3705 Ossaei,
1675 3643 1917 3696 Nasarazi
1947 3682 1962 3707 ,
2005 3641 2113 3696 He-

532 3730 766 3784 rodiani.
801 3730 854 3783 In
884 3731 1127 3785 secundo
1158 3739 1310 3785 tomo
1359 3732 1485 3785 libri
1520 3733 1682 3801 primi
1716 3733 1952 3788 haereses
2007 3749 2109 3787 xm

532 3826 711 3877 sunt‘:
752 3822 1080 3887 Simoniani,
1114 3822 1511 3887 Menandriani,
1543 3823 1929 3889 Saturniliani,
1959 3825 2112 3879 Basi-

531 3914 742 3977 lidiani,
775 3913 1079 3979 Nicolaitaz,
1106 3914 1379 3979 Gnostici,
1429 3918 1522 3986 qui
1567 3924 1621 3971 et
1666 3915 1992 3980 Stratiotici,
2048 3932 2113 3971 ac

531 4005 859 4061 Phibionitze
885 4025 898 4073 ;
933 4008 999 4061 ab
1025 4008 1149 4062 aliis
1198 4024 1328 4064 vero
1355 4009 1710 4074 Secundiani,
1743 4011 1811 4065 ab
1834 4011 1957 4065 aliis
1982 4010 2112 4065 Zac-

530 4097 689 4162 chzei,
716 4112 817 4151 nec
859 4114 970 4152 non
1012 4098 1299 4163 Coddiani,
1341 4111 1393 4155 et
1426 4102 1756 4165 Borboritaa,
1810 4117 1874 4156 ac
1906 4102 2110 4157 Barbe—

530 4188 653 4260 lytae
699 4189 984 4255 dicuntur;
1044 4190 1471 4261 Carpocratitaa,
1510 4194 1877 4259 Cerinthiani,
1931 4196 2023 4264 qui
2058 4204 2112 4251 et

532 4278 880 4335 Merinthiani
905 4322 918 4345 ,
946 4280 1214 4344 Nazoraei,
1271 4284 1534 4351 Ebionazi,
1568 4284 1860 4351 Valentini,
1910 4288 2113 4341 Secun-

530 4370 742 4425 diniani
770 4391 781 4426 :
812 4374 1012 4443 quibus
1062 4377 1333 4431 accedunt
1370 4376 1681 4448 Epiphanes
1732 4387 1787 4433 et
1841 4380 2106 4445 Isidorus,

531 4461 836 4518 Ptolemaei.
870 4464 924 4518 ln
962 4467 1124 4522 tertio
1162 4480 1343 4524 autem
1384 4480 1533 4524 tomo
1570 4472 1773 4540 prioris
1826 4472 1953 4526 libri
2002 4472 2113 4526 hae-

2211 3362 2373 3422 τικοὶ,
2411 3362 2769 3424 Πλατωνικοὶ,
2800 3360 3052 3427 Στωϊκοὶ,
3086 3361 3453 3434 Ἐπικούρειοι
3482 3377 3497 3393 '
3532 3364 3733 3433 Σαμαρε

2211 3455 2356 3527 τικὴ,
2406 3451 2541 3510 οὖσα
2594 3457 2657 3509 ὲκ
2711 3453 2808 3507 τοῦ
2853 3454 3213 3527 Ἰουδαϊσμοῦ.
3266 3456 3625 3528 Σαμαρειτῶν
3662 3456 3734 3508 ἕθν

2210 3550 2472 3619 τέσσαρα,
2525 3548 2739 3612 οὕτως·
2785 3549 3091 3620 Γορθηνοὶ,
3148 3549 3467 3615 Σεϐουαῖοι,
3530 3530 3734 3619 Ἐσσηψί

2212 3641 2471 3694 Δοσίθεοι.
2520 3639 2791 3693 Ἰουδαίων
2816 3640 3059 3712 αἱρέσεις
3096 3640 3257 3706 ἑπτὰ,
3288 3640 3462 3705 οὕτως
3486 3658 3501 3673 ο
3536 3642 3734 3712 Γραμμί

2218 3735 2370 3797 τείς,
2424 3733 2744 3802 Φαρισαῖοι,
2820 3732 3209 3798 Σαδδουκαῖοι,
3263 3732 3734 3805 Ἦμεροϐαπτισταί

2226 3823 2489 3886 Ὀσσαῖοι,
2526 3824 2855 3895 Νασαραῖοι,
2885 3824 3229 3896 Ἥρωδιανοί.
3257 3826 3346 3879 Ἐν
3366 3826 3422 3879 δὲ
3451 3826 3531 3896 τῷ
3563 3826 3734 3896 δευτὲρ

2210 3915 2363 3986 τόμῳ
2416 3915 2511 3968 τοῦ
2570 3916 2785 3988 πρώτου
2836 3917 3042 3988 βιϐλίου
3071 3918 3333 3982 ὡσαύτως
3373 3918 3619 3990 αἱρέσεις
3645 3920 3734 3972 δεκ(

2211 4010 2380 4078 τρεῖς,
2429 4007 2635 4070 οὕτως·
2685 4010 3033 4079 Σιμωνιανοὶ,
3067 4011 3483 4081 Μενανδριανοὶ,
3550 4013 3734 4083 Σατορι

2212 4101 2404 4165 λιανοὶ,
2433 4100 2825 4155 Βασιλειδιανοὶ
2848 4141 2863 4165 ,
2898 4102 2947 4154 Ν
2955 4101 3248 4167 ικολαῗται,
3282 4103 3603 4166 Γνωστικοὶ,
3633 4106 3679 4156 οἱ
3701 4123 3733 4155 sa

2214 4193 2626 4262 Στρατιωτικοὶ,
2664 4194 2758 4246 καὶ
2786 4193 3097 4248 Φιϐιωνῖται
3130 4198 3179 4248 οἱ
3195 4195 3372 4261 αὐτοὶ,
3403 4194 3561 4266 παρὰ
3600 4196 3656 4249 δέ
3692 4213 3734 4247 τι

2214 4284 2604 4348 Σεκουνδιανοὶ,
2648 4288 2800 4356 παρὰ
2841 4286 2898 4339 δὲ
2926 4285 3107 4350 ἄλλοις
3137 4288 3418 4357 Ζακχαῖοι,
3453 4289 3503 4340 οἱ
3534 4286 3733 4357 καλοῦμ

2214 4394 2294 4429 νοι
2323 4378 2418 4430 καὶ
2456 4377 2758 4442 Κοδδιανοὶ,
2784 4379 2900 4432 ικαὶ
2934 4378 3280 4451 Βορϐορῖται,
3314 4381 3409 4434 καὶ
3444 4381 3734 4453 Βαρϐηλίτι

2213 4470 2689 4539 Καρποκρατῖται,
2706 4470 3080 4542 Κηρινθιανοὶ,
3097 4472 3147 4524 οἱ
3172 4472 3267 4525 καὶ
3294 4474 3673 4545 Μηρινθιανοίσ
3690 4475 3733 4527 Νι

529 4569 680 4609 reses
706 4555 890 4609 itidem
920 4574 1017 4610 xm
1054 4568 1182 4613 sunt
1218 4576 1232 4613 :
1271 4561 1547 4625 Marcosii,
1580 4563 1905 4628 Colorbasii,
1942 4563 2016 4618 He

2246 4564 2461 4631 ωραῖοι,
2516 4560 2841 4628 Ἑϐιωναῖοι,
2883 4564 3251 4630 Οὑαλεντῖνοι,
3285 4566 3682 4632 Σεκουνδιανοὶ,
3714 4580 3733 4619 α

529 4645 814 4712 cleonitaa,
871 4647 1103 4718 Οριιίῑιιξ,
1164 4651 1374 4717 Caiani,
1438 4652 1705 4721 Sethiani,
1768 4655 2109 4724 Arehontici,

527 4736 896 4807 Cerdoniani,
945 4742 1286 4809 Marciones,
1344 4745 1707 4813 Lucianistae,
1756 4749 2111 4820 Appelleiani,

534 4830 850 4899 Severiani,
911 4832 1152 4892 Tatiani.
1216 4836 1343 4893 Haec
1413 4846 1499 4894 est
1567 4855 1779 4894 summa
1842 4849 2113 4896 tomorum

531 4923 697 4978 trium
754 4927 911 4995 primi
967 4928 1115 4983 libri.
1175 4928 1412 4986 Secundi
1467 4946 1598 4986 vero
1650 4932 1773 4985 libri
1830 4933 1960 4987 tomi
2004 4932 2115 4987 duo

533 5023 683 5079 sunt,
722 5018 882 5084 cujus
924 5020 979 5074 in
1024 5021 1207 5091 priore
1262 5030 1433 5087 tomo,
1491 5024 1583 5093 qui
1629 5033 1857 5094 quartus
1902 5036 2005 5091 est,
2069 5026 2116 5081 si

534 5115 712 5163 tomos
740 5108 997 5183 deinceps
1044 5115 1111 5169 ab
1151 5114 1309 5169 initio
1351 5131 1642 5181 numeres,
1682 5117 1915 5171 haereses
1980 5132 2114 5172 xvm

536 5199 892 5257 continentur
946 5204 1050 5259 hoc
1107 5206 1656 5272 modo:Encratit.'e,
1720 5206 2114 5278 Cataphryges,

534 5287 630 5357 qni
678 5296 733 5344 et
776 5290 1141 5354 Montanistae,
1199 5309 1262 5349 ac
1314 5296 1745 5368 Tascodrugitm.
1803 5298 2115 5369 Pepuziani,

532 5378 626 5448 qui
658 5388 712 5434 et
745 5379 1090 5449 Quintiliani,
1125 5385 1327 5455 quibus
1369 5387 1741 5460 adjunguntur
1777 5389 2114 5462 Artotyritaa,

537 5466 1147 5537 'l‘essarescazdecatitze,
1193 5477 1286 5545 qui
1336 5476 1546 5534 Pascha
1592 5481 1647 5535 in
1695 5482 1941 5538 eamdem
1987 5484 2114 5539 anni

536 5554 679 5611 diem
707 5561 1009 5630 conjiciunt
1041 5583 1053 5617 :
1083 5566 1259 5635 Alogi,
1292 5567 1387 5636 qui
1419 5575 1472 5622 et
1503 5566 1853 5639 Evangelium
1889 5579 1943 5626 et
1972 5570 2114 5640 Apo-

536 5649 781 5721 calypsin
821 5652 1048 5715 Joannis
1096 5658 1404 5731 rcpudiant,
1468 5661 1776 5730 Adamiani,
1825 5662 2111 5737 Sampsaei,

2220 4654 2577 4708 συνάπτονται
2592 4656 2895 4729 Ἐπιφανὴς
2910 4658 3006 4711 καὶ
3034 4659 3325 4731 Ἰσίδωρος,
3347 4660 3517 4715 Πτολε
3525 4660 3734 4734 μαίοι.’1

2216 4746 2274 4799 δὲ
2286 4745 2363 4816 τῷ
2393 4746 2563 4819 τρίτῳ
2590 4748 2743 4819 τόμῳ
2760 4749 2856 4802 τοῦ
2887 4750 3054 4804 αὐτοῦ
3071 4750 3292 4823 πρώτου
3317 4751 3526 4822 βιϐλίου
3562 4755 3734 4827 αἱρὲσε

2215 4838 2517 4909 δεκατρεῖς,
2560 4839 2763 4905 οὕτως’
2820 4842 3165 4913 Μαρκώσιοι,
3208 4844 3595 4917 Κολορϐάσιοι,
3643 4849 3733 4915 Ἦρι

2218 4930 2526 4999 κλεωνίται,
2566 4934 2798 5002 Ὀφίται,
2841 4937 3093 5001 Καῖανοὶ,
3129 4936 3404 5007 Σηθιανοὶ,
3448 4940 3734 5012 Ἀρχοντικι

2220 5026 2297 5078 Κε
2307 5026 2605 5095 ρδωνιανοὶ,
2620 5029 2711 5080 Μα
2719 5028 2965 5098 ρκίωνες,
2981 5030 3385 5096 Λουκιανισταὶ,
3406 5032 3734 5100 Ἀπελληῖανι

2219 5118 2556 5189 Σευηριανοὶ,
2598 5120 2871 5174 Τατιανοί.
2930 5120 3080 5195 Αὕτη
3121 5125 3154 5193 ὴ
3195 5122 3672 5192 ἀνακεφαλαίωσις
3705 5137 3734 5170 τι

2220 5209 2436 5279 πρώτου
2473 5209 2676 5280 βιϐλίου
2717 5211 2825 5266 τῶν
2875 5213 3042 5284 τριῶν
3063 5214 3265 5284 τόμων.
3320 5214 3430 5267 Τοῦ
3472 5214 3529 5266 δὲ
3552 5214 3734 5282 δευτέρη

2224 5298 2427 5369 βιϐλίου
2451 5302 2607 5373 τόμοι
2632 5301 2746 5358 δύο.
2794 5304 2881 5357 Ἐν
2906 5304 3109 5375 πρώτῳ
3139 5306 3237 5375 μὲν
3265 5305 3421 5376 τόμῳ
3441 5304 3533 5359 τοῦ
3554 5305 3734 5371 δευτέρ

2223 5391 2448 5461 βιϐλίου,
2494 5394 2739 5465 τετάρτῳ
2771 5394 2827 5447 δὲ
2857 5396 2969 5449 ϐντι
2998 5396 3155 5467 κατὰΙ
3179 5396 3280 5469 τὴν
3325 5397 3422 5450 ἀπ’
3453 5398 3631 5467 ἀρχῆς
3674 5397 3734 5447 dm

2222 5483 2439 5539 λουθὶαν
2456 5485 2548 5538 τοῦ
2564 5487 2597 5539 ά
2604 5486 2687 5555 ριο
2697 5486 2817 5557 μοῦ,
2832 5489 3072 5559 αἱρέσεις
3082 5489 3383 5555 δεκαοκτὼ,
3395 5490 3570 5553 οὕτως
3586 5489 3734 5553 Ἐγκρ

2220 5579 2382 5641 τίται,
2399 5577 2537 5630 κατὰ
2552 5580 2899 5649 Φρυγαστῶν,
2924 5582 3331 5647 Μοντανιστῶν,
3357 5583 3451 5635 καὶ
3469 5583 3510 5633 Τ
3516 5580 3734 5646 ασκοὸρα

2219 5667 2387 5736 γιτῶν
2402 5684 2415 5699 θ
2441 5670 2489 5723 οἱ
2510 5667 2566 5722 δὲ
2588 5669 3046 5742 Τασκοδρουγῖται
3066 5670 3396 5744 διῃρέθησαν
3419 5672 3529 5727 ἀπὸ
3550 5670 3659 5728 τῶν
3675 5682 3734 5737 πρ
