3766 6276
54 172 129 232 165
699 171 1048 229 EPlPllAMl
1088 170 1519 232 RESCRIPTUN

1712 174 2023 233 ACACIUM
2064 178 2152 233 ET
2192 177 2329 238 PAU
2338 182 2427 239 LU
2438 183 2507 240 Μ.

3116 198 3221 256 166

40 289 297 359 ειρημένων,
335 287 708 353 Πεπουζιανοὶ,
738 288 833 340 καὶ
857 286 1281 352 Κοῖντιλλιανοὶ,
1308 282 1390 351 οἷς
1417 305 1516 341 συν

1684 292 1737 345 υἱ
1765 299 1820 346 et
1844 293 2122 359 llelcesaei,
2156 294 2537 362 Theodotiani,
2566 298 3067 374 Melchisedeciani,
3095 312 3225 378 Bars

36 388 241 445 animi
267 382 644 451 ’Δοτοτυρίται,
680 377 1359 449 Τεσσαρεσκαιδεκατῖται,
1397 382 1446 432 οἱ
1474 381 1535 432 τὸ

36 478 176 544 Πάσχα
198 481 309 539 μίαν
336 471 545 543 ἡμέραν
563 469 657 523 τοῦ
680 468 835 531 ἔτους
867 469 1150 533 ποιοῦντες
1169 486 1182 499 ·
1216 469 1452 538 Ἀλογοι,
1485 472 1534 523 οἱ

36 564 363 632 τὺεὺαγγὲλιον
401 561 647 614 Ἰωάννου
670 558 768 611 καὶ
800 558 899 629 τὴν
940 558 1307 628 Ἀποκάλυψιν
1348 559 1422 631 μὴ
1450 560 1533 613 δε-

34 656 217 722 χόμενον
272 647 597 718 ’Δδαμιανο“ι,
647 645 943 717 Σαμψαῖοι,
985 648 1162 701 οἱκαὶ
1210 648 1532 712 Ἐλκεσαίοι,

34 744 312 802 Man-oi,
346 738 843 810 Μελχισεδεκιανοὶ,
893 738 1371 809 Βαρδησιανισταὶ,
1398 741 1534 810 Νοη-

36 831 466 901 τιωίώύαλήσιοι,
482 828 753 902 Καθαροὶ,
783 828 1108 898 Ἀγγελικοὶ,
1139 831 1530 898 Ἀποστολικοὶ,

33 927 65 976 εξ
94 924 164 975 καὶ
193 920 573 985 ’Δποτακτικοὶ,
607 916 689 984 οἷς
740 920 1103 975 συνάπτονται
1133 923 1182 975 οἱ
1210 920 1532 992 καλούμενοι

34 1012 290 1081 Σακκοφόροι
304 1026 319 1039 ·
339 1010 712 1073 Σαϐελλιανοὶ,
741 1009 1092 1080 Ὠριγενιανοὶ
1105 1010 1155 1062 οἱ
1171 1008 1530 1079 αίσχροποιοὶ,

41 1103 313 1176 Ὦριγενιανοὶ
338 1103 386 1154 οἱ
418 1101 514 1155 τοῦ
555 1101 936 1173 ’Δδαμαντίου.
982 1102 1074 1156 Ἐν
1101 1101 1158 1154 δὲ
1189 1101 1269 1172 τῷ
1294 1102 1532 1172 δευτέρῳ

32 1202 135 1267 νόμῳ
162 1194 238 1248 τοῦ
275 1193 432 1247 αὐτοῦ
480 1193 739 1266 δευτέρου
773 1193 1000 1265 βιϐλίου,
1034 1194 1267 1265 πέμπτῳ
1313 1211 1371 1247 τε
1416 1194 1531 1248 ὄντι

30 1290 91 1340 τὸν
106 1286 295 1357 ἀριθμὸν
319 1288 405 1340 τὸν
422 1287 847 1358 προειρημένον,
869 1287 1110 1358 αἱρέσεις
1132 1286 1314 1356 πέντε,
1332 1286 1523 1351 οὕτως’

32 1378 353 1442 mutauerat,
379 1379 697 1450 Μανιχαῖοι,
725 1381 773 1432 οί
799 1380 894 1433 καὶ
956 1379 1319 1445 Ἀκουανῖται,
1362 1380 1531 1452 Ἱερα-

32 1474 151 1536 τὶτιι,
176 1471 503 1535 Μελετιανοὶ,
545 1470 753 1542 σχίσμα
796 1472 855 1523 έν
890 1468 1180 1541 Αἰγύπτῳ,
1243 1470 1527 1541 Ἀρειανοί.

30 1564 131 1633 Em.
152 1563 229 1616 καὶ
257 1563 287 1633 η
318 1562 411 1615 τοῦ
453 1564 714 1632 δευτέρου
745 1561 954 1631 βιϐλίου
989 1560 1098 1614 τῶν
1124 1561 1306 1632 τόμων
1332 1562 1530 1616 ἀνακε-

1642 382 1984 449 desianistaa,
2032 384 2316 453 Noetiani,
2363 387 2593 458 Valesii,
2651 394 2898 461 Catbari,
2954 401 3222 475 Angelici,

1640 474 1962 544 Apostolici,
2010 477 2104 547 qui
2159 479 2325 534 etiam
2382 480 2711 552 Apotactici,
2759 489 2961 558 quibus
3022 474 3222 554 annexi

1641 574 1770 621 sunt
1815 564 2168 639 Sacc0pliori,
2221 569 2541 639 Sabelliani,
2585 575 2908 647 Origenistze
2958 584 3224 646 fmditatis

1640 665 1917 728 auctores,
1946 660 2268 733 Origenistze
2298 666 2364 720 ab
2400 665 2633 740 Origene
2670 671 3017 732 Adamantio.
3049 678 3107 734 ln
3140 697 3224 737 se-

1640 749 1819 803 cundo
1859 759 2039 807 autem
2076 762 2223 809 tomo
2266 755 2511 826 ejusdem
2556 760 2703 827 libri,
2757 765 2852 834 qui
2900 769 3084 838 priore
3134 773 3224 827 illa

1638 842 1964 897 numerandi
2018 846 2229 903 ratione
2272 849 2504 919 quintus
2539 861 2653 917 est,
2705 855 2940 914 haereses
2982 862 3225 933 quinque

1638 939 1769 988 sunt
1800 950 1815 988 :
1852 932 2008 989 Pauli
2036 935 2462 1009 Samosatensis,
2494 942 2798 1012 Manichaei,
2831 951 2924 1020 qui
2962 962 3017 1007 et
3053 932 3224 1010 Acua-

1638 1025 1786 1112 uitae,
1820 1025 2130 1112 Hieracitaz,
2161 1029 2470 1099 Meletiani,
2502 1037 2595 1107 qui
2632 1038 2687 1093 in
2717 1039 2954 1112 Egypto
2983 1046 3222 1102 schisma

1638 1110 1916 1181 fecerunt;
1950 1104 2160 1173 Ariani.
2198 1120 2378 1191 Atque
2417 1104 2535 1180 haec
2568 1136 2653 1182 est
2692 1104 2962 1188 temer-tim
2989 1135 3116 1191 libri
3143 1154 3221 1193 se-

1637 1204 1803 1258 cundi
1832 1221 2067 1263 summa.
2110 1199 2451 1268 Similiter‘et
2486 1214 2540 1269 in
2578 1220 2738 1272 tertio
2775 1221 2917 1277 libro
2951 1225 3080 1279 tomi
3112 1226 3223 1282 duo

1637 1300 1785 1347 sunt.
1824 1293 1883 1348 ln
1916 1296 2096 1365 primo
2148 1304 2297 1354 tomo
2336 1302 2485 1357 tertii
2527 1303 2676 1369 libri,
2713 1315 2870 1363 sexto
2910 1320 3091 1365 autem
3134 1329 3222 1379 eo,

1637 1399 1798 1452 quem
1832 1385 2072 1443 diximus
2097 1388 2325 1458 ordine,
2360 1393 2596 1450 hazreses
2628 1413 2725 1461 vn,
2762 1409 2893 1455 sunt
2920 1419 2935 1456 :
2966 1402 3221 1473 Audiani,

1636 1472 1972 1541 Photiniani,
2017 1479 2374 1549 Marcelliani,
2416 1483 2763 1555 Semiariani,
2804 1490 3219 1552 Pneumatoma-

1637 1568 1748 1631 chi,
1794 1570 1887 1639 qui
1936 1570 2165 1641 Spiritui
2218 1584 2411 1631 sancto
2459 1581 2854 1639 contumeliose
2905 1586 3218 1652 detrahunt,

29 1654 270 1718 τελείωσις.
308 1654 540 1724 Ὁμοίως
556 1656 653 1707 καὶ
667 1656 725 1707 ὲν
747 1652 826 1725 τῷ
845 1653 1014 1725 τρίτω
1031 1652 1220 1724 βιϐλίῳ
1244 1654 1349 1706 εἰσὶ
1373 1653 1519 1723 τόμοι

1684 1661 1872 1726 eriani,
1908 1662 2144 1730 Aetiani,
2170 1667 2239 1721 ab
2261 1667 2418 1722 Aetio
2447 1669 2747 1740 Anomoeo;
2776 1675 2981 1744 quibus
3000 1679 3217 1734 accedit

29 1744 105 1796 iis.
154 1743 225 1797 Ἐν
260 1745 350 1815 μὲν
389 1744 468 1817 τῷ
509 1745 714 1818 πρώτῳ
746 1746 913 1817 τόμῳ]
938 1744 1033 1799 τοῦ
1078 1746 1263 1817 τρίτου
1302 1745 1530 1816 βιϐλίου,

30 1835 137 1887 ἕκτου
154 1836 199 1889 δὲ
214 1838 365 1906 τόμου
399 1837 523 1890 καθ’
555 1837 616 1891 ὃν
636 1836 872 1910 ἀριθμὸν
895 1838 1253 1909 προείπομεν,
1290 1839 1531 1910 αἱρέσεις

30 1925 135 1987 ἑπτὰ,
162 1924 309 1990 οὕτως
331 1942 344 1955 ·
396 1928 679 1992 Δὺδιανοὶ,
718 1928 923 1999 σχίσμα
960 1928 1133 1993 ὄντες,
1165 1930 1525 1995 Φωτεινιανοὶ,

32 2018 361 2088 Ιαρκελλιανοὶ,
432 2019 772 2093 Ἦμιάρειοι,
830 2020 1306 2092 Πνευματομάχοι,
1365 2022 1414 2074 οί
1470 2021 1530 2075 τὸ

31 2110 186 2181 Πνεῦμα
205 2112 286 2165 τοῦ
309 2112 443 2166 Θεοῦ
469 2114 533 2167 τὸ
559 2113 716 2183 ἆγιον
738 2113 1206 2184 βλασφημοῦντες,
1238 2113 1527 2186 Ἀεριανοὶ,

39 2202 247 2272 Ἀετισνοὶ,
285 2205 389 2259 ἀπὺ
436 2206 652 2260 ’Δετίου
698 2206 797 2260 τοῦ
838 2208 1139 2278 Ἀνομοίου,
1182 2199 1227 2274 ᾧ
1280 2207 1524 2280 συνήφθη

28 2292 239 2364 Εὖνόμιος,
266 2298 294 2348 ὀ
327 2297 419 2351 καὶ
464 2297 771 2368 Ἀνόμοιος,
810 2299 868 2351 ὲν
908 2298 965 2351 δὲ
1002 2297 1081 2370 τῷ
1100 2298 1335 2371 δευτέρῳ
1374 2299 1526 2371 τόμῳ

28 2383 89 2436 τοῦ
125 2385 261 2440 αὑτοῦ
295 2388 478 2459 τρίτου
526 2386 777 2458 βιϐλίου,
831 2388 1044 2460 ἑϐδόμῳ
1092 2388 1151 2442 δὲ
1193 2389 1343 2460 τόμῳ
1388 2388 1524 2458 ὄντι,

30 2474 107 2526 καθ’
140 2477 192 2545 ἢν
239 2477 453 2548 εἴπομεν
495 2477 610 2531 τῶν
652 2478 834 2547 τόμων
886 2479 979 2533 τοῦ
1032 2478 1270 2550 ἀριθμοῦ
1322 2478 1527 2551 διαίρε-

31 2580 98 2627 σιν,
131 2569 177 2629 ὃς
215 2570 319 2621 ἐστι
347 2569 512 2640 τόμος
546 2568 797 2639 ἕϐδομος,
825 2571 920 2624 καὶ
946 2570 1100 2635 τέλος
1134 2572 1235 2643 τῆς
1262 2583 1525 2643 πραγμα-

30 2656 142 2719 τείας,
178 2658 393 2729 αἱρέσεις
435 2659 728 2730 τέσσαρες,
760 2658 936 2713 οὕτω·
992 2664 1321 2733 Διμοιρῖται,
1368 2664 1418 2715 οί
1448 2662 1523 2736 μὴ

30 2748 173 2801 τελείαν
199 2752 285 2821 τὴν
308 2750 547 2823 Χριστοῦ
582 2750 991 2823 ὲνανθρὼπησιν
1036 2751 1445 2823 ὁμολογοῦντες,
1472 2757 1521 2808 οί

28 2842 88 2891 ui
107 2840 479 2913 ’Δτεολιναρῖται,
508 2844 561 2897 oi
583 2843 677 2897 καὶ
696 2843 795 2915 τὴν
827 2844 988 2912 ἁγίαν
1011 2843 1110 2915 τὴν
1139 2845 1521 2917 Ἀειπάρθενον

28 2932 122 2999 μετὰ
141 2933 278 2987 τδτδν
297 2934 525 3007 Σωτῆρα
549 2936 905 3007 γεγενηκέναι
928 2935 1006 3007 τῷ
1033 2936 1229 3009 Ἰωσὴφ
1252 2937 1520 3009 συνῆφθαι

1628 1760 1684 1807 et
1708 1752 2009 1810 Eunomius
2030 1758 2352 1816 Anomazus.
2379 1760 2437 1815 ln
2462 1766 2707 1819 secundo
2735 1782 2866 1821 vero
2894 1776 3041 1823 tomo
3069 1771 3217 1841 ejus-

1632 1844 1752 1899 dem
1797 1847 1943 1901 tertii
1985 1848 2130 1917 libri,
2178 1852 2412 1920 septimo
2454 1865 2635 1909 autem
2682 1873 2747 1912 ex
2794 1859 3063 1916 divisione
3103 1863 3216 1928 illa,

1631 1952 1794 2007 quam
1848 1938 2110 2007 diximus,
2170 1945 2374 2015 quique
2428 1946 2621 2016 Operis
2678 1951 2846 2005 totius
2904 1962 3217 2023 postremus

1630 2037 1735 2095 est,
1789 2031 2027 2089 hatreses
2081 2047 2317 2105 quatuor
2366 2048 2495 2094 sunt
2537 2059 2550 2094 :
2593 2039 2907 2109 Dimaaritaz,
2968 2049 3062 2117 qui
3105 2066 3216 2105 non

1628 2122 1929 2191 perfectam
1979 2124 2183 2182 Christi
2228 2129 2661 2187 incarnationem
2711 2138 3065 2204 conﬁtentur,
3121 2143 3215 2210 qui

1629 2212 1795 2267 etiam
1824 2214 2200 2285 Apollinaritaa
2236 2220 2593 2275 nominantur
2625 2242 2639 2277 :
2668 2232 2781 2279 tum
2837 2228 2928 2296 qui
2970 2239 3214 2285 sanctam

1628 2302 1853 2358 Mariam
1904 2322 2120 2378 semper
2172 2310 2465 2382 virginem,
2517 2322 2806 2385 postquam
2877 2318 3213 2377 Salvatorem

1628 2394 1836 2463 genuit,
1869 2410 1995 2450 cum
2029 2396 2266 2469 Josepho
2298 2403 2659 2460 consuevisse
2686 2406 2898 2472 dicunt,
2934 2426 3076 2480 quos
3106 2420 3215 2466 An-

1626 2483 2121 2544 tidicomarianitas
2183 2493 2532 2551 nominamus
2576 2513 2592 2552 :
2637 2506 2692 2553 et
2747 2500 2838 2570 qui
2904 2501 2961 2556 in
3015 2516 3214 2561 nomen

1624 2575 1874 2645 ejusdem
1921 2578 2104 2635 Mariae
2158 2583 2451 2654 collyridas
2501 2586 2756 2655 oderunt,
2801 2592 2893 2662 qui
2946 2604 3215 2651 vocantur

1624 2666 2003 2739 Collyridiani,
2037 2671 2374 2731 Massaliani.
2404 2676 2615 2742 Quibus
2644 2680 2907 2751 adjuncta
2934 2695 3215 2753 postremo

1625 2764 1711 2811 est
1743 2759 2029 2814 catholicae
2100 2761 2227 2816 ﬁdei
2271 2778 2336 2818 ac
2384 2766 2631 2822 veritatis
2674 2772 3083 2840 compendiaria
3114 2774 3214 2830 de-

1624 2848 1821 2906 fensio.
1867 2851 1924 2905 ln
1968 2869 2075 2924 qua
2122 2863 2312 2911 sancta
2367 2859 2635 2915 catholica
2675 2872 2730 2917 et
2770 2864 3070 2933 apostolica
3110 2864 3213 2922 Ee-
3274 2938 3277 2939 ν

1630 2942 1800 2996 clesia
1834 2946 2111 3000 consistit.

27 3021 218 3090 λέγοντες,
246 3026 331 3090 οὓς
356 3028 702 3099 ἐκαλέσαμεν
741 3028 1331 3101 Ἀντιδικομαριανίτας
1356 3046 1370 3060 ·
1420 3033 1514 3085 καὶ
1550 3032 1599 3085 οί
1622 3035 1702 3097 εἰς
1725 3033 1897 3105 ὄνομα
1919 3037 2019 3108 τῆς
2041 3039 2212 3110 αὐτῆς
2267 3042 2487 3113 Μαρίας
2509 3044 2811 3116 ἱκολλυρίδα
2868 3050 3209 3123 προσφέρον-

28 3134 101 3182 τες,
130 3122 288 3183 οἵτινες
312 3121 604 3175 καλοῦνται
643 3120 1068 3192 Κολλυριδιανοὶ,
1104 3122 1512 3177 Μασσαλιανοί’
1550 3125 1646 3178 καὶ
1678 3128 1807 3196 περὶ
1860 3129 1958 3200 τῆς
2003 3131 2168 3203 ὀρθῆς
2221 3133 2458 3200 πίστεως
2522 3139 2617 3193 καὶ
2649 3120 2924 3213 ἀληθείας
2945 3120 3211 3216 ἀπολογία

32 3214 108 3277 μετ’
129 3214 351 3284 ἐπιτομῆς
370 3213 465 3266 τοῦ
492 3213 681 3282 λόγου,
728 3214 851 3284 ἥτις
878 3216 1028 3268 ἐστὶν
1054 3215 1086 3286 ἡ
1111 3217 1241 3285 ἁγία
1262 3218 1524 3290 καθολικὴ
1563 3220 1658 3273 καὶ
1684 3222 2013 3295 ἀποστολικὴ
2056 3226 2350 3299 Ἐκκλησία

75 3300 233 3374 Δῦτηη
271 3304 743 3375 ἁνακεφαλαίωσις
775 3305 870 3359 καὶ
905 3307 1187 3380 ἐπιγραφὴ
1215 3309 1315 3380 τῆς
1346 3310 1519 3382 πάσης

1701 3311 1987 3381 Ejusmodi
2035 3322 2120 3371 est
2171 3334 2382 3373 summa
2430 3323 2871 3393 comprehensio,
2920 3342 2985 3384 ac
3037 3332 3208 3388 totius

30 3393 124 3475 imi
152 3395 381 3467 αἱρέσεων
422 3397 759 3467 ὀγδοήκοντα
808 3400 1213 3469 πραγματείας,
1266 3403 1362 3456 καὶ
1418 3404 1518 3475 μία

25 3468 94 3552 ,ἧς
107 3484 213 3557 {sip
227 3487 463 3559 ἀληθείας
479 3488 781 3557 ἀπολογίας
801 3468 903 3560 τῆς
929 3490 1116 3562 μόνης,
1147 3494 1397 3547 τουτέστι
1419 3468 1519 3566 τῆς

30 3575 242 3649 uiolati};
280 3582 367 3634 καὶ
407 3581 697 3654 ὀρθοδόξου
749 3581 1095 3652 Ἐκκλησίας,
1132 3586 1189 3638 ὲν
1224 3586 1372 3656 τρισὶ
1419 3587 1517 3657 μὲν

32 3664 188 3735 μελίας
206 3673 570 3746 ὑποκειμένοις
603 3676 1030 3748 συντεταγμένη,
1072 3678 1132 3731 ὲν
1168 3679 1309 3733 ἑπτὰ
1349 3680 1405 3733 δὲ
1426 3682 1517 3734 τό·-

32 3762 524 3835 μοιςδιαιρεθείσα,τὰ
553 3766 610 3819 δὲ
638 3765 845 3820 ἔνεστιν
870 3768 1338 3838 ἀνακεφαλαίωσις
1368 3772 1517 3844 πρώ-

30 3854 234 3924 τοντόμου
258 3857 343 3911 τοῦ
372 3858 596 3930 πρώτου
626 3858 854 3929 βιϐλίου,
884 3859 975 3913 τοῦ
1010 3862 1150 3915 κατὰ
1174 3860 1281 3915 τῶν
1315 3864 1515 3918 εἴκοσιν

32 3944 220 4011 αἱρέσεων
234 3949 441 4023 ἐλέγχου
461 3951 610 4005 οὓτω
625 3967 640 3981 ·
674 3950 891 4022 πρῶτον
920 3952 1019 4023 μὲν
1042 3954 1097 4005 αἱ
1125 3953 1232 4008 τῶν
1248 3954 1515 4025 αἱρέσεων

30 4038 161 4092 πασῶν
182 4042 384 4115 μητέρες
410 4062 473 4098 τε
507 4045 599 4098 καὶ
629 4044 974 4115 πρωτότυποι
1000 4046 1091 4098 καὶ
1116 4046 1423 4118 ὀνομασίαι,
1455 4049 1514 4115 ἐξ

30 4121 278 4207 ὖνμητέρες
302 4138 454 4191 πέντε
489 4139 549 4190 at
577 4137 733 4192 ἄλλαι
765 4137 1030 4210 ἐφύησαν,
1062 4139 1156 4194 καί
1186 4141 1324 4194 εἰσιν
1353 4132 1513 4195 αὗται

30 4225 179 4292 πρῶται
201 4230 462 4303 τέσσαρες.

79 4317 225 4390 Πρώτη
251 4323 642 4396 Βαρϐαρισμὸς,
671 4325 794 4397 ῆτις
819 4326 940 4380 καθ’
967 4328 1164 4398 ἑαυτήν
1191 4327 1327 4395 ἐστι,
1361 4327 1513 4400 διαρ-

34 4406 176 4461 ιέπισα
190 4414 269 4481 ἀφ’
288 4417 502 4487 ἡμερῶν
520 4416 616 4470 τοῦ
647 4417 773 4470 Ἀδὰ
779 4436 819 4488 μ
839 4418 930 4472 ἐπὶ
944 4419 1075 4472 δέκα
1090 4420 1280 4489 γενεὰς
1296 4421 1401 4485 ἕως
1416 4421 1509 4475 τοῦ

158 4503 495 4581 Βαρϐαρισμὸς
514 4508 575 4563 δὲ
590 4508 851 4579 κέκληται
877 4510 985 4565 ἀπὸ
1006 4511 1100 4564 τοῦ
1137 4511 1212 4584 μὴ
1237 4514 1363 4577 τοὺς
1387 4514 1508 4567 τότε

31 4586 268 4660 ἀνθρώπους
300 4599 535 4671 ἀρχηγόν
568 4619 690 4655 τινα
726 4601 892 4673 ἔχειν,
940 4602 972 4674 ἢ
1006 4604 1132 4674 μίαν
1164 4606 1504 4676 συμφωνίαν,

1625 3406 1807 3474 operis
1838 3408 2101 3466 adversus
2132 3411 2409 3481 octoginta
2453 3414 2690 3471 haereses
2732 3418 3052 3491 inscriptio,
3079 3438 3205 3479 cum

1625 3497 1784 3551 unica
1831 3513 1895 3553 ac
1939 3502 2203 3572 singulari
2256 3503 2575 3561 defensione
2630 3509 2900 3579 veritatis,
2957 3514 3061 3570 hoc
3122 3526 3208 3573 est

1626 3588 1789 3645 unius
1818 3592 2098 3658 Ecclesiae,
2134 3604 2296 3665 atque
2330 3598 2634 3673 catholicae.
2667 3599 2823 3667 Quod
2853 3620 2991 3675 opus
3023 3607 3208 3663 distri-

1623 3681 1813 3737 butum
1855 3684 1911 3738 in
1947 3694 2131 3755 partes
2171 3698 2303 3754 tres,
2344 3698 2524 3745 tomos
2564 3700 2769 3763 septem
2797 3699 3202 3783 complectitur.

1621 3771 1778 3829 Nunc
1821 3775 1980 3830 aliam
2020 3777 2281 3850 deinceps
2322 3781 2457 3837 torni
2502 3782 2704 3852 prioris
2743 3785 2871 3841 libri
2904 3771 3200 3858 summam,

1622 3880 1686 3921 ac
1726 3868 2111 3938 compendium
2148 3873 2537 3943 instituemus,
2570 3892 2681 3947 quo
2715 3879 2937 3948 quidem
2970 3882 3026 3937 in
3060 3884 3203 3940 libro

1620 3955 1811 4025 viginti
1847 3958 2085 4015 haereses
2116 3962 2489 4018 continentur.
2525 3963 2582 4018 lu
2615 3967 2808 4035 primis
2840 3971 2986 4025 enim
3023 3972 3200 4029 haere-

1620 4062 1754 4103 seon
1783 4049 2025 4104 omnium
2055 4062 2280 4119 matres,
2314 4069 2379 4109 ac
2421 4056 2695 4126 primariae
2732 4063 3145 4131 appellationes,
3169 4081 3203 4121 a

1617 4141 1817 4212 quibus
1844 4150 2055 4199 cetera;
2087 4145 2606 4219 dimanarunt,sunt
2626 4151 2899 4223 ejusmodi
2939 4166 3198 4226 quatuor.

1684 4323 1902 4382 Primus
1959 4336 2044 4382 est
2092 4326 2509 4397 Barbarismus,
2558 4331 2653 4402 qui
2697 4348 2794 4404 per
2839 4334 3082 4405 seipsum
3129 4339 3201 4395 ab

1616 4416 1825 4471 Adamo
1868 4417 1936 4471 ad
1970 4418 2159 4474 decem
2206 4423 2585 4491 generationes
2620 4432 2675 4480 et
2715 4423 2904 4481 Noemi
2954 4437 3199 4498 tempora

1615 4510 2001 4578 perseveravit.
2053 4509 2160 4576 Qui
2210 4512 2599 4572 Barbarismus
2648 4526 2931 4587 propterea
2971 4519 3195 4587 dicitur,

1612 4602 1759 4671 quod
1790 4602 2153 4658 vetustissimi
2187 4603 2267 4657 illi
2297 4606 2611 4662 mortalium
2634 4623 2812 4678 neque
2850 4617 3063 4665 certum
3101 4612 3198 4667 ali-

33 4682 191 4739 m'ézt
234 4693 328 4755 πᾶς
364 4710 445 4758 τις
484 4693 666 4766 ἑαυτῷ
697 4695 952 4766 ὲστοίχει,
991 4697 1084 4750 καὶ
1126 4697 1288 4769 νόμος
1332 4698 1508 4771 ἑαυτῷ

1690 4708 1776 4748 em
1821 4700 2101 4749 auctorem
2136 4694 2432 4762 habebant,
2468 4712 2571 4753 nec
2611 4698 2754 4754 inter
2793 4715 2855 4755 se
2893 4704 3197 4759 consentie-

33 4774 128 4826 uti
142 4777 221 4867 τὴν
250 4784 567 4858 προτίμησιν
606 4786 701 4841 τοῦ
730 4788 858 4843 ίδίου
888 4787 1222 4861 βουλήματος
1240 4791 1467 4860 ἐγίνετο.

82 5042 259 5115 ais-ripa
279 5048 575 5123 Σκυθισμος
617 5051 728 5104 απὸ
758 5050 867 5105 τῶν
897 5052 1118 5124 ἡμέρων
1139 5054 1231 5105 του
1262 5053 1386 5108 Νῶε
1411 5054 1507 5107 καὶ

38 5132 249 5215 μετέπειτα
271 5142 386 5211 ἄχρι
399 5143 497 5214 τῆς
523 5140 619 5195 τοῦ
643 5141 851 5215 πύργου
874 5143 1184 5215 οἰκοδομῆς,
1216 5146 1309 5198 καὶ
1325 5146 1503 5200 Βαϐυ-

39 5214 163 5309 ξεῖνος,
194 5232 272 5283 καὶ
308 5235 437 5304 μετὰ
474 5236 569 5291 τὸν
595 5236 690 5289 τοῦ
727 5214 936 5309 πύργου
962 5214 1152 5309 χρόνον
1179 5238 1271 5291 ἐπὶ
1303 5238 1505 5308 ὀλίγοις

41 5308 147 5379 ἓτετι,
178 5325 387 5379 τουτέστι
416 5327 595 5380 Φαλὲκ
635 5327 727 5380 καὶ
765 5308 1018 5395 Ῥαγαοῦ,
1061 5328 1274 5392 οἵτινες,
1308 5329 1403 5383 ἐπὶ
1444 5330 1506 5383 τὸ

37 5398 101 5468 τῆς
128 5406 346 5483 Εὐρώπης
382 5417 549 5489 κλίμα.
589 5418 899 5481 νενευκότες
926 5417 1004 5488 τῷ
1025 5417 1126 5488 τῆς
1149 5418 1384 5483 Σκυθίας
1409 5420 1507 5491 μέ-

41 5509 108 5586 ρεξ,
129 5504 199 5555 καὶ
220 5511 317 5572 τοῖς
350 5511 521 5565 αὐτῶν
552 5510 729 5564 ἔθνεσι
766 5510 1223 5584 προσεκρίθησαν,
1258 5513 1366 5566 ἀπὸ
1406 5514 1506 5586 τῆς

40 5584 97 5635 1ιῦ
114 5588 256 5664 Θήρας
279 5600 475 5671 ἡλικίας
502 5604 596 5658 καὶ
622 5603 899 5670 ἐπέκεινα,
936 5604 994 5668 ἐξ
1022 5598 1191 5677 οὗπερ
1214 5606 1262 5658 οἱ
1286 5584 1500 5677 Θρᾶκεε

42 5679 231 5743 γεγόνασι.

1614 4785 1779 4851 bant;
1833 4785 1928 4840 sed
1977 4787 2356 4858 unusquisque
2402 4804 2501 4859 pro
2545 4805 2645 4846 sua
2691 4791 2974 4850 voluntate
3022 4794 3193 4851 vitam

1613 4878 1954 4943 instituebat,
1989 4893 2055 4934 ac
2085 4894 2185 4950 pro
2215 4878 2332 4952 lege
2360 4896 2521 4938 suum
2551 4884 2786 4956 quisque
2809 4893 3001 4943 nutum
3025 4897 3193 4960 atque

1612 4970 1897 5025 arbitrium
1926 4971 2027 5026 sibi
2052 4973 2411 5043 proponebat.

1685 5060 1990 5128 Secundus,
2041 5060 2386 5135 Scythismus
2422 5079 2455 5121 a
2491 5064 2684 5123 Noemi
2728 5071 3068 5141 temporibus
3115 5075 3185 5132 ad

1612 5169 1787 5224 usque
1840 5156 2011 5212 turris
2075 5163 2130 5213 et
2190 5156 2483 5231 Babylonis
2544 5161 3064 5231 exaediﬁcationem,
3122 5181 3189 5223 ac

1611 5254 1736 5316 post
1764 5246 1958 5300 turrim
2000 5247 2189 5317 paucis
2232 5248 2413 5305 adhuc
2455 5253 2617 5308 annis
2657 5254 2915 5325 obtinuit,
2957 5257 3060 5313 hoc
3101 5270 3187 5317 est

1612 5352 1786 5408 usque
1833 5337 1900 5391 ad
1956 5336 2159 5394 Phalac
2218 5348 2273 5397 et
2319 5339 2566 5414 Rhagau,
2637 5346 2729 5415 qui
2788 5346 2858 5402 ad
2914 5346 3184 5420 Europam

1611 5436 1956 5485 transeuntes
1983 5430 2039 5484 in
2065 5428 2388 5504 :Scythiam,
2420 5450 2483 5491 ac
2513 5439 2764 5496 nationes
2788 5440 3055 5510 ejusmodi
3092 5459 3186 5513 pe-

1610 5530 1895 5578 netrarunt
1923 5523 1993 5578 ab
2018 5521 2199 5583 Thare
2225 5529 2561 5600 temporibus
2588 5538 2641 5586 et
2666 5532 2798 5601 vita,
2821 5548 2852 5589 a
2876 5548 2985 5605 quo
3016 5532 3183 5591 Thra-

1608 5627 1700 5672 ces
1726 5614 1939 5671 oriundi
1977 5625 2124 5673 sunt.
