3766 6330
520 204 623 260 167

1252 202 1599 259 EPIPHANII
1638 195 2085 259 RESCRIPTUM
2123 204 2214 259 AD
2253 205 2564 262 ACACIUM
2604 207 2693 262 ET
2733 207 3041 267 PAULUM.
3660 218 3724 273 l6l

589 345 828 409 Tertius,
884 345 1250 403 Hellenismus
1300 348 1469 417 cmpit
1518 365 1548 401 a
1608 347 1836 403 Seruchi
1887 359 2093 419 tempo-

2270 350 2439 423 Τρίτη
2486 351 2858 423 Ἑλληνισμὸς,
2906 352 3014 407 ἀπὸ
3056 352 3165 406 τῶν
3196 353 3405 425 χρόνων
3449 354 3543 409 τοῦ
3572 356 3724 428 Sapo»);

519 441 692 495 ribus.
728 438 881 494 Unde
928 440 1198 494 idolorum
1229 440 1411 495 cultus
1447 439 1659 492 initium
1701 440 1907 493 habuit.
1940 439 2100 494 Cum-

519 547 625 603 que
662 538 794 584 tunc
828 529 1091 600 temporis
1130 528 1266 584 falsa
1307 531 1538 599 quisque
1577 532 1964 600 superstitione
2002 530 2100 584 du-

518 629 763 687 ceretur,
791 621 1050 692 deinceps
1081 622 1383 677 civiliorem
1417 622 1483 676 ad
1519 638 1698 685 usum,
1735 632 1789 677 et
1819 623 1882 675 ad
1918 630 2096 678 certas

518 716 687 786 leges,
728 713 1259 785 simulacrorumque
1306 718 1449 768 ritus
1490 714 1740 768 homines
1776 729 1897 768 sese
1925 723 2099 770 trans-

517 806 778 861 tulerunt.
819 804 1061 870 Quorum
1108 819 1176 860 ex
1228 805 1547 875 praescripto
1613 805 1715 859 sibi
1758 805 1889 860 deos
1931 806 2098 860 tinxe-

519 903 665 950 runt.
710 894 788 948 Ac
832 894 1065 964 primum
1114 908 1228 957 eos,
1276 908 1415 964 quos
1464 893 1516 946 in
1568 892 1774 947 honore
1822 895 2096 962 quondam

522 986 870 1047 habuissent,
906 984 1020 1037 sive
1054 990 1353 1054 tyrannos,
1386 988 1481 1035 aut
1512 982 1967 1052 praestigiatores,
2000 984 2096 1053 qui

520 1076 875 1129 memorabile
901 1073 1159 1143 quiddam
1188 1075 1242 1128 in
1275 1075 1387 1128 vita
1423 1075 1684 1138 fecerant,
1722 1088 1788 1127 ac
1831 1074 2099 1129 fortitudi-

522 1167 626 1233 nis,
662 1176 717 1222 et
746 1166 958 1222 roboris
995 1166 1207 1221 illustre
1246 1167 1521 1237 specimen
1563 1165 1872 1225 ediderant,
1910 1166 2098 1236 depin-

521 1274 649 1328 gere
679 1258 955 1313 coloribus
990 1265 1045 1313 et
1087 1258 1392 1312 assimilare
1435 1257 1702 1313 solebant.
1738 1255 1934 1311 Postea
1970 1271 2097 1312 vero

521 1352 589 1404 ab
626 1350 804 1404 Thare
846 1349 1016 1418 patris
1062 1346 1319 1401 Abraami
1372 1353 1617 1416 tempore
1659 1346 1973 1402 simulacris
2029 1360 2097 1402 ac

523 1440 723 1495 statuis
780 1438 1031 1493 eumdem
1059 1451 1302 1491 errorem
1326 1434 1649 1490 idololatriae
1705 1443 2095 1507 propagarunt.

519 1530 731 1601 Quippe
786 1530 1021 1599 majores
1068 1544 1200 1583 suos
1257 1527 1569 1583 simulacris
1619 1527 1989 1593 honestantes,
2032 1541 2097 1582 ac

518 1630 784 1686 mortuos,
826 1620 1060 1689 primum
1101 1628 1218 1673 arte
1259 1616 1439 1688 ﬁglina
1487 1625 1700 1674 statuas
1736 1616 2093 1683 cllinxerunt;

2202 443 2588 513 ἐναρξάμενος,
2602 444 2690 498 διά
2703 461 2785 497 τοι
2800 444 2901 514 τῆς
2922 445 3378 519 εἰδωλολατρείας,
3400 450 3497 501 καὶ
3511 450 3586 512 ὡς
3605 453 3723 506 ἐστοὶ

2201 550 2330 602 χουν
2355 533 2416 585 τὸ
2436 533 2735 603 τηνικαῦτα
2754 534 2985 594 ἕκαστος
3012 536 3153 589 κατά
3176 554 3300 591 τινα
3330 539 3724 611 δεισιδαιμονίαν

2202 624 2295 676 ἐπὶ
2314 623 2374 676 τὸ
2397 623 2596 695 μᾶλλον
2614 623 3053 694 πολιτικώτερον,
3068 625 3163 679 καὶ
3184 628 3276 680 ἐπὶ
3296 628 3391 699 ἔθη
3408 631 3505 683 καὶ
3520 630 3724 702 θεσμοὺς

2202 714 2452 769 Είδώλων
2474 716 2655 786 μέντοι
2675 733 2739 783 γε
2759 714 3102 788 ὲναρξάμενα
3134 719 3422 773 τάττεσθαι
3455 722 3527 775 τά
3549 724 3651 776 τῶν
3673 728 3723 777 ἀν

2202 807 2436 881 θρώπων
2468 807 2623 878 γένη,
2651 803 2734 872 οἷς
2761 808 2883 861 τότε
2910 810 3297 882 στοιχήσαντες
3324 811 3649 881 ὲθεοποίουν,
3676 818 3724 870 δις

2205 901 2305 969 μὲν
2334 901 2641 971 χρωμάτων
2662 900 3052 975 διαγράφοντες
3078 900 3178 972 τὴν
3202 903 3398 974 ἀρχὴν,
3425 906 3525 958 καὶ
3554 907 3724 961 ἀπεικο

2201 992 2440 1057 νίζοντες
2467 994 2592 1056 τοὺς
2620 993 2787 1047 πάλαι
2816 995 2945 1065 παρ’
2974 994 3154 1057 αὐτοῖς
3178 996 3595 1067 τετιμημένους,
3619 1002 3647 1071 ἢ
3669 1020 3723 1054 τυη

2205 1087 2452 1159 ράννους,
2490 1087 2523 1156 ἢ
2554 1086 2775 1157 γόητας,
2807 1087 2840 1158 ἦ
2867 1085 3021 1150 τινάς
3043 1105 3099 1139 τι
3127 1086 3433 1158 δράσαντας
3462 1091 3524 1143 ὲν
3554 1093 3626 1161 τῷ
3651 1095 3724 1165 βίῳ

2205 1183 2425 1250 μνήμης
2460 1196 2512 1230 τι
2538 1178 2730 1232 δοκοῦν
2771 1179 2951 1243 ἀξιον,
2992 1178 3061 1230 δι’
3088 1178 3261 1250 ἀλκῆς
3300 1197 3389 1245 τε,
3439 1180 3471 1250 ἦ
3513 1185 3721 1252 σωμάτω

2202 1271 2523 1343 εύρωστίας,
2553 1269 2745 1323 ἔπειτα
2771 1271 2828 1323 δὲ
2858 1269 2965 1323 ἀπὸ
2990 1268 3098 1322 τῶν
3128 1269 3454 1341 χρόνων,τω5
3470 1272 3654 1343 Θάρρα
3674 1293 3723 1327 το

2202 1362 2407 1433 πατρὸς
2434 1361 2695 1434 Ἀϐραὰμ
2726 1362 2820 1415 καὶ
2852 1361 2922 1416 δι’
2955 1360 3285 1432 ἀγαλμάτων
3310 1362 3408 1433 τὴν
3443 1362 3647 1434 πλάνην
3670 1367 3720 1434 τῆ

2202 1452 2643 1523 εἰδωλολατρείας
2684 1452 3128 1524 εἰσηγησάμενοι,
3161 1453 3288 1515 τοὺς
3319 1453 3533 1507 ἑαυτῶν
3573 1456 3724 1525 προπὰ

2200 1561 2365 1614 τορας
2410 1544 2477 1598 δι’
2510 1544 2915 1614 ἀπεικονισμῶν
2958 1544 3329 1615 τετιμηκότες,
3370 1546 3464 1599 καὶ
3500 1547 3624 1610 τοὺς
3664 1567 3723 1619 πρ

2202 1635 2380 1688 αὐτῶν
2409 1635 2862 1706 τετελευτηκότας
2889 1635 3304 1705 τεχνησάμενοι,
3338 1635 3403 1689 ὲκ
3435 1640 3721 1708 κεραμεικῆ

518 1720 633 1765 tum
679 1711 744 1765 ad
786 1717 1166 1767 omnes.artes
1216 1707 1465 1763 imitandi
1508 1707 1753 1779 pervenit
1797 1708 2092 1762 industria.

2200 1724 2507 1795 ἐπιστήμης
2529 1725 2587 1776 τὸ
2620 1723 2852 1794 πρῶτον,
2881 1723 3070 1776 ἔπειτα
3101 1724 3339 1793 ἑκάστης
3364 1724 3567 1796 τέχνης
3587 1707 3723 1796 ίμιμη

516 1804 652 1858 Nam
719 1814 773 1858 et
817 1802 1104 1857 architecti
1149 1801 1315 1857 sectis
1360 1800 1654 1871 lapidibus,
1700 1799 1995 1871 argentarii
2041 1806 2097 1853 et

517 1896 772 1951 auriﬁces
798 1935 812 1959 ,
870 1910 970 1950 nec
1012 1909 1123 1947 non
1158 1892 1299 1949 fabri
1346 1907 1445 1948 sua
1489 1893 1693 1962 quique
1737 1891 1988 1953 materia,
2031 1905 2097 1946 ac

516 1991 713 2061 reliqui
752 1991 1010 2059 deinceps
1036 1988 1238 2059 elIigies
1270 1987 1443 2043 moliti
1473 1995 1624 2043 sunt.
1658 1985 1823 2040 Primi
1851 1984 2095 2041 omnium

516 2089 757 2160 IEgyptii
798 2103 862 2143 ac
889 2085 1207 2159 Babylonii,
1258 2102 1361 2141 nec
1393 2101 1503 2140 non
1562 2082 1805 2154 Phryges
1848 2096 1914 2136 ac
1940 2080 2097 2136 th-

518 2182 670 2236 nices
743 2180 1114 2252 superstitiosi
1179 2180 1383 2244 cultus,
1438 2187 1495 2233 et
1552 2178 1977 2233 simulacrorum
2029 2188 2095 2229 ac

516 2274 896 2344 mysteriorum
939 2280 1192 2328 auctores
1230 2272 1574 2329 exstiterunt.
1602 2272 1645 2324 Α
1681 2270 1880 2340 quibus
1924 2269 2095 2339 plera-

516 2382 623 2436 que
665 2373 793 2421 sunt
830 2367 898 2420 ad
935 2364 1153 2421 Graecos
1199 2365 1463 2419 translata
1494 2382 1509 2418 :
1539 2362 1651 2434 jam
1685 2371 1800 2417 tum
1834 2362 1903 2416 ab
1933 2368 2092 2416 aetate

516 2445 796 2530 Cecropis,
833 2468 887 2515 et
939 2460 1214 2529 deinceps.
1259 2457 1455 2514 Postea
1500 2473 1629 2513 vero
1674 2459 1837 2527 longo
1872 2455 2091 2511 demum

518 2550 800 2605 intervallo
829 2548 1146 2611 Saturnum,
1179 2548 1408 2611 Rheam,
1432 2546 1640 2613 Jovem,
1667 2546 1995 2618 Apollinem,
2026 2560 2091 2600 ac

517 2643 756 2710 reliquos
793 2640 923 2696 deos
951 2640 1229 2695 celebrare
1253 2641 1569 2709 cmperuntJ

584 2734 757 2790 Graeci
771 2748 967 2788 nomen
988 2733 1057 2787 ab
1069 2730 1291 2787 Hellene
1310 2730 1904 2803 quodamlsortitifsunt,
1919 2729 2011 2800 qui
2033 2728 2090 2784 in

514 2819 722 2875 Graecia
749 2820 951 2891 degens
963 2819 1011 2874 ei
1041 2819 1251 2888 regioni
1269 2820 1684 2891 appellationem
1711 2819 1927 2873 indidit.
1950 2816 2091 2871 Sunt

515 2913 608 2983 qui
636 2914 704 2967 ab
731 2913 883 2975 elzca,
911 2913 1015 2966 hoc
1046 2920 1131 2968 est
1162 2913 1324 2978 oliva,
1357 2926 1479 2981 quae
1513 2910 1742 2965 Athenis
1764 2918 1951 2964 exorta
1981 2915 2086 2974 est,

516 3014 860 3075 nuncupatos
903 3019 1025 3059 esse
1067 3004 1254 3060 velint.
1286 3002 1461 3071 Hujus
1492 3002 1709 3072 generis
1745 3009 1997 3056 auctores
2024 3016 2089 3054 ac

517 3096 825 3151 conditores
852 3094 1007 3150 Iones
1033 3094 1254 3149 fuerunt
1271 3112 1284 3148 :
1304 3101 1364 3147 ut
1386 3110 1452 3149 ex
1491 3093 1830 3147 accuratiore
1866 3093 2091 3147 historia

516 3193 752 3248 constat,
770 3185 863 3256 qui
882 3184 1131 3239 ahJavan
1157 3184 1391 3255 quodam
1423 3184 1674 3255 appellati
1707 3191 1859 3245 sunt,
1889 3198 1999 3237 uno
2027 3198 2095 3238 ex

517 3280 605 3343 iis,
636 3282 727 3349 qui
753 3280 945 3333 turrim
964 3284 1378 3343 exstruxerunt,
1396 3276 1617 3347 quando
1638 3275 2092 3346 linguazomnlum

517 3371 708 3426 divisae
737 3378 885 3425 sunt.
917 3369 1089 3435 Quam
1115 3370 1184 3424 ob
1201 3384 1423 3424 causam
1443 3366 1689 3439 Meropes
1709 3383 1898 3423 omnes
1915 3368 2092 3422 vocati

517 3474 649 3521 sunt
670 3465 739 3517 ab
763 3462 1031 3517 divisione
1053 3459 1591 3532 linguarum.Postea
1624 3475 1753 3515 vero
1776 3459 2096 3515 recentiori-

518 3557 622 3610 bus
645 3554 982 3624 temporibus
1008 3553 1193 3608 Grmca
1219 3553 1534 3622 superstitio
1559 3560 1736 3608 certas
1765 3552 1818 3606 in
1837 3552 2091 3615 haereses,

519 3661 583 3699 ac
612 3654 789 3699 sectas
820 3644 1001 3714 abiit;
1033 3653 1221 3715 utputa
1254 3642 1735 3714 Pythagoreorum,
1760 3641 2092 3707 Stoicorum,

520 3736 964 3798 Platonicorum,
1012 3733 1437 3805 Epicureorum,
1494 3740 1599 3789 etc.
1658 3731 1861 3787 Eodem
1929 3744 2094 3801 porro

521 3837 765 3896 tempore
823 3826 1041 3895 propria
1083 3824 1254 3880 forma
1302 3840 1367 3880 ac
1408 3833 1534 3880 nota
1590 3840 1729 3879 vera:
1775 3824 1992 3894 pietatis
2038 3828 2095 3879 et

518 3918 800 3988 religionis
837 3918 1068 3980 exstitit,
1111 3931 1217 3971 una
1247 3932 1372 3972 cum
1426 3918 1542 3988 lege
1576 3925 1819 3978 natm-te;
1862 3929 1983 3986 quae
2025 3914 2095 3970 ab

520 4013 733 4083 origine
784 4011 972 4065 mundi
1030 4025 1151 4065 sese
1193 4010 1263 4064 ab
1312 4010 1421 4065 illis
1468 4009 1783 4065 nationibus
1832 4015 2094 4079 perpetuo

521 4105 845 4176 segregavit,
884 4104 955 4157 ad
988 4102 1130 4156 hanc
1164 4117 1337 4172 usque
1376 4102 1541 4165 diem,
1588 4102 1729 4156 inter
1775 4100 2091 4164 Barbaram,

524 4197 835 4268 Scythicam
879 4193 1233 4263 Gmcamque
1294 4192 1740 4262 superstitionem
1782 4190 2090 4261 interiecta,

523 4289 697 4343 donec
749 4302 874 4341 cum
928 4286 1185 4340 Abraami
1246 4284 1444 4354 pietate
1493 4283 1715 4338 coaluit.
1767 4280 1905 4335 Tum
1964 4295 2093 4337 vero

2198 1816 2463 1888 σαμένης,
2492 1816 2761 1887 οἰκοδόμοι
2794 1816 2892 1887 μὲν
2919 1815 3064 1869 λίθον
3096 1816 3370 1883 ξέσαντες,
3398 1818 3724 1888 ἀργυροκόπη

2195 1908 2272 1971 δὲ,
2306 1909 2401 1962 καὶ
2437 1907 2721 1979 χρυσοχόοι
2758 1907 2847 1960 διά
2894 1907 2993 1977 τῆς
3037 1906 3169 1971 ἰδίας
3210 1907 3341 1979 ὕλης
3366 1910 3724 1979 τεκτονάμενοι

2196 1999 2339 2055 οὕτω
2354 1999 2451 2053 καὶ
2468 1999 2738 2061 τέκτονες,
2763 1996 2859 2051 καὶ
2878 1998 2928 2049 οἱ
2944 1997 3199 2068 καθεξῆς.
3233 1998 3525 2067 Αἰγύπτιοι
3544 1999 3599 2053 δὲ
3615 1998 3724 2070 ὁμοῦ

2196 2090 2290 2145 καὶ
2334 2086 2685 2151 Βαϐυλώνιοι,
2736 2086 2830 2139 καὶ
2863 2084 3094 2156 Φρύγες,
3143 2086 3236 2139 καὶ
3257 2086 3507 2150 Φοίνικες
3546 2102 3724 2155 ταύτης

2194 2182 2295 2252 τῆς
2324 2180 2621 2252 θρησκείας
2644 2177 2847 2249 πρῶτοι
2874 2176 3161 2248 εἰσηγηταὶ
3190 2177 3502 2246 γεγόνασιν,
3528 2177 3724 2247 ἀγαλμα

2194 2276 2439 2337 τοποιίας
2465 2290 2524 2326 τε
2571 2273 2664 2325 καὶ
2709 2269 3019 2341 μυστηρίων
3042 2285 3057 2300 ο
3109 2270 3201 2339 ἀφ’
3225 2263 3299 2323 ὧν
3333 2270 3399 2323 τὰ
3430 2269 3659 2322 πλεῖστα
3686 2270 3723 2321 εἰ

2198 2364 2462 2434 Ἕλληνας
2489 2362 2791 2432 μετηνέχθη
2822 2359 2931 2413 ἀπὸ
2956 2359 3055 2430 τὴς
3080 2359 3365 2432 Κέκροπος
3406 2358 3645 2430 ἡλικίας,
3676 2376 3724 2410 κα

2194 2454 2431 2527 καθεξῆς
2454 2473 2466 2485 ·
2515 2454 2812 2525 μετέπειτα
2839 2453 2896 2507 δὲ
2928 2453 3023 2505 καὶ
3062 2452 3272 2523 ὑστέρῳ
3310 2451 3442 2505 πολὺ
3492 2453 3621 2514 τοὺς
3647 2468 3724 2520 περ

2194 2551 2400 2622 Κρόνον
2419 2550 2513 2602 καὶ
2555 2547 2734 2609 Ῥέαν,
2768 2546 2866 2599 Δία
2894 2563 2951 2598 τε
2984 2545 3082 2599 καὶ
3123 2544 3449 2609 Ἀπόλλωνα,
3527 2544 3620 2599 καὶ
3642 2544 3724 2596 καθ

2192 2644 2321 2714 εξῆς
2346 2643 2500 2706 θεοὺς
2517 2640 2999 2712 ἀναγορεύσαντες.

2265 2735 2523 2806 Ἕλληνες
2553 2733 2609 2786 δὲ
2640 2732 2932 2802 κέκληνται
2976 2729 3085 2783 ἀπὸ
3111 2727 3370 2800 ’Έλληνός
3406 2745 3561 2793 τινος
3584 2728 3724 2799 ἀνδρῦ

2192 2826 2299 2881 τῶν
2320 2828 2377 2880 ἐν
2408 2828 2477 2897 τῇ
2502 2824 2711 2877 Ἑλλάδι
2736 2821 3167 2893 κατῳκηκότων*
3196 2819 3271 2884 ὡς
3298 2820 3354 2874 δὲ
3381 2820 3569 2893 ἕτεροί
3594 2838 3724 2890 eam

2193 2918 2299 2973 ἀπὸ
2322 2917 2421 2986 τῆς
2446 2916 2632 2976 ἐλαίας
2651 2914 2751 2984 τῆς
2782 2914 2840 2965 ὲν
2872 2912 3123 2984 Ἀθήναις
3153 2912 3560 2984 βλαπησάσης.
3595 2915 3724 2966 ἰωνε

2193 3008 2251 3062 δὲ
2292 3007 2497 3060 τούτων
2530 3007 2764 3077 ἀρχηγοὶ
2809 3004 3113 3072 γεγόνασιν,
3159 3002 3237 3065 ὡς
3279 3001 3392 3073 ἔχει
3428 3003 3467 3072 ἡ
3505 3002 3724 3074 ἀκρίϐεια

2194 3100 2303 3154 ἀπὸ
2327 3098 2420 3153 τοῦ
2457 3098 2675 3161 Ἰουνᾶν,
2710 3096 2826 3160 ένὸς
2850 3095 3042 3167 ἀνδρὸς
3072 3093 3180 3148 τῶν
3207 3093 3298 3146 τὸν
3332 3094 3550 3164 πύργον
3580 3095 3724 3147 οίκοᾱ

2197 3192 2507 3264 μησάντων,
2523 3190 2611 3243 ὅτε
2633 3190 2688 3242 αἱ
2708 3188 2949 3257 γλῶσσαι
2969 3185 3387 3257 διεμερίσθησαν
3408 3185 3525 3238 τῶν
3540 3186 3724 3239 πάντωι

2194 3290 2271 3341 Δι’
2296 3287 2364 3358 ἢν
2392 3283 2571 3338 αἰτίαν
2601 3283 2696 3337 καὶ
2712 3281 2965 3351 Μέροπες
2994 3281 3196 3343 πάντες
3226 3278 3546 3347 κέκληνται,
3576 3280 3724 3348 διὰτὴ

2197 3376 2606 3452 μεμερισμένην
2638 3377 2843 3446 φωνήν.
2885 3374 3148 3445 ’Υστερον
3175 3371 3232 3424 δὲ
3254 3372 3283 3424 ό
3317 3370 3673 3442 Ἑλληνισμὸς
3691 3370 3724 3422 εἰ

2194 3469 2432 3540 αἱρέσεις
2464 3465 2697 3529 κατέστη
2725 3464 3022 3535 κατωτέρῳ
3044 3461 3122 3533 τῷ
3148 3462 3327 3533 χρόνῳ
3352 3477 3367 3492 ·
3399 3477 3478 3531 φη
3489 3464 3555 3531 μὶ
3579 3462 3635 3515 δὲ
3664 3462 3724 3512 [lu

2196 3558 2514 3631 θαγορείων,
2544 3559 2639 3611 καὶ
2664 3555 2934 3622 Στωϊκῶν,
2959 3556 3051 3609 καὶ
3073 3553 3457 3619 Πλατωνικῶν,
3494 3553 3593 3607 καὶ
3627 3553 3724 3604 Ἔπη

2194 3650 2477 3721 κουρείων,
2491 3648 2586 3702 καὶ
2595 3646 2817 3701 λοιπῶν.
2830 3645 3149 3708 Θεοσεόείας
3157 3643 3213 3696 δὲ
3226 3644 3518 3716 χαρακτὴρ
3535 3644 3724 3713 ὑπῆρχε

2195 3746 2313 3815 ἅμα
2341 3744 2434 3797 καὶ
2462 3743 2491 3794 ό
2527 3742 2663 3812 μετά
2685 3740 2845 3810 φύσιν
2872 3738 3055 3808 νόμος,
3079 3736 3497 3807 πολιτευόμενος
3521 3736 3631 3789 ἀπὺ
3658 3734 3724 3787 τοί

2193 3853 2301 3891 των
2331 3835 2438 3889 τῶν
2461 3834 2654 3900 ὲθνῶν,
2681 3832 2870 3885 ἑαυτὸν
2895 3828 3169 3901 ἀφορίζων
3196 3829 3305 3883 ἀπὸ
3322 3829 3419 3900 τῆς
3448 3829 3550 3883 τοῦ
3573 3829 3724 3899 κόσμο

2194 3925 2498 3997 καταϐολῆς
2530 3924 2627 3978 καὶ
2651 3922 2831 3994 δεῦρο,
2862 3920 3026 3992 μέσος
3056 3919 3337 3991 τυγχάνων
3366 3915 3724 3991 βαρϐαρισμοῦ

2195 4019 2291 4071 καὶ
2319 4015 2649 4087 Σκυθισμοῦ,
2683 4014 2777 4068 καὶ
2815 4010 3192 4082 Ἑλληνισμοῦ,
3238 4011 3344 4072 ἕως
3369 4011 3500 4064 ὅτου
3531 4008 3724 4080 συνήφθ

2194 4114 2261 4183 τῇ
2307 4110 2559 4183 Ἀϐραὰμ
2582 4107 2882 4178 θεοσεϐείᾳ.
2927 4106 3038 4161 Καὶ
3071 4103 3365 4175 μετέπειτα
3410 4102 3724 4171 Ἰουδαῖσμλς

2192 4203 2302 4257 ἀπὸ
2341 4202 2452 4255 τῶν
2492 4201 2699 4272 χρόνων
2745 4197 2996 4270 Ἀϐραάμ
3034 4197 3127 4251 τὸν
3168 4195 3498 4268 χαρακτῆρα
3540 4192 3724 4265 είληφὼ

2195 4297 2289 4350 καὶ
2334 4296 2391 4349 ἐν
2430 4295 2634 4365 Μωῦσῇ
2671 4292 2883 4363 ἑϐδόμῳ
2922 4290 3031 4346 ἀπὸ
3062 4289 3329 4362 Ἀϐραὰμ,
3365 4288 3458 4342 διὰ
3492 4288 3592 4343 τοῦ
3628 4289 3724 4342 αὐτη

521 4380 838 4436 Judaismus
871 4380 939 4435 ab
974 4378 1267 4434 Abrahami
1306 4376 1643 4445 temporibus
1676 4374 1952 4444 propriam
1989 4372 2093 4435 for-

2200 4387 2437 4450 δοθέντος
2463 4385 2628 4456 νόμου
2653 4383 2757 4438 ὑπὸ
2783 4383 2877 4438 τοῦ
2895 4382 3030 4437 Θεοῦ
3056 4381 3397 4445 πλατυνθείς.
3439 4382 3582 4435 Ἀπὸ
3603 4382 3657 4435 δὲ
3679 4398 3724 4433 τι]

524 4486 669 4526 mani
704 4470 933 4540 adeptus
954 4508 970 4533 ,
1002 4483 1066 4523 ac
1095 4484 1190 4538 per
1218 4466 1437 4538 Moysen
1479 4466 1546 4520 ab
1578 4465 1890 4519 Ahrahamo
1929 4463 2097 4535 septi-

524 4578 695 4629 mum,
724 4578 789 4616 ac
820 4562 991 4632 legem
1021 4575 1052 4614 a
1084 4560 1193 4615 Deo
1228 4559 1484 4613 traditam
1520 4556 1916 4627 anipliﬁmtus,
1945 4565 2001 4611 et
2026 4555 2099 4612 ab

523 4653 662 4709 Juda
700 4662 896 4724 quarto
931 4651 1119 4708 Jacobi
1164 4650 1294 4715 ﬁlio,
1337 4649 1433 4720 qui
1477 4656 1532 4703 et
1575 4646 1739 4703 Israel
1782 4648 2096 4703 nominatus

524 4755 632 4808 est,
661 4761 756 4815 per
785 4744 1037 4800 Davidem
1061 4784 1077 4809 ,
1104 4743 1195 4813 qui
1228 4743 1438 4813 primus
1466 4755 1497 4795 e
1527 4739 1672 4793 tribu
1695 4737 1834 4793 Juda
1870 4754 2094 4808 regnum

527 4846 813 4893 assecutus
847 4844 950 4900 est,
983 4835 1286 4907 perlectum
1310 4831 1579 4887 Judaismi
1612 4845 1808 4884 nomen
1836 4830 2094 4884 obtinuit.

527 4928 821 4999 Perspicue
861 4928 1007 4984 enim
1039 4926 1336 4998 Apostolus
1369 4925 1436 4979 de
1472 4932 1709 4993 quatuor
1738 4922 1847 4977 illis
1878 4921 2098 4976 haeresi-

528 5020 632 5075 bus
665 5018 976 5073 summatim
1012 5017 1240 5086 loquens
1271 5015 1376 5069 ista
1404 5014 1543 5069 dixit
1576 5031 1590 5067 :
1620 5011 1689 5065 In
1716 5010 1927 5065 Christo
1954 5011 2094 5065 enim

526 5110 657 5165 Iesu
688 5126 847 5175 neque
876 5109 1146 5163 Barbarus
1170 5148 1188 5173 ,
1215 5123 1376 5177 neque
1402 5105 1599 5177 Scytha
1617 5144 1633 5169 ,
1660 5120 1817 5175 neque
1844 5102 2057 5158 ercus
2076 5144 2092 5168 ,

528 5219 690 5275 neque
712 5202 955 5267 Judteus,
990 5201 1078 5255 sed
1101 5216 1232 5253 nova
1261 5208 1505 5255 creatura
1529 5200 1570 5252 ⁸.
1602 5195 1911 5253 Graecorum
1932 5210 2098 5268 porro

528 5297 633 5352 ista
666 5305 792 5350 sunt
815 5294 1153 5349 discrimina.

600 5387 941 5460 Pythagorei,
975 5384 1092 5444 sive
1121 5382 1467 5453 Peripatetici
1506 5382 1795 5439 monadem
1831 5390 1885 5438 et
1920 5382 2097 5452 provi-

532 5475 769 5533 dentiam
814 5484 1201 5541 asseruerunt;
1234 5474 1339 5531 diis
1380 5474 1473 5544 qui
1512 5474 1674 5544 vulgo
1711 5474 1980 5529 habentur
2009 5486 2098 5527 sa-

533 5570 812 5634 criﬁcare,
866 5567 1115 5625 animatis
1162 5566 1343 5632 vesci,
1395 5580 1458 5621 ac
1513 5567 1639 5623 vino
1692 5568 1769 5623 uti
1818 5564 2096 5636 prohibuit

608 5684 865 5756 ﬂColoss.
900 5699 997 5751 ut;
1026 5680 1069 5739 Il
1094 5682 1220 5739 Cor.
1246 5698 1297 5747 v,
1336 5681 1426 5735 l7.

2208 4478 2375 4533 Ἰούδα
2408 4477 2666 4548 τετάρτου
2704 4474 2821 4529 υἰοῢ
2852 4474 2948 4529 τοῦ
2988 4474 3205 4540 Ἰακὼϐ,
3244 4473 3337 4527 τοῦ
3382 4473 3724 4544 ἐπικληθέντι

2206 4569 2444 4642 Ἰσραὴλ,
2473 4568 2560 4622 διὰ
2580 4567 2744 4621 Δαόὶδ
2760 4566 2853 4620 τοῦ
2870 4564 3086 4637 πρώτου
3113 4564 3535 4635 βασιλεύσαντος
3551 4564 3661 4617 ἀπὸ
3675 4563 3724 4633 τῆ

2192 4663 2286 4716 τοῦ
2325 4660 2487 4715 αὑτοῦ
2525 4659 2694 4714 ’ἰούδα
2733 4658 2937 4729 φυλῆς,
2979 4658 3042 4711 τὸ
3066 4656 3268 4710 τέλειον
3306 4656 3399 4709 τοῦ
3440 4656 3724 4724 Ίουδαῐσμο

2194 4752 2363 4823 δνομα
2402 4749 2840 4822 κεκληρωμένος.
2892 4746 3086 4818 Σαφῶς
3130 4746 3237 4819 γάρ
3266 4746 3394 4817 περὶ
3430 4745 3643 4799 τούτων
3666 4744 3724 4795 τῷ

2193 4846 2472 4916 τεσσάρων
2500 4842 2763 4916 αἱρέσεων
2787 4842 2816 4895 ό
2841 4838 3159 4902 Ἀπόστολος
3179 4837 3455 4908 ἐπιτεμὼν
3490 4837 3603 4908 ἔφη
3622 4853 3635 4866 ’
3674 4836 3724 4888 Ἐ

2195 4939 2305 5009 γὰρ
2331 4934 2560 5005 Χριστῷ
2595 4934 2788 5002 Ἰησοῦ
2815 4935 2887 4988 οὐ
2916 4930 3239 5002 Βάρϐαρος,
3268 4932 3340 4984 οὐ
3370 4930 3637 4996 Σκύθης,
3659 4929 3723 4989 οίξ

2198 5030 2455 5095 Ἕλλην,
2478 5029 2590 5082 οὑκ
2623 5024 2922 5092 Ἰουδαῖος,
2948 5023 3112 5079 ἀλλὰ
3136 5020 3312 5090 καινὴ
3338 5021 3566 5086 κτίσις.
3590 5019 3724 5085 'E‘u‘q

2195 5137 2300 5174 νων
2326 5117 2600 5191 διαφοραί.

2266 5376 2641 5448 Πυθαγόρειοι,
2698 5373 2874 5428 εἴτουν
2934 5371 3393 5445 Περιπατητικοί·
3444 5370 3541 5425 τὸν
3567 5368 3723 5441 μονάό

2196 5472 2291 5524 καὶ
2314 5470 2587 5543 πρόνοιαν,
2611 5471 2703 5523 καὶ
2722 5469 2780 5522 τὸ
2801 5467 3030 5522 κωλύειν
3055 5466 3273 5520 θύεσθαι
3289 5468 3401 5529 τοίς
3418 5464 3583 5535 δῆθεν
3604 5463 3724 5521 850E;

2197 5563 2515 5633 Πυθαγόρας
2546 5561 2913 5632 ἐδογμάτισεν,
2937 5560 3191 5631 ἐμψύχων
3210 5576 3267 5611 τε
3302 5560 3377 5629 μὴ
3407 5554 3724 5628 μεταλαμεα
