3754 6182
66 182 134 238 l69

758 170 1111 232 EPIPHANH
1137 171 1580 233 BESCRIPTUM
1616 179 1709 235 AI)
1732 181 2043 239 ACACIUM
2082 182 2173 239 ET
2204 175 2515 240 PAULUM.

3148 175 3254 236 170

51 314 146 352 νειν.
168 287 263 344 ἀπὸ
284 288 424 340 οἴνου
450 287 505 340 δὲ
538 288 985 359 ἐγκρατεύεσθαι.
1024 285 1253 360 Διώριζε
1280 288 1337 342 δὲ
1368 290 1485 360 ἅμα
1506 290 1568 342 τὰ

1746 293 2031 364 thagoras.
2067 294 2212 349 ldem
2245 310 2366 365 quae
2398 295 2468 349 ab
2501 295 2629 348 luna
2665 308 2884 350 sursum
2909 301 3129 364 patent,
3160 295 3258 350 im-

52 387 127 443 ἀπὸ
150 381 379 450 σελήνης,
405 381 499 433 καὶ
522 381 589 433 τὰ
615 382 727 434 ἄνω
755 381 1000 435 ἀθάνατα
1028 380 1222 448 λέγων,
1253 380 1322 433 τὰ
1348 382 1404 433 δὲ
1442 382 1573 435 ὑπο-

48 480 158 532 κάτω
192 471 369 541 θνητὰ,
421 471 830 540 μεταγγισμούς
872 489 929 523 τε
959 471 1146 542 ψυχῶν
1172 472 1281 524 ἀπὸ
1307 473 1573 542 σωμάτων

47 576 102 630 εὶς
122 565 337 634 σώματα,
362 562 489 632 ἄχρι
516 561 667 626 ζώων
694 564 787 616 καὶ
810 564 1115 616 κνωδάλων.
1144 563 1358 634 Σιωπὴν
1380 564 1436 616 δὲ
1457 565 1573 633 ἅμα

44 661 186 714 ἁςκεῖν
207 656 294 707 ἐπὶ
319 655 507 725 χρόνον
531 654 690 707 πέντε
709 655 846 707 ἐτῶν
876 655 1141 709 ἐδίδασκε.
1170 656 1243 708 Τὸ
1268 656 1572 709 τελευταῖον

43 753 81 805 δὲ
102 748 261 802 ἑαυτὸν
288 747 406 799 θεὸν
451 746 719 816 ὠνόμασε,

95 840 400 894 Πλατωνικοὶ
428 839 581 905 Θεὸν,
608 839 702 892 καὶ
727 833 889 901 εἶδος,
915 840 1007 892 καλ⁵
1034 838 1124 892 τὸν
1153 838 1356 908 κόσμον
1383 855 1573 909 γεννη-

41 938 107 987 τὸν
130 933 206 986 καὶ
234 931 472 1003 φθαρτὸν
506 932 771 1004 ὑπάρχον,
820 933 919 1002 τὴν
952 932 1129 1006 ψυχὴν
1166 932 1223 985 δὲ
1256 932 1569 1001 ἀγέννητον,

39 1028 108 1081 καὶ
132 1024 400 1091 ἀθάνατον,
440 1026 535 1078 καὶ
574 1026 741 1079 θείαν.
778 1021 930 1079 Εἶναι
955 1026 1012 1079 δὲ
1056 1025 1227 1095 αὐτῆς
1250 1024 1376 1097 τρία
1407 1025 1568 1095 μέρη,

38 1118 237 1187 λογικὸν,
274 1116 534 1188 θυμικὸν,
578 1116 993 1189 ἐπιθυμητικόν.
1049 1118 1160 1181 Τὰς
1206 1117 1263 1170 δὲ
1309 1122 1572 1187 γυναῖκας

37 1211 181 1273 κοινὰς
206 1213 316 1273 τοῖς
339 1212 473 1263 πᾶσι
508 1209 775 1278 γίνεσθαι,
800 1211 895 1263 καὶ
925 1210 1128 1281 μηδένα
1151 1210 1277 1280 μίαν
1302 1209 1447 1280 ἔχειν
1476 1226 1573 1279 ya-

38 1307 168 1375 μετῆν
207 1302 359 1367 ἰδίαν,
399 1302 535 1356 ἀλλὰ
585 1302 713 1367 τοὺς
751 1302 1006 1367 θέλοντας
1050 1305 1172 1365 ταῖς
1220 1302 1572 1373 βουλομέναις

36 1398 247 1451 συνεῖναι.
295 1394 687 1464 Μεταγγισμὸν
731 1394 789 1447 δὲ
820 1394 1083 1457 ὡσαύτως
1124 1393 1311 1464 ψυχῶν
1356 1395 1435 1457 εἰς
1468 1392 1571 1445 σώ-

35 1506 151 1561 ματα
174 1487 422 1557 διάφορα,
463 1488 589 1558 ἄχρι
620 1485 924 1539 κνωδάλων.
994 1486 1161 1557 Ὁμοῦ
1188 1486 1245 1539 δὲ
1289 1486 1383 1539 καὶ
1416 1485 1571 1549 θεοὺς

33 1584 82 1636 ἐκ
100 1581 176 1635 τοῦ
195 1581 309 1644 ἐνὸς
332 1580 559 1644 πολλοὺς
583 1578 925 1650 ἐδογμάτισε.

1670 386 1955 453 mortalia;
2015 402 2137 456 qua:
2187 386 2444 441 inferiora
2500 396 2648 449 sunt,
2716 387 2969 441 morta‘lia
3016 388 3252 443 dicebat.

1671 479 1897 533 Animas
1923 494 1953 533 e
1979 480 2306 548 corporibus
2346 480 2399 533 in
2432 479 2536 533 alia
2567 494 2823 550 corpora,
2854 481 3019 534 etiam
3051 482 3257 535 anima-

1671 572 1802 626 lium
1818 586 1881 625 ac
1894 566 2218 637 bestiarum,
2243 572 2573 626 transfundi.
2599 572 2677 625 Ad
2700 573 2814 626 haec
2843 572 3254 642 quinquennale

1671 660 1888 715 interim
1926 663 2201 716 silentium
2240 662 2519 717 observari
2556 664 2840 733 praecepit;
2878 679 2943 718 ac
2977 673 3255 734 postremo

1672 754 1829 808 deum
1863 754 2049 807 haberi
2083 771 2141 809 se
2172 755 2368 809 voluit.

1741 844 2005 900 Platonici
2037 846 2226 911 Deum,
2257 854 2310 900 et
2346 848 2624 901 materiam
2646 887 2659 911 ,
2695 861 2759 901 ac
2786 845 3018 900 formam
3054 849 3233 903 consti

1672 949 1913 995 tuerunt.
1928 940 2188 995 Mundum
2204 942 2471 1013 genitum,
2486 956 2548 997 ac
2563 941 2903 1010 corruptioni
2919 940 3215 997 obnoxium
3236 974 3250 995 ι

1671 1034 1907 1088 animam
1956 1035 2287 1105 ingenitam,
2337 1043 2392 1090 et
2448 1034 2840 1100 immortalem,
2901 1048 2966 1088 ac
3012 1032 3253 1088 divinam

1671 1126 1922 1181 arbitrati
1961 1134 2111 1182 sunt.
2160 1125 2336 1197 Hujus
2380 1135 2493 1182 tres
2535 1140 2659 1182 esse
2703 1135 2887 1196 partes
2919 1144 2933 1179 :
2968 1139 3133 1180 unam
3172 1139 3255 1180 rae

1671 1220 1821 1275 tione
1860 1219 2175 1289 praeditam;
2223 1221 2450 1274 alteram
2493 1234 2601 1289 qua
2642 1218 2968 1285 irascimur;
3012 1219 3250 1283 tertiam,

1670 1329 1778 1383 qua
1827 1314 2291 1384 concupiscimus.
2350 1312 2682 1367 Communes
2741 1313 2997 1374 omnibus
3056 1325 3256 1366 uxores

1671 1420 1794 1460 esse
1827 1405 2030 1471 voluit;
2068 1420 2226 1458 nemo
2256 1412 2315 1457 ut
2346 1408 2610 1474 privatam
2644 1403 2938 1466 obtineret,
2972 1417 3036 1457 ac
3067 1402 3257 1473 praeci-

1672 1509 1869 1563 puam;
1905 1492 2000 1549 sed
2033 1503 2085 1547 ut
2126 1495 2359 1564 quilibet
2387 1509 2619 1562 «piarum
2650 1494 2811 1551 vellet
2841 1493 3054 1563 copiam
3092 1483 3255 1548 habe-

1672 1598 1775 1643 ret.
1802 1587 1944 1643 ldeni
1970 1589 2277 1643 animarum
2307 1589 2359 1641 in
2387 1589 2535 1641 varia
2568 1603 2821 1657 corpora.
2856 1588 3021 1642 etiam
3052 1588 3255 1642 bestia-

1603 1684 1646 1739 B
1675 1695 1818 1745 rum,
1845 1681 2109 1735 transitus
2138 1680 2456 1733 allirmabat.
2502 1679 2639 1734 Deos
2678 1680 2913 1749 denique
2942 1680 3256 1748 complures

78 1870 289 1923 Στωϊκοὶ
322 1869 481 1941 σῶμα
518 1868 581 1921 τὸ
605 1870 715 1921 πᾶν
746 1865 1183 1938 δογματίζοντες,
1220 1865 1314 1919 καὶ
1354 1865 1445 1919 τὸν
1484 1864 1569 1919 αἰ-

29 1960 187 2031 σθητὸν
203 1959 392 2012 τοῦτον
408 1958 611 2030 κόσμον
626 1957 760 2011 Θεὸν
778 1956 1106 2027 νομίζοντες.
1130 1955 1284 2018 Τινὲς
1304 1954 1359 2007 δὲ
1386 1956 1450 2005 ἐκ
1470 1954 1569 2024 τῆς

29 2052 95 2106 τοῦ
122 2052 283 2123 πυρὸς
306 2051 495 2113 οὐσίας
518 2049 615 2121 τὴν
650 2050 809 2119 φύσιν
838 2048 982 2119 ἔχειν
1005 2048 1167 2102 αὑτὸν
1199 2047 1564 2119 ἀπεφήναντο.

29 2144 110 2197 Καὶ
133 2143 216 2195 τὸν
241 2143 339 2212 μὲν
357 2141 488 2195 Θεὸν
509 2141 634 2196 νοῦν
650 2142 911 2212 ὁρίζουσι,
943 2140 1038 2192 καὶ
1060 2138 1135 2202 ὡς
1160 2130 1337 2209 ψυχὴν
1370 2138 1569 2200 παντὸς

29 2236 92 2289 τοῦ
119 2236 261 2298 ὸντος
290 2233 510 2299 κύτους,
553 2232 783 2304 ούρανοῦ
811 2233 906 2286 καὶ
934 2232 1039 2301 γῆς
1060 2248 1073 2261 ·
1113 2231 1272 2300 σῶμα
1313 2228 1370 2283 δὲ
1401 2229 1568 2284 αὐτοῦ

29 2326 65 2381 τὸ
93 2330 210 2391 πᾶν,
251 2327 327 2389 ὼς
364 2325 527 2397 ἔφην,
586 2327 681 2379 καὶ
718 2326 1029 2395 ὀφθαλμοὺς
1075 2325 1201 2388 τοὺς
1253 2325 1564 2396 φωστῆρας.

29 2420 105 2490 [ὴν
118 2420 172 2473 δὲ
192 2420 372 2491 σάρκα
392 2419 608 2472 πάντων
629 2417 981 2477 ἀπόλλυσθαι,
1007 2418 1099 2470 καὶ⁵
1118 2417 1216 2487 τὴν
1234 2416 1410 2487 ψυχὴν
1434 2416 1570 2469 πάν-

29 2529 100 2564 πυν
128 2510 553 2582 μεταγγεζεσθαι
580 2510 687 2565 ἀπὸ
714 2509 964 2581 σώματος
988 2512 1069 2572 εἰς
1096 2508 1271 2579 σῶμα.

79 2686 434 2758 Ἐπικούρειοι
464 2688 644 2758 ἄτομα
671 2687 765 2740 καὶ
789 2686 968 2757 ἀμερῆ
1000 2683 1568 2755 σιτ)ματα,ηὸμοιομερῆ

30 2796 53 2831 's
80 2781 165 2833 καὶ
192 2781 400 2852 ἄπειρα
431 2780 531 2850 τὴν
560 2778 733 2850 ἀρχὴν
771 2774 911 2831 εἶναι
938 2776 1046 2830 τῶν
1086 2776 1301 2830 πάντων
1330 2776 1567 2845 ὑπεστή-

29 2889 164 2935 rev-co,
204 2873 303 2926 καὶ
335 2873 490 2937 τέλος
522 2868 662 2925 εἶναι
700 2871 1045 2942 εὐδαιμονίας
1086 2870 1184 2940 τὴν
1221 2868 1413 2939 ἡδονὴν
1458 2869 1570 2922 ἐδο-

29 2966 272 3034 pittacia,
296 2966 397 3019 καὶ
421 2967 559 3037 μήτε
575 2966 707 3019 Θεὸν
731 2965 866 3035 μήτε
890 2964 1152 3035 Πρόνοιαν
1178 2960 1249 3015 τὰ
1271 2962 1570 3033 πράγματα

30 3061 217 3110 ιοικείν.

60 3147 515 3219 Σαμαρειτισμὸς,
559 3146 652 3201 καὶ
692 3149 739 3200 oi
780 3146 872 3201 ἀπ’
919 3146 1083 3199 αὐτοῦ
1126 3147 1486 3216 Σαμαρεῖται,
1539 3144 1568 3198 ὅ

30 3254 128 3290 στιν
157 3241 264 3292 ἀπὸ
304 3238 670 3310 Ἰουδαῖσμοῦ,
693 3238 799 3310 πρὸ
824 3237 923 3308 μὲν
940 3237 1034 3291 τοῦ
1057 3236 1392 3306 καταστῆναι
1418 3235 1571 3305 αἱρέ-

30 3347 96 3393 εις
126 3334 203 3394 εἰς
233 3331 532 3401 Ἕλληνας,
565 3332 657 3383 καί
704 3331 809 3402 πρὸ
839 3330 933 3383 τοῦ
969 3330 1235 3401 συστῆναι
1278 3330 1455 3385 αὐτῶν
1501 3330 1571 3386 τὰ

29 3423 217 3491 ὃγματα
240 3440 256 3452 ο
298 3421 445 3493 μετὰ
470 3422 528 3475 δέ
552 3422 645 3474 τοῦ
669 3417 806 3475 εἶναι
837 3420 1105 3493 Ἑλλήνων
1128 3423 1228 3493 τὴν
1252 3422 1565 3493 θρησκείαν,

30 3514 75 3563 αἰ
110 3515 274 3583 μέσον
321 3514 424 3566 τοῦ
484 3514 819 3584 Ἰουδαῖσμοῦ
867 3515 967 3583 τὴν
1007 3512 1279 3584 πρόφασιν
1308 3513 1565 3583 εἰληφὼς,

29 3604 83 3655 πὸ
126 3605 232 3657 τῶν
263 3605 485 3675 χρόνων
520 3603 992 3676 Ναϐουχοδονόσορ
1032 3605 1125 3658 καὶ
1164 3605 1263 3676 τῆς
1296 3603 1403 3657 τῶν
1436 3605 1566 3657 Ἰου-

29 3695 135 3749 ιίων
156 3697 568 3768 αἰχμαλωσίας.
602 3696 860 3750 Μέτοικοι
881 3697 935 3750 δὲ
957 3697 1108 3760 ὄντες
1137 3697 1245 3751 ἀπὸ
1272 3696 1568 3769 Ἀσσυρίων

32 3807 55 3851 ς
81 3792 174 3859 τὴν
211 3790 510 3853 Ἰουδαίαν,
541 3790 633 3843 καὶ
667 3788 925 3853 λαὸόντες
956 3790 1053 3861 τὴν
1083 3790 1450 3858 Πεντὰτευχον
1483 3790 1571 3859 μόο

29 3896 71 3949 ιν
111 3882 428 3947 Μωῦσέως,
466 3880 560 3934 τοῦ
602 3879 867 3951 βασιλέως
921 3881 1105 3944 αὐτοῖς
1153 3879 1569 3943 ἀποστείλαντος

29 3973 79 4025 τὸ
113 3974 452 4039 Βαϐυλῶνος
489 3972 580 4027 διὰ
629 3974 818 4045 ἱερέως
853 3972 1059 4043 Ἔσδρα
1102 3972 1456 4042 καλουμένου,
1502 3972 1571 4026 τὰ

29 4063 143 4116 ἑντα
164 4064 399 4136 ἔχοντές
426 4065 566 4117 εἰσιν
589 4063 879 4127 Ἰουδαίων,
904 4062 1044 4132 πλὴν
1063 4062 1158 4115 τοῦ
1193 4060 1570 4133 βδελύττεσθαι

29 4158 208 4229 ιὲθνη,
257 4159 365 4211 καὶ
422 4158 561 4227 μήτε
604 4156 937 4228 προσψαύειν
968 4154 1150 4218 τινῶν,
1185 4156 1279 4208 καὶ
1299 4153 1437 4226 πλὴν
1474 4154 1569 4206 τοῦ

29 4250 248 4304 ῑνεῖσθαι
289 4248 519 4320 νεκρῶν
557 4249 871 4315 ἀνάστασιν,
908 4247 1005 4311 τὰς
1044 4246 1209 4309 ἄλλας
1236 4245 1571 4318 προφητείας

30 4359 62 4402 ις
113 4343 254 4412 μετὰ
299 4339 578 4396 Μωῦσέα.
633 4339 987 4412 Σαμαρειτῶν
1020 4338 1077 4391 δὲ
1129 4338 1256 4410 ἔθνη
1304 4338 1569 4407 τέσσαρα,

29 4433 245 4503 ιρθηνοὶ,
286 4436 342 4486 οἱ
398 4436 460 4486 ἐν
500 4432 678 4497 ἄλλοις
703 4435 915 4504 καιροῖς
958 4433 1057 4495 τὰς
1106 4432 1299 4502 ἑορτὰς
1346 4431 1569 4500 ἄγοντες

30 4527 108 4595 ιρὰ
129 4530 258 4591 τοὺς
291 4526 596 4597 Έὸραίους
615 4543 627 4556 ·
666 4525 963 4587 Σεϐουαῖοι,
990 4526 1039 4577 οἱ
1072 4524 1159 4578 διὰ
1190 4523 1359 4594 αὐτὴν
1387 4524 1567 4576 αἰτίαν

30 4616 71 4667 ἂν
96 4619 303 4689 ἑορτῶν
328 4619 483 4690 πρὸς
515 4619 640 4682 τοὺς
659 4618 962 4690 Γορθηνοὸς
995 4616 1401 4687 διαφέρομενοι’
1446 4616 1568 4667 Ἐσ-

30 4713 132 4779 poi,
163 4712 293 4784 μηδ’
317 4712 620 4784 ὁποτέροις
642 4709 1062 4781 ἐναντιούμενοι,
1081 4712 1193 4773 τοῖς
1209 4710 1265 4762 δὲ
1288 4726 1563 4779 παρατυγο

29 4822 177 4858 ινουσι
230 4804 710 4879 συνεορτάζοντες
757 4805 1091 4875 ἀδιαφόρως·
1147 4804 1418 4869 Δοσίθεοι,
1458 4806 1569 4867 τοῖς

36 4900 136 4961 τοῖς
174 4899 394 4962 ἔθεσιν,
444 4895 539 4952 οἷα
564 4898 629 4969 δὴ
670 4900 1025 4970 Σαμαρεῖται,
1065 4898 1563 4968 ἐμπολιτευόμενοι,

30 4996 225 5061 κριτομῇ
259 5010 325 5045 τε
366 4991 478 5045 καὶ
506 4990 773 5060 Σαϐϐάτῳ
803 4991 897 5043 καὶ
924 4992 1035 5053 τοῖς
1064 4989 1264 5052 ἄλλοις,
1295 4988 1566 5060 χρώμενοί

53 5085 111 5151 τῇ
149 5081 542 5151 Πεντατεύχῳ
564 5097 579 5111 ο
630 5080 1009 5151 περιττότερον
1041 5079 1097 5132 δὲ
1124 5079 1232 5132 τῶν
1264 5080 1435 5133 ἄλλων
1464 5098 1567 5148 (pu-

32 5190 235 5239 ττοντες
267 5176 334 5228 τὸ
381 5173 700 5243 ἀπέχεσθαι
749 5169 1028 5243 ἐμψύχων.
1065 5172 1156 5224 καὶ
1194 5174 1250 5224 ἐν
1293 5173 1565 5239 νηστείαις

44 5272 433 5343 συνεχέστατα
472 5268 623 5338 βιοῦν
645 5285 656 5296 ·
695 5268 874 5339 ἔχουσι
896 5267 952 5319 δὲ
984 5266 1078 5319 καὶ
1101 5265 1396 5336 παρθενίαν
1424 5265 1566 5325 τινες

30 5365 151 5424 τῶν,
177 5361 636 5435 ἐγκρατεύονται
659 5360 716 5413 δὲ
742 5359 912 5424 ἄλλοι,
939 5356 1253 5410 πιστεύουσί
1272 5373 1330 5409 τε
1360 5354 1567 5427 νεκρῶν

30 5459 268 5526 ἅπασιν,
304 5458 466 5527 ὅπερ
502 5452 647 5519 ξένον
668 5453 785 5506 ἐστὶ
808 5451 1193 5523 Σαμαρείταις.

1596 3095 1638 3153 C

1603 4476 1648 4533 Ι)

1675 1773 1743 1829 ab
1774 1787 1883 1827 uno
1908 1787 2032 1828 esse
2066 1772 2383 1842 productos.

1748 1862 1920 1919 Stoici
1949 1879 2149 1934 corpus
2184 1866 2498 1921 universum
2552 1880 2675 1921 esse
2709 1864 2996 1929 deﬁniunt,
3026 1872 3079 1919 et
3103 1878 3256 1934 aspe-

1676 1954 1927 2011 ctabilem
1950 1956 2096 2011 hunc
2125 1957 2387 2011 mundum
2424 1956 2593 2011 Deum
2632 1973 2755 2013 esse
2800 1966 3065 2011 statuunt.
3105 1955 3255 2011 Nona

1676 2048 1809 2102 nulli
1844 2048 2009 2103 etiam
2050 2064 2113 2103 ex
2156 2049 2278 2119 igne
2314 2058 2566 2103 naturam
2597 2050 2743 2104 illius
2778 2060 3030 2105 constare
3065 2048 3257 2104 defen-

1675 2141 1834 2195 dunt.
1866 2140 2037 2196 Deum
2067 2143 2268 2214 quippe
2293 2151 2530 2198 mentem
2563 2158 2687 2199 esse
2716 2150 2929 2214 putant,
2955 2152 3020 2198 ac
3050 2142 3252 2198 vastis-

1676 2234 1828 2289 sima:
1859 2234 2025 2290 totius
2052 2236 2233 2299 molis,
2260 2235 2384 2290 οωιί
2409 2244 2677 2306 terraeque
2696 2236 2967 2299 videlicet,
2990 2234 3251 2290 animam.

1675 2321 1848 2390 Cujus
1875 2336 2077 2392 corpus
2098 2362 2113 2387 ,
2155 2331 2213 2376 ut
2255 2323 2405 2386 dixi,
2447 2333 2620 2379 totum
2662 2324 2765 2379 hoc
2796 2325 2867 2381 sit
2897 2324 3211 2380 universum
3232 2360 3253 2390 ,

1675 2415 1821 2469 oculi
1871 2430 2003 2469 vero
2051 2416 2251 2470 sidera.
2326 2417 2581 2473 Omnium
2634 2418 2860 2473 interire
2909 2432 3152 2485 carnem,
3198 2425 3256 2473 et

1676 2507 1915 2562 animam
1952 2511 2009 2563 in
2050 2508 2266 2565 diversa
2302 2512 2539 2567 transire
2582 2525 2812 2582 corpora
2872 2511 2976 2567 sibi
3026 2526 3255 2582 persua-

1675 2597 1825 2653 dent.

1747 2683 2001 2756 Epicurei
2041 2696 2254 2744 atomos
2289 2698 2344 2745 et
2386 2688 2662 2744 individua
2707 2706 2935 2761 corpora
2985 2692 3257 2748 similibus

1676 2776 1984 2831 constantia
2037 2780 2307 2847 partibus,
2368 2791 2420 2834 et
2475 2781 2708 2849 infinita,
2764 2798 2946 2837 rerum
3007 2783 3251 2837 omnium

1675 2866 2022 2937 principium,
2077 2884 2200 2925 esse
2255 2871 2578 2926 docuerunt.
2637 2870 2921 2926 Summum
2961 2872 3164 2927 bonum
3193 2872 3253 2926 in

1676 2958 1953 3029 voluptate
1977 2970 2280 3031 posuerunt
2306 2962 2520 3018 :Deum
2555 2979 2619 3018 ac
2646 2963 3051 3020 Providentiam
3074 2966 3144 3020 ab
3163 2981 3253 3020 re-

1677 3068 1797 3107 rum
1819 3052 2291 3109 administratione
2313 3057 2676 3111 sustulerunt.

1750 3143 2196 3212 Samaritismus,
2233 3154 2287 3202 et
2322 3145 2627 3202 Samaritae.
2669 3146 2845 3216 Hujus
2878 3147 2947 3202 ab
2970 3146 3253 3204 Judaismo

1669 3235 1823 3305 origo
1861 3235 2171 3302 deducitur,
2220 3251 2343 3306 quae
2387 3248 2660 3293 seetarum
2709 3237 2852 3307 apud
2900 3236 3119 3293 Graecos
3165 3237 3251 3293 di-

1668 3326 1882 3387 vortiis,
1908 3334 1963 3381 et
1993 3341 2181 3381 earum
2211 3326 2447 3383 decretis
2489 3343 2553 3383 ac
2585 3329 2933 3400 dogmatibus
2976 3323 3249 3401 antiquior

1668 3427 1772 3474 est.
1809 3418 2122 3473 Graecorum
2168 3435 2330 3489 porro
2373 3421 2817 3491 superstitionem
2859 3423 3161 3492 complexa,
3196 3432 3253 3478 et

1668 3525 1792 3565 cum
1832 3509 2075 3566 Judaicis
2108 3512 2448 3583 dogmatibus
2480 3513 2662 3583 aliqua
2707 3530 2774 3569 ex
2796 3522 2949 3584 parte
2987 3515 3244 3581 miscens,

1670 3597 1762 3650 illa
1793 3607 1941 3652 secta
1978 3599 2125 3652 circa
2155 3597 2685 3653 Nabuchodonozori
2724 3607 2778 3655 et
2806 3598 3047 3663 Judaicze
3069 3600 3246 3671 capti-

1669 3688 1853 3743 vitatis
1893 3697 2135 3758 tempora
2170 3689 2398 3760 prodiit.
2439 3687 2605 3743 Primi
2643 3700 2805 3744 sectae
2833 3689 3146 3745 conditores
3182 3705 3251 3746 ex

1669 3780 1911 3851 Assyriis
1940 3781 1992 3834 in
2031 3779 2271 3836 Judaeam
2318 3782 2675 3852 transportati
2712 3782 2955 3852 quinque
2983 3781 3252 3838 duntaxat

1672 3872 1872 3945 Moysis
1901 3873 2069 3929 libros
2096 3883 2444 3944 acceperunt,
2486 3891 2624 3945 quos
2661 3891 2759 3946 per
2796 3874 3025 3930 Esdram
3070 3889 3251 3930 sacer-

1670 3961 1849 4017 dotem
1879 3978 1971 4017 rex
1999 3962 2067 4015 ad
2113 3962 2236 4017 illos
2269 3962 2542 4035 Babylone
2572 3964 2920 4019 submiserat.
2942 3949 3127 4033 Itaque
3146 3978 3252 4018 caa-

1670 4062 1785 4111 tera
1825 4054 2030 4110 habent
2059 4070 2183 4109 cum
2212 4054 2419 4111 Judaais
2447 4057 2758 4111 communia
2788 4073 2803 4110 :
2854 4056 2901 4112 si
2946 4055 3051 4111 hoc
3078 4071 3251 4110 unum

1671 4148 1932 4217 excipias,
1969 4147 2113 4219 quod
2131 4158 2185 4203 et
2206 4156 2394 4218 gentes
2429 4149 2834 4215 abominentur,
2868 4164 3045 4220 neque
3060 4164 3248 4219 quem-

1671 4254 1833 4308 quam
1874 4239 2189 4310 contingere
2231 4240 2399 4293 velint
2433 4258 2444 4293 :
2481 4239 2732 4309 quodque
2774 4247 3113 4294 mortuorum
3160 4253 3250 4293 re.

1674 4332 2099 4394 surrectionem,
2148 4347 2211 4385 ac
2259 4342 2485 4387 czcteras
2514 4342 2637 4401 post
2672 4330 2895 4402 Moysen
2934 4329 3250 4401 prophetias

1674 4426 1948 4496 rejiciunt.
1980 4424 2445 4479 Samaritanorum
2471 4433 2555 4480 est
2585 4425 2749 4480 factio
2774 4425 2948 4481 divisa
2977 4426 3032 4479 in
3066 4432 3251 4495 partes

1675 4530 1930 4589 quatuor.
1963 4518 2130 4573 Primi
2161 4528 2291 4577 sunt
2318 4517 2605 4584 Gortlieni,
2641 4517 2733 4587 qui
2762 4516 2932 4571 festos
2958 4515 3075 4571 dies
3101 4514 3251 4579 aliis,

1676 4629 1835 4683 quam
1889 4611 2117 4675 Hebraei,
2151 4610 2488 4679 temporibus
2538 4608 2806 4662 indicunt.
2858 4605 2965 4659 Alii
3017 4603 3253 4671 Sebua‘i,

1676 4706 1769 4773 qui
1820 4703 1889 4758 nb
1941 4704 2184 4757 eamdem
2241 4703 2501 4755 festorum
2555 4701 2768 4754 dierum
2827 4698 3174 4752 occasionem
3221 4711 3255 4749 a

1677 4796 1970 4851 Gortlienis
2034 4794 2388 4849 dissentiunt.
2450 4791 2620 4847 Tertii
2676 4798 2805 4847 sunt
2867 4788 3095 4855 Esscni,
3158 4788 3251 4858 qui

1678 4886 1855 4942 neutri
1885 4887 2027 4956 parti
2068 4896 2395 4956 repugnant,
2431 4884 2525 4941 sed
2562 4898 2686 4938 cum
2728 4883 2817 4947 iis,
2853 4883 2910 4937 in
2941 4896 3080 4951 quos
3116 4880 3256 4934 inci-

1676 4980 1876 5046 derint,
1921 4981 2040 5035 sine
2098 4980 2207 5033 ullo
2269 4978 2587 5033 discrimine
2636 4977 2772 5031 festa
2818 4981 3102 5046 peragunt.
3148 4971 3255 5024 Po-

1677 5073 1860 5125 stren.i
1887 5080 2015 5125 sunt
2035 5069 2271 5124 Dosithei
2294 5088 2305 5123 :
2328 5068 2420 5138 qui
2439 5067 2653 5131 iisdem,
2672 5067 2874 5137 quibus
2895 5064 3252 5129 Samaritani,

1677 5163 1939 5217 institutis
1966 5170 2195 5215 utuntur
2234 5179 2245 5213 :
2274 5160 2753 5214 circumcisionem
2773 5199 2788 5225 ,
2820 5158 3150 5220 Sabbatum,
3189 5171 3255 5212 ac

1673 5264 1888 5319 caetera,
1947 5256 2241 5324 itidemque
2290 5251 2719 5308 Pentateucbum
2767 5250 3048 5306 adhibent.
3102 5247 3252 5303 Prae-

1674 5350 1833 5420 cipue
1869 5364 2019 5415 vero,
2059 5364 2121 5402 ac
2166 5363 2276 5418 pra:
2327 5348 2555 5420 reliquis
2598 5347 2856 5405 omnibus
2884 5344 2988 5400 sibi
3028 5344 3097 5397 ab
3134 5343 3253 5394 ani—

1675 5442 1834 5496 matis
1872 5448 2196 5511 temperant,
2239 5456 2303 5496 ac
2339 5450 2602 5513 perpetuo
2643 5440 2756 5495 fere
2797 5437 3071 5509 jejunant.
3111 5432 3255 5486 Sunt

30 5564 93 5603 ter
129 5554 279 5617 illos,
330 5552 438 5621 qui
483 5547 853 5619 virginitatem
899 5548 1106 5614 colunt,
1156 5544 1249 5600 alii
1294 5543 1705 5599 continentiam.
1735 5539 2163 5596 Resurrecturos
2224 5554 2347 5593 esse
2398 5548 2642 5595 mortuos
2678 5537 2945 5601 credunt;
3008 5530 3155 5602 quod
3224 5540 3257 5583 α

30 5648 453 5703 maritanorum
491 5641 746 5713 dogmate
781 5641 1060 5698 abhorret.

274 5744 581 5801 PATROL.
618 5740 731 5795 (in.
771 5734 933 5797 XLI.

2934 5713 2986 5793 6.
