3766 6308
464 244 560 298 Ui

463 454 594 523 legis
623 452 804 522 periti,
829 461 882 507 ct
910 452 1265 506 traditionum
1286 495 1301 519 ,
1326 470 1462 523 quas
1484 469 1515 507 a
1561 454 1861 523 majoribus
1885 468 2039 509 acce-

463 550 655 611 perant
685 540 1059 613 (δευτερώσεις
1100 544 1409 614 vocabant),
1448 544 1827 620 observatores
1868 544 2040 610 fuere,

464 647 527 685 ac
556 632 694 687 ritus
722 648 915 689 omnes
957 636 1394 705 superstitiosius
1424 635 1635 690 caeteris
1654 675 1668 699 ,
1705 636 2045 707 diligentius-

461 738 568 793 que
601 733 939 779 tenuerunt:
987 742 1127 796 quos
1175 740 1283 780 non
1335 742 1364 781 e
1412 728 1527 796 lege
1566 725 1899 795 didicerant,
1950 728 2043 783 scd

462 815 841 886 sibimetipsis,
873 825 1132 888 tanquam
1159 818 1387 887 justitia:
1423 819 1558 890 legis
1589 819 1897 891 singulares
1927 823 2045 876 cul-

461 919 573 977 tus,
608 926 672 966 ac
701 914 1056 968 caaremonias
1086 913 1413 968 indixerant.

533 1001 814 1068 Pharisaei,
839 1018 978 1073 quos
1004 1014 1302 1074 segregatos
1346 1006 1693 1076 interpretari
1721 1006 1922 1077 possis,
1951 1006 2045 1078 qui

460 1094 868 1150 sanctissimam
893 1096 1014 1150 vita:
1048 1098 1311 1152 rationem
1343 1098 1598 1167 professi,
1634 1100 1906 1168 probitate
1937 1115 2044 1154 ca:-

462 1184 596 1240 teris
626 1186 947 1241 antecellere
975 1186 1321 1241 videbantur.
1366 1186 1703 1242 Mortuorum
1752 1190 1894 1259 apud
1924 1189 2046 1244 illos

463 1280 824 1343 resurrectio,
852 1287 911 1337 ut
938 1287 991 1335 et
1025 1279 1169 1349 apud
1201 1280 1453 1344 Scribas,
1492 1280 1804 1335 defenditur
1833 1301 1847 1337 :
1884 1282 2046 1339 iidem

458 1372 724 1441 angelos,
778 1386 841 1427 ac
872 1371 1134 1442 Spiritum
1185 1380 1436 1426 sanctum
1495 1388 1619 1429 esse
1669 1390 1777 1428 non
1822 1383 2043 1445 negant.

464 1462 602 1519 Vitae
622 1464 884 1520 eximium
920 1465 1229 1520 institutum
1262 1480 1373 1534 pra}
1406 1481 1464 1521 se
1502 1466 1701 1521 ferunt.
1746 1467 2048 1523 Continen-

462 1557 596 1610 tiam
641 1564 852 1611 certum
898 1555 965 1611 ad
1021 1566 1268 1626 tempus,
1300 1572 1363 1611 ac
1414 1558 1777 1627 virginitatem
1831 1575 2048 1631 quoque

465 1649 793 1719 suscipiunt.
829 1648 917 1705 Bis
944 1649 1281 1705 hebdomade
1298 1664 1515 1720 quaque
1535 1650 1806 1720 jejunare,
1831 1669 2045 1718 urceos,

1201 234 1539 298 EPlPllANll
1565 239 1901 299 RESCRIPT
1913 242 2005 299 ΠΜ
2030 242 2125 296 AD
2147 242 2455 300 .ACACIUM
2495 241 2582 300 ET
2620 243 2901 301 PAULUM

533 358 842 414 Iudaeorum
860 366 1021 415 secta:
1040 375 1268 415 numero
1291 370 1496 432 septem
1532 365 1609 417 Ac
1627 365 1802 433 primo
1821 361 2044 428 Scribre,
2079 368 2120 423 Α

3616 257 3716 312 172

2235 362 2501 416 Ἰουδαίων
2532 364 2769 434 αἱρέσεις
2801 363 2970 417 ἐπτά’
2998 364 3363 437 Γραμματεῖς,
3404 366 3602 430 οἵτινες
3635 390 3717 423 νο-

2154 457 2304 526 μικοὶ
2340 456 2444 526 μὲν
2475 452 2655 527 ἦσαν,
2710 458 2804 509 καὶ
2852 457 3180 527 δευτερωταὶ
3225 458 3575 529 παραδόσεων
3613 462 3719 513 τῶν

2151 549 2281 617 παρ’
2310 547 2491 610 αὐτοῖς
2524 548 2929 619 πρεσϐυτέρων,
2962 552 3025 619 τῇ
3054 550 3403 620 περιττοτέρᾳ
3433 546 3719 622 ἐθελοθρη-

2154 636 2307 708 σκεία
2330 637 2425 707 ἔθη
2458 638 2837 706 φυλάττοντες,
2879 639 2913 692 ἃ.
2941 637 3000 692 ὀύ
3033 639 3121 692 διὰ
3152 640 3244 693 τοῦ
3273 641 3434 711 νόμου
3472 643 3723 712 μεμαθή·

2152 748 2329 794 κασιν,
2363 731 2477 784 ἀλλ’
2505 733 2717 795 ἑαυτοῖς
2750 732 3036 785 ὲτύπωσαν
3071 733 3391 805 σεϐάσματα
3410 734 3721 805 δικαιώμα-

2148 839 2241 885 τος
2270 823 2365 893 τῆς
2398 822 2739 894 νομοθεσίας.

2220 1008 2532 1079 Φαρισαῖοι,
2587 1011 3011 1081 ἐρμηνευὸμενοι
3072 1010 3492 1081 ἀρωρισμέιιὉι,
3551 1014 3605 1064 οἱ
3666 1011 3724 1065 τὸ

2151 1101 2451 1171 ἀκρότατον
2488 1102 2748 1171 βιοῦντες,
2789 1104 2881 1155 καὶ
2906 1103 3062 1175 δῆθεν
3089 1106 3193 1156 τῶν
3224 1104 3397 1157 ἄλλων
3424 1104 3724 1174 δοκιμώτε-

2155 1209 2257 1264 ροι·
2288 1192 2418 1264 παρ’
2454 1189 2536 1256 οἷς
2576 1195 2668 1247 καὶ
2708 1195 2917 1265 νεκρῶν
2958 1185 3270 1257 ἀνάστασις,
3315 1195 3391 1259 ὡς
3430 1198 3526 1249 καὶ
3571 1196 3727 1267 παρά

2152 1284 2261 1345 τοῖς
2291 1284 2718 1354 Γραμματεῦσι,
2757 1286 2850 1338 καὶ
2882 1288 2914 1356 ή
2948 1286 3074 1356 περὶ
3107 1286 3369 1353 ἀγγέλων,
3414 1289 3510 1339 καὶ
3543 1288 3722 1339 Πνεύ-

2156 1393 2322 1445 ματος
2370 1376 2549 1445 ἁγίου,
2598 1378 2679 1431 δτι
2729 1378 2864 1442 ἔστι,
2911 1378 3325 1447 συγκατάθεσις,
3373 1379 3627 1433 πολιτεία
3669 1397 3727 1431 τε

2151 1468 2427 1541 διάφορος,
2469 1471 2766 1543 ἐγκράτεια
2801 1471 2904 1534 ἓως
2939 1472 3150 1542 χρόνου,
3186 1470 3280 1526 καὶ
3310 1471 3600 1541 παρθενῐα·
3631 1489 3727 1540 νη-

2154 1559 2304 1612 στεία
2335 1560 2392 1613 δὲ
2428 1560 2506 1625 δὶς
2544 1560 2637 1614 τοῦ
2670 1560 2969 1626 Σαϐδάτου,
3016 1560 3215 1625 ξεστῶν
3246 1563 3603 1633 καθαρισμοὶ,
3637 1562 3727 1613 καὶ

2166 1651 2406 1704 πινάκων
2434 1652 2528 1704 καὶ
2560 1651 2853 1722 ποτηρίων,
2885 1652 2959 1715 ὡς
2989 1653 3082 1705 καὶ
3106 1654 3154 1705 οἱ
3182 1654 3553 1724 Γραμματεῖς,
3595 1655 3729 1706 ἀπο-

464 1754 531 1794 ac
561 1740 770 1804 discos,
796 1749 849 1794 et
881 1741 1074 1811 pocula
1120 1743 1317 1811 sapius
1363 1744 1575 1808 eluere,
1625 1752 1681 1798 ut
1736 1752 1786 1799 et
1822 1746 2037 1811 Scriba),

2218 1741 2498 1805 κατώσεις,
2549 1744 2639 1796 καὶ
2668 1743 2933 1815 ἀπαρχαὶ,
2968 1747 3060 1798 καὶ
3098 1745 3391 1815 ὲνδελεχεῖς
3420 1745 3605 1815 εὐχαὶ,
3639 1729 3729 1797 x1":

464 1832 633 1886 soliti.
663 1831 744 1886 Ad
767 1831 882 1888 haec
924 1833 1163 1888 decimas
1198 1843 1252 1888 et
1280 1835 1545 1904 primitias
1574 1836 1800 1892 olferre:
1833 1840 2052 1894 assidue

464 1926 677 1994 precari
713 1943 727 1977 :
762 1934 942 1980 certos
981 1926 1161 1983 cultus
1190 1941 1255 1981 ac
1286 1932 1668 1999 superstitiosa
1692 1933 2048 1989 vestimento-

465 2033 589 2072 rum
618 2032 816 2088 genera
836 2019 1111 2075 curiosius
1134 2020 1387 2076 aﬂectare
1419 2040 1432 2075 :
1461 2022 1765 2091 cujusmodi
1786 2035 1913 2079 sunt
1933 2027 2052 2078 dal-

464 2106 702 2170 maticae,
749 2121 814 2161 ac
849 2108 1083 2173 colobia,
1115 2117 1170 2164 et
1204 2109 1393 2164 latiora
1425 2112 1669 2181 quaedam
1702 2113 2048 2185 phylacteria,

466 2197 573 2253 hoc
604 2206 690 2255 est
722 2207 1022 2271 segmenta,
1054 2200 1388 2273 [imbriteque
1419 2219 1738 2275 purpureae,
1774 2222 1838 2262 ac
1874 2208 2051 2263 malo-

464 2300 696 2362 granata
725 2292 795 2347 ad
833 2294 1064 2349 vestium
1091 2308 1218 2350 oras
1245 2309 1485 2365 appensa
1506 2334 1521 2355 .
1553 2311 1676 2367 qum
1712 2298 2053 2368 temporaria:

467 2384 616 2441 illius
648 2387 1003 2443 continentia:
1044 2387 1198 2457 signa
1231 2386 1608 2456 praeferebant.
1642 2387 1809 2444 Iidem
1842 2400 2051 2461 postre-

468 2488 559 2530 mo
586 2490 813 2545 geneses
849 2490 913 2531 ac
945 2474 1117 2531 fatum
1152 2476 1588 2532 introducebant.

542 2566 863 2624 Sadducaais
889 2568 958 2623 ab
991 2568 1341 2623 exactissima
1358 2567 1571 2639 justitia
1592 2583 1789 2625 nomen
1806 2580 1909 2626 est.
1942 2570 2052 2638 Qui

469 2675 500 2715 e
532 2657 1000 2715 Samaritanorum
1030 2676 1224 2732 genere
1251 2676 1281 2714 a
1312 2661 1595 2717 sacerdote
1616 2662 1854 2732 quodam
1872 2661 2053 2718 Sadoc

471 2758 648 2806 ortmn
678 2751 1007 2810 habuerunt.
1046 2751 1384 2808 Mortuorum
1413 2755 1869 2809 resurrectionem
1900 2755 2054 2809 dam-

471 2852 638 2909 nant,
678 2845 928 2916 angelum
978 2861 1043 2901 ac
1090 2846 1342 2915 spiritum
1391 2844 1638 2902 funditus
1688 2855 1916 2918 negant;
1949 2860 2053 2901 ca:-

470 2944 588 2993 tera
616 2936 926 2991 Judteorum
959 2938 1189 2993 similes.

544 3027 1029 3098 llemerobaptistaa
1052 3029 1187 3084 nihil
1216 3031 1285 3086 ab
1316 3030 1520 3086 Judmis
1552 3038 1915 3100 praeterquam
1946 3029 2052 3083 hoc

475 3137 585 3175 uno
620 3120 1023 3191 discreparunt,
1048 3122 1194 3192 quod
1214 3124 1486 3179 neminem
1509 3132 1725 3178 aeterna:
1757 3124 1878 3176 vitae
1907 3137 2055 3177 com-

476 3223 657 3284 potem
688 3230 810 3270 esse
841 3230 1002 3286 posse
1029 3213 1291 3277 dicerent,
1316 3218 1419 3272 nisi
1451 3216 1694 3288 quotidie
1725 3217 1946 3270 lavaret.

547 3305 764 3371 Osseni,
815 3322 1048 3378 quorum
1088 3323 1285 3363 nomen
1332 3310 1733 3377 procacissimos
1766 3306 2051 3378 signiﬁcat.

477 3397 581 3466 Qui
613 3416 678 3454 ex
713 3404 1034 3471 praescripto
1064 3401 1195 3471 legis
1219 3402 1399 3456 omnia
1450 3399 1754 3465 faciebant;
1787 3398 1881 3454 sed
1914 3413 2053 3468 prae-

476 3497 629 3547 terea
682 3489 994 3563 Scripturas
1036 3492 1360 3549 adhibebant
1395 3512 1408 3548 :
1444 3500 1499 3549 et
1538 3508 1602 3548 ex
1647 3492 2054 3563 posterioribus

479 3582 758 3653 prophetis
790 3583 1077 3653 plerosque
1102 3584 1441 3653 rejiciebant.

550 3674 832 3732 Nasaraeos
893 3677 1231 3730 exstinctores
1290 3676 1639 3747 interpretari
1691 3675 1903 3745 possis,
1960 3676 2053 3746 qui

483 3769 666 3824 carnis
705 3784 806 3824 usu
834 3783 1056 3837 prorsus
1094 3768 1446 3824 interdicunt.
1482 3768 1565 3822 Ah
1612 3768 1866 3822 animatis
1891 3768 2055 3823 absti-

484 3869 658 3916 nent:
691 3861 1028 3932 patriarchas
1072 3875 1292 3927 omnes,
1327 3860 1419 3930 qui
1472 3860 1527 3915 in
1573 3858 1947 3916 Pentateucho
1986 3860 2054 3915 ad

484 3953 686 4026 Moysis
749 3965 802 4009 et
850 3952 979 4009 Jesu
1036 3953 1131 4007 lilii
1162 3952 1305 4009 Nave
1358 3963 1602 4023 tempora
1666 3954 2051 4019 continentur,

486 4045 783 4108 asciscant,
816 4052 869 4099 et
898 4044 964 4099 iis
1013 4042 1173 4098 ﬁdem
1200 4042 1458 4099 adhibent
1492 4061 1505 4099 :
1548 4042 1854 4113 cujusmodi
1905 4053 2053 4109 sunt,

484 4133 740 4199 Abraam,
780 4135 929 4191 Isaac
959 4143 1012 4191 et
1033 4134 1235 4201 Jacob,
1267 4136 1444 4206 iisque
1490 4135 1801 4204 superiores
1838 4150 2052 4200 omnes,

487 4243 699 4283 necnon
746 4227 960 4299 Moyses
1000 4230 1117 4299 ipse
1148 4245 1272 4284 cum
1306 4233 1542 4291 Aarone,
1573 4235 1735 4297 atque
1765 4226 1917 4285 Jesu.
1940 4228 2057 4284 Ca:-

484 4328 661 4374 terum
697 4320 934 4390 quinque
962 4320 1053 4374 illa
1092 4320 1365 4374 volumina
1409 4318 1612 4391 Moysis
1651 4334 1773 4375 esse
1816 4334 1926 4374 non
1956 4336 2057 4391 pu-

2155 1834 2411 1903 σχήματα
2462 1834 2983 1906 ὲθελοθρησκευτικά
3023 1837 3123 1906 τῆς
3164 1837 3500 1908 ἐνδυμενίας,
3547 1838 3726 1891 Emito:

2150 1923 2250 1992 τῆς
2289 1924 2623 1994 ἀμπεχόνης,
2665 1925 2757 1978 καὶ
2797 1925 2905 1979 τῶν
2935 1926 3301 1996 δαλματικῶν,
3337 1926 3370 1996 ἢ
3413 1926 3526 1979 τῶν
3572 1928 3729 1979 κολο-

2152 2014 2305 2081 6ίων,
2363 2017 2456 2069 καὶ
2512 2016 2830 2087 πλατυσμοῦ
2870 2018 2982 2071 τῶν
3026 2018 3428 2088 φυλακτηρίων,
3474 2021 3727 2072 τουτέστι

2154 2103 2413 2174 σημάτων
2436 2104 2533 2175 τῆς
2559 2105 2859 2177 πορφύρας,
2886 2106 2980 2159 καὶ
3003 2106 3344 2176 κρασπέδων,
3369 2108 3463 2159 καὶ
3490 2109 3731 2178 ροἲσκων

2154 2194 2247 2247 ἐπὶ
2283 2196 2351 2248 τά
2388 2195 2655 2267 πτερύγια
2684 2197 2783 2268 τῆς
2817 2197 3151 2268 ἀμπεχόνης,
3186 2198 3340 2251 ἅτινα
3366 2198 3541 2251 ταῦτα
3570 2200 3731 2266 ἐτύγ-

2153 2301 2283 2354 χανε
2314 2289 2514 2355 σημεῖα
2540 2287 2637 2357 τῆς
2661 2287 2792 2359 παρ’
2819 2287 2999 2351 αὐτοῖς
3024 2290 3127 2352 ἕως
3154 2289 3345 2360 καιροῦ
3371 2291 3726 2360 ἐγκρατείας,

2152 2375 2201 2428 οἳ
2232 2377 2325 2430 καὶ
2354 2379 2747 2449 παρεισέφερον
2778 2381 2988 2448 γένεσιν
3016 2382 3111 2435 καὶ
3136 2381 3495 2451 εἱμαρμένην.

2226 2563 2595 2627 Σαδδουκαῖοι,
2627 2566 2673 2616 οἱ
2705 2565 3127 2636 ἐρμηνευόμενοι
3156 2565 3534 2631 δικαιότατοι,
3576 2571 3631 2621 οἳ
3670 2573 3729 2621 ἐκ

2151 2657 2339 2727 γένους
2370 2656 2467 2727 μὲν
2488 2652 2629 2728 ἦσαν
2661 2657 3011 2728 Σαμαρειτῶν
3035 2657 3166 2728 ὁμοῦ
3191 2658 3281 2710 καὶ
3309 2658 3495 2728 ἱερέως
3518 2660 3731 2713 Σαδοὶκ

2152 2752 2433 2820 ὀνόματος,
2470 2749 2676 2821 νεκρῶν
2708 2750 2807 2820 μὲν
2835 2751 3128 2804 ἀνάστασιν
3152 2750 3495 2823 ἀρνούμενοι,
3528 2754 3637 2805 καὶ
3662 2756 3730 2823 μὴ

2154 2841 2579 2912 παραδεχόμενοι
2622 2841 2849 2911 ἄγγελον
2895 2844 3031 2914 μήτε
3072 2842 3306 2914 πνεῦμα
3356 2844 3422 2897 τά
3453 2844 3511 2896 δὲ
3550 2848 3732 2899 πάντα

2153 2934 2303 2997 ὄντες
2342 2934 2598 2988 Ἰουδαῖοι.

2238 3026 2755 3098 Ἦμεροὸαπτισταὶ.
2790 3021 2948 3082 Οὗτοι
2978 3028 3075 3101 μὲν
3104 3029 3247 3083 κατά
3267 3031 3441 3085 πάντα
3482 3033 3732 3088 Ἰουδαῖοι

2152 3113 2313 3190 ἦσαν’
2342 3118 2578 3189 ἔφασκον
2606 3120 2662 3173 δὲ
2693 3121 2896 3192 μηδένα
2923 3119 3065 3191 ζωῆς
3088 3122 3374 3192 τυγχάνειν
3402 3125 3662 3189 αἰωνίου,
3688 3129 3732 3177 εἰ

2156 3214 2230 3284 μή
2262 3231 2315 3266 τι
2339 3213 2405 3268 ἂν
2440 3213 2560 3266 καθ’
2588 3213 2822 3284 ἑκάστην
2847 3212 3175 3284 βαπτίζοιτο.

2239 3304 2506 3374 Ὀσσηνοὶ,
2544 3304 2593 3356 οἳ
2632 3303 2695 3374 δὴ
2721 3303 3059 3373 ἱταμώτατοι
3091 3304 3509 3376 ἑρμηνεύονται.
3539 3302 3726 3361 *Ησαν

2151 3399 2208 3452 δὲ
2237 3392 2381 3452 οὗτοι
2407 3396 2473 3450 τά
2498 3396 2674 3449 πάντα
2699 3395 2839 3449 κατά
2861 3396 3025 3466 νόμον
3042 3397 3343 3461 τελοῦντες.
3371 3398 3656 3469 Ἐχρῶντο
3682 3402 3731 3455 δὲ

2154 3492 2247 3544 καὶ
2271 3490 2514 3561 Γραφαίς
2536 3488 2751 3560 ἑτέραις
2784 3487 2920 3556 μετά
2938 3488 3028 3540 τὴν
3047 3487 3228 3558 νόμον.
3266 3489 3401 3552 Τοὺς
3421 3489 3487 3542 δὲ
3512 3491 3731 3554 πλείους

2148 3583 2258 3637 τῶν
2287 3582 2577 3652 μετέπειτα
2609 3579 2903 3651 προφητῶν
2930 3580 3311 3633 ἀπεϐάλλοντο.

2220 3675 2572 3745 Νασαραῖοι,“
2610 3670 3034 3743 ἐρμηνευόμενοι
3087 3670 3413 3739 ἀφανισταί
3448 3673 3491 3724 ¹.
3544 3674 3732 3727 Πᾶσαν

2155 3762 2529 3836 σαρκοφαγίαν
2586 3759 3041 3830 ἀπαγορεύουσιν
3107 3760 3362 3831 ἐμψύχων
3419 3762 3542 3815 οὐδ’
3601 3765 3732 3826 ὅλως

2157 3854 2683 3929 μεταλαμΰάνουσιν·
2732 3852 2857 3925 ἄχρι
2913 3852 2970 3904 δὲ
3023 3852 3321 3915 Μωῡσέως,
3383 3855 3483 3906 καὶ
3560 3857 3729 3926 ’1ησεῦ

2152 3946 2245 4001 τοῦ
2287 3946 2444 4016 Ναυῆ
2490 3948 2601 4008 τοῖς
2641 3945 2698 3997 ὲν
2736 3948 2802 4015 τῇ
2844 3942 3199 4015 Πεντατεύχῳ
3264 3944 3438 4012 ἁγίοις
3497 3947 3729 4018 ὀνόμασι

2155 4038 2506 4111 πατριαρχῶν
2558 4036 2888 4107 κεχρημένοι
2931 4052 2991 4089 τε
3034 4036 3127 4088 καὶ
3176 4036 3552 4099 πιστεύοντες·
3595 4041 3730 4107 φημὶ

2154 4132 2211 4184 δὲ
2266 4130 2548 4203 Ἀϐραὰμ,
2613 4130 2706 4183 καὶ
2766 4128 2979 4193 Ἰσαὰκ,
3028 4129 3123 4182 καὶ
3185 4127 3396 4192 Ἰακὼϐ,
3436 4132 3569 4184 “κα“ι
3630 4132 3730 4183 τῶν

2156 4224 2433 4288 ἀνωτάτω,
2486 4226 2579 4275 καί
2628 4220 2791 4275 αὑτοῦ
2840 4220 3139 4285 Μωῦσέως,
3189 4220 3282 4273 καὶ
3342 4220 3590 4291 ’Λαρὼν,
3646 4224 3729 4274 καὶ

2168 4317 2362 4389 Ἰησοῦ.
2411 4316 2521 4379 Τὰς
2558 4316 2613 4368 δὲ
2657 4315 2759 4384 τῆς
2805 4312 3174 4383 Πεντατεύχου
3204 4312 3417 4382 γραφάς
3455 4314 3565 4365 οὐκ
3599 4310 3729 4366 εἶναι

485 4418 623 4477 tant,
658 4420 711 4468 et
738 4412 842 4468 alia
875 4413 945 4468 ab
981 4412 1049 4468 iis
1088 4414 1303 4467 diversa
1332 4427 1501 4482 penes
1536 4427 1596 4467 se
1629 4426 1751 4468 esse
1778 4412 2031 4482 jactitant

2218 4408 2433 4468 ωὒσέως
2467 4402 2901 4475 δογματίζουσιν,
2931 4400 3093 4465 ἄλλας
3128 4400 3184 4452 δὲ
3219 4402 3348 4471 παρ’
3374 4400 3560 4465 αὐτάς
3594 4400 3731 4471 ἔχειν

558 4596 850 4653 llerodiani
887 4611 1010 4651 cum
1048 4594 1266 4652 Iudaeos
1294 4596 1349 4650 in
1388 4598 1641 4653 omnibus
1677 4612 1797 4652 sese
1830 4604 2052 4667 praesta-

485 4698 641 4753 rent,
688 4687 955 4743 Herodem
986 4687 1265 4743 Christum
1299 4703 1421 4743 esse
1453 4688 1862 4758 proﬁtebantur,
1896 4689 2053 4760 eique

487 4780 686 4836 Christi
718 4778 1033 4850 dignitatem
1072 4793 1135 4833 ac
1160 4794 1355 4834 nomen
1380 4777 1722 4849 attingebant.

557 4873 773 4930 Primus
811 4874 911 4930 iste
943 4883 1123 4929 tomus
1147 4882 1272 4939 est,
1303 4873 1397 4943 qui
1432 4874 1661 4929 haereses
1692 4888 1760 4926 xx
1791 4871 2052 4927 continet.

488 4961 550 5021 In
574 4964 765 5020 eodem
795 4965 862 5021 de
889 4963 1268 5023 lncarnatione
1297 4965 1524 5029 Christi,
1562 4978 1625 5021 ac
1657 4962 1903 5020 veritatis
1928 4977 2055 5033 pro-

493 5055 730 5113 fessione
749 5065 1023 5125 postremo
1064 5057 1181 5114 loco
1211 5056 1520 5116 disseritur.

568 5292 586 5323 ⁸
625 5293 733 5363 Γρ.
759 5292 1108 5367 ἀφηνιασταί.

2159 4492 2606 4549 διαϐεϐαιοῦνται.

2237 4586 2571 4658 Ἦρωδιανοὶ,
2607 4585 2656 4637 οἳ
2700 4584 2943 4637 Ἰουδαῖοι
2995 4581 3091 4653 μὲν
3130 4577 3268 4652 ἦσαν
3322 4595 3471 4634 κατα
3533 4583 3727 4645 πάντα,

2169 4674 2414 4747 Ἡρώδην
2442 4675 2496 4727 δὲ
2533 4673 2762 4745 Χριστὸν
2802 4672 3161 4743 προσεδόκων,
3202 4672 3294 4723 καὶ
3332 4669 3515 4743 τούτῳ
3552 4674 3616 4726 τὸ
3644 4675 3729 4725 τοῦ

2159 4767 2394 4839 Χριστοῦ
2426 4767 2743 4821 ἀπεδίδοσαν
2765 4765 2931 4835 γέρας
2958 4764 3050 4817 καὶ
3077 4763 3264 4834 ὄνομα.

2229 4856 2395 4922 Οὗτος
2424 4860 2453 4910 ὁ
2477 4858 2690 4931 πρῶτος
2711 4856 2895 4927 τόμος,
2926 4856 3193 4927 περιέχων
3225 4854 3365 4907 κατά
3389 4856 3599 4908 πασῶν
3630 4856 3727 4907 τῶν

2158 4953 2329 5008 εἴκοσι
2357 4950 2559 5005 τούτων
2588 4950 2870 5022 αἱρέσεων.
2909 4950 2995 5002 Ἐν
3024 4947 3171 5018 αὐτῷ
3196 4947 3252 5001 δὲ
3280 4948 3438 5019 καὶ-ἡ
3474 4949 3725 5020 περὶτῆς

2157 5043 2394 5117 Χριστοῦ
2423 5041 2677 5114 ὲνδημίας
2702 5041 2974 5107 ὑπόθεσις,
3009 5039 3103 5092 καὶ
3129 5040 3162 5111 ή
3189 5037 3287 5110 τῆς
3310 5037 3584 5109 ἀληθείας
3607 5042 3729 5111 ὀμο-

2160 5136 2334 5206 λογὶα.
