1877 3091
54 102 93 129 I73

1596 100 1648 127 174

406 287 519 329 ΤΟΥ
545 287 616 329 ΕΝ
648 285 829 329 ΑΓΙΟΙΣ
858 287 1073 330 ΠΑΤΡΟΣ
1110 287 1272 331 ΗΜΩΝ

350 390 1331 509 ΕΠΙΦΑΝΙΟΥ

480 554 678 580 ΕΠΙΣΚΟΠΟΥ
695 553 957 579 ΚΩΝΣΤΑΝΤΕΙΛΣ
982 553 1049 579 ΤΗΣ
1066 553 1208 580 ΚΥΠΡΟΥ

195 636 424 704 ΚΑΤΑ
460 638 859 703 ΑΙΡΕΣΕΩΝ
910 638 1497 707 ΟΓΔΟΗΚΟΝΤΑ

709 757 750 781 T0
771 755 987 782 ΕΠΙΚΛΠΘΕΝ

484 837 757 881 ΠΑΝΑΡΙΟΣ
781 850 845 876 ElT‘
864 850 933 877 om
952 838 1220 882 ΚΙΒΩΤΙΟΣ.

354 1022 439 1111 S.
492 1025 589 1109 P.
641 1025 740 1111 N.
793 1021 1352 1112 EPIPHANII

457 1159 689 1199 CONSTANTIIE
709 1170 793 1204 QUAE
810 1171 843 1198 IN
858 1171 971 1200 CYPRO
990 1171 1056 1199 EST
1077 1170 1231 1199 EPISCOPI

173 1258 593 1326 ADVERSUS
640 1261 1095 1325 OCTOGINTA
1130 1262 1519 1328 HAERESES

607 1378 699 1406 DPUS
719 1378 820 1412 QUOD
847 1378 1089 1407 INSCRIBITUR

457 1443 796 1519 PANARIUM
843 1491 919 1519 δινε
966 1467 1238 1520 ARCULA.

484 1570 630 1611 Dionysio
640 1569 765 1600 Petavio
776 1570 938 1601 Societatis
948 1572 965 1601 J
967 1579 1022 1601 esu
1032 1570 1210 1610 interprete.

586 1740 747 1783 LIBRI
788 1740 804 1783 Ι
835 1739 1035 1785 TOMUS
1072 1739 1110 1782 Ι.

66 1839 106 1865 Δ¹.
129 1836 297 1873 ’Δρχόμενος
307 1835 397 1862 πίστιν
409 1843 439 1860 τε
450 1834 497 1861 καὶ
511 1834 647 1866 ἀπιστίαν,
657 1833 777 1866 εὐδοξίαν
793 1843 807 1860 τ

915 1835 932 1869 ι
947 1833 967 1861 Ι.
977 1834 1130 1861 Instituenti
1150 1834 1215 1861 mihi
1226 1834 1260 1862 de
1269 1834 1320 1863 [ide
1329 1836 1440 1871 pariter,
1451 1840 1479 1865 et
1490 1837 1656 1874 inﬁdelitate.

32 1884 77 1911 καὶ
91 1882 267 1919 ὲτεροὸοξίαν
282 1881 454 1915 ἀναγγέλλειν
465 1889 493 1906 τε
507 1880 553 1906 καὶ
560 1880 657 1914 λέγειν,
671 1880 821 1916 μνησθήσο-

35 1939 79 1964 μαι
97 1929 150 1964 τῆς
169 1928 259 1963 ἀρχῆς
279 1927 327 1961 τῆς
343 1926 389 1952 τοῦ
411 1926 511 1961 κόσμου
532 1925 682 1960 καταδολῆς
697 1926 743 1952 καὶ
759 1926 823 1951 ἁκο-

32 1975 156 2006 λουθίας,
192 1973 223 2000 οὑ
243 1972 288 1998 διὰ
324 1973 373 2006 τῆς
406 1971 503 1997 ἑαυτοῦ
541 1971 549 1987 ⁸
578 1971 732 2006 δυνάμεως,
763 1971 822 1997 οὐδὲ

32 2022 81 2047 ὑπὸ
118 2022 129 2036 ¹
169 2020 244 2046 ἰδίων
276 2018 413 2053 λογισμῶν
451 2017 625 2052 ὁρμώμενος.
660 2016 716 2043 ἀλλ’
746 2017 782 2048 ὡς
808 2017 822 2042 ὁ

31 2066 95 2098 Θεὸς
121 2066 137 2091 ὁ
165 2065 277 2091 πάντων
300 2064 430 2097 δεσπότης
452 2063 498 2089 καὶ
521 2063 642 2098 ἐλεήμων
666 2062 822 2097 ἁπεκάλυψε

30 2114 85 2143 τοῖς
102 2110 209 2137 ἑαυτοῦ
226 2111 388 2144 προφήταις,
407 2109 452 2135 καὶ
468 2109 502 2135 δι’
518 2108 606 2135 αὐτῶν
624 2109 698 2144 ἡμᾶς
714 2109 762 2143 τῆς
775 2107 822 2134 τοῦ

29 2157 131 2188 παντὸς
147 2155 279 2190 γνὼςεως
295 2155 364 2181 κατὰ
375 2154 406 2180 τὸ
422 2153 559 2189 ἐγχωροῦν
572 2153 728 2189 ἀνθρωπεία
744 2154 823 2188 φύσει

31 2202 204 2238 κατηξίωσε.
229 2201 283 2227 Καὶ
299 2200 447 2235 ἀρχόμενος
462 2199 525 2233 περὶ
545 2199 646 2225 τούτων
667 2199 747 2230 εὐθὺς
768 2199 824 2226 δια-

31 2249 157 2278 erantV,
177 2245 287 2281 πρῶτον
303 2246 350 2280 μὲν
366 2246 414 2271 οὐκ
431 2245 459 2271 ὲν
483 2244 571 2279 μικρῷ
594 2244 679 2278 ἀγῶνι
699 2244 824 2271 καθίστα-

31 2303 89 2328 μαι,
116 2293 193 2319 ἀὶᾶἁ
216 2292 262 2318 καὶ
285 2291 387 2325 σφόδρα
411 2290 494 2323 δέδια,
518 2290 726 2325 ἐπιϐαλλόμενος
752 2290 824 2326 ἔργῳ

29 2340 58 2366 οὐ
72 2340 114 2375 τῷ
128 2338 256 2374 τυχόντι.
280 2337 335 2363 Καὶ
350 2337 532 2372 ἐπικαλοῦμαι
556 2337 636 2363 αὑτὸν
656 2337 700 2366 τὸν
717 2336 794 2371 ἅγιον
814 2337 824 2352 ³

29 2386 74 2411 καὶ
90 2385 137 2410 τὸν
159 2382 296 2418 μονογενῆ
313 2382 395 2408 αὐτοῦ
412 2381 494 2408 παῖδα
517 2381 618 2416 Ἰησοῦν
638 2381 762 2417 Χριστὸν,
778 2382 823 2407 καὶ

29 2429 58 2454 τὸ
77 2429 160 2463 ἅγιον
187 2427 271 2454 αὑτοῦ
288 2427 409 2462 Πνεῦμα,
428 2427 501 2459 ὅπως
524 2427 682 2464 καταυγάσῃ
697 2427 745 2462 τῆς
758 2428 824 2462 ἡμε-

28 2476 111 2510 τέρας
129 2473 276 2505 εὐτελείας
294 2473 339 2500 τὸν
356 2473 417 2500 νοῦν
433 2473 500 2510 πρὸς
517 2473 654 2508 φωτισμὸν
667 2474 714 2508 τῆς
730 2473 823 2499 τούτου

873 1879 959 1915 deque
974 1880 1056 1907 rectis
1072 1888 1104 1907 ac
1115 1880 1252 1915 perversis
1265 1880 1438 1916 dogmatibus
1450 1892 1604 1913 sermonem
1617 1886 1658 1913 in-

872 1925 958 1960 gredi.
975 1925 1096 1952 omnium
1111 1926 1199 1960 primo
1213 1926 1246 1954 de
1257 1928 1351 1954 mundi
1361 1929 1558 1964 procreatione,
1571 1932 1659 1967 deque

873 1972 907 1999 iis
922 1978 981 2006 qua:
1001 1971 1130 2006 deinceps
1147 1976 1212 1999 sunt
1235 1978 1398 2007 consecuta,
1414 1974 1537 2003 facienda
1556 1978 1657 2005 mentio

873 2021 924 2045 est.
940 2017 1024 2052 quue
1038 2024 1087 2052 ego
1101 2025 1156 2045 non
1173 2018 1240 2045 meis
1255 2019 1368 2052 viribus,
1385 2024 1431 2047 aut
1444 2021 1556 2055 privatis
1570 2023 1657 2050 ratio—

874 2060 1056 2089 einationibus
1072 2061 1157 2089 fretus
1172 2061 1323 2097 aggrediar;
1340 2063 1386 2091 sed
1398 2068 1533 2098 quatenus
1547 2066 1658 2101 quidem

873 2106 1004 2134 Dominus
1018 2107 1138 2134 omnium
1150 2115 1182 2135 ac
1196 2108 1352 2136 misericors
1367 2109 1437 2137 Deus
1452 2112 1591 2146 prophetis
1600 2113 1658 2141 suis

874 2152 989 2186 aperuit.
1009 2159 1158 2188 eorumque
1171 2152 1249 2180 nobis
1266 2153 1398 2181 beneﬁcio
1412 2155 1601 2185 universarum
1614 2165 1657 2185 re.

874 2205 934 2224 rum
951 2197 1086 2229 notitiam,
1112 2203 1243 2233 quantum
1260 2199 1399 2227 hominum
1418 2206 1515 2228 natura
1530 2202 1591 2234 fert,
1606 2204 1657 2230 im-

874 2243 974 2277 pertire
986 2242 1112 2277 dignatus
1126 2248 1178 2271 est.
1197 2243 1238 2271 Me
1249 2252 1313 2272 vero
1323 2244 1378 2279 jam
1393 2251 1449 2272 tum
1464 2247 1522 2281 ipso
1534 2247 1656 2283 disputa-

874 2288 956 2315 tionis
978 2288 1056 2315 initio
1081 2289 1156 2324 angit
1185 2289 1256 2318 haud
1276 2289 1449 2318 mediocriter
1467 2296 1548 2327 atque
1574 2297 1659 2321 terret

875 2334 992 2368 suscepti
1024 2334 1115 2368 operis
1144 2334 1312 2369 magniludo.
1341 2334 1430 2368 Quare
1452 2337 1658 2365 sanctissimum

875 2379 949 2406 illum
981 2380 1081 2411 Deum,
1110 2380 1136 2414 2
1161 2380 1275 2415 ejusque
1304 2379 1401 2408 Filium
1427 2382 1537 2409 unicutn
1563 2382 1657 2411 Iesum

874 2425 1026 2458 Christum,
1051 2433 1101 2452 nec
1120 2433 1175 2453 non
1189 2430 1216 2453 et
1233 2430 1357 2454 sanctum
1376 2427 1436 2461 ejus
1457 2427 1587 2462 Spiritqu
1609 2436 1659 2464 ap-

876 2471 945 2505 pello
956 2491 963 2504 ,
989 2476 1017 2498 ut
1033 2471 1066 2498 ad
1082 2471 1197 2506 hujusce
1212 2473 1252 2499 rei
1266 2472 1457 2500 illustrandam
1473 2474 1655 2510 cognitionem

29 2520 171 2553 γνώσεως.
201 2519 232 2545 Οἱ
257 2519 306 2554 μὲν
332 2519 386 2555 γὰρ
409 2518 464 2545 τῶν
493 2518 625 2553 Ἐλλήνων
648 2527 770 2553 συγγραφ

914 2520 992 2544 :ntem
1016 2522 1137 2543 nostrum
1160 2517 1251 2544 divina
1273 2517 1333 2545 luce
1350 2519 1505 2553 perfundat.
1521 2519 1558 2547 Ut
1584 2521 1655 2547 enim

28 2566 141 2600 ποιηταί
165 2573 201 2591 τε
223 2565 272 2591 καὶ
293 2564 466 2600 λογογράφοι,
484 2564 687 2599 ἐπιϐαλλόμενοι
707 2572 757 2590 τινι
774 2572 824 2599 μυ-

874 2562 988 2597 gentiles
1005 2562 1154 2597 scriptores
1170 2566 1225 2589 tam
1240 2566 1336 2598 poem,
1352 2570 1433 2598 quam
1447 2564 1560 2591 alterius
1576 2572 1657 2599 gene-

29 2611 107 2637 θώδει
128 2612 345 2646 συγγράμματι,
360 2610 470 2637 Μοῦσάν
499 2619 560 2637 τινα
575 2610 754 2636 ἐπεκαλοῦντο

925 2608 1029 2639 solent,
1045 2615 1105 2634 cum
1121 2606 1274 2635 fabulosum
1289 2608 1398 2643 aliquod
1416 2616 1485 2644 opus
1499 2609 1655 2641 instituunt.

27 2657 79 2691 γὰρ
96 2656 190 2682 Θεὸν’
211 2654 388 2690 δαιμονιώδης
406 2654 459 2689 γὰρ
474 2655 539 2690 παρ’
562 2654 645 2690 αὐτῆς
664 2654 675 2670 ’⁸
695 2655 711 2689 ἡ
733 2655 823 2688 σοφία,

874 2653 1012 2681 Musarum
1027 2653 1173 2688 implorare
1193 2655 1349 2690 quampiam
1367 2657 1466 2690 (neque
1484 2655 1556 2682 enim
1573 2655 1656 2683 Deum

27 2703 73 2727 καὶ
89 2703 243 2736 ἐπίγειος,
259 2701 307 2727 καὶ
324 2703 378 2728 οὐκ
400 2701 513 2728 ἄνωθεν
530 2701 740 2736 κατερχομένη,
755 2710 768 2727 κ

915 2704 999 2726 'ocant
1012 2699 1041 2731 ii,
1051 2706 1167 2734 quorum
1178 2700 1268 2727 omnis
1282 2708 1315 2727 ex
1327 2700 1479 2728 daemonum
1491 2691 1580 2728 aﬂlétu
1595 2709 1656 2736 pro-

25 2744 55 2770 τὸ
71 2744 305 2780 γεγραμμένον)·
329 2745 408 2780 ἡμεῖς
429 2745 457 2771 δὲ
482 2745 682 2780 ὲπιχαλούμεθα
705 2745 749 2772 τὸν

914 2753 966 2773 assa
987 2745 1120 2780 sapientia
1143 2749 1196 2779 est,
1213 2746 1363 2783 eademque
1381 2751 1496 2781 terrena,
1515 2755 1561 2775 nec
1584 2756 1597 2774 ε
1612 2755 1655 2774 su-

61 2822 68 2837 ¹
89 2821 153 2850 Vet.
169 2821 305 2851 ἐμαυτοῦ.
346 2827 352 2837 '
364 2821 453 2850 Forte.
468 2823 530 2850 ἀπό.
570 2823 584 2858 "
592 2823 671 2850 Deest
687 2823 758 2851 forte
774 2824 802 2850 II;

390 2829 453 2850 orte.
468 2823 530 2850 ἀπό.
570 2823 584 2858 "
592 2823 671 2850 Deest
687 2823 758 2851 forte
774 2824 893 2858 Πατέρα.
934 2824 1015 2854 ‘Cor.
1031 2825 1131 2857 αὐτοῖς.
