  <div class='ocr_page' id='page_1' title='image "/cluster/home/n/w/nwhite01/storage/ocr_20150623/41/hvd.32044011753001/113.png"; bbox 0 0 3766 6316; ppageno 0'>
   <div class='ocr_carea' id='block_1_1' title="bbox 395 249 497 304">
    <p class='ocr_par' dir='ltr' id='par_1_1' title="bbox 395 249 497 304">
     <span class='ocr_line' id='line_1_1' title="bbox 395 249 497 304; baseline 0.01 -1"><span class='ocrx_word' id='word_1_1' title='bbox 395 249 497 304; x_wconf 77' lang='grc'><strong>175</strong></span> 
     </span>
    </p>
   </div>
   <div class='ocr_carea' id='block_1_2' title="bbox 1820 250 2267 307">
    <p class='ocr_par' dir='ltr' id='par_1_2' title="bbox 1820 250 2267 307">
     <span class='ocr_line' id='line_1_2' title="bbox 1820 250 2267 307; baseline 0.004 -4"><span class='ocrx_word' id='word_1_2' title='bbox 1820 251 1878 306; x_wconf 87' lang='lat' dir='ltr'><strong>S.</strong></span> <span class='ocrx_word' id='word_1_3' title='bbox 1922 250 2267 307; x_wconf 81' lang='lat' dir='ltr'><strong>EPIPHANII</strong></span> 
     </span>
    </p>
   </div>
   <div class='ocr_carea' id='block_1_3' title="bbox 3560 255 3661 311">
    <p class='ocr_par' dir='ltr' id='par_1_3' title="bbox 3560 255 3661 311">
     <span class='ocr_line' id='line_1_3' title="bbox 3560 255 3661 311; baseline 0 -1"><span class='ocrx_word' id='word_1_4' title='bbox 3560 255 3661 311; x_wconf 78' lang='grc'><strong>176</strong></span> 
     </span>
    </p>
   </div>
   <div class='ocr_carea' id='block_1_4' title="bbox 391 363 1944 440">
    <p class='ocr_par' dir='ltr' id='par_1_4' title="bbox 391 363 1944 434">
     <span class='ocr_line' id='line_1_4' title="bbox 391 363 1944 434; baseline 0.003 -17"><span class='ocrx_word' id='word_1_5' title='bbox 391 363 702 425; x_wconf 68' lang='lat' dir='ltr'><strong>umoribus,</strong></span> <span class='ocrx_word' id='word_1_6' title='bbox 735 371 793 418; x_wconf 91' lang='lat' dir='ltr'><strong>ut</strong></span> <span class='ocrx_word' id='word_1_7' title='bbox 820 364 1108 434; x_wconf 50' lang='lat' dir='ltr'><strong>&quot;scriptum</strong></span> <span class='ocrx_word' id='word_1_8' title='bbox 1144 374 1227 420; x_wconf 82' lang='lat' dir='ltr'><strong>cst</strong></span> <span class='ocrx_word' id='word_1_9' title='bbox 1262 365 1325 429; x_wconf 66' lang='grc' dir='ltr'><strong>δ’,</strong></span> <span class='ocrx_word' id='word_1_10' title='bbox 1373 364 1705 434; x_wconf 73' lang='lat' dir='ltr'><strong>descendens)</strong></span> <span class='ocrx_word' id='word_1_11' title='bbox 1733 385 1745 419; x_wconf 92' lang='lat'>:</span> <span class='ocrx_word' id='word_1_12' title='bbox 1778 367 1851 421; x_wconf 89' lang='lat' dir='ltr'><strong>ita</strong></span> <span class='ocrx_word' id='word_1_13' title='bbox 1889 383 1944 420; x_wconf 82' lang='grc' dir='ltr'>η(</span> 
     </span>
    </p>
   </div>
   <div class='ocr_carea' id='block_1_5' title="bbox 2132 363 3661 440">
    <p class='ocr_par' dir='ltr' id='par_1_5' title="bbox 2132 367 3661 440">
     <span class='ocr_line' id='line_1_5' title="bbox 2132 367 3661 440; baseline 0.003 -22"><span class='ocrx_word' id='word_1_14' title='bbox 2132 382 2223 418; x_wconf 78' lang='lat' dir='ltr'><strong>tow</strong></span> <span class='ocrx_word' id='word_1_15' title='bbox 2252 367 2405 433; x_wconf 83' lang='grc' dir='ltr'>ἆγιον</span> <span class='ocrx_word' id='word_1_16' title='bbox 2441 367 2715 437; x_wconf 84' lang='grc' dir='ltr'>Δεσπότην</span> <span class='ocrx_word' id='word_1_17' title='bbox 2761 367 3139 423; x_wconf 79' lang='grc' dir='ltr'>ἀντιλαϐέσθαι</span> <span class='ocrx_word' id='word_1_18' title='bbox 3182 369 3280 439; x_wconf 84' lang='grc' dir='ltr'>τῆς</span> <span class='ocrx_word' id='word_1_19' title='bbox 3310 368 3469 440; x_wconf 77' lang='grc' dir='ltr'>ἡμῶν</span> <span class='ocrx_word' id='word_1_20' title='bbox 3517 386 3661 423; x_wconf 86' lang='grc' dir='ltr'>πτω-</span> 
     </span>
    </p>
   </div>
   <div class='ocr_carea' id='block_1_6' title="bbox 391 458 1976 531">
    <p class='ocr_par' dir='ltr' id='par_1_6' title="bbox 391 458 1976 531">
     <span class='ocr_line' id='line_1_6' title="bbox 391 458 1976 531; baseline 0.001 -19"><span class='ocrx_word' id='word_1_21' title='bbox 391 474 573 513; x_wconf 88' lang='lat' dir='ltr'><strong>rerum</strong></span> <span class='ocrx_word' id='word_1_22' title='bbox 626 458 872 512; x_wconf 89' lang='lat' dir='ltr'><strong>omnium</strong></span> <span class='ocrx_word' id='word_1_23' title='bbox 922 458 1321 514; x_wconf 75' lang='lat' dir='ltr'><strong>moderatorem</strong></span> <span class='ocrx_word' id='word_1_24' title='bbox 1376 474 1439 513; x_wconf 89' lang='lat' dir='ltr'><strong>ac</strong></span> <span class='ocrx_word' id='word_1_25' title='bbox 1483 459 1768 514; x_wconf 89' lang='lat' dir='ltr'><strong>Dominum</strong></span> <span class='ocrx_word' id='word_1_26' title='bbox 1822 477 1976 531; x_wconf 87' lang='lat' dir='ltr'><strong>roga-</strong></span> 
     </span>
    </p>
   </div>
   <div class='ocr_carea' id='block_1_7' title="bbox 392 551 1975 618">
    <p class='ocr_par' dir='ltr' id='par_1_7' title="bbox 392 551 1975 618">
     <span class='ocr_line' id='line_1_7' title="bbox 392 551 1975 618; baseline 0.001 -13"><span class='ocrx_word' id='word_1_27' title='bbox 392 568 532 617; x_wconf 88' lang='lat' dir='ltr'><strong>mus,</strong></span> <span class='ocrx_word' id='word_1_28' title='bbox 567 559 623 605; x_wconf 93' lang='lat' dir='ltr'><strong>ut</strong></span> <span class='ocrx_word' id='word_1_29' title='bbox 654 551 846 606; x_wconf 85' lang='lat' dir='ltr'><strong>adesse</strong></span> <span class='ocrx_word' id='word_1_30' title='bbox 876 552 1127 605; x_wconf 89' lang='lat' dir='ltr'><strong>tenuitati</strong></span> <span class='ocrx_word' id='word_1_31' title='bbox 1173 560 1373 607; x_wconf 67' lang='lat' dir='ltr'><strong>nostra:</strong></span> <span class='ocrx_word' id='word_1_32' title='bbox 1418 553 1585 618; x_wconf 88' lang='lat' dir='ltr'><strong>velit,</strong></span> <span class='ocrx_word' id='word_1_33' title='bbox 1619 568 1683 607; x_wconf 88' lang='lat' dir='ltr'><strong>ac</strong></span> <span class='ocrx_word' id='word_1_34' title='bbox 1725 562 1975 607; x_wconf 87' lang='lat' dir='ltr'><strong>sanctum</strong></span> 
     </span>
    </p>
   </div>
   <div class='ocr_carea' id='block_1_8' title="bbox 392 643 1976 714">
    <p class='ocr_par' dir='ltr' id='par_1_8' title="bbox 392 643 1976 714">
     <span class='ocr_line' id='line_1_8' title="bbox 392 643 1976 714; baseline 0 -17"><span class='ocrx_word' id='word_1_35' title='bbox 392 644 550 699; x_wconf 86' lang='lat' dir='ltr'><strong>nobis</strong></span> <span class='ocrx_word' id='word_1_36' title='bbox 585 643 847 713; x_wconf 83' lang='lat' dir='ltr'><strong>Spiritum</strong></span> <span class='ocrx_word' id='word_1_37' title='bbox 879 643 1209 710; x_wconf 89' lang='lat' dir='ltr'><strong>immittere;</strong></span> <span class='ocrx_word' id='word_1_38' title='bbox 1240 659 1309 698; x_wconf 90' lang='lat' dir='ltr'><strong>ne</strong></span> <span class='ocrx_word' id='word_1_39' title='bbox 1337 644 1465 713; x_wconf 88' lang='lat' dir='ltr'><strong>quid</strong></span> <span class='ocrx_word' id='word_1_40' title='bbox 1504 646 1557 698; x_wconf 92' lang='lat' dir='ltr'><strong>in</strong></span> <span class='ocrx_word' id='word_1_41' title='bbox 1584 660 1750 714; x_wconf 91' lang='lat' dir='ltr'><strong>opere</strong></span> <span class='ocrx_word' id='word_1_42' title='bbox 1775 660 1976 714; x_wconf 89' lang='lat' dir='ltr'><strong>propo-</strong></span> 
     </span>
    </p>
   </div>
   <div class='ocr_carea' id='block_1_9' title="bbox 391 734 1973 790">
    <p class='ocr_par' dir='ltr' id='par_1_9' title="bbox 391 734 1973 790">
     <span class='ocr_line' id='line_1_9' title="bbox 391 734 1973 790; baseline 0.001 -1"><span class='ocrx_word' id='word_1_43' title='bbox 391 736 498 789; x_wconf 88' lang='lat' dir='ltr'><strong>sito</strong></span> <span class='ocrx_word' id='word_1_44' title='bbox 518 735 859 790; x_wconf 81' lang='lat' dir='ltr'><strong>contexendo</strong></span> <span class='ocrx_word' id='word_1_45' title='bbox 893 734 1091 788; x_wconf 80' lang='lat' dir='ltr'><strong>falsum</strong></span> <span class='ocrx_word' id='word_1_46' title='bbox 1117 745 1170 790; x_wconf 91' lang='lat' dir='ltr'><strong>et</strong></span> <span class='ocrx_word' id='word_1_47' title='bbox 1206 735 1576 789; x_wconf 84' lang='lat' dir='ltr'><strong>adulterinum</strong></span> <span class='ocrx_word' id='word_1_48' title='bbox 1619 735 1973 790; x_wconf 84' lang='lat' dir='ltr'><strong>misceamus.</strong></span> 
     </span>
    </p>
   </div>
   <div class='ocr_carea' id='block_1_10' title="bbox 392 827 1973 897">
    <p class='ocr_par' dir='ltr' id='par_1_10' title="bbox 392 827 1973 897">
     <span class='ocr_line' id='line_1_10' title="bbox 392 827 1973 897; baseline -0.001 -17"><span class='ocrx_word' id='word_1_49' title='bbox 392 827 561 894; x_wconf 82' lang='lat' dir='ltr'><strong>Quem</strong></span> <span class='ocrx_word' id='word_1_50' title='bbox 611 844 710 883; x_wconf 91' lang='lat' dir='ltr'><strong>nos</strong></span> <span class='ocrx_word' id='word_1_51' title='bbox 757 827 1050 897; x_wconf 88' lang='lat' dir='ltr'><strong>Spiritum,</strong></span> <span class='ocrx_word' id='word_1_52' title='bbox 1081 828 1472 883; x_wconf 84' lang='lat' dir='ltr'><strong>imbecillitatis</strong></span> <span class='ocrx_word' id='word_1_53' title='bbox 1512 834 1714 882; x_wconf 81' lang='lat' dir='ltr'><strong>nostrae</strong></span> <span class='ocrx_word' id='word_1_54' title='bbox 1746 827 1973 892; x_wconf 83' lang='lat' dir='ltr'><strong>conscii,</strong></span> 
     </span>
    </p>
   </div>
   <div class='ocr_carea' id='block_1_11' title="bbox 394 919 1977 992">
    <p class='ocr_par' dir='ltr' id='par_1_11' title="bbox 394 919 1977 992">
     <span class='ocr_line' id='line_1_11' title="bbox 394 919 1977 992; baseline -0.001 -17"><span class='ocrx_word' id='word_1_55' title='bbox 394 938 492 992; x_wconf 88' lang='lat' dir='ltr'><strong>pro</strong></span> <span class='ocrx_word' id='word_1_56' title='bbox 528 922 648 979; x_wconf 84' lang='lat' dir='ltr'><strong>ﬁdei</strong></span> <span class='ocrx_word' id='word_1_57' title='bbox 683 923 845 977; x_wconf 89' lang='lat' dir='ltr'><strong>modo</strong></span> <span class='ocrx_word' id='word_1_58' title='bbox 877 936 940 975; x_wconf 91' lang='lat' dir='ltr'><strong>ac</strong></span> <span class='ocrx_word' id='word_1_59' title='bbox 974 921 1188 976; x_wconf 84' lang='lat' dir='ltr'><strong>ratione</strong></span> <span class='ocrx_word' id='word_1_60' title='bbox 1222 920 1413 975; x_wconf 89' lang='lat' dir='ltr'><strong>donari</strong></span> <span class='ocrx_word' id='word_1_61' title='bbox 1450 919 1609 974; x_wconf 91' lang='lat' dir='ltr'><strong>nobis</strong></span> <span class='ocrx_word' id='word_1_62' title='bbox 1651 934 1977 989; x_wconf 81' lang='lat' dir='ltr'><strong>magnOpere</strong></span> 
     </span>
    </p>
   </div>
   <div class='ocr_carea' id='block_1_12' title="bbox 391 1031 703 1087">
    <p class='ocr_par' dir='ltr' id='par_1_12' title="bbox 391 1031 703 1087">
     <span class='ocr_line' id='line_1_12' title="bbox 391 1031 703 1087; baseline -0.003 -17"><span class='ocrx_word' id='word_1_63' title='bbox 391 1031 553 1087; x_wconf 66' lang='lat' dir='ltr'><strong>preca</strong></span> <span class='ocrx_word' id='word_1_64' title='bbox 563 1032 703 1069; x_wconf 90' lang='lat' dir='ltr'><strong>mur.</strong></span> 
     </span>
    </p>
   </div>
   <div class='ocr_carea' id='block_1_13' title="bbox 462 1101 1977 1175">
    <p class='ocr_par' dir='ltr' id='par_1_13' title="bbox 462 1101 1977 1175">
     <span class='ocr_line' id='line_1_13' title="bbox 462 1101 1977 1175; baseline -0.003 -16"><span class='ocrx_word' id='word_1_65' title='bbox 462 1105 525 1159; x_wconf 90' lang='lat' dir='ltr'><strong>ll.</strong></span> <span class='ocrx_word' id='word_1_66' title='bbox 548 1104 816 1160; x_wconf 82' lang='lat' dir='ltr'><strong>Caeterum</strong></span> <span class='ocrx_word' id='word_1_67' title='bbox 841 1104 931 1175; x_wconf 91' lang='lat' dir='ltr'><strong>qui</strong></span> <span class='ocrx_word' id='word_1_68' title='bbox 961 1104 1075 1157; x_wconf 72' lang='lat' dir='ltr'><strong>lure</strong></span> <span class='ocrx_word' id='word_1_69' title='bbox 1105 1111 1290 1157; x_wconf 86' lang='lat' dir='ltr'><strong>nostra</strong></span> <span class='ocrx_word' id='word_1_70' title='bbox 1318 1101 1701 1170; x_wconf 83' lang='lat' dir='ltr'><strong>cujuscunque</strong></span> <span class='ocrx_word' id='word_1_71' title='bbox 1729 1103 1977 1171; x_wconf 54' lang='lat' dir='ltr'><strong>quazstio-</strong></span> 
     </span>
    </p>
   </div>
   <div class='ocr_carea' id='block_1_14' title="bbox 391 1194 1975 1268">
    <p class='ocr_par' dir='ltr' id='par_1_14' title="bbox 391 1194 1975 1268">
     <span class='ocr_line' id='line_1_14' title="bbox 391 1194 1975 1268; baseline -0.003 -15"><span class='ocrx_word' id='word_1_72' title='bbox 391 1200 479 1253; x_wconf 92' lang='lat' dir='ltr'><strong>nis</strong></span> <span class='ocrx_word' id='word_1_73' title='bbox 514 1198 690 1268; x_wconf 86' lang='lat' dir='ltr'><strong>gratia</strong></span> <span class='ocrx_word' id='word_1_74' title='bbox 716 1199 916 1268; x_wconf 87' lang='lat' dir='ltr'><strong>legent,</strong></span> <span class='ocrx_word' id='word_1_75' title='bbox 958 1196 1009 1249; x_wconf 85' lang='lat' dir='ltr'><strong>id</strong></span> <span class='ocrx_word' id='word_1_76' title='bbox 1038 1204 1163 1249; x_wconf 85' lang='lat' dir='ltr'><strong>ante</strong></span> <span class='ocrx_word' id='word_1_77' title='bbox 1191 1194 1380 1250; x_wconf 90' lang='lat' dir='ltr'><strong>oculos</strong></span> <span class='ocrx_word' id='word_1_78' title='bbox 1412 1194 1646 1249; x_wconf 80' lang='lat' dir='ltr'><strong>habeant</strong></span> <span class='ocrx_word' id='word_1_79' title='bbox 1672 1195 1855 1258; x_wconf 83' lang='lat' dir='ltr'><strong>velim,</strong></span> <span class='ocrx_word' id='word_1_80' title='bbox 1878 1210 1975 1261; x_wconf 88' lang='lat' dir='ltr'><strong>pro</strong></span> 
     </span>
    </p>
   </div>
   <div class='ocr_carea' id='block_1_15' title="bbox 392 1285 1975 1357">
    <p class='ocr_par' dir='ltr' id='par_1_15' title="bbox 392 1285 1975 1357">
     <span class='ocr_line' id='line_1_15' title="bbox 392 1285 1975 1357; baseline 0.001 -17"><span class='ocrx_word' id='word_1_81' title='bbox 392 1299 698 1357; x_wconf 85' lang='lat' dir='ltr'><strong>temporum</strong></span> <span class='ocrx_word' id='word_1_82' title='bbox 734 1288 1198 1356; x_wconf 87' lang='lat' dir='ltr'><strong>occasionumque</strong></span> <span class='ocrx_word' id='word_1_83' title='bbox 1242 1286 1397 1357; x_wconf 88' lang='lat' dir='ltr'><strong>copia</strong></span> <span class='ocrx_word' id='word_1_84' title='bbox 1440 1285 1662 1340; x_wconf 77' lang='lat' dir='ltr'><strong>inventa</strong></span> <span class='ocrx_word' id='word_1_85' title='bbox 1704 1287 1819 1341; x_wconf 66' lang='lat' dir='ltr'><strong>haec</strong></span> <span class='ocrx_word' id='word_1_86' title='bbox 1855 1303 1975 1342; x_wconf 89' lang='lat' dir='ltr'><strong>esse</strong></span> 
     </span>
    </p>
   </div>
   <div class='ocr_carea' id='block_1_16' title="bbox 389 1375 1974 1448">
    <p class='ocr_par' dir='ltr' id='par_1_16' title="bbox 389 1375 1974 1448">
     <span class='ocr_line' id='line_1_16' title="bbox 389 1375 1974 1448; baseline -0.001 -17"><span class='ocrx_word' id='word_1_87' title='bbox 389 1393 419 1431; x_wconf 92' lang='lat' dir='ltr'><strong>a</strong></span> <span class='ocrx_word' id='word_1_88' title='bbox 463 1378 621 1432; x_wconf 91' lang='lat' dir='ltr'><strong>nobis</strong></span> <span class='ocrx_word' id='word_1_89' title='bbox 660 1378 867 1439; x_wconf 91' lang='lat' dir='ltr'><strong>omnia,</strong></span> <span class='ocrx_word' id='word_1_90' title='bbox 899 1392 1243 1448; x_wconf 63' lang='lat' dir='ltr'><strong>quaacunque</strong></span> <span class='ocrx_word' id='word_1_91' title='bbox 1272 1392 1371 1445; x_wconf 88' lang='lat' dir='ltr'><strong>pro</strong></span> <span class='ocrx_word' id='word_1_92' title='bbox 1410 1377 1576 1446; x_wconf 88' lang='lat' dir='ltr'><strong>hujus</strong></span> <span class='ocrx_word' id='word_1_93' title='bbox 1608 1376 1865 1448; x_wconf 86' lang='lat' dir='ltr'><strong>ingenioli</strong></span> <span class='ocrx_word' id='word_1_94' title='bbox 1898 1375 1974 1430; x_wconf 87' lang='lat' dir='ltr'><strong>l&#39;a-</strong></span> 
     </span>
    </p>
   </div>
   <div class='ocr_carea' id='block_1_17' title="bbox 389 1470 1976 1540">
    <p class='ocr_par' dir='ltr' id='par_1_17' title="bbox 389 1470 1976 1540">
     <span class='ocr_line' id='line_1_17' title="bbox 389 1470 1976 1540; baseline 0.001 -17"><span class='ocrx_word' id='word_1_95' title='bbox 389 1472 595 1524; x_wconf 90' lang='lat' dir='ltr'><strong>cultate</strong></span> <span class='ocrx_word' id='word_1_96' title='bbox 630 1470 960 1540; x_wconf 86' lang='lat' dir='ltr'><strong>investigare</strong></span> <span class='ocrx_word' id='word_1_97' title='bbox 988 1471 1306 1539; x_wconf 86' lang='lat' dir='ltr'><strong>potuimus;</strong></span> <span class='ocrx_word' id='word_1_98' title='bbox 1360 1485 1541 1539; x_wconf 85' lang='lat' dir='ltr'><strong>neque</strong></span> <span class='ocrx_word' id='word_1_99' title='bbox 1586 1471 1828 1524; x_wconf 88' lang='lat' dir='ltr'><strong>omnium</strong></span> <span class='ocrx_word' id='word_1_100' title='bbox 1855 1484 1976 1539; x_wconf 65' lang='lat' dir='ltr'><strong>quae</strong></span> 
     </span>
    </p>
   </div>
   <div class='ocr_carea' id='block_1_18' title="bbox 389 1560 1969 1631">
    <p class='ocr_par' dir='ltr' id='par_1_18' title="bbox 389 1560 1969 1631">
     <span class='ocr_line' id='line_1_18' title="bbox 389 1560 1969 1631; baseline 0.001 -16"><span class='ocrx_word' id='word_1_101' title='bbox 389 1562 444 1616; x_wconf 89' lang='lat' dir='ltr'><strong>in</strong></span> <span class='ocrx_word' id='word_1_102' title='bbox 480 1561 685 1616; x_wconf 87' lang='lat' dir='ltr'><strong>mundo</strong></span> <span class='ocrx_word' id='word_1_103' title='bbox 716 1568 843 1615; x_wconf 91' lang='lat' dir='ltr'><strong>sunt</strong></span> <span class='ocrx_word' id='word_1_104' title='bbox 874 1562 1253 1616; x_wconf 86' lang='lat' dir='ltr'><strong>tractationem</strong></span> <span class='ocrx_word' id='word_1_105' title='bbox 1284 1562 1389 1615; x_wconf 87' lang='lat' dir='ltr'><strong>hoc</strong></span> <span class='ocrx_word' id='word_1_106' title='bbox 1425 1562 1479 1614; x_wconf 90' lang='lat' dir='ltr'><strong>in</strong></span> <span class='ocrx_word' id='word_1_107' title='bbox 1512 1576 1678 1631; x_wconf 90' lang='lat' dir='ltr'><strong>opere</strong></span> <span class='ocrx_word' id='word_1_108' title='bbox 1709 1560 1969 1631; x_wconf 88' lang='lat' dir='ltr'><strong>proﬁteri.</strong></span> 
     </span>
    </p>
   </div>
   <div class='ocr_carea' id='block_1_19' title="bbox 386 1652 1975 1724">
    <p class='ocr_par' dir='ltr' id='par_1_19' title="bbox 386 1652 1975 1724">
     <span class='ocr_line' id='line_1_19' title="bbox 386 1652 1975 1724; baseline -0.001 -17"><span class='ocrx_word' id='word_1_109' title='bbox 386 1652 520 1707; x_wconf 88' lang='lat' dir='ltr'><strong>Nam</strong></span> <span class='ocrx_word' id='word_1_110' title='bbox 542 1668 718 1724; x_wconf 88' lang='lat' dir='ltr'><strong>neque</strong></span> <span class='ocrx_word' id='word_1_111' title='bbox 742 1655 1051 1723; x_wconf 83' lang='lat' dir='ltr'><strong>percenseri</strong></span> <span class='ocrx_word' id='word_1_112' title='bbox 1084 1653 1335 1718; x_wconf 89' lang='lat' dir='ltr'><strong>dicendo,</strong></span> <span class='ocrx_word' id='word_1_113' title='bbox 1369 1668 1544 1724; x_wconf 92' lang='lat' dir='ltr'><strong>neque</strong></span> <span class='ocrx_word' id='word_1_114' title='bbox 1567 1667 1795 1707; x_wconf 90' lang='lat' dir='ltr'><strong>numero</strong></span> <span class='ocrx_word' id='word_1_115' title='bbox 1823 1668 1975 1707; x_wconf 88' lang='lat' dir='ltr'><strong>com-</strong></span> 
     </span>
    </p>
   </div>
   <div class='ocr_carea' id='block_1_20' title="bbox 2081 456 3661 530">
    <p class='ocr_par' dir='ltr' id='par_1_20' title="bbox 2081 456 3661 530">
     <span class='ocr_line' id='line_1_20' title="bbox 2081 456 3661 530; baseline 0.003 -22"><span class='ocrx_word' id='word_1_116' title='bbox 2081 457 2253 526; x_wconf 84' lang='grc' dir='ltr'>χείας,</span> <span class='ocrx_word' id='word_1_117' title='bbox 2301 458 2395 509; x_wconf 71' lang='grc' dir='ltr'>καὶ</span> <span class='ocrx_word' id='word_1_118' title='bbox 2445 456 2749 527; x_wconf 81' lang='grc' dir='ltr'><strong>ἐμπνεῦσαι</strong></span> <span class='ocrx_word' id='word_1_119' title='bbox 2789 458 2848 511; x_wconf 82' lang='grc' dir='ltr'><strong>τὸ</strong></span> <span class='ocrx_word' id='word_1_120' title='bbox 2896 459 3049 527; x_wconf 83' lang='grc' dir='ltr'>ἆγιον</span> <span class='ocrx_word' id='word_1_121' title='bbox 3093 459 3257 513; x_wconf 82' lang='grc' dir='ltr'>αὑτοῦ</span> <span class='ocrx_word' id='word_1_122' title='bbox 3305 459 3549 530; x_wconf 79' lang='grc' dir='ltr'><strong>Πνεῦμα,</strong></span> <span class='ocrx_word' id='word_1_123' title='bbox 3587 463 3661 523; x_wconf 84' lang='grc' dir='ltr'><strong>είς</strong></span> 
     </span>
    </p>
   </div>
   <div class='ocr_carea' id='block_1_21' title="bbox 2077 547 3663 619">
    <p class='ocr_par' dir='ltr' id='par_1_21' title="bbox 2077 547 3663 619">
     <span class='ocr_line' id='line_1_21' title="bbox 2077 547 3663 619; baseline 0.001 -20"><span class='ocrx_word' id='word_1_124' title='bbox 2077 547 2138 599; x_wconf 87' lang='grc' dir='ltr'><strong>τὸ</strong></span> <span class='ocrx_word' id='word_1_125' title='bbox 2174 547 2341 618; x_wconf 83' lang='grc' dir='ltr'>μηδὲν</span> <span class='ocrx_word' id='word_1_126' title='bbox 2375 548 2900 619; x_wconf 85' lang='grc' dir='ltr'>παραπεποιημένον</span> <span class='ocrx_word' id='word_1_127' title='bbox 2932 550 3012 613; x_wconf 81' lang='grc' dir='ltr'><strong>είς</strong></span> <span class='ocrx_word' id='word_1_128' title='bbox 3052 550 3150 619; x_wconf 81' lang='grc' dir='ltr'>τὴν</span> <span class='ocrx_word' id='word_1_129' title='bbox 3197 549 3295 618; x_wconf 81' lang='grc' dir='ltr'>τῆς</span> <span class='ocrx_word' id='word_1_130' title='bbox 3332 550 3663 617; x_wconf 78' lang='grc' dir='ltr'><strong>ἐπαγγελίας</strong></span> 
     </span>
    </p>
   </div>
   <div class='ocr_carea' id='block_1_22' title="bbox 2078 638 3662 711">
    <p class='ocr_par' dir='ltr' id='par_1_22' title="bbox 2078 638 3662 711">
     <span class='ocr_line' id='line_1_22' title="bbox 2078 638 3662 711; baseline 0.001 -20"><span class='ocrx_word' id='word_1_131' title='bbox 2078 639 2298 711; x_wconf 88' lang='grc' dir='ltr'>γραφὴν</span> <span class='ocrx_word' id='word_1_132' title='bbox 2345 638 2622 704; x_wconf 74' lang='grc' dir='ltr'><strong>συντάξαι.</strong></span> <span class='ocrx_word' id='word_1_133' title='bbox 2661 641 2769 692; x_wconf 80' lang='grc' dir='ltr'><strong>Καὶ</strong></span> <span class='ocrx_word' id='word_1_134' title='bbox 2803 640 2935 693; x_wconf 80' lang='grc' dir='ltr'>αὐτὸ</span> <span class='ocrx_word' id='word_1_135' title='bbox 2966 640 3125 695; x_wconf 89' lang='grc' dir='ltr'>τοῦτο</span> <span class='ocrx_word' id='word_1_136' title='bbox 3161 642 3534 710; x_wconf 77' lang='grc' dir='ltr'>αἰτησάμενοι,</span> <span class='ocrx_word' id='word_1_137' title='bbox 3566 640 3662 709; x_wconf 76' lang='grc' dir='ltr'>τὴν</span> 
     </span>
    </p>
   </div>
   <div class='ocr_carea' id='block_1_23' title="bbox 2077 730 3661 803">
    <p class='ocr_par' dir='ltr' id='par_1_23' title="bbox 2077 730 3661 803">
     <span class='ocr_line' id='line_1_23' title="bbox 2077 730 3661 803; baseline 0.001 -21"><span class='ocrx_word' id='word_1_138' title='bbox 2077 730 2285 783; x_wconf 83' lang='grc' dir='ltr'>ἑαυτῶν</span> <span class='ocrx_word' id='word_1_139' title='bbox 2333 732 2696 803; x_wconf 80' lang='grc' dir='ltr'>ἀνικανότητα</span> <span class='ocrx_word' id='word_1_140' title='bbox 2734 732 3113 802; x_wconf 76' lang='grc' dir='ltr'><strong>γινώσκοντες,</strong></span> <span class='ocrx_word' id='word_1_141' title='bbox 3148 734 3290 787; x_wconf 84' lang='grc' dir='ltr'><strong>κατά</strong></span> <span class='ocrx_word' id='word_1_142' title='bbox 3334 732 3531 803; x_wconf 79' lang='grc' dir='ltr'>μέτρον</span> <span class='ocrx_word' id='word_1_143' title='bbox 3565 733 3661 801; x_wconf 77' lang='grc' dir='ltr'>τῆς</span> 
     </span>
    </p>
   </div>
   <div class='ocr_carea' id='block_1_24' title="bbox 2077 823 3659 901">
    <p class='ocr_par' dir='ltr' id='par_1_24' title="bbox 2077 823 3659 901">
     <span class='ocr_line' id='line_1_24' title="bbox 2077 823 3659 901; baseline 0 -27"><span class='ocrx_word' id='word_1_144' title='bbox 2077 823 2314 887; x_wconf 87' lang='grc' dir='ltr'>πίστεως</span> <span class='ocrx_word' id='word_1_145' title='bbox 2380 826 2473 877; x_wconf 79' lang='grc' dir='ltr'>καὶ</span> <span class='ocrx_word' id='word_1_146' title='bbox 2516 826 2659 879; x_wconf 84' lang='grc' dir='ltr'>κατὰ</span> <span class='ocrx_word' id='word_1_147' title='bbox 2690 826 2980 901; x_wconf 78' lang='grc' dir='ltr'>ἀναλογίαν</span> <span class='ocrx_word' id='word_1_148' title='bbox 3008 826 3351 898; x_wconf 79' lang='grc' dir='ltr'>δωρήσασθαι</span> <span class='ocrx_word' id='word_1_149' title='bbox 3382 828 3474 877; x_wconf 76' lang='grc' dir='ltr'><strong>τὸν</strong></span> <span class='ocrx_word' id='word_1_150' title='bbox 3502 825 3659 876; x_wconf 73' lang='grc' dir='ltr'>αὑτὸν</span> 
     </span>
    </p>
   </div>
   <div class='ocr_carea' id='block_1_25' title="bbox 2078 916 2675 989">
    <p class='ocr_par' dir='ltr' id='par_1_25' title="bbox 2078 916 2675 989">
     <span class='ocr_line' id='line_1_25' title="bbox 2078 916 2675 989; baseline 0.013 -22"><span class='ocrx_word' id='word_1_151' title='bbox 2078 916 2208 986; x_wconf 78' lang='grc' dir='ltr'>ἡμῖν</span> <span class='ocrx_word' id='word_1_152' title='bbox 2230 917 2547 987; x_wconf 82' lang='grc' dir='ltr'>παρακαλοῦ</span> <span class='ocrx_word' id='word_1_153' title='bbox 2557 935 2675 989; x_wconf 87' lang='grc' dir='ltr'>μεν.</span> 
     </span>
    </p>
   </div>
   <div class='ocr_carea' id='block_1_26' title="bbox 2147 1094 3658 1164">
    <p class='ocr_par' dir='ltr' id='par_1_26' title="bbox 2147 1094 3658 1164">
     <span class='ocr_line' id='line_1_26' title="bbox 2147 1094 3658 1164; baseline -0.001 -16"><span class='ocrx_word' id='word_1_154' title='bbox 2147 1096 2222 1150; x_wconf 91' lang='lat' dir='ltr'><strong>B&#39;.</strong></span> <span class='ocrx_word' id='word_1_155' title='bbox 2268 1096 2452 1150; x_wconf 85' lang='grc' dir='ltr'>Ἔστω</span> <span class='ocrx_word' id='word_1_156' title='bbox 2502 1097 2558 1150; x_wconf 77' lang='grc' dir='ltr'>δὲ</span> <span class='ocrx_word' id='word_1_157' title='bbox 2605 1098 2632 1149; x_wconf 86' lang='grc' dir='ltr'><strong>ὁ</strong></span> <span class='ocrx_word' id='word_1_158' title='bbox 2683 1097 2882 1159; x_wconf 71' lang='grc' dir='ltr'>σκοπὸς</span> <span class='ocrx_word' id='word_1_159' title='bbox 2938 1096 3102 1149; x_wconf 54' lang='grc' dir='ltr'><strong>παντὶ⁸</strong></span> <span class='ocrx_word' id='word_1_160' title='bbox 3151 1094 3229 1164; x_wconf 82' lang='grc' dir='ltr'><strong>τῷ</strong></span> <span class='ocrx_word' id='word_1_161' title='bbox 3280 1095 3658 1164; x_wconf 74' lang='grc' dir='ltr'>ἐντυγχάνοντι</span> 
     </span>
    </p>
   </div>
   <div class='ocr_carea' id='block_1_27' title="bbox 2077 1185 3659 1264">
    <p class='ocr_par' dir='ltr' id='par_1_27' title="bbox 2077 1185 3659 1264">
     <span class='ocr_line' id='line_1_27' title="bbox 2077 1185 3659 1264; baseline -0.006 -19"><span class='ocrx_word' id='word_1_162' title='bbox 2077 1194 2206 1264; x_wconf 73' lang='grc' dir='ltr'>περὶ</span> <span class='ocrx_word' id='word_1_163' title='bbox 2256 1191 2459 1253; x_wconf 78' lang='grc' dir='ltr'>παντὸς</span> <span class='ocrx_word' id='word_1_164' title='bbox 2504 1189 2599 1242; x_wconf 86' lang='grc' dir='ltr'><strong>τοῦ</strong></span> <span class='ocrx_word' id='word_1_165' title='bbox 2650 1189 2982 1261; x_wconf 78' lang='grc' dir='ltr'>ζητήματος,</span> <span class='ocrx_word' id='word_1_166' title='bbox 3027 1187 3101 1250; x_wconf 82' lang='grc' dir='ltr'>ὡς</span> <span class='ocrx_word' id='word_1_167' title='bbox 3147 1188 3253 1239; x_wconf 88' lang='grc' dir='ltr'><strong>τῶν</strong></span> <span class='ocrx_word' id='word_1_168' title='bbox 3289 1185 3496 1256; x_wconf 76' lang='grc' dir='ltr'>καιρῶν</span> <span class='ocrx_word' id='word_1_169' title='bbox 3546 1188 3659 1237; x_wconf 76' lang='grc' dir='ltr'>ἐστι</span> 
     </span>
    </p>
   </div>
   <div class='ocr_carea' id='block_1_28' title="bbox 2076 1267 3659 1356">
    <p class='ocr_par' dir='ltr' id='par_1_28' title="bbox 2076 1267 3659 1356">
     <span class='ocr_line' id='line_1_28' title="bbox 2076 1267 3659 1356; baseline -0.006 -17"><span class='ocrx_word' id='word_1_170' title='bbox 2076 1285 2173 1339; x_wconf 75' lang='grc' dir='ltr'>καὶ</span> <span class='ocrx_word' id='word_1_171' title='bbox 2216 1267 2421 1356; x_wconf 70' lang='grc' dir='ltr'>χρόνων</span> <span class='ocrx_word' id='word_1_172' title='bbox 2452 1283 2521 1338; x_wconf 78' lang='grc' dir='ltr'>τὰ</span> <span class='ocrx_word' id='word_1_173' title='bbox 2566 1283 2954 1354; x_wconf 81' lang='grc' dir='ltr'>ὑφευρὴματα,</span> <span class='ocrx_word' id='word_1_174' title='bbox 2998 1282 3097 1334; x_wconf 85' lang='grc' dir='ltr'>ὅσα</span> <span class='ocrx_word' id='word_1_175' title='bbox 3132 1280 3368 1350; x_wconf 64' lang='grc' dir='ltr'>ἠδυνήθη</span> <span class='ocrx_word' id='word_1_176' title='bbox 3402 1281 3429 1331; x_wconf 86' lang='grc' dir='ltr'>ὁ</span> <span class='ocrx_word' id='word_1_177' title='bbox 3467 1278 3659 1348; x_wconf 70' lang='grc' dir='ltr'>μικρὸς</span> 
     </span>
    </p>
   </div>
   <div class='ocr_carea' id='block_1_29' title="bbox 2076 1371 3660 1449">
    <p class='ocr_par' dir='ltr' id='par_1_29' title="bbox 2076 1371 3660 1449">
     <span class='ocr_line' id='line_1_29' title="bbox 2076 1371 3660 1449; baseline -0.006 -18"><span class='ocrx_word' id='word_1_178' title='bbox 2076 1377 2233 1449; x_wconf 78' lang='grc' dir='ltr'>ἡμῶν</span> <span class='ocrx_word' id='word_1_179' title='bbox 2267 1376 2389 1442; x_wconf 83' lang='grc' dir='ltr'>νοῦς</span> <span class='ocrx_word' id='word_1_180' title='bbox 2440 1375 2763 1447; x_wconf 73' lang='grc' dir='ltr'>ὲξασκηοεὶς</span> <span class='ocrx_word' id='word_1_181' title='bbox 2795 1374 3217 1427; x_wconf 77' lang='grc' dir='ltr'>καταλαϐέσθαι.</span> <span class='ocrx_word' id='word_1_182' title='bbox 3257 1372 3367 1425; x_wconf 73' lang='lat' dir='ltr'><strong>Kal.</strong></span> <span class='ocrx_word' id='word_1_183' title='bbox 3412 1371 3473 1424; x_wconf 81' lang='grc' dir='ltr'>οὐ</span> <span class='ocrx_word' id='word_1_184' title='bbox 3524 1371 3660 1423; x_wconf 81' lang='grc' dir='ltr'>πάν-</span> 
     </span>
    </p>
   </div>
   <div class='ocr_carea' id='block_1_30' title="bbox 2074 1464 3655 1539">
    <p class='ocr_par' dir='ltr' id='par_1_30' title="bbox 2074 1464 3655 1539">
     <span class='ocr_line' id='line_1_30' title="bbox 2074 1464 3655 1539; baseline -0.004 -16"><span class='ocrx_word' id='word_1_185' title='bbox 2074 1488 2184 1534; x_wconf 88' lang='grc' dir='ltr'><strong>τως</strong></span> <span class='ocrx_word' id='word_1_186' title='bbox 2228 1488 2329 1523; x_wconf 90' lang='grc' dir='ltr'><strong>που</strong></span> <span class='ocrx_word' id='word_1_187' title='bbox 2361 1468 2808 1539; x_wconf 76' lang='grc' dir='ltr'>ἐπαγγελλόμεθα</span> <span class='ocrx_word' id='word_1_188' title='bbox 2852 1468 3064 1521; x_wconf 87' lang='grc' dir='ltr'>πάντων</span> <span class='ocrx_word' id='word_1_189' title='bbox 3096 1466 3203 1519; x_wconf 87' lang='grc' dir='ltr'><strong>τῶν</strong></span> <span class='ocrx_word' id='word_1_190' title='bbox 3235 1467 3291 1518; x_wconf 80' lang='grc' dir='ltr'><strong>ἐν</strong></span> <span class='ocrx_word' id='word_1_191' title='bbox 3335 1466 3411 1535; x_wconf 81' lang='grc' dir='ltr'>τῷ</span> <span class='ocrx_word' id='word_1_192' title='bbox 3446 1464 3655 1533; x_wconf 79' lang='grc' dir='ltr'>κόσμῳ.</span> 
     </span>
    </p>
   </div>
   <div class='ocr_carea' id='block_1_31' title="bbox 2080 1558 3658 1631">
    <p class='ocr_par' dir='ltr' id='par_1_31' title="bbox 2080 1558 3658 1631">
     <span class='ocr_line' id='line_1_31' title="bbox 2080 1558 3658 1631; baseline -0.004 -17"><span class='ocrx_word' id='word_1_193' title='bbox 2080 1564 2297 1631; x_wconf 79' lang='grc' dir='ltr'>Ἀφατα</span> <span class='ocrx_word' id='word_1_194' title='bbox 2345 1563 2454 1631; x_wconf 88' lang='grc' dir='ltr'><strong>γάρ</strong></span> <span class='ocrx_word' id='word_1_195' title='bbox 2497 1563 2613 1613; x_wconf 74' lang='grc' dir='ltr'>ἐστι</span> <span class='ocrx_word' id='word_1_196' title='bbox 2647 1560 2741 1613; x_wconf 72' lang='grc' dir='ltr'><strong>καὶ</strong></span> <span class='ocrx_word' id='word_1_197' title='bbox 2776 1560 2919 1628; x_wconf 88' lang='grc' dir='ltr'><strong>φατά</strong></span> <span class='ocrx_word' id='word_1_198' title='bbox 2953 1560 3030 1629; x_wconf 82' lang='grc'><strong>(1)</strong></span> <span class='ocrx_word' id='word_1_199' title='bbox 3053 1602 3066 1623; x_wconf 96' lang='grc'><strong>,</strong></span> <span class='ocrx_word' id='word_1_200' title='bbox 3103 1558 3358 1629; x_wconf 84' lang='grc' dir='ltr'>ἀμύθητά</span> <span class='ocrx_word' id='word_1_201' title='bbox 3394 1575 3452 1610; x_wconf 92' lang='grc' dir='ltr'><strong>τε</strong></span> <span class='ocrx_word' id='word_1_202' title='bbox 3478 1558 3574 1609; x_wconf 72' lang='grc' dir='ltr'><strong>καὶ</strong></span> <span class='ocrx_word' id='word_1_203' title='bbox 3604 1558 3658 1608; x_wconf 80' lang='grc' dir='ltr'>ἐν</span> 
     </span>
    </p>
   </div>
   <div class='ocr_carea' id='block_1_32' title="bbox 2076 1649 3658 1726">
    <p class='ocr_par' dir='ltr' id='par_1_32' title="bbox 2076 1649 3658 1726">
     <span class='ocr_line' id='line_1_32' title="bbox 2076 1649 3658 1726; baseline -0.003 -19"><span class='ocrx_word' id='word_1_204' title='bbox 2076 1655 2293 1726; x_wconf 85' lang='grc' dir='ltr'>ἀριθμῷ</span> <span class='ocrx_word' id='word_1_205' title='bbox 2330 1656 2405 1726; x_wconf 84' lang='grc' dir='ltr'><strong>μὴ</strong></span> <span class='ocrx_word' id='word_1_206' title='bbox 2457 1655 2853 1724; x_wconf 87' lang='grc' dir='ltr'>καθιστάμενα,</span> <span class='ocrx_word' id='word_1_207' title='bbox 2896 1654 2989 1706; x_wconf 61' lang='grc' dir='ltr'><strong>καὶ¹</strong></span> <span class='ocrx_word' id='word_1_208' title='bbox 3030 1654 3152 1705; x_wconf 84' lang='grc' dir='ltr'>ὅσον</span> <span class='ocrx_word' id='word_1_209' title='bbox 3186 1652 3284 1723; x_wconf 84' lang='grc' dir='ltr'><strong>μὲν</strong></span> <span class='ocrx_word' id='word_1_210' title='bbox 3322 1652 3401 1714; x_wconf 83' lang='grc' dir='ltr'><strong>είς</strong></span> <span class='ocrx_word' id='word_1_211' title='bbox 3449 1649 3658 1721; x_wconf 83' lang='grc' dir='ltr'>ἀνθρώ-</span> 
     </span>
    </p>
   </div>
   <div class='ocr_carea' id='block_1_33' title="bbox 387 1741 1944 1820">
    <p class='ocr_par' dir='ltr' id='par_1_33' title="bbox 387 1745 1944 1817">
     <span class='ocr_line' id='line_1_33' title="bbox 387 1745 1944 1817; baseline -0.001 -17"><span class='ocrx_word' id='word_1_212' title='bbox 387 1746 648 1817; x_wconf 85' lang='lat' dir='ltr'><strong>prehendi</strong></span> <span class='ocrx_word' id='word_1_213' title='bbox 707 1756 986 1815; x_wconf 89' lang='lat' dir='ltr'><strong>possunt;</strong></span> <span class='ocrx_word' id='word_1_214' title='bbox 1036 1755 1200 1816; x_wconf 86' lang='lat' dir='ltr'><strong>atque</strong></span> <span class='ocrx_word' id='word_1_215' title='bbox 1252 1756 1307 1799; x_wconf 90' lang='lat' dir='ltr'><strong>ut</strong></span> <span class='ocrx_word' id='word_1_216' title='bbox 1364 1745 1729 1799; x_wconf 91' lang='lat' dir='ltr'><strong>humanarum</strong></span> <span class='ocrx_word' id='word_1_217' title='bbox 1772 1745 1944 1800; x_wconf 89' lang='lat' dir='ltr'><strong>viriun</strong></span> 
     </span>
    </p>
   </div>
   <div class='ocr_carea' id='block_1_34' title="bbox 2132 1741 3659 1820">
    <p class='ocr_par' dir='ltr' id='par_1_34' title="bbox 2132 1741 3659 1819">
     <span class='ocr_line' id='line_1_34' title="bbox 2132 1741 3659 1819; baseline -0.006 -19"><span class='ocrx_word' id='word_1_218' title='bbox 2132 1765 2205 1811; x_wconf 70' lang='grc' dir='ltr'><strong>ιυς</strong></span> <span class='ocrx_word' id='word_1_219' title='bbox 2238 1742 2371 1819; x_wconf 83' lang='grc' dir='ltr'>ἦκεν</span> <span class='ocrx_word' id='word_1_220' title='bbox 2397 1747 2683 1816; x_wconf 76' lang='grc' dir='ltr'>ἀνέφικτα,</span> <span class='ocrx_word' id='word_1_221' title='bbox 2723 1745 2869 1816; x_wconf 85' lang='grc' dir='ltr'>μόνῳ</span> <span class='ocrx_word' id='word_1_222' title='bbox 2903 1745 2960 1797; x_wconf 86' lang='grc' dir='ltr'>δὲ</span> <span class='ocrx_word' id='word_1_223' title='bbox 3002 1744 3078 1815; x_wconf 84' lang='grc' dir='ltr'><strong>τῷ</strong></span> <span class='ocrx_word' id='word_1_224' title='bbox 3108 1743 3215 1796; x_wconf 87' lang='grc' dir='ltr'><strong>τῶν</strong></span> <span class='ocrx_word' id='word_1_225' title='bbox 3243 1742 3379 1795; x_wconf 80' lang='grc' dir='ltr'>ὅλων</span> <span class='ocrx_word' id='word_1_226' title='bbox 3411 1741 3659 1809; x_wconf 82' lang='grc' dir='ltr'>Δεσπότῃ</span> 
     </span>
    </p>
   </div>
   <div class='ocr_carea' id='block_1_35' title="bbox 388 1835 1974 1910">
    <p class='ocr_par' dir='ltr' id='par_1_35' title="bbox 388 1835 1974 1910">
     <span class='ocr_line' id='line_1_35' title="bbox 388 1835 1974 1910; baseline -0.003 -17"><span class='ocrx_word' id='word_1_227' title='bbox 388 1848 612 1910; x_wconf 83' lang='lat' dir='ltr'><strong>captum</strong></span> <span class='ocrx_word' id='word_1_228' title='bbox 646 1848 1013 1907; x_wconf 74' lang='lat' dir='ltr'><strong>exsuperant:</strong></span> <span class='ocrx_word' id='word_1_229' title='bbox 1055 1839 1127 1890; x_wconf 89' lang='lat' dir='ltr'><strong>ita</strong></span> <span class='ocrx_word' id='word_1_230' title='bbox 1153 1838 1253 1891; x_wconf 89' lang='lat' dir='ltr'><strong>soli</strong></span> <span class='ocrx_word' id='word_1_231' title='bbox 1298 1838 1542 1892; x_wconf 89' lang='lat' dir='ltr'><strong>omnium</strong></span> <span class='ocrx_word' id='word_1_232' title='bbox 1596 1835 1825 1890; x_wconf 85' lang='lat' dir='ltr'><strong>Domino</strong></span> <span class='ocrx_word' id='word_1_233' title='bbox 1853 1851 1974 1906; x_wconf 90' lang='lat' dir='ltr'><strong>per-</strong></span> 
     </span>
    </p>
   </div>
   <div class='ocr_carea' id='block_1_36' title="bbox 390 1928 1975 2002">
    <p class='ocr_par' dir='ltr' id='par_1_36' title="bbox 390 1928 1975 2002">
     <span class='ocr_line' id='line_1_36' title="bbox 390 1928 1975 2002; baseline -0.004 -15"><span class='ocrx_word' id='word_1_234' title='bbox 390 1939 576 2002; x_wconf 75' lang='lat' dir='ltr'><strong>specta</strong></span> <span class='ocrx_word' id='word_1_235' title='bbox 600 1938 748 1993; x_wconf 88' lang='lat' dir='ltr'><strong>sunt,</strong></span> <span class='ocrx_word' id='word_1_236' title='bbox 782 1937 837 1983; x_wconf 90' lang='lat' dir='ltr'><strong>et</strong></span> <span class='ocrx_word' id='word_1_237' title='bbox 860 1929 1098 2000; x_wconf 81' lang='lat' dir='ltr'><strong>cognita.</strong></span> <span class='ocrx_word' id='word_1_238' title='bbox 1126 1928 1228 1983; x_wconf 88' lang='lat' dir='ltr'><strong>Sed</strong></span> <span class='ocrx_word' id='word_1_239' title='bbox 1259 1944 1321 1984; x_wconf 90' lang='lat' dir='ltr'><strong>ea</strong></span> <span class='ocrx_word' id='word_1_240' title='bbox 1352 1928 1571 1983; x_wconf 83' lang='lat' dir='ltr'><strong>demum</strong></span> <span class='ocrx_word' id='word_1_241' title='bbox 1606 1928 1842 1983; x_wconf 87' lang='lat' dir='ltr'><strong>instituti</strong></span> <span class='ocrx_word' id='word_1_242' title='bbox 1875 1944 1975 1982; x_wconf 88' lang='lat' dir='ltr'><strong>no-</strong></span> 
     </span>
    </p>
   </div>
   <div class='ocr_carea' id='block_1_37' title="bbox 390 2021 1971 2092">
    <p class='ocr_par' dir='ltr' id='par_1_37' title="bbox 390 2021 1971 2092">
     <span class='ocr_line' id='line_1_37' title="bbox 390 2021 1971 2092; baseline -0.001 -14"><span class='ocrx_word' id='word_1_243' title='bbox 390 2023 488 2079; x_wconf 89' lang='lat' dir='ltr'><strong>stri</strong></span> <span class='ocrx_word' id='word_1_244' title='bbox 521 2022 663 2076; x_wconf 87' lang='lat' dir='ltr'><strong>ratio</strong></span> <span class='ocrx_word' id='word_1_245' title='bbox 695 2029 800 2084; x_wconf 88' lang='lat' dir='ltr'><strong>est,</strong></span> <span class='ocrx_word' id='word_1_246' title='bbox 848 2030 905 2075; x_wconf 89' lang='lat' dir='ltr'><strong>ut</strong></span> <span class='ocrx_word' id='word_1_247' title='bbox 943 2021 1230 2091; x_wconf 81' lang='lat' dir='ltr'><strong>Opiniones</strong></span> <span class='ocrx_word' id='word_1_248' title='bbox 1288 2022 1732 2092; x_wconf 80' lang='lat' dir='ltr'><strong>cognitioncsque</strong></span> <span class='ocrx_word' id='word_1_249' title='bbox 1772 2023 1971 2085; x_wconf 89' lang='lat' dir='ltr'><strong>varias,</strong></span> 
     </span>
    </p>
   </div>
   <div class='ocr_carea' id='block_1_38' title="bbox 388 2111 1972 2183">
    <p class='ocr_par' dir='ltr' id='par_1_38' title="bbox 388 2111 1972 2183">
     <span class='ocr_line' id='line_1_38' title="bbox 388 2111 1972 2183; baseline 0.002 -16"><span class='ocrx_word' id='word_1_250' title='bbox 388 2128 453 2167; x_wconf 89' lang='lat' dir='ltr'><strong>ac</strong></span> <span class='ocrx_word' id='word_1_251' title='bbox 489 2123 600 2167; x_wconf 90' lang='lat' dir='ltr'><strong>tam</strong></span> <span class='ocrx_word' id='word_1_252' title='bbox 652 2111 776 2166; x_wconf 86' lang='lat' dir='ltr'><strong>ﬁdei</strong></span> <span class='ocrx_word' id='word_1_253' title='bbox 818 2127 981 2183; x_wconf 92' lang='lat' dir='ltr'><strong>quam</strong></span> <span class='ocrx_word' id='word_1_254' title='bbox 1011 2112 1346 2169; x_wconf 81' lang='lat' dir='ltr'><strong>inﬁdelitatis</strong></span> <span class='ocrx_word' id='word_1_255' title='bbox 1380 2114 1770 2183; x_wconf 80' lang='lat' dir='ltr'><strong>professiones,</strong></span> <span class='ocrx_word' id='word_1_256' title='bbox 1804 2115 1972 2170; x_wconf 43' lang='lat' dir='ltr'><strong>luere-</strong></span> 
     </span>
    </p>
   </div>
   <div class='ocr_carea' id='block_1_39' title="bbox 390 2200 1975 2274">
    <p class='ocr_par' dir='ltr' id='par_1_39' title="bbox 390 2200 1975 2274">
     <span class='ocr_line' id='line_1_39' title="bbox 390 2200 1975 2274; baseline 0.004 -20"><span class='ocrx_word' id='word_1_257' title='bbox 390 2215 479 2255; x_wconf 90' lang='lat' dir='ltr'><strong>ses</strong></span> <span class='ocrx_word' id='word_1_258' title='bbox 501 2200 629 2254; x_wconf 87' lang='lat' dir='ltr'><strong>item</strong></span> <span class='ocrx_word' id='word_1_259' title='bbox 660 2214 724 2254; x_wconf 89' lang='lat' dir='ltr'><strong>ac</strong></span> <span class='ocrx_word' id='word_1_260' title='bbox 768 2216 937 2271; x_wconf 85' lang='lat' dir='ltr'><strong>prava</strong></span> <span class='ocrx_word' id='word_1_261' title='bbox 971 2202 1220 2272; x_wconf 80' lang='lat' dir='ltr'><strong>dogmata</strong></span> <span class='ocrx_word' id='word_1_262' title='bbox 1252 2204 1607 2272; x_wconf 86' lang='lat' dir='ltr'><strong>complectar,</strong></span> <span class='ocrx_word' id='word_1_263' title='bbox 1638 2219 1761 2274; x_wconf 70' lang='lat' dir='ltr'><strong>quae</strong></span> <span class='ocrx_word' id='word_1_264' title='bbox 1787 2220 1975 2261; x_wconf 83' lang='lat' dir='ltr'><strong>errore</strong></span> 
     </span>
    </p>
   </div>
   <div class='ocr_carea' id='block_1_40' title="bbox 388 2292 1974 2362">
    <p class='ocr_par' dir='ltr' id='par_1_40' title="bbox 388 2292 1974 2362">
     <span class='ocr_line' id='line_1_40' title="bbox 388 2292 1974 2362; baseline 0.004 -17"><span class='ocrx_word' id='word_1_265' title='bbox 388 2292 750 2347; x_wconf 86' lang='lat' dir='ltr'><strong>circumventi</strong></span> <span class='ocrx_word' id='word_1_266' title='bbox 788 2293 1041 2349; x_wconf 83' lang='lat' dir='ltr'><strong>homines</strong></span> <span class='ocrx_word' id='word_1_267' title='bbox 1077 2303 1191 2349; x_wconf 88' lang='lat' dir='ltr'><strong>toto</strong></span> <span class='ocrx_word' id='word_1_268' title='bbox 1238 2296 1371 2350; x_wconf 86' lang='lat' dir='ltr'><strong>orbe</strong></span> <span class='ocrx_word' id='word_1_269' title='bbox 1399 2296 1863 2362; x_wconf 87' lang='lat' dir='ltr'><strong>disseminaruut;</strong></span> <span class='ocrx_word' id='word_1_270' title='bbox 1907 2313 1974 2352; x_wconf 78' lang='lat' dir='ltr'><strong>ex</strong></span> 
     </span>
    </p>
   </div>
   <div class='ocr_carea' id='block_1_41' title="bbox 387 2386 1975 2459">
    <p class='ocr_par' dir='ltr' id='par_1_41' title="bbox 387 2386 1975 2459">
     <span class='ocr_line' id='line_1_41' title="bbox 387 2386 1975 2459; baseline 0.004 -19"><span class='ocrx_word' id='word_1_271' title='bbox 387 2401 496 2456; x_wconf 88' lang='lat' dir='ltr'><strong>quo</strong></span> <span class='ocrx_word' id='word_1_272' title='bbox 526 2387 759 2459; x_wconf 90' lang='lat' dir='ltr'><strong>primum</strong></span> <span class='ocrx_word' id='word_1_273' title='bbox 792 2386 1089 2442; x_wconf 90' lang='lat' dir='ltr'><strong>humanum</strong></span> <span class='ocrx_word' id='word_1_274' title='bbox 1123 2404 1297 2457; x_wconf 72' lang='lat' dir='ltr'><strong>genus</strong></span> <span class='ocrx_word' id='word_1_275' title='bbox 1320 2389 1373 2443; x_wconf 82' lang='lat' dir='ltr'><strong>in</strong></span> <span class='ocrx_word' id='word_1_276' title='bbox 1402 2400 1545 2445; x_wconf 89' lang='lat' dir='ltr'><strong>terra</strong></span> <span class='ocrx_word' id='word_1_277' title='bbox 1578 2390 1859 2445; x_wconf 91' lang='lat' dir='ltr'><strong>conditum</strong></span> <span class='ocrx_word' id='word_1_278' title='bbox 1890 2400 1975 2446; x_wconf 85' lang='lat' dir='ltr'><strong>est</strong></span> 
     </span>
    </p>
   </div>
   <div class='ocr_carea' id='block_1_42' title="bbox 388 2477 1972 2551">
    <p class='ocr_par' dir='ltr' id='par_1_42' title="bbox 388 2477 1972 2551">
     <span class='ocr_line' id='line_1_42' title="bbox 388 2477 1972 2551; baseline 0.003 -19"><span class='ocrx_word' id='word_1_279' title='bbox 388 2477 454 2533; x_wconf 80' lang='lat' dir='ltr'><strong>ad</strong></span> <span class='ocrx_word' id='word_1_280' title='bbox 487 2479 808 2535; x_wconf 89' lang='lat' dir='ltr'><strong>hodiernum</strong></span> <span class='ocrx_word' id='word_1_281' title='bbox 861 2496 1033 2550; x_wconf 86' lang='lat' dir='ltr'><strong>usque</strong></span> <span class='ocrx_word' id='word_1_282' title='bbox 1063 2488 1299 2551; x_wconf 89' lang='lat' dir='ltr'><strong>tempus,</strong></span> <span class='ocrx_word' id='word_1_283' title='bbox 1343 2485 1435 2551; x_wconf 88' lang='lat' dir='ltr'><strong>qui</strong></span> <span class='ocrx_word' id='word_1_284' title='bbox 1469 2492 1553 2537; x_wconf 92' lang='lat' dir='ltr'><strong>est</strong></span> <span class='ocrx_word' id='word_1_285' title='bbox 1608 2481 1972 2537; x_wconf 80' lang='lat' dir='ltr'><strong>Valentiniani</strong></span> 
     </span>
    </p>
   </div>
   <div class='ocr_carea' id='block_1_43' title="bbox 386 2569 1974 2645">
    <p class='ocr_par' dir='ltr' id='par_1_43' title="bbox 386 2569 1974 2645">
     <span class='ocr_line' id='line_1_43' title="bbox 386 2569 1974 2645; baseline 0.001 -18"><span class='ocrx_word' id='word_1_286' title='bbox 386 2578 442 2627; x_wconf 88' lang='lat' dir='ltr'><strong>et</strong></span> <span class='ocrx_word' id='word_1_287' title='bbox 470 2569 716 2627; x_wconf 76' lang='lat' dir='ltr'><strong>Valentis</strong></span> <span class='ocrx_word' id='word_1_288' title='bbox 740 2586 917 2627; x_wconf 85' lang='lat' dir='ltr'><strong>annus</strong></span> <span class='ocrx_word' id='word_1_289' title='bbox 947 2588 1032 2633; x_wconf 74' lang='lat' dir='ltr'><strong>xl,</strong></span> <span class='ocrx_word' id='word_1_290' title='bbox 1062 2570 1307 2627; x_wconf 88' lang='lat' dir='ltr'><strong>Gratiani</strong></span> <span class='ocrx_word' id='word_1_291' title='bbox 1342 2590 1437 2628; x_wconf 86' lang='lat' dir='ltr'><strong>vn.</strong></span> <span class='ocrx_word' id='word_1_292' title='bbox 1486 2574 1665 2644; x_wconf 85' lang='lat' dir='ltr'><strong>A&#39;tque</strong></span> <span class='ocrx_word' id='word_1_293' title='bbox 1718 2575 1810 2629; x_wconf 89' lang='lat' dir='ltr'><strong>illa</strong></span> <span class='ocrx_word' id='word_1_294' title='bbox 1848 2576 1974 2645; x_wconf 89' lang='lat' dir='ltr'><strong>qui-</strong></span> 
     </span>
    </p>
   </div>
   <div class='ocr_carea' id='block_1_44' title="bbox 388 2662 1974 2735">
    <p class='ocr_par' dir='ltr' id='par_1_44' title="bbox 388 2662 1974 2735">
     <span class='ocr_line' id='line_1_44' title="bbox 388 2662 1974 2735; baseline 0.004 -20"><span class='ocrx_word' id='word_1_295' title='bbox 388 2662 532 2728; x_wconf 89' lang='lat' dir='ltr'><strong>dem,</strong></span> <span class='ocrx_word' id='word_1_296' title='bbox 566 2678 687 2733; x_wconf 67' lang='lat' dir='ltr'><strong>qua:</strong></span> <span class='ocrx_word' id='word_1_297' title='bbox 714 2663 782 2718; x_wconf 91' lang='lat' dir='ltr'><strong>de</strong></span> <span class='ocrx_word' id='word_1_298' title='bbox 811 2663 1131 2729; x_wconf 68' lang='lat' dir='ltr'><strong>hazresibus,</strong></span> <span class='ocrx_word' id='word_1_299' title='bbox 1174 2672 1268 2717; x_wconf 90' lang='lat' dir='ltr'><strong>aut</strong></span> <span class='ocrx_word' id='word_1_300' title='bbox 1299 2664 1490 2719; x_wconf 66' lang='lat' dir='ltr'><strong>haeresi</strong></span> <span class='ocrx_word' id='word_1_301' title='bbox 1523 2666 1671 2719; x_wconf 90' lang='lat' dir='ltr'><strong>omni</strong></span> <span class='ocrx_word' id='word_1_302' title='bbox 1723 2667 1974 2735; x_wconf 89' lang='lat' dir='ltr'><strong>superio-</strong></span> 
     </span>
    </p>
   </div>
   <div class='ocr_carea' id='block_1_45' title="bbox 387 2754 1974 2828">
    <p class='ocr_par' dir='ltr' id='par_1_45' title="bbox 387 2754 1974 2828">
     <span class='ocr_line' id='line_1_45' title="bbox 387 2754 1974 2828; baseline 0.004 -20"><span class='ocrx_word' id='word_1_303' title='bbox 387 2754 539 2811; x_wconf 87' lang='lat' dir='ltr'><strong>ribus</strong></span> <span class='ocrx_word' id='word_1_304' title='bbox 567 2756 830 2811; x_wconf 88' lang='lat' dir='ltr'><strong>institutis</strong></span> <span class='ocrx_word' id='word_1_305' title='bbox 864 2756 1169 2819; x_wconf 85' lang='lat' dir='ltr'><strong>disserere,</strong></span> <span class='ocrx_word' id='word_1_306' title='bbox 1224 2771 1289 2811; x_wconf 91' lang='lat' dir='ltr'><strong>ac</strong></span> <span class='ocrx_word' id='word_1_307' title='bbox 1324 2756 1629 2813; x_wconf 84' lang='lat' dir='ltr'><strong>lectoribus</strong></span> <span class='ocrx_word' id='word_1_308' title='bbox 1664 2772 1974 2828; x_wconf 83' lang='lat' dir='ltr'><strong>preponere</strong></span> 
     </span>
    </p>
   </div>
   <div class='ocr_carea' id='block_1_46' title="bbox 386 2845 1973 2916">
    <p class='ocr_par' dir='ltr' id='par_1_46' title="bbox 386 2845 1973 2916">
     <span class='ocr_line' id='line_1_46' title="bbox 386 2845 1973 2916; baseline 0.002 -18"><span class='ocrx_word' id='word_1_309' title='bbox 386 2845 764 2915; x_wconf 76' lang='lat' dir='ltr'><strong>aggredimur,</strong></span> <span class='ocrx_word' id='word_1_310' title='bbox 795 2853 923 2899; x_wconf 88' lang='lat' dir='ltr'><strong>sunt</strong></span> <span class='ocrx_word' id='word_1_311' title='bbox 968 2860 999 2898; x_wconf 88' lang='lat' dir='ltr'><strong>a</strong></span> <span class='ocrx_word' id='word_1_312' title='bbox 1044 2846 1202 2900; x_wconf 91' lang='lat' dir='ltr'><strong>nobis</strong></span> <span class='ocrx_word' id='word_1_313' title='bbox 1253 2846 1449 2916; x_wconf 88' lang='lat' dir='ltr'><strong>partim</strong></span> <span class='ocrx_word' id='word_1_314' title='bbox 1504 2845 1759 2901; x_wconf 85' lang='lat' dir='ltr'><strong>doctrina</strong></span> <span class='ocrx_word' id='word_1_315' title='bbox 1792 2862 1857 2901; x_wconf 90' lang='lat' dir='ltr'><strong>ac</strong></span> <span class='ocrx_word' id='word_1_316' title='bbox 1897 2848 1973 2902; x_wconf 84' lang='lat' dir='ltr'><strong>le-</strong></span> 
     </span>
    </p>
   </div>
   <div class='ocr_carea' id='block_1_47' title="bbox 385 2936 1971 3008">
    <p class='ocr_par' dir='ltr' id='par_1_47' title="bbox 385 2936 1971 3008">
     <span class='ocr_line' id='line_1_47' title="bbox 385 2936 1971 3008; baseline 0.001 -18"><span class='ocrx_word' id='word_1_317' title='bbox 385 2938 564 2993; x_wconf 91' lang='lat' dir='ltr'><strong>ctione</strong></span> <span class='ocrx_word' id='word_1_318' title='bbox 596 2936 836 3007; x_wconf 82' lang='lat' dir='ltr'><strong>cognita,</strong></span> <span class='ocrx_word' id='word_1_319' title='bbox 870 2938 1067 3007; x_wconf 87' lang='lat' dir='ltr'><strong>partim</strong></span> <span class='ocrx_word' id='word_1_320' title='bbox 1120 2936 1401 2992; x_wconf 86' lang='lat' dir='ltr'><strong>auditione</strong></span> <span class='ocrx_word' id='word_1_321' title='bbox 1448 2948 1704 3008; x_wconf 90' lang='lat' dir='ltr'><strong>percepta</strong></span> <span class='ocrx_word' id='word_1_322' title='bbox 1726 2978 1741 3004; x_wconf 96' lang='lat'><strong>,</strong></span> <span class='ocrx_word' id='word_1_323' title='bbox 1773 2939 1971 3008; x_wconf 84' lang='lat' dir='ltr'><strong>partim</strong></span> 
     </span>
    </p>
   </div>
   <div class='ocr_carea' id='block_1_48' title="bbox 384 3028 1973 3100">
    <p class='ocr_par' dir='ltr' id='par_1_48' title="bbox 384 3028 1973 3100">
     <span class='ocr_line' id='line_1_48' title="bbox 384 3028 1973 3100; baseline 0.003 -18"><span class='ocrx_word' id='word_1_324' title='bbox 384 3030 546 3082; x_wconf 78' lang='lat' dir='ltr'><strong>etiam</strong></span> <span class='ocrx_word' id='word_1_325' title='bbox 581 3028 807 3082; x_wconf 89' lang='lat' dir='ltr'><strong>auribus</strong></span> <span class='ocrx_word' id='word_1_326' title='bbox 843 3028 1013 3098; x_wconf 89' lang='lat' dir='ltr'><strong>ipsis,</strong></span> <span class='ocrx_word' id='word_1_327' title='bbox 1071 3031 1353 3100; x_wconf 90' lang='lat' dir='ltr'><strong>oculisque</strong></span> <span class='ocrx_word' id='word_1_328' title='bbox 1402 3030 1668 3099; x_wconf 88' lang='lat' dir='ltr'><strong>subjecta.</strong></span> <span class='ocrx_word' id='word_1_329' title='bbox 1723 3031 1805 3085; x_wconf 86' lang='lat' dir='ltr'><strong>Ad</strong></span> <span class='ocrx_word' id='word_1_330' title='bbox 1857 3032 1973 3086; x_wconf 64' lang='lat' dir='ltr'><strong>haec</strong></span> 
     </span>
    </p>
   </div>
   <div class='ocr_carea' id='block_1_49' title="bbox 384 3122 2334 3198">
    <p class='ocr_par' dir='ltr' id='par_1_49' title="bbox 384 3122 2334 3198">
     <span class='ocr_line' id='line_1_49' title="bbox 384 3122 2334 3198; baseline 0.004 -22"><span class='ocrx_word' id='word_1_331' title='bbox 384 3122 773 3176; x_wconf 87' lang='lat' dir='ltr'><strong>nonnullarum</strong></span> <span class='ocrx_word' id='word_1_332' title='bbox 806 3129 1080 3177; x_wconf 87' lang='lat' dir='ltr'><strong>sectarum</strong></span> <span class='ocrx_word' id='word_1_333' title='bbox 1122 3124 1398 3195; x_wconf 82' lang='lat' dir='ltr'><strong>origines,</strong></span> <span class='ocrx_word' id='word_1_334' title='bbox 1457 3142 1581 3181; x_wconf 85' lang='lat' dir='ltr'><strong>cum</strong></span> <span class='ocrx_word' id='word_1_335' title='bbox 1619 3127 1970 3198; x_wconf 80' lang='lat' dir='ltr'><strong>dogmatibus</strong></span> <span class='ocrx_word' id='word_1_336' title='bbox 1998 3138 2039 3195; x_wconf 67' lang='grc' dir='ltr'><strong>(ζ</strong></span> <span class='ocrx_word' id='word_1_337' title='bbox 2074 3124 2334 3191; x_wconf 77' lang='grc' dir='ltr'>νομένων.</span> 
     </span>
    </p>
   </div>
   <div class='ocr_carea' id='block_1_50' title="bbox 383 3211 1963 3283">
    <p class='ocr_par' dir='ltr' id='par_1_50' title="bbox 383 3211 1963 3283">
     <span class='ocr_line' id='line_1_50' title="bbox 383 3211 1963 3283; baseline 0.005 -18"><span class='ocrx_word' id='word_1_338' title='bbox 383 3211 542 3282; x_wconf 87' lang='lat' dir='ltr'><strong>ipsis,</strong></span> <span class='ocrx_word' id='word_1_339' title='bbox 572 3212 913 3266; x_wconf 87' lang='lat' dir='ltr'><strong>accurateita</strong></span> <span class='ocrx_word' id='word_1_340' title='bbox 937 3214 1012 3267; x_wconf 92' lang='lat' dir='ltr'><strong>uti</strong></span> <span class='ocrx_word' id='word_1_341' title='bbox 1039 3213 1271 3283; x_wconf 79' lang='lat' dir='ltr'><strong>professi</strong></span> <span class='ocrx_word' id='word_1_342' title='bbox 1304 3231 1517 3282; x_wconf 89' lang='lat' dir='ltr'><strong>sumus,</strong></span> <span class='ocrx_word' id='word_1_343' title='bbox 1545 3219 1846 3273; x_wconf 89' lang='lat' dir='ltr'><strong>tradituros</strong></span> <span class='ocrx_word' id='word_1_344' title='bbox 1863 3234 1963 3275; x_wconf 90' lang='lat' dir='ltr'><strong>nos</strong></span> 
     </span>
    </p>
   </div>
   <div class='ocr_carea' id='block_1_51' title="bbox 382 3304 1965 3378">
    <p class='ocr_par' dir='ltr' id='par_1_51' title="bbox 382 3304 1965 3378">
     <span class='ocr_line' id='line_1_51' title="bbox 382 3304 1965 3378; baseline 0.004 -18"><span class='ocrx_word' id='word_1_345' title='bbox 382 3319 506 3361; x_wconf 83' lang='lat' dir='ltr'><strong>esse</strong></span> <span class='ocrx_word' id='word_1_346' title='bbox 556 3304 884 3361; x_wconf 83' lang='lat' dir='ltr'><strong>conﬁdimus</strong></span> <span class='ocrx_word' id='word_1_347' title='bbox 918 3323 930 3359; x_wconf 91' lang='lat'>:</span> <span class='ocrx_word' id='word_1_348' title='bbox 968 3306 1023 3360; x_wconf 92' lang='lat' dir='ltr'><strong>in</strong></span> <span class='ocrx_word' id='word_1_349' title='bbox 1079 3307 1201 3363; x_wconf 89' lang='lat' dir='ltr'><strong>aliis</strong></span> <span class='ocrx_word' id='word_1_350' title='bbox 1243 3317 1449 3378; x_wconf 88' lang='lat' dir='ltr'><strong>partem</strong></span> <span class='ocrx_word' id='word_1_351' title='bbox 1481 3325 1670 3365; x_wconf 89' lang='lat' dir='ltr'><strong>eorum</strong></span> <span class='ocrx_word' id='word_1_352' title='bbox 1702 3309 1965 3366; x_wconf 79' lang='lat' dir='ltr'><strong>duntaxat</strong></span> 
     </span>
    </p>
   </div>
   <div class='ocr_carea' id='block_1_52' title="bbox 383 3398 1967 3473">
    <p class='ocr_par' dir='ltr' id='par_1_52' title="bbox 383 3398 1967 3473">
     <span class='ocr_line' id='line_1_52' title="bbox 383 3398 1967 3473; baseline 0.006 -24"><span class='ocrx_word' id='word_1_353' title='bbox 383 3398 744 3468; x_wconf 78' lang='lat' dir='ltr'><strong>attingemus,</strong></span> <span class='ocrx_word' id='word_1_354' title='bbox 778 3413 900 3467; x_wconf 78' lang='lat' dir='ltr'><strong>qua:</strong></span> <span class='ocrx_word' id='word_1_355' title='bbox 935 3398 1003 3453; x_wconf 91' lang='lat' dir='ltr'><strong>ab</strong></span> <span class='ocrx_word' id='word_1_356' title='bbox 1034 3398 1143 3454; x_wconf 92' lang='lat' dir='ltr'><strong>illis</strong></span> <span class='ocrx_word' id='word_1_357' title='bbox 1188 3399 1323 3469; x_wconf 90' lang='lat' dir='ltr'><strong>ipsis</strong></span> <span class='ocrx_word' id='word_1_358' title='bbox 1361 3410 1550 3456; x_wconf 74' lang='lat' dir='ltr'><strong>exorta</strong></span> <span class='ocrx_word' id='word_1_359' title='bbox 1600 3410 1759 3469; x_wconf 91' lang='lat' dir='ltr'><strong>sunt;</strong></span> <span class='ocrx_word' id='word_1_360' title='bbox 1792 3418 1967 3473; x_wconf 82' lang='lat' dir='ltr'><strong>quan-</strong></span> 
     </span>
    </p>
   </div>
   <div class='ocr_carea' id='block_1_53' title="bbox 383 3489 1965 3560">
    <p class='ocr_par' dir='ltr' id='par_1_53' title="bbox 383 3489 1965 3560">
     <span class='ocr_line' id='line_1_53' title="bbox 383 3489 1965 3560; baseline 0.004 -16"><span class='ocrx_word' id='word_1_361' title='bbox 383 3498 497 3544; x_wconf 89' lang='lat' dir='ltr'><strong>tum</strong></span> <span class='ocrx_word' id='word_1_362' title='bbox 522 3489 743 3560; x_wconf 90' lang='lat' dir='ltr'><strong>quidem</strong></span> <span class='ocrx_word' id='word_1_363' title='bbox 774 3493 857 3546; x_wconf 86' lang='lat' dir='ltr'><strong>vel</strong></span> <span class='ocrx_word' id='word_1_364' title='bbox 880 3509 946 3547; x_wconf 80' lang='lat' dir='ltr'><strong>ex</strong></span> <span class='ocrx_word' id='word_1_365' title='bbox 980 3492 1334 3547; x_wconf 89' lang='lat' dir='ltr'><strong>monimentis</strong></span> <span class='ocrx_word' id='word_1_366' title='bbox 1368 3502 1635 3560; x_wconf 81' lang='lat' dir='ltr'><strong>veterum,</strong></span> <span class='ocrx_word' id='word_1_367' title='bbox 1662 3497 1744 3551; x_wconf 86' lang='lat' dir='ltr'><strong>vel</strong></span> <span class='ocrx_word' id='word_1_368' title='bbox 1772 3513 1835 3550; x_wconf 85' lang='lat' dir='ltr'><strong>ex</strong></span> <span class='ocrx_word' id='word_1_369' title='bbox 1869 3496 1965 3551; x_wconf 89' lang='lat' dir='ltr'><strong>ho-</strong></span> 
     </span>
    </p>
   </div>
   <div class='ocr_carea' id='block_1_54' title="bbox 382 3585 1969 3656">
    <p class='ocr_par' dir='ltr' id='par_1_54' title="bbox 382 3585 1969 3656">
     <span class='ocr_line' id='line_1_54' title="bbox 382 3585 1969 3656; baseline 0.004 -17"><span class='ocrx_word' id='word_1_370' title='bbox 382 3585 590 3639; x_wconf 88' lang='lat' dir='ltr'><strong>minum</strong></span> <span class='ocrx_word' id='word_1_371' title='bbox 625 3587 943 3641; x_wconf 85' lang='lat' dir='ltr'><strong>narratione</strong></span> <span class='ocrx_word' id='word_1_372' title='bbox 989 3586 1080 3656; x_wconf 92' lang='lat' dir='ltr'><strong>qui</strong></span> <span class='ocrx_word' id='word_1_373' title='bbox 1118 3587 1491 3656; x_wconf 89' lang='lat' dir='ltr'><strong>plenissimam</strong></span> <span class='ocrx_word' id='word_1_374' title='bbox 1524 3589 1681 3644; x_wconf 87' lang='lat' dir='ltr'><strong>nobis</strong></span> <span class='ocrx_word' id='word_1_375' title='bbox 1713 3590 1870 3645; x_wconf 88' lang='lat' dir='ltr'><strong>ﬁdem</strong></span> <span class='ocrx_word' id='word_1_376' title='bbox 1891 3592 1969 3645; x_wconf 46' lang='lat' dir='ltr'><strong>fee</strong></span> 
     </span>
    </p>
   </div>
   <div class='ocr_carea' id='block_1_55' title="bbox 382 3677 1969 3749">
    <p class='ocr_par' dir='ltr' id='par_1_55' title="bbox 382 3677 1969 3749">
     <span class='ocr_line' id='line_1_55' title="bbox 382 3677 1969 3749; baseline 0.005 -20"><span class='ocrx_word' id='word_1_377' title='bbox 382 3677 900 3749; x_wconf 81' lang='lat' dir='ltr'><strong>cerant,3haurire</strong></span> <span class='ocrx_word' id='word_1_378' title='bbox 931 3679 1226 3748; x_wconf 86' lang='lat' dir='ltr'><strong>potuimus.</strong></span> <span class='ocrx_word' id='word_1_379' title='bbox 1260 3679 1366 3734; x_wconf 85' lang='lat' dir='ltr'><strong>Sed</strong></span> <span class='ocrx_word' id='word_1_380' title='bbox 1397 3680 1449 3733; x_wconf 92' lang='lat' dir='ltr'><strong>in</strong></span> <span class='ocrx_word' id='word_1_381' title='bbox 1468 3695 1586 3735; x_wconf 88' lang='lat' dir='ltr'><strong>eam</strong></span> <span class='ocrx_word' id='word_1_382' title='bbox 1622 3690 1791 3736; x_wconf 88' lang='lat' dir='ltr'><strong>totam</strong></span> <span class='ocrx_word' id='word_1_383' title='bbox 1818 3683 1969 3739; x_wconf 90' lang='lat' dir='ltr'><strong>lucu-</strong></span> 
     </span>
    </p>
   </div>
   <div class='ocr_carea' id='block_1_56' title="bbox 383 3766 1968 3846">
    <p class='ocr_par' dir='ltr' id='par_1_56' title="bbox 383 3766 1968 3846">
     <span class='ocr_line' id='line_1_56' title="bbox 383 3766 1968 3846; baseline 0.008 -28"><span class='ocrx_word' id='word_1_384' title='bbox 383 3766 684 3823; x_wconf 90' lang='lat' dir='ltr'><strong>brationem</strong></span> <span class='ocrx_word' id='word_1_385' title='bbox 719 3769 799 3822; x_wconf 90' lang='lat' dir='ltr'><strong>sic</strong></span> <span class='ocrx_word' id='word_1_386' title='bbox 852 3770 1223 3834; x_wconf 89' lang='lat' dir='ltr'><strong>incubuimus,</strong></span> <span class='ocrx_word' id='word_1_387' title='bbox 1268 3786 1378 3826; x_wconf 90' lang='lat' dir='ltr'><strong>non</strong></span> <span class='ocrx_word' id='word_1_388' title='bbox 1430 3779 1491 3825; x_wconf 90' lang='lat' dir='ltr'><strong>ut</strong></span> <span class='ocrx_word' id='word_1_389' title='bbox 1524 3788 1621 3843; x_wconf 86' lang='lat' dir='ltr'><strong>per</strong></span> <span class='ocrx_word' id='word_1_390' title='bbox 1668 3790 1769 3829; x_wconf 89' lang='lat' dir='ltr'><strong>nos</strong></span> <span class='ocrx_word' id='word_1_391' title='bbox 1818 3775 1968 3846; x_wconf 90' lang='lat' dir='ltr'><strong>ipsos</strong></span> 
     </span>
    </p>
   </div>
   <div class='ocr_carea' id='block_1_57' title="bbox 381 3860 1965 3934">
    <p class='ocr_par' dir='ltr' id='par_1_57' title="bbox 381 3860 1965 3934">
     <span class='ocr_line' id='line_1_57' title="bbox 381 3860 1965 3934; baseline 0.006 -25"><span class='ocrx_word' id='word_1_392' title='bbox 381 3863 575 3924; x_wconf 86' lang='lat' dir='ltr'><strong>sponte</strong></span> <span class='ocrx_word' id='word_1_393' title='bbox 598 3872 1031 3927; x_wconf 87' lang='lat' dir='ltr'><strong>capessercmus,</strong></span> <span class='ocrx_word' id='word_1_394' title='bbox 1060 3867 1153 3913; x_wconf 87' lang='lat' dir='ltr'><strong>aut</strong></span> <span class='ocrx_word' id='word_1_395' title='bbox 1182 3860 1235 3913; x_wconf 91' lang='lat' dir='ltr'><strong>iu</strong></span> <span class='ocrx_word' id='word_1_396' title='bbox 1265 3874 1324 3914; x_wconf 89' lang='lat' dir='ltr'><strong>ea</strong></span> <span class='ocrx_word' id='word_1_397' title='bbox 1356 3875 1457 3915; x_wconf 93' lang='lat' dir='ltr'><strong>nos</strong></span> <span class='ocrx_word' id='word_1_398' title='bbox 1490 3870 1811 3933; x_wconf 86' lang='lat' dir='ltr'><strong>argumenta</strong></span> <span class='ocrx_word' id='word_1_399' title='bbox 1840 3880 1965 3934; x_wconf 90' lang='lat' dir='ltr'><strong>per-</strong></span> 
     </span>
    </p>
   </div>
   <div class='ocr_carea' id='block_1_58' title="bbox 382 3948 1967 4020">
    <p class='ocr_par' dir='ltr' id='par_1_58' title="bbox 382 3948 1967 4020">
     <span class='ocr_line' id='line_1_58' title="bbox 382 3948 1967 4020; baseline 0.008 -21"><span class='ocrx_word' id='word_1_400' title='bbox 382 3960 567 4016; x_wconf 88' lang='lat' dir='ltr'><strong>peram</strong></span> <span class='ocrx_word' id='word_1_401' title='bbox 617 3948 1030 4004; x_wconf 87' lang='lat' dir='ltr'><strong>immitteremus</strong></span> <span class='ocrx_word' id='word_1_402' title='bbox 1052 3990 1066 4013; x_wconf 91' lang='lat'><strong>,</strong></span> <span class='ocrx_word' id='word_1_403' title='bbox 1099 3965 1219 4020; x_wconf 77' lang='lat' dir='ltr'><strong>quae</strong></span> <span class='ocrx_word' id='word_1_404' title='bbox 1252 3952 1450 4006; x_wconf 91' lang='lat' dir='ltr'><strong>virium</strong></span> <span class='ocrx_word' id='word_1_405' title='bbox 1499 3960 1812 4008; x_wconf 86' lang='lat' dir='ltr'><strong>nostrarum</strong></span> <span class='ocrx_word' id='word_1_406' title='bbox 1852 3956 1967 4011; x_wconf 84' lang='lat' dir='ltr'><strong>exi-</strong></span> 
     </span>
    </p>
   </div>
   <div class='ocr_carea' id='block_1_59' title="bbox 380 4038 1966 4116">
    <p class='ocr_par' dir='ltr' id='par_1_59' title="bbox 380 4038 1966 4116">
     <span class='ocr_line' id='line_1_59' title="bbox 380 4038 1966 4116; baseline 0.007 -25"><span class='ocrx_word' id='word_1_407' title='bbox 380 4038 643 4107; x_wconf 84' lang='lat' dir='ltr'><strong>guitatem</strong></span> <span class='ocrx_word' id='word_1_408' title='bbox 678 4049 942 4111; x_wconf 82' lang='lat' dir='ltr'><strong>superant</strong></span> <span class='ocrx_word' id='word_1_409' title='bbox 975 4060 987 4095; x_wconf 90' lang='lat'><strong>:</strong></span> <span class='ocrx_word' id='word_1_410' title='bbox 1019 4058 1196 4113; x_wconf 83' lang='lat' dir='ltr'><strong>neque</strong></span> <span class='ocrx_word' id='word_1_411' title='bbox 1233 4044 1377 4097; x_wconf 89' lang='lat' dir='ltr'><strong>enim</strong></span> <span class='ocrx_word' id='word_1_412' title='bbox 1409 4044 1630 4101; x_wconf 90' lang='lat' dir='ltr'><strong>aliunde</strong></span> <span class='ocrx_word' id='word_1_413' title='bbox 1655 4047 1966 4116; x_wconf 90' lang='lat' dir='ltr'><strong>opusillud,</strong></span> 
     </span>
    </p>
   </div>
   <div class='ocr_carea' id='block_1_60' title="bbox 383 4129 1968 4206">
    <p class='ocr_par' dir='ltr' id='par_1_60' title="bbox 383 4129 1968 4206">
     <span class='ocr_line' id='line_1_60' title="bbox 383 4129 1968 4206; baseline 0.006 -24"><span class='ocrx_word' id='word_1_414' title='bbox 383 4129 529 4199; x_wconf 81' lang='lat' dir='ltr'><strong>quod</strong></span> <span class='ocrx_word' id='word_1_415' title='bbox 566 4145 677 4200; x_wconf 67' lang='lat' dir='ltr'><strong>prae</strong></span> <span class='ocrx_word' id='word_1_416' title='bbox 707 4132 960 4186; x_wconf 89' lang='lat' dir='ltr'><strong>manibus</strong></span> <span class='ocrx_word' id='word_1_417' title='bbox 985 4140 1090 4195; x_wconf 87' lang='lat' dir='ltr'><strong>est.</strong></span> <span class='ocrx_word' id='word_1_418' title='bbox 1120 4134 1365 4203; x_wconf 83' lang='lat' dir='ltr'><strong>aggressi</strong></span> <span class='ocrx_word' id='word_1_419' title='bbox 1392 4150 1605 4199; x_wconf 90' lang='lat' dir='ltr'><strong>sumus,</strong></span> <span class='ocrx_word' id='word_1_420' title='bbox 1628 4150 1793 4205; x_wconf 89' lang='lat' dir='ltr'><strong>quam</strong></span> <span class='ocrx_word' id='word_1_421' title='bbox 1823 4138 1968 4206; x_wconf 92' lang='lat' dir='ltr'><strong>quod</strong></span> 
     </span>
    </p>
   </div>
   <div class='ocr_carea' id='block_1_61' title="bbox 379 4221 1970 4295">
    <p class='ocr_par' dir='ltr' id='par_1_61' title="bbox 379 4221 1970 4295">
     <span class='ocr_line' id='line_1_61' title="bbox 379 4221 1970 4295; baseline 0.005 -20"><span class='ocrx_word' id='word_1_422' title='bbox 379 4221 595 4277; x_wconf 81' lang='lat' dir='ltr'><strong>volente</strong></span> <span class='ocrx_word' id='word_1_423' title='bbox 622 4222 733 4277; x_wconf 91' lang='lat' dir='ltr'><strong>Deo</strong></span> <span class='ocrx_word' id='word_1_424' title='bbox 764 4224 931 4279; x_wconf 84' lang='lat' dir='ltr'><strong>variis</strong></span> <span class='ocrx_word' id='word_1_425' title='bbox 961 4224 1099 4279; x_wconf 91' lang='lat' dir='ltr'><strong>locis</strong></span> <span class='ocrx_word' id='word_1_426' title='bbox 1138 4240 1201 4279; x_wconf 89' lang='lat' dir='ltr'><strong>ac</strong></span> <span class='ocrx_word' id='word_1_427' title='bbox 1234 4226 1573 4295; x_wconf 87' lang='lat' dir='ltr'><strong>temporibus</strong></span> <span class='ocrx_word' id='word_1_428' title='bbox 1598 4235 1787 4282; x_wconf 90' lang='lat' dir='ltr'><strong>nostra</strong></span> <span class='ocrx_word' id='word_1_429' title='bbox 1816 4226 1884 4281; x_wconf 93' lang='lat' dir='ltr'><strong>ad</strong></span> <span class='ocrx_word' id='word_1_430' title='bbox 1915 4229 1970 4283; x_wconf 90' lang='lat' dir='ltr'><strong>id</strong></span> 
     </span>
    </p>
   </div>
   <div class='ocr_carea' id='block_1_62' title="bbox 379 4313 1970 4385">
    <p class='ocr_par' dir='ltr' id='par_1_62' title="bbox 379 4313 1970 4385">
     <span class='ocr_line' id='line_1_62' title="bbox 379 4313 1970 4385; baseline 0.005 -19"><span class='ocrx_word' id='word_1_431' title='bbox 379 4313 645 4383; x_wconf 88' lang='lat' dir='ltr'><strong>agendum</strong></span> <span class='ocrx_word' id='word_1_432' title='bbox 676 4313 974 4368; x_wconf 88' lang='lat' dir='ltr'><strong>sollicitata</strong></span> <span class='ocrx_word' id='word_1_433' title='bbox 1012 4328 1043 4367; x_wconf 86' lang='lat' dir='ltr'><strong>a</strong></span> <span class='ocrx_word' id='word_1_434' title='bbox 1082 4316 1420 4385; x_wconf 87' lang='lat' dir='ltr'><strong>sapientibus</strong></span> <span class='ocrx_word' id='word_1_435' title='bbox 1448 4317 1582 4371; x_wconf 88' lang='lat' dir='ltr'><strong>viris</strong></span> <span class='ocrx_word' id='word_1_436' title='bbox 1621 4317 1970 4374; x_wconf 86' lang='lat' dir='ltr'><strong>imbecillitas</strong></span> 
     </span>
    </p>
   </div>
   <div class='ocr_carea' id='block_1_63' title="bbox 378 4406 1970 4479">
    <p class='ocr_par' dir='ltr' id='par_1_63' title="bbox 378 4406 1970 4479">
     <span class='ocr_line' id='line_1_63' title="bbox 378 4406 1970 4479; baseline 0.004 -18"><span class='ocrx_word' id='word_1_437' title='bbox 378 4417 503 4470; x_wconf 87' lang='lat' dir='ltr'><strong>est,</strong></span> <span class='ocrx_word' id='word_1_438' title='bbox 544 4406 654 4462; x_wconf 90' lang='lat' dir='ltr'><strong>imo</strong></span> <span class='ocrx_word' id='word_1_439' title='bbox 711 4407 875 4462; x_wconf 89' lang='lat' dir='ltr'><strong>etiam</strong></span> <span class='ocrx_word' id='word_1_440' title='bbox 934 4410 1328 4479; x_wconf 83' lang='lat' dir='ltr'><strong>propemodum</strong></span> <span class='ocrx_word' id='word_1_441' title='bbox 1388 4418 1604 4465; x_wconf 84' lang='lat' dir='ltr'><strong>coacta‘.</strong></span> <span class='ocrx_word' id='word_1_442' title='bbox 1656 4410 1902 4478; x_wconf 87' lang='lat' dir='ltr'><strong>Quorum</strong></span> <span class='ocrx_word' id='word_1_443' title='bbox 1939 4430 1970 4468; x_wconf 91' lang='lat' dir='ltr'><strong>e</strong></span> 
     </span>
    </p>
   </div>
   <div class='ocr_carea' id='block_1_64' title="bbox 448 4561 1454 4631">
    <p class='ocr_par' dir='ltr' id='par_1_64' title="bbox 448 4561 1454 4631">
     <span class='ocr_line' id='line_1_64' title="bbox 448 4561 1454 4631; baseline 0.006 -16"><span class='ocrx_word' id='word_1_444' title='bbox 448 4564 491 4594; x_wconf 82' lang='lat'><strong>&quot;</strong></span> <span class='ocrx_word' id='word_1_445' title='bbox 519 4561 634 4616; x_wconf 80' lang='lat' dir='ltr'><strong>Jac.</strong></span> <span class='ocrx_word' id='word_1_446' title='bbox 662 4580 747 4631; x_wconf 80' lang='grc' dir='ltr'>ιιι,</span> <span class='ocrx_word' id='word_1_447' title='bbox 784 4564 870 4617; x_wconf 85' lang='grc'><strong>15.</strong></span> <span class='ocrx_word' id='word_1_448' title='bbox 970 4565 990 4596; x_wconf 82' lang='grc'>⁸</span> <span class='ocrx_word' id='word_1_449' title='bbox 1023 4563 1182 4620; x_wconf 82' lang='lat' dir='ltr'><strong>Forte</strong></span> <span class='ocrx_word' id='word_1_450' title='bbox 1207 4565 1398 4620; x_wconf 80' lang='grc' dir='ltr'>ἄλλων.</span> <span class='ocrx_word' id='word_1_451' title='bbox 1452 4561 1454 4564; x_wconf 59' lang='grc'><em>’</em></span> 
     </span>
    </p>
   </div>
   <div class='ocr_carea' id='block_1_65' title="bbox 2074 1835 3659 1909">
    <p class='ocr_par' dir='ltr' id='par_1_65' title="bbox 2074 1835 3659 1909">
     <span class='ocr_line' id='line_1_65' title="bbox 2074 1835 3659 1909; baseline -0.004 -17"><span class='ocrx_word' id='word_1_452' title='bbox 2074 1840 2470 1909; x_wconf 85' lang='grc' dir='ltr'>γινωσκόμενα.</span> <span class='ocrx_word' id='word_1_453' title='bbox 2508 1839 2581 1890; x_wconf 84' lang='grc' dir='ltr'>Τὸ</span> <span class='ocrx_word' id='word_1_454' title='bbox 2625 1838 2681 1890; x_wconf 76' lang='grc' dir='ltr'>δὲ</span> <span class='ocrx_word' id='word_1_455' title='bbox 2718 1837 3041 1907; x_wconf 80' lang='grc' dir='ltr'>ἐπάγγελμα</span> <span class='ocrx_word' id='word_1_456' title='bbox 3088 1836 3200 1907; x_wconf 80' lang='grc' dir='ltr'>ἔχει</span> <span class='ocrx_word' id='word_1_457' title='bbox 3239 1836 3366 1906; x_wconf 76' lang='grc' dir='ltr'>περὶ</span> <span class='ocrx_word' id='word_1_458' title='bbox 3396 1835 3659 1904; x_wconf 77' lang='grc' dir='ltr'>διαφορᾶς</span> 
     </span>
    </p>
   </div>
   <div class='ocr_carea' id='block_1_66' title="bbox 2075 1926 3658 1997">
    <p class='ocr_par' dir='ltr' id='par_1_66' title="bbox 2075 1926 3658 1997">
     <span class='ocr_line' id='line_1_66' title="bbox 2075 1926 3658 1997; baseline -0.004 -14"><span class='ocrx_word' id='word_1_459' title='bbox 2075 1929 2241 1995; x_wconf 82' lang='grc' dir='ltr'>δοξῶν</span> <span class='ocrx_word' id='word_1_460' title='bbox 2287 1947 2346 1982; x_wconf 90' lang='grc' dir='ltr'><strong>τε</strong></span> <span class='ocrx_word' id='word_1_461' title='bbox 2380 1929 2472 1982; x_wconf 69' lang='grc' dir='ltr'><strong>καὶ</strong></span> <span class='ocrx_word' id='word_1_462' title='bbox 2516 1929 2791 1996; x_wconf 83' lang='grc' dir='ltr'>γνὼσεων,</span> <span class='ocrx_word' id='word_1_463' title='bbox 2840 1928 3271 1997; x_wconf 82' lang='grc' dir='ltr'>ὲπαγγελμάτων</span> <span class='ocrx_word' id='word_1_464' title='bbox 3312 1944 3369 1978; x_wconf 86' lang='grc' dir='ltr'><strong>τε</strong></span> <span class='ocrx_word' id='word_1_465' title='bbox 3422 1926 3658 1986; x_wconf 83' lang='grc' dir='ltr'>πίστεως</span> 
     </span>
    </p>
   </div>
   <div class='ocr_carea' id='block_1_67' title="bbox 2076 2016 3659 2091">
    <p class='ocr_par' dir='ltr' id='par_1_67' title="bbox 2076 2016 3659 2091">
     <span class='ocr_line' id='line_1_67' title="bbox 2076 2016 3659 2091; baseline -0.003 -19"><span class='ocrx_word' id='word_1_466' title='bbox 2076 2022 2139 2073; x_wconf 82' lang='grc' dir='ltr'>ἐκ</span> <span class='ocrx_word' id='word_1_467' title='bbox 2184 2020 2317 2073; x_wconf 81' lang='grc' dir='ltr'>Θεοῦ</span> <span class='ocrx_word' id='word_1_468' title='bbox 2366 2021 2461 2073; x_wconf 76' lang='grc' dir='ltr'><strong>καὶ</strong></span> <span class='ocrx_word' id='word_1_469' title='bbox 2508 2021 2788 2084; x_wconf 83' lang='grc' dir='ltr'>ἀπιστίας,</span> <span class='ocrx_word' id='word_1_470' title='bbox 2837 2018 3097 2091; x_wconf 75' lang='grc' dir='ltr'>αἱρέσεων</span> <span class='ocrx_word' id='word_1_471' title='bbox 3131 2036 3187 2071; x_wconf 90' lang='grc' dir='ltr'><strong>τε</strong></span> <span class='ocrx_word' id='word_1_472' title='bbox 3233 2021 3326 2072; x_wconf 88' lang='grc' dir='ltr'>καί</span> <span class='ocrx_word' id='word_1_473' title='bbox 3366 2016 3659 2079; x_wconf 68' lang='grc' dir='ltr'>κακοδόξςου</span> 
     </span>
    </p>
   </div>
   <div class='ocr_carea' id='block_1_68' title="bbox 2076 2108 3659 2184">
    <p class='ocr_par' dir='ltr' id='par_1_68' title="bbox 2076 2108 3659 2184">
     <span class='ocr_line' id='line_1_68' title="bbox 2076 2108 3659 2184; baseline -0.002 -21"><span class='ocrx_word' id='word_1_474' title='bbox 2076 2112 2300 2182; x_wconf 81' lang='grc' dir='ltr'>γνώμης</span> <span class='ocrx_word' id='word_1_475' title='bbox 2343 2112 2690 2184; x_wconf 82' lang='grc' dir='ltr'>ἀνθρωπείας</span> <span class='ocrx_word' id='word_1_476' title='bbox 2723 2112 2829 2165; x_wconf 83' lang='grc' dir='ltr'>ὑπὸ</span> <span class='ocrx_word' id='word_1_477' title='bbox 2878 2111 3311 2182; x_wconf 74' lang='grc' dir='ltr'>πεπλανημένων</span> <span class='ocrx_word' id='word_1_478' title='bbox 3356 2108 3566 2180; x_wconf 83' lang='grc' dir='ltr'>ἀνδρῶν</span> <span class='ocrx_word' id='word_1_479' title='bbox 3604 2110 3659 2160; x_wconf 77' lang='grc' dir='ltr'>ἐν</span> 
     </span>
    </p>
   </div>
   <div class='ocr_carea' id='block_1_69' title="bbox 2076 2204 3657 2276">
    <p class='ocr_par' dir='ltr' id='par_1_69' title="bbox 2076 2204 3657 2276">
     <span class='ocr_line' id='line_1_69' title="bbox 2076 2204 3657 2276; baseline -0.003 -18"><span class='ocrx_word' id='word_1_480' title='bbox 2076 2205 2264 2276; x_wconf 84' lang='grc' dir='ltr'>κόσμῳ</span> <span class='ocrx_word' id='word_1_481' title='bbox 2310 2206 2678 2276; x_wconf 82' lang='grc' dir='ltr'>ὲσπαρμένης,</span> <span class='ocrx_word' id='word_1_482' title='bbox 2740 2204 2887 2269; x_wconf 78' lang='grc' dir='ltr'>ἐξότε</span> <span class='ocrx_word' id='word_1_483' title='bbox 2938 2204 3219 2276; x_wconf 80' lang='grc' dir='ltr'>ἄνθρωπος</span> <span class='ocrx_word' id='word_1_484' title='bbox 3269 2205 3360 2255; x_wconf 71' lang='grc' dir='ltr'><strong>ἐπὶ</strong></span> <span class='ocrx_word' id='word_1_485' title='bbox 3405 2204 3510 2273; x_wconf 78' lang='grc' dir='ltr'>γῆς</span> <span class='ocrx_word' id='word_1_486' title='bbox 3568 2204 3657 2254; x_wconf 78' lang='grc' dir='ltr'>πέ-</span> 
     </span>
    </p>
   </div>
   <div class='ocr_carea' id='block_1_70' title="bbox 2076 2295 3654 2369">
    <p class='ocr_par' dir='ltr' id='par_1_70' title="bbox 2076 2295 3654 2369">
     <span class='ocr_line' id='line_1_70' title="bbox 2076 2295 3654 2369; baseline -0.002 -20"><span class='ocrx_word' id='word_1_487' title='bbox 2076 2297 2331 2360; x_wconf 88' lang='grc' dir='ltr'>πλασται,</span> <span class='ocrx_word' id='word_1_488' title='bbox 2366 2298 2493 2369; x_wconf 79' lang='grc' dir='ltr'>ἄχρι</span> <span class='ocrx_word' id='word_1_489' title='bbox 2520 2297 2614 2349; x_wconf 89' lang='grc' dir='ltr'><strong>τοῦ</strong></span> <span class='ocrx_word' id='word_1_490' title='bbox 2642 2298 2909 2369; x_wconf 77' lang='grc' dir='ltr'>ἡμετέρου</span> <span class='ocrx_word' id='word_1_491' title='bbox 2958 2298 3170 2368; x_wconf 77' lang='grc' dir='ltr'>χρόνου,</span> <span class='ocrx_word' id='word_1_492' title='bbox 3222 2296 3465 2349; x_wconf 78' lang='grc' dir='ltr'>τουτέστι</span> <span class='ocrx_word' id='word_1_493' title='bbox 3511 2295 3654 2364; x_wconf 78' lang='grc' dir='ltr'>βασιο</span> 
     </span>
    </p>
   </div>
   <div class='ocr_carea' id='block_1_71' title="bbox 2082 2387 3660 2457">
    <p class='ocr_par' dir='ltr' id='par_1_71' title="bbox 2082 2387 3660 2457">
     <span class='ocr_line' id='line_1_71' title="bbox 2082 2387 3660 2457; baseline -0.002 -16"><span class='ocrx_word' id='word_1_494' title='bbox 2082 2390 2231 2453; x_wconf 86' lang='grc' dir='ltr'>λείας</span> <span class='ocrx_word' id='word_1_495' title='bbox 2274 2387 2725 2442; x_wconf 81' lang='grc' dir='ltr'>Οὐαλεντινιανοῦ</span> <span class='ocrx_word' id='word_1_496' title='bbox 2778 2389 2872 2441; x_wconf 76' lang='grc' dir='ltr'>καὶ</span> <span class='ocrx_word' id='word_1_497' title='bbox 2918 2388 3216 2450; x_wconf 77' lang='grc' dir='ltr'>Οὐάλεντος</span> <span class='ocrx_word' id='word_1_498' title='bbox 3267 2387 3342 2457; x_wconf 68' lang='grc' dir='ltr'><strong>(Ξ)</strong></span> <span class='ocrx_word' id='word_1_499' title='bbox 3373 2388 3660 2440; x_wconf 76' lang='grc' dir='ltr'>ἑνδεκάτου</span> 
     </span>
    </p>
   </div>
   <div class='ocr_carea' id='block_1_72' title="bbox 2075 2475 3659 2548">
    <p class='ocr_par' dir='ltr' id='par_1_72' title="bbox 2075 2475 3659 2548">
     <span class='ocr_line' id='line_1_72' title="bbox 2075 2475 3659 2548; baseline -0.003 -17"><span class='ocrx_word' id='word_1_500' title='bbox 2075 2480 2248 2542; x_wconf 76' lang='grc' dir='ltr'>ἔτους,</span> <span class='ocrx_word' id='word_1_501' title='bbox 2286 2478 2379 2531; x_wconf 69' lang='grc' dir='ltr'><strong>καὶ</strong></span> <span class='ocrx_word' id='word_1_502' title='bbox 2404 2476 2723 2548; x_wconf 85' lang='grc' dir='ltr'>Γρατιανοῦ.</span> <span class='ocrx_word' id='word_1_503' title='bbox 2747 2477 2868 2530; x_wconf 85' lang='grc' dir='ltr'><strong>Τῶν</strong></span> <span class='ocrx_word' id='word_1_504' title='bbox 2887 2477 2941 2530; x_wconf 81' lang='grc' dir='ltr'>δὲ</span> <span class='ocrx_word' id='word_1_505' title='bbox 2959 2478 3045 2544; x_wconf 79' lang='grc' dir='ltr'>ὑφ’</span> <span class='ocrx_word' id='word_1_506' title='bbox 3072 2478 3104 2546; x_wconf 87' lang='grc' dir='ltr'>ὴ</span> <span class='ocrx_word' id='word_1_507' title='bbox 3114 2476 3229 2546; x_wconf 85' lang='grc' dir='ltr'><strong>μῶν</strong></span> <span class='ocrx_word' id='word_1_508' title='bbox 3255 2475 3557 2546; x_wconf 69' lang='grc' dir='ltr'>μελΑόντιιδν</span> <span class='ocrx_word' id='word_1_509' title='bbox 3583 2478 3659 2537; x_wconf 74' lang='grc' dir='ltr'>εἰς</span> 
     </span>
    </p>
   </div>
   <div class='ocr_carea' id='block_1_73' title="bbox 2074 2567 3659 2639">
    <p class='ocr_par' dir='ltr' id='par_1_73' title="bbox 2074 2567 3659 2639">
     <span class='ocr_line' id='line_1_73' title="bbox 2074 2567 3659 2639; baseline -0.003 -17"><span class='ocrx_word' id='word_1_510' title='bbox 2074 2570 2275 2639; x_wconf 87' lang='grc' dir='ltr'>γνῶσιν</span> <span class='ocrx_word' id='word_1_511' title='bbox 2309 2570 2417 2622; x_wconf 89' lang='grc' dir='ltr'><strong>τῶν</strong></span> <span class='ocrx_word' id='word_1_512' title='bbox 2464 2568 2899 2639; x_wconf 81' lang='grc' dir='ltr'>ἐντυγχανόντων</span> <span class='ocrx_word' id='word_1_513' title='bbox 2946 2569 3103 2638; x_wconf 70' lang='grc' dir='ltr'>ἥκειν</span> <span class='ocrx_word' id='word_1_514' title='bbox 3147 2567 3409 2637; x_wconf 83' lang='grc' dir='ltr'>αἱρέσεών</span> <span class='ocrx_word' id='word_1_515' title='bbox 3460 2584 3519 2618; x_wconf 87' lang='grc' dir='ltr'><strong>τε</strong></span> <span class='ocrx_word' id='word_1_516' title='bbox 3570 2569 3659 2618; x_wconf 78' lang='grc' dir='ltr'><strong>καὶ</strong></span> 
     </span>
    </p>
   </div>
   <div class='ocr_carea' id='block_1_74' title="bbox 2075 2659 3656 2731">
    <p class='ocr_par' dir='ltr' id='par_1_74' title="bbox 2075 2659 3656 2731">
     <span class='ocr_line' id='line_1_74' title="bbox 2075 2659 3656 2731; baseline -0.003 -16"><span class='ocrx_word' id='word_1_517' title='bbox 2075 2661 2182 2715; x_wconf 85' lang='grc' dir='ltr'><strong>τῶν</strong></span> <span class='ocrx_word' id='word_1_518' title='bbox 2213 2662 2473 2715; x_wconf 84' lang='grc' dir='ltr'>ἀνωτάτω</span> <span class='ocrx_word' id='word_1_519' title='bbox 2517 2660 2586 2714; x_wconf 70' lang='grc' dir='ltr'>τὰ</span> <span class='ocrx_word' id='word_1_520' title='bbox 2635 2662 2732 2731; x_wconf 80' lang='grc' dir='ltr'>μὲν</span> <span class='ocrx_word' id='word_1_521' title='bbox 2774 2662 2838 2714; x_wconf 84' lang='grc' dir='ltr'>ὲκ</span> <span class='ocrx_word' id='word_1_522' title='bbox 2869 2660 3224 2729; x_wconf 83' lang='grc' dir='ltr'>φιλομαθείας</span> <span class='ocrx_word' id='word_1_523' title='bbox 3269 2660 3447 2729; x_wconf 81' lang='grc' dir='ltr'>ἴσμεν,</span> <span class='ocrx_word' id='word_1_524' title='bbox 3497 2660 3571 2711; x_wconf 64' lang='grc' dir='ltr'>τὰ</span> <span class='ocrx_word' id='word_1_525' title='bbox 3602 2659 3656 2710; x_wconf 76' lang='grc' dir='ltr'><strong>δὲ</strong></span> 
     </span>
    </p>
   </div>
   <div class='ocr_carea' id='block_1_75' title="bbox 2076 2752 3659 2824">
    <p class='ocr_par' dir='ltr' id='par_1_75' title="bbox 2076 2752 3659 2824">
     <span class='ocr_line' id='line_1_75' title="bbox 2076 2752 3659 2824; baseline -0.003 -17"><span class='ocrx_word' id='word_1_526' title='bbox 2076 2753 2134 2818; x_wconf 76' lang='grc' dir='ltr'>ἐξ</span> <span class='ocrx_word' id='word_1_527' title='bbox 2163 2755 2332 2824; x_wconf 80' lang='grc' dir='ltr'>ἀκοῆς</span> <span class='ocrx_word' id='word_1_528' title='bbox 2370 2754 2796 2823; x_wconf 82' lang='grc' dir='ltr'>κατειλήφαμεν,</span> <span class='ocrx_word' id='word_1_529' title='bbox 2829 2756 2940 2817; x_wconf 87' lang='grc' dir='ltr'>τοῖς</span> <span class='ocrx_word' id='word_1_530' title='bbox 2978 2753 3034 2806; x_wconf 85' lang='grc' dir='ltr'><strong>δέ</strong></span> <span class='ocrx_word' id='word_1_531' title='bbox 3058 2770 3201 2805; x_wconf 87' lang='grc' dir='ltr'>τισιν</span> <span class='ocrx_word' id='word_1_532' title='bbox 3248 2753 3397 2816; x_wconf 85' lang='grc' dir='ltr'>ἰδίοις</span> <span class='ocrx_word' id='word_1_533' title='bbox 3429 2752 3533 2805; x_wconf 75' lang='grc' dir='ltr'>ὠσὶ</span> <span class='ocrx_word' id='word_1_534' title='bbox 3570 2754 3659 2805; x_wconf 68' lang='grc' dir='ltr'><strong>καὶ</strong></span> 
     </span>
    </p>
   </div>
   <div class='ocr_carea' id='block_1_76' title="bbox 2074 2844 3659 2916">
    <p class='ocr_par' dir='ltr' id='par_1_76' title="bbox 2074 2844 3659 2916">
     <span class='ocr_line' id='line_1_76' title="bbox 2074 2844 3659 2916; baseline -0.002 -18"><span class='ocrx_word' id='word_1_535' title='bbox 2074 2847 2374 2915; x_wconf 81' lang='grc' dir='ltr'>ὀφθαλμοῖς</span> <span class='ocrx_word' id='word_1_536' title='bbox 2408 2845 2805 2916; x_wconf 82' lang='grc' dir='ltr'>παρετύχομεν.</span> <span class='ocrx_word' id='word_1_537' title='bbox 2844 2846 2954 2898; x_wconf 79' lang='grc' dir='ltr'><strong>Καὶ</strong></span> <span class='ocrx_word' id='word_1_538' title='bbox 2978 2844 3087 2897; x_wconf 87' lang='grc' dir='ltr'><strong>τῶν</strong></span> <span class='ocrx_word' id='word_1_539' title='bbox 3125 2845 3219 2915; x_wconf 85' lang='grc' dir='ltr'>μὲν</span> <span class='ocrx_word' id='word_1_540' title='bbox 3254 2845 3352 2907; x_wconf 67' lang='grc' dir='ltr'>τὰς</span> <span class='ocrx_word' id='word_1_541' title='bbox 3385 2844 3542 2916; x_wconf 75' lang='grc' dir='ltr'>ῥίζας</span> <span class='ocrx_word' id='word_1_542' title='bbox 3570 2846 3659 2896; x_wconf 79' lang='grc' dir='ltr'><strong>καὶ</strong></span> 
     </span>
    </p>
   </div>
   <div class='ocr_carea' id='block_1_77' title="bbox 2073 2937 3658 3010">
    <p class='ocr_par' dir='ltr' id='par_1_77' title="bbox 2073 2937 3658 3010">
     <span class='ocr_line' id='line_1_77' title="bbox 2073 2937 3658 3010; baseline -0.001 -19"><span class='ocrx_word' id='word_1_543' title='bbox 2073 2940 2140 2991; x_wconf 73' lang='grc' dir='ltr'><strong>τὰ</strong></span> <span class='ocrx_word' id='word_1_544' title='bbox 2193 2940 2499 3010; x_wconf 84' lang='grc' dir='ltr'>διδάγματα</span> <span class='ocrx_word' id='word_1_545' title='bbox 2552 2938 2610 3004; x_wconf 79' lang='grc' dir='ltr'>ἐξ</span> <span class='ocrx_word' id='word_1_546' title='bbox 2666 2937 2928 3008; x_wconf 77' lang='grc' dir='ltr'>ἀκριϐοῦς</span> <span class='ocrx_word' id='word_1_547' title='bbox 2984 2937 3315 3007; x_wconf 80' lang='grc' dir='ltr'>ἐπαγγελίας</span> <span class='ocrx_word' id='word_1_548' title='bbox 3366 2937 3658 2991; x_wconf 79' lang='grc' dir='ltr'>ἀποδοῦναι</span> 
     </span>
    </p>
   </div>
   <div class='ocr_carea' id='block_1_78' title="bbox 2076 3028 3657 3101">
    <p class='ocr_par' dir='ltr' id='par_1_78' title="bbox 2076 3028 3657 3101">
     <span class='ocr_line' id='line_1_78' title="bbox 2076 3028 3657 3101; baseline -0.001 -18"><span class='ocrx_word' id='word_1_549' title='bbox 2076 3031 2543 3101; x_wconf 81' lang='grc' dir='ltr'>πεπιστεύκαμεν,</span> <span class='ocrx_word' id='word_1_550' title='bbox 2573 3028 2682 3082; x_wconf 85' lang='grc' dir='ltr'><strong>τῶν</strong></span> <span class='ocrx_word' id='word_1_551' title='bbox 2715 3029 2773 3081; x_wconf 82' lang='grc' dir='ltr'>δὲ</span> <span class='ocrx_word' id='word_1_552' title='bbox 2806 3030 2970 3100; x_wconf 81' lang='grc' dir='ltr'>μέρος</span> <span class='ocrx_word' id='word_1_553' title='bbox 3008 3047 3061 3081; x_wconf 91' lang='grc' dir='ltr'><strong>τι</strong></span> <span class='ocrx_word' id='word_1_554' title='bbox 3099 3028 3207 3081; x_wconf 86' lang='grc' dir='ltr'><strong>τῶν</strong></span> <span class='ocrx_word' id='word_1_555' title='bbox 3243 3029 3336 3081; x_wconf 81' lang='grc' dir='ltr'>ἀπ’</span> <span class='ocrx_word' id='word_1_556' title='bbox 3368 3029 3539 3098; x_wconf 76' lang='grc' dir='ltr'>αὐτῆς</span> <span class='ocrx_word' id='word_1_557' title='bbox 3572 3048 3657 3097; x_wconf 87' lang='grc' dir='ltr'><strong>γι-</strong></span> 
     </span>
    </p>
   </div>
   <div class='ocr_carea' id='block_1_79' title="bbox 2401 3113 3657 3191">
    <p class='ocr_par' dir='ltr' id='par_1_79' title="bbox 2401 3113 3657 3191">
     <span class='ocr_line' id='line_1_79' title="bbox 2401 3113 3657 3191; baseline -0.001 -18"><span class='ocrx_word' id='word_1_558' title='bbox 2401 3122 2489 3187; x_wconf 76' lang='grc' dir='ltr'>Ἐξ</span> <span class='ocrx_word' id='word_1_559' title='bbox 2538 3113 2612 3173; x_wconf 81' lang='grc' dir='ltr'>ὧν</span> <span class='ocrx_word' id='word_1_560' title='bbox 2659 3120 2819 3173; x_wconf 88' lang='grc' dir='ltr'>τοῦτο</span> <span class='ocrx_word' id='word_1_561' title='bbox 2853 3121 2951 3191; x_wconf 82' lang='grc' dir='ltr'>μὲν</span> <span class='ocrx_word' id='word_1_562' title='bbox 2980 3119 3065 3173; x_wconf 80' lang='grc' dir='ltr'>διὰ</span> <span class='ocrx_word' id='word_1_563' title='bbox 3111 3120 3503 3190; x_wconf 79' lang='grc' dir='ltr'>συνταγμάτων</span> <span class='ocrx_word' id='word_1_564' title='bbox 3551 3138 3657 3172; x_wconf 81' lang='grc' dir='ltr'>πα-</span> 
     </span>
    </p>
   </div>
   <div class='ocr_carea' id='block_1_80' title="bbox 2068 3212 3658 3284">
    <p class='ocr_par' dir='ltr' id='par_1_80' title="bbox 2068 3212 3658 3284">
     <span class='ocr_line' id='line_1_80' title="bbox 2068 3212 3658 3284; baseline -0.001 -17"><span class='ocrx_word' id='word_1_565' title='bbox 2068 3214 2234 3267; x_wconf 87' lang='grc' dir='ltr'>λαιῶν</span> <span class='ocrx_word' id='word_1_566' title='bbox 2291 3213 2673 3284; x_wconf 83' lang='grc' dir='ltr'>συγγραφέων,</span> <span class='ocrx_word' id='word_1_567' title='bbox 2733 3212 2891 3266; x_wconf 89' lang='grc' dir='ltr'>τοῦτο</span> <span class='ocrx_word' id='word_1_568' title='bbox 2934 3212 2992 3265; x_wconf 85' lang='grc' dir='ltr'>δὲ</span> <span class='ocrx_word' id='word_1_569' title='bbox 3029 3212 3096 3265; x_wconf 86' lang='grc' dir='ltr'>δι’</span> <span class='ocrx_word' id='word_1_570' title='bbox 3137 3214 3307 3283; x_wconf 83' lang='grc' dir='ltr'>ἀκοῆς</span> <span class='ocrx_word' id='word_1_571' title='bbox 3353 3213 3658 3284; x_wconf 82' lang='grc' dir='ltr'>ἀνθρώπων</span> 
     </span>
    </p>
   </div>
   <div class='ocr_carea' id='block_1_81' title="bbox 2067 3305 3654 3379">
    <p class='ocr_par' dir='ltr' id='par_1_81' title="bbox 2067 3305 3654 3379">
     <span class='ocr_line' id='line_1_81' title="bbox 2067 3305 3654 3379; baseline -0.003 -17"><span class='ocrx_word' id='word_1_572' title='bbox 2067 3308 2310 3379; x_wconf 79' lang='grc' dir='ltr'>ἀκριϐῶς</span> <span class='ocrx_word' id='word_1_573' title='bbox 2346 3308 2777 3375; x_wconf 85' lang='grc' dir='ltr'>πιστωσαμένων</span> <span class='ocrx_word' id='word_1_574' title='bbox 2816 3305 2912 3376; x_wconf 81' lang='grc' dir='ltr'>τὴν</span> <span class='ocrx_word' id='word_1_575' title='bbox 2945 3305 3099 3375; x_wconf 77' lang='grc' dir='ltr'>ἡμῶν</span> <span class='ocrx_word' id='word_1_576' title='bbox 3139 3306 3346 3359; x_wconf 75' lang='grc' dir='ltr'>ἔννοιαν</span> <span class='ocrx_word' id='word_1_577' title='bbox 3369 3306 3654 3376; x_wconf 61' lang='grc' dir='ltr'>ἔγνωμεν</span> 
     </span>
    </p>
   </div>
   <div class='ocr_carea' id='block_1_82' title="bbox 2064 3398 3655 3470">
    <p class='ocr_par' dir='ltr' id='par_1_82' title="bbox 2064 3398 3655 3470">
     <span class='ocr_line' id='line_1_82' title="bbox 2064 3398 3655 3470; baseline -0.003 -15"><span class='ocrx_word' id='word_1_578' title='bbox 2064 3402 2220 3455; x_wconf 85' lang='grc' dir='ltr'>τοῦτο</span> <span class='ocrx_word' id='word_1_579' title='bbox 2270 3401 2326 3453; x_wconf 82' lang='grc' dir='ltr'>δὲ</span> <span class='ocrx_word' id='word_1_580' title='bbox 2379 3401 2438 3453; x_wconf 87' lang='grc' dir='ltr'><strong>τὸ</strong></span> <span class='ocrx_word' id='word_1_581' title='bbox 2486 3402 2593 3453; x_wconf 80' lang='grc' dir='ltr'>πᾶν</span> <span class='ocrx_word' id='word_1_582' title='bbox 2654 3399 3037 3470; x_wconf 82' lang='grc' dir='ltr'>συνηγάγομεν</span> <span class='ocrx_word' id='word_1_583' title='bbox 3090 3398 3418 3468; x_wconf 84' lang='grc' dir='ltr'>φρόντισμα,</span> <span class='ocrx_word' id='word_1_584' title='bbox 3461 3400 3527 3451; x_wconf 77' lang='grc' dir='ltr'>οὐ</span> <span class='ocrx_word' id='word_1_585' title='bbox 3586 3399 3655 3451; x_wconf 85' lang='grc' dir='ltr'>δι’</span> 
     </span>
    </p>
   </div>
   <div class='ocr_carea' id='block_1_83' title="bbox 2068 3492 3655 3563">
    <p class='ocr_par' dir='ltr' id='par_1_83' title="bbox 2068 3492 3655 3563">
     <span class='ocr_line' id='line_1_83' title="bbox 2068 3492 3655 3563; baseline -0.001 -16"><span class='ocrx_word' id='word_1_586' title='bbox 2068 3494 2278 3547; x_wconf 83' lang='grc' dir='ltr'>ἑαυτῶν</span> <span class='ocrx_word' id='word_1_587' title='bbox 2334 3492 2776 3563; x_wconf 80' lang='grc' dir='ltr'>ἐπιϐαλλόμενοι,</span> <span class='ocrx_word' id='word_1_588' title='bbox 2821 3492 2919 3545; x_wconf 80' lang='grc' dir='ltr'><strong>οὐκ</strong></span> <span class='ocrx_word' id='word_1_589' title='bbox 2969 3492 3377 3561; x_wconf 73' lang='grc' dir='ltr'>ὲπεντριόέντες</span> <span class='ocrx_word' id='word_1_590' title='bbox 3415 3493 3655 3563; x_wconf 81' lang='grc' dir='ltr'>ἐπαγγε-</span> 
     </span>
    </p>
   </div>
   <div class='ocr_carea' id='block_1_84' title="bbox 2066 3581 3653 3655">
    <p class='ocr_par' dir='ltr' id='par_1_84' title="bbox 2066 3581 3653 3655">
     <span class='ocr_line' id='line_1_84' title="bbox 2066 3581 3653 3655; baseline -0.001 -18"><span class='ocrx_word' id='word_1_591' title='bbox 2066 3585 2209 3648; x_wconf 86' lang='grc' dir='ltr'>λίαις</span> <span class='ocrx_word' id='word_1_592' title='bbox 2256 3584 2709 3655; x_wconf 77' lang='grc' dir='ltr'>ὑπερϐαινούσαις</span> <span class='ocrx_word' id='word_1_593' title='bbox 2761 3584 2857 3653; x_wconf 83' lang='grc' dir='ltr'>τὴν</span> <span class='ocrx_word' id='word_1_594' title='bbox 2886 3582 3054 3652; x_wconf 82' lang='grc' dir='ltr'>-ἡμῶν</span> <span class='ocrx_word' id='word_1_595' title='bbox 3107 3581 3489 3653; x_wconf 84' lang='grc' dir='ltr'>βραχυλογίαν.</span> <span class='ocrx_word' id='word_1_596' title='bbox 3543 3584 3653 3637; x_wconf 70' lang='grc' dir='ltr'>Καὶ</span> 
     </span>
    </p>
   </div>
   <div class='ocr_carea' id='block_1_85' title="bbox 2069 3677 3653 3748">
    <p class='ocr_par' dir='ltr' id='par_1_85' title="bbox 2069 3677 3653 3748">
     <span class='ocr_line' id='line_1_85' title="bbox 2069 3677 3653 3748; baseline 0 -18"><span class='ocrx_word' id='word_1_597' title='bbox 2069 3678 2177 3748; x_wconf 82' lang='grc' dir='ltr'>γὰρ</span> <span class='ocrx_word' id='word_1_598' title='bbox 2221 3678 2316 3730; x_wconf 74' lang='grc' dir='ltr'>καὶ</span> <span class='ocrx_word' id='word_1_599' title='bbox 2347 3677 2507 3730; x_wconf 72' lang='grc' dir='ltr'>αὑτὸν</span> <span class='ocrx_word' id='word_1_600' title='bbox 2538 3678 2723 3731; x_wconf 87' lang='grc' dir='ltr'>τοῦτον</span> <span class='ocrx_word' id='word_1_601' title='bbox 2750 3679 2841 3731; x_wconf 83' lang='grc' dir='ltr'><strong>τὸν</strong></span> <span class='ocrx_word' id='word_1_602' title='bbox 2873 3678 3049 3746; x_wconf 87' lang='grc' dir='ltr'>λόγον,</span> <span class='ocrx_word' id='word_1_603' title='bbox 3092 3679 3150 3731; x_wconf 80' lang='grc' dir='ltr'>ὃν</span> <span class='ocrx_word' id='word_1_604' title='bbox 3192 3678 3461 3732; x_wconf 80' lang='grc' dir='ltr'>συνθεῖναι</span> <span class='ocrx_word' id='word_1_605' title='bbox 3494 3679 3653 3748; x_wconf 77' lang='grc' dir='ltr'>ηὐδο-</span> 
     </span>
    </p>
   </div>
   <div class='ocr_carea' id='block_1_86' title="bbox 2069 3769 3654 3842">
    <p class='ocr_par' dir='ltr' id='par_1_86' title="bbox 2069 3769 3654 3842">
     <span class='ocr_line' id='line_1_86' title="bbox 2069 3769 3654 3842; baseline 0.003 -22"><span class='ocrx_word' id='word_1_606' title='bbox 2069 3770 2318 3839; x_wconf 77' lang='grc' dir='ltr'>κήσαμεν</span> <span class='ocrx_word' id='word_1_607' title='bbox 2371 3770 2504 3821; x_wconf 87' lang='grc' dir='ltr'>Θεοῦ</span> <span class='ocrx_word' id='word_1_608' title='bbox 2555 3769 2802 3841; x_wconf 74' lang='grc' dir='ltr'>βουλήσει</span> <span class='ocrx_word' id='word_1_609' title='bbox 2851 3770 2909 3836; x_wconf 76' lang='grc' dir='ltr'><strong>ἐξ</strong></span> <span class='ocrx_word' id='word_1_610' title='bbox 2957 3771 3164 3842; x_wconf 87' lang='grc' dir='ltr'>ἀνδρῶν</span> <span class='ocrx_word' id='word_1_611' title='bbox 3204 3770 3531 3840; x_wconf 82' lang='grc' dir='ltr'>φιλοσόφων,</span> <span class='ocrx_word' id='word_1_612' title='bbox 3562 3772 3654 3825; x_wconf 75' lang='grc' dir='ltr'>άλ-</span> 
     </span>
    </p>
   </div>
   <div class='ocr_carea' id='block_1_87' title="bbox 2071 3858 3653 3934">
    <p class='ocr_par' dir='ltr' id='par_1_87' title="bbox 2071 3858 3653 3934">
     <span class='ocr_line' id='line_1_87' title="bbox 2071 3858 3653 3934; baseline 0.001 -22"><span class='ocrx_word' id='word_1_613' title='bbox 2071 3858 2184 3913; x_wconf 89' lang='grc' dir='ltr'>λοθι</span> <span class='ocrx_word' id='word_1_614' title='bbox 2272 3861 2446 3924; x_wconf 82' lang='grc' dir='ltr'>ἄλλως</span> <span class='ocrx_word' id='word_1_615' title='bbox 2469 3862 2488 3892; x_wconf 83' lang='grc'>³</span> <span class='ocrx_word' id='word_1_616' title='bbox 2509 3901 2524 3925; x_wconf 92' lang='grc'><strong>,</strong></span> <span class='ocrx_word' id='word_1_617' title='bbox 2601 3861 2695 3914; x_wconf 81' lang='grc' dir='ltr'>καὶ</span> <span class='ocrx_word' id='word_1_618' title='bbox 2748 3861 2936 3915; x_wconf 85' lang='grc' dir='ltr'>άλλοτε</span> <span class='ocrx_word' id='word_1_619' title='bbox 2987 3862 3159 3925; x_wconf 85' lang='grc' dir='ltr'>ἄλλως</span> <span class='ocrx_word' id='word_1_620' title='bbox 3207 3861 3478 3927; x_wconf 79' lang='grc' dir='ltr'>νυξάντων</span> <span class='ocrx_word' id='word_1_621' title='bbox 3553 3863 3653 3934; x_wconf 76' lang='grc' dir='ltr'>τὴν</span> 
     </span>
    </p>
   </div>
   <div class='ocr_carea' id='block_1_88' title="bbox 2070 3953 3651 4024">
    <p class='ocr_par' dir='ltr' id='par_1_88' title="bbox 2070 3953 3651 4024">
     <span class='ocr_line' id='line_1_88' title="bbox 2070 3953 3651 4024; baseline 0 -19"><span class='ocrx_word' id='word_1_622' title='bbox 2070 3955 2228 4024; x_wconf 78' lang='grc' dir='ltr'>ἡμῶν</span> <span class='ocrx_word' id='word_1_623' title='bbox 2270 3953 2578 4015; x_wconf 84' lang='grc' dir='ltr'>ἀσθένειαν,</span> <span class='ocrx_word' id='word_1_624' title='bbox 2632 3954 2726 4007; x_wconf 79' lang='grc' dir='ltr'><strong>καὶ</strong></span> <span class='ocrx_word' id='word_1_625' title='bbox 2755 3953 3095 4024; x_wconf 80' lang='grc' dir='ltr'>βιασαμένων</span> <span class='ocrx_word' id='word_1_626' title='bbox 3129 3955 3295 4024; x_wconf 77' lang='grc' dir='ltr'>ἡμᾶς,</span> <span class='ocrx_word' id='word_1_627' title='bbox 3335 3953 3409 4017; x_wconf 87' lang='grc' dir='ltr'>ὡς</span> <span class='ocrx_word' id='word_1_628' title='bbox 3449 3955 3651 4017; x_wconf 83' lang='grc' dir='ltr'>εἰπεῖν,</span> 
     </span>
    </p>
   </div>
   <div class='ocr_carea' id='block_1_89' title="bbox 2072 4044 3648 4116">
    <p class='ocr_par' dir='ltr' id='par_1_89' title="bbox 2072 4044 3648 4116">
     <span class='ocr_line' id='line_1_89' title="bbox 2072 4044 3648 4116; baseline 0.001 -20"><span class='ocrx_word' id='word_1_629' title='bbox 2072 4044 2358 4114; x_wconf 85' lang='grc' dir='ltr'>παρελθεῖν</span> <span class='ocrx_word' id='word_1_630' title='bbox 2388 4047 2466 4107; x_wconf 84' lang='grc' dir='ltr'>εἰς</span> <span class='ocrx_word' id='word_1_631' title='bbox 2508 4044 2686 4107; x_wconf 86' lang='grc' dir='ltr'>τοῦτο,</span> <span class='ocrx_word' id='word_1_632' title='bbox 2718 4046 2791 4108; x_wconf 85' lang='grc' dir='ltr'><strong>ῶς</strong></span> <span class='ocrx_word' id='word_1_633' title='bbox 2832 4046 2865 4115; x_wconf 81' lang='grc' dir='ltr'><strong>ὴ</strong></span> <span class='ocrx_word' id='word_1_634' title='bbox 2898 4045 3050 4116; x_wconf 82' lang='grc' dir='ltr'>ὑμῶν</span> <span class='ocrx_word' id='word_1_635' title='bbox 3080 4045 3329 4116; x_wconf 80' lang='grc' dir='ltr'>τιμιότης</span> <span class='ocrx_word' id='word_1_636' title='bbox 3354 4046 3648 4114; x_wconf 76' lang='grc' dir='ltr'>γράφουσα</span> 
     </span>
    </p>
   </div>
   <div class='ocr_carea' id='block_1_90' title="bbox 2069 4131 3650 4211">
    <p class='ocr_par' dir='ltr' id='par_1_90' title="bbox 2069 4131 3650 4211">
     <span class='ocr_line' id='line_1_90' title="bbox 2069 4131 3650 4211; baseline 0.001 -22"><span class='ocrx_word' id='word_1_637' title='bbox 2069 4136 2159 4190; x_wconf 80' lang='grc' dir='ltr'><strong>διὰ</strong></span> <span class='ocrx_word' id='word_1_638' title='bbox 2211 4136 2566 4207; x_wconf 81' lang='grc' dir='ltr'>προφητικῶν</span> <span class='ocrx_word' id='word_1_639' title='bbox 2625 4138 2644 4167; x_wconf 83' lang='grc'>⁶</span> <span class='ocrx_word' id='word_1_640' title='bbox 2694 4138 3037 4208; x_wconf 84' lang='grc' dir='ltr'>γραμμάτων</span> <span class='ocrx_word' id='word_1_641' title='bbox 3084 4139 3305 4210; x_wconf 81' lang='grc' dir='ltr'>ᾔτησεν,</span> <span class='ocrx_word' id='word_1_642' title='bbox 3366 4131 3412 4191; x_wconf 78' lang='grc' dir='ltr'>ὦ</span> <span class='ocrx_word' id='word_1_643' title='bbox 3453 4141 3650 4211; x_wconf 82' lang='grc' dir='ltr'>τιμιώ-</span> 
     </span>
    </p>
   </div>
   <div class='ocr_carea' id='block_1_91' title="bbox 2069 4230 3648 4300">
    <p class='ocr_par' dir='ltr' id='par_1_91' title="bbox 2069 4230 3648 4300">
     <span class='ocr_line' id='line_1_91' title="bbox 2069 4230 3648 4300; baseline 0.003 -18"><span class='ocrx_word' id='word_1_644' title='bbox 2069 4230 2221 4283; x_wconf 80' lang='grc' dir='ltr'>τατοί</span> <span class='ocrx_word' id='word_1_645' title='bbox 2259 4248 2360 4300; x_wconf 89' lang='grc' dir='ltr'><strong>μου</strong></span> <span class='ocrx_word' id='word_1_646' title='bbox 2407 4230 2627 4299; x_wconf 75' lang='grc' dir='ltr'>ἀδελφοὶ</span> <span class='ocrx_word' id='word_1_647' title='bbox 2678 4230 2770 4284; x_wconf 79' lang='grc' dir='ltr'><strong>καὶ</strong></span> <span class='ocrx_word' id='word_1_648' title='bbox 2825 4230 3232 4299; x_wconf 80' lang='grc' dir='ltr'>φιλοκαλότατοι</span> <span class='ocrx_word' id='word_1_649' title='bbox 3275 4233 3497 4286; x_wconf 80' lang='grc' dir='ltr'>Ἀκάκιε</span> <span class='ocrx_word' id='word_1_650' title='bbox 3555 4236 3648 4287; x_wconf 81' lang='grc' dir='ltr'>καὶ</span> 
     </span>
    </p>
   </div>
   <div class='ocr_carea' id='block_1_92' title="bbox 2073 4320 3648 4396">
    <p class='ocr_par' dir='ltr' id='par_1_92' title="bbox 2073 4320 3648 4396">
     <span class='ocr_line' id='line_1_92' title="bbox 2073 4320 3648 4396; baseline 0.003 -21"><span class='ocrx_word' id='word_1_651' title='bbox 2073 4322 2252 4375; x_wconf 87' lang='grc' dir='ltr'>Παῦλε</span> <span class='ocrx_word' id='word_1_652' title='bbox 2305 4324 2798 4396; x_wconf 75' lang='grc' dir='ltr'>συμπρεσϐύτεροι.</span> <span class='ocrx_word' id='word_1_653' title='bbox 2859 4326 3010 4377; x_wconf 79' lang='grc' dir='ltr'>Ἐπεὶ</span> <span class='ocrx_word' id='word_1_654' title='bbox 3048 4320 3140 4378; x_wconf 80' lang='grc' dir='ltr'><strong>οῦν</strong></span> <span class='ocrx_word' id='word_1_655' title='bbox 3171 4325 3505 4395; x_wconf 84' lang='grc' dir='ltr'>πανταχόθεν</span> <span class='ocrx_word' id='word_1_656' title='bbox 3547 4328 3648 4379; x_wconf 67' lang='grc' dir='ltr'>οὐκ</span> 
     </span>
    </p>
   </div>
   <div class='ocr_carea' id='block_1_93' title="bbox 2072 4416 3649 4491">
    <p class='ocr_par' dir='ltr' id='par_1_93' title="bbox 2072 4416 3649 4491">
     <span class='ocr_line' id='line_1_93' title="bbox 2072 4416 3649 4491; baseline 0.003 -22"><span class='ocrx_word' id='word_1_657' title='bbox 2072 4416 2221 4469; x_wconf 76' lang='grc' dir='ltr'>ἀθεεὶ</span> <span class='ocrx_word' id='word_1_658' title='bbox 2236 4416 2707 4487; x_wconf 77' lang='grc' dir='ltr'>διασκοπήσαντας</span> <span class='ocrx_word' id='word_1_659' title='bbox 2726 4417 3023 4489; x_wconf 60' lang='grc' dir='ltr'>(ὅὶψήφους</span> <span class='ocrx_word' id='word_1_660' title='bbox 3045 4418 3151 4470; x_wconf 86' lang='grc' dir='ltr'><strong>τῶν</strong></span> <span class='ocrx_word' id='word_1_661' title='bbox 3167 4420 3431 4491; x_wconf 81' lang='grc' dir='ltr'>αἰτήσεων</span> <span class='ocrx_word' id='word_1_662' title='bbox 3445 4420 3539 4473; x_wconf 80' lang='grc' dir='ltr'>διὰ</span> <span class='ocrx_word' id='word_1_663' title='bbox 3548 4420 3649 4491; x_wconf 83' lang='grc' dir='ltr'>τὴν</span> 
     </span>
    </p>
   </div>
   <div class='ocr_carea' id='block_1_94' title="bbox 1522 4566 2151 4639">
    <p class='ocr_par' dir='ltr' id='par_1_94' title="bbox 1522 4566 2151 4639">
     <span class='ocr_line' id='line_1_94' title="bbox 1522 4566 2151 4639; baseline 0.011 -21"><span class='ocrx_word' id='word_1_664' title='bbox 1522 4568 1542 4597; x_wconf 82' lang='grc'>⁸</span> <span class='ocrx_word' id='word_1_665' title='bbox 1574 4566 1633 4622; x_wconf 86' lang='lat' dir='ltr'><strong>L.</strong></span> <span class='ocrx_word' id='word_1_666' title='bbox 1666 4570 2151 4639; x_wconf 77' lang='grc' dir='ltr'>προσφωνητικῶν.</span> 
     </span>
    </p>
   </div>
   <div class='ocr_carea' id='block_1_95' title="bbox 408 4720 1944 4805">
    <p class='ocr_par' dir='ltr' id='par_1_95' title="bbox 408 4720 1944 4805">
     <span class='ocr_line' id='line_1_95' title="bbox 408 4720 1944 4805; baseline 0.004 -32"><span class='ocrx_word' id='word_1_667' title='bbox 408 4720 521 4802; x_wconf 83' lang='lat' dir='ltr'><strong>_(l)</strong></span> <span class='ocrx_word' id='word_1_668' title='bbox 547 4722 781 4805; x_wconf 71' lang='lat' dir='ltr'><strong>&#39;_Asoata</strong></span> <span class='ocrx_word' id='word_1_669' title='bbox 802 4721 915 4805; x_wconf 71' lang='grc' dir='ltr'><strong>γάρ</strong></span> <span class='ocrx_word' id='word_1_670' title='bbox 943 4723 1073 4776; x_wconf 83' lang='grc' dir='ltr'>ἐστι</span> <span class='ocrx_word' id='word_1_671' title='bbox 1112 4723 1211 4776; x_wconf 80' lang='grc' dir='ltr'>καὶ</span> <span class='ocrx_word' id='word_1_672' title='bbox 1241 4722 1417 4805; x_wconf 50' lang='lat' dir='ltr'><strong>spurci:</strong></span> <span class='ocrx_word' id='word_1_673' title='bbox 1456 4723 1721 4805; x_wconf 39' lang='lat' dir='ltr'><strong>Expunngo</strong></span> <span class='ocrx_word' id='word_1_674' title='bbox 1764 4734 1944 4805; x_wconf 48' lang='lat' dir='ltr'><strong>poste:</strong></span> 
     </span>
    </p>
   </div>
   <div class='ocr_carea' id='block_1_96' title="bbox 2132 4720 3644 4805">
    <p class='ocr_par' dir='ltr' id='par_1_96' title="bbox 2138 4726 3644 4805">
     <span class='ocr_line' id='line_1_96' title="bbox 2138 4726 3644 4805; baseline 0.007 -27"><span class='ocrx_word' id='word_1_675' title='bbox 2138 4726 2366 4805; x_wconf 85' lang='lat' dir='ltr'><strong>ris_t_i_est</strong></span> <span class='ocrx_word' id='word_1_676' title='bbox 2387 4728 2517 4805; x_wconf 68' lang='lat'><strong>.374.</strong></span> <span class='ocrx_word' id='word_1_677' title='bbox 2541 4728 2786 4805; x_wconf 54' lang='lat' dir='ltr'><strong>gratiani</strong></span> <span class='ocrx_word' id='word_1_678' title='bbox 2820 4745 2994 4805; x_wconf 80' lang='lat' dir='ltr'><strong>annos</strong></span> <span class='ocrx_word' id='word_1_679' title='bbox 3031 4734 3399 4805; x_wconf 63' lang='lat' dir='ltr'><strong>praetermisit,</strong></span> <span class='ocrx_word' id='word_1_680' title='bbox 3434 4741 3496 4788; x_wconf 87' lang='lat' dir='ltr'><strong>ut</strong></span> <span class='ocrx_word' id='word_1_681' title='bbox 3526 4735 3644 4805; x_wconf 86' lang='lat' dir='ltr'><strong>opi-</strong></span> 
     </span>
    </p>
   </div>
   <div class='ocr_carea' id='block_1_97' title="bbox 374 4792 1949 4861">
    <p class='ocr_par' dir='ltr' id='par_1_97' title="bbox 374 4792 1949 4861">
     <span class='ocr_line' id='line_1_97' title="bbox 374 4792 1949 4861; baseline 0.002 -17"><span class='ocrx_word' id='word_1_682' title='bbox 374 4792 549 4846; x_wconf 89' lang='lat' dir='ltr'><strong>riores</strong></span> <span class='ocrx_word' id='word_1_683' title='bbox 566 4792 730 4861; x_wconf 85' lang='lat' dir='ltr'><strong>hasce</strong></span> <span class='ocrx_word' id='word_1_684' title='bbox 755 4795 1000 4854; x_wconf 85' lang='lat' dir='ltr'><strong>voculas,</strong></span> <span class='ocrx_word' id='word_1_685' title='bbox 1032 4808 1153 4861; x_wconf 62' lang='lat' dir='ltr'><strong>quas</strong></span> <span class='ocrx_word' id='word_1_686' title='bbox 1177 4795 1502 4848; x_wconf 88' lang='lat' dir='ltr'><strong>sententiam</strong></span> <span class='ocrx_word' id='word_1_687' title='bbox 1538 4792 1832 4858; x_wconf 78' lang='lat' dir='ltr'><strong>infuscant,</strong></span> <span class='ocrx_word' id='word_1_688' title='bbox 1854 4797 1949 4849; x_wconf 73' lang='grc' dir='ltr'>καὶ</span> 
     </span>
    </p>
   </div>
   <div class='ocr_carea' id='block_1_98' title="bbox 377 4860 1746 4932">
    <p class='ocr_par' dir='ltr' id='par_1_98' title="bbox 377 4860 1746 4932">
     <span class='ocr_line' id='line_1_98' title="bbox 377 4860 1746 4932; baseline 0.001 -18"><span class='ocrx_word' id='word_1_689' title='bbox 377 4861 542 4931; x_wconf 87' lang='grc' dir='ltr'>φατά.</span> <span class='ocrx_word' id='word_1_690' title='bbox 577 4860 722 4932; x_wconf 79' lang='lat' dir='ltr'><strong>Dixit</strong></span> <span class='ocrx_word' id='word_1_691' title='bbox 760 4863 978 4931; x_wconf 88' lang='lat' dir='ltr'><strong>quidem</strong></span> <span class='ocrx_word' id='word_1_692' title='bbox 1008 4860 1278 4919; x_wconf 86' lang='lat' dir='ltr'><strong>Hesiodus</strong></span> <span class='ocrx_word' id='word_1_693' title='bbox 1309 4864 1468 4918; x_wconf 90' lang='lat' dir='ltr'><strong>initio</strong></span> <span class='ocrx_word' id='word_1_694' title='bbox 1496 4863 1746 4932; x_wconf 74' lang='grc' dir='ltr'>Ἔργων,</span> 
     </span>
    </p>
   </div>
   <div class='ocr_carea' id='block_1_99' title="bbox 376 4931 1951 5004">
    <p class='ocr_par' dir='ltr' id='par_1_99' title="bbox 376 4931 1951 5004">
     <span class='ocr_line' id='line_1_99' title="bbox 376 4931 1951 5004; baseline 0.004 -23"><span class='ocrx_word' id='word_1_695' title='bbox 376 4934 489 5004; x_wconf 75' lang='grc' dir='ltr'><strong>’Ὃν</strong></span> <span class='ocrx_word' id='word_1_696' title='bbox 500 4947 563 4984; x_wconf 85' lang='grc' dir='ltr'><strong>τε</strong></span> <span class='ocrx_word' id='word_1_697' title='bbox 576 4931 906 5004; x_wconf 26' lang='grc' dir='ltr'>’διάρροτοῖ</span> <span class='ocrx_word' id='word_1_698' title='bbox 920 4933 1135 5001; x_wconf 76' lang='grc' dir='ltr'>ἄνδρες</span> <span class='ocrx_word' id='word_1_699' title='bbox 1151 4934 1329 5004; x_wconf 78' lang='grc' dir='ltr'>ὁμῶς,</span> <span class='ocrx_word' id='word_1_700' title='bbox 1349 4931 1573 5003; x_wconf 65' lang='grc' dir='ltr'>ἄφατοί</span> <span class='ocrx_word' id='word_1_701' title='bbox 1593 4950 1657 4987; x_wconf 87' lang='grc' dir='ltr'><strong>τε</strong></span> <span class='ocrx_word' id='word_1_702' title='bbox 1676 4937 1853 5002; x_wconf 70' lang='grc' dir='ltr'>φατοί</span> <span class='ocrx_word' id='word_1_703' title='bbox 1869 4953 1951 4999; x_wconf 75' lang='grc' dir='ltr'><strong>τε,</strong></span> 
     </span>
    </p>
   </div>
   <div class='ocr_carea' id='block_1_100' title="bbox 386 5001 1057 5069">
    <p class='ocr_par' dir='ltr' id='par_1_100' title="bbox 386 5001 1057 5069">
     <span class='ocr_line' id='line_1_100' title="bbox 386 5001 1057 5069; baseline 0.003 -15"><span class='ocrx_word' id='word_1_704' title='bbox 386 5001 585 5069; x_wconf 82' lang='grc' dir='ltr'>Ῥητοί</span> <span class='ocrx_word' id='word_1_705' title='bbox 609 5001 660 5054; x_wconf 84' lang='grc' dir='ltr'>τ’</span> <span class='ocrx_word' id='word_1_706' title='bbox 695 5001 937 5069; x_wconf 60' lang='lat' dir='ltr'><strong>apparot</strong></span> <span class='ocrx_word' id='word_1_707' title='bbox 962 5020 1025 5056; x_wconf 86' lang='grc' dir='ltr'><strong>τε</strong></span> <span class='ocrx_word' id='word_1_708' title='bbox 1044 5021 1057 5036; x_wconf 85' lang='grc'><strong>·</strong></span> 
     </span>
    </p>
   </div>
   <div class='ocr_carea' id='block_1_101' title="bbox 376 5072 1950 5145">
    <p class='ocr_par' dir='ltr' id='par_1_101' title="bbox 376 5072 1950 5145">
     <span class='ocr_line' id='line_1_101' title="bbox 376 5072 1950 5145; baseline 0.003 -20"><span class='ocrx_word' id='word_1_709' title='bbox 376 5073 471 5145; x_wconf 82' lang='lat' dir='ltr'><strong>sed</strong></span> <span class='ocrx_word' id='word_1_710' title='bbox 522 5072 630 5125; x_wconf 88' lang='lat' dir='ltr'><strong>alio</strong></span> <span class='ocrx_word' id='word_1_711' title='bbox 656 5087 1034 5145; x_wconf 72' lang='lat' dir='ltr'><strong>sensu,_quam</strong></span> <span class='ocrx_word' id='word_1_712' title='bbox 1074 5082 1133 5127; x_wconf 86' lang='lat' dir='ltr'><strong>ut</strong></span> <span class='ocrx_word' id='word_1_713' title='bbox 1164 5075 1293 5130; x_wconf 90' lang='lat' dir='ltr'><strong>huic</strong></span> <span class='ocrx_word' id='word_1_714' title='bbox 1326 5076 1446 5131; x_wconf 91' lang='lat' dir='ltr'><strong>loco</strong></span> <span class='ocrx_word' id='word_1_715' title='bbox 1484 5086 1771 5145; x_wconf 88' lang='lat' dir='ltr'><strong>congruat.</strong></span> <span class='ocrx_word' id='word_1_716' title='bbox 1815 5076 1950 5129; x_wconf 85' lang='lat' dir='ltr'><strong>Nam</strong></span> 
     </span>
    </p>
   </div>
   <div class='ocr_carea' id='block_1_102' title="bbox 375 5142 1954 5216">
    <p class='ocr_par' dir='ltr' id='par_1_102' title="bbox 375 5142 1954 5216">
     <span class='ocr_line' id='line_1_102' title="bbox 375 5142 1954 5216; baseline 0.002 -21"><span class='ocrx_word' id='word_1_717' title='bbox 375 5143 479 5216; x_wconf 87' lang='lat' dir='ltr'><strong>hoc</strong></span> <span class='ocrx_word' id='word_1_718' title='bbox 507 5159 676 5216; x_wconf 81' lang='lat' dir='ltr'><strong>unum</strong></span> <span class='ocrx_word' id='word_1_719' title='bbox 708 5142 1051 5216; x_wconf 66' lang='lat' dir='ltr'><strong>Epiphanius</strong></span> <span class='ocrx_word' id='word_1_720' title='bbox 1075 5146 1368 5216; x_wconf 82' lang='lat' dir='ltr'><strong>signiﬁcat,</strong></span> <span class='ocrx_word' id='word_1_721' title='bbox 1389 5161 1448 5202; x_wconf 90' lang='lat' dir='ltr'><strong>se</strong></span> <span class='ocrx_word' id='word_1_722' title='bbox 1470 5162 1579 5202; x_wconf 91' lang='lat' dir='ltr'><strong>non</strong></span> <span class='ocrx_word' id='word_1_723' title='bbox 1597 5142 1780 5200; x_wconf 77' lang='lat' dir='ltr'><strong>omnia</strong></span> <span class='ocrx_word' id='word_1_724' title='bbox 1810 5162 1954 5199; x_wconf 83' lang='lat' dir='ltr'><strong>com-</strong></span> 
     </span>
    </p>
   </div>
   <div class='ocr_carea' id='block_1_103' title="bbox 375 5213 1948 5283">
    <p class='ocr_par' dir='ltr' id='par_1_103' title="bbox 375 5213 1948 5283">
     <span class='ocr_line' id='line_1_103' title="bbox 375 5213 1948 5283; baseline 0.003 -19"><span class='ocrx_word' id='word_1_725' title='bbox 375 5213 539 5283; x_wconf 85' lang='lat' dir='ltr'><strong>plecti</strong></span> <span class='ocrx_word' id='word_1_726' title='bbox 575 5214 678 5269; x_wconf 93' lang='lat' dir='ltr'><strong>boc</strong></span> <span class='ocrx_word' id='word_1_727' title='bbox 705 5213 760 5267; x_wconf 91' lang='lat' dir='ltr'><strong>in</strong></span> <span class='ocrx_word' id='word_1_728' title='bbox 790 5227 955 5282; x_wconf 92' lang='lat' dir='ltr'><strong>opere</strong></span> <span class='ocrx_word' id='word_1_729' title='bbox 970 5213 1187 5283; x_wconf 75' lang='lat' dir='ltr'><strong>cupere,</strong></span> <span class='ocrx_word' id='word_1_730' title='bbox 1211 5231 1335 5271; x_wconf 91' lang='lat' dir='ltr'><strong>cum</strong></span> <span class='ocrx_word' id='word_1_731' title='bbox 1368 5219 1789 5273; x_wconf 86' lang='lat' dir='ltr'><strong>innumerabilia</strong></span> <span class='ocrx_word' id='word_1_732' title='bbox 1816 5219 1948 5281; x_wconf 89' lang='lat' dir='ltr'><strong>sint,</strong></span> 
     </span>
    </p>
   </div>
   <div class='ocr_carea' id='block_1_104' title="bbox 376 5285 1447 5356">
    <p class='ocr_par' dir='ltr' id='par_1_104' title="bbox 376 5285 1447 5356">
     <span class='ocr_line' id='line_1_104' title="bbox 376 5285 1447 5356; baseline 0.005 -20"><span class='ocrx_word' id='word_1_733' title='bbox 376 5285 769 5356; x_wconf 80' lang='lat' dir='ltr'><strong>neeoratione</strong></span> <span class='ocrx_word' id='word_1_734' title='bbox 788 5285 1175 5356; x_wconf 87' lang='lat' dir='ltr'><strong>comprehendi</strong></span> <span class='ocrx_word' id='word_1_735' title='bbox 1216 5289 1447 5356; x_wconf 90' lang='lat' dir='ltr'><strong>possint.</strong></span> 
     </span>
    </p>
   </div>
   <div class='ocr_carea' id='block_1_105' title="bbox 447 5355 1949 5423">
    <p class='ocr_par' dir='ltr' id='par_1_105' title="bbox 447 5355 1949 5423">
     <span class='ocr_line' id='line_1_105' title="bbox 447 5355 1949 5423; baseline 0.005 -16"><span class='ocrx_word' id='word_1_736' title='bbox 447 5355 523 5422; x_wconf 72' lang='lat'><strong>(2)</strong></span> <span class='ocrx_word' id='word_1_737' title='bbox 590 5355 859 5408; x_wconf 82' lang='grc' dir='ltr'>Τουτέστ</span> <span class='ocrx_word' id='word_1_738' title='bbox 894 5355 1230 5423; x_wconf 73' lang='grc' dir='ltr'>,βασιλείας</span> <span class='ocrx_word' id='word_1_739' title='bbox 1275 5358 1796 5414; x_wconf 75' lang='grc' dir='ltr'>Οὐαλεντινιανοῦ.</span> <span class='ocrx_word' id='word_1_740' title='bbox 1852 5358 1949 5414; x_wconf 85' lang='lat' dir='ltr'><strong>Est</strong></span> 
     </span>
    </p>
   </div>
   <div class='ocr_carea' id='block_1_106' title="bbox 378 5422 1943 5501">
    <p class='ocr_par' dir='ltr' id='par_1_106' title="bbox 378 5422 1943 5501">
     <span class='ocr_line' id='line_1_106' title="bbox 378 5422 1943 5501; baseline 0.006 -26"><span class='ocrx_word' id='word_1_741' title='bbox 378 5422 468 5477; x_wconf 84' lang='lat' dir='ltr'><strong>hic</strong></span> <span class='ocrx_word' id='word_1_742' title='bbox 497 5440 676 5501; x_wconf 62' lang='lat' dir='ltr'><strong>annus</strong></span> <span class='ocrx_word' id='word_1_743' title='bbox 713 5424 931 5501; x_wconf 55' lang='lat' dir='ltr'><strong>Christi</strong></span> <span class='ocrx_word' id='word_1_744' title='bbox 963 5425 1087 5501; x_wconf 58' lang='grc'><strong>574.</strong></span> <span class='ocrx_word' id='word_1_745' title='bbox 1117 5422 1239 5501; x_wconf 70' lang='lat' dir='ltr'><strong>quo</strong></span> <span class='ocrx_word' id='word_1_746' title='bbox 1265 5444 1437 5501; x_wconf 7' lang='lat' dir='ltr'><strong>suum,</strong></span> <span class='ocrx_word' id='word_1_747' title='bbox 1469 5445 1606 5498; x_wconf 82' lang='lat' dir='ltr'><strong>opus</strong></span> <span class='ocrx_word' id='word_1_748' title='bbox 1652 5444 1943 5501; x_wconf 77' lang='lat' dir='ltr'><strong>aggressus</strong></span> 
     </span>
    </p>
   </div>
   <div class='ocr_carea' id='block_1_107' title="bbox 374 5492 1935 5575">
    <p class='ocr_par' dir='ltr' id='par_1_107' title="bbox 374 5492 1935 5575">
     <span class='ocr_line' id='line_1_107' title="bbox 374 5492 1935 5575; baseline 0.005 -27"><span class='ocrx_word' id='word_1_749' title='bbox 374 5502 460 5575; x_wconf 71' lang='lat' dir='ltr'><strong>est</strong></span> <span class='ocrx_word' id='word_1_750' title='bbox 493 5492 858 5575; x_wconf 56' lang='lat' dir='ltr'><strong>Epiphanius;</strong></span> <span class='ocrx_word' id='word_1_751' title='bbox 891 5492 1151 5575; x_wconf 73' lang='lat' dir='ltr'><strong>Gratiano</strong></span> <span class='ocrx_word' id='word_1_752' title='bbox 1201 5498 1287 5575; x_wconf 88' lang='lat' dir='ltr'><strong>lll,</strong></span> <span class='ocrx_word' id='word_1_753' title='bbox 1322 5492 1617 5575; x_wconf 29' lang='lat' dir='ltr'><strong>et‘Equ&#39;itio</strong></span> <span class='ocrx_word' id='word_1_754' title='bbox 1642 5492 1788 5575; x_wconf 55' lang='lat' dir='ltr'><strong>eds&#39;s.</strong></span> <span class='ocrx_word' id='word_1_755' title='bbox 1826 5499 1935 5555; x_wconf 88' lang='lat' dir='ltr'><strong>Va-</strong></span> 
     </span>
    </p>
   </div>
   <div class='ocr_carea' id='block_1_108' title="bbox 378 5565 1935 5640">
    <p class='ocr_par' dir='ltr' id='par_1_108' title="bbox 378 5565 1935 5640">
     <span class='ocr_line' id='line_1_108' title="bbox 378 5565 1935 5640; baseline 0.005 -23"><span class='ocrx_word' id='word_1_756' title='bbox 378 5565 705 5640; x_wconf 71' lang='lat' dir='ltr'><strong>lentinianus</strong></span> <span class='ocrx_word' id='word_1_757' title='bbox 724 5568 867 5640; x_wconf 76' lang='lat' dir='ltr'><strong>enim</strong></span> <span class='ocrx_word' id='word_1_758' title='bbox 891 5576 944 5640; x_wconf 85' lang='lat' dir='ltr'><strong>et</strong></span> <span class='ocrx_word' id='word_1_759' title='bbox 975 5567 1171 5640; x_wconf 77' lang='lat' dir='ltr'><strong>Valens</strong></span> <span class='ocrx_word' id='word_1_760' title='bbox 1202 5565 1777 5640; x_wconf 47' lang='lat' dir='ltr'><strong>imperiuniauspicati</strong></span> <span class='ocrx_word' id='word_1_761' title='bbox 1809 5580 1935 5626; x_wconf 89' lang='lat' dir='ltr'><strong>sunt</strong></span> 
     </span>
    </p>
   </div>
   <div class='ocr_carea' id='block_1_109' title="bbox 377 5637 1937 5709">
    <p class='ocr_par' dir='ltr' id='par_1_109' title="bbox 377 5637 1937 5709">
     <span class='ocr_line' id='line_1_109' title="bbox 377 5637 1937 5709; baseline 0.006 -23"><span class='ocrx_word' id='word_1_762' title='bbox 377 5650 523 5709; x_wconf 72' lang='lat' dir='ltr'><strong>anim</strong></span> <span class='ocrx_word' id='word_1_763' title='bbox 560 5637 664 5690; x_wconf 74' lang='grc'><strong>564</strong></span> <span class='ocrx_word' id='word_1_764' title='bbox 694 5637 1079 5709; x_wconf 58' lang='lat' dir='ltr'><strong>biscxtili;_qui</strong></span> <span class='ocrx_word' id='word_1_765' title='bbox 1119 5638 1329 5693; x_wconf 60' lang='grc' dir='ltr'>δονηιηὶ</span> <span class='ocrx_word' id='word_1_766' title='bbox 1368 5653 1419 5694; x_wconf 84' lang='lat' dir='ltr'><strong>et</strong></span> <span class='ocrx_word' id='word_1_767' title='bbox 1460 5637 1780 5695; x_wconf 81' lang='lat' dir='ltr'><strong>Varroniani</strong></span> <span class='ocrx_word' id='word_1_768' title='bbox 1812 5659 1937 5696; x_wconf 86' lang='lat' dir='ltr'><strong>cou-</strong></span> 
     </span>
    </p>
   </div>
   <div class='ocr_carea' id='block_1_110' title="bbox 379 5706 1935 5777">
    <p class='ocr_par' dir='ltr' id='par_1_110' title="bbox 379 5706 1935 5777">
     <span class='ocr_line' id='line_1_110' title="bbox 379 5706 1935 5777; baseline 0.004 -17"><span class='ocrx_word' id='word_1_769' title='bbox 379 5707 561 5761; x_wconf 74' lang='lat' dir='ltr'><strong>aulatu</strong></span> <span class='ocrx_word' id='word_1_770' title='bbox 593 5718 813 5763; x_wconf 83' lang='lat' dir='ltr'><strong>notatur</strong></span> <span class='ocrx_word' id='word_1_771' title='bbox 855 5712 910 5765; x_wconf 87' lang='lat' dir='ltr'><strong>in</strong></span> <span class='ocrx_word' id='word_1_772' title='bbox 952 5706 1152 5765; x_wconf 79' lang='lat' dir='ltr'><strong>Fastis.</strong></span> <span class='ocrx_word' id='word_1_773' title='bbox 1200 5710 1323 5767; x_wconf 82' lang='lat' dir='ltr'><strong>ldeo</strong></span> <span class='ocrx_word' id='word_1_774' title='bbox 1358 5728 1536 5769; x_wconf 84' lang='lat' dir='ltr'><strong>anuus</strong></span> <span class='ocrx_word' id='word_1_775' title='bbox 1568 5714 1852 5777; x_wconf 79' lang='lat' dir='ltr'><strong>utriusque</strong></span> <span class='ocrx_word' id='word_1_776' title='bbox 1884 5728 1935 5767; x_wconf 77' lang='lat' dir='ltr'><strong>xi</strong></span> 
     </span>
    </p>
   </div>
   <div class='ocr_carea' id='block_1_111' title="bbox 2061 4796 3643 4876">
    <p class='ocr_par' dir='ltr' id='par_1_111' title="bbox 2061 4796 3643 4876">
     <span class='ocr_line' id='line_1_111' title="bbox 2061 4796 3643 4876; baseline 0.006 -27"><span class='ocrx_word' id='word_1_777' title='bbox 2061 4812 2181 4859; x_wconf 88' lang='lat' dir='ltr'><strong>nor,</strong></span> <span class='ocrx_word' id='word_1_778' title='bbox 2214 4796 2489 4876; x_wconf 67' lang='lat' dir='ltr'><strong>librarius.</strong></span> <span class='ocrx_word' id='word_1_779' title='bbox 2531 4799 2713 4876; x_wconf 68' lang='lat' dir='ltr'><strong>Quare</strong></span> <span class='ocrx_word' id='word_1_780' title='bbox 2753 4796 3191 4876; x_wconf 62' lang='lat' dir='ltr'><strong>sub’stitueudum</strong></span> <span class='ocrx_word' id='word_1_781' title='bbox 3252 4811 3352 4876; x_wconf 1' lang='lat' dir='ltr'><strong>est,</strong></span> <span class='ocrx_word' id='word_1_782' title='bbox 3380 4796 3474 4858; x_wconf 81' lang='grc' dir='ltr'>καὶ</span> <span class='ocrx_word' id='word_1_783' title='bbox 3506 4796 3643 4876; x_wconf 73' lang='grc' dir='ltr'><strong>Γραο</strong></span> 
     </span>
    </p>
   </div>
   <div class='ocr_carea' id='block_1_112' title="bbox 2059 4866 3639 4939">
    <p class='ocr_par' dir='ltr' id='par_1_112' title="bbox 2059 4866 3639 4939">
     <span class='ocr_line' id='line_1_112' title="bbox 2059 4866 3639 4939; baseline 0.006 -21"><span class='ocrx_word' id='word_1_784' title='bbox 2059 4866 2242 4921; x_wconf 84' lang='grc' dir='ltr'>τιανοῦ</span> <span class='ocrx_word' id='word_1_785' title='bbox 2282 4867 2489 4936; x_wconf 84' lang='grc' dir='ltr'>ὀγδόου.</span> <span class='ocrx_word' id='word_1_786' title='bbox 2523 4870 2839 4928; x_wconf 83' lang='lat' dir='ltr'><strong>Gratianus.</strong></span> <span class='ocrx_word' id='word_1_787' title='bbox 2875 4869 3138 4939; x_wconf 89' lang='lat' dir='ltr'><strong>Lupicino</strong></span> <span class='ocrx_word' id='word_1_788' title='bbox 3168 4882 3222 4928; x_wconf 88' lang='lat' dir='ltr'><strong>et</strong></span> <span class='ocrx_word' id='word_1_789' title='bbox 3243 4872 3434 4929; x_wconf 82' lang='lat' dir='ltr'><strong>Jovino</strong></span> <span class='ocrx_word' id='word_1_790' title='bbox 3465 4866 3639 4939; x_wconf 60' lang='lat' dir='ltr'><strong>coss,</strong></span> 
     </span>
    </p>
   </div>
   <div class='ocr_carea' id='block_1_113' title="bbox 2064 4940 3639 5015">
    <p class='ocr_par' dir='ltr' id='par_1_113' title="bbox 2064 4940 3639 5015">
     <span class='ocr_line' id='line_1_113' title="bbox 2064 4940 3639 5015; baseline 0.006 -25"><span class='ocrx_word' id='word_1_791' title='bbox 2064 4945 2121 4990; x_wconf 92' lang='lat' dir='ltr'><strong>ut</strong></span> <span class='ocrx_word' id='word_1_792' title='bbox 2152 4947 2343 5015; x_wconf 83' lang='lat' dir='ltr'><strong>auctor</strong></span> <span class='ocrx_word' id='word_1_793' title='bbox 2378 4948 2462 4994; x_wconf 89' lang='lat' dir='ltr'><strong>est</strong></span> <span class='ocrx_word' id='word_1_794' title='bbox 2513 4940 2767 4995; x_wconf 84' lang='lat' dir='ltr'><strong>Socrates</strong></span> <span class='ocrx_word' id='word_1_795' title='bbox 2799 4942 2889 4993; x_wconf 93' lang='lat' dir='ltr'><strong>lib.</strong></span> <span class='ocrx_word' id='word_1_796' title='bbox 2925 4958 2998 5015; x_wconf 81' lang='lat' dir='ltr'><strong>Iv,</strong></span> <span class='ocrx_word' id='word_1_797' title='bbox 3038 4958 3158 5013; x_wconf 87' lang='lat' dir='ltr'><strong>cap.</strong></span> <span class='ocrx_word' id='word_1_798' title='bbox 3194 4944 3278 5007; x_wconf 73' lang='lat'><strong>10,</strong></span> <span class='ocrx_word' id='word_1_799' title='bbox 3336 4946 3639 5015; x_wconf 89' lang='lat' dir='ltr'><strong>imperator</strong></span> 
     </span>
    </p>
   </div>
   <div class='ocr_carea' id='block_1_114' title="bbox 2062 5010 3638 5080">
    <p class='ocr_par' dir='ltr' id='par_1_114' title="bbox 2062 5010 3638 5080">
     <span class='ocr_line' id='line_1_114' title="bbox 2062 5010 3638 5080; baseline 0.008 -21"><span class='ocrx_word' id='word_1_800' title='bbox 2062 5018 2128 5080; x_wconf 87' lang='lat' dir='ltr'><strong>et</strong></span> <span class='ocrx_word' id='word_1_801' title='bbox 2156 5010 2433 5080; x_wconf 80' lang='lat' dir='ltr'><strong>Augustus</strong></span> <span class='ocrx_word' id='word_1_802' title='bbox 2478 5024 2507 5062; x_wconf 88' lang='lat' dir='ltr'><strong>a</strong></span> <span class='ocrx_word' id='word_1_803' title='bbox 2570 5019 2723 5080; x_wconf 88' lang='lat' dir='ltr'><strong>patre</strong></span> <span class='ocrx_word' id='word_1_804' title='bbox 2764 5010 3123 5067; x_wconf 68' lang='lat' dir='ltr'><strong>renuntiatus</strong></span> <span class='ocrx_word' id='word_1_805' title='bbox 3146 5023 3265 5079; x_wconf 89' lang='lat' dir='ltr'><strong>est,</strong></span> <span class='ocrx_word' id='word_1_806' title='bbox 3304 5010 3448 5069; x_wconf 78' lang='lat' dir='ltr'><strong>anno</strong></span> <span class='ocrx_word' id='word_1_807' title='bbox 3479 5018 3638 5071; x_wconf 78' lang='lat' dir='ltr'><strong>Chri-</strong></span> 
     </span>
    </p>
   </div>
   <div class='ocr_carea' id='block_1_115' title="bbox 2064 5078 3636 5150">
    <p class='ocr_par' dir='ltr' id='par_1_115' title="bbox 2064 5078 3636 5150">
     <span class='ocr_line' id='line_1_115' title="bbox 2064 5078 3636 5150; baseline 0.006 -17"><span class='ocrx_word' id='word_1_808' title='bbox 2064 5079 2133 5133; x_wconf 88' lang='lat' dir='ltr'><strong>sti</strong></span> <span class='ocrx_word' id='word_1_809' title='bbox 2162 5080 2287 5150; x_wconf 63' lang='lat'><strong>3367.</strong></span> <span class='ocrx_word' id='word_1_810' title='bbox 2332 5078 2515 5150; x_wconf 92' lang='lat' dir='ltr'><strong>Itaque</strong></span> <span class='ocrx_word' id='word_1_811' title='bbox 2538 5078 2857 5137; x_wconf 76' lang='lat' dir='ltr'><strong>undecimus</strong></span> <span class='ocrx_word' id='word_1_812' title='bbox 2891 5078 3259 5138; x_wconf 82' lang='lat' dir='ltr'><strong>Valentiniani</strong></span> <span class='ocrx_word' id='word_1_813' title='bbox 3285 5096 3339 5140; x_wconf 89' lang='lat' dir='ltr'><strong>et</strong></span> <span class='ocrx_word' id='word_1_814' title='bbox 3372 5085 3636 5149; x_wconf 86' lang='lat' dir='ltr'><strong>Valentis,</strong></span> 
     </span>
    </p>
   </div>
   <div class='ocr_carea' id='block_1_116' title="bbox 2052 5148 3634 5223">
    <p class='ocr_par' dir='ltr' id='par_1_116' title="bbox 2052 5148 3634 5223">
     <span class='ocr_line' id='line_1_116' title="bbox 2052 5148 3634 5223; baseline 0.008 -22"><span class='ocrx_word' id='word_1_815' title='bbox 2052 5157 2137 5202; x_wconf 89' lang='lat' dir='ltr'><strong>est</strong></span> <span class='ocrx_word' id='word_1_816' title='bbox 2158 5148 2403 5223; x_wconf 78' lang='lat' dir='ltr'><strong>Gratiani</strong></span> <span class='ocrx_word' id='word_1_817' title='bbox 2428 5148 2683 5223; x_wconf 49' lang='lat' dir='ltr'><strong>octavus;</strong></span> <span class='ocrx_word' id='word_1_818' title='bbox 2724 5154 2779 5206; x_wconf 94' lang='lat' dir='ltr'><strong>In</strong></span> <span class='ocrx_word' id='word_1_819' title='bbox 2807 5152 3229 5208; x_wconf 66' lang='lat' dir='ltr'><strong>Manichaeorum</strong></span> <span class='ocrx_word' id='word_1_820' title='bbox 3261 5156 3452 5211; x_wconf 61' lang='lat' dir='ltr'><strong>haeresi</strong></span> <span class='ocrx_word' id='word_1_821' title='bbox 3485 5174 3634 5223; x_wconf 70' lang='lat' dir='ltr'><strong>uri,</strong></span> 
     </span>
    </p>
   </div>
   <div class='ocr_carea' id='block_1_117' title="bbox 2051 5220 3635 5294">
    <p class='ocr_par' dir='ltr' id='par_1_117' title="bbox 2051 5220 3635 5294">
     <span class='ocr_line' id='line_1_117' title="bbox 2051 5220 3635 5294; baseline 0.008 -23"><span class='ocrx_word' id='word_1_822' title='bbox 2051 5235 2280 5294; x_wconf 80' lang='lat' dir='ltr'><strong>numero</strong></span> <span class='ocrx_word' id='word_1_823' title='bbox 2306 5220 2398 5283; x_wconf 75' lang='lat'><strong>9.0,</strong></span> <span class='ocrx_word' id='word_1_824' title='bbox 2438 5236 2612 5277; x_wconf 90' lang='lat' dir='ltr'><strong>annos</strong></span> <span class='ocrx_word' id='word_1_825' title='bbox 2644 5221 2886 5278; x_wconf 87' lang='lat' dir='ltr'><strong>Gratiani</strong></span> <span class='ocrx_word' id='word_1_826' title='bbox 2916 5236 3330 5280; x_wconf 86' lang='lat' dir='ltr'><strong>commemorat.</strong></span> <span class='ocrx_word' id='word_1_827' title='bbox 3366 5227 3543 5294; x_wconf 88' lang='lat' dir='ltr'><strong>Quem</strong></span> <span class='ocrx_word' id='word_1_828' title='bbox 3578 5220 3635 5284; x_wconf 80' lang='lat' dir='ltr'><strong>in</strong></span> 
     </span>
    </p>
   </div>
   <div class='ocr_carea' id='block_1_118' title="bbox 2052 5290 2859 5349">
    <p class='ocr_par' dir='ltr' id='par_1_118' title="bbox 2052 5290 2859 5349">
     <span class='ocr_line' id='line_1_118' title="bbox 2052 5290 2859 5349; baseline 0.009 -7"><span class='ocrx_word' id='word_1_829' title='bbox 2052 5290 2230 5343; x_wconf 88' lang='lat' dir='ltr'><strong>locum</strong></span> <span class='ocrx_word' id='word_1_830' title='bbox 2270 5300 2462 5346; x_wconf 66' lang='lat' dir='ltr'><strong>uetera</strong></span> <span class='ocrx_word' id='word_1_831' title='bbox 2492 5308 2859 5349; x_wconf 76' lang='lat' dir='ltr'><strong>reservamus.</strong></span> 
     </span>
    </p>
   </div>
   <div class='ocr_carea' id='block_1_119' title="bbox 2117 5362 3635 5437">
    <p class='ocr_par' dir='ltr' id='par_1_119' title="bbox 2117 5362 3635 5437">
     <span class='ocr_line' id='line_1_119' title="bbox 2117 5362 3635 5437; baseline 0.007 -24"><span class='ocrx_word' id='word_1_832' title='bbox 2117 5362 2196 5431; x_wconf 82' lang='grc'><strong>(5)</strong></span> <span class='ocrx_word' id='word_1_833' title='bbox 2228 5364 2349 5415; x_wconf 74' lang='grc' dir='ltr'><strong>Οὐκ</strong></span> <span class='ocrx_word' id='word_1_834' title='bbox 2366 5363 3119 5437; x_wconf 22' lang='grc' dir='ltr'>ἀθεεὶᾼδιασκοπήσαντας.</span> <span class='ocrx_word' id='word_1_835' title='bbox 3166 5367 3265 5422; x_wconf 83' lang='lat' dir='ltr'><strong>Hic</strong></span> <span class='ocrx_word' id='word_1_836' title='bbox 3305 5369 3635 5437; x_wconf 72' lang='lat' dir='ltr'><strong>conjectura:</strong></span> 
     </span>
    </p>
   </div>
   <div class='ocr_carea' id='block_1_120' title="bbox 2048 5430 3631 5508">
    <p class='ocr_par' dir='ltr' id='par_1_120' title="bbox 2048 5430 3631 5508">
     <span class='ocr_line' id='line_1_120' title="bbox 2048 5430 3631 5508; baseline 0.006 -25"><span class='ocrx_word' id='word_1_837' title='bbox 2048 5430 2202 5508; x_wconf 75' lang='lat' dir='ltr'><strong>locus</strong></span> <span class='ocrx_word' id='word_1_838' title='bbox 2228 5444 2337 5508; x_wconf 81' lang='lat' dir='ltr'><strong>est.</strong></span> <span class='ocrx_word' id='word_1_839' title='bbox 2364 5433 2502 5487; x_wconf 88' lang='lat' dir='ltr'><strong>Nam</strong></span> <span class='ocrx_word' id='word_1_840' title='bbox 2528 5433 2611 5508; x_wconf 52' lang='lat' dir='ltr'><strong>de?</strong></span> <span class='ocrx_word' id='word_1_841' title='bbox 2627 5436 2754 5507; x_wconf 78' lang='lat' dir='ltr'><strong>vitio</strong></span> <span class='ocrx_word' id='word_1_842' title='bbox 2778 5430 3015 5508; x_wconf 82' lang='lat' dir='ltr'><strong>constat.</strong></span> <span class='ocrx_word' id='word_1_843' title='bbox 3043 5430 3233 5508; x_wconf 60' lang='lat' dir='ltr'><strong>Scribe</strong></span> <span class='ocrx_word' id='word_1_844' title='bbox 3256 5430 3631 5508; x_wconf 69' lang='grc' dir='ltr'>διασκοπήσας</span> 
     </span>
    </p>
   </div>
   <div class='ocr_carea' id='block_1_121' title="bbox 2045 5501 3627 5581">
    <p class='ocr_par' dir='ltr' id='par_1_121' title="bbox 2045 5501 3627 5581">
     <span class='ocr_line' id='line_1_121' title="bbox 2045 5501 3627 5581; baseline 0.006 -27"><span class='ocrx_word' id='word_1_845' title='bbox 2045 5502 2144 5581; x_wconf 58' lang='grc' dir='ltr'><strong>τας</strong></span> <span class='ocrx_word' id='word_1_846' title='bbox 2173 5501 2385 5573; x_wconf 70' lang='grc' dir='ltr'>ψήφους</span> <span class='ocrx_word' id='word_1_847' title='bbox 2411 5523 2423 5533; x_wconf 91' lang='grc'><strong>·</strong></span> <span class='ocrx_word' id='word_1_848' title='bbox 2450 5512 2510 5581; x_wconf 73' lang='lat' dir='ltr'><strong>et</strong></span> <span class='ocrx_word' id='word_1_849' title='bbox 2542 5506 2671 5581; x_wconf 78' lang='grc' dir='ltr'>εἴσω</span> <span class='ocrx_word' id='word_1_850' title='bbox 2706 5501 3012 5581; x_wconf 68' lang='grc' dir='ltr'>παρελθείν.</span> <span class='ocrx_word' id='word_1_851' title='bbox 3038 5507 3139 5581; x_wconf 77' lang='lat' dir='ltr'><strong>__Vel</strong></span> <span class='ocrx_word' id='word_1_852' title='bbox 3166 5510 3423 5581; x_wconf 78' lang='grc' dir='ltr'>διεσκόπη</span> <span class='ocrx_word' id='word_1_853' title='bbox 3437 5501 3627 5573; x_wconf 67' lang='grc' dir='ltr'>σοι’τάς</span> 
     </span>
    </p>
   </div>
   <div class='ocr_carea' id='block_1_122' title="bbox 2044 5572 3627 5650">
    <p class='ocr_par' dir='ltr' id='par_1_122' title="bbox 2044 5572 3627 5650">
     <span class='ocr_line' id='line_1_122' title="bbox 2044 5572 3627 5650; baseline 0.004 -26"><span class='ocrx_word' id='word_1_854' title='bbox 2044 5572 2281 5642; x_wconf 69' lang='grc' dir='ltr'>ψήφους,</span> <span class='ocrx_word' id='word_1_855' title='bbox 2326 5586 2379 5629; x_wconf 89' lang='lat' dir='ltr'><strong>et</strong></span> <span class='ocrx_word' id='word_1_856' title='bbox 2400 5578 2756 5650; x_wconf 66' lang='lat' dir='ltr'><strong>retinendum</strong></span> <span class='ocrx_word' id='word_1_857' title='bbox 2788 5572 2913 5650; x_wconf 75' lang='grc' dir='ltr'>ἐἰς</span> <span class='ocrx_word' id='word_1_858' title='bbox 2944 5579 2990 5631; x_wconf 86' lang='grc' dir='ltr'><strong>ὅ.</strong></span> <span class='ocrx_word' id='word_1_859' title='bbox 3025 5579 3159 5633; x_wconf 82' lang='lat' dir='ltr'><strong>Cum</strong></span> <span class='ocrx_word' id='word_1_860' title='bbox 3199 5582 3263 5635; x_wconf 82' lang='lat' dir='ltr'><strong>ad</strong></span> <span class='ocrx_word' id='word_1_861' title='bbox 3310 5572 3627 5650; x_wconf 61' lang='lat' dir='ltr'><strong>susceptum</strong></span> 
     </span>
    </p>
   </div>
   <div class='ocr_carea' id='block_1_123' title="bbox 2046 5647 3627 5716">
    <p class='ocr_par' dir='ltr' id='par_1_123' title="bbox 2046 5647 3627 5716">
     <span class='ocr_line' id='line_1_123' title="bbox 2046 5647 3627 5716; baseline 0.006 -20"><span class='ocrx_word' id='word_1_862' title='bbox 2046 5658 2184 5716; x_wconf 81' lang='lat' dir='ltr'><strong>opus</strong></span> <span class='ocrx_word' id='word_1_863' title='bbox 2215 5647 2639 5716; x_wconf 83' lang='lat' dir='ltr'><strong>aggrediendum</strong></span> <span class='ocrx_word' id='word_1_864' title='bbox 2672 5648 3072 5705; x_wconf 87' lang='lat' dir='ltr'><strong>conscntientia</strong></span> <span class='ocrx_word' id='word_1_865' title='bbox 3106 5660 3343 5705; x_wconf 82' lang='lat' dir='ltr'><strong>vestrum</strong></span> <span class='ocrx_word' id='word_1_866' title='bbox 3380 5647 3627 5708; x_wconf 77' lang='lat' dir='ltr'><strong>omnium</strong></span> 
     </span>
    </p>
   </div>
   <div class='ocr_carea' id='block_1_124' title="bbox 2046 5713 2593 5781">
    <p class='ocr_par' dir='ltr' id='par_1_124' title="bbox 2046 5713 2593 5781">
     <span class='ocr_line' id='line_1_124' title="bbox 2046 5713 2593 5781; baseline 0.009 -13"><span class='ocrx_word' id='word_1_867' title='bbox 2046 5713 2307 5781; x_wconf 75' lang='lat' dir='ltr'><strong>sull‘ragia</strong></span> <span class='ocrx_word' id='word_1_868' title='bbox 2339 5716 2593 5773; x_wconf 83' lang='lat' dir='ltr'><strong>viderem.</strong></span> 
     </span>
    </p>
   </div>
  </div>
