3754 6182
105 287 180 342 m
735 284 1105 341 anvensus
1144 286 1485 345 [massas
1524 287 1651 348 LIB.
1686 287 1723 341 ι.
1769 286 1930 343 τοιι.
1975 290 2015 344 ι.
2056 318 2125 328 -
2160 286 2432 342 arenas.
2475 254 2612 342 141v.

3213 286 3317 344 178

104 403 507 474 ὑπερϐάλλουσαν
530 405 639 459 τῶν
682 406 775 459 τοῦ
809 408 944 461 Θεοῦ
986 410 1185 463 δούλων
1211 410 1452 482 ἀγάπην,
1500 414 1579 475 είς
1617 411 1640 464 ὃ

1819 425 1977 465 mero
2007 424 2106 464 vos
2136 406 2238 479 ipsi
2263 424 2510 479 quoque,
2548 407 2710 462 Acaci
2744 422 2807 462 ac
2838 406 3000 463 Paule
3028 397 3318 463 venerandi

101 495 362 567 παρελθεῖν
407 497 773 568 κατηξίωμαι,
826 500 887 552 οὐ
931 500 997 553 δι’
1046 501 1304 565 εὐεπείας
1336 502 1528 571 λόγων,
1577 503 1638 556 οὐ

102 585 369 656 στωμύλοις
411 588 522 640 τισὶ
565 587 852 656 φθογγαϊς,
898 590 1013 642 ἀλλ’
1057 592 1199 661 ἁπλῇ
1244 595 1309 662 τῇ
1353 591 1637 662 διαλέκτῳ,

101 671 226 743 ἀπλῷ
250 672 326 743 τῷ
351 673 512 745 λόγῳ,
552 676 808 749 ἀκριϐείᾳ
830 677 887 731 δὲ
920 679 1026 733 τῶν
1061 681 1119 733 ὲν
1157 680 1236 750 τῷ
1263 681 1405 751 λόγῳ
1453 682 1643 752 δηλου-

102 768 245 838 μένων
271 766 501 837 ἄρξομαι
527 766 619 820 τοῦ
644 768 841 836 λέγειν..

1745 501 1965 565 fratres,
1995 509 2048 557 et
2092 500 2468 556 honestissimi
2522 499 2814 556 sacerdotii
2849 502 3090 570 collegae,
3117 500 3258 557 idem
3286 518 3316 555 a

1748 608 1835 648 me
1882 592 2211 663 propheticis
2259 591 2459 647 litteris
2491 592 2830 661 postulastis.
2863 590 3028 663 lgitttr
3060 591 3319 662 quoniam

1752 699 1858 739 non
1890 683 2009 738 sine
2040 681 2225 735 divino
2251 679 2503 745 Numine,
2534 697 2598 735 ex
2633 682 2895 735 immensa
2916 680 3008 736 Dei
3037 695 3319 735 servorum

1754 776 2023 830 charitate
2050 781 2129 830 tot
2162 774 2219 828 in
2247 789 2415 827 unum
2447 773 2603 828 video
2627 774 2824 828 collata
2855 773 3178 843 petitionum
3206 770 3326 827 suf-

98 859 264 929 fragia,
298 860 442 930 quod
469 876 500 914 a
534 877 621 915 me
650 868 762 914 tam
799 862 962 917 enixe
1014 861 1310 933 ﬂagitatum
1340 871 1455 926 est,
1492 864 1642 919 nullo
1688 882 1866 938 neque
1904 867 2169 922 orationis
2193 867 2366 932 cultu,
2409 881 2584 934 neque
2619 881 2813 919 vocum
2859 865 3178 929 lenociniis,
3224 861 3320 919 sed

98 951 410 1021 simplicibus
465 953 680 1017 verbis,
711 953 941 1024 rudique
996 970 1280 1019 sermone,
1335 956 1640 1011 certissima
1682 966 1861 1013 tamen
1891 959 2133 1013 omnium
2168 973 2288 1014 ante
2340 956 2691 1031 proponenda
2740 964 2870 1011 sunt
2917 958 3054 1020 title,
3103 956 3321 1009 initium

95 1044 283 1100 dicendi
323 1044 539 1098 faciam.

152 1137 214 1194 Γ.
250 1139 358 1191 Καὶ
385 1140 682 1210 Νίκανδρος
718 1140 815 1210 μὲν
845 1141 875 1193 6
902 1143 1250 1212 συγγραφεὺς
1267 1139 1446 1213 θηρῶν
1466 1158 1524 1194 τε
1546 1142 1639 1194 καὶ

95 1231 313 1303 ἑρπετῶν
356 1233 648 1303 ἐποιήσατο
684 1233 790 1287 τῶν
820 1232 1034 1303 φύσεων
1080 1234 1177 1304 τὴν
1214 1235 1446 1303 γνῶσιν
1492 1233 1640 1288 ἄλλοι

93 1323 140 1376 δὲ
164 1325 486 1394 συγγραφεῖς
533 1322 697 1393 ῥιζῶν
729 1341 788 1375 τε
830 1324 924 1377 καὶ
969 1323 1208 1393 βοτανῶν
1239 1324 1339 1388 τὰς
1371 1323 1500 1387 ὔλας
1521 1340 1534 1353 ·
1567 1323 1641 1387 ὡς

93 1413 452 1484 Διοσκουρίδης
489 1415 587 1484 μὲν
615 1416 644 1467 ὁ
688 1415 966 1486 ὑλοτόμος.
1011 1416 1294 1487 Πάμφιλός
1335 1434 1395 1468 τε
1435 1416 1511 1487 (4)
1547 1415 1642 1470 καὶ⁴

92 1505 404 1576 Μιθριδάτης
440 1509 469 1559 6
501 1507 770 1577 βασιλεὺς,
808 1507 1170 1580 Καλλισθένης
1204 1525 1263 1561 τε
1314 1509 1408 1562 καὶ
1445 1507 1639 1570 Φίλων,

104 1596 274 1659 Ἰόλαός
319 1613 382 1648 τε
413 1599 441 1651 6
471 1597 718 1661 Βιθυνὸς,
754 1599 849 1650 καὶ
909 1598 1264 1670 Ἡρακλείδης
1300 1600 1329 1651 6
1374 1599 1638 1668 Τάραντι-

90 1688 326 1757 ὡς’(ῧ),
384 1690 669 1760 Κρατεύας
713 1692 741 1743 ὁ
788 1691 1090 1763 ῥιζοτόμος,
1147 1690 1398 1761 Ἀνδρέας
1443 1707 1503 1742 τε
1550 1690 1643 1743 καὶ

91 1780 275 1842 Βάσσος
304 1782 335 1834 6
368 1780 560 1844 Τύλιος
592 1781 688 1851 (6),
718 1782 1049 1852 Νικήρατος,
1083 1782 1178 1834 καὶ
1215 1781 1517 1852 Πετρώνιος
1545 1781 1641 1834 Νί-

88 1888 173 1942 γερ
196 1871 292 1941 (7),
338 1873 432 1924 καὶ
473 1872 738 1936 Διόδοτος,
770 1874 863 1926 καὶ
907 1873 1053 1927 ἄλλοι
1077 1874 1239 1936 τινές.
1289 1872 1378 1943 Τῷ
1407 1873 1464 1926 δὲ
1492 1872 1641 1942 αύτῷ

89 1964 251 2035 τρόπῳ
298 1964 397 2017 καὶ
439 1966 602 2034 ἡμεῖς
649 1964 746 2028 τὰς
791 1964 900 2019 τῶν
942 1965 1206 2036 αἱρέσεων
1258 1964 1411 2037 ῥίζας
1455 1981 1512 2017 τε
1548 1965 1642 2017 καὶ

86 2056 286 2125 γνώμας
316 2055 645 2125 πειρώμενοι
674 2056 1101 2118 ἀποκαλύπτειν,
1131 2057 1192 2109 οὐ
1234 2056 1433 2128 βλάϐης
1457 2057 1643 2109 ἕνεκεν

85 2150 181 2211 τοῖς
220 2148 654 2218 ἐντυγχάνουσιν,
700 2148 836 2202 ἀλλὰ
867 2148 1117 2220 καθάπερ
1155 2151 1265 2212 τοῖς
1305 2148 1639 2220 προειρημέ-

82 2258 180 2303 νοις
208 2238 582 2310 συγγραφεῦσι
620 2238 709 2292 διὰ
749 2239 980 2309 σπουδῆς
1026 2239 1240 2307 ἐγένετο
1272 2237 1331 2290 ού
1376 2236 1435 2290 τὸ
1473 2237 1642 2290 κακὸν

86 2334 328 2402 σημᾶναι,
379 2332 515 2386 ἀλλά
546 2332 681 2402 πρὸς
724 2331 885 2400 φόϐον
929 2331 1023 2385 καὶ
1070 2329 1367 2400 ἀσφάλειαν
1408 2329 1509 2399 τῆς
1550 2330 1643 2383 ἀν-

82 2423 347 2495 θρωπείας
398 2423 631 2491 φύσεως,
679 2424 760 2485 είς
802 2422 863 2474 τὸ
911 2421 1199 2491 γινώσκειν
1242 2420 1313 2473 τὰ
1358 2420 1504 2473 δεινὰ
1549 2420 1644 2473 καὶ

80 2516 339 2585 ὀλετήρια,
390 2515 485 2567 καὶ
531 2512 1052 2585 προασφαλίζεσθαι,
1105 2513 1199 2566 καὶ
1243 2511 1643 2583 διαδιδράσκειν

81 2609 167 2659 σὺν
195 2609 260 2677 τῇ
298 2605 397 2658 τοῦ
427 2604 563 2658 Θεοῦ
590 2605 837 2675 δυνάμει,
868 2604 955 2657 διὰ
989 2603 1082 2657 τοῦ
1114 2605 1401 2675 προσέχειν
1441 2605 1534 2657 καὶ
1570 2604 1642 2675 μὴ

82 2698 515 2769 συναμιλλᾶσθαι.
566 2697 689 2762 Τοῖς
740 2697 797 2750 δὲ
838 2697 932 2751 καὶ
978 2697 1239 2761 τοιούτοις
1272 2696 1641 2767 περιτυχοῦσι,

78 2792 162 2845 καὶ
191 2792 294 2845 ὑπὸ
325 2792 436 2844 τῶν
478 2791 731 2842 τοιούτων
762 2789 1243 2850 ὲπιϐουλευθεῖσιν,
1288 2789 1321 2860 ἢ
1364 2790 1431 2843 δι’
1471 2791 1644 2859 ἐμφυ-

81 2886 329 2955 σήματος,
384 2884 417 2953 ἢ
467 2884 761 2954 δήγματος,
812 2884 845 2952 ἢ
881 2881 1132 2953 θεωρίας,
1175 2883 1223 2935 οἱ
1273 2882 1424 2934 αὐτοὶ
1470 2880 1642 2934 ταῦτα

80 2976 525 3047 μεριμνήσαντες,
569 2975 662 3027 καὶ
703 2974 1032 3046 ἀλεξητήρια
1064 2972 1229 3043 ῥιζῶν
1270 2990 1330 3025 τε
1359 2973 1454 3026 καὶ
1486 2972 1642 3043 βοτα-

1819 1136 1908 1192 111.
1944 1139 2021 1193 Ac
2049 1137 2320 1193 Nicander
2354 1137 2571 1207 quidem
2602 1144 2761 1208 poeta
2794 1137 2861 1193 de
2896 1138 3226 1209 serpentium
3258 1152 3323 1193 ac

1746 1230 2018 1299 reptilium
2050 1238 2245 1284 natura
2273 1230 2555 1285 disseruit.
2605 1229 2710 1283 Alii
2761 1245 2888 1284 vero
2928 1230 3225 1299 scriptores
3257 1231 3326 1285 de

1747 1322 1993 1376 radicum
2027 1322 2428 1391 herbarumque
2450 1321 2660 1375 viribus
2692 1322 3117 1376 commentarios
3140 1322 3326 1378 edide-

1748 1422 1894 1479 runt,
1928 1421 1987 1467 nt
2027 1412 2372 1468 Dioscorides
2420 1414 2709 1468 herbarius
2731 1455 2744 1479 ,
2774 1422 2829 1467 et
2879 1413 3226 1484 Pamphilus.
3259 1429 3325 1469 ac

1748 1504 2086 1559 lithridates
2120 1520 2236 1566 rex,
2262 1512 2316 1559 et
2346 1504 2734 1569 Callisthenes,
2791 1519 2855 1559 ac
2888 1503 3075 1571 Philo,
3110 1521 3323 1560 necnon

1747 1602 1801 1650 et
1828 1595 2004 1651 Iolaus
2032 1596 2315 1666 Bithynos,
2337 1606 2389 1651 et
2407 1594 2718 1653 Heraclides
2740 1595 3097 1661 Tarentinus,
3118 1607 3173 1653 et
3197 1598 3325 1652 Cra-

1750 1702 1899 1745 tevas
1956 1690 2262 1754 herbarius,
2291 1696 2346 1744 et
2383 1689 2651 1757 Andreas,
2682 1705 2746 1746 ac
2778 1690 2981 1747 Bassus
3033 1690 3243 1763 Tylius,
3271 1702 3326 1745 et

1743 1779 2050 1846 Niceratus,
2087 1797 2151 1836 ac
2183 1782 2473 1837 Petronius
2500 1783 2684 1852 Niger,
2716 1790 2769 1837 et
2801 1782 3085 1847 Diodotus,
3122 1784 3325 1854 aliique

1743 1873 2009 1931 nonnulli.
2059 1872 2303 1939 Quorum
2339 1874 2588 1943 exemplo
2648 1890 2749 1927 nos
2798 1874 3077 1929 haereseon
3114 1875 3325 1931 radices

1742 1972 1795 2019 et
1826 1964 2112 2034 Opiniones
2147 1964 2456 2035 patefacere
2497 1965 2845 2027 conabimur,
2875 1980 2981 2019 non
3034 1974 3094 2019 ut
3145 1965 3323 2020 fraudi

1743 2055 2042 2110 lectoribus
2070 2055 2173 2110 ista
2203 2056 2347 2110 sint:
2367 2054 2463 2111 sed
2489 2056 2947 2126 quemadmodum
2975 2073 3114 2123 quos
3141 2057 3323 2126 proxi-

1743 2164 1828 2203 me
1856 2150 2275 2219 commemoravi
2320 2151 2652 2219 scriptores,
2686 2166 2793 2205 non
2843 2160 2903 2204 ut
2938 2153 3140 2205 malum
3181 2152 3323 2205 indi-

1743 2248 1930 2293 carent
1966 2213 2072 2294 ista
2106 2213 2487 2303 tradiderunt,
2537 2213 2725 2297 sedrut
2760 2241 3058 2295 humanum
3090 2242 3194 2297 sibi
3227 2258 3323 2313 ge-

1742 2347 1847 2386 nus
1871 2340 2109 2397 caveret,
2140 2348 2204 2387 ac
2241 2334 2524 2388 securitati
2560 2349 2672 2388 sum
2694 2333 3042 2396 consuleret,
3088 2333 3215 2387 dum
3258 2334 3326 2387 iis

1744 2440 1863 2494 qtae
1895 2425 2199 2494 perniciosa
2245 2440 2306 2478 ac
2343 2424 2561 2477 lethalia
2592 2422 2767 2477 forent
2816 2423 3083 2493 cognitis,
3134 2424 3319 2493 cpitu-

1745 2500 1889 2569 Iarte
1937 2515 2043 2569 Deo
2086 2515 2348 2570 adversus
2398 2514 2511 2568 haec
2546 2513 2756 2567 munire
2810 2528 2901 2575 se,
2944 2528 3008 2567 ac
3048 2512 3327 2569 declinare

1747 2616 1988 2675 possent,
2014 2606 2227 2676 sibique
2269 2605 2621 2676 providerent
2653 2604 2796 2672 ipsi,
2844 2619 2946 2659 nec
2988 2620 3109 2658 cum
3142 2605 3327 2661 noxiis

1746 2700 1853 2754 iris
1892 2700 2057 2755 rebus
2107 2700 2344 2769 experiri
2384 2700 2607 2753 vellent.
2656 2697 2834 2767 Atque
2876 2705 2935 2751 ut
2967 2699 3213 2752 omnium
3270 2699 3327 2753 in

1743 2793 1972 2864 gratiam
2006 2793 2097 2863 qui
2132 2793 2187 2846 in
2225 2801 2509 2862 serpentes
2542 2790 2930 2854 incurrissent,
2961 2799 3055 2843 aut
3078 2804 3327 2859 quoquc»

1746 2884 1907 2940 modo
1939 2884 2236 2955 perniciem
2265 2885 2333 2938 ab
2364 2884 2430 2939 iis
2462 2881 2893 2944 contraxissent,
2920 2882 3034 2936 sive
3067 2877 3327 2950 pestifero

1745 2977 1983 3048 quodam
2018 2975 2221 3041 alllatu,
2261 2976 2376 3031 sive
2410 2991 2598 3031 morsu
2620 3014 2635 3037 ,
2667 2974 2784 3029 sive
2814 2982 3039 3043 aspectu
3094 2972 3327 3041 denique

77 3067 171 3118 νῶν
204 3065 605 3136 προετύπωσαν
648 3066 783 3135 πρὸς
822 3064 1078 3135 ἀθέτησιν
1106 3064 1205 3134 τῆς
1238 3062 1345 3115 τῶν
1387 3080 1640 3135 προειρη-

1819 3087 1867 3126 ιο
1890 3070 2085 3137 vitiati,
2114 3071 2277 3125 iidem
2308 3069 2383 3122 illi
2412 3068 2507 3138 qui
2538 3067 2592 3121 in
2620 3063 2891 3135 ejusmodi
2914 3062 3327 3118 lucubrationes

79 3158 245 3229 μένων
286 3156 540 3228 ἑρπετῶν
578 3156 906 3228 μοχθηρίας’
953 3155 1095 3209 οὓτω
1137 3155 1229 3208 καὶ
1263 3157 1397 3225 ἡμῖν
1441 3154 1502 3208 τὸ
1548 3155 1640 3208 πό-

1819 3163 2124 3227 :ubuerant,
2160 3168 2352 3217 contra
2384 3160 2595 3213 illarum
2627 3157 2778 3212 virus
2809 3155 3053 3226 quaedam
3083 3171 3145 3209 ex
3178 3155 3326 3209 radi-

76 3268 212 3321 νημα
264 3251 355 3304 διὰ
404 3251 506 3320 τῆς
553 3250 661 3301 τῶν
716 3248 1127 3321 προειρημένων
1181 3248 1497 3318 προτροπῆς
1550 3248 1640 3301 καὶ

1819 3270 1897 3309 ius
1931 3264 2092 3324 atque
2124 3253 2305 3309 herbis
2350 3254 2588 3309 remedia
2620 3262 3048 3324 compararunt;
3089 3252 3170 3307 sic
3222 3267 3325 3308 nos

78 3340 239 3409 ἡμῶν,
274 3338 672 3397 ποθεινότατοι.
702 3340 782 3402 εἰς
823 3338 883 3391 τὸ
924 3335 1272 3405 ἀποκαλύψαι
1316 3336 1423 3390 τῶν
1459 3336 1640 3391 δεινῶν

1819 3345 1985 3400 isdem
2019 3345 2252 3398 instituti
2276 3359 2418 3413 opus
2457 3344 2604 3400 istud
2635 3359 2760 3399 cum
2795 3359 2988 3398 eorum
3026 3358 3165 3413 quos
3198 3354 3327 3398 ante

76 3430 308 3500 ἑρπετῶν
337 3430 435 3484 καὶ
469 3429 674 3500 θηρίων
701 3429 908 3499 μορφάς
938 3445 996 3480 τε
1023 3427 1250 3498 ἁνιαρὰς
1276 3426 1370 3479 καὶ
1394 3425 1648 3498 δήγματα

77 3521 337 3592 ὀλετήρια.
387 3519 535 3591 Πρὸς
578 3519 849 3573 ἀντίθεσιν
884 3520 939 3571 δὲ
981 3518 1205 3583 τούτων,
1253 3517 1459 3587 ὅσαπερ
1494 3517 1651 3572 δυνά-

78 3613 206 3683 μεθα
252 3615 311 3665 ὲν
366 3612 616 3683 συντόμῳ
667 3612 721 3664 εἴ
747 3628 850 3664 που
879 3611 936 3662 ἓν
976 3610 1009 3680 ἦ
1054 3608 1147 3662 δύο
1200 3609 1420 3680 ῥήματα
1468 3610 1548 3673 είς
1590 3608 1652 3661 τὸ

76 3704 515 3777 ἀνακρούσασθαι
581 3705 680 3776 μὲν
721 3704 903 3757 αὐτῶν
947 3702 1037 3755 τὸν
1084 3703 1182 3766 ἰὸν,
1231 3701 1402 3755 σῶσαι
1450 3701 1508 3754 δὲ
1558 3700 1677 3754 τὸν¹

75 3796 396 3867 βουλόμενον
428 3796 570 3867 μετὰ
600 3799 688 3849 τὸν
714 3795 939 3867 Κύριον,
960 3793 1210 3848 καὶκατὰ
1234 3794 1487 3848 ἑκουσίαν
1511 3793 1650 3863 γνώ-

77 3903 175 3956 μην
199 3891 293 3940 καὶ
337 3889 604 3941 άκουσίαν
639 3888 718 3950 εἰς
747 3886 816 3939 τὰ
859 3886 999 3939 αὐτὰ
1047 3883 1323 3955 ὲρπετώδη
1353 3884 1463 3939 τῶν
1495 3884 1648 3955 αἱρέ-

74 3998 199 4036 σεων
253 3983 571 4053 διδάγματα
627 3977 1105 4052 παραπεπτωκότα
1152 3974 1440 4029 ἀντιδότων
1488 3975 1645 4048 δίκην

73 4073 283 4145 παραθη
292 4074 526 4144 σόμεθα.

1744 3435 1877 3498 dixi,
1910 3442 2024 3488 tum
2053 3440 2255 3500 vestro,
2283 3432 2337 3505 4
2361 3433 2559 3489 fratres
2589 3434 2925 3496 charissimi,
2960 3434 3180 3488 hortatu
3202 3449 3327 3489 sus-

1746 3526 2027 3597 cepimus,
2067 3534 2127 3579 ut
2171 3526 2473 3580 exitialium
2532 3534 2845 3596 serpentum
2901 3540 2966 3580 ac
3024 3526 3324 3581 bestiarum

1754 3617 2016 3673 molestas
2070 3616 2282 3688 species
2327 3632 2391 3672 ac
2439 3617 2686 3672 letiferos
2747 3631 2964 3672 morsus
3015 3616 3327 3687 explicare~

1750 3723 1894 3764 mus.
1925 3707 1983 3762 ln
2012 3724 2121 3779 quo
2163 3708 2383 3778 quidem
2416 3709 2519 3765 hoc
2549 3724 2660 3763 una
2694 3709 3094 3778 praestabimus,
3132 3716 3191 3761 ut
3229 3708 3326 3762 ad-

1747 3816 1940 3855 versus
1976 3801 2067 3855 illa
2102 3800 2365 3871 quidquid
2407 3801 2464 3854 in
2510 3800 2669 3857 nobis
2697 3800 2861 3855 situm
2919 3801 3058 3865 erit,
3116 3800 3329 3869 paucis,

1748 3909 1856 3948 uno
1889 3894 2098 3949 scilicet
2144 3902 2309 3963 atque
2360 3895 2537 3947 altero
2569 3894 2767 3960 verbo,
2824 3894 2973 3947 velut
3021 3892 3325 3946 antidotum

1744 3996 2107 4051 opponamus,
2138 3998 2246 4052 quo
2295 3992 2350 4037 et
2384 3983 2599 4037 illorum
2644 3968 2860 4038 venena
2904 3984 3323 4053 propulsemus,

1742 4080 1797 4126 et
1827 4074 2125 4129 secundum
2158 4073 2348 4142 Deum,
2388 4075 2716 4145 quemlibet,
2745 4074 2838 4145 qui
2888 4076 2969 4131 vel
3002 4083 3194 4145 sponte
3238 4073 3316 4128 vel

72 4167 268 4223 invitus
305 4170 363 4223 in
398 4167 659 4223 haeretica
701 4167 795 4221 illa
823 4165 1110 4236 dogmata,
1144 4164 1289 4218 velut
1339 4171 1653 4233 serpentum
1692 4167 1842 4224 virus
1909 4169 2180 4236 inciderit,
2249 4171 2537 4241 siquidem
2581 4172 2708 4226 velit
2737 4171 2883 4242 ipse,
2916 4171 3147 4227 liberare
3202 4185 3328 4241 pos-

71 4261 253 4317 simus.

133 4361 201 4409 A'.
246 4358 360 4410 Καὶ
396 4358 506 4428 γὰρ
532 4356 785 4427 ἀπαρχῆς
829 4353 1001 4425 Ἀδὰμ
1028 4356 1094 4425 τῇ
1129 4354 1261 4425 ’ἐκτῃ
1287 4353 1469 4424 ἡμέρᾳ
1507 4353 1640 4406 πλα-

1820 4350 1912 4407 1V.
1937 4353 2148 4408 Etenim
2172 4354 2413 4410 Adamus
2432 4355 2783 4410 initiorerum
2804 4356 3046 4409 omnium
3062 4362 3214 4409 sexta
3232 4356 3321 4411 die

70 4446 207 4510 σθεὶς
234 4450 350 4501 ἀπὸ
374 4449 503 4519 γῆς,
532 4450 625 4500 καὶ
654 4447 834 4501 λαϐὼν
864 4446 924 4499 τὸ
951 4445 1249 4517 ἐμφύσημα
1279 4443 1642 4515 ὲζωογονήθη.

67 4544 134 4594 03
159 4543 289 4613 γὰρ,
316 4542 399 4605 ὦς
435 4559 577 4604 τινες
609 4542 830 4603 οἴονται,
861 4539 969 4592 ἀπὸ
1008 4538 1265 4609 πέμπτης
1293 4535 1515 4607 ἤρξατο,
1553 4537 1647 4589 καὶ

67 4631 119 4681 ὲν
156 4635 220 4702 τῇ
250 4634 392 4703 ἕκτῃ
440 4632 683 4701 ἐπλάσθη
704 4649 718 4661 ο
749 4630 1010 4698 ἔσφαλται
1037 4629 1144 4701 γὰρ
1178 4631 1209 4699 ἡ
1237 4628 1346 4680 τῶν
1383 4626 1647 4696 λεγόντων

63 4724 211 4777 τοῦτο
263 4726 504 4778 διάνοια.
566 4721 795 4786 ’Δπλοῦς
839 4723 861 4753 ⁸
914 4740 973 4775 τε
1020 4718 1087 4792 ἦν
1135 4720 1227 4773 καὶ
1274 4719 1497 4783 ἄκακος,
1548 4720 1648 4773 οὐκ

64 4815 226 4885 ὄνομά
270 4835 324 4869 τι
363 4815 707 4885 κεκτημένος
750 4815 958 4887 ἕτερον,
1004 4814 1064 4866 οὐ
1108 4812 1284 4884 δόξης,
1312 4813 1371 4865 ού
1400 4810 1647 4885 γνώμης,

124 4978 144 5009 ⁷
173 4976 295 5032 Vet.
334 4978 690 5048 Ταραιγινός.
764 4977 785 5007 ⁸
814 4978 919 5043 Γρ.
959 4974 1161 5039 ἁπλοῦς
1183 4970 1294 5027 οὖν.

127 5094 558 5167 (4)[1άμριλός
614 5113 697 5149 τε.
736 5093 829 5150 Rei
884 5095 1145 5167 berbaria:
1191 5093 1492 5167 scriptores
1533 5093 1635 5167 ali-

62 5164 196 5236 quot:
244 5164 530 5229 recenset,
571 5182 801 5236 quorum
854 5166 1142 5236 plerosque
1190 5164 1637 5236 Dioscoridesin

65 5235 392 5292 Praefatione
442 5233 870 5295 commemorat;
907 5245 961 5289 et
1013 5234 1154 5288 Plin.
1212 5233 1305 5287 lib.
1349 5251 1387 5288 ι.
1450 5233 1508 5287 ln
1554 5234 1639 5288 his

66 5305 383 5377 Pamphilus
427 5307 521 5361 ille
572 5308 688 5377 ipse
726 5305 936 5360 videtnr
971 5322 1111 5364 eSse.
1142 5305 1210 5359 de
1234 5320 1353 5377 quo
1406 5304 1637 5377 Suidas;

66 5378 153 5445 qui
183 5375 328 5432 inter
371 5375 1009 5443 cmtera'Georgicorum
1051 5385 1161 5429 tres
1232 5376 1399 5445 libros
1446 5375 1636 5435 edidit,

100 5450 230 5502 atria
285 5448 692 5518 Amphipolim,
733 5448 818 5500 vel
861 5447 1172 5515 Sicyonius.
1201 5447 1280 5500 vel
1312 5443 1637 5518 Nicopolita.

108 5537 131 5572 ι
161 5536 272 5587 quo
305 5516 580 5573 nonnulla
605 5519 804 5587 passim
834 5528 1088 5585 excerpta
1124 5516 1473 5587 leguntur‘in
1508 5516 1645 5569 Con-

64 5584 281 5643 stantini
336 5584 656 5647 Geoponicis
684 5628 697 5639 .
756 5584 1009 5641 Meminit
1049 5594 1104 5640 et
1154 5584 1352 5641 alicubi
1396 5584 1645 5640 Photius.

133 5660 206 5729 (5)
262 5660 376 5714 Καὶ
429 5658 814 5729 Ἠρακβείδης
856 5660 886 5709 o'
950 5657 1320 5723 Ταραντινός.
1365 5655 1575 5729 (litatur
1617 5670 1647 5707 a

69 5726 266 5786 Caleno
298 5732 356 5786 in
398 5730 563 5784 libris
592 5727 669 5781 De
702 5746 927 5797 compos.
952 5729 1228 5781 nwdicam.
1250 5726 1399 5781 κατὰ
1428 5727 1649 5790 τόπους

87 5519 98 5531 Ί

1743 4442 1811 4498 de
1847 4451 1994 4497 terra
2022 4443 2311 4511 formatus,
2341 4445 2525 4499 afflatu
2560 4444 2650 4498 Dei
2677 4445 2825 4498 vitali
2855 4446 3049 4513 spiritu
3074 4443 3325 4514 perfusus

1745 4541 1849 4591 est.
1878 4533 2063 4604 Neque
2092 4537 2235 4590 enim
2261 4576 2276 4600 ,
2334 4544 2393 4589 ut
2428 4537 2706 4591 nonnullis
2750 4538 2960 4605 placet,
3002 4538 3188 4606 quinta
3237 4539 3323 4592 die

1745 4626 2038 4682 inchoatus
2062 4668 2079 4695 ,
2129 4637 2281 4682 sexta
2312 4628 2530 4681 demum
2567 4628 2855 4682 absolutus
2884 4636 2967 4682 est
2998 4648 3009 4680 :
3047 4629 3194 4699 quod
3231 4630 3324 4698 qui

1747 4729 2023 4785 asserunt,
2066 4735 2394 4791 magnopere
2424 4720 2710 4774 falluntur.
2749 4718 2887 4772 Tum
2930 4735 3059 4775 vero
3099 4721 3327 4792 simplex

1748 4821 1913 4883 atque
1950 4812 2156 4884 integer
2184 4822 2338 4877 erat,
2374 4829 2549 4883 neque
2578 4814 2751 4868 altero
2789 4814 3045 4883 quopiam
3084 4816 3325 4879 nomine,

1740 5095 1835 5146 καὶ
1871 5091 2036 5161 γένη,
2099 5107 2309 5147 necnon
2379 5100 2432 5146 et
2486 5092 2555 5146 ab
2586 5090 2845 5146 Athenaeo
2872 5091 2968 5146 lib.
3024 5108 3105 5155 ιιι,
3157 5091 3328 5145 flera-

1741 5164 1902 5217 clides
1932 5162 2271 5216 Tarentinus.
2310 5161 2455 5216 Idem
2496 5168 2550 5216 et
2579 5161 2813 5216 Andreae
2834 5163 3028 5216 medici
3058 5162 3325 5217 meminit.

1814 5234 1890 5302 (6)
1934 5231 2181 5307 Βᾶσσος
2202 5236 2269 5307 -ρη
2307 5233 2535 5307 Ίξύλιος.
2576 5252 2595 5283 ι
2636 5230 2805 5307 Tylus
2835 5232 3141 5307 Messenia:
3174 5234 3327 5307 urbs,

1744 5320 1904 5374 quam
1925 5304 2170 5356 nonnulli
2193 5302 2446 5369 OEtylum
2469 5311 2719 5365 vocant,»
2756 5304 2832 5357 ait
2866 5303 3063 5358 Strabo
3088 5303 3184 5357 lib.
3204 5302 3324 5357 vui.

1752 5374 1857 5429 Sed
1898 5382 2155 5443 corrupta
2211 5374 2313 5426 hoc
2372 5374 2492 5425 loco
2532 5389 2638 5427 vox
2678 5381 2783 5437 est,
2828 5374 3228 5443 legendumque
3260 5389 3328 5427 ex

1754 5444 2070 5499 Dioscoride
2122 5443 2329 5505 Βάσσος
2371 5444 2399 5494 ὁ
2424 5443 2658 5505 Ἰούλιος.

1825 5515 1902 5581 (7)
1934 5513 2043 5567 Καὶ
2082 5513 2408 5580 Πετρώνιος
2438 5516 2636 5583 Νίγερ.
2665 5512 3011 5568 Dioscorides
3048 5513 3325 5567 Petronius

1758 5584 1922 5654 Niger
1971 5584 2307 5654 conjunctim
2355 5582 2534 5639 habet.
2581 5582 2794 5654 Plinius
2825 5598 2957 5654 vero
3014 5583 3325 5637 Petronium

1760 5652 2040 5709 Diadotum
2072 5652 2308 5725 copulat,
2336 5660 2492 5724 quasi
2524 5652 2770 5725 ejusdem
2800 5653 2911 5709 sint
2944 5655 3326 5723 appellationes

1757 5728 1943 5781 ambae.
