3766 6298
435 291 537 348 179

1816 288 1874 345 S.
1917 287 2256 345 EPlPllANll

3569 298 3682 352 180

434 412 532 459 aut
557 403 835 475 Opinione,
869 416 934 457 ac
966 402 1260 464 sententia,
1290 408 1386 455 aut
1414 400 1653 472 disparis
1676 403 1796 456 vitae
1821 404 2005 473 appel-
2030 449 2037 460 ,

2143 405 2167 457 ὐ
2203 405 2318 475 βίου
2351 408 2669 479 διακρίσεως
2700 410 2982 482 ἐπίκλησιν
3028 412 3380 483 κεκτημένος,
3420 413 3454 481 ἦ
3503 414 3688 481 Ἀδὰμ

434 495 639 551 latione
669 494 1032 559 censebatur;
1077 507 1179 549 nec
1226 492 1374 547 aliud
1417 508 1580 563 quam
1624 493 1813 547 Adami
1846 510 2006 548 voca-

437 586 626 644 bulum
657 586 705 641 ei
729 584 1043 653 impositum
1079 593 1217 649 eral,
1249 586 1393 654 quod
1440 584 1699 638 hominem
1744 586 2008 654 interpre-

437 692 637 737 tamur.
670 677 752 732 Ex
784 679 1019 748 ipsomet
1057 692 1222 748 porro
1246 677 1455 732 'similis
1490 677 1539 732 ei
1573 678 1787 741 mulier,
1818 677 2006 733 eodem

438 773 665 841 inquam
695 785 726 825 e
767 785 1034 839 corpore,
1079 778 1241 840 atque
1292 785 1359 825 ex
1402 769 1594 824 eodem
1655 768 1833 822 afﬂatu
1882 784 2008 837 pro-

438 873 659 930 creata;
689 862 849 919 liberi
880 863 1168 932 utriusque
1195 876 1360 918 sexus
1385 862 1550 931 geniti
1580 869 1727 915 sunt.
1765 860 2009 929 Cumque

440 970 615 1010 annos
647 954 877 1009 vixisset
910 952 1013 1007 930
1034 954 1078 1016 ’,
1116 967 1184 1007 ex
1217 952 1319 1007 hac
1357 952 1465 1005 vita
1499 950 1772 1005 discessit.
1815 948 2007 1002 Adami

441 1043 591 1099 filius
639 1040 842 1098 Setbus
892 1042 1136 1106 exstitit,
1192 1041 1357 1110 hujus
1400 1040 1579 1106 Enos;
1639 1055 1701 1093 ac
1751 1039 2008 1107 deinceps

440 1134 741 1200 Cainanus,
771 1132 1085 1188 Malaleelus
1122 1140 1176 1188 et
1198 1131 1449 1187 Jaredus.
1484 1130 1621 1185 Hinc
1642 1170 1657 1193 ,
1693 1138 1804 1184 uta
1838 1130 2010 1199 majo—

442 1225 599 1281 ribus
632 1224 976 1294 accepimus,
1025 1223 1176 1278 fraus
1209 1238 1272 1278 ac
1304 1225 1484 1279 scelus
1526 1224 1580 1277 in
1621 1223 1807 1276 orbem
1838 1230 2013 1277 terra-

444 1330 566 1368 rum
606 1314 846 1385 grassari
882 1314 1067 1383 ccepit,
1098 1314 1242 1383 quod
1274 1314 1507 1383 primum
1552 1312 1622 1365 ab
1659 1311 1849 1365 Adami
1878 1327 2011 1366 con-

446 1406 683 1460 tumacia
717 1414 920 1467 natum,
942 1403 1067 1459 inde
1096 1404 1253 1459 Caini
1279 1404 1567 1474 parricidio
1599 1403 2011 1457 corroboratum

446 1496 644 1551 fuerat.
675 1495 859 1552 Jaredi
890 1510 1017 1550 vero
1045 1503 1292 1567 tempore
1326 1510 1391 1550 ac
1422 1495 1681 1566 deinceps
1711 1504 1896 1562 postea
1919 1511 2012 1549 ve-

448 1588 663 1653 neficia,
708 1589 864 1642 malae
897 1596 1074 1652 artes,
1117 1587 1447 1658 petulantia,
1502 1587 1804 1650 adulteria,
1853 1595 2015 1654 atque

452 1682 777 1754 improbitas
806 1683 986 1737 omnis
1014 1683 1213 1751 erupit.
1258 1680 1497 1737 Necdum
1569 1691 1747 1737 tamen
1801 1682 2013 1737 diversa

447 1775 559 1830 ulla
591 1784 712 1831 erat
739 1776 945 1845 opinio,
978 1790 1158 1844 neque
1185 1774 1378 1845 dogma
1406 1775 1765 1837 contrarium,
1800 1774 1893 1829 sed
1912 1790 2018 1828 una

447 1868 718 1922 duntaxat
752 1867 967 1937 lingua,
993 1867 1216 1936 perinde
1253 1882 1316 1921 ac
1343 1883 1512 1937 genus
1543 1882 1709 1921 unum
1744 1866 1850 1922 sub
1879 1866 2017 1920 idem

446 1966 664 2028 tempus
687 1958 743 2011 in
772 1966 917 2011 terra
938 1957 1290 2027 dissipatum.
1319 1957 1450 2013 Post
1475 1958 1589 2013 haec
1616 1957 1845 2013 Jaredus
1878 1957 2022 2012 Eno-

449 2051 613 2104 chum
649 2049 819 2104 filium
848 2048 1058 2112 habuit,
1092 2049 1185 2119 qui
1216 2048 1327 2105 Deo
1354 2059 1541 2120 gratus
1566 2050 1702 2118 fuit;
1734 2066 1911 2120 neque
1939 2051 2022 2105 in-

450 2147 649 2195 ventus
667 2147 773 2195 est.
813 2137 970 2195 Hunc
992 2142 1136 2195 enim
1170 2143 1449 2197 transtulit
1478 2141 1640 2207 Deus,
1672 2158 1771 2197 nec
1795 2150 2020 2197 mortem

451 2231 609 2287 obiit.
636 2230 843 2288 Enocbi
880 2231 1021 2289 ﬁlius
1048 2232 1380 2289 Mathusalas
1405 2233 1505 2288 fuit
1533 2253 1545 2288 :
1577 2234 1667 2304 qui
1696 2234 2022 2289 Lamechum

452 2324 673 2395 genuit;
696 2323 1002 2381 Lamechus
1019 2324 1302 2380 Noemum.
1334 2325 1447 2380 Sub
1465 2342 1574 2396 quo
1596 2326 1776 2381 divina
1808 2327 2022 2381 tandem

450 2419 665 2489 justitia
696 2419 947 2474 eluvione
970 2434 1234 2488 aquarum
1268 2419 1323 2472 in
1352 2417 1613 2473 mundum
1639 2419 1904 2484 immissa,
1928 2434 2022 2489 ge-

454 2525 561 2566 nus
600 2510 957 2565 animantium
992 2526 1154 2565 omne
1192 2510 1439 2567 funditus
1463 2512 1743 2567 exstinxit.
1783 2512 1931 2568 Unus
1971 2514 2023 2566 in

455 2616 585 2657 arca
610 2599 848 2657 Noemus
878 2600 970 2656 Dei
997 2601 1155 2672 jussu
1183 2615 1431 2659 servatus
1473 2614 1586 2671 est,
1622 2613 1808 2671 utpote
1853 2605 2025 2660 eidem

455 2699 750 2762 acceptus,
794 2699 848 2747 et
897 2707 1019 2747 cum
1050 2694 1243 2763 primis
1299 2694 1440 2765 apud
1498 2695 1645 2748 illum
1702 2695 2021 2765 gratiosus:

456 2785 549 2842 hic
594 2785 851 2857 inquam,
898 2799 1021 2839 cum
1066 2786 1240 2842 tribus
1278 2787 1500 2849 liberis,
1540 2785 1732 2853 Semo,
1788 2787 2024 2852 Chamo,

456 2875 510 2947 5
536 2890 599 2931 ac
627 2874 878 2946 Japheto,
910 2890 1120 2931 necnon
1152 2884 1205 2929 et
1238 2890 1404 2931 uxore
1422 2883 1532 2930 tam
1560 2892 1659 2930 sua
1691 2894 1855 2946 quam
1889 2878 2029 2931 lilio-

457 2984 580 3023 rum
619 2976 841 3037 ereptus
876 2975 995 3033 est;
1047 2967 1183 3021 adeo
1214 2976 1272 3020 ut
1300 2978 1422 3021 octo
1453 2984 1560 3021 non
1596 2970 1827 3038 amplius
1851 2971 2027 3039 capita

2110 498 2268 567 μόνον
2296 498 2532 569 κληθεὶς,
2576 499 2635 551 τὸ
2670 501 3096 571 ἑρμηνευόμενον
3122 500 3447 569 ἄνθρωπος.
3487 504 3688 571 Τούτῳ

2106 588 2402 643 πλάσσεται
2445 590 2504 655 ἐξ
2531 590 2695 643 αὐτοῦ
2723 591 2881 660 ὁμοία
2922 591 3067 660 αὐτῷ
3092 592 3247 662 γυνὴ,
3276 595 3335 644 ἐκ
3376 593 3470 645 τοῦ
3510 593 3687 645 αὐτοῦ

2108 680 2374 751 σώματος,
2399 681 2491 734 καὶ
2516 682 2609 734 τοῦ
2629 682 2789 735 αὐτοῦ
2817 684 3030 754 ὲμφυσή
3040 701 3223 753 ματος.
3255 684 3446 745 Παῖδες
3472 684 3532 735 δὲ
3557 700 3691 750 γεν-

2106 774 2301 829 νῶνται
2343 776 2516 846 τούτῳ
2552 776 2777 845 ἄρρενες
2828 793 2886 828 τε
2916 778 3009 828 καὶ
3050 776 3279 847 θήλειαι.
3318 776 3425 827 Καὶ
3471 774 3689 844 βιώσας

2108 867 2203 936 ἐτη
2228 866 2511 920 ἐννακόσια
2527 867 2839 937 τριάκοντα,
2864 867 2926 919 τὸ
2958 866 3130 936 χρέων
3157 866 3425 918 ἀπέδωκε.
3469 867 3685 918 Τούτου

2109 961 2237 1021 παῖς
2268 958 2395 1029 Σήθ.
2421 957 2547 1026 Υίὸς
2588 957 2643 1010 δὲ
2687 958 2875 1010 τούτου
2909 957 3104 1020 Ἐνώς·
3140 958 3233 1010 καὶ
3265 958 3405 1010 κατὰ
3423 958 3687 1026 διαδοχὴν

2109 1052 2337 1114 Καϊνὰν,
2358 1051 2670 1119 Μαλαλεὴλ.
2701 1050 2888 1122 Ἰάρεδ.
2925 1052 3011 1113 Ὠς
3034 1050 3089 1102 δὲ
3130 1052 3162 1121 ὴ
3206 1051 3505 1120 παράδοσις
3531 1053 3564 1119 ἡ
3602 1052 3689 1111 εἰς

2111 1147 2257 1214 ἡμᾶς
2285 1145 2530 1210 ἐλθοῦσα,
2558 1144 2802 1197 ἐντεῦθεν
2818 1144 3017 1215 ἤρξατο
3035 1147 3068 1215 ἡ
3095 1145 3469 1214 κακομηχανία
3507 1148 3565 1195 ἐν
3601 1146 3692 1195 κό-

2115 1249 2235 1302 σμῳ
2271 1233 2531 1300 γίνεσθαι,
2565 1235 2657 1285 καὶ
2687 1234 2780 1287 ἀπ’
2814 1235 2985 1305 ἀρχῆς
3017 1234 3114 1303 μὲν
3143 1233 3228 1285 διὰ
3243 1234 3341 1301 τῆς
3365 1234 3457 1286 τοῦ
3503 1235 3691 1303 Ἀδὰμ

2117 1322 2431 1391 παρακοῆς,
2461 1321 2649 1375 ἔπειτα
2667 1321 2720 1374 δὲ
2742 1322 2828 1374 διὰ
2848 1323 2945 1392 τῆς
2968 1322 3061 1375 τοῦ
3083 1325 3218 1376 Κάῖν
3241 1322 3690 1389 ἀδελφοκτονίας.

2112 1412 2225 1465 Νῦν
2259 1411 2313 1463 δὲ
2347 1413 2403 1463 ἐν
2444 1413 2655 1482 χρόνοις
2685 1412 2777 1465 τοῦ
2826 1413 2993 1483 Ἰάρεδ
3034 1413 3127 1465 καὶ
3158 1412 3414 1464 ἐπέκεινα
3463 1430 3695 1483 (pappa-

2115 1504 2235 1557 κεία
2278 1503 2369 1556 καὶ
2419 1503 2638 1573 μαγεία,
2678 1504 2953 1572 ἀσέλγεια,
2996 1504 3203 1573 μοιχεία
3246 1521 3303 1555 τε
3346 1505 3437 1555 καὶ
3470 1504 3692 1557 ἀδικία.

2116 1597 2188 1648 Uti
2220 1597 2410 1665 γνώμη
2454 1613 2537 1658 τις
2577 1596 2755 1664 ἑτέρα,
2792 1597 2851 1647 ού
2898 1596 3023 1659 δόξα
3072 1595 3505 1665 μετηλλαγμένη,
3548 1594 3697 1646 ἀλλὰ

2122 1690 2219 1760 μία
2249 1689 2465 1757 γλῶσσα
2497 1691 2589 1741 καὶ
2619 1689 2772 1757 γένος
2800 1690 2857 1741 ἓν
2888 1689 2979 1740 ἐπὶ
3002 1690 3105 1758 γῆς
3132 1689 3248 1742 κατ’
3277 1690 3449 1741 ἐκεῖνο
3484 1705 3579 1740 και
3590 1686 3693 1757 ροῦ

2123 1779 2485 1850 ἐσπαρμένον.
2519 1778 2703 1849 Τούτῳ
2741 1778 2797 1831 δὲ
2825 1778 2901 1847 τῷ
2938 1779 3106 1849 Ἰάρεδ
3136 1779 3340 1845 γίνεται
3374 1781 3505 1840 παῖς
3560 1778 3697 1829 τοῦ-

2122 1887 2261 1941 νομα
2306 1868 2492 1939 Ἑνὼχ,
2521 1869 2578 1931 ὃς
2611 1871 2940 1941 εύηρέστησε
2974 1869 3050 1940 τῷ
3094 1869 3231 1939 Θεῷ,
3265 1870 3356 1922 καὶ
3381 1871 3477 1939 οὐχ
3522 1870 3697 1939 ηὑρί-

2124 1980 2299 2015 σκετο.
2351 1962 2630 2034 Μετέθηκε
2669 1963 2775 2033 γὰρ
2824 1961 2983 2013 αὐτὸν
3024 1963 3051 2013 ὁ
3088 1962 3239 2026 Θεὸς,
3287 1962 3378 2012 καὶ
3423 1961 3525 2012 οὐκ
3575 1956 3697 2013 εἶδε

2124 2051 2369 2104 θάνατον.
2430 2050 2600 2120 Ἑνὼχ
2639 2050 2694 2102 δὲ
2739 2051 2902 2119 γεννᾷ
2943 2049 3033 2102 τὸν
3080 2050 3427 2110 Μαθουσαλα,
3474 2049 3700 2101 Μαθου-

2126 2144 2264 2198 σάλα
2293 2143 2384 2196 τὸν
2422 2144 2632 2213 Λάμεχ,
2670 2143 2859 2212 Λάμεχ
2895 2142 2985 2195 τὸν
3029 2142 3171 2194 Νῶε.
3207 2143 3316 2194 Καὶ
3349 2142 3382 2211 ἡ
3426 2140 3521 2192 τοῦ
3550 2141 3699 2193 Θεοῦ

2123 2234 2482 2306 δικαιοκρισία
2537 2232 2916 2303 κατακλυσμὸν
2982 2232 3169 2296 ὓδατος
3225 2233 3566 2298 ὲπενὲγκασα
3625 2234 3697 2300 τῇ

2124 2326 2428 2397 οἰκουμένῃ,
2474 2327 2654 2379 πᾶσαν
2690 2324 2865 2395 σάρκα
2894 2323 3192 2393 ἀνθρώπων
3224 2339 3281 2373 τε
3320 2323 3411 2374 καὶ
3449 2321 3559 2373 τῶν
3597 2321 3699 2373 ἄλο

2125 2417 2230 2471 λων
2264 2417 2559 2487 ἐξήλειψεν.
2609 2415 2869 2484 Ἐφύλαξὲ
2899 2432 2959 2466 τε
3013 2415 3070 2467 ἐν
3118 2414 3347 2484 λάρνακι
3386 2412 3472 2465 διὰ
3519 2428 3698 2483 προς-

2123 2512 2398 2581 τάγματος
2444 2509 2534 2561 τὸν
2571 2508 2715 2570 Νῶε,
2766 2507 3201 2578 εὐαρεστήσαντα
3234 2503 3458 2557 ἐνώπιον
3498 2504 3695 2568 αὑτοῦ,

2125 2604 2221 2657 καὶ
2280 2602 2505 2672 εὑρόντα
2562 2602 2756 2672 χάριν⁹
2816 2597 2974 2651 αὐτὸν
3026 2597 3081 2651 δὲ
3135 2597 3224 2650 τὸν
3275 2596 3697 2668 προδεδηλωμὲ-

2125 2712 2213 2748 νον
2259 2693 2399 2756 Νῶε,
2440 2693 2536 2746 καὶ
2574 2692 2700 2755 τοὺς
2742 2693 2889 2762 τρεῖς
2932 2690 3079 2752 υἱοὺς
3129 2687 3313 2751 αὐτοῦ,
3355 2687 3493 2757 Σὴμ,
3537 2688 3697 2756 Χὰμ,

2139 2785 2337 2853 Ίάφεθ,
2377 2785 2472 2853 τήν
2495 2800 2555 2834 τε
2587 2782 2719 2834 ἰδίαν
2772 2779 3023 2847 σύζυγον,
3065 2782 3159 2831 καὶ
3198 2776 3305 2829 τῶν
3350 2776 3517 2847 τριῶν
3560 2775 3700 2828 υἱῶν

2125 2876 2224 2938 τὰς
2249 2877 2394 2945 τρεῖς
2414 2877 2675 2941 γυναῖκας
2701 2889 2713 2902 ο
2744 2871 2882 2924 ὥστε
2925 2869 3224 2941 ἀνθρώπων
3257 2868 3431 2937 ψυχὰς
3454 2865 3601 2919 ὀκτὼ
3639 2869 3700 2918 ἐν

2128 2970 2192 3037 τῇ
2224 2966 2345 3017 τότε
2379 2966 2607 3035 λάρνακι
2629 2962 2993 3016 διασώσασθαι
3015 2961 3120 3014 ἀπὸ
3145 2959 3237 3014 τοῦ
3268 2960 3453 3021 ὓδατος
3476 2958 3572 3011 τοῦ
3594 2976 3702 3010 κα-

460 3059 531 3115 ab
557 3059 659 3114 hoc
692 3057 899 3113 diluvio
929 3058 984 3113 in
1019 3072 1146 3112 arca
1182 3068 1393 3113 servata
1424 3058 1658 3124 fuerint;
1692 3060 1927 3129 itemque
1953 3077 2016 3115 ex

2143 3055 2456 3126 ςακλυσμοῦ,
2501 3055 2594 3107 καὶ
2636 3054 2745 3107 ἀπὸ
2784 3054 2981 3116 παντὸς
3032 3052 3216 3122 γένους
3265 3050 3446 3122 Θηρῶν
3485 3068 3550 3103 τε
3597 3050 3700 3103 καὶ

459 3149 608 3203 omni
653 3148 950 3205 bestiarum
995 3156 1049 3203 et
1094 3149 1452 3203 animantium
1486 3165 1705 3220 genere,
1736 3152 1882 3207 velut
1930 3168 2025 3223 pe-

461 3239 685 3304 cudum,
717 3247 771 3295 et
816 3239 1044 3295 aliorum
1076 3238 1377 3309 ejusmodi,
1412 3240 1480 3296 ad
1518 3242 1851 3298 restituenda
1878 3254 2029 3313 post-

463 3331 684 3387 modum
740 3331 797 3385 in
835 3331 1106 3401 integrum
1134 3331 1348 3399 omnia,
1378 3348 1444 3387 ex
1493 3334 1769 3388 nonnullis
1801 3335 1929 3401 duo,
1961 3352 2029 3391 ex

465 3423 589 3478 aliis
615 3430 835 3494 septena
871 3422 1097 3478 liberata
1126 3424 1255 3479 sint.
1284 3422 1398 3480 Hoc
1426 3425 1587 3480 modo
1607 3426 1816 3481 decima
1845 3435 2029 3484 trans-

466 3523 585 3570 acta
618 3514 897 3586 generatio
925 3522 1008 3570 est
1033 3520 1175 3569 anno
1204 3515 1270 3569 ab
1292 3516 1426 3572 orbe
1451 3517 1673 3572 condito
1702 3517 1864 3572 2262.
1904 3517 2031 3574 lnde

465 3614 717 3661 cessante
754 3605 957 3660 diluvio
998 3621 1163 3675 penes
1204 3605 1469 3661 Noemum
1521 3623 1644 3663 cum
1700 3608 1902 3663 familia
1932 3626 2031 3666 sua

467 3693 788 3751 resederunt
815 3695 1028 3765 generis
1074 3695 1293 3749 humani
1326 3696 1565 3766 reliquiae
1593 3698 1636 3729 ¹⁰
1673 3717 1686 3751 :
1728 3713 1851 3751 cum
1883 3700 2031 3753 nulla

468 3787 650 3842 adhuc
690 3794 835 3843 esset
861 3786 1170 3858 dogmatum
1214 3787 1450 3843 varietas
1472 3828 1486 3851 ,
1523 3804 1624 3844 nec
1670 3790 1775 3844 ulla
1808 3806 1938 3861 gens
1964 3792 2032 3847 ab

470 3880 579 3935 alia
610 3880 964 3950 discreparet,
990 3879 1199 3934 nullum
1226 3880 1449 3937 haeresis
1480 3897 1696 3950 nomen,
1727 3882 2032 3938 idololatria

471 3969 622 4024 nulla
652 3970 863 4040 uspiam
895 3977 1060 4025 esset.
1096 3969 1161 4024 Et
1185 3972 1438 4040 quoniam
1471 3987 1572 4027 suo
1611 3974 1842 4043 quisque
1886 3975 2036 4030 arbi-

472 4059 580 4115 trio
610 4060 774 4113 vitam
805 4059 1125 4115 instituebat
1150 4062 1376 4132 {(neque
1409 4063 1549 4117 enim
1600 4079 1707 4117 una
1749 4065 1833 4120 lex
1861 4067 2036 4120 omni-

471 4150 577 4205 bus
596 4148 772 4204 adhuc
800 4152 1113 4220 praescripta
1148 4150 1351 4214 fuerat.
1375 4153 1467 4207 sed
1498 4155 1870 4226 unusquisque
1901 4157 2034 4228 legis

473 4240 580 4296 sibi
613 4240 784 4297 vicem
811 4242 1122 4311 pnestabat,
1153 4250 1315 4312 atque
1345 4258 1408 4299 ex
1439 4246 1716 4300 voluntate
1746 4262 1844 4301 sua
1875 4249 2036 4318 dege-

474 4332 603 4401 bat;
635 4347 736 4403 pro
772 4348 839 4389 eo
888 4348 952 4389 ac
983 4333 1340 4399 barbarismi,
1394 4336 1734 4409 aliorumque
1766 4339 2033 4412 ejusmodi

542 4535 730 4589 ‘rben.
764 4547 818 4601 ν,
844 4535 899 4589 3.
975 4536 1020 4567 ¹⁰
1052 4533 1185 4591 Gen.
1214 4551 1331 4602 Vlll,
1370 4539 1395 4592 1
1425 4552 1546 4609 sqq.

2132 3148 2304 3215 ζώων,
2336 3147 2546 3218 κτηνῶν
2584 3163 2641 3198 τε
2669 3146 2762 3199 καὶ
2789 3145 2894 3197 τῶν
2934 3145 3104 3198 ἄλλων
3140 3144 3248 3198 τῶν
3277 3143 3370 3195 ἐπὶ
3398 3143 3522 3213 γῆς,
3558 3144 3700 3211 πρὸς

2134 3242 2389 3295 σύστασιν
2421 3239 2579 3292 πάλιν
2616 3238 2712 3308 τῆς
2755 3238 2811 3289 ὲν
2846 3238 3033 3307 κόσμῳ
3073 3236 3284 3289 πάντων
3323 3236 3697 3297 ὑποστάσεως,

2133 3336 2241 3389 ἀπό
2266 3351 2425 3386 τινων
2445 3332 2542 3401 μὲν
2573 3331 2665 3383 δύο
2684 3330 2797 3395 δύο,
2816 3330 2921 3382 ἀπὸ
2947 3329 3003 3381 δὲ
3029 3329 3201 3381 ἄλλων
3231 3328 3369 3381 ἑπτὰ
3395 3327 3553 3379 ἑπτά.
3583 3328 3700 3379 Καὶ

2133 3424 2274 3478 οὕτω
2305 3423 2545 3496 παρῆλθε
2589 3421 2786 3493 δεκάτη
2830 3419 2993 3488 γενεὰ
3030 3420 3095 3472 δι’
3124 3418 3258 3471 ὲτῶν
3314 3417 3581 3487 δισχιλίων
3618 3416 3697 3483 (8)

2134 3520 2417 3574 διακοσίων
2456 3514 2830 3589 ἑξηκονταδύο.
2864 3516 2972 3567 Καὶ
3000 3514 3029 3566 ό
3068 3510 3444 3581 κατακλυσμὸς
3480 3510 3698 3561 πέπαυ-

2135 3630 2245 3677 ται,
2280 3612 2372 3665 καὶ
2401 3610 2545 3672 Νῶε,
2580 3609 2674 3662 καὶ
2706 3611 2734 3662 ό
2762 3607 2923 3661 αὐτοῦ
2951 3601 3097 3668 οἶκος
3126 3604 3372 3672 λείψανον
3403 3600 3481 3671 τῷ
3506 3601 3699 3670 κόσμῳ

2136 3703 2476 3772 γεγέννηται.
2508 3700 2673 3752 Οῦπω
2700 3699 2755 3752 δὲ
2784 3695 3104 3766 ἑτεροδοξία,
3141 3694 3241 3746 οὐκ
3267 3692 3413 3754 ἔθνος
3435 3709 3486 3743 τι
3513 3691 3700 3756 διαφε-

2140 3794 2383 3867 ρόμενον,
2409 3793 2509 3844 οὐκ
2555 3790 2727 3859 ὄνομα
2767 3788 3048 3859 αἱρέσεως,
3087 3784 3200 3838 ἀλλ’
3246 3782 3364 3837 οὐδὲ
3415 3780 3698 3834 εἰδωλολα-

2137 3884 2311 3955 τρεία.
2376 3881 2591 3951 Ἐπειδὴ
2628 3881 2684 3933 δὲ
2727 3879 2952 3943 ἕκαστος
2995 3876 3291 3947 ἀνθρώπων
3353 3874 3456 3944 ἰδίᾳ
3506 3871 3694 3941 γνώμῃ

2140 3976 2370 4045 ἑστοίχει
2400 3974 2582 4045 (νόμος
2606 3972 2714 4041 γὰρ
2758 3967 2837 4033 εἷς
2864 3968 3096 4038 οὐδαμοῦ
3124 3966 3437 4036 ἐτύγχανεν·
3466 3964 3697 4023 Exacto;

2139 4070 2246 4137 γὰρ
2292 4066 2468 4136 ἐαυτῷ
2498 4065 2659 4135 νόμος
2692 4063 2916 4132 ἐγίνετο,
2951 4060 3045 4114 καὶ
3067 4060 3131 4129 τῇ
3173 4058 3276 4128 ἰδίᾳ
3304 4055 3495 4127 γνώμῃ
3529 4057 3697 4107 ἐστοί-

2140 4177 2245 4231 χει,
2285 4156 2465 4221 καθὼς
2496 4155 2645 4227 παρὰ
2684 4153 2761 4224 τῷ
2797 4151 3097 4220 Ἀποστόλῳ
3126 4152 3160 4221 ἡ
3205 4150 3393 4221 χρῆσις
3427 4148 3487 4199 ού
3543 4148 3697 4216 μόνον

2132 4245 2542 4319 βαρϐαρισμοῦ,
2580 4243 2713 4297 ἀλλὰ
2749 4241 2976 4296 καὶτῶν
3029 4239 3221 4295 ἄλλων.
3261 4237 3395 4309 Φησὶ
3426 4238 3566 4307 γάρ’
3606 4236 3699 4286 Ἐν

2142 4341 2252 4411 γὰρ
2282 4338 2511 4408 Χριστῷ
2545 4335 2749 4405 Ἰησοῦ
2770 4330 3178 4401 οὐβάρϐαρος,
3208 4331 3279 4385 οὐ
3308 4330 3561 4395 Σκύθης,
3587 4328 3697 4395 οὐχ

546 4713 623 4783 (8)
639 4714 728 4788 ,Δι’
752 4713 903 4788 agar
931 4714 1287 4788 δισχιλίῳγκ
1312 4714 1428 4770 Non
1466 4716 1631 4786 igitur
1666 4719 1937 4788 vulgatam
1984 4718 2037 4773 in

2146 4718 2419 4775 Lamecho
2434 4731 2565 4788 vero
2583 4714 2703 4788 l88,
2719 4713 2983 4788 conligant,
2993 4711 3193 4788 additis
3210 4709 3395 4788 Noemi
3408 4711 3697 4788 sexcentis,

476 4784 686 4839 nostris
720 4784 1051 4840 editionibus
1085 4784 1224 4838 LXX
1256 4784 1544 4841 Senioruin
1576 4784 1845 4843 rationein
1882 4803 2042 4844 secu-

475 4861 568 4908 tus
592 4861 695 4917 est,
726 4868 993 4927 annorum
1018 4854 1190 4917 1242,
1213 4857 1308 4910 sed
1340 4858 1684 4927 castigatam,
1724 4872 1786 4927 ac
1830 4873 2043 4927 germa-

478 4937 629 4988 nam,
656 4923 861 4996 qumad
898 4925 1131 4993 priorem
1167 4939 1341 4981 annos
1374 4923 1521 4980 addit
1552 4927 1644 4981 20.
1699 4923 1890 4996 Magna
1931 4927 2042 4996 jam

478 5004 596 5065 tum
624 4991 751 5065 olim
769 4991 1078 5048 Graecorum
1105 4997 1494 5065 exemplarium
1516 5011 1621 5050 non
1648 5012 1772 5049 cum
1792 4991 2046 5051 Hebraeis

480 5061 800 5131 Latinisque
850 5065 1044 5124 modo,
1074 5065 1169 5117 sed
1198 5061 1383 5121 secum
1414 5067 1577 5120 etiam
1611 5066 1883 5120 discordia
1919 5066 2039 5120 fuit.

480 5131 558 5186 De
586 5132 755 5203 priori
785 5133 1005 5203 disserit
1033 5133 1369 5199 Augustinus
1412 5135 1506 5189 lib.
1539 5135 1616 5188 De
1646 5137 1787 5190 civit.
1816 5136 1913 5189 Dei
1955 5153 2044 5200 xv,

480 5202 603 5270 cap.
665 5202 751 5275 1‘5;
802 5202 1021 5275 Hieron.
1086 5203 1286 5275 Quian.
1344 5205 1778 5275 Hebr..aliique,
1810 5207 2046 5260 maxime

436 5312 441 5319 .
482 5273 836 5345 recentiores.
895 5271 982 5345 De
1009 5274 1309 5345 posteriori
1354 5275 1474 5329 vide
1506 5271 1723 5330 Eusebii
1767 5271 2048 5345 'Excerpta

482 5342 889 5416 chronologica;
933 5342 1044 5416 ubi
1071 5344 1220 5397 varie
1248 5359 1513 5416 annorum
1551 5361 1761 5400 summa
1799 5342 2044 5416 concipi~

484 5422 611 5485 tur._
634 5411 712 5464 Ac
739 5421 995 5485 propter
1032 5413 1319 5468 immanem
1374 5415 1782 5479 absurditatem,
1812 5432 1932 5485 quae
1966 5411 2046 5471 ἐι

486 5479 841 5536 Mathusalem
867 5479 1031 5537 annis
1058 5485 1252 5543 oritur,
1307 5485 1521 5538 animus
1555 5494 1637 5539 est
1691 5486 1754 5539 ad
1796 5479 2048 5541 numero-

488 5566 607 5602 rum
659 5552 1089 5607 emendationem
1140 5554 1404 5621 adjectus.
1436 5553 1567 5606 Nam
1610 5555 1654 5608 si
1693 5555 1832 5608 LXX
1872 5556 2045 5609 Inter-

472 5630 700 5747 ﬁretum
739 5637 1080 5677 communem
1109 5623 1401 5678 editionem
1440 5638 1691 5691 sequare,
1715 5641 1835 5694 quae
1876 5641 2047 5679 annos

542 5691 879 5747 atbusalemo
905 5701 1029 5747 ante
1062 5694 1300 5747 aeuitum
1328 5693 1657 5747 Lamecbum
1685 5704 1899 5747 arrogat
1924 5696 2041 5747 l67.

542 5691 879 5748 atbusalemo
905 5701 1029 5749 ante
1062 5694 1300 5760 genitum
1328 5693 1657 5751 Lamecbum
1685 5691 1899 5765 arrogat
1924 5696 2041 5761 l67,

2145 4789 2273 4847 anni
2311 4798 2435 4841 ante
2466 4786 2730 4839 diluvium
2786 4784 2911 4839 955.
2944 4782 3090 4837 Vixit
3138 4790 3316 4835 autem
3348 4780 3695 4835 Mathusalem

2144 4863 2198 4916 iu
2231 4866 2398 4911 totum
2434 4872 2607 4911 annos
2633 4855 2756 4909 969.
2793 4854 2964 4923 Igitur
2994 4854 3062 4907 14
3085 4852 3264 4923 _anuis
3284 4859 3411 4923 post
3434 4852 3687 4923 diluvium

2146 4927 2448 4998 superfuit;
2489 4924 2632 4994 quod
2657 4935 2740 4980 est
2770 4920 3037 4998 ineptum.
3069 4921 3248 4989 Quare
3268 4920 3695 4998 Africanits__lla-

2144 4990 2413 5055 thusalem
2440 4990 2612 5049 annos
2643 5005 2767 5049 ante
2799 4990 3124 5046 Lamechum
3166 4997 3473 5058 susceptum
3514 4990 3695 5043 tribuit

2150 5070 2275 5132 185,
2305 5066 2395 5136 qui
2424 5065 2487 5120 ad
2517 5064 2769 5118 Lamechi
2801 5061 3097 5136 Noemique
3133 5060 3374 5121 totidem,
3410 5070 3545 5136 quot
3574 5076 3694 5136 pro-

2147 5130 2292 5194 xime
2322 5130 2779 5197 'numeravimus,
2821 5130 3061 5199 adjuncti
3110 5145 3376 5186 summam
3412 5130 3697 5182 coniiciunt

2145 5222 2409 5263 annorum
2440 5206 2564 5259 972.
2603 5205 2786 5273 Itaque
2816 5203 3012 5273 tribus,
3049 5210 3349 5273 quatuorve
3378 5201 3532 5273 annis
3560 5199 3693 5251 dilu-

2147 5280 2293 5332 vium
2321 5291 2469 5331 mors
2498 5276 2641 5328 illius
2656 5269 2967 5327 antecessit.
2993 5269 3220 5325 Atvero
3244 5270 3383 5323 idem
3414 5269 3694 5321 Africanus

2150 5350 2219 5403 ab
2246 5348 2377 5401 orbe
2405 5345 2626 5399 condito
2679 5344 2743 5395 ad
2793 5342 3055 5395 diluvium
3104 5355 3276 5393 annos
3304 5339 3506 5407 colligit
3540 5337 3690 5390 2267.

2147 5418 2356 5486 Quippe
2408 5416 2555 5486 Enos
2574 5413 2690 5486 7195
2725 5410 2952 5486 confert,
2980 5410 3279 5486 cumHLXX
3309 5408 3567 5486 duntaxat
3597 5408 3693 5461 190

2143 5479 2455 5541 ιῖιιιῇἑτθηι.
2491 5484 2797 5539 Subtractis
2840 5483 3078 5551 quinque
3110 5480 3215 5534 illis
3245 5479 3547 5551 superfluis,
3579 5493 3691 5551 cre-

2145 5557 2375 5610 diderim
2426 5555 2479 5607 in
2546 5554 2771 5622 reliquis
2831 5547 3186 5619 Epiplianium
3236 5547 3521 5622 Africani,
3586 5548 3692 5600 sive

2143 5626 2304 5691 LXX,
2334 5626 2473 5694 apud
2521 5618 2834 5676 Africanum
2863 5618 3219 5694 Inter‘prctum
3242 5618 3508 5672 calculqu
3548 5631 3693 5673 secu-

2142 5690 2295 5763 tum,
2314 5690 2486 5749 annos
2515 5702 2858 5764 computassc
2887 5690 3046 5744 2262.
