3754 6182
71 208 148 266 tsi
739 213 1112 275 ADVERSUS
1151 219 1493 280 ηίειιεεεε
1530 223 1657 281 LIB.
1695 225 1736 282 1.
1787 215 1954 288 TOM.
1988 231 2026 285 ι.
2067 260 2136 273 -
2175 233 2455 293 manas.
2496 239 2639 296 ιοιν.

3175 251 3283 309 182

64 333 285 397 Ἕλλην.
309 333 419 386 οὐκ
457 333 788 408 Ἰουδαῖος),
810 339 1186 413 βαρϐαρισμὸς
1209 345 1332 399 τότε
1360 347 1598 402 ἐκαλεῖτο

1743 351 2164 421 ppellationibns
2196 370 2329 411 usus
2357 367 2441 412 est
2477 358 2776 428 Apostolus
2816 377 2940 418 cum
2973 364 3046 420 ita
3091 367 3276 441 loqu‘r-

63 424 108 475 ὲν
133 423 236 484 ταῖς
260 421 392 475 δέκα
419 427 636 491 γενεαῖς
665 425 758 479 τοῦ
793 430 983 500 χρόνου
1016 431 1076 485 τὸ
1113 433 1418 507 ἐπώνυμον.
1445 437 1602 492 Μετὰ

62 516 197 570 δὲτὺν
218 517 594 588 κατακλυσμὸν
621 521 919 592 ἐπιστάσης
943 523 1039 593 τῆς
1067 525 1332 596 λάρνακος
1357 529 1450 582 τοῦ
1477 532 1601 585 Νῶε

63 609 110 662 ὲν
134 609 228 669 τοῖς
258 607 407 678 ὄρεσι
432 611 544 673 τοῖς
584 610 827 693 ςΑραράτ
858 613 955 685 (9),
975 616 1076 669 ἀνὰ
1098 618 1261 687 μέσον
1303 622 1601 693 Ἀρμενίων

61 700 136 752 καὶ
163 697 445 769 Καρδυέων
470 701 528 752 ὲν
555 685 632 772 τῷ
662 703 882 775 Λουϐὰρ
909 706 1024 778 ὄρει
1058 685 1537 783 καλουμένωίέκεί

62 734 136 752 μη
163 734 444 769 ..νιγννςυυν
470 734 527 752 ev
557 734 632 772 νιψ
662 734 882 775 ιιυυυδιρ
909 734 1024 778 υρδι
1058 734 1393 783 καλουμενῳ,
1422 734 1513 769 εκε

62 790 242 862 πρῶτον
279 793 597 864 κατοίκησις
651 797 859 864 γίνεται
901 800 1037 869 μετά
1076 802 1164 855 τὸν
1218 734 1599 879 tutantich

59 884 144 937 τῶν
164 883 474 955 ἀνθρώπων.
498 887 677 942 Κάκεῖ
699 889 920 957 φυτεύει
942 894 1240 964 ἀμπελῶνα
1266 897 1389 951 Νῶε
1418 900 1446 952 ὁ
1468 918 1601 972 προ-

59 978 221 1046 φήτης,
262 979 506 1050 οἰκιστής
556 998 616 1033 τε
645 981 855 1050 γίνεται
883 983 976 1038 τοῦ
1013 986 1201 1042 τόπου.
1256 989 1499 1046 Γίνονται
1541 993 1598 1047 δὲ

57 1071 146 1130 τοῖς
169 1067 324 1120 αὐτοῦ
356 1072 542 1124 παισὶν
589 1071 672 1142 (οὐ
706 1071 814 1146 γὰρ
857 1074 937 1128 ἐτι
984 1077 1145 1130 αὐτὸν
1191 1079 1445 1150 ἐμφαίνει
1481 1081 1595 1158 [10]

57 1160 428 1231 γεγεννηκέναι)
489 1164 676 1228 παῖδες
714 1168 807 1220 καὶ
848 1169 1051 1224 παίδων
1075 1173 1282 1238 παῖδες,
1321 1176 1426 1240 ἕως
1454 1178 1597 1250 πέμ-

56 1268 171 1320 πτης
187 1253 376 1318 γενεᾶς
401 1253 538 1306 ὲτῶν
561 1253 858 1319 ἑξακοσίων
883 1266 1398 1331 πεντηκονταεννέα,
1424 1267 1598 1339 πάρεξ

55 1340 130 1393 τοῦ
160 1343 286 1413 Σήμ.
316 1345 451 1396 Κατ’
477 1345 794 1401 ἀκολουθίαν
809 1350 865 1403 δὲ
895 1351 988 1404 τοῦ
1018 1353 1196 1422 λόγου,
1223 1356 1397 1428 ἔξειμι
1432 1361 1472 1390 “
1499 1361 1599 1432 τὴν

55 1432 373 1499 γενεαλογίαν
432 1434 525 1488 τοῦ
572 1437 690 1500 ἐνὸς
730 1437 868 1493 υίοῦ.
915 1440 1036 1512 Σὴμ
1080 1445 1257 1498 τοίνυν
1307 1451 1470 1520 γεννᾷ
1507 1450 1598 1504 τὸν

65 1520 325 1592 Ἀρφαξέιᾷ
393 1526 667 1596 Ἀρφαξάδ
715 1528 806 1581 τὸν
845 1531 1029 1600 Κηνᾶ,
1085 1534 1242 1604 Κηνᾶ
1283 1537 1374 1590 τὸν
1431 1539 1596 1608 Σαλᾶ,

56 1611 175 1668 Σαλᾶ
208 1615 298 1668 τὸν
353 1617 541 1689 Ἔϐερ,
586 1619 784 1692 εὐλαϐῆ
832 1623 926 1676 καὶ
977 1623 1234 1698 θεοσεϐῆ”
1277 1629 1443 1702 Ἔϐερ
1504 1633 1595 1687 τὸν

55 1704 217 1759 Φαλέκ.

108 1886 174 1939 E'.
215 1887 325 1940 Kal.
356 1887 504 1940 οὐδὲν
551 1883 618 1960 ἦν
655 1890 747 1944 ἐπὶ
795 1891 896 1962 τῆς
938 1893 1060 1964 γῆς,
1108 1895 1206 1967 οὐχ
1255 1899 1480 1971 αἵρεσις,
1531 1903 1593 1955 οὐ

53 1978 215 2049 γνώμη
248 1980 414 2053 ἑτέρα
435 1981 528 2034 καὶ
565 1981 748 2053 ἑτέρα,
785 1983 952 2054 ἀλλ’ἢ
977 1985 1134 2054 μόνον
1160 1985 1434 2058 ἄνθρωποι
1469 1991 1596 2044 ἐκα-

53 2072 232 2134 λοῦντο,
258 2071 380 2135 ἑνὸς
410 2071 622 2141 χείλους
650 2073 744 2125 καὶ
775 2075 904 2144 μιᾶς
929 2074 1192 2147 γλώττης.
1222 2073 1331 2131 Ἦν
1349 2079 1406 2132 δὲ
1436 2080 1595 2150 μόνον

54 2161 243 2214 ἀσέϐεια
264 2163 362 2215 καὶ
389 2163 638 2216 εὐσέϐεια
663 2165 692 2216 ὁ
713 2164 854 2218 κατὰ
881 2166 1042 2234 φύσιν
1062 2168 1246 2238 νόμος,
1275 2171 1368 2232 καὶ
1392 2173 1426 2242 ἡ
1455 2171 1596 2225 κατά

51 2253 187 2322 φύσιν
225 2254 346 2318 ἑνὸς
379 2256 606 2310 ἑκάστου
648 2257 966 2329 προαίρεσις
1009 2259 1102 2313 τοῦ
1142 2260 1463 2333 θελήματοςν
1503 2265 1596 2318 καὶ

50 2346 131 2398 οὐκ
153 2344 254 2397 ἀπὸ
277 2345 646 2409 διδασκαλίας,
690 2345 815 2400 οὐτε
846 2347 953 2400 ἀπὸ
993 2351 1439 2422 συγγραμμάτων
1468 2371 1598 2423 συγο

54 2437 274 2506 γραφέων
320 2437 535 2508 πλάνη’
578 2438 678 2490 οὐκ
717 2439 1064 2510 ⁹Ιουδαῖσμὺς,
1120 2442 1219 2512 οὐχ
1262 2443 1472 2512 αἵρεσίς
1514 2462 1598 2510 τις

51 2529 209 2598 ἑτέρα,
226 2529 363 2594 ἀλλ’,
379 2529 453 2592 ὡς
465 2530 662 2593 εἰπεῖν,
695 2531 726 2600 ὴ
755 2529 848 2584 νῦν
865 2532 1044 2596 πίστις
1060 2533 1518 2608 ὲμπολιτευομένη
1541 2538 1598 2592 ἐν

51 2622 101 2691 τῇ
125 2621 236 2690 ἄρτι
262 2620 397 2692 ἁγίᾳ
412 2620 503 2673 τοῦ
526 2621 659 2674 Θεοῦ
675 2621 932 2694 καθολικῇ
974 2624 1288 2697 Ἐκκλησία,
1307 2627 1402 2680 ἀπ’
1425 2628 1600 2701 ἀρχῆς

51 2705 181 2775 οὖσα,
209 2712 300 2765 καὶ
323 2711 548 2786 ὕστερον
568 2713 730 2767 πάλιν
747 2715 1207 2786 ἀποκαλυφθεῖσα.
1233 2717 1324 2789 Τῷ
1345 2718 1454 2791 γὰρ
1472 2719 1598 2790 βου-

49 2805 237 2878 λομένῳ
263 2807 573 2879 φιλαλήθως
617 2808 742 2862 ἰδεῖν
774 2808 914 2880 ἀρχὴ
945 2809 1164 2864 πάντων
1193 2813 1341 2865 ἐστὶν
1369 2814 1402 2884 ἡ
1434 2813 1599 2868 καθο-

50 2897 152 2969 λικὴ
176 2898 262 2951 καὶ
279 2898 411 2968 ἁγία
450 2898 745 2970 Ἐκκλησία
767 2900 826 2965 ἐξ
854 2899 1020 2956 αὐτοῦ
1045 2901 1138 2955 τοῦ
1167 2904 1390 2958 σκοποῦ.
1433 2903 1601 2978 Ἀδὰμ

47 2990 136 3060 γὰρ
180 2992 604 3061 πρωτόπλαστος
656 2993 995 3060 πέπλασται,
1043 2995 1144 3049 οὐκ
1196 2996 1596 3068 ὲμπερίτομος,

168 3051 514 3156 ἀκροϐὐστης
546 3051 643 3157 μέν
682 3089 748 3157 τῇ
776 3088 960 3158 σαρκί’
980 3051 1088 3141 ὀὐκ
1114 3051 1506 3161 εἰδωλολάτρης
1626 3051 1668 3110 C

49 3171 121 3246 ἦν’
141 3178 228 3230 καὶ
241 3177 361 3249 ᾔδει
382 3178 604 3249 Πατέρα
619 3177 771 3243 Θεὸν,
791 3179 884 3232 καὶ
900 3179 1052 3246 Υίὸν,
1064 3181 1155 3234 καὶ
1171 3181 1321 3249 ἅγιον
1340 3180 1562 3252 Πνεῦμα
1581 3199 1595 3213 ο

50 3271 309 3342 προφήτης
339 3271 453 3342 γὰρ
482 3267 571 3341 ἦν.
615 3271 730 3326 Οὐκ
759 3271 898 3342 ἔχων
941 3272 1120 3326 τοίνυν
1151 3272 1472 3345 περιτομὴν,
1499 3275 1601 3328 οὐκ

51 3354 106 3431 ἦν
140 3360 384 3425 Ἰουδαῖος
403 3378 418 3392 ο
455 3361 618 3428 ξόανα
643 3361 701 3414 δὲ
729 3361 803 3434 μὴ
833 3362 1153 3434 προσκυνῶν
1183 3363 1218 3433 ἢ
1247 3364 1376 3418 ἄλλο
1401 3382 1474 3430 τι,
1500 3364 1601 3419 οὐκ

51 3449 105 3524 ἦν
136 3455 540 3525 εἰδωλολάτρης.
572 3455 862 3526 Προφήτης
903 3455 1011 3528 γὰρ
1039 3457 1079 3519 ὁ,
1112 3454 1305 3527 Ἀδὰμ,
1333 3459 1426 3509 καὶ
1462 3457 1598 3530 ᾔδει,

50 3548 118 3598 ὅτι
143 3548 168 3598 ὁ
192 3547 380 3619 Πατὴρ
409 3541 532 3599 εἷπε
579 3545 658 3616 τῷ
700 3545 840 3617 Υίῷ·
885 3545 1235 3616 Ποιήσωμεν
1267 3548 1598 3616 ἄνθρωπον.

51 3637 104 3689 Τί
133 3634 218 3691 οὖν
239 3634 306 3709 ἦν
342 3639 484 3710 μήτε
509 3638 810 3710 περιτομὴν
834 3638 991 3710 ἔχων,
1019 3641 1152 3711 μήτε
1185 3639 1380 3694 εἴδωλα
1407 3640 1600 3705 σέϐων,

50 3729 167 3784 ἀλλά
198 3730 293 3784 τοῦ
327 3730 759 3802 Χριστιανισμοῦ
783 3732 874 3784 τὸν
901 3731 1222 3802 χαρακτῆρα
1254 3732 1599 3801 ὐποφαίνωνς

52 3824 185 3878 Οὕτω
218 3825 312 3879 καὶ
345 3826 439 3878 ἐπὶ
462 3823 556 3877 τοῦ
594 3823 776 3886 Ἅϐελ,
811 3823 905 3877 καὶ
941 3823 1032 3876 ἐπὶ
1062 3822 1158 3877 τοῦ
1208 3824 1338 3895 Σὴθ,
1373 3826 1466 3881 καὶ
1509 3827 1604 3881 ἐπὶ

51 3917 128 3971 τοῦ
161 3917 343 3986 Ἐνὼς,
377 3919 476 3973 καὶ
513 3917 606 3972 ἐπὶ
640 3917 735 3970 τοῦ
779 3915 968 3987 Ἑνὼχ,
996 3917 1091 3970 καὶ
1120 3918 1214 3970 ἐπὶ
1241 3917 1335 3972 τοῦ
1383 3917 1603 3986 Μαθου-

52 4012 190 4077 cata,
220 4011 314 4064 καὶ
343 4012 440 4064 ἐπὶ
479 4007 571 4064 τοῦ
599 4008 745 4076 Νῶε,
777 4011 870 4063 καὶ
894 4009 987 4062 ἐπὶ
1013 4009 1106 4064 τοῦ
1130 4009 1322 4080 Ἔϐερ,
1356 4010 1484 4082 ἄχρι
1509 4010 1602 4064 τοῦ

61 4103 290 4176 Ἀϐραὰμ
328 4103 672 4175 διαληπτέον.
716 4103 966 4174 Ἐνήργει
1011 4104 1068 4160 δὲ
1114 4104 1234 4158 τότε
1269 4105 1515 4160 εὐσέϐειά
1543 4122 1604 4158 τε

52 4195 130 4246 καὶ
160 4194 404 4258 ἀσέϐεια,
449 4193 631 4256 πίστις
675 4191 770 4246 καὶ
815 4192 1072 4246 ἀπιστία*
1119 4193 1300 4256 πίστις
1358 4193 1457 4263 μὲν
1509 4195 1606 4246 ὲπ-

50 4285 226 4356 ἔχουσα
243 4287 338 4339 τοῦ
365 4282 796 4356 Χριστιανισμοῦ
821 4283 920 4354 τὴν
949 4284 1150 4348 εἰκόνα,
1177 4285 1402 4337 ἀπιστία
1423 4284 1480 4338 δὲ
1505 4284 1604 4338 ἐπ-

51 4381 223 4448 έχουσα
244 4379 504 4442 ἀσεϐείας
522 4378 612 4431 τὸν
627 4377 949 4448 χαρακτῆρα
961 4378 1055 4430 καὶ
1068 4377 1429 4448 παρανομίας,
1446 4379 1598 4431 ὲναν-

51 4475 122 4525 τία
144 4473 232 4526 τοῦ
262 4473 409 4526 κατὰ
441 4472 600 4542 φύσιν
631 4470 816 4541 νόμου,
854 4469 959 4532 ἕως
996 4467 1185 4521 τούτου
1215 4467 1308 4522 τοῦ
1337 4469 1597 4541 προδεδη-

109 4588 146 4617 ¹¹
177 4584 338 4663 Forte
358 4585 608 4655 διέξειμι.
690 4584 732 4614 ¹²
761 4581 974 4638 Coloss.
1003 4596 1085 4648 In,
1121 4581 1207 4634 11.
1285 4582 1329 4614 ⁸³
1356 4583 1493 4640 Gen.
1526 4602 1596 4642 vn

1736 4603 1854 4658 sqq.

1704 450 1794 496 tur
1825 461 1838 496 :
1868 441 1932 497 In
1963 443 2173 500 Christo
2201 445 2329 501 Jesu
2361 465 2522 518 neque
2556 451 2835 519 barbarus,
2869 473 3029 527 neque
3057 458 3280 532 Scytha,

1703 550 1862 604 neque
1887 534 2127 602 Graecus,
2149 555 2310 607 neque
2341 538 2567 596 Judazus
2599 554 2677 598 est
2707 546 2794 615 ¹²),
2821 547 3036 604 illorum
3067 560 3279 623 tempo-

1703 639 1824 678 rum
1875 634 2086 692 status,
2141 631 2233 697 qui
2288 633 2392 686 sub
2437 634 2622 689 decem
2679 642 3117 708 generationibus
3153 644 3277 716 fuit,

1701 716 2029 774 barbarismi
2071 736 2205 777 voce
2235 726 2652 794 cegnominatns
2681 739 2784 784 est.
2835 731 2963 788 Post
3010 736 3276 794 diluvium

1702 823 1824 862 cum
1860 811 1914 864 in
1951 811 2166 867 Ararati
2200 817 2508 883 montibus,
2544 809 2854 877 Armeniam
2887 825 3031 880 inter
3054 840 3108 884 et
3141 829 3273 886 Car-

1701 899 1868 971 dyeos
1899 903 1953 956 in
1981 902 2195 960 Lubare
2215 906 2353 963 colle
2371 906 2560 964 Noemi
2593 927 2719 966 arca
2749 916 3089 973 constitisset
3116 921 3180 982 ”,
3202 922 3270 976 il-

1698 992 1770 1047 lic
1820 995 1992 1062 prima
2021 995 2304 1051 hominum
2364 1000 2666 1055 secundum
2712 1003 2976 1060 diluvium
3011 1008 3278 1067 habitatio

1700 1081 1821 1139 fuit.
1871 1084 2184 1158 Ibidemque
2212 1088 2450 1146 Noemns
2503 1094 2762 1164 propheta
2813 1097 2975 1153 vitem
3008 1103 3274 1166 consevit,

1697 1189 1761 1229 ac
1778 1177 2108 1233 domicilium
2138 1182 2444 1238 constituit.
2486 1184 2658 1255 Cujus
2694 1187 2882 1245 liberis
2931 1193 3102 1261 (hunc
3129 1194 3276 1248 enim

1698 1267 1874 1337 ipsum
1903 1285 2162 1339 generare
2191 1273 2421 1329 desiisse
2454 1292 2627 1332 sacrae
2675 1277 2897 1336 Litterze
2940 1283 3273 1356 signiﬁcant)

1700 1359 1792 1413 ﬁlii
1851 1375 1915 1414 ac
1953 1372 2177 1432 nepotes
2225 1363 2292 1417 ad
2351 1368 2598 1436 quintam
2648 1387 2818 1442 usque
2869 1380 3276 1444 generationem

1699 1447 1812 1499 nati
1859 1457 2007 1512 sunt,
2044 1449 2112 1504 ad
2165 1467 2341 1508 annos
2383 1456 2592 1512 scilicet
2627 1447 2763 1524 669,
2799 1472 2991 1530 praeter
3031 1464 3274 1524 Semum.

1697 1537 1867 1607 Cujus
1916 1540 2079 1596 unius
2125 1545 2336 1612 prolem
2395 1548 2658 1619 deinceps
2706 1557 3274 1614 commemorabimus.

1697 1628 1867 1701 Igitur
1915 1631 2110 1690 Semus
2152 1633 2535 1705 Arphaxadum
2588 1644 2808 1712 genuit;
2873 1647 2974 1701 iste
3027 1649 3273 1713 Cain-am,

1628 1715 1671 1770 B
1698 1721 1898 1778 Cainas
1936 1724 2153 1792 Salam;
2190 1725 2345 1784 Salas
2378 1728 2637 1797 Eberum,
2680 1737 2826 1804 pium
2876 1737 3049 1792 virum
3087 1755 3149 1794 ac
3181 1741 3274 1795 Dei

1697 1815 1996 1880 cultorem;
2028 1816 2116 1870 hic
2151 1817 2459 1874 Phalcrnm.

1771 1904 1833 1960 V.
1868 1905 2022 1962 Nulla
2047 1924 2144 1979 per
2174 1910 2226 1965 id
2262 1919 2474 1982 tempus
2504 1915 2558 1968 in
2594 1917 2758 1971 terris
2789 1917 3044 1985 hzeresis;
3067 1922 3276 1990 Opinio-

1699 2012 1826 2050 nnm
1875 1999 2022 2051 nulla
2057 1999 2370 2069 dissensio;
2411 2017 2536 2056 cum
2587 2005 2826 2061 universi
2868 2008 2982 2062 sola
3040 2009 3276 2067 hominis

1698 2089 2057 2158 appellatione
2078 2102 2436 2148 censerentur
2462 2095 2652 2160 ;~Jabio
2682 2112 2813 2164 uno,
2844 2115 3059 2171 unaque
3092 2102 3276 2174 lingua

1700 2181 1932 2252 praediti.
1966 2182 2146 2240 Pietas
2168 2202 2333 2256 porro
2358 2198 2522 2258 atque
2554 2189 2807 2260 impietas
2839 2193 2953 2246 sola
2981 2202 3098 2248 erat
3123 2205 3277 2251 natu.

1697 2289 1773 2328 rae
1806 2277 1941 2346 lege,
1973 2285 2067 2331 aut
2096 2279 2529 2351 uniuscujusque
2563 2282 2628 2335 ad
2679 2292 2930 2338 naturain
2965 2300 3276 2341 accommo-

1697 2365 1822 2420 data
1855 2369 2133 2424 voluntate
2183 2369 2429 2432 deﬁnita.
2467 2372 2700 2428 necdum
2745 2390 2902 2430 error
2951 2387 3274 2447 emerserat,

1698 2455 1814 2511 sive
1844 2457 2132 2527 disciplina
2164 2470 2516 2531 comparatus
2537 2501 2554 2528 ,
2595 2464 2711 2519 sive
2740 2467 3089 2524 monimentis
3136 2469 3274 2524 scri-

1699 2558 1914 2619 ptorum
1957 2551 2214 2607 traditus.
2248 2552 2434 2622 Neque
2487 2555 2652 2624 igitur
2684 2555 3040 2624 Judaismns,
3093 2576 3275 2631 neque

1699 2641 1806 2694 alia
1834 2642 1942 2694 ulla
1985 2653 2132 2697 secta
2170 2642 2445 2714 prodierat
2484 2664 2497 2699 :
2529 2646 2648 2708 sed,
2709 2655 2767 2700 ut
2815 2649 2889 2702 ita
2929 2649 3144 2712 dicam,
3182 2652 3274 2706 illa

1698 2729 1886 2784 eadem
1925 2730 2226 2797 obtinebat,
2270 2747 2392 2802 quae
2421 2733 2582 2788 hodie
2603 2735 2659 2805 6
2691 2734 2745 2789 in
2795 2746 2987 2792 sancta
3042 2737 3137 2793 Dei
3166 2741 3274 2795 Ec-

1700 2819 1866 2874 clesia
1905 2834 1969 2874 ac
2002 2820 2271 2876 catholica
2316 2832 2629 2892 perseverat
2670 2822 2838 2888 ﬁdes,
2889 2841 3012 2894 qua:
3038 2841 3162 2881 cum
3205 2828 3275 2884 ab

1701 2909 1838 2980 ipsis
1862 2924 2043 2964 rerum
2080 2910 2396 2979 primordiis
2426 2910 2711 2980 viguisset,
2745 2928 2942 2968 rursus
2972 2923 3058 2970 est
3086 2925 3273 2985 postea

1701 3001 1991 3073 patefacta.
2024 3000 2237 3055 Etenim
2276 3004 2322 3055 si
2359 3002 2483 3073 quis
2514 3005 2618 3058 ista
2649 3005 2768 3059 solo
2803 3007 3050 3062 veritatis
3089 3008 3274 3064 studio

1703 3093 1969 3163 impulsus
2021 3092 2147 3146 velit
2184 3093 2528 3162 expendere,
2563 3109 2672 3150 non
2705 3095 2975 3152 dubitabit
3023 3106 3272 3154 sanctam

1700 3194 1863 3254 atque
1882 3182 2204 3240 catholicam
2234 3182 2533 3238 Eeclesiam
2569 3185 2799 3254 primam
2834 3187 3076 3240 omnium
3105 3187 3274 3244 exsti-

1699 3277 1852 3342 tisse,
1881 3275 2175 3330 dummodo
2211 3290 2438 3346 scopum
2495 3276 2673 3346 ipsum
2719 3277 3053 3333 consideret.
3100 3278 3272 3334 Adam

1700 3367 1842 3422 enim
1873 3365 2150 3421 hominum
2203 3363 2454 3435 princeps
2507 3381 2538 3419 a
2575 3364 2683 3421 Deo
2717 3367 2992 3432 conditus,
3023 3383 3134 3422 non
3167 3369 3271 3422 cir-

1701 3461 1994 3519 cumcisus.
2029 3457 2121 3513 sed
2139 3459 2404 3527 praeputio
2433 3456 2693 3527 przeditus
2718 3456 2842 3512 fuit.
2876 3457 3062 3530 Neque
3091 3468 3272 3514 tamen

1701 3552 1842 3607 idola
1881 3560 2164 3622 propterea
2194 3549 2385 3613 coluit,
2419 3557 2472 3604 et
2508 3549 2676 3603 Deum
2703 3548 2920 3604 Patrem
2955 3565 3082 3603 cum
3115 3549 3272 3613 Filio,

1701 3659 1765 3698 ac
1797 3642 2002 3713 Spiritu
2041 3651 2233 3696 saneto
2260 3648 2444 3710 utpote
2470 3639 2733 3709 propheta
2765 3641 3038 3711 cognovit.
3069 3639 3272 3706 Quam-

1700 3738 1889 3794 obrem
1933 3734 2078 3806 quod
2128 3734 2552 3790 circumcisione
2607 3733 2820 3796 caruit,
2868 3731 3091 3786 Judaeus
3151 3747 3272 3786 esse

1702 3844 1810 3885 non
1840 3828 2018 3899 potuit
2059 3844 2072 3879 :
2109 3827 2395 3882 idololatra
2437 3841 2566 3881 vero
2595 3825 2820 3880 minime
2851 3824 2985 3888 fuit,
3018 3840 3140 3880 cum
3177 3841 3273 3879 ne-

1701 3937 1808 3992 que
1835 3921 2154 3984 simulacra,
2185 3935 2360 3990 neque
2403 3919 2510 3972 alia
2540 3917 2596 3973 id
2642 3935 2813 3990 genus
2846 3919 3114 3974 adoraret.
3146 3917 3273 3973 Fuit

1702 4013 1845 4068 enim
1875 4012 1965 4067 ille
1997 4011 2278 4080 propheta,
2310 4021 2363 4066 et
2396 4010 2498 4065 hoc
2517 4009 2659 4065 Filio
2681 4026 2710 4064 a
2734 4012 2897 4066 Patre
2925 4009 3128 4065 dictum
3150 4026 3272 4068 esse

1704 4105 1932 4170 sciebat,
1952 4102 2240 4158 Faciamus
2265 4105 2528 4158 hominem
2554 4102 2616 4156 “.
2632 4101 2898 4169 Quidnam
2927 4103 3090 4174 igitur
3117 4104 3272 4157 erat?

1704 4194 1937 4251 Omnino
1965 4210 2138 4264 neque
2183 4196 2543 4252 circumcisus
2564 4235 2578 4261 ,
2613 4211 2789 4266 neque
2831 4197 2994 4252 idolis
3020 4195 3269 4251 addictus

1703 4289 2030 4344 Christianae
2047 4288 2325 4359 religionis
2345 4288 2634 4359 imaginem
2654 4288 2942 4343 referebat.
2973 4288 3077 4341 ΡΜ·
3096 4288 3268 4342 idem-

1704 4395 1811 4451 que
1843 4380 1910 4434 de
1957 4379 2164 4443 Abelo,
2221 4379 2418 4444 Sctho,
2455 4379 2635 4444 Enos,
2677 4379 2883 4444 Enoch,
2943 4380 3265 4465 Math‘usala,

1703 4471 1937 4533 Noemo,
1963 4467 2192 4533 Hebere,
2217 4471 2282 4523 ad
2312 4471 2586 4525 Abraham
2624 4487 2816 4542 usque,
2846 4471 3111 4542 judicium
3145 4485 3270 4526 esse

1937 4583 1980 4613 ⁸⁵
2004 4581 2137 4636 Gen.
2163 4598 2200 4645 ι,
2221 4582 2309 4636 26.

111 4702 181 4774 (9)
205 4705 302 4758 Ἐν
323 4703 457 4769 τοῖς
480 4702 645 4774 ὄρεσι
668 4701 796 4774 τοῖς
809 4701 1069 4774 Ἁραράτ.
1092 4701 1378 4758 Chaldaeus
1408 4702 1598 4758 Cordu

1736 4700 2078 4774 Epiphanium
2120 4697 2192 4774 in__
2216 4698 2589 4774 Ariomanjtis.
2640 4699 2766 4774 Sed
2783 4699 2874 4774 de
2894 4699 3044 4774 labra
3069 4772 3079 4774 ᾼ
3103 4711 3268 4761 caete.-

48 4772 95 4825 id
114 4771 190 4828 est
213 4775 513 4846 Γορδιαίος.
544 4771 832 4846 Josepbus,
856 4773 950 4846 lib.
988 4788 1025 4833 ι,
1057 4773 1243 4846 ca_p._4
1269 4790 1284 4827 :
1315 4773 1617 4846 ’.Αποϐαεή-

53 4860 150 4910 ριον
186 4841 482 4898 τὺν’τόπον
510 4841 699 4897 τοῦτον
745 4843 1020 4914 ’Λρμένιοι
1045 4842 1289 4897 καλοῦσι.
1331 4841 1451 4897 Mox
1512 4844 1614 4900 Be-

51 4906 770 4995 rosu_m_Chald_:eum_citat_5
797 4906 1113 4995 itaque}:
1130 4914 1246 4995 goat
1289 4913 1382 4995 τοί]
1421 4915 1607 4995 πλρίου

49 4984 101 5036 ἐν
124 4989 182 5055 τῆ
197 4987 291 5058 Ἀρ
369 4987 466 5057 vi;
489 4985 630 5064 πρὸς
641 4984 718 5054 τῷ
740 4984 856 5054 ὄρει
881 4983 990 5036 τῶν
1011 4983 1324 5071 Κορδυαίων
1347 4983 1426 5037 ἔτι
1441 4985 1605 5074 μέρος

52 5070 96 5106 τι
120 5041 268 5112 εἶναι.
299 5003 434 5112 lli":
465 5072 529 5110 ex
569 5053 792 5109 Nicolao
828 5054 1202 5126 Damasceno:
1238 5055 1422 5126 Ἔστιν
1455 5056 1605 5126 ,υπὲρ

51 5127 134 5195 τὴν
160 5129 408 5205 Μινυάδα
443 5126 585 5205 μέγα
609 5126 733 5195 ὅρος
764 5123 916 5205 κατα
945 5125 1234 5205 Ἀρμενίαν
1258 5124 1425 5204 Ιξάρις
1453 5123 1609 5205 λεγόι

55 5200 310 5269 μενον,είς
339 5198 371 5250 ὃ
404 5197 630 5269 πολλοὺς
663 5195 1170 5269 συμφυγόντας-.-ἐπὶ
1213 5195 1308 5269 τοῦ
1341 5195 1610 5269 κατακλυ-

53 5268 173 5336 σμοῦ
219 5269 380 5338 λόγος
439 5267 552 5338 ἔχει
597 5265 988 5338 περισωθῆναι.
1037 5265 1364 5338 Franciscus
1405 5265 1602 5321 Junius

53 5351 137 5405 pro
161 5335 347 5410 Βάρις,
370 5335 785 5410 rescribendum
809 5338 1079 5410 existimat
1110 5335 1380 5410 ᾼούϐαρις
1404 5356 1415 5390 :
1440 5352 1468 5390 a
1489 5352 1603 5410 quo

53 5422 146 5462 non
173 5407 463 5465 abhorreo.
490 5408 595 5463 Sed
627 5409 768 5462 idem
801 5407 1063 5462 solemnia
1094 5407 1321 5470 delirat,
1345 5424 1467 5462 cum
1488 5407 1600 5460 Lu-

53 5477 139 5532 bar
156 5480 436 5541 Armenio,
457 5489 511 5532 et
535 5478 859 5550 Egyptiaco
887 5493 1138 5550 sermone
1157 5478 1288 5550 dicit
1311 5478 1450 5550 idem
1479 5493 1602 5533 esse

56 5557 200 5617 atque
223 5551 591 5614 ἀποϐατικόν,
619 5547 746 5603 sive
773 5547 1140 5618 ἀποϐατήριον
1164 5589 1177 5612 ,
1207 5548 1259 5601 id
1281 5558 1384 5615 est,
1420 5549 1597 5602 locum

55 5619 427 5684 editissimum,
479 5637 544 5674 ex
593 5635 704 5688 quo
751 5619 1050 5688 descensus
1092 5626 1267 5688 patet,
1335 5634 1366 5671 a
1435 5619 1601 5673 verbo

53 5688 207 5753 labar.
231 5694 584 5749 descendere.
613 5687 770 5748 L‘nde
799 5699 851 5746 et
891 5687 1160 5758 labarum,
1196 5697 1250 5746 et
1278 5689 1424 5746 labra
1459 5689 1600 5759 apud

1717 4768 1899 4841 risque
1947 4768 2106 4841 nugis
2143 4768 2386 4841 dicemus
2416 4770 2481 4823 ad
2538 4771 2688 4824 illum
2729 4769 3012 4840 Epiphanii
3069 4772 3266 4828 locum.

1713 4839 1866 4912 Quod
1883 4839 2101 4912 quidem
2141 4839 2208 4892 ad
2242 4854 2478 4909 praesens
2507 4839 2782 4910 negetium
2807 4842 3018 4905 attinet,
3064 4843 3268 4903 ἁποϐατ

1707 4909 2158 4986 τῆριονξιιοεερίιρ
2191 4919 2536 4986 nuncupatur
2580 4909 2732 4966 locus
2775 4912 2885 4974 ille,
2916 4913 2971 4966 in
2999 4928 3107 4982 quo
3131 4913 3269 4967 Noe-

1706 4979 1830 5039 miis
1867 4981 1963 5052 τὴν
2004 4979 2300 5052 ἀπόϐασιν,
2350 4981 2451 5035 hoc
2477 4992 2560 5036 est
2585 4986 2992 5037 exscensionem
3016 4979 3090 5037 'ex
3140 4999 3268 5041 arca

1707 5056 1870 5118 fecit;
1903 5051 2017 5124 sive
2043 5051 2187 5124 quod
2229 5051 2428 5124 ibidem
2467 5053 2536 5124 τὰ
2568 5053 2911 5124 ἀποϐατήρια
2949 5067 3104 5108 sacra
3145 5069 3268 5124 per-

1682 5127 1890 5179 solvit.
1925 5121 2049 5175 Haec
2073 5121 2219 5176 enim
2249 5122 2332 5177 vis
2357 5129 2442 5177 est
2468 5123 2658 5181 horum
2691 5121 3100 5186 vocabulorum,
3127 5121 3266 5177 ἀπο·

1709 5195 1990 5266 ϐατήριαη
2019 5190 2382 5266 διαϐατήρια,
2406 5203 2459 5248 et
2488 5203 2842 5266 _creterorum.
2901 5193 3065 5248 Valde.
3103 5195 3268 5264 igitur

1709 5261 1928 5336 aberrat
1962 5261 2322 5336 Junius,cnnt
2361 5264 2726 5336 ἀποϐατήριον
2760 5261 3149 5334 interpretatur
3177 5281 3267 5318 ar-
3327 5292 3347 5316 ο

1703 5335 1866 5388 duum
1915 5331 2296 5404 ethercelsum,
2353 5350 2416 5389 ex
2458 5331 2942 5404 {quo'descendere
2965 5345 3263 5404 oporteat:

1706 5407 1874 5476 quod,
1896 5419 1925 5456 a
1955 5402 2160 5476 Graecae
2188 5408 2339 5459 v0cis
2372 5402 2471 5461 usu
2489 5402 2736 5461 alienum
2751 5415 2813 5476 Aet
2847 5402 3120 5476 absonum
3158 5414 3263 5459 est.

1775 5475 1976 5546 (10)οὺ
1997 5474 2105 5544 γὰρ
2126 5474 2210 5527 ἐτι
2234 5477 2420 5529 αὐτὸν
2433 5477 2722 5546 ἐμφαίνει.
2744 5474 3080 5531 Putidissimi
3095 5474 3233 5529 Juda
3249 5475 3279 5528 l1

1701 5545 2044 5617 Noemnma
2076 5546 2283 5600 Chatno
2338 5561 2616 5602 exsectum
2675 5554 3070 5617 nuganturrzut
3116 5548 3266 5617 ire!

1703 5615 1937 5760 aliis!sz
1964 5614 2200 5684 Selenio,
2222 5617 2314 5690 qui
2336 5627 2388 5674 et
2415 5618 2519 5673 alia
2535 5614 2784 5692 quaedam
2803 5616 2991 5690 adjicit
3033 5615 3266 5676 nefanda

1892 5703 2013 5759 ητα.

1701 5697 1754 5745 ει
1783 5697 2013 5759 ἄρρητα.
