3754 6182
766 234 1136 293 ADVERSUS
1170 238 1511 299 HERESES
1546 245 1622 300 ιι]

1795 247 1956 304 ΤΟΜ.
1999 248 2039 303 l.
2082 282 2147 291 —
2188 248 2460 304 H/EBES.
2505 247 2640 304 l-lV.

3204 246 3309 307 186

356 349 497 401 ἄλλοι
525 348 583 403 δὲ
627 350 720 404 ἐπὶ
750 351 817 405 τὰ
846 354 1032 425 πρόσω
1062 356 1160 427 τῆς
1183 358 1446 428 ἀνατολῆς
1469 378 1622 431 κεχω

1768 364 1953 418 Ilorum
1983 366 2184 435 linguis
2223 365 2566 435 septuaginta
2609 364 2748 418 duas
2778 379 2843 418 ex
2884 378 2989 417 una
3026 360 3174 429 fecit,
3208 382 3308 437 pro

354 440 554 508 Ἐτεροι
601 442 657 495 δὲ
703 443 800 515 τὴν
845 445 1051 517 Λιϐύην
1093 450 1502 520 κατειλήφασιν,
1551 452 1626 517 ὡς

350 532 546 586 τούτων
574 535 672 606 τὴν
700 536 984 607 ἀκρίϐειαν
1006 538 1059 591 εί
1084 556 1168 603 τις
1192 541 1363 595 ἐθέλοι
1393 544 1627 597 καταλα-

348 626 457 691 ᾴροι
487 622 532 674 δ’
580 622 644 675 ἂν
688 623 916 679 ἕκαστον
946 626 1053 680 τῶν
1089 633 1625 702 προσκεχωρηκότων

332 732 447 784 την
478 716 599 767 τινὰ
643 717 873 787 πατρίδα
913 720 1029 782 πῶς
1062 722 1244 792 εἴληχε
1274 722 1364 775 τὸν
1399 723 1621 795 κλῆρον.

342 804 476 873 ῖρὲμ
508 805 606 874 μὲν
634 805 931 876 διαδέχεται
951 810 1041 863 τὸν
1065 812 1161 882 τῆς
1189 812 1462 881 Αἰγύπτου
1496 815 1623 885 κλῆ-

348 896 397 947 δὲ
416 896 513 967 τὴν
527 897 756 951 Αἰθίοπα
782 900 843 931 "'
866 900 1099 966 Ψοῦςτὰ
1125 905 1489 976 ’Λξιωματικὰ
1510 908 1621 979 (15)

342 990 602 1059 εγμᾶκαί
635 990 806 1056 mea,
833 993 976 1047 καθά
1003 996 1113 1065 (16)
1147 999 1239 1050 καὶ
1274 998 1494 1071 Θωῡδὴν
1521 983 1613 1052 καὶ

332 1080 361 1129 ἂι
394 1078 527 1148 πρὸς
558 1083 621 1151 τῇ
654 1082 923 1153 Γαράμων
960 1084 1112 1158 χώρᾳ
1140 1088 1274 1157 (17).

1734 455 2014 509 hominum
2062 472 2323 518 numero,
2378 456 2468 526 qui
2510 455 2603 508 illo
2651 462 2893 524 tempore
2928 464 3173 524 repertus
3198 468 3303 515 est.

1733 544 1887 600 Unde
1932 554 1989 600 et
2022 545 2268 615 Meropes
2300 546 2349 615 7
2400 561 2428 597 a
2464 545 2615 598 vocis
2673 545 2940 599 divisione
2982 548 3305 616 nuncupati.

1732 632 1925 688 Turris
1960 635 2082 703 ipsa
2117 635 2351 703 denique
2380 642 2665 687 ventorum
2700 633 2901 703 impetu
2931 632 3182 702 disiecta.
3208 633 3307 689 Se-

1730 726 1969 779 cundum
2022 726 2135 780 hzec
2192 726 2268 779 illi
2302 741 2397 795 per
2438 726 2751 779 universum
2792 726 2979 779 orbem
3025 726 3213 780 dextra
3242 740 3307 781 ac

1730 820 1953 875 sinistra
1985 819 2236 889 dispersi,
2274 820 2364 873 alii
2398 835 2462 874 eo
2495 819 2704 874 rediere
2734 818 2878 873 unde
2901 818 3292 886 discesserant,

1728 909 1817 963 alii
1844 911 2056 979 longius
2092 910 2156 964 ad
2186 908 2465 965 Orientem
2499 911 2774 980 progressi
2798 919 2945 966 sunt.
2971 909 3028 964 In
3054 910 3297 965 Africam

1726 1002 1975 1055 nonnulli
2006 1010 2393 1071 pervenerunt.
2433 1001 2587 1069 Quod
2612 1002 2656 1057 si
2686 1002 2810 1072 quis
2839 1002 2942 1057 ista
2976 1002 3293 1071 diligentius

1728 1092 1985 1162 indagare
2016 1095 2277 1159 voluerit,
2327 1109 2435 1164 quo
2472 1095 2686 1149 illorum
2735 1096 2969 1165 quisque
3008 1095 3080 1150 sit
3110 1095 3295 1165 profe-

322 1190 455 1231 Imve
478 1177 669 1232 sortito
690 1194 753 1232 ex
785 1181 1040 1235 omnibus
1108 1185 1381 1254 regionem
1442 1188 1746 1256 occuparit,
1808 1191 1967 1245 facile
2029 1192 2417 1260 deprehendet.
2460 1190 2536 1246 Ita
2560 1191 2796 1245 Mistrem
2826 1191 2880 1243 in
2908 1189 3123 1259 {Egypti
3167 1206 3297 1260 pos-

320 1286 345 1321 ii
382 1271 617 1337 invadit,
662 1273 809 1330 Chus
844 1275 1177 1348 Ethiopiam
1212 1281 1445 1337 obtinet:
1480 1280 1617 1338 Psus
1655 1283 2018 1339 Axuniiticum
2047 1294 2317 1341 tractum:
2356 1286 2619 1357 Rhegma,
2682 1285 3003 1350 Sabacatba,
3044 1283 3305 1337 l‘boudim

322 1368 650 1422 laramorum
681 1370 736 1423 in
765 1372 983 1441 regione
1019 1376 1410 1432 constiterunt.

306 1462 351 1510 αἱ
389 1460 478 1513 ἴνα
515 1461 591 1530 μὴ
624 1464 703 1525 είς
745 1463 880 1516 πολὺ
925 1464 1125 1529 πλάτος
1174 1468 1487 1538 ποιήσωμαι
1521 1467 1621 1537 τὴν

334 1550 583 1615 σύνταξιν
633 1550 726 1605 τοῦ
776 1554 1081 1625 προοιμίου,
1119 1556 1409 1627 ἐλεύσομαι
1462 1558 1622 1610 πάλιν

1798 1464 1887 1518 Vl.
1922 1464 2125 1519 Verum
2176 1481 2244 1520 ne
2278 1466 2483 1520 diulius
2516 1481 2679 1536 quam
2716 1481 2939 1520 necesse
2969 1467 3038 1521 sit
3062 1467 3115 1520 in
3142 1467 3305 1535 hujus

1727 1554 1907 1622 cperis
1954 1553 2269 1622 praefatione
2311 1569 2749 1617 commoremur,
2800 1564 3045 1607 nostrum
3090 1571 3192 1611 nos
3237 1558 3303 1610 ad

304 1641 673 1713 προκείμενον,
706 1646 801 1698 καὶ
838 1645 976 1698 κατὰ
1026 1647 1123 1717 τὴν
1178 1648 1424 1719 διαδοχὴν
1470 1646 1622 1712 αὖθις

1768 1644 2035 1697 istitutum
2081 1642 2416 1709 rehzremus,
2471 1653 2633 1714 atque
2684 1644 2989 1699 inchoatam
3031 1647 3303 1715 originum

294 1752 385 1799 ,χαι
410 1733 510 1804 τῆς
537 1734 875 1800 ἀκολουθίας.
913 1737 1130 1802 Μεταξὺ
1163 1738 1294 1806 γοῦν
1326 1739 1422 1793 τοῦ
1454 1741 1621 1810 Ἔϐερ

310 1823 472 1877 Ιναλὲκ
494 1826 588 1878 καὶ
622 1826 719 1895 τῆς
742 1828 1120 1898 πυργοποιίας,
1151 1830 1243 1881 καὶ
1274 1830 1371 1900 τῆς
1401 1828 1621 1900 πρώτης

288 1913 422 1981 ⁸ιετά
454 1914 545 1969 τὸν
570 1916 955 1987 κατακλυσμὸν
996 1918 1332 1990 κτισθείσης,
1368 1922 1458 1972 ὑπ’
1482 1920 1618 1991 αὐτῇ

300 2007 397 2076 αμῇ
431 2005 574 2077 ἀρχὴ
611 2006 797 2059 λοιπὸν
833 2008 1166 2078 συμϐουλίας
1196 2008 1493 2080 άθροισμοῦ
1526 2011 1621 2063 καὶ

278 2098 357 2157 ἷος
418 2095 629 2163 γίνεται
686 2095 936 2170 Νεϐρώθ.
1005 2098 1233 2168 Νεϐρὼθ
1303 2098 1410 2170 γὰρ
1468 2099 1621 2169 βασι-

278 2184 326 2255 δζ)
356 2186 470 2250 υίὸς
504 2186 597 2240 τοῦ
614 2187 755 2252 Χοῦς
770 2187 863 2241 τοῦ
897 2189 1171 2255 Αἰθίοπος,
1196 2191 1256 2256 ἐξ
1282 2184 1341 2245 οὗ
1390 2193 1619 2265 Ἀσσοὺρ

278 2297 385 2337 ται.
413 2280 617 2333 Τούτου
656 2283 690 2353 ἠ
716 2282 962 2353 βασιλεία
998 2286 1055 2338 ὲν
1094 2287 1251 2357 Ὀρὲχ
1281 2288 1390 2358 (19)
1431 2288 1620 2357 γεγέν-

258 2370 352 2422 ut
372 2370 431 2424 ὲν
465 2371 671 2443 ’Δρφάλ
700 2373 795 2426 καὶ
818 2375 1085 2446 Χαλάννη.
1116 2378 1302 2442 Κτίζει
1325 2379 1381 2431 δὲ
1406 2381 1499 2432 καὶ
1521 2380 1619 2451 τὴν

266 2460 394 2532 (9.0),
425 2462 520 2515 καὶ
543 2464 644 2534 τὴν
668 2463 854 2527 Θόϐελ,
895 2468 987 2520 καὶ
1020 2468 1190 2522 Λόϐον
1229 2471 1287 2523 ὲν
1321 2474 1384 2541 τῇ
1422 2472 1617 2524 Ἀσσυ-

264 2552 379 2622 ᾦρᾳ.
408 2552 611 2607 Τοῦτόν
641 2572 772 2624 φασι
817 2557 1007 2621 παῖδες
1047 2558 1313 2629 Ἑλλήνων
1352 2555 1489 2614 εἶναι
1526 2560 1619 2614 τὸν

246 2661 427 2715 ςτρην,
459 2646 540 2710 ὃς,
573 2647 760 2719 πρόσω
799 2650 1055 2721 χωρήσας
1098 2652 1190 2705 ἐπὶ
1223 2651 1291 2705 τὰ
1325 2652 1617 2707 ἀνατολικὰ

236 2736 478 2807 οἰκιστὴς
509 2738 716 2807 γίνεται
753 2740 1033 2814 Βάκτρων.
1080 2742 1357 2796 Ἐντεῦθεν
1386 2743 1454 2797 τὰ
1476 2744 1617 2799 κατὰ

240 2844 265 2873 ν
290 2828 582 2899 παράνομα
606 2829 1004 2902 διανενέμηται.
1049 2833 1379 2906 Ἐιρευρέτης
1400 2834 1508 2906 γὰρ
1535 2828 1617 2887 οὗ·

242 2917 461 2991 ·,’ένηται
503 2922 681 2992 κακῆς
718 2923 939 2994 διδαχῆς
983 2924 1339 2995 ἀστρολογίας
1372 2927 1465 2978 καὶ
1507 2944 1613 2997 μα-

1724 1736 2128 1789 successionem
2164 1734 2344 1789 denuo
2398 1744 2764 1806 pertexemus.
2811 1735 2982 1806 Igitur
3022 1737 3163 1790 inter
3198 1736 3305 1792 He-

1723 1827 1869 1882 beris
1902 1843 1964 1881 ac
2019 1828 2241 1882 Phaleci
2273 1838 2540 1897 tempora,
2575 1845 2698 1881 cum
2731 1837 2785 1882 et
2816 1828 3081 1882 mdiﬁcata
3112 1830 3302 1893 turris,

1723 1929 1774 1971 et
1802 1920 1977 1988 prima
2028 1920 2273 1972 omnium
2319 1918 2454 1972 urbs
2509 1928 2634 1987 post
2666 1918 2931 1971 diluvium
2981 1927 3126 1972 esset
3156 1919 3306 1973 exci-

1722 2016 1871 2073 tata,
1908 2010 1961 2062 in
1998 2010 2117 2078 ipsa
2162 2010 2345 2077 operis
2390 2009 2767 2062 exstructione
2804 2010 2976 2077 prima
3024 2008 3301 2062 hominum

1720 2101 1888 2156 coitio
1923 2117 1987 2155 ac
2018 2102 2339 2172 tyrannicus
2387 2101 2705 2154 dominatus
2737 2109 2965 2153 auctore
3004 2099 3303 2155 Nembrotli

1721 2193 2053 2246 constitutus
2086 2198 2190 2246 est.
2218 2189 2438 2243 Primus
2471 2190 2573 2244 iste
2598 2205 2824 2260 regnum
2849 2190 3106 2251 obtinuit,
3134 2188 3303 2242 Chusi

1721 2284 1997 2353 IEthiopis
2030 2281 2198 2345 ﬁlius,
2246 2297 2311 2335 ex
2344 2296 2454 2350 quo
2484 2288 2647 2335 natus
2679 2282 2855 2335 Assur
2886 2299 2898 2333 :
2944 2280 3036 2350 qui
3082 2279 3297 2344 Urechi,

1719 2374 1988 2443 Arphale,
2041 2380 2095 2427 et
2142 2370 2427 2425 Chalanne
2477 2386 2704 2440 regnum
2744 2371 3009 2424 exercuit.
3062 2369 3204 2435 Quin
3248 2377 3303 2425 et

1719 2463 1919 2519 Thiras
1950 2464 2140 2518 urbem
2168 2462 2434 2524 condidit,
2464 2470 2517 2516 et
2546 2460 2843 2515 Thobelem
2866 2501 2881 2525 ,
2924 2469 2975 2515 et
3004 2460 3213 2515 Lobum
3244 2460 3298 2514 in

1718 2554 1965 2625 Assyria.
1994 2552 2167 2607 Graeci
2206 2552 2548 2606 Zoroastrem
2594 2551 2737 2605 hunc
2767 2550 2939 2606 fuisse
2974 2560 3298 2617 memorant;

1717 2651 1811 2719 qui
1859 2645 2101 2702 Orientis
2148 2645 2407 2700 interiora
2438 2650 2733 2716 penetrans
2778 2641 3097 2696 Bactrornm
3146 2644 3302 2710 oppi-

1717 2741 1848 2795 dum
1881 2739 2078 2795 erexit.
2115 2736 2356 2807 lndeque
2381 2738 2586 2800 omnia,
2620 2750 2741 2805 qum
2772 2736 2826 2788 in
2853 2735 3039 2788 orbem
3086 2737 3301 2787 invecta

1718 2840 1847 2887 sunt
1876 2831 2084 2885 scelera
2106 2870 2121 2894 ,
2149 2838 2445 2898 propagata
2487 2827 2765 2881 dicuntur.
2826 2824 3103 2895 Siquidem
3147 2826 3302 2879 malm

1718 2928 1885 2984 artes,
1919 2919 2212 2989 astrologia
2244 2918 2493 2972 videlicet
2519 2932 2582 2970 ac
2611 2917 2810 2987 magia,
2831 2924 3055 2969 auctore
3085 2916 3179 2969 illo
3209 2931 3296 2970 re.

250 3008 325 3075 ὦς
358 3011 501 3075 τινές
535 3030 666 3082 φασι
712 3015 837 3085 περὶ
879 3014 1069 3068 τούτου
1113 3016 1206 3069 τοῦ
1242 3018 1615 3090 Ζωροάστρου.

1768 3019 1887 3065 erue
1913 3019 2061 3077 sunt;
2091 3011 2142 3065 id
2166 3010 2310 3079 quod
2331 3009 2610 3064 Zoroastri
2634 3024 2665 3061 a
2693 3009 2974 3063 nonnullis
2998 3009 3257 3063 tribuitur
3277 3050 3293 3075 ,

214 3104 286 3163 ως
308 3102 342 3172 ἡ
374 3100 628 3173 ἀκρίϐεια
651 3104 914 3175 περιέχει,
943 3103 1037 3156 τοῦ
1062 3105 1287 3175 Νεϐρὼο
1312 3104 1407 3158 τοῦ
1430 3106 1617 3174 γίγαν-

218 3210 317 3256 ato;
336 3188 405 3263 ἦν
431 3193 460 3245 ὁ
493 3194 705 3265 χρόνος.
732 3196 803 3248 Οὐ
836 3195 968 3249 πολὺ
990 3194 1046 3248 δὲ
1072 3194 1315 3266 ἀλλήλων
1342 3195 1419 3266 τῷ
1443 3196 1618 3267 χρόνῳ

208 3288 389 3353 ’,κάσιν
421 3284 534 3356 (21)
574 3286 758 3357 ἄμφω,
804 3288 832 3339 ὃ
864 3305 922 3340 τε
956 3286 1182 3359 Νεϐρὼο
1218 3288 1309 3341 καὶ
1334 3288 1364 3340 ὁ
1405 3288 1620 3358 Ζωροά-

196 3442 292 3508 Γρ.
326 3440 635 3495 Αἰθιοπίαν.

200 3598 230 3671 ι)
266 3596 435 3665 Ψοῦς
472 3598 546 3671 τὰ
584 3598 984 3671 Ἀξιωματικὰ.
1009 3599 1267 3656 Mendose
1308 3616 1408 3671 pro
1444 3598 1628 3665 Ἀξου-

178 3668 237 3720 μιά
259 3708 275 3733 ,
312 3676 489 3723 ut.est
522 3670 577 3722 in
610 3668 992 3726 Setbiauorum
1023 3672 1217 3726 bwresi
1244 3691 1257 3725 :
1294 3668 1393 3725 nec
1442 3673 1625 3726 minus

174 3737 445 3793 eidandum
490 3739 640 3803 Ψούς
668 3754 774 3809 pro
819 3757 927 3810 quo
972 3740 1109 3794 Φούθ
1148 3743 1453 3813 legendum.
1497 3742 1626 3796 Sive

176 3837 218 3879 st
245 3827 313 3881 IV
347 3825 482 3897 Reg.
507 3844 598 3891 xv,
638 3829 725 3895 i9,
754 3813 849 3891 51D
893 3830 1051 3884 Φούλ.
1083 3830 1156 3885 De
1188 3832 1455 3886 Axumitis
1485 3832 1623 3887 alius

195 3897 407 3950 dicendi
442 3899 619 3953 locus.

158 3966 230 4035 ιϐ)
274 3966 515 4037 Ῥεγμᾶ,
551 3969 648 4023 καί
679 3969 859 4035 Σαϐἆ,
899 3970 1070 4025 καθά.
1105 3970 1260 4025 Corr.
1293 3970 1617 4025 Σαϐαθακά·

174 4040 308 4091 inter
326 4040 471 4093 lilios
489 4039 638 4092 Chus
662 4051 1002 4095 receuSetur.
1032 4040 1135 4093 Pro
1173 4041 1377 4102 Ἐλούδ,
1398 4042 1629 4097 fortasse

152 4107 211 4161 ιδ.
249 4106 465 4179 Quippe
486 4110 742 4181 Λουδιείμ
770 4111 914 4166 inter
948 4112 1089 4166 ﬁlios
1122 4110 1397 4166 Mestraim
1438 4127 1631 4166 nume-

156 4188 255 4231 LIII'.

155 4247 339 4323 l7)_Td
372 4248 539 4323 ίτρὸς
580 4248 655 4323 τῇ
686 4250 1186 4323 Γαρᾴμωνίχὼρᾳ.
1222 4251 1302 4304 An
1347 4252 1627 4323 Ἀράϐων,

156 4318 331 4393 potius
370 4319 783 4393 Γαραμάντωνῖ
809 4318 942 4393 Nam
986 4318 1100 4376 liiec
1145 4323 1323 4376 vicina
1375 4318 1503 4375 sunt
1532 4338 1629 4375 no-
1660 4339 1705 4393 ι)

137 4402 216 4462 ua.
265 4388 379 4462 [list
416 4388 862 4462 quidiegamam
913 4390 1217 4462 Ptolemaei,
1266 4408 1386 4462 quae
1438 4402 1521 4446 est
1573 4395 1625 4447 in

132 4458 240 4511 abia
269 4457 454 4514 Felice
483 4458 549 4512 ad
569 4457 768 4529 Regina
805 4463 1101 4517 transferat
1137 4482 1149 4517 :
1193 4461 1262 4517 de
1282 4457 1397 4533 'qua
1428 4462 1624 4520 Ezecb.

130 4565 217 4623 in,
241 4550 314 4604 ἥ
348 4567 363 4603 :
397 4561 599 4623 mihi
624 4560 754 4610 nam
793 4534 918 4610 v‘m

126 4619 169 4687 (ί
183 4621 234 4694 8)
271 4621 511 4694 Νεϐρὼθ
542 4621 651 4690 γὰρ
670 4624 1030 4694 βασιλεύειχ
1042 4622 1211 4689 Quem
1246 4624 1486 4694 plerique
1510 4640 1627 4677 om-

104 4706 152 4747 ητε
171 4692 494 4763 chronplogi
513 4731 528 4754 ,
556 4695 667 4746 imo
689 4701 742 4746 et
767 4695 977 4763 antiqui
1003 4692 1216 4763 Patres,
1244 4692 1426 4749 Belum
1460 4697 1629 4749 fuisse

100 4769 297 4825 ensent,
330 4762 629 4832 Babylonis
651 4762 1011 4818 conditorem.
1050 4762 1225 4832 Hujus
1257 4766 1422 4818 lilium
1454 4766 1627 4820 Assur

98 4832 389 4905 .piphanius
424 4830 603 4905 facit:
634 4848 796 4905 quem
828 4835 1047 4905 quidem
1093 4830 1292 4888 Ninum
1328 4838 1494 4890 {uisse
1532 4851 1628 4905 pur

98 4906 158 4964 st,
197 4903 242 4957 si
282 4902 588 4958 Nembroth
629 4904 771 4957 idem
812 4902 934 4958 cum
965 4902 1095 4960 Belo
1126 4905 1308 4958 fuerit.
1348 4906 1409 4958 lit
1436 4902 1625 4960 eadem

90 4972 342 5043 ltrobique
387 4973 895 5046 col|_igendi_ratio;
939 4990 1063 5029 nam
1098 4974 1258 5029 Belus
1302 4975 1625 5046 Babylonem

86 5042 345 5115 tutruiit,
378 5042 634 5101 etNihus
663 5042 934 5099 Ninivem.
958 5046 1119 5112 Atqui
1150 5047 1385 5115 priorem
1413 5042 1442 5098 Ξι
1468 5046 1626 5098 Nem-

88 5114 234 5187 θεοῦ),
268 5115 641 5187 posteriorem
690 5115 759 5169 ab
806 5116 985 5169 Assur
1018 5114 1293 5187 civitatem
1328 5118 1624 5187 conditam

78 5178 560 5254 onses'aﬂirmat.
594 5183 795 5240 Verum
827 5187 1000 5257 Assur
1041 5185 1177 5241 Gen.
1208 5202 1287 5257 7x,
1318 5186 1400 5251 Η,
1450 5186 1625 5257 gentis

74 5266 254 5326 nomen
304 5270 455 5320 esse,
504 5270 617 5310 non
672 5256 776 5310 viri
823 5256 1103 5326 proprium
1136 5256 1621 5321 existimantalii;

70 5324 252 5392 quibus
285 5327 526 5381 libenter
571 5324 1017 5396 subscripserim.
1050 5325 1156 5381 Sed
1204 5328 1316 5381 haec
1348 5328 1623 5380 annalium

68 5407 124 5469 ac
146 5396 633 5469 cbronologiarum
672 5397 897 5469 paginas
930 5398 1177 5469 implent,
1214 5413 1313 5452 nec
1340 5406 1468 5452 sunt
1497 5398 1623 5467 plu-

68 5463 205 5538 ribus
231 5469 333 5538 hoc
364 5463 486 5521 loco
511 5463 887 5538 disceptanda.
949 5537 954 5538 γ
1008 5463 1025 5469 ’
1163 5537 1168 5538 ί
1257 5536 1274 5538 ς
1482 5463 1505 5521 ἑ

124 5536 892 5611 (Ψλΐούτου-ᾐίβὰσιλεία
933 5537 1003 5592 ἐν
1045 5537 1231 5607 Ὀρέχ.
1254 5536 1358 5593 Pro
1400 5538 1621 5611 Ἀρφάλ,

71 5601 456 5678 ιχχῆΑρχάδ,
494 5601 703 5664 μέδηαι
739 5618 866 5668 ηις.

130 5677 238 5755 (20)
270 5677 463 5748 Κτίζει
486 5678 555 5737 δὲ
584 5678 685 5737 καὶ
719 5678 835 5755 τὴν
867 5678 1093 5753 Θειράς.
1126 5677 1321 5741 Nescio
1348 5679 1491 5743 unde
1518 5680 1601 5739 ha:

1724 3118 1913 3158 revera
1968 3102 2033 3156 ad
2088 3102 2391 3157 Nembrotb
2460 3102 2721 3172 gigantis-
2753 3109 2996 3172 tempora
3033 3103 3304 3171 pertinere

1724 3194 2025 3265 putandum
2054 3203 2157 3249 est.
2187 3194 2510 3263 Quanquam
2541 3194 2682 3248 inter
2706 3199 2997 3263 utrumque
3022 3208 3130 3244 non
3155 3191 3299 3243 “NII-1

1726 3297 1838 3342 tum
1865 3288 2129 3356 temporis
2165 3286 2513 3355 interjectum
2544 3292 2648 3340 est.
2680 3283 2789 3339 Sed
2817 3286 2886 3340 iis
2915 3284 3135 3339 omissis
3161 3282 3303 3337 Pha-

1737 3599 2185 3669 expiseatusisit,
2218 3612 2339 3668 quae
2369 3597 2421 3651 in
2466 3597 2739 3669 Geneseos
2779 3614 2812 3650 x
2857 3597 2951 3651 illo
2977 3599 3153 3667 capite
3194 3614 3304 3655 non

1734 3668 2013 3740 leguntur.
2053 3668 2151 3722 Ubi
2190 3669 2294 3740 hoc
2327 3668 2912 3740 duntaxatihabetur:
2967 3668 3301 3739 Principium

1732 3737 1895 3811 regni
1920 3738 2219 3811 Nenihrotb
2248 3739 2433 3811 tuisse
2469 3737 2818 3811 Babylonem,
2856 3737 3167 3811 xat__'Opéz,
3210 3741 3305 3799 καὶ

1746 3806 1963 3880 ’Δρχὰδ,
1996 3810 2092 3861 καὶ
2113 3809 2361 3880 Χαλάννη
2389 3809 2442 3880 in
2467 3806 2611 3880 terra
2648 3806 2911 3880 Sennaar.
2945 3806 3303 3880 UndeAssur

1730 3877 1987 3947 egreSSus
2032 3877 2358 3948 ᾠκοδόμησε
2394 3877 2493 3949 τὴν
2534 3878 2749 3949 Νινευῒ,
2786 3879 2879 3931 καὶ
2918 3879 3016 3949 τὴν
3052 3879 3301 3933 Ῥοωϐὼθ

1733 3950 1906 4013 πόλιν,
1935 3950 2029 4002 καὶ
2052 3949 2151 4018 τὴν
2170 3948 2378 4001 Χαλάκ.
2412 3947 2517 4001 Pro
2560 3948 2805 4001 Ῥοωϐὼθ
2832 3947 3008 4014 πόλιν,
3042 3949 3305 4005 Hebraice

1731 4021 1997 4088 scriptum
2054 4029 2137 4072 est
2182 4027 2284 4090 ξπητ
2317 4028 2504 4081 nam,
2553 4019 2697 4087 quod
2732 4018 3091 4090 Hieronymus
3119 4021 3301 4083 vertit,

1731 4091 1938 4159 plateas
1986 4088 2241 4153 civitatis,
2290 4097 2344 4142 et
2386 4103 2483 4157 pro
2518 4091 2844 4158 appellativo
2898 4088 3106 4154 habuit,
3155 4092 3301 4157 quod

1731 4160 1905 4214 Grarci
1957 4160 2236 4228 proprium
2295 4160 2557 4213 fecerant.
2606 4160 2860 4228 lntelligit
2918 4169 3097 4214 autem
3148 4162 3303 4215 urbis

1730 4229 1953 4285 Ninives
1995 4232 2223 4299 plateas,
2271 4244 2409 4299 quas
2454 4228 2627 4300 Ninus
2673 4232 3023 4283 exstruxerit.
3066 4229 3141 4283 De
3177 4230 3302 4300 Epi-

1734 4300 2101 4381 phanio‘quid
2138 4299 2522 4381 dicari‘iiualiud
2539 4300 2965 4381 occurrit_nilii|,
3003 4301 3107 4354 nisi
3140 4299 3302 4381 voces

1734 4369 1890 4433 istas,
1921 4369 2130 4441 θειράς
2157 4379 2211 4423 et
2251 4369 2686 4441 Θόϐελέιιὶθιιυιιι
2713 4370 2765 4423 in
2794 4372 2970 4441 locum
3005 4372 3301 4427 translatas

1732 4456 1878 4497 esse.
1911 4439 2043 4494 Nam
2090 4439 2288 4495 Thiras
2326 4450 2381 4494 et
2422 4439 2631 4493 Thubal
2672 4441 2812 4494 inter
2835 4439 3085 4508 Japhethi
3116 4450 3301 4507 poste-

1732 4526 1825 4567 ros
1852 4519 2211 4565 numerantur
2240 4525 2379 4563 com.
2404 4511 2459 4574 2,
2497 4510 2718 4573 T/mbal,
2750 4523 2797 4564 et
2828 4510 3066 4573 Mosoch,
3099 4520 3148 4563 et
3174 4510 3300 4563 Thi-

1732 4598 1842 4635 ras.
1876 4580 2151 4635 Fortassis
2194 4582 2340 4634 enim
2374 4595 2497 4633 cum
2541 4579 2767 4648 Regina,
2825 4580 3153 4641 Sabataeha.
3196 4595 3300 4634 caa-

1733 4652 1997 4722 tcrisque,
2034 4652 2297 4722 quosdam
2353 4652 2510 4722 alios
2540 4651 2811 4722 recensuit
2844 4650 3198 4722 Epiphanius,
3242 4658 3299 4705 et

1732 4720 2042 4776 inter—illos
2088 4720 2299 4773 Thubal
2353 4730 2406 4773 et
2452 4720 2667 4773 Thiras.
2700 4721 2813 4774 Nisi
2851 4721 3298 4788 baecconjectura

1730 4793 1961 4860 placeat,
1997 4807 2093 4861 pro
2119 4791 2315 4861 Θειράς
2358 4800 2413 4844 et
2442 4790 2630 4851 Θόϐελ,
2666 4806 2729 4843 ac
2751 4791 2939 4853 Λόϐος,
2966 4792 3183 4859 propria
3206 4806 3298 4843 ur-

1729 4862 1879 4915 bium
1908 4863 2122 4915 illarum
2151 4862 2372 4915 nomina
2392 4862 2771 4916 substituenda
2796 4871 2942 4921 sunt,
2966 4878 3104 4930 quas
3122 4861 3299 4913 Assur

1728 4932 2037 4986 aediﬁcavit.
2067 4931 2224 4985 Certe
2246 4932 2298 4983 in
2327 4931 2495 5001 ᾼόϐος
2519 4932 2804 5000 vestigium
2834 4933 3106 5001 quoddam
3138 4945 3298 4999 appa-

1730 5010 1815 5057 ret
1846 5002 2094 5056 vocabuli
2136 5000 2404 5061 Ῥοωϐὼθ,
2446 5011 2499 5053 et
2530 5002 2582 5054 in
2614 5001 2808 5055 'l‘hiras
2836 5000 2985 5055 vocis
3021 5009 3142 5063 -πνιτ,
3176 5016 3297 5069 qua:

1730 5072 2007 5144 civitatein
2060 5074 2351 5144 signiﬁcat.
2408 5069 2563 5127 Unde
2610 5072 2684 5125 ita
2728 5071 3016 5144 depravari
3055 5086 3159 5127 vox
3190 5073 3295 5124 ista

1728 5144 1903 5211 potuit
1942 5141 2303 5211 Ῥοωϐωθίρα.

1799 5257 1910 5327 (21)
1940 5259 2023 5327 Οὐ
2062 5256 2220 5311 πολὺ
2268 5254 2337 5309 δὲ
2379 5255 2668 5325 ἀλλήλων
2704 5258 2783 5322 τῷ
2824 5257 3023 5327 χρόνῳ
3055 5252 3294 5321 διεστή-

1731 5325 1933 5382 κασιν.
1970 5326 2379 5397 Bactrianorum
2415 5343 2508 5380 rex
2546 5330 2653 5390 ille,
2700 5325 3137 5397 quocumNnus
3159 5341 3295 5397 con-

1732 5399 1889 5459 ﬂixit,
1920 5397 2186 5468 Oxyartes
2218 5413 2247 5449 a
2271 5395 2525 5468 iDiodoro
2568 5395 2827 5468 vocatur;
2860 5413 2889 5449 a
2920 5396 3156 5468 Justino,
3185 5396 3292 5468 Ατ-

1730 5469 1895 5523 nobio
1913 5484 1975 5521 ac
1994 5465 2226 5531 creteris,
2247 5467 2775 5534 Zoroastres.Neque
2795 5469 3040 5521 dissentit
3061 5465 3290 5525 Plinius,

1733 5550 1793 5593 ut
1823 5538 2098 5607 Scaligero
2133 5540 2361 5593 videtur.
2389 5537 2573 5607 Neque
2600 5540 2741 5592 enim
2766 5538 2980 5591 dubitat
3011 5538 3119 5596 ille,
3148 5538 3292 5607 sitne

1732 5609 1919 5680 Magus
1948 5606 2086 5663 idem
2108 5624 2230 5663 cum
2246 5626 2369 5679 rege
2381 5606 2666 5663 Bactriano
2695 5628 2707 5662 :
2730 5609 2820 5663 sed
2842 5616 3018 5659 utrum
3037 5622 3176 5659 unus
3201 5606 3289 5658 hic

1723 5679 1920 5750 fuerit;
1956 5694 2025 5741 an
2058 5688 2111 5736 ct
2159 5681 2297 5735 alius
2334 5688 2561 5757 postea:
2617 5682 2759 5757 quod
2808 5679 3058 5741 Saiianus
3098 5685 3286 5733 noster
