3754 6182
82 240 165 296 135

750 240 1120 298 ADVERSUS
1153 243 1495 302 HERESES
1530 249 1657 304 LIB.
1695 248 1735 306 Ι.
1778 249 1940 306 ΤΟΜ.
1984 250 2022 305 1,
2066 283 2131 292 ——
2173 248 2445 305 ll/ERES.
2489 247 2624 303 I-lV.

3188 243 3293 303 186

76 361 292 429 εήκασιν,
334 356 483 411 ἄλλοι
510 356 568 411 δὲ
612 357 705 411 ἐπὶ
734 358 801 412 τὰ
831 360 1017 432 πρόσω
1046 362 1144 432 τῆς
1167 363 1430 432 ἀνατολῆς
1454 382 1618 435 κεχωο

1771 366 1939 421 lorum
1966 367 2168 437 linguis
2208 365 2551 435 septuaginta
2594 363 2733 417 duas
2763 377 2828 417 ex
2869 376 2974 416 una
3011 356 3159 425 fecit,
3193 379 3292 434 pro

74 451 289 524 ρηκότες.
324 448 540 517 Ἕτεροι
587 450 643 503 δὲ
688 450 785 522 τὴν
830 451 1036 523 Λιϐύην
1078 455 1487 525 κατειλήφασιν,
1536 456 1611 520 ὡς

75 545 148 597 καὶ
176 542 290 614 περ).
326 540 533 594 τούτων
560 543 658 614 τὴν
686 543 970 613 ἀκρίϐειαν
992 544 1045 597 εἴ
1070 562 1153 609 τις
1178 546 1349 599 ἐθέλοι
1379 548 1612 601 καταλα-

74 631 248 693 ϐέσθαι,
293 629 444 701 εὖροι
474 630 519 683 δ’
567 630 631 683 ἂν
674 630 903 685 ἕκαστον
932 633 1040 686 τῶν
1075 637 1611 706 προσκεχωρηκότων

72 722 170 777 καθ’
204 722 434 793 ἑκάστην
464 724 587 775 τινὰ
630 723 860 795 πατρίδα
900 725 1017 788 πῶς
1049 727 1231 798 εἴληχε
1260 727 1351 780 τὸν
1385 728 1607 799 κλῆρον.

1719 458 1999 512 hominum
2046 472 2308 519 numero,
2364 456 2454 526 qui
2495 454 2589 508 illo
2636 461 2878 523 tempore
2912 461 3158 522 repertus
3182 465 3288 511 est.

1718 546 1872 602 Unde
1917 556 1973 602 et
2006 547 2253 617 Meropes
2285 547 2334 616 7
2385 562 2414 597 a
2450 545 2601 598 vocis
2658 543 2925 598 divisione
2967 545 3290 613 nuncupati.

1718 634 1911 691 Turris
1944 637 2067 705 ipsa
2103 636 2337 704 denique
2365 642 2651 687 ventorum
2686 632 2887 701 impetu
2917 630 3168 700 disiecta.
3194 629 3293 686 Se-

1717 729 1955 781 cundum
2008 728 2121 781 hazc
2178 727 2253 780 illi
2288 742 2383 795 per
2425 726 2738 778 universum
2779 724 2966 777 orbem
3011 724 3199 777 dextra
3228 736 3293 777 ac

80 814 191 877 Ὠςὸ
216 811 463 883 Μιστρὲμ
495 813 594 882 μὲν
621 812 919 883 διαδέχεται
938 816 1029 869 τὸν
1051 817 1148 888 τῆς
1175 818 1449 886 Αἰγύπτου
1482 819 1609 889 κλῆ-

70 922 162 979 ρον,
181 904 314 968 Χοῦς
332 903 499 975 δὲτὴν
514 905 743 958 Αἰθίοπα
769 907 830 938 η·
853 906 1004 972 Ψοῦς
1018 910 1085 963 τὰ
1112 910 1476 981 Ἀξιωματικὰ
1496 911 1607 993 (15)

1716 822 1939 877 sinistra
1970 820 2223 891 dispersi,
2261 820 2351 873 alii
2385 835 2449 873 eo
2482 818 2690 873 rediere
2721 816 2865 871 unde
2887 816 3278 883 discesserant,

1714 912 1804 966 alii
1832 913 2043 981 longius
2079 911 2143 966 ad
2172 910 2453 966 Orientem
2485 909 2761 980 progressi
2785 917 2932 965 sunt.
2958 907 3015 961 In
3041 907 3283 962 Africam

71 998 218 1069 μέρη·
262 996 591 1068 Ῥεγμᾶκαὶ
624 997 793 1063 Σαϐᾶ,
821 1000 964 1053 καθά
990 1001 1100 1072 (16)
1134 1004 1226 1055 καὶ
1260 1002 1482 1075 Θωῡδὴν
1508 1004 1601 1056 καὶ

1771 1004 1963 1058 )ηηυ11ἱ
1994 1011 2380 1073 pervenerunt.
2421 1001 2575 1069 Quod
2600 1002 2644 1057 si
2673 1000 2797 1071 quis
2826 1000 2930 1056 ista
2964 1000 3279 1070 diligentius

77 1087 251 1152 Ἐλοὺδ,
280 1085 350 1139 τὰ
380 1086 515 1157 πρὸς
546 1091 610 1160 τῇ
642 1089 911 1160 Γαράμων
948 1090 1100 1163 χώρᾳ
1128 1093 1262 1163 (17).

1775 1096 1973 1165 dagare
2004 1096 2265 1161 voluerit,
2315 1110 2422 1166 quo
2460 1095 2674 1149 illorum
2723 1094 2957 1163 quisque
2996 1093 3068 1148 sit
3098 1091 3283 1162 profe-

70 1192 187 1246 ctus,
208 1188 443 1254 “quamve
467 1186 657 1240 sortito
679 1201 742 1240 ex
773 1188 1028 1242 omnibus
1096 1190 1369 1260 regionem
1430 1191 1734 1260 occuparit,
1797 1194 1955 1247 lacile
2017 1193 2405 1262 deprehendet.
2448 1190 2524 1245 Ita
2548 1190 2785 1245 Mistrem
2814 1189 2867 1243 in
2896 1188 3111 1256 ngypti
3155 1203 3285 1257 pos-

68 1279 336 1335 sessionem
370 1279 607 1345 invadit,
652 1280 798 1336 Chus
832 1281 1165 1354 Ethiopiam
1201 1286 1434 1341 obtinet:
1468 1284 1605 1342 Psus
1644 1287 2007 1342 Axumiticum
2035 1296 2305 1343 tractum:
2345 1286 2607 1357 Rhegma,
2670 1284 2991 1348 Sabacatha,
3031 1280 3293 1334 l‘houdim

67 1384 109 1431 et
132 1374 250 1429 Elud
280 1373 639 1429 Garamorum
670 1376 725 1430 in
754 1378 972 1447 regione
1008 1381 1399 1436 constiterunt.
3156 1384 3163 1391 ’

123 1472 202 1537 ς’.
233 1468 341 1521 Καὶ
380 1469 468 1522 ἵνα
505 1469 580 1538 μὴ
614 1471 693 1532 είς
735 1470 869 1523 πολὺ
914 1470 1114 1534 πλάτος
1163 1474 1477 1543 ποιήσωμαι
1510 1471 1610 1541 τὴν

1786 1466 1876 1521 Vl.
1912 1466 2114 1521 Verum
2166 1483 2234 1522 ne
2267 1467 2473 1521 diutius
2505 1480 2668 1536 quam
2705 1479 2928 1518 necesse
2958 1464 3027 1518 sit
3051 1465 3104 1517 in
3131 1463 3294 1533 hujus

70 1560 268 1615 ἐνταῦθα
322 1558 573 1623 σύνταξιν
624 1558 716 1613 τοῦ
766 1560 1072 1631 προοιμίου,
1109 1561 1399 1632 ἐλεύσομαι
1452 1561 1612 1614 πάλιν

1771 1557 1897 1611 )eris
1943 1554 2258 1625 praefatione
2301 1569 2739 1615 commoremur,
2790 1562 3034 1606 nostrum
3078 1568 3181 1608 nos
3226 1554 3293 1607 ad

69 1655 148 1705 ἐπὶ
182 1650 236 1705 τὸ
281 1649 663 1721 προκείμενον,
696 1653 791 1705 καὶ
828 1651 966 1705 κατὰ
1016 1652 1114 1723 τὴν
1168 1653 1414 1723 διαδοχὴν
1460 1650 1613 1716 αὖθις

1777 1648 2026 1700 stitutum
2071 1643 2405 1710 referemus,
2461 1652 2624 1714 atque
2673 1642 2979 1697 inchoatam
3020 1640 3293 1713 Originum

69 1743 377 1813 ἐπιλήψομαι
402 1742 501 1812 τῆς
529 1741 866 1807 ἀκολουθίας.
903 1743 1121 1808 Μεταξὺ
1154 1743 1285 1812 γοῦν
1317 1744 1412 1797 τοῦ
1444 1745 1612 1814 Ἔϐερ

70 1835 147 1887 καί
170 1833 256 1886 τοῦ
283 1832 464 1886 Φαλὲκ
486 1834 579 1887 καὶ
613 1834 709 1903 τῆς
733 1833 1112 1905 πυργοποιίας,
1142 1835 1234 1887 κα)⁵
1265 1835 1362 1905 τῆς
1392 1832 1612 1904 πρώτης

64 1924 244 1986 πόλεως
274 1922 415 1994 μετὰ
446 1923 537 1977 τὸν
563 1923 946 1994 κατακλυσμὸν
988 1924 1324 1995 κτισθείσης,
1359 1926 1449 1977 ὑπ’
1474 1924 1610 1995 αὐτῇ

64 2016 115 2085 τῇ
143 2014 390 2085 οίκοδομῇ
424 2014 566 2085 ἁρχὴ
603 2013 789 2067 λοιπὸν
826 2014 1158 2085 συμϐουλίας
1188 2013 1486 2085 ἁθροισμοῢ
1517 2015 1613 2067 καὶ

64 2103 349 2173 τυραννίδος
411 2103 621 2172 γίνεται
678 2103 929 2177 Νεϐρώθ.
996 2104 1225 2175 Νεϐρὼθ
1295 2104 1402 2176 γὰρ
1461 2104 1613 2175 βασι-

62 2194 183 2247 λεύει
209 2193 317 2266 (18)
349 2194 465 2258 υίὸς
499 2194 591 2248 τοῦ
607 2194 748 2260 Χοῦς
762 2194 856 2249 τοῦ
890 2196 1163 2261 Αἰθίοπος,
1189 2198 1248 2262 ἐξ
1274 2189 1334 2251 οὗ
1382 2198 1611 2269 Ἀσσοὺρ

61 2290 380 2360 γεγέννηται.
408 2288 610 2343 Τούτου
650 2290 956 2361 ἠβασιλεία
992 2293 1049 2344 ὲν
1086 2293 1244 2363 Ὀρὲχ
1274 2293 1383 2363 (l9)
1424 2293 1613 2362 γεγέν-

63 2396 217 2447 νηται,
247 2379 344 2432 κα)¹
366 2380 426 2432 ὲν
459 2379 666 2451 ’Δρφὰλ
694 2381 789 2433 καὶ
811 2382 1079 2452 Χαλάννη.
1109 2384 1295 2448 Κτίζει
1318 2384 1374 2437 δὲ
1400 2385 1492 2437 καὶ
1514 2384 1612 2455 τὴν

60 2470 233 2541 Θειρὰς
254 2469 389 2541 (ΞΟ),
420 2470 515 2524 καὶ
538 2472 638 2542 τὴν
662 2470 848 2535 Θόϐελ,
890 2474 981 2526 καὶ
1014 2474 1184 2528 Λόϐον
1223 2477 1280 2528 ὲν
1314 2478 1378 2547 τῇ
1416 2476 1611 2528 Ἀσσυ-

63 2561 175 2631 ρίων
204 2559 375 2633 χώρα.
403 2561 605 2615 Τοῦτόν
636 2580 767 2631 φασι
811 2563 1001 2627 παῖδες
1042 2564 1307 2635 Ἐλλήνων
1347 2560 1483 2618 εἶναι
1520 2564 1612 2619 τὸν

62 2654 423 2724 Ζωροάστρην,
454 2654 536 2719 ὃς,
568 2655 754 2726 πρόσω
794 2656 1051 2727 χωρήσας
1093 2658 1185 2710 ἐπὶ
1217 2655 1286 2709 τὰ
1320 2656 1612 2711 ἀνατολικά

64 2744 205 2814 μέρη,
226 2745 473 2817 οἰκιστὴς
504 2746 711 2815 γίνεται
748 2747 1029 2820 Βάκτρων.
1075 2748 1352 2801 Ἐντεῦθεν
1380 2747 1449 2801 τὰ
1471 2748 1612 2803 κατὰ

60 2832 142 2903 τὴν
162 2834 258 2903 γῆν
283 2836 577 2908 παράνομα
601 2836 1000 2909 διανενέμηται.
1044 2838 1374 2910 Ἐφευρέτης
1396 2838 1504 2910 γὰρ
1531 2831 1612 2891 οὖ-

62 2942 137 2988 τος
169 2926 457 3000 γεγένηται
500 2929 677 3000 κακῆς
714 2929 936 3001 διδαχῆς
980 2929 1334 3000 ἀστρολογίας
1366 2931 1461 2982 καὶ
1503 2947 1609 3000 μα-

1715 1739 2118 1792 successionem
2155 1736 2335 1790 denuo
2388 1744 2755 1807 pertexemus.
2800 1734 2971 1804 Igitur
3012 1735 3153 1788 inter
3188 1732 3295 1788 He-

1714 1831 1860 1885 beris
1893 1846 1955 1884 ac
2010 1830 2231 1883 Phaleci
2264 1839 2531 1898 tempora,
2565 1843 2689 1881 cum
2722 1836 2774 1881 et
2807 1826 3071 1881 aediﬁcata
3102 1827 3292 1890 turris,

1715 1922 1967 1991 etprima
2020 1921 2264 1973 omnium
2310 1919 2445 1972 urbs
2499 1927 2625 1987 post
2656 1917 2921 1969 diluvium
2972 1924 3117 1970 esset
3148 1916 3297 1969 exci-

1714 2019 1863 2076 tata,
1900 2012 1954 2064 in
1990 2013 2108 2081 ipsa
2154 2011 2337 2078 operis
2382 2008 2758 2062 cxstructioue
2796 2008 2967 2076 prima
3014 2005 3292 2058 lmininum

1713 2104 1881 2159 coitio
1915 2119 1979 2157 ac
2010 2103 2330 2174 tyrannicus
2379 2101 2697 2155 dominatus
2729 2108 2957 2151 auctore
2995 2096 3295 2152 Nembroth

1713 2196 2045 2249 constitutus
2078 2200 2182 2247 est.
2209 2190 2430 2244 Primus
2464 2190 2565 2244 iste
2590 2204 2816 2258 regnum
2840 2188 3097 2249 obtinuit,
3126 2185 3295 2239 Chusi

1714 2286 1989 2355 IEthiopis
2024 2283 2191 2346 filius,
2240 2298 2304 2336 ex
2336 2296 2446 2351 quo
2477 2288 2639 2334 natus
2671 2281 2847 2333 Assur
2879 2297 2891 2332 :
2936 2278 3028 2348 qui
3074 2276 3290 2341 Orechi,

1712 2376 1981 2446 Arphale,
2034 2382 2088 2429 et
2136 2372 2420 2427 Chalanne
2470 2386 2696 2439 regnum
2737 2369 3003 2423 exercuit.
3055 2366 3197 2432 Quin
3241 2374 3296 2421 et

1712 2466 1912 2522 Thiras
1944 2466 2133 2520 urbem
2161 2462 2427 2523 condidit,
2456 2469 2509 2516 et
2539 2460 2835 2514 Thobelem
2858 2499 2874 2523 ,
2917 2467 2968 2514 et
2998 2458 3206 2511 Lobum
3237 2458 3292 2511 in

1711 2558 1959 2628 Assyria.
1988 2553 2161 2609 Graeci
2200 2553 2541 2607 Zoroastrem
2586 2550 2730 2604 hunc
2760 2549 2932 2604 fuisse
2968 2557 3292 2614 memorant;

1712 2654 1804 2722 qui
1853 2648 2095 2704 Orientis
2141 2646 2400 2701 interiora
2433 2650 2727 2715 penetrans
2772 2640 3091 2695 Bactrorum
3141 2641 3296 2708 oppi-

1712 2744 1843 2799 dum
1875 2741 2072 2797 erexit.
2108 2737 2351 2807 Indeque
2376 2737 2581 2799 omnia,
2614 2750 2735 2805 quae
2767 2735 2820 2787 in
2847 2733 3033 2787 orbem
3080 2735 3296 2786 invecta

1713 2842 1842 2890 sunt
1871 2833 2078 2888 scelera
2100 2871 2116 2895 ,
2143 2838 2440 2899 prOpagata
2482 2827 2760 2880 dicuntur.
2821 2822 3097 2893 Siquidem
3142 2822 3297 2876 malae

1713 2931 1880 2987 artes,
1914 2920 2207 2990 astrologia
2239 2919 2489 2972 videlicet
2514 2932 2577 2970 ac
2605 2916 2805 2986 magia,
2827 2922 3050 2967 auctore
3080 2914 3174 2966 illo
3204 2928 3291 2967 re...

62 3018 211 3082 τείας,
244 3018 319 3083 ὥς
352 3019 497 3083 τινές
531 3038 662 3089 φασι
709 3021 834 3091 περὶ
876 3020 1065 3074 τούτου
1109 3021 1202 3074 τοῦ
1238 3022 1612 3093 Ζωροάστρου.

1771 3022 1883 3067 arta:
1909 3021 2057 3078 sunt;
2085 3012 2138 3066 id
2162 3011 2305 3080 quod
2326 3009 2605 3063 Zoroastri
2630 3024 2661 3061 a
2689 3007 2970 3063 nonnullis
2994 3005 3254 3060 tribuitur
3272 3046 3289 3070 ,

64 3106 187 3176 Πλὴν
207 3109 280 3172 ὡς
303 3110 337 3180 ή
371 3108 624 3181 ἀκρίϐεια
647 3110 911 3182 περιέχει,
940 3108 1034 3162 τοῦ
1059 3109 1284 3180 Νεϐρὼο
1309 3108 1404 3162 τοῦ
1427 3110 1613 3178 γίγαν-

62 3218 139 3263 τος
165 3193 312 3265 οὗτος
330 3196 402 3272 ἦν
428 3201 457 3253 δ
490 3201 702 3273 χρόνος.
729 3203 801 3255 Οὐ
832 3201 965 3256 πολὺ
988 3200 1043 3254 δὲ
1069 3199 1312 3271 ἀλλήλων
1339 3198 1416 3270 τῷ
1440 3199 1615 3270 χρόνῳ

64 3289 387 3363 διεστήκασιν
418 3292 531 3364 (21)
571 3294 755 3364 ἄμφω,
801 3294 830 3346 ὅ
861 3311 920 3346 τε
954 3291 1179 3364 Νεϐρὼθ
1214 3292 1361 3346 καὶὸ
1402 3291 1618 3362 Ζωροά-

123 3449 160 3479 ³⁷
188 3450 237 3502 Γ
230 3466 290 3517 ρ.
323 3447 633 3503 Αἰθιοπίαν.

128 3604 229 3676 (l5)
264 3604 433 3673 Ψοῦς
471 3606 543 3660 τὰ
583 3596 982 3676 Ἀξίωματικά.
1007 3604 1265 3660 Mendose
1306 3619 1407 3675 pro
1442 3601 1627 3668 ’Δξου-

70 3675 236 3745 μιτικᾶ
257 3716 274 3741 ,
311 3684 488 3731 ut.est
520 3678 576 3729 in
608 3675 991 3731 Sethianorum
1022 3677 1215 3730 haeresi
1243 3695 1256 3729 :
1292 3690 1392 3729 nec
1441 3676 1624 3729 minus

65 3746 443 3801 emendandum
489 3746 639 3810 Ψούς
667 3762 773 3816 pro
818 3763 926 3816 quo
971 3745 1108 3799 Φούο
1147 3747 1451 3817 legendum.
1497 3745 1625 3799 Sive

68 3835 312 3915 utestulV
345 3834 481 3915 Beg.
506 3851 597 3899 xv,
637 3836 725 3902 l9,
754 3819 849 3896 ’γε
892 3836 1051 3889 Φούλ.
1082 3835 1155 3890 De
1187 3836 1455 3890 Axumitis
1485 3835 1623 3890 alius

75 3905 163 3957 erit
196 3905 407 3959 dicendi
440 3907 619 3960 locus.

130 3975 231 4043 (16)
273 3973 514 4045 Ῥεγμᾶ,
551 3976 649 4030 καὶ
680 3976 858 4041 Σαϐᾶ,
899 3976 1071 4031 καθά.
1105 3975 1260 4031 Corr.
1292 3974 1617 4028 Σαϐαθακά·

77 4047 153 4111 qui
174 4046 309 4099 inter
326 4048 471 4101 tilios
489 4046 639 4100 Chus
662 4057 1002 4101 recensetur.
1032 4046 1135 4099 Pro
1173 4045 1377 4107 Ἑλούδ,
1399 4047 1630 4101 fortasse

71 4114 212 4237 :‘lou'f.
250 4115 466 4187 Quippe
486 4117 743 4189 Λουδιείμ
771 4118 915 4173 inter
948 4117 1089 4172 ﬁlios
1123 4116 1398 4171 Mestraim
1440 4131 1632 4170 nume-

92 4200 150 4237 an
178 4201 256 4237 ur.

67 4198 256 4239 rantur.

128 4256 229 4325 (17)
264 4256 340 4310 Τὰ
388 4255 540 4324 πρὸς
582 4256 657 4324 τῇ
688 4257 981 4326 Γαράμων
1010 4256 1188 4327 χώρᾳ.
1223 4256 1303 4308 An
1348 4255 1592 4326 Ἀράϐων
1614 4295 1629 4320 ,

69 4338 128 4398 an
157 4327 331 4398 potius
370 4328 785 4398 Γαραμᾴντωνῖ
811 4327 944 4398 Nam
988 4328 1101 4382 haec
1145 4328 1324 4380 vicina
1376 4336 1504 4379 sunt
1534 4341 1631 4378 no-
1661 4341 1707 4396 Ῑ)

70 4396 219 4467 ruina.
265 4396 363 4467 [Est
418 4396 865 4467 q‘uilBegamam
916 4396 1221 4467 Ptolemaei,
1268 4412 1387 4466 quae
1434 4406 1523 4467 est
1575 4398 1627 4449 in

69 4465 242 4520 Arabia
270 4465 455 4522 Felice
485 4466 551 4521 ad
571 4466 770 4536 Regula
807 4468 1103 4523 transferat
1139 4486 1151 4521 :
1195 4466 1264 4521 de
1286 4465 1399 4537 qua
1430 4465 1627 4522 Ezecb.

68 4572 220 4620 xxvu,
244 4559 316 4613 22
348 4576 365 4612 :
398 4568 592 4621 may-11
626 4566 757 4617 83W
796 4540 921 4616 ’δῦ-1

129 4628 236 4699 (18)
273 4629 514 4698 Νεϐρὼθ
544 4628 655 4697 γὰρ
673 4626 1213 4699 ,ϐασιλεύειχριιρηι
1248 4628 1489 4699 plerique
1513 4643 1630 4680 um-

129 4644 173 4699 (ι
187 4644 236 4699 δ)
273 4644 514 4698 [vwme
544 4644 655 4710 τηρ
673 4644 1010 4692 ρασιλευει.
1045 4644 1213 4694 quem
1245 4644 1489 4751 Bterique
1513 4644 1630 4680 um-

73 4712 157 4754 nes
176 4700 497 4769 chronologi
516 4739 531 4762 ,
559 4713 670 4753 uno
692 4708 745 4753 et
770 4700 980 4769 antiqui
1006 4697 1218 4769 Patres,
1288 4701 1429 4753 clum
1462 4700 1632 4752 fuisse

76 4777 299 4840 censent,
331 4768 633 4840 Babylonis
654 4770 1013 4824 conditorem.
1052 4768 1228 4840 Hujus
1260 4770 1426 4822 tilium
1456 4770 1631 4823 Assur

75 4837 393 4909 Epiphanius
427 4837 559 4893 facit
590 4857 605 4893 :
640 4855 799 4909 quem
832 4842 1050 4910 quidem
1096 4839 1294 4893 Ninum
1330 4842 1497 4894 luisse
1536 4854 1631 4908 par

74 4917 164 4972 est,
201 4912 247 4965 si
284 4910 592 4966 Nembroth
632 4911 776 4965 idem
815 4909 938 4965 cum
969 4909 1098 4967 Belo
1130 4910 1311 4963 fuerit.
1351 4910 1412 4963 Et
1439 4911 1629 4963 eadem

74 4980 345 5050 utrobique
390 4982 684 5052 colligendi
698 4982 900 5052 gratio;
942 4996 1066 5035 nam
1102 4980 1261 5035 Belus
1304 4980 1629 5052 Babylonem

76 5049 349 5120 exstruiit,
382 5049 639 5108 et'Ninus
666 5049 938 5106 Ninivem.
962 5052 1124 5117 Atqui
1154 5052 1388 5120 priorem
1418 5049 1446 5103 ξι
1471 5049 1630 5101 Nem-

77 5117 240 5195 broth,
273 5122 645 5195 posteriorem
695 5122 765 5176 ab
811 5123 989 5195 Assur
1022 5117 1297 5195 civitatem
1328 5121 1629 5195 _coridit.mi

82 5187 566 5261 Moyses'aﬂirmat.
600 5190 800 5247 Verum
832 5194 1005 5246 Assur
1046 5191 1182 5246 Gen.
1232 5206 1287 5253 ι,
1321 5191 1404 5255 11,
1454 5189 1629 5261 gentis

79 5260 262 5317 nomen
310 5278 461 5328 esse,
510 5277 622 5318 non
679 5263 781 5317 viri
829 5261 1107 5332 proprium
1141 5260 1469 5316 existimant
1497 5260 1626 5325 alii;

80 5332 259 5398 quibus
290 5334 532 5389 libenter
578 5329 1023 5402 subscripSerim.
1056 5329 1160 5385 Sed
1209 5332 1321 5385 haec
1352 5332 1628 5383 annalium

80 5415 134 5480 ac
156 5404 640 5480 chronologiarum
678 5404 903 5480 paginas
936 5402 1183 5473 implent,
1218 5416 1319 5456 nec
1344 5409 1474 5456 sunt
1503 5402 1629 5471 plu-

80 5472 214 5545 ribus
239 5477 339 5545 hoc
371 5472 493 5529 loco
518 5472 893 5545 disceptanda.

122 5542 237 5665 (19)
274 5544 501 5600 Τούτου
533 5545 573 5614 ὴ
609 5542 899 5625 βὰᾳιλεία

84 5608 116 5663 L
167 5613 216 5687 ξι,
241 5615 465 5687 Ἀρχόιδ,
501 5615 710 5687 Hebrau
746 5625 873 5687 “DN.

142 5656 473 5763 (ὦ)
495 5656 710 5745 ὲῖῖίιῖῖ
726 5656 1100 5763 δειράς.
1132 5681 1328 5745 Nescio
1355 5682 1497 5748 unde
1524 5683 1608 5743 hae

940 5542 1009 5597 ἐν
1051 5542 1237 5611 Ὀρέχ.
1260 5541 1364 5596 Pro
1406 5498 1627 5614 Ἀἕφὰὴ

1721 3120 1909 3161 revera
1964 3103 2029 3157 ad
2083 3103 2387 3158 Nembroth
2456 3101 2717 3172 gigantis-
2748 3108 2993 3170 tempora
3030 3100 3300 3169 pertinere

1721 3196 2021 3267 putandum
2050 3204 2154 3250 est.
2184 3195 2506 3263 Quanquam
2538 3193 2678 3247 inter
2702 3197 2993 3261 utrumque
3019 3205 3127 3242 non
3150 3188 3293 3241 niui.

1723 3300 1835 3344 tum
1862 3288 2126 3357 temporis
2162 3286 2510 3355 interiectum
2542 3291 2645 3339 est.
2677 3282 2785 3338 Sed
2815 3284 2883 3338 iis
2912 3281 3131 3337 omissis
3158 3278 3300 3333 Pha-

1735 3597 2420 3671 expiscatusﬂsihquazjn
2464 3596 2738 3671 Geneseos
2777 3612 2809 3649 χ
2856 3595 2949 3649 illo
2966 3596 3151 3671 capite
3187 3611 3302 3671 non

1733 3666 2011 3742 leg—untur.
2052 3668 2150 3723 Ubi
2188 3666 2293 3742 hoc
2325 3668 2599 3742 duntaxat
2620 3667 2870 3742 habetur
2899 3686 2935 3742 :_
2965 3666 3299 3742 Principium

1731 3737 1885 3811 regni
1919 3739 2218 3811 Nemhroth
2262 3740 2432 3811 fuisse
2468 3737 2817 3811 Babylonem,
2855 3737 3165 3811 xat__‘Opéz,
3209 3737 3304 3797 καὶ

1744 3804 1963 3882 ’Δνρχὰδ,
1996 3812 2091 3882 καὶ
2113 3809 2442 3882 Χ-αλάννηλὶῃ
2467 3804 2611 3882 terra
2648 3805 2910 3882 sennaar.
2943 3804 3303 3882 UndeAssur

1730 3875 1987 3950 egressus
2032 3875 2360 3950 ᾠκοδόμησε
2393 3877 2493 3950 τὴν
2534 3877 2752 3950 Νινευῖ,Δ
2785 3876 3015 3950 καὶῄτὴν
3043 3875 3301 3950 Ῥοωϐὼθ

1733 3946 1905 4015 πολιν,
1935 3952 2029 4005 καὶ
2048 3946 2151 4020 τὴν
2170 3946 2378 4001 Χίαλάκ.
2412 3946 2517 4000 Pro
2560 3946 2806 4020 'Pooa6t‘n9
2832 3946 3008 4011 πόλιν,
3041 3947 3305 4020 llebraice

1731 4024 1997 4091 scriptum
2055 4016 2137 4074 est
2182 4028 2283 4091 νγ
2317 4029 2504 4081 nam,
2553 4018 2697 4091 quod
2731 4016 3091 4091 Hieronymus
3120 4018 3301 4091 vertit,

1732 4088 1938 4163 plateas
1987 4089 2242 4163 civitatis,
2290 4097 2344 4163 et
2386 4104 2483 4157 pro
2519 4090 2844 4163 appellativo
2898 4088 3107 4152 habuit,
3155 4088 3301 4163 quod

1732 4159 1906 4217 Graeci
1958 4161 2236 4230 proprium
2296 4160 2558 4230 fecerant.
2606 4159 2861 4227 lntelligit
2919 4166 3098 4230 autem
3149 4159 3303 4230 urbis

1730 4226 1974 4287 Νἰηὶνεέ
1996 4226 2224 4300 plateas,
2272 4244 2410 4299 quas
2456 4228 2628 4300 Ninus
2674 4226 3141 4300 exstruxeritrlle
3178 4226 3303 4297 Epi-

1736 4297 2102 4383 phanioquid
2139 4297 2357 4383 dicatur;
2379 4298 2523 4383 aliud
2541 4298 2966 4383 occurritaiihil,
3004 4297 3108 4351 nisi
3142 4312 3303 4383 voces

1735 4368 1892 4435 istas,
1922 4368 2212 4442 ﬁe'tpo'tget
2253 4368 2688 4442 Oéﬁsljlienum
2714 4369 2767 4421 in
2795 4370 2971 4442 locum
3006 4368 3302 4442 translatas

1734 4458 1880 4498 esse.
1914 4437 2044 4495 Nam
2092 4440 2289 4494 Thiras
2328 4449 2382 4494 et
2424 4438 2633 4492 Thuhal
2674 4440 2813 4492 inter
2837 4437 3087 4506 Japhethi
3118 4446 3303 4503 poste-

1734 4529 1828 4568 ros
1854 4520 2213 4567 numerantur
2242 4525 2381 4563 com.
2405 4510 2461 4572 2,
2499 4508 2721 4571 Tlmbal,
2753 4520 2800 4561 et
2832 4507 3068 4569 Mosoclt,
3101 4516 3149 4559 et
3177 4506 3302 4561 Thi-

1735 4599 1845 4637 ras.
1879 4582 2153 4636 Fortassis
2196 4582 2342 4634 enim
2376 4594 2500 4633 cum
2544 4577 2771 4646 Regina,
2828 4578 3154 4637 Sabatacha.
3198 4590 3302 4629 cae-

1736 4654 2001 4723 terisque,
2036 4652 2299 4723 qu_osdam
2355 4651 2514 4723 alios
2542 4647 2815 4723 recensuit
2846 4647 3201 4723 Epiphanius,
3245 4653 3302 4701 et

1735 4716 2301 4777 inter-illos'Thubal
2356 4730 2408 4773 et
2456 4719 2671 4772 Thiras.
2703 4718 2816 4771 Nisi
2853 4716 2966 4771 haec
2984 4716 3301 4784 conjectura

1734 4794 1965 4862 placeat,
2000 4807 2096 4861 pro
2122 4790 2317 4862 Θειρὰς
2362 4800 2415 4843 et
2445 4788 2634 4862 Θόϐελ,
2669 4788 2942 4862 ιιοᾼΛόϐος,
2968 4787 3185 4862 propria
3209 4801 3301 4839 ur-

1732 4857 1882 4917 bium
1912 4857 2126 4917 illarum
2154 4857 2376 4914 nomina
2396 4860 2775 4914 substituenda
2800 4868 2945 4918 sunt,
2970 4874 3107 4927 quas
3125 4857 3301 4910 Assur

1732 4934 2041 4987 :editicavit.
2070 4931 2228 4985 Certe
2251 4931 2302 4983 in
2330 4929 2499 4992 Λόϐος
2522 4930 2809 4998 vestigium
2839 4929 3109 4998 quoddam
3141 4942 3301 4996 appa-

1734 5012 1820 5058 ret
1850 5002 2098 5058 vocabuii
2140 4998 2408 5062 Ῥοωϐώθ,
2450 5009 2503 5052 et
2534 5000 2586 5052 in
2618 4999 2812 5052 'l‘hiras
2842 5000 2989 5052 vocis
3024 5005 3145 5059 17v,
3179 5011 3300 5066 qua:

1734 5074 2012 5128 civitatem
2065 5074 2356 5141 signiticat.
2412 5068 2567 5125 Unde
2614 5070 2688 5123 ita
2732 5068 3021 5141 depravari
3059 5082 3162 5123 vox
3194 5070 3298 5120 ista

1733 5147 1908 5214 potuit
1947 5141 2307 5212 Ῥοωϐωθίρα.

1804 5260 1915 5330 (21)
1946 5260 2027 5330 (λὺ
2066 5256 2225 5312 πολὺ
2273 5254 2343 5309 δὲ
2384 5255 2673 5330 ἀλλήλων
2709 5255 2788 5319 τῷ
2829 5254 3029 5330 χρόνω
3060 5248 3298 5316 διεστή-

1736 5321 1939 5384 κασιῷο.
1974 5328 2384 5383 Bactrianorum
2420 5321 2659 5388 rex‘ille,
2706 5321 2951 5395 quocum
2971 5321 3141 5395 Ninus
3164 5336 3299 5395 con-

1738 5402 1895 5462 ﬂixit,
1926 5398 2192 5469 Oxyartes
2224 5395 2531 5469 adDiodoro
2573 5392 2895 5469 vocat'ttr;_a
2925 5392 3161 5469 Justino,
3190 5392 3297 5469 _Ar-

1736 5471 1901 5525 nobio
1919 5485 1982 5523 ac
2000 5461 2232 5532 caeteris,
2253 5466 2781 5532 Zoroastres.Neque
2800 5465 3046 5518 dissentit
3068 5461 3296 5521 Plinius.

1740 5552 1799 5594 ut
1830 5540 2104 5609 Scaligero
2139 5540 2367 5593 videtur.
2388 5537 2579 5609 Neque
2606 5538 2747 5591 enim
2772 5536 2986 5609 dubitat
3017 5533 3125 5592 ille,
3154 5534 3298 5609 sitne

1739 5611 1926 5681 Magus
1955 5602 2093 5665 idem
2115 5625 2237 5663 cum
2252 5626 2375 5678 rege
2388 5602 2672 5662 Bactriano
2701 5626 2713 5659 :
2736 5606 3025 5681 sed‘ntrunt
3043 5617 3183 5655 unus
3207 5602 3295 5681 hic

1731 5676 1927 5751 fuerit;
1963 5696 2032 5743 an
2066 5689 2118 5737 ct
2166 5676 2567 5755 alius—postea;
2623 5679 2765 5755 quod
2815 5676 3065 5739 Sauli-auus
3104 5680 3293 5729 noster
