3754 6182
63 204 151 258 i9:
700 171 1066 258 aovensus
1107 201 1448 258 "mansos
1505 203 1591 258 L'I

1768 205 1927 264 TOM.
1966 209 2006 266 l.
2049 240 2116 251 —
2153 211 2427 267 IUERES.
2473 213 2608 271 I-IV.

3174 217 3282 273 194

58 330 207 370 unum
237 314 292 368 δὲ
314 314 432 368 τότε
466 314 618 386 μόνοι
658 317 770 388 (51)
803 319 1196 385 ἐϐασιλεύοντο,
1233 317 1301 394 ἦς
1330 322 1591 393 βασιλείας

1768 329 2024 383 imiramis
2077 332 2316 402 Assyriis
2373 333 2742 403 imperabant;
2791 349 3023 404 quorum
3053 336 3279 406 aequalis

57 407 183 478 ἀρχὴ
207 409 426 476 γέγονεν
457 405 672 478 Εὖρωψ.

1710 418 1982 472 Abraham
2024 419 2144 486 fuit;
2177 423 2315 491 apud
2360 421 2641 494 Egyptios
2670 439 2800 478 vero
2836 425 3046 478 decima
3086 433 3277 480 octava

58 501 288 573 dynastia
342 501 679 572 θυι-τίθεται.
735 501 956 574 Solique
1002 515 1116 562 tum
1169 525 1234 564 ex
1278 511 1534 566 omnibus
1586 514 1799 582 populis
1858 513 2097 586 Sicyonii
2157 522 2308 588 regio
2359 518 2638 573 dominatu
2679 519 3132 585 continebantur;
3175 533 3276 572 cu-

55 594 366 663 jus-initium
402 593 470 648 ab
503 592 722 664 Europe
751 597 1050 666 profectum
1088 609 1189 654 est.

116 690 191 740 lI'.
225 689 334 742 Kal
381 691 409 742 ό
440 688 572 752 Θεὸς
599 690 908 760 ὲπιλέγεται
937 694 1027 746 τὸν
1067 695 1314 766 Ἀϐραὰμ
1341 696 1418 766 τῷ
1458 695 1608 768 αὐτῷ

55 780 344 850 χαρακτῆρι
397 781 496 849 τῆς
547 781 708 848 ἁγίας
761 783 1054 855 καθολικῆς
1105 787 1196 838 καὶ
1247 788 1606 858 ἁποστολικῆς

66 872 376 942 Ἐκκλησίας
403 874 461 926 ὲν
491 874 826 946 ἀκροϐυστία
854 878 1042 930 πιστὸν
1061 918 1075 942 ,
1127 881 1220 931 καὶ
1261 880 1317 932 ἐν
1357 880 1607 950 εὐσεϐείᾳ

52 961 363 1014 τελειότατον
383 1002 397 1026 ,
426 965 484 1015 ὲν
508 963 702 1031 γνώσει
731 967 1026 1037 προφητῶν
1055 969 1121 1034 ’⁸,
1146 969 1204 1021 ἐν
1237 969 1336 1040 βίῳ
1374 971 1604 1039 εὐαγγε-

51 1058 188 1129 λικὴν
240 1063 574 1132 κεκτημένον
629 1063 998 1134 ἀναστροφήν.
1042 1063 1192 1115 Οῖκοι
1241 1062 1349 1133 γὰρ
1411 1062 1599 1130 γέγονε

51 1151 243 1222 πατέρα
281 1152 476 1222 τιμῶν,
513 1153 844 1224 καλούμενος
875 1154 980 1206 ὑπὸ
1021 1153 1114 1206 τοῦ
1149 1153 1305 1222 λόγου
1327 1195 1338 1215 ,
1368 1154 1461 1206 καὶ
1492 1153 1601 1206 τῶν

48 1244 245 1296 οἰκείων
272 1246 709 1316 ἁποτασσὸμενος
735 1289 749 1311 ,
780 1245 1098 1316 πειθόμενος
1136 1245 1191 1298 δὲ
1224 1245 1300 1316 τῷ
1329 1244 1599 1312 καλοῦντι,

48 1335 216 1406 ὥσπερ
269 1337 316 1388 oi
369 1337 496 1407 περὶ
525 1338 733 1408 Πέτρον
779 1337 870 1390 καὶ
915 1337 1168 1408 Ἀνδρέαν
1211 1338 1304 1390 καὶ
1355 1336 1601 1390 Ἰάκωϐον

46 1429 128 1482 καὶ
165 1429 438 1500 Ἰωάννην.
476 1429 584 1484 Καὶ
614 1431 698 1483 ἵνα
734 1431 807 1502 μὴ
845 1430 1008 1484 πάλιν
1044 1431 1268 1502 μηκύνω
1290 1431 1381 1485 τὸν
1415 1429 1597 1498 λόγον,

48 1518 266 1574 συνελὼν
295 1521 420 1590 ὲρῶ.
460 1523 552 1584 Εἰς
584 1520 678 1592 ἐτη
711 1523 818 1592 γὰρ
851 1521 1049 1586 ἐλάσας
1083 1517 1236 1585 οὗτος
1270 1525 1299 1575 ό
1326 1523 1598 1592 πατριάρ-

1778 693 1912 749 VIlI.
1943 695 2072 750 Post
2094 697 2207 751 hac
2238 696 2424 751 eadem
2466 712 2570 767 qua
2609 697 2930 752 catholicam
2966 711 3021 754 et
3055 709 3277 770 aposto-

1705 787 1864 841 licam
1903 783 2197 842 Ecclesiam
2230 789 2432 859 figura,
2466 798 2702 859 notaque
2731 770 3094 844 Abrahamum
3127 792 3278 862 eligit

1707 878 1884 942 Deus,
1941 881 2114 934 virum
2170 881 2224 933 in
2283 882 2547 950 przeputio
2600 882 2840 944 Iidelem,
2897 896 2960 935 ac
3015 883 3277 953 religione

1703 971 2010 1042 pietateque
2050 972 2534 1042 perfectissimum,
2575 981 2738 1043 atque
2778 982 2838 1027 ut
2875 973 3101 1028 scientia
3144 991 3274 1045 pro-

1702 1064 1880 1132 phetis
1911 1079 2132 1133 parem,
2169 1065 2248 1118 sic
2277 1067 2340 1116 ad
2375 1065 2741 1132 evangelicam
2775 1064 3120 1134 disciplinam
3152 1068 3277 1121 vita:

1703 1157 1952 1209 instituto
1991 1164 2328 1224 provectum.
2359 1155 2485 1208 Erat
2515 1165 2627 1208 tum
2662 1156 2806 1210 domi
2854 1163 3060 1225 patrem
3096 1157 3277 1213 obser-

1701 1249 1857 1313 vans,
1899 1265 2022 1302 cum
2063 1248 2153 1304 Dei
2196 1251 2420 1302 oraculo
2449 1257 2674 1303 vocatus
2713 1248 3029 1304 domesticis
3068 1265 3273 1304 renun—

1701 1342 1877 1405 tiavit,
1921 1349 1973 1395 et
2016 1357 2138 1394 cum
2188 1356 2217 1394 a
2260 1358 2368 1412 quo
2414 1352 2639 1396 vocatus
2691 1350 2831 1404 erat,
2893 1349 3114 1396 secutus
3151 1351 3272 1410 est;

1706 1433 2162 1503 quemadmodum
2196 1429 2410 1496 Petrus,
2450 1434 2719 1496 Andreas,
2755 1433 2989 1488 Jacobus
3027 1440 3081 1489 et
3110 1431 3275 1487 Joan-

1707 1534 1806 1573 nes
1863 1527 2048 1588 postea
2107 1518 2376 1574 fecerunt.
2429 1519 2504 1575 Ac
2554 1537 2621 1576 ne
2665 1520 2844 1576 denuo
2887 1522 2988 1577 sim
3039 1523 3272 1593 longior,

46 1628 132 1680 χης
163 1612 706 1682 ὲννενηκονταεννέα,
749 1612 853 1664 ὑπὸ
886 1611 980 1665 τοῦ
1026 1612 1159 1664 Θεοῦ
1203 1613 1591 1683 χρηματίζεται

1768 1611 1906 1664 meis
1938 1611 2121 1664 omnia
2155 1613 2506 1680 complectar.
2535 1613 2669 1667 Cum
2703 1614 2868 1684 igitur
2896 1613 2962 1666 ad
2993 1614 3276 1684 nonagesi-

45 1705 112 1765 εἰς
142 1703 460 1772 περιτομήν.
503 1703 611 1755 Καὶ
639 1701 862 1773 ἄρχεται
892 1701 1102 1754 ἐνθένδε
1129 1705 1156 1754 ό
1196 1704 1482 1774 χαρακτὴρ
1506 1703 1600 1756 τοῦ

53 1794 372 1865 Ἰουδαϊσμοῦ
414 1795 552 1865 μετὰ
585 1795 674 1847 τὸν
717 1793 1086 1864 Ἑλληνισμόν.
1123 1794 1234 1847 Καὶ
1268 1790 1334 1864 ἦν
1370 1795 1469 1866 τῆς
1502 1795 1596 1848 τοῦ

42 1886 229 1955 κόσμου
258 1885 562 1955 καταϐολῆς
595 1886 705 1956 (59.)
741 1886 960 1956 εἰκοστὴ
993 1884 1182 1956 πρώτη
1210 1886 1390 1954 γενεὰ,
1423 1887 1516 1957 ἔτη
1543 1887 1598 1940 δὲ

43 1978 293 2050 τρισχίλια
326 1978 646 2050 τετρακόσια
677 1977 1028 2050 τριακονταὲν
1049 1993 1062 2006 ·
1091 1979 1183 2030 καὶ
1209 1979 1236 2030 ὁ
1273 1978 1599 2049 Ἰουδαῖσμὸς

40 2070 193 2140 ἀρχὴν
225 2069 548 2139 ἐλάμϐανεν.
578 2069 882 2140 Σκυθισμὺς
909 2069 1017 2140 γὰρ
1048 2071 1156 2123 ἀπὸ
1187 2069 1278 2122 τοῦ
1323 2071 1596 2124 κατακλυ-

41 2161 160 2231 σμοῦ
184 2161 299 2230 ('55)
331 2162 454 2232 ἄχρι
490 2161 584 2214 τοῦ
627 2161 835 2232 πύργου
872 2163 964 2214 καὶ
994 2161 1088 2214 τοῦ
1119 2161 1341 2233 Σερούχ.
1380 2163 1514 2216 Ἀπὸ
1540 2163 1597 2216 δὲ

97 2319 135 2349 ¹⁹
164 2320 274 2385 ι’ρ.
307 2319 612 2388 προφήτην.
689 2319 735 2349 ²⁰
765 2317 899 2372 Gen.
932 2334 1066 2385 xvn,
1099 2319 1183 2372 I0.

37 2481 285 2541 tempore,
315 2489 426 2542 quo
452 2474 802 2544 Assyriorum
840 2473 1155 2528 monarchia
1180 2474 1365 2542 empit.
1413 2471 1584 2543 )Egy-

38 2546 162 2612 ptius
190 2558 451 2612 regnasse
474 2543 791 2606 dixerimus,
817 2560 940 2598 cum
973 2545 1188 2598 illorum
1227 2545 1584 2612 primordium

37 2630 164 2665 circa
209 2629 416 2667 annum
441 2630 470 2666 a
494 2614 700 2668 diluvio
729 2613 831 2668 155
859 2614 1134 2678 inciderit,
1169 2613 1431 2668 detractis
1463 2614 1587 2666 toti-

37 2685 140 2735 dem
178 2686 350 2754 annis
391 2686 459 2737 ab
503 2684 786 2738 intervallo
808 2723 823 2746 ,
859 2683 1002 2754 quod
1031 2701 1060 2737 a
1094 2684 1296 2738 diluvio
1329 2685 1394 2738 ad
1425 2685 1590 2754 quin-_-

37 2751 454 2824 tuin_Cambysis
493 2757 738 2824 elapsum
759 2751 891 2824 est;
928 2755 1056 2808 anni
1097 2763 1424 2823 supererunt
1446 2751 1592 2824 1650

36 2824 91 2873 ab
110 2821 492 2896 «EgyptitLt-um
521 2821 674 2896 initio
706 2823 772 2896 ad
801 2826 1103 2896 Cambysen
1139 2821 1332 2896 usque,
1365 2834 1418 2879 et
1437 2823 1592 2896 _Per-

35 2892 294 2946 saruurin
328 2892 564 2964 {Egypto
611 2892 986 2956 dominatum,
1006 2909 1100 2964 per
1140 2893 1382 2948 Africani
1418 2894 1592 2964 dyna-

1707 1719 1852 1756 mum
1891 1719 2092 1756 nonum
2136 1705 2310 1759 aetatis
2347 1720 2546 1758 annum
2593 1707 2904 1775 patriarcha
2954 1706 3045 1762 ille
3085 1723 3276 1777 perve-

1704 1797 1894 1860 nisset,
1914 1795 1980 1850 de
1999 1795 2420 1850 circumcisione
2441 1811 2470 1849 a
2496 1796 2602 1850 Deo
2625 1811 2945 1867 responsum
2968 1798 3178 1868 accepit
3201 1799 3269 1852 ’°.

1705 1886 1831 1942 Inde
1877 1886 2142 1942 Judaismi
2193 1895 2318 1941 nota
2371 1896 2492 1958 post
2531 1889 2780 1958 gentilem
2827 1890 3273 1959 superstitionem

1701 1977 1965 2049 originem
2001 1977 2212 2032 habuit.
2242 1979 2520 2049 Agebatur
2554 1988 2664 2033 tum
2697 1995 2872 2034 annus
2907 1978 3093 2035 mundi
3129 1997 3272 2037 unus

1703 2080 1755 2124 et
1807 2070 2117 2125 tricesimus
2156 2087 2318 2141 supra
2364 2079 2447 2126 ter
2495 2073 2844 2126 millesimum
2892 2086 2956 2127 ac
3006 2073 3268 2144 quadrin-

1705 2164 2086 2233 gentesimum,
2123 2172 2280 2219 aatate
2319 2163 2387 2217 ab
2417 2163 2546 2219 orbe
2579 2163 2800 2219 condito
2842 2166 3011 2220 altera
3045 2175 3099 2220 et
3123 2164 3273 2220 vice-

1695 2453 1849 2547 chau'i
1899 2468 2131 2547 _Europis
2167 2485 2311 2525 anno
2357 2485 2506 2534 χχιι,
2567 2470 2660 2540 qui
2699 2479 2784 2524 est
2814 2472 2882 2525 ab
2917 2473 3071 2547 initio
3116 2475 3272 2547 regni

1695 2540 1934 2615 _Sicyonii
1962 2556 2124 2594 Luiv
2151 2558 2164 2593 :
2200 2556 2336 2615 nam
2359 2549 2577 2615 centum
2608 2557 2775 2615 prope
2798 2556 2862 2595 ac
2888 2544 3108 2615 triginta
3141 2540 3272 2600 anni

1698 2609 1839 2663 inter
1872 2618 2158 2677 utramque
2186 2609 2447 2678 epocham
2477 2609 2747 2678 interjccti
2775 2622 2920 2667 sunt.

1763 2680 1874 2749 (52)
1917 2680 2025 2732 Καὶ
2059 2682 2126 2732 ἐκ
2153 2678 2261 2746 τῆς
2300 2679 2405 2732 τοῦ
2435 2681 2666 2747 κόσμου
2699 2682 3053 2751 καταϐολῆς.
3087 2683 3147 2739 In
3172 2702 3272 2742 su-

1699 2752 1912 2820 periere
1934 2766 2170 2825 _nuniero
2199 2751 2445 2825 aliorhis
2491 2751 2645 2825 initio
2677 2752 2742 2804 ad
2784 2753 3033 2825 εἰκοστὴν
3080 2761 3274 2823 γενεάν

1698 2818 2028 2896 numerabat
2051 2836 2224 2896 annos
2249 2818 2388 2896 5332
2409 2837 2422 2870 :
2443 2821 2530 2873 cui
2556 2836 2780 2896 summa:
2811 2824 2948 2878 duos
2969 2818 3022 2896 et
3047 2818 3271 2896 triginta

1699 2889 1889 2945 deesse
1919 2892 1981 2944 ad
2009 2888 2149 2942 LXX
2189 2889 2478 2944 Seniorqu
2508 2891 2790 2944 ratiocinia
2825 2888 3154 2950 monuimus.
3177 2895 3272 2950 Vi-

34 2965 172 3024 stias,
206 2966 252 3019 si
281 2960 891 3033 lube'tfdispensandi;
929 2960 1074 3034 quod
1109 2966 1344 3034 otiosum
1398 2960 1591 3018 ac'nu-
1624 2963 1668 3024 ε
1699 2962 1898 3034 gesima
1955 2962 2119 3028 γενεὰ
2143 3001 2184 3034 ,Α
2211 2962 2336 3034 quia
2381 2960 2586 3034 Cainan
2638 2962 3135 3034 comprehenditur,
3186 2974 3272 3023 est

35 3036 370 3105 gacissimum
413 3041 520 3089 est.
565 3036 646 3088 Ad
677 3033 982 3096 summam,
1011 3033 1104 3104 qui
1149 3033 1595 3105 Egyptiacarum

36 3104 286 3172 originum
324 3105 629 3169 historiam,
662 3109 1057 3174 veritatemque
1085 3104 1344 3174 consequi
1375 3105 1580 3164 studet,

35 3175 392 3240 postulatitias
420 3175 544 3228 illas
573 3174 832 3242 Scaligeri
865 3176 1140 3244 periodos,
1164 3183 1217 3230 ει
1249 3191 1462 3228 onmem
1490 3175 1588 3244 dy-

36 3247 321 3297 uastiarum
359 3259 632 3315 pompam
659 3244 868 3314 rejiciat
901 3260 1120 3299 necesse
1165 3253 1269 3307 εει,
1334 3261 1396 3297 ac
1428 3246 1594 3299 certis

37 3328 84 3366 sc
109 3314 376 3369 annorum
409 3314 710 3383 intervallis
742 3316 1030 3383 astringat.

93 3386 198 3453 (3|)
227 3389 292 3438 Ol
326 3385 399 3436 ἐν
437 3381 694 3438 Σικυῶνι
718 3383 786 3438 δὲ
816 3381 1010 3453 μόνοι.
1039 3383 1115 3438 Ex
1142 3383 1331 3439 eodem
1357 3381 1595 3438 Eusebio

36 3457 270 3524 stiiiipsit.
326 3453 435 3508 Sed
473 3455 574 3508 hoc
611 3469 802 3524 parum
832 3453 1110 3524 rii‘ldeliter,
1159 3454 1302 3524 quod
1359 3455 1592 3524 primum

35 3523 404 3595 Sicyoniorum
433 3523 627 3595 regem
668 3524 795 3579 facit
827 3523 1128 3594 Europem,
1177 3523 1301 3578 cum
1316 3526 1408 3595 _sit
1452 3523 1594 3595 apud

34 3592 313 3649 Eusebium
368 3592 688 3648 secundus:
740 3611 863 3648 nam
908 3592 1117 3664 primus
1163 3604 1247 3650 est
1293 3592 1591 3664 IEgialeus,

35 3665 114 3730 qui
141 3667 302 3720 annis
334 3680 408 3718 LII
458 3666 726 3734 regnavit.
757 3664 896 3719 Huic
929 3664 1467 3735 Europssuccessit,
1498 3680 1597 3718 cu-

35 3736 107 3801 ius
138 3750 284 3789 anno
325 3749 439 3788 xm
468 3733 714 3789 nascitur
740 3733 1102 3790 Abrahamus'.
1136 3733 1592 3804 Antiquissimum

34 3805 121 3857 hoc
145 3807 195 3858 in
235 3805 450 3874 Europa
479 3819 710 3874 regnum
743 3804 864 3860 fuit.
892 3805 1061 3871 Cujus
1093 3805 1145 3858 in
1180 3807 1339 3860 annis
1369 3804 1591 3874 minime

35 3882 271 3931 auctores
327 3873 698 3929 consentiunt.
745 3874 852 3930 Sed
895 3890 1084 3944 parum
1133 3875 1424 3929 admodum
1477 3873 1593 3928 fere

34 3959 204 4014 omnes
243 3947 449 4000 absunt
495 3958 527 3997 a
569 3946 832 4014 millenis;
883 3953 1018 4014 quot
1059 3944 1421 4014 Apollodorus
1448 3945 1592 4013 apud

37 4013 317 4070 Eusebium
361 4023 630 4086 numerat.
661 4013 835 4082 Hujus
877 4013 1030 4086 regni
1076 4013 1122 4068 si
1157 4015 1371 4086 initium
1402 4015 1591 4082 explo-

37 4098 143 4139 rare
165 4088 445 4146 volumus,
481 4084 692 4154 eadem,
725 4099 833 4154 qua
869 4084 1056 4154 supra,
1091 4085 1368 4149 methodo,
1403 4085 1590 4138 consi-

33 4154 298 4224 derandus
323 4163 410 4224 est
438 4153 580 4208 ﬁnis.
630 4153 953 4210 Postremus
991 4155 1369 4224 Sicyoniorum
1403 4169 1589 4222 regum

35 4222 334 4295 Zeuxippus
387 4223 527 4289 fuit;
578 4225 737 4292 cujus
772 4231 917 4295 post
968 4222 1172 4295 obitum
1221 4226 1588 4295 Agamemnon

35 4293 244 4361 regnum
276 4295 412 4348 illud
465 4295 665 4348 invasit
705 4310 720 4349 :
768 4294 842 4347 ita
881 4301 938 4346 ut
968 4293 1229 4363 deinceps
1265 4309 1420 4364 reges
1450 4294 1585 4364 nulli

35 4367 223 4433 proprii
261 4364 492 4426 fuerint,
543 4365 638 4418 sed
659 4364 1018 4433 sacerdotes:
1053 4361 1266 4418 tametsi
1297 4361 1418 4432 post
1449 4361 1588 4418 Zeu-

35 4432 239 4503 xippum
300 4433 604 4505 Pausanias
654 4432 1000 4505 Hippolytum
1055 4449 1312 4502 regnasse
1374 4434 1586 4496 scribit,

35 4519 129 4570 quo
166 4505 477 4575 imperante
513 4504 785 4575 Sicyoniis
818 4505 1021 4573 potitus
1045 4511 1150 4575 _est
1193 4506 1586 4575 Agamemnon.

33 4575 183 4627 Addit
209 4573 269 4629 et
312 4573 668 4628 Lacestade'm
715 4590 933 4643 regem;
976 4573 1080 4627 sub
1105 4589 1214 4642 quo
1248 4573 1276 4628 a
1314 4573 1588 4628 Doriensi-

33 4643 122 4714 bus
152 4644 398 4714 Sicyonii
438 4643 649 4698 subacti
679 4652 827 4699 sunt.
858 4646 1087 4714 Constat
1110 4644 1271 4712 igitur
1303 4658 1590 4714 propemo-

31 4712 146 4767 dum
173 4712 280 4769 sub
310 4713 611 4784 Irojanum
639 4714 937 4784 excidium_
950 4712 1328 4784 Sicyoniorum
1357 4713 1588 4767 desiisse

33 4796 267 4854 regnum.
315 4781 556 4854 Tempus
599 4783 852 4854 ἁλώσεως
895 4781 1147 4852 Trojanae
1197 4799 1372 4837 annus
1411 4784 1586 4854 estin

32 4865 134 4923 per.
173 4853 282 4907 Jul.
321 4852 485 4917 5550,
537 4855 724 4907 mundi
767 4853 940 4916 2800,
975 4862 1098 4923 post
1129 4853 1390 4908 diluvium
1427 4852 1584 4907 1144.

33 4922 198 4988 Quare
247 4939 379 4994 cum
409 4925 780 4994 Agamemnon
817 4940 888 4978 xv
913 4922 1103 4994 annos
1134 4924 1441 4994 regnaverit
1464 4964 1479 4986 ,
1520 4938 1588 4977 ex

34 4995 216 5060 quibus
245 5011 278 5048 ι
316 4993 572 5064 Trojanaa
598 4995 871 5050 obsidioni
893 4993 1219 5064 decerpendi
1255 5001 1403 5055 sunt,
1427 4994 1589 5062 quin-

35 5078 125 5136 que
181 5063 380 5136 primis
433 5063 728 5136 Sicyonem
781 5063 1145 5136 expugnav’it.
1177 5065 1355 5136 Cmpit
1404 5071 1586 5116 autem

32 5134 416 5202 Agamemnon,
468 5143 526 5188 ut
573 5134 763 5190 eodem
813 5149 958 5188 anno
1013 5135 1243 5190 desiisse
1299 5134 1584 5202 ﬁngamus,

33 5220 128 5272 quo
149 5203 314 5272 Troja
362 5211 447 5259 est
475 5204 678 5274 excisa,
711 5219 827 5274 per.
867 5203 976 5258 Jul.
1010 5203 1168 5267 5516,
1201 5203 1385 5258 mundi
1423 5202 1585 5266 2786,

93 5219 314 5272 :o'troga
362 5219 447 5259 εει
475 5219 678 5274 excisa,
780 5221 827 5258 r.
867 5219 976 5258 JUI.
1010 5219 1168 5267 omo,
1201 5219 1385 5258 niunui
1423 5219 1585 5266 zioo,

93 5282 140 5328 st
179 5274 450 5328 diluvium
493 5274 653 5328 1150.
701 5219 881 5340 83am
933 5275 978 5329 si
1026 5289 1172 5327 anno
1217 5274 1368 5340 regni
1413 5276 1587 5340 primo

67 5347 358 5414 euxippum
387 5345 537 5414 vicit,
592 5359 656 5398 ac
688 5345 845 5414 primi
891 5345 967 5414 illi
1015 5359 1200 5414 regum
1233 5343 1361 5396 anni
1395 5343 1586 5414 termi-

34 5415 131 5466 nati
169 5412 324 5474 sunt,
370 5412 740 5468 adiuuandum
768 5423 853 5470 est
884 5412 1262 5484 Sicyoniorum
1299 5413 1586 5484 imperium

32 5485 203 5539 iniisse
249 5499 404 5537 anno
441 5492 565 5553 post
613 5483 876 5537 diluvium
925 5483 1145 5538 circiter
1182 5499 1361 5538 currv.
1425 5483 1588 5552 paqu

33 5563 136 5623 post
167 5553 525 5623 Assyriorum
566 5555 871 5609 exordium.
918 5553 994 5606 Ita
1048 5554 1242 5608 falsum
1278 5555 1402 5614 erit,
1439 5554 1586 5623 quod

30 5621 292 5680 Eusebius
325 5626 510 5693 operis
541 5627 694 5679 initio
724 5623 970 5692 prmﬁxit,
1001 5631 1180 5679 ortum
1205 5640 1326 5681 esse
1353 5621 1588 5694 patriar-

1700 3029 1878 3084 Thare
1923 3039 2112 3088 ortus:
2161 3029 2453 3083 Abrahami
2498 3045 2645 3091 vero,
2680 3029 2788 3084 xxi.
2831 3031 2911 3085 Ad
2961 3029 3272 3092 hanc'anni

1700 3109 1831 3175 sunt
1869 3116 1933 3154 ex
1989 3099 2135 3154 LXX
2183 3101 2322 3154 5454
2343 3141 2356 3164 ,
2388 3116 2584 3175 nempe
2611 3101 2809 3175 additis
2843 3101 3021 3158 Thare
3050 3115 3268 3175 septua-

1697 3171 1870 3243 ginta,
1900 3184 2033 3243 quot
2053 3181 2170 3224 erat
2199 3181 2381 3232 natus,
2407 3186 2528 3223 cum
2560 3171 2926 3243 Abrahamum
2952 3171 3159 3243 genuit.
3186 3179 3268 3232 Ad

1697 3241 1991 3294 Abrahami
2039 3257 2203 3311 porro
2263 3241 2774 3305 circumcisionem,
2819 3241 3270 3302 anni—Iluxerunt

1697 3311 1858 3365 555‘2.
1911 3313 2074 3381 Atqui
2111 3311 2445 3380 Epiphanius
2491 3311 2560 3362 ab
2587 3311 2717 3365 orbe
2746 3314 2965 3381 condito
2998 3315 3062 3368 ad
3095 3317 3269 3372 Abra-

1698 3381 1844 3454 hami
1866 3397 1956 3454 _xc,
1980 3374 2090 3452 (ξιιο
2117 3374 2556 3436 circumcisionis
2577 3374 2910 3454 pragceptuni
2929 3382 3132 3439 editqu
3159 3396 3266 3454 est,

1695 3458 1749 3505 et
1776 3449 2090 3506 Judaismus
2117 3454 2348 3520 occmpit
2377 3493 2391 3515 ,
2422 3451 2638 3505 nonnisi
2672 3451 2809 3506 5452
2839 3469 3012 3508 annos
3042 3449 3268 3512 enume;

1695 3530 1798 3574 rat.
1847 3523 1958 3593 _Aut
2005 3522 2170 3590 igitur
2207 3523 2535 3574 πεντακόσια
2585 3535 2681 3589 pro
2729 3523 3056 3593 τετρακόσια
3095 3529 3261 3581 resti-

1697 3591 1956 3645 tuendum
2015 3600 2266 3647 estzaut
2319 3599 2467 3646 certe
2517 3606 2784 3646 summam
2830 3591 2978 3647 illam
3035 3611 3144 3649 non
3197 3599 3265 3653 ad

1695 3658 1868 3716 Isaaci
1901 3664 2168 3724 natalem,
2211 3662 2294 3715 vel
2325 3663 2794 3717 circumcisionetn
2819 3663 3132 3729 Abrahami,
3171 3669 3268 3724 sed

1693 3733 1867 3800 ipsius
1898 3740 2078 3786 ortum
2109 3733 2404 3787 Abrahami
2429 3731 2701 3800 perduxit,
2736 3733 2838 3786 hoc
2869 3745 2952 3789 est
2975 3736 3038 3789 ad
3073 3752 3165 3789 ut
3195 3740 3265 3792 ab

1692 3802 1900 3857 Adamo
1935 3803 2147 3870 γενεάν.
2177 3802 2290 3855 11οε
2324 3802 2370 3855 si
2398 3803 2470 3854 ita
2507 3816 2612 3865 εει,
2643 3809 2754 3854 tum
2784 3804 2836 3855 in
2866 3805 3006 3857 viam
3041 3806 3264 3860 redierit

1694 3871 2053 3946 Epiphanius,
2073 3882 2125 3927 ct
2147 3872 2541 3946 xxxieregillos
2569 3886 2748 3946 annos
2775 3875 3096 3940 restituerit,
3119 3893 3260 3946 quos

1693 3959 1724 3996 a
1770 3945 2054 4016 superiore
2103 3942 2554 4016 calculo‘abesse
2590 3942 2932 4016 docuimus:
2967 3946 3072 4016 nisi
3115 3942 3263 4016 quod

1692 4020 1804 4066 tres
1855 4013 2078 4067 omnino
2124 4015 2252 4067 anni
2314 4012 2724 4076 desiderantur;
2761 4014 2904 4082 quod
2938 4012 3146 4071 nullius
3178 4029 3264 4074 est

1691 4084 1973 4136 momenti.

1765 4152 1878 4225 (55)
1916 4150 2251 4225 Σκυθισμὸς
2275 4151 2530 4225 γὰρ-άπὸ
2557 4151 2664 4206 τοῦ
2684 4155 3139 4225 κατακλυσμοῦ.
3179 4157 3262 4212 Ad

1693 4219 1925 4294 Seruch,
1958 4219 2153 4291 inquit,
2181 4219 2462 4294 etturrim
2496 4238 2508 4274 :
2539 4223 2696 4294 quasi
2733 4219 3058 4294 Babylonica
3089 4229 3258 4284 turris

1695 4289 1919 4347 Seruchi
1948 4289 2190 4362 tempore
2211 4293 2282 4346 sit
2307 4289 2607 4362 exstructa.
2637 4291 2791 4358 Quod
2826 4289 3128 4349 secundum
3157 4296 3263 4350 La-

1619 4338 1664 4391 D
1695 4363 1837 4416 tinos
1886 4338 2103 4418 defendi
2153 4338 2722 4432 potcist;'Graecorti‘in
2769 4379 2898 4432 vero
2955 4338 3260 4421 rationibus

1693 4443 1976 4506 repugnat.
2017 4431 2226 4506 Etenim
2262 4433 2535 4506 Geneseos
2566 4449 2621 4497 χ,
2662 4433 2752 4496 25,
2813 4431 2995 4506 lleber
3026 4433 3262 4506 Phalcgo

1693 4502 1804 4556 ﬁlio
1850 4518 2046 4556 nomen
2090 4503 2346 4572 imposuit
2389 4505 2457 4572 ab
2503 4513 2696 4558 eventu
2735 4519 2747 4554 :
2797 4502 2950 4568 Quod
2983 4505 3036 4556 in
3077 4502 3259 4559 diebus

1690 4572 1802 4638 ejus
1838 4573 2008 4626 divisa
2061 4575 2130 4626 sit
2169 4571 2510 4643 ’terra._Hoc
2557 4573 2754 4641 partim
2807 4573 3032 4628 Heberis
3082 4576 3256 4643 ipsius

1693 4648 1954 4712 tempore,
2002 4643 2162 4710 paulo
2193 4651 2320 4712 ante
2359 4641 2558 4712 Phaleg
2598 4651 2777 4695 ortum
2812 4641 3260 4712 iaccidisseicen-

1692 4711 1848 4776 sent;
1885 4713 2081 4782 partim
2127 4712 2230 4766 sub
2259 4711 2480 4780 Phalcg,
2525 4711 2594 4782 et,
2628 4713 2680 4764 in
2713 4711 2894 4766 diebus
2926 4714 3110 4782 ipsius.
3153 4717 3256 4778 Qui

1691 4781 2047 4848 posteriorem
2080 4791 2282 4835 sectam
2312 4791 2517 4845 tenent,
2557 4781 2816 4836 Heberem
2845 4783 3035 4836 dicunt
3070 4783 3251 4838 alllatu

1690 4853 2010 4923 prophetico
2034 4854 2384 4921 prmsensisse
2405 4852 2727 4906 divisionem
2751 4852 2919 4920 illam,
2952 4869 3114 4923 quam
3138 4867 3259 4923 post

1690 4921 1909 4992 Phalegi
1937 4930 2116 4992 ortum
2146 4923 2443 4992 quamlibet
2476 4923 2652 4992 longe,
2694 4923 2910 4990 impune
2945 4921 3092 4978 certe
3123 4921 3258 4979 sub-

1692 4991 1929 5064 movent.
1967 4991 2185 5064 Tertius
2233 5006 2281 5064 a_
2310 4991 2548 5064 Phalego
2593 4991 2798 5064 Serueh
2831 5000 2945 5059 est;
2981 4995 3074 5064 qui
3112 5009 3257 5049 anno

1692 5063 1834 5132 apud
1882 5061 2104 5116 Latinos
2146 5061 2809 5132 :etatisixxx’Nachorem
2851 5061 3070 5132 genuit,
3131 5081 3256 5120 cum

1689 5131 1892 5202 Phaleg
1916 5147 2024 5185 xcu
2074 5140 2276 5202 ageret.
2308 5131 2486 5196 Quare
2509 5131 2616 5202 sub
2643 5131 2888 5187 Serucho
2913 5137 3082 5190 turris
3120 5137 3255 5189 tedi-

1691 5202 1842 5256 Iicari
1869 5200 2064 5270 potuit.
2098 5201 2296 5256 Verum
2331 5208 2431 5256 hoc
2460 5200 2602 5255 LXX
2640 5202 2925 5258 Seniorum
2958 5206 3249 5260 ratiocinia

1691 5287 1799 5326 non
1840 5270 2041 5325 ferunt.
2089 5270 2227 5343 Nam
2276 5274 2344 5326 ab
2379 5283 2502 5325 ortu
2549 5272 2787 5343 Phalcg,
2835 5274 2901 5328 ad
2952 5277 3256 5330 Seruchum

1691 5343 1818 5396 anni
1855 5350 1982 5396 sunt
2011 5341 2407 5415 apudnGrzecos
2434 5357 2643 5415 conti.
2671 5341 2818 5396 Vixit
2847 5352 3026 5398 autem
3059 5345 3257 5415 Phaleg

1691 5427 2002 5484 annosnon
2029 5413 2262 5481 amplius
2291 5427 2541 5467 ccxxxnx.
2605 5413 2720 5468 Non
2751 5423 2925 5482 potest
2955 5417 3116 5484 igitur
3155 5413 3257 5470 sub

1693 5482 1936 5553 _Serucho
1963 5484 2193 5536 excitata
2219 5499 2340 5537 csse
2368 5487 2556 5545 turris.
2597 5485 2644 5538 si
2670 5487 2888 5553 quidem
2926 5482 3048 5538 vivo
3079 5487 3257 5539 adhuc

1690 5549 1944 5622 Phalego,
1969 5563 2017 5604 ει
2049 5555 2101 5606 in
2137 5553 2317 5605 diebus
2337 5554 2448 5616 eius
2471 5555 2639 5607 divisa
2674 5549 2740 5607 sit
2775 5565 2932 5609 terra.
2971 5556 3090 5610 Ideo
3115 5558 3251 5608 πλα-

1691 5622 1869 5685 τυκῶς
1904 5622 2240 5692 Epiphanius
2279 5624 2438 5688 dixit,
2476 5627 2603 5694 ἄχρι
2637 5625 2730 5677 τοῦ
2764 5625 2998 5690 πύργου,
3030 5629 3123 5680 καὶ
3160 5625 3254 5677 τοῦ
