3766 6278
479 200 582 256 195

1871 197 1928 249 S.
1968 195 2304 253 EPIPHAN"

3614 199 3735 252 {fit

480 310 641 375 sima,
685 324 809 364 cum
857 309 1168 365 Judatsmus
1204 308 1452 364 emeruit.
1498 307 1632 364 Nam
1673 325 1702 363 a
1739 309 1940 364 diluvio
1965 308 2032 363 ad

2144 312 2225 366 τοῦ
2244 313 2445 384 Σεροὺχ
2457 313 2563 377 ἕως
2580 315 2673 368 τοῦ
2711 314 2978 385 Ἀϐραὰμ.
3009 313 3101 368 καὶ
3125 316 3300 387 δεῦρο,
3331 317 3737 388 Ἑλληνισμὸς

481 405 650 456 turris
705 403 1117 457 aediﬁcationem
1159 415 1222 454 ac
1265 399 1566 456 Seruchum
1613 400 1928 472 Scythicum
1963 401 2041 454 vi-

481 494 638 550 vendi
673 495 977 549 institutum
1005 494 1199 548 tenuit.
1223 493 1267 546 Α
1287 492 1530 548 Serucho
1552 493 1618 548 ad
1644 493 2036 555 Abrahamum,

483 595 538 641 et
577 587 629 640 in
675 587 813 641 hanc
858 602 1030 656 usque
1062 585 1203 639 diem
1241 584 1455 655 gentilis
1495 584 1830 654 superstitio.
1874 583 2042 637 Porro

481 679 630 735 nulla
667 679 844 734 adhuc
883 680 950 733 ab
979 679 1291 734 Abrahamo
1328 687 1474 734 secta
1510 691 1809 748 cognomen
1849 675 2041 744 adepta

483 771 681 827 fuerat.
732 769 836 825 Sed
886 769 924 824 ii
973 770 1269 834 duntaxat,
1320 769 1411 839 qui
1463 767 1706 836 ejusdem
1763 765 2040 835 religionis

482 862 842 933 appellatione
874 862 1320 922 continebantur,
1356 859 1717 913 Abrahamiue
1747 857 1816 910 ab
1848 856 2037 911 eodem

481 953 789 1024 patriarcha
830 952 1167 1007 dicebantur.
1208 947 1308 1003 llic
1343 947 1487 1002 enim
1527 955 1651 1002 octo
1697 945 1894 999 liberos
1944 943 2039 998 ha-
2083 961 2090 971 ·

481 1045 631 1111 buit;
667 1060 730 1098 ex
768 1043 966 1113 quibus
1006 1057 1148 1096 unus
1187 1039 1336 1095 Isaac
1380 1039 1553 1092 haeres
1594 1037 1870 1090 institutus
1913 1041 2035 1097 est;

479 1135 625 1204 quod
683 1143 738 1188 et
793 1131 981 1202 pietati
1039 1130 1254 1185 deditus
1310 1130 1474 1182 vitam
1537 1142 1690 1182 suam
1743 1141 1807 1180 ex
1865 1125 2036 1195 patris

481 1225 749 1284 sententia
773 1225 1163 1286 moderaretur,
1190 1232 1242 1276 et
1263 1220 1523 1291 singulari
1561 1219 1650 1273 Dei
1679 1216 2038 1288 promissione

479 1319 654 1374 eidem
685 1318 880 1372 fuisset
907 1316 1114 1386 parenti
1141 1329 1457 1368 concessus.
1488 1311 1626 1365 Ante
1655 1325 1812 1378 quem
1839 1309 2036 1364 lsmae-

479 1407 582 1462 lem
611 1424 677 1462 ex
707 1407 848 1477 Agar
869 1407 1061 1460 ancilla
1087 1413 1419 1474 susceperat.
1450 1401 1554 1455 Sed
1585 1408 1638 1456 et
1665 1401 1904 1454 Chetura
1939 1414 2033 1454 sex

479 1501 555 1553 illi
579 1509 760 1569 postea
785 1499 986 1568 peperit
1003 1498 1067 1551 ".
1092 1496 1194 1562 Qui
1211 1511 1397 1550 omnes
1425 1510 1520 1563 per
1539 1492 1769 1546 Felicem
1782 1489 2036 1543 Arabiam

477 1591 710 1660 dispersi
767 1597 926 1643 sunt:
961 1585 1227 1640 Zembrau
1275 1583 1514 1647 scilicet,
1564 1579 1759 1645 chan,
1806 1576 2031 1640 Jesboe,

479 1659 638 1747 Sove,
697 1680 1023 1742 Emmaden,
1091 1687 1143 1731 et
1196 1675 1428 1737 Madian,
1487 1686 1593 1726 una
1649 1685 1774 1725 cum
1827 1659 2113 1747 ancillae]!

479 1776 622 1833 lilio.
677 1788 835 1842 quem
882 1769 1158 1824 lsmaelcm
1210 1773 1463 1819 vocatum
1516 1776 1637 1817 esse
1698 1759 1859 1830 paulo
1915 1744 2060 1812 ante.

477 1866 737 1920 diximus.
765 1863 868 1917 Sed
888 1861 977 1916 hic
1006 1866 1310 1930 postremus
1335 1856 1544 1910 delecto
1574 1854 1629 1908 in
1654 1849 1944 1909 solitudine
1971 1849 2038 1904 ad

477 1954 833 2011 habitandmn
882 1953 1000 2007 loco
1044 1949 1250 2003 Phares
1290 1945 1565 2012 condidit;
1606 1943 1910 2012 liberosque
1939 1957 2040 1993 nu-

475 2060 627 2101 mero
667 2043 946 2098 duodecim
993 2039 1228 2108 suscepit
1276 2055 1290 2091 :
1340 2052 1369 2089 a
1410 2035 1608 2105 quibus
1647 2033 2040 2103 Agarcnorum,

477 2139 590 2194 sive
631 2136 1046 2199 lsmaclitarum,
1105 2131 1195 2200 qui
1250 2129 1408 2182 hodie
1456 2125 1712 2182 Saraceni
1764 2124 2037 2188 dicuntur,

475 2229 651 2284 tribus
701 2233 1007 2296 propagatae
1055 2230 1203 2276 sunt.
1254 2221 1322 2273 At
1367 2221 1553 2272 lsaaco
1591 2217 1700 2271 duo
1749 2215 1862 2269 nati
1917 2223 2042 2269 sunt

476 2319 593 2380 ﬁlii,
636 2317 778 2372 Esau
821 2325 873 2370 et
919 2313 1106 2368 Jacob.
1151 2312 1272 2376 Quo
1323 2320 1561 2377 tempore
1610 2321 1748 2360 vera:
1827 2303 2043 2374 pietatis

475 2409 861 2480 religionisque
899 2404 1198 2461 cultoribus
1242 2400 1738 2460 Abrahamitarum,
1778 2403 1832 2450 et
1878 2395 2042 2450 lsaci-

475 2503 669 2558 darum
710 2515 907 2556 nomen
945 2497 1266 2551 attributum
1315 2502 1416 2548 est.
1465 2490 1593 2545 Post
1636 2489 1749 2542 haec
1797 2485 1938 2540 Esau
1986 2486 2040 2539 in

476 2593 763 2648 ldumaeam
795 2587 1082 2644 discedens
1109 2586 1230 2656 (est
1265 2584 1381 2639 haec
1419 2582 1567 2649 regio
1611 2579 2041 2634 Chananaeormn

475 2683 672 2738 tractui
689 2681 754 2736 ad
774 2679 1049 2736 meridiem
1067 2687 1120 2732 et
1135 2678 1396 2731 orientem
1419 2673 1522 2742 ιο
1543 2672 1792 2738 obversa)
1813 2669 1867 2722 in
1892 2666 2042 2722 Scire

474 2782 660 2830 monte
691 2771 1028 2828 domicilium
1063 2769 1314 2833 collocat,
1359 2766 1541 2834 ibique
1577 2763 1834 2834 oppidum
1873 2759 2041 2814 Edom

477 2865 780 2921 constituit.
829 2862 1000 2932 Cujus
1045 2859 1200 2914 liberi
1254 2866 1514 2928 perpetua
1577 2854 1922 2908 successione
1985 2850 2040 2903 in

477 2957 707 3012 ldumma
752 2953 1015 3010 dominati
1067 2959 1216 3012 sunt,
1271 2949 1502 3016 indeque
1551 2946 1828 3015 principes
1870 2943 2036 2996 Edom

477 3046 908 3117 appellabantur.
941 3042 1018 3094 Ex
1045 3057 1152 3110 qua
1181 3039 1350 3108 stirpe
1380 3040 1425 3092 si
1447 3037 1816 3088 Abrahamum
1844 3050 1872 3087 e
1899 3033 2039 3086 serie

478 3137 786 3202 sustuleris,
814 3143 868 3190 et
899 3135 965 3187 ab
990 3132 1178 3186 lsaaco
1199 3129 1452 3201 cmperis,
1485 3128 1708 3195 quintus
1733 3125 1920 3179 ordine
1940 3123 2042 3178 Job

479 3225 848 3284 numerandus
901 3224 1068 3276 venit.
1128 3220 1338 3274 Etenim
1396 3216 1614 3272 lsaacus
1670 3215 1811 3269 Esau
1870 3214 2038 3268 lilium

479 3319 688 3380 habuit,
723 3317 791 3370 ab
821 3317 922 3387 hoc
950 3313 1176 3384 Raguel,
1211 3325 1240 3363 a
1267 3309 1502 3379 liaguele
1530 3306 1665 3360 Zara
1695 3305 1910 3377 genitus
1933 3313 2034 3359 est.

480 3410 580 3464 Hic
618 3423 748 3464 vero
787 3406 907 3461 Jobi
941 3413 1089 3475 pater
1117 3401 1345 3465 exstitit,
1379 3399 1472 3470 qui
1509 3413 1635 3452 cum
1679 3405 1837 3451 antea
1875 3394 2040 3450 Jocab

479 3502 776 3561 diceretur,
797 3497 955 3566 paulo
989 3504 1112 3549 ante
1149 3492 1509 3546 calamitatem
1550 3489 1695 3542 illam
1733 3485 1901 3542 Jobus
1933 3486 2040 3539 alio

480 3591 698 3644 nomine
728 3594 952 3640 vocatus
970 3593 1072 3638 est.
1112 3581 1214 3636 Per
1243 3580 1376 3633 illud
1408 3594 1538 3633 vero
1567 3589 1780 3648 tempus
1807 3578 2040 3632 circum-

481 3681 710 3736 cisionis
753 3680 890 3733 ritus
928 3677 1226 3729 obtinebat.
1259 3673 1522 3727 Caeterum
1557 3670 1724 3725 Jacob
1757 3669 1898 3725 Esau
1932 3669 2014 3724 ira

482 3773 584 3827 tris
614 3773 748 3825 iram
771 3777 1040 3830 metuens,
1069 3767 1134 3820 de
1152 3775 1434 3836 parentum
1463 3764 1691 3818 consilio
1721 3764 1775 3816 in
1802 3762 2040 3831 Mesopo-

481 3865 700 3918 tamiam
729 3860 950 3916 Phadan
985 3858 1245 3930 profugus
1286 3857 1596 3919 concessit,
1620 3855 1760 3909 ultra
1794 3853 2039 3923 Mesopo-

482 3957 660 4011 tamize
706 3962 911 4025 partem
962 3952 1208 4014 alteram,
1261 3964 1380 4019 qua:
1438 3947 1648 4002 Susoba
1703 3946 2036 4000 nominatur.

554 4092 594 4120 "
625 4087 760 4142 Gen.
789 4103 912 4149 xxv,
947 4085 999 4138 2.

483 4215 715 4284 Σερούχ·
755 4215 879 4282 quia
917 4213 1216 4284 secundum
1255 4211 1424 4284 turris
1455 4210 1894 4276 aediﬁcationem,
1942 4209 2038 4265 Se-

481 4282 999 4352 ruchitemporibus
1025 4282 1327 4336 idololatria
1358 4290 1600 4352 grassata
1631 4290 1734 4335 est.

2161 406 2291 458 Ἀπὸ
2348 406 2405 458 δὲ
2467 406 2713 476 ’Δϐραὰμ
2767 405 2920 460 οὔπω
2967 407 3248 478 ἐπώνυμον
3295 405 3363 480 ἦν
3418 410 3737 478 αἱρέσεως

2147 496 2259 548 ἀλλ’
2290 497 2322 568 ἢ
2365 497 2521 566 μόνον
2553 499 2602 550 οἱ
2632 498 2732 566 τῆς
2765 499 2934 567 αὐτῆς
2962 499 3270 563 θεοσεϐείας
3296 499 3536 572 τοῦνομα
3561 503 3738 572 ἕχον

2146 605 2236 650 τες
2271 587 2611 659 Ἀϐραμιαῖοι
2637 589 2744 642 ἀπὸ
2765 588 2856 642 τοῦ
2896 589 3143 660 Ἀϐραὰμ
3170 590 3483 644 ἐκαλοῦντο.
3514 593 3738 654 Παῖδες

2145 681 2254 751 γὰρ
2301 680 2475 750 τούτῳ
2525 680 2769 751 ὑπῆρξαν
2821 679 3002 734 ὀκτώο
3043 681 3227 734 Ἰσαὰκ
3272 682 3328 735 δὲ
3373 683 3740 753 κληρονόμοι

2147 772 2308 842 μόνος
2335 767 2402 842 ἦν
2421 789 2435 802 ·
2464 771 2597 824 διότι
2629 772 2722 825 καὶ
2751 770 2891 825 κατὰ
2920 770 3158 842 γνώμηνς
3170 771 3262 825 τοῦ
3298 773 3508 844 πατρὸς
3535 775 3740 836 ἐϐίου,

2147 863 2422 934 θεοσεϐείᾳ
2473 865 2850 934 προσανέχων,
2890 868 2985 921 καὶ
3029 870 3150 920 κατ’
3195 868 3531 937 ἐπαγγελίαν
3575 867 3740 921 Θεοί

2144 950 2222 1020 τῷ
2273 952 2437 1022 πατρὶ
2497 952 2810 1024 ἐδεδώρητο.
2877 957 3042 1026 Ἔσχε
3089 956 3148 1010 δὲ
3198 957 3306 1028 πρὸ
3362 957 3557 1010 τούτου
3621 958 3740 1010 tbi

2158 1040 2379 1113 Ἰσμαὴλ
2405 1043 2508 1096 ὑπὸ
2538 1043 2824 1116 παιδίσκης
2848 1045 2946 1114 τῆς
2974 1046 3172 1116 Ἅγαρ.
3201 1047 3481 1120 Χεττοῦρα
3504 1049 3564 1100 δέ
3590 1048 3740 1100 τοὺ-

2141 1151 2220 1203 τῳ
2265 1133 2438 1186 τίκτει
2489 1135 2682 1209 παῖδας
2721 1135 2800 1199 ἐξ.
2835 1137 3262 1206 Διεμερίσθησαν
3311 1137 3368 1190 δὲ
3415 1134 3565 1192 οὗτοι
3619 1138 3742 1192 ἐ-πῖ

2141 1226 2238 1297 τὴν
2266 1227 2566 1296 Εὐδαίμονα
2611 1229 2864 1299 Ἀραϐίαν
2911 1230 3246 1300 καλουμένην
3271 1248 3284 1262 ·
3318 1231 3576 1303 Σεμϐρὰν
3619 1233 3742 1286 καὶ

2155 1319 2323 1383 Ἰέζαν
2357 1320 2468 1388 (54)
2497 1321 2588 1373 καὶ
2630 1321 2828 1392 Ἰεσϐοὴ
2854 1322 2947 1375 καὶ
2972 1321 3120 1374 Σωῦε
3153 1322 3246 1375 καὶ
3289 1323 3583 1394 Ἐμμαδέμ
3616 1326 3742 1378 καὶ

2141 1409 2384 1480 Μαδιὰμ,
2418 1410 2511 1462 καὶ
2531 1412 2558 1462 ὁ
2582 1409 2681 1479 τῆς
2706 1410 3020 1479 παιδίσκηςο
3067 1411 3290 1481 Ἰσμαὴλ
3313 1410 3399 1474 δὲ,
3433 1413 3514 1475 ὠς
3541 1413 3736 1481 ἔφην,

2093 1520 2112 1569 ‘.-_
2141 1501 2313 1572 τούτῳ
2346 1498 2413 1573 ἦν
2435 1501 2622 1572 δνομα.
2663 1501 3086 1572 Καταλαμϐάνει
3114 1503 3171 1555 δὲ
3199 1498 3369 1566 οὗτος,
3403 1505 3499 1557 καὶ
3529 1504 3743 1567 κτίζει

2141 1593 2240 1663 τὴν
2283 1593 2456 1662 Φαρὲς
2494 1593 2831 1664 καλουμένην
2879 1595 2936 1646 ἐν
2969 1596 3034 1664 τῇ
3063 1594 3272 1665 ἐρήμῳ.
3303 1593 3489 1663 Τούτῳ
3517 1595 3743 1656 παῖδες.

2140 1681 2376 1748 γίνονται
2401 1681 2625 1734 δεκαδύο
2653 1683 2743 1735 τὸν
2783 1683 3041 1753 ἀριθμόν·
3077 1682 3137 1747 ἐξ
3176 1678 3252 1737 ὧν
3291 1686 3347 1737 αί
3381 1685 3547 1754 φυλαὶ
3591 1688 3732 1754 (35)

2138 1771 2246 1824 τῶν
2303 1770 2632 1842 Ἀγαρηνῶν,
2668 1769 2772 1824 τῶν
2817 1771 2907 1824 καὶ
2947 1771 3326 1842 Ἰσμαηλιτῶν,
3371 1774 3740 1844 Σαρακηνῶν

2140 1863 2196 1917 δὲ
2220 1863 2288 1914 τὰ
2314 1862 2409 1915 νῦν
2441 1861 2808 1932 καλουμένων.
2839 1862 3008 1932 Γεννᾷ
3043 1861 3099 1915 δὲ
3142 1862 3324 1917 Ἰσαὰκ
3353 1863 3445 1918 δύο
3483 1865 3730 1930 παῖδας,

2152 1951 2319 2004 Ἦσαῦ
2366 1968 2425 2004 τε
2457 1952 2548 2004 καὶ
2601 1950 2809 2004 Ἰακώϐ.
2841 1951 2950 2004 Καὶ
2983 1951 3225 2006 ἐκαλεῖτο
3266 1953 3386 2005 τότε
3429 1953 3492 2006 τὸ
3543 1955 3726 2023 γένος

2139 2042 2247 2094 τῶν
2276 2041 2540 2095 θεοσεϐὦν
2593 2042 2930 2114 Ἀϐραμιαῖοί
2961 2060 3020 2095 τε
3059 2042 3153 2095 καὶ
3203 2043 3481 2098 Ἰσαάκιοι.
3523 2049 3728 2116 Διορισ

2143 2131 2358 2196 σθέντος
2391 2135 2448 2188 δὲ
2499 2133 2591 2187 τοῦ
2637 2134 2804 2188 Ἡσαῦ
2850 2135 2940 2189 ἐπί
2973 2136 3070 2206 τὴν
3124 2136 3425 2206 Ἰδουμαίαν
3459 2136 3602 2208 πρὸς
3638 2141 3718 2208 τῇ

2145 2221 2459 2293 μεσημϐρία
2485 2223 2581 2294 τῆς
2617 2224 2835 2276 Χαναὰν
2864 2225 3122 2294 κειμένης
3153 2223 3332 2296 χώρας
3373 2226 3467 2278 καὶ
3512 2227 3726 2279 ἀνατο-

2141 2311 2296 2380 λικῆς
2319 2350 2334 2374 ,
2362 2312 2602 2384 οἰκιστὴς
2629 2313 2834 2380 γίνεται
2870 2313 2961 2366 τοῦ
2998 2314 3161 2384 Σηεὶρ
3196 2314 3386 2385 ὄρους,
3425 2314 3521 2368 καὶ
3547 2315 3726 2369 πόλιν

2142 2403 2313 2467 κτίζει
2355 2401 2452 2473 τὴν
2513 2401 2689 2472 Ἐδὼμ
2729 2403 3087 2474 καλουμένην.
3127 2403 3369 2458 Γίνονται
3423 2405 3482 2458 δὲ
3529 2404 3724 2476 τούτῳ

2142 2491 2330 2553 παῖδες
2351 2531 2364 2554 ,
2399 2490 2490 2543 καὶ
2529 2490 2944 2562 ἡγεμονεύουσιν
2977 2492 3034 2544 ἐν
3059 2495 3125 2564 τῇ
3166 2492 3438 2564 Ἰδουμαίᾳ
3473 2492 3722 2555 ἕκαστος

2141 2581 2282 2635 κατὰ
2323 2581 2600 2652 διαδοχὴν,
2651 2581 2700 2634 οἶ
2751 2582 2843 2635 καὶ
2872 2581 3158 2634 ἐκαλοῦντο
3185 2582 3447 2652 ἡγεμόνες
3501 2581 3713 2651 Ἐδὼμ.

2155 2671 2243 2735 Ἓξ
2272 2665 2441 2742 οὗπερ
2469 2671 2718 2741 πέμπτος
2746 2671 2854 2741 ('56)
2882 2670 3021 2724 κατὰ
3045 2671 3292 2743 διαδοχὴν
3317 2674 3347 2726 ὁ
3378 2671 3518 2736 Ἰὼϐ,
3539 2673 3719 2737 ὑπεξ-

2142 2760 2462 2830 αιρουμένου
2510 2760 2603 2812 τοῦ
2651 2760 2900 2832 Ἀϐραὰμ
2955 2761 3018 2813 ἐκ
3069 2760 3161 2814 τοῦ
3209 2761 3442 2832 ἀριθμοῦ
3485 2761 3710 2825 τούτου,

2141 2853 2248 2906 ἀπὸ
2317 2852 2374 2905 δὲ
2432 2852 2612 2906 Ἰσαὰκ
2673 2853 3069 2924 ἀριθμουμένου
3096 2870 3108 2882 '
3167 2852 3350 2906 Ἰσαὰκ
3388 2854 3497 2924 γὰρ
3539 2856 3715 2923 γεννᾷ

2144 2942 2234 2995 τὸν
2282 2942 2472 3005 Ἠσαῦ,
2523 2942 2692 2995 Ἢσαῦ
2718 2944 2808 2996 τὸν
2844 2943 3142 3014 Ῥαγουὴλ,
3189 2943 3450 3015 Ῥαγουὴλ
3481 2942 3572 2997 τὸν
3598 2947 3710 2997 Ζα-

2145 3035 2241 3105 pd,
2278 3035 2427 3105 Ζαρᾶ
2455 3034 2545 3086 τὸν
2601 3033 2756 3099 Ἰὼϐ,
2815 3035 2943 3105 πρὶν
2980 3035 3076 3105 μὲν
3105 3035 3433 3105 καλούμενον
3486 3035 3709 3098 Ἰωκὰϐ,

2142 3126 2326 3197 ἕτερον
2352 3125 2408 3179 δέ
2441 3125 2706 3196 κληθέντα
2746 3125 2864 3179 Ἰὼϐ
2896 3125 3057 3196 ὀλίγῳ
3092 3126 3322 3196 πρόσθεν
3349 3126 3456 3198 πρὸ
3481 3127 3574 3180 τοῦ
3608 3144 3709 3194 γε·

2143 3215 2364 3284 νομένω
2413 3217 2560 3286 αὐτῷ
2592 3215 2915 3288 πειρασμοῦ.
2969 3212 3076 3268 Ἦν
3123 3215 3178 3269 δὲ
3232 3217 3501 3288 περιτομὴ
3548 3217 3708 3269 πολι-

2139 3306 2421 3376 τευομένη.
2481 3304 2670 3358 Ἰακὼϐ
2697 3305 2752 3358 δέ
2783 3304 3167 3374 ἀποδιδράσκει
3215 3307 3322 3360 ἀπὸ
3378 3306 3549 3359 Ἡσαῦ
3607 3309 3708 3361 τοῦ

2141 3397 2368 3468 ἀδελφοῦ
2400 3397 2562 3450 αὑτοῦ
2603 3397 2690 3451 διὰ
2731 3398 2889 3469 μῆνιν
2942 3399 3081 3451 κατὰ
3133 3397 3456 3468 συμϐουλίαν
3496 3400 3707 3468 πατρὸς

2141 3490 2234 3544 καὶ
2268 3490 2470 3561 μητρὸς
2523 3489 2614 3541 ἐπὶ
2653 3489 2750 3558 τὴν
2784 3487 3204 3557 Μεσοποταμίαν
3245 3488 3419 3540 Φαδᾶν
3456 3489 3568 3557 (57)
3597 3491 3704 3541 ἐπ-

2140 3583 2322 3636 έκεινα
2341 3583 2440 3652 τῆς
2467 3581 2882 3650 Μεσοποταμίας
2910 3580 3196 3633 Σουσω6ά’
3233 3579 3291 3642 ὃς
3320 3581 3510 3646 ἄγεται
3556 3579 3703 3632 ἐκεῖ·

2141 3672 2232 3725 θεν
2281 3673 2378 3743 τῆς
2437 3673 2569 3736 ἰδίας
2631 3672 2944 3740 συγγενείας
3002 3672 3244 3742 γαμετὰς
3289 3673 3557 3742 τέσσαρας
3609 3672 3704 3725 τὸν

2139 3763 2403 3836 ἀριθμόν·
2443 3766 2535 3818 καὶ
2576 3766 2885 3818 κυῖσκουσιν
2933 3765 3080 3834 αὐτῷ
3124 3765 3316 3828 παῖδας
3345 3765 3570 3818 δεκαδύο
3608 3765 3703 3818 trba

2139 3855 2368 3926 ἀριθμὸν
2393 3896 2408 3917 ,
2458 3857 2583 3919 τοὺς
2627 3856 2720 3908 καὶ
2757 3856 3093 3926 πατριάρχας
3138 3857 3545 3925 ἐπικληθέντας.
3582 3859 3700 3911 Πα-

2139 3945 2508 4017 λινδρομοῦντι
2538 3946 2593 3999 δέ
2625 3945 2770 4016 αὐτῷ
2803 3945 2897 4000 ἐπὶ¹
2930 3946 3024 4017 τὴν
3064 3947 3387 3999 Χαναανῖτιν
3423 3947 3528 4017 γῆν
3563 3949 3699 4019 πρὸς

2152 4214 2373 4267 Ἰεκτάν.
2425 4212 2546 4266 Mox
2585 4211 2868 4281 Ἐμμαδέμ
2906 4217 3157 4280 corrupte
3186 4209 3327 4279 apud
3355 4207 3560 4278 Epiph.
3594 4227 3696 4280 pro

2138 4283 2342 4346 Μαδάν,
2379 4284 2460 4335 LX
2470 4283 2515 4335 Χ.
2544 4283 2749 4336 Μαδὰλ.

554 4333 1052 4424 Αηίηιειιιῖηιιτθηόιι
1073 4363 1126 4404 et
1147 4353 1248 4424 hoc
1269 4333 1402 4424 loco
1427 4333 1884 4424 etalibi‘s—parsim
1907 4364 2029 4403 con-

2144 4333 2148 4337 ,
2471 4333 2590 4406 15;!
2601 4333 2656 4404 αὶ
2674 4333 2885 4419 etiam.
2918 4350 3005 4424 De
3028 4349 3447 4424 Sarracenorum
3474 4351 3691 4424 φυλαξ,

482 4427 669 4480 stituta
715 4426 874 4494 apud
910 4422 1263 4494 Epiphanium
1313 4421 1608 4494 religionis,
1648 4436 1711 4474 ac
1756 4430 2024 4494 sectarum

482 4490 815 4566 progressio.
858 4493 1131 4566 Principio
1167 4492 1312 4566 enim
1346 4491 1748 4566 llarbarismum
1781 4491 1848 4566 ab
1877 4490 2026 4544 orbis

440 4559 633 4627 uiniti'o
660 4565 725 4619 ad
756 4565 1017 4618 diluvium
1047 4559 1352 4616 decurrisse
1379 4570 1547 4629 putat.
1590 4559 1715 4614 lude
1749 4561 1814 4613 ad
1849 4569 2026 4629 ortum

481 4635 704 4706 Seruchi
757 4635 1141 4706 Scythism_um.
1178 4628 1506 4706 ASeruclto
1555 4629 1811 4706 deinceps
1849 4628 2026 4706 l_lelle-

483 4705 690 4759 nismus
720 4699 970 4760 obtinuit.
1011 4701 1145 4755 Tum
1191 4701 1688 4754 Abrahamiaeorum
1738 4699 1806 4752 ab
1851 4699 2026 4753 Abra-

482 4773 641 4829 hamo
672 4785 838 4829 secta.
875 4772 1076 4826 Exinde
1103 4770 1414 4824 Judaismus
1441 4772 1508 4823 ab
1542 4785 1684 4822 anno
1709 4769 2028 4838 patriarchae

480 4858 626 4896 xcux.
681 4845 809 4909 Quae
842 4843 1056 4910 partitio
1087 4843 1318 4895 maxime
1353 4841 1423 4893 ob
1459 4840 1822 4910 Scythismum
1855 4839 2028 4891 fauto-

481 4927 594 4965 rem
626 4928 709 4967 nte
742 4909 853 4966 non
881 4913 1058 4965 habet.
1102 4911 1283 4979 Neque
1311 4911 1454 4965 enim
1490 4909 1652 4962 l'ando
1684 4924 1916 4979 unquam
1947 4917 2030 4962 est

483 4983 760 5035 auditum:
801 4981 981 5034 Noemi
1027 4977 1274 5050 posteros
1323 4991 1447 5050 ante
1501 4979 1692 5031 turrim
1753 4977 2028 5050 conditam

485 5052 714 5121 Scythas
762 5045 1078 5121 appellatos,
1127 5058 1219 5104 aut
1252 5050 1371 5103 aliis
1403 5049 1654 5121 denique,
1689 5061 1847 5121 quam
1893 5045 2028 5121 Scy-

483 5115 608 5174 thia:
652 5115 866 5180 incolis.
915 5128 1035 5188 post
1084 5123 1362 5173 nationum
1397 5115 1579 5188 utique
1608 5115 2030 5188 divortia,_Scy-

482 5192 694 5244 tharum
744 5185 1062 5246 vocabulum
1123 5189 1462 5242 attributum.
1492 5185 1674 5241 dianc
1728 5185 2030 5256 Epiphanio

483 5261 826 5330 partitionem
862 5260 1070 5382 peBerit
1098 5267 1290 5327 arguta
1321 5260 1411 5310 illa
1445 5259 1593 5311 Pauli
1629 5256 2028 5325 interpretatio,

484 5332 548 5382 ad
578 5330 730 5382 Rom.
749 5348 785 5382 I.
812 5331 902 5382 ubi
969 5329 1303 5382 arbarorum.
1328 5327 1670 5382 chtharum.
1695 5327 2026 5382 Gratcorum.

484 5327 548 5384 ad
578 5330 730 5383 Rom.
749 5348 785 5391 ι,
812 5327 902 5383 ubi
927 5327 1303 5391 Barbarorum,
1328 5327 1670 5396 Scytharum,
1695 5327 2026 5386 Gratcorum,

480 5399 896 5470 Judwormnque
955 5399 1010 5451 lit
1059 5398 1278 5470 mentio.
1329 5397 1438 5470 Sed
1483 5414 1644 5470 quam
1694 5398 1923 5470 alienus_
1962 5397 2029 5449 ab

482 5469 768 5595 llaipipllmnii
810 5465 990 5524 iuente
1037 5469 1107 5521 sit
1153 5469 1394 5538 Apostoli
1429 5465 1580 5523 locus
1614 5468 1724 5532 ille,
1776 5482 1864 5522 res
1913 5465 2029 5535 ipsa

502 5557 625 5595 oout
657 5556 737 5593 ur.

502 5543 737 5596 oouitur.

536 5557 983 5678 (Exigentime
1019 5607 1115 5662 καὶ
1153 5607 1338 5667 Ἰἐζαν.
1365 5605 1622 5664 llebraice
1649 5606 1862 5672 Jct-san,
1891 5605 2030 5660 LXX

2132 4437 2185 4482 et
2217 4421 2525 4504 φυλάρχοις
2568 4424 2820 4491 frequens
2869 4422 3009 4491 apud
3055 4421 3412 4490 Procopium,
3445 4423 3693 4490 aliosque

2132 4503 2352 4552 mentio.

2204 4565 2316 4632 (56)
2360 4563 2458 4626 Ἐξ
2489 4557 2672 4632 οὗπερ
2717 4562 2999 4630 πέμπτος.
3039 4559 3113 4614 De
3139 4557 3257 4632 Jobi
3287 4562 3462 4632 rstirpe
3486 4569 3547 4632 et
3577 4561 3692 4613 ori-

2134 4630 2256 4704 gine
2284 4630 2392 4704 non
2421 4631 2607 4687 eadem
2641 4631 2741 4704 l‘uit
2772 4633 3117 4700 antiquorum
3150 4631 3352 4704 opinio.
3395 4630 3498 4704 Sed
3527 4645 3691 4698 quam

2134 4700 2468 4774 Epiphanius
2516 4703 2793 4774 sequitur,
2839 4700 3294 4774 ea_comtnunis,
3352 4700 3693 4774 maximeque

2135 4768 2428 4845 probabilis
2473 4780 2556 4826 est
2582 4768 2727 4824 {Job
2770 4770 3194 4845 eumdemesse
3225 4784 3346 4845 eum
3380 4768 3588 4845 Jobab,
3629 4770 3692 4845 de

2135 4837 2242 4914 quo
2285 4840 2498 4914 Genes._
2529 4857 2741 4914 x_xxv1,_
2769 4842 2856 4895 55.
2906 4838 3060 4904 Quod
3093 4839 3147 4891 in
3175 4839 3412 4914 editione
3443 4837 3584 4914 LXX
3627 4838 3691 4914 ad

2135 4905 2338 4967 calcem
2384 4911 2500 4966 libri
2547 4909 2647 4964 Job
2679 4910 2997 4964 adnotatum
3028 4917 3141 4973 est,
3175 4908 3313 4960 ὥστε
3353 4905 3490 4960 εἶναι
3526 4907 3688 4959 αὐτὸν

2137 4984 2382 5052 πέμπτον
2414 4982 2521 5034 ἀπὸ
2555 4980 2824 5050 Ἀϐραάμ,
2856 4981 3078 5033 excluso
3105 4979 3317 5052 scilicet
3345 4979 3685 5052 Abrahamo;

2136 5048 2223 5106 ut'
2257 5052 2588 5121 Epiphanius
2642 5048 3052 5119 interpretatur.
3104 5048 3178 5102 De
3209 5049 3525 5121 _q_uo_v_ide_
3556 5062 3685 5121 cum

2137 5117 2316 5186 alios,
2347 5117 2461 5174 tum
2503 5117 3094 5182 Salianunfnostrum,
3131 5119 3223 5187 qui
3253 5119 3320 5172 de
3347 5117 3465 5172 Jobi
3515 5117 3687 5170 histo-

2136 5194 2239 5249 ria.
2271 5201 2329 5244 ιιι
2359 5201 2410 5245 et
2441 5192 2505 5244 de
2539 5191 2773 5250 caeteris,
2799 5191 3069 5244 luculente
3100 5188 3416 5257 eruditeque
3449 5188 3687 5255 scripsit.

2207 5263 2316 5330 (37)
2355 5261 2474 5313 Ἐπὶ
2505 5260 2616 5330 τὴν
2647 5259 3102 5327 Μεσοποταμίαν
3137 5256 3686 5330 ΦαδᾶνζλΜθεοροιςι-

2136 5328 2245 5387 mia
2291 5343 2414 5390 D'tN
2449 5339 2541 5397 rm
2577 5329 2763 5382 Padan
2797 5331 2961 5382 Aram
2999 5330 3300 5397 appellatur
3355 5328 3554 5382 Genes.
3586 5341 3687 5378 xxv

2137 5412 2190 5458 et
2242 5397 2588 5456 xxvttt.'Sed
2640 5415 2760 5469 qua:
2805 5401 2878 5453 sit
2925 5399 3102 5469 altera
3144 5399 3532 5469 Mesopotamia
3589 5397 3685 5448 Su-

2138 5472 2292 5532 soba,
2322 5472 2560 5526 nondum
2593 5467 2831 5539 comperi
2857 5510 2870 5536 ,
2901 5485 2997 5525 nec
3037 5468 3144 5524 ulla
3171 5470 3288 5538 ejus
3322 5467 3562 5524 nominis
3592 5481 3685 5520 oc-

2138 5543 2330 5598 currit.
