3754 6182
114 191 202 247 I97
754 187 1122 245 ADVERSUS
1150 187 1493 245 IIIERESES
1532 189 1659 247 LIB.
1700 190 1742 244 I.
1780 189 1941 244 TOM.
1984 191 2023 242 Ι.
2063 219 2133 232 -—
2172 188 2444 243 IIxERES.
2484 188 2623 245 l—lV.

3221 194 3326 255 198

110 308 188 360 τὸν
217 304 341 358 ἴδιον
372 302 535 357 αὑτοῦ
567 303 775 374 πατέρα
818 304 1001 358 Ἰσαὰκ
1047 305 1141 358 καὶ
1185 304 1395 375 μητέρα
1435 305 1653 359 Ῥεϐέκ-

1781 300 1915 356 Inde
1951 311 2182 371 quatuor
2218 318 2248 355 ο
2282 310 2509 373 cognata
2546 302 2746 356 familia
2796 304 3055 375 conjugcs
3089 306 3262 372 duxit,
3295 326 3327 365 e

111 416 233 462 καν,
272 395 480 465 γίνεται
529 413 613 459 τις
643 395 789 465 αὐτῷ
830 396 1063 449 όπτασία
1092 397 1156 448 ἐκ
1199 397 1333 449 Θεοῦ
1379 397 1530 467 παρὰ
1561 396 1660 459 τὰς

108 490 191 543 τοῦ
234 489 492 560 Ἰορδάνου
521 486 817 551 διεκϐολὰς·
869 486 1063 540 Ἰαὸὼκ
1110 487 1165 539 δὲ
1194 489 1284 540 τὸν
1328 489 1658 559 χειμάρρουν

110 579 348 635 καλοῦσιν
369 618 383 643 ,
418 577 546 630 ἔνθα
586 594 688 629 που
718 575 977 629 ἐθεάσατο
1013 577 1363 648 παρεμϐολὰς
1392 578 1655 646 ἀγγέλων.

109 672 202 727 Καὶ
252 671 379 725 ἰδοὺ
405 710 419 733 ,
470 669 665 739 φησὶν,
704 668 1011 737 ἅνθρωπος
1056 668 1155 737 ἀφ’
1212 668 1507 736 ἑσπέρας,
1560 668 1659 721 καὶ

108 761 501 817 συνεπιὶλαιεν
550 758 709 823 αὐτῷ
777 757 915 826 ἄχρι
978 756 1090 825 τῆς
1141 758 1215 810 ἕω
1244 797 1258 821 ,
1326 758 1384 812 ὃν
1432 759 1658 826 ἄγγελον

108 852 473 921 ἐπεσημήνατο
511 852 544 921 ἡ
572 850 759 919 Γραφή
786 865 799 876 ·
837 848 896 910 ὃς
938 847 1055 899 κατ’
1084 848 1332 915 εὐλογίαν
1371 847 1553 901 δίδωσι
1579 848 1659 918 τῷ

119 942 297 996 Ἰακὼὸ
332 941 636 1011 ἀξιώματος
664 940 835 1009 ὄνομα
875 939 953 1010 τῷ
1007 939 1243 1009 Ἰσραήλ.
1275 940 1573 1003 Διαναστὰς
1602 940 1657 992 δὲ

106 1036 298 1089 ἐκεῖθεν
342 1036 371 1087 ὀ
413 1031 602 1086 Ἰακὼό
632 1070 647 1094 ,
691 1031 1007 1101 ἐπωνόμασε
1054 1030 1114 1082 τὸ
1140 1031 1310 1100 ὄνομα
1361 1030 1454 1083 τοῦ
1490 1031 1655 1083 τόπου

105 1124 246 1189 Εἶδος
286 1126 452 1179 Θεοῦ·
485 1123 669 1194 ἐπειδὴ
701 1124 729 1174 ὁ
770 1122 905 1193 πρὸς
942 1122 1101 1174 αὑτὸν
1147 1121 1234 1174 διὰ
1278 1124 1377 1191 τῆς
1412 1122 1657 1190 εὐλογίας

105 1220 299 1286 φήσας,
323 1217 402 1269 ὃτι
436 1215 644 1269 Οὐκέτι
672 1214 1041 1282 κληθήσεται
1069 1215 1131 1266 τὸ
1159 1212 1344 1283 ὄνομά
1381 1228 1497 1267 σου
1548 1215 1659 1268 'Ia-

104 1308 237 1370 κὼϐ,
272 1308 408 1360 ἀλλ’
447 1305 485 1373 ἢ
541 1304 778 1373 Ἰσραὴλ
812 1303 1179 1373 κληθήσεται
1208 1344 1223 1367 ,
1278 1304 1535 1377 διέστειλε
1568 1304 1655 1357 λέ-

102 1414 231 1467 γων·
274 1400 394 1450 Ὅτι
424 1398 760 1466 ἐνίσχυσας
800 1396 952 1465 μετὰ
1000 1395 1179 1455 Θεοῦ,
1219 1396 1318 1448 καὶ
1361 1396 1512 1464 μετὰ
1555 1397 1658 1449 ἀν-

101 1488 339 1555 θρώπων
390 1487 647 1552 δυνατὸς
691 1486 825 1555 ἔσῃ.
897 1486 1028 1540 Ἀπὸ
1082 1486 1269 1539 τούτου
1320 1487 1414 1541 τοῦ
1469 1488 1655 1560 χρόνου

113 1579 431 1651 Ἰσραηλῖται
466 1578 771 1633 καλοῦνται.

158 1838 230 1890 Θ’.
260 1838 371 1891 Καὶ
397 1839 425 1890 ό
452 1837 664 1910 Ἰσραὴλ
691 1838 828 1909 μετὰ
846 1840 944 1911 τὴν
963 1838 1055 1892 τοῦ
1085 1840 1277 1910 Ἰωσὴφ
1298 1842 1375 1903 εἰς
1388 1841 1656 1908 Αἴγυπτον

98 1931 315 1984 κάθοδον
342 1930 551 1984 κάτεισι
574 1931 668 1984 καὶ
698 1931 858 1994 αὐτὸς
886 1932 981 1985 σὺν
1009 1932 1171 1985 παντὶ
1200 1931 1277 2001 τῷ
1307 1932 1441 2003 οἴκῳ
1468 1933 1654 1997 αὑτοῦ,

96 2026 215 2079 υἱῶν
253 2043 314 2078 τε
346 2024 436 2078 καὶ
470 2024 703 2093 ἐκγόνων
728 2064 743 2088 ,
780 2024 1053 2091 γυναικῶν
1091 2040 1151 2075 τε
1180 2024 1288 2075 τῶν
1328 2024 1656 2095 προειρημέ-

99 2138 225 2183 νων,
287 2120 381 2171 καὶ
429 2117 600 2169 ἄλλων
629 2157 642 2179 ,
691 2118 747 2171 ὲν
792 2114 1157 2187 ἐϐδομήκοντα
1189 2115 1374 2185 ψυχῶν
1417 2116 1528 2185 (58)
1566 2116 1656 2169 τὸν

95 2212 341 2283 ἀριθμόν.
389 2209 659 2281 Διατρίὸει
713 2209 770 2262 δὲ
800 2209 861 2261 τὸ
909 2209 1062 2276 γένος
1110 2208 1201 2261 τοῦ
1250 2208 1460 2279 Ἰσραὴλ
1497 2210 1555 2261 ὲν
1589 2212 1655 2280 τῇ

94 2307 191 2359 τῶν
210 2305 521 2373 Αἰγυπτίων
548 2302 699 2373 χώρᾳ
722 2302 913 2369 γενεὰς
949 2301 1129 2353 πέντε.
1177 2299 1364 2353 Ἰακὼϐ
1397 2302 1505 2373 γὰρ
1532 2319 1655 2369 γεν-

94 2402 154 2469 νᾷ
178 2400 275 2451 τὸν
304 2396 433 2451 Λευῖ
473 2396 565 2449 καὶ
606 2396 695 2447 τὸν
750 2392 977 2457 Ἰούδαν,
1012 2393 1105 2445 καὶ
1138 2394 1259 2455 τοὺς
1304 2392 1497 2456 ἄλλους
1525 2394 1655 2447 δέκα

97 2491 451 2562 πατριάρχας.
496 2486 657 2550 Λευῒς
698 2486 753 2539 δὲ
798 2486 962 2556 γεννᾷ
997 2485 1088 2537 τὸν
1136 2485 1313 2541 Καάθ.
1366 2486 1564 2549 Ἰούδας
1600 2487 1655 2539 δὲ

94 2584 249 2653 γεννᾷ
273 2584 366 2633 τὸν
389 2580 581 2651 Φαρές.
610 2576 765 2631 Καὰθ
785 2578 947 2647 γεννᾷ
966 2578 1056 2630 τὸν
1091 2576 1365 2648 Ἀμϐράμ.
1402 2578 1655 2649 Ἀμϐρὰμ

94 2676 249 2743 γεννᾷ
292 2674 386 2726 τὸν
430 2670 685 2725 Μωῦσέα.
713 2668 888 2738 Φαρὲς
925 2669 1089 2740 γεννᾷ
1116 2669 1207 2722 τὸν
1254 2668 1493 2741 Ἑσρώμ.
1536 2670 1655 2722 Ἐσ-

94 2766 209 2838 ρὼμ
232 2766 401 2834 γεννᾷ
427 2764 516 2815 τὸν
558 2761 751 2833 Ἀράμ.
796 2761 972 2830 Ἀρὰμ
1004 2761 1166 2830 γεννᾷ
1194 2760 1285 2813 τὸν
1325 2759 1649 2831 Ἀμιναδάϐο

104 2856 393 2927 ’Δμιναδὰὸ
429 2854 519 2906 τὸν
543 2850 806 2906 Ναασσὼν
846 2853 906 2904 ἐν
929 2851 1141 2921 χρόνοις
1185 2851 1461 2914 Μωῦσέως
1494 2852 1606 2923 (59)
1634 2867 1649 2882 ⁸

94 2951 179 3000 καὶ
206 2943 477 2999 Ναασεὼν
512 2944 738 3013 πέμπτῃ
768 2940 931 3011 γενεᾷ
971 2938 1110 2992 κατὰ
1144 2938 1234 2991 τὸν
1283 2940 1432 2991 Aeni.
1476 2937 1654 3002 Ἕξει-

95 3058 170 3093 σιν
210 3037 429 3111 Ἰσραὴλ
461 3038 523 3088 ὲκ
552 3034 655 3103 γῆς
691 3032 963 3102 Αἰγύπτου
997 3030 1084 3085 διὰ
1119 3031 1219 3101 τῆς
1254 3030 1516 3102 Ἐρυθρᾶς
1559 3029 1657 3084 θα-

92 3133 288 3201 λάσσης
313 3133 373 3183 ὲν
398 3127 758 3197 θεοσημείοις,
788 3125 879 3177 καὶ
906 3122 1315 3195 στρατοπεδεύει
1346 3124 1403 3175 ὲν
1438 3126 1502 3194 τῇ
1534 3123 1660 3194 ἐρή-

96 3242 175 3292 μῳ
214 3222 367 3274 Σινᾶ.
400 3219 510 3271 Καὶ
538 3216 802 3288 χρησμῶν
836 3216 1092 3268 δοθέντων
1131 3216 1194 3266 ὲκ
1226 3213 1360 3267 Θεοῦ
1385 3213 1461 3284 τῷ
1492 3212 1655 3285 θερά-

97 3330 239 3365 ποντι
268 3309 436 3365 αὐτοῦ
473 3310 695 3362 Μωῦσεῖ
720 3306 1123 3377 ἀριθμήσασθαι
1147 3305 1254 3358 ἀπὸ
1274 3304 1473 3358 εἴκοσιν
1498 3305 1655 3370 ἐτῶν,

94 3406 183 3457 καὶ
222 3404 328 3467 ἕως
364 3402 700 3471 πεντήκοντα
737 3399 931 3468 ἄνδρας
974 3397 1301 3467 δυναμένους
1349 3396 1657 3450 σπάσασθαι

95 3495 364 3565 ῥομφαίαν
390 3535 405 3557 ,
445 3493 538 3544 καὶ
574 3490 867 3561 λαμϐάνειν
906 3488 1044 3540 ὅπλα
1074 3486 1375 3556 πολεμικὰ,
1408 3489 1487 3550 εἰς
1535 3488 1657 3560 ἑξη-

93 3585 347 3640 κονταδύο
382 3582 647 3655 μυριάδας
690 3582 779 3633 καὶ
808 3579 1235 3648 ὀκτακισχιλίους
1274 3578 1656 3643 πεντακοσίους

92 3675 263 3752 εὗρεν.
298 3676 409 3733 Ἦν
459 3680 515 3731 δὲ
544 3678 660 3730 κατ’
701 3678 872 3728 ἐκεῖνο
904 3674 1096 3746 καιροῦ
1128 3675 1239 3745 (40)
1288 3676 1496 3744 Ἴναχος
1529 3674 1657 3743 παρ’

157 3818 201 3848 ¹²
235 3815 378 3870 Gen.
409 3828 582 3875 χχχιι,
605 3811 696 3864 24.
772 3808 817 3839 ³³
849 3807 980 3861 ibid.
1020 3806 1109 3859 28.

160 3949 271 4021 (38)
448 3944 854 4021 ἑβδομήκοντα
888 3938 1121 4021 ψυχῷν.
1158 3935 1655 4021 ϐοιχψυχαῖςκῡις

90 4006 315 4076 nuinero
346 4006 615 4073 dissident
649 4006 857 4068 Hebraei
892 4006 1176 4079 Latinique
1203 4006 1477 4079 codicesa
1512 4006 1654 4060 LXX

95 4091 447 4151 Senioribus;
477 4085 775 4140 secundum
797 4096 936 4151 quos
955 4077 1195 4142 Actfvn,
1214 4079 1312 4151 illi,
1344 4077 1653 4151 Stephanus

90 4145 155 4216 75
190 4162 406 4213 animas
435 4145 723 4210 enumerat
756 4171 769 4205 :
816 4145 1148 4221 'quanquam
1210 4150 1370 4202 iidem
1404 4145 1479 4200 illi
1516 4145 1654 4221 LXX

90 4231 243 4286 Deut.
296 4246 355 4293 χ,
385 4228 478 4288 ‘22,
512 4242 618 4280 non
658 4218 1273 4295 pluresfanim’as‘quam
1310 4218 1653 4295 septuaginta

90 4287 410 4371 posuerunt.
452 4287 523 4350 De
542 4287 980 4371 hac-quaestione
1014 4287 1475 4371 vitleg‘llieronain
1520 4287 1652 4371 Τιθρ-

90 4356 205 4435 ἷιὶι.,
231 4378 287 4425 et
326 4367 616 4437 Augustin.
646 4356 841 4434 quaest.
876 4361 979 4415 152
1026 4361 1079 4413 in
1124 4358 1331 4422 (ἕρκει,
1367 4366 1419 4411 et
1450 4373 1537 4410 xvi
1575 4356 1652 4410 De

90 4443 227 4494 civit.
244 4483 255 4499 .
290 4438 415 4493 149.

155 4496 265 4579 (59)
312 4510 411 4560 Ἑν
452 4506 687 4575 χρόνοις
712 4499 1034 4579 ,Μωϋᾳέωςι
1079 4497 1250 4551 Prava
1288 4496 1654 4579 interpunctio

91 4568 817 4635 falsissimamwsententiam
862 4572 966 4624 hoc
1010 4572 1131 4623 loco
1172 4568 1425 4637 peperit:
1460 4582 1654 4635 nempe

89 4652 272 4718 quinta
314 4646 477 4718 γενεᾷ
506 4644 798 4718 utrobique
845 4651 954 4695 tam
993 4641 1047 4695 in
1072 4636 1257 4718 _stirpe
1298 4636 1466 4718 Levi,
1491 4652 1655 4717 quam

86 4707 254 4783 Iudae,
291 4707 572 4771 Israelitas
610 4730 673 4769 ex
710 4707 959 4787 )Egypto
1014 4712 1296 4787 migrasse.
1332 4708 1475 4787 Dixit
1512 4707 1656 4787 enim

90 4774 253 4859 paulo
304 4796 437 4843 ante
483 4802 496 4836 :
549 4774 1027 4859 _rn_an_sisse"i_ll_os_
1073 4774 1129 4833 in
1186 4776 1419 4859 A‘ngpto
1466 4774 1657 4859 γενεὰς

90 4848 283 4913 πέντε·
339 4871 481 4921 quas
530 4855 725 4909 deinde
772 4851 1087 4921 singillatim
1137 4854 1441 4921 percenset.
1493 4848 1656 4921 Atqui

90 4875 283 4913 πεντεο
382 4875 481 4911 uas
530 4875 725 4909 uetnue
772 4875 1087 4921 Slllglttauul
1138 4875 1441 4918 pctucuacs.
1493 4875 1656 4913 nequi

88 4931 150 4983 de
177 4931 296 4985 sola
327 4875 385 4983 i3
414 4926 656 4997 chi_t_ica
696 4930 978 4997 utcunque
1019 4935 1204 4997 verum
1246 4918 1467 4997 est;.in
1506 4915 1659 4969 Juda;

89 5001 254 5070 stirpe
285 4998 511 5053 falsum.
533 4993 661 5049 Haec
689 4993 835 5048 enim
864 4990 950 5046 est
975 4990 1265 5059 utriusque
1288 4990 1483 5043 series.

749 5104 917 5160 Iacob

436 5201 567 5256 Levi
994 5193 1021 5248 J
1030 5195 1131 5249 uda

437 5271 612 5327 Caath
994 5264 1200 5319 Phares

442 5343 665 5395 Amram
992 5334 1204 5391 Hesron

435 5411 649 5484 Moyses
992 5405 1127 5484 [iam

1000 5474 1301 5530 Aminadab

151 5625 762 5699 Egyptum'iugressus
806 5628 890 5678 est
926 5545 1283 5684 Jagﬁsscotiin
1324 5615 1436 5686 jam
1481 5614 1653 5673 Caath

1761 391 1959 460 quibus
1989 390 2271 443 duodecim
2299 391 2497 446 liberos
2516 391 2855 459 patriarchas
2879 397 3138 465 suscepit.
3162 398 3327 451 Cum-

1760 500 1866 553 que
1890 485 1942 537 in
1965 486 2322 537 tibananzeam
2353 484 2417 537 ad
2444 493 2694 553 parentes
2719 501 2847 541 suos
2874 486 3022 541 Isaac
3044 498 3097 543 et
3119 490 3327 548 Rebec-

1760 590 1878 627 cam
1923 574 2256 644 postliminio
2289 575 2509 635 rediret,
2557 577 2731 630 visum
2774 577 2823 631 ei
2868 579 3137 645 quoddam
3183 583 3325 637 haud

1760 668 1948 735 procul
1999 665 2252 720 Iordanis
2302 666 2455 720 vadis
2497 665 2760 721 divinitus
2811 668 3051 723 oblatum
3107 681 3209 736 est,
3260 672 3327 727 ad

1761 766 2052 811 torrentem
2092 755 2279 817 Jaboc,
2322 757 2409 809 ubi
2452 758 2765 825 angelormn
2806 768 2985 813 castra
3022 765 3323 831 conspexit.

1760 846 1828 899 Et
1857 865 1993 909 ecce.
2044 848 2253 917 inquit,
2280 848 2357 899 vir
2379 848 2593 916 quidam
2626 866 2741 901 cum
2770 867 2829 902 eo
2861 852 3162 906 luctabatur
3185 872 3216 907 a
3247 872 3328 909 re-

1759 954 1909 1004 spera
1960 938 2027 989 ad
2082 954 2327 990 auroram
2370 954 2528 1006 usque
2560 942 2624 999 ",
2656 956 2816 1007 quem
2864 944 3112 1011 angelum
3160 946 3329 1003 fuisse

1762 1027 2039 1096 Scriptura
2080 1029 2369 1097 signiﬁcat,
2402 1030 2492 1098 qui
2531 1027 2732 1083 Iacobo
2766 1031 3112 1100 benedicens,
3152 1037 3325 1091 eidem

1758 1121 2037 1190 dignitatis
2088 1121 2305 1175 nomine
2365 1120 2579 1175 lsraelis
2642 1122 3055 1189 appellationem
3113 1127 3323 1181 indidit.

1758 1214 1949 1268 Postea
1994 1214 2305 1283 digrediens
2333 1213 2570 1269 Iacobus
2602 1218 2648 1269 ei
2682 1217 2800 1269 loco
2833 1216 3069 1271 Visiunis
3093 1218 3185 1273 Dei
3230 1237 3328 1273 no-

1758 1321 1881 1360 men
1913 1306 2192 1375 imposuit,
2219 1315 2501 1375 propterea
2526 1306 2783 1375 quodqui
2816 1309 2917 1361 sibi
2944 1309 3085 1363 inter
3110 1312 3329 1367 benedi-

1757 1396 1989 1449 cendum
2022 1396 2234 1450 dixerat
2264 1417 2276 1450 :
2316 1396 2659 1467 Nequaquam
2686 1400 2912 1466 amplius
2937 1402 3197 1455 vocaberis
3224 1403 3326 1457 Ja-

1757 1487 1888 1546 cob.
1934 1486 2023 1539 sed
2067 1486 2238 1540 Israel
2286 1488 2379 1539 tibi
2426 1505 2608 1541 nomen
2641 1492 2761 1551 erit,
2811 1490 2951 1543 idem
2990 1493 3089 1545 hoc
3127 1495 3329 1549 diserte

1758 1577 2083 1646 subjecerat:
2120 1578 2378 1643 Quoniam
2411 1594 2527 1630 cum
2558 1579 2670 1635 Deo
2698 1582 3009 1635 contendens
3035 1594 3326 1651 prwpotens

1682 1654 1732 1715 Β
1757 1669 1927 1736 fuisti,
1951 1669 2107 1720 etiam
2130 1678 2313 1720 contra
2340 1666 2570 1721 homines
2589 1670 2777 1722 viribus
2808 1671 2999 1725 valebis
3031 1673 3095 1727 ³³.
3122 1674 3203 1728 Ab
3233 1676 3328 1730 illo

1758 1757 2014 1825 deinceps
2041 1764 2281 1824 tempore
2316 1757 2569 1809 Israelitae
2598 1760 2891 1826 nuncupati
2916 1769 3062 1813 sunt.

1824 1845 1913 1899 ιχ.
1958 1846 2247 1916 Postquam
2292 1863 2417 1901 vero
2460 1848 2513 1900 in
2555 1848 2851 1919 {Egyptum
2897 1850 3166 1921 Iosephus
3210 1872 3330 1923 pro-

1758 1939 1931 1993 fectus
1984 1948 2086 2005 est,
2142 1940 2205 1993 ad
2260 1955 2383 1993 eum
2436 1939 2603 1995 Israel
2650 1956 2773 1994 cum
2818 1944 3071 1998 universa
3121 1948 3327 2003 familia

1758 2031 2029 2097 perrexit,
2088 2046 2210 2083 cum
2247 2030 2389 2088 Iiliis.
2428 2032 2671 2099 inquam,
2705 2048 2767 2085 ac
2800 2035 3118 2102 nepotibus,
3164 2047 3327 2107 atque

1759 2121 1949 2175 horum
1994 2122 2234 2174 omnium
2287 2121 2567 2186 uxoribus,
2614 2124 2932 2194 reliquaque
2965 2127 3146 2189 domo,
3181 2138 3239 2183 ut
3271 2133 3327 2184 in

1758 2216 1928 2263 totum
1993 2212 2337 2280 septuaginta
2388 2214 2562 2281 capita
2611 2224 2891 2267 numerata
2944 2216 3071 2270 sint.
3128 2218 3329 2277 Mansit

1759 2316 1919 2368 porro
1955 2301 2321 2356 Israelitarum
2358 2302 2411 2355 in
2438 2302 2669 2373 ZEgypto
2703 2321 2874 2374 genus
2913 2316 3129 2363 relatum
3168 2312 3329 2380 quin-

1756 2407 1861 2461 que
1900 2392 2095 2461 spatio.
2147 2392 2423 2461 Siquidem
2471 2393 2707 2449 Iacobus
2750 2395 2876 2451 Levi
2924 2408 3087 2469 atque
3131 2400 3327 2459 Judam

1756 2484 1974 2553 genuit,
2001 2490 2335 2553 caeterosque
2379 2485 2721 2554 patriarchas
2757 2489 2959 2542 decem.
2999 2489 3127 2546 Levi
3158 2494 3327 2550 Caath

1757 2576 1925 2629 lilium
1950 2593 1963 2637 ;
1991 2573 2128 2629 Juda
2153 2574 2358 2631 Phares
2387 2578 2649 2646 suscepit.
2675 2577 2844 2633 Caath
2870 2583 3087 2636 Amram
3115 2588 3324 2655 genuit,

1754 2670 1973 2723 Amram
2010 2669 2247 2740 Moysen.
2302 2670 2370 2723 At
2405 2670 2608 2726 Phares
2649 2671 2855 2739 Esrom,
2903 2673 3097 2730 Esrom
3137 2679 3323 2747 Aram,

1753 2758 1916 2813 Aram
1939 2758 2259 2823 Aminadab,
2283 2760 2379 2827 ιι
2414 2760 2715 2814 Aminadab
2732 2760 2973 2817 Naasson
2999 2764 3164 2820 Mosis
3189 2775 3327 2822 tem-

1755 2865 1905 2919 pore.
1940 2848 2031 2904 Sic
2048 2857 2203 2904 aetate
2226 2849 2449 2918 perinde
2474 2850 2661 2920 quinta
2683 2851 2929 2907 Naasson
2952 2863 3106 2910 ortus
3128 2867 3229 2913 est.
3250 2860 3320 2914 At

1758 2939 2014 2996 Israelita:
2057 2956 2153 3010 per
2195 2956 2341 2994 mare
2381 2939 2624 2994 Rubrum
2666 2959 2733 2998 ex
2773 2943 3006 3015 Egypto
3038 2947 3179 3003 inter
3209 2961 3327 3005 stu-

1759 3031 1936 3104 penda
1974 3032 2218 3101 prodigia
2249 3032 2479 3100 digressi
2516 3033 2569 3086 in
2599 3033 2815 3088 deserto
2850 3036 3112 3093 Sinaitico
3142 3050 3325 3099 castra

1757 3123 1941 3179 metati
1978 3130 2126 3179 sunt.
2163 3121 2299 3176 Tum
2328 3121 2497 3192 Moysi
2529 3121 2620 3178 Dei
2664 3140 2821 3179 servo
2855 3128 3098 3183 divinum
3130 3146 3319 3189 oracu-

1755 3210 1867 3266 lum
1899 3227 2181 3266 recensere
2213 3214 2468 3281 populum
2493 3212 2680 3281 jubet,
2713 3229 3011 3285 eorumque
3036 3236 3325 3278 numerum

1754 3303 1913 3367 inire,
1953 3304 2045 3373 qui
2085 3303 2373 3357 militarem
2418 3312 2629 3359 aetatem
2673 3304 2850 3375 adepti
2893 3315 3131 3365 tractare
3172 3327 3325 3367 arma

1755 3404 1997 3465 possent,
2044 3412 2074 3448 a
2124 3396 2381 3449 vicesimo
2437 3397 2610 3449 aetatis
2665 3411 2807 3450 anno
2864 3399 2930 3452 ad
2988 3402 3323 3472 quinquage-

1757 3485 1977 3538 simum.
2002 3485 2176 3550 Quam
2215 3485 2268 3537 in
2306 3485 2726 3554 descriptionem
2758 3498 3011 3543 sexcenta
3053 3492 3238 3561 viginti
3270 3500 3325 3549 et

1754 3585 1878 3630 octo
1917 3576 2083 3629 millia
2130 3592 2194 3630 ac
2215 3577 2508 3647 quingenta
2542 3578 2717 3646 capita
2751 3579 2919 3633 relata
2958 3591 3105 3637 sunt.
3149 3585 3324 3655 Atque

1755 3667 1899 3723 idem
1932 3667 2063 3722 illud
2094 3675 2306 3737 tempus
2340 3667 2461 3732 fuit,
2499 3684 2608 3737 quo
2652 3668 2793 3738 apud
2833 3669 3051 3729 Grmcos
3090 3673 3323 3735 Inachus

1755 3946 2004 4018 nepotem
2027 3954 2091 3992 ex
2120 3937 2243 4018 Levi
2272 3938 2379 4018 (ilio
2408 3944 2758 4018 suscepisset.
2778 3942 3141 4018 Quamobrem
3167 3950 3320 4018 prius

1755 4010 1887 4063 illud
1930 4009 2124 4083 falsum
2151 4017 2265 4071 est,
2302 4009 2461 4061 πέντε
2497 4009 2686 4083 γενεάς
2722 4014 2773 4065 in
2806 4014 3037 4083 A‘ngpto
3076 4009 3320 4071 commo-

1755 4088 1905 4132 ratos
1942 4079 2153 4133 lsraelis
2184 4087 2449 4147 posteros,
2480 4094 2601 4133 cum
2628 4082 2768 4144 duae,
2817 4079 2927 4135 aut'
2949 4079 3016 4137 ad
3046 4102 3319 4142 summum

1755 4157 1867 4224 tres
1911 4148 2654 4224 duntaxatintercesserint.
2706 4152 3005 4218 Posterius,
3059 4159 3203 4224 quod
3244 4159 3321 4212 ait

1756 4220 1945 4291 quinta
1995 4220 2157 4288 γενεᾷ
2203 4220 2487 4291 liberatum
2524 4237 2646 4275 esse
2704 4224 2980 4291 populum,
3034 4220 3320 4282 cutninoda

1758 4290 2201 4356 interpretatione
2228 4290 2330 4363 ‘sic
2376 4290 2740 4363 adjuvandum
2776 4290 2910 4363 est,
2968 4302 3024 4347 ut
3070 4296 3320 4363 quintum

1755 4368 1918 4432 caput
1952 4373 2045 4426 per
2083 4359 2274 4432 γενεάν
2311 4360 2594 4432 intelligat.
2638 4360 2771 4432 Nam
2815 4362 3025 4432 Moyses
3056 4359 3320 4421 a'Jacobo

1755 4430 1983 4504 quintus
2006 4440 2118 4504 es_t._
2138 4427 2403 4504 Neutrum
2433 4427 2683 4504 in'stirpe
2706 4429 2857 4504 Juda:
2886 4427 3179 4499 procedere
3219 4452 3317 4504 po-

1756 4496 1881 4552 test.
1933 4496 2207 4569 Siquidem
2254 4496 2513 4569 l‘iaasson
2554 4515 2582 4551 a
2618 4496 2842 4553 _Jacobo
2886 4496 3159 4569 septimus
3212 4496 3315 4559 est.

1756 4569 1896 4642 Ergo
1924 4570 1994 4642 ita
2040 4568 2214 4642 locum
2252 4567 2541 4642 _hipiphanii
2577 4567 2986 4642 concipiemus:
3020 4573 3077 4623 ὲν
3110 4574 3319 4642 χρόνοις

1756 4637 2029 4698 Μωῦσέως
2051 4676 2064 4699 ,

1758 4706 1889 4759 Λευϊ
1935 4705 2153 4770 ἔξεισιν,
2184 4713 2313 4760 etc.:
2352 4707 2550 4770 Quinta
2588 4705 2916 4774 generatione
2960 4705 3219 4765 duntaxat
3265 4717 3320 4767 in

1758 4777 1889 4848 serie
1912 4775 2052 4848 Levi.
2086 4776 2240 4848 Quod
2287 4776 2647 4844 adjiciendum
2674 4778 2793 4832 ideo
2825 4779 2946 4841 fuit,
2973 4781 3100 4848 quia
3131 4783 3319 4837 ambas

1758 4847 1901 4921 inter
1923 4862 1979 4900 se
2009 4844 2241 4921 familias
2273 4848 2679 4921 permiscuerat.
2717 4848 2797 4900 Ad
2823 4844 3055 4921 eumque
3095 4853 3316 4906 modum

1759 4916 2079 4982 corrigenda
2107 4924 2161 4969 et
2190 4916 2560 4984 interpretatio
2583 4925 2813 4970 nostra;

1828 4984 1945 5058 Huc
1975 4986 2064 5037 illa
2097 4985 2327 5039 celebris
2356 4994 2408 5038 et
2427 5001 2462 5058 a
2496 4986 2843 5058 chronologis
2872 4998 3062 5042 vexata
3087 4991 3316 5058 quzestio

1757 5056 2027 5128 pertinet;
2055 5063 2187 5123 quot
2221 5069 2394 5128 annos
2426 5056 2478 5107 in
2506 5053 2740 5125 Aigypto
2764 5053 3027 5113 Israelita:
3059 5053 3314 5128 perman-

1760 5124 1952 5179 Serint.
1989 5124 2161 5190 Quam
2188 5141 2256 5177 ne
2286 5126 2544 5193 attingam
2577 5124 2678 5180 hoc
2707 5129 2846 5191 loco,
2879 5145 3002 5182 cum
3038 5124 3247 5193 eorum,
3284 5147 3315 5185 a

1759 5196 1955 5268 quibus
1982 5204 2066 5249 est
2104 5203 2328 5268 tractata
2353 5234 2367 5256 ,
2395 5194 2709 5268 diligentia,
2759 5207 2813 5254 et
2844 5200 3001 5268 c0pia
3021 5240 3035 5262 ,
3072 5209 3185 5252 tum
3227 5202 3315 5254 in-

1758 5267 1946 5319 stituta
1972 5272 2222 5318 notarum
2259 5265 2494 5319 brevitas
2528 5266 2797 5321 hortatur.

1829 5334 1939 5403 (40)
1972 5330 2082 5388 τΗν·
2108 5333 2175 5385 δὲ
2215 5337 2339 5405 κατ’
2363 5334 2558 5389 ἐκεῖνο
2600 5339 2829 5405 καιροῦ.
2873 5336 3161 5392 Veteribus
3191 5347 3316 5394 ante

1757 5402 2047 5478 Eusebium
2088 5404 2354 5478 _omnibus
2395 5402 2882 5478 persuasissnnum
2920 5419 3055 5472 erat,
3113 5407 3315 5478 Moysis

1761 5474 2049 5547 guyxpovov
2088 5473 2342 5547 Inachum
2387 5473 2573 5535 fuisse,
2623 5487 2681 5530 ut
2728 5477 2995 5547 Joseplio,
3031 5473 3311 5541 Clementi,

1758 5542 2012 5617 Tatiano,
2040 5545 2525 5617 caatet'isdenique.
2548 5546 2786 5613 Quorum
2824 5542 3037 5617 quidem
3072 5563 3310 5601 errorem

1759 5616 2044 5686 castigavit
2077 5616 2339 5670 Eusebius
2371 5632 2381 5668 ε
2416 5627 2467 5673 et
2505 5617 2760 5673 lnacbum
2792 5628 2917 5673 ante
2948 5618 3313 5672 lsraelitarum

2110 4636 2201 4688 καὶ
2250 4637 2548 4709 Ναασσών·
2580 4638 2805 4709 πέμπτῃ
2857 4642 3018 4709 γενεᾷ
3063 4636 3201 4696 κάἓά
3230 4636 3320 4697 τὸν
