3754 6182
407 165 513 220 199

1811 155 1868 205 δ.
1911 151 2254 207 EPII’HANII

3570 153 3670 208 290

403 278 662 342 Ilorebat;
693 273 852 345 cujus
879 270 939 326 Io
969 267 1100 336 tilia,
1132 266 1318 322 Atthis
1335 281 1472 321 anas
1487 264 1866 331 dicta,Attica:
1897 282 1970 324 re.

2138 269 2316 341 ζλλησι
2345 269 2741 341 γνωριζόμενος
2763 307 2776 331 ,
2808 261 2868 323 οὗ
2911 268 3159 339 θυγάτηρ
3209 269 3295 322 Ἰὼ
3325 271 3475 330 (Ml,
3521 274 3553 339 ἠ
3585 276 3669 326 καὶ

403 369 550 440 gioni
585 368 652 422 de
692 379 794 421 suo
830 377 1028 418 nomen
1064 360 1344 431 imposuit.
1387 357 1462 411 Ex
1503 359 1694 413 eadem
1735 368 1899 415 natus
1937 368 1992 416 et

405 461 741 531 Bosphorus.
777 455 867 510 cui
913 451 1259 524 cognominis
1310 451 1442 504 urbs
1486 450 1544 503 in
1593 448 1806 504 Euxino
1853 451 1991 504 mari

405 553 602 622 posita.
639 547 746 603 Sed
788 545 1030 617 Egyptii
1074 543 1185 600 Isin
1228 543 1377 596 illam
1420 550 1762 610 nuncupant,
1796 557 1860 596 ac
1892 557 1991 612 pro

402 643 507 700 dca
545 646 896 697 venerantur.
941 635 1125 690 Inachi
1159 648 1326 704 porro
1353 648 1553 686 nomen
1595 634 1758 686 etiam
1795 632 1990 689 Iluvius

402 715 622 805 quidam
655 731 880 787 sortitus
903 735 1006 784 est.
1033 726 1304 781 Ca’terum
1335 725 1486 778 illinc
1518 723 1829 778 Graecorum
1869 741 1991 796 my-

403 828 570 882 steria
594 825 995 895 religionesque
1021 819 1278 874 derivata:
1292 827 1439 881 sunt,
1466 833 1587 886 quae
1625 817 1769 887 apud
1821 816 1990 888 {Egy—

405 920 567 989 ptios,
612 917 874 987 Phryges,
908 911 1197 966 thnices
1233 917 1288 964 et
1327 909 1654 981 Babylonios
1704 911 1845 964 male
1890 925 1988 962 an-

403 1013 564 1064 tehac
611 1008 920 1078 excogitata
978 1018 1076 1074 per
1121 1000 1409 1063 Cadmum.
1461 1011 1516 1057 et
1563 1002 1844 1066 Inachmn,
1894 1003 1988 1072 qui

403 1104 560 1173 prius
603 1101 737 1170 Apis
796 1099 999 1160 dictus,
1028 1095 1309 1166 Memphin
1358 1094 1549 1148 urbem
1603 1094 1868 1158 condidit,
1922 1112 1988 1150 ex

403 1193 640 1265 Egypto
675 1191 939 1244 translata
978 1197 1104 1244 sunt
1135 1187 1190 1242 in
1211 1185 1503 1256 Graeciam.
1542 1185 1687 1252 Quin
1722 1188 1884 1241 etiam
1920 1188 1989 1242 ab

402 1283 620 1354 Orpheo
649 1283 882 1351 aliisque
920 1279 1201 1334 nonnullis
1242 1278 1456 1333 invecta
1496 1280 1678 1334 varias
1716 1281 1772 1333 in
1812 1291 1988 1336 sectas

403 1378 659 1431 coaluere
713 1373 1058 1444 postmodum
1119 1390 1132 1425 :
1186 1386 1419 1441 quarum
1481 1369 1792 1441 Epicurus,
1843 1370 1989 1426 Zeno

405 1466 647 1531 Stoicus,
681 1467 1015 1537 Pythagoras
1049 1478 1114 1518 ac
1144 1462 1319 1527 Plato,
1351 1462 1520 1518 duces
1539 1471 1704 1534 atque
1739 1464 1988 1518 invento-

403 1577 492 1617 res
546 1560 786 1615 fuerunt.
838 1559 1008 1629 Igitur
1061 1557 1130 1610 ab
1186 1557 1282 1611 illo
1337 1566 1582 1626 tempore
1632 1557 1986 1611 corroborata

2107 361 2284 425 Ἀτθὶς
2323 361 2664 431 καλουμένη,
2697 359 2766 412 δι’
2797 362 2862 431 ἢν
2901 361 2996 415 καὶ
3021 363 3054 431 ή
3099 363 3318 432 Ἀττική
3352 381 3364 392 δ
3402 363 3464 426 ἐξ
3492 359 3558 433 ἧς
3586 368 3669 417 καὶ

2092 455 2121 506 ὁ
2150 453 2420 525 Βόσπορος
2443 493 2457 516 ,
2480 447 2540 506 οὗ
2576 453 2862 524 ἐπώνυμος
2892 453 3045 516 πόλις
3073 453 3350 525 Βόσπορος
3380 457 3442 506 ὲν
3465 457 3541 525 τῷ
3579 458 3669 508 Εὑ-

2095 543 2252 615 ξείνῳ
2279 546 2458 616 πόντῳ
2481 544 2812 615 καλουμένη.
2839 544 3080 598 Καλοῦσι
3113 545 3168 598 δὲ
3189 545 3358 617 αὐτὴν
3387 547 3668 613 Αἰγύπτιοι

2092 632 2230 689 Ἶσιν
2254 676 2268 700 ,
2299 637 2367 707 ἢν
2403 637 2498 690 καὶ
2525 637 2600 700 ὠς
2641 636 2770 690 θεὰν
2807 636 3223 707 προσκυνοῦσιν.
3267 638 3591 707 Ὀμώνυμος
3619 639 3668 692 δὲ

2091 728 2265 798 τούτῳ
2296 729 2390 782 καὶ
2428 729 2668 799 ποταμός
2702 731 2846 782 ἐστιν
2893 730 3106 799 Ἴναχος
3143 730 3285 782 οὓτω
3317 731 3667 800 καλούμενος.

2105 821 2340 876 Ἐκεῖθεν
2387 821 2442 874 δὲ
2471 821 2646 893 ἀρχὴν
2690 821 2816 891 ἔσχε
2849 821 2916 875 τὰ
2951 823 3080 894 παρ’
3124 821 3350 892 Ἕλλησι
3399 825 3669 893 μυστήρια

2090 931 2150 966 τε
2195 914 2290 969 καὶ
2320 913 2564 978 τελεταὶ,
2598 913 2863 984 πρότερον
2909 914 3035 983 παρ’
3059 913 3378 982 Αἰγυπτίοις
3407 914 3502 966 καὶ
3529 917 3669 983 παρὰ

2089 1004 2257 1076 Φρυξὶ
2289 1006 2383 1058 καὶ⁸
2413 1004 2617 1071 Φοίνιξι
2658 1005 2752 1058 καὶ
2789 1005 3150 1068 Βαθυλωνίοις
3181 1005 3369 1069 κακῶς
3399 1007 3671 1077 ἐπινενοη-

2095 1098 2262 1167 μένα,
2305 1097 2698 1168 μετενεχθὲντα
2744 1114 2804 1150 τε
2843 1099 2922 1162 εἰς
2956 1097 3225 1167 Ἕλληνας
3264 1097 3373 1150 ἀπὸ
3421 1098 3520 1167 τῆς
3569 1098 3670 1151 τῶν

2090 1189 2399 1259 Αἰγυπτίων
2428 1190 2611 1262 χώρας
2642 1190 2748 1244 ὑπὸ
2779 1192 3002 1262 Κάδμου
3025 1231 3039 1255 ,
3075 1193 3168 1244 καὶ
3199 1191 3368 1245 αὐτοῦ
3399 1191 3496 1244 τοῦ
3541 1190 3668 1244 ’1νά-

2089 1299 2183 1352 χου
2209 1321 2224 1346 ,
2258 1281 2481 1344 Ἀπιδος
2515 1281 2627 1351 (42)
2670 1280 2936 1353 πρότερον
2971 1280 3297 1350 κληθέντος,
3341 1282 3439 1334 καὶ
3467 1281 3667 1333 οἰκοδο-

2093 1374 2364 1444 μήσαντος
2395 1372 2492 1443 τὴν
2520 1372 2741 1443 Μέμφιν
2761 1389 2774 1402 ⁸
2807 1372 2942 1426 ἀλλὰ
2979 1373 3071 1425 καὶ
3097 1374 3228 1445 παρ’
3269 1374 3516 1444 Ὀρφέως
3535 1415 3552 1437 ,
3582 1374 3669 1426 καὶ

2088 1465 2262 1518 ἄλλων
2300 1464 2458 1518 τινῶν
2490 1463 2588 1534 τὴν
2620 1464 2794 1536 ἀρχὴν
2843 1463 3077 1518 λαϐόντα
3106 1505 3122 1528 ,
3163 1465 3257 1518 καὶ
3301 1467 3383 1528 εἰς
3434 1465 3668 1536 αἱρέσεις

2091 1557 2423 1611 συσταθέντα
2451 1557 2563 1628 (45)
2589 1556 2815 1627 ὕστερον
2835 1558 2893 1610 ὲν
2927 1558 3234 1630 Ἐπικούρῳ
3249 1559 3572 1629 καὶΖήνωνι
3596 1559 3670 1629 τῷ

403 1654 658 1724 deinceps
691 1653 780 1705 illa
814 1619 1133 1720 suvperstitio
1173 1649 1241 1703 ad
1277 1649 1564 1719 imperium
1601 1665 1776 1719 usque
1807 1649 1970 1704 Mace-

2138 1650 2312 1720 τωῖκῷ
2335 1692 2349 1716 ,
2380 1619 2474 1703 καί
2503 1619 2816 1724 Πυθαγόρᾳ,
2852 1651 2947 1704 καὶ
2975 1619 3244 1718 Πλάτωνὶ,
3284 1650 3345 1716 ἐξ
3370 1619 3548 1723 οἶίπερ
3575 1619 3670 1722 ἦρ’-

304 1741 306 1744 ’
403 1730 682 1809 donicum,
708 1751 760 1800 et
783 1742 1020 1798 Xerxem
1046 1741 1334 1796 Persarum
1367 1741 1700 1810 principem,
1726 1749 1850 1811 post
1879 1741 1990 1810 pri-

404 1854 556 1893 mum
589 1835 1094 1906 Hierosolymorum
1125 1831 1418 1886 excidium.
1445 1829 1686 1902 Itemque
1714 1831 1777 1885 ad
1801 1829 1986 1886 Nabu-

405 1929 803 1986 chodonosoris
838 1940 1014 1996 usque
1051 1925 1446 1995 captivitatem,
1477 1923 1725 1994 adeoque
1758 1923 1905 1979 Darii
1933 1936 1987 1981 et

406 2020 699 2077 Alexandri
726 2018 1040 2074 Macedonis
1069 2026 1339 2086 tempora.
1364 2014 1504 2071 Tum
1531 2016 1676 2072 enim
1710 2014 1861 2070 Plato
1890 2016 1988 2071 Ilo-

407 2113 578 2176 rebat,
607 2127 671 2166 ac
700 2112 794 2182 qui
827 2111 1108 2166 Platonem
1135 2116 1296 2164 aetate
1324 2106 1606 2177 praecessit
1629 2106 1982 2178 Pythagoras,

405 2213 460 2260 et
498 2204 590 2275 qui
628 2211 752 2274 post
789 2217 911 2257 eum
952 2201 1085 2255 vixit
1128 2199 1420 2270 Epicurus.
1460 2196 1540 2250 Ex
1579 2197 1690 2261 illa,
1735 2199 1811 2250 uti
1849 2198 1983 2264 dixi,

405 2296 696 2352 occasione
734 2293 1046 2348 Graacorum
1097 2291 1431 2345 monimenta
1484 2297 1781 2360 pr0pagata
1836 2299 1982 2345 sunt.

404 2385 544 2443 Tum
578 2401 701 2457 quae.
725 2386 1027 2441 secundum
1058 2383 1189 2437 illud
1215 2393 1426 2454 tempus
1455 2383 1739 2437 celebrata:
1769 2381 1988 2438 fuerunt

405 2478 858 2551 philosophorum
883 2486 1066 2542 secta},
1098 2491 1175 2531 eae
1207 2475 1423 2530 tametsi
1454 2489 1641 2530 secum
1670 2473 1900 2530 invicem
1931 2476 1987 2529 in

406 2646 786 2722 migrationem
806 2649 971 2704 annis
1005 2649 1175 2722 ferme
1200 2661 1428 2722 (ιο-(ειμι
1460 2647 1745 2722 exstitisse
1770 2648 1980 2722 docuit.

406 2718 590 2789 Quare
620 2722 969 2776 vehementer
1014 2721 1204 2782 miror,
1254 2719 1642 2788 Epiplianium,
1692 2719 1784 2787 qui
1818 2718 1986 2772 Euse-

405 2792 555 2848 bium
585 2792 640 2846 in
674 2791 952 2854 omnibus,
991 2805 1112 2858 qua:
1145 2789 1213 2842 ad
1273 2797 1576 2858 temporum
1612 2791 1872 2842 rationem
1905 2800 1986 2842 at-

407 2863 605 2922 tinent,
658 2869 921 2932 perpetuo
967 2861 1233 2932 qunitur,
1288 2859 1385 2932 ibi,
1429 2859 1518 2913 ubi
1570 2860 1791 2932 minime
1824 2875 1986 2927 opor-

406 2934 534 2997 tuit,
562 2933 630 2986 ab
655 2927 775 3002 ejus
798 2927 1126 3002 auctoritate
1171 2929 1489 3002 descivisse,
1518 2943 1580 3002 ac
1610 2927 1798 2983 falsam
1835 2938 1979 2982 tele-

407 3019 531 3058 rum
560 2999 872 3072 opinionem
905 3001 1120 3054 veritati
1152 2999 1473 3072 przetulisse.
1508 3000 1686 3067 Atque
1715 3007 1770 3051 ut
1795 3015 1980 3072 verum

407 3069 614 3128 Inachi
629 3080 683 3126 et
729 3072 1054 3140 Argivorum
1096 3069 1247 3138 regni
1280 3070 1496 3140 initium
1528 3078 1788 3140 eruatur,
1818 3069 1983 3138 hujus

409 3151 654 3198 extrema
701 3139 945 3210 tempora
976 3139 1369 3210 perscrutanda
1401 3148 1549 3202 sunt,
1587 3148 1750 3208 atque
1778 3139 1832 3210 in
1875 3149 1985 3194 ter-

408 3215 560 3284 mino
591 3215 774 3284 aliquo
803 3209 1118 3284 deligendus
1148 3219 1231 3265 est
1278 3211 1500 3284 gradlis,
1546 3213 1696 3284 unde
1725 3209 1790 3284 ad
1828 3219 1982 3284 ante-

408 3283 557 3356 riora
588 3279 840 3356 progredi
875 3279 1206 3356 liceat.Dua:
1227 3279 1370 3356 apud
1398 3279 1690 3356 Eusebium
1721 3282 1983 3351 dynastize

412 3354 468 3409 iu
502 3349 749 3422 eju'sdein
779 3355 1170 3423 propemodum
1203 3349 1736 3423 regnisuccessione
1761 3349 1982 3423 ponun-

411 3433 502 3479 tur
533 3420 562 3474 ἐ
606 3420 926 3494 Argivorum
965 3438 1079 3494 una
1111 3436 1330 3494 regum,
1361 3420 1754 3494 Mycenaeorum
1777 3422 1980 3494 altera.

412 3491 736 3567 Argivorum
764 3508 950 3567 regum
980 3493 1150 3548 series
1175 3494 1242 3546 ab
1271 3493 1470 3546 Inacho
1501 3498 1679 3567 erepta
1725 3491 1789 3567 ad
1808 3493 1983 3567 Acri-

414 3561 556 3619 siuiu
599 3579 773 3634 usque
819 3561 1078 3634 perducta
1126 3573 1244 3629 est;
1293 3576 1600 3633 quanquam
1637 3561 1819 3614 Inachi
1857 3564 1984 3616 stir-

414 3651 560 3718 peni,
601 3651 665 3690 ac
687 3632 951 3689 familiam
983 3632 1294 3718 .Stbenelus
1315 3632 1534 3718 'clau‘dit
1562 3647 1708 3718 :‘quo
1744 3643 1979 3718 mortuo,

413 3701 470 3785 in
514 3705 755 3785 Danaum
785 3704 1130 3785 peregi-inulti
1153 3746 1169 3771 ,
1199 3713 1371 3785 atque
1399 3701 1714 3785 Aﬁgyptium
1753 3703 1847 3785 jus
1898 3713 1984 3758 est

413 3777 484 3830 ab
511 3777 728 3845 Argivis
784 3771 996 3844 imperii
1041 3771 1404 3845 translatum.
1439 3771 1700 3845 Deinceps
1731 3788 1760 3825 a
1798 3771 1984 3829 Danao

413 3850 482 3901 ad
516 3842 788 3901 Acrisium
823 3842 1122 3916 propagata
1169 3844 1447 3916 successio
1491 3852 1602 3916 est.
1630 3842 1814 3916 AQucm
1856 3860 1982 3916 cum

413 3917 648 3972 Perseus
680 3913 853 3985 nepos
894 3913 1447 3985 per'imprudentiam
1487 3913 1802 3976 occidisset,
1869 3913 1985 3984 My-

413 4002 578 4043 cenas
610 3999 730 4042 s'ese
757 3984 1007 4046 contulit,
1052 3984 1144 4040 ubi
1173 3984 1256 4040 vel
1287 3986 1355 4039 ab
1389 3985 1529 4052 ipso,
1559 3985 1644 4038 vel
1674 3985 1742 4038 ab
1765 3985 1885 4053 ejus
1919 3989 1984 4038 Ii-

413 4058 487 4111 lio
520 4057 776 4113 Sthenelo
825 4059 1202 4110 continuatum
1246 4056 1697 4126 estArgivorum
1732 4070 1978 4126 regnum,

415 4136 469 4182 et
501 4127 830 4198 Mycemeum
867 4127 1212 4198 appellatum.
1252 4124 1490 4198 Ultimus
1515 4140 1699 4198 regum
1716 4124 1979 4198 istorum,

414 4194 573 4267 cujus
604 4199 822 4268 quidem
859 4194 1125 4252 rationem
1151 4197 1418 4268 Eusebius
1449 4194 1664 4258 habeat,
1699 4194 1982 4265 Agamem-

413 4266 525 4322 non
561 4266 664 4322 fuit
693 4286 705 4320 :
739 4285 849 4338 quo
877 4269 1202 4338 interempto
1232 4266 1626 4338 Mycenazorum
1658 4280 1882 4336 regnum
1925 4268 1980 4320 in

413 4339 654 4394 secundo
704 4335 964 4394 Chronico
993 4335 1312 4392 terminatur
1339 4351 1480 4406 anno
1509 4335 1861 4406 eodetn,’quo
1886 4352 1980 4391 ex-

412 4409 614 4463 cidium
651 4408 947 4479 Trojanum
983 4409 1199 4463 accidit.
1234 4407 1368 4479 Vide
1413 4405 1738 4460 Pausaniam
1770 4405 1980 4461 ’Coriu-

414 4479 619 4534 thiacis.
679 4477 798 4534 Jam
852 4479 1200 4550 Argivorum,
1251 4477 1754 4549 Mycenaeorumque
1791 4493 1979 4550 regum

412 4553 712 4620 successio,
760 4549 1000 4620 annique
1047 4549 1244 4619 quibus
1301 4553 1668 4620 imperarunt,
1712 4549 1884 4620 varie
1909 4549 1980 4602 ab

413 4618 645 4676 Eusebio
666 4617 957 4675 traduntur
986 4622 1036 4672 in
1065 4617 1296 4690 iitroque
1319 4618 1699 4690 ChronigJib.
1736 4617 1978 4690 xx.N_am

414 4691 470 4743 in
495 4693 814 4760 posteriore,
846 4695 914 4745 ab
939 4691 1164 4745 exordio
1195 4687 1374 4744 Inachi
1405 4690 1472 4743 ad
1505 4687 1798 4760 Trojanam
1838 4688 1978 4742 ἆλωο

414 4759 531 4821 σιν,
562 4763 687 4815 anni
711 4771 1069 4816 numerantur
1087 4761 1212 4829 675;
1240 4764 1292 4815 in
1327 4760 1493 4830 priori
1521 4759 1644 4814 655.
1667 4759 1976 4813 Secundum

414 4834 736 4900 posterioris
766 4834 889 4902 libri
936 4834 1244 4898 ratiocinia,
1288 4847 1447 4902 quem
1484 4832 1758 4900 praecipue
1791 4830 1977 4900 sequi—

412 4916 572 4967 mur,
609 4917 732 4955 cum
765 4901 1062 4971 Trojanuiu
1097 4901 1368 4958 excidium
1401 4909 1673 4970 congruat
1706 4914 1850 4954 anno
1884 4916 1979 4971 pe-

413 4971 555 5026 riodi
595 4971 703 5026 Jul.
739 4972 895 5034 5530,
946 4973 1133 5026 mundi
1179 4973 1349 5038 2800,
1398 4971 1634 5025 Inachus
1673 4985 1815 5023 anno
1853 4979 1979 5025 ante

412 5040 560 5095 hunc
588 5043 984 5113 sexcentesimo
1011 5046 1408 5113 septuagesimo
1437 5051 1654 5113 quarto,
1687 5041 1852 5113 cmpit
1880 5056 1975 5110 pe-

413 5113 552 5167 riodi
582 5111 688 5167 Jul.
721 5112 881 5174 2856,
927 5111 1112 5166 mundi
1156 5111 1332 5177 2126,
1383 5111 1506 5182 post
1551 5112 1812 5165 diluvium
1850 5113 1976 5175 471,

412 5192 537 5252 post
557 5184 852 5254 Abrahami
885 5191 1066 5236 ortum
1091 5184 1213 5254 I79.
1246 5185 1491 5254 Cumque
1538 5183 1794 5254 Israelita:
1833 5197 1976 5238 anno

412 5269 527 5322 per.
568 5253 676 5307 Jul.
719 5255 879 5319 5I85,
917 5255 1101 5306 mundi
1151 5253 1290 5324 2455
1317 5253 1410 5308 οι
1443 5254 1675 5324 Λίεγριο
1711 5253 1976 5322 migrave-

412 5326 542 5389 rint,
569 5324 751 5378 Inachi
787 5326 1145 5394 primordium
1180 5323 1380 5394 Moysis
1413 5323 1776 5393 principatum
1815 5333 1972 5377 ante-

408 5397 553 5447 cedit
586 5397 747 5449 annis
782 5399 893 5450 fere
924 5395 1048 5449 525.
1073 5395 1306 5448 Tantum
1331 5406 1573 5448 veterum
1605 5395 1972 5458 Scriptorum,

407 5464 779 5588 erEpipBanii
814 5466 1171 5536 C/ironologia
1214 5480 1246 5519 a
1278 5466 1420 5520 veris
1448 5473 1752 5532 temporum
1800 5465 1973 5518 ratio-

409 5551 459 5588 ιιι
505 5552 566 5588 us
599 5554 626 5588 a
667 5546 830 5588 errat.

409 5538 566 5590 uibus
599 5538 830 5590 aberrat.

475 5608 588 5660 (Ml
631 5603 711 5661 Οὖ
747 5607 1006 5675 θυγάτηρ
1041 5608 1140 5661 Ἰώ.
1193 5605 1315 5662 Haec
1341 5622 1403 5660 ex
1439 5604 1654 5661 Eusebii
1696 5604 1970 5661 Chronicit

2091 1741 2246 1805 ξαντο
2294 1742 2484 1811 χρόνου
2546 1741 2912 1812 κρατυνθῆναι
2958 1741 3062 1802 ἕως
3119 1741 3227 1794 τῶν
3279 1740 3671 1795 Μακεδονικῶν

2088 1833 2294 1904 χρόνων
2318 1833 2427 1904 (44)
2447 1875 2461 1897 ,
2501 1835 2594 1888 καὶ
2623 1831 2822 1906 Ξέρξου
2851 1833 2946 1887 τοῦ
2981 1833 3242 1904 βασιλέως
3269 1834 3378 1888 τῶν
3420 1835 3668 1906 Περσῶν,

2091 1928 2229 1997 μετὰ
2257 1927 2354 1998 τὴν
2378 1927 2576 1982 ἅλωσιν
2613 1928 2722 1981 τῶν
2768 1929 3155 2000 Ἱεροσολύμων
3187 1929 3248 1982 τὸ
3279 1929 3503 2000 πρῶτον
3528 1968 3546 1991 ,
3580 1929 3668 1983 κτιὶ

2086 2020 2576 2092 Ναϐουχοδονόσωρ
2605 2021 3012 2092 αἰχμαλωσίας,
3040 2023 3134 2076 καὶ
3158 2023 3411 2095 Δαρείου,
3447 2024 3544 2076 καὶ
3563 2023 3671 2077 τῶν

2088 2112 2207 2164 κατ’
2249 2111 2593 2182 Ἀλέξανδρον
2622 2112 2712 2164 τὸν
2742 2112 3027 2165 Μακεδόνα
3051 2111 3278 2183 χρόνων.
3305 2112 3538 2166 Πλάτων
3565 2112 3668 2184 γὰρ

2089 2203 2208 2256 κατ’
2237 2206 2442 2256 ἐκεῖνον
2475 2204 2566 2256 τὸν
2599 2203 2789 2274 καιρὸν
2821 2204 2932 2271 (-45)
2966 2203 3321 2274 ἐγνωρίζετο,
3356 2205 3455 2258 καὶ
3485 2206 3536 2258 οἱ
3570 2207 3668 2276 πρὸ

2088 2292 2254 2345 αὐτοῦ
2280 2336 2294 2357 ,
2335 2294 2657 2365 Πυθαγόρας
2689 2312 2746 2346 τε
2787 2296 2881 2347 καὶ
2931 2295 3248 2364 Ἐπίκουρος
3287 2297 3317 2347 ό
3349 2295 3665 2364 μετέπειτα.

2091 2385 2257 2440 Ὅθεν
2294 2386 2396 2457 δὴ,
2423 2387 2498 2451 ὼς
2534 2389 2828 2459 προεῖπον,
2869 2387 2968 2458 τὴν
2998 2387 3266 2456 πρόφασιν
3307 2387 3502 2458 εἴληφε
3530 2429 3546 2452 ,
3579 2389 3668 2442 καὶ

2088 2479 2169 2541 εἰς
2195 2477 2527 2531 κατάστασιν
2563 2473 2694 2547 ἦλθε
2723 2478 2792 2532 τὰ
2827 2479 2956 2550 παρ’
2981 2479 3207 2550 Ἕλλησι
3234 2479 3666 2551 συγγράμματα,

2086 2657 2414 2727 interpolata
2447 2666 2595 2713 sunt.
2634 2658 2908 2713 Eusebius
2944 2658 3010 2712 ad
3050 2673 3251 2713 annum
3281 2658 3385 2712 I60
3418 2658 3540 2713 haec
3575 2675 3668 2714 no-

2089 2737 2166 2800 t_at
2197 2747 2210 2782 :
2251 2727 2436 2800 Inachi
2491 2729 2604 2792 ﬁlia
2649 2729 2730 2791 Io,
2759 2746 2917 2800 quam
2953 2730 3196 2800 {Egyptii
3227 2739 3433 2783 mutato
3462 2732 3670 2784 nomine

2089 2798 2287 2852 Isidem
2321 2799 2519 2853 colunt.
2549 2801 2592 2852 Α
2620 2810 2770 2861 patre
2799 2799 3000 2853 Inacho
3031 2798 3262 2857 Inachus
3297 2801 3496 2868 ﬂuvius
3531 2801 3668 2868 apud

2086 2871 2277 2940 Argos.
2321 2871 2360 2922 Α
2396 2870 2512 2928 ﬁlia
2542 2869 2669 2940 Ioue
2708 2871 2978 2939 Bosporus
3017 2881 3370 2940 nuncupatur.
3413 2873 3488 2926 At
3525 2885 3668 2924 anno

2089 2940 2212 3012 481,
2246 2939 2330 3004 Io,
2384 2941 2579 3011 inquit,
2619 2939 2732 2993 Iasi
2764 2943 2894 3008 [tltw
2929 2943 3141 3012 Jupiter
3179 2939 3365 2995 vitiatus
3399 2952 3480 2995 est
3507 2955 3530 2994 :
3566 2958 3667 3012 qua

2087 3011 2142 3064 in
2166 3012 2367 3081 bovem.
2388 3023 2443 3064 ut
2472 3013 2693 3074 dicitur,
2719 3029 2888 3073 versa,
2925 3011 3194 3081 Basporus
3235 3013 3536 3081 appellatus
3571 3011 3667 3075 est;

2084 3092 2134 3135 et
2176 3079 2468 3153 secundum
2508 3082 2786 3153 nonnullos
2828 3085 2882 3136 in
2940 3079 3522 3153 {Egyptumprofectm
3569 3082 3666 3136 Isis

2086 3160 2407 3223 auricupata.
2453 3151 2508 3204 In
2569 3151 2806 3217 Grecis,
2852 3168 2972 3223 qua:
3009 3151 3362 3223 ei'Georgio'
3395 3155 3667 3209 monacho

2087 3220 2329 3291 Scaliger
2359 3223 2744 3294 concinnavit,
2781 3220 2883 3292 pro
2911 3224 3057 3290 Iasi,
3093 3220 3358 3294 scriptum
3403 3236 3492 3280 est
3534 3225 3667 3276 Ἰνά-

2085 3311 2202 3416 ᾖον.
2247 3295 2431 3373 Itaque
2465 3293 2603 3374 duas
2647 3295 2893 3377 ejusdem
2937 3296 3176 3375 nominis
3208 3293 3439 3364 apparet
3475 3296 3667 3349 fuisse.

2132 3380 2162 3416 e
2210 3378 2393 3416 priore
2439 3364 2681 3416 lonultur
2722 3367 3077 3416 hmnbzimus.
3128 3363 3234 3416 Sed
3294 3365 3400 3416 hoc
3452 3366 3523 3416 de
3573 3383 3667 3416 suo

2132 3380 2162 3418 e
2210 3365 2393 3433 priore
2439 3364 2681 3432 loquitur
2722 3367 3077 3434 Epiphanius.
3128 3363 3256 3419 Sed’
3285 3363 3400 3420 hoc
3452 3366 3523 3420 de
3573 3383 3667 3420 suo

2085 3450 2369 3504 perperam
2421 3436 2654 3502 adjecit;
2690 3439 2936 3490 eamdem
2969 3436 3247 3490 Atthidem
3279 3436 3663 3500 nominatam;

2086 3520 2210 3558 nam
2243 3505 2508 3559 Eusebius
2540 3522 2686 3559 anno
2724 3506 2818 3558 5H
2860 3507 3060 3560 Granai
3105 3508 3328 3560 secundi
3360 3507 3664 3561 Athenien-

2086 3575 2228 3630 sium
2259 3578 2405 3646 regis
2431 3576 2594 3629 tiliam
2629 3575 2907 3630 Atthidem
2938 3577 3219 3632 exstitisse
3248 3579 3470 3640 scribit,
3496 3595 3527 3629 a
3564 3592 3663 3644 qua

2084 3646 2266 3698 Attica
2309 3661 2608 3717 cognomen
2639 3648 2900 3710 obtinuit,
2942 3663 3066 3701 cum
3098 3647 3365 3702 hactenus
3399 3650 3540 3701 Acta
3575 3663 3662 3701 vo-

2085 3725 2322 3770 caretur.

2157 3787 2268 3854 (4‘2)
2308 3787 2417 3842 Καὶ
2457 3787 2642 3841 αὐτοῦ
2683 3787 2791 3841 τοῦ
2831 3786 3058 3856 Ἰνάχου
3085 3829 3103 3852 ,
3131 3786 3391 3852 Ἄπιδος.
3437 3786 3663 3841 Multum

2084 3856 2397 3928 discrepant
2429 3856 2663 3912 Inachus
2687 3866 2741 3911 et
2770 3859 2935 3928 Apis;
2968 3873 3095 3911 nam
3123 3857 3212 3910 hic
3249 3857 3319 3911 ab
3348 3859 3445 3911 illo
3470 3860 3662 3911 tertius

2084 3935 2170 3998 est
2218 3928 2272 3998 in
2308 3927 2631 3997 Argivorum
2677 3927 2862 3996 regum
2911 3931 3072 3984 serie.
3113 3928 3295 3994 Quare
3326 3928 3661 3998 imprudenti

2085 3997 2518 4070 hocEpipbanio
2554 3999 2776 4070 excidit.

2156 4068 2266 4139 (45)
2313 4067 2422 4124 Καὶ
2468 4072 2555 4136 εἰς
2596 4069 2857 4136 αἱρέσεις
2904 4067 3305 4123 συσταθέντα.
3364 4067 3508 4134 Quis
3562 4069 3661 4122 hoc

2083 4147 2286 4209 praeter
2318 4139 2680 4209 Epiphanimn
2709 4140 2868 4201 dixit.
2898 4143 3158 4210 mysteria
3190 4141 3279 4193 illa
3314 4156 3440 4209 qua:
3464 4140 3540 4193 ab
3565 4140 3660 4193 0r-

2084 4210 2226 4280 pheo
2248 4250 2262 4271 ,
2300 4211 2621 4279 caaterisque
2655 4210 2898 4264 Athenas
2932 4211 3222 4278 importata
3260 4211 3517 4272 fuerant,
3552 4211 3653 4279 phi-

2011 4308 2056 4364 Β
2085 4281 2437 4364 losopboruin
2479 4290 2658 4336 sectas
2697 4297 2759 4361 ac
2794 4281 3047 4350 dogmata
3085 4283 3461 4364 propagasse?
3500 4280 3661 4334 Plane

2085 4351 2190 4422 hoc
2218 4351 2550 4415 inauditum,
2579 4367 2642 4403 ae
2671 4353 2868 4405 mirum
2899 4365 2914 4402 :
2947 4367 3142 4422 neque.
3181 4359 3237 4404 ut
3276 4353 3424 4422 quod
3457 4368 3551 4406 res
3582 4359 3660 4407 est

2085 4420 2286 4492 fatear,
2328 4422 2571 4492 speciem
2596 4423 2760 4475 ullam
2796 4421 3193 4492 probabilitatis
3227 4420 3494 4477 continet.

2153 4491 2266 4562 (44)
2309 4490 2457 4558 Ἕως
2510 4491 2626 4546 τῶν
2669 4490 3088 4546 Μακεδονικῶν
3141 4493 3394 4559 χρόνων.
3446 4492 3662 4560 Susque

2083 4562 2259 4632 deque
2307 4563 2537 4628 miscet,
2597 4577 2661 4616 ac
2705 4562 2990 4632 perturbat
3035 4565 3252 4627 omnia;
3299 4579 3411 4619 non
3475 4564 3660 4615 minus

2079 4641 2598 4704 temper-umquam
2644 4633 2926 4696 veritatis,
2978 4641 3042 4704 et,
3082 4633 3327 4689 historia:
3393 4648 3660 4695 securus;

2081 4702 2206 4757 nam
2238 4702 2586 4774 Macedonica
2619 4711 2895 4772 tempora,
2934 4703 3135 4771 quibus
3169 4705 3460 4774 imperium
3513 4706 3658 4757 istud

2079 4773 2572 4854 Iloruit,_'a_Xcrxis
2599 4782 2758 4854 aita’te
2790 4774 3019 4854 impium
3052 4773 3512 4854 dislan_t,___multo
3545 4789 3659 4827 ma-

2079 4846 2162 4914 gis
2195 4861 2226 4898 a
2269 4843 2828 4899 Nabuchodonos’ore.
2867 4843 2930 4896 Et
2963 4852 3142 4898 tamen
3175 4845 3243 4898 ad
3280 4846 3371 4899 illa
3405 4853 3656 4913 tempora

2079 4923 2351 4986 sectarum
2399 4917 2672 4986 principes
2720 4915 3074 4985 philosophos
3129 4917 3412 4974 exstitisse
3468 4916 3652 4969 deed.

2080 4983 2204 5040 Haec
2239 4996 2368 5040 sunt
2401 4983 2820 5041 inextricabilia.

2150 5056 2262 5125 (45)
2315 5057 2566 5109 Πλάτων
2630 5060 2740 5125 γὰρ
2798 5059 2922 5111 κατ’
2975 5057 3210 5111 ἐκεῖνον
3257 5054 3378 5125 τὸν

2079 5123 2254 5192 Toto,
2293 5127 2507 5197 inquit,
2552 5123 2647 5180 illo
2675 5123 2852 5197 spatio
2886 5127 3060 5189 Plato,
3107 5138 3162 5182 et
3205 5135 3330 5180 ante
3357 5124 3524 5197 _I_iunc_
3557 5123 3652 5195 Py:

2079 5195 2445 5268 thagoras,’ac
2471 5208 2592 5266 post
2615 5195 2764 5251 illum
2792 5199 3057 5268 Epicurus
3077 5197 3323 5268 emersit.
3352 5195 3650 5251 Xerxisne.

2077 5281 2138 5319 ac
2162 5265 2684 5322 Nabucliodmiosori
2716 5265 3090 5338 temporibus?
3124 5265 3275 5321 Unus
3303 5282 3368 5338 ex
3394 5269 3484 5338 iis,
3517 5281 3651 5334 quos

2077 5338 2782 5410 recensuit__Epiphanius,
2830 5336 3262 5410 antiquissimus
3314 5336 3650 5410 Pythagoras

2077 5407 2168 5461 diu
2203 5417 2324 5477 post
2358 5406 2991 5469 Nabuchodonosor-um;
3015 5419 3140 5465 ante
3178 5408 3392 5463 Xerxen
3434 5406 3649 5466 ﬂoruit,

2077 5488 2271 5552 nempe
2315 5481 2624 5550 Olympiade
2662 5497 2763 5546 1.x,
2800 5491 2858 5535 ut
2908 5481 3174 5552 Diogenes
3212 5487 3468 5546 testatur,
3511 5477 3650 5546 Cyre

2076 5547 2255 5605 adhuc
2288 5547 2600 5620 superstite.
