3754 6182
24 257 73 312 0i
645 258 1013 316 ADVERSUS
1042 257 1380 314 HASRESES
1419 258 1503 313 LII

1618 301 1630 313 .
1673 260 1832 316 ΤΟΜ.
1876 263 1919 316 I.
1951 294 2021 303 —
2061 263 2335 320 ΙΙίΕῐζΕδ.
2380 263 2444 316 ν.

3069 272 3174 329 202

20 374 68 427 αἱ
112 371 161 426 αἱ
203 369 336 441 μετὰ
374 370 557 426 τόῦτον
597 373 689 427 τὸν
728 377 916 448 χρόνον
960 376 1232 448 βοώμεναι
1268 378 1503 449 αἱρέσεις

1610 392 1670 432 eo
1707 386 2072 442 consentiant,
2103 379 2246 448 quod
2277 393 2519 433 errorem
2555 390 2916 451 prapugnant.
2963 397 3169 452 parem-

20 466 76 516 ὦν
101 463 382 533 φιλοσόφων
413 464 548 534 πρὸς
574 465 806 536 ἀλλήλας
927 469 1022 535 μὲν
1059 469 1231 539 πλάνῃ
1262 470 1511 540 συνᾴδου-

21 573 82 624 at,
110 553 190 606 καὶ
220 552 498 622 ὁμόστιχον
540 554 737 620 γνῶσιν
782 555 1201 624 συναφαὶνουσαι
1231 557 1511 610 εἰδωλολα-

1612 487 1719 541 que
1747 479 1800 526 et
1829 470 2073 526 eamdem
2094 471 2435 529 idololatriae.
2455 477 2620 541 atque
2651 473 2945 543 impietatis
2974 477 3148 533 doctri

1612 577 1734 614 nam
1776 568 2102 624 eontexant,
2146 561 2201 614 in
2241 561 2330 614 illa
2368 567 2549 615 tamen
2587 564 2790 617 erroris
2831 564 3050 620 libidine
3088 582 3171 622 se-

19 648 143 718 ρείας
160 663 213 698 τε
237 645 329 698 καὶ
359 645 610 708 ἀσεϐείας
635 649 726 700 καὶ
762 648 975 712 άοεῖας·
1009 653 1074 720 τῇ
1107 651 1162 704 δὲ
1188 652 1322 721 αὐτῇ
1373 652 1503 704 πλάι

1612 651 1870 720 metipsas
1901 651 2187 715 collidunt,
2219 666 2282 705 ac
2306 659 2494 706 mutuo
2518 661 2836 725 repugnant.

20 760 42 811 ῃ
70 742 137 802 εἰς
166 738 358 800 ἑαυτὰς
399 739 776 810 συγκλώμεναι
812 741 1155 814 διαφέρονται
1193 744 1354 814 ἑτέρα
1381 745 1514 815 πρὸς

20 833 69 901 ὴν
92 828 287 898 ἑτέραν.

577 941 847 994 ΣΤΩῘΚΟΙ
868 982 881 1003 ,

19 1055 131 1121 ’pt’rq
153 1051 265 1105 ἀπὸ
297 1052 718 1121 Ἑλληνισμοῦ,
737 1054 971 1122 πέμπτη
988 1053 1055 1106 δὲ
1077 1052 1150 1122 τῇ
1165 1055 1510 1120 ἀκολουθίᾳ.

46 1167 108 1222 Λ’.
131 1169 231 1221 Καὶ
257 1168 485 1220 Στωϊκοὶ
527 1169 622 1238 μὲν
654 1168 906 1242 φρονοῦσι
947 1170 1073 1238 περί
1106 1169 1356 1237 θεότητος
1391 1168 1512 1220 τοῦ-

19 1280 62 1322 ῡ,
90 1260 372 1327 φάσκοντες
421 1254 558 1312 εἶναι
589 1258 712 1312 νοῦν
758 1260 847 1312 τὸν
889 1259 1050 1322 Θεὸν,
1105 1259 1138 1328 ἢ
1185 1259 1380 1322 παντὸς
1416 1260 1509 1311 τοῦ

19 1353 225 1424 ρωμένου
257 1353 489 1413 κύτους,
519 1351 745 1421 οὐρανοῦ
768 1352 828 1404 τέ
859 1369 997 1421 φημι
1025 1353 1117 1403 καὶ
1148 1354 1249 1421 γῆς
1281 1353 1375 1404 καὶ
1405 1352 1512 1403 τῶν

20 1447 128 1498 in.»
148 1446 217 1508 ὡς
241 1447 297 1497 ὲν
322 1444 536 1514 σώματι
560 1445 725 1514 ψυχή.
761 1443 1056 1516 Μερίζουσι
1081 1444 1136 1495 δὲ
1161 1445 1209 1496 οἱ
1235 1443 1388 1496 αὐτοὶ
1412 1443 1510 1512 τὴν

20 1543 91 1593 ,ἰαν
119 1538 334 1606 Θεότητα
358 1538 438 1599 εἰς
471 1537 668 1600 πολλὰς
708 1535 937 1606 μερικάς
966 1535 1150 1597 οὐσίας
1175 1575 1188 1597 ,
1238 1536 1317 1596 εἰς
1360 1534 1509 1604 ἣλιον

20 1636 60 1688 αὶ
82 1633 289 1702 σελήνην
315 1631 412 1686 καὶ
443 1631 615 1700 ἄστρα
643 1671 657 1693 ,
697 1631 775 1692 εἰς
802 1629 977 1699 ψυχὴν
1008 1629 1100 1682 καὶ
1132 1627 1270 1698 ἀέρα
1308 1626 1401 1678 καὶ
1441 1624 1508 1678 τὰ

2119 937 2219 1006 12
2254 936 2340 990 DE
2382 936 2664 1006 S'FOICIS,

1714 1051 1844 1117 Qua:
1869 1051 1963 1105 ΙΙΙ
1991 1063 2068 1106 est
2096 1055 2368 1123 gentilium
2393 1055 2629 1121 hccresis,
2663 1058 2843 1112 ordine
2867 1076 2983 1114 vero
3022 1059 3081 1114 V.

1683 1161 1720 1216 I.
1763 1162 1916 1229 Quod
1954 1165 2017 1218 ad
2039 1164 2252 1219 Stoicos
2273 1175 2529 1235 pertinet,
2557 1170 2668 1224 haec
2685 1181 2767 1224 est
2799 1173 2864 1224 de
2887 1171 3169 1226 divinitate

1612 1255 1826 1309 illorum
1861 1257 2063 1326 opinio.
2109 1255 2272 1312 Deum
2313 1274 2436 1314 esse
2471 1269 2702 1315 mentem
2741 1273 3010 1327 asserunt,
3052 1281 3168 1333 quae

1608 1345 1778 1401 totius
1823 1349 2169 1416 aspectabilis
2208 1349 2386 1414 molis,
2433 1352 2555 1406 ρωιί
2606 1353 2861 1406 nimirum
2900 1369 2962 1407 ac
3010 1364 3168 1410 terra:

1607 1447 2037 1508 carterarumque
2101 1457 2282 1495 rerum
2350 1443 2492 1497 velut
2549 1446 2794 1513 corporis
2848 1445 3022 1498 anima
3073 1446 3162 1498 sit.

1606 1529 1818 1585 Rursus
1853 1533 2186 1587 divinitatem
2225 1550 2386 1588 unam
2420 1536 2470 1588 in
2510 1537 2690 1605 plures
2722 1551 2784 1589 ac
2815 1537 3166 1606 particnlares

1607 1630 1831 1679 naturas
1879 1625 2234 1688 distribuunt,
2293 1629 2460 1680 solem
2514 1628 2782 1692 videlicet,
2842 1629 3046 1691 lunam,
3103 1624 3204 1680 ac‘

19 1726 124 1783 λλα,
160 1722 556 1795 μεταγγισμούς
586 1738 645 1774 τε
689 1721 875 1792 ψυχῶν
923 1720 1030 1787 (46)
1055 1761 1071 1782 ,
1110 1721 1202 1772 καὶ
1239 1734 1503 1787 μετενσω-

1610 1713 1814 1774 stellas.
1853 1714 2107 1777 animam,
2150 1729 2350 1775 aerem,
2396 1730 2590 1784 resque
2633 1727 2873 1770 caeteras.
2925 1716 3005 1769 Ad
3055 1719 3166 1772 haec

20 1816 217 1878 πτώσεις
245 1815 355 1868 ἀπὸ
391 1813 640 1883 σώματος
667 1815 747 1874 εὶς
787 1813 944 1882 σῶμα
975 1809 1374 1880 καθαιρομένας
1405 1824 1506 1859 σω-

20 1910 162 1966 ἀτων,
195 1909 274 1976 ἠδ’
304 1905 370 1961 αὖ
395 1909 552 1960 πάλιν
592 1905 934 1966 εἰσδυούσας,
970 1903 1062 1955 καὶ
1092 1901 1354 1954 ἀνάπαλιν
1390 1917 1510 1967 γεν-

20 2000 206 2068 υμένέῑς.
266 1998 368 2051 Διά
420 1997 621 2066 πολλῆς
680 1996 858 2049 αὐτῶν
913 1995 1118 2063 πλάνης
1171 1992 1367 2062 ταύτην
1412 1993 1509 2062 τὴν

20 2089 192 2140 σέϐειαν
222 2088 640 2158 παρυφαίνουσι.
683 2087 861 2156 Μέρος
904 2085 958 2136 δὲ
1009 2082 1142 2136 Θεοῦ
1179 2083 1270 2135 καὶ
1312 2081 1510 2135 ἀθάνα-

19 2197 54 2230 w
200 2180 379 2249 ψυχὴν
417 2179 694 2248 ἡγοῦνται.
751 2178 946 2245 Ἔσχον
987 2175 1042 2226 δὲ
1072 2175 1290 2244 Ζήνωνα
1337 2174 1508 2243 ἀρχηι

19 2273 54 2320 iv
107 2269 197 2338 τῆς
240 2271 440 2331 Στοᾶς.
507 2268 633 2338 περὶ
685 2261 746 2320 οὗ
781 2265 942 2327 πολὺς
988 2265 1287 2335 Θρυλλείται
1332 2263 1503 2332 λόγος.

20 2359 140 2426 ἐμὶν
173 2359 276 2427 γὰρ
318 2357 480 2410 αὑτὸν
531 2356 734 2426 ἔφασαν
769 2356 878 2424 (47)
919 2355 1190 2408 Κλεάνθου
1233 2353 1375 2416 τινος
1415 2352 1506 2404 τοῦ

19 2451 63 2501 τὸ
103 2450 267 2519 Τύρου
321 2451 681 2520 ὁρμωμένου·
718 2449 863 2502 ἄλλοι
917 2447 971 2500 δὲ
1013 2449 1306 2516 φάσκουσιν
1348 2445 1506 2497 αὐτὸν

24 2542 137 2592 ιτιέα
164 2540 258 2610 τῆς
289 2540 516 2608 Κύπρου
543 2538 812 2609 νησιώτην
831 2555 842 2567 ⁸
868 2541 926 2590 ὲν
962 2536 1146 2609 Ῥώμῃ
1174 2537 1229 2590 δὲ
1254 2535 1509 2605 βεϐιωκέ-

19 2651 46 2684 ιι
75 2633 171 2700 (48)
202 2632 393 2702 χρόνον
416 2672 428 2688 ,
466 2631 687 2699 ὕστερον
719 2629 774 2681 δὲ
812 2631 869 2681 ἐν
919 2630 1164 2698 Ἀθήναις
1196 2627 1506 2698 προστησά-

19 2741 110 2774 sum
135 2724 276 2774 τουτὶ
305 2722 365 2773 τὸ
396 2721 570 2791 δόγμα
609 2721 666 2773 ἐν
706 2723 770 2790 τῇ
815 2720 948 2790 Στοᾷ
991 2718 1133 2772 οὕτω
1179 2718 1503 2791 καλουμένῃ.

19 2819 100 2878 »θὲς
127 2816 178 2868 δὲ
230 2814 365 2883 φασὶ
409 2814 501 2866 δύο
529 2813 778 2882 Ζηνωνας
809 2807 980 2875 εἶναι,
1029 2811 1119 2864 τόν
1148 2827 1206 2863 τε
1254 2809 1507 2880 Ἐλεάτην

19 2909 51 2957 ιί
83 2908 161 2958 τὸν
208 2906 625 2977 προειρημένον.
682 2905 868 2973 Ὅμως
900 2904 948 2955 οἱ
989 2903 1284 2974 ἀμφότεροι
1335 2900 1508 2963 οὕτως

20 3000 296 3069 sntit-mata
318 3040 334 3062 ,
380 2999 428 3049 εἰ
479 2995 688 3048 καὶδύο
720 2991 845 3048 εἷεν.
873 2995 1072 3047 Φάσκει
1112 2990 1202 3047 οὖν
1233 2996 1327 3047 καὶ
1352 2986 1507 3057 οὗτος

20 3108 52 3158 λη.
78 3088 194 3157 ὕλην
227 3088 526 3158 συγχρονον
558 3085 744 3138 καλεῖν
773 3085 850 3156 τῷ
882 3085 998 3154 Θεῴ
1031 3084 1119 3136 ἴσα
1165 3087 1282 3147 ταῖς
1323 3083 1507 3146 ἄλλαις

22 3179 240 3248 ρὲσεσιν.
275 3177 622 3247 εἱμαρμένην
649 3193 712 3228 -τε
761 3171 896 3227 εἶναι
937 3176 1028 3227 καὶ
1064 3175 1274 3242 γένεσιν
1299 3214 1312 3237 ,
1349 3174 1404 3239 ἐξ
1436 3169 1502 3244 ἦς

19 3271 216 3322 ιπάντα
265 3270 553 3321 διοικεῖται
610 3268 702 3319 καὶ
759 3266 977 3334 πάσχει.
1035 3265 1175 3332 Πρὸς
1233 3263 1270 3316 ἃ
1324 3265 1501 3315 τοίνυν

20 3363 115 3431 χιὲει
163 3365 194 3433 η
250 3361 518 3431 σύντομος
573 3358 728 3429 ἡμῶν
764 3358 904 3427 αὕτη
933 3355 1179 3419 σύνταξις
1230 3356 1364 3425 πρὸς
1404 3356 1502 3425 τὴν

20 3454 128 3505 ύτου
161 3453 473 3524 φαυλότητα
504 3449 852 3522 ἀλεξητήριον
893 3450 1179 3521 φάρμακον
1230 3448 1499 3514 διεξιέναι,

19 3547 48 3597 ιὶ
72 3546 178 3614 οὐχὶ
204 3544 408 3616 μᾶλλον
439 3545 516 3606 εἰς
554 3544 714 3610 ὄγκον
742 3542 904 3595 πολὺν
929 3542 1140 3594 ἐλάσσω
1166 3541 1182 3571 ί
1221 3541 1318 3611 τῆς
1369 3557 1503 3610 πρα-

19 3638 197 3698 ursis;
227 3638 288 3688 τὸ
321 3637 615 3704 ἐχέγγυον
641 3633 943 3703 ἀκροοιγῶς
970 3634 1045 3700 δὲ,
1088 3634 1171 3686 ἵνα
1209 3635 1283 3706 μὴ
1316 3635 1374 3686 ἐν
1400 3651 1500 3686 πα-

19 3727 176 3799 ιδρομῇ
205 3728 474 3797 γένωμαι,
510 3726 645 3795 πρὸς
670 3724 855 3777 τοῦτον
881 3724 1010 3794 ἐρῶ.

19 3836 173 3873 casam
220 3823 419 3875 uiolenti
467 3819 598 3871 illud
635 3817 807 3886 ipsum
857 3833 992 3886 opus
1034 3828 1332 3886 excrescat,
1379 3820 1507 3884 ltazc,

19 3932 126 3972 trsus
150 3918 294 3973 illum
337 3919 596 3986 objiciam
631 3938 643 3971 :
683 3919 860 3985 itaque
887 3918 1222 3969 Conveniam.

29 4009 87 4062 B’.
118 4012 279 4064 Πόθεν
315 4012 580 4083 εἴληφας,
622 4007 665 4063 ὦ
695 4006 874 4072 οὗτος,
905 4010 1000 4080 τὴν
1034 4001 1130 4079 τῆς
1156 4011 1503 4074 διδασκαλίας

19 4103 241 4173 ῖήγησιν;
270 4104 303 4174 ἢ
341 4107 496 4156 ποῖον
527 4101 746 4172 Πνεῦμα
774 4101 925 4168 ἅγιον
969 4101 1253 4171 οὐρανόθεν
1278 4101 1503 4172 λελάληο

20 4215 22 4242 ;
52 4213 120 4246 σοι
150 4197 398 4266 περὶτῆς
437 4195 636 4248 σαυτοῦ
667 4195 912 4264 πλάνηςς
947 4194 1039 4245 δύο
1068 4195 1163 4263 μὲν
1192 4194 1300 4265 γὰρ
1328 4194 1420 4248 ἐπὶ
1445 4194 1506 4247 τὸ

19 4285 75 4336 ne
97 4285 357 4356 σύγχρονα
378 4327 392 4347 ,
425 4284 558 4357 ὖλην
585 4287 678 4337 καὶ
711 4284 840 4336 θεὸν
860 4324 874 4342 ,
908 4283 1274 4353 βεϐιασμένως
1308 4284 1502 4352 λέγεις.

19 4378 184 4427 assint
227 4377 338 4447 γάρ
394 4393 490 4428 σου
533 4376 562 4425 ὁ
609 4375 762 4436 λόγος
792 4413 806 4434 ,
845 4375 935 4426 καὶ
983 4375 1280 4438 ἁσύστατος
1331 4377 1499 4427 ἔσται.

29 4536 40 4565 ¹
61 4535 210 4592 Forte
230 4538 439 4590 ὲλάσω.

1611 1804 1911 1856 animarum
1938 1820 2000 1856 ex
2035 1804 2156 1860 aliis
2189 1805 2242 1858 in
2276 1806 2378 1858 alia
2411 1821 2637 1876 corpora
2678 1807 3073 1862 transfusiones
3103 1824 3166 1860 ac

1612 1895 1876 1948 transitus
1920 1895 2226 1950 admittunt.
2278 1893 2382 1950 Eas
2422 1896 2621 1966 quippe
2649 1898 2716 1952 de
2751 1913 2976 1966 corpore
3011 1900 3160 1952 decc-

1610 1986 1758 2051 dere,
1787 2003 1850 2040 ac
1879 2003 2069 2042 rursus
2101 1989 2329 2058 ingredi,
2365 1990 2670 2058 iterumque
2697 1990 2838 2060 gigni
2873 1997 3116 2043 statuunt
3148 2008 3161 2043 :

1611 2087 1662 2132 et
1685 2079 2115 2132 consceleratum
2142 2077 2270 2132 illud
2293 2082 2481 2148 dogma
2506 2080 2734 2149 quadam
2764 2079 2964 2134 erroris
2995 2081 3164 2132 abun-

1610 2174 1793 2226 dantia
1844 2181 2155 2226 contexunt.
2207 2173 2470 2228 Caeterum
2512 2175 2830 2244 particulam
2875 2173 3164 2243 quamdam

1609 2263 1727 2326 Dei,
1759 2263 2108 2334 eamdemque
2139 2265 2492 2320 immortalem
2533 2267 2768 2320 animam
2803 2281 2926 2322 esse
2972 2264 3163 2335 praedi-

1609 2362 1755 2408 cant.
1803 2353 2050 2408 Porticus
2096 2354 2366 2423 princeps,
2419 2355 2534 2410 sive
2583 2354 2779 2409 Stoicaa
2817 2363 2976 2410 sectze
3018 2354 3164 2408 Zeno

1611 2443 1730 2507 fuit,
1762 2443 1829 2498 de
1859 2460 1967 2514 quo
1999 2452 2181 2500 varius
2217 2457 2296 2501 est
2343 2460 2542 2500 sermo.
2581 2443 2713 2498 Nam
2759 2447 2850 2499 alii
2888 2443 3162 2500 Cleantliis

1609 2535 1892 2604 cujusdam
1929 2535 2074 2607 Tyrii
2112 2538 2276 2591 ﬁlium
2322 2537 2492 2595 fuisse
2533 2545 2724 2606 putant
2759 2557 2772 2591 :
2811 2538 2902 2590 alii
2933 2537 3158 2592 Cittien-

1609 2645 1720 2684 sem
1753 2628 1957 2683 faciunt
2002 2645 2066 2684 ex
2115 2632 2291 2684 insula
2322 2629 2534 2701 Cypro;
2571 2644 2728 2699 quem
2755 2637 2808 2683 et
2838 2627 3023 2684 Romae
3056 2629 3157 2682 ali-

1608 2718 1846 2787 quandiu
1893 2718 2092 2773 vixisse
2139 2729 2394 2785 narrant;
2444 2717 2676 2787 indeque
2705 2717 2944 2772 Athenas
2979 2717 3156 2786 profe-

1608 2811 1805 2867 fectum
1829 2813 1882 2866 in
1907 2811 2055 2874 Stoa,
2081 2812 2183 2865 hoc
2199 2821 2282 2867 est
2312 2811 2540 2881 porticu,
2565 2811 2816 2881 dogmata
2835 2810 2922 2862 ilia
2950 2809 3156 2878 publice

1607 2904 1972 2973 proposuisse.
2004 2901 2120 2957 Non
2152 2903 2345 2958 desunt
2374 2901 2468 2972 qui
2505 2902 2640 2955 duos
2673 2898 2919 2954 Zenones
2965 2897 3153 2952 distin.

1606 3001 1793 3063 guant,
1838 2993 2095 3059 Eleatem,
2121 3003 2171 3048 et
2195 3008 2316 3048 eum
2339 2993 2405 3047 de
2427 3007 2534 3062 quo
2563 2991 2803 3062 proxime
2832 2989 3033 3044 dictum
3052 2998 3155 3043 est.

1532 3090 1574 3146 C
1613 3084 1894 3155 Utcunque
1921 3087 2008 3151 sit,
2035 3090 2218 3142 eadem
2247 3085 2314 3139 ab
2341 3085 2624 3153 utriusque
2654 3083 2868 3138 decreta
2892 3079 3155 3150 proﬂuxe-

1609 3187 1755 3231 runt.
1791 3177 2129 3248 Proindeque
2177 3177 2457 3231 materiam
2491 3176 2750 3244 aequalem
2781 3173 2888 3229 Deo
2923 3173 3048 3227 facit
3079 3173 3156 3225 al-

1611 3279 1691 3325 ter
1733 3271 1841 3338 ille,
1878 3271 2328 3340 quemadmodum
2369 3277 2424 3324 et
2468 3269 2699 3323 haereses
2737 3267 2976 3336 reliquae.
3019 3264 3155 3317 Tum

1606 3379 1736 3418 vero
1765 3363 1855 3417 fati
1890 3372 2048 3434 atque
2075 3364 2298 3434 originis
2326 3362 2699 3417 necessitatem
2745 3360 2960 3421 astruit,
2999 3357 3155 3427 cujus

1607 3455 1818 3526 legibus
1859 3464 2224 3525 temperentur
2267 3463 2321 3509 et
2353 3454 2656 3509 afﬁciantur
2686 3454 2955 3508 universa.
2991 3450 3155 3520 Igitur

1607 3565 1942 3619 qumeunque
1991 3552 2171 3618 operis
2222 3547 2449 3601 instituti
2496 3546 2732 3599 brevitas
2782 3552 2971 3597 contra
3015 3542 3155 3596 illius

1606 3639 1902 3709 nequitiam
1933 3638 2197 3708 disputari
2225 3637 2447 3708 patitur,
2480 3652 2544 3690 ac
2575 3636 2718 3690 velut
2753 3634 3011 3687 auxiliare
3041 3647 3156 3685 me-

1607 3729 1971 3784 dicamentum
2018 3731 2225 3800 parari;
2270 3731 2365 3784 sed
2410 3730 2484 3782 ita
2518 3743 2856 3798 nequaquam
2885 3727 3024 3780 utin
3054 3727 3154 3778 im-

1574 3823 1816 3893 inquam,
1886 3825 2218 3886 summatim,
2257 3839 2324 3878 ne
2378 3823 2791 3892 prtetermisisse
2833 3821 3016 3876 videar
3062 3816 3154 3873 ad-

1671 4007 1734 4061 II.
1775 4006 1921 4063 Heus
1950 4016 2007 4062 tu
2032 4010 2044 4062 2
2089 4009 2330 4078 inquam.
2361 4007 2538 4063 I‘otin’
2565 4006 2743 4076 eloqui
2767 4021 2797 4060 a
2820 4021 2926 4076 quo
2951 4004 3154 4059 doctri-

1602 4114 1727 4153 nam
1782 4101 1923 4154 hanc
1977 4101 2295 4169 acceperis?
2345 4109 2438 4154 aut
2483 4099 2606 4168 quis
2656 4099 2871 4152 demum
2920 4097 3155 4167 Spiritus

1603 4199 1828 4246 sanctus
1857 4199 2034 4246 tecum
2077 4192 2142 4247 de
2170 4193 2272 4246 hoc
2309 4201 2404 4246 tuo
2430 4207 2619 4247 errore
2650 4191 2723 4247 sit
2762 4191 3013 4246 locutus?
3039 4190 3155 4245 Duo

1602 4285 1800 4354 quippe
1852 4284 2010 4339 simul
2059 4285 2284 4353 aequalia
2326 4292 2588 4353 tempore,
2622 4285 2904 4337 materiam
2949 4282 3155 4338 scilicet

1603 4391 1665 4428 ac
1699 4376 1862 4428 Deum
1896 4375 2157 4428 violenter
2196 4375 2467 4429 obtrttdis.
2499 4373 2714 4429 Excidit
2744 4376 2906 4443 igitur
2939 4384 3030 4428 tua
3066 4373 3154 4427 illa

24 4694 117 4764 (46)
150 4695 607 4764 Μεταγγισμούς
653 4711 715 4748 τε
753 4692 985 4764 ψυχῶν.
1035 4692 1203 4764 Stoici
1258 4693 1492 4764 animam

1610 4691 2104 4764 Qitiense‘oppidum
2124 4704 2153 4744 a
2168 4685 2515 4764 Pboénicibus
2532 4689 2738 4764 colonis
2757 4689 3155 4764 frequentatum

19 4761 195 4819 nabant
223 4761 695 4832 esse'corpoream
727 4781 740 4816 :
765 4761 1021 4818 ’videlicet
1065 4761 1279 4833 πνεῦμα
1307 4762 1494 4829 ἔνθερ-

19 4851 80 4897 ιν,
122 4844 175 4888 ut
216 4835 291 4888 ait
337 4833 609 4902 Diogenes
633 4873 647 4896 ,
677 4836 906 4904 ideoque
945 4835 1167 4887 interire
1209 4843 1332 4901 post
1362 4848 1502 4884 mor-

20 4921 101 4958 m:
149 4906 362 4959 tametsi
421 4905 736 4974 aliquandiu
802 4910 942 4974 post,
970 4904 1177 4956 obitum
1238 4911 1497 4956 maneret.

20 4976 369 5044 ετεμψύχωσιν
405 4973 538 5028 νειῐο
571 4973 881 5030 defendisse
913 4973 1126 5044 Stoicos
1162 4987 1428 5040 nusquam
1468 4987 1498 5024 a

21 5059 45 5096 e
72 5042 248 5099 lectum
284 5053 394 5098 est.
448 5045 512 5097 Et
545 5045 1021 5098 hallucinationem
1054 5042 1195 5094 hanc
1222 5056 1344 5096 esse
1377 5055 1498 5094 cre-

23 5114 188 5177 derim,
221 5114 690 5184 quemadmodum
715 5121 769 5167 et
795 5114 939 5183 quod
965 5111 1207 5184 sequitur
1236 5127 1249 5161 :
1274 5112 1499 5184 immorj

24 5185 105 5236 lem
150 5200 178 5236 a
220 5179 432 5238 Stoicis
482 5186 720 5238 animam
763 5179 884 5239 esse
929 5179 1298 5237 conStitutam.
1343 5179 1500 5246 Quod

22 5253 134 5307 lsum
175 5264 274 5309 est.
318 5251 544 5309 Vidcsis
592 5254 918 5324 Diogenem,
967 5262 1022 5306 et
1078 5249 1356 5304 Plutarch.
1422 5249 1498 5303 De

19 5327 143 5375 uritis
170 5325 364 5390 philos.

29 5393 120 5462 (47)
144 5389 202 5447 Οἱ
219 5394 338 5461 μὲν
369 5393 486 5463 γὰρ
513 5394 698 5446 αὐτὸν
717 5392 974 5460 ἔφασαν.
996 5391 1159 5463 ΖςιιοΔ
1175 5389 1372 5463 Stoicae
1410 5403 1496 5442 se-

19 5477 51 5515 a:
81 5459 316 5519 cotiditor
346 5459 607 5526 Mnasae,
635 5459 762 5517 sive
783 5463 989 5517 Demeae
1021 5461 1078 5515 F.
1121 5459 1396 5521 Citiensis,
1430 5473 1497 5512 ex

19 5535 140 5604 tpidoi
168 5535 332 5604 Cypri
368 5534 587 5604 insuiga,
616 5540 675 5586 ut
720 5531 972 5604 I_.aertius
1024 5540 1076 5586 et
1131 5530 1331 5604 Suidas
1365 5543 1493 5580 nar-

20 5611 84 5654 .ut.
120 5603 187 5658 De
214 5601 960 5673 Cleantbe'l’yrio‘Zeuouis
991 5609 1140 5673 patre
1173 5601 1310 5673 nihil
1343 5613 1494 5673 com-_-

19 5673 403 5747 :ri.Quanquam
440 5672 554 5727 scio
569 5668 782 5728 'ﬁvwﬂsv
807 5672 976 5728 fuisse
991 5668 1309 5733 Pbcenicem
1345 5668 1491 5725 ouod

287 5773 570 5834 PnaOL.
611 5769 727 5832 Gn.
771 5767 934 5832 XLI.

1598 4762 1781 4814 fuerit.
1814 4757 1955 4826 Quin
1987 4761 2148 4814 etiam
2177 4759 2347 4814 civem
2381 4760 2530 4812 illum
2564 4757 2873 4812 vindicasse
2899 4759 2999 4813 sibi
3031 4761 3156 4823 τοὺς

1596 4833 1652 4883 ἐν
1684 4831 1872 4884 Σιδῶνι
1906 4833 2110 4892 Κιτιεῖς
2140 4838 2332 4882 auctor
2372 4837 2454 4883 est
2489 4827 2756 4882 Laertius.
2791 4827 2931 4896 Ergo
2957 4829 3152 4882 Citium

1597 4901 1744 4953 aliud
1779 4903 1831 4954 in
1864 4900 2120 4954 Phoenice
2150 4898 2430 4968 oppidum.
2457 4897 3001 4968 DeniqueAZenonem
3031 4897 3154 4964 Pte-

1598 4972 1780 5024 nulnm
1813 4971 1881 5024 ob
1907 4969 1959 5022 id
1992 4966 2239 5039 appellat
2258 4968 2447 5039 Cicero
2485 4966 2664 5039 li_b._tv
2687 4966 2762 5021 De
2794 4967 2888 5037 ﬁn.
2914 4986 2932 5024 :
2960 4966 3154 5022 Postea

1599 5051 1716 5093 tuus
1747 5039 1836 5092 ille
1867 5035 2112 5092 Poenulus
2145 5039 2164 5105 (
2182 5039 2284 5092 scis
2323 5038 2461 5092 enim
2489 5035 2703 5092 Citiaeos
2739 5035 2949 5092 clientes
2989 5047 3104 5091 tuos
3129 5056 3155 5093 ε

1597 5110 1865 5164 ΡΙιωηὶσὶα
1894 5109 2196 5176 profectos).

1668 5182 1779 5250 (48)
1961 5179 2162 5250 -Ῥώμῃ
2193 5175 2261 5250 δὲ
2280 5175 2647 5250 βεϐιωκέναι.
2771 5192 2878 5247 quo
2909 5179 3027 5250 haec
3071 5177 3154 5250 di-

1597 5247 1792 5304 dicerit
1821 5247 2176 5316 Epiphanius,
2213 5247 2427 5316 beasset
2452 5261 2574 5310 nos,
2603 5248 2650 5302 si
2697 5249 2894 5303 docere
2944 5249 3152 5302 voluis-

1596 5327 1696 5373 set.
1727 5315 2058 5372 Crediderim
2097 5317 2310 5386 Ῥώμην
2359 5315 2428 5368 ab
2476 5330 2541 5386 eo
2591 5332 2689 5386 pro
2720 5317 2868 5370 Italia
2899 5317 3064 5380 sumi,
3099 5324 3152 5370 et

1595 5388 1830 5442 Eleatem
1863 5387 2134 5441 Zenonem
2163 5385 2286 5439 cum
2318 5385 2547 5440 Citiensi
2577 5385 2874 5452 confundi;
2901 5402 3025 5440 nam
3052 5387 3152 5440 du-

1593 5459 1748 5521 bitat,
1778 5456 1957 5510 duone
1989 5456 2189 5510 fuerint
2223 5457 2382 5509 ambo
2417 5457 2529 5520 isti,
2560 5472 2627 5510 an
2659 5474 2801 5512 unus
2837 5457 3148 5512 Stoicorum

1595 5536 1767 5597 pater.
1789 5525 1910 5597 Fuit
1943 5534 2121 5578 autem
2154 5525 2435 5597 Zenonum
2468 5528 2603 5580 alter
2635 5527 2845 5581 Eleates
2870 5543 2934 5582 ex
2962 5526 3148 5587 Italia;

1593 5595 1685 5652 sed
1720 5595 1864 5667 quod
1897 5597 2083 5650 ambos
2106 5597 2235 5650 dicit
2261 5595 2446 5667 eadem
2483 5597 2738 5667 habuisse
2767 5598 3039 5667 dogmata,
3065 5611 3152 5651 sa-

1593 5669 1663 5724 tis
1694 5665 1758 5723 ex
1795 5665 2048 5738 Diogene,
2075 5667 2307 5736 aliisque
2334 5665 2624 5721 refellitur.

2728 5767 2762 5826 7
