3766 6278
532 297 635 357 205

1936 278 1994 342 Β.
2035 228 2382 340 ΕΞΙΡΗΑΝΙΙ
3691 269 3750 323 Et

533 419 693 480 ratio,
724 415 1054 485 minimeque
1100 409 1335 468 cohaeret
1380 409 1497 480 ipsa
1535 418 1746 470 secum,
1783 416 1906 458 cum
1949 408 2009 454 tu
2043 405 2128 466 et,

2226 394 2523 469 Ομολογετς
2568 391 2668 463 μὲν
2703 391 2813 461 γάρ
2852 404 2973 443 τινα
3015 382 3157 441 εἶναι
3198 386 3563 458 δημιουργὸν,
3599 383 3667 437 δν
3704 404 3750 439 κε

533 512 783 580 opilicem
837 506 1127 577 quemdam
1176 504 1420 560 omnium
1471 515 1653 555 rerum
1703 512 1826 553 esse
1876 495 2098 558 fateare,

534 617 695 675 quem
723 601 885 656 etiam
923 597 1350 668 omnipotentem
1395 590 1617 654 asseris,
1647 597 1701 644 et
1731 588 1787 641 in
1823 600 1888 641 eo
1922 593 2103 638 tamen

534 700 657 769 ipso
688 694 1037 750 divinitatum
1076 688 1309 743 divortia
1337 685 1661 740 constituas.
1684 679 1785 749 13
1802 677 2103 747 Cuiusnam

535 768 664 844 vero
684 787 878 841 artifex
907 783 1011 837 erit
1036 780 1146 844 ille,
1176 780 1222 834 si
1247 776 1471 848 aqualis
1494 784 1737 844 tempore
1767 768 1990 823 materia
2017 781 2105 836 po-

536 881 720 936 nitur?
742 878 857 931 Erit
889 877 1032 930 enim
1062 886 1156 942 per
1185 885 1306 925 sese
1336 868 1534 923 suimet
1568 866 1686 935 ipsa
1722 863 1884 932 juris,
1915 866 2104 928 utpote

538 988 658 1044 qua
690 985 722 1025 a
751 968 899 1025 nullo
924 968 995 1022 sit
1025 963 1254 1034 originis
1281 960 1553 1031 principio
1576 954 1829 1015 deducta,
1862 952 2107 1019 adeoque

540 1063 783 1133 subjecta
817 1057 1039 1114 nemini.
1072 1053 1225 1121 Quod
1260 1054 1305 1109 si
1339 1053 1409 1107 ab
1435 1066 1519 1114 ea,
1554 1046 1854 1119 producere
1892 1053 1955 1097 ut
1984 1056 2107 1111 pos-

540 1166 641 1218 set,
670 1153 850 1224 0pifex
877 1151 968 1221 qui
1004 1164 1122 1205 eam
1153 1155 1347 1202 nactus
1393 1152 1479 1199 est
1524 1138 1813 1210 acceperit,
1845 1134 2108 1190 nonnulia

542 1248 655 1301 hac
686 1259 809 1299 esse
856 1243 1013 1297 debet
1054 1240 1201 1294 illius
1245 1235 1614 1297 imbecillitas,
1649 1245 1712 1284 ac
1751 1229 1897 1283 velut
1931 1224 2108 1295 egenti

543 1337 683 1390 facta
712 1332 1045 1390 contributio
1074 1348 1090 1386 :
1127 1328 1387 1383 nimirum
1414 1324 1503 1394 qui
1534 1338 1641 1377 non
1672 1319 1899 1391 privatis
1924 1332 1989 1371 ex
2016 1331 2109 1370 co-

542 1427 667 1495 piis,
702 1424 796 1480 scd
828 1439 895 1477 ex
921 1421 1097 1476 aliena
1139 1417 1368 1472 materia
1409 1429 1569 1469 suum
1605 1422 1740 1481 opus
1770 1408 2106 1481 prastiterit.

540 1517 657 1571 Jani
690 1516 821 1571 illud
857 1513 924 1569 de
955 1511 1259 1566 animarum
1288 1508 1344 1563 in
1382 1506 1556 1561 aliena
1596 1516 1826 1573 corpora
1850 1498 2110 1563 transitu,

542 1615 799 1679 quantam
843 1608 899 1659 in
951 1612 1002 1659 te
1042 1604 1315 1659 levitatem
1344 1600 1649 1670 depravata
1678 1594 1877 1649 mentis
1911 1589 2109 1662 arguit,

2203 486 2616 559 παντοκράτορα
2641 485 2748 556 φής
2766 500 2778 513 ·
2802 484 2989 540 τοῦτον
3014 481 3071 534 δὲ
3097 478 3335 552 μερίζεις
3357 481 3437 541 εἱς
3465 477 3750 530 πολυθεῖαε

2204 577 2362 639 Τίνος
2392 575 2436 627 δ’
2467 573 2533 628 ἂν
2585 573 2670 644 εἴη
2709 571 3071 643 δημιουργὸς,
3115 570 3133 600 ί
3184 567 3218 639 ἢ
3255 566 3558 638 σύγχρονος
3618 566 3709 636 εἴη

2206 667 2339 739 ὕλης
2373 667 2566 719 Ἔσται
2612 662 2722 735 γὰρ
2762 661 2881 715 καθ’
2929 659 3125 728 ἑαυτὴν
3170 658 3373 727 ἑαυτῆς
3420 655 3750 719 δεσπόζουσι

2203 760 2237 828 ἡ
2268 757 2341 827 μὴ
2371 756 2479 809 ἀπὸ
2501 753 2672 807 αἰτίου
2706 751 2850 814 τινὸς
2880 748 3117 801 λαθοῦσα
3140 746 3241 817 τὴν
3268 745 3446 816 ἀρχὴν
3477 784 3494 808 ,
3546 745 3657 796 καὶ
3699 743 3750 794 οἱ

2206 848 2638 917 ὑποτασσομένη.
2686 845 2751 896 Εἱ
2805 843 2861 895 δὲ
2911 843 2939 893 ὁ
2988 838 3317 911 δημιουργὸς
3376 836 3526 906 παρά
3586 835 3750 887 ταύτι

2206 939 2469 1011 λαμϐάνει
2502 934 2770 1008 προϐολὴν
2802 932 3006 1003 ταύτην
3037 930 3357 1002 εὑράμενος,
3394 925 3668 999 ἀδράνειά
3716 944 3744 976 τ

2208 1034 2274 1088 ἂν
2322 1030 2407 1102 εἴη
2452 1032 2547 1084 καὶ
2577 1029 2765 1101 ἔρανος
2802 1026 2867 1080 δι’
2899 1025 3129 1096 ἀπορίαν
3171 1021 3249 1092 τῷ
3290 1019 3749 1091 προσπορισαμέν

2207 1126 2307 1178 οὐκ
2333 1123 2440 1176 ἀπὸ
2476 1121 2584 1175 τῶν
2623 1120 2787 1180 ἰδίων,
2820 1115 2934 1170 ἀλλ’
2972 1114 3030 1180 ἐξ
3063 1111 3436 1181 ὑποκειμένων
3463 1108 3750 1178 ἀλλοτρίαν

2207 1214 2355 1275 ὅπως
2394 1211 2455 1264 τὸ
2499 1210 2629 1262 ἴδιον
2661 1186 3025 1275 ὑποστήσεται
3064 1199 3472 1271 δημιούργημα,
3516 1199 3637 1250 Καὶ
3672 1216 3750 1268 πει

2208 1308 2300 1363 τοῦ
2334 1307 2443 1360 τῶν
2482 1302 2667 1374 ψυχῶν
2708 1298 3081 1372 μεταγγισμοῦ
3126 1296 3291 1365 πολλή
3336 1313 3419 1357 τις
3449 1296 3479 1364 ή
3512 1293 3750 1362 (paul/xz:

2209 1401 2307 1471 τῆς
2334 1392 2864 1467 παραπεποιημένης
2892 1407 2985 1443 σου
3025 1388 3260 1450 διανοίας
3287 1424 3301 1449 ,
3337 1386 3668 1453 ἐθελόσοφε,
3704 1403 3750 1437 κε

2211 1490 2410 1560 γνῶσιν
2476 1485 2781 1556 ἀνθρώποις
2829 1480 3262 1551 ἐπαγγελλόμενε
3296 1479 3309 1532 !
3347 1478 3410 1531 El
3452 1477 3567 1548 γὰρ
3633 1479 3750 1547 μέρι

2211 1582 2347 1635 Θεοῦ
2374 1579 2609 1650 ὑπάρχει
2647 1576 2743 1630 καὶ
2794 1574 3090 1636 ἀθάνατος,
3129 1572 3358 1641 σώματα
3387 1569 3445 1623 δὲ
3498 1568 3706 1639 οἰκτρά
3733 1585 3750 1619 c

541 1701 635 1771 qui
678 1709 735 1753 et
781 1696 1059 1767 sapientia
1094 1694 1325 1766 gloriam
1370 1690 1612 1755 affectas,
1645 1696 1698 1743 et
1740 1699 1921 1741 rerum
1970 1682 2112 1751 apud

2226 1674 2377 1745 μόνον
2403 1669 2613 1740 εἴποιμι
2646 1664 2827 1738 θηρῶν
2856 1670 2915 1719 τε
2957 1664 3049 1717 καὶ
3077 1662 3323 1734 ἑρπετῶν
3360 1661 3457 1714 καὶ
3499 1659 3750 1712 κνωδάλα

2226 1766 2236 1771 μ
2416 1762 2441 1771 -
2554 1762 2581 1771 .ι
2664 1759 2680 1771 ι
2711 1758 2722 1771 ι
2904 1757 2917 1771 I
2963 1756 2990 1768 ιν
3174 1752 3185 1771 1
3418 1754 3468 1771 κιρ
3519 1752 3543 1771 L
3566 1752 3619 1771 7‘
3666 1751 3725 1771 ne
3740 1768 3749 1771 Α

544 1792 792 1847 homines
825 1788 1107 1846 scientiam
1136 1784 1442 1856 proﬁterisi
1487 1780 1623 1835 Nam
1660 1779 1703 1835 si
1730 1793 1854 1849 pars
1899 1783 1981 1830 est
2020 1775 2109 1826 illa

2226 1762 2484 1831 Ξυσγενῶν
2519 1762 2585 1831 τῇ
2622 1758 2816 1812 πλάσει
2859 1756 3027 1826 αὐτῆς
3062 1752 3381 1817 συνάπτεις,
3407 1754 3472 1823 τῇ
3509 1752 3627 1805 ἀπὸ
3664 1751 3750 1803 Θει

544 1880 661 1944 Dei,
694 1890 747 1933 et
776 1878 991 1948 quidem
1013 1873 1372 1938 immortalis;
1406 1879 1464 1925 tu
1488 1884 1617 1925 vero
1643 1868 1709 1922 ad
1736 1863 2111 1920 infelicissima

2226 1854 2359 1909 κατά
2377 1854 2434 1905 σὲ
2451 1852 2549 1922 τὴν
2571 1848 2758 1903 οὐσίαν
2786 1846 3099 1918 κεκτημένῃ
3123 1861 3136 1875 ’
3165 1845 3260 1899 καὶ
3275 1845 3325 1897 τί
3344 1844 3411 1898 ἂν
3430 1844 3653 1912 γένοιτο
3678 1860 3750 1894 τοι

512 1988 517 1993 '
545 1971 733 2028 nescio
765 1984 886 2040 qua
913 1980 1142 2038 corpora
1172 1980 1283 2020 non
1315 1963 1550 2018 ferarum
1579 1960 1762 2026 modo,
1789 1958 1881 2013 sed
1911 1965 1966 2010 et
1994 1970 2110 2009 ser-

2218 1964 2312 2001 του
2350 1941 2744 2015 μοχθηρότερον
2760 1956 2776 2006 ;

545 2072 791 2136 pentum,
817 2075 880 2115 ac
912 2058 1305 2114 vilissimorum
1340 2051 1717 2113 animantium,
1786 2046 2149 2103 conditionem
2188 2038 2335 2093 illius
2381 2032 2632 2097 dimittis,
2668 2043 2790 2099 qua
2839 2033 3112 2093 naturam,
3170 2033 3221 2081 te
3263 2023 3482 2096 quidem
3544 2032 3750 2078 auctori

548 2161 800 2212 haustam
831 2169 861 2208 a
889 2152 1002 2209 Deo
1034 2158 1089 2207 et
1123 2164 1438 2218 expressam
1466 2146 1725 2211 obtinuit;
1758 2151 1936 2215 potest
1960 2138 2253 2211 quidquam
2284 2147 2347 2187 ea
2377 2145 2437 2185 re
2469 2143 2588 2185 esse
2617 2123 2967 2197 perversius?

619 2245 703 2299 Ill.
741 2244 813 2300 At
846 2242 1011 2298 etiam
1039 2238 1229 2295 Fatum
1263 2239 1423 2294 nobis
1455 2238 1667 2307 objicis,
1712 2250 1741 2288 a
1783 2250 1890 2304 quo
1928 2230 2112 2287 omnia

546 2335 991 2408 proﬁciscantur,
1026 2347 1149 2403 qua
1177 2340 1285 2386 tam
1324 2329 1558 2395 homini,
1589 2341 1751 2398 quam
1781 2325 1993 2379 cateris
2024 2338 2113 2377 re-

551 2431 655 2485 bus
682 2426 957 2481 accidunt.
990 2424 1189 2479 Verum
1230 2436 1363 2485 uno,
1412 2435 1584 2490 eoque
1610 2416 1937 2473 brevissimo
1969 2415 2115 2471 dicto

550 2530 703 2577 tuum
750 2518 883 2573 illud
922 2520 1289 2571 commentum
1328 2521 1632 2568 evanescet.
1681 2509 1740 2564 Si
1785 2508 1930 2564 enim
1971 2506 2113 2564 istud

552 2615 769 2683 ipsum;
825 2609 1149 2679 sapientem,
1188 2620 1252 2660 ac
1307 2604 1629 2674 prudentem
1690 2601 1846 2668 ﬁeri;
1891 2600 2117 2655 rationis

552 2704 873 2775 participem
916 2706 1307 2769 expertemque
1352 2696 1527 2761 nasci,
1588 2695 1909 2765 reliquaque
1953 2692 2118 2761 hujus

554 2796 771 2867 generis
811 2793 906 2845 fati
952 2790 1260 2846 necessitas
1305 2787 1498 2853 aﬂert;
1548 2787 1744 2842 sileant
1790 2785 2009 2839 decreta
2050 2784 2120 2837 le-

554 2903 679 2958 gum
711 2885 893 2939 omnia
934 2882 1178 2952 :quippe
1226 2894 1348 2934 cum
1389 2880 1443 2933 in
1486 2878 1761 2933 adulteros
1800 2875 2121 2932 sceleratos-

556 2995 662 3049 que
704 2984 932 3030 cateros
964 2972 1059 3025 fati
1088 2972 1171 3026 vis
1220 2970 1311 3022 illa
1360 2968 1688 3022 dominetur.
1732 2965 1874 3020 Sane
1902 2964 2118 3034 quidem
2147 2996 2188 3051 ο

553 3067 755 3139 justius
781 3064 848 3118 ab
882 3062 1078 3126 stellis,
1121 3074 1242 3131 qua
1264 3058 1646 3114 necessitatem
1676 3057 1915 3128 pariunt,
1949 3072 2122 3126 poena

560 3163 900 3227 repetantur,
936 3167 1100 3223 quam
1135 3150 1203 3204 ab
1231 3164 1296 3204 eo
1330 3148 1424 3219 qui
1462 3148 1607 3219 quod
1640 3148 1751 3219 agit
1778 3147 1999 3202 omnino
2030 3160 2122 3200 co-

560 3258 716 3305 actus
735 3245 1068 3318 aggreditur.
1090 3242 1261 3313 Atque
1283 3250 1343 3297 ut
1363 3242 1416 3297 id
1442 3242 1547 3295 alia
1572 3241 1782 3296 ratione
1802 3239 2075 3311 disputem
2104 3258 2118 3293 :

560 3340 608 3397 si
637 3340 711 3394 ita
748 3339 826 3392 uti
857 3336 1043 3391 volunt
1079 3350 1138 3389 se
1166 3350 1254 3390 res
1285 3333 1478 3398 habet;
1508 3332 1737 3403 agedum
1768 3331 1969 3388 schola
1990 3344 2125 3384 con-

559 3433 829 3488 ticescant
859 3449 872 3484 :
903 3429 1156 3485 desinant
1203 3428 1485 3498 sophista,
1532 3426 1799 3491 rhetores,
1854 3438 2125 3496 gramma-

562 3527 680 3590 tici,
707 3523 920 3588 medici,
957 3529 1272 3592 cateraque
1321 3520 1585 3575 doctrina
1633 3535 1844 3583 omnes,
1896 3519 2126 3573 illibera-

562 3618 695 3672 lium
717 3615 917 3670 artium
939 3615 1227 3669 innumera
1258 3613 1571 3668 multitudo.
1606 3611 1715 3666 Nec
1747 3612 1942 3666 doceat
1971 3611 2125 3665 dein-

561 3724 692 3779 ceps
742 3708 1057 3778 quispiam;
1112 3705 1160 3762 si
1222 3706 1442 3777 quidem
1482 3704 1601 3760 Fati
1660 3703 1957 3768 beneﬁcio,
2014 3719 2127 3758 non

566 3801 870 3855 litterarum
901 3797 1211 3868 disciplina,
1246 3796 1431 3867 generi
1461 3797 1701 3850 humano
1740 3795 1968 3850 scientia
1995 3810 2129 3862 sup-

566 3892 789 3962 peditat.
823 3888 957 3942 Nam
991 3889 1038 3944 si
1065 3889 1257 3944 doctos
1296 3898 1457 3959 atque
1489 3888 1733 3942 eruditos
1760 3884 1971 3941 edicere
2006 3885 2128 3939 Fati

569 3983 873 4039 necessitas
902 3992 1098 4053 potest,
1128 3995 1287 4036 nemo
1322 3980 1639 4050 praceptori
1674 3988 1833 4033 navet
1863 3993 2083 4049 operam
2112 3998 2124 4032 :

568 4076 664 4131 sed
708 4075 812 4128 illa
861 4074 1095 4129 stamina
1135 4072 1416 4127 trahentes
1448 4071 1632 4126 Parca
1684 4071 1898 4140 ingenia
1948 4071 2127 4125 homi-

571 4182 700 4219 num
725 4163 1027 4233 disciplinis
1054 4162 1323 4226 imbuant,
1354 4162 1807 4232 quemadmodum
1838 4162 1987 4217 inani
2029 4162 2131 4216 fal-

569 4269 740 4326 soque
769 4254 861 4308 illo
879 4252 1129 4323 dogmate
1155 4252 1448 4324 proliteris.

1008 4363 1112 4435 ιῑι
1141 4363 1229 4417 on
1265 4362 1695 4427 PLATONICIS,

725 4455 843 4511 Wa:
871 4465 949 4511 est
978 4456 1190 4511 harenis
1224 4456 1497 4527 gentilium
1529 4455 1635 4522 IV,
1671 4459 1854 4512 ordine
1894 4455 1988 4511 VI.

642 4630 767 4687 Hac
816 4637 1007 4688 contra
1054 4629 1328 4686 Zenonem
1386 4639 1440 4685 et
1482 4629 1696 4688 Stoicos
1741 4632 1886 4687 dicta
1948 4643 2133 4689 sunto.

572 4725 729 4792 Quod
766 4723 834 4778 ad
864 4723 1145 4778 Platonem
1170 4724 1383 4787 attinet,
1414 4724 1471 4779 in
1516 4726 1705 4780 eodem
1735 4726 1782 4781 is
1814 4727 1926 4780 luto
1953 4742 2137 4781 versa-

573 4824 683 4870 tur.
716 4814 850 4869 Nam
874 4814 942 4871 de
976 4815 1281 4868 animarum
1305 4829 1372 4869 ex
1401 4814 1523 4871 aliis
1552 4815 1608 4869 in
1632 4816 1735 4870 alia
1767 4831 1996 4886 corpora
2018 4825 2133 4871 tra-

572 4907 831 4976 iectione,
866 4921 930 4961 ac
971 4906 1375 4975 vicissitudine;
1409 4907 1584 4978 deque
1626 4910 1974 4965 multitudine
2006 4911 2137 4965 deo-

577 5012 720 5062 rum,
761 5013 825 5052 ac
860 4998 1083 5068 reliquis
1113 4998 1436 5054 idololatria
1481 5000 1998 5071 superstitionisque
2040 5017 2135 5072 ge-

575 5090 799 5144 neribus
833 5088 1021 5145 eadem
1057 5097 1141 5145 est
1170 5091 1316 5148 illius
1354 5094 1645 5149 sententia.
1680 5092 1785 5148 Sed
1812 5094 1878 5149 de
1909 5095 2137 5150 materia

576 5184 809 5240 fortasse
834 5197 942 5238 non
968 5183 1192 5239 omnino
1220 5200 1344 5239 cum
1368 5186 1585 5243 Zenone
1612 5188 1920 5258 Stoicisque
1950 5191 2135 5246 sentit.

650 5342 665 5372 ¹
700 5338 863 5396 Forte
899 5341 948 5394 εἱ
981 5338 1293 5412 σύγχρονος.

650 5494 761 5577 (49)
806 5497 890 5577 Τέῖ
911 5493 1450 5577 μετενσῳμᾳτώοςει.
1493 5496 1746 5577 socrates
1775 5498 1919 5569 apud
1930 5497 2129 5577 .Platoe

581 5566 703 5638 nem
740 5567 791 5619 in
824 5566 1087 5621 Phaedone
1120 5568 1185 5622 de
1218 5569 1323 5638 hoc
1354 5569 1603 5638 dogmate
1629 5566 1891 5638 disputat.
1928 5569 2033 5638 Sed
2075 5576 2129 5623 et

581 5585 703 5621 nem
740 5585 791 5619 In
824 5585 1087 5621 ιίιίεαοηε
1120 5585 1185 5622 oe
1220 5585 1323 5622 noc
1354 5585 1423 5622 oo
1464 5585 1603 5625 mare
1629 5585 1891 5638 disputat.
1929 5585 2033 5626 Sed
2075 5585 2128 5623 et

575 5636 997 5719 Qhrysostomus
1026 5638 1257 5692 llomilia
1414 5585 1574 5719 fouit.
1604 5638 1848 5719 Platonis
1875 5635 2128 5719 dogmata

570 5707 647 5766 de
679 5709 854 5764 anima
886 5710 1215 5781 redarguens
1245 5728 1257 5764 :
1292 5708 1403 5764 Νῦν
1437 5711 1530 5781 μὲν
1566 5708 1671 5779 γὰρ
1704 5710 1869 5780 αὐτὴν
1898 5706 1997 5779 τῆς
2036 5706 2128 5762 τοῦ

2162 4359 2211 4418 D

2287 2224 2363 2281 I".
2393 2218 2748 2293 Εἱμαρμένην
2770 2216 2828 2270 δὲ
2856 2212 3233 2286 παρεισάγεις,
3257 2209 3331 2281 ὡς
3364 2210 3423 2276 ἐξ
3449 2210 3632 2280 αὐτῆς
3658 2210 3750 2277 τίν’

2217 2316 2339 2369 σθαι
2380 2313 2449 2367 τά
2481 2310 2559 2382 τῷ
2598 2306 2867 2379 ἀνθρώπῳ
2914 2304 3275 2377 ωμὸαίνοντα
3318 2302 3414 2356 καὶ
3458 2301 3671 2365 ἄλλοις.
3711 2302 3750 2355 Ἐ

2216 2408 2333 2471 ἐνὸς
2364 2405 2419 2458 δὲ
2450 2402 2611 2476 ῥητοῦ
2635 2401 2700 2455 δι’
2725 2398 2989 2469 ἐπιτομῆς
3014 2395 3109 2449 τοῦ
3142 2395 3320 2463 λόγου,
3350 2396 3750 2465 άνατραπήσετι

2217 2504 2251 2574 ὴ
2276 2500 2342 2571 σὴ
2378 2495 2686 2570 μυθοποιία.
2730 2493 2794 2546 Et
2836 2491 2944 2563 γὰρ
2983 2489 3324 2560 εἱμαρμένης
3354 2487 3414 2540 τὸ
3452 2486 3745 2554 σοφίζεσθα

2217 2592 2276 2644 τὸ
2303 2586 2689 2653 συνετίζεσθαι,
2708 2584 2769 2637 τὸ
2792 2582 3007 2651 λογικὸν
3043 2578 3333 2648 γεννᾶσθαι
3356 2579 3447 2630 καὶ
3469 2577 3690 2645 ἄλογον,
3705 2594 3750 2628 χι

2218 2682 2288 2734 τὰ
2315 2680 2449 2735 ἄλλα
2482 2679 2680 2741 πάντα,
2705 2672 3105 2728 παυσάσθωσαν
3145 2670 3328 2740 νόμοι·
3372 2670 3670 2739 ἐπικρατεῖ
3692 2667 3750 2733 γᾶ

2220 2774 2254 2843 ἡ
2282 2770 2589 2842 εἱμαρμένη
2627 2766 2827 2838 μοιχῶν
2854 2780 2914 2816 τε
2952 2762 3046 2816 καὶ
3079 2761 3271 2815 ἄλλων.
3306 2761 3473 2830 Δίκην
3509 2760 3575 2812 δὲ
3602 2760 3750 2830 μᾶλλο

2219 2864 2457 2916 τίσουσιν
2503 2861 2551 2912 οἱ
2611 2857 2853 2926 ἀνάγκην
2904 2853 3234 2916 ἐπιτιθέντες
3300 2853 3532 2924 ἀστέρες
3590 2853 3726 2922 ἥπερ

2221 2951 2660 3022 ἀναγκαζόμενος
2715 2948 2909 3020 δρᾶσαι
2956 2946 3017 2999 τὸ
3066 2945 3417 3016 ἐπιχείρημα.
3487 2944 3656 2996 Ἀλλὰ
3705 2961 3750 2995 ιιι

2227 3047 2400 3109 ἄλλως
2426 3044 2505 3096 ἔτι
2534 3042 2659 3113 περὶ
2689 3039 2891 3094 τούτων
2924 3037 3054 3112 ὲρῶ.
3106 3037 3470 3108 Ἀργείτωσαν
3499 3037 3563 3088 αἱ
3598 3036 3750 3103 διατρι

2227 3138 2340 3200 ϐαι,
2363 3134 2756 3189 παυσάσθωσαν
2781 3131 3027 3202 σοφισταί
3046 3147 3105 3183 τε
3125 3129 3218 3182 καὶ
3251 3129 3477 3199 ῥήτορες
3500 3128 3603 3181 καὶ
3626 3144 3750 3196 γρσμ

2232 3232 2467 3305 ματικοὶ,
2510 3229 2680 3303 ἰατροί
2704 3245 2763 3281 τε
2784 3228 2877 3281 καὶ
2898 3225 3054 3280 άλλαι
3083 3222 3401 3293 ἐπιστῆμαι,
3431 3220 3750 3290 βαναύσωντ

2228 3326 2429 3397 τεχνῶν
2455 3322 2746 3395 ἀμυθήτων
2794 3319 3015 3389 πλῆθος.
3062 3316 3173 3369 Καὶ
3214 3313 3413 3383 μηκέτι
3455 3313 3649 3383 μηδεὶς
3676 3326 3750 3361 παι

2228 3419 2448 3481 δευέτω,
2481 3416 2638 3487 εἴπερ
2668 3414 2727 3478 ἐξ
2768 3409 3106 3483 εἱμαρμένης
3137 3407 3394 3477 τυγχάνει
3434 3405 3546 3458 τῶν
3579 3406 3750 3472 ἐπιστη

2234 3513 2369 3585 μῶν,
2401 3510 2494 3564 καὶ
2526 3508 2600 3579 μὴ
2658 3508 2723 3559 ἐκ
2770 3500 3111 3574 γραμμάτων
3153 3498 3439 3571 μαθήσεως
3478 3498 3510 3549 δ
3541 3494 3750 3567 ποριεῖμὶ

2230 3608 2297 3677 τῇ
2331 3601 2642 3673 ἀνθρωπεία
2670 3598 2847 3667 φύσει.
2885 3596 2948 3648 Εἰ
2981 3594 3090 3665 γὰρ
3135 3592 3445 3664 εἱμαρμένη
3477 3590 3577 3642 τὸν
3606 3603 3750 3641 πεπειι

2230 3695 2487 3768 δευμένον
2527 3693 2620 3747 καὶ
2660 3689 2986 3757 λογιώτατον
3033 3684 3433 3757 παρεσκεύασε,
3476 3683 3557 3753 μὴ
3599 3679 3750 3750 μανῡσ

2232 3790 2368 3843 νέτω
2391 3804 2472 3851 τις
2503 3783 2652 3856 παρά
2684 3781 2777 3835 τοῦ
2805 3781 3142 3841 διδάσκοντος
3161 3795 3173 3807 ·
3200 3776 3335 3830 ἀλλά
3362 3778 3425 3846 τῇ
3456 3774 3620 3845 φύσει
3664 3772 3750 3836 λαμ

2234 3880 2542 3934 ϐανέτωσαν
2582 3876 2680 3947 τὴν
2721 3874 2922 3945 εἴδησιν
2971 3872 3026 3925 αἱ
3080 3871 3205 3933 τοὺς
3267 3870 3451 3939 μίτους
3499 3866 3750 3919 κλώθουσα

2233 3971 2455 4041 Μοῖραι,
2482 3966 2622 4021 κατά
2652 3965 2714 4018 τὸ
2739 3963 2958 4033 φθέγμα
2982 3961 3083 4030 τῆς
3122 3957 3442 4029 κομπώδους
3486 3973 3583 4008 σου
3606 3954 3685 4006 διὰ
3708 3952 3750 4001 λέ

2235 4079 2344 4113 νων
2372 4061 2596 4131 πλάνης.

2795 4362 3240 4427 ΠΛΑΤΩΝΙΚΟῙ,

2241 4461 2494 4529 Τετάρτῃ
2538 4459 2766 4527 αἵρεσις
2802 4456 2920 4529 ἀπὸ
2979 4452 3406 4529 Ἑλληνισμοῦ,
3450 4451 3591 4518 ἕκτη
3624 4448 3683 4501 δὲ
3718 4464 3750 4513 r1

2844 4525 3188 4592 ἀκολουθίᾳ.

2324 4643 2481 4696 Ἀλλά
2508 4640 2683 4696 ταῦτα
2724 4641 2858 4712 πρὸς
2890 4640 3110 4710 Ζήνωνα
3140 4634 3382 4697 καὶτοὺς
3411 4630 3673 4691 Στωϊκούς
3704 4642 3750 4694 με

2238 4735 2489 4807 λελέχθω.
2512 4733 2733 4787 Πλάτων
2760 4732 2817 4785 δὲ
2862 4731 2979 4801 ἅμα
3016 4729 3109 4781 καὶ
3143 4727 3303 4789 αὐτὸς
3331 4724 3472 4779 κατὰ
3492 4723 3600 4777 τῶν
3626 4718 3750 4773 αὐτῶν

2238 4806 2637 4900 φερόμενος,τῇ
2668 4819 3280 4896 μετενσωματώσειμθ)
3317 4818 3411 4871 καὶ
3445 4806 3750 4887 μεταγγιςμᾲ

2238 4921 2347 4974 τῶν
2377 4919 2581 4990 ψυχῶν,
2611 4919 2705 4972 καὶ
2749 4914 3057 4977 πολυθεῒαις
3097 4913 3189 4965 καὶ
3228 4913 3345 4973 ταῖς
3382 4910 3573 4972 ἄλλαις
3596 4904 3750 4959 εἱδωὶο

2241 5009 2515 5081 λατρείαις
2548 5007 2642 5061 καὶ
2686 5004 3142 5074 δεισιδαιμονίαις,
3172 5002 3232 5054 οὑ
3252 5004 3316 5071 τῇ
3346 4999 3447 5072 ὕλῃ
3474 5000 3645 5067 πάντη
3672 4996 3749 5045 ἴσω

2244 5103 2384 5156 κατά
2413 5105 2633 5173 Ζήνωνα
2653 5100 2746 5153 καὶ
2772 5101 2897 5161 τοὺς
2913 5097 3178 5159 Στωϊκοὺς
3204 5095 3523 5166 ἐφρόνησεν.
3554 5088 3665 5143 Οἵδε
3688 5088 3750 5152 γάι

2231 5188 2406 5258 αὐτὸς
2439 5194 2591 5258 Θεὸν,
2614 5192 2681 5246 τὰ
2708 5192 2764 5244 δὲ
2789 5191 3053 5260 γενόμενα
3082 5189 3257 5242 πάντα
3278 5189 3340 5241 ἐκ
3364 5186 3459 5239 τοῦ
3492 5185 3637 5243 ὄντος
3664 5174 3750 5229 630i

2234 5498 2366 5552 Θεοῦ
2394 5516 2557 5569 φησιν
2590 5499 2777 5562 οὐσίας
2809 5494 2967 5554 εἶναι.
2997 5497 3113 5552 Νὖν
3141 5498 3195 5569 δὲ
3219 5496 3389 5569 οὕτως
3416 5495 3674 5569 ἀμέτρως.
3696 5485 3749 5537 κδ’

2233 5564 2686 5641 ἀσεβῶςῖέπάρας
2716 5570 2834 5640 μεθ’
2866 5570 3061 5641 ἐτέρας
3094 5568 3408 5641 καθυόρίζει
3440 5564 3605 5641 πάλιν
3635 5564 3750 5631 ὑπερ*

2234 5640 2414 5710 ϐολῆς,
2447 5640 2525 5703 είς
2554 5634 2786 5711 χὸίροὺς,
2815 5642 2906 5695 καὶ
2929 5634 3079 5703 ὅνους
3103 5634 3355 5707 εἱσάγὼν,
3384 5638 3561 5691 καὶτὰ
3585 5634 3654 5686 ἔτι
3674 5645 3750 5682 τοι·

2237 5727 2342 5765 των
2369 5711 2661 5781 ἀτιμότερα
2692 5710 2825 5775 ζῶα.
