3754 6182
87 309 187 367 305

700 306 1071 368 ADVERSUS
1107 306 1450 370 HERESES
1486 314 1614 371 LIB.
1658 316 1701 373 Ι.
1732 309 1897 374 TOM.
1940 314 1980 371 Ι.
2036 350 2103 359 —
2145 313 2417 378 HIERES.
2460 316 2691 379 Vl-Hll.

3224 312 3328 378 208

86 417 401 489 γεγενῆσθαι
428 418 601 490 (τινὰς
635 419 935 492 δυνάμεις)’
961 419 1100 476 εῖναι
1123 423 1179 476 δὲ
1208 425 1421 494 πρῶτον
1460 425 1621 481 αἴτιον

1790 437 1972 485 .tenlm
2001 433 2169 488 Deum
2218 452 2308 491 me
2335 440 2613 507 cognovit.
2660 440 2729 495 ab
2762 454 2936 507 eoque
2972 448 3166 494 cuncta
3202 457 3329 511 pro.

85 511 171 564 καὶ
206 510 473 582 δεύτερον,
498 512 591 565 καὶ
618 510 822 584 τρίτον.
855 514 965 566 Καὶ
1006 514 1064 567 τὸ
1096 515 1195 585 μὲν
1228 516 1442 587 πρῶτον
1482 518 1656 572 αἴτιον

85 600 226 664 Θεὸν,
252 602 314 653 τὸ
345 602 401 655 δὲ
432 601 681 675 δεύτερον
709 603 879 658 αἴτιον
909 605 972 657 ἐκ
995 604 1129 658 Θεοῦ
1154 607 1483 677 γεγενῆσθαί
1503 628 1653 676 τινας

83 692 349 762 δυνάμεις,
370 693 439 746 δι’
467 693 634 748 αὐτοῦ
672 694 729 748 δὲ
760 696 852 749 καὶ
880 695 987 749 τῶν
1018 696 1299 768 δυνάμεων
1325 702 1650 773 γεγενῆσθαι

82 785 167 855 τὴν
194 784 345 856 ὕλην.
375 785 575 839 Φάσκει
610 786 719 858 γὰρ
744 786 915 852 οὕτως
940 807 953 819 ·
996 808 1015 839 ι
1058 790 1300 860 Οὐρανὸς
1334 793 1450 862 ἅμα
1476 792 1651 866 χρόνῳ

81 871 401 946 γεγένηταιέ
432 878 567 948 ὁμοῦ
607 878 715 949 γὰρ
757 880 851 933 καὶ
887 880 1212 951 λυθήσεται’
1247 903 1266 933 ι
1300 882 1369 936 τὰ
1407 884 1646 956 πρότερα

81 969 265 1021 ἑαυτοῦ
311 969 379 1022 τὰ
434 972 563 1042 περὶ
616 968 749 1041 ὕλης
774 974 1170 1037 ἀνασκευάσας.
1206 971 1339 1028 Eine
1381 976 1489 1048 γάρ
1518 995 1646 1031 ποτε

80 1058 164 1108 καὶ
193 1057 488 1129 σύγχρονον
530 1053 767 1132 εἶναιτῷ
806 1062 924 1133 Θεῷ
950 1061 1047 1134 τὴν
1085 1063 1237 1136 ὕλην.

1756 522 1941 589 ducta,
1980 532 2095 580 tum
2130 536 2341 583 mentes
2372 531 2634 600 quasdam
2668 533 2863 603 agendi
2898 532 3157 587 facultate
3186 548 3328 603 praa~

1754 614 1897 670 ditas
1949 631 1980 669 a
2036 632 2166 673 vero
2210 618 2321 676 Deo
2374 630 2698 693 pr‘opagat‘as
2742 624 3002 679 asseruit.
3059 622 3328 679 Prazterea

1754 706 1991 774 primum
2018 723 2142 764 esse
2164 711 2517 782 principium,
2549 729 2612 768 ac
2636 715 2961 781 secundum,
2990 723 3044 770 et
3084 717 3326 771 tertium.

1754 796 1995 863 Quorum
2042 802 2278 870 primum
2321 804 2490 857 Deum
2533 821 2654 861 esse
2695 807 3034 877 pronuntiat.
3082 808 3323 863 Alterum

1753 906 2069 963 procreatas
2099 913 2128 951 a
2166 897 2276 955 Deo
2309 912 2519 958 mentes
2548 920 2562 957 :
2587 904 2653 959 ah
2686 907 2935 975 utrisque
2965 904 3183 959 demum
3210 918 3327 955 ma-

1753 985 1945 1040 teriam
1990 991 2332 1059 productam.
2385 993 2476 1049 Sic
2505 996 2649 1049 enim
2692 996 2879 1051 definit
2907 994 3148 1049 :Caalum
3199 1007 3324 1045 eum

1753 1082 1999 1147 tempore
2046 1077 2247 1135 factum
2281 1100 2425 1149 esse,
2475 1092 2689 1155 unaque
2735 1098 2856 1141 cum
2890 1100 2954 1140 eo
2994 1083 3323 1139 dissolutum

80 1147 158 1200 iri.
207 1148 417 1216 Quibus
457 1154 638 1208 verbis
669 1153 906 1223 priorem
936 1171 1093 1210 suam
1138 1157 1205 1214 d‘e
1250 1160 1482 1214 materia
1530 1169 1858 1224 sententiam
1900 1174 2118 1229 evertit.
2165 1173 2317 1233 Alias
2376 1147 2520 1233 enim
2556 1147 2841 1234 materiam
2900 1178 3010 1233 Deo
3060 1176 3323 1248 aequalem

78 1254 189 1295 esse
211 1250 453 1312 tempore
484 1250 771 1300 statuerat.

619 1359 1100 1430 ΠΥΘΑΓΟΡΕΙΟΙ,

78 1453 313 1522 Πέμπτη
341 1452 569 1520 αἳροσιο
594 1451 1160 1579 ἁπὲκὲλλλτέιῖισμοῦ
1178 1498 1194 1524 ,
1221 1459 1439 1530 ἑϐδόμη
1473 1461 1541 1515 δὲ
1570 1462 1644 1535 τῇ

837 1542 907 1577 ου
970 1543 1026 1579 α.

837 1542 1026 1593 ουσιᾳ.

136 1612 254 1686 Πρὸ
279 1614 335 1668 δὲ
358 1631 548 1668 τουτου
589 1613 914 1686 Πυθαγόρας
942 1617 1054 1686 (50)
1078 1619 1173 1673 καὶ
1198 1619 1249 1672 οἱ
1282 1620 1647 1693 Περιπατητι-

2098 1383 2379 1440 CONTRA
2413 1385 2923 1443 PYTHAGOREOS
2948 1428 2963 1452 ,

1829 1528 1832 1533 ,
1892 1470 2024 1538 Qua:
2051 1484 2128 1528 est
2157 1477 2431 1545 gentilium
2457 1478 2676 1532 haeresis
2708 1478 2773 1544 V,
2814 1477 2998 1533 ordine
3046 1477 3173 1534 VII.

1822 1627 1929 1683 Sed
1966 1638 2093 1685 ante
2134 1630 2280 1687 hunc
2308 1631 2665 1705 Pythagoras,
2706 1648 2773 1689 ac
2806 1630 3157 1705 Peripatetici
3193 1644 3320 1690 cum

78 1707 174 1771 xol,
202 1706 667 1776 ἐπαγγελλόμενοι
695 1708 1120 1779 χαρακτηρίζειν
1148 1709 1243 1763 ἕνα
1257 1710 1408 1775 Θεὸν,
1435 1712 1621 1784 φιλοσο

1790 1735 1810 1774 e
1835 1719 2004 1775 Deum
2036 1739 2204 1777 unum
2247 1722 2474 1780 deﬁnire
2504 1725 2889 1796 profiterentur
2921 1725 2977 1780 in
3018 1726 3166 1782 aliud
3197 1724 3321 1795 phia

76 1799 217 1869 φὶαις
281 1799 336 1852 δὲ
369 1798 557 1865 ἄλλαις
610 1800 705 1853 καὶ
741 1802 855 1863 τοῖς
887 1800 1362 1874 φιλοσοφουμένοις
1407 1823 1644 1878 προσαν-

76 1891 274 1960 έχουσι.
306 1888 387 1943 Τὰ
418 1890 508 1943 ἴσα
561 1889 660 1962 μὲν
708 1891 915 1957 τούτοις
965 1892 1126 1947 πάλιν
1163 1892 1233 1950 τὰ
1261 1896 1360 1968 τῆς
1388 1897 1644 1969 ἀθεμίτου

76 1983 292 2055 γνώμης
352 1983 444 2037 καὶ
497 1982 889 2055 ἀσεϐεστάτης,
930 1984 1039 2038 τῶν
1080 1987 1264 2058 ψυχῶν
1314 1988 1645 2042 ἀπαθανατι-

73 2075 235 2149 apati;
252 2091 311 2127 τε
333 2076 427 2127 καὶ
446 2074 985 2147 μετενσωματώσεις,
1011 2079 1104 2132 καὶ
1120 2080 1387 2151 σωμάτων
1415 2080 1641 2150 φθορὰς,

74 2166 226 2229 αὑτός
252 2184 312 2219 τε
342 2166 436 2219 καὶ
467 2167 517 2223 oi
542 2168 639 2222 σὺν
665 2167 817 2238 αὐτῷ
842 2169 1213 2239 ἀγορεύουσιν.
1240 2163 1408 2236 Οὗτος
1430 2171 1487 2225 δὲ
1518 2175 1533 2204 ¹
1556 2174 1645 2226 τέ-

71 2268 200 2321 λειος
237 2258 299 2311 ὲν
328 2262 392 2330 τῇ
425 2259 607 2331 Μηδίᾳ
637 2258 749 2329 (51)
782 2258 872 2315 τὸν
913 2261 1024 2332 βίον
1062 2264 1445 2334 καταστρέφει.
1477 2264 1642 2337 Σῶμα

72 2352 120 2405 δὲ
146 2352 297 2420 λέγει
321 2346 460 2404 εἶναι
506 2351 597 2405 τὸν
625 2352 778 2418 Θεὸν,
814 2355 1089 2408 τουτέστιν
1125 2350 1372 2428 οὐρανόν.
1412 2354 1640 2426 Ὀφθαλ-

70 2446 194 2515 μοὺς
220 2444 285 2496 δὲ
309 2442 472 2496 αὐτοῦ
502 2445 596 2497 καὶ
617 2445 684 2498 τὰ
705 2444 839 2499 ἄλλα
871 2445 1058 2517 ὥσπερ
1084 2448 1142 2502 ὲν
1180 2448 1469 2521 ἀνθρώπῳ,
1490 2449 1640 2520 ἥλιον

70 2538 155 2590 καὶ
191 2532 426 2606 σελήνην
449 2536 540 2588 καὶ
572 2537 641 2591 τὰ
672 2537 807 2592 ἄλλα
836 2536 1030 2609 ἄστρα,
1054 2540 1146 2593 καὶ
1166 2540 1236 2594 τὰ
1262 2540 1381 2595 κατ’
1413 2541 1640 2613 οὐρανὸν

69 2632 321 2700 στοιχεῖα.
462 2630 463 2633 ’

615 2826 1084 2899 ΕΠΙΚΟΥΡΕῙΟΙ,

70 2930 237 2983 Ἐκτττ
269 2924 505 2998 αἵρεσις
555 2928 697 2999 ἀπὸ.Δ
712 2926 820 2999 τοῦ
863 2927 1291 2997 Ἑλληνισμοῦ,
1335 2927 1514 2999 ὀγδόη
1569 2918 1639 2983 δὲ

621 2996 697 3067 τῇ
727 2998 1076 3064 ἀκολουθίᾳ.

1748 1814 2012 1885 losophiae
2053 1832 2246 1888 genus,
2279 1818 2495 1889 aliaque
2527 1818 2780 1888 dogmata
2811 1826 2940 1874 sunt
2963 1817 3225 1887 prolapsi.
3252 1817 3321 1871 Et

1750 1918 1861 1962 tum
1888 1909 2001 1973 ille,
2031 1916 2146 1964 tum
2176 1909 2297 1979 ejus
2320 1913 2619 1966 sectatores
2644 1910 2832 1966 eadem
2863 1916 2987 1965 cum
3018 1906 3318 1965 Platonicis

1746 1998 2036 2064 sentiunt,
2077 1990 2222 2069 quod
2267 1999 2335 2053 ad
2378 1999 2667 2056 nefandam
2719 1998 3049 2070 impiamque
3096 2009 3321 2057 sentenvA

1745 2094 1875 2149 tiam
1906 2099 2117 2161 spectat
2136 2085 2203 2146 de
2237 2092 2535 2146 mutatione
2562 2098 2872 2162 corporum,
2903 2091 3319 2160 animarumque

1744 2182 2090 2244 transitione,
2143 2197 2209 2237 ac
2253 2183 2320 2238 de
2358 2183 2674 2237 eorumdem
2719 2180 3075 2252 corruptione
3114 2196 3315 2251 corpus

1743 2288 1887 2327 rum.
1925 2274 2004 2327 Ac
2051 2270 2387 2345 Pythagoras
2441 2272 2660 2343 quidem
2711 2280 2992 2343 postremo
3047 2273 3212 2327 vitam
3257 2275 3317 2328 in

1742 2364 1920 2420 Media
1966 2364 2122 2420 finiit.
2174 2364 2277 2431 Qui
2328 2366 2554 2436 insuper
2596 2365 2767 2421 Deum
2818 2380 2940 2421 esse
2990 2376 3317 2434 corporeum

1742 2456 1959 2519 asserit,
1993 2455 2243 2511 videlicet
2277 2455 2499 2510 cwlum.
2543 2455 2712 2526 Cujus
2739 2456 2930 2511 oculos
2977 2463 3317 2524 exterasque

1742 2557 2002 2620 tanquam
2027 2548 2083 2602 in
2106 2548 2325 2605 homine
2364 2559 2547 2619 partes
2582 2551 2772 2614 solem,
2798 2559 2853 2604 et
2884 2551 3069 2603 lunam
3107 2550 3315 2605 conslia

1741 2640 1865 2707 tuit,
1893 2655 1958 2697 ac
1985 2639 2227 2711 reliquas
2257 2639 2468 2707 stellas,
2503 2642 2880 2711 elementaque
2914 2641 3180 2696 coelcstia.

2263 2836 2350 2891 DE
2390 2836 2782 2906 EPICUREIS,

1843 2929 1976 2996 Qua:
2013 2938 2090 2984 est
2125 2928 2195 2983 γι
2226 2929 2502 3001 gentilium
2542 2931 2779 2994 Itwresis,
2816 2929 2998 2985 ordine
3033 2920 3199 2985 VIII.

126 3087 204 3142 A'.
240 3089 566 3161 Ἐπίκουρος
599 3088 654 3141 δὲ
683 3087 914 3159 καθεξῆς
940 3088 1305 3159 ἀπρονοησίαν
1324 3088 1403 3161 τῷ
1450 3090 1621 3162 κόσμιγ

1811 3082 1853 3136 1.
1895 3081 1965 3136 Ut
1996 3098 2026 3136 a
2055 3081 2332 3152 prioribus
2359 3081 2636 3138 discedam
2664 3101 2677 3136 :
2704 3079 2976 3152 Epicurus
3009 3082 3307 3138 Providena

66 3181 412 3252 εἰσηγήσατο.
444 3180 535 3245 Ἐξ
564 3180 779 3250 ἀτόμων
801 3179 857 3232 δὲ
882 3179 1205 3233 συνεστάναι
1230 3179 1298 3233 τὰ
1328 3182 1525 3245 πάντα,
1555 3181 1639 3251 ἡδ’

66 3269 128 3327 αὖ
155 3274 317 3326 πάλιν
376 3274 455 3336 εἰς
508 3273 685 3343 ἄτομα
730 3275 947 3343 χωρεῖν.
991 3272 1101 3325 Καὶ
1142 3272 1203 3337 ἐξ
1230 3274 1636 3345 αὑτοματισμοῦ

64 3362 191 3419 εἶναι
219 3366 290 3419 τὰ
318 3366 439 3430 ὅλα,
475 3365 570 3419 καὶ
607 3364 697 3416 τὸν
749 3364 951 3434 κόσμον
994 3365 1289 3433 ὑφεστάναι
1324 3367 1411 3419 ἀεὶ
1442 3366 1638 3435 γεννώ-

67 3475 154 3527 σης
180 3457 273 3528 τῆς
312 3455 551 3525 φύσεως,
582 3448 745 3524 ὴδάὖ
780 3454 940 3508 πάλιν
969 3455 1385 3527 δαπανωμένης,
1430 3459 1524 3511 καὶ
1578 3457 1637 3522 ἐξ

62 3552 221 3621 αὐτῆς
244 3549 412 3603 πάλιν
439 3549 854 3620 δαπανωμένης,
896 3548 991 3603 καὶ
1017 3548 1078 3613 ἐξ
1116 3547 1283 3619 αὐτῆς
1320 3550 1480 3603 πάλιν
1513 3553 1635 3603 ἐπι-

64 3641 372 3711 γινομένης,
429 3640 701 3711 μηδὲποτε
730 3639 787 3693 δὲ
812 3639 1084 3711 ληγούσης
1103 3640 1193 3708 ἀφ’
1223 3636 1421 3712 ἑαυτῆς
1443 3643 1636 3713 φυομέ-

63 3750 169 3801 νης,
193 3732 291 3784 καὶ
319 3734 403 3793 εἰς
431 3730 629 3801 ἑαυτὴν
649 3730 1091 3801 συπριῦομένης.
1117 3726 1270 3785 Εἶναι
1292 3731 1350 3784 δὲ
1375 3732 1433 3798 ἐξ
1461 3732 1635 3804 ὑπαρ-

62 3823 154 3892 χῆς
193 3823 309 3892 (5‘2)
342 3820 452 3875 ὼοῦ
498 3816 652 3892 δίκην
691 3821 753 3874 τὸ
806 3821 1051 3893 σύμπαν,
1077 3821 1140 3875 τδ
1176 3823 1233 3877 δὲ
1261 3821 1476 3895 πνεῦμα
1501 3824 1633 3895 δρα··

64 3914 375 3978 κοντοειδῶς
420 3908 551 3984 περὶ
594 3911 655 3965 τὸ
699 3913 825 3977 ὠὸν,
855 3912 932 3977 ὼς
964 3913 1247 3983 στέφανον,
1280 3914 1312 3985 ἢ
1348 3914 1424 3977 ὡς
1457 3914 1633 3985 ζώνην

61 4006 438 4076 περισφξγγειν
483 4003 602 4056 τότε
650 4003 749 4074 τὴν
788 4002 970 4072 φύσιν.
1021 4003 1263 4075 Θελῆσαν
1308 4004 1366 4057 δὲ
1416 4003 1632 4075 βιασμῷ

60 4113 155 4149 τινι
207 4096 398 4168 καιρῷ
436 4095 835 4167 περισσοτέρως
884 4095 1107 4164 σφίγξαι
1136 4094 1233 4167 τὴν
1266 4096 1445 4149 πᾶσαν
1476 4095 1628 4167 ὕλην,

62 4188 147 4239 εἴτ’
200 4184 297 4242 οὖν
352 4188 516 4256 φύσιν
547 4186 657 4240 τῶν
709 4186 946 4252 πάντων,
977 4186 1118 4240 οὕτω
1170 4187 1383 4258 διχάσαι
1427 4186 1523 4258 μὲν
1562 4186 1631 4240 τὰ

57 4278 176 4331 ὂντα
236 4281 319 4342 εἰς
354 4278 424 4331 τὰ
471 4276 563 4331 δύο
614 4278 969 4350 ἡμισφαίρια,
1015 4278 1108 4331 καὶ
1138 4270 1320 4332 λοιπὸν
1346 4280 1410 4331 ὲκ
1438 4278 1628 4332 τούτου

56 4368 117 4419 τὰ
166 4368 352 4439 ἄτομα
412 4366 807 4438 διακεκρίσθαι.
866 4368 951 4421 Τὰ
1007 4366 1107 4438 μὲν
1156 4365 1264 4439 γὰρ
1310 4368 1488 4439 κοῦφα
1536 4370 1629 4423 καὶ

1741 3177 1871 3230 tiam
1911 3192 1942 3231 e
1975 3177 2177 3231 mundo
2229 3176 2471 3231 sustulit.
2503 3176 2648 3230 idem
2698 3190 2763 3230 ex
2808 3175 3005 3230 atomis
3052 3175 3313 3232 universa

1740 3274 2015 3328 conStare,
2047 3273 2211 3334 atque
2240 3264 2295 3319 in
2327 3273 2538 3319 atomos
2570 3264 2771 3319 resolvi
2794 3263 3048 3318 credidit.
3080 3263 3161 3317 Ad
3195 3264 3312 3319 haec

1741 3358 1966 3412 fortuito
1998 3356 2099 3427 15
2123 3356 2240 3412 ﬁeri
2289 3356 2509 3423 omnia;
2565 3358 2937 3426 mundumque
2980 3357 3309 3421 consistere,

1741 3460 2036 3521 generante
2070 3457 2289 3515 natura,
2325 3456 2695 3519 pereunteque
2718 3456 3012 3519 perpetuo;
3041 3446 3168 3502 dum
3194 3463 3310 3502 rura

1739 3555 1834 3596 sus
1877 3556 1943 3595 ex
1999 3539 2292 3609 semetipsa
2340 3540 2683 3603 renascitur,
2739 3550 2803 3593 ac
2848 3538 3058 3592 nullum
3111 3550 3311 3608 propaa

1737 3631 1899 3703 gandi
1944 3632 2052 3695 sui,
2102 3630 2499 3701 occidendique
2538 3632 2701 3686 tinem
2734 3630 2882 3685 facit.
2930 3627 3128 3685 Fuisse
3172 3645 3311 3701 prae-

1736 3731 1888 3778 terea
1916 3723 2005 3778 ovi
2040 3722 2215 3777 instar
2242 3722 2656 3777 universitatem
2704 3735 2941 3787 omnem,
2971 3722 3121 3777 circa
3162 3722 3309 3792 quod

1735 3828 1896 3871 ovum
1928 3816 2169 3872 sinuosis
2199 3813 2429 3871 ﬂexibus
2468 3814 2804 3885 implicatum
2845 3814 3117 3884 serpentis
3154 3828 3310 3867 more

1734 3908 2026 3978 spiritum,
2085 3908 2234 3962 vellit
2298 3920 2554 3961 coronam
2621 3921 2685 3960 ac
2746 3906 3063 3976 cingulum.
3132 3905 3309 3975 ipsam

1736 3999 2058 4055 astrinxisse
2100 4004 2375 4052 naturam.
2422 3997 2528 4053 Sed
2556 3997 2685 4052 dum
2711 3998 3013 4052 confertam
3049 3995 3103 4050 in
3137 4012 3307 4050 unum

1732 4092 2016 4147 materiam
2043 4091 2392 4162 universique
2425 4099 2673 4145 naturam
2698 4091 3076 4147 vehementius
3095 4100 3309 4144 arctare

1732 4186 1960 4252 nititur,
2010 4182 2244 4242 subinde
2288 4185 2484 4240 molem
2536 4195 2755 4239 omnem
2809 4184 2865 4237 in
2923 4180 3307 4253 hemisphaeria

1730 4270 1840 4332 duo
1882 4292 2189 4347 separasse,
2224 4275 2574 4346 indidemque
2616 4274 3029 4329 indivisibilium
3075 4287 3307 4343 corpus-

1734 4370 1979 4423 culorum
2011 4372 2383 4423 excretionem
2407 4383 2529 4423 esse
2564 4365 2763 4419 factam
2790 4383 2805 4432 ;
2847 4364 2981 4419 adeo
3010 4372 3068 4417 ut
3099 4365 3306 4418 leviora

56 4433 354 4529 λεπτότερα
407 4459 511 4527 τῆς
574 4433 787 4527 φυσεως
857 4433 1037 4531 πάσης
1097 4433 1437 4516 ιέειτιττὸλόισοιι⁷
1479 4463 1621 4527 ἄνω,

1790 4461 2131 4529 ibtilioraque
2209 4474 2430 4514 sursum
2499 4459 2816 4522 evolarent,
2880 4456 3138 4509 nimirum
3189 4454 3301 4518 lux,

58 4552 291 4605 τουτέστι
314 4552 435 4622 φῶς
462 4554 555 4605 καὶ
582 4551 775 4623 αἰθέρα
809 4551 901 4605 καὶ
922 4552 980 4605 τὸ
1003 4552 1325 4607 λεπτότατον
1356 4554 1449 4607 τοῦ
1466 4554 1627 4608 πνεύ-

60 4660 214 4710 ματος
234 4661 247 4674 ·
276 4644 351 4697 τὰ
376 4642 433 4696 δὲ
473 4643 748 4717 βαρύτατα
776 4643 873 4697 καὶ
914 4643 1231 4715 σκυϐαλώδη
1270 4646 1420 4699 κάτω
1447 4664 1626 4700 νενευ-

56 4735 215 4798 κέναι,
244 4736 501 4789 τουτέστι
529 4736 654 4806 γῆν,
687 4736 823 4809 ὅπερ
859 4737 975 4789 ἐστὶ
1001 4736 1061 4789 τὸ
1086 4737 1269 4807 ξηρὸν,
1307 4739 1453 4809 καὶὴ
1484 4739 1627 4810 ὑγρὰ

59 4824 150 4875 τῶν
180 4828 399 4880 ὑδάτων
427 4828 605 4880 οὐσία.
645 4826 726 4880 Τὰ
758 4826 815 4878 δὲ
851 4826 947 4880 ὅλα
977 4828 1067 4895 ἀφ’
1096 4826 1302 4880 ἑαυτῶν
1338 4830 1623 4888 κινεῖσθαι.

56 4919 137 4967 καὶ
157 4918 222 4970 δι’
256 4917 477 4971 ἑαυτῶν
528 4916 585 4971 ἐν
610 4920 677 4989 τῇ
700 4917 1030 4989 περιδινήσει
1063 4918 1154 4971 τοῦ
1200 4918 1361 4972 πόλου
1389 4918 1482 4973 καὶ
1518 4921 1626 4973 τῶν

123 5074 136 5103 ¹
161 5073 325 5130 Forte
354 5076 579 5140 τελέως.

118 5232 224 5302 (50)
264 5232 489 5306 agger
513 5233 731 5288 τούτου
760 5236 1122 5306 Πυθαγόρας.
1166 5235 1365 5290 Verum
1399 5244 1481 5291 est
1514 5235 1619 5306 Py»

56 5301 325 5375 thagoram
360 5302 590 5375 Platone
621 5301 957 5374 superiorem
989 5301 1177 5368 fuisse.
1212 5308 1277 5360 de
1301 5301 1621 5375 Peripateti—

56 5372 124 5449 cis
152 5374 480 5449 absurdum.
509 5374 659 5449 Quos
690 5372 984 5449 perperam
1032 5391 1165 5429 sane
1195 5391 1317 5429 cum
1344 5372 1618 5447 Pythago-

56 5444 155 5515 reis
180 5447 531 5515 commiscet.
551 5444 967 5515 Quinque’enim
999 5457 1177 5501 sectas
1205 5444 1617 5511 commemorat,

57 5508 381 5588 Stoicorum,
408 5508 837 5588 Platonicorum,
861 5515 1348 5588 Pythagoreorum,
1373 5517 1487 5588 sive
1514 5508 1619 5571 Pe?-

56 5584 481 5655 ripateticorum,
508 5593 571 5655 et
600 5584 1012 5655 Epicureorum.
1044 5584 1124 5639 Ad
1158 5587 1273 5639 hazc
1302 5585 1620 5655 Peripateti-

55 5664 138 5727 cos
166 5653 273 5727 τὴν
305 5653 733 5727 μξτεμῷύχωσιν
762 5670 1136 5727 propugnasse
1173 5653 1463 5710 ridiculum
1495 5663 1611 5719 est;

57 5727 103 5775 et
126 5722 232 5779 hoc'
249 5722 915 5796 Pythagorae‘ﬁgmentuiu
935 5722 1111 5786 reiicit
1135 5726 1452 5791 Aristoteles
1475 5726 1568 5788 lib.
1593 5743 1609 5780 ι

1734 4552 1941 4615 aether,
1992 4560 2047 4605 et
2099 4550 2243 4620 quod
2288 4559 2404 4605 erat
2449 4550 2673 4620 spiritus
2720 4548 3101 4603 tenuissimum
3133 4574 3148 4601 ε
3183 4563 3305 4618 qua:

1734 4660 1863 4699 vero
1907 4645 2175 4715 gravior’a,
2231 4659 2294 4698 ac
2326 4644 2490 4699 veluti
2532 4651 2887 4713 purgamenta
2931 4642 3128 4705 forent,
3175 4657 3303 4711 pesd

1735 4753 1854 4792 sum
1896 4736 2269 4797 subsiderent;
2322 4735 2625 4804 cujusmodi
2665 4743 2888 4797 terram,
2941 4735 3055 4790 sive
3095 4734 3302 4787 siccum

1734 4831 1935 4896 ipsum,
1974 4837 2028 4884 et
2067 4844 2333 4899 aquarum
2368 4824 2646 4883 humidam
2694 4836 2943 4882 naturam
2971 4826 3157 4881 fuisse.
3191 4826 3301 4880 Ada

1734 4922 1811 4975 dit
1838 4936 1935 4991 per
1958 4935 2077 4976 sese
2103 4920 2358 4974 universa
2398 4919 2624 4981 moveri,
2651 4934 2715 4973 ac
2745 4919 2993 4987 polorum
3030 4916 3302 4973 siderum-

1735 5236 1804 5290 De
1837 5239 2038 5297 anima,
2065 5252 2114 5290 c.
2146 5236 2200 5289 '5.

1799 5308 1906 5377 (5i)
1951 5305 2137 5372 Οὗτος
2169 5304 2238 5357 δὲ
2264 5303 2487 5369 τέλειος
2528 5305 2603 5377 Ῠέν
2646 5302 2734 5373 τῇ.
2768 5301 2985 5377 Μηδίᾳ..
3027 5301 3085 5356 In
3126 5303 3298 5377 Merlin

1725 5373 2088 5449 Pythagoram
2110 5376 2314 5449 obiisse
2338 5376 2538 5449 nemini
2572 5391 2811 5449 unquam
2847 5373 3297 5449 auditum:_Scri-

1728 5441 1963 5502 héndu‘m
1995 5452 2053 5500 ὲν
2078 5450 2168 5518 τῇί
2189 5446 2406 5518 Ἰταλίᾳ.
2440 5441 2685 5500 Mortuus
2714 5446 2860 5500 enim
2898 5453 2984 5499 est
3012 5444 3069 5497 in
3102 5441 3295 5513 Magna

1727 5517 1955 5572 Graecia.
1990 5517 2125 5573 Vide
2149 5517 2450 5570 Laertium.

1799 5589 1907 5659 (52)
1946 5586 2115 5643 Εἶναι
2142 5585 2209 5639 δὲ
2237 5586 2305 5659 es
2334 5586 2633 5659 ὑπαρχῆς.
2676 5584 2811 5640 Vide
2856 5584 3156 5659 Diodorum
3208 5581 3296 5636 Si:

1723 5655 1927 5713 culum.
1958 5660 2055 5716 lib.
2088 5674 2129 5725 ι,
2161 5667 2214 5713 et
2246 5656 2445 5713 Euseb.
2477 5661 2823 5725 Προπαρασ.
2864 5655 2959 5708 lib.
2989 5670 3024 5708 i.
