3766 6278
422 381 527 435 207

1828 367 1886 423 S.
1926 364 2272 419 EPIPIIANII

3589 365 3707 419 9.08

421 518 529 576 que
567 498 830 570 vertigine
869 496 1068 567 raptim
1112 493 1262 549 velut
1302 490 1530 547 ﬂexuosi
1572 488 1716 544 illius
1769 489 1992 559 spiritus

2123 486 2310 555 ίστρων
2358 483 2433 548 ὡς
2474 482 2582 537 ἀπὸ
2633 481 2727 535 τοῦ
2797 482 3233 552 δρακοντοειδοῦς
3286 483 3363 536 ἔτι
3395 484 3469 537 τὰ
3500 485 3707 537 πάντα

428 594 725 666 agitatione
756 589 980 660 corripi.
1017 586 1143 643 Haec
1171 602 1270 641 nos
1303 586 1370 641 de
1396 587 1623 640 istorum
1644 582 1992 653 dogmatibus

422 686 600 743 obiter
627 683 893 737 duntaxat
919 679 1217 750 attigimus.

494 774 554 829 Il.
606 772 763 828 Nunc
824 780 885 827 ut
937 770 1240 827 lectoribus
1290 767 1556 823 brevitate
1606 764 1991 828 consulamus,

426 874 661 937 quatuor
698 864 863 920 simul
889 863 972 916 hac
1003 868 1163 915 sectae
1190 860 1441 913 oratione
1469 864 1657 912 nostra
1683 853 1994 911 refellendae

427 966 575 1017 sunt.
611 957 694 1011 Ab
724 955 809 1011 his
846 953 988 1010 enim
1028 950 1361 1023 primordiis,
1392 950 1476 1004 vel
1506 956 1630 1002 ante
1665 948 1779 1001 hate
1804 946 1991 1011 etiam,

428 1059 487 1106 ut
507 1049 658 1104 initio
672 1048 931 1112 diximus,
951 1054 1141 1115 poetze,
1161 1039 1429 1103 historici,
1447 1038 1748 1107 reliquique
1764 1035 1996 1104 scripto-

426 1154 536 1202 res,
567 1133 893 1197 astronomi,
924 1131 1107 1186 caeteri
1136 1129 1373 1198 denique
1401 1126 1607 1182 erroris
1652 1125 1888 1179 artilices
1931 1137 1994 1177 ac

428 1228 694 1301 magistri,
733 1226 825 1296 qui
852 1225 919 1279 ad
954 1234 1209 1280 sexcenta
1252 1238 1433 1277 rerum
1477 1217 1761 1275 statuenda
1792 1214 1995 1286 princi-

427 1325 538 1396 pia,
576 1321 953 1393 pessimasque
990 1330 1186 1370 causas
1230 1314 1492 1383 impulere
1520 1310 1832 1365 mortalium
1876 1306 1996 1360 ani-

428 1430 568 1481 mos,
599 1411 983 1468 communibus
1009 1406 1226 1478 generis
1254 1405 1477 1458 humani
1509 1402 1761 1458 sensibus
1790 1400 1997 1455 densis-

428 1510 596 1566 simas
624 1506 882 1562 tenebras
923 1502 1255 1557 oll'uderunt.
1299 1499 1476 1569 Atque
1512 1496 1603 1551 hic
1636 1495 1853 1550 demum
1885 1494 1998 1562 pri-

427 1620 548 1659 mus
590 1616 744 1656 error
774 1599 1007 1660 exstitit,
1060 1595 1333 1650 idolorum
1380 1591 1689 1661 excogitata
1730 1588 1967 1659 supersti

428 1697 526 1760 tio,
568 1692 863 1762 infelixque
916 1689 1008 1743 illa
1043 1686 1352 1755 disciplina.
1404 1683 1571 1737 Erant
1621 1688 1737 1734 tum
1767 1680 1905 1732 duas
1943 1678 1998 1731 in

428 1784 696 1840 factiones
734 1780 991 1837 universa
1033 1776 1349 1839 distributa,
1381 1772 1660 1844 gentilium
1689 1784 1752 1823 ac
1780 1768 1996 1823 Iudaeo-

2095 576 2412 631 ὲλαύνεσθαι
2455 575 2782 646 πνεύματος.
2836 575 2944 627 Καὶ
3005 574 3112 627 ἀπὸ
3160 575 3358 646 μέρους
3405 576 3511 630 ιιιὲν
3558 577 3708 648 περὶ

2094 666 2298 718 τούτων
2330 664 2562 735 ἔφημεν.

2170 756 2250 809 B'.
2284 756 2373 826 Τῷ
2392 755 2448 807 δὲ
2473 754 2621 825 αύτῷ
2643 753 2829 826 τρόπῳ
2859 753 2960 817 τὰς
2984 755 3252 826 τέσσαρας
3286 754 3493 817 ταύτας
3524 756 3702 828 αἱρε-

2096 866 2210 913 σεις
2231 847 2599 919 ἀνατρεπτέον
2624 847 2712 900 διὰ
2743 847 2841 918 τὴν
2867 848 3156 918 συντομίαν
3172 849 3268 918 τῆς
3288 846 3697 916 ἀναγνώσεως.

2107 940 2384 993 Ἐντεῦθεν
2437 938 2531 992 καὶ
2576 938 2833 1010 ἀνωτέρω
2872 938 3080 1002 λοιπὸν,
3114 939 3188 1002 ὠς
3228 940 3385 1010 ἔφην,
3428 941 3697 1007 ποιηταὶ,

2098 1031 2536 1104 ἱστοριογράφοι,
2566 1030 2911 1101 λογογράφοι,
2936 1031 3257 1102 ἀστρονόμοι
3302 1047 3360 1082 τε
3399 1031 3498 1083 καὶ
3524 1031 3582 1081 οί
3624 1030 3697 1081 τὰ

2096 1124 2230 1177 ἄλλα
2254 1124 2352 1192 τῆς
2384 1122 2590 1191 πλάνης
2612 1123 3056 1192 εἰσηγησάμενοι,
3076 1123 3126 1173 οἱ
3153 1123 3697 1191 παρασκευάσαντες

2094 1214 2185 1267 τὸν
2244 1212 2366 1267 νοῦν
2415 1214 2506 1265 ἐπὶ
2534 1213 2735 1285 μυρίας
2788 1212 2964 1274 κακὰς
3005 1213 3186 1275 αἰτίας
3216 1214 3313 1265 καὶ
3354 1213 3696 1279 άναγωγάςν

2099 1306 2410 1360 ὲσκότωσαν
2475 1306 2569 1359 καὶ
2635 1304 2905 1357 ὲθόλωσαν
2952 1306 3050 1375 τὴν
3101 1306 3199 1373 τῆς
3255 1304 3696 1374 ἀνθρωπότητος

2100 1396 2381 1466 ὑπόληψιν.
2426 1397 2535 1449 Καὶ
2562 1396 2783 1464 γέγονεν
2822 1394 2958 1466 αῦτη
2999 1395 3189 1466 πρώτη
3223 1396 3420 1466 πλάνη,
3465 1398 3694 1451 ἐπίνοια

2099 1487 2352 1551 εἰδώλων,
2418 1487 2511 1540 καὶ
2562 1486 2953 1557 κακοδαιμονία
2999 1486 3361 1549 διδασκαλίας.
3386 1482 3500 1538 Ἧν
3531 1486 3599 1539 δὲ
3624 1488 3696 1539 τὰ

2100 1578 2278 1631 πάντα
2346 1579 2745 1647 μεμερισμένα,
2810 1577 3161 1647 Ἑλληνισμός
3206 1595 3266 1629 τε
3312 1578 3405 1631 καὶ
3465 1578 3693 1631 Ἰουδαῖ-

2102 1669 2269 1739 σμός·
2308 1668 2634 1740 ἰουδαῖσμδς
2672 1668 2825 1721 οὔπω
2866 1669 3128 1740 πρότερον
3156 1669 3512 1739 καλούμενοςν

2099 1761 2185 1813 διὰ
2205 1759 2296 1812 τοῦ
2337 1760 2549 1831 Ἰσραὴλ
2572 1760 2632 1813 τὸ
2650 1760 2933 1831 ἐπώνυμον
2952 1761 3049 1831 τῆς
3074 1760 3356 1824 θεοσεϐοῦς
3378 1761 3693 1832 θρησκείας

428 1892 571 1930 rum.
608 1873 803 1929 Verum
837 1869 1063 1925 Iudaica
1093 1876 1237 1922 secta
1266 1877 1613 1934 nequaquam
1648 1861 1802 1915 initio
1833 1875 1992 1913 voca-

2129 1848 2545 1917 πικεκλημένος,
2569 1847 2671 1910 ἕως
2690 1849 2778 1900 ὅτε
2803 1847 3039 1916 διαδοχαὶ
3066 1852 3439 1919 γεγέννηνται.
3482 1852 3542 1902 '0
3575 1850 3694 1919 γὰρ

428 1967 612 2029 batur,
649 1964 743 2018 sed
786 1961 949 2017 Israel
975 1960 1177 2015 divinae
1206 1957 1336 2011 huic
1376 1954 1620 2024 religioni
1669 1966 1999 2023 cognomen-

429 2065 545 2110 tum
580 2061 689 2109 erat
714 2071 730 2121 ;
764 2052 942 2107 donec
970 2064 1231 2123 generum
1261 2054 1344 2104 est
1373 2054 1665 2117 propagata
1699 2042 1996 2098 successio.

429 2146 642 2201 Etenim
683 2143 952 2207 Naasson,
1002 2140 1098 2212 qui
1129 2140 1305 2194 tribus
1335 2135 1487 2191 Judze
1517 2136 1770 2206 princeps
1817 2133 1872 2187 in
1900 2132 1996 2186 de-

432 2244 580 2295 serto
602 2236 934 2292 constitutus
962 2240 1066 2300 est,
1099 2230 1323 2285 Salmon
1345 2226 1553 2299 genuit,
1583 2222 1804 2280 Salmon
1826 2223 1996 2289 Boos;

430 2329 573 2384 Boos
605 2326 778 2387 Obed.
810 2322 963 2380 Obed
992 2321 1145 2378 Iesse
1178 2340 1191 2377 :
1226 2336 1350 2376 cum
1400 2321 1493 2389 qui
1535 2318 1784 2388 religiose
1830 2314 2000 2369 Deum

431 2422 671 2475 colerent
716 2416 895 2472 adhuc
940 2412 1198 2469 Israelita:
1242 2412 1575 2466 dicerentur.
1613 2406 1817 2461 Deinde
1845 2403 2001 2459 Jesse

431 2513 686 2568 Davidetn
730 2507 939 2582 genuit,
986 2506 1077 2576 qui
1106 2505 1315 2575 primus
1356 2517 1387 2557 e
1418 2500 1562 2554 tribu
1590 2496 1742 2551 Judze
1773 2510 1998 2564 regnum

430 2605 685 2659 obtinuit.
720 2600 893 2670 Cujus
916 2597 984 2651 ab
1005 2596 1176 2665 stirpe
1200 2594 1458 2663 deinceps
1494 2596 1757 2660 perpetua
1786 2598 2003 2670 succos-

430 2695 588 2751 sione
621 2707 775 2763 regcs
804 2668 1032 2759 imperio
1069 2686 1226 2757 potiti
1264 2690 1413 2740 sunt.
1447 2680 1551 2736 Sed
1587 2685 1714 2733 ante
1740 2668 2001 2730 Dav‘idem

431 2787 639 2857 primus
673 2782 1030 2839 lsraeliticum
1053 2791 1277 2849 regnum
1307 2773 1506 2828 Saulus
1534 2776 1786 2825 tenuerat
1811 2782 1841 2821 e
1871 2765 2002 2820 Beu-

426 2880 621 2951 jamini
649 2877 813 2939 tribu,
839 2874 1002 2928 Ceiso
1027 2882 1181 2942 patre
1210 2868 1422 2935 genitus
1454 2883 1465 2917 :
1491 2863 1595 2933 16
1618 2876 1718 2915 nec
1744 2860 1794 2914 ei
1820 2867 2001 2911 tamen

431 2948 575 3025 Iilius
605 2966 905 3032 successit;
943 2963 1040 3019 sed
1087 2961 1155 3016 ad
1197 2961 1398 3013 tribum
1422 2955 1575 3010 Judae
1614 2968 1709 3022 per
1743 2948 2000 3002 Davidem

434 3059 725 3131 imperium
748 3056 1076 3111 translatum
1108 3059 1211 3106 est.
1238 3048 1407 3119 Igitur
1435 3044 1673 3100 Jacobus
1705 3042 2000 3095 liberorum

435 3152 670 3222 primum
698 3147 944 3201 omnium
984 3142 1272 3197 Rubenum
1300 3136 1548 3205 suscipit;
1569 3132 1765 3189 deinde
1791 3132 2002 3186 Simeo-

437 3221 559 3301 nem
592 3258 608 3297 :
651 3241 873 3295 tertium
906 3234 1056 3297 Levi,
1090 3240 1366 3302 quartum,
1395 3225 1613 3291 Judam,
1633 3240 1664 3279 a
1696 3239 1804 3294 quo
1831 3221 2003 3277 Judaei

433 3330 806 3407 cognominati
829 3334 978 3394 sunt,
1006 3326 1076 3381 ob
1099 3323 1251 3377 Judte
1289 3321 1518 3385 tribum,
1554 3317 1645 3388 qui
1685 3332 1751 3371 ex
1780 3314 2001 3385 religio-

434 3405 621 3481 sorum
648 3420 929 3475 hominum
959 3430 1155 3487 genere
1190 3411 1483 3483 prodierat,
1520 3408 1587 3462 ad
1618 3421 1736 3463 eam
1764 3405 2004 3475 appella-

433 3515 637 3569 tionem
673 3510 927 3565 traducti.
981 3504 1261 3576 Siquidem
1304 3500 1564 3557 lsraelitze
1592 3496 1863 3567 principio
1908 3508 2005 3549 vo-

434 3605 543 3662 cati
570 3612 717 3667 sunt,
740 3602 833 3670 qui
862 3598 1035 3653 Judaei
1066 3596 1227 3651 modo
1263 3595 1538 3649 dicuntur.

509 3694 597 3749 IlI.
635 3693 717 3749 Ad
751 3693 856 3747 hoc
893 3705 1067 3759 usque
1105 3694 1317 3755 tempus
1358 3690 1593 3753 quatuor
1623 3680 1682 3734 in
1725 3677 1885 3734 terris
1914 3676 2004 3731 ho-

435 3789 642 3844 minum
672 3799 871 3857 genera
911 3779 1173 3852 perducta
1213 3783 1361 3842 sunt,
1392 3788 1625 3846 quorum
1661 3766 2004 3839 unumquod-

434 3892 541 3953 que
573 3895 673 3936 suo
705 3887 947 3947 tempore
971 3872 1265 3943 separatim
1295 3868 1516 3933 coaluit,
1548 3865 1615 3920 ad
1647 3880 1767 3921 eam
1787 3870 2002 3917 attatem

434 3981 490 4029 et
535 3971 698 4034 ultra,
755 3982 919 4039 quam
960 3964 1204 4036 proxime
1257 3959 1704 4033 signiﬁcavimus.
1754 3955 1886 4009 Nam
1934 3953 2003 4008 ab

435 4062 643 4117 Adamo
665 4059 733 4114 ad
758 4058 1020 4112 Nocmum
1045 4053 1425 4109 Barbarismus
1448 4048 1701 4104 obtinuit.
1729 4047 1774 4100 A
1794 4045 2001 4100 Noemo

436 4153 505 4207 ad
536 4151 705 4205 turris
750 4148 1188 4210 mdiﬁcationem,
1233 4153 1287 4198 et
1329 4141 1558 4199 Seruchi
1599 4150 1864 4210 tempora,
1906 4136 2001 4208 qui

435 4242 599 4297 tertia
631 4250 753 4311 post
793 4239 940 4292 illam
978 4244 1135 4290 aetate
1164 4234 1316 4300 vixit,
1368 4231 1621 4303 Scythica
1659 4229 1998 4300 superstitio.

435 4336 481 4389 Α
528 4334 698 4389 turris
749 4328 1118 4386 exstructione
1152 4365 1168 4391 ,
1226 4333 1279 4381 et
1330 4322 1575 4379 Serucho
1605 4364 1619 4389 ,
1681 4338 1892 4377 necnon
1947 4329 2003 4377 et

433 4425 659 4489 Aramo,
706 4421 772 4476 ad
822 4420 1212 4482 Abrahamum,
1239 4416 1457 4489 gentilis
1505 4422 1653 4470 secta
1697 4414 1887 4484 viguit.
1920 4415 2001 4469 Ab

2100 1938 2363 1991 Ναασσών
2397 1941 2425 1991 ὁ
2455 1940 2511 1991 έν
2535 1942 2598 2009 τῇ
2647 1940 2837 2009 ἐρήμῳ
2869 1938 3107 2007 γεγονὼς
3139 1940 3410 2011 φύλαρχος
3436 1940 3539 2010 τῆς
3585 1959 3692 2010 φυ-

2099 2032 2197 2102 λῆς
2258 2031 2429 2085 Ἰούδα
2486 2033 2649 2101 γεννᾷ
2695 2031 2788 2084 τὸν
2823 2028 3085 2100 Σαλμών’
3128 2031 3354 2102 Σαλμὼν
3384 2034 3557 2103 γεννᾷ
3598 2031 3693 2083 τὸν

2100 2124 2229 2188 Βοός
2254 2141 2267 2155 ο
2295 2122 2429 2186 Βοὸς
2460 2124 2624 2192 γεννᾷ
2652 2121 2741 2175 τὸν
2784 2122 2945 2191 Ὠϐήδ
2968 2139 2981 2152 ·
3026 2122 3182 2193 Ὠὄὴδ
3214 2125 3375 2193 γεννᾷ
3406 2124 3500 2175 τὸν
3550 2125 3690 2176 ’13:-

2102 2219 2190 2272 σαὶ
2240 2217 2332 2270 ἐπὶ
2382 2215 2487 2268 τῶν
2541 2215 2807 2269 θεοσεόὦν
2885 2215 3232 2286 Ἰσραηλιτῶν
3284 2216 3687 2286 καλουμένωνε

2113 2311 2309 2364 Ἰεσσαὶ¹
2336 2312 2499 2382 γεννᾷ
2526 2309 2613 2363 τὸν
2643 2309 2805 2362 Δαὸὶδ
2851 2308 2941 2361 τὸν
2966 2308 3204 2378 βασιλέα,
3229 2308 3286 2371 ὃς
3311 2310 3526 2379 πρῶτος
3556 2308 3685 2359 e61-

2102 2402 2344 2455 σίλευσεν
2364 2403 2427 2454 ὲκ
2467 2401 2637 2472 φυλῆς
2682 2400 2871 2454 Ἰούδα.
2909 2399 2998 2464 Ἐξ
3025 2394 3085 2453 οῦ
3114 2400 3299 2453 λοιπὸν
3325 2403 3372 2452 οἱ
3396 2401 3541 2452 κατὰ
3570 2400 3683 2452 δια-

2099 2493 2258 2566 δοχὴν
2298 2494 2555 2565 βασιλεῖς,
2590 2494 2655 2546 ἐκ
2696 2493 2788 2546 τοῦ
2846 2494 3161 2566 σπέρματος
3192 2494 3377 2558 αὑτοῦ,
3409 2494 3527 2557 υἱὸς
3570 2494 3683 2546 διαο

2100 2586 2385 2657 δεχόμενος
2442 2585 2671 2656 πατέρα,
2729 2585 2965 2655 καθεξῆς
3030 2586 3438 2657 συνεστήκασιν.
3470 2582 3586 2638 ἿΙν
3630 2584 3686 2636 δὲ

2102 2678 2207 2749 πρὸ
2222 2679 2385 2732 αὐτοῦ
2414 2678 2507 2732 τοῦ
2537 2678 2702 2733 Δαϐὶδ
2739 2681 2767 2731 ὁ
2798 2678 2955 2746 φύσει
2999 2679 3211 2751 πρῶτος
3252 2677 3587 2747 βασιλεύσας
3630 2677 3685 2727 ἐν

2116 2768 2330 2840 Ἰσραὴλ
2345 2769 2514 2821 Σαοὺλ
2534 2768 2645 2831 υίὸς
2666 2769 2796 2831 Κεὶς
2817 2769 2880 2819 ὲκ
2898 2767 3069 2837 φυλῆς
3084 2768 3357 2837 Βενιαμίν·
3380 2769 3478 2820 καὶ
3495 2767 3684 2819 οὐκέτι
3738 2788 3747 2797 ·

2104 2860 2269 2914 αὑτὸν
2299 2859 2565 2923 διεδέξατο
2595 2859 2707 2922 υἱός
2730 2876 2743 2888 ·
2786 2857 2921 2911 ἀλλὰ
2953 2860 3182 2929 μετέστη
3207 2861 3266 2911 τὸ
3294 2857 3570 2929 βασίλειον
3596 2857 3683 2909 διὸ

2102 2951 2264 3004 Δαὸὶδ
2316 2950 2531 3021 πρώτου
2588 2954 2667 3014 εἰς
2715 2950 2814 3021 τὴν
2862 2950 3032 3019 φυλὴν
3080 2949 3266 3003 Ἰούδα.
3308 2948 3538 3020 Πρῶτος
3573 2946 3683 3017 γὰρ

2102 3042 2249 3112 αὐτῷ
2279 3043 2355 3113 τῷ
2396 3041 2588 3095 Ἰακὼὸ
2626 3044 2755 3104 παῖς
2781 3042 2985 3111 γίνεται
3027 3040 3265 3111 Ῥουὸὶμ,
3296 3040 3550 3112 δεύτερος
3583 3040 3680 3091 Eu-

2029 3176 2070 3234 Ο
2106 3132 2270 3205 μεὼν,
2288 3134 2467 3205 τρίτος
2499 3133 2684 3198 Λευῖς,
2714 3133 2971 3203 τέταρτος
2995 3132 3211 3195 Ἰούδας,
3229 3131 3283 3199 ἐξ
3305 3126 3363 3185 οῦ
3391 3132 3680 3185 καλοῦνται

2115 3226 2373 3289 Ἰουδαῖοι,
2391 3225 2477 3279 διὰ
2506 3226 2602 3297 τὴν
2634 3226 2805 3297 φυλὴν
2840 3224 3010 3278 Ἰούδα
3031 3225 3121 3277 τοῦ
3146 3226 3210 3277 ἐκ
3236 3224 3328 3277 τοῦ
3350 3223 3549 3293 γένους
3574 3223 3680 3277 τῶν

2104 3318 2389 3384 θεοσεϐὦν,
2446 3319 2496 3372 οἱ
2555 3320 2633 3381 είς
2690 3318 2750 3370 τὸ
2807 3317 2978 3389 ὄνομα
3033 3317 3188 3371 τοῦτο
3254 3316 3679 3387 μεταπεσόντες.

2116 3410 2437 3465 Ἐκαλοῦντο
2492 3407 2621 3479 γοῦν
2671 3411 2862 3480 πρώην
2923 3408 3276 3478 Ἰσραηλῖται,
3309 3409 3359 3460 οἱ
3412 3407 3508 3460 καὶ
3548 3408 3676 3460 Ἰου-

2102 3503 2261 3557 δαῐοι.

2171 3681 2247 3737 Γθ.
2279 3683 2422 3746 Ἕως
2462 3680 2651 3735 τούτου
2702 3679 2796 3733 τοῦ
2838 3678 3029 3750 χρόνου
3079 3676 3423 3749 συνήφθησαν
3467 3678 3525 3729 αἱ
3557 3679 3678 3731 τέσο

2107 3791 2271 3845 σαρες
2327 3772 2514 3841 γενεαὶ
2565 3771 2666 3840 τῆς
2718 3770 2820 3839 γῆς
2863 3767 2970 3821 τῶν
3017 3768 3295 3837 τεσσάρων
3348 3767 3674 3837 τμημάτων.

2101 3867 2318 3919 Τούτων
2376 3861 2754 3935 διαιρεθέντων
2815 3860 2954 3915 κατὰ
3007 3860 3131 3922 τοὺς
3187 3858 3410 3930 χρόνους
3451 3858 3558 3922 ἕως
3584 3857 3676 3910 τοῦ

2102 3955 2295 4027 καιροῦ
2353 3954 2542 4009 τούτου
2599 3952 2692 4005 τοῦ
2747 3950 2980 4005 ἐνταῦθά
3028 3967 3116 4020 μοι
3176 3950 3545 4020 δεδηλωμένου
3585 3949 3676 4002 καὶ

2102 4049 2392 4102 ὲπέκεινα’
2444 4046 2721 4099 τουτέστιν
2753 4044 2859 4097 ἀπὸ
2908 4044 3076 4113 Ἀδὰμ
3105 4042 3208 4105 ἓως
3242 4042 3333 4095 τοῦ
3383 4041 3505 4094 Νῶε
3543 4043 3670 4112 βαρ·

2102 4140 2369 4213 ϐαρισμός
2391 4155 2405 4169 ’
2443 4138 2547 4191 ἀπὸ
2572 4137 2665 4190 τοῦ
2688 4135 2810 4189 Νῶε
2844 4135 2947 4199 ἕως
2971 4133 3064 4187 τοῦ
3098 4134 3304 4203 πύργου
3333 4134 3425 4185 καὶ
3447 4134 3673 4204 Σεροὺχ,

2105 4233 2241 4304 μετά
2262 4231 2352 4285 δύο
2379 4230 2568 4300 γενεὰς
2585 4228 2678 4282 τοῦ
2707 4227 2915 4299 πύργου
2937 4228 2969 4297 ἡ
2998 4225 3237 4296 Σκυθικὴ
3264 4225 3672 4295 δεισιδαιμονία,

2101 4325 2194 4379 καὶ
2253 4322 2545 4394 μετέπειτα
2587 4320 2695 4374 ἀπὸ
2753 4317 2847 4372 τοῦ
2901 4317 3109 4388 πύργου
3176 4317 3271 4367 καὶ
3326 4316 3529 4386 Σεροὺχ
3585 4316 3674 4370 καὶ

2113 4418 2289 4490 Ἀρὰμ
2321 4417 2430 4487 (55)
2461 4415 2566 4478 ἕως
2618 4413 2711 4468 τοῦ
2751 4412 3002 4484 ’Λεραὰμ
3049 4413 3076 4463 ὁ
3118 4409 3486 4480 Ἑλληνισμός.
3540 4408 3674 4461 Ἀπὸ

433 4513 745 4571 Abrahamo
782 4510 1016 4579 denique
1061 4516 1113 4563 et
1150 4509 1270 4578 ejus
1295 4506 1526 4577 posteris
1570 4506 1781 4561 sincera
1812 4506 1992 4576 religio

2123 4509 2290 4563 τούτου
2344 4509 2436 4562 καὶ
2490 4507 2596 4559 τῶν
2629 4506 2921 4577 μετέπειτα
2963 4502 3241 4556 θεοσέϐεια
3295 4503 3671 4571 συναπτομένη

433 4602 658 4676 prodiit,
687 4615 808 4672 quae
832 4599 901 4654 ab
925 4599 1157 4668 ipsomet
1188 4597 1500 4650 Abrahamo
1522 4605 1720 4665 empta,
1750 4611 1845 4666 per
1877 4595 1996 4664 ejus

435 4695 661 4764 stirpem
699 4700 784 4748 est
827 4691 1189 4757 transmissa;
1238 4687 1496 4759 Judzeque
1535 4688 1855 4757 cumprimis
1902 4688 1997 4739 tri-

435 4786 586 4849 bum,
616 4784 755 4837 unde
781 4780 1095 4837 Judaismus
1127 4796 1320 4834 nomen
1348 4779 1572 4848 accepit.
1597 4777 1751 4842 Quod
1777 4776 1994 4847 quidem

436 4892 467 4930 a
496 4892 582 4931 me
620 4890 746 4930 vere
781 4889 904 4931 esse
932 4874 1138 4927 dictqu
1169 4871 1334 4925 divini
1385 4867 1828 4937 sanetissimique
1873 4880 1998 4935 apo-

435 4970 561 5025 stoli
604 4968 757 5022 Pauli
805 4967 1117 5023 testimonio
1164 4971 1397 5027 constat,
1453 4978 1575 5016 cum
1630 4962 1699 5014 ita
1737 4962 1995 5030 disputat.

437 5063 503 5117 In
525 5061 735 5116 Christo
761 5057 889 5113 Jesu
910 5073 1069 5127 neque
1098 5056 1376 5119 barbarus,
1403 5069 1563 5125 neque
1593 5052 1810 5122 Scytha,
1834 5068 1994 5121 neque

435 5150 670 5215 (ἔνατος,
724 5165 883 5218 neque
935 5146 1157 5201 Judwus
1205 5156 1304 5208 est,
1358 5144 1447 5199 sed
1493 5160 1626 5198 nova
1681 5150 1927 5196 creatura
1953 5142 1992 5198 '.

435 5237 880 5309 Quandoquidem
908 5238 1068 5292 etiam
1106 5237 1281 5299 initio,
1315 5250 1440 5288 cum
1478 5234 1712 5305 primunt
1743 5241 1998 5288 creatura

434 5334 651 5386 condita
696 5339 801 5394 est,
847 5346 985 5385 nova
1030 5329 1209 5382 adhuc
1254 5331 1541 5390 exsistens,
1586 5326 1796 5381 nullum
1830 5340 1996 5395 pecu-

434 5422 566 5476 Iiare
590 5436 653 5475 ac
684 5420 997 5474 distinctum
1033 5434 1226 5473 nomen
1259 5418 1463 5473 habuit.
1497 5416 1593 5473 His
1625 5426 1993 5473 consentanea

504 5608 520 5630 ι
553 5598 761 5652 (ἷοιοεε.
789 5611 869 5659 ιιι,
902 5595 957 5646 Il
986 5611 999 5659 ;
1031 5591 1206 5648 Gulat.
1229 5591 1417 5657 v|,15.

2098 4598 2175 4670 τῷ
2206 4598 2354 4669 αύτῷ
2383 4597 2651 4668 Ἀϐραὰμ,
2683 4593 2897 4648 ἀπὸτοῦ
2915 4591 3055 4645 κατὰ
3085 4590 3331 4661 διαδοχὴν
3359 4592 3671 4662 σπέρματος

2098 4690 2284 4753 αὐτοῦ,
2331 4689 2575 4742 τουτέστι
2603 4686 2696 4739 τοῦ
2750 4685 2938 4749 Ἰούδα,
2983 4684 3074 4751 ἀφ’
3101 4677 3271 4753 οὗπερ
3315 4682 3668 4751 Ἰουδαῖσμός·

2097 4783 2173 4845 ώς
2210 4782 2291 4835 ἔτι
2342 4783 2610 4852 μαρτυρεῖ
2659 4798 2747 4851 μοι
2803 4780 2831 4831 ὁ
2872 4776 3317 4845 πνευματοφόρος
3373 4776 3468 4827 καὶ
3520 4776 3671 4842 ἅγιος

2100 4877 2193 4931 τοῦ
2222 4876 2355 4930 Θεοῦ
2397 4874 2692 4938 ἀπόστολος
2732 4874 2974 4937 Παῦλος,
3028 4866 3129 4926 ὧδέ
3180 4888 3297 4933 πως
3344 4870 3538 4939 λέγων,
3594 4870 3670 4921 ὅτι

2116 4970 2211 5021 Ἐν
2247 4966 2477 5035 Χριστῷ
2512 4967 2703 5034 Ἰησοῦ
2746 4968 2817 5019 οὐ
2833 4964 3245 5033 βάρϐαρος,οὺ
3274 4963 3529 5028 Σκύθης,
3558 4963 3666 5027 οὐχ

2108 5060 2360 5126 ”Ελλην,
2386 5060 2495 5111 οὐκ
2512 5057 2805 5123 Ἰουδαῖος,
2826 5056 2987 5110 ἀλλὰ
3012 5054 3188 5122 καινὴ
3219 5054 3433 5117 κτίσις.
3452 5053 3665 5119 Ἐπειδὴ

2104 5146 2163 5211 ἐξ
2184 5148 2434 5217 ὑπαρχῆς
2466 5147 2552 5198 ὅτε
2588 5145 2799 5198 ἔκτιστο
2826 5149 2859 5216 ἡ
2894 5145 3102 5208 κτίσις,
3136 5143 3293 5213 καινὴ
3329 5138 3482 5206 οὖσα,
3520 5143 3665 5194 οὐδέν

2101 5254 2155 5289 τι
2200 5235 2592 5306 διαφορώτερον
2649 5235 2804 5305 ἔσχεν
2856 5234 3045 5304 ὄνομα.
3094 5232 3311 5302 Συνῳδὰ
3359 5230 3415 5283 δὲ
3461 5230 3666 5291 τούτοις

2104 5327 2263 5381 πάλιν
2296 5330 2352 5379 ὲν
2383 5326 2551 5397 ἑτέρῳ
2580 5328 2729 5395 τόπῳ
2759 5325 2905 5393 λέγει
2940 5323 3110 5387 οὓτως
3139 5339 3153 5353 ·
3197 5320 3529 5389 Ὀφειλέτης
3555 5322 3663 5390 εἰμὶ

2105 5418 2360 5486 Ἕλλησί
2375 5436 2439 5472 τε
2455 5418 2551 5472 καί
2570 5417 2913 5486 βαρϐάροις,
2929 5415 3141 5487 σοφοῖς
3163 5432 3224 5469 τε
3240 5414 3339 5469 καί
3366 5412 3662 5483 ἀνοήτοις-⁸

504 5774 616 5845 (55)
667 5772 810 5829 Ἀπὸ
872 5774 976 5828 τοῦ
1028 5774 1250 5844 Σεροὺχ
1294 5772 1390 5827 καί
1432 5773 1619 5843 Ἀράμ.
1664 5772 1765 5828 Pro
1812 5774 1990 5845 ’Λρὰμ
2028 5787 2174 5829 corr.
2203 5772 2369 5845 Θαρέ.
