3754 6182
69 178 169 233 209

718 179 1086 237 ADVERSUS
1124 179 1467 236 IIIERESES
1506 180 1629 236 LIB.

1810 179 1923 239 ΟΜ.
1962 182 2004 237 I.
2038 210 2107 222 —
2143 179 2419 237 HERES.
2459 178 2595 236 VIII.

3204 170 3308 225 210

68 297 147 348 ἵνα
189 289 334 367 δείξῃ
371 314 568 365 σοφούς
622 298 718 368 μὲν
750 299 877 362 τοὺς
931 300 1240 366 Ἰουδαίους,
1286 301 1547 370 ἀνοήτους
1576 298 1633 352 δὲ

1810 306 1864 353 nt
1889 315 2011 369 quae
2042 300 2097 355 in
2123 299 2230 353 alio
2258 298 2381 352 loco
2407 296 2596 351 eodem
2631 292 2700 347 ab
2730 291 2989 361 Apostolo
3016 289 3308 345 dicuntur:

68 386 184 448 τοὺς
209 385 438 448 Σκύθας.
470 388 580 439 Καὶ
602 388 789 458 φησιν,
831 389 1144 460 Ὀφειλέτης
1173 390 1310 460 εἰμί.
1354 388 1634 443 Ἐντεῦθεν

64 478 121 531 τὸ
176 480 280 530 πᾶν
318 478 473 545 γένος
502 478 598 531 τοῦ
646 479 859 551 Ἰσραὴλ
896 481 1010 552 (54)
1056 483 1296 535 Ἰουδαῖοι
1345 480 1635 535 ἐκαλοῦντο

64 570 169 623 ἀπὸ
190 572 385 641 χρόνου
411 571 505 625 τοῦ
526 573 691 626 Δαϐἰδ
716 591 731 605 °
763 576 858 627 καὶ
881 575 1168 647 διήρκεσεν
1200 575 1504 645 ἐπωνύμως
1532 593 1635 629 κα-

62 663 314 733 λούμενον
387 665 736 738 Ἰσραηλιτῶν
782 684 843 720 τε
897 670 993 722 καὶ
1062 669 1328 721 Ἰουδαίων
1366 668 1487 739 ἕχον
1535 668 1636 739 τὴν

65 756 344 826 ἐπίκλησιν
374 758 434 810 τὸ
459 759 565 811 πᾶν
587 757 743 827 γένος
778 760 872 814 τοῦ
920 761 1137 833 Ἰσραὴλ
1170 762 1277 814 ἀπὸ
1300 760 1406 813 τῶν
1432 761 1636 832 χρόνων

66 846 152 897 τοῦ
169 847 331 901 Δαϐὶδ
356 850 451 902 καὶ
489 849 584 903 τοῦ
629 851 747 905 υἱοῦ
800 851 964 905 αὑτοῦ
1006 852 1366 924 Σολομῶντος,
1402 854 1496 906 καὶ
1538 852 1633 905 τοῦ

64 938 177 990 υἱοῦ
211 940 574 1011 Σολομῶντος,
596 945 738 1014 φημὶ
766 944 822 997 δὲ
855 943 949 997 τοῦ
984 944 1221 1015 Ῥοϐοὰμ
1260 944 1353 997 τοῦ
1383 944 1519 1013 μετὰ
1547 944 1635 996 τὸν

64 1029 380 1100 Σολομῶντα
407 1030 824 1100 βασιλεύσαντος
847 1036 904 1087 ὲν
942 1035 1314 1106 Ἰερουσαλήμ.
1347 1035 1461 1087 Ἵνα
1482 1035 1537 1087 δὲ
1561 1035 1634 1104 μὴ

63 1122 117 1170 ἐν
176 1120 457 1192 παρεξόδῳ
503 1123 770 1193 γένωμαι,
822 1127 1235 1198 παρερχόμενος
1269 1126 1338 1179 τὰ
1372 1129 1511 1179 κατὰ
1539 1127 1636 1198 τὴν
1664 1162 1667 1163 ν

62 1209 169 1260 τῶν
205 1210 471 1265 Ἰουδαίων
512 1212 825 1284 θρησκείαν,
874 1219 968 1270 καὶ
1018 1217 1091 1288 μὴ
1132 1208 1637 1288 ὑποσημαινόμενος

61 1299 159 1367 τῆς
180 1302 300 1353 κατ’
326 1302 521 1365 αὐτοὺς
557 1303 715 1375 δόξης
760 1306 859 1375 τὴν
900 1307 1176 1370 ὑπόθεσιν,
1198 1308 1352 1375 ὀλίγα
1395 1308 1503 1362 ἀπὸ
1528 1307 1635 1361 τῶν

58 1392 272 1443 πολλῶν
295 1394 699 1467 παραθήσομαι.
729 1398 868 1451 Πᾶσι
894 1400 1024 1469 γὰρ,
1060 1400 1135 1464 ὼς
1166 1400 1355 1465 εἰπεῖν,
1391 1400 1637 1470 φανερώ-

57 1503 196 1537 τατα
226 1486 461 1556 ὑπάρχει
498 1488 567 1540 τὰ
618 1489 759 1543 κατὰ
790 1491 917 1554 τοὺς
952 1491 1257 1555 Ἰουδαίους.
1285 1491 1377 1543 Διὸ
1403 1491 1462 1543 ού
1495 1492 1634 1545 πάνυ

57 1579 307 1647 κάματον
332 1580 655 1653 ἀναδέξομαι
676 1584 805 1655 περὶ
823 1583 1026 1655 ταύτης
1038 1585 1137 1655 τῆς
1158 1584 1466 1648 ὑποθέσεως
1495 1584 1635 1638 κατὰ

1736 388 1954 444 Debitor
1983 406 2100 444 sum
2128 389 2329 445 ercis
2358 396 2408 441 et
2431 385 2712 448 Barbarie,
2750 383 3073 451 sapientibus
3103 392 3151 435 et
3174 381 3309 435 insi-

1734 481 1998 552 pientibus
2016 482 2055 545 ί,
2079 491 2136 537 ut
2152 491 2208 536 et
2232 478 2451 535 Iudaeos
2468 478 2742 548 sapientes
2758 484 2811 531 et
2840 474 3159 545 insipientes
3190 488 3313 528 esse

1737 569 1974 641 Scythas
1999 571 2333 627 ostenderet.
2363 568 2576 635 Quibus
2607 567 2882 627 omnibus,
2929 566 3023 623 ait.
3054 578 3154 632 ego
3186 576 3309 616 sum

1736 662 1971 717 debitor.
2009 662 2178 732 Igitur
2223 660 2292 714 ab
2328 659 2421 713 illo
2458 659 2715 727 deinceps
2740 664 2983 726 tempore
3018 654 3072 707 in
3105 652 3311 707 Israeli-

1735 758 1913 804 tarum
1963 768 2135 821 genus
2160 749 2471 805 Iudaeorum
2513 763 2710 801 nomen
2738 746 2848 817 jam
2883 753 2997 799 tum
3048 758 3077 795 a
3106 741 3313 795 Davide

1734 842 2075 898 transfusum
2109 851 2193 897 est
2226 861 2241 895 :
2270 849 2324 895 et
2354 851 2585 909 utroque
2618 843 2978 909 cognomento
3002 845 3109 888 tam
3137 833 3313 888 Israe-

1736 935 1953 987 litarum
1987 948 2150 1003 quam
2180 930 2490 986 Iudaeorum
2541 931 2718 985 omnis
2764 929 2854 982 illa
2888 943 3020 999 gens
3070 941 3134 980 eo
3177 925 3312 979 insi-

1735 1024 1885 1093 gnita
1908 1029 2172 1092 perpetuo
2198 1029 2309 1088 est;
2340 1036 2369 1074 a
2399 1020 2641 1084 Davidis,
2676 1020 2919 1090 inquam,
2964 1017 3193 1086 ejusque
3217 1014 3310 1068 ﬁlii

1739 1115 2047 1169 Salomonis
2085 1115 2445 1184 temporibus,
2481 1121 2535 1167 et
2584 1112 2750 1182 hujus
2796 1112 3022 1180 insuper
3063 1108 3155 1163 lilii
3197 1106 3310 1161 Ro-

1734 1205 1938 1272 boami,
1970 1207 2063 1275 qui
2097 1212 2222 1276 post
2248 1202 2590 1260 Salomonem
2629 1202 3017 1273 Hierosolymis
3044 1200 3309 1270 regnavit.

1736 1294 1939 1351 Verum
1981 1310 2051 1350 ne
2096 1295 2322 1349 omnino
2372 1309 2495 1365 quae
2548 1292 2615 1348 ad
2647 1292 2961 1347 Iudaeorum
2996 1291 3313 1360 religionem

1736 1387 2001 1442 attineant
2027 1386 2457 1457 praetermittam.
2503 1385 2760 1454 nullaque
2803 1398 2867 1437 ex
2903 1389 3057 1452 parte
3094 1381 3312 1435 illorum

1734 1479 2020 1549 Opiniones
2070 1477 2357 1548 attingam,
2407 1491 2581 1547 pauca
2622 1475 2689 1530 de
2731 1474 2920 1528 multis
2961 1471 3310 1542 complectar.

1734 1569 1921 1640 Neque
1968 1569 2114 1625 enim
2175 1569 2431 1638 cuiquam
2487 1567 2599 1623 fere
2658 1566 2967 1621 Iudaeorum
3021 1563 3313 1634 religiones

55 1669 117 1721 τὸ
162 1669 490 1725 λεπτότατον
529 1653 917 1746 διηγήσασθαι,
966 1653 1188 1731 ἀλλ’-ὧν
1222 1677 1288 1748 ἦν
1338 1677 1634 1746 ἀναγκαῖον

1810 1668 1933 1716 iota:
1979 1667 2128 1716 sunt.
2167 1659 2399 1729 Ideoque
2437 1659 2492 1712 in
2551 1672 2617 1713 eo
2658 1665 2980 1728 argumento
3027 1653 3315 1709 tractando

56 1762 217 1831 ὀλίγα
254 1764 361 1817 ἀπὸ
388 1765 595 1821 πολλῶν
618 1768 852 1823 ἐνταῦθα
885 1769 1247 1841 παραθέσθαι.

110 2028 187 2077 Δ’.
214 2026 706 2081 Ἰουδαῖοιτοίνυνοί
723 2029 830 2083 ἀπὸ
847 2029 939 2084 τοῦ
963 2031 1211 2102 Ἀϐραὰμ
1224 2032 1366 2085 κατὰ
1389 2031 1636 2103 διαδοχὴν

57 2116 422 2188 ὑπάρχοντες,
465 2122 556 2173 καὶ
579 2121 676 2191 τὴν
708 2122 872 2175 αὐτοῦ
902 2123 1211 2177 θεοσέϐειαν
1246 2123 1635 2195 διαδεξάμενοι,

58 2208 367 2278 περιτομὴν
400 2208 497 2279 μὲν
530 2210 623 2263 τοῦ
670 2212 918 2284 Ἀϐραὰμ
945 2213 1179 2284 ἔχουσιν,
1204 2216 1271 2286 ἢν
1296 2218 1439 2270 κατὰ
1466 2216 1637 2287 πρόσ-

53 2296 215 2361 ταξιν
244 2296 381 2349 Θεοῦ
414 2298 635 2369 εἴληφεν
668 2302 1046 2371 ὲννενηκοστόν
1094 2300 1311 2356 ἔννατον
1359 2304 1478 2367 ἔτος
1504 2318 1638 2355 κατ-

54 2388 231 2454 άγων,
250 2387 318 2440 δι’
333 2390 421 2440 αίτ
430 2389 512 2442 ίαν
526 2390 591 2460 ἣν
608 2390 720 2444 ἄνω
736 2395 1013 2463 προεῖπον,
1035 2397 1116 2459 εἰς
1130 2395 1190 2448 τὸ
1207 2394 1395 2448 τούτου
1416 2396 1637 2466 σπέρμα

56 2478 327 2548 πάροικον
357 2481 645 2550 γενόμενον
669 2483 726 2534 ὲν
751 2485 815 2553 τῇ
840 2483 1094 2556 ἀλλοτρίᾳ
1122 2485 1196 2555 μὴ
1218 2487 1634 2559 ἀποστραφῆναι

53 2571 110 2621 τὸ
159 2570 332 2639 ὄνομα
361 2571 455 2623 τοῦ
483 2572 639 2637 Θεοῦ,
671 2574 761 2625 ἐπὶ
801 2574 1049 2646 σώματος
1076 2576 1131 2629 δὲ
1161 2579 1430 2649 σφραγῖδα
1454 2579 1639 2650 φέρειν

57 2661 423 2731 ὑπομνήσεως
467 2663 627 2734 χάριν
670 2666 764 2717 καὶ
802 2665 1043 2737 ἐλέγχου,
1085 2669 1164 2731 είς
1197 2669 1256 2721 τὸ
1286 2670 1543 2739 ἐμμένειν
1572 2673 1636 2741 τῇ

54 2749 147 2800 τοῦ
167 2750 379 2821 πατρὸς
399 2752 577 2804 αὐτῶν
598 2753 895 2825 θεοσεϐείᾳ.
936 2755 992 2810 Ὀ
1012 2756 1069 2809 δὲ
1092 2760 1220 2820 παῖς
1237 2758 1425 2811 τούτου
1455 2759 1640 2813 Ἰσαὰκ

54 2841 411 2912 ὀκταήμερος
450 2844 858 2914 περιτέμνεται,
898 2847 973 2910 ὡς
1014 2847 1075 2900 τὸ
1113 2848 1206 2900 τοῦ
1237 2848 1369 2901 Θεοῦ
1404 2847 1514 2921 εἶχε
1549 2850 1641 2903 θέ-

60 2950 301 3002 σπισμα.
338 2935 449 2987 Καὶ
486 2936 830 3008 ὡμολόγηται
868 2940 986 3010 μὲν,
1021 2940 1101 2993 ὅτι
1137 2943 1200 2994 ὲκ
1224 2942 1639 3013 προστάγματος

56 3024 192 3077 Θεοῦ
227 3027 263 3094 ἡ
295 3027 573 3099 περιτομὴ
593 3030 715 3082 τότε
749 3032 981 3102 ὑπῆρχε·
1005 3033 1161 3104 τύπῳ
1193 3034 1249 3087 δὲ
1272 3030 1337 3105 ἦν
1370 3034 1508 3105 αῦτη
1534 3035 1641 3088 δια-

57 3117 373 3188 τεταγμένη
407 3120 551 3183 τότε,
600 3122 674 3186 ὼς
713 3122 856 3176 κατὰ
898 3124 1215 3177 ἀκολουθίαν
1264 3126 1643 3196 προϐαίνοντες

58 3207 292 3279 ὕστερον
314 3212 444 3281 περὶ
460 3211 651 3265 τούτου
678 3214 942 3285 δείξομεν.
973 3202 1271 3287 Διήρκεσαν
1295 3218 1470 3269 τοίνυν
1496 3235 1645 3289 περι-

58 3302 411 3372 τεμνόμενοι,
442 3306 536 3357 καὶ
564 3292 841 3377 θεοσεϐείᾴ
860 3309 1283 3378 προσανέχοντες
1303 3311 1350 3362 οἱ
1374 3310 1527 3362 αὐτοὶ
1546 3308 1640 3362 τοῦ

74 3391 332 3465 Ἀϐραὰμ
364 3394 506 3448 κατὰ
533 3396 779 3469 διαδοχὴν
813 3400 1019 3464 παῖδες,
1052 3402 1145 3452 ἀπ’
1173 3401 1335 3455 αὐτοῦ
1361 3419 1522 3473 φημι,
1550 3404 1643 3455 καὶ

59 3484 322 3555 καθεξῆς,
351 3485 556 3551 Ἰσαὰκ,
589 3489 801 3552 Ἰακὼϐ,
822 3492 915 3543 καὶ
930 3494 978 3544 οἱ
995 3492 1182 3545 τούτου
1205 3493 1411 3556 παῖδες,
1431 3494 1485 3549 ἔν
1501 3512 1557 3547 τε
1574 3496 1639 3565 τῇ

56 3578 485 3650 Χανανίτιδιγῇ,
521 3580 750 3652 Ἰουδαίᾳ
768 3584 1193 3656 καὶΦιλιστιαίᾳ,
1218 3584 1361 3639 οὕτω
1383 3585 1640 3657 κληθείσῃ

56 3670 179 3720 τότε
207 3670 349 3741 (55),
381 3671 451 3723 τὰ
471 3671 566 3726 νῦν
597 3672 653 3725 δὲ
678 3672 1007 3747 Παλαιστίνῃ
1039 3676 1364 3749 καλουμένῃο
1396 3677 1531 3731 ἀλλὰ
1549 3680 1643 3731 καὶ⁹

54 3765 113 3815 ἐν
146 3764 438 3835 Αἰγύπτῳ.
474 3766 671 3819 Ἰακὼϐ
703 3767 811 3838 γὰρ
840 3770 868 3821 0
896 3770 991 3821 καὶ
1025 3770 1238 3841 Ἰσραὴλ
1264 3770 1506 3823 κάτεισιν
1528 3772 1643 3841 ἅμα

53 3860 170 3920 τοῖς
196 3857 396 3910 ἕνδεκα
420 3858 584 3911 αὐτοῦ
623 3862 809 3914 παισὶν
829 3863 907 3924 είς
929 3861 1220 3931 Αἴγυπτον,
1242 3863 1359 3927 ἔτος
1391 3865 1643 3934 κατάγων

53 3950 358 4005 ἑκατοστὸν
383 3953 704 4023 τριακοστὸν
733 3953 830 4022 τῆς
867 3952 1027 4005 αὐτοῦ
1083 3953 1247 4025 ζωῆς.
1299 3956 1491 4027 Ἰωσὴφ
1529 3957 1587 4009 δὲ
1615 3958 1643 4010 ὀ

52 4042 251 4110 ἕτερος
283 4042 449 4095 αὐτοῦ
488 4043 602 4106 υίὸς
635 4044 734 4114 ἤδη
771 4045 829 4096 ὲν
869 4044 1125 4115 Αἰγύπτῳ
1153 4048 1474 4119 προῦπῆρχε
1494 4049 1643 4119 βασι-

52 4130 258 4197 λεύων,
292 4134 524 4205 πραθεὶς
558 4134 665 4186 ὑπὸ
705 4134 814 4188 τῶν
846 4135 1087 4205 ἀδελφῶν
1108 4137 1272 4190 αὑτοῦ
1305 4138 1393 4190 διὰ
1429 4138 1638 4208 φθόνον.

60 4224 127 4275 Ἡ
142 4225 203 4276 δὲ
227 4224 323 4277 τοῦ
347 4225 481 4278 Θεοῦ
500 4228 801 4299 οἰκονομία,
824 4226 891 4281 τὰ
914 4228 1090 4297 ἀγαθὰ
1112 4230 1444 4301 συνεργοῦσα
1462 4231 1540 4302 τῷ
1563 4233 1642 4285 δι-

50 4318 221 4388 καίῳ,
246 4320 330 4381 είς
350 4317 661 4389 θαυμαστὸν
690 4323 964 4393 μετήγαγε
989 4323 1087 4393 τὴν
1112 4324 1231 4376 κατ’
1256 4323 1419 4376 αὐτοῦ
1445 4324 1641 4395 Ἰωσὴφ

48 4407 381 4479 ἐπιϐουλήν.
403 4410 626 4462 Κάτεισι
646 4410 843 4477 τοίνυν,
868 4412 943 4475 ὡς
962 4415 1240 4484 προεῖπον,
1261 4416 1289 4467 ὀ
1326 4415 1516 4467 Ἰακὼϐ
1544 4416 1639 4467 καὶ

49 4501 95 4550 oi
133 4501 238 4552 ἀπ’
263 4501 431 4553 αὐτοῦ
463 4502 588 4561 υἱοὶ,
631 4502 724 4554 καὶ
750 4506 1005 4570 γυναῖκες
1024 4504 1118 4555 καὶ
1141 4503 1372 4572 ἔκγονοι,
1407 4505 1465 4559 ἐν
1491 4504 1641 4558 ἐϐδο-

49 4593 311 4661 μήκοντα
350 4592 511 4645 πέντε
544 4592 741 4663 ψυχαῖς
775 4594 1190 4666 ἀριθμηθέντες,
1230 4597 1309 4659 είς
1342 4595 1637 4665 Αἴγυπτον,

42 4681 117 4745 ὼς
142 4683 405 4753 περιέχει
431 4685 465 4753 ή
500 4681 689 4754 πρώτη
727 4683 907 4753 βίϐλος
935 4684 1033 4754 τῆς
1064 4683 1206 4737 κατὰ
1234 4685 1473 4738 Μωῦσέα
1504 4687 1640 4738 Πεν-

41 4773 345 4844 τατεύχου,
378 4773 564 4844 σαφῶς
593 4774 828 4847 δηλοῦσα
866 4775 996 4845 περὶ
1026 4776 1230 4829 τούτων
1262 4776 1502 4834 πάντων.
1551 4779 1642 4831 Δι-

123 4960 138 4988 ¹
170 4957 346 5011 Rom.
382 4972 419 5019 ι,
448 4957 536 5010 14.
614 4958 635 4988 ²
659 4956 794 5012 Gen.
826 4974 974 5019 XLVI.
1004 4960 1039 5014 4
1070 4975 1193 5030 sqq.

111 5136 233 5205 (54)
293 5134 607 5207 Ἐντεῦθεν
631 5135 698 5207 τὸ
730 5132 852 5191 πᾶν
872 5135 1048 5206 γένος
1079 5137 1185 5191 τοῦ
1218 5137 1475 5207 Ἰσραήλ.
1513 5137 1633 5193 Non

37 5214 149 5278 tam
195 5215 375 5278 vetus
427 5212 510 5261 est
557 5205 886 5278 Iudaeorum
920 5208 1209 5278 appellatio
1246 5205 1345 5278 pro
1375 5205 1632 5264 universo

40 5276 437 5347 lsraelitarum
465 5291 686 5347 genere,
714 5285 774 5347 ut
803 5276 1075 5332 Davidicis
1103 5276 1443 5347 temporibus
1467 5294 1631 5333 usur-

38 5364 168 5414 pare
226 5346 490 5417 coeperit.
535 5346 678 5417 Audi
710 5346 1031 5417 Joscphum,
1061 5348 1154 5401 lib.
1183 5346 1430 5417 xi'Apx.,
1464 5364 1514 5403 c.
1551 5349 1584 5403 5
1616 5365 1630 5401 :

48 5412 406 5489 Ἑκλῄθησαν
437 5416 516 5489 iis
532 5417 592 5468 τὸ
619 5416 807 5489 δνομαί
828 5412 886 5480 ἐξ
919 5412 988 5488 ἧς
1030 5417 1243 5489 ἡμέρας
1270 5412 1541 5489 ἀνέϐησαν
1574 5420 1638 5489 ἐκ

39 5483 408 5559 Ιςὶιιϐυλῶνος,Δ
426 5486 534 5538 ἀπὸ
562 5486 657 5559 τοῦ
682 5483 854 5559 Ἰούδα
884 5483 1168 5559 φυλῆςξῆᾅ
1195 5483 1637 5559 πρώτηςέὲλθού-

40 5576 134 5627 σῇς
168 5559 258 5619 εἰς
291 5555 535 5630 ἐκείνους
546 5557 677 5630 τοὺς
703 5555 1071 5630 τόπουςὲαὑτοί
1093 5555 1151 5611 τε
1184 5555 1276 5611 καὶ
1306 5561 1339 5630 ἡ
1369 5555 1522 5630 χώρα
1538 5558 1637 5628 τῆς

39 5626 431 5700 προσηγορίας
458 5628 663 5697 ταύτης
694 5627 1006 5698 μετέλαϐον.
1039 5628 1219 5695 Quare
1260 5626 1638 5701 post-Babylo-

1735 1768 1845 1809 non
1874 1751 2167 1807 admodum
2209 1750 2483 1822 exquisite
2518 1748 2882 1814 versabimur,
2928 1746 3023 1802 sed
3063 1762 3095 1800 e
3127 1745 3314 1799 multis

1735 1858 1907 1912 pauca
1959 1842 2290 1907 libabimus,
2346 1856 2468 1911 quae
2526 1839 2842 1895 necessario
2897 1836 3313 1908 perstringenda

1734 1936 2005 1991 videntur.

1810 2026 2205 2098 171V.Itaque
2218 2024 2389 2081 Judzei
2409 2025 2501 2095 qui
2520 2024 2588 2079 ab
2609 2023 2920 2078 Abrahamo
2945 2030 3053 2073 tam
3071 2018 3312 2089 generis,

1736 2132 1900 2188 quam
1933 2116 2221 2187 religionis
2257 2114 2667 2171 successionem
2713 2115 3063 2180 acceperunt,
3122 2108 3189 2161 ab
3220 2122 3315 2162 eo-

1737 2214 1857 2267 dem
1884 2210 2328 2267 circumcisionis
2348 2210 2519 2263 ritum
2542 2207 2689 2261 nacti
2721 2214 2870 2269 sunt,
2897 2219 3060 2274 quam
3094 2203 3185 2257 ille
3209 2217 3313 2255 un-

1737 2304 2105 2362 decentesimo
2140 2303 2318 2360 aetatis
2348 2317 2493 2357 anno
2534 2300 2799 2355 divinitus
2830 2298 3092 2353 adhibere
3118 2296 3313 2366 jussus

1736 2409 1820 2457 est
1848 2418 1859 2452 :
1883 2401 1953 2457 ob
1977 2416 2097 2457 eam
2122 2414 2373 2462 causam,
2406 2412 2569 2469 quam
2596 2406 2757 2451 antea
2784 2393 3211 2465 proposuimus;
3243 2405 3314 2445 ne

1739 2493 1948 2548 scilicet
1979 2492 2100 2562 ejus
2129 2490 2335 2563 posteri
2372 2490 2426 2544 in
2463 2489 2641 2543 aliena
2665 2487 2887 2557 regione
2910 2491 3315 2541 commorantes

1737 2582 1831 2637 Dei
1857 2598 2053 2637 nomen
2082 2581 2151 2636 ab
2173 2597 2295 2637 sese
2343 2579 2660 2649 rejicercnt,
2716 2578 2827 2632 imo
2873 2576 3024 2630 velut
3066 2573 3311 2628 inustum

1740 2673 2011 2744 quoddam
2038 2673 2254 2744 signum
2287 2671 2501 2741 corpori
2559 2684 2660 2724 suo
2712 2666 3160 2731 circumferrem,
3202 2678 3317 2735 quo

1739 2767 1823 2821 vel
1856 2765 2262 2821 commonelieri
2288 2764 2373 2819 vel
2403 2761 2658 2833 redargui
2707 2768 2953 2831 possent,
2990 2760 3035 2814 si
3059 2756 3187 2828 quid
3218 2757 3315 2811 ad-

1743 2858 2042 2918 mitterent.
2094 2865 2257 2925 atque
2291 2855 2597 2910 utomnino
2647 2862 2875 2924 paterna
2913 2853 2969 2907 in
3029 2851 3312 2922 religione,

1744 2948 2105 3017 institutoque
2142 2947 2521 3018 persisterent.
2570 2945 2870 3000 Abrahami
2913 2943 3112 2999 deinde
3169 2941 3316 2997 ﬁlius

1743 3040 1963 3095 Isaacus
1993 3047 2187 3094 octavo
2211 3055 2373 3109 quam
2418 3046 2581 3094 natus
2627 3036 2851 3093 eratdie
2901 3050 2967 3091 ex
3028 3033 3123 3089 Dei
3157 3049 3315 3089 man-

1742 3133 1870 3185 dato
1903 3132 2264 3187 circumcisus
2297 3138 2401 3187 est.
2463 3129 2574 3185 Nec
2614 3130 2838 3185 dubium
2882 3135 2988 3191 est,
3021 3127 3158 3197 quin
3198 3134 3312 3180 tum

1742 3222 1928 3277 divino
1951 3230 2222 3293 praecepto
2246 3222 2316 3278 sit
2346 3222 2595 3276 instituta
2625 3219 3009 3285 circumcisio;
3029 3233 3131 3274 nec
3157 3217 3317 3272 aliter

1743 3322 1923 3368 tamen
1976 3328 2138 3383 quam
2172 3314 2238 3367 ad
2289 3313 2600 3367 futurarum
2636 3328 2819 3367 rerum
2853 3312 3137 3365 veritatem
3170 3309 3316 3364 velut

1744 3405 1978 3474 imagine
2009 3404 2242 3475 quadam
2300 3402 2729 3458 adumbrandam
2765 3420 2778 3455 :
2816 3399 2867 3454 id
2926 3399 3073 3471 quod
3124 3404 3314 3469 postea

1745 3512 1845 3551 suo
1872 3497 1992 3551 loco
2033 3496 2520 3552 demonstrabitur.
2576 3493 2950 3560 Quamobrem
3000 3489 3314 3546 circumcisi

1744 3589 2003 3660 deinceps
2034 3588 2332 3643 Abrahami
2391 3601 2743 3643 successores
2770 3598 2962 3640 omnes
2995 3598 3060 3638 ac
3110 3580 3314 3652 posteri

1746 3678 1989 3743 fuerunt,
2022 3695 2190 3750 penes
2222 3693 2361 3749 quos
2387 3679 2603 3753 sincera
2632 3675 2845 3746 religio,
2886 3689 2950 3728 ac
3004 3672 3098 3728 Dei
3133 3672 3317 3728 cultus

1744 3774 1964 3829 resedit.
2023 3773 2189 3842 quue
2222 3787 2347 3826 cum
2396 3771 2463 3825 ab
2519 3770 2831 3824 Abrahamo
2882 3774 3144 3837 cmptum,
3200 3776 3313 3821 tum

1745 3865 2060 3935 singillatim
2094 3864 2162 3919 ab
2190 3862 2397 3929 Isaaeo,
2425 3860 2649 3919 Jacobo.
2682 3860 2958 3931 hujusque
3008 3858 3218 3921 liberis,
3257 3858 3314 3911 in

1744 3955 2069 4021 Cbananma,
2124 3952 2332 4018 Iudaea,
2377 3969 2441 4007 ac
2485 3950 2760 4005 Philistma
2808 3947 3108 4019 quondam,
3168 3962 3314 4001 nunc

1743 4043 2031 4099 Palaestina
2079 4044 2223 4098 dicta
2259 4042 2484 4113 regione
2514 4047 2875 4111 propagatum
2908 4047 3012 4095 est.
3047 4037 3154 4092 Sed
3179 4045 3233 4093 et
3258 4038 3316 4092 in

1743 4136 1979 4208 Egypto
2006 4153 2115 4191 non
2141 4141 2323 4191 minus
2366 4142 2773 4205 perseveratum
2805 4139 2910 4188 est.
2938 4130 3015 4187 Eo
3041 4130 3313 4201 siquidem

1743 4226 2001 4291 Iacobus,
2028 4228 2121 4297 qui
2148 4237 2201 4283 et
2236 4227 2453 4283 lsraelis
2483 4241 2785 4297 cognomen
2811 4224 3025 4289 habuit,
3049 4239 3157 4278 una
3185 4238 3316 4291 cum

1747 4318 1997 4371 undecim
2024 4318 2150 4371 liliis
2182 4316 2461 4386 profectus
2499 4323 2583 4370 est
2612 4330 2756 4369 anno
2801 4315 2979 4368 aetatis
3012 4312 3314 4369 centesimo

1745 4413 2022 4467 tricesimo
2046 4413 2087 4466 '.
2124 4410 2257 4465 Nam
2283 4410 2552 4480 Joscphus
2599 4425 2741 4464 unus
2774 4424 2804 4463 e
2836 4408 3128 4463 liberorum
3164 4406 3311 4461 illius

1742 4517 1973 4557 numero
2018 4501 2338 4571 jamdudum
2368 4501 2424 4554 in
2455 4499 2692 4570 .IEgypto
2724 4498 3012 4567 imperium
3073 4496 3311 4550 admini-

1743 4593 1973 4656 strabat,
2006 4608 2072 4647 eo
2124 4607 2155 4645 a
2206 4592 2469 4646 fratribus
2520 4606 2618 4661 per
2671 4588 2934 4643 invidiam
2983 4588 3305 4643 distractus.

1746 4687 1852 4741 Sed
1883 4685 2065 4740 divina
2096 4685 2457 4756 providentia,
2496 4700 2617 4754 quae
2647 4683 3000 4740 sanctissimo
3027 4684 3145 4738 viro
3168 4698 3308 4753 prae-

1746 4785 1832 4833 sto
1856 4777 2065 4843 aderat,
2092 4778 2321 4848 ejusque
2352 4775 2653 4832 commodis
2689 4774 2926 4841 favebat,
2963 4781 3310 4846 comparatas

1740 5138 1920 5192 nicam
1953 5136 2326 5205 captivitatem
2352 5133 2663 5205 Iudaeorum
2690 5133 3016 5189 vocabulum
3049 5132 3305 5205 obtinuit.

1811 5208 1922 5281 (55)
1963 5202 2070 5260 Καὶ
2104 5205 2439 5281 «palmatam
2467 5204 2619 5258 οὕτω
2646 5204 2937 5281 aquaam?)
2969 5206 3121 5281 ‘t_dt8.
3161 5202 3308 5281 Qua-

1739 5279 1785 5334 si
1821 5275 1959 5334 duae
2008 5291 2073 5330 ac
2132 5276 2504 5345 discrepantes
2558 5276 2962 5345 appellationes,
3007 5275 3307 5345 istsesint.

1745 5327 2498 5415 ﬁniaii'era'una‘adémé
2527 5327 2764 5400 νοῖέέι.
2791 5327 3021 5403 Dii-iubs
3051 5344 3153 5398 Sed
3174 5327 3253 5397 ἒδ
3272 5327 3312 5404 ἐ)

1743 5421 1894 5483 olim,
1932 5426 1989 5472 ut
2032 5416 2181 5488 apud
2213 5416 2440 5488 Arabes,
2474 5418 2545 5470 ita
2577 5415 3313 5488 apudrIIebrzco_s_perpetuo

1746 5505 1867 5545 cum
1896 5484 2086 5560 Rapbe
2112 5486 2543 5559 pronuntiatura.
2571 5484 2745 5543 Graeci
2775 5485 2863 5540 διὰ
2898 5484 2990 5538 τοῦ
3015 5485 3062 5537 II
3090 5500 3313 5555 expres—

1744 5569 1953 5621 SCI'UDI.
