  <div class='ocr_page' id='page_1' title='image "/cluster/home/n/w/nwhite01/storage/ocr_20150623/41/hvd.32044011753001/133.png"; bbox 0 0 3754 6182; ppageno 0'>
   <div class='ocr_carea' id='block_1_1' title="bbox 422 232 522 289">
    <p class='ocr_par' dir='ltr' id='par_1_1' title="bbox 422 232 522 289">
     <span class='ocr_line' id='line_1_1' title="bbox 422 232 522 289; baseline -0.02 0"><span class='ocrx_word' id='word_1_1' title='bbox 422 232 522 289; x_wconf 71' lang='grc' dir='ltr'><strong>ιιι</strong></span> 
     </span>
    </p>
   </div>
   <div class='ocr_carea' id='block_1_2' title="bbox 1836 229 3650 291">
    <p class='ocr_par' dir='ltr' id='par_1_2' title="bbox 1836 229 3650 291">
     <span class='ocr_line' id='line_1_2' title="bbox 1836 229 3650 291; baseline 0.002 -7"><span class='ocrx_word' id='word_1_2' title='bbox 1836 230 1897 291; x_wconf 73' lang='lat' dir='ltr'><strong>S,</strong></span> <span class='ocrx_word' id='word_1_3' title='bbox 1935 229 2273 287; x_wconf 78' lang='lat' dir='ltr'><strong>EPIPHANII</strong></span> <span class='ocrx_word' id='word_1_4' title='bbox 3562 233 3650 289; x_wconf 69' lang='lat'><strong>212</strong></span> 
     </span>
    </p>
   </div>
   <div class='ocr_carea' id='block_1_3' title="bbox 426 343 1908 423">
    <p class='ocr_par' dir='ltr' id='par_1_3' title="bbox 426 343 1908 415">
     <span class='ocr_line' id='line_1_3' title="bbox 426 343 1908 415; baseline -0.001 -13"><span class='ocrx_word' id='word_1_5' title='bbox 426 343 689 402; x_wconf 72' lang='lat' dir='ltr'><strong>adversus</strong></span> <span class='ocrx_word' id='word_1_6' title='bbox 726 344 1025 415; x_wconf 62' lang='lat' dir='ltr'><strong>aosephum</strong></span> <span class='ocrx_word' id='word_1_7' title='bbox 1061 344 1294 399; x_wconf 91' lang='lat' dir='ltr'><strong>insidias</strong></span> <span class='ocrx_word' id='word_1_8' title='bbox 1324 345 1702 403; x_wconf 72' lang='lat' dir='ltr'><strong>admirabilem</strong></span> <span class='ocrx_word' id='word_1_9' title='bbox 1736 364 1791 402; x_wconf 84' lang='grc' dir='ltr'>ιιι</span> <span class='ocrx_word' id='word_1_10' title='bbox 1823 348 1908 403; x_wconf 85' lang='lat' dir='ltr'><strong>feli</strong></span> 
     </span>
    </p>
   </div>
   <div class='ocr_carea' id='block_1_4' title="bbox 2166 343 3648 423">
    <p class='ocr_par' dir='ltr' id='par_1_4' title="bbox 2166 350 3648 423">
     <span class='ocr_line' id='line_1_4' title="bbox 2166 350 3648 423; baseline 0.004 -21"><span class='ocrx_word' id='word_1_11' title='bbox 2166 350 2353 404; x_wconf 86' lang='grc' dir='ltr'>έλεσαν</span> <span class='ocrx_word' id='word_1_12' title='bbox 2386 350 2441 403; x_wconf 81' lang='grc' dir='ltr'><strong>δὲ</strong></span> <span class='ocrx_word' id='word_1_13' title='bbox 2476 355 2651 406; x_wconf 81' lang='grc' dir='ltr'>ἐκεῖσε</span> <span class='ocrx_word' id='word_1_14' title='bbox 2690 353 2782 406; x_wconf 78' lang='grc' dir='ltr'><strong>ἐπὶ</strong></span> <span class='ocrx_word' id='word_1_15' title='bbox 2813 355 2974 409; x_wconf 86' lang='grc' dir='ltr'><strong>πέντε</strong></span> <span class='ocrx_word' id='word_1_16' title='bbox 3003 370 3236 423; x_wconf 86' lang='grc' dir='ltr'>γενεαις,</span> <span class='ocrx_word' id='word_1_17' title='bbox 3255 353 3441 417; x_wconf 70' lang='grc' dir='ltr'>ὡςκαὶ</span> <span class='ocrx_word' id='word_1_18' title='bbox 3472 353 3648 408; x_wconf 73' lang='grc' dir='ltr'>πολλαο</span> 
     </span>
    </p>
   </div>
   <div class='ocr_carea' id='block_1_5' title="bbox 424 436 1993 511">
    <p class='ocr_par' dir='ltr' id='par_1_5' title="bbox 424 436 1993 511">
     <span class='ocr_line' id='line_1_5' title="bbox 424 436 1993 511; baseline 0.004 -22"><span class='ocrx_word' id='word_1_19' title='bbox 424 444 593 493; x_wconf 83' lang='lat' dir='ltr'><strong>tatem</strong></span> <span class='ocrx_word' id='word_1_20' title='bbox 627 437 919 490; x_wconf 84' lang='lat' dir='ltr'><strong>convertit.</strong></span> <span class='ocrx_word' id='word_1_21' title='bbox 947 436 1147 507; x_wconf 83' lang='lat' dir='ltr'><strong>Atque,</strong></span> <span class='ocrx_word' id='word_1_22' title='bbox 1198 444 1258 491; x_wconf 85' lang='lat' dir='ltr'><strong>ut</strong></span> <span class='ocrx_word' id='word_1_23' title='bbox 1296 438 1479 493; x_wconf 86' lang='lat' dir='ltr'><strong>dicere</strong></span> <span class='ocrx_word' id='word_1_24' title='bbox 1502 454 1800 511; x_wconf 77' lang='lat' dir='ltr'><strong>coeperam,</strong></span> <span class='ocrx_word' id='word_1_25' title='bbox 1828 439 1993 496; x_wconf 86' lang='lat' dir='ltr'><strong>Jaco-</strong></span> 
     </span>
    </p>
   </div>
   <div class='ocr_carea' id='block_1_6' title="bbox 425 528 1994 601">
    <p class='ocr_par' dir='ltr' id='par_1_6' title="bbox 425 528 1994 601">
     <span class='ocr_line' id='line_1_6' title="bbox 425 528 1994 601; baseline 0.004 -19"><span class='ocrx_word' id='word_1_26' title='bbox 425 530 529 583; x_wconf 80' lang='lat' dir='ltr'><strong>lms</strong></span> <span class='ocrx_word' id='word_1_27' title='bbox 561 528 790 597; x_wconf 85' lang='lat' dir='ltr'><strong>ejusque</strong></span> <span class='ocrx_word' id='word_1_28' title='bbox 819 528 973 584; x_wconf 85' lang='lat' dir='ltr'><strong>liberi</strong></span> <span class='ocrx_word' id='word_1_29' title='bbox 1001 544 1125 582; x_wconf 87' lang='lat' dir='ltr'><strong>cum</strong></span> <span class='ocrx_word' id='word_1_30' title='bbox 1166 530 1429 585; x_wconf 79' lang='lat' dir='ltr'><strong>uxoribus</strong></span> <span class='ocrx_word' id='word_1_31' title='bbox 1481 546 1545 585; x_wconf 87' lang='lat' dir='ltr'><strong>ac</strong></span> <span class='ocrx_word' id='word_1_32' title='bbox 1596 532 1885 601; x_wconf 82' lang='lat' dir='ltr'><strong>nepotibus</strong></span> <span class='ocrx_word' id='word_1_33' title='bbox 1926 534 1994 588; x_wconf 92' lang='lat' dir='ltr'><strong>ad</strong></span> 
     </span>
    </p>
   </div>
   <div class='ocr_carea' id='block_1_7' title="bbox 425 621 1992 695">
    <p class='ocr_par' dir='ltr' id='par_1_7' title="bbox 425 621 1992 695">
     <span class='ocr_line' id='line_1_7' title="bbox 425 621 1992 695; baseline 0.001 -18"><span class='ocrx_word' id='word_1_34' title='bbox 425 621 769 690; x_wconf 69' lang='lat' dir='ltr'><strong>septuaginta</strong></span> <span class='ocrx_word' id='word_1_35' title='bbox 797 622 1039 691; x_wconf 91' lang='lat' dir='ltr'><strong>quinque</strong></span> <span class='ocrx_word' id='word_1_36' title='bbox 1060 624 1237 693; x_wconf 90' lang='lat' dir='ltr'><strong>capita</strong></span> <span class='ocrx_word' id='word_1_37' title='bbox 1261 624 1314 677; x_wconf 95' lang='lat' dir='ltr'><strong>in</strong></span> <span class='ocrx_word' id='word_1_38' title='bbox 1332 622 1626 694; x_wconf 67' lang='lat' dir='ltr'><strong>Aigyptum</strong></span> <span class='ocrx_word' id='word_1_39' title='bbox 1654 624 1992 695; x_wconf 85' lang='lat' dir='ltr'><strong>migrarunt;</strong></span> 
     </span>
    </p>
   </div>
   <div class='ocr_carea' id='block_1_8' title="bbox 426 712 1993 787">
    <p class='ocr_par' dir='ltr' id='par_1_8' title="bbox 426 712 1993 787">
     <span class='ocr_line' id='line_1_8' title="bbox 426 712 1993 787; baseline 0.003 -22"><span class='ocrx_word' id='word_1_40' title='bbox 426 722 483 765; x_wconf 90' lang='lat' dir='ltr'><strong>ut</strong></span> <span class='ocrx_word' id='word_1_41' title='bbox 514 713 567 766; x_wconf 90' lang='lat' dir='ltr'><strong>in</strong></span> <span class='ocrx_word' id='word_1_42' title='bbox 597 714 770 783; x_wconf 91' lang='lat' dir='ltr'><strong>primo</strong></span> <span class='ocrx_word' id='word_1_43' title='bbox 796 712 1145 768; x_wconf 88' lang='lat' dir='ltr'><strong>Pentateucbi</strong></span> <span class='ocrx_word' id='word_1_44' title='bbox 1172 714 1396 769; x_wconf 84' lang='lat' dir='ltr'><strong>Mosaici</strong></span> <span class='ocrx_word' id='word_1_45' title='bbox 1442 717 1725 771; x_wconf 87' lang='lat' dir='ltr'><strong>volumine</strong></span> <span class='ocrx_word' id='word_1_46' title='bbox 1773 717 1993 787; x_wconf 82' lang='lat' dir='ltr'><strong>legitur,</strong></span> 
     </span>
    </p>
   </div>
   <div class='ocr_carea' id='block_1_9' title="bbox 425 805 1995 877">
    <p class='ocr_par' dir='ltr' id='par_1_9' title="bbox 425 805 1995 877">
     <span class='ocr_line' id='line_1_9' title="bbox 425 805 1995 877; baseline 0.001 -19"><span class='ocrx_word' id='word_1_47' title='bbox 425 805 513 858; x_wconf 86' lang='lat' dir='ltr'><strong>ubi</strong></span> <span class='ocrx_word' id='word_1_48' title='bbox 549 805 662 858; x_wconf 69' lang='lat' dir='ltr'><strong>hazc</strong></span> <span class='ocrx_word' id='word_1_49' title='bbox 689 805 872 859; x_wconf 87' lang='lat' dir='ltr'><strong>omnia</strong></span> <span class='ocrx_word' id='word_1_50' title='bbox 905 813 1159 860; x_wconf 84' lang='lat' dir='ltr'><strong>accurate</strong></span> <span class='ocrx_word' id='word_1_51' title='bbox 1191 806 1465 874; x_wconf 86' lang='lat' dir='ltr'><strong>descripta</strong></span> <span class='ocrx_word' id='word_1_52' title='bbox 1505 814 1654 860; x_wconf 92' lang='lat' dir='ltr'><strong>sunt.</strong></span> <span class='ocrx_word' id='word_1_53' title='bbox 1716 805 1831 861; x_wconf 87' lang='lat' dir='ltr'><strong>Illic</strong></span> <span class='ocrx_word' id='word_1_54' title='bbox 1866 822 1995 877; x_wconf 92' lang='lat' dir='ltr'><strong>por-</strong></span> 
     </span>
    </p>
   </div>
   <div class='ocr_carea' id='block_1_10' title="bbox 422 896 1995 967">
    <p class='ocr_par' dir='ltr' id='par_1_10' title="bbox 422 896 1995 967">
     <span class='ocr_line' id='line_1_10' title="bbox 422 896 1995 967; baseline 0.003 -18"><span class='ocrx_word' id='word_1_55' title='bbox 422 912 506 959; x_wconf 87' lang='lat' dir='ltr'><strong>ro,</strong></span> <span class='ocrx_word' id='word_1_56' title='bbox 542 896 687 966; x_wconf 90' lang='lat' dir='ltr'><strong>quod</strong></span> <span class='ocrx_word' id='word_1_57' title='bbox 718 913 747 949; x_wconf 94' lang='lat' dir='ltr'><strong>a</strong></span> <span class='ocrx_word' id='word_1_58' title='bbox 777 899 934 954; x_wconf 90' lang='lat' dir='ltr'><strong>nobis</strong></span> <span class='ocrx_word' id='word_1_59' title='bbox 964 914 1106 967; x_wconf 81' lang='lat' dir='ltr'><strong>saepe</strong></span> <span class='ocrx_word' id='word_1_60' title='bbox 1133 898 1339 952; x_wconf 88' lang='lat' dir='ltr'><strong>dictum</strong></span> <span class='ocrx_word' id='word_1_61' title='bbox 1370 908 1473 961; x_wconf 90' lang='lat' dir='ltr'><strong>est,</strong></span> <span class='ocrx_word' id='word_1_62' title='bbox 1504 904 1559 952; x_wconf 91' lang='lat' dir='ltr'><strong>et</strong></span> <span class='ocrx_word' id='word_1_63' title='bbox 1609 898 1714 953; x_wconf 91' lang='lat' dir='ltr'><strong>hoc</strong></span> <span class='ocrx_word' id='word_1_64' title='bbox 1745 899 1868 954; x_wconf 92' lang='lat' dir='ltr'><strong>loco</strong></span> <span class='ocrx_word' id='word_1_65' title='bbox 1897 915 1995 954; x_wconf 83' lang='lat' dir='ltr'><strong>ne-</strong></span> 
     </span>
    </p>
   </div>
   <div class='ocr_carea' id='block_1_11' title="bbox 422 990 1993 1061">
    <p class='ocr_par' dir='ltr' id='par_1_11' title="bbox 422 990 1993 1061">
     <span class='ocr_line' id='line_1_11' title="bbox 422 990 1993 1061; baseline 0.004 -22"><span class='ocrx_word' id='word_1_66' title='bbox 422 990 664 1043; x_wconf 75' lang='lat' dir='ltr'><strong>cessario</strong></span> <span class='ocrx_word' id='word_1_67' title='bbox 696 991 1051 1059; x_wconf 88' lang='lat' dir='ltr'><strong>repetendum</strong></span> <span class='ocrx_word' id='word_1_68' title='bbox 1082 990 1203 1055; x_wconf 81' lang='lat' dir='ltr'><strong>fuit,</strong></span> <span class='ocrx_word' id='word_1_69' title='bbox 1258 991 1502 1060; x_wconf 90' lang='lat' dir='ltr'><strong>quinque</strong></span> <span class='ocrx_word' id='word_1_70' title='bbox 1544 998 1767 1046; x_wconf 69' lang='lat' dir='ltr'><strong>aetatum</strong></span> <span class='ocrx_word' id='word_1_71' title='bbox 1814 992 1993 1061; x_wconf 82' lang='lat' dir='ltr'><strong>spatio</strong></span> 
     </span>
    </p>
   </div>
   <div class='ocr_carea' id='block_1_12' title="bbox 423 1066 1992 1152">
    <p class='ocr_par' dir='ltr' id='par_1_12' title="bbox 423 1066 1992 1152">
     <span class='ocr_line' id='line_1_12' title="bbox 423 1066 1992 1152; baseline 0.001 -19"><span class='ocrx_word' id='word_1_72' title='bbox 423 1066 865 1146; x_wconf 74' lang='lat' dir='ltr'><strong>permanserunt.</strong></span> <span class='ocrx_word' id='word_1_73' title='bbox 897 1080 1028 1146; x_wconf 69' lang='lat' dir='ltr'><strong>Qua:</strong></span> <span class='ocrx_word' id='word_1_74' title='bbox 1060 1081 1279 1152; x_wconf 84' lang='lat' dir='ltr'><strong>quidem</strong></span> <span class='ocrx_word' id='word_1_75' title='bbox 1308 1095 1339 1134; x_wconf 89' lang='lat' dir='ltr'><strong>a</strong></span> <span class='ocrx_word' id='word_1_76' title='bbox 1371 1078 1578 1136; x_wconf 86' lang='lat' dir='ltr'><strong>Jacobo</strong></span> <span class='ocrx_word' id='word_1_77' title='bbox 1622 1096 1718 1151; x_wconf 87' lang='lat' dir='ltr'><strong>per</strong></span> <span class='ocrx_word' id='word_1_78' title='bbox 1739 1079 1866 1135; x_wconf 89' lang='lat' dir='ltr'><strong>Levi</strong></span> <span class='ocrx_word' id='word_1_79' title='bbox 1896 1080 1992 1135; x_wconf 91' lang='lat' dir='ltr'><strong>de-</strong></span> 
     </span>
    </p>
   </div>
   <div class='ocr_carea' id='block_1_13' title="bbox 420 1172 1997 1244">
    <p class='ocr_par' dir='ltr' id='par_1_13' title="bbox 420 1172 1997 1244">
     <span class='ocr_line' id='line_1_13' title="bbox 420 1172 1997 1244; baseline 0.003 -21"><span class='ocrx_word' id='word_1_80' title='bbox 420 1172 599 1229; x_wconf 66' lang='lat' dir='ltr'><strong>ductae</strong></span> <span class='ocrx_word' id='word_1_81' title='bbox 626 1184 983 1230; x_wconf 85' lang='lat' dir='ltr'><strong>numerantur</strong></span> <span class='ocrx_word' id='word_1_82' title='bbox 1030 1190 1256 1239; x_wconf 82' lang='lat' dir='ltr'><strong>omnes;</strong></span> <span class='ocrx_word' id='word_1_83' title='bbox 1293 1175 1361 1229; x_wconf 91' lang='lat' dir='ltr'><strong>de</strong></span> <span class='ocrx_word' id='word_1_84' title='bbox 1390 1174 1551 1244; x_wconf 79' lang='lat' dir='ltr'><strong>cujus</strong></span> <span class='ocrx_word' id='word_1_85' title='bbox 1600 1175 1772 1244; x_wconf 86' lang='lat' dir='ltr'><strong>stirpe</strong></span> <span class='ocrx_word' id='word_1_86' title='bbox 1806 1190 1997 1230; x_wconf 88' lang='lat' dir='ltr'><strong>sacer-</strong></span> 
     </span>
    </p>
   </div>
   <div class='ocr_carea' id='block_1_14' title="bbox 421 1263 1994 1336">
    <p class='ocr_par' dir='ltr' id='par_1_14' title="bbox 421 1263 1994 1336">
     <span class='ocr_line' id='line_1_14' title="bbox 421 1263 1994 1336; baseline 0.003 -19"><span class='ocrx_word' id='word_1_87' title='bbox 421 1263 579 1318; x_wconf 83' lang='lat' dir='ltr'><strong>dotes</strong></span> <span class='ocrx_word' id='word_1_88' title='bbox 608 1265 843 1323; x_wconf 77' lang='lat' dir='ltr'><strong>instituti</strong></span> <span class='ocrx_word' id='word_1_89' title='bbox 888 1275 1017 1321; x_wconf 87' lang='lat' dir='ltr'><strong>sunt</strong></span> <span class='ocrx_word' id='word_1_90' title='bbox 1049 1282 1067 1322; x_wconf 84' lang='lat'><strong>:</strong></span> <span class='ocrx_word' id='word_1_91' title='bbox 1100 1265 1198 1322; x_wconf 85' lang='lat' dir='ltr'><strong>sed</strong></span> <span class='ocrx_word' id='word_1_92' title='bbox 1230 1273 1284 1319; x_wconf 88' lang='lat' dir='ltr'><strong>et</strong></span> <span class='ocrx_word' id='word_1_93' title='bbox 1309 1265 1511 1323; x_wconf 60' lang='lat' dir='ltr'><strong>eaedem</strong></span> <span class='ocrx_word' id='word_1_94' title='bbox 1542 1273 1733 1321; x_wconf 65' lang='lat' dir='ltr'><strong>aetates</strong></span> <span class='ocrx_word' id='word_1_95' title='bbox 1766 1281 1863 1336; x_wconf 90' lang='lat' dir='ltr'><strong>per</strong></span> <span class='ocrx_word' id='word_1_96' title='bbox 1894 1265 1994 1321; x_wconf 86' lang='lat' dir='ltr'><strong>Ju-</strong></span> 
     </span>
    </p>
   </div>
   <div class='ocr_carea' id='block_1_15' title="bbox 419 1355 3294 1431">
    <p class='ocr_par' dir='ltr' id='par_1_15' title="bbox 419 1355 3294 1431">
     <span class='ocr_line' id='line_1_15' title="bbox 419 1355 3294 1431; baseline 0.001 -21"><span class='ocrx_word' id='word_1_97' title='bbox 419 1355 545 1410; x_wconf 87' lang='lat' dir='ltr'><strong>dam</strong></span> <span class='ocrx_word' id='word_1_98' title='bbox 591 1358 815 1430; x_wconf 67' lang='lat' dir='ltr'><strong>digestae</strong></span> <span class='ocrx_word' id='word_1_99' title='bbox 859 1368 1010 1424; x_wconf 87' lang='lat' dir='ltr'><strong>sunt,</strong></span> <span class='ocrx_word' id='word_1_100' title='bbox 1063 1374 1093 1412; x_wconf 82' lang='grc' dir='ltr'><strong>ιι</strong></span> <span class='ocrx_word' id='word_1_101' title='bbox 1141 1374 1251 1430; x_wconf 88' lang='lat' dir='ltr'><strong>quo</strong></span> <span class='ocrx_word' id='word_1_102' title='bbox 1304 1358 1475 1416; x_wconf 85' lang='lat' dir='ltr'><strong>David</strong></span> <span class='ocrx_word' id='word_1_103' title='bbox 1513 1359 1625 1427; x_wconf 92' lang='lat' dir='ltr'><strong>ille,</strong></span> <span class='ocrx_word' id='word_1_104' title='bbox 1659 1358 1751 1430; x_wconf 86' lang='lat' dir='ltr'><strong>qui</strong></span> <span class='ocrx_word' id='word_1_105' title='bbox 1805 1368 1997 1431; x_wconf 88' lang='lat' dir='ltr'><strong>postea</strong></span> <span class='ocrx_word' id='word_1_106' title='bbox 2033 1358 2306 1430; x_wconf 74' lang='lat' dir='ltr'><strong>regnavit,</strong></span> <span class='ocrx_word' id='word_1_107' title='bbox 2364 1356 2634 1413; x_wconf 88' lang='lat' dir='ltr'><strong>oriundus</strong></span> <span class='ocrx_word' id='word_1_108' title='bbox 2695 1358 2819 1414; x_wconf 82' lang='lat' dir='ltr'><strong>fuit.</strong></span> <span class='ocrx_word' id='word_1_109' title='bbox 2904 1359 3117 1413; x_wconf 79' lang='lat' dir='ltr'><strong>Etenim</strong></span> <span class='ocrx_word' id='word_1_110' title='bbox 3164 1358 3294 1414; x_wconf 77' lang='lat' dir='ltr'><strong>Levi</strong></span> 
     </span>
    </p>
   </div>
   <div class='ocr_carea' id='block_1_16' title="bbox 2100 434 3647 515">
    <p class='ocr_par' dir='ltr' id='par_1_16' title="bbox 2100 434 3647 515">
     <span class='ocr_line' id='line_1_16' title="bbox 2100 434 3647 515; baseline 0.005 -25"><span class='ocrx_word' id='word_1_111' title='bbox 2100 457 2189 502; x_wconf 87' lang='grc' dir='ltr'>κις</span> <span class='ocrx_word' id='word_1_112' title='bbox 2213 434 2383 494; x_wconf 83' lang='grc' dir='ltr'>εἷπον.</span> <span class='ocrx_word' id='word_1_113' title='bbox 2418 441 2532 495; x_wconf 88' lang='grc' dir='ltr'><strong>Νῦν</strong></span> <span class='ocrx_word' id='word_1_114' title='bbox 2568 442 2625 495; x_wconf 83' lang='grc' dir='ltr'>δὲ</span> <span class='ocrx_word' id='word_1_115' title='bbox 2651 444 2897 515; x_wconf 84' lang='grc' dir='ltr'>ἀνάγκην</span> <span class='ocrx_word' id='word_1_116' title='bbox 2933 443 3091 515; x_wconf 78' lang='grc' dir='ltr'>ἔσχον</span> <span class='ocrx_word' id='word_1_117' title='bbox 3120 444 3294 498; x_wconf 87' lang='grc' dir='ltr'>ταῦτα</span> <span class='ocrx_word' id='word_1_118' title='bbox 3322 443 3647 512; x_wconf 64' lang='grc' dir='ltr'>δευτερεῦσαι.</span> 
     </span>
    </p>
   </div>
   <div class='ocr_carea' id='block_1_17' title="bbox 2105 531 3649 604">
    <p class='ocr_par' dir='ltr' id='par_1_17' title="bbox 2105 531 3649 604">
     <span class='ocr_line' id='line_1_17' title="bbox 2105 531 3649 604; baseline 0.002 -21"><span class='ocrx_word' id='word_1_119' title='bbox 2105 531 2364 601; x_wconf 82' lang='grc' dir='ltr'><strong>Ἔμειναν</strong></span> <span class='ocrx_word' id='word_1_120' title='bbox 2386 533 2494 603; x_wconf 86' lang='grc' dir='ltr'><strong>γὰρ</strong></span> <span class='ocrx_word' id='word_1_121' title='bbox 2526 533 2633 587; x_wconf 82' lang='grc' dir='ltr'>ἀπὸ</span> <span class='ocrx_word' id='word_1_122' title='bbox 2662 534 2756 587; x_wconf 90' lang='grc' dir='ltr'><strong>τοῦ</strong></span> <span class='ocrx_word' id='word_1_123' title='bbox 2811 534 3003 589; x_wconf 81' lang='grc' dir='ltr'><strong>Ἰακὼϐ</strong></span> <span class='ocrx_word' id='word_1_124' title='bbox 3038 538 3093 589; x_wconf 86' lang='grc' dir='ltr'><strong>αί</strong></span> <span class='ocrx_word' id='word_1_125' title='bbox 3123 535 3307 604; x_wconf 75' lang='grc' dir='ltr'>γενεαὶ</span> <span class='ocrx_word' id='word_1_126' title='bbox 3337 534 3649 604; x_wconf 82' lang='grc' dir='ltr'>ἀριθμούμε-</span> 
     </span>
    </p>
   </div>
   <div class='ocr_carea' id='block_1_18' title="bbox 2102 617 3648 697">
    <p class='ocr_par' dir='ltr' id='par_1_18' title="bbox 2102 617 3648 697">
     <span class='ocr_line' id='line_1_18' title="bbox 2102 617 3648 697; baseline 0.001 -23"><span class='ocrx_word' id='word_1_127' title='bbox 2102 639 2190 675; x_wconf 89' lang='grc' dir='ltr'><strong>ναι</strong></span> <span class='ocrx_word' id='word_1_128' title='bbox 2220 622 2307 676; x_wconf 82' lang='grc' dir='ltr'>διὰ</span> <span class='ocrx_word' id='word_1_129' title='bbox 2340 624 2432 676; x_wconf 89' lang='grc' dir='ltr'><strong>τοῦ</strong></span> <span class='ocrx_word' id='word_1_130' title='bbox 2460 624 2613 687; x_wconf 69' lang='lat' dir='ltr'><strong>Aeni,</strong></span> <span class='ocrx_word' id='word_1_131' title='bbox 2646 625 2703 691; x_wconf 79' lang='grc' dir='ltr'><strong>ἐξ</strong></span> <span class='ocrx_word' id='word_1_132' title='bbox 2743 617 2913 696; x_wconf 72' lang='grc' dir='ltr'>οὗπερ</span> <span class='ocrx_word' id='word_1_133' title='bbox 2950 629 2998 679; x_wconf 89' lang='grc' dir='ltr'>οἱ</span> <span class='ocrx_word' id='word_1_134' title='bbox 3036 628 3198 697; x_wconf 80' lang='grc' dir='ltr'>ἱερεῖς</span> <span class='ocrx_word' id='word_1_135' title='bbox 3239 626 3648 693; x_wconf 72' lang='grc' dir='ltr'>κατεστάθησαν,</span> 
     </span>
    </p>
   </div>
   <div class='ocr_carea' id='block_1_19' title="bbox 2102 710 3651 789">
    <p class='ocr_par' dir='ltr' id='par_1_19' title="bbox 2102 710 3651 789">
     <span class='ocr_line' id='line_1_19' title="bbox 2102 710 3651 789; baseline 0 -22"><span class='ocrx_word' id='word_1_136' title='bbox 2102 714 2198 767; x_wconf 72' lang='grc' dir='ltr'><strong>καὶ</strong></span> <span class='ocrx_word' id='word_1_137' title='bbox 2228 715 2313 768; x_wconf 85' lang='grc' dir='ltr'>διὰ</span> <span class='ocrx_word' id='word_1_138' title='bbox 2352 714 2446 768; x_wconf 90' lang='grc' dir='ltr'><strong>τοῦ</strong></span> <span class='ocrx_word' id='word_1_139' title='bbox 2498 716 2687 782; x_wconf 85' lang='grc' dir='ltr'><strong>Ἰούδα,</strong></span> <span class='ocrx_word' id='word_1_140' title='bbox 2735 718 2794 784; x_wconf 79' lang='grc' dir='ltr'>ἐξ</span> <span class='ocrx_word' id='word_1_141' title='bbox 2837 710 2899 771; x_wconf 78' lang='grc' dir='ltr'><strong>οῦ</strong></span> <span class='ocrx_word' id='word_1_142' title='bbox 2932 717 3069 789; x_wconf 86' lang='grc' dir='ltr'><strong>μετὰ</strong></span> <span class='ocrx_word' id='word_1_143' title='bbox 3103 718 3325 788; x_wconf 87' lang='grc' dir='ltr'>χρόνους</span> <span class='ocrx_word' id='word_1_144' title='bbox 3355 718 3385 768; x_wconf 99' lang='lat'><strong>6</strong></span> <span class='ocrx_word' id='word_1_145' title='bbox 3422 716 3651 784; x_wconf 59' lang='grc' dir='ltr'>βασιλεὺς</span> 
     </span>
    </p>
   </div>
   <div class='ocr_carea' id='block_1_20' title="bbox 2102 800 3651 879">
    <p class='ocr_par' dir='ltr' id='par_1_20' title="bbox 2102 800 3651 879">
     <span class='ocr_line' id='line_1_20' title="bbox 2102 800 3651 879; baseline -0.008 -9"><span class='ocrx_word' id='word_1_146' title='bbox 2102 800 2235 875; x_wconf 74' lang='grc' dir='ltr'>ἦρξε</span> <span class='ocrx_word' id='word_1_147' title='bbox 2267 807 2450 860; x_wconf 75' lang='grc' dir='ltr'>Δαϐίδ.</span> <span class='ocrx_word' id='word_1_148' title='bbox 2490 807 2597 860; x_wconf 81' lang='grc' dir='ltr'>Καὶ</span> <span class='ocrx_word' id='word_1_149' title='bbox 2641 810 2669 861; x_wconf 92' lang='lat'><strong>6</strong></span> <span class='ocrx_word' id='word_1_150' title='bbox 2717 808 2817 879; x_wconf 83' lang='grc' dir='ltr'>μὲν</span> <span class='ocrx_word' id='word_1_151' title='bbox 2846 809 3009 872; x_wconf 81' lang='grc' dir='ltr'><strong>Λευῖς</strong></span> <span class='ocrx_word' id='word_1_152' title='bbox 3046 810 3209 879; x_wconf 81' lang='grc' dir='ltr'>γεννᾷ</span> <span class='ocrx_word' id='word_1_153' title='bbox 3248 808 3340 860; x_wconf 74' lang='grc' dir='ltr'><strong>τὸν</strong></span> <span class='ocrx_word' id='word_1_154' title='bbox 3380 806 3534 860; x_wconf 77' lang='grc' dir='ltr'>Καὰθ</span> <span class='ocrx_word' id='word_1_155' title='bbox 3574 808 3651 858; x_wconf 72' lang='grc' dir='ltr'>καὶ</span> 
     </span>
    </p>
   </div>
   <div class='ocr_carea' id='block_1_21' title="bbox 2101 897 3651 970">
    <p class='ocr_par' dir='ltr' id='par_1_21' title="bbox 2101 897 3651 970">
     <span class='ocr_line' id='line_1_21' title="bbox 2101 897 3651 970; baseline -0.002 -19"><span class='ocrx_word' id='word_1_156' title='bbox 2101 898 2227 958; x_wconf 79' lang='grc' dir='ltr'>τοὺς</span> <span class='ocrx_word' id='word_1_157' title='bbox 2250 897 2457 960; x_wconf 78' lang='grc' dir='ltr'>ἄλλους’</span> <span class='ocrx_word' id='word_1_158' title='bbox 2492 897 2647 951; x_wconf 83' lang='grc' dir='ltr'><strong>Καὰο</strong></span> <span class='ocrx_word' id='word_1_159' title='bbox 2677 900 2841 969; x_wconf 83' lang='grc' dir='ltr'>γεννᾷ</span> <span class='ocrx_word' id='word_1_160' title='bbox 2860 900 2951 953; x_wconf 88' lang='grc' dir='ltr'><strong>τὸν</strong></span> <span class='ocrx_word' id='word_1_161' title='bbox 2988 899 3228 970; x_wconf 70' lang='grc' dir='ltr'>Ἀμράμθ</span> <span class='ocrx_word' id='word_1_162' title='bbox 3261 898 3486 968; x_wconf 81' lang='grc' dir='ltr'>Ἀμρὰμ</span> <span class='ocrx_word' id='word_1_163' title='bbox 3509 900 3651 967; x_wconf 71' lang='grc' dir='ltr'>γεννᾷ</span> 
     </span>
    </p>
   </div>
   <div class='ocr_carea' id='block_1_22' title="bbox 2101 984 3649 1063">
    <p class='ocr_par' dir='ltr' id='par_1_22' title="bbox 2101 984 3649 1063">
     <span class='ocr_line' id='line_1_22' title="bbox 2101 984 3649 1063; baseline 0.001 -25"><span class='ocrx_word' id='word_1_164' title='bbox 2101 986 2191 1039; x_wconf 79' lang='grc' dir='ltr'>τὸν</span> <span class='ocrx_word' id='word_1_165' title='bbox 2211 988 2447 1042; x_wconf 79' lang='grc' dir='ltr'>Μωῦσέα</span> <span class='ocrx_word' id='word_1_166' title='bbox 2470 990 2563 1042; x_wconf 71' lang='grc' dir='ltr'><strong>καὶ</strong></span> <span class='ocrx_word' id='word_1_167' title='bbox 2596 990 2808 1061; x_wconf 82' lang='grc' dir='ltr'>Ἀαρὼν</span> <span class='ocrx_word' id='word_1_168' title='bbox 2827 992 2918 1047; x_wconf 86' lang='grc' dir='ltr'>τὸν</span> <span class='ocrx_word' id='word_1_169' title='bbox 2936 992 3217 1063; x_wconf 75' lang='grc' dir='ltr'><strong>ἀρχιερέα.</strong></span> <span class='ocrx_word' id='word_1_170' title='bbox 3250 984 3419 1052; x_wconf 75' lang='grc' dir='ltr'>Οὗτος</span> <span class='ocrx_word' id='word_1_171' title='bbox 3450 992 3478 1041; x_wconf 88' lang='lat'><strong>6</strong></span> <span class='ocrx_word' id='word_1_172' title='bbox 3511 990 3649 1041; x_wconf 73' lang='grc' dir='ltr'>Μωῦ-</span> 
     </span>
    </p>
   </div>
   <div class='ocr_carea' id='block_1_23' title="bbox 2103 1079 3650 1154">
    <p class='ocr_par' dir='ltr' id='par_1_23' title="bbox 2103 1079 3650 1154">
     <span class='ocr_line' id='line_1_23' title="bbox 2103 1079 3650 1154; baseline 0 -22"><span class='ocrx_word' id='word_1_173' title='bbox 2103 1079 2202 1149; x_wconf 84' lang='grc' dir='ltr'>σῆς</span> <span class='ocrx_word' id='word_1_174' title='bbox 2230 1080 2479 1138; x_wconf 77' lang='grc' dir='ltr'>ἐκϐάλλει</span> <span class='ocrx_word' id='word_1_175' title='bbox 2510 1082 2636 1144; x_wconf 76' lang='grc' dir='ltr'>τοὺς</span> <span class='ocrx_word' id='word_1_176' title='bbox 2670 1084 2817 1146; x_wconf 81' lang='grc' dir='ltr'>υἱοὺς</span> <span class='ocrx_word' id='word_1_177' title='bbox 2852 1083 3066 1154; x_wconf 82' lang='grc' dir='ltr'>Ἰσραὴλ</span> <span class='ocrx_word' id='word_1_178' title='bbox 3092 1084 3150 1137; x_wconf 79' lang='grc' dir='ltr'><strong>ὲν</strong></span> <span class='ocrx_word' id='word_1_179' title='bbox 3182 1082 3414 1153; x_wconf 84' lang='grc' dir='ltr'>δυνάμει</span> <span class='ocrx_word' id='word_1_180' title='bbox 3447 1081 3577 1133; x_wconf 78' lang='grc' dir='ltr'>Θεοῦ</span> <span class='ocrx_word' id='word_1_181' title='bbox 3600 1083 3650 1132; x_wconf 80' lang='grc' dir='ltr'>ἐκ</span> 
     </span>
    </p>
   </div>
   <div class='ocr_carea' id='block_1_24' title="bbox 2101 1171 3653 1245">
    <p class='ocr_par' dir='ltr' id='par_1_24' title="bbox 2101 1171 3653 1245">
     <span class='ocr_line' id='line_1_24' title="bbox 2101 1171 3653 1245; baseline -0.008 -7"><span class='ocrx_word' id='word_1_182' title='bbox 2101 1171 2203 1241; x_wconf 81' lang='grc' dir='ltr'><strong>γῆς</strong></span> <span class='ocrx_word' id='word_1_183' title='bbox 2237 1171 2534 1239; x_wconf 74' lang='grc' dir='ltr'>Αἰγύπτου,</span> <span class='ocrx_word' id='word_1_184' title='bbox 2572 1172 2647 1236; x_wconf 84' lang='grc' dir='ltr'><strong>ὼς</strong></span> <span class='ocrx_word' id='word_1_185' title='bbox 2677 1172 2788 1243; x_wconf 75' lang='grc' dir='ltr'>ἔχει</span> <span class='ocrx_word' id='word_1_186' title='bbox 2823 1176 2858 1245; x_wconf 76' lang='grc' dir='ltr'><strong>ἡ</strong></span> <span class='ocrx_word' id='word_1_187' title='bbox 2886 1174 3114 1245; x_wconf 86' lang='grc' dir='ltr'>δευτέρα</span> <span class='ocrx_word' id='word_1_188' title='bbox 3144 1173 3289 1229; x_wconf 79' lang='grc' dir='ltr'>κατὰ</span> <span class='ocrx_word' id='word_1_189' title='bbox 3319 1174 3423 1245; x_wconf 81' lang='grc' dir='ltr'>τὴν</span> <span class='ocrx_word' id='word_1_190' title='bbox 3450 1172 3653 1243; x_wconf 78' lang='grc' dir='ltr'>νομοθε-</span> 
     </span>
    </p>
   </div>
   <div class='ocr_carea' id='block_1_25' title="bbox 2104 1263 2431 1334">
    <p class='ocr_par' dir='ltr' id='par_1_25' title="bbox 2104 1263 2431 1334">
     <span class='ocr_line' id='line_1_25' title="bbox 2104 1263 2431 1334; baseline 0.006 -19"><span class='ocrx_word' id='word_1_191' title='bbox 2104 1265 2224 1317; x_wconf 87' lang='grc' dir='ltr'>σίαν</span> <span class='ocrx_word' id='word_1_192' title='bbox 2253 1263 2431 1334; x_wconf 77' lang='grc' dir='ltr'>βίϐλος</span> 
     </span>
    </p>
   </div>
   <div class='ocr_carea' id='block_1_26' title="bbox 3372 1372 3652 1421">
    <p class='ocr_par' dir='ltr' id='par_1_26' title="bbox 3372 1372 3652 1421">
     <span class='ocr_line' id='line_1_26' title="bbox 3372 1372 3652 1421; baseline -0.011 -10"><span class='ocrx_word' id='word_1_193' title='bbox 3372 1372 3652 1421; x_wconf 63' lang='lat' dir='ltr'><strong>naatnum,</strong></span> 
     </span>
    </p>
   </div>
   <div class='ocr_carea' id='block_1_27' title="bbox 422 1448 3655 1537">
    <p class='ocr_par' dir='ltr' id='par_1_27' title="bbox 422 1448 3655 1537">
     <span class='ocr_line' id='line_1_27' title="bbox 422 1448 3655 1537; baseline -0 -32"><span class='ocrx_word' id='word_1_194' title='bbox 422 1448 669 1519; x_wconf 86' lang='lat' dir='ltr'><strong>aliosque</strong></span> <span class='ocrx_word' id='word_1_195' title='bbox 690 1450 896 1521; x_wconf 88' lang='lat' dir='ltr'><strong>genuit.</strong></span> <span class='ocrx_word' id='word_1_196' title='bbox 923 1450 1168 1508; x_wconf 83' lang='lat' dir='ltr'><strong>Kaathus</strong></span> <span class='ocrx_word' id='word_1_197' title='bbox 1193 1452 1533 1508; x_wconf 85' lang='lat' dir='ltr'><strong>Amramum.</strong></span> <span class='ocrx_word' id='word_1_198' title='bbox 1568 1453 2000 1537; x_wconf 22' lang='lat' dir='ltr'><strong>ls’Amramus</strong></span> <span class='ocrx_word' id='word_1_199' title='bbox 2033 1452 2279 1524; x_wconf 86' lang='lat' dir='ltr'><strong>Moysen,</strong></span> <span class='ocrx_word' id='word_1_200' title='bbox 2311 1460 2365 1506; x_wconf 91' lang='lat' dir='ltr'><strong>et</strong></span> <span class='ocrx_word' id='word_1_201' title='bbox 2402 1452 2675 1507; x_wconf 84' lang='lat' dir='ltr'><strong>Aaronem</strong></span> <span class='ocrx_word' id='word_1_202' title='bbox 2715 1450 3048 1521; x_wconf 81' lang='lat' dir='ltr'><strong>pontiﬁcem.</strong></span> <span class='ocrx_word' id='word_1_203' title='bbox 3078 1450 3197 1505; x_wconf 81' lang='lat' dir='ltr'><strong>Jam</strong></span> <span class='ocrx_word' id='word_1_204' title='bbox 3262 1465 3394 1506; x_wconf 84' lang='lat' dir='ltr'><strong>vero</strong></span> <span class='ocrx_word' id='word_1_205' title='bbox 3453 1450 3655 1520; x_wconf 68' lang='lat' dir='ltr'><strong>Moyses</strong></span> 
     </span>
    </p>
   </div>
   <div class='ocr_carea' id='block_1_28' title="bbox 417 1538 3268 1612">
    <p class='ocr_par' dir='ltr' id='par_1_28' title="bbox 417 1538 3268 1612">
     <span class='ocr_line' id='line_1_28' title="bbox 417 1538 3268 1612; baseline 0.002 -22"><span class='ocrx_word' id='word_1_206' title='bbox 417 1539 693 1595; x_wconf 89' lang='lat' dir='ltr'><strong>lsraelitas</strong></span> <span class='ocrx_word' id='word_1_207' title='bbox 721 1539 906 1595; x_wconf 89' lang='lat' dir='ltr'><strong>divina</strong></span> <span class='ocrx_word' id='word_1_208' title='bbox 932 1541 985 1595; x_wconf 82' lang='lat' dir='ltr'><strong>vi</strong></span> <span class='ocrx_word' id='word_1_209' title='bbox 1016 1539 1190 1595; x_wconf 77' lang='lat' dir='ltr'><strong>fretus</strong></span> <span class='ocrx_word' id='word_1_210' title='bbox 1237 1556 1304 1596; x_wconf 82' lang='lat' dir='ltr'><strong>ex</strong></span> <span class='ocrx_word' id='word_1_211' title='bbox 1336 1538 1576 1612; x_wconf 59' lang='lat' dir='ltr'><strong>)Egypto</strong></span> <span class='ocrx_word' id='word_1_212' title='bbox 1624 1542 1893 1607; x_wconf 83' lang='lat' dir='ltr'><strong>traduxit,</strong></span> <span class='ocrx_word' id='word_1_213' title='bbox 1928 1552 1987 1595; x_wconf 92' lang='lat' dir='ltr'><strong>ut</strong></span> <span class='ocrx_word' id='word_1_214' title='bbox 2022 1542 2078 1595; x_wconf 92' lang='lat' dir='ltr'><strong>in</strong></span> <span class='ocrx_word' id='word_1_215' title='bbox 2107 1540 2352 1597; x_wconf 87' lang='lat' dir='ltr'><strong>secundo</strong></span> <span class='ocrx_word' id='word_1_216' title='bbox 2377 1540 2513 1611; x_wconf 81' lang='lat' dir='ltr'><strong>legis</strong></span> <span class='ocrx_word' id='word_1_217' title='bbox 2546 1540 2824 1596; x_wconf 88' lang='lat' dir='ltr'><strong>volumine</strong></span> <span class='ocrx_word' id='word_1_218' title='bbox 2860 1542 3124 1610; x_wconf 89' lang='lat' dir='ltr'><strong>scriptum</strong></span> <span class='ocrx_word' id='word_1_219' title='bbox 3162 1549 3268 1596; x_wconf 89' lang='lat' dir='ltr'><strong>est.</strong></span> 
     </span>
    </p>
   </div>
   <div class='ocr_carea' id='block_1_29' title="bbox 490 1627 1972 1702">
    <p class='ocr_par' dir='ltr' id='par_1_29' title="bbox 490 1629 1972 1702">
     <span class='ocr_line' id='line_1_29' title="bbox 490 1629 1972 1702; baseline 0.004 -21"><span class='ocrx_word' id='word_1_220' title='bbox 490 1629 553 1685; x_wconf 83' lang='lat' dir='ltr'><strong>V.</strong></span> <span class='ocrx_word' id='word_1_221' title='bbox 610 1630 877 1685; x_wconf 63' lang='lat' dir='ltr'><strong>Caeterum</strong></span> <span class='ocrx_word' id='word_1_222' title='bbox 934 1631 1210 1701; x_wconf 88' lang='lat' dir='ltr'><strong>quodnam</strong></span> <span class='ocrx_word' id='word_1_223' title='bbox 1262 1632 1331 1688; x_wconf 87' lang='lat' dir='ltr'><strong>ad</strong></span> <span class='ocrx_word' id='word_1_224' title='bbox 1386 1632 1492 1687; x_wconf 92' lang='lat' dir='ltr'><strong>hoc</strong></span> <span class='ocrx_word' id='word_1_225' title='bbox 1548 1638 1766 1702; x_wconf 82' lang='lat' dir='ltr'><strong>tempus</strong></span> <span class='ocrx_word' id='word_1_226' title='bbox 1824 1632 1972 1687; x_wconf 57' lang='lat' dir='ltr'><strong>fueri‘</strong></span> 
     </span>
    </p>
   </div>
   <div class='ocr_carea' id='block_1_30' title="bbox 2169 1627 3651 1702">
    <p class='ocr_par' dir='ltr' id='par_1_30' title="bbox 2169 1627 3651 1702">
     <span class='ocr_line' id='line_1_30' title="bbox 2169 1627 3651 1702; baseline -0.001 -18"><span class='ocrx_word' id='word_1_227' title='bbox 2169 1628 2237 1684; x_wconf 86' lang='lat' dir='ltr'><strong>E&#39;.</strong></span> <span class='ocrx_word' id='word_1_228' title='bbox 2267 1631 2330 1683; x_wconf 81' lang='grc' dir='ltr'><strong>Τί</strong></span> <span class='ocrx_word' id='word_1_229' title='bbox 2362 1630 2542 1701; x_wconf 81' lang='grc' dir='ltr'>μέντοι</span> <span class='ocrx_word' id='word_1_230' title='bbox 2578 1648 2639 1699; x_wconf 91' lang='grc' dir='ltr'><strong>γε</strong></span> <span class='ocrx_word' id='word_1_231' title='bbox 2667 1627 2733 1701; x_wconf 77' lang='grc' dir='ltr'>ἦν</span> <span class='ocrx_word' id='word_1_232' title='bbox 2762 1633 2794 1702; x_wconf 82' lang='grc' dir='ltr'><strong>ἡ</strong></span> <span class='ocrx_word' id='word_1_233' title='bbox 2835 1631 2942 1684; x_wconf 83' lang='grc' dir='ltr'><strong>τῶν</strong></span> <span class='ocrx_word' id='word_1_234' title='bbox 2976 1631 3108 1684; x_wconf 83' lang='grc' dir='ltr'>υἱῶν</span> <span class='ocrx_word' id='word_1_235' title='bbox 3150 1630 3369 1702; x_wconf 78' lang='grc' dir='ltr'>Ἰσραὴλ</span> <span class='ocrx_word' id='word_1_236' title='bbox 3399 1630 3651 1693; x_wconf 78' lang='grc' dir='ltr'>πολιτεία,</span> 
     </span>
    </p>
   </div>
   <div class='ocr_carea' id='block_1_31' title="bbox 420 1718 1993 1791">
    <p class='ocr_par' dir='ltr' id='par_1_31' title="bbox 420 1718 1993 1791">
     <span class='ocr_line' id='line_1_31' title="bbox 420 1718 1993 1791; baseline 0.002 -18"><span class='ocrx_word' id='word_1_237' title='bbox 420 1718 794 1773; x_wconf 85' lang='lat' dir='ltr'><strong>lsraelitarum</strong></span> <span class='ocrx_word' id='word_1_238' title='bbox 846 1718 971 1773; x_wconf 67' lang='lat' dir='ltr'><strong>vita:</strong></span> <span class='ocrx_word' id='word_1_239' title='bbox 1009 1734 1182 1789; x_wconf 86' lang='lat' dir='ltr'><strong>genus</strong></span> <span class='ocrx_word' id='word_1_240' title='bbox 1212 1728 1381 1791; x_wconf 89' lang='lat' dir='ltr'><strong>atque</strong></span> <span class='ocrx_word' id='word_1_241' title='bbox 1427 1721 1766 1787; x_wconf 84' lang='lat' dir='ltr'><strong>institutum,</strong></span> <span class='ocrx_word' id='word_1_242' title='bbox 1810 1721 1993 1776; x_wconf 91' lang='lat' dir='ltr'><strong>decla-</strong></span> 
     </span>
    </p>
   </div>
   <div class='ocr_carea' id='block_1_32' title="bbox 421 1810 1993 1883">
    <p class='ocr_par' dir='ltr' id='par_1_32' title="bbox 421 1810 1993 1883">
     <span class='ocr_line' id='line_1_32' title="bbox 421 1810 1993 1883; baseline 0.005 -22"><span class='ocrx_word' id='word_1_243' title='bbox 421 1826 545 1865; x_wconf 85' lang='lat' dir='ltr'><strong>rare</strong></span> <span class='ocrx_word' id='word_1_244' title='bbox 561 1810 736 1865; x_wconf 80' lang='lat' dir='ltr'><strong>~faci|e</strong></span> <span class='ocrx_word' id='word_1_245' title='bbox 757 1825 921 1869; x_wconf 84' lang='lat' dir='ltr'><strong>nemo</strong></span> <span class='ocrx_word' id='word_1_246' title='bbox 940 1818 1142 1881; x_wconf 88' lang='lat' dir='ltr'><strong>potest,</strong></span> <span class='ocrx_word' id='word_1_247' title='bbox 1180 1812 1283 1867; x_wconf 86' lang='lat' dir='ltr'><strong>nisi</strong></span> <span class='ocrx_word' id='word_1_248' title='bbox 1324 1812 1458 1867; x_wconf 89' lang='lat' dir='ltr'><strong>illud</strong></span> <span class='ocrx_word' id='word_1_249' title='bbox 1481 1813 1789 1879; x_wconf 75' lang='lat' dir='ltr'><strong>duntaxat;</strong></span> <span class='ocrx_word' id='word_1_250' title='bbox 1815 1814 1993 1883; x_wconf 85' lang='lat' dir='ltr'><strong>legiti-</strong></span> 
     </span>
    </p>
   </div>
   <div class='ocr_carea' id='block_1_33' title="bbox 419 1898 1993 1969">
    <p class='ocr_par' dir='ltr' id='par_1_33' title="bbox 419 1898 1993 1969">
     <span class='ocr_line' id='line_1_33' title="bbox 419 1898 1993 1969; baseline 0.004 -17"><span class='ocrx_word' id='word_1_251' title='bbox 419 1913 569 1952; x_wconf 90' lang='lat' dir='ltr'><strong>mum</strong></span> <span class='ocrx_word' id='word_1_252' title='bbox 598 1898 742 1969; x_wconf 90' lang='lat' dir='ltr'><strong>apud</strong></span> <span class='ocrx_word' id='word_1_253' title='bbox 773 1915 867 1954; x_wconf 90' lang='lat' dir='ltr'><strong>eos</strong></span> <span class='ocrx_word' id='word_1_254' title='bbox 898 1900 1069 1956; x_wconf 89' lang='lat' dir='ltr'><strong>divini</strong></span> <span class='ocrx_word' id='word_1_255' title='bbox 1095 1901 1336 1958; x_wconf 91' lang='lat' dir='ltr'><strong>numinis</strong></span> <span class='ocrx_word' id='word_1_256' title='bbox 1369 1903 1579 1957; x_wconf 89' lang='lat' dir='ltr'><strong>cultum</strong></span> <span class='ocrx_word' id='word_1_257' title='bbox 1609 1919 1733 1958; x_wconf 92' lang='lat' dir='ltr'><strong>cum</strong></span> <span class='ocrx_word' id='word_1_258' title='bbox 1757 1905 1993 1959; x_wconf 56' lang='lat' dir='ltr'><strong>circum-</strong></span> 
     </span>
    </p>
   </div>
   <div class='ocr_carea' id='block_1_34' title="bbox 418 1988 1994 2061">
    <p class='ocr_par' dir='ltr' id='par_1_34' title="bbox 418 1988 1994 2061">
     <span class='ocr_line' id='line_1_34' title="bbox 418 1988 1994 2061; baseline 0.003 -21"><span class='ocrx_word' id='word_1_259' title='bbox 418 1988 628 2044; x_wconf 82' lang='lat' dir='ltr'><strong>cisione</strong></span> <span class='ocrx_word' id='word_1_260' title='bbox 652 1988 915 2059; x_wconf 76' lang='lat' dir='ltr'><strong>viguisse.</strong></span> <span class='ocrx_word' id='word_1_261' title='bbox 940 1988 1178 2045; x_wconf 87' lang='lat' dir='ltr'><strong>Tametsi</strong></span> <span class='ocrx_word' id='word_1_262' title='bbox 1213 1990 1480 2060; x_wconf 87' lang='lat' dir='ltr'><strong>scriptum</strong></span> <span class='ocrx_word' id='word_1_263' title='bbox 1501 1999 1585 2047; x_wconf 90' lang='lat' dir='ltr'><strong>est</strong></span> <span class='ocrx_word' id='word_1_264' title='bbox 1603 1994 1619 2023; x_wconf 78' lang='grc'>⁸</span> <span class='ocrx_word' id='word_1_265' title='bbox 1658 1991 1994 2061; x_wconf 88' lang='lat' dir='ltr'><strong>multiplica-</strong></span> 
     </span>
    </p>
   </div>
   <div class='ocr_carea' id='block_1_35' title="bbox 419 2078 1994 2151">
    <p class='ocr_par' dir='ltr' id='par_1_35' title="bbox 419 2078 1994 2151">
     <span class='ocr_line' id='line_1_35' title="bbox 419 2078 1994 2151; baseline 0.004 -22"><span class='ocrx_word' id='word_1_266' title='bbox 419 2087 506 2134; x_wconf 84' lang='lat' dir='ltr'><strong>tos</strong></span> <span class='ocrx_word' id='word_1_267' title='bbox 541 2079 595 2132; x_wconf 90' lang='lat' dir='ltr'><strong>in</strong></span> <span class='ocrx_word' id='word_1_268' title='bbox 630 2078 868 2150; x_wconf 68' lang='lat' dir='ltr'><strong>Aigypto</strong></span> <span class='ocrx_word' id='word_1_269' title='bbox 899 2079 1118 2135; x_wconf 90' lang='lat' dir='ltr'><strong>lsraelis</strong></span> <span class='ocrx_word' id='word_1_270' title='bbox 1142 2080 1377 2145; x_wconf 76' lang='lat' dir='ltr'><strong>filios,et</strong></span> <span class='ocrx_word' id='word_1_271' title='bbox 1401 2096 1512 2150; x_wconf 86' lang='lat' dir='ltr'><strong>prae</strong></span> <span class='ocrx_word' id='word_1_272' title='bbox 1532 2081 1848 2151; x_wconf 90' lang='lat' dir='ltr'><strong>copia-viles</strong></span> <span class='ocrx_word' id='word_1_273' title='bbox 1871 2097 1994 2136; x_wconf 90' lang='lat' dir='ltr'><strong>esse</strong></span> 
     </span>
    </p>
   </div>
   <div class='ocr_carea' id='block_1_36' title="bbox 418 2168 1991 2247">
    <p class='ocr_par' dir='ltr' id='par_1_36' title="bbox 418 2168 1991 2247">
     <span class='ocr_line' id='line_1_36' title="bbox 418 2168 1991 2247; baseline 0.003 -26"><span class='ocrx_word' id='word_1_274' title='bbox 418 2169 616 2226; x_wconf 81' lang='lat' dir='ltr'><strong>factos.</strong></span> <span class='ocrx_word' id='word_1_275' title='bbox 651 2168 933 2247; x_wconf 86' lang='lat' dir='ltr'><strong>Siquidem</strong></span> <span class='ocrx_word' id='word_1_276' title='bbox 974 2170 1436 2241; x_wconf 74' lang='lat' dir='ltr'><strong>peregrinationis</strong></span> <span class='ocrx_word' id='word_1_277' title='bbox 1490 2170 1584 2223; x_wconf 90' lang='lat' dir='ltr'><strong>illa</strong></span> <span class='ocrx_word' id='word_1_278' title='bbox 1631 2171 1991 2237; x_wconf 87' lang='lat' dir='ltr'><strong>diuturnitas,</strong></span> 
     </span>
    </p>
   </div>
   <div class='ocr_carea' id='block_1_37' title="bbox 420 2261 1992 2333">
    <p class='ocr_par' dir='ltr' id='par_1_37' title="bbox 420 2261 1992 2333">
     <span class='ocr_line' id='line_1_37' title="bbox 420 2261 1992 2333; baseline 0.001 -19"><span class='ocrx_word' id='word_1_279' title='bbox 420 2261 951 2331; x_wconf 84' lang='lat' dir='ltr'><strong>consuetudinisque</strong></span> <span class='ocrx_word' id='word_1_280' title='bbox 984 2277 1109 2315; x_wconf 92' lang='lat' dir='ltr'><strong>cum</strong></span> <span class='ocrx_word' id='word_1_281' title='bbox 1153 2262 1399 2317; x_wconf 81' lang='lat' dir='ltr'><strong>externis</strong></span> <span class='ocrx_word' id='word_1_282' title='bbox 1447 2277 1545 2331; x_wconf 87' lang='lat' dir='ltr'><strong>per</strong></span> <span class='ocrx_word' id='word_1_283' title='bbox 1578 2277 1768 2317; x_wconf 83' lang='lat' dir='ltr'><strong>eorum</strong></span> <span class='ocrx_word' id='word_1_284' title='bbox 1814 2261 1992 2333; x_wconf 85' lang='lat' dir='ltr'><strong>negli-</strong></span> 
     </span>
    </p>
   </div>
   <div class='ocr_carea' id='block_1_38' title="bbox 420 2352 1995 2425">
    <p class='ocr_par' dir='ltr' id='par_1_38' title="bbox 420 2352 1995 2425">
     <span class='ocr_line' id='line_1_38' title="bbox 420 2352 1995 2425; baseline 0.002 -20"><span class='ocrx_word' id='word_1_285' title='bbox 420 2352 659 2421; x_wconf 82' lang='lat' dir='ltr'><strong>gentiam</strong></span> <span class='ocrx_word' id='word_1_286' title='bbox 698 2353 764 2407; x_wconf 90' lang='lat' dir='ltr'><strong>ad</strong></span> <span class='ocrx_word' id='word_1_287' title='bbox 792 2354 938 2409; x_wconf 88' lang='lat' dir='ltr'><strong>illam</strong></span> <span class='ocrx_word' id='word_1_288' title='bbox 962 2369 1057 2410; x_wconf 88' lang='lat' dir='ltr'><strong>eos</strong></span> <span class='ocrx_word' id='word_1_289' title='bbox 1084 2353 1347 2408; x_wconf 81' lang='lat' dir='ltr'><strong>vilitatem</strong></span> <span class='ocrx_word' id='word_1_290' title='bbox 1396 2353 1613 2422; x_wconf 88' lang='lat' dir='ltr'><strong>abjecit.</strong></span> <span class='ocrx_word' id='word_1_291' title='bbox 1640 2352 1841 2408; x_wconf 79' lang='lat' dir='ltr'><strong>Verum</strong></span> <span class='ocrx_word' id='word_1_292' title='bbox 1869 2354 1995 2425; x_wconf 87' lang='lat' dir='ltr'><strong>qui-</strong></span> 
     </span>
    </p>
   </div>
   <div class='ocr_carea' id='block_1_39' title="bbox 422 2442 1994 2513">
    <p class='ocr_par' dir='ltr' id='par_1_39' title="bbox 422 2442 1994 2513">
     <span class='ocr_line' id='line_1_39' title="bbox 422 2442 1994 2513; baseline 0.002 -19"><span class='ocrx_word' id='word_1_293' title='bbox 422 2444 525 2495; x_wconf 90' lang='lat' dir='ltr'><strong>bus</strong></span> <span class='ocrx_word' id='word_1_294' title='bbox 555 2442 693 2497; x_wconf 87' lang='lat' dir='ltr'><strong>cibis</strong></span> <span class='ocrx_word' id='word_1_295' title='bbox 719 2442 801 2497; x_wconf 81' lang='lat' dir='ltr'><strong>fas</strong></span> <span class='ocrx_word' id='word_1_296' title='bbox 827 2451 973 2499; x_wconf 87' lang='lat' dir='ltr'><strong>esset</strong></span> <span class='ocrx_word' id='word_1_297' title='bbox 1024 2444 1124 2506; x_wconf 90' lang='lat' dir='ltr'><strong>uti,</strong></span> <span class='ocrx_word' id='word_1_298' title='bbox 1152 2451 1246 2497; x_wconf 91' lang='lat' dir='ltr'><strong>aut</strong></span> <span class='ocrx_word' id='word_1_299' title='bbox 1300 2458 1329 2497; x_wconf 92' lang='lat' dir='ltr'><strong>a</strong></span> <span class='ocrx_word' id='word_1_300' title='bbox 1357 2443 1556 2513; x_wconf 87' lang='lat' dir='ltr'><strong>quibus</strong></span> <span class='ocrx_word' id='word_1_301' title='bbox 1608 2444 1994 2499; x_wconf 88' lang='lat' dir='ltr'><strong>abstinendum</strong></span> 
     </span>
    </p>
   </div>
   <div class='ocr_carea' id='block_1_40' title="bbox 420 2533 1994 2607">
    <p class='ocr_par' dir='ltr' id='par_1_40' title="bbox 420 2533 1994 2607">
     <span class='ocr_line' id='line_1_40' title="bbox 420 2533 1994 2607; baseline 0.003 -20"><span class='ocrx_word' id='word_1_302' title='bbox 420 2533 589 2601; x_wconf 84' lang='lat' dir='ltr'><strong>foret;</strong></span> <span class='ocrx_word' id='word_1_303' title='bbox 618 2544 924 2605; x_wconf 72' lang='lat' dir='ltr'><strong>cmteraque</strong></span> <span class='ocrx_word' id='word_1_304' title='bbox 955 2537 1139 2591; x_wconf 92' lang='lat' dir='ltr'><strong>omnia</strong></span> <span class='ocrx_word' id='word_1_305' title='bbox 1164 2552 1286 2606; x_wconf 74' lang='lat' dir='ltr'><strong>qua:</strong></span> <span class='ocrx_word' id='word_1_306' title='bbox 1315 2553 1382 2591; x_wconf 80' lang='lat' dir='ltr'><strong>ex</strong></span> <span class='ocrx_word' id='word_1_307' title='bbox 1429 2537 1566 2607; x_wconf 86' lang='lat' dir='ltr'><strong>legis</strong></span> <span class='ocrx_word' id='word_1_308' title='bbox 1617 2546 1806 2607; x_wconf 89' lang='lat' dir='ltr'><strong>postea</strong></span> <span class='ocrx_word' id='word_1_309' title='bbox 1851 2553 1994 2607; x_wconf 69' lang='lat' dir='ltr'><strong>prte-</strong></span> 
     </span>
    </p>
   </div>
   <div class='ocr_carea' id='block_1_41' title="bbox 420 2626 1995 2696">
    <p class='ocr_par' dir='ltr' id='par_1_41' title="bbox 420 2626 1995 2696">
     <span class='ocr_line' id='line_1_41' title="bbox 420 2626 1995 2696; baseline 0 -13"><span class='ocrx_word' id='word_1_310' title='bbox 420 2627 632 2696; x_wconf 84' lang='lat' dir='ltr'><strong>scripto</strong></span> <span class='ocrx_word' id='word_1_311' title='bbox 686 2626 955 2681; x_wconf 88' lang='lat' dir='ltr'><strong>servanda</strong></span> <span class='ocrx_word' id='word_1_312' title='bbox 998 2626 1284 2696; x_wconf 89' lang='lat' dir='ltr'><strong>proposita</strong></span> <span class='ocrx_word' id='word_1_313' title='bbox 1344 2635 1495 2689; x_wconf 89' lang='lat' dir='ltr'><strong>sunt,</strong></span> <span class='ocrx_word' id='word_1_314' title='bbox 1552 2626 1796 2682; x_wconf 89' lang='lat' dir='ltr'><strong>nondum</strong></span> <span class='ocrx_word' id='word_1_315' title='bbox 1850 2627 1995 2684; x_wconf 89' lang='lat' dir='ltr'><strong>Deus</strong></span> 
     </span>
    </p>
   </div>
   <div class='ocr_carea' id='block_1_42' title="bbox 421 2716 1995 2790">
    <p class='ocr_par' dir='ltr' id='par_1_42' title="bbox 421 2716 1995 2790">
     <span class='ocr_line' id='line_1_42' title="bbox 421 2716 1995 2790; baseline 0.002 -17"><span class='ocrx_word' id='word_1_316' title='bbox 421 2726 607 2789; x_wconf 87' lang='lat' dir='ltr'><strong>aperte</strong></span> <span class='ocrx_word' id='word_1_317' title='bbox 636 2718 997 2789; x_wconf 80' lang='lat' dir='ltr'><strong>signiticarat.</strong></span> <span class='ocrx_word' id='word_1_318' title='bbox 1045 2716 1411 2788; x_wconf 86' lang='lat' dir='ltr'><strong>Posteaquam</strong></span> <span class='ocrx_word' id='word_1_319' title='bbox 1467 2734 1601 2773; x_wconf 89' lang='lat' dir='ltr'><strong>vero</strong></span> <span class='ocrx_word' id='word_1_320' title='bbox 1652 2735 1717 2774; x_wconf 80' lang='lat' dir='ltr'><strong>ex</strong></span> <span class='ocrx_word' id='word_1_321' title='bbox 1757 2717 1995 2790; x_wconf 61' lang='lat' dir='ltr'><strong>IEgypto</strong></span> 
     </span>
    </p>
   </div>
   <div class='ocr_carea' id='block_1_43' title="bbox 419 2809 1997 2881">
    <p class='ocr_par' dir='ltr' id='par_1_43' title="bbox 419 2809 1997 2881">
     <span class='ocr_line' id='line_1_43' title="bbox 419 2809 1997 2881; baseline 0.003 -18"><span class='ocrx_word' id='word_1_322' title='bbox 419 2809 655 2878; x_wconf 88' lang='lat' dir='ltr'><strong>digressi</strong></span> <span class='ocrx_word' id='word_1_323' title='bbox 685 2818 838 2875; x_wconf 91' lang='lat' dir='ltr'><strong>sunt,</strong></span> <span class='ocrx_word' id='word_1_324' title='bbox 888 2824 1034 2864; x_wconf 89' lang='lat' dir='ltr'><strong>anno</strong></span> <span class='ocrx_word' id='word_1_325' title='bbox 1078 2810 1441 2881; x_wconf 80' lang='lat' dir='ltr'><strong>profectionis</strong></span> <span class='ocrx_word' id='word_1_326' title='bbox 1470 2810 1733 2875; x_wconf 89' lang='lat' dir='ltr'><strong>secundo,</strong></span> <span class='ocrx_word' id='word_1_327' title='bbox 1766 2811 1854 2867; x_wconf 79' lang='lat' dir='ltr'><strong>lex</strong></span> <span class='ocrx_word' id='word_1_328' title='bbox 1885 2812 1997 2867; x_wconf 86' lang='lat' dir='ltr'><strong>illis</strong></span> 
     </span>
    </p>
   </div>
   <div class='ocr_carea' id='block_1_44' title="bbox 419 2899 1997 2971">
    <p class='ocr_par' dir='ltr' id='par_1_44' title="bbox 419 2899 1997 2971">
     <span class='ocr_line' id='line_1_44' title="bbox 419 2899 1997 2971; baseline 0 -16"><span class='ocrx_word' id='word_1_329' title='bbox 419 2918 451 2955; x_wconf 88' lang='lat' dir='ltr'><strong>a</strong></span> <span class='ocrx_word' id='word_1_330' title='bbox 477 2901 585 2955; x_wconf 82' lang='lat' dir='ltr'><strong>Deo</strong></span> <span class='ocrx_word' id='word_1_331' title='bbox 616 2902 914 2969; x_wconf 88' lang='lat' dir='ltr'><strong>interprete</strong></span> <span class='ocrx_word' id='word_1_332' title='bbox 939 2899 1088 2954; x_wconf 78' lang='lat' dir='ltr'><strong>Mose</strong></span> <span class='ocrx_word' id='word_1_333' title='bbox 1117 2900 1376 2953; x_wconf 89' lang='lat' dir='ltr'><strong>traditur.</strong></span> <span class='ocrx_word' id='word_1_334' title='bbox 1418 2900 1550 2964; x_wconf 70' lang='lat' dir='ltr'><strong>Quae</strong></span> <span class='ocrx_word' id='word_1_335' title='bbox 1582 2900 1862 2971; x_wconf 67' lang='lat' dir='ltr'><strong>paedagogi</strong></span> <span class='ocrx_word' id='word_1_336' title='bbox 1913 2902 1997 2955; x_wconf 83' lang='lat' dir='ltr'><strong>vi-</strong></span> 
     </span>
    </p>
   </div>
   <div class='ocr_carea' id='block_1_45' title="bbox 2094 1721 3655 1792">
    <p class='ocr_par' dir='ltr' id='par_1_45' title="bbox 2094 1721 3655 1792">
     <span class='ocr_line' id='line_1_45' title="bbox 2094 1721 3655 1792; baseline -0.001 -18"><span class='ocrx_word' id='word_1_337' title='bbox 2094 1722 2221 1791; x_wconf 83' lang='grc' dir='ltr'><strong>ἇχρι</strong></span> <span class='ocrx_word' id='word_1_338' title='bbox 2244 1721 2431 1775; x_wconf 87' lang='grc' dir='ltr'>τούτου</span> <span class='ocrx_word' id='word_1_339' title='bbox 2458 1721 2550 1779; x_wconf 79' lang='grc' dir='ltr'><strong>τοῦ</strong></span> <span class='ocrx_word' id='word_1_340' title='bbox 2584 1722 2775 1792; x_wconf 79' lang='grc' dir='ltr'>χρόνου</span> <span class='ocrx_word' id='word_1_341' title='bbox 2810 1723 2869 1774; x_wconf 86' lang='grc' dir='ltr'><strong>ού</strong></span> <span class='ocrx_word' id='word_1_342' title='bbox 2888 1723 3050 1779; x_wconf 74' lang='grc' dir='ltr'>,πάνυ</span> <span class='ocrx_word' id='word_1_343' title='bbox 3091 1722 3276 1792; x_wconf 73' lang='grc' dir='ltr'>σαφῶς</span> <span class='ocrx_word' id='word_1_344' title='bbox 3308 1723 3453 1776; x_wconf 78' lang='grc' dir='ltr'>κατὰ</span> <span class='ocrx_word' id='word_1_345' title='bbox 3478 1722 3542 1773; x_wconf 71' lang='grc' dir='ltr'>τὸ</span> <span class='ocrx_word' id='word_1_346' title='bbox 3566 1740 3655 1787; x_wconf 74' lang='grc' dir='ltr'><strong>φα-</strong></span> 
     </span>
    </p>
   </div>
   <div class='ocr_carea' id='block_1_46' title="bbox 2095 1811 3656 1883">
    <p class='ocr_par' dir='ltr' id='par_1_46' title="bbox 2095 1811 3656 1883">
     <span class='ocr_line' id='line_1_46' title="bbox 2095 1811 3656 1883; baseline -0.001 -18"><span class='ocrx_word' id='word_1_347' title='bbox 2095 1811 2395 1883; x_wconf 85' lang='grc' dir='ltr'>νερώτατον</span> <span class='ocrx_word' id='word_1_348' title='bbox 2426 1812 2572 1865; x_wconf 74' lang='grc' dir='ltr'>ἔστιν</span> <span class='ocrx_word' id='word_1_349' title='bbox 2610 1814 2803 1877; x_wconf 70' lang='grc' dir='ltr'>εἰπεῖν,</span> <span class='ocrx_word' id='word_1_350' title='bbox 2839 1814 2871 1883; x_wconf 79' lang='grc' dir='ltr'>ἢ</span> <span class='ocrx_word' id='word_1_351' title='bbox 2902 1813 3060 1883; x_wconf 89' lang='grc' dir='ltr'>μόνον</span> <span class='ocrx_word' id='word_1_352' title='bbox 3084 1814 3165 1866; x_wconf 82' lang='grc' dir='ltr'>ὄτι</span> <span class='ocrx_word' id='word_1_353' title='bbox 3195 1816 3251 1866; x_wconf 78' lang='grc' dir='ltr'>ἐν</span> <span class='ocrx_word' id='word_1_354' title='bbox 3279 1812 3559 1881; x_wconf 68' lang='grc' dir='ltr'>θεοσεϐείᾳ</span> <span class='ocrx_word' id='word_1_355' title='bbox 3578 1812 3656 1864; x_wconf 77' lang='grc' dir='ltr'><strong>καὶ</strong></span> 
     </span>
    </p>
   </div>
   <div class='ocr_carea' id='block_1_47' title="bbox 2096 1902 3657 1974">
    <p class='ocr_par' dir='ltr' id='par_1_47' title="bbox 2096 1902 3657 1974">
     <span class='ocr_line' id='line_1_47' title="bbox 2096 1902 3657 1974; baseline -0.006 -19"><span class='ocrx_word' id='word_1_356' title='bbox 2096 1906 2366 1974; x_wconf 82' lang='grc' dir='ltr'><strong>περιτομῇ</strong></span> <span class='ocrx_word' id='word_1_357' title='bbox 2414 1903 2680 1973; x_wconf 71' lang='grc' dir='ltr'>ὑπῆρχον.</span> <span class='ocrx_word' id='word_1_358' title='bbox 2730 1903 2793 1956; x_wconf 81' lang='lat' dir='ltr'><strong>Ei</strong></span> <span class='ocrx_word' id='word_1_359' title='bbox 2832 1904 2925 1956; x_wconf 76' lang='grc' dir='ltr'>καὶ</span> <span class='ocrx_word' id='word_1_360' title='bbox 2970 1903 3301 1973; x_wconf 84' lang='grc' dir='ltr'>γέγραπται,</span> <span class='ocrx_word' id='word_1_361' title='bbox 3334 1904 3417 1956; x_wconf 78' lang='grc' dir='ltr'><strong>ὅτι</strong></span> <span class='ocrx_word' id='word_1_362' title='bbox 3473 1902 3657 1972; x_wconf 66' lang='grc' dir='ltr'>Ἐπλη-</span> 
     </span>
    </p>
   </div>
   <div class='ocr_carea' id='block_1_48' title="bbox 2097 1992 3658 2065">
    <p class='ocr_par' dir='ltr' id='par_1_48' title="bbox 2097 1992 3658 2065">
     <span class='ocr_line' id='line_1_48' title="bbox 2097 1992 3658 2065; baseline -0.002 -18"><span class='ocrx_word' id='word_1_363' title='bbox 2097 1992 2368 2063; x_wconf 86' lang='grc' dir='ltr'>θύνθησαν</span> <span class='ocrx_word' id='word_1_364' title='bbox 2418 1996 2476 2047; x_wconf 82' lang='grc' dir='ltr'>ὲν</span> <span class='ocrx_word' id='word_1_365' title='bbox 2532 1996 2602 2065; x_wconf 77' lang='grc' dir='ltr'>γῇ</span> <span class='ocrx_word' id='word_1_366' title='bbox 2634 1994 2892 2064; x_wconf 78' lang='grc' dir='ltr'>Αἰγύπτῳ</span> <span class='ocrx_word' id='word_1_367' title='bbox 2968 1995 3017 2046; x_wconf 78' lang='grc' dir='ltr'><strong>οἱ</strong></span> <span class='ocrx_word' id='word_1_368' title='bbox 3083 1993 3191 2047; x_wconf 75' lang='grc' dir='ltr'>υἱοὶ</span> <span class='ocrx_word' id='word_1_369' title='bbox 3257 1992 3518 2064; x_wconf 83' lang='grc' dir='ltr'>Ἰσραὴλ,</span> <span class='ocrx_word' id='word_1_370' title='bbox 3576 1993 3658 2044; x_wconf 72' lang='grc' dir='ltr'><strong>καὶ</strong></span> 
     </span>
    </p>
   </div>
   <div class='ocr_carea' id='block_1_49' title="bbox 2095 2084 3659 2157">
    <p class='ocr_par' dir='ltr' id='par_1_49' title="bbox 2095 2084 3659 2157">
     <span class='ocr_line' id='line_1_49' title="bbox 2095 2084 3659 2157; baseline -0.002 -18"><span class='ocrx_word' id='word_1_371' title='bbox 2095 2088 2301 2157; x_wconf 84' lang='grc' dir='ltr'>χυδαῖοι</span> <span class='ocrx_word' id='word_1_372' title='bbox 2345 2087 2592 2153; x_wconf 83' lang='grc' dir='ltr'>ἐγένοντο</span> <span class='ocrx_word' id='word_1_373' title='bbox 2651 2084 2786 2157; x_wconf 83' lang='grc'><strong>(56).</strong></span> <span class='ocrx_word' id='word_1_374' title='bbox 2838 2086 3061 2149; x_wconf 83' lang='grc' dir='ltr'><strong>Πάντως</strong></span> <span class='ocrx_word' id='word_1_375' title='bbox 3109 2086 3217 2156; x_wconf 84' lang='grc' dir='ltr'>γάρ</span> <span class='ocrx_word' id='word_1_376' title='bbox 3256 2102 3364 2139; x_wconf 82' lang='grc' dir='ltr'><strong>που</strong></span> <span class='ocrx_word' id='word_1_377' title='bbox 3421 2087 3455 2137; x_wconf 87' lang='lat'><strong>6</strong></span> <span class='ocrx_word' id='word_1_378' title='bbox 3485 2086 3659 2153; x_wconf 81' lang='grc' dir='ltr'>χρόνος</span> 
     </span>
    </p>
   </div>
   <div class='ocr_carea' id='block_1_50' title="bbox 2094 2175 3664 2251">
    <p class='ocr_par' dir='ltr' id='par_1_50' title="bbox 2094 2175 3664 2251">
     <span class='ocr_line' id='line_1_50' title="bbox 2094 2175 3664 2251; baseline -0.004 -19"><span class='ocrx_word' id='word_1_379' title='bbox 2094 2182 2193 2250; x_wconf 81' lang='grc' dir='ltr'>τῆς</span> <span class='ocrx_word' id='word_1_380' title='bbox 2222 2178 2400 2231; x_wconf 80' lang='grc' dir='ltr'>αὐτῶν</span> <span class='ocrx_word' id='word_1_381' title='bbox 2424 2178 2716 2251; x_wconf 82' lang='grc' dir='ltr'><strong>παροικίας</strong></span> <span class='ocrx_word' id='word_1_382' title='bbox 2748 2178 2842 2231; x_wconf 77' lang='grc' dir='ltr'>καὶ</span> <span class='ocrx_word' id='word_1_383' title='bbox 2877 2177 3159 2248; x_wconf 74' lang='grc' dir='ltr'>ἐπιμιξίας</span> <span class='ocrx_word' id='word_1_384' title='bbox 3189 2176 3279 2230; x_wconf 79' lang='grc' dir='ltr'><strong>διὰ</strong></span> <span class='ocrx_word' id='word_1_385' title='bbox 3311 2175 3586 2247; x_wconf 78' lang='grc' dir='ltr'>ρᾳθυμίαν</span> <span class='ocrx_word' id='word_1_386' title='bbox 3608 2175 3664 2227; x_wconf 74' lang='grc' dir='ltr'>τὸ</span> 
     </span>
    </p>
   </div>
   <div class='ocr_carea' id='block_1_51' title="bbox 2096 2268 3662 2341">
    <p class='ocr_par' dir='ltr' id='par_1_51' title="bbox 2096 2268 3662 2341">
     <span class='ocr_line' id='line_1_51' title="bbox 2096 2268 3662 2341; baseline -0.002 -20"><span class='ocrx_word' id='word_1_387' title='bbox 2096 2271 2314 2341; x_wconf 84' lang='grc' dir='ltr'>χυδαῖον</span> <span class='ocrx_word' id='word_1_388' title='bbox 2360 2270 2671 2341; x_wconf 78' lang='grc' dir='ltr'><strong>εἰργάσατο.</strong></span> <span class='ocrx_word' id='word_1_389' title='bbox 2713 2270 2886 2323; x_wconf 87' lang='grc' dir='ltr'>Τίνων</span> <span class='ocrx_word' id='word_1_390' title='bbox 2932 2272 3112 2341; x_wconf 77' lang='grc' dir='ltr'>μέντοι</span> <span class='ocrx_word' id='word_1_391' title='bbox 3145 2268 3417 2338; x_wconf 77' lang='grc' dir='ltr'>γεύεσθαι.</span> <span class='ocrx_word' id='word_1_392' title='bbox 3474 2269 3510 2338; x_wconf 84' lang='grc' dir='ltr'>ἢ</span> <span class='ocrx_word' id='word_1_393' title='bbox 3555 2268 3662 2319; x_wconf 79' lang='grc' dir='ltr'>τίνα</span> 
     </span>
    </p>
   </div>
   <div class='ocr_carea' id='block_1_52' title="bbox 2096 2357 3662 2431">
    <p class='ocr_par' dir='ltr' id='par_1_52' title="bbox 2096 2357 3662 2431">
     <span class='ocr_line' id='line_1_52' title="bbox 2096 2357 3662 2431; baseline -0.005 -14"><span class='ocrx_word' id='word_1_394' title='bbox 2096 2360 2483 2431; x_wconf 80' lang='grc' dir='ltr'><strong>ἀπαγορεύειν,</strong></span> <span class='ocrx_word' id='word_1_395' title='bbox 2511 2361 2545 2430; x_wconf 86' lang='grc' dir='ltr'>ἢ</span> <span class='ocrx_word' id='word_1_396' title='bbox 2568 2360 2737 2414; x_wconf 76' lang='grc' dir='ltr'>τᾶλλα</span> <span class='ocrx_word' id='word_1_397' title='bbox 2775 2361 2877 2414; x_wconf 83' lang='grc' dir='ltr'>ὅσα</span> <span class='ocrx_word' id='word_1_398' title='bbox 2908 2361 3049 2413; x_wconf 81' lang='grc' dir='ltr'><strong>κατὰ</strong></span> <span class='ocrx_word' id='word_1_399' title='bbox 3073 2358 3356 2429; x_wconf 76' lang='grc' dir='ltr'>διαστολὴν</span> <span class='ocrx_word' id='word_1_400' title='bbox 3383 2357 3485 2410; x_wconf 85' lang='grc' dir='ltr'><strong>τοῦ</strong></span> <span class='ocrx_word' id='word_1_401' title='bbox 3512 2358 3662 2426; x_wconf 80' lang='grc' dir='ltr'>νόμου</span> 
     </span>
    </p>
   </div>
   <div class='ocr_carea' id='block_1_53' title="bbox 2099 2447 3661 2523">
    <p class='ocr_par' dir='ltr' id='par_1_53' title="bbox 2099 2447 3661 2523">
     <span class='ocr_line' id='line_1_53' title="bbox 2099 2447 3661 2523; baseline -0.004 -18"><span class='ocrx_word' id='word_1_402' title='bbox 2099 2451 2386 2521; x_wconf 76' lang='grc' dir='ltr'>φυλάττειν</span> <span class='ocrx_word' id='word_1_403' title='bbox 2420 2452 2885 2523; x_wconf 84' lang='grc' dir='ltr'>προσετάχθησαν,</span> <span class='ocrx_word' id='word_1_404' title='bbox 2926 2450 3075 2504; x_wconf 81' lang='grc' dir='ltr'>οῦπω</span> <span class='ocrx_word' id='word_1_405' title='bbox 3100 2451 3243 2504; x_wconf 80' lang='grc' dir='ltr'>κατὰ</span> <span class='ocrx_word' id='word_1_406' title='bbox 3268 2450 3326 2501; x_wconf 83' lang='grc' dir='ltr'><strong>τὸ</strong></span> <span class='ocrx_word' id='word_1_407' title='bbox 3357 2447 3661 2516; x_wconf 80' lang='grc' dir='ltr'>φανερώτα-</span> 
     </span>
    </p>
   </div>
   <div class='ocr_carea' id='block_1_54' title="bbox 2096 2541 3663 2618">
    <p class='ocr_par' dir='ltr' id='par_1_54' title="bbox 2096 2541 3663 2618">
     <span class='ocr_line' id='line_1_54' title="bbox 2096 2541 3663 2618; baseline -0.006 -15"><span class='ocrx_word' id='word_1_408' title='bbox 2096 2563 2192 2603; x_wconf 77' lang='grc' dir='ltr'><strong>τον</strong></span> <span class='ocrx_word' id='word_1_409' title='bbox 2212 2547 2616 2618; x_wconf 78' lang='grc' dir='ltr'>ἐπεσημήνατο.</span> <span class='ocrx_word' id='word_1_410' title='bbox 2657 2546 2939 2612; x_wconf 81' lang='grc' dir='ltr'>Ἐξιόντων</span> <span class='ocrx_word' id='word_1_411' title='bbox 2971 2544 3027 2598; x_wconf 77' lang='grc' dir='ltr'>δὲ</span> <span class='ocrx_word' id='word_1_412' title='bbox 3056 2546 3121 2597; x_wconf 79' lang='grc' dir='ltr'><strong>ὲκ</strong></span> <span class='ocrx_word' id='word_1_413' title='bbox 3149 2544 3252 2614; x_wconf 81' lang='grc' dir='ltr'>γῆς</span> <span class='ocrx_word' id='word_1_414' title='bbox 3284 2542 3588 2609; x_wconf 79' lang='grc' dir='ltr'>Αἰγύπτου,</span> <span class='ocrx_word' id='word_1_415' title='bbox 3614 2541 3663 2590; x_wconf 80' lang='grc' dir='ltr'>ὲν</span> 
     </span>
    </p>
   </div>
   <div class='ocr_carea' id='block_1_55' title="bbox 2097 2630 3666 2709">
    <p class='ocr_par' dir='ltr' id='par_1_55' title="bbox 2097 2630 3666 2709">
     <span class='ocr_line' id='line_1_55' title="bbox 2097 2630 3666 2709; baseline -0.006 -19"><span class='ocrx_word' id='word_1_416' title='bbox 2097 2638 2175 2708; x_wconf 74' lang='grc' dir='ltr'>τῷ</span> <span class='ocrx_word' id='word_1_417' title='bbox 2216 2638 2451 2709; x_wconf 78' lang='grc' dir='ltr'><strong>δευτέρῳ</strong></span> <span class='ocrx_word' id='word_1_418' title='bbox 2493 2637 2602 2691; x_wconf 80' lang='grc' dir='ltr'>ἔτει</span> <span class='ocrx_word' id='word_1_419' title='bbox 2640 2640 2739 2707; x_wconf 71' lang='grc' dir='ltr'>τῆς</span> <span class='ocrx_word' id='word_1_420' title='bbox 2777 2636 2959 2690; x_wconf 81' lang='grc' dir='ltr'>αὐτῶν</span> <span class='ocrx_word' id='word_1_421' title='bbox 2988 2636 3166 2701; x_wconf 75' lang='grc' dir='ltr'>ἐξόδου</span> <span class='ocrx_word' id='word_1_422' title='bbox 3209 2632 3510 2705; x_wconf 74' lang='grc' dir='ltr'>νομοθεσίᾳ</span> <span class='ocrx_word' id='word_1_423' title='bbox 3544 2630 3666 2682; x_wconf 77' lang='grc' dir='ltr'>Θεοῦ</span> 
     </span>
    </p>
   </div>
   <div class='ocr_carea' id='block_1_56' title="bbox 2098 2721 3663 2800">
    <p class='ocr_par' dir='ltr' id='par_1_56' title="bbox 2098 2721 3663 2800">
     <span class='ocr_line' id='line_1_56' title="bbox 2098 2721 3663 2800; baseline -0.006 -17"><span class='ocrx_word' id='word_1_424' title='bbox 2098 2728 2484 2793; x_wconf 76' lang='grc' dir='ltr'>καταξιοῦνται</span> <span class='ocrx_word' id='word_1_425' title='bbox 2514 2728 2602 2784; x_wconf 84' lang='grc' dir='ltr'><strong>διὰ</strong></span> <span class='ocrx_word' id='word_1_426' title='bbox 2632 2728 2813 2800; x_wconf 82' lang='grc' dir='ltr'>χειρὸς</span> <span class='ocrx_word' id='word_1_427' title='bbox 2850 2728 3012 2781; x_wconf 77' lang='grc' dir='ltr'>αὐτοῦ</span> <span class='ocrx_word' id='word_1_428' title='bbox 3058 2727 3151 2780; x_wconf 85' lang='grc' dir='ltr'><strong>τοῦ</strong></span> <span class='ocrx_word' id='word_1_429' title='bbox 3178 2725 3483 2785; x_wconf 80' lang='grc' dir='ltr'>Μωῦσέως.</span> <span class='ocrx_word' id='word_1_430' title='bbox 3530 2724 3590 2775; x_wconf 83' lang='grc' dir='ltr'><strong>Ἦ</strong></span> <span class='ocrx_word' id='word_1_431' title='bbox 3614 2721 3663 2773; x_wconf 72' lang='grc' dir='ltr'>δὲ</span> 
     </span>
    </p>
   </div>
   <div class='ocr_carea' id='block_1_57' title="bbox 2099 2812 3664 2887">
    <p class='ocr_par' dir='ltr' id='par_1_57' title="bbox 2099 2812 3664 2887">
     <span class='ocr_line' id='line_1_57' title="bbox 2099 2812 3664 2887; baseline -0.006 -16"><span class='ocrx_word' id='word_1_432' title='bbox 2099 2816 2389 2887; x_wconf 77' lang='grc' dir='ltr'>νομοθεσία</span> <span class='ocrx_word' id='word_1_433' title='bbox 2422 2819 2454 2887; x_wconf 80' lang='grc' dir='ltr'><strong>ή</strong></span> <span class='ocrx_word' id='word_1_434' title='bbox 2490 2818 2555 2870; x_wconf 79' lang='grc' dir='ltr'>ἐκ</span> <span class='ocrx_word' id='word_1_435' title='bbox 2586 2817 2719 2870; x_wconf 88' lang='grc' dir='ltr'>Θεοῦ</span> <span class='ocrx_word' id='word_1_436' title='bbox 2751 2818 2933 2881; x_wconf 75' lang='grc' dir='ltr'>αὐτοῖς</span> <span class='ocrx_word' id='word_1_437' title='bbox 2970 2816 3184 2870; x_wconf 77' lang='grc' dir='ltr'>δοθεῖσα</span> <span class='ocrx_word' id='word_1_438' title='bbox 3216 2812 3573 2881; x_wconf 75' lang='grc' dir='ltr'>παιδαγωγοῦ</span> <span class='ocrx_word' id='word_1_439' title='bbox 3595 2812 3664 2863; x_wconf 77' lang='lat' dir='ltr'><strong>6i-</strong></span> 
     </span>
    </p>
   </div>
   <div class='ocr_carea' id='block_1_58' title="bbox 2099 2904 3668 2980">
    <p class='ocr_par' dir='ltr' id='par_1_58' title="bbox 2099 2904 3668 2980">
     <span class='ocr_line' id='line_1_58' title="bbox 2099 2904 3668 2980; baseline -0.005 -19"><span class='ocrx_word' id='word_1_440' title='bbox 2099 2925 2202 2978; x_wconf 84' lang='grc' dir='ltr'><strong>κην</strong></span> <span class='ocrx_word' id='word_1_441' title='bbox 2232 2907 2327 2975; x_wconf 82' lang='grc' dir='ltr'>(ὡς</span> <span class='ocrx_word' id='word_1_442' title='bbox 2355 2908 2449 2961; x_wconf 68' lang='grc' dir='ltr'><strong>καὶ</strong></span> <span class='ocrx_word' id='word_1_443' title='bbox 2482 2908 2825 2977; x_wconf 84' lang='grc' dir='ltr'>παιδαγωγὸς</span> <span class='ocrx_word' id='word_1_444' title='bbox 2852 2904 2920 2980; x_wconf 67' lang='grc' dir='ltr'>ἦν</span> <span class='ocrx_word' id='word_1_445' title='bbox 2954 2909 2981 2961; x_wconf 91' lang='lat'><strong>6</strong></span> <span class='ocrx_word' id='word_1_446' title='bbox 3006 2907 3189 2978; x_wconf 82' lang='grc' dir='ltr'>νόμος,</span> <span class='ocrx_word' id='word_1_447' title='bbox 3216 2904 3553 2976; x_wconf 73' lang='grc' dir='ltr'>σωματικῶς</span> <span class='ocrx_word' id='word_1_448' title='bbox 3581 2905 3668 2972; x_wconf 78' lang='grc' dir='ltr'><strong>μὲν</strong></span> 
     </span>
    </p>
   </div>
   <div class='ocr_carea' id='block_1_59' title="bbox 421 2978 1903 3072">
    <p class='ocr_par' dir='ltr' id='par_1_59' title="bbox 421 2991 1903 3064">
     <span class='ocr_line' id='line_1_59' title="bbox 421 2991 1903 3064; baseline -0.001 -15"><span class='ocrx_word' id='word_1_449' title='bbox 421 3011 512 3050; x_wconf 87' lang='lat' dir='ltr'><strong>ces</strong></span> <span class='ocrx_word' id='word_1_450' title='bbox 550 3009 749 3064; x_wconf 86' lang='lat' dir='ltr'><strong>gerens</strong></span> <span class='ocrx_word' id='word_1_451' title='bbox 778 2993 990 3063; x_wconf 89' lang='lat' dir='ltr'><strong>(revera</strong></span> <span class='ocrx_word' id='word_1_452' title='bbox 1052 2994 1197 3047; x_wconf 92' lang='lat' dir='ltr'><strong>enim</strong></span> <span class='ocrx_word' id='word_1_453' title='bbox 1246 3008 1449 3045; x_wconf 89' lang='lat' dir='ltr'><strong>munus</strong></span> <span class='ocrx_word' id='word_1_454' title='bbox 1500 2991 1637 3045; x_wconf 82' lang='lat' dir='ltr'><strong>illud</strong></span> <span class='ocrx_word' id='word_1_455' title='bbox 1680 2993 1903 3047; x_wconf 83' lang='lat' dir='ltr'><strong>exerceb</strong></span> 
     </span>
    </p>
   </div>
   <div class='ocr_carea' id='block_1_60' title="bbox 2186 2978 3668 3072">
    <p class='ocr_par' dir='ltr' id='par_1_60' title="bbox 2193 2978 3668 3072">
     <span class='ocr_line' id='line_1_60' title="bbox 2193 2978 3668 3072; baseline -0.003 -21"><span class='ocrx_word' id='word_1_456' title='bbox 2193 2999 2561 3069; x_wconf 72' lang='grc' dir='ltr'>στελλόμενος,</span> <span class='ocrx_word' id='word_1_457' title='bbox 2600 2978 2976 3072; x_wconf 52' lang='grc' dir='ltr'>πνευματιιιὴν</span> <span class='ocrx_word' id='word_1_458' title='bbox 3018 3000 3075 3054; x_wconf 77' lang='grc' dir='ltr'>δὲ</span> <span class='ocrx_word' id='word_1_459' title='bbox 3118 3000 3255 3069; x_wconf 76' lang='grc' dir='ltr'>ἔχων</span> <span class='ocrx_word' id='word_1_460' title='bbox 3294 2997 3393 3068; x_wconf 85' lang='grc' dir='ltr'><strong>τὴν</strong></span> <span class='ocrx_word' id='word_1_461' title='bbox 3451 2996 3668 3068; x_wconf 82' lang='grc' dir='ltr'>προσδο-</span> 
     </span>
    </p>
   </div>
   <div class='ocr_carea' id='block_1_61' title="bbox 421 3083 1995 3155">
    <p class='ocr_par' dir='ltr' id='par_1_61' title="bbox 421 3083 1995 3155">
     <span class='ocr_line' id='line_1_61' title="bbox 421 3083 1995 3155; baseline -0.001 -17"><span class='ocrx_word' id='word_1_462' title='bbox 421 3102 546 3139; x_wconf 91' lang='lat' dir='ltr'><strong>cum</strong></span> <span class='ocrx_word' id='word_1_463' title='bbox 580 3101 701 3154; x_wconf 74' lang='lat' dir='ltr'><strong>qua:</strong></span> <span class='ocrx_word' id='word_1_464' title='bbox 730 3085 797 3138; x_wconf 92' lang='lat' dir='ltr'><strong>ad</strong></span> <span class='ocrx_word' id='word_1_465' title='bbox 822 3100 1024 3155; x_wconf 92' lang='lat' dir='ltr'><strong>corpus</strong></span> <span class='ocrx_word' id='word_1_466' title='bbox 1054 3083 1384 3153; x_wconf 90' lang='lat' dir='ltr'><strong>pertinentia</strong></span> <span class='ocrx_word' id='word_1_467' title='bbox 1427 3083 1825 3152; x_wconf 63' lang='lat' dir='ltr'><strong>praescriberet,</strong></span> <span class='ocrx_word' id='word_1_468' title='bbox 1884 3084 1995 3153; x_wconf 87' lang='lat' dir='ltr'><strong>spi-</strong></span> 
     </span>
    </p>
   </div>
   <div class='ocr_carea' id='block_1_62' title="bbox 422 3172 1994 3244">
    <p class='ocr_par' dir='ltr' id='par_1_62' title="bbox 422 3172 1994 3244">
     <span class='ocr_line' id='line_1_62' title="bbox 422 3172 1994 3244; baseline -0.001 -16"><span class='ocrx_word' id='word_1_469' title='bbox 422 3176 620 3235; x_wconf 82' lang='lat' dir='ltr'><strong>rituale</strong></span> <span class='ocrx_word' id='word_1_470' title='bbox 646 3174 905 3244; x_wconf 88' lang='lat' dir='ltr'><strong>quiddam</strong></span> <span class='ocrx_word' id='word_1_471' title='bbox 938 3190 1034 3243; x_wconf 90' lang='lat' dir='ltr'><strong>spe</strong></span> <span class='ocrx_word' id='word_1_472' title='bbox 1089 3182 1251 3242; x_wconf 88' lang='lat' dir='ltr'><strong>atque</strong></span> <span class='ocrx_word' id='word_1_473' title='bbox 1300 3173 1708 3241; x_wconf 83' lang='lat' dir='ltr'><strong>exspectatione</strong></span> <span class='ocrx_word' id='word_1_474' title='bbox 1742 3172 1994 3226; x_wconf 89' lang='lat' dir='ltr'><strong>contine-</strong></span> 
     </span>
    </p>
   </div>
   <div class='ocr_carea' id='block_1_63' title="bbox 422 3264 1995 3338">
    <p class='ocr_par' dir='ltr' id='par_1_63' title="bbox 422 3264 1995 3338">
     <span class='ocr_line' id='line_1_63' title="bbox 422 3264 1995 3338; baseline -0.001 -17"><span class='ocrx_word' id='word_1_475' title='bbox 422 3265 912 3338; x_wconf 85' lang='lat' dir='ltr'><strong>ret),-circumcidi</strong></span> <span class='ocrx_word' id='word_1_476' title='bbox 961 3266 1209 3335; x_wconf 76' lang='lat' dir='ltr'><strong>iubebat,</strong></span> <span class='ocrx_word' id='word_1_477' title='bbox 1248 3280 1311 3318; x_wconf 91' lang='lat' dir='ltr'><strong>ac</strong></span> <span class='ocrx_word' id='word_1_478' title='bbox 1347 3265 1627 3320; x_wconf 88' lang='lat' dir='ltr'><strong>celebrare</strong></span> <span class='ocrx_word' id='word_1_479' title='bbox 1668 3264 1995 3330; x_wconf 89' lang='lat' dir='ltr'><strong>Sabbatum,</strong></span> 
     </span>
    </p>
   </div>
   <div class='ocr_carea' id='block_1_64' title="bbox 420 3356 1999 3429">
    <p class='ocr_par' dir='ltr' id='par_1_64' title="bbox 420 3356 1999 3429">
     <span class='ocr_line' id='line_1_64' title="bbox 420 3356 1999 3429; baseline -0.002 -15"><span class='ocrx_word' id='word_1_480' title='bbox 420 3359 779 3429; x_wconf 82' lang='lat' dir='ltr'><strong>decimasque</strong></span> <span class='ocrx_word' id='word_1_481' title='bbox 820 3358 1039 3428; x_wconf 81' lang='lat' dir='ltr'><strong>frugum</strong></span> <span class='ocrx_word' id='word_1_482' title='bbox 1091 3365 1147 3413; x_wconf 89' lang='lat' dir='ltr'><strong>et</strong></span> <span class='ocrx_word' id='word_1_483' title='bbox 1191 3356 1401 3412; x_wconf 81' lang='lat' dir='ltr'><strong>fetuum</strong></span> <span class='ocrx_word' id='word_1_484' title='bbox 1433 3356 1703 3421; x_wconf 93' lang='lat' dir='ltr'><strong>omnium,</strong></span> <span class='ocrx_word' id='word_1_485' title='bbox 1756 3365 1870 3411; x_wconf 90' lang='lat' dir='ltr'><strong>tam</strong></span> <span class='ocrx_word' id='word_1_486' title='bbox 1900 3357 1999 3411; x_wconf 88' lang='lat' dir='ltr'><strong>ho-</strong></span> 
     </span>
    </p>
   </div>
   <div class='ocr_carea' id='block_1_65' title="bbox 422 3447 1998 3519">
    <p class='ocr_par' dir='ltr' id='par_1_65' title="bbox 422 3447 1998 3519">
     <span class='ocr_line' id='line_1_65' title="bbox 422 3447 1998 3519; baseline -0.002 -15"><span class='ocrx_word' id='word_1_487' title='bbox 422 3453 639 3511; x_wconf 85' lang='lat' dir='ltr'><strong>minum</strong></span> <span class='ocrx_word' id='word_1_488' title='bbox 667 3465 837 3519; x_wconf 88' lang='lat' dir='ltr'><strong>quam</strong></span> <span class='ocrx_word' id='word_1_489' title='bbox 889 3464 1173 3519; x_wconf 85' lang='lat' dir='ltr'><strong>pecorum,</strong></span> <span class='ocrx_word' id='word_1_490' title='bbox 1226 3464 1440 3507; x_wconf 84' lang='lat' dir='ltr'><strong>necnon</strong></span> <span class='ocrx_word' id='word_1_491' title='bbox 1495 3456 1550 3503; x_wconf 89' lang='lat' dir='ltr'><strong>et</strong></span> <span class='ocrx_word' id='word_1_492' title='bbox 1576 3447 1875 3517; x_wconf 88' lang='lat' dir='ltr'><strong>primitias,</strong></span> <span class='ocrx_word' id='word_1_493' title='bbox 1933 3460 1998 3501; x_wconf 90' lang='lat' dir='ltr'><strong>ac</strong></span> 
     </span>
    </p>
   </div>
   <div class='ocr_carea' id='block_1_66' title="bbox 423 3539 1998 3614">
    <p class='ocr_par' dir='ltr' id='par_1_66' title="bbox 423 3539 1998 3614">
     <span class='ocr_line' id='line_1_66' title="bbox 423 3539 1998 3614; baseline -0.004 -15"><span class='ocrx_word' id='word_1_494' title='bbox 423 3543 917 3614; x_wconf 80' lang='lat' dir='ltr'><strong>quinquagesimas</strong></span> <span class='ocrx_word' id='word_1_495' title='bbox 933 3540 1357 3611; x_wconf 87' lang='lat' dir='ltr'><strong>tricesimasque</strong></span> <span class='ocrx_word' id='word_1_496' title='bbox 1379 3539 1488 3595; x_wconf 89' lang='lat' dir='ltr'><strong>Deo</strong></span> <span class='ocrx_word' id='word_1_497' title='bbox 1515 3539 1620 3599; x_wconf 89' lang='lat' dir='ltr'><strong>soli</strong></span> <span class='ocrx_word' id='word_1_498' title='bbox 1638 3553 1998 3604; x_wconf 82' lang='lat' dir='ltr'><strong>consecrare;</strong></span> 
     </span>
    </p>
   </div>
   <div class='ocr_carea' id='block_1_67' title="bbox 423 3629 2001 3703">
    <p class='ocr_par' dir='ltr' id='par_1_67' title="bbox 423 3629 2001 3703">
     <span class='ocr_line' id='line_1_67' title="bbox 423 3629 2001 3703; baseline -0.008 -10"><span class='ocrx_word' id='word_1_499' title='bbox 423 3635 576 3700; x_wconf 74' lang='lat' dir='ltr'><strong>hunc</strong></span> <span class='ocrx_word' id='word_1_500' title='bbox 596 3634 831 3691; x_wconf 71' lang='lat' dir='ltr'><strong>adorare</strong></span> <span class='ocrx_word' id='word_1_501' title='bbox 878 3634 1098 3699; x_wconf 89' lang='lat' dir='ltr'><strong>solum;</strong></span> <span class='ocrx_word' id='word_1_502' title='bbox 1162 3632 1324 3703; x_wconf 86' lang='lat' dir='ltr'><strong>cujus</strong></span> <span class='ocrx_word' id='word_1_503' title='bbox 1369 3630 1475 3693; x_wconf 83' lang='lat' dir='ltr'><strong>etsi</strong></span> <span class='ocrx_word' id='word_1_504' title='bbox 1524 3629 1752 3689; x_wconf 86' lang='lat' dir='ltr'><strong>nomine</strong></span> <span class='ocrx_word' id='word_1_505' title='bbox 1799 3630 2001 3689; x_wconf 85' lang='lat' dir='ltr'><strong>unicus</strong></span> 
     </span>
    </p>
   </div>
   <div class='ocr_carea' id='block_1_68' title="bbox 424 3719 2002 3803">
    <p class='ocr_par' dir='ltr' id='par_1_68' title="bbox 424 3719 2002 3803">
     <span class='ocr_line' id='line_1_68' title="bbox 424 3719 2002 3803; baseline -0.006 -18"><span class='ocrx_word' id='word_1_506' title='bbox 424 3726 697 3789; x_wconf 64' lang='lat' dir='ltr'><strong>dumtaxat</strong></span> <span class='ocrx_word' id='word_1_507' title='bbox 723 3725 1125 3803; x_wconf 60' lang='lat' dir='ltr'><strong>pradicabatur</strong></span> <span class='ocrx_word' id='word_1_508' title='bbox 1146 3722 1390 3783; x_wconf 88' lang='lat' dir='ltr'><strong>omnium</strong></span> <span class='ocrx_word' id='word_1_509' title='bbox 1414 3721 1730 3785; x_wconf 84' lang='lat' dir='ltr'><strong>moderator</strong></span> <span class='ocrx_word' id='word_1_510' title='bbox 1758 3734 1822 3774; x_wconf 90' lang='lat' dir='ltr'><strong>ac</strong></span> <span class='ocrx_word' id='word_1_511' title='bbox 1846 3719 2002 3791; x_wconf 88' lang='lat' dir='ltr'><strong>prin-</strong></span> 
     </span>
    </p>
   </div>
   <div class='ocr_carea' id='block_1_69' title="bbox 426 3810 2001 3889">
    <p class='ocr_par' dir='ltr' id='par_1_69' title="bbox 426 3810 2001 3889">
     <span class='ocr_line' id='line_1_69' title="bbox 426 3810 2001 3889; baseline -0.007 -14"><span class='ocrx_word' id='word_1_512' title='bbox 426 3834 583 3889; x_wconf 82' lang='lat' dir='ltr'><strong>ceps,</strong></span> <span class='ocrx_word' id='word_1_513' title='bbox 608 3833 717 3884; x_wconf 78' lang='lat' dir='ltr'><strong>una</strong></span> <span class='ocrx_word' id='word_1_514' title='bbox 748 3827 937 3881; x_wconf 79' lang='lat' dir='ltr'><strong>tamen</strong></span> <span class='ocrx_word' id='word_1_515' title='bbox 964 3824 1019 3872; x_wconf 83' lang='lat' dir='ltr'><strong>et</strong></span> <span class='ocrx_word' id='word_1_516' title='bbox 1070 3814 1319 3869; x_wconf 86' lang='lat' dir='ltr'><strong>Trinitas</strong></span> <span class='ocrx_word' id='word_1_517' title='bbox 1352 3828 1571 3883; x_wconf 86' lang='lat' dir='ltr'><strong>semper</strong></span> <span class='ocrx_word' id='word_1_518' title='bbox 1598 3810 1654 3866; x_wconf 90' lang='lat' dir='ltr'><strong>in</strong></span> <span class='ocrx_word' id='word_1_519' title='bbox 1688 3810 1782 3866; x_wconf 89' lang='lat' dir='ltr'><strong>illa</strong></span> <span class='ocrx_word' id='word_1_520' title='bbox 1810 3812 2001 3883; x_wconf 82' lang='lat' dir='ltr'><strong>singu-</strong></span> 
     </span>
    </p>
   </div>
   <div class='ocr_carea' id='block_1_70' title="bbox 426 3902 1996 3978">
    <p class='ocr_par' dir='ltr' id='par_1_70' title="bbox 426 3902 1996 3978">
     <span class='ocr_line' id='line_1_70' title="bbox 426 3902 1996 3978; baseline -0.006 -11"><span class='ocrx_word' id='word_1_521' title='bbox 426 3913 531 3973; x_wconf 85' lang='lat' dir='ltr'><strong>lari</strong></span> <span class='ocrx_word' id='word_1_522' title='bbox 557 3911 845 3966; x_wconf 89' lang='lat' dir='ltr'><strong>divinitate</strong></span> <span class='ocrx_word' id='word_1_523' title='bbox 870 3910 1147 3975; x_wconf 87' lang='lat' dir='ltr'><strong>nuntiata,</strong></span> <span class='ocrx_word' id='word_1_524' title='bbox 1179 3907 1500 3978; x_wconf 87' lang='lat' dir='ltr'><strong>creditaque</strong></span> <span class='ocrx_word' id='word_1_525' title='bbox 1531 3907 1599 3961; x_wconf 86' lang='lat' dir='ltr'><strong>ab</strong></span> <span class='ocrx_word' id='word_1_526' title='bbox 1630 3905 1739 3965; x_wconf 85' lang='lat' dir='ltr'><strong>illis</strong></span> <span class='ocrx_word' id='word_1_527' title='bbox 1767 3914 1871 3971; x_wconf 89' lang='lat' dir='ltr'><strong>est,</strong></span> <span class='ocrx_word' id='word_1_528' title='bbox 1902 3902 1996 3972; x_wconf 89' lang='lat' dir='ltr'><strong>qui</strong></span> 
     </span>
    </p>
   </div>
   <div class='ocr_carea' id='block_1_71' title="bbox 424 3997 1997 4069">
    <p class='ocr_par' dir='ltr' id='par_1_71' title="bbox 424 3997 1997 4069">
     <span class='ocr_line' id='line_1_71' title="bbox 424 3997 1997 4069; baseline -0.006 -10"><span class='ocrx_word' id='word_1_529' title='bbox 424 4003 645 4067; x_wconf 63' lang='lat' dir='ltr'><strong>caeteris</strong></span> <span class='ocrx_word' id='word_1_530' title='bbox 678 4000 1099 4065; x_wconf 79' lang='lat' dir='ltr'><strong>antecellerent,</strong></span> <span class='ocrx_word' id='word_1_531' title='bbox 1148 3997 1458 4069; x_wconf 72' lang='lat' dir='ltr'><strong>cuiusmodi</strong></span> <span class='ocrx_word' id='word_1_532' title='bbox 1504 3997 1779 4069; x_wconf 71' lang='lat' dir='ltr'><strong>prOphetae</strong></span> <span class='ocrx_word' id='word_1_533' title='bbox 1831 4000 1997 4064; x_wconf 85' lang='lat' dir='ltr'><strong>atque</strong></span> 
     </span>
    </p>
   </div>
   <div class='ocr_carea' id='block_1_72' title="bbox 2102 3088 3668 3165">
    <p class='ocr_par' dir='ltr' id='par_1_72' title="bbox 2102 3088 3668 3165">
     <span class='ocr_line' id='line_1_72' title="bbox 2102 3088 3668 3165; baseline -0.002 -22"><span class='ocrx_word' id='word_1_534' title='bbox 2102 3090 2272 3162; x_wconf 88' lang='grc' dir='ltr'>κίαν),</span> <span class='ocrx_word' id='word_1_535' title='bbox 2313 3091 2558 3150; x_wconf 80' lang='grc' dir='ltr'>ἐδίδασκε</span> <span class='ocrx_word' id='word_1_536' title='bbox 2593 3093 3036 3165; x_wconf 81' lang='grc' dir='ltr'>περιτέμνεσθαι,</span> <span class='ocrx_word' id='word_1_537' title='bbox 3076 3090 3446 3155; x_wconf 75' lang='grc' dir='ltr'>σαϐϐατίζειν,</span> <span class='ocrx_word' id='word_1_538' title='bbox 3484 3088 3668 3142; x_wconf 78' lang='grc' dir='ltr'>ἀποδε-</span> 
     </span>
    </p>
   </div>
   <div class='ocr_carea' id='block_1_73' title="bbox 2102 3180 3671 3255">
    <p class='ocr_par' dir='ltr' id='par_1_73' title="bbox 2102 3180 3671 3255">
     <span class='ocr_line' id='line_1_73' title="bbox 2102 3180 3671 3255; baseline -0.004 -18"><span class='ocrx_word' id='word_1_539' title='bbox 2102 3182 2300 3237; x_wconf 86' lang='grc' dir='ltr'>κατοῦν</span> <span class='ocrx_word' id='word_1_540' title='bbox 2325 3184 2501 3237; x_wconf 81' lang='grc' dir='ltr'>πάντα</span> <span class='ocrx_word' id='word_1_541' title='bbox 2524 3182 2594 3237; x_wconf 87' lang='grc' dir='ltr'>τὰ</span> <span class='ocrx_word' id='word_1_542' title='bbox 2614 3183 2795 3238; x_wconf 82' lang='grc' dir='ltr'>αὐτῶν</span> <span class='ocrx_word' id='word_1_543' title='bbox 2814 3184 3145 3255; x_wconf 69' lang='grc' dir='ltr'>γεννήματα,</span> <span class='ocrx_word' id='word_1_544' title='bbox 3171 3182 3266 3236; x_wconf 76' lang='grc' dir='ltr'><strong>καὶ</strong></span> <span class='ocrx_word' id='word_1_545' title='bbox 3288 3183 3385 3234; x_wconf 84' lang='grc' dir='ltr'><strong>ὅσα</strong></span> <span class='ocrx_word' id='word_1_546' title='bbox 3409 3197 3528 3251; x_wconf 80' lang='grc' dir='ltr'><strong>περ</strong></span> <span class='ocrx_word' id='word_1_547' title='bbox 3556 3180 3671 3248; x_wconf 71' lang='grc' dir='ltr'>παρ’</span> 
     </span>
    </p>
   </div>
   <div class='ocr_carea' id='block_1_74' title="bbox 2105 3270 3669 3342">
    <p class='ocr_par' dir='ltr' id='par_1_74' title="bbox 2105 3270 3669 3342">
     <span class='ocr_line' id='line_1_74' title="bbox 2105 3270 3669 3342; baseline -0.004 -16"><span class='ocrx_word' id='word_1_548' title='bbox 2105 3272 2287 3335; x_wconf 83' lang='grc' dir='ltr'>αὐτοῖς</span> <span class='ocrx_word' id='word_1_549' title='bbox 2317 3272 2579 3335; x_wconf 82' lang='grc' dir='ltr'>ἐτίκτετο,</span> <span class='ocrx_word' id='word_1_550' title='bbox 2611 3274 2719 3327; x_wconf 83' lang='grc' dir='ltr'>ἀπὸ</span> <span class='ocrx_word' id='word_1_551' title='bbox 2749 3272 3038 3342; x_wconf 81' lang='grc' dir='ltr'>ἀνθρώπου</span> <span class='ocrx_word' id='word_1_552' title='bbox 3071 3272 3175 3335; x_wconf 78' lang='grc' dir='ltr'><strong>ἕως</strong></span> <span class='ocrx_word' id='word_1_553' title='bbox 3206 3272 3464 3341; x_wconf 76' lang='grc' dir='ltr'>κτήνους,</span> <span class='ocrx_word' id='word_1_554' title='bbox 3503 3270 3669 3337; x_wconf 76' lang='grc' dir='ltr'>ἀπαρ-</span> 
     </span>
    </p>
   </div>
   <div class='ocr_carea' id='block_1_75' title="bbox 2104 3358 3670 3433">
    <p class='ocr_par' dir='ltr' id='par_1_75' title="bbox 2104 3358 3670 3433">
     <span class='ocr_line' id='line_1_75' title="bbox 2104 3358 3670 3433; baseline -0.004 -18"><span class='ocrx_word' id='word_1_555' title='bbox 2104 3362 2205 3432; x_wconf 88' lang='grc' dir='ltr'>χάς</span> <span class='ocrx_word' id='word_1_556' title='bbox 2230 3378 2291 3413; x_wconf 87' lang='grc' dir='ltr'><strong>τε</strong></span> <span class='ocrx_word' id='word_1_557' title='bbox 2320 3361 2520 3415; x_wconf 86' lang='grc' dir='ltr'>διδόναι</span> <span class='ocrx_word' id='word_1_558' title='bbox 2554 3362 2646 3415; x_wconf 76' lang='grc' dir='ltr'><strong>καὶ</strong></span> <span class='ocrx_word' id='word_1_559' title='bbox 2676 3362 3045 3433; x_wconf 76' lang='grc' dir='ltr'>πεντηκοστὴν</span> <span class='ocrx_word' id='word_1_560' title='bbox 3077 3362 3172 3416; x_wconf 73' lang='grc' dir='ltr'>καὶ</span> <span class='ocrx_word' id='word_1_561' title='bbox 3211 3361 3571 3432; x_wconf 80' lang='grc' dir='ltr'>τριακοστὴν,</span> <span class='ocrx_word' id='word_1_562' title='bbox 3610 3358 3670 3409; x_wconf 70' lang='lat' dir='ltr'><strong>ei-</strong></span> 
     </span>
    </p>
   </div>
   <div class='ocr_carea' id='block_1_76' title="bbox 2103 3449 3670 3524">
    <p class='ocr_par' dir='ltr' id='par_1_76' title="bbox 2103 3449 3670 3524">
     <span class='ocr_line' id='line_1_76' title="bbox 2103 3449 3670 3524; baseline 0.001 -21"><span class='ocrx_word' id='word_1_563' title='bbox 2103 3450 2249 3503; x_wconf 83' lang='grc' dir='ltr'>δέναι</span> <span class='ocrx_word' id='word_1_564' title='bbox 2280 3450 2397 3521; x_wconf 80' lang='grc' dir='ltr'>Θεῷ</span> <span class='ocrx_word' id='word_1_565' title='bbox 2426 3451 2572 3523; x_wconf 86' lang='grc' dir='ltr'>μόνῳ</span> <span class='ocrx_word' id='word_1_566' title='bbox 2600 3451 2693 3505; x_wconf 77' lang='grc' dir='ltr'><strong>καὶ</strong></span> <span class='ocrx_word' id='word_1_567' title='bbox 2721 3452 2869 3523; x_wconf 82' lang='grc' dir='ltr'><strong>αύτῷ</strong></span> <span class='ocrx_word' id='word_1_568' title='bbox 2898 3451 3208 3524; x_wconf 81' lang='grc' dir='ltr'>λατρεύειν,</span> <span class='ocrx_word' id='word_1_569' title='bbox 3237 3452 3294 3503; x_wconf 84' lang='grc' dir='ltr'><strong>ὲν</strong></span> <span class='ocrx_word' id='word_1_570' title='bbox 3332 3449 3609 3520; x_wconf 71' lang='grc' dir='ltr'>μοναρχίᾳ</span> <span class='ocrx_word' id='word_1_571' title='bbox 3641 3449 3670 3516; x_wconf 72' lang='grc' dir='ltr'>ἡ</span> 
     </span>
    </p>
   </div>
   <div class='ocr_carea' id='block_1_77' title="bbox 2102 3537 3671 3613">
    <p class='ocr_par' dir='ltr' id='par_1_77' title="bbox 2102 3537 3671 3613">
     <span class='ocr_line' id='line_1_77' title="bbox 2102 3537 3671 3613; baseline -0.004 -19"><span class='ocrx_word' id='word_1_572' title='bbox 2102 3541 2260 3612; x_wconf 73' lang='grc' dir='ltr'>τριὰς</span> <span class='ocrx_word' id='word_1_573' title='bbox 2287 3541 2373 3595; x_wconf 78' lang='grc' dir='ltr'>ἀεὶ</span> <span class='ocrx_word' id='word_1_574' title='bbox 2403 3542 2823 3613; x_wconf 82' lang='grc' dir='ltr'>κατηγγέλλετο,</span> <span class='ocrx_word' id='word_1_575' title='bbox 2857 3543 2950 3596; x_wconf 78' lang='grc' dir='ltr'>καὶ</span> <span class='ocrx_word' id='word_1_576' title='bbox 2982 3539 3298 3595; x_wconf 77' lang='grc' dir='ltr'>ἐπιστεύετο</span> <span class='ocrx_word' id='word_1_577' title='bbox 3330 3540 3469 3609; x_wconf 81' lang='grc' dir='ltr'>παρ’</span> <span class='ocrx_word' id='word_1_578' title='bbox 3502 3537 3671 3597; x_wconf 77' lang='grc' dir='ltr'>αὐτοῖς</span> 
     </span>
    </p>
   </div>
   <div class='ocr_carea' id='block_1_78' title="bbox 2099 3627 3659 3703">
    <p class='ocr_par' dir='ltr' id='par_1_78' title="bbox 2099 3627 3659 3703">
     <span class='ocr_line' id='line_1_78' title="bbox 2099 3627 3659 3703; baseline -0.01 -12"><span class='ocrx_word' id='word_1_579' title='bbox 2099 3634 2215 3696; x_wconf 75' lang='grc' dir='ltr'>τοῖς</span> <span class='ocrx_word' id='word_1_580' title='bbox 2238 3632 2590 3703; x_wconf 69' lang='grc' dir='ltr'>ὲξοχωτάτοις</span> <span class='ocrx_word' id='word_1_581' title='bbox 2619 3632 2817 3696; x_wconf 82' lang='grc' dir='ltr'>αὐτῶν,</span> <span class='ocrx_word' id='word_1_582' title='bbox 2845 3631 3088 3686; x_wconf 68' lang='grc' dir='ltr'>τουτέστι</span> <span class='ocrx_word' id='word_1_583' title='bbox 3111 3630 3418 3701; x_wconf 81' lang='grc' dir='ltr'>προφήταις</span> <span class='ocrx_word' id='word_1_584' title='bbox 3447 3627 3549 3680; x_wconf 73' lang='grc' dir='ltr'><strong>καὶ</strong></span> <span class='ocrx_word' id='word_1_585' title='bbox 3568 3628 3659 3696; x_wconf 80' lang='grc' dir='ltr'>ήγι-</span> 
     </span>
    </p>
   </div>
   <div class='ocr_carea' id='block_1_79' title="bbox 2104 3716 3665 3795">
    <p class='ocr_par' dir='ltr' id='par_1_79' title="bbox 2104 3716 3665 3795">
     <span class='ocr_line' id='line_1_79' title="bbox 2104 3716 3665 3795; baseline -0.008 -14"><span class='ocrx_word' id='word_1_586' title='bbox 2104 3724 2379 3795; x_wconf 78' lang='grc' dir='ltr'>ασμένοις.</span> <span class='ocrx_word' id='word_1_587' title='bbox 2413 3724 2611 3788; x_wconf 64' lang='grc' dir='ltr'>Θυσίας</span> <span class='ocrx_word' id='word_1_588' title='bbox 2632 3741 2692 3777; x_wconf 88' lang='grc' dir='ltr'><strong>τε</strong></span> <span class='ocrx_word' id='word_1_589' title='bbox 2722 3724 2817 3777; x_wconf 70' lang='grc' dir='ltr'><strong>καὶ</strong></span> <span class='ocrx_word' id='word_1_590' title='bbox 2840 3722 3092 3794; x_wconf 84' lang='grc' dir='ltr'>λατρείας</span> <span class='ocrx_word' id='word_1_591' title='bbox 3116 3720 3402 3791; x_wconf 80' lang='grc' dir='ltr'>διαφόρους</span> <span class='ocrx_word' id='word_1_592' title='bbox 3426 3716 3516 3789; x_wconf 80' lang='grc' dir='ltr'>τῷ</span> <span class='ocrx_word' id='word_1_593' title='bbox 3542 3733 3665 3784; x_wconf 73' lang='grc' dir='ltr'>παμ-</span> 
     </span>
    </p>
   </div>
   <div class='ocr_carea' id='block_1_80' title="bbox 2107 3807 3672 3887">
    <p class='ocr_par' dir='ltr' id='par_1_80' title="bbox 2107 3807 3672 3887">
     <span class='ocr_line' id='line_1_80' title="bbox 2107 3807 3672 3887; baseline -0.001 -16"><span class='ocrx_word' id='word_1_594' title='bbox 2107 3815 2318 3881; x_wconf 66' lang='grc' dir='ltr'>6ασιλεῖ</span> <span class='ocrx_word' id='word_1_595' title='bbox 2349 3814 2467 3886; x_wconf 87' lang='grc' dir='ltr'>Θεῷ</span> <span class='ocrx_word' id='word_1_596' title='bbox 2496 3816 2557 3870; x_wconf 84' lang='grc' dir='ltr'><strong>ὲν</strong></span> <span class='ocrx_word' id='word_1_597' title='bbox 2594 3818 2656 3887; x_wconf 81' lang='grc' dir='ltr'>τῇ</span> <span class='ocrx_word' id='word_1_598' title='bbox 2680 3816 2874 3887; x_wconf 79' lang='grc' dir='ltr'>ἐρήμῳ</span> <span class='ocrx_word' id='word_1_599' title='bbox 2897 3815 3230 3886; x_wconf 78' lang='grc' dir='ltr'>προσέφερον</span> <span class='ocrx_word' id='word_1_600' title='bbox 3262 3812 3319 3864; x_wconf 83' lang='grc' dir='ltr'><strong>ὲν</strong></span> <span class='ocrx_word' id='word_1_601' title='bbox 3351 3812 3420 3880; x_wconf 76' lang='grc' dir='ltr'>τῇ</span> <span class='ocrx_word' id='word_1_602' title='bbox 3459 3807 3672 3878; x_wconf 66' lang='grc' dir='ltr'>λατρεεᾳ</span> 
     </span>
    </p>
   </div>
   <div class='ocr_carea' id='block_1_81' title="bbox 2104 3897 3671 3978">
    <p class='ocr_par' dir='ltr' id='par_1_81' title="bbox 2104 3897 3671 3978">
     <span class='ocr_line' id='line_1_81' title="bbox 2104 3897 3671 3978; baseline -0.015 -6"><span class='ocrx_word' id='word_1_603' title='bbox 2104 3908 2202 3977; x_wconf 69' lang='grc' dir='ltr'><strong>τῆς</strong></span> <span class='ocrx_word' id='word_1_604' title='bbox 2226 3924 2362 3977; x_wconf 69' lang='grc' dir='ltr'>σκην</span> <span class='ocrx_word' id='word_1_605' title='bbox 2380 3908 2619 3978; x_wconf 64' lang='grc' dir='ltr'>ρπηγίας.</span> <span class='ocrx_word' id='word_1_606' title='bbox 2642 3906 2748 3963; x_wconf 82' lang='grc' dir='ltr'><strong>ὑπὸ</strong></span> <span class='ocrx_word' id='word_1_607' title='bbox 2776 3906 3052 3970; x_wconf 83' lang='grc' dir='ltr'>Μωῦσέως</span> <span class='ocrx_word' id='word_1_608' title='bbox 3081 3906 3173 3963; x_wconf 13' lang='grc' dir='ltr'>διὰ.</span> <span class='ocrx_word' id='word_1_609' title='bbox 3198 3902 3385 3957; x_wconf 88' lang='grc' dir='ltr'>τύπων</span> <span class='ocrx_word' id='word_1_610' title='bbox 3413 3897 3671 3971; x_wconf 82' lang='grc' dir='ltr'>δηλωθέν-</span> 
     </span>
    </p>
   </div>
   <div class='ocr_carea' id='block_1_82' title="bbox 2103 3996 3255 4067">
    <p class='ocr_par' dir='ltr' id='par_1_82' title="bbox 2103 3996 3255 4067">
     <span class='ocr_line' id='line_1_82' title="bbox 2103 3996 3255 4067; baseline -0.001 -18"><span class='ocrx_word' id='word_1_611' title='bbox 2103 4014 2211 4051; x_wconf 86' lang='grc' dir='ltr'><strong>των</strong></span> <span class='ocrx_word' id='word_1_612' title='bbox 2232 3997 2381 4067; x_wconf 85' lang='grc' dir='ltr'><strong>αύτῷ</strong></span> <span class='ocrx_word' id='word_1_613' title='bbox 2412 3998 2516 4051; x_wconf 77' lang='grc' dir='ltr'><strong>ὑπὸ</strong></span> <span class='ocrx_word' id='word_1_614' title='bbox 2539 3996 2673 4061; x_wconf 87' lang='grc' dir='ltr'>Θεοῦ</span> <span class='ocrx_word' id='word_1_615' title='bbox 2704 3996 3255 4065; x_wconf 85' lang='grc' dir='ltr'>κατασκευασθείσης.</span> 
     </span>
    </p>
   </div>
   <div class='ocr_carea' id='block_1_83' title="bbox 426 4086 3661 4165">
    <p class='ocr_par' dir='ltr' id='par_1_83' title="bbox 426 4086 3661 4165">
     <span class='ocr_line' id='line_1_83' title="bbox 426 4086 3661 4165; baseline -0.006 -11"><span class='ocrx_word' id='word_1_616' title='bbox 426 4097 629 4155; x_wconf 84' lang='lat' dir='ltr'><strong>eximia</strong></span> <span class='ocrx_word' id='word_1_617' title='bbox 664 4095 955 4151; x_wconf 88' lang='lat' dir='ltr'><strong>sanctitate</strong></span> <span class='ocrx_word' id='word_1_618' title='bbox 988 4092 1201 4164; x_wconf 68' lang='lat' dir='ltr'><strong>praediti</strong></span> <span class='ocrx_word' id='word_1_619' title='bbox 1232 4092 1494 4157; x_wconf 85' lang='lat' dir='ltr'><strong>homines</strong></span> <span class='ocrx_word' id='word_1_620' title='bbox 1525 4090 1769 4149; x_wconf 81' lang='lat' dir='ltr'><strong>fuerunt.</strong></span> <span class='ocrx_word' id='word_1_621' title='bbox 1799 4086 2068 4143; x_wconf 64' lang='lat' dir='ltr'><strong>Praeterea</strong></span> <span class='ocrx_word' id='word_1_622' title='bbox 2096 4090 2264 4147; x_wconf 91' lang='lat' dir='ltr'><strong>certis</strong></span> <span class='ocrx_word' id='word_1_623' title='bbox 2324 4090 2638 4157; x_wconf 80' lang='lat' dir='ltr'><strong>sacriﬁciis,</strong></span> <span class='ocrx_word' id='word_1_624' title='bbox 2703 4092 2986 4165; x_wconf 88' lang='lat' dir='ltr'><strong>variisque</strong></span> <span class='ocrx_word' id='word_1_625' title='bbox 3050 4088 3250 4143; x_wconf 72' lang='lat' dir='ltr'><strong>ritibus</strong></span> <span class='ocrx_word' id='word_1_626' title='bbox 3305 4098 3370 4139; x_wconf 88' lang='lat' dir='ltr'><strong>ac</strong></span> <span class='ocrx_word' id='word_1_627' title='bbox 3415 4094 3661 4137; x_wconf 61' lang='lat' dir='ltr'><strong>eaet-emo</strong></span> 
     </span>
    </p>
   </div>
   <div class='ocr_carea' id='block_1_84' title="bbox 426 4175 3673 4258">
    <p class='ocr_par' dir='ltr' id='par_1_84' title="bbox 426 4175 3673 4258">
     <span class='ocr_line' id='line_1_84' title="bbox 426 4175 3673 4258; baseline -0.006 -13"><span class='ocrx_word' id='word_1_628' title='bbox 426 4191 541 4251; x_wconf 86' lang='lat' dir='ltr'><strong>niis</strong></span> <span class='ocrx_word' id='word_1_629' title='bbox 573 4190 629 4243; x_wconf 91' lang='lat' dir='ltr'><strong>in</strong></span> <span class='ocrx_word' id='word_1_630' title='bbox 659 4191 876 4245; x_wconf 91' lang='lat' dir='ltr'><strong>deserto</strong></span> <span class='ocrx_word' id='word_1_631' title='bbox 902 4188 1257 4258; x_wconf 76' lang='lat' dir='ltr'><strong>przepotentis</strong></span> <span class='ocrx_word' id='word_1_632' title='bbox 1290 4187 1357 4241; x_wconf 93' lang='lat' dir='ltr'><strong>ad</strong></span> <span class='ocrx_word' id='word_1_633' title='bbox 1394 4186 1487 4241; x_wconf 89' lang='lat' dir='ltr'><strong>Dei</strong></span> <span class='ocrx_word' id='word_1_634' title='bbox 1523 4188 1731 4246; x_wconf 89' lang='lat' dir='ltr'><strong>cultum</strong></span> <span class='ocrx_word' id='word_1_635' title='bbox 1786 4184 1997 4255; x_wconf 86' lang='lat' dir='ltr'><strong>operati</strong></span> <span class='ocrx_word' id='word_1_636' title='bbox 2031 4192 2181 4250; x_wconf 81' lang='lat' dir='ltr'><strong>sunt,</strong></span> <span class='ocrx_word' id='word_1_637' title='bbox 2208 4202 2335 4243; x_wconf 92' lang='lat' dir='ltr'><strong>cum</strong></span> <span class='ocrx_word' id='word_1_638' title='bbox 2370 4187 2428 4243; x_wconf 88' lang='lat' dir='ltr'><strong>in</strong></span> <span class='ocrx_word' id='word_1_639' title='bbox 2494 4188 2838 4253; x_wconf 84' lang='lat' dir='ltr'><strong>tabernaculi</strong></span> <span class='ocrx_word' id='word_1_640' title='bbox 2887 4185 3153 4257; x_wconf 85' lang='lat' dir='ltr'><strong>religione</strong></span> <span class='ocrx_word' id='word_1_641' title='bbox 3215 4185 3406 4237; x_wconf 88' lang='lat' dir='ltr'><strong>essent</strong></span> <span class='ocrx_word' id='word_1_642' title='bbox 3439 4175 3673 4239; x_wconf 84' lang='lat' dir='ltr'><strong>assidui,</strong></span> 
     </span>
    </p>
   </div>
   <div class='ocr_carea' id='block_1_85' title="bbox 426 4280 2986 4360">
    <p class='ocr_par' dir='ltr' id='par_1_85' title="bbox 426 4280 2986 4360">
     <span class='ocr_line' id='line_1_85' title="bbox 426 4280 2986 4360; baseline -0.003 -19"><span class='ocrx_word' id='word_1_643' title='bbox 426 4286 573 4360; x_wconf 89' lang='lat' dir='ltr'><strong>quod</strong></span> <span class='ocrx_word' id='word_1_644' title='bbox 602 4301 633 4340; x_wconf 89' lang='lat' dir='ltr'><strong>a</strong></span> <span class='ocrx_word' id='word_1_645' title='bbox 659 4285 845 4356; x_wconf 80' lang='lat' dir='ltr'><strong>Moyse</strong></span> <span class='ocrx_word' id='word_1_646' title='bbox 872 4284 939 4339; x_wconf 87' lang='lat' dir='ltr'><strong>ad</strong></span> <span class='ocrx_word' id='word_1_647' title='bbox 975 4284 1111 4339; x_wconf 91' lang='lat' dir='ltr'><strong>illud</strong></span> <span class='ocrx_word' id='word_1_648' title='bbox 1138 4284 1422 4353; x_wconf 81' lang='lat' dir='ltr'><strong>exemplar</strong></span> <span class='ocrx_word' id='word_1_649' title='bbox 1450 4284 1597 4352; x_wconf 88' lang='lat' dir='ltr'><strong>quod</strong></span> <span class='ocrx_word' id='word_1_650' title='bbox 1626 4298 1655 4335; x_wconf 92' lang='lat' dir='ltr'><strong>a</strong></span> <span class='ocrx_word' id='word_1_651' title='bbox 1706 4280 1815 4335; x_wconf 85' lang='lat' dir='ltr'><strong>Deo</strong></span> <span class='ocrx_word' id='word_1_652' title='bbox 1846 4290 2214 4339; x_wconf 76' lang='lat' dir='ltr'><strong>monstratum</strong></span> <span class='ocrx_word' id='word_1_653' title='bbox 2254 4290 2360 4350; x_wconf 87' lang='lat' dir='ltr'><strong>est,</strong></span> <span class='ocrx_word' id='word_1_654' title='bbox 2408 4282 2593 4339; x_wconf 82' lang='lat' dir='ltr'><strong>fuerat</strong></span> <span class='ocrx_word' id='word_1_655' title='bbox 2623 4290 2986 4339; x_wconf 79' lang='lat' dir='ltr'><strong>exstructum.</strong></span> 
     </span>
    </p>
   </div>
   <div class='ocr_carea' id='block_1_86' title="bbox 500 4373 2077 4445">
    <p class='ocr_par' dir='ltr' id='par_1_86' title="bbox 500 4373 2077 4445">
     <span class='ocr_line' id='line_1_86' title="bbox 500 4373 2077 4445; baseline -0.001 -11"><span class='ocrx_word' id='word_1_656' title='bbox 500 4378 609 4434; x_wconf 90' lang='lat' dir='ltr'><strong>Sed</strong></span> <span class='ocrx_word' id='word_1_657' title='bbox 643 4375 805 4431; x_wconf 91' lang='lat' dir='ltr'><strong>iidem</strong></span> <span class='ocrx_word' id='word_1_658' title='bbox 837 4375 1011 4437; x_wconf 71' lang='lat' dir='ltr'><strong>Judaei</strong></span> <span class='ocrx_word' id='word_1_659' title='bbox 1047 4376 1116 4430; x_wconf 89' lang='lat' dir='ltr'><strong>de</strong></span> <span class='ocrx_word' id='word_1_660' title='bbox 1158 4374 1401 4429; x_wconf 88' lang='lat' dir='ltr'><strong>adventu</strong></span> <span class='ocrx_word' id='word_1_661' title='bbox 1432 4373 1639 4430; x_wconf 88' lang='lat' dir='ltr'><strong>Christi</strong></span> <span class='ocrx_word' id='word_1_662' title='bbox 1697 4373 1998 4445; x_wconf 88' lang='lat' dir='ltr'><strong>propheta-</strong></span> <span class='ocrx_word' id='word_1_663' title='bbox 2032 4378 2077 4432; x_wconf 87' lang='lat' dir='ltr'><strong>D</strong></span> 
     </span>
    </p>
   </div>
   <div class='ocr_carea' id='block_1_87' title="bbox 424 4466 2000 4540">
    <p class='ocr_par' dir='ltr' id='par_1_87' title="bbox 424 4466 2000 4540">
     <span class='ocr_line' id='line_1_87' title="bbox 424 4466 2000 4540; baseline -0.006 -13"><span class='ocrx_word' id='word_1_664' title='bbox 424 4489 548 4530; x_wconf 88' lang='lat' dir='ltr'><strong>rum</strong></span> <span class='ocrx_word' id='word_1_665' title='bbox 576 4485 843 4539; x_wconf 88' lang='lat' dir='ltr'><strong>accepere</strong></span> <span class='ocrx_word' id='word_1_666' title='bbox 874 4484 1173 4540; x_wconf 90' lang='lat' dir='ltr'><strong>responsa;</strong></span> <span class='ocrx_word' id='word_1_667' title='bbox 1225 4467 1573 4535; x_wconf 88' lang='lat' dir='ltr'><strong>quibuscum</strong></span> <span class='ocrx_word' id='word_1_668' title='bbox 1606 4466 1695 4520; x_wconf 90' lang='lat' dir='ltr'><strong>ille</strong></span> <span class='ocrx_word' id='word_1_669' title='bbox 1732 4467 2000 4536; x_wconf 90' lang='lat' dir='ltr'><strong>propheta</strong></span> 
     </span>
    </p>
   </div>
   <div class='ocr_carea' id='block_1_88' title="bbox 425 4555 1997 4627">
    <p class='ocr_par' dir='ltr' id='par_1_88' title="bbox 425 4555 1997 4627">
     <span class='ocr_line' id='line_1_88' title="bbox 425 4555 1997 4627; baseline -0.005 -8"><span class='ocrx_word' id='word_1_670' title='bbox 425 4565 728 4627; x_wconf 86' lang='lat' dir='ltr'><strong>diceretur,</strong></span> <span class='ocrx_word' id='word_1_671' title='bbox 751 4576 943 4617; x_wconf 89' lang='lat' dir='ltr'><strong>revera</strong></span> <span class='ocrx_word' id='word_1_672' title='bbox 983 4568 1168 4613; x_wconf 92' lang='lat' dir='ltr'><strong>tamen</strong></span> <span class='ocrx_word' id='word_1_673' title='bbox 1203 4558 1348 4612; x_wconf 88' lang='lat' dir='ltr'><strong>Deus</strong></span> <span class='ocrx_word' id='word_1_674' title='bbox 1397 4568 1534 4621; x_wconf 89' lang='lat' dir='ltr'><strong>erat,</strong></span> <span class='ocrx_word' id='word_1_675' title='bbox 1570 4556 1776 4626; x_wconf 84' lang='lat' dir='ltr'><strong>Deique</strong></span> <span class='ocrx_word' id='word_1_676' title='bbox 1802 4555 1997 4621; x_wconf 86' lang='lat' dir='ltr'><strong>Filius,</strong></span> 
     </span>
    </p>
   </div>
   <div class='ocr_carea' id='block_1_89' title="bbox 424 4649 1997 4726">
    <p class='ocr_par' dir='ltr' id='par_1_89' title="bbox 424 4649 1997 4726">
     <span class='ocr_line' id='line_1_89' title="bbox 424 4649 1997 4726; baseline -0.006 -15"><span class='ocrx_word' id='word_1_677' title='bbox 424 4672 552 4711; x_wconf 91' lang='lat' dir='ltr'><strong>cum</strong></span> <span class='ocrx_word' id='word_1_678' title='bbox 586 4656 815 4726; x_wconf 91' lang='lat' dir='ltr'><strong>angelus</strong></span> <span class='ocrx_word' id='word_1_679' title='bbox 845 4653 1237 4723; x_wconf 86' lang='lat' dir='ltr'><strong>appellaretur,</strong></span> <span class='ocrx_word' id='word_1_680' title='bbox 1273 4665 1433 4721; x_wconf 88' lang='lat' dir='ltr'><strong>quem</strong></span> <span class='ocrx_word' id='word_1_681' title='bbox 1465 4658 1519 4705; x_wconf 92' lang='lat' dir='ltr'><strong>et</strong></span> <span class='ocrx_word' id='word_1_682' title='bbox 1540 4650 1817 4704; x_wconf 89' lang='lat' dir='ltr'><strong>hominem</strong></span> <span class='ocrx_word' id='word_1_683' title='bbox 1853 4649 1997 4702; x_wconf 86' lang='lat' dir='ltr'><strong>futu-</strong></span> 
     </span>
    </p>
   </div>
   <div class='ocr_carea' id='block_1_90' title="bbox 426 4740 1996 4816">
    <p class='ocr_par' dir='ltr' id='par_1_90' title="bbox 426 4740 1996 4816">
     <span class='ocr_line' id='line_1_90' title="bbox 426 4740 1996 4816; baseline -0.006 -14"><span class='ocrx_word' id='word_1_684' title='bbox 426 4764 572 4811; x_wconf 91' lang='lat' dir='ltr'><strong>rum,</strong></span> <span class='ocrx_word' id='word_1_685' title='bbox 612 4762 781 4816; x_wconf 91' lang='lat' dir='ltr'><strong>seque</strong></span> <span class='ocrx_word' id='word_1_686' title='bbox 811 4744 881 4799; x_wconf 90' lang='lat' dir='ltr'><strong>ad</strong></span> <span class='ocrx_word' id='word_1_687' title='bbox 913 4742 1117 4803; x_wconf 78' lang='lat' dir='ltr'><strong>fratres</strong></span> <span class='ocrx_word' id='word_1_688' title='bbox 1162 4757 1295 4797; x_wconf 88' lang='lat' dir='ltr'><strong>suos</strong></span> <span class='ocrx_word' id='word_1_689' title='bbox 1330 4750 1757 4811; x_wconf 82' lang='lat' dir='ltr'><strong>aggregaturum</strong></span> <span class='ocrx_word' id='word_1_690' title='bbox 1785 4740 1877 4793; x_wconf 90' lang='lat' dir='ltr'><strong>illa</strong></span> <span class='ocrx_word' id='word_1_691' title='bbox 1903 4755 1996 4794; x_wconf 82' lang='lat' dir='ltr'><strong>ea-</strong></span> 
     </span>
    </p>
   </div>
   <div class='ocr_carea' id='block_1_91' title="bbox 427 4832 1996 4908">
    <p class='ocr_par' dir='ltr' id='par_1_91' title="bbox 427 4832 1996 4908">
     <span class='ocr_line' id='line_1_91' title="bbox 427 4832 1996 4908; baseline -0.007 -10"><span class='ocrx_word' id='word_1_692' title='bbox 427 4843 552 4898; x_wconf 87' lang='lat' dir='ltr'><strong>dem</strong></span> <span class='ocrx_word' id='word_1_693' title='bbox 574 4840 798 4894; x_wconf 90' lang='lat' dir='ltr'><strong>oracula</strong></span> <span class='ocrx_word' id='word_1_694' title='bbox 843 4836 1223 4908; x_wconf 89' lang='lat' dir='ltr'><strong>prodiderunt.</strong></span> <span class='ocrx_word' id='word_1_695' title='bbox 1256 4833 1426 4902; x_wconf 84' lang='lat' dir='ltr'><strong>Cujus</strong></span> <span class='ocrx_word' id='word_1_696' title='bbox 1457 4833 1537 4887; x_wconf 91' lang='lat' dir='ltr'><strong>rei</strong></span> <span class='ocrx_word' id='word_1_697' title='bbox 1596 4832 1757 4887; x_wconf 83' lang='lat' dir='ltr'><strong>tidem</strong></span> <span class='ocrx_word' id='word_1_698' title='bbox 1792 4833 1996 4887; x_wconf 73' lang='lat' dir='ltr'><strong>divina:</strong></span> 
     </span>
    </p>
   </div>
   <div class='ocr_carea' id='block_1_92' title="bbox 426 4925 1999 5001">
    <p class='ocr_par' dir='ltr' id='par_1_92' title="bbox 426 4925 1999 5001">
     <span class='ocr_line' id='line_1_92' title="bbox 426 4925 1999 5001; baseline -0.005 -14"><span class='ocrx_word' id='word_1_699' title='bbox 426 4948 621 4993; x_wconf 90' lang='lat' dir='ltr'><strong>omnes</strong></span> <span class='ocrx_word' id='word_1_700' title='bbox 657 4931 959 5001; x_wconf 61' lang='lat' dir='ltr'><strong>Scriptura:</strong></span> <span class='ocrx_word' id='word_1_701' title='bbox 985 4929 1226 4994; x_wconf 81' lang='lat' dir='ltr'><strong>faciunt;</strong></span> <span class='ocrx_word' id='word_1_702' title='bbox 1279 4927 1375 4982; x_wconf 90' lang='lat' dir='ltr'><strong>sed</strong></span> <span class='ocrx_word' id='word_1_703' title='bbox 1406 4925 1818 4981; x_wconf 90' lang='lat' dir='ltr'><strong>Deuteronomii</strong></span> <span class='ocrx_word' id='word_1_704' title='bbox 1858 4926 1999 4980; x_wconf 89' lang='lat' dir='ltr'><strong>liber</strong></span> 
     </span>
    </p>
   </div>
   <div class='ocr_carea' id='block_1_93' title="bbox 426 5018 1995 5096">
    <p class='ocr_par' dir='ltr' id='par_1_93' title="bbox 426 5018 1995 5096">
     <span class='ocr_line' id='line_1_93' title="bbox 426 5018 1995 5096; baseline -0.003 -17"><span class='ocrx_word' id='word_1_705' title='bbox 426 5027 482 5085; x_wconf 84' lang='lat' dir='ltr'><strong>in</strong></span> <span class='ocrx_word' id='word_1_706' title='bbox 508 5024 725 5096; x_wconf 87' lang='lat' dir='ltr'><strong>primis,</strong></span> <span class='ocrx_word' id='word_1_707' title='bbox 758 5022 904 5093; x_wconf 88' lang='lat' dir='ltr'><strong>quod</strong></span> <span class='ocrx_word' id='word_1_708' title='bbox 928 5030 1015 5077; x_wconf 90' lang='lat' dir='ltr'><strong>est</strong></span> <span class='ocrx_word' id='word_1_709' title='bbox 1047 5022 1301 5091; x_wconf 89' lang='lat' dir='ltr'><strong>quintum</strong></span> <span class='ocrx_word' id='word_1_710' title='bbox 1334 5018 1470 5089; x_wconf 86' lang='lat' dir='ltr'><strong>legis</strong></span> <span class='ocrx_word' id='word_1_711' title='bbox 1503 5019 1783 5083; x_wconf 88' lang='lat' dir='ltr'><strong>volumen,</strong></span> <span class='ocrx_word' id='word_1_712' title='bbox 1812 5032 1877 5072; x_wconf 89' lang='lat' dir='ltr'><strong>ac</strong></span> <span class='ocrx_word' id='word_1_713' title='bbox 1904 5034 1995 5074; x_wconf 83' lang='lat' dir='ltr'><strong>re-</strong></span> 
     </span>
    </p>
   </div>
   <div class='ocr_carea' id='block_1_94' title="bbox 425 5112 1091 5185">
    <p class='ocr_par' dir='ltr' id='par_1_94' title="bbox 425 5112 1091 5185">
     <span class='ocr_line' id='line_1_94' title="bbox 425 5112 1091 5185; baseline -0.011 -14"><span class='ocrx_word' id='word_1_714' title='bbox 425 5117 575 5185; x_wconf 88' lang='lat' dir='ltr'><strong>liqua</strong></span> <span class='ocrx_word' id='word_1_715' title='bbox 608 5112 1091 5182; x_wconf 82' lang='lat' dir='ltr'><strong>deinceps‘omnia.</strong></span> 
     </span>
    </p>
   </div>
   <div class='ocr_carea' id='block_1_95' title="bbox 501 5228 883 5293">
    <p class='ocr_par' dir='ltr' id='par_1_95' title="bbox 501 5228 883 5293">
     <span class='ocr_line' id='line_1_95' title="bbox 501 5228 883 5293; baseline 0 -10"><span class='ocrx_word' id='word_1_716' title='bbox 501 5230 517 5261; x_wconf 75' lang='grc'>¹</span> <span class='ocrx_word' id='word_1_717' title='bbox 542 5229 716 5291; x_wconf 75' lang='lat' dir='ltr'><strong>Exod.</strong></span> <span class='ocrx_word' id='word_1_718' title='bbox 749 5245 791 5293; x_wconf 91' lang='grc' dir='ltr'>ι,</span> <span class='ocrx_word' id='word_1_719' title='bbox 829 5228 883 5292; x_wconf 81' lang='grc' dir='ltr'>Ἰ.</span> 
     </span>
    </p>
   </div>
   <div class='ocr_carea' id='block_1_96' title="bbox 352 5378 2009 5460">
    <p class='ocr_par' dir='ltr' id='par_1_96' title="bbox 352 5378 2009 5460">
     <span class='ocr_line' id='line_1_96' title="bbox 352 5378 2009 5460; baseline -0.008 -16"><span class='ocrx_word' id='word_1_720' title='bbox 352 5445 356 5449; x_wconf 69' lang='grc'><strong>,</strong></span> <span class='ocrx_word' id='word_1_721' title='bbox 498 5387 615 5460; x_wconf 78' lang='grc'><strong>(56)</strong></span> <span class='ocrx_word' id='word_1_722' title='bbox 659 5388 765 5441; x_wconf 78' lang='grc' dir='ltr'><strong>Καὶ</strong></span> <span class='ocrx_word' id='word_1_723' title='bbox 817 5383 1390 5460; x_wconf 28' lang='grc' dir='ltr'><strong>χυδᾳνῒοι’ἐγιτιίνίγντοἶ</strong></span> <span class='ocrx_word' id='word_1_724' title='bbox 1430 5384 1653 5460; x_wconf 62' lang='grc' dir='ltr'>Χυδαῖοι</span> <span class='ocrx_word' id='word_1_725' title='bbox 1711 5382 1816 5460; x_wconf 64' lang='lat' dir='ltr'><strong>hoc</strong></span> <span class='ocrx_word' id='word_1_726' title='bbox 1851 5378 2009 5460; x_wconf 40' lang='lat' dir='ltr'><strong>.loco</strong></span> 
     </span>
    </p>
   </div>
   <div class='ocr_carea' id='block_1_97' title="bbox 354 5449 2005 5530">
    <p class='ocr_par' dir='ltr' id='par_1_97' title="bbox 354 5449 2005 5530">
     <span class='ocr_line' id='line_1_97' title="bbox 354 5449 2005 5530; baseline -0.01 -14"><span class='ocrx_word' id='word_1_727' title='bbox 354 5465 358 5471; x_wconf 76' lang='grc'>’</span> <span class='ocrx_word' id='word_1_728' title='bbox 432 5449 573 5515; x_wconf 76' lang='lat' dir='ltr'><strong>idem</strong></span> <span class='ocrx_word' id='word_1_729' title='bbox 597 5449 687 5515; x_wconf 77' lang='lat' dir='ltr'><strong>cst</strong></span> <span class='ocrx_word' id='word_1_730' title='bbox 718 5449 879 5530; x_wconf 70' lang='lat' dir='ltr'><strong>atque</strong></span> <span class='ocrx_word' id='word_1_731' title='bbox 908 5449 1257 5530; x_wconf 68' lang='lat' dir='ltr'><strong>abundantes,</strong></span> <span class='ocrx_word' id='word_1_732' title='bbox 1277 5454 1472 5530; x_wconf 67' lang='lat' dir='ltr'><strong>copiosi</strong></span> <span class='ocrx_word' id='word_1_733' title='bbox 1501 5454 1733 5530; x_wconf 64' lang='lat' dir='ltr'><strong>fuerunt.</strong></span> <span class='ocrx_word' id='word_1_734' title='bbox 1768 5449 2005 5530; x_wconf 76' lang='lat' dir='ltr'><strong>Epipha-</strong></span> 
     </span>
    </p>
   </div>
   <div class='ocr_carea' id='block_1_98' title="bbox 433 5523 2006 5597">
    <p class='ocr_par' dir='ltr' id='par_1_98' title="bbox 433 5523 2006 5597">
     <span class='ocr_line' id='line_1_98' title="bbox 433 5523 2006 5597; baseline -0.01 -11"><span class='ocrx_word' id='word_1_735' title='bbox 433 5532 557 5586; x_wconf 88' lang='lat' dir='ltr'><strong>nius</strong></span> <span class='ocrx_word' id='word_1_736' title='bbox 587 5544 715 5583; x_wconf 89' lang='lat' dir='ltr'><strong>vcro</strong></span> <span class='ocrx_word' id='word_1_737' title='bbox 746 5523 972 5597; x_wconf 81' lang='lat' dir='ltr'><strong>perinde</strong></span> <span class='ocrx_word' id='word_1_738' title='bbox 1005 5526 1107 5579; x_wconf 87' lang='lat' dir='ltr'><strong>hoc</strong></span> <span class='ocrx_word' id='word_1_739' title='bbox 1123 5524 1460 5597; x_wconf 63' lang='lat' dir='ltr'><strong>vocabulum</strong></span> <span class='ocrx_word' id='word_1_740' title='bbox 1498 5523 1730 5597; x_wconf 88' lang='lat' dir='ltr'><strong>accipit._</strong></span> <span class='ocrx_word' id='word_1_741' title='bbox 1759 5536 1821 5573; x_wconf 88' lang='lat' dir='ltr'><strong>ac</strong></span> <span class='ocrx_word' id='word_1_742' title='bbox 1854 5523 1899 5574; x_wconf 89' lang='lat' dir='ltr'><strong>si</strong></span> <span class='ocrx_word' id='word_1_743' title='bbox 1930 5523 2006 5571; x_wconf 84' lang='lat' dir='ltr'><strong>vi-</strong></span> 
     </span>
    </p>
   </div>
   <div class='ocr_carea' id='block_1_99' title="bbox 430 5592 2007 5665">
    <p class='ocr_par' dir='ltr' id='par_1_99' title="bbox 430 5592 2007 5665">
     <span class='ocr_line' id='line_1_99' title="bbox 430 5592 2007 5665; baseline -0.006 -13"><span class='ocrx_word' id='word_1_744' title='bbox 430 5601 506 5661; x_wconf 71' lang='lat' dir='ltr'><strong>[es</strong></span> <span class='ocrx_word' id='word_1_745' title='bbox 534 5610 583 5653; x_wconf 88' lang='lat' dir='ltr'><strong>et</strong></span> <span class='ocrx_word' id='word_1_746' title='bbox 611 5592 933 5665; x_wconf 79' lang='lat' dir='ltr'><strong>contémptos</strong></span> <span class='ocrx_word' id='word_1_747' title='bbox 966 5594 1318 5665; x_wconf 75' lang='lat' dir='ltr'><strong>signiﬁcaret.</strong></span> <span class='ocrx_word' id='word_1_748' title='bbox 1353 5592 1500 5665; x_wconf 80' lang='lat' dir='ltr'><strong>Nam</strong></span> <span class='ocrx_word' id='word_1_749' title='bbox 1522 5608 1585 5665; x_wconf 80' lang='lat' dir='ltr'><strong>ea</strong></span> <span class='ocrx_word' id='word_1_750' title='bbox 1614 5592 1766 5645; x_wconf 87' lang='lat' dir='ltr'><strong>vocis</strong></span> <span class='ocrx_word' id='word_1_751' title='bbox 1794 5598 1877 5644; x_wconf 90' lang='lat' dir='ltr'><strong>est</strong></span> <span class='ocrx_word' id='word_1_752' title='bbox 1910 5603 2007 5657; x_wconf 91' lang='lat' dir='ltr'><strong>po-</strong></span> 
     </span>
    </p>
   </div>
   <div class='ocr_carea' id='block_1_100' title="bbox 434 5663 2009 5747">
    <p class='ocr_par' dir='ltr' id='par_1_100' title="bbox 434 5663 2009 5747">
     <span class='ocr_line' id='line_1_100' title="bbox 434 5663 2009 5747; baseline -0.005 -22"><span class='ocrx_word' id='word_1_753' title='bbox 434 5680 621 5739; x_wconf 68' lang='lat' dir='ltr'><strong>testas,</strong></span> <span class='ocrx_word' id='word_1_754' title='bbox 674 5663 1189 5747; x_wconf 25' lang='lat' dir='ltr'><strong>llinc’dactylorum</strong></span> <span class='ocrx_word' id='word_1_755' title='bbox 1232 5682 1404 5747; x_wconf 75' lang='lat' dir='ltr'><strong>genus</strong></span> <span class='ocrx_word' id='word_1_756' title='bbox 1452 5663 1594 5727; x_wconf 87' lang='lat' dir='ltr'><strong>divis</strong></span> <span class='ocrx_word' id='word_1_757' title='bbox 1643 5675 1861 5719; x_wconf 80' lang='lat' dir='ltr'><strong>sacrum</strong></span> <span class='ocrx_word' id='word_1_758' title='bbox 1912 5672 2009 5739; x_wconf 75' lang='lat' dir='ltr'><strong>per</strong></span> 
     </span>
    </p>
   </div>
   <div class='ocr_carea' id='block_1_101' title="bbox 2191 4369 3674 4447">
    <p class='ocr_par' dir='ltr' id='par_1_101' title="bbox 2191 4369 3674 4447">
     <span class='ocr_line' id='line_1_101' title="bbox 2191 4369 3674 4447; baseline -0.008 -17"><span class='ocrx_word' id='word_1_759' title='bbox 2191 4377 2475 4445; x_wconf 78' lang='grc' dir='ltr'>Ἐδέξαντο</span> <span class='ocrx_word' id='word_1_760' title='bbox 2522 4376 2655 4447; x_wconf 82' lang='grc' dir='ltr'>γοῦν</span> <span class='ocrx_word' id='word_1_761' title='bbox 2710 4379 2759 4431; x_wconf 80' lang='lat' dir='ltr'><strong>oi</strong></span> <span class='ocrx_word' id='word_1_762' title='bbox 2822 4376 2976 4433; x_wconf 64' lang='grc' dir='ltr'>αὐτοὶ</span> <span class='ocrx_word' id='word_1_763' title='bbox 3035 4372 3277 4426; x_wconf 87' lang='grc' dir='ltr'>Ἰουδαῖοι</span> <span class='ocrx_word' id='word_1_764' title='bbox 3314 4369 3407 4423; x_wconf 72' lang='grc' dir='ltr'><strong>καὶ</strong></span> <span class='ocrx_word' id='word_1_765' title='bbox 3465 4381 3674 4439; x_wconf 74' lang='grc' dir='ltr'>προφη-</span> 
     </span>
    </p>
   </div>
   <div class='ocr_carea' id='block_1_102' title="bbox 2107 4460 3676 4541">
    <p class='ocr_par' dir='ltr' id='par_1_102' title="bbox 2107 4460 3676 4541">
     <span class='ocr_line' id='line_1_102' title="bbox 2107 4460 3676 4541; baseline -0.01 -16"><span class='ocrx_word' id='word_1_766' title='bbox 2107 4472 2266 4534; x_wconf 84' lang='grc' dir='ltr'>τικὰς</span> <span class='ocrx_word' id='word_1_767' title='bbox 2296 4470 2478 4540; x_wconf 84' lang='grc' dir='ltr'>φωνὰς</span> <span class='ocrx_word' id='word_1_768' title='bbox 2506 4471 2635 4541; x_wconf 71' lang='grc' dir='ltr'>περὶ</span> <span class='ocrx_word' id='word_1_769' title='bbox 2663 4468 2757 4523; x_wconf 90' lang='grc' dir='ltr'><strong>τοῦ</strong></span> <span class='ocrx_word' id='word_1_770' title='bbox 2776 4466 3013 4539; x_wconf 79' lang='grc' dir='ltr'>Χριστοῦ</span> <span class='ocrx_word' id='word_1_771' title='bbox 3040 4464 3354 4537; x_wconf 74' lang='grc' dir='ltr'>ἐρχομένου,</span> <span class='ocrx_word' id='word_1_772' title='bbox 3384 4460 3676 4531; x_wconf 76' lang='grc' dir='ltr'>λεγομένου</span> 
     </span>
    </p>
   </div>
   <div class='ocr_carea' id='block_1_103' title="bbox 2112 4555 3677 4635">
    <p class='ocr_par' dir='ltr' id='par_1_103' title="bbox 2112 4555 3677 4635">
     <span class='ocr_line' id='line_1_103' title="bbox 2112 4555 3677 4635; baseline -0.008 -18"><span class='ocrx_word' id='word_1_773' title='bbox 2112 4564 2209 4633; x_wconf 83' lang='grc' dir='ltr'><strong>μὲν</strong></span> <span class='ocrx_word' id='word_1_774' title='bbox 2240 4564 2541 4635; x_wconf 83' lang='grc' dir='ltr'>προφήτου,</span> <span class='ocrx_word' id='word_1_775' title='bbox 2573 4563 2724 4626; x_wconf 74' lang='grc' dir='ltr'>ὄντος</span> <span class='ocrx_word' id='word_1_776' title='bbox 2756 4562 2810 4615; x_wconf 84' lang='grc' dir='ltr'><strong>δὲ</strong></span> <span class='ocrx_word' id='word_1_777' title='bbox 2837 4559 2994 4625; x_wconf 83' lang='grc' dir='ltr'>Θεοῦ,</span> <span class='ocrx_word' id='word_1_778' title='bbox 3035 4559 3128 4613; x_wconf 68' lang='grc' dir='ltr'><strong>καὶ</strong></span> <span class='ocrx_word' id='word_1_779' title='bbox 3158 4557 3388 4626; x_wconf 88' lang='grc' dir='ltr'>ἀγγέλου</span> <span class='ocrx_word' id='word_1_780' title='bbox 3429 4557 3536 4626; x_wconf 77' lang='grc' dir='ltr'><strong>μὲν</strong></span> <span class='ocrx_word' id='word_1_781' title='bbox 3567 4555 3677 4621; x_wconf 75' lang='grc' dir='ltr'><strong>κλη-</strong></span> 
     </span>
    </p>
   </div>
   <div class='ocr_carea' id='block_1_104' title="bbox 2112 4647 3674 4723">
    <p class='ocr_par' dir='ltr' id='par_1_104' title="bbox 2112 4647 3674 4723">
     <span class='ocr_line' id='line_1_104' title="bbox 2112 4647 3674 4723; baseline -0.008 -13"><span class='ocrx_word' id='word_1_782' title='bbox 2112 4656 2317 4720; x_wconf 83' lang='grc' dir='ltr'>θέντος,</span> <span class='ocrx_word' id='word_1_783' title='bbox 2348 4656 2475 4709; x_wconf 87' lang='grc' dir='ltr'>Υίοῦ</span> <span class='ocrx_word' id='word_1_784' title='bbox 2500 4655 2555 4708; x_wconf 86' lang='grc' dir='ltr'><strong>δὲ</strong></span> <span class='ocrx_word' id='word_1_785' title='bbox 2582 4655 2732 4719; x_wconf 82' lang='grc' dir='ltr'>ὄντος</span> <span class='ocrx_word' id='word_1_786' title='bbox 2751 4653 2907 4716; x_wconf 83' lang='grc' dir='ltr'>Θεοῦ,</span> <span class='ocrx_word' id='word_1_787' title='bbox 2937 4652 3218 4723; x_wconf 84' lang='grc' dir='ltr'>μέλλοντος</span> <span class='ocrx_word' id='word_1_788' title='bbox 3245 4649 3301 4701; x_wconf 85' lang='grc' dir='ltr'>δὲ</span> <span class='ocrx_word' id='word_1_789' title='bbox 3327 4647 3674 4719; x_wconf 77' lang='grc' dir='ltr'>ὲνανθρωπή-</span> 
     </span>
    </p>
   </div>
   <div class='ocr_carea' id='block_1_105' title="bbox 2114 4736 3677 4812">
    <p class='ocr_par' dir='ltr' id='par_1_105' title="bbox 2114 4736 3677 4812">
     <span class='ocr_line' id='line_1_105' title="bbox 2114 4736 3677 4812; baseline -0.005 -12"><span class='ocrx_word' id='word_1_790' title='bbox 2114 4763 2248 4807; x_wconf 87' lang='grc' dir='ltr'>σειν,</span> <span class='ocrx_word' id='word_1_791' title='bbox 2303 4746 2400 4799; x_wconf 75' lang='grc' dir='ltr'><strong>καὶ</strong></span> <span class='ocrx_word' id='word_1_792' title='bbox 2448 4746 2505 4799; x_wconf 84' lang='grc' dir='ltr'><strong>ὲν</strong></span> <span class='ocrx_word' id='word_1_793' title='bbox 2558 4744 2806 4812; x_wconf 85' lang='grc' dir='ltr'>ἀδελφοῖς</span> <span class='ocrx_word' id='word_1_794' title='bbox 2856 4742 3016 4795; x_wconf 84' lang='grc' dir='ltr'>αὑτὸν</span> <span class='ocrx_word' id='word_1_795' title='bbox 3063 4736 3561 4809; x_wconf 83' lang='grc' dir='ltr'>ἐγκαταλέγεσθαι,</span> <span class='ocrx_word' id='word_1_796' title='bbox 3614 4736 3677 4792; x_wconf 75' lang='grc' dir='ltr'>ὡς</span> 
     </span>
    </p>
   </div>
   <div class='ocr_carea' id='block_1_106' title="bbox 2110 4826 3673 4905">
    <p class='ocr_par' dir='ltr' id='par_1_106' title="bbox 2110 4826 3673 4905">
     <span class='ocr_line' id='line_1_106' title="bbox 2110 4826 3673 4905; baseline -0.008 -17"><span class='ocrx_word' id='word_1_797' title='bbox 2110 4836 2290 4905; x_wconf 81' lang='grc' dir='ltr'>ἔχουσι</span> <span class='ocrx_word' id='word_1_798' title='bbox 2319 4838 2489 4888; x_wconf 83' lang='grc' dir='ltr'>πᾶσαι</span> <span class='ocrx_word' id='word_1_799' title='bbox 2523 4834 2579 4889; x_wconf 87' lang='grc' dir='ltr'><strong>αί</strong></span> <span class='ocrx_word' id='word_1_800' title='bbox 2606 4835 2743 4887; x_wconf 84' lang='grc' dir='ltr'>θεῖαι</span> <span class='ocrx_word' id='word_1_801' title='bbox 2772 4832 3007 4904; x_wconf 78' lang='grc' dir='ltr'>Γραφαὶ,</span> <span class='ocrx_word' id='word_1_802' title='bbox 3048 4830 3279 4902; x_wconf 81' lang='grc' dir='ltr'>μάλιστα</span> <span class='ocrx_word' id='word_1_803' title='bbox 3309 4830 3343 4898; x_wconf 82' lang='grc' dir='ltr'>ἡ</span> <span class='ocrx_word' id='word_1_804' title='bbox 3366 4826 3467 4879; x_wconf 82' lang='grc' dir='ltr'><strong>τοῦ</strong></span> <span class='ocrx_word' id='word_1_805' title='bbox 3501 4830 3673 4878; x_wconf 64' lang='lat' dir='ltr'><strong>Asina-</strong></span> 
     </span>
    </p>
   </div>
   <div class='ocr_carea' id='block_1_107' title="bbox 2112 4917 3675 5000">
    <p class='ocr_par' dir='ltr' id='par_1_107' title="bbox 2112 4917 3675 5000">
     <span class='ocr_line' id='line_1_107' title="bbox 2112 4917 3675 5000; baseline -0.01 -17"><span class='ocrx_word' id='word_1_806' title='bbox 2112 4930 2365 5000; x_wconf 83' lang='grc' dir='ltr'>ρονομίου</span> <span class='ocrx_word' id='word_1_807' title='bbox 2413 4928 2555 4991; x_wconf 71' lang='grc' dir='ltr'>κατὰ</span> <span class='ocrx_word' id='word_1_808' title='bbox 2594 4928 2694 5000; x_wconf 83' lang='grc' dir='ltr'><strong>τήν</strong></span> <span class='ocrx_word' id='word_1_809' title='bbox 2733 4925 3052 4997; x_wconf 83' lang='grc' dir='ltr'>νομοθεσίαν</span> <span class='ocrx_word' id='word_1_810' title='bbox 3090 4924 3316 4993; x_wconf 79' lang='grc' dir='ltr'>πέμπτη</span> <span class='ocrx_word' id='word_1_811' title='bbox 3351 4918 3567 4989; x_wconf 76' lang='grc' dir='ltr'>βίϐλος,</span> <span class='ocrx_word' id='word_1_812' title='bbox 3597 4917 3675 4969; x_wconf 65' lang='grc' dir='ltr'><strong>καὶ</strong></span> 
     </span>
    </p>
   </div>
   <div class='ocr_carea' id='block_1_108' title="bbox 2107 5018 2359 5091">
    <p class='ocr_par' dir='ltr' id='par_1_108' title="bbox 2107 5018 2359 5091">
     <span class='ocr_line' id='line_1_108' title="bbox 2107 5018 2359 5091; baseline -0.012 -14"><span class='ocrx_word' id='word_1_813' title='bbox 2107 5018 2359 5091; x_wconf 81' lang='grc' dir='ltr'>καθεξῆς.</span> 
     </span>
    </p>
   </div>
   <div class='ocr_carea' id='block_1_109' title="bbox 2113 5363 3676 5447">
    <p class='ocr_par' dir='ltr' id='par_1_109' title="bbox 2113 5363 3676 5447">
     <span class='ocr_line' id='line_1_109' title="bbox 2113 5363 3676 5447; baseline -0.011 -15"><span class='ocrx_word' id='word_1_814' title='bbox 2113 5386 2485 5447; x_wconf 89' lang='lat' dir='ltr'><strong>contemptum</strong></span> <span class='ocrx_word' id='word_1_815' title='bbox 2539 5392 2571 5431; x_wconf 88' lang='lat' dir='ltr'><strong>a</strong></span> <span class='ocrx_word' id='word_1_816' title='bbox 2599 5374 2803 5447; x_wconf 62' lang='lat' dir='ltr'><strong>Iudaeis</strong></span> <span class='ocrx_word' id='word_1_817' title='bbox 2835 5371 3118 5447; x_wconf 62' lang='lat' dir='ltr'><strong>chydatum</strong></span> <span class='ocrx_word' id='word_1_818' title='bbox 3146 5374 3435 5447; x_wconf 65' lang='lat' dir='ltr'><strong>vocatum.</strong></span> <span class='ocrx_word' id='word_1_819' title='bbox 3477 5363 3676 5447; x_wconf 71' lang='lat' dir='ltr'><strong>Plinius</strong></span> 
     </span>
    </p>
   </div>
   <div class='ocr_carea' id='block_1_110' title="bbox 2114 5434 3672 5514">
    <p class='ocr_par' dir='ltr' id='par_1_110' title="bbox 2114 5434 3672 5514">
     <span class='ocr_line' id='line_1_110' title="bbox 2114 5434 3672 5514; baseline -0.011 -11"><span class='ocrx_word' id='word_1_820' title='bbox 2114 5450 2208 5503; x_wconf 91' lang='lat' dir='ltr'><strong>lib.</strong></span> <span class='ocrx_word' id='word_1_821' title='bbox 2241 5434 2399 5514; x_wconf 69' lang='lat' dir='ltr'><strong>xxxii,</strong></span> <span class='ocrx_word' id='word_1_822' title='bbox 2427 5464 2477 5502; x_wconf 92' lang='lat' dir='ltr'><strong>c.</strong></span> <span class='ocrx_word' id='word_1_823' title='bbox 2504 5448 2568 5501; x_wconf 68' lang='lat'><strong>4:</strong></span> <span class='ocrx_word' id='word_1_824' title='bbox 2608 5445 2751 5499; x_wconf 87' lang='lat' dir='ltr'><strong>Nam</strong></span> <span class='ocrx_word' id='word_1_825' title='bbox 2781 5434 3001 5514; x_wconf 61' lang='lat' dir='ltr'><strong>quos&#39;ea:</strong></span> <span class='ocrx_word' id='word_1_826' title='bbox 3032 5442 3098 5514; x_wconf 75' lang='lat' dir='ltr'><strong>iis</strong></span> <span class='ocrx_word' id='word_1_827' title='bbox 3137 5440 3322 5494; x_wconf 81' lang='lat' dir='ltr'><strong>honori</strong></span> <span class='ocrx_word' id='word_1_828' title='bbox 3356 5438 3578 5489; x_wconf 81' lang='lat' dir='ltr'><strong>deorum</strong></span> 
     </span>
    </p>
   </div>
   <div class='ocr_carea' id='block_1_111' title="bbox 2116 5505 3678 5586">
    <p class='ocr_par' dir='ltr' id='par_1_111' title="bbox 2116 5505 3678 5586">
     <span class='ocr_line' id='line_1_111' title="bbox 2116 5505 3678 5586; baseline -0.009 -14"><span class='ocrx_word' id='word_1_829' title='bbox 2116 5537 2319 5580; x_wconf 85' lang='lat' dir='ltr'><strong>camus,</strong></span> <span class='ocrx_word' id='word_1_830' title='bbox 2353 5505 2594 5586; x_wconf 71' lang='lat' dir='ltr'><strong>chydazos</strong></span> <span class='ocrx_word' id='word_1_831' title='bbox 2647 5505 2925 5585; x_wconf 67' lang='lat' dir='ltr'><strong>appellavit</strong></span> <span class='ocrx_word' id='word_1_832' title='bbox 2954 5512 3168 5580; x_wconf 67' lang='lat' dir='ltr'><strong>Iudaea,</strong></span> <span class='ocrx_word' id='word_1_833' title='bbox 3197 5526 3322 5580; x_wconf 74' lang='lat' dir='ltr'><strong>gens</strong></span> <span class='ocrx_word' id='word_1_834' title='bbox 3363 5505 3678 5563; x_wconf 66' lang='lat' dir='ltr'><strong>contumelia</strong></span> 
     </span>
    </p>
   </div>
   <div class='ocr_carea' id='block_1_112' title="bbox 2114 5588 2641 5659">
    <p class='ocr_par' dir='ltr' id='par_1_112' title="bbox 2114 5588 2641 5659">
     <span class='ocr_line' id='line_1_112' title="bbox 2114 5588 2641 5659; baseline -0.004 -16"><span class='ocrx_word' id='word_1_835' title='bbox 2114 5592 2389 5645; x_wconf 80' lang='lat' dir='ltr'><strong>numinum</strong></span> <span class='ocrx_word' id='word_1_836' title='bbox 2418 5588 2641 5659; x_wconf 80' lang='lat' dir='ltr'><strong>insignis</strong></span> 
     </span>
    </p>
   </div>
  </div>
