3754 6182
22 178 73 234 13
588 172 961 230 ADVERSUS
999 172 1341 235 HERESES
1376 174 1504 231 LIB.

1695 172 1786 231 )M.
1823 172 1868 231 Ι.
1911 201 1980 214 -
2025 169 2298 226 ΗᾸΕΒΕΒ.
2340 167 2465 226 VIII.
3070 166 3177 223 2M

44 296 115 359 ς’.
144 292 334 362 Ἔσκον
364 290 423 345 δὲ
454 281 599 345 οὗτοι
630 291 681 342 οί
717 290 957 345 Ἰουδαῖοι
993 290 1120 364 ἄχρι
1145 293 1241 363 τῆς
1265 292 1374 346 ἀπὸ
1400 292 1507 345 Βα-

1697 288 1766 345 Vl.
1793 291 1873 345 Ac
1900 289 2047 360 quod
2070 290 2136 345 ad
2168 287 2387 344 Judaaos
2424 287 2564 341 istos
2606 285 2824 351 attinet,
2860 282 2968 354 19
2991 282 3058 337 ad
3107 284 3179 338 il-

21 384 183 446 υλῶνος
211 382 585 452 αἰχμαλωσίας
619 381 874 434 ἐπανόδου
911 382 1122 452 βίϐλους
1148 400 1207 437 τε
1244 384 1337 436 καὶ
1379 399 1503 455 προ-

1698 384 1711 437 I
1767 398 1943 455 usque
1984 391 2227 452 tempus,
2279 396 2388 452 quo
2433 395 2498 436 ex
2544 378 2876 450 Babylonica
2909 378 3180 434 servitute

22 478 130 544 ήτας
155 473 399 537 τούτους,
424 473 519 527 καὶ
550 472 845 543 προφητῶν
878 473 1090 543 βίϐλους
1114 473 1337 538 ταύτας·
1361 473 1504 545 πρώ-

1694 476 1823 531 rersi
1856 482 2009 538 sunt,
2032 475 2134 529 hos
2166 481 2219 529 et
2243 472 2559 544 prophetas,
2601 478 2663 526 et
2691 469 3079 541 prophetarum
3106 469 3176 522 li-

19 581 63 633 ην
89 562 177 633 μὲν
201 561 440 627 Γένεσιν,
467 560 722 630 δευτέραν
743 560 800 613 δὲ
826 560 1061 627 Ἔξοδον,
1090 564 1282 634 τρίτην
1302 563 1501 616 Λευῖτι-

1693 584 1747 623 os
1776 568 2110 621 habuerunt.
2166 564 2383 621 Primus
2439 572 2525 621 est
2577 561 2852 617 Ceneseos
2904 560 3076 626 liber;
3112 574 3175 625 ιι,

20 656 82 715 ἐν,
120 652 379 723 τετάρτην
421 651 731 722 Ἀριθμοὺς,
780 652 1034 724 πέμπτην
1080 655 1502 728 Δευτερονόμιον,

1694 659 1821 724 ηοιιίς
1880 676 1964 723 ιιι,
1998 658 2309 721 Leviticus;
2351 674 2424 716 tv.
2455 654 2709 717 Numeri;
2742 671 2797 715 v,
2840 651 3176 707 Deuterono-

20 762 120 813 κτην
149 744 324 813 βίϐλον
358 743 532 814 Ἰησοῦ
558 743 649 796 τοῦ
676 744 854 813 Ναυῆ,
886 744 1117 814 ὲϐδὸμην
1144 746 1250 798 τῶν
1276 748 1502 819 Κριτῶν.

1699 762 1821 813 um;
1850 762 1925 812 vi,
1955 746 2095 801 liber
2124 744 2254 801 Jesu
2283 744 2379 799 filii
2405 742 2584 810 Nave;
2608 759 2709 808 vn,
2743 739 2997 795 Judicum
3018 757 3033 806 ;
3053 754 3174 803 vm,

20 838 143 905 γδόην
186 836 284 905 τῆς
347 835 523 900 Ῥοῦθ,
582 835 809 904 ἐννάτην
858 835 954 888 τοῦ
998 834 1138 898 Ἰὼϐ,
1187 836 1416 910 δεκάτην
1453 841 1502 893 τί

1696 838 1766 891 ιιΙι
1795 853 1810 903 ;
1848 853 1925 895 1x.
1953 835 2055 891 Job
2070 854 2085 903 ;
2101 853 2155 903 x,
2173 835 2531 901 Psalterium;
2552 831 2918 900 xr,Parabolze
2930 830 3178 886 Salomo-

21 926 279 993 ἀλτήριον,
308 924 599 994 ἑνδεκάτην
625 925 929 995 Παροιμίας
961 924 1321 996 Σολομῶντος,
1346 928 1503 982 δυοδε-

1693 945 1742 995 ις
1790 944 1894 992 xu,
1928 927 2321 993 Ecclesiastes;
2345 942 2466 993 xm,
2494 924 2778 980 Canticum
2804 923 3175 989 canticorum;

19 1013 278 1081 αιδεκάτην
309 1011 758 1083 Ἐκκλησιαστὴν,
780 1013 1229 1083 τρισκαιδεκάτην
1249 1014 1307 1067 τὸ
1327 1010 1501 1086 τᾼσμο

1694 1037 1731 1083 γ,
1758 1020 1895 1074 liber
1924 1018 2278 1088 [Regnorum
2300 1037 2315 1085 ;
2340 1034 2431 1079 xv,
2467 1014 2605 1072 liber
2625 1014 2669 1068 ll
2704 1016 3176 1084 Regnorum;xvr,

18 1109 71 1158 ὧν
112 1104 385 1175 ᾀσμάτων,
430 1104 1023 1175 τεσσαρεσκαιδεκάτην
1076 1105 1299 1176 πρώτην
1354 1108 1500 1162 Βασι.

1697 1122 1757 1160 er
1783 1104 1849 1159 ιιι
1887 1104 2227 1175 Regnorum;
2260 1104 2534 1168 xvu,liber
2568 1100 2631 1155 IV
2663 1100 3178 1170 Regnorum;xvm,

18 1196 133 1254 ειῶν,
168 1193 656 1263 πεντεκαιδεκάτην
684 1194 939 1265 δευτέραν
978 1196 1290 1261 Βασιλειῶν,
1325 1198 1500 1252 ἐκκαι-

1698 1213 1757 1252 er
1788 1196 1807 1250 Ι
1837 1196 2328 1267 Paralipomenon;
2361 1212 2475 1262 xix,
2535 1195 2674 1251 liber
2731 1193 2774 1247 ll
2810 1192 3180 1262 Paralipome-

17 1288 178 1354 εκάτην
198 1284 391 1355 τρίτην
423 1283 735 1347 Βασιλειῶν,
759 1285 1224 1356 ἑπτακαιδεκάτην
1252 1287 1499 1358 τετάρτηι

1699 1305 1759 1354 η;
1818 1305 1887 1344 xx
1920 1331 1934 1355 ,
2000 1288 2290 1343 duodecim
2343 1287 2759 1358 prophetarum;
2815 1300 2949 1348 xxi,
3012 1280 3181 1337 Isaias

18 1372 267 1436 ασιλειῶν,
318 1373 792 1443 ὀκτωκαιδεκάτην
836 1374 1056 1445 πρώτην
1104 1375 1500 1448 Παραλειπομέ·

1698 1380 1915 1451 )pheta;
1949 1397 2059 1435 xxii
2082 1422 2097 1447 ,
2134 1378 2402 1435 Jeremias
2424 1378 2708 1449 propheta,
2744 1390 2866 1430 cum
2898 1372 3180 1426 Lamenta-

15 1486 87 1527 ων,
112 1464 592 1534 ἐννεακαιδεκάτην
619 1465 875 1535 δευτέραν
905 1467 1414 1538 Παραλειπομένων,
1444 1471 1497 1522 εί·

1699 1474 1881 1535 nibus,
1945 1480 2001 1529 et
2056 1473 2305 1543 epistolis
2348 1480 2459 1525 tam
2505 1470 2648 1540 eius,
2696 1481 2857 1538 quam
2911 1462 3180 1525 Baruchi;

16 1556 147 1622 οπὴν
162 1554 220 1605 τὸ
240 1555 755 1625 Δωδεκαποόφητον,
776 1558 1027 1628 εἰκοστὴν
1046 1558 1267 1629 πρώτην
1295 1561 1498 1613 Ἠσαῖαε

1697 1582 1783 1629 ιιι,
1818 1565 2102 1631 Ezechiel;
2141 1581 2288 1627 xxiv,
2329 1563 2549 1628 Daniel;
2606 1576 2734 1625 xxv,
2761 1555 3179 1618 liberlEsdraz;

16 1646 55 1695 δν
84 1645 380 1714 προφήτην,
416 1644 663 1715 εἰκοστὴν
688 1646 944 1718 δευτέραν
975 1648 1065 1701 τὸν
1102 1651 1384 1721 προφήτην
1423 1653 1498 1703 Ὶε·

1722 1674 1768 1724 'l,
1820 1657 1961 1712 liber
1994 1655 2036 1708 ll
2064 1630 2249 1711 Esdrae
2292 1672 2305 1719 ;
2369 1670 2538 1718 xxv".
2594 1651 2816 1706 Esther.
2866 1648 3041 1719 Atque
3069 1648 3183 1702 haec

16 1736 168 1804 εμίαν,
209 1737 350 1805 μετὰ
390 1736 499 1789 τῶν
529 1736 749 1808 Θρήνων
777 1738 872 1791 καὶ
924 1739 1244 1794 Ἐπιστολῶν
1270 1741 1430 1795 αὐτοῦ
1455 1760 1498 1795 τε

1701 1756 1749 1800 ιιι
1781 1762 1929 1802 xxvn
1983 1746 2285 1811 volumina,
2338 1758 2459 1814 quae
2500 1740 2705 1796 Iudaeis
2758 1748 2887 1795 sunt
2919 1751 3183 1793 concessa

14 1828 57 1879 αὶ
82 1827 166 1879 τοῦ
200 1827 437 1899 Βαρούχ’
472 1829 721 1901 εἰκοστὴν
747 1830 938 1903 τρίτην
984 1831 1241 1903 Ἰεζεκιὴλ
1273 1832 1363 1888 τὸν
1385 1851 1496 1905 προ

1706 1838 1919 1892 initus:
1954 1853 2076 1908 qua:
2104 1837 2171 1890 ad
2229 1851 2340 1889 xxn
2375 1849 2478 1905 pro
2536 1832 2843 1887 litterarum
2879 1844 2999 1899 quae
3043 1826 3183 1896 apud

17 1922 145 1986 ήτην,
184 1919 437 1989 εἰκοστὴν
475 1919 738 1991 τετάρτην
771 1919 965 1992 Δανιὴλ
993 1922 1083 1975 τὸν
1109 1924 1413 1994 προφήτην,
1442 1926 1499 1977 εί·

1703 1929 1880 1984 brazos
1912 1938 2040 1985 sunt
2062 1942 2289 1983 numero
2309 1926 2664 1994 rediguntur:
2687 1930 2973 1992 propterea
2990 1917 3133 1989 quod
3156 1935 3182 1971 x

14 2009 150 2078 πιστὴν
185 2010 446 2082 πέμπτην
484 2012 545 2065 τὸ
572 2012 803 2085 πρῶτον⁸
824 2012 1024 2081 βιϐλίον
1057 2013 1152 2066 τοῦ
1185 2015 1408 2085 Ἔσδρα,
1436 2018 1496 2069 εί-

1716 2018 1825 2074 illis
1856 2020 1912 2073 in
1938 2019 2184 2089 quinque
2211 2017 2340 2087 juga
2363 2015 2792 2070 distribuuntur.
2818 2010 2895 2066 De
2941 2024 3051 2081 quo
3075 2007 3183 2063 alio

14 2103 148 2171 οστὴν
176 2102 344 2173 ἕκτην
369 2104 429 2156 τὸ
466 2103 712 2174 δεύτερον
744 2103 966 2173 βιϐλίον,
1001 2105 1251 2175 είκοστὴν
1279 2107 1496 2178 ἐϐδόμηι

1020 2105 1251 2175 ίίκοστὴν
1279 2107 1513 2178 ἑϐδόμην
1619 2109 1739 2164 loco
1766 2111 2052 2180 perspicue
2082 2107 2502 2178 disputavimus.

12 2192 252 2261 ιβιϐλίον
295 2193 516 2265 Ἐσθήρ.
564 2195 672 2248 Καὶ
716 2189 874 2249 αὗταί
916 2196 1052 2248 εἰσιν
1095 2197 1150 2248 αί
1192 2197 1505 2251 εἰκοσιεπτὰ
1543 2198 1732 2268 βίϐλοι,
1766 2202 1821 2254 αἱ
1851 2203 1915 2254 ἐκ
1962 2200 2094 2253 Θεοῦ
2122 2198 2356 2252 δοθεῖσαι
2408 2198 2519 2258 τοῖς
2557 2194 2846 2257 Ἰουδαίοις.
2914 2189 3184 2245 Είκοσιδύ(

11 2283 113 2344 id);
168 2280 240 2334 τά
270 2284 400 2354 παρ’
454 2284 634 2347 αὐτοῖς
697 2287 935 2354 στοιχεῖα
965 2284 1072 2337 τῶν
1146 2285 1447 2356 Ἑϐραϊκῶν
1485 2290 1825 2359 γραμμάτων
1865 2290 2285 2362 ἀριθμούμεναι,
2330 2286 2419 2341 διὰ
2466 2286 2521 2339 τὸ
2562 2284 2879 2338 διπλοῦσθαι
2907 2282 3018 2354 (57)
3060 2280 3189 2335 δέκα

12 2372 167 2435 ἔϐλους
215 2373 299 2434 είς
343 2372 502 2425 πέντε
535 2373 849 2444 λεγομένας.
888 2376 1023 2447 Περὶ
1059 2376 1246 2429 τούτου
1283 2376 1339 2430 δέ
1380 2377 1511 2449 ἄλλη
1543 2395 1645 2432 που
1681 2381 1868 2451 σαφῶς
1888 2383 2207 2452 εἰρήκαμεν.

35 2463 142 2515 Εἰσὶ
163 2463 219 2515 δὲ
243 2464 338 2516 καὶ
368 2463 521 2519 ἄλλαι
540 2464 631 2517 δύο
652 2465 821 2535 βίϐλοι
841 2469 968 2538 παρ’
988 2456 1186 2531 αὐτοῖς⁸
1203 2471 1259 2523 ἐν
1290 2469 1517 2539 ἀμφιλέ-

1703 2473 1837 2529 Sunt
1864 2486 1915 2530 et
1953 2476 2044 2530 alii
2078 2474 2353 2539 duolibri,
2381 2488 2520 2543 quos
2552 2472 2626 2525 illi
2651 2487 2751 2543 pro
2770 2470 3185 2536 dubiishabent,

12 2570 92 2621 τῳ,
111 2555 141 2623 ἡ
163 2553 337 2623 Σοφία
356 2553 449 2606 τοῦ
473 2554 769 2625 Σιρὰχ,καὶ
791 2558 823 2625 ή
847 2556 939 2609 τοῦ
957 2557 1322 2627 Σαλομῶντος,
1350 2559 1494 2629 χωρὶ‹

1703 2567 1880 2620 uirum
1899 2566 2115 2621 Sirachi
2128 2574 2182 2620 et
2197 2564 2507 2621 Salomonis
2522 2564 2822 2634 Sapientia,
2841 2572 3035 2633 praeter
3050 2562 3185 2617 alios

10 2641 125 2693 λλων
158 2641 325 2695 τινῶν
359 2641 577 2711 βιϐλίων
618 2643 1028 2717 ἐναποκρύφων.
1070 2647 1325 2701 Πᾶσαιδέ
1361 2640 1492 2702 αῦτα

1704 2658 1887 2715 osdam
1916 2658 2009 2728 qui
2040 2645 2364 2729 apocryphi,
2383 2657 2488 2713 hoc
2525 2663 2609 2712 est
2649 2654 2871 2710 obscuri
2909 2655 3186 2708 dicuntur.

9 2732 98 2800 εραὶ
117 2730 291 2800 βίϐλοι
301 2732 392 2784 τὸν
408 2732 732 2804 ἰουδαῖσμδν
748 2734 1022 2789 ἐδίδασκον
1045 2737 1138 2791 καὶ
1157 2738 1223 2791 τὰ
1242 2738 1333 2791 τοῦ
1355 2740 1491 2810 νόμο·

1692 2764 1794 2803 ιι·ῐο
1814 2748 1994 2803 omnia
2010 2747 2100 2802 illa
2116 2753 2471 2802 sacrosancta
2489 2744 2766 2800 volumina
2784 2741 3010 2796 Judaica
3028 2741 3174 2797 insti-

11 2822 287 2892 υλάγματα
304 2823 408 2887 ἕως
426 2825 524 2895 τῆς
548 2825 641 2879 τοῦ
668 2826 872 2898 Κυρίου
892 2828 1046 2899 ἡμῶν
1074 2828 1249 2898 ’ἰησοῦ
1282 2830 1493 2899 Χριστοί

1703 2854 1763 2900 .a,
1785 2838 2028 2907 legisque
2064 2835 2419 2891 cmremonias
2444 2822 2734 2896 docebant,
2767 2846 2942 2901 usque
2972 2829 3038 2883 ad
3060 2827 3185 2884 Jesu

10 2915 282 2983 αρουσίας·
311 2918 406 2968 καὶ
440 2916 619 2981 καλῶς
640 2918 895 2990 ἐφέροντο
932 2920 1430 2991 παιδαγωγούμενοι
1462 2923 1492 2975 ἐκ

1712 2927 1830 2981 risti
1865 2925 2165 2980 Salvatoris
2199 2926 2521 2989 adventum;
2555 2922 2884 2990 omninoque
2932 2920 3186 2989 praeclare

8 3005 215 3075 νόμῳ,
237 3008 289 3058 εί
305 3006 551 3070 ἐδέξαντο
568 3008 659 3061 τὸν
672 3009 902 3080 Χριστὸν
922 3011 1011 3063 τὸν
1024 3010 1127 3063 ὑπὸ
1142 3011 1234 3064 τοῦ
1255 3012 1490 3081 παιδαγιι

1705 3020 1731 3073 b
1745 3019 1847 3073 hac
1864 3018 1997 3089 lege,
2012 3015 2405 3087 velutquodam
2419 3015 2733 3070 institutore
2747 3027 2869 3067 curn
2887 3011 2996 3067 illis
3012 3020 3187 3065 actum

8 3095 75 3159 οῦ,
102 3098 245 3167 φημὶ
270 3098 325 3151 δὲ
345 3098 437 3152 τοῦ
464 3100 651 3170 νόμου,
678 3102 855 3166 αὐτοῖς
882 3103 1325 3174 προκηρυχθέντα
1344 3120 1403 3155 τε
1432 3121 1490 3156 κο

1708 3118 1787 3168 'et.
1820 3108 1865 3162 si
1900 3122 2057 3177 quem
2074 3105 2260 3162 eadem
2289 3104 2381 3157 illa
2399 3104 2483 3158 lex
2507 3102 2855 3174 praedixerat,
2875 3106 3190 3154 venturum-

8 3188 424 3257 pooryrsueéwa,
464 3192 570 3256 ἴνα,
617 3192 899 3261 δεξάμενοι
938 3193 1102 3246 αὐτοῦ
1137 3194 1235 3264 τὴν
1275 3192 1490 3264 θεότητο

1707 3213 1734 3253 e
1763 3204 2186 3262 monstraverat,
2217 3195 2497 3251 Christum
2521 3207 2821 3264 agnoscere
2846 3190 3148 3246 voluissent
3172 3205 3189 3256 ;

8 3279 56 3328 αὶ
75 3282 166 3349 τὴν
184 3281 453 3352 ἐνσαρκον
474 3282 641 3335 αὑτοῦ
664 3284 965 3354 παρουσίαν
990 3284 1251 3355 μάθωσιν,
1275 3284 1333 3336 οὺ
1360 3286 1490 3338 κατά

1714 3290 1832 3359 ejus
1853 3290 2199 3344 divinitatem
2228 3286 2495 3351 confessi,
2542 3288 2646 3340 hoc
2674 3284 2855 3355 ipsum
2890 3282 3037 3353 quod
3068 3296 3190 3337 cor-

8 3387 107 3422 asw
140 3373 332 3442 νόμου,
376 3373 510 3426 ἀλλὰ
539 3375 640 3444 τὴν
676 3374 767 3427 τοῦ
808 3375 969 3445 νόμου
1008 3375 1308 3446 πλήρωσιψ
1342 3374 1490 3427 ὲπειδ

1708 3399 1759 3437 re
1789 3381 2048 3452 praeditus
2081 3380 2415 3444 advenisset,
2453 3392 2561 3431 non
2591 3376 2659 3431 ad
2689 3374 2822 3445 legis
2851 3372 3190 3429 eversionem

8 3462 15 3511 ἱ
40 3464 191 3515 τύποι
215 3465 273 3516 ἐν
296 3463 378 3533 τῷ
406 3464 557 3535 νόμῳ
585 3460 746 3535 ἦσαν,
773 3468 805 3536 ἡ
836 3466 892 3517 δὲ
925 3464 1146 3536 ἀλήθεια
1175 3468 1233 3518 ἐν
1255 3465 1333 3536 τῷ
1355 3467 1490 3534 Edon

1708 3472 1925 3534 rtinere,
1957 3470 2051 3525 sed
2088 3469 2157 3524 ad
2186 3470 2309 3539 ejus
2339 3467 2870 3523 consummationem
2924 3462 3190 3533 intellige-

8 3551 139 3623 ελίῳ.
171 3552 324 3607 Ἐκεῖ
353 3555 463 3625 γὰρ
498 3557 532 3626 ἡ
573 3557 843 3628 περιτομὴ
873 3557 1109 3628 σαρκικὴ
1138 3558 1490 3630 ὑπηρετήσασ

1706 3573 1749 3616 ιι
1774 3582 1785 3615 :
1807 3563 2065 3632 quoniam
2091 3562 2297 3617 umbra:
2330 3563 2600 3614 duntaxat
2648 3571 2812 3628 atque
2841 3555 3107 3625 imagines
3136 3555 3188 3607 in

8 3645 131 3714 f/Jth
148 3646 255 3710 ἕως
283 3647 385 3717 τῆς
423 3647 663 3718 μεγάλης
688 3650 1011 3721 περιτομῆς,
1036 3649 1282 3704 τουτέστι
1305 3650 1399 3704 τοῦ
1424 3653 1490 3705 Βα

1709 3670 1765 3719 ;e,
1798 3654 1852 3707 in
1883 3652 2178 3723 Evangelio
2211 3652 2417 3708 veritas
2439 3652 2558 3722 ipsa
2591 3649 2929 3705 continetur.
2960 3645 3096 3699 Nam
3127 3646 3191 3700 il-

8 3736 262 3805 τίσματος
300 3737 397 3791 τοῦ
426 3739 842 3811 περιτέμνοντος
869 3742 1017 3812 ἡμᾶς
1053 3741 1160 3794 ἀπὸ
1193 3743 1490 3814 ἁμάρτημά

1726 3745 1972 3815 corporis
1998 3744 2321 3815 praescripta
2349 3742 2696 3799 circumcisio
2719 3748 2822 3808 est,
2845 3754 2966 3811 quae
2996 3741 3053 3794 iu
3087 3754 3193 3795 usu

8 3845 84 3888 ων,
108 3830 207 3881 καὶ⁷
230 3830 636 3901 σφραγίσαντος
669 3833 816 3904 ἡμᾶς
844 3834 925 3897 είς
952 3832 1122 3903 ὄνομα
1149 3832 1305 3887 Θεοῦ.
1333 3830 1490 3905 Καὶῆ

1704 3837 1817 3891 idiu
1847 3835 1969 3899 fuit,
1995 3835 2174 3905 quoad
2208 3835 2403 3905 ingens
2431 3840 2517 3889 est
2549 3834 2642 3888 illa
2673 3830 3023 3887 circumcisio
3058 3830 3186 3883 sub-

8 3922 74 3971 ιιεί
102 3920 403 3986 Σάϐϐατον,
438 3921 665 3993 κατέχον
692 3924 839 3993 ἡμᾶς
867 3925 946 3988 είς
976 3924 1035 3978 τὸ
1068 3922 1208 3994 μέγα
1234 3924 1490 3979 Σάϐϐατοι

1708 3925 2175 3996 :uta,Baptismus
2230 3925 2504 3990 videlicet,
2558 3938 2667 3994 quo
2716 3938 2817 3978 nos
2877 3937 2909 3976 a
2948 3919 3190 3990 peccatis

7 4012 236 4065 ουτέστιν
280 4014 362 4076 είς
407 4012 713 4067 ἀνάπαυσιν
763 4014 1021 4085 Χριστοῦ,
1080 4015 1167 4068 ἵνα
1213 4016 1270 4069 ἐν
1314 4017 1489 4086 Χριστι

1709 4018 1994 4082 ecidimur,
2019 4026 2073 4071 et
2108 4016 2163 4070 in
2190 4015 2282 4071 Dei
2312 4016 2532 4071 nomine
2573 4015 2875 4084 signamur.
2908 4011 3191 4065 Habebam

8 4098 382 4170 αϐϐατίσωμεν
410 4101 518 4155 ἀπὸ
551 4103 985 4173 ἁμαρτημάτων.
1019 4103 1130 4157 Καὶ
1155 4098 1223 4174 ἦν
1256 4104 1373 4157 ἐκεῖ
1398 4107 1490 4176 πρέ

1708 4154 1710 4161 ,
1745 4116 2003 4180 praeterea
2039 4107 2362 4173 Sabbatum,
2405 4109 2551 4177 quod
2582 4122 2684 4163 nos
2732 4104 2800 4159 ad
2832 4118 3087 4173 magnum
3126 4102 3190 4155 il-

8 4206 116 4243 ατον
146 4191 351 4261 ἄλογον
375 4191 653 4263 θυόμενον,
684 4194 1018 4266 καθοδηγοῦν
1043 4196 1190 4265 ἡμᾶς
1210 4196 1288 4258 είς
1308 4195 1369 4249 τὸ
1391 4196 1490 4267 μέγ

1716 4202 1721 4254 ι
1779 4199 2100 4265 Sabbatum,
2151 4199 2253 4255 boc
2281 4206 2366 4255 est
2413 4197 2615 4254 Christi
2667 4195 2883 4250 Domini
2928 4194 3198 4264 quietem,

8 4280 249 4348 ράϐατον,
286 4284 385 4335 καὶ
408 4284 727 4355 ἐπουράνιον
756 4286 895 4357 ὑπὲρ
929 4285 1085 4357 ἡμῶν
1118 4288 1211 4340 καὶ
1245 4290 1383 4361 ὑπὲρ
1411 4291 1490 4343 ὄλ(

1709 4291 1991 4361 aeparando
2021 4290 2249 4354 detinet,
2284 4297 2342 4344 ut
2395 4305 2425 4344 a
2477 4297 2703 4362 peccato
2760 4288 2868 4357 20
2909 4290 3191 4341 cessantes

8 4370 51 4421 ιῦ
80 4374 293 4442 κόσμου
326 4372 653 4443 τυθέν.,Καὶ
684 4372 750 4443 ἦν
784 4376 899 4427 ἐκεῖ
927 4375 1329 4441 ἀποδεκάτωσις
1360 4381 1490 4448 ἀσφο

1705 4382 1783 4434 lut
1819 4380 2115 4437 Sabbatuni
2152 4379 2424 4450 quoddam
2466 4380 2522 4434 in
2576 4378 2796 4434 Christo
2828 4375 3187 4430 celebremus.

8 4462 235 4535 ιζομένη,
289 4466 378 4517 ἵνα
423 4466 496 4537 μὴ
533 4465 671 4537 λάθῃ
725 4468 872 4537 ἡμᾶς
912 4468 973 4519 τὸ
1025 4468 1155 4523 ίῶτα
1195 4473 1228 4542 ή
1260 4470 1442 4537 δεκὰς,
1474 4490 1490 4524 ι

1706 4481 1764 4526 at
1795 4487 1961 4542 penes
2006 4472 2129 4526 illos
2169 4479 2223 4526 et
2242 4470 2362 4525 ovis
2410 4469 2633 4545 victima
2692 4468 2924 4523 rationis
2971 4479 3188 4534 expers,

10 4554 169 4621 ρῶτον
201 4558 472 4625 στοιχεῖον
502 4556 595 4609 τοῦ
623 4556 797 4627 Ἰησοῦ
828 4558 1110 4627 ὀνόματος.

1711 4578 1756 4616 αι
1784 4577 1885 4615 nos
1915 4560 1981 4614 ad
2012 4561 2156 4614 illam
2186 4574 2439 4630 magnam
2495 4559 2881 4627 caelestemque
2924 4555 3190 4627 perduce-

8 4657 42 4699 ει
71 4664 251 4715 ovem,
286 4666 392 4722 pro
424 4659 611 4707 nostra
645 4651 945 4721 mundique
991 4654 1161 4709 totius
1190 4655 1367 4711 salute
1419 4665 1733 4712 mactatam.
1755 4656 2022 4711 Praeterea
2061 4655 2311 4710 instituta
2345 4654 2487 4725 apud
2545 4653 2667 4708 illos
2720 4650 3011 4707 decimatio
3066 4647 3189 4711 fuit,

7 4758 73 4796 ua:
102 4760 203 4798 nos
224 4760 297 4798 eo
321 4746 691 4815 praemuniret,
720 4761 789 4801 ne
810 4746 919 4799 iota
950 4745 1205 4813 litteram,
1243 4766 1362 4820 qua:
1394 4760 1522 4807 nota
1562 4753 1810 4808 decussis
1876 4760 1979 4815 est,
2019 4750 2269 4820 idemque
2318 4748 2449 4805 Jesu
2486 4749 2726 4805 nominis
2784 4748 3021 4818 primum
3078 4745 3188 4799 ele-

8 4845 196 4890 ιειιιιιιιι
233 4838 495 4907 ignorare
521 4853 823 4906 possemus.
1780 4820 1791 4829 ’

30 4930 97 4978 Ζ’.
134 4929 298 4980 Ἐπεὶ
333 4922 428 4980 οὖν
457 4927 533 4998 τῷ
559 4927 713 4999 τύπῳ
742 4928 1002 5000 ήχθησαν,
1032 4931 1126 4983 καὶ
1163 4932 1263 4984 οὐκ
1291 4930 1512 5000 ἔφθασαι

1706 4926 1816 4983 Vll.
1849 4927 2119 4994 Quoniam
2151 4928 2315 4997 igitur
2358 4944 2453 4999 per
2486 4926 2710 4982 umbras
2739 4940 2803 4980 ac
2844 4925 3045 4996 figuras
3076 4936 3188 4981 tra-

8 5035 37 5079 ς
57 5020 342 5073 τελείωσιν
368 5020 463 5091 τὴν
485 5020 571 5074 διὰ
597 5020 761 5092 νόμου
793 5024 886 5077 καὶ
911 5022 1200 5095 προφητῶν
1223 5023 1315 5076 καὶ
1336 5022 1490 5076 ἄλλωι

1764 5023 1784 5075 ,i
1826 5028 1975 5087 sunt,
2002 5036 2103 5075 nec
2131 5037 2249 5075 eam
2292 5018 2683 5090 perfectionem
2712 5019 2975 5081 assecuti,
3025 5032 3191 5088 quam
3242 5090 3246 5095 ‘

7 5111 49 5161 ιὶ
80 5112 265 5182 πάσης
303 5111 487 5182 βίϐλου
536 5116 976 5186 κεκηρυγμένην,
1015 5115 1377 5187 ἐξεϐλήθησαν
1421 5117 1489 5169 ἀπ

1708 5132 1718 5167 ι
1753 5114 1974 5183 pariter,
2012 5127 2075 5165 ac
2099 5114 2395 5182 prophetae.
2426 5111 2720 5180 caaterique
2764 5123 2976 5174 omnes,
3029 5119 3190 5178 atquc

34 5262 139 5337 (57)
178 5268 291 5323 Διὰ
322 5267 795 5339 τὸᾼδιπλοῦσθαι.
836 5266 968 5322 Nam
1016 5268 1140 5323 libri
1185 5269 1293 5324 duo
1321 5268 1516 5339 Regum

1710 5285 1739 5324 e
1791 5267 2010 5339 Esdraa,
2040 5267 2249 5339 singula
2297 5282 2439 5339 apud
2493 5279 2747 5339 rienraaos
2788 5268 3064 5320 vorumina
3114 5268 3192 5339 fa-

8 5338 188 5400 r‘mres,
218 5354 369 5408 quos
393 5337 662 5408 Samuelis
685 5348 904 5403 vocant,
932 5340 1184 5393 volumen
1218 5356 1383 5393 unum
1403 5337 1531 5393 conv
1634 5337 1803 5393 ciunt.
1834 5337 1911 5391 Ita
1939 5354 1968 5390 v
1993 5337 2281 5408 expunctis
2314 5337 2704 5408 voluminibus,
2723 5344 3103 5408 constat__xxll,
3133 5338 3192 5389 li-

19 5416 211 5468 Iluunt,
237 5405 495 5478 itemque
547 5407 750 5478 Regum
803 5409 910 5462 duo
960 5410 1291 5476 posteriores
1336 5424 1523 5464 unum.
1634 5410 1855 5478 brorum
1887 5405 2163 5478 numerus.
2182 5405 2318 5462 Vide
2346 5407 2565 5478 ﬂieron.
2594 5408 2649 5460 in
2672 5406 2899 5478 Prologo
2926 5405 3144 5478 Ggfeato
3172 5421 3191 5468 ;

14 5492 91 5528 um
144 5473 481 5547 liberiRu'th
516 5473 919 5532 cum'Judicum
962 5473 1101 5533 libro
1127 5480 1375 5533 volumen
1404 5478 1526 5531 uni-
1636 5477 1896 5547 Cyrillum
1945 5477 2140 5531 catech.
2193 5492 2289 5542 IV,
2342 5473 2633 5531 Eusebium
2687 5476 2781 5532 lib.
2838 5473 2890 5530 vi
2963 5474 3215 5545 Histor,

8 5562 84 5598 uin
112 5547 268 5602 facit.
304 5546 396 5603 Sic
424 5556 477 5603 et
497 5549 621 5605 libri
648 5548 1091 5618 Paralipomenon
1118 5549 1245 5613 duo,
1276 5548 1530 5604 totidem—
1638 5546 1796 5603 c.19.
