3766 6288
354 209 461 266 219
1764 220 1824 278 S.
1864 222 2201 281 EPlPIlANll
3490 239 3611 294 2‘20

355 323 585 378 miretur
610 338 743 379 vero
776 326 947 398 magis
983 333 1297 417 accuratam
1332 344 1366 383 ιι
1397 330 1556 387 nobis
1614 331 1805 387 initam
1836 350 1924 389 ra-
1950 365 1963 400 λ

2105 339 2242 403 ζέτω
2289 340 2346 393 δὲ
2398 340 2595 408 μᾶλλον
2627 341 2725 413 τὴν
2771 342 3149 415 ἀκριϐολογίαν
3189 346 3486 420 ὠφελίμως
3518 352 3613 401 ὲν-

356 417 583 481 tionem,
616 425 669 472 et
696 418 799 473 hoc
824 419 945 473 loco
972 420 1024 474 in
1048 421 1419 477 studiosorum
1454 424 1683 494 gratiam
1717 426 1924 481 utiliter

2102 430 2195 483 ὖθα
2218 432 2473 503 κειμένην
2500 437 2610 497 τοῖς
2632 434 2954 501 σπουδαίοις,
2978 417 3411 509 χρηστομαθείας
3434 442 3613 493 ἕνεκα

356 507 705 575 explicatam,
760 509 851 578 qui
920 511 1270 582 castigatiora
1332 516 1580 584 exempla
1635 518 1925 573 consulere

2129 522 2325 593 ἀκριϐῆ
2366 523 2473 577 τῶν
2508 525 2851 596 ἀντιγράφων
2903 507 3340 600 καταλαμϐάνειν
3380 531 3640 605 ἐθέλουαξ

356 597 681 651 eruditionis
711 613 875 652 causa
901 601 1198 657 voluerint.
1250 601 1365 658 Non
1390 605 1533 659 enim
1562 606 1763 670 dillido,
1790 611 1922 679 quin

2102 630 2129 673 ν,
2163 613 2356 675 οἵτινες
2398 614 2558 678 εὐθὺς
2593 615 2728 685 μετά
2771 617 2869 687 τῆς
2912 597 3196 688 ὠφελείας,
3232 597 3645 694 εὐγνωμονεῖνἲ

357 705 482 742 cum
519 691 685 743 animi
714 693 799 745 sui
833 691 1013 748 fructu
1057 696 1289 750 candide
1329 697 1381 749 in
1418 696 1484 750 iis
1538 714 1658 767 quae
1705 716 1734 752 a
1768 702 1923 757 nobis

2102 702 2544 773 ιγκασθήσονται,
2582 706 2941 777 κερδήσαντες
2982 711 3043 764 τὸ
3093 713 3196 765 ὑπό
3251 691 3426 767 τινων*
3453 716 3609 785 ἅμα·

359 784 636 852 proposita
666 792 794 837 sunt
830 787 1182 855 acquiescere
1206 796 1504 857 cogantur;
1537 790 1807 860 simulque
1832 809 1924 846 vo-

2105 809 2132 843 ν
2160 792 2266 844 τῶν
2299 794 2356 844 ὲν
2384 793 2461 864 τῷ
2508 796 2821 867 Εὑαγγελίῳ
2853 800 2931 863 είς
2961 800 3288 872 ἀμφιϐολίαν
3328 808 3403 869 ὡς
3456 784 3609 859 κατὰ

360 889 477 929 cem
515 874 660 927 illam
686 876 1047 940 luerifaciant,
1069 894 1190 948 quae
1217 880 1286 931 ab
1306 880 1574 949 imperitis
1597 883 1924 951 quibusdam

2102 882 2304 952 ιρθωσιν
2336 884 2630 953 ἀφανισθὲν
2666 890 2848 960 ῥητόν.
2876 892 3090 963 Τριχῶς
3112 893 3220 966 γὰρ
3252 895 3607 967 ἀριθμήσαν-

358 966 804 1023 emendatoribus
838 977 921 1023 est
957 979 1180 1040 propter
1201 972 1615 1042 ambiguitatem
1649 992 1715 1031 ex
1744 976 1925 1031 Evan-

2102 972 2225 1035 ςτοῦ
2254 974 2409 1042 ἁγίου
2439 977 2714 1032 Ματθαίου
2742 981 2838 1044 τὰς
2864 982 3075 1050 γενεάς,
3095 984 3202 1037 ἀπὸ
3220 966 3313 1037 τοῦ
3348 966 3611 1057 Ἀϐραὰμ

358 1058 503 1128 gelio
534 1059 769 1113 sublata.
795 1058 927 1113 Nam
960 1077 1085 1115 cum
1115 1062 1497 1132 generationes
1550 1080 1739 1120 omnes
1792 1065 1926 1119 Mat-

2102 1081 2153 1134 ρι
2203 1064 2294 1117 τοῦ
2338 1067 2503 1121 Δαϐὶδ
2545 1070 2812 1141 φήσαντος
2855 1074 3046 1141 γενεὰς
3087 1074 3516 1148 δεκατέσσαρας,
3551 1080 3607 1130 οὶ

362 1149 539 1203 ῑὴιιξυε
569 1151 846 1220 tripartito
898 1151 1262 1214 distribuerit,
1300 1162 1352 1206 et
1384 1153 1455 1207 ab
1507 1154 1814 1209 Abrahamo
1858 1156 1925 1210 ad

2102 1174 2117 1208 >
2148 1156 2406 1228 ἀνώτεροι
2439 1160 2659 1233 ἀριθμοὶ
2705 1167 2895 1233 σαφεῖς
2925 1166 3289 1238 εὑρίσκονται,
3324 1170 3613 1240 μηδεμίαν

364 1240 620 1296 Davidem
682 1258 855 1312 usque
904 1258 994 1297 xw
1032 1254 1335 1309 enunieret,
1398 1247 1652 1313 superior
1699 1256 1928 1316 utraque

2102 1248 2261 1316 ιειψιν
2302 1250 2533 1321 ἀριθμοῦ
2573 1254 2935 1325 περιέχοντες.
2970 1258 3112 1321 Ἕως
3147 1258 3254 1331 γάρ
3302 1260 3395 1313 τοῦ
3438 1262 3612 1331 Ἰεχο-

366 1334 537 1388 series
562 1334 770 1403 integra
804 1335 1093 1403 reperitur,
1129 1351 1304 1408 neque
1337 1337 1635 1405 quidquam
1698 1338 1765 1392 ad
1821 1355 1927 1393 nu-

363 1438 574 1477 merum
610 1425 781 1487 deest,
805 1427 896 1494 qui
927 1425 993 1478 ad
1025 1424 1343 1480 Jechoniam
1376 1427 1569 1482 ordine
1600 1428 1925 1497 perte’xitur.

365 1516 435 1568 At
468 1517 623 1569 tertia
655 1516 871 1570 demum
901 1517 1073 1572 series
1100 1534 1196 1572 χιιι
1241 1520 1506 1573 duntaxat
1548 1537 1657 1574 non
1703 1537 1813 1585 xw,
1838 1536 1931 1591 ge-

365 1608 708 1660 nerationum
738 1608 956 1660 nomina
983 1609 1395 1678 complectitur,
1421 1612 1566 1679 quod
1600 1625 1628 1663 a
1672 1610 1927 1663 monaul-

367 1698 437 1752 lis
474 1700 824 1753 commissum
851 1708 963 1767 est;
996 1703 1089 1771 qui
1124 1718 1246 1756 cum
1275 1701 1571 1757 Jecbonias
1624 1702 1762 1757 duos
1809 1717 1935 1755 con-

2028 1340 2141 1392 νίου
2170 1344 2479 1412 περιέχουσι
2511 1345 2635 1409 τοὺς
2668 1347 2910 1418 χρόνους.
2954 1347 3013 1401 '0
3047 1349 3102 1402 δὲ
3146 1350 3328 1421 τρίτος
3368 1351 3614 1423 ἀριθμὸς

2028 1430 2205 1483 οὐκέτι
2256 1432 2664 1507 δεκατεσσάρων
2710 1439 2911 1505 γενεῶν
2955 1440 3267 1510 εὑρίσκεται
3310 1448 3451 1495 κατα
3486 1442 3613 1495 διαη

2028 1521 2187 1592 δοχὴν
2250 1524 2530 1594 ὀνομάτων
2577 1527 2637 1579 τὸ
2701 1529 2976 1602 πλήρωμα
3035 1531 3207 1602 ἔχων,
3258 1534 3394 1587 ἀλλά
3442 1536 3614 1588 δεκα-

2030 1613 2212 1680 τριῶν.
2256 1614 2468 1687 Ἐπειδὴ
2510 1618 2672 1682 τινες,
2715 1620 2967 1689 Ἰεχονίαν
3003 1622 3117 1693 ἅμα
3163 1624 3385 1697 Ἰεχονίᾳ
3429 1626 3614 1697 ἑτέρῳ

2034 1705 2317 1758 ὲπιτοαυτὸ
2356 1708 2623 1776 εὑρόντες,
2658 1711 2915 1782 ἐνόμισαν
2954 1714 3042 1767 τὸν
3092 1716 3322 1787 ἀριθμὸν
3368 1718 3617 1771 δεδισσο-

366 1790 595 1858 junctim
649 1806 772 1845 esse
823 1793 1057 1861 scriptos
1117 1802 1429 1857 cernerent,
1494 1792 1750 1847 arbitrati
1803 1801 1963 1848 sunt.

2102 1798 2344 1868 γισιοένον
2387 1795 2544 1855 εἶναι.
2585 1798 2792 1874 Οὗκδῆν
2836 1804 2893 1858 δὲ
2936 1805 3263 1876 δισσολογία,
3317 1810 3451 1863 ἀλλὰ
3483 1812 3616 1882 ἀρι-

365 1880 611 1933 eamdem
640 1896 829 1935 vocem
857 1890 1187 1950 prtepostere
1217 1883 1273 1936 in
1301 1898 1367 1937 ea
1425 1883 1529 1952 22
1562 1884 1702 1938 serie
1734 1885 1932 1953 repeti-

370 1980 499 2024 tam.
532 1970 732 2026 Verum
785 1972 1031 2042 ejusdem
1086 1973 1188 2028 ista
1236 1975 1491 2044 repetitio
1542 1976 1762 2028 minime
1799 1975 1932 2043 fuit;

368 2063 464 2116 sed
504 2065 825 2117 numerandi
856 2062 1002 2119 ordt/
1041 2068 1383 2136 perspicuus.
1435 2064 1713 2135 Siquidem
1741 2065 1936 2121 Jecbo-

372 2158 476 2210 nia:
510 2157 618 2210 lilio
640 2156 706 2211 de
741 2168 961 2227 parente
994 2175 1192 2215 nomen
1227 2159 1543 2229 impositum
1603 2166 1706 2214 est.
1737 2160 1805 2211 At
1846 2161 1935 2214 isti

370 2248 656 2316 elegantiae
690 2249 961 2313 vindices,
987 2251 1116 2304 dum
1171 2266 1339 2304 unum
1372 2265 1570 2305 nomen
1594 2257 1935 2320 expungunt,

370 2354 468 2407 per
500 2354 769 2392 summam
824 2340 1187 2409 ignorantiam
1222 2350 1410 2395 contra
1444 2341 1779 2410 propositum
1814 2356 1941 2411 pec-

2042 1886 2177 1956 θμὸς
2227 1891 2422 1959 σαφής.
2469 1892 2561 1955 Εἰς
2605 1894 2774 1965 ὄνομα
2827 1896 2933 1967 γὰρ
2985 1900 3188 1969 πατρὸς
3227 1902 3255 1953 ὁ
3286 1903 3412 1963 παῖς
3452 1904 3470 1933 ¹
3510 1903 3617 1955 ἐπ-

2040 1978 2231 2050 έκλητο
2267 1980 2516 2051 Ἰεχονίας
2540 1984 2631 2037 τοῦ
2670 1986 2936 2056 Ἰεχονίου.
2979 1990 3322 2061 Ἀφελὸμενοι
3344 1988 3435 2045 οὖν
3466 1990 3651 2056 τινες’

2040 2069 2115 2132 ὡς
2144 2070 2283 2123 κατά
2313 2074 2627 2141 φιλοκαλίαν
2663 2078 2721 2131 τὸ
2764 2078 2820 2131 ἓν
2861 2079 3047 2150 ὄνομα,
3073 2082 3263 2153 ἀγνοίᾳ
3297 2084 3619 2153 φερόμενοι,

2041 2160 2281 2225 ἐλλειπξςς
2313 2167 2636 2235 ἐποιήσαντο
2663 2170 2758 2240 τῆς
2786 2170 3111 2236 ὑποθέσεως,
3141 2172 3281 2225 κατά
3312 2174 3409 2244 τὴν
3432 2176 3624 2244 opaea

2040 2252 2132 2305 τοῦ
2165 2255 2394 2327 ἀριθμοῦ
2416 2259 2524 2311 τῶν
2540 2260 2949 2335 δεκατεσσάρων
2968 2264 3242 2335 ὀνομάτων
3263 2265 3358 2337 τὴν
3381 2266 3627 2337 ὑπόσχε-

2044 2362 2149 2410 σιν,
2183 2347 2276 2401 καὶ
2308 2348 2369 2401 τὸ
2408 2350 2732 2423 πολύπειρον
2753 2353 2852 2424 τῆς
2878 2355 3113 2424 σχέσεως
3140 2357 3428 2426 ἠφάνισαν.

374 2445 600 2501 carunt;
658 2445 820 2507 atque
870 2447 924 2492 et
984 2438 1266 2493 nominum
1315 2454 1403 2492 xiv
1452 2438 1762 2507 collegium,
1813 2437 1958 2506 quod
2011 2439 2208 2496 ibidem
2267 2446 2599 2514 ostenditur,
2666 2466 2776 2505 uno
2830 2450 3074 2508 detracto
3117 2460 3515 2519 numerarunt,
3564 2461 3627 2507 et

376 2533 730 2600 multiplicem
760 2534 921 2588 unius
944 2533 1010 2586 ad
1066 2534 1299 2588 alterum
1350 2533 1615 2587 rationem
1666 2531 2149 2605 liabitudinemque
2186 2541 2545 2597 sustulerunt.

448 2628 714 2682 Caeterum
739 2630 808 2683 ab
836 2627 1110 2683 Jeelionia:
1144 2639 1384 2699 tempore
1417 2628 1672 2696 deinceps
1727 2624 1943 2680 Iudaeo-

378 2735 500 2772 rum
526 2720 578 2773 in
606 2719 937 2791 Babylonem
983 2720 1291 2789 depertatio
1321 2720 1572 2789 contigit.
1620 2717 1677 2771 ln
1708 2734 1813 2787 qua
1839 2717 1945 2770 Na-

380 2812 886 2867 buchodonosorem
913 2813 1299 2867 convenientes
1323 2810 1463 2881 apud
1495 2810 1823 2881 Babyloaem
1856 2824 1944 2863 se—

380 2906 565 2959 niores
594 2914 878 2971 rogarunt,
918 2914 977 2957 ut
1022 2922 1051 2960 e
1092 2906 1209 2960 suis
1249 2913 1428 2959 certos
1466 2904 1521 2957 in
1575 2902 1812 2961 Judaaam
1848 2888 1944 2955 hoc

383 2995 559 3049 mines
591 2994 656 3047 ad
685 2994 1042 3048 habitandum
1097 2997 1355 3057 mitteret,
1403 3010 1469 3049 ne
1521 2994 1817 3049 silvescens
1867 2994 1947 3046 in-

381 3084 640 3153 cultaque
672 3085 824 3155 regio
864 3086 1079 3139 deserta
1128 3086 1346 3155 penitus
1382 3096 1641 3140 maneret.
1692 3083 1802 3139 Nec
1834 3086 1946 3156 regi

385 3178 679 3249 ppstulatio
714 3179 804 3231 illa
834 3177 1133 3248 displicuit.
1170 3180 1357 3249 Itaque
1405 3188 1642 3249 quatuor
1686 3194 1753 3232 ex
1780 3178 1949 3249 impe-

388 3236 473 3323 rio
503 3286 604 3325 suo
627 3271 859 3327 subditis
886 3271 1142 3342 gentibus
1168 3271 1286 3327 sine
1321 3288 1474 3327 mora
1508 3271 1737 3335 dimisit,
1793 3271 1949 3324 nimi-

386 3375 510 3416 rum
554 3362 869 3428 Chuthaeos,
908 3371 962 3419 et
1009 3362 1259 3431 Cudaeos,
1324 3380 1387 3419 ac
1440 3363 1850 3435 Sepharurazos,
1898 3370 1953 3419 et

462 3521 477 3550 ¹
504 3537 595 3589 γρ.
622 3518 995 3589 ἐπικέκληται.
1016 3518 1145 3574 Cor.
1167 3517 1516 3590 ἐπεκέκλητο.

392 3679 594 3733 thzeum
625 3678 912 3748 scripsisse
940 3686 1093 3748 putat
1124 3697 1138 3734 :
1171 3677 1353 3733 Josias
1375 3688 1547 3732 autent
1571 3679 1747 3747 genuit
1767 3677 1956 3731 Jecho-

395 3750 563 3819 niam,
595 3760 643 3802 et
675 3750 866 3818 fratres
894 3748 1007 3817 ejus
1048 3750 1105 3803 in
1130 3748 1607 3819 itransntigratione
1629 3749 1955 3819 Babylonis:

393 3816 684 3889 Jechonias'
707 3828 880 3889 autem
903 3816 1091 3889 genuit
1106 3816 1412 3874 Jechoniant
1435 3834 1454 3874 :
1474 3816 1764 3889 Jechoniai
1781 3829 1955 3872 autem

395 3889 572 3959 genuit
613 3887 1031 3959 Salathi‘etgete.
1066 3887 1182 3943 Jam
1222 3890 1428 3959 scimus
1466 3889 1589 3958 quis
1626 3904 1693 3944 ex
1720 3888 1957 3959 Epipha-

400 3956 476 4013 iiii
510 3968 689 4014 mente
707 3959 778 4014 sit
806 3956 1095 4014 Jechonias
1121 3960 1243 4015 iste.
1261 3958 1417 4013 Prior
1442 3956 1585 4014 enim
1612 3968 1697 4014 est
1723 3956 1957 4025 Joakim,

399 4033 516 4085 sive
544 4027 791 4093 Eliacim,
817 4027 979 4083 Josia:
1000 4027 1062 4085 F.
1104 4028 1376 4084 Posterior
1413 4030 1520 4084 alio
1546 4029 1764 4083 nomine
1792 4028 1961 4083 Sede-

400 4100 518 4153 cias
546 4100 723 4153 dictus
750 4106 852 4153 est.
886 4098 993 4153 Sed
1017 4114 1176 4163 quam
1210 4098 1505 4154 absurdum
1538 4099 1671 4153 illud
1705 4100 1793 4163 sit,
1814 4115 1845 4153 e
1869 4115 1961 4155 su-

404 4170 712 4243 perioribus
741 4176 985 4243 constat.
1008 4167 1141 4224 Nam
1166 4169 1212 4224 si
1250 4170 1317 4243 de
1348 4167 1570 4224 Sedecia
1605 4168 1748 4243 Rege
1776 4170 1967 4243 loqua-

407 4237 516 4301 iur,
548 4239 691 4310 quod
725 4255 790 4295 ex
837 4237 991 4310 Regii
1038 4240 1338 4310 stemmatis
1379 4237 1730 4310 successione
1755 4237 1971 4310 videtur

2118 2634 2327 2687 Γίνεται
2355 2635 2484 2703 γοῦν
2510 2636 2755 2691 ὲντεῦθεν
2794 2638 2901 2693 ἀπὸ
2942 2638 3036 2693 τοῦ
3076 2640 3263 2712 χρόνου
3304 2639 3556 2711 Ἰεχονίου
3587 2642 3629 2714 ἡ

2048 2726 2388 2795 αίχμαλωσία
2426 2732 2459 2799 ἡ
2502 2732 2579 2793 εἰς
2625 2731 2932 2785 Βαϐυλῶνα.
2972 2734 3058 2786 Ἐν
3106 2733 3276 2803 τούτῳ
3310 2732 3387 2802 τῷ
3436 2733 3630 2803 χρόνῳ

2048 2819 2144 2888 τῆς
2175 2820 2545 2889 αἰχμαλωσίας
2579 2821 2688 2893 (6‘2)
2715 2824 3017 2893 προσῆλθον
3058 2826 3107 2876 οἱ
3147 2824 3509 2896 πρεσόύτεροι
3544 2825 3630 2894 τῷ

2050 2910 2512 2984 Γῖαϐοειχοδονόσορ
2558 2915 2612 2966 ὲν
2657 2915 2952 2983 Βαϐυλῶνι,
3008 2916 3444 2988 παρακαλοῦντες
3480 2918 3630 2970 ἀπο-

2057 3002 2311 3071 σιῖαλῆναί
2340 3021 2488 3067 τινας
2514 3004 2621 3057 τῶν
2658 3005 2800 3058 ίδίων
2847 3007 3009 3060 αὐτοῦ
3054 3008 3377 3075 ἐγκαθέτους
3410 3010 3493 3070 είς
3523 3006 3635 3077 τὴν

2067 3092 2407 3163 Ἰσραηλιτῶν
2453 3094 2588 3163 γῆν,
2645 3095 2792 3158 ὅπως
2846 3096 2918 3166 μὴ
2960 3098 2992 3165 ἡ
3042 3096 3193 3166 χώρα
3239 3094 3632 3165 ὑλομανήσασσ

2054 3182 2334 3251 ἐρημωθῇ.
2364 3184 2471 3235 Καὶ
2504 3182 2717 3247 ἐδέξατο
2745 3182 2841 3253 τὴν
2882 3184 3007 3255 παρ’
3043 3184 3221 3237 αὐτῶν
3255 3182 3633 3254 παράκλησιν.

2056 3274 2129 3327 Οὐ
2155 3273 2262 3343 γὰρ
2301 3274 2641 3337 ἀνεϐάλλετο,
2692 3275 2781 3327 καὶ
2823 3275 3138 3329 ἀποστέλλει
3189 3276 3288 3346 μὲν
3331 3275 3437 3328 τῶν
3480 3275 3635 3327 ἰδίων

2054 3364 2293 3434 τέσσαρα
2320 3361 2470 3433 γένη,
2513 3363 2637 3429 τούς
2675 3381 2735 3417 τε
2770 3363 3066 3427 Χουθαίους
3093 3365 3455 3436 καλουμένους
3489 3365 3633 3436 (63),

2063 3692 2091 3729 a
2124 3675 2560 3740 Salmanassaro,
2593 3690 2702 3731 non
2735 3689 2766 3729 a
2793 3672 3346 3731 Nabuchodonosore.
3373 3672 3506 3729 Vide
3562 3673 3633 3729 ιν

2060 3746 2344 3817 Βεεφεψ.
2377 3763 2525 3802 xxuv.
2556 3746 2741 3817 Neque
2770 3762 2899 3801 vero
2923 3747 3075 3803 solus
3118 3745 3173 3817 in
3217 3760 3283 3801 eo
3311 3761 3497 3817 errore
3524 3746 3634 3800 fuit

2062 3814 2417 3887 Epiphanius,
2452 3833 2576 3872 nam
2610 3814 2674 3888 οἱ
2694 3816 2996 3888 Procopius
3038 3817 3094 3869 iu
3136 3815 3343 3870 Isaiam
3388 3830 3417 3868 a
3446 3814 3636 3869 Nabu-

2062 3886 2436 3943 chodonosore
2469 3887 2792 3953 Samariam,
2825 3886 3135 3943 et'Judazam
3162 3892 3498 3956 expugnatas
3529 3888 3636 3941 ait.

2063 3958 2224 4027 Atqui
2255 3972 2416 4036 com;
2431 3957 2522 4036 2t,
2559 3959 2767 4036 dicitur
2789 3954 3369 4036 Assyriorumfeide
3401 3954 3641 4036 Babylo-

2064 4026 2163 4088 ne.
2188 4037 2243 4083 et
2282 4027 2350 4082 de
2378 4027 2553 4083 Cutha
2592 4026 2911 4097 cazterisque
2939 4026 3253 4098 regionibus
3280 4026 3641 4098 transtulisse

2067 4098 2289 4152 colonos
2336 4098 2391 4151 in
2438 4099 2758 4153 Samariam.
2786 4095 2869 4153 A'n
2901 4095 3025 4153 tum
3051 4096 3425 4152 Salmanassar
3454 4095 3641 4168 Baby-

2068 4168 2248 4240 lonem
2282 4168 2578 4233 obtinebat,
2613 4177 2671 4223 ut
2694 4170 2786 4238 qui
2821 4179 2951 4240 tunc
2981 4170 3037 4223 in
3069 4182 3132 4240 ea
3163 4166 3639 4240 regnabatAssy-

2071 4238 2277 4318 ξέοι-ωτι
2305 4240 2587 4318 vectigalis
2618 4237 2800 4294 esset?
2831 4237 3501 4318 llocuquidemprobabile
3521 4237 3635 4318 est.

405 4306 579 4389 velle,
599 4309 876 4398 S‘edecias‘
897 4306 1004 4398 εἰει)
1053 4308 1553 4398 Jeclioniae,oneque
1582 4309 1845 4398 Joaltitni...
1870 4308 1963 4398 sed
1998 4343 2043 4398 Β
2069 4306 2203 4388 Nam
2240 4316 2363 4377 post
2387 4306 2729 4398 Assyriorum
2759 4319 2915 4398 vetus
2933 4306 3068 4389 illud
3096 4323 3159 4361 ac
3186 4306 3503 4398 diutur'num
3527 4308 3639 4398 igt-

404 4381 569 4433 aosim
616 4380 753 4434 lilius
797 4386 900 4435 est.
938 4378 1034 4433 Sin
1069 4380 1296 4435 alterum
1346 4378 1627 4449 Sedeciam
1680 4380 1965 4449 intelligat,

407 4451 500 4518 qui
552 4449 790 4518 privatus
832 4450 987 4513 vixit,
1025 4458 1109 4506 est
1154 4450 1244 4504 ille
1286 4450 1503 4518 quidem
1537 4448 1766 4505 Joakimi
1802 4448 1966 4514 ﬁlius,

410 4519 502 4572 sed
535 4535 640 4573 non
670 4518 961 4575 Jechdnize.
988 4518 1119 4573 Nam
1142 4519 1240 4574 lib.
1265 4520 1279 4572 Ι
1305 4518 1509 4585 Paral.,
1544 4536 1622 4581 nt,
1648 4520 1734 4583 15,
1758 4518 1970 4575 Joakim

411 4587 575 4643 Josiae
627 4590 769 4644 ﬁlius
797 4588 1111 4645 Jechoniatn
1140 4598 1192 4645 et
1228 4588 1504 4645 Sedeciam
1542 4592 1747 4655 genuit,
1776 4589 1973 4644 Jecho-

412 4660 533 4714 nias
569 4659 934 4715 Salatbielem.
970 4660 1038 4714 At
1092 4660 1426 4730 Epiphanius
1452 4658 1771 4715 Jechoniam
1796 4669 1850 4715 et
1877 4660 1975 4715 Se-

411 4730 644 4800 deciatn,
674 4746 809 4799 quos
859 4738 968 4783 tam
1017 4729 1300 4800 perspicue
1328 4729 1633 4800 Scriptura
1663 4732 1971 4800 distinguit,

414 4799 469 4869 i_n
503 4801 748 4854 eumdem
778 4802 950 4855 virum
986 4799 1260 4854 conﬂavit.
1295 4799 1414 4855 Non
1442 4801 1665 4855 dubium
1704 4809 1809 4866 est,
1843 4799 1974 4869 quin

416 4866 711 4941 Jechonias
741 4870 846 4937 ille,
878 4871 969 4939 qui
1004 4868 1350 4925 Salatbielem
1372 4886 1413 4941 ξι
1440 4870 1692 4941 Μιιιιὶιαξο
1722 4866 1977 4941 genuisse

417 4938 639 5003 dicitur,
663 4938 801 4993 idem
827 4938 909 5011 sit
931 4956 1053 5011 eum
1074 4956 1161 5005 eo,
1183 4957 1342 5011 quem
1370 4938 1815 5011 Paralipomenon
1845 4940 1979 4996 liber

417 5017 825 5081 commemorat.
857 5010 971 5081 Sed
1016 5011 1154 5081 alius
1199 5008 1257 5065 ei
1298 5019 1449 5081 pater
1495 5008 1658 5081 quam
1685 5008 1976 5065 Jecbonias

418 5080 743 5149 quaerendus
790 5091 891 5135 est.
927 5080 1267 5134 Maldonatus
1299 5079 1486 5135 noster
1517 5079 1727 5135 Joakim
1760 5096 1858 5149 pro
1886 5081 1979 5135 ite-

419 5160 540 5207 rato
562 5148 824 5221 Jeclionia
848 5151 1133 5221 substituit
1168 5161 1376 5221 :_atque
1398 5151 1470 5203 ita
1496 5152 1624 5221 legit
1646 5148 1854 5221 Joaeim
1878 5166 1977 5203 au-

421 5230 521 5273 tem
548 5222 720 5291 genuit
741 5218 1373 5274 Jechoniamdechonias
1406 5218 1587 5276 autem»
1615 5222 1789 5291 genuit
1824 5220 1980 5276 Sala-

422 5291 565 5344 tlu'el.
600 5290 754 5356 Quod
783 5292 1088 5360 Scripturze
1105 5300 1533 5345 consentaneum
1560 5290 1664 5347 est.

491 5360 604 5429 (62)
658 5363 753 5414 Ἑν
798 5359 981 5425 τούτῳ
1026 5359 1107 5424 τῷ
1150 5361 1341 5429 χρόνῳ
1387 5360 1496 5431 τῆς
1549 5362 1975 5431 αἰχμαλωσίας.

424 5429 699 5500 ΜιιΙιὶριρι
730 5447 900 5491 error,
932 5446 1040 5554 (Rm
1070 5432 1155 5484 vix
1186 5432 1327 5487 ullus
1348 5432 1414 5485 ab
1438 5429 1738 5502 Epiphanio
1764 5435 1982 5501 gravior

426 5510 506 5554 est
558 5503 905 5554 connnissus.
983 5500 1070 5554 'on
1120 5501 1262 5554 enim
1314 5510 1437 5554 nost
1486 5503 1981 5554 llierosolvmorum

426 5503 905 5573 ast‘commissus.
950 5500 1070 5555 Non
1120 5501 1262 5554 enim
1314 5510 1437 5571 post
1484 5500 1981 5573 Hierosolymorum

427 5571 718 5635 excidium,
757 5571 849 5626 sed
892 5583 1037 5626 tanto
1066 5578 1210 5633 ante,
1248 5585 1368 5639 post
1402 5590 1433 5626 ι
1466 5574 1713 5628 videlicet
1737 5571 1981 5627 tribuum

431 5642 880 5718 deportationcm,
911 5644 1087 5701 coloni
1116 5646 1168 5697 in
1200 5640 1497 5701 Samariam
1522 5644 1800 5711 submissi,
1822 5643 1983 5713 idque

2069 4379 2279 4451 perium
2308 4377 2657 4442 exstinctum,
2689 4377 3431 4451 Babyloniorum_primordia
3469 4393 3498 4431 a
3529 4379 3644 4432 Na-

2071 4446 2372 4521 bonassaro
2418 4459 2722 4521 creperum,
2754 4446 2897 4521 anno
2947 4464 3061 4519 per.
3103 4446 3212 4502 Jul.
3239 4448 3640 4521 396_7qcentum

2072 4518 2183 4574 fere
2215 4520 2371 4573 annis
2420 4535 2449 4572 a
2496 4518 2787 4575 constituta
2819 4519 3093 4575 Medorum
3124 4518 3475 4584 monarchia;
3514 4534 3642 4587 qua:

2072 4589 2191 4643 iniit
2218 4604 2360 4643 anno
2389 4591 2546 4644 5858.
2582 4589 2752 4644 Porro
2785 4589 3227 4659 Salmanassarix
3254 4590 3429 4643 tribus
3458 4592 3641 4659 capti-

2075 4675 2172 4729 vas
2220 4660 2443 4714 abduxit
2492 4662 2710 4716 circiter
2759 4675 2958 4713 annum
3012 4674 3126 4729 per.
3157 4658 3265 4713 Jul.
3297 4658 3457 4717 5995.
3491 4658 3645 4713 anno

2076 4728 2319 4784 Ezechia:
2349 4747 2423 4783 vi.
2455 4730 2499 4783 A
2524 4747 2631 4800 quo
2662 4731 2727 4784 ad
2760 4728 3248 4799 Nabopolassarum
3282 4729 3645 4800 Nabuchodo-

2076 4800 2263 4854 nosori
2285 4808 2490 4869 patrem
2522 4798 2650 4855 anni
2670 4810 2795 4856 sunt
2812 4800 2902 4855 96.
2918 4798 3181 4855 'lnteritus
3203 4800 3344 4853 enim
3367 4798 3639 4869 Nabopol.

2074 4872 2327 4924 convenit
2378 4886 2522 4924 anno
2576 4886 2687 4940 per.
2718 4869 2826 4925 Jul.
2859 4870 3026 4933 4089,
3052 4869 3155 4940 sub
3184 4885 3322 4938 quo,
3370 4870 3481 4923 imo
3514 4880 3645 4925 ante

2074 4941 2279 5009 ipsum,
2306 4939 2723 5011 BabyloniOrum
2753 4942 3037 5010 imperiutn
3068 4939 3281 5011 ﬂorere,
3302 4942 3644 5011 excitarique

2077 5011 2243 5081 coepit
2272 5028 2289 5065 :
2315 5009 2437 5066 cum
2466 5013 2578 5079 jam
2609 5009 2953 5081 Assyriorum
2985 5010 3285 5081 secundum
3331 5009 3465 5063 illud
3496 5013 3643 5065 occi-

2078 5080 2267 5136 disset.
2302 5082 2510 5163 Etenim
2556 5090 2678 5150 post
2704 5080 3054 5163 Assaraddon
3079 5080 3258 5163 .nulla.
3297 5081 3643 5163 litanmpli‘us

2078 5166 2264 5220 regum
2298 5149 2642 5221 Assyriorum
2673 5153 2873 5206 mentio
2904 5171 2916 5205 :
2953 5149 3387 5221 sedWMerodachi
3418 5149 3513 5221 filii
3540 5151 3644 5203 Ba-

2080 5219 2239 5275 ladan
2275 5219 2692 5291 Babyloniorum
2719 5222 3001 5291 principis,
3030 5220 3095 5274 IV
3124 5219 3254 5288 Reg.
3285 5220 3644 5291 x;,12,anno

2082 5291 2326 5347 Ezecbize
2367 5290 2473 5345 xiv.
2528 5290 2759 5361 Ideoque
2807 5290 2929 5360 poSt
2981 5291 3265 5345 Merodach
3319 5290 3644 5361 Babylonios

2082 5310 2326 5347 LZeCllliB
2367 5310 2473 5345 XIV.
2528 5310 2759 5347 IUCOlllc
2807 5310 2929 5360 pOSl
2981 5310 3265 5345 merouacn
3319 5310 3644 5361 DaDyl0I|l08

2082 5378 2237 5433 reges
2275 5362 2597 5416 crediderim
2643 5310 2709 5417 {IL
2762 5363 3106 5433 Assyriorum
3153 5362 3430 5415 dominatu
3485 5377 3545 5417 se
3592 5363 3644 5415 in

2084 5432 2385 5486 libertatem
2420 5433 2741 5487 asseruisse.

2155 5503 2263 5572 (ὺό)
2311 5503 2454 5567 Τούς
2484 5520 2546 5556 τε
2573 5503 2900 5568 Χουθαίους
2926 5502 3354 5571 καλουμένους.
3398 5501 3645 5567 Quatuor

2087 5572 2253 5626 hosce
2284 5574 2514 5642 populos
2542 5575 2700 5642 longe
2731 5574 2888 5627 aliter
2914 5573 3193 5642 Scriptura
3227 5573 3463 5642 concipit
3495 5594 3505 5626 :
3539 5572 3645 5625 Ad-

2089 5645 2259 5710 duxit,
2290 5645 2483 5716 inquit,
2514 5659 2603 5700 rex
2636 5645 2974 5717 Assyriorum
2998 5646 3133 5700 viros
3171 5644 3233 5697 de
3267 5643 3559 5715 Babylone,
3599 5652 3647 5706 at
