3754 6182
484 191 580 244 ‘22?)

1887 190 1944 244 S.
1988 189 2061 243 EF

2180 188 2330 244 IANII
3633 178 3714 234 θέε

485 310 573 362 illa
599 315 863 364 varretate
889 309 1172 362 nationum
1193 320 1323 364 sunt
1349 307 1488 363 facta
1517 310 1792 366 dissidia?
1821 310 2058 383 Singula:

2180 312 2446 383 τριαρχίαν
2467 309 2593 380 ἔθνη
2615 309 2847 378 διάᾳορα
2877 308 3130 380 προέστη.
3167 308 3280 360 Πᾶν
3313 306 3369 358 δὲ
3403 304 3555 367 ἔθνος
3575 305 3722 373 ἑαυτῷ

485 416 648 470 porro
678 401 931 456 nationes
966 416 1030 456 ac
1063 401 1281 454 fatuilia:
1314 401 1494 456 varias
1536 403 1588 455 in
1621 413 1813 472 gentes
1861 419 2059 473 propa-

485 501 620 559 gata:
652 498 818 559 sunt;
845 505 1081 560 quarum
1113 506 1452 561 unaqumque
1471 492 1731 562 deinceps
1763 510 1921 547 suum
1955 495 2058 548 sibi

487 599 666 654 regem
722 584 1034 638 constituit.
1067 583 1142 638 Ex
1188 601 1298 654 quo
1337 583 1479 637 bella
1526 583 1945 653 discordiarque,
1997 600 2060 639 ac

486 677 730 745 gentium
757 677 900 730 inter
930 691 988 730 se
1024 675 1312 730 conﬂictus
1333 676 1508 730 exorti
1540 692 1551 725 :
1585 691 1708 729 cum
1743 676 1795 729 id
1828 677 2062 746 quisque

489 769 634 836 quod
659 769 912 822 libuisset
969 768 1219 822 obtinere
1266 777 1511 836 cuperet,
1561 775 1615 820 et
1656 783 1777 837 qua:
1828 769 2058 823 aliorum

488 867 646 912 crant
693 859 759 912 ad
809 875 928 913 sese
980 859 1342 928 pertraheret,
1381 859 1431 912 id
1457 859 1604 928 quod
1640 861 1709 914 ab
1758 859 2056 914 insatiabili

489 953 721 1022 quadam
775 952 938 1006 insita
979 952 1159 1021 generi
1194 961 1382 1007 nostro
1422 953 1718 1021 cupiditate
1754 952 2058 1022 profectum

487 1053 592 1098 est.
632 1043 722 1098 Sic
760 1045 926 1113 igitur
952 1059 1074 1096 cum
1110 1060 1212 1097 una
1246 1053 1409 1113 atque
1439 1045 1667 1116 simplex
1690 1043 2058 1100 lsraelitarum

489 1134 698 1203 religio,
756 1148 1034 1206 sacrchue
1069 1134 1258 1189 littera:
1307 1144 1522 1191 exteras
1582 1137 1647 1189 ad
1697 1137 1946 1191 nationes
1973 1139 2061 1191 illo

489 1237 731 1295 tmnpore
780 1228 1179 1296 pervenissent,
1226 1227 1479 1298 Assyrios
1533 1229 1805 1294 videlicet,
1839 1247 1904 1285 ex
1936 1232 2060 1300 qui-

491 1322 593 1375 izlls
622 1321 873 1390 inquilini
907 1321 984 1374 illi
1022 1321 1310 1376 Samaritae
1337 1321 1580 1387 fuerunt,
1609 1338 1716 1376 una
1747 1323 1912 1377 etiam
1943 1324 2061 1377 ani-

495 1428 707 1466 morum
739 1413 1008 1468 dissensio
1033 1414 1290 1484 contigit;
1325 1414 1755 1484 opinionumque
1786 1416 2059 1470 concitata

489 1503 721 1569 falsitas,
758 1511 812 1558 et
847 1504 915 1558 ab
949 1519 1057 1557 uno
1083 1505 1364 1574 religionis
1396 1505 1546 1558 cultu
1581 1504 2058 1559 innumerabilium

488 1609 736 1648 errorum
769 1610 864 1664 per
900 1595 1044 1648 illam
1081 1594 1411 1649 discordiam
1451 1595 1657 1650 semina
1685 1595 2057 1664 pullularunt;

488 1695 650 1751 prout
693 1687 950 1740 nimirum
984 1686 1424 1756 uniuscujusque
1452 1702 1650 1741 sensus
1680 1687 1826 1750 tulit,
1862 1695 1955 1740 aut
2006 1686 2060 1740 in

2168 404 2576 473 προσεττήσατο
2625 401 2846 471 βασιλεα
2900 402 2980 463 εἰς
3033 399 3295 469 κεφαλήν.
3334 396 3655 465 Συμεέϐηκε
3684 396 3720 447 ἃ

2167 497 2274 550 ἀπὸ
2302 495 2492 549 τούτου
2527 494 2762 565 πόλεμον
2793 489 2929 546 εἶναι
2960 493 3054 546 καὶ
3080 490 3348 550 ἔνστασιν,
3382 489 3478 541 καὶ
3516 487 3725 556 συμπλη-

2167 589 2336 658 γάδας
2397 587 2565 641 ἐθνῶν
2624 588 2680 639 ὲν
2731 586 2907 639 ἔθνεσι
2962 582 3469 658 συρρηγνυμένων,
3522 580 3722 631 ὲκάττω

2170 679 2490 750 βιαζομένου
2517 679 2576 731 τὸ
2607 678 2733 730 ἴδιον
2777 677 2987 747 θέλημα
3020 673 3412 746 προτιμᾶσθαι,
3451 673 3531 733 εἰς
3566 669 3724 724 ἐαυτέν

2167 771 2222 824 δὲ
2254 770 2323 822 τά
2359 769 2464 822 τῶν
2497 769 2666 833 πέλας
2699 765 3088 838 ἀποφέρεσθαι,
3121 764 3206 817 διὰ
3238 764 3334 834 τὴν
3369 765 3431 814 ἐν
3463 761 3541 831 τῷ
3572 761 3662 829 βίῳ
3683 763 3723 812 ἐν

2169 865 2298 934 ἡμῖν
2327 865 2489 915 πᾶσιν
2516 861 2806 930 ἀκόρεστον
2841 858 3167 921 πλεονεξίαν.
3205 856 3360 909 Οὕτω
3403 857 3501 907 καὶ
3545 856 3600 906 ἐν
3627 857 3723 906 τοί-

2167 971 2244 1024 τῳ
2273 953 2348 1024 τῷ
2383 951 2558 1023 καιρῷ
2579 951 2655 1022 τῷ
2689 947 3169 1023 προδεδηλωμένῳ,
3209 945 3627 1017 μεταπεσούσης
3651 946 3721 996 τεῦ

2182 1045 2394 1118 Ἰσραὴλ
2425 1047 2523 1116 τῆς
2559 1047 2686 1115 μιᾶς
2715 1044 3033 1114 θρησκείας,
3075 1042 3168 1094 καὶ
3206 1041 3306 1108 τῆς
3347 1039 3496 1092 κατὰ
3538 1038 3626 1090 τὸν
3661 1039 3724 1089 νὸ-

2173 1156 2269 1208 μον
2303 1138 2518 1208 γραφῆς
2551 1139 2628 1200 εἰς
2657 1137 2818 1206 ἕτερα
2845 1135 2998 1206 γένη,
3035 1136 3175 1204 φημὶ
3207 1133 3260 1186 δὲ
3289 1135 3368 1195 εἰς
3411 1131 3721 1201 “Anu-9504;,

2169 1231 2226 1296 ἐξ
2257 1225 2330 1283 ὧν
2361 1231 2692 1300 Σαμαρεῖται
2725 1229 2775 1280 οἱ
2809 1227 3112 1296 ἐγκάθετοι,
3164 1225 3481 1296 συμϐέεηκε
3529 1225 3621 1275 καὶ
3649 1227 3722 1292 τὴν

2168 1321 2392 1392 γνώμην
2420 1321 2796 1392 διχονοηθῆναι
2819 1339 2831 1350 ο
2865 1320 2959 1374 καὶ
2987 1319 3170 1374 λοιπὸν
3211 1318 3474 1390 ὥρμησεν
3509 1318 3544 1386 ἡ
3579 1316 3724 1384 πλάνη

2169 1414 2262 1466 καὶ
2292 1417 2324 1485 ἡ
2358 1415 2590 1485 διχόνοια
2617 1413 2966 1485 ὑποσπείρειν
3009 1411 3116 1466 ἀπὸ
3144 1411 3243 1482 τῆς
3285 1413 3417 1482 μιᾶς
3447 1409 3724 1472 θεοσεεεέεις

2169 1509 2248 1571 εἰς
2275 1506 2471 1570 πολλὰς
2500 1523 2850 1578 παραπεποιη
2860 1505 3023 1575 μένας
3050 1503 3294 1574 γνώμας,
3323 1501 3512 1565 καθὼς
3540 1504 3724 1568 ἑκάστῳ

2169 1599 2334 1665 ἔδοξε,
2368 1599 2460 1652 καὶ
2499 1598 2648 1669 ὠήθη
2673 1596 2748 1668 τῷ
2772 1599 3060 1668 γράμματι
3095 1594 3465 1658 ὲνασκεῖσθαι,
3496 1595 3592 1646 καὶ
3623 1595 3722 1663 ’ςρὰ-

2169 1688 2279 1752 ζειν
2303 1688 2532 1751 ἕκαστος
2556 1688 2696 1741 κατὰ
2721 1687 2782 1738 τὸ
2810 1687 2934 1739 ἴδιον
2962 1685 3189 1757 θέλημα.

491 1777 792 1847 Scripturis
818 1778 1186 1849 intelligendis
1215 1779 1424 1848 peritia:
1456 1779 1561 1833 sibi
1590 1779 1797 1849 aliquid
1828 1779 2124 1850 arrogavit,
2157 1781 2486 1852 easdemque
2525 1781 2792 1851 privatam
2827 1779 2894 1833 ad
2942 1779 3271 1834 sententiam
3330 1774 3723 1832 accommodare

491 1869 720 1926 studuit.

1011 1988 1120 2060 24
1156 1986 1562 2051 sanamms,

495 2102 627 2166 Qua:
656 2111 732 2155 est
764 2101 976 2156 haeresis
1006 2104 1070 2156 ab
1100 2104 1280 2173 gentili
1301 2103 1665 2173 superstitione
1704 2102 1837 2170 VII,
1880 2105 2066 2159 ordine

1162 2190 1274 2228 vero
1291 2172 1392 2230 ΙᾸ.

570 2280 610 2334 l.
653 2280 839 2351 Itaque
867 2279 1152 2338 Samaritae
1194 2299 1383 2339 earum
1436 2285 1712 2342 haereseon
1768 2287 2061 2358 principes,

495 2390 615 2442 quae
649 2373 848 2429 divinis
874 2373 1070 2428 litteris
1098 2375 1370 2441 nituntur,
1393 2384 1517 2445 post
1547 2389 2002 2434 commemoratae
2033 2395 2061 2433 a

494 2466 652 2521 nobis
681 2465 992 2522 Grmcorum
1027 2475 1230 2532 sectas,
1265 2477 1319 2524 et
1349 2469 1545 2525 stolide
1595 2471 1718 2526 illas
1748 2471 1965 2542 quidem
1995 2473 2064 2528 ab

495 2559 775 2614 hominum
807 2559 1038 2631 ingeniis
1069 2561 1404 2632 excogitatas
1433 2563 1678 2630 proxime
1733 2573 2055 2634 sequuntur.

495 2650 696 2706 llorum
727 2669 899 2725 genus
931 2652 1400 2709 Samaritanorum
1463 2663 1735 2710 vocatum.
1770 2657 1901 2722 Quae
1957 2673 2062 2711 vox

490 2743 746 2798 custodes
779 2744 1073 2815 signiﬁcat,
1107 2747 1252 2816 quod
1295 2748 1334 2802 ii
1368 2748 1647 2817 quondam
1708 2751 1762 2802 in
1798 2750 1887 2803 illa
1919 2758 2059 2803 terra

490 2843 750 2904 tanquam
783 2839 1039 2894 custodes
1061 2840 1312 2894 collocati
1351 2849 1501 2903 sunt,
1548 2842 1663 2895 sive
1715 2842 1859 2912 quod
1888 2857 2008 2911 quae
2031 2856 2060 2896 a

492 2927 640 2981 Mose
661 2929 956 2983 constituta
980 2937 1138 2983 erant
1170 2930 1222 2982 in
1256 2931 1372 3000 lege
1403 2931 1769 2986 custodirent.
1802 2932 1879 2986 Ac
1903 2947 2060 2986 mons

491 3019 583 3072 ille
611 3035 773 3088 quem
796 3020 1110 3075 insederant
1163 3019 1431 3076 Somoron
1466 3025 1766 3093 appellatus
1816 3032 1920 3090 est,
1977 3027 2060 3079 vel

493 3111 688 3164 Somer
721 3111 788 3164 ab
811 3112 1037 3181 antiquo
1069 3112 1370 3168 Somorone
1403 3113 1646 3172 Someris
1677 3118 1788 3170 tilio
1813 3118 1886 3186 (id
1913 3118 2058 3171 enim

466 3202 540 3254 ~ei
569 3202 686 3257 viro
719 3219 916 3259 nomen
959 3205 1103 3274 fuit).
1137 3206 1403 3262 Czeterum
1461 3207 1652 3263 Somer
1706 3209 1809 3264 iste
1851 3220 2056 3280 patrem

491 3292 682 3348 habuit
731 3310 762 3350 e
816 3293 1228 3352 Pherezmorum
1265 3313 1329 3352 ac
1384 3298 1792 3370 Gergesazorum
1840 3317 2056 3372 genere,

490 3385 584 3452 qui
615 3393 728 3439 tum
764 3401 882 3441 eam
917 3391 1193 3459 regionem
1241 3390 1583 3459 habitabant,
1638 3401 1691 3446 et
1742 3406 1772 3447 a
1801 3393 2055 3448 Chanaan

491 3477 757 3547 originem
800 3477 1092 3546 duxerant,
1144 3482 1237 3550 qui
1265 3479 1518 3536 tractum
1559 3485 1730 3551 illum,
1767 3501 1888 3555 qua:
1917 3502 2064 3542 nunc

491 3571 676 3628 Judaza
725 3581 778 3628 et
808 3572 1051 3629 Samaria
1082 3575 1302 3644 dicitur,
1333 3582 1638 3648 usurpavit,
1674 3579 1910 3634 alienum
1951 3581 2062 3635 uti-

493 3683 623 3736 que,
649 3675 835 3736 utpote
870 3666 1108 3722 ﬁliorum
1147 3667 1295 3733 Sem,
1333 3685 1456 3725 cum
1487 3671 1746 3726 Chanaan
1773 3671 1890 3742 ipse
1917 3673 2062 3726 Cha-

493 3757 566 3810 mi
603 3756 745 3812 tilius
785 3765 930 3812 esset
977 3757 1168 3812 eodem
1227 3775 1336 3829 quo
1395 3760 1519 3814 Sem
1556 3770 1709 3831 patre
1759 3763 1947 3832 geniti.
1986 3761 2064 3817 Ita

493 3847 721 3918 contigit
751 3856 809 3901 ut
838 3848 1073 3904 diversis
1107 3849 1173 3904 de
1205 3851 1390 3906 causis
1416 3851 1556 3906 idem
1593 3853 2061 3908 Samaritanorum

495 3954 692 3992 nomen
721 3954 888 4009 penes
918 3956 1013 3995 eos
1053 3940 1358 4009 resederit;
1397 3943 1654 3998 nimirum
1696 3960 1724 3996 a
1761 3944 1987 4000 Samero
2013 3953 2065 3999 et

495 4028 797 4085 Somorone
825 4047 838 4082 :
865 4031 932 4086 ab
955 4047 1020 4087 eo
1049 4034 1194 4102 quod
1220 4034 1368 4089 velut
1397 4042 1558 4090 terrae
1603 4037 1861 4092 custodes
1892 4052 2062 4108 appo—

493 4121 584 4176 siti
611 4131 829 4182 essent:
878 4138 942 4179 ac
971 4124 1212 4195 denique
1237 4127 1394 4208 quod
1447 4126 1614 4184 Mosis
1654 4129 1902 4184 instituta
1956 4144 2067 4184 ser-

496 4228 560 4269 νει
569 4223 705 4269 rent.

566 4349 581 4379 ¹
609 4348 772 4405 Forte
801 4351 966 4422 ἅοχή.

565 4485 696 4558 (65)-
717 4485 1086 4558 Σαμαρεῖται.
1129 4485 1399 4542 llaetenus
1449 4497 1612 4543 secta:
1655 4489 1779 4555 illae,
1818 4504 1938 4558 quae
1978 4489 2062 4543 vel

492 4566 617 4610 ante
664 4555 1006 4628 Scripturam
1059 4559 1388 4612 exstiterunt
1436 4561 1517 4614 vel
1567 4555 1851 4628 gentilium
1909 4560 2060 4614 fuere

493 4627 741 4695 propriae.
779 4627 1096 4700 Sequuntur
1139 4643 1214 4700 ere
1263 4646 1384 4698 qua:
1427 4627 1704 4700 utcunque
1745 4630 2058 4699 Scripturas

2723 1987 3180 2049 EAMAPEITAI,

2184 2099 2438 2170 Ἑϐδόμη
2475 2099 2861 2170 αἵρεσιςγάπίὸ
2893 2097 2998 2151 τοῦ
3059 2095 3492 2170 Ἑλληνισμοῦ,
3535 2095 3724 2158 ὲννάτε

2673 2169 2741 2223 δὲ·
2773 2169 2846 2237 τῇ
2876 2168 3225 2233 ἀκολουθίᾳ.

2240 2288 2318 2341 A'.
2344 2288 2680 2359 Σαμαρεῖται
2711 2283 2824 2356 (65)
2877 2284 2974 2355 μὲν
3015 2279 3110 2336 οὖν
3142 2283 3158 2313 ¹
3191 2284 3320 2354 ἄχρι
3346 2282 3458 2336 τῶν
3489 2284 3720 2354 αἱρέσεω·

2169 2379 2276 2434 ἀπὸ
2300 2380 2522 2450 Γραφῆς
2546 2378 2730 2449 θεῖκῆς
2754 2375 3062 2449 ὁρμώμενοι
3103 2376 3241 2446 μετὰ
3273 2376 3375 2440 τὰς
3412 2377 3721 2447 προειρη

2169 2488 2264 2535 νας
2308 2470 2621 2542 Ἑλληνικὰς
2647 2469 2886 2541 αἱρέσεις
2930 2469 3023 2522 ἀπ’
3053 2468 3197 2521 ἰδίων
3235 2467 3517 2539 λογισμῶν
3545 2469 3723 2539 ἀνθρώ-

2168 2580 2289 2626 ποις
2339 2563 2795 2634 ὲμὸροντηθείσας
2844 2562 2951 2614 ἀπὸ
3001 2561 3257 2624 διανοίας.
3305 2562 3423 2614 Πᾶν
3465 2562 3646 2613 τοίνυν
3685 2561 3724 2611 'J

2167 2655 2322 2722 γένος
2349 2654 2703 2726 Σαμαρειτῶν
2724 2653 2986 2707 ἐκαλεῖτο.
3025 2653 3447 2724 Ἐρμηνεύονται
3479 2653 3541 2706 δὲ
3573 2654 3723 2719 Σαμα-

2171 2750 2340 2817 ρεῖται
2374 2747 2484 2817 (66)
2520 2745 2777 2816 φύλακες,
2807 2745 2892 2800 διὰ
2927 2746 2988 2797 τὸ
3025 2748 3082 2798 ὲν
3109 2745 3259 2811 τάξει
3300 2744 3565 2813 φυλάκων
3602 2745 3724 2797 tat-5»

2166 2840 2290 2909 χθαι
2318 2841 2375 2892 ὲν
2395 2842 2460 2910 τῇ
2489 2841 2559 2909 γῇ
2582 2857 2597 2872 ο
2627 2840 2658 2906 ἢ
2683 2837 2790 2891 ἀπὸ
2827 2837 2920 2890 τοῦ
2967 2837 3211 2906 φύλακας
3250 2837 3452 2899 αὐτοὺς
3483 2833 3626 2890 εἶναι

2166 2933 2306 2986 κατὰ
2361 2932 2450 2984 τὸν
2493 2933 2654 3001 νόμον
2700 2930 2976 2993 Μωῦσέως
3014 2929 3324 2995 διατάξεως.
3372 2930 3653 2982 Ἐκαλεῖτο
3689 2931 3728 2981 δὲ

2165 3027 2258 3079 καὶ
2283 3026 2339 3078 τὸ
2366 3026 2489 3096 ὅρος
2523 3025 2647 3077 ἔνθα
2692 3024 3060 3095 ἐκαθέσθησαν
3089 3022 3388 3094 Σωμόρων·
3427 3024 3556 3094 ἅμα
3582 3024 3636 3076 δὲ
3660 3027 3728 3076 ui

2165 3121 2367 3191 Σωμὴρ
2404 3119 2510 3172 ἀπὸ
2559 3119 2786 3189 ἀρχαίου
2831 3118 2974 3181 τινὸς
3023 3117 3316 3187 Σωμὸρων,
3367 3116 3490 3169 υἱοῦ
3533 3119 3712 3187 Σωμῆρ

2165 3210 2306 3262 οὕτω
2329 3208 2421 3261 τοῦ
2455 3208 2646 3279 ἀνδρὸς
2673 3207 3024 3278 καλουμένου.
3067 3201 3174 3258 Ἦν
3206 3205 3261 3258 δὲ
3290 3199 3444 3268 οὗτος
3482 3209 3516 3258 ὁ
3558 3207 3730 3275 Stetit;

2165 3303 2274 3365 υἱὸς
2303 3302 2419 3365 ἐνὸς
2447 3302 2636 3374 ἀνδρὸς
2666 3301 2773 3355 τῶν
2811 3299 2917 3355 ἀπὸ
2961 3299 3148 3368 γένους
3171 3297 3280 3351 τῶν
3308 3297 3628 3368 Φερεζαίων
3655 3301 3727 3349 καὶ

2165 3392 2527 3464 Γεργεσαίων,
2568 3391 2616 3444 οἳ
2652 3390 2933 3460 κατῴκουν
2970 3389 3032 3442 τὸ
3067 3387 3366 3459 τηνικαῦτα
3394 3387 3502 3458 τὴν
3537 3388 3657 3457 γῆν.

2164 3489 2410 3559 διαδοχῆς
2441 3487 2592 3551 ὄντες
2621 3486 2808 3549 παῖδες
2844 3483 2937 3538 τοῦ
2961 3481 3183 3536 Χαναὰν
3228 3481 3322 3535 τοῦ
3355 3480 3457 3552 τὴν
3484 3482 3594 3552 γῆν
3625 3481 3730 3532 ταὺ-

2162 3597 2263 3651 την
2297 3578 2656 3652 άρπάξαντος,
2688 3577 2786 3649 τὴν
2815 3576 2910 3631 νῦν
2945 3575 3200 3630 Ἰουδαίαν
3226 3575 3258 3646 ἢ
3294 3575 3522 3645 Σαμαρε
3535 3577 3619 3627 ίαν
3643 3573 3732 3624 itii:

2165 3671 2524 3742 καλουμένην,
2564 3666 2728 3724 οὖσαν
2765 3669 2873 3723 τῶν
2917 3669 3046 3723 υἱῶν
3092 3669 3228 3740 Σὴμ,
3267 3667 3340 3738 μὴ
3369 3663 3547 3719 οὖσαν
3579 3667 3732 3721 αὐτῶν

2166 3763 2320 3825 ἰδίαν,
2356 3760 2442 3815 διὰ
2477 3762 2539 3814 τὸ
2575 3763 2737 3815 αὑτὸν
2775 3760 2864 3813 τὸν
2908 3759 3124 3813 Χαναὰν
3155 3755 3293 3811 εἶναι
3331 3758 3448 3810 υἱὸν
3495 3757 3599 3810 τοῦ
3629 3759 3730 3826 Χὲμ

2164 3855 2537 3926 πατραδέλφου
2566 3853 2659 3907 τοῦ
2695 3855 2837 3924 Σήμ.
2884 3852 2992 3904 Καὶ
3033 3848 3350 3920 συμϐέϐηκε
3382 3847 3444 3900 τὸ
3482 3850 3654 3918 ὄνομα
3685 3853 3732 3900 ἐν

2161 3947 2434 4018 διαιςιῦρων
2484 3945 2808 4018 προφάσεων
2847 3944 3123 3998 καλεῖσθαι
3173 3944 3551 4014 Σαμαρείτας.
3597 3944 3655 3996 ἐκ
3690 3961 3732 3994 τε

2160 4037 2254 4091 τοῦ
2286 4038 2507 4110 Σωμὴρ,
2553 4037 2616 4090 ἔκ
2647 4055 2705 4090 τε
2753 4036 2846 4090 τοῦ
2888 4037 3180 4107 Σωμόρων,
3209 4035 3272 4088 ἐκ
3304 4053 3363 4088 τε
3401 4036 3503 4088 τοῦ
3550 4037 3732 4103 φυλάτ-

2163 4147 2274 4184 τειν
2305 4129 2403 4200 τὴν
2435 4130 2538 4201 γῆν
2572 4129 2729 4199 (67⁶),
2766 4128 2828 4182 ἐκ
2859 4145 2918 4182 τε
2959 4129 3051 4182 τοῦ
3087 4127 3376 4197 φυλάττειν
3412 4127 3486 4181 τὰ
3535 4128 3730 4181 παιὲὺ

2170 4240 2313 4294 ματα
2340 4223 2432 4276 τοῦ
2463 4224 2648 4294 νόμου.

2169 4507 2270 4562 pus
2299 4503 2463 4558 porro
2495 4487 2634 4558 apud
2668 4485 2978 4566 Eusebium
3006 4486 3099 4541 lib.
3131 4502 3194 4566 v,_
3222 4501 3274 4540 c.
3308 4484 3731 4566 22.:_Judaroram

2171 4556 2351 4616 sectas
2382 4556 2732 4629 percensens,
2758 4557 3145 4629 _Samarit_a_nos
3177 4556 3324 4629 inter
3364 4557 3488 4629 illas
3543 4560 3730 4612 retulit

2179 4630 2318 4684 Sunt
2346 4626 2524 4683 autem
2541 4628 2677 4699 ista:
2709 4647 2738 4699 :7
2758 4626 2968 4699 Εεεῖξηί,Δ
2985 4626 3730 4699 Galilzci,_Hemerobaptist:e,

495 4705 818 4780 usurpantes
869 4695 1259 4780 multiplicibus
1282 4695 1761 4780 _sese_error-ibus
1808 4695 2054 4780 iniplica-
2090 4725 2134 4780 ι)
2165 4699 2498 4780 Μειεῑξυιιιὲἰ,
2535 4695 2838 4780 Samaritm,
2867 4697 3169 4780 Sgdducaei,
3204 4696 3489 4780 Pharisaei.

495 4777 640 4820 runt.
663 4767 901 4831 Quarum
924 4767 1226 4837 duo'capita
1259 4779 1406 4836 sunt,
1437 4769 1742 4831 Samaritae,
1767 4786 1830 4824 ac
1860 4767 2054 4824 Judaei.

497 4837 960 4912 Samaritanorum
975 4839 1116 4912 ’καθ’
1145 4839 1512 4912 QmSzaipacw
1534 4842 1806 4912 factiones
1837 4848 1962 4894 sunt
1988 4857 2059 4912 iv,

494 4906 800 4960 Iudaeorum
835 4924 929 4964 vu.
971 4907 1300 4964 Samaritani
1348 4906 1476 4966 sunt
1531 4911 1744 4972 Esseni,
1777 4910 2062 4976 Gortheni,

499 4977 732 5046 Sebuaei.
792 4976 1054 5032 Dosithei.
1091 4977 1424 5046 Judaeorum,
1477 4981 1783 5044 Sadduczei,
1839 4981 2062 5044 Seribm,

496 5045 776 5118 Pharisazi,
807 5047 1306 5118 Hemerobaptistaa,
1337 5045 1598 5114 Nasaraei,
1630 5051 1844 5116 Osseni,
1895 5049 2065 5105 Hero-

497 5117 666 5191 diani.
704 5117 828 5172 Haec
868 5117 1222 5188 Epiphanius.
1259 5121 1383 5188 Qui,
1438 5131 1498 5176 ut
1535 5124 1670 5178 alias
1704 5138 1866 5191 saepe,
1898 5121 2062 5176 sicin

499 5189 690 5262 harum
740 5196 1013 5262 sectarum
1045 5192 1334 5258 partitione
1367 5208 1431 5247 ac
1457 5189 1820 5262 descriptione
1847 5207 2062 5261 acquum

498 5258 670 5330 magis
705 5273 769 5312 ac
795 5259 1112 5330 benignum,
1141 5276 1301 5330 quam
1350 5258 1666 5318 accuratum
1716 5273 1769 5318 et
1812 5258 2060 5318 severum

496 5325 751 5381 lectorem
780 5325 966 5398 exigit.
1004 5325 1278 5384 Permulta
1308 5333 1451 5387 enim
1485 5335 1609 5389 istic
1637 5333 1792 5392 falsa.
1812 5333 2060 5387 minime-

492 5411 598 5466 qne
629 5399 953 5454 cohazrentia
985 5400 1266 5470 disputat;
1307 5418 1426 5471 qua:
1475 5421 1574 5458 nos
1628 5403 1938 5458 invitissimi
1971 5415 2060 5454 sa-

493 5482 580 5528 ne,
603 5483 700 5539 pro
720 5484 785 5522 eo
810 5484 874 5524 ac
900 5471 1231 5526 sanctissimi
1262 5472 1363 5525 viri
1396 5474 1649 5542 pietatem
1678 5475 2059 5528 eruditionem-

491 5552 599 5607 que
624 5555 970 5604 veneramur,
994 5543 1086 5596 sed
1119 5544 1428 5597 necessario
1458 5555 1636 5598 tamen
1663 5559 1874 5605 eruere,
1901 5559 1963 5596 ac
1990 5558 2056 5596 ne

491 5607 671 5665 fraudi
712 5611 966 5682 cuiquam
993 5613 1123 5678 sint,
1159 5613 1426 5684 castigare
1454 5614 1760 5672 debuimus.
1793 5613 2054 5686 llegcsip-

2236 4769 2349 4841 (66)
2400 4769 2854 4841 ²Ερμηνεύοντᾳι
2900 4767 2968 4820 δὲ
3004 4767 3370 4841 Σαμαρεῖται.
3411 4766 3541 4822 Non
3589 4769 3734 4822 unius

2170 4839 2455 4912 Epiphanii
2481 4848 2574 4912 est
2596 4839 2772 4894 otiosa
2803 4839 2916 4900 illa,
2947 4852 3012 4891 ac
3046 4839 3208 4912 nimis
3247 4849 3435 4912 arguta
3471 4841 3633 4912 vocis
3665 4841 3730 4888 in-

2172 4907 2510 4981 terpretatio.
2542 4907 2692 4981 Pene
2732 4923 2923 4981 omnes
2954 4907 3165 4981 antiqui
3205 4907 3554 4981 tam’Grzeci,
3586 4923 3732 4978 quam

2174 4978 2352 5037 Latini
2389 4995 2509 5036 eam
2555 4979 2786 5049 amplexi
2817 4987 2966 5049 sunt,
2996 4993 3060 5032 ac
3095 4978 3358 5034 miriﬁcas
3399 4995 3469 5033 ex
3526 4996 3592 5033 ea
3626 4995 3732 5031 scn-

2175 5053 2376 5107 tentias
2405 5048 2792 5120 procuderunt.
2828 5048 2933 5102 Sed
2969 5049 3278 5104 accuratior
3326 5050 3598 5120 omnibus
3625 5049 3732 5116 Epi-

2172 5119 2418 5193 ph’anius’
2451 5130 2638 5175 noster
2666 5139 2678 5174 :
2710 5119 2800 5189 qui
2847 5120 2921 5173 ita
2955 5134 3298 5173 communem
3333 5119 3499 5193 illam
3543 5120 3730 5176 attulit.

2171 5189 2231 5248 ἱιι
2255 5193 2538 5261 veriorem,
2569 5206 2633 5244 ac
2655 5205 2964 5261 germanam
2989 5205 3096 5243 non
3131 5189 3474 5259 pmteriret;
3506 5207 3636 5261 qua:
3663 5199 3730 5242 est

2168 5263 2260 5319 lib.
2295 5262 2356 5316 Ill
2388 5260 2518 5332 Reg.
2551 5260 2775 5322 “1,724.

2239 5333 2350 5401 (67)
2395 5329 2513 5399 Tifa-
2548 5332 2664 5384 νῦν
2700 5329 2986 5384 Ἰουδαίαν
3018 5331 3057 5398 ἢ
3091 5330 3445 5400 Σαμαρείαν.
3493 5329 3735 5400 Saepenu-

2165 5419 2316 5458 mero
2346 5403 2448 5456 hoc
2476 5402 2711 5456 inculcat
2738 5420 2750 5453 :
2785 5401 2953 5455 Cham
2990 5401 3043 5455 in
3076 5401 3258 5455 fratris
3306 5403 3390 5456 sui
3448 5402 3736 5468 possessio-

2165 5491 2287 5528 nem
2319 5473 2605 5533 invasisse,
2638 5488 2700 5526 ac
2725 5470 2974 5542 Iudaeam
3004 5486 3340 5542 occultasse;
3385 5474 3556 5538 cujus
3601 5485 3733 5542 pars.

2164 5543 2328 5598 latius
2358 5545 2553 5598 ditiusa
2584 5543 2832 5596 vocabuli
2867 5541 3109 5606 notione,
3139 5541 3382 5595 Samaria
3420 5544 3549 5595 fuit.

2236 5615 2372 5686 (67⁸)
2417 5617 2525 5668 Ἕκ
2567 5631 2627 5668 τε
2679 5612 2783 5667 τοῦ
2835 5612 3159 5682 φυλάττειν
3201 5611 3314 5681 τὴν
3342 5612 3477 5682 γῆν.
3531 5612 3734 5667 Primus
