3766 6276
39 363 119 418 935

80 479 138 529 B'.
188 473 536 544 Διαφέρονται
591 471 647 524 δὲ
698 465 841 524 οὗτοι
889 469 1163 533 Ἰουδαίοις
1217 469 1355 522 κατὰ
1398 469 1629 530 τοῦτοΑ

30 565 319 635 gladi-.0an
364 563 469 615 οὐκ
514 561 668 631 ἐδόθη
716 560 899 622 αὐτοῖς
947 559 1239 630 προφητῶν
1271 559 1377 611 τῶν
1420 560 1556 629 μετά

31 657 218 712 llo-Srio
242 653 504 725 γραφὴ,ἢ
549 653 707 722 μόνον
749 655 782 722 ἡ
820 650 1032 704 δοθεῖσα
1072 652 1439 721 Πεντάτευχος
1470 650 1557 703 διὰ

33 747 256 808 aluisse);
279 745 354 816 τῷ
389 745 670 816 σπέρματι
714 743 925 816 Ἰσραὴλ
953 743 1011 796 ὲν
1035 745 1100 814 τῇ
1134 742 1295 813 ἐξόδῳ
1325 742 1425 812 τῆς
1463 743 1555 794 ἀπ’

35 842 255 906 Δξτύπτου
282 839 536 909 πορείας·
569 854 640 906 φη
652 837 712 906 μὶ
738 836 792 888 δὲ
818 836 1056 898 Γένεσις,
1086 835 1174 888 καὶ
1206 833 1441 898 Ἔξοδος,
1468 835 1558 888 καὶ

39 930 280 993 Λευῖτικδν,
311 930 403 983 καὶ
448 929 720 998 Ἀριθμοὶ,
757 928 849 981 καὶ
893 927 1327 999 Δευτερονόμιον.
1365 927 1452 980 Ἐν
1501 927 1558 978 δὲ

111 1025 319 1096 Ἐόραῖδι
347 1023 616 1092 διαλέκτῳ
658 1021 801 1074 οὕτω
836 1021 1143 1082 καλοῦνται,
1180 1019 1405 1091 Βηρσὶθ,
1443 1019 1561 1072 Ἐλ-

37 1116 225 1185 impoti,
271 1115 549 1184 Δωῖκᾶρα,
597 1111 896 1184 Οῦῐδαὸὴρ,
944 1111 1398 1182 Ἐλλεδδαεὸάριν.
1451 1107 1560 1163 Καὶ

39 1209 247 1277 ἔσπαρται
275 1205 370 1274 μὲν
395 1206 457 1256 ὲν
487 1202 712 1265 ταύταις
744 1204 862 1264 ταῖς
906 1200 1068 1253 πέντε
1101 1200 1302 1270 βίϐλοις
1329 1199 1561 1254 ἀναστά-

42 1315 137 1362 σεως
178 1295 374 1368 νεκρῶν
420 1294 484 1347 τὸ
544 1295 797 1362 σημεῖονο
842 1291 901 1344 οὑ
947 1290 1128 1360 μέντοι
1174 1306 1237 1358 γε
1275 1286 1561 1359 τηλαυγῶς

41 1391 336 1457 κεκήρυκται,
363 1384 462 1436 καὶ
493 1382 763 1452 ἔσπαρται
803 1382 860 1432 ἐν
893 1382 1083 1442 αὐταῖς
1119 1380 1244 1450 περὶ
1275 1380 1367 1431 τοῦ
1407 1395 1562 1449 μονο-

41 1479 182 1548 γενοῦς
204 1476 320 1529 Tia-3
347 1475 441 1528 τοῦ
478 1473 638 1536 Θεοῦ,
680 1473 773 1525 καὶ
819 1472 946 1542 περί
977 1471 1070 1524 τοῦ
1115 1471 1269 1538 ἀγίου
1314 1469 1562 1540 Πνεῦμα-

42 1586 120 1629 ςος,
143 1567 223 1618 καὶ
249 1565 385 1618 κατά
428 1561 686 1616 εἰδώλων.
719 1561 792 1614 Τὸ
829 1561 886 1613 δὲ
923 1561 1355 1631 τηλαυγέστερον
1383 1561 1439 1611 ἐν
1469 1559 1562 1611 αὐο

42 1661 125 1718 ταῖς
154 1655 431 1726 μοναρχίας
468 1653 580 1722 ἔχει
617 1650 718 1721 τὴν
768 1651 1076 1721 εἰσαγωγήν
1099 1667 1112 1682 ·
1144 1653 1200 1702 ὲν
1241 1650 1298 1702 δὲ
1333 1653 1397 1721 τῇ
1432 1666 1561 1718 μον-

43 1746 165 1814 αρχῖξ.
215 1739 595 1811 πνευματικῶς
635 1740 668 1808 ἡ
712 1737 883 1809 Τριάς
911 1739 1024 1789 ἐστι
1061 1733 1559 1804 καταγγελλομένη.

42 1840 85 1888 Οἱ
114 1837 159 1888 δὲ
189 1834 459 1903 δεξάμενοι
509 1831 598 1883 τὸν
641 1831 806 1898 νόμον
850 1829 930 1891 εἰς
973 1828 1035 1880 τὸ
1075 1825 1432 1898 μετατεθῆναι
1465 1827 1565 1895 τῆς
1594 1824 1636 1878 Β

43 1926 440 1996 εἱίωλολατρείας,
474 1925 568 1977 καὶ
595 1922 685 1974 τὸν
718 1921 814 1973 ἕνα
853 1919 984 1972 Θεὸν
1029 1918 1324 1987 ἐπιγνῶναι
1365 1920 1561 1970 ἐσπου-

42 2020 254 2086 δάσθησαν
272 2037 286 2050 ο
311 2013 391 2080 οἷς
417 2017 480 2069 οὐ
510 2015 730 2084 γέγονεν
764 2011 1050 2082 ἐπιμέλεια
1076 2011 1136 2064 τὸ
1176 2010 1560 2082 ἀκριϐέστερον

45 2109 301 2178 ἐπιγνῶναι.
330 2108 638 2176 Σφαλέντες
669 2105 725 2158 δὲ
761 2105 812 2157 οἱ
847 2103 1093 2164 τοιοῦτοι,
1129 2104 1222 2155 καὶ
1259 2102 1333 2173 μὴ
1365 2101 1563 2173 τηλαυ-

44 2203 123 2268 γῶς
145 2201 194 2253 τὸ
223 2201 321 2252 πᾶν
363 2199 531 2270 μέρος
563 2197 662 2267 τῆς
693 2197 928 2257 πίστεως
955 2212 1014 2246 τε
1046 2194 1140 2247 καὶ
1170 2195 1268 2264 τῆς
1289 2193 1560 2264 ἡμετέρας

47 2293 151 2359 ζωῆς
170 2292 224 2344 τὸ
249 2290 568 2362 ἀκρίϐασμα
602 2286 1011 2356 κατειληφότες,
1043 2285 1315 2356 ἠγνόησαν
1353 2285 1450 2355 μὲν
1479 2302 1564 2337 νε-

46 2385 152 2454 κρῶν
183 2385 484 2443 ἀνάστασιν,
513 2381 605 2433 καὶ
633 2379 920 2432 ἀπιστοῦσι
941 2393 955 2407 ⁸
986 2377 1206 2446 Πνεῦμα
1234 2376 1290 2428 δὲ
1316 2376 1468 2444 ἀγιον
1500 2377 1560 2430 οὐ

47 2475 376 2544 παραδέχονται
395 2489 408 2502 °
444 2472 538 2524 καὶ
567 2471 674 2541 γάρ
705 2469 1001 2539 ἠγνόησαν.
1032 2468 1140 2520 Καὶ
1184 2467 1320 2538 αὕτη
1352 2470 1382 2538 ἡ
1417 2468 1564 2536 αἳρε-

49 2585 107 2630 ςις
127 2567 362 2620 ἁθετοῦσα
395 2565 496 2635 μὲν
527 2561 735 2633 νεκρῶν
765 2561 1079 2623 ἀνάστασιν,
1115 2559 1475 2629 ἀπωθουμένη
1506 2558 1563 2611 δὲ

48 2655 442 2724 ιὶἆυλολατρεέαν,
508 2653 565 2704 ὲν
616 2653 751 2721 αὐτῇ
807 2651 866 2703 δὲ
927 2647 1386 2720 εἰδωλολατροῦσα
1443 2651 1562 2702 κατ’

48 2751 234 2815 ἀγνοιαν,
263 2749 345 2801 διὰ
369 2747 430 2800 τὺ
470 2741 888 2814 ἀποκεκρύφθαι
918 2743 985 2795 τὰ
1011 2742 1202 2795 εἴδωλα
1238 2741 1344 2795 τῶν
1374 2740 1565 2794 τεσσά-

50 2858 126 2908 ρων
148 2841 295 2892 ἐθνῶν
327 2843 384 2892 ὲν
413 2838 495 2908 τῷ
518 2837 633 2907 δρει
665 2835 742 2905 τῷ
781 2834 932 2906 παρά
961 2837 1070 2898 τοῖς
1125 2836 1140 2866 ¹
1177 2833 1422 2905 Γαριζεὶν
1453 2832 1563 2903 (68)

51 2932 548 3000 σετδκοσαντημένως
589 2927 926 2997 καλουμένῳ.
964 2924 1052 2996 Τῷ
1106 2925 1213 2996 γὰρ
1264 2925 1565 2996 βουλομένῳ

50 3024 236 3093 5119266;
265 3023 388 3094 περὶ
418 3022 516 3074 τοῦ
546 3020 705 3091 ὅρους
731 3018 982 3088 Γαριζεὶν
1013 3018 1336 3088 ἐρευνᾶσθαι
1369 3019 1562 3082 ἰστέον,

50 3118 237 3186 ὅτιπρός
271 3119 332 3187 τῇ
379 3113 592 3187 Ἱεριχῷ
634 3116 837 3166 κεῖνται
876 3111 943 3165 τὰ
988 3110 1079 3164 δύο
1111 3111 1233 3182 ὄρη,
1272 3111 1331 3164 τό
1375 3127 1433 3162 τε
1471 3110 1564 3163 τοῦ

53 3207 266 3276 Γαριζεὶν,
307 3221 399 3260 και
442 3206 508 3258 τὸ
559 3203 653 3257 τοῦ
688 3202 880 3266 Γεϐὰλ,
940 3202 1112 3274 πέραν
1168 3201 1260 3254 τοῦ
1303 3201 1564 3272 Ἰορδάνου
1593 3181 1634 3238 C

53 3299 150 3367 τρὶς
176 3301 231 3369 τῇ
267 3299 496 3367 ἀνατολῇ
530 3297 628 3366 τῆς
669 3295 897 3367 Ἰεριχῶ,
950 3294 1025 3357 ὡς
1068 3292 1179 3364 ἔχει
1210 3291 1270 3346 τὸ
1309 3296 1566 3364 Δευτερο-

52 3391 208 3458 νόμιον,
251 3392 338 3443 καὶ
378 3388 556 3460 Ἰησοῦ
603 3387 694 3440 τοῦ
739 3387 890 3458 Ναυῆ
941 3387 974 3456 ἡ
1027 3385 1227 3456 βίϐλος.
1275 3385 1568 3438 Εἰδωλολα-

53 3480 218 3550 τροῦσιν
239 3477 323 3535 οῦν
351 3478 698 3549 ἀγνοοῦντες,
723 3480 786 3530 ἐκ
812 3477 903 3530 τοῦ
925 3477 1256 3547 πανταχόθεν
1283 3475 1566 3548 προσέχειν

54 3575 152 3641 ty);
173 3575 224 3626 τδ
247 3575 361 3644 ὅρος
389 3575 449 3625 ἐν
481 3572 560 3641 τῷ
588 3572 782 3634 αὐτοὺς
814 3569 1088 3639 εὔχεσθαι,
1113 3569 1272 3641 δῆθεν
1301 3571 1382 3623 ὅτι
1411 3571 1568 3641 ἡγία-

57 3681 159 3718 σται.
188 3667 452 3720 ’Δδύνατον
484 3665 592 3734 γὰρ
625 3664 723 3735 τὴν
751 3663 968 3736 Γραφὴν
999 3662 1302 3732 ψεύσασθαι
1329 3664 1568 3733 φάσκου-

59 3771 147 3806 σαν·
175 3758 440 3825 Ἔμειναν
475 3754 790 3819 ποιοῦντες
833 3754 940 3806 τὸν
987 3755 1194 3823 νόμον,
1232 3755 1328 3808 καὶ
1378 3771 1566 3824 προσ-

57 3848 318 3916 κυνοῦντες
365 3850 437 3902 τὰ
491 3845 688 3900 αὑτῶ-ν
727 3845 944 3899 εἴδωλα
995 3846 1106 3910 ἓως
1151 3845 1261 3916 τῆς
1305 3847 1568 3917 σήμερον

59 3939 244 4006 ἡμέρας,
287 3941 358 4003 ὡς
403 3939 707 4010 ἐμφέρεται
751 3940 809 3991 ὲν
859 3941 924 4010 τῇ
967 3941 1199 4012 τετάρτῃ
1250 3941 1356 3993 τῶν
1404 3942 1566 3996 Βασι-

57 4030 187 4086 λειῶν.

107 4122 161 4173 Γ.
197 4123 524 4194 Ἐλέγχονται
556 4121 612 4175 δὲ
639 4121 792 4175 αὐτοὶ
825 4121 1166 4192 πανταχόθεν
1199 4122 1327 4194 περὶ
1359 4123 1570 4192 νεκρῶν

59 4214 370 4279 ἀναστάσεως,
397 4215 618 4285 πρῶτον
664 4213 771 4268 ἀπὸ
806 4213 899 4266 τοῦ
943 4213 1138 4278 Ἅϐελ,
1195 4213 1277 4266 δτι
1327 4213 1464 4284 μετὰ
1509 4213 1569 4266 τὸ

60 4305 286 4359 ἀποθανεῖν
314 4307 369 4360 τὸ
390 4301 530 4377 αἷμα
551 4305 997 4376 προσδιαλέγεται
1019 4305 1097 4376 τῷ
1123 4305 1385 4379 Δεσπότῃ.
1421 4301 1568 4376 Αἷμα

120 4397 166 4447 οὗ
204 4397 334 4470 ψυχὴ
372 4397 656 4468 τυγχάνει,
695 4398 812 4451 ἀλλ’
845 4399 904 4451 ὲν
954 4397 1146 4468 αἵματι
1175 4399 1208 4468 ὴ
1241 4397 1408 4469 ψυχή.
1457 4399 1565 4450 Καὶ

61 4488 130 4538 :37.
152 4485 305 4543 εἶπεν·
350 4493 410 4546 Ἡ
460 4491 630 4561 ψυχὴ
681 4489 804 4558 ,ϐοᾷ
841 4492 990 4560 πρὸς
1191 4491 1434 4554 δεικνὺς,
1485 4491 1568 4544 ὅτι

62 4581 167 4632 ἐστὶν
198 4584 332 4648 ἐλπὶς
375 4585 726 4649 ἀναστάσεως
772 4585 880 4637 τῶν
928 4584 1214 4655 σωμάτων.
1276 4583 1436 4637 Ἀλλά
1477 4587 1570 4639 καὶ

72 4673 194 4743 Ἑνὼχ
220 4677 466 4748 μετετέθη
495 4677 587 4730 τοῦ
621 4677 695 4749 μὴ
727 4677 853 4731 ἰδεῖν
883 4676 1132 4742 θάνατον,
1166 4676 1259 4729 καὶ
1287 4677 1386 4747 οὐχ
1409 4677 1570 4748 ηὑρί-

65 4779 195 4821 ιτιιετο.
233 4768 380 4823 Ἀλλά
404 4771 498 4824 καὶ
533 4770 719 4842 Σάρρα
767 4768 905 4840 μετά
937 4768 998 4821 τὺ
1032 4767 1368 4840 νεκρωθῆναι
1401 4769 1570 4839 αὐτῆς

1601 4540 1644 4594 D

621 4931 641 4960 ⁸
669 4927 824 4983 Deut.
867 4943 944 4994 xi,
973 4929 1060 4982 29.

115 4923 278 4984 ‘Forle
317 4929 545 4994 τούτοις.
621 4931 641 4960 ⁸
669 4927 824 4983 Deut.
867 4943 944 4994 xi,
973 4929 1060 4982 29.
1141 4928 1162 4960 ³
1189 4925 1356 4982 Josue
1378 4943 1497 4991 vni,
1521 4927 1611 4984 53.

68 5077 417 5172 ξοβειιεετξήιιε·
433 5093 490 5147 in
516 5087 799 5172 phronieis.
820 5086 1075 5172 scripsit;
1119 5101 1151 5140 a
1184 5102 1294 5172 quo
1327 5094 1559 5172 mutua-

69 5155 129 5229 ius
163 5163 230 5208 est
273 5155 636 5229 Epiphanius;
689 5159 735 5212 si
787 5157 901 5211 haec
934 5155 1133 5229 tamen
1184 5155 1424 5218 Eusebii.
1454 5172 1565 5210 non

71 5215 635 5303 Fittonymisuntrqui'
665 5229 721 5283 in
773 5228 1081 5303 istiusmodi
1123 5229 1336 5303 origine
1364 5215 1566 5296 saepius

72 5289 178 5373 lusit.
199 5289 322 5373 lluic
343 5289 814 5373 Epipbaniusnon
846 5299 1000 5373 bella:
1027 5289 1267 5373 nominis
1296 5289 1566 5373 interpre-

72 5365 230 5437 talioni,
259 5365 571 5429 deter-iorem
619 5370 819 5437 adjecit
871 5372 1118 5428 alteram.
1152 5365 1455 5422 Samaritas
1495 5369 1566 5423 ob

74 5429 107 5478 iii
125 5437 383 5512 appellatos
411 5458 533 5499 esse
569 5429 716 5512 quod
743 5441 912 5512 legem
941 5436 1303 5512 custodirent.

121 5502 207 5573 (68)
254 5509 336 5582 “Et
359 5512 434 5578 τῷ
456 5515 573 5582 ὄρει
590 5502 674 5578 ’τῷ
695 5502 853 5578 παρὰ
877 5509 999 5575 τοῖς
1014 5507 1301 5582 Γαριζείν.
1345 5507 1418 5582 De
1438 5509 1566 5582 duo-

76 5579 155 5643 rum
183 5581 418 5635 montium
453 5579 702 5642 istorum,
737 5582 983 5643 Garizin,
1014 5589 1067 5634 et
1098 5579 1286 5638 llebal.
1317 5579 1430 5633 sive
1458 5579 1564 5634 Ge-

77 5637 149 5721 lial,
172 5646 280 5708 situ,
311 5651 445 5706 idem
479 5637 656 5710 sentit
689 5637 1042 5721 Epiphanius,
1072 5651 1216 5718 quod
1268 5637 1560 5721 Eusebius,

76 5719 107 5790 ξι
134 5725 169 5790 |_S_
192 5727 358 5790 auctor
402 5733 482 5778 est
525 5725 650 5780 libri
688 5719 764 5776 De
790 5719 933 5776 'locis
967 5721 1125 5776 Hebr.
1163 5737 1322 5790 quem
1367 5719 1560 5775 Latine

77 5784 192 5835 Vertit
219 5784 416 5847 llieron.
453 5795 527 5850 lbi
561 5795 705 5851 enim
752 5795 817 5848 ad
861 5784 1266 5848 lliericliuntem
1301 5791 1555 5855 collocat,

659 352 1040 410 ‘ADVERSUS
1079 351 1420 407 IIZERESES
1459 351 1565 407 LIB

1715 351 1880 409 TUM.
1923 352 1966 408 1.
2008 384 2076 394 -
2115 351 2389 409 ΗΕΒΕΞ.
2431 353 2518 410 IX.

3118 351 3227 410 226

1728 465 1792 520 ll.
1829 467 2000 521 Porro
2032 484 2060 521 a
2089 467 2292 523 Judmis
2323 481 2388 522 ea
2420 482 2478 521 re
2507 465 2741 535 primum
2777 464 3056 529 differunt,
3080 467 3225 535 quod

1656 559 1726 614 iis
1757 559 2144 629 prophetarum
2168 559 2374 629 scripta
2425 545 2726 612 secundum
2786 556 2971 612 Mosen
3005 557 3228 613 minime

1657 659 1786 704 sunt
1817 652 2015 706 tradita
2041 669 2055 710 ;
2083 651 2179 706 scd
2204 651 2449 722 quinque
2480 650 2744 704 duntaxat
2778 649 3077 713 volumina,
3106 667 3228 720 qua:

1656 759 1752 813 per
1783 742 1965 798 Mosen
2000 744 2375 798 lsraelitarum
2403 743 2587 812 generi
2650 742 2776 796 data
2807 749 2955 807 sunt,
2987 757 3110 795 cum
3162 760 3227 795 ex

1659 833 1894 905 Egypto
1924 834 2313 889 decessissent.
2347 832 2488 888 Sunt
2519 833 2633 887 haec
2674 832 2926 897 Genesis,
2986 831 3226 894 Exodus,

1659 925 1958 990 Leviticus,
1987 924 2213 980 Numeri
2267 935 2320 980 et
2383 924 2891 980 Deuteronomium.
2947 922 3050 988 Qui
3105 924 3230 976 libri

1659 1015 1800 1084 apud
1832 1012 2087 1068 Hebrzeos
2123 1017 2195 1067 ita
2228 1022 2493 1068 vocantur
2528 1029 2542 1064 :
2575 1012 2819 1067 Beresith
2879 1012 3227 1074 Ellesemoth,

1659 1104 1901 1170 Vaiicra,
1966 1105 2294 1170 V’aidabber,
2347 1103 2839 1159 Ellehaddebarim.
2875 1101 3084 1169 Quibus
3116 1103 3169 1156 in
3198 1118 3232 1156 ν

1659 1197 1814 1253 libris
1839 1198 2087 1268 quaedam
2132 1208 2476 1252 mortuorum
2534 1197 2959 1252 resurrectionis
2995 1195 3226 1265 vestigia

1661 1301 1790 1346 sunt
1820 1305 2081 1361 aspersa;
2115 1290 2192 1344 ita
2219 1298 2402 1345 tamen
2442 1297 2503 1343 ut
2540 1306 2884 1360 nequaquam
2940 1289 3230 1359 perspicue

1660 1383 2008 1451 praedicetur.
2036 1384 2118 1438 Ad
2149 1384 2265 1438 haec
2288 1384 2354 1439 de
2377 1385 2542 1440 unico
2573 1386 2666 1440 Dei
2701 1384 2836 1439 Filio
2858 1384 3054 1455 injecta
3082 1397 3231 1436 nien-

1663 1476 1738 1528 tio
1768 1482 1872 1538 est,
1903 1475 2144 1545 itemque
2177 1475 2418 1546 Spiritus
2473 1477 2672 1542 sancti,
2725 1492 2790 1531 ac
2838 1477 2904 1530 de
2960 1476 3228 1531 idolorum

1661 1566 2036 1622 damnatione.
2064 1566 2308 1624 Tametsi
2357 1568 2565 1622 clarius
2596 1569 2649 1622 in
2685 1568 2771 1622 his
2805 1567 2897 1623 Dei
2935 1568 3230 1640 singulari-

1663 1665 1748 1712 tas
1792 1659 2081 1723 astruitur,
2146 1660 2202 1714 in
2246 1675 2356 1730 qua
2391 1669 2574 1714 tamen
2617 1660 2978 1730 spiritualiter
3015 1676 3233 1730 quoque

1664 1745 1906 1800 Trinitas
1930 1747 2327 1817 comprehensa
2359 1747 2452 1802 sit.
2483 1747 2555 1800 At
2596 1747 2675 1800 illi
2727 1755 2948 1816 accepta
2981 1748 3098 1817 lege
3129 1747 3232 1800 hoc

1667 1853 1832 1890 unum
1867 1836 2217 1903 studuerunt,
2252 1847 2313 1892 ut
2340 1837 2608 1893 idolorum
2654 1838 2934 1908 repudiata
2966 1840 3233 1906 supersti-
3326 1897 3330 1901 ι

1667 1927 1813 1982 tione
1841 1945 2011 1982 unum
2050 1928 2217 1984 Deum
2251 1937 2612 2000 agnoscerent
2646 1945 2658 1980 :
2694 1944 2870 1998 neque
2921 1931 3236 1983 accuratius

1666 2020 1963 2089 quidquam
1999 2019 2104 2090 25
2133 2020 2424 2092 exquirere
2478 2021 2787 2074 voluerunt.
2824 2019 2986 2074 [idem
3021 2035 3150 2073 vero
3179 2021 3234 2072 in

1667 2125 1908 2165 errorem
1938 2112 2200 2182 prolapsi,
2227 2128 2404 2182 neque
2424 2127 2615 2166 omnes
2643 2111 2764 2166 ﬁdei
2795 2119 2996 2167 nostra:
3027 2121 3230 2180 partes,

1668 2209 1761 2256 aut
1796 2203 2066 2274 integram
2102 2205 2269 2258 vitam
2312 2211 2502 2260 exacte
2548 2204 2836 2273 complexi,
2891 2211 3235 2258 mortuorum

1668 2295 2127 2349 resurrectionem
2185 2298 2461 2366 ignorant,
2515 2311 2616 2349 nec
2680 2296 2791 2350 ﬁeri
2826 2311 2986 2366 posse
3020 2302 3234 2360 putant.

1670 2383 1873 2440 Deinde
1905 2383 2169 2456 Spiritum
2219 2396 2471 2442 sanctum
2502 2389 2778 2455 rejiciunt,
2825 2405 2988 2457 quem
3049 2388 3238 2455 utique

1671 2480 1942 2534 nesoiunt.
1982 2477 2086 2532 Sed
2123 2479 2260 2533 illud
2305 2480 2436 2533 huic
2471 2481 2664 2536 haeresi
2692 2481 2941 2549 contigit,
2995 2488 3054 2533 ut
3105 2479 3238 2532 dum

1670 2577 2011 2625 mortuorum
2035 2573 2492 2626 resurrectionem
2522 2572 2811 2642 improbat,
2845 2573 3236 2628 idololatriam-

1670 2678 1776 2731 que
1805 2663 2031 2731 respuit,
2063 2663 2116 2716 in
2149 2679 2268 2717 eam
2298 2663 2614 2731 imprudens
2647 2665 2903 2718 inciderit
2930 2683 2943 2718 :
2977 2664 3123 2734 quod
3148 2678 3237 2716 na-

1672 2754 1882 2808 tionum
1909 2762 2149 2822 quatuor
2179 2755 2475 2808 simulacra
2499 2757 2554 2809 in
2579 2765 2760 2811 monte
2785 2757 3020 2825 quodam
3047 2757 3236 2810 occul«

1671 2852 1781 2898 tata
1799 2855 1950 2906 sunt,
1976 2845 2069 2914 qui
2093 2845 2285 2900 abillis
2310 2844 2532 2900 Garizin
2557 2845 2935 2902 fraudulenter
2957 2847 3236 2916 cognomi-

1671 2945 1835 2992 natus
1873 2948 1976 2993 est.
2008 2937 2144 2991 Nam
2187 2939 2232 2992 si
2262 2940 2386 3010 quis
2409 2939 2476 2994 de
2508 2948 2691 2994 monte
2721 2938 2941 2994 Garizin
2967 2940 3242 3010 explorati

1673 3026 1875 3096 aliquid
1905 3027 2105 3082 habere
2134 3029 2287 3093 velit,
2325 3029 2611 3084 sciendum
2639 3039 2725 3086 est
2766 3031 2831 3086 ad
2862 3029 3238 3086 Jericlumtem

1675 3119 1813 3174 duos
1855 3135 1977 3175 esse
2018 3129 2233 3176 montes
2254 3161 2268 3186 ,
2307 3121 2526 3176 Garizin
2561 3137 2623 3176 ac
2655 3121 2851 3187 Gebal,
2881 3123 3019 3177 ultra
3045 3121 3237 3177 Jorda-

1668 3225 1813 3275 nem,
1845 3211 1938 3280 qui
1973 3209 2350 3268 Jerichuntem
2399 3214 2467 3267 ab
2498 3214 2711 3268 oriente
2743 3212 3066 3283 respiciunt,
3099 3225 3154 3266 ut
3186 3215 3238 3266 in

1669 3299 2092 3356 Deuteronomio
2126 3304 2146 3333 ’
2186 3312 2261 3360 -et
2291 3305 2432 3360 libro
2460 3303 2588 3360 Jesu
2622 3303 2769 3359 Nave
2793 3304 3058 3374 scriptum
3082 3313 3167 3359 est
3186 3306 3235 3356 ³.

1667 3393 2047 3464 Imprudentes
2082 3411 2214 3466 ergo
2244 3397 2538 3452 simulacra
2562 3406 2914 3463 venerantur,
2944 3413 3068 3451 cum
3096 3397 3238 3450 inter

1667 3485 1932 3540 orandum
1985 3488 2226 3559 undique
2287 3505 2346 3544 se
2396 3489 2462 3543 ad
2493 3498 2734 3544 montem
2791 3490 2942 3545 velut
2985 3499 3239 3544 sanctum

1666 3575 1982 3629 obvertunt.
2042 3575 2181 3632 Fieri
2231 3580 2373 3633 enim
2417 3596 2527 3635 non
2581 3589 2783 3650 potest,
2831 3588 2892 3635 ut
2953 3580 3240 3650 Scriptura

1668 3669 1902 3723 mendax
1939 3670 2032 3731 sit.
2061 3686 2180 3740 qute
2209 3671 2341 3725 dicit
2367 3687 2378 3722 :
2412 3658 2728 3726 Manserunt
2760 3673 2920 3744 legem
2952 3683 3240 3734 servantes,

1665 3772 1715 3816 et
1777 3762 2061 3817 adorantes
2112 3763 2403 3817 simulacra
2466 3781 2608 3830 sua,
2670 3782 2831 3836 usque
2891 3766 2959 3819 ad
3013 3783 3238 3836 praesen-

1669 3865 1771 3908 tem
1821 3855 1996 3920 diem,
2047 3865 2108 3910 ut
2164 3856 2218 3910 in
2260 3855 2331 3912 Ν
2382 3853 2692 3916 Reenorum
2765 3859 2906 3914 libro
2964 3860 3240 3929 proditum

1675 3956 1759 4003 est
1793 3951 1834 4002 ⁵.

1739 4124 1825 4181 Ill.
1855 4125 2014 4192 Quod
2043 4143 2172 4183 vero
2201 4135 2269 4183 ad
2297 4138 2637 4184 mortuorum
2661 4130 3120 4186 resurrectionem
3151 4138 3240 4184 at-

1669 4216 1827 4281 tinet,
1860 4221 2095 4288 primum
2124 4234 2314 4275 eorum
2364 4236 2522 4275 error
2571 4238 2635 4278 ex
2663 4222 2849 4278 Abelis
2894 4223 3121 4278 historia
3157 4239 3240 4278 reo

1669 4307 1904 4376 fellitur;
1936 4310 2096 4381 cujus
2126 4313 2350 4381 sanguis
2378 4314 2460 4368 vel
2512 4323 2632 4385 post
2665 4315 2873 4370 obitum
2907 4330 3029 4369 cum
3059 4314 3239 4368 Donu-

1671 4416 1742 4454 no
1771 4403 2076 4458 collocutus
2107 4414 2192 4459 est
2227 4405 2270 4458 ⁵.
2299 4404 2464 4474 Atqui
2498 4407 2721 4476 sanguis
2772 4408 2950 4460 anima
2979 4422 3085 4459 non
3133 4416 3242 4471 est,

1672 4493 1767 4549 sed
1795 4495 1938 4548 inest
1969 4510 2031 4549 ea
2068 4495 2121 4548 in
2177 4497 2462 4566 sanguine.
2496 4497 2682 4568 Neque
2715 4512 2844 4552 vero
2893 4497 3030 4551 dixit
3059 4511 3070 4546 :
3105 4498 3240 4548 Ani-

1679 4604 1765 4641 ma
1793 4587 1937 4640 illius
1975 4587 2172 4640 clamat
2218 4587 2287 4640 ad
2314 4604 2394 4641 me
2440 4607 2458 4643 :
2495 4597 2552 4642 ut
2583 4604 2732 4658 spem
2783 4604 2906 4643 esse
2950 4602 3239 4656 corporum

1675 4678 2098 4734 resurrectionis
2148 4679 2486 4734 ostenderet.
2526 4679 2681 4733 Adde
2716 4679 2864 4750 quod
2924 4677 3113 4732 Enoch
3173 4693 3241 4731 ne

1676 4777 1908 4824 mortem
1949 4770 2126 4825 obiret
2158 4771 2462 4826 translatus
2493 4779 2597 4838 est,
2644 4786 2746 4825 nec
2774 4781 2962 4842 postea
2993 4779 3243 4840 repertus

1686 4927 1798 4981 διν
1823 4927 1956 4998 Reg.
1987 4944 2117 4991 xvii,
2153 4929 2240 4995 55,
2285 4928 2372 4983 5i.
2454 4929 2474 4960 ⁸
2513 4928 2648 4983 Gen.
2685 4945 2756 4993 iv,
2792 4927 2856 4982 10

1665 5095 1720 5158 et
1751 5088 2126 5144 Samaritanos
2158 5089 2426 5145 mendacii
2455 5089 2672 5158 arguit;
2702 5088 2794 5158 qui
2823 5087 3043 5158 eosdem
3073 5103 3241 5156 prope

1669 5157 1911 5222 Sicliem,
1944 5163 2057 5216 sive
2082 5160 2385 5214 Samariam
2417 5157 2846 5214 constituebant.
2875 5159 2942 5210 At
2967 5157 3238 5226 Josepbus

1668 5230 1760 5284 lib.
1795 5246 1868 5291 tv,
1898 5246 1948 5284 c.
1977 5232 2030 5295 8,
2066 5231 2536 5285 Samaritanorum
2579 5230 2824 5300 Opinioni
2856 5229 3184 5300 suﬂ'ragatur
3221 5248 3235 5283 :

1668 5315 1880 5371 necnon
1911 5311 1964 5355 et
1997 5302 2089 5356 lib.
2125 5316 2200 5366 χι,
2225 5317 2346 5371 cap.
2379 5302 2554 5371 8.7ubi
2583 5299 2649 5356 de
2678 5299 3076 5371 templo,_quod
3111 5299 3236 5353 Ale-

1667 5370 1863 5424 xandri
1897 5371 2074 5442 Magni
2107 5369 2351 5440 tempore
2377 5392 2405 5426 a
2436 5369 2870 5426 Samaritanis’in
2898 5369 3115 5423 Garizin
3143 5385 3238 5423 ex-

1669 5449 1937 5513 structum
1965 5441 2081 5513 est,
2107 5441 2390 5496 historiam
2425 5443 2661 5513 explicat
2688 5457 2887 5513 :_quam
2909 5449 2965 5494 tu
2992 5443 3234 5513 consule.

1675 5511 1780 5566 Sed
1827 5512 2070 5565 omnium
2123 5509 2532 5568 accuratissime
2585 5513 2652 5568 de
2682 5509 2898 5566 Gai-izin
2930 5519 2984 5566 et
3016 5509 3238 5564 chalis

1670 5585 1779 5636 situ
1813 5583 2035 5638 disserit
2065 5584 2472 5639 eruditissimus
2508 5582 2712 5638 Masius
2750 5583 2815 5635 ad
2850 5597 2968 5651 cap.
3004 5596 3098 5634 vm
3143 5579 3236 5631 Jo-

1668 5669 1788 5716 sue,
1814 5662 1866 5709 et
1915 5654 2178 5709 adversus
2212 5653 2568 5708 Mercatorem
2615 5653 2872 5706 Samarire
2901 5651 3234 5720 pr0pinquos

1667 5725 1803 5780 istos
1835 5740 1958 5781 esse
1987 5726 2153 5782 colles
2183 5725 2429 5796 pluribus
2459 5722 2792 5794 argumentis
2821 5721 3071 5776 allirinat.
