3766 6310
442 313 551 370 2‘27

1851 303 1910 362 S.
1950 306 2291 365 EPIPHANII

3610 308 3719 367 2‘28

442 438 528 483 est
573 428 610 481 ⁸.
646 422 786 493 Quid
817 422 986 494 .quod
1045 431 1097 478 et
1158 421 1321 477 Sarra
1367 415 1604 493 idipsum
1654 394 1929 477 demonstr

2247 428 2478 497 μήτραν,
2507 427 2599 481 καὶ
2624 427 2720 499 τὴν
2748 428 2791 459 ¹⁰
2824 426 2928 497 γῆν
2950 426 3070 480 κατ’
3092 427 3316 499 ἐθισμὸν
3346 427 3712 499 ξηρανθῆναι,

443 520 575 574 dum
602 517 760 573 effeto
803 516 917 586 jam
969 522 1144 578 utero,
1198 516 1617 585 suppressisque
1642 514 1939 569 menstruis
1970 518 2014 578 ’,

443 612 735 683 genitalem
787 610 892 662 vim
922 609 1103 662 denuo
1135 607 1203 662 ad
1246 605 1731 677 proseminandum
1791 606 2014 676 accipit,

443 719 508 757 ac
542 701 697 757 senio
747 698 996 754 confecta
1040 698 1210 752 tilium
1271 696 1631 751 nihilominus
1666 709 1731 748 ex
1782 694 2018 763 promis-

444 796 600 849 sione
636 792 872 863 parturit
905 792 947 855 δ,
1005 791 1078 845 ob
1124 804 1278 860 spem
1311 796 1555 843 venturae
1601 786 1893 856 aliquando
1932 799 2018 839 re-

443 884 845 939 surrectionis?
868 882 1011 948 Quin
1043 882 1207 935 etiam
1240 878 1412 933 Jacob
1441 880 1568 932 dum
1600 878 1665 932 de
1700 877 1816 933 suis
1869 876 2003 931 ossi-

446 976 546 1030 bus
591 981 677 1029 est
726 973 997 1027 sollicitus
1038 972 1100 1034 ³,
1158 986 1266 1025 non
1299 970 1488 1039 utique
1533 966 1600 1023 de
1638 968 1724 1023 his
1757 976 2016 1036 tanquam
2064 994 2077 1005 -

445 1065 704 1137 perituris
733 1064 989 1118 mandata
1019 1065 1136 1119 suis
1170 1062 1413 1132 reliquit.
1453 1062 1607 1127 Quod
1647 1061 1823 1129 ipsum
1852 1058 2014 1113 Jose-

446 1162 588 1231 phus
632 1166 821 1229 postea
868 1157 1189 1227 praecipiens
1236 1154 1278 1220 ⁸,
1328 1154 1751 1209 resurrectionis
1783 1151 2016 1222 speciem

446 1250 812 1306 adumbravit.
854 1248 1004 1302 Adde
1039 1246 1365 1301 Aaronicam
1398 1246 1632 1315 virgam,
1692 1256 1811 1311 qua:
1838 1240 2018 1294 arefa-

446 1356 534 1400 cta
564 1342 911 1417 germinavit,
969 1340 1288 1409 fructusque
1321 1336 1548 1407 protulit
1575 1336 1596 1365 ‘
1619 1373 1634 1397 ,
1684 1341 1745 1386 ut
1770 1339 2017 1387 emortua

447 1438 728 1492 hominum
757 1448 985 1504 corpora
1008 1432 1076 1485 ad
1100 1432 1223 1484 vitae
1251 1444 1402 1499 spem
1426 1426 1715 1481 excitanda
1740 1433 2018 1479 monstra-

447 1535 566 1594 ret;
599 1526 651 1579 id
682 1526 826 1581 enim
859 1524 925 1578 ad
967 1520 1319 1579 astruendam
1352 1517 1818 1574 resurrectionem
1848 1516 2018 1586 perti-

447 1621 587 1674 nuit.
621 1616 727 1672 Sed
752 1626 805 1672 et
830 1615 995 1671 Mosis
1024 1615 1178 1685 virga
1202 1613 1381 1683 lignea
1438 1610 1677 1664 animata
1709 1608 1805 1663 Dei
1830 1607 2016 1678 jussu,

443 1720 500 1766 et
530 1712 582 1765 in
615 1726 845 1781 anguem
893 1721 1159 1764 conversa
1194 1706 1213 1737 '
1256 1703 1717 1760 resurrectionem
1744 1700 2020 1769 signiﬁca-

2118 507 2274 574 αὖθις
2318 512 2835 585 ἀναζωογονουμένη
2880 516 2961 578 εἰς
3001 516 3305 585 καταϐολὴν
3352 520 3713 587 σπέρματος,

2119 603 2213 655 καὶ
2250 605 2282 674 ἡ
2317 605 2615 675 πρεσϐῦτις
2644 607 2945 660 κυΐσκουσα
2977 608 3167 661 τέκνον
3210 609 3330 661 κατ’
3369 609 3717 678 ἐπαγγελίαν

2117 694 2206 747 διὰ
2239 695 2339 763 τὴν
2370 695 2560 751 ἐλπίδα
2586 697 2685 768 τῆς
2712 698 3082 763 ἀναστάσεως.
3113 702 3187 753 Οὐ
3224 700 3330 771 μὴν
3360 700 3415 753 δὲ
3441 700 3583 754 ἀλλὰ
3618 702 3719 753 καὶ

2131 786 2345 848 Ἰακὼϐ,
2377 788 2771 859 ἐπιμελόμενος
2801 789 2911 843 τῶν
2949 790 3095 844 ἰδίων
3129 791 3350 851 ὀστέων,
3384 785 3460 854 ὡς
3491 793 3555 844 οὐ
3584 792 3721 861 περὶ

2119 876 2505 948 ἀπολλυμένων
2557 880 2885 937 ἐνετέλλετο.
2938 883 3013 935 Οὐ
3062 880 3224 951 μόνον
3266 881 3360 946 δὲ,
3419 882 3561 935 ἀλλά
3622 886 3724 935 καὶ.

2132 968 2327 1041 Ἰωσὴφ
2368 973 2434 1042 τῇ
2480 971 2616 1043 αὐτῇ
2654 972 2944 1044 ἀκολουθίᾳ
2983 973 3390 1044 ἐντελλόμενος,
3428 975 3533 1045 τῆς
3573 974 3723 1027 ἀνα-

2122 1060 2359 1124 στάσεως
2389 1062 2655 1131 ὑπέιραινε
2698 1064 2761 1117 τὸ
2794 1061 2953 1129 εἶδος.
2999 1066 3075 1118 Οὐ
3116 1065 3222 1137 μὴν
3254 1066 3311 1119 δὲ
3369 1066 3509 1119 ἀλλά
3538 1068 3643 1120 καὶ
3683 1069 3719 1137 ἡ

2121 1151 2317 1221 ῥάϐδος
2348 1151 2443 1205 τοῦ
2479 1152 2693 1224 Ἀαρὼν
2723 1155 2758 1226 ἡ
2800 1154 3163 1225 βλαστήσασα
3189 1155 3330 1227 ξηρά
3377 1151 3515 1208 οὖσα
3550 1151 3721 1218 αὖθις

2119 1243 2331 1312 καρπὸν
2354 1244 2583 1313 ἦνεγκεν
2618 1248 2699 1310 είς
2732 1246 2923 1301 ἐλπίδα
2955 1247 3125 1317 ζωῆς,
3158 1247 3228 1301 τά
3266 1247 3434 1319 νεκρά
3475 1246 3721 1318 σώματα

2120 1334 2276 1403 ἡμῶν
2322 1336 2727 1407 ἀναστήσεσθαι
2769 1337 3152 1407 σημαίνουσα,
3188 1338 3269 1400 είς
3315 1338 3619 1391 ἀνάστασιν
3659 1338 3723 1390 δὲ

2121 1423 2377 1494 φέρουσα.
2407 1426 2519 1478 Καὶ
2561 1428 2595 1497 ἡ
2630 1427 2724 1480 τοῦ
2772 1426 3049 1491 Μωῦσέως
3096 1428 3153 1481 δὲ
3188 1428 3384 1499 ῥάϐδος
3424 1429 3638 1498 ὁμοίως
3683 1430 3723 1498 ἡ

2122 1512 2304 1587 ξυλίνη
2329 1517 2471 1571 κατά
2498 1519 2634 1571 Θεοῦ
2670 1518 2917 1591 βούλημα
2960 1518 3246 1590 ἔψυχοῦτο,
3276 1522 3369 1573 καὶ
3399 1521 3526 1590 ὄφις
3560 1538 3729 1589 γινο-

2124 1608 2261 1680 μένη
2295 1609 2591 1664 ἀνάστασιν
2625 1611 2841 1683 ἐδήλου.
2892 1612 3050 1667 Ἀλλά
3080 1613 3174 1666 καὶ
3192 1614 3432 1684 Μωῦσῆς
3467 1613 3728 1682 εὐλογῶν

2120 1702 2246 1765 τοὺς
2278 1703 2406 1774 περὶ
2436 1690 2684 1775 Ῥουὸὶμ,
2720 1702 2895 1772 λέγει·
2946 1703 3114 1769 Ζήτω
3166 1704 3432 1775 Ῥουϐὶμ,
3479 1706 3583 1759 καὶ
3627 1706 3725 1775 μὴ

447 1804 561 1858 bat.
587 1802 862 1872 261detn
894 1814 1057 1871 porro
1110 1797 1324 1868 Moyses
1356 1794 1639 1850 Rubenitis
1682 1792 1934 1848 benedice

2240 1791 2490 1857 »θανέτω,
2521 1790 2612 1846 τὸν
2642 1789 2751 1845 ἀπὸ
2785 1793 2953 1847 πάλαι
2987 1792 3405 1865 τελευτήσαντα,
3437 1797 3527 1849 ἵνα
3561 1795 3727 1866 ζωὴν

446 1894 524 1946 ita
580 1893 872 1962 loquitur:
933 1890 1081 1944 Vivat
1136 1886 1318 1941 Ruben
1354 1927 1368 1951 ,
1420 1894 1471 1939 et
1527 1900 1633 1939 non
1687 1884 1950 1937 moriatur
1972 1883 2015 1938 ⁸.

444 1984 603 2048 Quod
642 1982 693 2038 ei
726 1991 1002 2052 precatur,
1055 1979 1150 2051 qui
1175 1977 1493 2049 jamdudum
1532 1992 1564 2032 e
1598 1975 1736 2030 vivis
1767 1990 2021 2031 excesse-

446 2082 573 2141 rat;
603 2090 711 2147 quo
736 2074 899 2128 vitam
923 2072 1082 2127 aliam
1104 2086 1228 2127 esse
1260 2077 1383 2140 post
1405 2068 1615 2125 obitum
1643 2068 1889 2131 doceret,
1916 2081 2019 2122 nec

447 2182 559 2222 non
588 2176 642 2221 et
667 2165 961 2235 judicium,
1008 2164 1062 2219 in
1098 2178 1207 2234 quo
1252 2161 1507 2216 homines
1553 2159 1795 2213 secunda
1846 2166 2020 2213 morte

446 2255 803 2311 damnantur.
836 2256 1012 2325 Atque
1066 2253 1189 2309 ideo
1237 2251 1511 2322 duplicem
1567 2250 1645 2303 illi
1681 2248 2021 2304 benedictio-

450 2363 575 2403 nem
628 2346 894 2416 impertit.
936 2344 1108 2409 Vivat,
1146 2345 1346 2415 inquit,
1383 2344 1438 2396 in
1470 2342 1877 2397 resurrectione
1908 2341 2021 2395 sci-

450 2435 608 2501 licet;
663 2450 822 2504 neque
856 2436 1134 2497 moriatur,
1196 2434 1251 2487 in
1309 2432 1537 2502 judicio.
1586 2430 1798 2497 Quibus
1832 2431 2020 2485 verbis

450 2540 560 2594 non
597 2526 744 2580 illam
769 2534 997 2580 mortem
1034 2525 1380 2597 significavit,
1409 2539 1530 2592 quae
1558 2523 1613 2576 in
1647 2522 1955 2575 animorum
1987 2535 2019 2574 a

448 2633 683 2689 corpore
703 2619 1050 2688 separatione
1080 2618 1346 2679 cernitur,
1380 2614 1477 2670 sed
1504 2629 1621 2669 eam
1655 2598 1861 2683 potius,
1895 2627 2019 2681 qua:

448 2709 503 2764 in
540 2710 891 2765 damnatione
940 2709 1216 2765 consistit.
1276 2706 1458 2761 Pauca
1512 2706 1627 2760 litec
1659 2704 1725 2759 ad
1763 2712 2015 2759 everten—

445 2803 576 2857 dam
630 2803 850 2856 illorum
901 2816 1141 2857 errorem
1197 2799 1492 2856 sufficient.
1535 2797 1747 2852 [labent
1794 2804 1848 2849 et
1882 2796 2021 2850 alios

446 2903 658 2949 veteres
685 2897 821 2949 ritus
866 2909 988 2947 cum
1047 2904 1290 2948 extrema
1347 2891 1617 2946 dementia
1668 2888 2017 2957 conjunctos.

2122 1880 2270 1952 δείξῃ
2298 1876 2438 1936 εἷναι
2469 1881 2607 1954 μετά
2631 1881 2881 1950 θάνατον,
2908 1885 3091 1957 κρίσιν
3113 1886 3171 1939 δὲ
3194 1885 3447 1958 δευτέρου
3472 1888 3727 1940 θανάτου

2124 1974 2203 2035 εἰς
2233 1973 2554 2044 καταδίκην.
2594 1974 2685 2028 Διὸ
2718 1974 2812 2029 δύο
2845 1972 3095 2046 εὐλογίας
3128 1977 3277 2049 αὐτῷ
3313 1978 3626 2050 ἐπιτίθησι.
3660 1981 3729 2031 τὸ

2122 2061 2309 2129 Ζλήτω,
2336 2062 2530 2131 λέγων,
2563 2067 2620 2118 ὲν
2650 2068 2714 2137 τῇ
2751 2067 3070 2133 ἀναστάσει,
3106 2068 3205 2121 καὶ
3232 2068 3318 2138 μὴ
3353 2069 3730 2124 ἀποθανέτω

2123 2153 2193 2206 ἐν
2221 2154 2436 2221 κρίσει,
2467 2154 2527 2206 οὑ
2572 2154 2797 2209 θάνατον
2843 2156 2937 2210 τὸν
2972 2156 3061 2209 διά
3097 2155 3348 2227 σώματος
3381 2157 3730 2227 ἀπαλλαγῆς

2124 2243 2317 2312 λέγων,
2346 2244 2483 2297 ἀλλά
2523 2246 2611 2298 τὸν
2654 2245 2740 2299 διά
2779 2247 3099 2318 καταδίκης.
3152 2247 3400 2318 Ἀρκέσει
3444 2247 3587 2316 γοῦν
3653 2250 3731 2302 τὰ

2123 2336 2279 2405 ὀλίγα
2326 2337 2462 2408 πρὸς
2496 2338 2772 2393 ἀντίθεσιν
2817 2339 3042 2393 τούτων’.
3072 2339 3297 2411 Ἔχουσι
3332 2341 3388 2393 δὲ
3443 2343 3542 2393 καὶ
3579 2342 3731 2395 ἄλλα

2122 2431 2241 2483 τινὰ
2275 2430 2458 2493 ἀνοίας
2488 2428 2583 2502 ἔθη
2608 2431 2844 2485 παλαιάο
2875 2430 3020 2502 οὔρῳ
3046 2431 3388 2503 κλυζόμενοι,
3420 2433 3569 2485 ἐπὰν
3612 2435 3735 2487 ἀπὸ

2124 2520 2281 2593 ξένης
2312 2521 2527 2585 ἔλθωσι,
2557 2522 2919 2593 μεμιασμένοι
2938 2523 3127 2594 δῆθεν’
3158 2523 3310 2578 ὕδατι
3328 2524 3434 2577 ’σὺν
3471 2526 3735 2595 ἱματίοις

2124 2611 2532 2683 βαπτιζόμενοι,
2569 2614 2708 2668 ὲπάν
2737 2613 2982 2685 ἅψωνται
3016 2616 3201 2686 ἑτέρου
3232 2615 3339 2670 τῶν
3380 2616 3730 2672 ἀλλοεθνῶν.

2123 2704 2379 2774 Μιασμὺν
2406 2705 2514 2775 γὰρ
2541 2705 2798 2775 ἡγοῦνται
2825 2706 2885 2760 τὸ
2914 2708 3060 2772 τινὸς
3085 2703 3349 2779 ἅψασθαι,
3376 2708 3501 2780 ἤτοι
3535 2708 3735 2775 θίγειν

2124 2797 2283 2850 ἄλλου
2328 2797 2473 2860 τινὸς
2511 2796 2801 2869 ἀνθρώπου
2845 2798 2941 2852 ἀπ’
2979 2798 3142 2853 ἄλλου
3196 2798 3484 2871 δόγματος.
3533 2800 3736 2873 Πολλὴ

2128 2890 2237 2960 γὰρ
2274 2891 2306 2960 ὴ
2340 2891 2543 2944 τούτων
2570 2892 3007 2964 φρενοδλάὸεια.,

449 2983 583 3038 Nam
616 2994 668 3039 et
695 2985 828 3037 lotio
882 2982 1130 3052 perfundi
1183 2983 1409 3044 solent,
1459 2981 1675 3049 quoties
1716 2993 1945 3049 peregre
2011 2976 2232 3032 domum
2292 2979 2544 3047 redeunt,
2582 2990 2843 3053 tanquam
2903 2983 3085 3053 aliqua
3147 2984 3480 3054 contagione
3534 2985 3737 3053 polln-

447 3074 531 3140 ti;
562 3082 617 3129 et
651 3090 790 3145 aqua
817 3089 939 3129 sese
966 3082 1254 3142 vestesque
1284 3088 1413 3126 suas
1437 3074 1688 3137 abluunt,
1725 3088 1848 3127 cum
1900 3072 2128 3128 alterius
2184 3076 2362 3146 gentis
2403 3079 2713 3149 quempiam
2750 3080 3049 3150 tetigerint.
3092 3078 3205 3135 Hac
3252 3082 3396 3135 enim
3455 3095 3520 3135 re
3582 3098 3737 3135 eon-

448 3168 701 3222 taminari
728 3181 786 3220 se
820 3174 1030 3235 putant,
1080 3165 1126 3217 si
1160 3179 1488 3234 quemquam
1548 3164 1881 3231 mortalium,
1944 3173 2037 3218 aut
2066 3166 2294 3223 alterius
2345 3178 2511 3225 sectae
2572 3169 2849 3226 hominem
2896 3172 3190 3244 attingant.
3222 3171 3396 3226 Tanta
3450 3182 3540 3227 est
3606 3175 3734 3228 illo-

448 3272 570 3313 rum
606 3255 880 3312 vecordia.

527 3347 614 3400 lV.
647 3347 766 3401 .lam
799 3345 1251 3417 quemadmodum
1286 3344 1445 3400 facile
1477 3343 1730 3415 redargui
1766 3344 2012 3413 ipsorum

2249 3386 2261 3398 .
2314 3345 2439 3409 Πῶς
2474 3346 2532 3399 δὲ
2574 3346 2960 3416 εὐθυέλεγκτος
3003 3348 3036 3416 ἠ
3077 3347 3256 3401 αὐτῶν
3287 3347 3439 3401 ἄνοια
3480 3351 3732 3419 γίνεται,

447 3439 663 3497 insania
694 3438 889 3507 possit,
916 3436 1288 3491 animadverte
1318 3454 1504 3507 quaeso
1530 3455 1544 3503 ;
1588 3452 1687 3490 nec
1724 3436 1834 3490 ullo
1856 3451 2023 3506 nego-

450 3531 531 3585 tio
558 3526 851 3600 percipies.
886 3525 1097 3579 Etenim
1128 3526 1328 3579 mortui
1351 3528 1585 3580 cadaver
1610 3526 2022 3590 abominantur,

448 3636 574 3676 eum
605 3619 718 3675 sint
746 3618 864 3673 suis
888 3617 1107 3687 ipsimet
1134 3616 1294 3673 factis
1320 3618 1542 3671 mortui.
1576 3618 1742 3687 Atqui
1785 3633 1891 3672 non
1916 3633 2025 3672 uno

448 3716 711 3778 alterove,
744 3712 841 3767 sed
872 3711 1099 3765 inlinitis
1132 3710 1468 3766 testimoniis
1502 3711 1870 3774 convincitur,
1908 3726 2020 3766 non

448 3821 573 3861 esse
599 3812 938 3858 mortuorum
963 3817 1195 3872 corpora
1222 3799 1563 3857 detestanda.
1597 3800 1729 3855 Nam
1765 3802 1909 3871 quod
1941 3802 2022 3855 lex

448 3896 784 3951 contrarium
837 3894 1052 3948 videtur
1081 3910 1348 3956 asserere,
1401 3892 1547 3947 aliud
1600 3893 1857 3963 quiddam
1893 3894 2025 3946 aeni-

449 3990 632 4052 gmate
679 3982 1007 4036 adumbrare
1041 3983 1233 4036 voluit.
1279 3979 1396 4034 Non
1459 3982 1602 4035 enim
1660 3982 1917 4046 duorum,
1966 3989 2024 4035 ut

449 4072 586 4137 dixi,
644 4074 877 4128 triumve
922 4074 975 4128 id
1001 4073 1315 4128 testimonia
1349 4074 1724 4142 comprobant,
1775 4074 1870 4128 sed
1900 4090 2025 4128 sex-

449 4172 609 4219 centa
642 4165 832 4235 viginti
858 4166 969 4220 duo
998 4164 1163 4219 millia
1203 4164 1483 4217 hominum
1521 4165 1575 4217 in
1618 4165 1856 4228 deserto,
1895 4164 2024 4218 toti-

449 4254 683 4323 demque
711 4255 837 4318 alia,
878 4263 1041 4325 atque
1065 4254 1132 4308 iis
1176 4254 1340 4308 etiam
1368 4254 1548 4322 plura.
1579 4253 1722 4319 Quin
1759 4264 1812 4309 ct
1864 4255 2023 4324 longe

451 4345 703 4401 uberiora
734 4355 860 4402 sunt
896 4345 1192 4414 Scriptura:
1242 4346 1385 4409 loca,
1447 4342 1567 4416 quae
1598 4346 1663 4399 de
1709 4346 1914 4409 loculo,
1965 4347 2021 4400 in

444 4453 559 4509 quo
588 4434 811 4507 Josephi
837 4453 967 4493 ossa
994 4437 1217 4491 condita
1243 4444 1394 4503 sunt,
1427 4437 1756 4492 mentionem
1788 4438 2018 4492 faciunt.

2127 3437 2419 3508 ἐπίστησον
2450 3438 2541 3492 τὸν
2581 3439 2728 3503 νοῦν,
2757 3433 2802 3493 ὦ
2834 3439 3270 3511 θαυμασιώτατε,
3308 3443 3402 3494 καὶ
3434 3445 3591 3516 εἴσῃ.
3626 3449 3736 3499 Νε-

2126 3529 2257 3602 κρδν
2291 3531 2388 3600 μὲν
2409 3528 2516 3600 γὰρ
2544 3531 2747 3592 εὐθέως
2775 3531 3144 3602 βδελύττονται
3174 3532 3328 3584 αὐτοὶ
3348 3538 3540 3605 νεκροὶ
3567 3538 3737 3603 ὄντες

2124 3626 2236 3685 τοῖς
2261 3622 2460 3692 ἔργοις.
2498 3622 2848 3694 Μαρτυροῦσι
2881 3624 2991 3696 γάρ
3018 3626 3080 3677 οὐ
3118 3624 3215 3695 μία
3241 3629 3545 3697 μαρτυρία,
3588 3631 3738 3685 ἀλλὰ

2126 3714 2338 3778 πολλαὶ,
2361 3712 2440 3783 τῷ
2477 3713 2552 3784 μὴ
2602 3709 2739 3767 εἶναι
2779 3714 2871 3767 τὸν
2912 3714 3102 3786 νεκρὸν
3138 3715 3561 3785 ὲϐδελυγμένον,
3614 3722 3737 3773 ἀλλ’

2124 3804 2205 3856 ὅτι
2233 3803 2647 3875 αἰνιγματωδῶς
2670 3805 2698 3857 ὁ
2731 3804 2893 3873 νόμος
2924 3804 3127 3871 ἔλεγεν.
3173 3805 3368 3858 Οὐκέτι
3400 3806 3518 3877 γὰρ
3559 3810 3669 3862 δύο
3702 3812 3736 3880 ἢ

2124 3897 2271 3964 τρεῖς
2294 3892 2589 3964 μαρτυρίαι
2621 3894 2700 3956 είς
2722 3893 2879 3947 τοῦτο
2900 3896 3032 3965 ἡμῖν
3056 3892 3559 3965 ὲπιμαρτυροῦσιν,
3592 3898 3737 3950 ἀλλὰ

2128 3983 2385 4054 μυριάδες
2412 3980 2675 4052 ἑξήκοντα
2698 3983 2791 4036 δύο
2819 3984 2912 4036 τὸν
2936 3983 3166 4054 ἀριθμὸν
3189 3985 3245 4035 ὲν
3278 3986 3343 4054 τῇ
3372 3986 3608 4056 ἐρήμῳ,
3639 3991 3738 4040 καὶ

2123 4075 2280 4129 ἄλλαι
2310 4073 2594 4137 τοσαῦται,
2629 4076 2724 4128 καὶ
2768 4076 3046 4137 ἐπέκεινα,
3084 4077 3178 4128 καὶ
3205 4075 3284 4129 ἔτι
3324 4076 3462 4129 πολὺ
3495 4078 3738 4143 πλείους

2123 4167 2180 4221 αἱ
2210 4169 2277 4237 τῇ
2312 4164 2457 4237 σορῷ
2494 4165 2591 4218 τοῦ
2638 4165 2833 4236 Ἰωσὴφ
2869 4166 3344 4236 ὲπιμαρτυροῦσαι
3372 4169 3438 4237 τῇ
3466 4167 3563 4220 διὰ
3604 4189 3736 4223 τεσ-

2126 4256 2434 4328 σαράκοντα
2466 4255 2605 4309 ὲτῶν
2636 4254 3015 4326 βασταζομένῃ
3040 4256 3097 4307 ὲν
3124 4251 3217 4325 ὅλῃ
3251 4258 3318 4326 τῇ
3356 4259 3732 4329 παρεμϐολῇ.

2124 4352 2218 4404 καὶ
2253 4351 2325 4421 μὴ
2367 4349 2793 4421 βδελυττομένῃ,
2852 4350 2990 4420 μήτε
3049 4348 3369 4422 μολυνούσῃ.
3412 4352 3634 4423 Ἔλεγε
3677 4358 3734 4409 δὲ

2122 4442 2328 4513 τάληθῆ
2377 4443 2406 4493 ὁ
2448 4441 2647 4511 νόμος,
2701 4440 2816 4502 ὅτι,
2864 4439 3001 4492 Ἐάν
3044 4454 3137 4505 τις
3183 4439 3406 4508 ἅψηται
3456 4448 3732 4512 νεκροῖο,

445 4527 553 4594 Qui
586 4529 798 4583 loculus
828 4528 1189 4599 quadraginta
1211 4535 1358 4581 t0tos
1391 4542 1565 4583 annos
1600 4528 1655 4582 in
1686 4528 1885 4583 castris
1908 4544 1932 4583 c

2242 4549 2285 4585 εἰ
2306 4528 2571 4598 βέϐηλος
2610 4529 2720 4594 ἕως
2746 4526 3031 4595 ἑσπέρας,
3055 4528 3154 4583 καὶ
3180 4529 3472 4582 λούσεται
3514 4531 3729 4592 ὕδατι,

446 4622 721 4675 cnmlatus
776 4637 952 4690 neque
992 4622 1386 4677 abominationi
1440 4622 1563 4683 fuit,
1618 4638 1794 4692 neque
1826 4634 2019 4677 conta—

2124 4623 2222 4676 καὶ
2257 4620 2780 4690 καθαρισθήσετιιι.
2805 4615 2914 4671 Ἦν
2949 4620 3004 4671 δὲ
3030 4618 3189 4672 τοῦτο
3220 4620 3619 4691 αἰνιττόμενος
3654 4630 3733 4679 2i;

449 4713 611 4784 gione
643 4728 742 4767 sua
768 4712 945 4767 labem
978 4714 1144 4767 ullam
1176 4714 1430 4783 aspersit.
1455 4714 1724 4769 Caeterum
1761 4730 1890 4769 vere
1918 4715 1932 4767 Ι

2266 4713 2360 4765 τοῦ
2418 4712 2627 4781 Κυρίου
2680 4710 2837 4781 ἡμῶν
2900 4710 3071 4780 Ἰησοῦ
3123 4710 3357 4781 Χριστοῦ
3408 4714 3726 4785 νέκρωσιν,

448 4818 479 4856 a
514 4801 798 4873 Scriptura
830 4803 1036 4863 dictum
1070 4812 1156 4860 est
1187 4823 1201 4859 :
1238 4804 1298 4858 Si
1322 4805 1435 4874 quis
1466 4815 1733 4857 mortuum
1796 4805 2020 4875 tetigerit

448 4896 684 4965 pollutus
730 4895 798 4949 ad
844 4912 1112 4965 vesperam
1169 4912 1330 4965 usque
1383 4896 1726 4964 permanebit.
1789 4896 1921 4949 Tum
1964 4914 2021 4951 se

446 5004 587 5056 aqua
619 4987 837 5051 lavabit,
870 5004 931 5041 ac
963 4986 1335 5056 repurgabitur
1361 4987 1402 5040 ’.
1429 4986 1643 5053 Quibus
1676 4988 1858 5043 verbis
1910 4988 2017 5042 Do-

452 5081 581 5134 mini
615 5080 787 5134 nostri
819 5078 946 5135 Jesu
982 5079 1187 5135 Christi
1242 5088 1491 5143 mortem,
1529 5096 1593 5133 ac
1619 5091 1929 5151 susceptam
1960 5081 2015 5135 in

449 5186 676 5240 corpore
702 5173 1011 5242 passionem
1046 5169 1247 5223 innuit.
1281 5168 1359 5223 Ex
1385 5184 1451 5224 co
1485 5170 1654 5233 enim.
1701 5171 1848 5241 quod
1883 5172 2015 5225 arti-

444 5263 628 5315 culum
654 5262 926 5333 apposuit,
954 5260 1310 5315 distinctione
1330 5260 1574 5317 nominis
1605 5276 1745 5332 opus
1768 5277 1889 5318 esse
1914 5263 2012 5317 de-

2126 4805 2266 4857 κατά
2308 4803 2367 4855 τὸ
2408 4802 2670 4873 ἕνσαρκον
2707 4797 2871 4854 αὑτοῦ
2911 4800 3099 4864 πάθος.
3140 4801 3273 4855 Ἀπὸ
3299 4802 3408 4873 γὰρ
3440 4805 3485 4835 ¹¹
3517 4811 3730 4860 τούτου

2126 4895 2219 4949 τοῦ
2242 4893 2444 4966 ἄρθρου
2465 4893 2576 4964 (69)
2594 4893 2693 4963 τὴν
2710 4892 2981 4963 διάκρισιν
2996 4892 3087 4945 τοῦ
3103 4893 3362 4963 ὀνόματος
3382 4893 3507 4947 ἔστι
3526 4903 3726 4967 σημᾶ-

2123 5006 2230 5040 ναι.
2257 4987 2430 5039 Ὂπου
2462 4984 2569 5055 γὰρ
2604 4982 2805 5054 ἄρθρον
2836 4984 3157 5055 πρόσκειται
3186 4985 3277 5037 ἐπὶ
3313 4986 3391 5037 ἐνι
3433 5005 3547 5040 τινι
3590 4991 3728 5060 (Dp;-

2128 5080 2309 5150 σμένῳ
2341 5078 2434 5131 καὶ
2457 5075 2886 5146 διαφανεστάτῳ,
2915 5077 3133 5130 πάντων
3165 5078 3309 5130 ἔστιν
3338 5080 3372 5147 ἡ
3412 5078 3727 5149 ﬁssam”;

2122 5171 2208 5224 διὰ
2260 5172 2319 5224 τὸ
2362 5169 2593 5241 ἄρθρον·
2625 5169 2752 5222 ἄνευ
2802 5168 2859 5222 δὲ
2905 5168 3000 5223 τοῦ
3042 5170 3246 5241 ἄρθρου
3298 5170 3389 5222 ἐπὶ
3447 5174 3581 5237 ἑνὸς
3636 5177 3725 5227 τοῦ

2122 5262 2372 5333 τυχόντος
2420 5262 2683 5333 ἀορίστως
2732 5262 2850 5315 ἐστὶ
2892 5261 3143 5333 ληπτέον.
3196 5259 3284 5326 Ὠς
3336 5255 3451 5315 οἷον
3498 5267 3724 5327 εἰπεῖν,

517 5415 699 5488 fGen.
732 5415 907 5488 v.24.
984 5418 1003 5447 ¹
1034 5416 1167 5488 Gen.
1214 5430 1374 5481 xvm,
1404 5418 1489 5470 ll.
1566 5418 1587 5448 ⁸
1615 5416 1749 5488 Gen.
1788 5431 1902 5482 xm,
1936 5418 1992 5471 2.

2218 5434 2256 5471 ι.
2288 5432 2459 5488 xmx,
2485 5418 2577 5473 29.
2645 5417 2665 5447 ⁸
2695 5414 2830 5470 Gen.
2862 5432 2914 5480 ι,
2956 5418 2991 5472 5
3025 5434 3146 5488 sqq.
3209 5417 3245 5488 7‘
3275 5415 3444 5488 Num.
3489 5436 3641 5485 xvn,
3671 5422 3705 5476 8

444 5484 465 5516 ν
491 5484 659 5540 Exod.
690 5502 761 5550 tv,
791 5486 828 5538 2
857 5502 979 5555 sqq.

513 5644 626 5713 (69)
678 5645 810 5698 Ἀπὸ
854 5645 965 5714 γὰρ
1006 5648 1217 5701 τούτου
1246 5646 1351 5700 τοῦ
1385 5646 1624 5714 ἄρθρου.
1664 5647 1868 5715 Arguta
1897 5648 2020 5702 hiec-

442 5716 754 5771 observatio
782 5715 953 5771 Grazci
987 5718 1224 5783 articuli,
1247 5717 1341 5788 qui
1365 5721 1430 5772 ad
1460 5716 1655 5785 νεκροῦ
1681 5720 2002 5773 vocabulum

1054 5486 1076 5517 '
1106 5485 1263 5540 Deut.
1296 5501 1494 5553 xxxiii,
1535 5488 1587 5540 6.
1665 5489 1686 5515 ’
1716 5487 1890 5543 Levit.
1924 5505 2000 5550 χι,
2025 5487 2117 5552 24,
2148 5504 2269 5558 sqq.

2352 5489 2394 5518 ¹⁰
2426 5487 2550 5542 For.
2584 5488 2788 5557 πηγήν.
2892 5489 2932 5519 ¹¹
2970 5487 3120 5559 Lego
3140 5487 3257 5553 τοῦ,
3286 5487 3403 5540 τοῦ.

2116 5649 2401 5723 appositus
2430 5656 2535 5709 est,
2569 5648 2867 5723 vitnhabet
2900 5650 3126 5723 omnino
3159 5647 3362 5702 nullam
3385 5665 3413 5723 ;A
3436 5660 3505 5705 ut
3538 5669 3717 5723 neque

2112 5719 2229 5774 loca
2256 5727 2471 5785 uetera,
2499 5735 2618 5789 qua:
2650 5719 2957 5774 illustrandi
2990 5720 3163 5789 gratia
3194 5720 3471 5788 congerit.
