3754 6182
105 275 201 333 229

765 271 993 328 ADVER
1004 268 1134 328 SUS
1174 270 1516 328 HIERESES
1552 266 1655 327 LIB

1869 274 1960 333 )M.
2009 278 2050 332 1.
2090 307 2159 317 --
2197 277 2472 334 ΗᾸΞΒΕΘ.
2513 279 2603 335 1X.

3211 278 3326 349 250

103 394 186 447 ἐὰν
229 388 506 459 εἴπωμεν,
553 386 837 457 βασιλεὺς,
888 387 1059 458 ὄνομα
1112 386 1209 457 μὲν
1255 371 1607 458 ἐσημάναμεν
1638 428 1652 453 ,

1869 399 2047 447 istrat.
2099 391 2233 446 Nam
2283 394 2594 466 ubicunque
2649 397 2915 455 articulus
2963 401 3323 471 adjungitur,

102 483 203 538 ἀλλ’
237 480 294 534 ού
328 480 611 549 τηλαυγῶς
637 479 728 533 τὸν
757 479 1070 550 ὁριζόμενον
1100 476 1399 550 ἐδείξαμεν.
1425 479 1656 534 Βασιλέα

103 574 197 645 γὰρ
227 574 454 644 λέγομεν
494 572 588 625 καὶ
614 572 860 642 Περσῶν,
889 572 985 625 καὶ
1025 571 1249 642 Μήδων,
1292 572 1387 624 καὶ
1433 572 1654 644 Ἐλαμι-

100 665 216 720 τῶν.
257 664 381 717 Ὲάν
418 661 473 715 δὲ
523 661 659 733 μετά
690 661 1008 733 προσθήκης
1032 660 1126 714 τοῦ
1167 661 1371 734 ἄρθρου
1413 661 1657 735 εἴπωμεν

101 760 126 811 6
168 756 435 827 βασιλεὺς,
484 753 852 826 ἀναμφίδολόν
893 755 1008 807 ἐστι
1044 754 1105 807 τὸ
1142 756 1555 827 σημαινόμενον.
1598 758 1656 811 '0

101 855 197 924 γὰρ
215 850 472 923 βασιλεὺς
491 850 519 903 6
547 848 898 920 ζητούμενος,
930 847 963 919 ἢ
995 850 1025 902 6
1048 848 1355 920 λεγόμενος,
1380 850 1412 921 ἢ
1435 852 1464 903 6
1498 868 1658 920 γινω-

102 948 371 1018 σχόμενος,
405 947 439 1018 ἢ
470 947 499 1000 6
535 944 631 999 τοῦ
668 961 811 1009 τινος
856 944 1153 1016 βασιλεύων
1190 945 1279 1000 διὰ
1316 947 1407 1001 τοῦ
1453 948 1655 1021 ἀρθρου

100 1040 483 1094 ύποδείκνυται.
511 1037 616 1091 Καὶ
652 1036 747 1091 ἐάν
781 1038 1044 1108 εἴπωμεν,
1091 1036 1230 1102 θεὸς,
1260 1038 1389 1094 ἄνευ
1429 1039 1523 1093 τοῦ
1559 1039 1658 1111 ἄρ-

101 1133 245 1202 θρου,
268 1132 358 1184 τὸν
383 1134 615 1201 τυχόντα
656 1135 888 1205 εἴπαμεν
925 1134 1046 1188 θεὸν
1087 1132 1197 1186 τῶν
1237 1130 1488 1203 ἐθνῶν,ἣ
1524 1130 1659 1185 Θεὸν

99 1224 178 1277 τὸν
215 1223 363 1278 ὄντα.
398 1225 523 1278 Ἐὰν
562 1225 621 1280 δέ
656 1224 921 1296 εἴπωμεν,
958 1226 987 1278 6
1024 1223 1175 1290 Θεὸς,
1215 1222 1391 1295 δῆλον,
1430 1222 1506 1286 ὡς
1549 1219 1659 1275 ἀπὸ

98 1315 181 1369 τοῦ
230 1319 259 1369 6
302 1316 503 1389 ἄρθρου
547 1318 639 1371 τὸν
671 1317 799 1371 ὄντα
845 1315 1211 1388 σημαίνομεν,
1243 1314 1420 1386 ἀληθῆ
1462 1330 1523 1367 τε
1562 1312 1659 1368 καὶ

99 1408 489 1479 γινωσκόμενον
510 1426 523 1438 ·
554 1407 629 1474 ὡς
670 1409 764 1462 καὶ
801 1407 1117 1477 ἄνθρωπος,
1161 1404 1256 1460 καὶ
1288 1407 1316 1459 6
1349 1403 1655 1477 ἄνθρωπος.

95 1500 198 1554 Καὶ
218 1502 270 1553 εἰ
303 1500 401 1572 μὲν
440 1500 623 1570 ἔλεγεν
662 1503 694 1555 6
727 1500 918 1572 νόμος·
961 1498 1105 1552 Ἐὰν
1138 1497 1378 1567 ἅψησθε
1417 1496 1656 1565 νεκροῦ,

98 1590 231 1645 κατὰ
280 1593 492 1646 πάντων
534 1592 757 1665 ἐφέρετο
796 1592 825 1645 6
852 1591 1065 1662 ψῆφος,
1096 1588 1189 1643 καὶ
1240 1587 1426 1652 ἁπλῶς
1455 1587 1658 1651 παντὸς

96 1684 285 1754 νεκροῦ
311 1680 378 1756 ἦν
401 1686 433 1755 ή
472 1684 792 1755 ἐπικειμένη
817 1682 911 1737 τοῦ
945 1683 1257 1755 ζητήματος
1287 1679 1432 1747 λέξις
1456 1696 1470 1710 ο
1496 1679 1656 1733 ὁπότε

1761 490 1911 537 certa
1938 496 2001 536 ac
2034 482 2320 553 perspicue
2341 485 2562 541 deﬁnita
2598 502 2686 542 res
2711 488 3052 561 intelligitur.
3086 491 3214 548 Sine
3244 510 3328 549 ar-

1758 573 1929 629 ticulo
1955 574 2024 629 de
2054 575 2296 645 quolibet
2329 577 2503 646 accipi
2553 577 2764 634 inﬁnite
2791 582 2949 637 solet.
2986 581 3053 637 Ut
3092 587 3324 656 exempli

1757 682 1949 731 causa,
1969 669 2015 724 si
2038 684 2132 723 rex
2150 669 2361 734 dixero,
2393 682 2592 726 nomen
2621 674 2840 743 quidem
2870 676 3045 745 ipsum
3065 677 3283 735 declaro
3308 702 3322 737 :

1758 754 1884 824 quis
1915 756 2004 810 ille
2034 757 2126 820 sit,
2159 756 2227 812 de
2261 773 2371 828 quo
2392 758 2605 829 loquor,
2656 771 2844 833 aperte
2890 782 3002 821 non
3053 769 3324 839 signiﬁco.

1758 844 1958 916 Regem
1982 846 2127 901 enim
2173 855 2284 902 tam
2319 847 2634 918 Persarum,
2674 855 2780 924 27
2805 872 2969 924 quam
3018 859 3327 930 Medorum,

1760 948 1925 1011 atque
1969 939 2327 997 Elamitarum
2371 946 2733 1016 appellamus.
2789 949 2945 1017 Quod
2991 955 3040 1008 si
3093 956 3327 1013 articulo

1759 1032 1924 1086 etiam
1955 1033 2223 1101 adhibito,
2256 1035 2344 1090 hic
2375 1052 2494 1103 rex,
2531 1039 2788 1109 dicimus,
2838 1060 3001 1102 nemo
3041 1063 3201 1117 quem
3235 1067 3330 1106 ve-

1759 1122 1923 1178 limus
1946 1124 2185 1195 ignorat.
2225 1126 2325 1183 Hie
2353 1130 2497 1185 enim
2528 1148 2627 1187 rex
2685 1150 2751 1190 eo
2786 1138 3023 1193 articulo
3077 1150 3328 1205 notatur,

1761 1214 1830 1272 de
1854 1233 1964 1287 quo
1999 1220 2251 1288 quaestio,
2286 1222 2373 1277 vel
2401 1239 2582 1279 sermo
2620 1227 2822 1298 aliquis
2850 1230 3143 1299 inciderit;
3172 1234 3331 1289 deni-

1760 1320 1869 1374 que
1902 1308 1997 1378 qui
2029 1308 2099 1363 sit
2132 1311 2391 1381 cognitus
2422 1328 2485 1367 ac
2523 1322 2675 1371 certo
2724 1318 2956 1389 imperio
2991 1322 3327 1381 dominetur.

1763 1395 2025 1454 Similiter
2052 1415 2197 1465 cum,
2231 1402 2388 1468 deus,
2420 1405 2740 1478 simpliciter
2758 1426 3113 1484 usurpamus,
3140 1433 3333 1487 quem-

1760 1489 1894 1546 libet
1923 1491 2088 1546 deum
2118 1494 2374 1560 dicimus,
2416 1514 2517 1553 nec
2545 1500 2731 1558 minus
2765 1518 2913 1568 eum,
2972 1508 3119 1577 quia
3149 1511 3328 1579 genti-

1760 1581 1868 1639 bus
1896 1584 2118 1652 colitur,
2146 1604 2310 1658 quam
2326 1593 2420 1662 qui
2440 1608 2566 1648 vere
2587 1592 2732 1651 Deus
2760 1605 2867 1652 est.
2895 1598 2965 1652 At
2994 1614 3116 1654 cum
3143 1603 3171 1653 6
3196 1602 3330 1665 Θεὸς

1762 1674 2019 1744 dicimus,
2056 1692 2183 1735 eum
2217 1682 2426 1737 scilicet
2451 1685 2812 1754 exprimimus
2833 1690 2926 1759 qui
2949 1707 3112 1747 verus
3143 1700 3197 1749 et
3221 1703 3328 1759 est,

97 1774 146 1826 δὲ
181 1773 367 1843 λέγει*
421 1774 562 1828 Ἐὰν
605 1772 830 1842 ἄψηταί
876 1789 965 1839 τις
993 1771 1099 1826 τοῦ
1141 1770 1378 1839 νεκροῦ,
1416 1767 1509 1822 ἐπὶ
1560 1767 1655 1823 ἕνα

1869 1780 1973 1822 asse
2027 1769 2386 1839 cognoscitur
2418 1770 2585 1831 Deus.
2638 1773 2923 1843 Similiter,
2979 1794 3104 1835 cum
3141 1783 3334 1851 homo,

94 1866 209 1919 τινὰ
248 1866 405 1937 φέρει
434 1864 531 1936 τὴν
555 1865 800 1937 ἀγωγὴν,
825 1866 968 1936 φημὶ⁸
998 1865 1054 1919 δὲ
1096 1863 1191 1916 ἐπὶ
1213 1862 1304 1916 τὸν
1331 1860 1554 1933 Κύριον,
1582 1860 1659 1924 ὡς

96 1958 199 2010 ἀνω
231 1974 324 2028 μοι
355 1956 665 2028 δεδήλωται.
693 1957 888 2027 Ἔλεγε
919 1957 977 2011 δέ
1006 1956 1159 2011 τοῦτο
1188 1953 1601 2027 αἰνιγματωδῶς
1629 1954 1661 2007 6

93 2049 256 2118 νόμος
283 2049 373 2102 διὰ
404 2050 530 2113 τοὺς
567 2049 858 2120 μέλλοντας
882 2051 1069 2121 χεῖρας
1106 2048 1415 2104 ἐπιϐάλλειν
1451 2048 1544 2101 ἐπὶ
1566 2047 1660 2101 τὸν

93 2142 348 2211 Χριστὸν,
388 2143 481 2196 καὶ
502 2142 717 2215 σταυρῷ
752 2142 1127 2213 παραδιδόναιο
1171 2142 1253 2195 ὅτι
1292 2140 1482 2212 χρείαν
1515 2134 1661 2210 εἶχον

91 2228 234 2286 οὗτοι
284 2233 656 2305 καθαρισμοῦ,
685 2234 791 2297 ἕως
832 2231 961 2305 δύνῃ
1003 2232 1183 2297 αὐτοῖς
1219 2234 1254 2303 ή
1299 2229 1516 2303 ήμέρα,
1565 2229 1662 2284 καὶ

91 2324 350 2395 ἀνατείλη
379 2326 560 2389 αὐτοῖς
595 2325 724 2380 ἄλλο
752 2324 888 2393 φῶς,
920 2324 1008 2379 διὰ
1037 2324 1129 2378 τοῦ
1166 2323 1550 2395 βαπτίσματος
1563 2319 1659 2376 τοῦ

88 2415 285 2481 ὓδατος
311 2416 407 2470 τοῦ
436 2417 659 2490 λουτροῦ
684 2418 785 2487 τῆς
816 2416 1262 2488 παλιγγενεσίαςο
1294 2415 1370 2479 ὼς
1401 2414 1497 2469 καὶ
1538 2413 1661 2468 ὲπι-

92 2512 368 2581 μαρτυρεῖ
410 2527 498 2582 μοι
536 2509 770 2564 ἐνταῦθα
804 2510 1008 2581 Πέτρος
1048 2508 1220 2578 λέγων
1248 2511 1362 2571 τοῖς
1399 2506 1663 2578 Ἰσραηλί-

87 2615 206 2663 ταις
237 2601 297 2652 ἐν
332 2599 740 2672 Ἱεροσολύμοις,
771 2600 883 2662 τοῖς
916 2599 1162 2668 λέγουσιν
1194 2596 1363 2668 αύτῷ,
1400 2597 1461 2651 Τί
1489 2594 1663 2662 ποιή-

87 2704 292 2756 σωμεν
310 2704 331 2751 ;
370 2688 458 2741 διὰ
492 2688 553 2741 τὸ
584 2688 859 2760 εἰρηκέναι
888 2688 1048 2742 αὑτὸν
1082 2687 1288 2753 αὐτοῖς,
1318 2687 1401 2741 ὅτι
1446 2685 1664 2740 Τοῦτον

86 2780 191 2833 τόν
235 2779 513 2848 Ἰησοῦν,
548 2778 621 2832 ὃν
658 2778 828 2849 ὑμεῖς
863 2776 1299 2846 ἐσταυρώσατε.
1337 2776 1447 2831 Καὶ
1497 2792 1666 2829 κατα-

88 2874 299 2940 νυγεῖσι
334 2872 433 2939 τὴν
477 2871 701 2942 καρδίαν
742 2866 860 2923 εἷπε
881 2887 894 2900 ·
932 2868 1374 2936 Μετανοήσατε,
1419 2865 1517 2921 καί
1546 2866 1665 2931 βα·-

83 2960 398 3026 πτισθήτω
419 2960 674 3025 ἕκαστος
701 2960 770 3013 ἐν
802 2958 880 3025 τῷ
918 2961 1162 3028 ὀνόματι
1194 2957 1386 3027 Ἰησοῦ
1408 2956 1665 3026 Χριστοῦ

86 3054 189 3106 τοῦ
212 3053 441 3120 Κυρίου
470 3051 659 3121 ἡμῶν,
682 3053 779 3105 καὶ
809 3051 1212 3122 ἀφεθήσονται
1236 3049 1377 3120 ὑμῖν
1397 3052 1456 3104 αι
1484 3049 1666 3118 ἁμαρ-

1762 1858 1849 1913 vel
1887 1859 1977 1915 hic
2024 1860 2189 1919 homo
2239 1863 2463 1921 dicitur.
2501 1866 2620 1922 Jam
2672 1884 2806 1923 vero
2839 1871 2883 1925 si
2910 1872 2996 1927 lex
3032 1873 3137 1929 hoc
3168 1875 3330 1931 modo

1762 1959 2029 2023 concepta
2079 1953 2220 2011 foret
2259 1972 2272 2007 :
2311 1956 2373 2012 Si
2429 1948 2697 2013 mortuum
2754 1964 3050 2033 tetigeritis,
3087 1967 3329 2023 universi

1761 2055 1826 2097 ea
1856 2046 2127 2101 sententia
2154 2050 2777 2118 comprehenderentur,
2802 2064 2855 2110 et
2880 2054 2947 2109 ad
2970 2072 3162 2111 omnes
3189 2074 3330 2114 mor-

1762 2146 1892 2194 tuos
1924 2140 2092 2196 dictio
2131 2142 2230 2195 illa
2260 2149 2552 2212 spectaret.
2574 2143 2681 2199 Sed
2700 2161 2824 2201 cum
2846 2148 2919 2201 ita
2943 2150 3206 2221 scriptum
3232 2155 3326 2215 sit.

1765 2228 1827 2285 Si
1854 2231 1969 2301 quis
1992 2231 2128 2285 hunc
2162 2242 2427 2287 mortuum
2455 2234 2698 2302 tetigerit,
2724 2236 2791 2290 ad
2824 2254 2992 2292 unum
3016 2245 3329 2313 quempiam

1764 2322 1962 2378 referri
1995 2324 2175 2388 debet,
2214 2325 2471 2379 nimirum
2502 2324 2816 2391 Dominum,
2854 2339 2914 2384 ut
2960 2331 3115 2387 initio
3140 2333 3330 2388 decla-

1762 2420 1944 2467 ratum
1974 2420 2079 2469 est.
2116 2412 2233 2467 Hoc
2269 2428 2397 2469 vero
2430 2414 2515 2468 lex
2547 2415 2732 2483 specie
2757 2417 2993 2485 quadam
3022 2419 3333 2489 aenigmatis

1764 2509 1987 2573 propter
2042 2517 2138 2557 eos
2194 2502 2352 2569 dixit,
2405 2505 2499 2574 qui
2548 2504 2773 2560 Christo
2824 2522 3020 2563 manus
3075 2510 3334 2579 injecluri

1764 2604 1944 2656 erant.
1975 2603 2028 2650 et
2054 2596 2352 2651 iucruccm
2387 2597 2683 2661 sublaturi,
2722 2597 2980 2652 videlicet
3022 2601 3337 2670 expiatione

1764 2703 1904 2759 opus
1931 2688 2041 2744 illis
2072 2704 2217 2755 esse,
2253 2688 2430 2744 donec
2472 2689 2607 2761 ipsis
2634 2691 2751 2745 dies
2802 2690 3043 2759 occidat,
3090 2709 3156 2747 ac
3189 2710 3333 2749 nova

1764 2780 1859 2835 lux
1909 2795 2006 2851 per
2053 2780 2394 2849 baptismum
2463 2796 2526 2835 ac
2584 2780 2785 2836 lavacri
2860 2786 3332 2853 regenerationem

1767 2870 1998 2926 oriatur.
2031 2868 2202 2940 Cujus
2229 2872 2334 2926 mei
2368 2870 2501 2926 dicti
2556 2871 2716 2927 ﬁdem
2756 2873 2949 2928 eodem
3003 2875 3057 2929 in
3090 2876 3210 2931 loco
3238 2877 3338 2931 Pe-

1765 2971 1887 3018 trus
1916 2963 2139 3028 astruit,
2177 2963 2305 3018 dum
2339 2963 2733 3037 Hierosolymis
2763 2966 3046 3022 lsraelitas
3104 2968 3340 3038 alloqui-

1767 3062 1880 3123 tur,
1910 3057 2003 3126 qui
2042 3070 2101 3111 se
2152 3055 2662 3125 interrogaverunt,
2695 3057 2835 3123 Quid
2885 3057 3179 3127 faciemus?
3213 3076 3342 3130 prO~

82 3145 225 3206 τίαι,
276 3144 380 3197 καὶ
412 3142 688 3211 λήψεσθε
718 3140 834 3209 τὴν
874 3140 1099 3209 δωρεὰν
1136 3139 1240 3194 τοῦ
1269 3140 1439 3210 ἁγίου
1474 3138 1655 3192 Πνεῦ-

1870 3162 1964 3202 rea
1989 3147 2135 3218 quod
2159 3148 2251 3203 ille
2278 3148 2525 3214 dixerat,
2578 3147 2744 3214 Quem
2779 3166 2865 3203 vos
2898 3152 2951 3203 in
3000 3167 3149 3204 cruce
3182 3153 3339 3221 sufﬁ-

82 3250 295 3299 ματος.
337 3225 413 3287 Οὗ
449 3234 578 3303 περὶ
621 3231 815 3304 νεκροῦ
842 3232 1021 3285 τοίνυν
1053 3231 1201 3298 λέγει
1238 3231 1266 3283 6
1303 3229 1483 3299 νόμος.
1513 3228 1577 3281 Ei
1606 3227 1666 3281 δὲ

83 3326 178 3378 καὶ
222 3325 362 3395 περὶ
407 3323 601 3397 νεκροῦ
646 3323 805 3378 ἄλλου
842 3321 1159 3394 ὁριζομένου
1207 3321 1352 3389 λέγει
1394 3322 1422 3373 6
1470 3320 1663 3390 νόμος,

79 3416 264 3478 ἄλλως
292 3406 582 3468 ἐκδίδοται.
613 3413 774 3481 Λέγει
802 3412 931 3482 γὰρ,
963 3413 1066 3474 ὅτι,
1108 3411 1248 3465 Ἐὰν
1276 3407 1542 3477 παρέλθῃ
1574 3424 1670 3462 νε-

80 3507 250 3574 κρὸς,
290 3507 580 3561 κλείσατε
608 3505 714 3570 τὰς
740 3505 921 3573 θύρας
952 3504 1051 3557 καί
1081 3503 1187 3569 τὰς
1210 3500 1455 3570 θυρίδας
1480 3500 1667 3571 ὑμῶν,

77 3600 180 3651 ἵνα
204 3598 302 3667 μὴ
353 3596 633 3667 μολυνθῇ
667 3601 699 3651 ό
728 3593 912 3663 οἶκος.
960 3595 1103 3648 Ὠσει
1149 3594 1303 3661 ἔλεγε
1332 3594 1459 3665 περὶ
1501 3593 1671 3664 ἀκοῆς

76 3693 398 3765 ἁμαρτίας,
440 3694 523 3745 δτι
559 3690 683 3744 Ἐἀν
719 3690 958 3761 ἀκούσῃς
993 3688 1177 3760 φωνὴν
1224 3690 1326 3758 τῆς
1365 3687 1669 3759 ἁμαρτίας,

74 3786 107 3855 ἠ
147 3782 305 3848 εἶδος
360 3783 828 3855 παραπτώματος,
881 3782 1094 3836 κλεῖσον
1139 3780 1229 3833 τὸν
1262 3779 1541 3851 ὀφθαλμόν
1579 3796 1673 3833 σου

77 3875 191 3925 ἀπὸ
224 3874 398 3927 ἐπιθυ
408 3874 559 3944 μίας,
580 3874 675 3927 καὶ
698 3872 758 3926 τὸ
788 3872 961 3943 στόμα
988 3870 1095 3924 ἀπὸ
1120 3870 1465 3939 κακολογίας,
1492 3870 1590 3924 καὶ
1613 3870 1675 3923 τὸ

73 3964 172 4030 οὖς
214 3967 339 4021 ἀπὸ
368 3968 679 4038 ἐνηχήσεως
709 3968 971 4037 πονηρᾶς,
995 3967 1081 4019 ἵνα
1114 3967 1190 4037 μὴ
1214 3966 1461 4038 νεκρωθῇ
1497 3966 1615 4030 ὅλος
1646 3968 1676 4019 6

74 4053 258 4122 οἶκος,
298 4059 582 4111 τουτέστιν
612 4059 646 4127 ή
667 4056 812 4127 ψυχὴ
829 4059 922 4110 καὶ
949 4056 1009 4109 τὸ
1044 4056 1220 4127 σῶμα.
1248 4056 1340 4109 Διὸ
1367 4056 1461 4109 καὶ
1488 4057 1516 4109 6
1544 4073 1677 4127 προ-

74 4151 269 4220 φήτης
305 4149 495 4218 ἔλεγεν
524 4164 537 4178 ·
577 4149 716 4203 Ἐὰν
740 4148 932 4217 ἀναϐῇ
962 4149 1217 4215 θάνατος
1245 4150 1343 4204 διὰ
1374 4150 1493 4204 τῶν
1520 4151 1678 4218 θυρί-

73 4240 204 4292 δων
226 4256 244 4271 ο
278 4242 384 4293 καὶ
410 4242 470 4293 ού
506 4241 721 4303 πάντως
742 4240 869 4311 περ)⁸
891 4240 999 4292 τῶν
1026 4240 1255 4313 θυρίδων
1276 4242 1478 4295 τούτων
1506 4242 1675 4311 λέγει.

80 4332 153 4384 ἸΙ
191 4335 320 4404 γὰρ
357 4332 669 4395 κλείσαντες
698 4332 796 4395 τὰς
831 4331 1071 4402 θυρίδας,
1101 4334 1352 4387 οὐδέποτε
1388 4333 1679 4388 ἀποθανεῖν

73 4427 345 4494 εἴχομεν.
375 4423 601 4495 Θυρίδες
626 4424 682 4477 δὲ
715 4426 845 4497 ἡμῖν
871 4429 1172 4499 ὑπάρχουσι
1202 4426 1268 4481 τά
1298 4426 1389 4480 τοῦ
1430 4426 1682 4497 σώματος

1768 3237 1925 3292 xistis
1948 3236 2153 3303 Iesum,
2181 3248 2290 3292 etc.
2326 3237 2559 3308 Moxque
2619 3240 2711 3293 ubi
2742 3255 2809 3294 ex
2870 3241 3054 3295 animo
3086 3242 3340 3299 dolentes

1770 3331 2192 3387 animadvertit:
2228 3331 2619 3395 Paenitentiam,
2650 3331 2849 3401 inquit,
2891 3333 3047 3402 agile,
3091 3342 3140 3386 et
3166 3334 3341 3402 bapti-

1772 3432 1920 3477 zetur
1950 3423 2304 3491 unusquisque
2338 3423 2393 3474 in
2443 3422 2653 3475 nomine
2706 3420 2831 3474 Iesu
2875 3420 3075 3475 Christi
3126 3423 3341 3477 Domini

1773 3514 1961 3574 nostri,
1988 3522 2038 3566 et
2063 3513 2395 3566 remittemur
2422 3511 2565 3565 vobis
2611 3521 2848 3581 peccata,
2886 3523 2936 3567 et
2966 3524 3075 3567 tum
3108 3514 3341 3583 Spiritus

1772 3599 1944 3652 sancti
1976 3597 2171 3652 donum
2226 3600 2568 3668 accipietis-’.
2606 3604 2679 3655 De
2707 3616 2816 3669 quo
2854 3602 3073 3670 quidem
3124 3614 3344 3658 mortuo

1773 3691 1936 3747 verba
1987 3692 2122 3762 legis
2162 3692 2481 3761 accipienda
2536 3700 2685 3748 sunt.
2747 3694 2817 3746 At
2846 3697 3068 3764 quoties
3107 3698 3174 3751 de
3229 3698 3339 3751 alio

1774 3782 2011 3851 quodam
2064 3790 2284 3837 mortuo
2336 3783 2603 3852 loquitur,
2656 3783 2818 3839 aliter
2864 3787 3194 3855 concipitur.
3250 3786 3347 3843 Sic

1774 3875 1919 3928 enim
1947 3873 2023 3927 ait
2057 3892 2069 3926 :
2108 3872 2167 3929 Si
2200 3874 2475 3928 transierit
2508 3884 2772 3938 mortuus,
2824 3877 3080 3931 occludite
3123 3879 3344 3947 januas,

1779 3983 1839 4019 ac
1873 3966 2153 4034 fenestras,
2183 3983 2245 4020 ne
2270 3966 2458 4021 domus
2488 3967 2811 4037 inquinetur.
2843 3968 3012 4035 Quasi
3041 3971 3107 4025 de
3132 3974 3344 4039 peccati

1780 4057 2065 4111 auditione
2092 4056 2302 4111 diceret
2337 4073 2351 4108 :
2380 4054 2438 4110 Si
2477 4057 2692 4128 peccati
2723 4072 2911 4111 vocem
2956 4059 3217 4121 audieris,
3251 4067 3345 4112 aut

1779 4148 2013 4219 alicujus
2043 4148 2225 4203 delicti
2260 4150 2519 4219 speciem,
2551 4150 2772 4204 oculum
2824 4158 2975 4203 tuum
3007 4152 3074 4205 ab
3095 4166 3157 4204 ea
3184 4153 3347 4220 cupi-

1779 4240 1948 4295 ditata
1974 4241 2188 4305 claude,
2244 4256 2457 4296 necnon
2490 4250 2544 4296 et
2578 4257 2641 4297 os
2672 4250 2825 4296 tuum
2861 4257 2893 4294 a
2943 4242 3259 4309 maledicto,
3293 4252 3349 4297 et

1779 4346 1945 4387 aures
1970 4332 2039 4386 ab
2082 4334 2271 4387 auditu
2317 4332 2566 4387 nefanda:
2602 4334 2701 4395 rei,
2768 4348 2836 4387 ne
2882 4333 3078 4386 domus
3115 4334 3349 4401 integra,

1781 4425 1886 4480 hoc
1906 4432 1991 4481 est
2019 4427 2199 4479 anima
2240 4442 2362 4479 cum
2417 4441 2653 4495 corpore
2698 4426 2983 4480 moriatur.
3042 4426 3215 4490 Quam
3279 4426 3350 4478 oh

70 4518 459 4588 αἰσθητήρια,
493 4517 731 4590 βλέμμα,
764 4521 923 4592 ἀκοὴ,
1082 4521 1149 4573 τὰ
1188 4520 1343 4583 ἄλλα,
1377 4519 1443 4572 δι’
1476 4496 1549 4572 ὧν
1580 4518 1655 4571 θάε

1869 4534 2007 4572 isam
2039 4518 2299 4588 propheta
2323 4519 2462 4573 dixit
2487 4538 2499 4571 :
2525 4518 2586 4573 Si
2611 4534 2862 4586 morsper
2884 4518 3142 4586 fenestras
3162 4534 3351 4570 assem.

72 4612 378 4681 vatog‘ai;
419 4612 569 4681 ἡμᾶς
598 4612 989 4684 εἰσπορέυεται,
1029 4613 1076 4664 εἰ
1108 4611 1173 4663 δι’
1208 4609 1387 4664 αὐτῶν
1428 4610 1681 4681 ἀμαρτὴ-

73 4718 302 4772 σωμεν.
349 4702 703 4771 Ἐνεταφίασε
736 4701 866 4770 γοῦν
901 4704 929 4755 6
968 4702 1164 4773 Ἰωσὴφ
1192 4703 1283 4755 τὸν
1312 4700 1560 4771 Ἰσραὴλ,
1589 4700 1683 4753 καὶ

70 4796 180 4846 οῦκ
229 4792 607 4859 ἐϐδελύξατοο
650 4793 745 4847 καὶ
804 4793 942 4865 μετά
988 4793 1215 4847 θάνατον
1268 4791 1545 4846 ἐπιπεσὼν
1591 4792 1686 4844 ἐπὶ

74 4886 406 4957 πρόσωπον
435 4883 788 4954 κατεφίλησε.
821 4884 934 4938 Καὶ
969 4886 1030 4938 οὐ
1063 4886 1391 4956 γέγραπται,
1417 4884 1498 4937 ὅτι
1529 4882 1684 4937 ἐλού-

74 4996 236 5041 σατο,
272 4977 380 5029 ἵνα
412 4975 739 5046 καθαρισθῇ.
786 4975 1176 5044 Ἐνεταφίασαν
1217 4976 1267 5027 οί
1310 4974 1562 5043 ἄγγελοι,
1608 4974 1685 5037 ὡς

143 5068 232 5131 εἰς
269 5066 438 5136 ἡμᾶς
479 5064 708 5118 ἐλθοῦσα
745 5065 1048 5135 παράδοσις
1075 5065 1207 5134 ἔχει,
1244 5063 1307 5115 τὸ
1335 5062 1495 5133 σῶμα
1519 5052 1703 5116 Μωῦ-’

76 5160 224 5223 σέως
254 5157 372 5210 τοῦ
408 5158 587 5225 ἀγίου,
622 5158 716 5210 καὶ
744 5158 879 5211 οὐκι
917 5157 1204 5209 ἐλύσαντο’
1241 5154 1355 5209 ἀλλ’
1390 5155 1512 5207 οὐτε
1546 5155 1690 5207 ἐκοι-

75 5251 360 5323 νὼθησαν
391 5251 438 5301 οἱ
470 5248 693 5317 ἄγγελοι
723 5248 830 5302 ἀπὸ
862 5247 956 5301 τοῦ
986 5247 1143 5316 ἁγίου
1168 5245 1440 5317 σώματος.

1784 4610 1921 4663 derit
1957 4611 1999 4662 ³.
2022 4608 2142 4664 Νοη
2177 4612 2321 4665 enim
2389 4610 2621 4665 usitatas
2660 4610 2782 4663 illas
2844 4609 3114 4663 fenestras
3149 4608 3351 4663 intelli.

1786 4701 1885 4772 git.
1917 4701 2141 4771 Alioqui
2176 4701 2429 4756 fenestris
2458 4701 2701 4755 occlusis
2741 4717 3021 4769 nunquam
3056 4716 3156 4754 nos
3184 4700 3352 4754 letum

1790 4789 2142 4859 opprimeret.
2168 4788 2365 4845 Verum
2397 4790 2531 4843 nihil
2563 4790 2707 4843 aliud
2738 4789 2988 4843 fenestrae
3006 4796 3155 4851 sunt,
3189 4804 3353 4857 quam

1790 4880 2048 4950 corporis
2084 4896 2301 4936 sensus.
2356 4882 2529 4945 visus,
2555 4881 2798 4942 auditus,
2827 4896 2925 4949 per
2974 4896 3113 4949 quos
3144 4880 3254 4950 28
3310 4880 3355 4933 si

1792 4987 2107 5042 peccemus,
2139 4988 2288 5026 mors
2333 4972 2474 5025 intra
2530 4987 2630 5027 nos
2689 4971 3011 5041 ingreditur.
3064 4971 3356 5024 Enimvero

1792 5060 1993 5133 Joseph
2018 5061 2271 5119 lsraelem
2314 5063 2533 5134 sepeliit
2554 5063 2597 5127 ⁸,
2646 5078 2747 5117 nec
2775 5064 3079 5117 detestatus
3111 5070 3216 5125 est,
3249 5064 3356 5115 imo

1794 5163 1917 5226 post
1942 5156 2063 5225 ejus
2084 5168 2310 5210 mortem
2343 5158 2393 5209 in
2448 5155 2642 5211 faciem
2677 5157 3041 5227 procumbens
3067 5156 3357 5210 exoscula-

1796 5255 1887 5302 tus
1911 5253 1996 5302 est
2016 5248 2058 5302 ⁸.
2090 5246 2276 5317 Neque
2305 5257 2484 5303 tamen
2521 5250 2781 5317 scriptum
2839 5256 2925 5302 est
2982 5246 3241 5316 expiandi
3297 5261 3358 5300 se

71 5344 269 5412 gratia
300 5342 497 5410 ipsum
522 5340 785 5395 abluisse.
815 5339 1091 5395 Prmterea
1115 5337 1282 5393 Mosis
1327 5352 1555 5407 corpus,
1586 5337 2050 5408 quemadmodum
2085 5354 2115 5392 a
2151 5339 2451 5408 majoribus
2500 5339 2817 5409 accepimus
2883 5339 2953 5393 ab
3011 5337 3223 5407 angelis
3283 5352 3357 5392 se-

71 5438 307 5507 pultum
353 5444 445 5487 est
473 5433 529 5495 ας
582 5449 764 5504 neque
794 5435 874 5488 illi
932 5445 1117 5489 tamen
1150 5433 1250 5488 loti
1292 5439 1442 5498 sunt,
1500 5446 1563 5487 ac
1620 5447 1691 5487 ne
1721 5432 1916 5503 polluti
1947 5433 2166 5505 quidem
2197 5435 2373 5488 sancti
2401 5433 2549 5486 illius
2578 5432 2828 5502 corporis
2856 5437 3087 5485 attactu.

124 5530 230 5583 .E’.
280 5525 417 5580 Καὶ
451 5525 596 5579 δέδια
632 5527 795 5581 πάλιν
832 5526 906 5598 μὴ
950 5528 1028 5590 είς
1064 5525 1217 5588 τέλος
1247 5525 1424 5581 ἐλάσω
1464 5525 1688 5596 τὴν,τοῦ

1869 5524 1937 5581 ν.
1962 5524 2165 5627 Velim:
2196 5542 2263 5580 nc
2286 5527 2340 5579 in
2375 5527 2476 5580 hoc
2503 5524 2853 5581 dissolvenda
2903 5523 3206 5594 quaestione
3238 5522 3356 5574 nul-

142 5696 167 5731 ι
202 5688 407 5744 Forte
432 5684 736 5740 ἐλούσαντο.
815 5687 835 5717 ¹
864 5685 986 5741 Act.
1012 5702 1069 5752 ιι,
1097 5685 1164 5741 57
1192 5699 1313 5757 sqq.
1392 5685 1412 5718 ³
1437 5684 1637 5742 Jerem.

1944 5685 1963 5717 ⁸
1987 5686 2118 5742 Gen.
2163 5684 2331 5754 1.,43.
2407 5685 2427 5717 ⁸
2455 5683 2592 5739 ibid.
2655 5691 2676 5722 θ
2710 5681 2869 5738 Deut.
2905 5699 3087 5747 xxxiv,
3122 5681 3154 5737 6
3180 5695 3304 5750 sqq.
