3766 6322
371 325 465 384 231

1745 320 1801 376 S.
1844 320 2183 377 EPIPIIANII

3485 326 3596 383 932

364 443 475 498 lum
503 438 707 495 exitum
758 435 998 491 inveniat
1043 435 1240 490 oratio.
1279 435 1384 490 Sed
1417 450 1484 490 ex
1513 451 1623 490 una
1682 437 1916 493 alterave

2072 441 2157 510 γτή
2167 456 2334 510 ματος
2354 439 2616 494 ἐπίλυσιν.
2648 441 2764 510 Ἀφ’
2792 440 2910 504 ἐνὸς
2932 440 2989 496 δὲ
3009 442 3041 513 ἢ
3061 435 3310 514 δευτέρου
3335 441 3492 510 λόγου
3512 444 3597 496 δο-

363 532 581 589 ratione
617 531 837 599 sapiens
861 528 915 581 in
949 526 1202 591 Domino,
1245 537 1437 582 contra
1467 529 1814 585 adversarios
1845 530 1928 583 in-

363 630 627 679 structor.
662 619 741 672 Ad
773 618 888 672 hmo
942 613 1010 672 de
1039 617 1251 688 Spiritu
1307 627 1521 682 sancto,
1567 619 1745 688 quoad
1780 634 1929 672 sum-

361 714 552 768 matim
610 712 983 782 perstringere
1045 710 1174 763 licet
1235 725 1406 780 pauca
1465 711 1651 764 dicere
1703 710 1930 765 minime

360 802 731 872 gravabimur.
789 799 1077 883 Manil'es‘te
1125 800 1312 870 itaque
1364 799 1629 855 Dominus
1693 801 1929 856 subinde

363 891 531 963 Moysi
556 891 730 944 dicit:
765 888 951 942 Adduc
985 889 1113 941 mihi
1156 889 1210 941 in
1241 899 1468 943 montem
1505 903 1610 943 ιιι
1659 890 1927 954 seniores;

362 993 411 1036 et
446 983 707 1048 accipiam
753 981 817 1035 de
864 981 1056 1049 spiritu
1090 989 1200 1044 tuo,
1253 989 1303 1033 et
1365 981 1418 1033 in
1454 981 1576 1034 illos
1637 980 1927 1049 e/fundam,

365 1085 521 1143 atque
547 1070 706 1126 iidem
732 1072 936 1125 auxilio
995 1070 1090 1123 tibi
1138 1083 1292 1125 erunt
1322 1073 1362 1124 ¹.
1393 1071 1466 1126 De
1517 1071 1630 1125 lilio
1672 1086 1801 1126 vero
1851 1074 1929 1126 uti

364 1179 845 1236 cognosceremus,
884 1161 1046 1217 Pater
1069 1162 1142 1215 ita
1176 1163 1459 1232 loquitur:
1491 1161 1778 1217 Faciamus
1836 1164 1932 1217 ho-

361 1259 554 1311 minem
591 1255 657 1309 ad
712 1255 1018 1324 imaginem,
1062 1264 1112 1308 et
1161 1253 1562 1309 similitudinem
1612 1265 1847 1309 nostram
1887 1259 1926 1308 ³.

363 1348 531 1417 Atqui
566 1363 668 1402 vox
712 1346 836 1408 ista,
871 1346 1162 1413 faciamus,
1200 1360 1307 1399 non
1357 1361 1523 1399 unum
1556 1345 1820 1400 duntaxat
1857 1348 1932 1400 si-

367 1439 612 1508 gniﬁcat.
639 1437 792 1498 Item,
827 1436 972 1489 Pluit
1007 1435 1264 1489 Dominus
1298 1437 1354 1489 in
1395 1436 1686 1490 Sodomam
1741 1447 1790 1491 et
1822 1435 1930 1491 Go-

365 1529 632 1581 morrham
669 1528 840 1597 ignem
893 1537 944 1580 et
983 1526 1205 1595 sulphur
1259 1543 1292 1578 a
1346 1525 1568 1580 Domine
1597 1527 1662 1580 de
1716 1530 1844 1582 caelo
1888 1530 1928 1583 ³.

363 1619 520 1686 Quod
557 1629 736 1672 autem
766 1619 833 1671 ad
869 1618 1167 1688 pr0phetas
1215 1618 1429 1680 attinet,
1482 1626 1775 1688 postquam
1829 1619 1930 1675 Sa-

363 1705 649 1760 maritanis
677 1705 920 1775 quinque
963 1704 1133 1760 Mosis
1181 1707 1462 1760 volumina
1524 1708 1722 1762 tradita
1778 1718 1928 1771 sunt.

2030 531 2254 603 θήσεται
2290 530 2367 601 τῷ
2402 531 2550 601 σοφῷ
2589 530 2908 601 σοφισθῆναι
2943 533 2998 584 ὲν
3037 533 3244 604 Κυρίῳ,
3280 535 3420 586 κατὰ
3449 535 3466 564 ⁵
3507 534 3596 586 τὸν

2029 625 2095 680 δι’
2122 623 2386 688 ἐναντίας.
2420 625 2484 676 Εἰ
2502 625 2557 676 δὲ
2587 625 2679 676 καὶ
2703 624 2832 695 περὶ
2862 623 2954 676 τοῦ
2983 623 3298 695 Πνεύματος
3318 624 3411 676 τοῦ
3439 624 3597 692 ἁγίου

2031 718 2181 771 ἔσται
2215 735 2304 788 μοι
2327 718 2382 771 ὲν
2410 718 2641 786 ἐπιτομῇ
2668 716 2866 784 λέγειν,
2882 717 2982 768 οὐκ
3008 716 3298 786 ὀκνήσαιμι
3322 716 3406 770 ἄν.
3432 718 3597 787 Διαῤ-

2033 809 2200 882 ρήδην
2258 807 2436 860 τοίνυν
2487 805 2649 869 εὐθὺς
2689 807 2717 858 ό
2770 804 2973 875 Κύριος
3014 803 3162 872 λέγει
3214 805 3292 874 τῷ
3338 805 3593 858 Μωῦσεί·

2043 899 2330 970 Ἀφ’-ἁγαγέ
2364 916 2465 968 μοι
2505 900 2593 964 είς
2629 897 2696 950 τὸ
2727 896 2863 965 ὅρος
2897 896 3304 962 ἐϐδομήκοντα
3343 898 3601 964 πρεσϐυ-

2033 993 2260 1063 τέρους,
2297 992 2397 1046 καὶ
2424 990 2694 1060 λήψομαι
2720 990 2839 1043 ἀπὸ
2871 989 2976 1043 τοῦ
3003 989 3099 1042 ἐπὶ
3130 988 3204 1042 σὲ
3241 990 3600 1058 πνεύματος,

2032 1085 2132 1138 καὶ
2181 1083 2366 1151 ἐκχεῶ
2411 1083 2502 1136 ἐπ’
2546 1081 2788 1147 αὐτοὺς,
2835 1081 2935 1134 καί
2982 1081 3417 1149 (inultm-orta!
3460 1097 3598 1134 σου.

2034 1178 2171 1248 Περὶ
2219 1176 2275 1229 δὲ
2306 1174 2401 1229 τοῦ
2448 1175 2599 1238 Υίοῦ,
2643 1175 2792 1237 ὅπως
2828 1174 3045 1245 γνῶμεν
3070 1213 3085 1237 ,
3116 1176 3144 1226 ὁ
3181 1173 3366 1244 Πατὴρ
3411 1173 3561 1241 λέγει
3587 1189 3598 1198 ⁵

2033 1267 2382 1336 Ποιήσωμεν
2414 1266 2726 1334 ἄνθρωπον
2755 1265 2881 1318 κατ’
2919 1267 3121 1318 εἰκόνα
3166 1265 3456 1333 ἡμετέραν
3503 1264 3599 1315 καὶ

2034 1363 2338 1430 ὁμοίωσιν.
2375 1360 2448 1412 Τὸ
2474 1360 2551 1422 δὲ,
2579 1358 2942 1426 ποιήσωμεν,
2969 1358 3067 1428 οὐχ
3095 1358 3213 1422 ἑνός
3242 1358 3357 1410 ἐστι
3393 1374 3607 1428 σημαν-

2033 1452 2201 1506 τικόν.
2222 1451 2329 1506 Καὶ
2349 1450 2551 1519 ἔϐρεξε
2574 1451 2786 1518 Κύριος
2817 1450 2916 1504 ἐπὶ
2939 1449 3171 1519 Σόδομα
3204 1449 3304 1503 καὶ
3330 1451 3605 1518 Γόμορῤα

2035 1545 2155 1613 πῦρ
2189 1543 2286 1598 καὶ
2319 1544 2479 1599 θεῖον
2508 1541 2666 1610 παρὰ
2695 1542 2914 1610 Κυρίου
2939 1542 3039 1596 ἀπ’
3075 1541 3352 1610 οὐρανοῦ.
3380 1543 3451 1594 Ila
3463 1543 3518 1610 ρ’γ.
3549 1543 3606 1594 δὲ

2039 1636 2357 1708 προφητῶν,
2394 1633 2581 1704 ἐπειδὴ
2606 1633 2740 1705 ἔφθη
2773 1634 2954 1697 αὐτοῖς
2981 1633 3199 1704 δοθῆναι
3235 1635 3268 1705 ή
3302 1635 3607 1687 Πεντὰτευ·

2037 1747 2150 1800 χος,
2181 1728 2364 1782 οὐκέτι
2407 1731 2524 1790 ταῖς
2557 1725 2744 1789 ἄλλαις
2773 1726 3016 1797 Γραφαῖς
3046 1726 3387 1797 ὲστοίχησαν,
3429 1725 3547 1778 ἀλλ’
3573 1725 3605 1792 ἦ

367 1796 666 1866 Scripturis
695 1797 919 1866 reliquis
977 1813 1322 1868 nequaquam
1374 1799 1584 1854 assensi
1619 1809 1778 1869 sunt;
1835 1819 1916 1858 set

2072 1822 2174 1894 ,όνῃ
2216 1823 2281 1891 τῇ
2325 1819 2714 1888 Πεντατεύχῳ,
2756 1796 2849 1871 καὶ
2887 1819 2948 1870 οὐ
2982 1820 3048 1888 τῇ
3087 1817 3242 1887 λοιπῇ
3292 1817 3605 1886 ἀκολουθίᾳ.

362 1897 560 1959 praeter
585 1889 679 1942 illa
726 1890 968 1957 quinque
1017 1898 1214 1943 cmtera
1272 1897 1740 1959 contempserunt.
1776 1892 1933 1959 Quod

365 1983 409 2036 si
445 1981 570 2050 quis
597 1981 739 2036 alios
767 1979 1014 2047 objiciat,
1072 1981 1238 2036 veluti
1282 1979 1536 2036 Davidem
1571 1991 1666 2038 aut
1711 1985 1931 2052 Isaiam,

363 2084 418 2125 et
441 2070 701 2139 reliquos,
727 2078 928 2139 negant
957 2085 1016 2124 se
1041 2085 1138 2124 eos
1161 2068 1473 2135 admittere,
1511 2081 1673 2141 atque
1723 2072 1792 2127 iis
1812 2087 1934 2142 quae

365 2155 395 2214 εἰ
424 2161 720 2230 majoribus
754 2162 870 2216 suis
903 2172 1232 2232 acceperunt
1261 2164 1618 2232 pertinaciter
1648 2165 1930 2220 insistunt.

367 2253 644 2307 llactenus
665 2261 855 2306 contra
882 2252 1260 2308 Samaritanos
1303 2269 1333 2307 a
1383 2254 1540 2309 nobis
1593 2255 1930 2325 disputatum

366 2359 472 2407 est,
508 2346 753 2415 adeoque
785 2345 997 2414 paucis,
1045 2361 1110 2399 ne
1140 2347 1351 2416 longius
1385 2363 1548 2418 quam
1579 2348 1818 2403 instituti
1843 2363 1934 2403 ra-

367 2439 442 2490 tio
474 2437 579 2492 [οι-ι
610 2453 918 2492 sermonem
951 2438 1341 2507 producamus.

818 2551 1096 2607 CONTRA
1135 2551 1470 2617 ESSENOS,

499 2663 628 2730 Qua:
656 2672 733 2718 est
759 2663 786 2716 1
812 2663 1278 2719 Samaritanorum
1301 2676 1465 2729 secta,
1503 2665 1689 2723 ordine
1717 2667 1788 2722 Χ.

435 2842 679 2908 Quatuor
699 2843 925 2898 omnino
968 2843 1023 2896 in
1051 2853 1231 2898 sectas
1284 2844 1615 2898 Samaritani
1649 2843 1930 2898 distributi

366 2943 514 2990 sunt.
552 2933 652 2999 Qui
685 2949 812 2990 cum
841 2933 1030 2989 eadem
1085 2949 1270 2989 secum
1329 2935 1562 2989 invicem
1597 2935 1836 2990 sentiant
1865 2936 1933 2990 de

365 3026 812 3090 circumcisione,
844 3024 1104 3090 Sabbato,
1145 3026 1375 3095 aliisque
1428 3029 1542 3097 lege
1570 3026 1930 3096 praescriptis,

366 3117 555 3187 paucis
580 3125 761 3170 tamen
782 3115 839 3169 in
867 3116 1032 3171 rebus
1065 3115 1233 3169 trium
1266 3116 1492 3186 singulm
1518 3132 1548 3170 a
1576 3118 1804 3187 reliquis
1827 3117 1933 3171 dif-

366 3208 570 3263 ferunt.
601 3205 737 3261 Nam
764 3206 1052 3262 Dositheos
1077 3208 1224 3262 solos
1246 3209 1478 3277 excipio.
1508 3207 1664 3274 Quod
1691 3211 1835 3264 enim
1865 3212 1929 3264 ad

367 3299 604 3357 Essenos
629 3307 856 3370 spectat,
915 3299 949 3352 ii
980 3300 1126 3353 nulla
1180 3315 1238 3353 re
1285 3301 1655 3368 praetermissa
1691 3302 1930 3370 primum

365 3395 677 3450 institutum
705 3394 1073 3450 retinuerunt.
1105 3393 1214 3463 29
1243 3393 1553 3448 Secundum
1583 3395 1682 3450 hos
1698 3396 1930 3450 Gorthe-

366 3486 481 3540 nia
515 3501 576 3541 se
640 3495 832 3541 mutuo
875 3485 1092 3540 levibus
1139 3487 1206 3540 de
1262 3486 1446 3541 causis
1495 3486 1733 3557 separati
1779 3495 1928 3551 sunt,

365 3595 490 3635 cum
519 3580 716 3650 exigua
745 3580 992 3650 quaedam
1017 3582 1392 3635 controversia
1412 3582 1554 3636 inter
1583 3583 1732 3652 ipsos
1760 3584 1931 3639 inter-

365 3670 647 3731 cessisset,
686 3670 791 3725 hoc
813 3681 899 3726 est
927 3671 1069 3725 inter
1100 3668 1381 3732 Sebuzeos,
1421 3673 1678 3735 Essenos,
1708 3680 1762 3726 et
1789 3671 1930 3726 Gor-

368 3762 581 3815 thenos.
621 3761 753 3828 Qua:
787 3763 1165 3818 controversia
1223 3762 1324 3816 fuit
1352 3763 1648 3833 ejusmodi.
1677 3763 1814 3820 Cum
1845 3745 1930 3819 lex

367 3854 608 3924 undique
639 3854 857 3910 Judaeos
906 3855 1403 3928 llierosolymitana
1455 3859 1730 3912 conllucre
1769 3857 1931 3927 jube-

367 3955 448 4000 ret
476 3946 518 4010 ⁸,
543 3947 706 4018 idque
737 3949 911 4004 tribus
959 3950 1087 4003 anni
1139 3951 1511 4020 temporibus;
1565 3952 1833 4006 nimirum
1873 3950 1929 4005 in

365 4037 694 4110 Azymorum
727 4040 887 4104 festo,
917 4039 1262 4108 Pentecoste,
1288 4058 1353 4097 ac
1382 4043 1713 4116 Scenopegia
1738 4059 1925 4098 :cum-

2035 1914 2152 1968 Κᾶν
2183 1930 2244 1966 τε
2278 1913 2334 1965 δὲ
2363 1913 2543 1974 αὐτοῖς
2568 1911 2698 1982 εἴπῃ
2720 1927 2803 1973 τις
2822 1909 2940 1963 νυνὶ
2971 1909 3224 1980 περὶτῶν
3245 1907 3434 1966 ἄλλων,
3463 1909 3610 1977 φημὶ

2033 2003 2092 2057 δὲ
2145 2002 2274 2074 περὶ
2309 2001 2472 2054 Δαϐἱδ
2510 2001 2604 2054 καὶ
2643 2001 2895 2064 Ἡσαΐου,
2935 2001 3030 2052 καὶ
3071 1999 3178 2053 τῶν
3231 1999 3504 2070 καθεξῆς,
3545 1999 3607 2052 οὑ

2036 2095 2470 2167 παραδέχονται,
2508 2093 2860 2164 κατεχόμενοι
2901 2091 3195 2161 παραδόσει
3319 2091 3610 2162 προαχθεί-

2037 2205 2103 2258 σῃ
2131 2186 2242 2258 (70)
2272 2189 2384 2249 τοῖς
2413 2185 2520 2239 ἀπὸ
2570 2182 2678 2237 τῶν
2729 2182 2870 2235 ἰδίων
2905 2183 3174 2254 πατέρων.
3206 2182 3314 2235 Καὶ
3353 2182 3458 2244 ἕως
3507 2175 3609 2235 ὦδε

2035 2277 2175 2334 ἔστω
2213 2295 2301 2348 μοι
2338 2279 2373 2348 ή
2416 2277 2544 2347 περὶ
2579 2274 2929 2345 Σαμαρειτῶν
2983 2274 3275 2344 ὑφήγησις,
3315 2275 3371 2326 ὲν
3411 2272 3613 2343 βραχεῖ

2039 2371 2136 2440 μὲν
2162 2368 2241 2440 τῷ
2273 2368 2418 2438 λόγῳ
2450 2368 2737 2438 εἰρημένη,
2766 2367 2832 2419 δι’
2860 2367 2917 2419 ὂν
2956 2365 3275 2438 προορῶμαι
3309 2364 3497 2433 φόϐον,
3538 2367 3611 2434 μὴ

2035 2463 2268 2515 ἐκτεῖναι
2288 2462 2368 2524 είς
2403 2460 2603 2522 πλάτος
2628 2459 2724 2529 τὴν
2747 2459 3038 2528 ὑπόσχεσιν
3071 2458 3171 2526 τῆς
3207 2458 3538 2524 συντάξεως.

2479 2572 2666 2625 ΚΑΤΑ
2703 2570 3019 2623 ΕΣΣΠΝΩΝ
3046 2569 3180 2639 (71),

2035 2687 2239 2757 Πρώτη
2289 2688 2520 2754 αἵρεσις
2565 2684 2682 2808 ἀπὲ
2722 2681 3114 2807 igiturigitur,
3162 2680 3378 2748 δεκάτη
3416 2681 3495 2733 δὲ
3539 2681 3611 2747 τῇ

2683 2771 2768 2808 κο.
2797 2773 2867 2806 Ου
2908 2769 2986 2808 ια.

2683 2769 2986 2820 κολουυιᾳ.

2108 2848 2202 2910 Είς
2251 2845 2521 2916 τέσσαρας
2562 2843 2660 2914 μὲν
2706 2842 2944 2914 αἱρέσεις
2979 2843 3308 2912 Σαμαρεῖται
3359 2840 3611 2912 ἐτμήθη-

2040 2954 2167 2990 σαν·
2194 2935 2260 2988 τὰ
2293 2935 2382 2987 ἴσα
2411 2935 2468 2987 δὲ
2491 2932 2812 3004 φρονοῦντες
2837 2932 3084 3002 ἀλλήλοις
3114 2934 3379 3004 περιτομῇ
3411 2949 3481 2985 τε
3516 2932 3612 2984 καὶ

2038 3030 2318 3098 Σαϐϐάτῳ,
2349 3027 2443 3081 καὶ
2471 3027 2576 3080 τῶν
2597 3025 2768 3081 ἄλλων
2795 3026 2903 3079 τῶν
2933 3028 2990 3079 ὲν
3021 3026 3189 3097 νόμῳ,
3211 3028 3269 3078 ὲν
3291 3025 3490 3096 βραχεῖ
3519 3027 3615 3078 καὶ

2037 3121 2094 3176 ἔν
2115 3140 2217 3174 τινι
2237 3119 2416 3183 ποσῶς
2439 3120 2666 3183 ἕκαστος
2690 3118 2796 3172 τῶν
2817 3118 2983 3190 τριῶν
2999 3118 3132 3190 πρὸς
3155 3120 3280 3182 τοὺς
3305 3118 3480 3182 πέλας
3500 3118 3613 3171 δια-

2039 3213 2284 3283 φέρεται,
2316 3211 2455 3282 πλὴν
2487 3211 2594 3264 τῶν
2635 3209 2898 3264 Δοσιθέων
2931 3211 3109 3280 μόνον.
3149 3211 3468 3280 Ἐνέμειναν
3504 3212 3614 3279 γὰρ

2037 3307 2087 3358 οἱ
2123 3304 2372 3373 Ἐσσηνοὶ
2395 3306 2460 3373 τῇ
2493 3301 2679 3373 πρώτῃ
2709 3303 2895 3371 ἀγωγῇ
2931 3301 3094 3372 μηδὲν
3122 3300 3611 3371 ὑπερϐαλλόμενοι.

2039 3393 2193 3448 Μετὰ
2225 3392 2448 3454 τούτους
2481 3391 2738 3462 Γορθηνοὶ
2763 3389 3101 3460 διεφώνησαν
3132 3389 3244 3459 (72)
3275 3390 3408 3460 πρὸς
3445 3391 3614 3460 ἀλλήο

2037 3488 2162 3549 λους
2189 3486 2275 3538 διὰ
2308 3485 2538 3554 σμικρόν
2558 3501 2635 3536 τι*
2676 3483 2974 3553 ἐπειδήπερ
3016 3483 3294 3550 ἀντιλογία
3324 3499 3407 3544 τις
3446 3483 3616 3553 μέσον

2038 3578 2218 3632 αὐτῶν
2265 3577 2592 3647 γεγένηται,
2637 3559 2794 3646 φημι
2827 3574 2884 3627 δὲ
2939 3572 3102 3643 μέσον
3157 3573 3466 3626 Σεὸουαίων
3523 3577 3614 3628 καὶ

2050 3669 2322 3740 Ἐσσηνῶν
2348 3668 2444 3721 καὶ
2464 3665 2766 3739 Γορθηνῶν.
2808 3665 2872 3718 ἸΙ
2894 3663 2948 3717 δὲ
2979 3663 3255 3732 ἀντιλογία
3281 3663 3476 3717 τοῦτον
3503 3666 3614 3734 ἔχει

2033 3763 2125 3818 τὸν
2158 3762 2377 3833 τρόπον.
2438 3761 2496 3814 Ὀ
2529 3759 2692 3830 νόμος
2733 3757 2984 3811 ἐκέλευεν
3025 3757 3138 3826 (73)
3173 3759 3237 3810 ὲκ
3270 3758 3615 3829 πανταχόθεν

2033 3855 2160 3918 τοὺς
2208 3852 2494 3914 Ἰουδαίους
2533 3851 2982 3924 συναθροίζεσθαι
3025 3853 3104 3912 εἰς
3131 3849 3201 3902 τὰ
3237 3849 3612 3920 Ἰεροσόλυμα.

2033 3947 2298 4008 Πολλάκις
2325 3945 2423 4015 μὲν
2451 3939 2543 3997 οὖν
2569 3945 2708 3995 κατὰ
2735 3944 2883 4010 τρεῖς
2906 3943 3129 4011 καιροὺς
3149 3939 3242 3994 τοῦ
3270 3939 3448 4002 ἔτους,
3471 3942 3613 3992 κατὰ

2031 4058 2090 4094 τε
2129 4038 2236 4093 τῶν
2281 4035 2550 4107 Ἀζύμων,
2588 4032 2853 4088 καὶκατὰ
2894 4031 3296 4104 Πεντήκοστὴν,
3335 4032 3435 4084 καὶ
3467 4031 3613 4084 κατὰ

436 4216 450 4245 ¹
481 4214 638 4269 Num.
676 4231 754 4281 xi,
788 4216 876 4272 16.
953 4219 973 4249 ¹
1011 4215 1144 4273 Gen.
1190 4235 1230 4283 ι,
1260 4217 1349 4272 26.
1427 4219 1447 4250 ³
1491 4217 1627 4274 Gen.
1663 4234 1777 4283 xix,
1804 4219 1894 4273 24.

2072 4215 2196 4271 md.
2226 4230 2384 4280 xxm,
2404 4212 2498 4267 ‘23.
2575 4219 2596 4250 ⁸
2624 4209 2786 4265 Forte
2817 4210 2944 4265 τῶν.

435 4371 921 4495 ἓῖῗ)ηηαραδόσει
967 4372 1041 4443 τῇ
1074 4375 1462 4444 προαχθείσῃ.
1503 4373 1726 4446 Regius,
1762 4391 1929 4446 προσ-

471 4461 493 4495 ε
522 4459 550 4494 σ
597 4483 610 4495 .

363 4459 610 4496 αγυειση.

399 4457 892 4583 χῗῗίῖῃὲσσηνῶν.
909 4512 1046 4580 Quid
1081 4513 1134 4567 in
1165 4525 1396 4568 mentem
1432 4513 1730 4583 Epiphanio
1765 4529 1924 4568 vene-

363 4584 453 4648 rit,
471 4591 528 4636 nt
546 4583 781 4640 Essenos
806 4584 1162 4639 Samaritanis
1190 4593 1522 4648 accenseret,
1555 4584 1800 4638 divinare
1817 4600 1924 4638 non

363 4671 622 4725 possum;
662 4670 786 4707 nam
832 4654 979 4724 quod
1016 4669 1303 4709 occurrere
1328 4662 1524 4724 potest,
1548 4669 1716 4723 genus
1753 4655 1926 4723 quod-

362 4724 488 4778 dam
521 4724 846 4779 Essenorum
895 4725 1061 4779 fuisse
1093 4740 1123 4777 a
1155 4726 1297 4779 notis
1332 4727 1438 4780 illis
1475 4733 1528 4778 et
1559 4724 1924 4779 sanctioribus

362 4795 663 4878 diversum,
702 4796 996 4878 probarem
1034 4796 1308 4878 equidem.
1341 4797 1386 4850 si
1429 4794 1569 4862 apud
1595 4793 1921 4878 "Philonem,

363 4875 457 4918 aut
484 4864 802 4934 Josephum,
829 4867 922 4934 qui
965 4863 1031 4918 de
1063 4863 1394 4918 Essenorum
1425 4866 1734 4928 generibus,
1773 4865 1927 4918 insti-

363 4935 493 4990 tutis
544 4950 608 4987 ac
649 4935 891 4990 moribus
922 4935 1332 4988 accuratissime
1369 4937 1723 5003 scripserunt,
1757 4937 1924 4988 vesti-

360 5006 506 5074 gium
557 5004 775 5074 aliquod
835 5019 1098 5059 novorum
1151 5005 1402 5067 istorum,
1449 5021 1511 5056 ac
1562 5004 1924 5073 posteriorum

358 5080 669 5129 exsisteret.
697 5076 847 5128 Nunc
871 5090 992 5128 cum
1019 5090 1190 5142 neque
1211 5076 1319 5138 isti,
1344 5089 1440 5129 nec
1479 5075 1613 5129 alius
1634 5075 1923 5143 quisquam

362 5147 444 5198 vel
479 5146 751 5199 levissime
774 5143 1112 5213 signiﬁcarit,
1153 5143 1382 5199 Essenos
1411 5160 1532 5196 cum
1564 5143 1924 5200 Samaritanis

362 5229 652 5269 commune
683 5215 956 5283 quidpiam
992 5214 1264 5277 habuisse,
1289 5230 1520 5283 cuinqne
1554 5215 1693 5267 inter
1710 5213 1921 5270 Judaeu-

361 5301 480 5336 rum
511 5296 689 5338 sectas
713 5300 740 5336 a
765 5282 1000 5354 Josepho
1025 5294 1408 5338 recenseantur
1435 5282 1625 5338 Esseni
1653 5302 1668 5350 ;
1702 5292 1926 5354 apparet

360 5355 593 5421 primum
625 5369 799 5422 neque
840 5352 1165 5408 Essenorum
1198 5355 1358 5407 ullam
1387 5357 1525 5409 inter
1554 5352 1924 5409 Samaritanos

362 5424 532 5478 fuisse
557 5437 793 5487 seetam;
830 5439 1002 5492 neque
1038 5422 1395 5492 Epiphanium
1425 5426 1567 5479 aliud
1593 5424 1923 5480 Essenorum

359 5509 552 5564 genus,
583 5510 707 5546 cum
756 5495 1112 5548 Samaritanis
1171 5496 1485 5558 ascriberet,
1549 5496 1921 5560 intellexisse,

361 5563 525 5636 gnam
541 5563 976 5636 celeberrimum,
997 5581 1058 5619 ac
1077 5565 1503 5620 laudatissimum
1520 5564 1671 5630 illud,
1689 5582 1923 5636 quorum

361 5632 613 5706 instituta
631 5632 786 5706 Philo
807 5648 868 5687 ac
880 5633 1150 5704 Josephus
1177 5636 1446 5690 uberrime
1467 5632 1918 5706 perscripserunt.

359 5702 677 5772 Quanquam
741 5702 978 5760 Ossenos
1017 5702 1216 5774 postea
1271 5706 1411 5760 inter
1464 5702 1716 5761 Judaicas
1745 5715 1922 5763 sectas

360 5783 772 5841 commemorat,
801 5777 894 5846 qui
923 5775 1082 5831 iidem
1115 5791 1237 5830 cum
1265 5775 1484 5833 Essenis
1512 5775 1776 5832 videntur.

2115 4369 2414 4443 (72)_Mez_d
2433 4367 2996 4443 rourovcjfogﬁnroi
3006 4440 3013 4443 _
3024 4368 3421 4443 διεφώνησαν.
3457 4371 3612 4438 Quo-

1957 4462 2001 4515 ῃ
2032 4438 2650 4515 modo'Goi-tbenijtpog
2676 4438 3262 4515 dklﬁlougdissentire
3280 4447 3611 4511 cmperunt?

2031 4518 2168 4572 Nam
2196 4513 2344 4567 nulla
2374 4511 2462 4564 hic
2487 4508 2889 4565 Gortheuorum
2924 4508 3178 4574 divortia,
3211 4508 3391 4567 sectas
3423 4517 3611 4569 nullas

2029 4593 2356 4656 θηυηιθτέηὶ
2385 4589 2438 4656 (Ξι
2462 4579 2792 4656 ἐπεξήγησις
2826 4580 2916 4656 ﬁ!“
2948 4595 3070 4656 ιιι]ίὲ
3101 4581 3428 4656 subjicitur:
3457 4587 3612 4656 Φημὶ

2028 4659 2084 4712 δὲ
2121 4656 2290 4728 μέσον·
2319 4649 2663 4728 Σεϐουαίεονλ
2693 4652 2786 4703 καὶ
2830 4650 3103 4728 Ἐσσηνῶν
3141 4653 3235 4728 acui.
3267 4649 3566 4728 [ορθῃνῶν
3591 4674 3603 4686 ·

2032 4719 2212 4794 ιιι-έιιίι
2243 4722 2304 4774 τὸ
2349 4720 2484 4794 προς
2515 4719 2773 4791 ἀλλήλους
2817 4733 2929 4794 non
2966 4721 3035 4774 ad
3073 4722 3221 4794 solos
3263 4719 3608 4794 Gorth'enos.

2029 4789 2125 4854 sed
2167 4794 2234 4849 ad
2273 4789 2545 4862 ινφεὸλας
2588 4789 2764 4845 sectas
2796 4789 3084 4862 pertinere.
3117 4791 3276 4862 Atqui
3309 4793 3610 4862 διαφωνεῖν

2031 4869 2166 4940 πρὸς
2201 4861 2462 4940 ἀλλήλους
2482 4859 2667 4940 Graece
2687 4876 2796 4940 non
2819 4872 2903 4916 est
2933 4861 3071 4940 πρὸς
3095 4859 3302 4940 ἄλλους,
3339 4859 3610 4921 Fortasse

2031 4930 2196 5008 igitur
2220 4930 2420 5008 sum
2459 4945 2556 5008 pro
2583 4930 2845 5002 ἀλλήλους
2863 4931 3358 5008 substituendum;
3400 4947 3608 5004 pastu-

2032 5000 2176 5062 labat
2209 5006 2241 5075 ή
2275 5001 2586 5075 ἀκολουθία,
2619 5012 2677 5055 ut
2703 5000 2821 5071 ‘pro
2863 5000 3122 5072 Γορθηνοί
3172 5000 3523 5060 scriberetur
3555 5009 3605 5059 οξ

2029 5073 2239 5152 λοιποί(
2255 5073 2339 5152 vel
2367 5083 2528 5152 secta:
2559 5081 2677 5152 tres
2698 5081 3133 5152 recenserentur.

2102 5145 2213 5216 (75)
2255 5145 2316 5196 Ὃ
2354 5142 2536 5216 νόμος
2930 5140 3128 5216 Mirum
3162 5151 3247 5216 est
3293 5145 3447 5213 quod
3497 5146 3603 5201 hoc

2033 5219 2154 5272 loco
2177 5212 2387 5277 narrat,
2429 5212 2897 5266 Samaritanorum
2927 5212 3073 5268 inter
3107 5229 3166 5269 se
3198 5212 3501 5270 diss’idium
3535 5218 3605 5270 ab

2030 5289 2176 5350 odio,
2207 5295 2259 5340 et
2288 5284 2486 5353 jnrgiis
2511 5299 2789 5353 inanasse,
2815 5284 2957 5352 quod
2987 5299 3048 5337 ea
3073 5285 3220 5338 natio
3243 5301 3365 5337 cum
3385 5284 3604 5342 Judaeis

2030 5364 2246 5412 exercet
2273 5352 2298 5409 :'
2322 5369 2444 5407 nam
2476 5352 2519 5408 si
2553 5369 2674 5407 cum
2709 5355 3162 5423 praetereuntibus
3204 5354 3407 5409 Judaeis
3454 5359 3605 5412 rixa—

2031 5428 2252 5489 bantur,
2279 5439 2401 5494 quae
2434 5438 2601 5494 causa
2645 5425 2918 5494 illll,"Clll'
2951 5439 2979 5476 a
3015 5440 3074 5478 se
3117 5426 3346 5479 invicem
3375 5426 3605 5483 dissen-

2031 5497 2234 5552 tirent?
2267 5493 2383 5549 Non
2424 5493 2476 5546 id
2507 5494 2751 5566 explicat
2778 5493 3115 5566 Epiphanius
3147 5513 3161 5549 :
3197 5503 3251 5550 et
3294 5497 3450 5552 aliud
3490 5500 3603 5566 agit

2029 5569 2291 5621 omnino:
2337 5566 2546 5620 Etenim
2589 5564 2970 5633 συμπληγάδες
3016 5567 3132 5620 istm
3172 5583 3277 5620 non
3309 5577 3448 5621 sunt
3494 5564 3604 5620 τῶν

2029 5637 2378 5760 ἓαῑμαρειτῶν
2436 5634 2572 5707 πρὸς
2618 5634 2910 5705 ἀλλήλους,
2960 5637 3054 5690 sed
3097 5636 3232 5706 πρὸς
3277 5639 3405 5700 τοὺς
3469 5640 3603 5692 Ἰου-

2060 5725 2226 5760 αιους.

2060 5725 2226 5770 αιους.
