3754 6182
83 247 174 303 915

766 249 1133 307 AUVEBSUS
1171 248 1511 305 HERESES
1543 249 1631 304 LII

1805 248 1955 304 ῙῸΜ.
2000 249 2039 301 Ι.
2080 278 2150 287 —
2190 244 2459 300 llAZRES.
2495 240 2610 298 XV.

3194 236 3302 294 256

85 362 257 433 ἱμάτια
303 360 601 424 ἐπετίθετο,
646 362 889 416 τουτέστι
920 365 1126 418 πλατέα
1175 366 1393 435 σήματα
1423 364 1631 437 πορφύ-

1805 362 1934 417 lium
1975 360 2285 415 meminerit
2319 358 2367 424 ¹,
2395 357 2666 429 suspicari
2709 356 2976 427 quispiam
3009 355 3204 427 possit,
3231 355 3302 413 de

85 468 173 524 ρας
215 450 344 521 (97).
386 450 643 521 Νομίσειε
674 450 717 503 δ’
764 452 827 505 ἄν
866 470 971 517 τις,
1009 453 1303 525 ἐπειδήπερ
1329 454 1424 507 καὶ
1456 455 1513 506 ὲν
1554 451 1633 523 τῷ

84 542 378 613 Εὑαγγελιφ
402 542 425 573 ²
454 542 627 612 τούτῳ
656 544 973 613 ἐμφέρεται,
1009 544 1083 615 μὴ
1116 545 1223 615 ἄρα
1269 545 1289 576 ⁸
1318 546 1631 615 περιάπτων

82 637 233 704 λέγει.
282 635 496 706 Ἐπειδὴ
544 636 653 706 γὰρ
698 637 791 689 καὶ
832 636 1051 690 εἰώθασί
1078 655 1219 701 τινες
1244 638 1311 691 τὰ
1358 639 1633 708 περίαπτα

83 727 410 798 φυλακτήρια
460 726 769 797 ὀνομάζειν·
804 728 903 780 οὐκ
948 728 1060 798 ἔχει
1092 728 1149 781 δὲ
1182 732 1210 782 ὁ
1252 730 1409 797 λόγος
1444 729 1503 782 τὸ
1528 747 1632 783 πα·-

85 819 251 889 ράπαν
278 818 406 889 περὶ
435 817 626 871 τούτου
644 834 659 849 ο
691 818 805 871 ἀλλ’
832 820 1016 890 ἐπειδὴ
1048 820 1261 886 στολὰς,
1291 823 1390 874 εἴτ’
1414 818 1503 874 οὖν
1532 822 1632 892 ἀμ-

84 908 302 977 πεχόνας
347 908 395 959 οί
438 907 665 962 τοιοῦτοι
706 909 1083 974 ἀνεϐάλλοντο,
1129 912 1221 964 καὶ
1268 912 1627 985 Δαλματικὰς,

82 1000 165 1052 εἶτ’
190 994 283 1052 οὖν
330 998 671 1064 Κολοὸίωνας
716 1003 779 1054 ὲκ
827 1001 1194 1072 πλατυσήμων
1234 1004 1321 1058 διὰ
1347 1007 1631 1077 πορφύρας

81 1091 457 1161 ὰλουργοῦφεῖς
499 1095 1024 1164 κατεσκευασμένας,
1072 1098 1139 1148 τὰ
1185 1096 1238 1148 δὲ
1275 1099 1492 1167 σήματα
1535 1100 1633 1169 τῆς

82 1182 354 1253 πορφύρας
384 1183 727 1255 φυλακτήρια
748 1184 999 1239 εἰώθασιν
1030 1187 1079 1239 οἱ
1114 1187 1477 1259 ήκριϐωμένοι
1502 1207 1630 1259 μετ-

78 1273 383 1343 ονομάζεινθ
431 1274 620 1328 τούτου
662 1276 845 1331 ἕνεκεν
892 1277 1234 1351 φυλακτήρια
1274 1280 1411 1333 αὐτὰ
1472 1282 1565 1333 καὶ
1605 1282 1633 1333 ὁ

82 1364 271 1436 Κύριος
299 1367 418 1419 κατ’
464 1367 702 1431 ἐκείνους
732 1367 937 1439 εἴρηκε.
974 1368 1134 1440 Δήλοῖ
1172 1369 1227 1422 δὲ
1270 1371 1302 1441 ή
1348 1370 1633 1424 ἀκολουθία

78 1459 163 1529 τήν
210 1457 410 1528 φράσιν
460 1458 560 1528 τῆς
609 1459 921 1529 ὀνομασίας,
965 1462 1057 1514 καὶ
1104 1461 1171 1513 τὰ
1216 1461 1494 1532 κράσπεδα
1526 1461 1633 1515 τῶν

80 1552 330 1621 ἱματίων·
360 1552 428 1604 τὰ
461 1552 762 1623 κράσπεδα,
796 1553 882 1606 ἵνα
932 1555 1060 1627 εἴπῃ
1106 1554 1400 1624 κροσσούς’
1436 1556 1529 1607 καὶ
1565 1554 1632 1607 τὰ

78 1642 428 1712 φυλακτήρια,
484 1642 569 1693 ἵνα
619 1642 746 1711 εἴπῃ
798 1642 896 1712 τῆς
944 1641 1227 1713 πορφύρας
1280 1642 1349 1693 τὰ
1396 1644 1631 1711 σήματα.

1736 453 1991 508 amuletis
2017 452 2103 506 hic
2138 466 2453 506 sermonem
2485 448 2703 503 institui
2732 463 2744 499 :
2771 446 2915 517 quod
2961 462 2991 500 a
3022 444 3301 503 nonnullis

1737 548 1972 602 amuleta
2029 544 2369 617 phylacteria
2414 550 2699 597 vocentur.
2731 540 2934 597 Verum
2990 541 3147 610 longe
3193 541 3299 595 alia

1737 640 1878 694 ratio
1903 648 2004 693 est.
2059 637 2269 707 Quippe
2312 652 2434 690 cum
2467 634 2645 698 stolis,
2676 633 2793 688 sive
2846 633 3159 688 vestimenti
3208 649 3298 704 ge-

1736 749 1867 789 nere
1899 733 2133 803 quodam
2175 738 2456 786 uterentur
2486 730 2596 793 isti,
2646 728 2794 801 quod
2826 728 3175 792 Dalmatieas,
3206 738 3301 781 aut

1737 825 1966 880 Colobia
1993 824 2271 895 appellare
2301 836 2615 893 possumus,
2665 838 2785 893 quae
2828 822 3184 891 amplioribus
3234 836 3297 875 ex

1738 932 1976 987 purpura
1997 916 2289 986 segmentis
2303 915 2407 986 33
2422 924 2579 969 erant
2608 915 2832 970 intexta.
2866 913 3144 981 Ejusmodi
3172 928 3299 982 por-

1736 1024 1800 1063 ro
1845 1017 2110 1078 segmata,
2146 1007 2237 1077 qui
2299 1007 2630 1062 accuratius-
2664 1008 2990 1076 loquuntur,
3017 1007 3301 1059 nominare

1738 1099 2069 1170 phylacteria
2108 1098 2305 1152 solent.
2344 1097 2546 1151 Horum
2576 1097 3025 1151 consuetudinem
3078 1104 3301 1151 secutus

1739 1189 2004 1244 Dominus
2023 1189 2210 1244 eadem
2246 1188 2334 1241 illa
2367 1188 2698 1259 pliylacteria
2723 1189 3078 1257 nuncupavit.
3110 1186 3217 1241 Sed
3247 1195 3302 1241 et

1738 1282 2020 1351 sequentia
2044 1282 2112 1334 de
2142 1281 2460 1348 acceptione
2482 1280 2634 1334 vocis
2668 1280 2829 1334 istius
2882 1278 3028 1333 haud
3078 1277 3299 1332 dubiam

1738 1372 1895 1427 [idem
1942 1371 2170 1425 faciunt.
2227 1370 2459 1441 Suhjicit
2510 1372 2687 1437 enim;
2733 1382 2786 1425 et
2849 1371 3301 1426 vesumentorum

1735 1463 2034 1534 κράσπεδα,
2066 1463 2169 1517 hoc
2188 1472 2272 1517 est
2302 1462 2561 1517 limbrias.
2624 1461 2695 1516 lla
2720 1470 2773 1515 et
2803 1462 3135 1533 phylacteria
3171 1476 3301 1531 pur—

1736 1554 2078 1623 pureosillos
2101 1570 2239 1623 quos
2265 1553 2376 1608 dixi
2415 1556 2598 1609 clavos
2653 1555 2960 1623 appellavit.
3012 1552 3297 1619 Quoniam,

1738 1645 1934 1714 inquit,
1964 1644 2206 1699 dilatatis
2236 1645 2581 1715 pltylacteria,
2632 1656 2679 1699 et
2709 1643 2945 1712 fimbrias
2970 1645 3301 1698 vestimento-

76 1706 197 1799 φησι
222 1706 333 1801 γάρ
351 1746 365 1761 ’
402 1730 533 1784 ’Ὁτι
558 1706 891 1784 «largireris
912 1730 984 1784 τὰ
1009 1706 1403 1799 έρὺλᾶκτήρια,
1438 1706 1532 1783 καὶ
1562 1731 1631 1784 τὰ

1805 1750 1854 1786 m
1875 1733 2157 1803 ampliores
2188 1734 2362 1803 facitis
2388 1735 2428 1786 ⁸.
2484 1734 2693 1789 Etenim
2724 1734 3014 1805 corymbos
3073 1733 3300 1803 punico-

75 1820 376 1889 κράσπεδα
415 1820 531 1875 τῶν
581 1823 825 1891 Ιματίων
854 1822 1019 1891 ὑμῶν
1046 1824 1429 1891 μεγαλύνετε.
1489 1823 1630 1876 Ῥοτ-

75 1930 223 1975 σκους
250 1912 361 1985 γάρ
394 1930 545 1976 τινας
588 1914 680 1966 ἐπὶ
718 1912 787 1967 τὰ
829 1914 1066 1983 τέσσαρα
1100 1913 1207 1985 (98)
1241 1914 1509 1985 πτερύγια
1536 1914 1629 1968 τοῦ

71 2004 325 2075 τρίϐωνος
370 2005 598 2068 ἕκαστος
650 2000 817 2077 εἶχεν,
871 2005 931 2070 ἐξ
983 2006 1147 2059 αὑτοῦ
1202 2005 1296 2059 τοῦ
1366 2009 1633 2078 στήμονος

70 2095 517 2167 καταδεδεμένους
548 2097 604 2149 ὲν
638 2089 681 2165 ᾧ
727 2096 903 2167 χρόνῳ
930 2096 1332 2168 ὲνεκρατεύετο,
1363 2097 1396 2168 ἢ
1429 2099 1630 2167 παρϐε-

68 2188 176 2240 νξαν
205 2188 389 2258 ήσκει.
437 2188 654 2260 Ἐπειδὴ
702 2188 1073 2267 γὰρβκαστος
1122 2188 1423 2260 ταξάμενος
1470 2190 1634 2262 ὥριζε

132 2342 147 2372 ι
176 2339 375 2395 Matth.
408 2358 459 2406 v,
490 2340 579 2397 25.
654 2343 676 2374 ¹
707 2339 867 2397 Forte
901 2340 1077 2396 τοῦτο.
1136 2342 1156 2374 ³
1195 2340 1355 2398 Deest
1378 2344 1526 2414 περί.

66 2512 198 2569 com.
243 2497 281 2552 8
304 2539 317 2562 ,
351 2513 471 2569 eum
523 2497 903 2553 mandatorum
952 2513 1174 2555 suorum
1219 2498 1403 2569 jugem
1434 2507 1509 2569 iet
1542 2514 1630 2553 as-

67 2568 303 2638 siduamr
339 2568 736 2622 meditationem
804 2569 1117 2638 praeciperet
1174 2568 1359 2625 Deus:
1423 2568 1494 2623 Et
1566 2571 1634 2623 li-

67 2638 246 2707 gabis,
294 2637 509 2706 inquit,
569 2655 631 2692 ea
689 2637 843 2707 quasti
904 2637 1110 2708 signum
1164 2639 1218 2692 in
1281 2656 1441 2692 manu
1500 2649 1630 2703 tua,

66 2718 314 2776 eruntque
351 2717 399 2761 et
432 2709 767 2761 movebuntur
800 2709 933 2761 inter
967 2710 1144 2762 oculos
1177 2718 1326 2773 tuos,
1372 2709 1632 2764 Hebraice

62 2800 205 2881 ητιιῖ
246 2800 364 2881 ’τῇ
396 2776 1134 2881 mgub_1im._Clialdaetts
1183 2778 1400 2881 ἶν’-δειλή,
1428 2794 1499 2849 De
1528 2794 1635 2881 To-

66 2875 291 2944 taphoth
341 2877 568 2945 tamab
621 2875 898 2939 Hebraeis,
941 2892 1100 2945 quam
1155 2875 1200 2928 a'
1233 2878 1434 2930 uestris
1486 2878 1636 2931 varie

65 2946 390 3011 disputatur.
432 2944 567 2998 LXX
596 2962 694 3015 pro
732 2963 793 2999 ea
846 2944 976 3000 voce
1002 2985 1015 3004 .
1054 2945 1322 2998 ἀσάλευτα
1363 2946 1632 3003 reddunt:

64 3016 149 3087 καὶ
192 3015 747 3087 ἒστῳσανὰσὰλευτα
782 3015 886 3087 πρὸ
918 3015 1233 3087 ὀφθαλμῶν
1264 3033 1379 3087 σου,
1427 3024 1479 3087 et
1528 3018 1637 3069 sint

66 3084 375 3139 immobilia.
442 3086 509 3138 At
570 3084 1042 3155 Scaliger'inepte
1096 3084 1321 3139 Credidit
1360 3086 1632 3139 ἁσάλευτα

66 3156 197 3207 idem
229 3170 356 3209 esse
383 3196 399 3217 ,
433 3164 593 3224 atque
649 3156 917 3209 amuleta:
971 3171 1128 3220 quam
1167 3172 1340 3208 vocem
1368 3194 1381 3214 .
1436 3156 1629 3223 inquit,

62 3227 401 3293 grammatici
452 3226 682 3279 nondum
715 3227 769 3279 in
814 3243 911 3279 sua
939 3224 1131 3279 Lexica
1170 3226 1477 3279 retulerunt.
1516 3224 1635 3279 Ita-

68 3311 155 3365 que
182 3295 324 3348 idem
360 3306 439 3348 est
468 3296 782 3359 ἀσάλευτον,
811 3297 902 3348 καὶ
932 3296 1316 3365 φυλακτήριον.
1355 3295 1457 3348 Sed
1494 3296 1636 3350 unde

66 3363 159 3415 hoc
190 3365 416 3418 tandem
445 3365 647 3419 habet?
674 3366 804 3419 Nam
834 3363 1106 3419 ἀσάλευτα
1135 3363 1240 3419 non
1275 3366 1633 3427 substantive,

64 3434 332 3505 nequead
374 3451 482 3488 rem
510 3446 711 3489 certam
747 3435 1153 3505 signiﬁcandam
1182 3455 1193 3489 :
1229 3436 1319 3489 sed
1352 3435 1633 3501 adjective,

64 3512 115 3556 et
138 3503 411 3575 ἀορίστως
441 3503 1016 3576 ιιειιιρειιιιιιιιξιένιιηι.
1049 3508 1244 3575 inquit,
1274 3507 1489 3576 immota
1519 3516 1637 3557 ante

65 3574 239 3627 oculos
270 3586 415 3628 tuos.
453 3574 632 3640 Quare
677 3576 833 3643 fiiget
869 3577 982 3630 [nec
1019 3574 1172 3629 nova:
1202 3576 1351 3629 vocis
1381 3575 1638 3628 observa-

68 3646 155 3697 tio.
195 3646 378 3699 Locus
413 3654 496 3715 est
526 3645 714 3698 Matth.
747 3662 903 3707 xxiii,
932 3646 985 3708 5,
1020 3648 1075 3700 in
1104 3661 1214 3715 quo
1240 3652 1304 3697 ait
1330 3643 1634 3711 Tomphoth

65 3722 113 3785 et
171 3715 429 3785 lroiitalia
464 3714 711 3769 Christus
762 3725 1063 3785 respectum
1119 3714 1371 3769 habuisse
1405 3714 1634 3785 videtur.

64 3782 189 3855 Nam
242 3783 559 3839 Pharisams
619 3782 1029 3855 perstringens:
1086 3786 1325 3838 Dilatant
1356 3824 1396 3855 ,4
1442 3784 1638 3854 inquit,

64 3854 395 3925 phylacteria
440 3871 540 3908 sua
591 3852 639 3908 ei
686 3855 1027 3925 magniﬁcam
1075 3856 1333 3925 ﬁmbrias.
1367 3852 1536 3919 Quem
1572 3855 1638 3908 ad

66 3926 235 3977 locum
269 3924 591 3993 Hieronym.
628 3924 1033 3995 Pliarisaaorumg
1070 3924 1506 3995 Superstitionem
1541 3940 1642 3978 no-

64 4002 175 4056 tat,
217 3996 315 4063 qui
366 3995 514 4065 quod
562 3996 880 4064 simpliciter
937 4011 967 4048 a
1008 3993 1117 4051 Deo
1139 3993 1463 4048 mandatum
1500 4004 1638 4056 erat,

67 4073 120 4115 ut
151 4065 204 4117 in
241 4069 364 4132 lege
397 4065 703 4119 ineditanda
739 4065 1185 4133 observandaque
1214 4065 1429 4118 assidue
1458 4080 1644 4119 versa-

65 4145 285 4201 rentur;
325 4138 515 4204 utique
546 4136 634 4188 illa
662 4147 786 4190 ante
816 4137 1005 4191 oculos
1036 4143 1295 4204 perpetuo
1326 4134 1481 4203 quasi
1525 4152 1643 4188 mo-

64 4207 369 4258 nimentum
400 4205 669 4273 quoddam
701 4214 939 4259 exstaret
968 4244 983 4267 ,
1016 4206 1089 4257 ita
1113 4204 1448 4272 interpretati
1489 4212 1639 4267 sunt,

63 4278 215 4341 quasi
257 4275 598 4345 descriptam
649 4275 701 4327 in
750 4275 1081 4329 membranis
1126 4275 1295 4345 legem
1322 4314 1337 4335 ,
1370 4283 1423 4329 et
1454 4273 1645 4328 fronti-

64 4346 160 4397 bus
218 4343 506 4415 alligatam
554 4346 754 4415 gestari
810 4347 1143 4415 praeciperet.
1172 4343 1482 4415 A'Quocirca
1530 4345 1643 4398 hazc

1732 1842 1854 1880 rum
1895 1827 2165 1881 malorum
2209 1827 2389 1895 spei-ie
2411 1836 2649 1896 quatuor
2677 1843 2707 1881 e
2742 1827 2889 1895 pallii
2928 1826 3144 1880 laciniis
3177 1842 3305 1894 pen-

1736 1916 1945 1981 dentes,
1976 1925 2139 1987 atque
2161 1931 2225 1970 ex
2255 1918 2372 1986 ipso
2400 1918 2633 1971 stamine
2680 1917 2933 1986 alligatos
2961 1931 3025 1970 eo
3057 1924 3301 1985 tempore

1735 2009 2019 2079 gerebant,
2051 2022 2160 2077 quo
2210 2008 2602 2062 continentiam
2649 2015 2742 2060 aut
2772 2007 3152 2077 virginitatem
3184 2021 3303 2060 ser-

1737 2102 1956 2153 vabant.
1986 2096 2119 2152 Nam
2155 2100 2385 2169 quilibet
2415 2107 2623 2153 eertum
2677 2100 2780 2154 sibi
2832 2110 3046 2168 tempus
3078 2098 3301 2153 castita-

1740 2194 1830 2255 tis,
1872 2201 1965 2245 aut
1989 2193 2340 2247 continentiae
2366 2192 2794 2262 praascribebat;
2854 2190 3129 2259 atque-illa
3158 2190 3304 2243 velut

1602 2343 1622 2375 ⁵
1654 2342 1843 2400 Matth.
1880 2361 2033 2411 χχιιι,
2063 2346 2116 2403 5.

1736 2503 1956 2571 angulos
1995 2502 2184 2556 habere
2208 2543 2223 2564 ,
2274 2502 2571 2568 iisdemque
2613 2502 2766 2571 vittas
2801 2499 3170 2571 hyacinthina;
3208 2500 3305 2555 ad.

1732 2568 1978 2642 juiigere.
2008 2571 2274 2627 Fimbrias
2295 2571 2554 2626 llebraiee
2580 2570 2756 2624 Moses
2782 2576 2979 2634 D’R’Y;
3008 2568 3145 2622 LXX
3171 2570 3307 2641 κράο

1741 2665 1929 2717 σπεδα.
1961 2663 2134 2718 Vittas
2164 2676 2339 2718 autem
2374 2664 2462 2718 ille
2492 2647 2663 2725 Sine;
2697 2665 2783 2717 isti
2816 2662 3042 2732 κλῶσμα
3083 2670 3302 2716 vocant.

1743 2734 1816 2789 De
1839 2735 2036 2803 quibus
2066 2750 2173 2788 non
2201 2736 2374 2789 solum
2411 2734 2617 2788 Hebraei
2642 2774 2655 2797 ,
2682 2734 2775 2788 sed
2803 2744 2852 2787 et
2890 2743 3164 2787 nostrates
3197 2735 3301 2786 cri-

1740 2806 1830 2858 tici
1864 2807 2081 2874 copiose
2108 2805 2403 2859 disserunt.

1811 2870 2237 2943 (97)’Τουτέστι
2267 2876 2495 2927 πλατέα
2523 2873 2760 2942 σήματα
2792 2874 3115 2940 πορφύρας.
3172 2870 3305 2924 Mira

1742 2945 1989 2999 vocabuli
2044 2946 2203 3011 hujus
2264 2945 2371 2996 τῶν
2436 2944 2816 3013 φυλακτηρίων
2893 2945 3305 3011 interpretatio;

1740 3015 1923 3069 clavos
1976 3029 2097 3069 esse
2141 3030 2441 3083 purpureos
2478 3016 2641 3078 latos;
2694 3014 2787 3083 qui
2831 3013 3059 3067 colobiis
3096 3023 3148 3065 et
3180 3027 3303 3083 epo-

1741 3084 1976 3143 lllitlibtlS
2009 3082 2371 3138 insuereiitur.
2400 3084 2463 3137 ad
2498 3082 2746 3137 eumdem
2781 3083 2996 3136 modum
3024 3122 3038 3144 ,
3069 3099 3175 3151 quo
3201 3082 3306 3134 lio-

1735 3155 1879 3207 iuani
1908 3163 2190 3208 senatores
2240 3155 2320 3207 sui
2364 3154 2571 3209 ordinis
2620 3154 2831 3222 insigne
2861 3153 3162 3221 gestabant.
3197 3152 3305 3203 lloc

1735 3238 1884 3281 vero.
1918 3225 2160 3292 inquam,
2193 3224 2569 3277 admirandum
2604 3224 2784 3291 potius
2808 3263 2822 3286 ,
2865 3238 3027 3291 quam
3072 3235 3162 3275 am
3189 3223 3307 3275 sine

1738 3294 1843 3348 alio
1870 3294 2064 3347 idoneo
2092 3303 2313 3347 auctore
2339 3294 2501 3348 nimis
2527 3292 2979 3361 amplectendam.
3010 3303 3101 3345 aut
3125 3294 3305 3345 acrius

1739 3363 2278 3431 reprehendendum;
2314 3364 2457 3432 quod
2510 3365 2560 3416 in
2598 3363 2824 3416 Elencho
2858 3363 3097 3429 Scaliger
3147 3364 3306 3415 insti-

1739 3436 1861 3485 tuit.
1914 3436 2073 3501 Atqui
2125 3444 2303 3487 utrum
2356 3435 2672 3487 dalmaticas
2708 3434 2839 3487 istas
2891 3440 2944 3485 et
2993 3432 3307 3485 colobionas

1738 3504 1981 3557 clavatos
2008 3504 2264 3558 Pbarismi
2298 3503 2424 3555 olim
2457 3505 2746 3573 gesserint,
2776 3518 2947 3571 eaque
2974 3502 3305 3572 phylacteria

1740 3575 1981 3642 plerique
2012 3576 2428 3635 nominaverint,
2457 3590 2646 3635 necne,
2678 3574 2895 3627 aliunde
2920 3583 3171 3626 constare
3198 3588 3306 3625 non

1741 3651 1918 3713 potest
1943 3684 1958 3708 ,
1994 3654 2048 3699 et
2081 3661 2146 3700 ex
2176 3644 2471 3699 reconditis
2498 3642 2805 3698 Iudaeorum
2842 3642 2995 3713 libris
3023 3658 3085 3696 ac
3112 3642 3309 3696 ritibus

1742 3712 1908 3766 multa
1941 3715 2270 3785 Epiphanius
2301 3720 2475 3783 potuit
2503 3714 2806 3785 addiscere,
2842 3728 2963 3785 qua:
2985 3712 3086 3766 hoc
3110 3714 3315 3785 saeculo

1732 3793 1792 3837 et
1834 3783 2107 3839 hodiernis
2132 3784 2332 3839 Judaais
2368 3784 2549 3852 ignota
2580 3795 2727 3838 sunt.
2748 3783 2877 3837 Esto
2898 3783 3095 3849 igitur;
3125 3783 3308 3837 clavos

1739 3856 1900 3907 etiam
1930 3856 2234 3909 istiusmodi
2271 3854 2612 3923 φυλακτήρια
2653 3855 3120 3923 nuncupaverint,
3148 3854 3309 3922 vulgo

1742 3934 1933 3995 tamen
1952 3925 2294 3995 φυλακτήρια
2322 3925 2431 3985 illa,
2461 3939 2689 3991 quorum
2717 3926 3007 3977 Matthaeus
3040 3926 3307 3995 meminit,

1742 4010 1863 4047 cum
1901 3993 2228 4065 Hieronymo
2262 3995 2533 4064 pittaciola
2574 4003 2625 4048 et
2653 3995 3064 4049 membranacea
3105 3993 3309 4046 fronta-

1744 4066 1814 4118 lia
1854 4066 2049 4118 eruditi
2083 4066 2328 4119 homines
2360 4066 2804 4133 interpretantur.

1816 4135 1927 4203 (98)
1968 4137 2272 4201 Ῥοΐσκους
2305 4134 2413 4204 γάρ
2438 4131 2601 4199 urar;
2629 4135 2725 4187 ἐπὶ
2760 4133 2831 4187 τὰ
2850 4131 3133 4200 τέσσαρα.
3156 4132 3311 4204 Ridi-

1745 4202 1865 4258 cule
1911 4205 2150 4276 Scaliger
2206 4216 2263 4258 tit
2302 4202 2658 4274 Epiphanium
2715 4205 2915 4276 erroris
2972 4212 3197 4276 arguat:
3251 4202 3311 4276 Si

1745 4276 1889 4328 mala
1922 4273 2114 4343 punica
2136 4316 2152 4339 ,
2181 4276 2354 4344 inquit
2380 4273 2412 4337 ,ί
2446 4292 2545 4329 non
2593 4273 3096 4346 igitttr__xpétaa25a..
3140 4274 3309 4346 Quasi

1747 4361 1855 4398 non
1913 4347 2075 4399 etiam
2137 4347 2341 4416 ροἲσκοι
2403 4349 2512 4416 τοῖς
2569 4344 2892 4413 κρασπέδοις
2949 4344 3155 4411 alligari
3216 4358 3313 4416 po-

60 4415 245 4484 opinio
294 4401 609 4484 Hieronymi
662 4414 759 4467 fuit
781 4401 1041 4476 ,'nulltim
1082 4401 1296 4468 Judaebs
1327 4412 1638 4484 mandatum
1674 4401 1717 4455 Ῑ)
1747 4417 1979 4475 tuerint;
2020 4427 2075 4468 ut
2114 4401 2165 4470 et
2197 4417 2380 4484 spinas
2405 4401 2719 4468 adhibuisse
2743 4455 2756 4476 ,
2797 4401 2905 4476 quo
2934 4401 3180 4484 cruorem
3214 4401 3314 4465 eli-

66 4483 319 4538 habuisse
353 4483 421 4538 de
448 4483 815 4554 pliylacteriis,
846 4499 910 4538 ae
944 4485 1267 4538 frontalibus
1289 4483 1639 4549 membranis;

64 4558 151 4606 sed
180 4570 381 4608 crasse
423 4555 544 4607 illos
573 4564 626 4607 et
675 4555 921 4623 imperite
964 4556 1204 4608 divinum
1260 4554 1522 4623 monitum
1554 4569 1645 4608 ac-

62 4627 292 4691 cep;sse.
341 4623 519 4689 Quam
546 4624 617 4677 ob
642 4622 861 4679 causam
897 4627 1158 4679 acerrime
1197 4641 1225 4677 a
1251 4622 1528 4691 Scaligero
1559 4640 1645 4677 re-

64 4695 372 4761 prehensus
405 4702 529 4760 est;
570 4696 660 4763 qui
700 4711 766 4747 ex
804 4694 937 4762 ipsis
970 4697 1100 4763 legis
1132 4696 1312 4748 verbis
1350 4702 1551 4761 prgnat
1590 4695 1642 4746 in

66 4764 338 4835 L‘lenclto,
399 4780 553 4835 cap._
583 4766 649 4828 8,
701 4779 763 4835 ea
799 4766 914 4835 ipsa
966 4766 1296 4835 phylat-teria
1315 4766 1645 4835 praescripta

66 4834 251 4887 fuisse.
288 4833 417 4888 Non
467 4832 680 4904 inlicior
712 4832 852 4889 idem
907 4832 982 4888 et_
1013 4832 1283 4904 plerisque
1314 4832 1415 4886 PP.
1450 4834 1643 4904 videri,

62 4912 113 4957 et
140 4908 191 4957 in
223 4906 432 4974 primis
460 4902 678 4974 Justino
698 4945 711 4965 ,
745 4906 798 4958 in
830 4902 1052 4974 Dialogo
1098 4920 1215 4958 cum
1245 4903 1647 4974 Tryphone,_de

64 4972 347 5042 gestandis
382 4973 779 5044 alligandisque
813 4972 1165 5039 frontalibus;
1210 4977 1521 5026 mandatum
1547 4972 1645 5026 .lu-

65 5047 190 5099 dans
254 5046 499 5099 editum.
534 5044 639 5097 Sed
680 5061 742 5098 ex
792 5046 924 5114 legis
958 5048 1057 5098 hoc
1101 5044 1280 5099 verbis
1320 5054 1501 5112 aperte
1532 5045 1647 5097 col-

65 5114 150 5183 ligi
190 5131 363 5185 posse
390 5156 406 5177 ,
437 5114 585 5184 quod
619 5123 772 5183 putat
802 5116 1040 5185 Scaliger
1064 5155 1079 5176 ,
1104 5116 1204 5168 hoc
1233 5128 1358 5167 vero
1393 5129 1644 5185 pernego.

68 5186 126 5255 bt
154 5184 333 5239 multo
366 5185 506 5238 mihi
537 5186 869 5254 probabilior
913 5184 1220 5255 Hieronymi
1270 5184 1535 5237 sententia
1570 5184 1649 5235 vi-

66 5254 239 5319 detur,
269 5271 407 5309 cum
429 5256 805 5323 antiquissima
836 5255 1141 5309 JlldLBOI‘lllll
1172 5254 1507 5307 consuetudo
1541 5268 1647 5305 non

68 5326 241 5394 majus
271 5328 381 5379 hac
427 5326 479 5376 in
508 5336 658 5394 parte
690 5325 1057 5393 prtejudieium
1088 5324 1306 5384 allerat,
1331 5338 1489 5391 quam
1524 5339 1647 5376 sex-

67 5398 205 5449 centi
246 5396 344 5449 alii
383 5395 525 5447 ritus
574 5395 1014 5465 ιιοδευτερώσεις
1073 5396 1443 5464 nugacissume
1468 5432 1481 5454 ,
1511 5407 1647 5461 quos

62 5464 170 5534 jam
220 5480 343 5520 tum
384 5465 595 5521 Christi
630 5464 835 5518 Domini
893 5476 1133 5535 tempore
1183 5481 1245 5517 ex
1300 5464 1430 5531 legis
1471 5465 1647 5535 verbis

68 5552 169 5589 non
206 5539 404 5590 minus
444 5536 636 5588 stolide
663 5575 675 5596 ,
731 5552 890 5604 quam
941 5533 1290 5604 pertinaciter
1341 5533 1645 5585 eliciebant.

70 5604 135 5659 De
167 5606 417 5660 ﬁmbriis
438 5605 593 5659 aliter
630 5601 986 5660 sentiendum.
1016 5605 1221 5658 Etenim
1251 5601 1409 5655 Num.
1441 5619 1527 5662 xv,
1558 5604 1646 5662 58,

68 5677 351 5749 conceptis
398 5674 587 5731 verbis
633 5675 893 5746 jubentur
945 5676 1184 5740 ﬁmbrias
1236 5689 1324 5738 per
1366 5673 1650 5744 patliorum

1746 4496 1951 4549 celent,
1975 4481 2614 4555 testaturliterniiynius.
2646 4484 2753 4537 Nec
2786 4486 2986 4545 obstat,
3018 4481 3163 4555 quod
3197 4484 3312 4553 ῥοΐ-

1749 4572 1911 4618 σκους
1943 4572 2186 4610 sunnnus
2219 4552 2472 4609 sacerdos
2519 4558 2576 4607 ὲν
2634 4556 2988 4625 ἁρχιερατικῇ
3031 4552 3312 4621 στολῇςε-

1747 4628 1987 4680 staverit.
2033 4625 2164 4677 Nam
2198 4627 2441 4679 diversos
2471 4627 2537 4677 ab
2579 4625 2683 4676 illis
2724 4640 2844 4676 cum
2887 4637 3111 4675 numero
3139 4662 3152 4685 ,
3197 4632 3309 4674 tum

1747 4702 1969 4748 materia
1996 4736 2010 4757 ,
2042 4696 2269 4765 aliisque
2301 4697 2351 4748 id
2391 4710 2559 4764 genus
2590 4692 2841 4765 Pharisaei
2862 4733 2882 4765 ν,
2917 4709 3036 4747 cum
3068 4693 3121 4745 in
3160 4702 3314 4746 casto

1746 4775 1950 4834 essent,
1978 4764 2241 4834 usurpare
2281 4774 2545 4833 poterant.
2590 4764 2678 4817 Sic
2712 4764 3158 4834 paludamentum
3187 4777 3310 4834 cum

1748 4832 2127 4890 Romanorum
2151 4832 2313 4905 inipp.
2350 4834 2627 4905 proprium
2663 4834 2842 4894 fuerit,
2870 4835 3029 4905 etiam
3055 4832 3313 4905 militibus

1749 4907 2084 4961 attribuitur.
2127 4902 2300 4975 Atque
2351 4902 2407 4959 ut
2440 4902 2468 4957 ιι
2494 4903 2695 4957 Jtitheis
2729 4920 2832 4957 non
2869 4902 3113 4975 recedam
3140 4942 3154 4965 ,
3191 4902 3315 4971 quis

1748 4979 1921 5030 nescit
1953 4979 2091 5031 inter
2130 4971 2325 5031 summi
2376 4974 2674 5029 sacerdotis
2706 4982 2883 5028 vestes
2934 4971 3107 5041 ephod
3134 5012 3148 5033 ,
3204 4976 3316 5026 sive

1748 5047 1845 5117 τὴν
1878 5046 2124 5117 ἐπωμίδα
2145 5088 2158 5111 ,
2196 5062 2259 5098 ac
2309 5044 2750 5117 superlitiiiierale
2800 5044 3006 5117 fuisse?
3040 5042 3114 5117 Et
3136 5052 3315 5117 tamen

1749 5113 1855 5170 non
1890 5113 2048 5171 modo
2078 5117 2387 5170 sacerdotes
2431 5131 2495 5169 ac
2543 5114 2717 5167 levitas
2764 5115 2982 5177 caeteri;
3025 5113 3117 5167 sed
3151 5114 3316 5166 ctiam

1750 5186 1871 5239 laici
1916 5188 2086 5257 eplmd
2136 5188 2467 5249 induebant,
2515 5186 2587 5238 uti
2623 5184 2788 5237 David
2826 5186 2917 5237 lib.
2957 5184 2993 5257 ll
3027 5182 3157 5252 Reg.
3190 5198 3314 5257 cap:

1749 5272 1823 5319 Vi,
1860 5250 2080 5311 iit-Sed
2107 5257 2207 5308 huc
2238 5257 2487 5310 videlicet
2519 5257 2717 5309 lineuni
2748 5263 2894 5309 erat:
2927 5250 3154 5306 alterum
3188 5250 3315 5304 illud

1788 5328 2064 5380 ontilicuni
2097 5328 2374 5395 proprium
2412 5340 2649 5395 quatuor
2686 5341 2747 5378 ex
2780 5326 3055 5379 coloribus
3094 5332 3315 5377 cmista-

1788 5342 2064 5380 ontineuni
2097 5342 2374 5395 proprium
2412 5342 2649 5395 quatuor
2686 5342 2747 5378 ex
2780 5342 3055 5379 eotorinus
3094 5342 3315 5377 consta-

1747 5342 1864 5457 iiat,
1891 5398 2201 5467 hyacintho,
2240 5397 2635 5467 bysso,_t_:occo,
2671 5412 2943 5467 purpura;
2978 5395 3068 5467 sed
3102 5402 3155 5467 et
3185 5408 3316 5467 auro

1751 5462 2059 5521 contestum
2087 5476 2222 5519 erat.
2254 5462 2389 5519 Vide
2434 5462 2864 5533 llieronprist.
2903 5470 2969 5517 ad
3011 5462 3314 5517 Fabiolam.

1752 5537 1922 5591 Nimis
1954 5539 2114 5606 igitur
2146 5539 2348 5591 insulse
2379 5536 2638 5593 adversus
2679 5535 3038 5606 Epiphaniam
3074 5544 3317 5589 nostrum

1755 5616 2161 5680 argumentatur
2194 5610 2450 5679 Scaliger.
