3754 6182
71 242 156 290 249
215 245 217 247 ’

715 232 1082 288 ΑΒῊΣΗΞΕΞ
1120 233 1457 288 [UERESES
1499 233 1597 312 LIB

1770 235 1906 292 ron.
1949 235 1989 292 ι.
2026 203 2093 277 4—
2133 234 2403 291 amnes.
2436 233 2574 288 xvr.

3161 228 3268 288 250

74 347 478 424 gallsirpépsoflar,
531 347 667 400 ἀλλὰ
711 348 986 416 βιάζεσθαι
1043 350 1338 421 γρήτορσιν
1378 353 1588 416 ἑαυτοῖς

1770 364 1897 408 item
1942 353 2324 422 transigerent.
2381 351 2486 418 Alii
2545 350 2806 404 collectos
2856 348 3099 406 calculos
3140 351 3265 406 sub-

71 439 520 517 προσπορίζεσθαι·
576 439 724 494 ἄλλοι
773 441 830 494 δὲ
880 441 972 493 καὶ
1016 441 1255 504 ἀκάνθας
1307 443 1592 512 στρωμνὴν

71 534 192 609 εἶχον
213 534 294 588 διὰ
318 533 411 603 τὴν
436 533 617 613 ἀὐτὴν
642 532 917 586 ὑπόθεσιν.
966 533 1282 602 Ἐνήστευον
1308 533 1365 586 δὲ
1404 533 1484 597 δὶς
1515 534 1590 605 (3)

71 629 147 682 τοῦ
182 624 452 681 σαὸὁάτου.
487 622 742 693 δευτέραν
771 624 864 675 καὶ
898 622 1171 693 πέμπτην.
1203 623 1592 675 Ἀπεδεκάτουν

71 723 118 774 δὲ
146 719 230 787 τὴν
272 715 561 768 δεκάτωσιν
611 715 690 783 (At)
715 732 728 746 υ
761 716 860 778 τὰς
891 713 1143 784 ἀπαρχὰς
1176 714 1397 776 ἐδίδουν,
1437 731 1592 784 τρια-

75 806 296 867 κοντάδας
313 821 370 856 τε
406 805 499 857 καὶ
519 803 969 873 πεντηκοντάδας,
1000 805 1098 864 τάς
1123 819 1183 855 τε
1214 802 1396 864 Θυσίας
1416 803 1589 868 ἀσφα-

72 901 268 952 λέστατα
296 897 388 949 καὶ
426 897 522 958 τὰς
556 894 720 964 εὐχὰς
767 895 1103 948 ἀπετίννυον.
1132 893 1222 963 Τῷ
1256 893 1310 946 δὲ
1334 909 1593 962 προειρη-

75 992 195 1062 μένῳ
219 989 450 1058 σχήματι
475 985 582 1038 τῶν
626 985 1000 1056 Γραμματέων
1047 987 1378 1063 προήρχοντο
1401 985 1489 1038 διά
1514 1000 1594 1037 τοι

72 1087 150 1155 τῆς
166 1080 484 1152 ἀμπεχόνης,
532 1079 624 1132 καὶ
663 1077 751 1131 διὰ
788 1077 895 1130 τῶν
941 1075 1112 1130 ἄλλων
1152 1079 1462 1146 σχημάτων,
1503 1077 1596 1128 καὶ

72 1171 366 1243 γυναικικῶν
412 1170 640 1240 ἱματίων
683 1169 757 1236 (5)
789 1169 845 1220 ὲν
881 1157 1172 1231 πλατείαιξ
1185 1171 1303 1230 ταῖς
1345 1170 1594 1238 κρηπῖσι,

73 1270 150 1322 καὶ
178 1266 428 1334 γλώτταις
452 1262 560 1314 τῶν
595 1261 952 1332 ὑποδημάτων
985 1260 1278 1332 προϊόντες.
1325 1259 1596 1328 Ἐλέγοντο

68 1363 114 1414 δὲ
136 1359 416 1428 Φαρισαῖοι,
445 1355 533 1407 διὰ
560 1354 618 1406 τὸ
639 1353 1030 1424 ἁφορισμένους
1067 1347 1204 1405 εἶναι
1252 1351 1443 1414 αὐτοὺς
1489 1350 1597 1403 ἀπὸ

68 1450 157 1502 τῶν
177 1448 337 1503 ἄλλων
356 1445 443 1500 διὰ
461 1443 559 1515 τὴν
579 1443 1249 1515 ὲθελοπερισσοθρησκείαν
1273 1460 1346 1494 πα
1355 1443 1398 1510 ρ’
1417 1442 1596 1503 αὐτοῖς

70 1536 450 1608 νενομισμένην.
485 1536 658 1606 Φάρες
708 1534 816 1603 γὰρ
864 1534 1002 1587 κατά
1055 1532 1153 1602 τὴν
1217 1531 1470 1602 Ἐὁραῖδα
1520 1530 1594 1602 (6)

70 1627 395 1701 ἑρμηνεύεται
416 1625 734 1698 ἀφορισμός.

126 1892 190 1944 B’.
226 1888 545 1960 ὀμπλόγουν
591 1889 647 1942 δὲ
705 1880 848 1942 οὗτοι
885 1889 1180 1942 ἀνάστασιν
1221 1885 1448 1956 νεκρῶν,
1475 1883 1596 1937 ἑπι-

69 1985 230 2039 στευόν
259 2000 316 2035 τε
364 1982 620 2050 ἀγγέλους
675 1975 834 2041 εἶναι,
872 1980 967 2032 καὶ
1011 1977 1252 2048 Πνεῦμα.
1295 1979 1594 2048 Ἠγνόησαν

66 2082 115 2133 δὲ
136 2081 247 2133 Υἱὸν
270 2078 426 2146 Θεοῦ,
447 2079 521 2141 ὡς
543 2080 591 2130 οἱ
626 2077 792 2131 ἄλλοι.
830 2076 984 2128 ’Δλλά
1017 2077 1110 2129 καὶ
1137 2075 1466 2144 εἱμαρμένη,
1503 2072 1593 2127 καὶ

67 2170 366 2242 ἀστρονομία
396 2170 520 2242 παρ’
541 2171 718 2232 αὐτοῖς
750 2168 952 2238 σφόδρα
980 2166 1363 2241 ἐχρημάτιζεν.
1389 2166 1594 2218 Αὐτίκα

67 2262 174 2329 γοῦν
207 2262 270 2315 τὰ
296 2262 581 2332 Ἑλληνικά
609 2261 846 2330 ὀνόματα
873 2260 941 2313 τὰ
966 2260 1030 2312 ὲκ
1056 2260 1154 2329 τῆς
1179 2259 1288 2312 τῶν
1314 2258 1593 2328 πεπλανη-

70 2354 220 2422 μένων
273 2352 633 2424 ἀστρονομίας
670 2351 809 2405 κατά
860 2350 959 2422 τὴν
1010 2350 1262 2420 Ἐϐραῖδα
1319 2349 1592 2403 διάλεκτον

67 2445 243 2515 ἑτέροις
284 2442 508 2512 ὀνόμασι
563 2443 693 2512 παρ’
747 2441 929 2502 αὐτοῖς
989 2437 1434 2509 μετωνόμασται·
1485 2431 1594 2490 οἷον

63 2535 189 2603 ἥλιος
228 2534 630 2603 Ἡμακαίσεμες
701 2531 799 2602 (7),
855 2530 1047 2602 σελήνη
1099 2527 1591 2599 Ἰερεεκαιαλὸανά,

63 2624 164 2676 ὅθεν
195 2625 282 2677 καὶ
315 2625 476 2694 Μήνη
505 2623 763 2677 καλεῖται’
815 2621 977 2692 Ἰερεὲ
1004 2620 1112 2691 γὰρ
1149 2623 1177 2674 ὁ
1213 2620 1318 2691 μὴν
1358 2619 1592 2687 λέγεται,

66 2716 197 2788 Μήνη
228 2717 280 2769 δὲ
303 2717 524 2788 σελήνη,
560 2716 634 2779 ὡς
671 2715 764 2767 καὶ
782 2715 908 2783 παρ’
932 2713 1154 2782 Ἕλλησι
1188 2711 1274 2764 διὰ
1305 2711 1393 2764 τὸν
1430 2711 1592 2782 μῆνα·

65 2810 212 2878 ’Λρης
233 2806 424 2876 Χωχὲὸ
463 2803 675 2876 Ὀκμώλ
697 2821 712 2834 ο
753 2802 959 2874 Ἑρμῆς
987 2799 1176 2870 Χωχὲϐ
1212 2799 1407 2869 Ὀχμόδ
1425 2816 1438 2830 ’
1464 2799 1598 2860 Ζεὺς

62 2897 224 2967 Χωχὲϐ
258 2897 431 2951 Βάαλ·
471 2896 756 2968 Ἀφροδίτη
795 2894 1020 2964 Σεροῦα,
1073 2893 1190 2964 ἤτοι
1213 2891 1419 2960 Λουήδ·
1456 2890 1590 2960 Κρό-

1691 444 2030 502 sternebant,
2077 457 2309 511 quorum
2338 441 2611 495 vellicatio
2656 439 3063 508 profundiorem
3119 455 3266 494 sern-

1690 549 1822 587 num
1847 542 2078 596 arceret,
2135 541 2193 584 ut
2226 532 2308 586 vel
2353 531 2508 584 inviti
2551 530 2839 599 pervigiles
2873 546 2998 586 cssn
3035 545 3266 588 consue-

1693 633 1928 678 scerent.
1969 623 2080 679 Nec
2117 623 2338 678 defuere
2385 623 2478 692 qui
2514 621 2707 676 iisdem
2755 621 2822 676 de
2855 623 3047 678 causis
3082 624 3267 692 spinas

1694 716 2043 782 subiicerent.
2077 714 2342 768 (laterum
2375 714 2460 767 bis
2507 712 2848 766 hebdomada
2888 728 3106 782 quaque
3134 712 3268 782 jeju-

1693 820 1825 859 nare
1849 820 1966 859 mos
1996 805 2105 859 illis
2134 804 2256 868 fuit,
2291 804 2534 859 secunda
2558 802 2812 858 videlicet
2845 820 2908 858 ac
2938 806 3129 874 quinta
3157 806 3264 860 die.

1693 897 1773 949 Ad
1809 897 1924 950 hzcc
1948 896 2282 950 decimarum
2311 896 2552 952 decimas
2587 894 2822 960 dabant;
2849 897 3118 964 primitias
3145 896 3268 950 olle-

1692 987 1906 1048 rebant,
1962 989 2267 1042 tricesimas
2320 995 2374 1042 et
2422 988 2938 1058 quinquagesimas;
2993 986 3269 1041 sacrificia

1694 1089 1928 1147 votaque
1989 1094 2088 1134 sua
2141 1078 2554 1134 accuratissime
2610 1077 3009 1148 persolvebant.
3070 1077 3268 1132 Cultus

1697 1170 1836 1224 idem
1869 1169 1997 1232 illis,
2040 1169 2133 1239 qui
2168 1178 2222 1224 et
2265 1169 2490 1229 Scribis.
2536 1168 2604 1223 de
2651 1183 2760 1237 quo
2789 1167 3033 1238 proxime
3063 1167 3267 1220 dictum

1694 1269 1798 1324 est,
1844 1261 2013 1316 vestis
2059 1261 2268 1316 scilicet
2317 1274 2380 1314 ac
2427 1262 2672 1330 reliquus
2731 1259 2980 1328 corporis
3027 1258 3266 1312 habitus.

1695 1347 1800 1404 Sed
1839 1356 1893 1404 et
1925 1350 2211 1404 muliebria
2239 1350 2460 1420 palliola
2508 1349 2815 1420 gestabant,
2861 1357 2915 1402 et
2953 1363 3077 1402 cum
3113 1347 3270 1402 latio.

1696 1441 1849 1496 ribus
1880 1442 2120 1512 crepidis
2151 1456 2215 1495 ac
2261 1442 2531 1496 solearum
2583 1441 2764 1509 ligulis
2807 1439 3098 1509 procedere
3134 1439 3270 1493 sole-

1696 1533 1850 1586 bant.
1898 1531 2000 1599 Qui
2038 1533 2161 1587 ideo
2214 1531 2476 1587 Pharisaei
2519 1531 2647 1586 dicti
2696 1538 2844 1594 sunt,
2882 1529 3028 1600 quod
3079 1537 3267 1584 essent

1699 1633 1914 1693 propter
1961 1625 2252 1680 ascititiam
2300 1623 2448 1677 illam
2502 1623 3052 1692 superstitiosamqud
3095 1621 3261 1675 disci-

1626 1693 1668 1748 B
1697 1717 1897 1785 plinam
1938 1731 1968 1768 a
2010 1716 2238 1786 reliquis
2273 1714 2528 1784 sejuncti.
2566 1714 2772 1768 Phares
2820 1715 2966 1770 enim
3010 1712 3270 1768 Hebraicc

1693 1808 2074 1875 reparationem
2099 1806 2393 1877 signiﬁcat.

1765 1899 1824 1952 ll.
1870 1899 2202 1955 Morluorum
2236 1914 2400 1969 porro
2450 1897 2913 1952 resurrectionem
2955 1912 3270 1966 persuasam

1695 1989 1989 2044 habebant.
2045 1991 2318 2055 Angelos,
2369 2004 2434 2042 ac
2480 1987 2732 2057 spiritum
2773 2002 2895 2041 esse
2954 1986 3272 2055 credebant.

1696 2082 1800 2137 Sed
1824 2093 1879 2135 ut
1902 2080 2204 2136 caneriDei
2226 2079 2420 2134 Filium
2440 2080 2780 2148 ignorarunt.
2808 2076 3138 2143 Quinetiam
3164 2075 3272 2129 fato

1693 2181 1747 2226 et
1773 2171 2124 2228 astronomia:
2145 2172 2439 2241 plurimum
2473 2170 2808 2225 tribuebant.
2835 2168 3170 2238 Argumeuto
3191 2175 3272 2221 est

1693 2263 1838 2333 quod
1879 2260 2064 2316 Grmca
2097 2263 2280 2316 omnia
2311 2261 2579 2314 vocabula
2615 2259 2930 2312 vanissimae
2965 2258 3114 2310 illius
3140 2258 3273 2310 artis

1695 2357 1916 2425 propria
1945 2355 2166 2410 totidem
2203 2355 2272 2407 ab
2309 2356 2377 2409 iis
2402 2352 2691 2408 Hebraicis
2734 2359 2862 2404 sunt
2889 2349 3099 2404 reddita
3129 2349 3273 2404 voci-

1693 2448 1817 2502 bus.
1869 2445 2112 2515 Exempli
2155 2460 2321 2500 causa
2374 2446 2456 2500 sol
2502 2443 2729 2497 Hamma
2758 2452 2812 2497 et
2852 2441 3041 2496 Semes
3095 2442 3163 2495 ab
3207 2439 3274 2494 iis

1696 2539 2016 2608 appellatur.
2070 2536 2245 2601 Luna,
2299 2533 2457 2590 Jeree
2516 2542 2570 2589 et
2630 2533 2924 2587 llallebana
2968 2532 3161 2586 :unde
3218 2541 3272 2587 et

1696 2629 1850 2683 Mene
1900 2637 2168 2683 vocatur:
2202 2644 2324 2680 nam
2357 2625 2516 2681 Jeree
2572 2625 2799 2688 mensis,
2851 2631 2905 2678 et
2949 2624 3077 2677 luna
3120 2623 3274 2678 Mene

1697 2723 1933 2788 dicitur;
1962 2738 2025 2776 ac
2055 2721 2276 2792 perinde
2305 2728 2364 2773 ut
2403 2719 2541 2788 apud
2579 2717 2797 2772 Graecos
2825 2733 2855 2770 a
2882 2732 3072 2771 mense
3097 2717 3274 2769 nomi-

1696 2815 1784 2869 nis
1833 2815 2244 2884 appellationem
2291 2812 2520 2866 derivat.
2579 2809 2838 2879 Sequitur
2888 2807 3054 2870 Mars,
3112 2824 3273 2876 quem

1698 2904 1915 2960 Cochab
1947 2903 2132 2958 Ocrnol
2169 2903 2490 2966 nominant;
2521 2901 2848 2955 Mercurium
2895 2917 3024 2953 vero
3058 2899 3274 2953 Cochab

60 3009 134 3053 νος
162 2990 344 3061 Χωχὲὸ
372 2987 572 3060 Σαὸήθ.
604 2987 904 3056 Λέγεταιδὲ
933 2987 1092 3040 πάλιν
1131 2987 1257 3055 παρ’
1291 2985 1472 3046 αὐτοῖς
1508 2982 1597 3035 καὶ

1770 2996 1961 3058 :hmod,
1998 2995 2184 3052 Jovem
2229 2993 2448 3048 Cochah
2482 2992 2632 3044 Baal.
2666 2990 2930 3045 Venerem
2971 2990 3161 3054 Serua,
3195 2991 3274 3044 vcl

61 3079 213 3142 ἄλλοις
239 3080 513 3149 ὀνόμασιν.
547 3079 658 3130 Οὐκ
690 3076 958 3146 ἠδυνήθην
993 3075 1048 3128 δὲ
1080 3072 1319 3145 ἀκριϐῶς
1346 3074 1444 3143 τὴν
1478 3070 1600 3124 τού-

60 3187 146 3222 των
175 3169 483 3240 ἐπωνυμίαν
505 3168 760 3235 ἐκθεῖναι,
785 3168 918 3223 ἀλλὰ
953 3167 1047 3220 καὶ
1075 3165 1143 3220 τὰ
1175 3164 1418 3236 ματαίως
1449 3180 1601 3234 νομι-

118 3305 184 3375 (5)
211 3303 588 3375 :Erﬁcrsvor
608 3304 675 3357 δὲ
697 3304 810 3369 δίς.
841 3302 1225 3375 Secunda_m_et
1254 3302 1498 3375 quintam
1523 3299 1602 3354 fe-

61 3371 174 3426 riain
210 3373 646 3445 Theophylactus
680 3390 830 3445 atque
873 3383 1033 3445 atque
1070 3373 1401 3445 Epiphanius
1432 3371 1604 3445 adno—

62 3452 144 3502 tat.
174 3454 220 3497 et
252 3440 598 3499 lleb'rre'orum
636 3440 757 3498 libri
797 3440 960 3498 ﬁdem
991 3440 1223 3498 faciunt.
1251 3443 1325 3498 Ut
1355 3457 1416 3495 ea
1449 3440 1515 3495 de
1544 3455 1603 3495 re

63 3515 129 3566 vir
151 3513 334 3568 doctus
362 3514 564 3569 frustra
595 3515 937 3568 dubitaverit.

119 3585 184 3654 (4)
225 3583 659 3654 Ἀπεὸεκὰτουν
695 3584 762 3636 δὲ
792 3584 906 3651 τὴν
935 3583 1281 3654 δεκάτωσιν.
1315 3580 1602 3651 Proprium

62 3653 146 3707 hoc
221 3655 316 3708 fuit
410 3653 752 3714 Levitarum.
831 3658 925 3724 qui
1003 3653 1373 3724 decimarum,
1465 3667 1602 3724 quas

59 3725 263 3792 populus
314 3725 641 3794 praestabat,
689 3725 928 3778 decimas
982 3723 1357 3777 sacerdotibus
1401 3723 1604 3794 exime-

61 3798 201 3859 bant;
236 3792 596 3849 Nuinerorum
653 3810 806 3848 xvm.
861 3794 1022 3862 Atqui
1072 3809 1177 3846 non
1224 3807 1414 3847 omnes
1462 3792 1604 3845 Pha-

61 3865 178 3918 risui
214 3873 370 3919 erant
398 3865 618 3926 Levitaa,
655 3864 797 3933 quod
844 3873 1024 3918 tamen
1075 3861 1434 3932 Epiphanium
1478 3878 1604 3933 sen-

59 3935 195 3998 sisse,
236 3953 299 3989 ex
351 3937 454 3989 hoc
504 3938 624 3988 loco
672 3932 937 4004 suspicari
972 3935 1168 4002 aliquis
1214 3939 1418 4002 posset.
1471 3932 1603 3999 Quae

58 4007 180 4076 enim
200 4006 402 4076 alioqui
429 4005 783 4076 decumarum
813 4012 941 4058 sunt
968 4004 1228 4076 decumaa,
1253 4017 1377 4076 cum
1409 4013 1603 4076 przgter

59 4073 340 4128 Leviticurn‘
366 4077 613 4130 ordinem
638 4074 896 4129 decumas
925 4075 1106 4128 nullus
1136 4073 1444 4142 acceperit?
1487 4073 1603 4126 Pri-

58 4160 182 4197 mum
207 4148 454 4198 omnium
481 4147 552 4200 ab
577 4144 840 4199 lsraelitis
867 4144 1118 4214 primitias
1145 4144 1212 4197 de
1242 4143 1430 4214 spicis,
1483 4145 1601 4196 uvis

58 4222 101 4264 et
140 4216 266 4269 oleis
298 4215 708 4270 atterebantur:
741 4213 879 4268 tum
903 4215 969 4270 de
1017 4213 1262 4283 frugibus
1307 4213 1601 4268 elaboratis

59 4284 278 4338 therurna
325 4296 378 4340 et
407 4285 650 4338 decimas.
683 4283 954 4339 Theruma
989 4285 1040 4338 in
1083 4285 1196 4352 lege
1234 4284 1452 4336 definita
1492 4299 1599 4336 non

57 4355 314 4434 emtased
363 4370 393 4408 a
439 4356 716 4435 magistris
762 4354 1354 4435 praescriptusnmodus
1401 4361 1598 4435 ηεξ-ιιι
1631 4375 1674 4428 D

59 4439 113 4476 ne
146 4426 318 4480 minus
355 4422 692 4495 sexagesima
729 4422 1077 4493 penderetur.
1115 4422 1294 4488 Quare
1343 4423 1433 4495 qui
1466 4424 1598 4477 libe-

58 4495 176 4548 rales
215 4505 394 4559 erant,
444 4493 943 4564 quadragesimam,
996 4497 1138 4562 parci
1183 4493 1595 4561 sexagesimam,

58 4565 194 4634 medii
228 4567 374 4620 inter
402 4563 682 4634 uti-osque,
723 4566 789 4619 ad
823 4565 923 4634 hos
958 4573 1049 4618 aut
1080 4565 1202 4618 illos
1245 4563 1593 4634 accedebant.

62 4630 120 4686 De
141 4651 238 4703 qua
270 4651 330 4691 re
351 4644 531 4691 exstat
559 4630 781 4704 Iosephi
815 4633 1074 4704 Scaligeri
1104 4633 1600 4704 Opusculumiinter

58 4709 341 4766 pnsthuma.
376 4705 452 4760 De
483 4707 551 4761 iis
577 4703 762 4775 itaque
789 4705 1051 4759 therumis
1087 4704 1295 4758 fortean
1331 4703 1601 4772 accipien-

58 4775 144 4845 dus
172 4775 520 4845 Epiphanius,
555 4774 682 4830 cum
711 4774 1121 4844 τριακοντάδας,
1152 4782 1204 4845 et
1233 4775 1598 4845 πεντηκοντά-

57 4844 136 4907 δας
167 4844 471 4915 persolutas
516 4861 546 4900 a
588 4845 879 4899 Pharisaeis
931 4861 1049 4899 esse
1097 4844 1306 4899 scribit.
1356 4844 1511 4908 Quod
1554 4847 1600 4898 si

58 4929 219 4968 verum
261 4925 370 4981 est,
417 4917 630 4984 egregia
666 4915 882 4968 illorum
929 4915 1224 4968 liberalitas
1253 4915 1480 4984 exstitit,
1515 4924 1602 4968 ut-

59 4993 160 5050 pote
186 4987 275 5054 qui
305 4985 630 5053 praefinitum
662 5000 690 5036 a
730 4984 1000 5054 Magistris
1025 4985 1314 5038 terminum
1344 4983 1452 5036 τῶν
1479 5002 1600 5038 τεσ-

60 5053 384 5123 superiecta»;
435 5053 837 5125 superaverint;
884 5053 1022 5125 Tria
1053 5070 1213 5124 porro
1247 5054 1598 5109 decumarum

57 5127 197 5200 apud
220 5125 480 5200 Hebraeos
509 5124 721 5200 genera
769 5134 960 5200 praeter
990 5124 1302 5200 theru_ma_s,_
1321 5139 1375 5180 et
1415 5125 1602 5200 primi:

59 5197 144 5247 tias
177 5196 346 5252 fuere.
389 5194 570 5250 Prima
616 5197 708 5250 illa
758 5194 883 5260 fuit,
937 5211 1099 5265 quam
1135 5194 1386 5250 Levitica:
1431 5195 1594 5260 tribui

56 5267 325 5332 quotannis
363 5267 732 5338 pensitahant,
792 5266 955 5320 Num.
1005 5280 1160 5338 xviii,
1209 5266 1300 5326 20.
1345 5273 1400 5326 et
1448 5266 1602 5338 dein-

57 5351 182 5403 ceps.
207 5337 414 5400 Altera,
449 5352 610 5405 quam
644 5338 874 5406 singulis
899 5337 1057 5390 annis
1087 5351 1252 5406 penes
1285 5352 1342 5390 se
1372 5337 1601 5406 quisque

59 5408 323 5465 retinebat.
359 5418 418 5462 ut
458 5409 552 5471 ibi,
584 5409 674 5464 ubi
708 5407 1078 5462 sanctuariqu
1121 5414 1257 5470 erat,
1298 5408 1385 5460 illa
1415 5422 1602 5460 vesce-

57 5487 202 5542 retur,
235 5480 494 5534 adhibitis
534 5479 600 5532 ad
648 5479 958 5533 convivium
1011 5477 1234 5538 Levitis,
1293 5477 1449 5531 Deut.
1485 5493 1596 5530 xiv.

58 5543 214 5601 Tertia
235 5549 482 5609 demum.
508 5564 670 5619 quam
701 5552 860 5604 tertio
885 5563 1102 5616 quoque
1134 5562 1278 5619 anno
1302 5549 1354 5619 in
1387 5547 1600 5602 Levitas

57 5623 101 5668 et
123 5619 372 5688 pupillos,
393 5617 689 5687 viduasque
712 5619 1131 5688 distribuebant,
1150 5617 1278 5688 cod.
1307 5618 1458 5672 Deut.
1478 5632 1597 5685 cap.

114 5687 334 5759 (5)7Ka2
387 5689 747 5758 γυναιιιικῶν
794 5689 1059 5759 ἱματίων.
1118 5687 1438 5758 Magnopcrc
1495 5705 1597 5740 iiii-

1704 3092 1872 3146 Lued.
1919 3091 2188 3144 Saturnus
2225 3089 2464 3157 denique
2511 3077 2736 3140 Cochab
2785 3083 2985 3139 Sabeth
3020 3093 3270 3138 vocatur.

1706 3181 1844 3236 Sunt
1869 3190 1924 3234 et
1955 3181 2168 3233 illorum
2198 3179 2316 3231 alia:
2369 3177 2812 3239 uomenclaturzc,
2846 3190 2981 3245 quas
3021 3182 3275 3228 accurate

1703 3315 1955 3377 randum,
1988 3313 2034 3368 si
2078 3311 2244 3366 modo
2277 3327 2468 3366 verum
2506 3318 2610 3373 est,
2645 3309 3003 3363 muliebribus
3044 3307 3274 3376 palliolis

1705 3401 1834 3441 usos
1875 3400 1997 3438 esse
2043 3383 2367 3436 Pharisaeos.
2400 3381 2556 3446 Quod
2604 3383 2873 3448 sequitur,
2903 3381 2959 3431 ὲν
2998 3378 3275 3439 πλατείαις

1703 3459 1822 3519 ταῖς
1851 3456 2100 3526 κρηπῖσι,
2129 3455 2265 3526 latas
2297 3453 2516 3526 eosdem
2549 3451 2798 3526 crepidas
2831 3449 3085 3526 habuisse
3112 3449 3274 3516 signi-

1705 3527 1851 3588 licat,
1889 3520 1987 3578 nec
2021 3525 2178 3576 aliter
2209 3522 2528 3576 Cornarins.
2578 3520 2805 3586 Quidam
2839 3529 3016 3572 tamen
3047 3521 3117 3570 ita
3156 3533 3274 3571 cor-

1704 3595 1987 3666 rigendum
2026 3601 2237 3666 putant,
2267 3595 2328 3666 _év
2357 3592 2651 3666 πλατείαις,
2681 3593 2736 3643 ὲν
2764 3592 2881 3666 ταῖς
2905 3592 3152 3666 κρηπῖσι,
3185 3589 3275 3640 καὶ

1702 3661 1988 3736 γλὶἱιτταις,
2004 3661 2114 3736 etc.
2136 3665 2212 3736 Ac
2229 3663 2432 3736 plateas
2450 3662 2776 3736 intelligunt,
2791 3661 2844 3712 in
2872 3663 3070 3736 quibus
3093 3667 3274 3711 osten-

1703 3729 1890 3791 tabant
1917 3750 1974 3788 se
2004 3729 2282 3787 Pharisaéi.
2317 3731 2428 3800 Ego
2482 3732 2614 3784 nihil
2664 3729 3030 3800 innovandum
3061 3743 3274 3800 censeo.

1775 3807 1850 3874 (6)
1891 3803 2082 3871 Φάρες
2122 3804 2232 3872 γὰρ
2270 3797 2418 3874 amid
2463 3801 2575 3874 τὴν
2609 3799 2893 3874 Ἑϐραΐδα.
2945 3797 3075 3874 lteg.
3109 3798 3274 3874 codex

1701 3869 1868 3947 Φέρες
1895 3869 2053 3945 quasi
2100 3869 2411 3947 sit,'fliépt;,
2441 3881 2492 3947 et
2528 3872 2810 3947 legendum
2853 3870 2921 3923 sit
2960 3869 3275 3938 ἀφωρισμέ-

1701 3940 1809 4010 voc.
1842 3940 2164 4013 Quanquam
2209 3940 2510 4012 ἀφορισμός
2545 3956 2633 4013 res
2665 3949 2748 4013 est
2793 3940 3126 4013 ipsa,_q_uam
3172 3954 3273 3990 vo—

1701 4009 1957 4074 cabulum
1989 4009 2265 4083 significat
2290 4009 2441 4065 {non
2473 4020 2530 4064 ut
2556 4010 2614 4062 τὸ
2630 4011 2808 4083 Ψᾶρες
2835 4009 2914 4061 vel
2937 4009 3102 4078 Φέρες
3135 4021 3276 4076 pra:-

1703 4089 1822 4142 cise'
1875 4086 1946 4140 sit
1990 4078 2206 4137 vei-bale
2264 4083 2665 4137 substantivuru
2715 4078 3002 4151 ἐνέργειαν
3052 4093 3274 4132 sonans.

1704 4157 1799 4213 Est
1826 4157 1971 4211 enim
2011 4155 2192 4225 potius
2220 4163 2520 4222 separatus,
2548 4166 2710 4220 quam
2742 4149 3032 4218 separatio.

1771 4251 1846 4321 (7)
1891 4245 2040 4321 Οἶονί
2072 4247 2244 4321 ἣλιος
2295 4247 2745 4321 Ἠμᾳκαίσεμξςφ
2782 4243 2854 4321 l_)e
2899 4241 3274 4321 hisﬂllebrren.

1703 4311 1841 4374 rum
1875 4311 2324 4389 appellationibus
2359 4311 2476 4385 'agit
2528 4311 2934 4389 eruditissimus
2982 4311 3277 4389 _S_errariu_s

1701 4382 1958 4445 noster-II
2006 4407 2020 4442 ι
2071 4389 2145 4441 De
2175 4389 2342 4441 tribus
2389 4382 2564 4449 sectis,
2599 4402 2650 4439 c.
2687 4387 2739 4446 2,
2779 4395 2832 4436 et
2876 4387 2928 4436 in
2971 4382 3273 4442 Minervali,

1700 4463 1792 4515 lib.
1839 4476 1915 4523 iv,
1968 4475 2018 4513 c.
2067 4460 2120 4512 5.
2173 4459 2247 4511 Ea
2279 4459 2357 4513 sic
2400 4456 2665 4511 Hebraice
2712 4453 3068 4523 concipienda
3127 4461 3274 4505 sunt.

1696 4561 1842 4615 nm,
1876 4551 1958 4605 vel
1982 4558 2294 4610 ωωιζγεη-ιν
2335 4549 2418 4602 vel
2452 4533 2603 4606 an“).
2642 4546 2878 4599 Duorum
2933 4545 3275 4615 sequentium

1700 4623 1942 4685 nomina,
1962 4621 2106 4689 quod
2142 4635 2328 4674 eorum
2364 4620 2516 4685 origo
2536 4620 2608 4689 sit
2637 4618 2868 4689 incerta,
2884 4632 2991 4668 non
3032 4617 3166 4689 Satis
3194 4614 3277 4689 eg:

1699 4685 2042 4762 εϐραῖζεσοαι
2106 4698 2344 4761 queunt;
2402 4688 2592 4756 Χωχὲὸ
2654 4687 2908 4762 Ὀκμὼλγ,
2976 4694 3028 4738 et
3086 4685 3276 4753 Χωχὲϐ

1714 4761 1932 4853 Ὀχμόδ.
1964 4781 2205 4848 Quorum
2235 4781 2388 4852 prius
2425 4777 2641 4850 Ὀκμώλ
2661 4780 2842 4833 for'tea
2867 4761 3007 4858 50p,
3034 4777 3176 4846 quod
3190 4785 3275 4831 est

1701 4871 2000 4935 succidere,
2051 4873 2279 4926 alterum
2331 4886 2360 4922 a
2387 4879 2514 4929 mn
2558 4869 2701 4938 quod
2736 4876 2821 4922 est
2861 4869 3273 4935 concupiscere,

1700 4944 1828 5013 quia
1856 4942 2154 4996 Mercurius
2190 4941 2529 5013 lucrionihns
2581 4947 2634 4993 et
2666 4939 3098 5013 negetiatoribus
3127 4954 3275 5013 quae-

1701 5006 1818 5068 stus
1875 5014 2204 5068 avidissimis
2264 5010 2555 5080 praesidet;
2620 5006 2756 5063 nam“
2817 5007 2960 5077 quod
3033 5006 3277 5080 scaliger

1700 5083 1887 5138 0cmo|
1941 5085 2008 5136 ad
2061 5082 2385 5141 Carnulum,
2440 5081 2531 5148 qui
2584 5081 2638 5134 in
2687 5085 2853 5134 veteri
2913 5079 3275 5146 inscriptione

1702 5162 1902 5214 exstat,
1958 5155 2230 5222 pertinere
2275 5151 2541 5207 defendit.
2594 5166 2697 5222 non
2750 5150 2962 5222 probat.
3015 5148 3275 5222 Sequitur

1698 5235 1825 5287 ἮἹἿΤ
1860 5217 2002 5282 3315.
2040 5222 2264 5276 Veneris
2296 5222 2450 5276 stella
2504 5220 2724 5290 Σερούα.
2751 5217 2845 5273 ίνεΙ
2887 5219 3080 5285 Λουηδ.
3117 5217 3274 5290 Prior

1701 5311 1806 5349 vox
1837 5310 1866 5346 a
1899 5305 2023 5357 νηῒ,
2066 5301 2125 5347 ut
2171 5291 2419 5347 Serrario
2456 5287 2631 5345 visum
2661 5298 2764 5356 est,
2799 5291 3071 5355 deducta;
3112 5287 3272 5358 quasi

1701 5397 1865 5451 Y‘HT:
1899 5385 2252 5453 posteriorem
2287 5397 2316 5435 a
2344 5366 2430 5441 ἢν
2462 5382 2673 5453 malim,
2699 5396 2861 5449 quam
2890 5395 2925 5453 Aa
2950 5365 3096 5453 iung.
3134 5377 3270 5430 Nam

1701 5468 1752 5511 et
1782 5451 1987 5525 Assvrii
2018 5453 2332 5524 Ἀφροδίτην
2357 5452 2620 5514 Μύλιττα,
2653 5452 2856 5506 Arabes
2889 5451 3098 5503 Ἀλίττα
3132 5463 3271 5502 ηυη-

1704 5555 1990 5615 cuparunt.
2026 5546 2230 5600 Auctor
2274 5544 2581 5599 Herodotus
2612 5544 2774 5615 Clio._
2857 5528 3075 5615 gen-ﬁn:
3106 5543 3139 5611 ἠ
3177 5556 3271 5608 γε-

1702 5613 1946 5687 νέτειρα.
2007 5616 2244 5684 Denique
2292 5625 2422 5677 ma:
2475 5625 2598 5674 3:13
2651 5613 2872 5670 Sahbati
2922 5614 3076 5668 stella
3122 5618 3268 5664 recte
3367 5649 3370 5656 .

1707 5689 1974 5742 Saturnus
2000 5688 2216 5742 dicitur.
