3754 6182
52 253 155 312 253

717 256 1087 315 ADVERSUS
1125 257 1466 316 HA‘IRESES
1503 260 1586 316 Lll

1809 263 1916 319 OM.
1957 266 1999 320 l.
2043 297 2112 307 —
2143 265 2416 322 IIIERES.
2457 266 2598 326 XVI.

3204 269 3315 328 254

54 373 180 440 ἡμῖν
201 371 296 425 καὶ
323 372 581 445 ὀνομαστὶ
603 375 836 448 εἴρηται.
872 377 1107 449 Ἐσχάτη
1135 378 1194 431 δὲ
1220 380 1405 444 αὐτοῖς
1421 381 1586 462 ¹ἁπορί

1809 399 1900 447 ϊε,
1940 385 2262 438 nominatim
2301 385 2389 438 illa
2422 385 2791 454 percensenda
2828 384 3107 441 duximus.
3133 383 3225 447 Est
3252 388 3316 442 il-

53 464 146 514 καὶ
176 463 451 536 ἡλιθιότης
474 467 572 539 οὑχ
601 470 635 538 ἡ
653 469 1027 539 τυχοῦσα¹τοίς
1055 471 1150 526 καὶ
1169 472 1464 527 ἀνάστασιν
1497 477 1629 543 opes

52 552 290 623 λογοῦσι,
316 559 409 611 καὶ
441 559 622 630 κρίσιν
662 561 876 616 δικαίαν
901 562 1258 634 ὁριζομένοις,
1289 566 1628 637 εἱμαρμένην

53 646 248 715 λέγειν.
278 648 404 714 Πῶς
427 650 534 723 γὰρ
557 651 778 707 δύναται
795 653 974 726 κρίσις
999 651 1138 710 εἶναι
1165 656 1260 709 καὶ
1296 657 1627 729 είμαρμένη;

55 743 206 794 Δυοίν
228 741 336 813 γὰρ
359 743 570 814 ἀνάγκη
602 745 824 816 θάτερον
839 763 853 778 ’
879 747 935 819 ἢ,
967 747 1234 816 γενέσεως
1253 748 1626 820 ὑπαρχούσης,

58 833 128 903 μὴ
150 828 289 886 εἶναι
309 835 510 904 κρίσιν,
528 835 616 889 διὰ
643 837 704 889 τὸ
736 837 827 891 τὸν
862 838 1171 909 πράττοντα
1185 840 1286 894 οὐκ
1313 841 1404 910 ἀφ’
1435 840 1628 894 ἑαυτοῦ

55 927 339 997 πράττειν,
390 927 526 981 ἀλλὰ
585 930 707 982 κατ’
733 930 978 999 ἀνάγκην
1019 932 1375 1003 ἐπικρατείας
1400 931 1500 1000 τῆς
1532 948 1630 984 πε-

55 1019 382 1090 πρωμένης·
403 1020 460 1091 ἢ,
491 1021 572 1074 ὅτι
599 1022 831 1094 κρίσεως
875 1023 1246 1095 ὑπαρχούσης,
1283 1024 1375 1078 καὶ
1415 1027 1472 1078 ὲν
1501 1024 1634 1094 ἀλη-

55 1113 172 1185 θείᾳ
221 1114 722 1192 ἐπαπειλουμένης,
770 1116 864 1168 καὶ
919 1115 1099 1186 νόμων
1146 1116 1494 1180 δικαζόντων,
1539 1116 1634 1170 καὶ

51 1205 162 1258 τῶν
187 1204 250 1258 τὸ
276 1207 512 1277 πονηρὸν
544 1205 792 1278 δρώντων
823 1207 978 1279 δίκην
1013 1209 1344 1279 ὑπεχόντων,
1375 1207 1540 1279 νόμου
1575 1227 1635 1263 τε

49 1298 485 1370 ὁμολογουμένου
527 1299 735 1353 δικαίου
766 1301 860 1354 καὶ
885 1301 1119 1373 κρίσεως
1163 1301 1298 1355 Θεοῦ
1326 1301 1628 1373 ἀληθεστά-

49 1407 168 1459 της,
203 1390 379 1461 ἀργὴν
410 1384 547 1444 εἶναι
572 1391 672 1462 τὴν
692 1393 1081 1466 πεπρωμένην,
1111 1392 1206 1446 καὶ
1231 1392 1306 1464 μὴ
1325 1393 1466 1464 ἔχειν
1492 1393 1628 1457 ὅλως

52 1479 317 1535 σύστασιν
342 1481 404 1533 τὸ
439 1481 718 1553 παράπαν.

1735 476 1827 531 lud
1875 493 2007 530 vero
2039 490 2293 532 extrema:
2337 479 2622 549 cujusdam
2674 479 2978 550 imperitiae,
3020 493 3091 534 ne
3135 477 3312 534 dicam

1735 571 2006 632 amentiae,
2053 585 2177 624 cum
2212 573 2670 627 resurrectionem
2706 579 3046 627 mortuorum
3077 587 3201 628 esse
3235 572 3317 627 ia-

1735 669 1902 725 teare,
1944 676 2008 715 ac
2046 663 2414 730 iustissimum
2445 663 2512 718 de
2557 664 2822 735 cujusque
2862 663 3021 719 factis
3048 663 3314 734 judicium

1739 751 2123 816 constitutum,
2160 751 2330 807 fatum
2377 754 2735 810 nihilominus
2774 770 2897 810 esse
2940 755 3111 808 ullum
3162 769 3315 810 asse-

1735 857 1874 897 rere.
1921 842 2023 910 Qui
2066 846 2209 900 enim
2257 845 2365 900 duo
2407 847 2515 900 ista
2557 847 2850 901 convenire
2880 855 3128 917 possunt,
3171 844 3316 915 judi-

1732 935 1900 1002 cium,
1939 938 2181 1008 inquam,
2223 949 2387 1010 atque
2420 939 2631 994 fatum?
2665 941 2871 994 Horum
2902 940 3046 995 enim
3085 940 3313 994 alterum

1733 1044 1961 1087 necesse
2006 1033 2241 1088 estzvel
2291 1033 2337 1088 si
2381 1035 2490 1088 ulla
2542 1034 2614 1091 sit
2671 1033 2924 1105 genitalis
2973 1031 3313 1097 necessitas,

1735 1123 1944 1176 nullum
1975 1126 2383 1196 essejudicium
2415 1145 2426 1180 :
2463 1127 2607 1196 quod
2637 1127 2731 1198 qui
2765 1125 3056 1181 committit
3083 1123 3314 1195 aliquid,

1735 1228 1845 1267 non
1887 1215 1939 1269 id
1980 1231 2076 1270 sua
2123 1227 2316 1286 sponte
2349 1217 2501 1282 facit,
2547 1219 2640 1274 sed
2677 1218 2909 1273 fatorum
2941 1217 2995 1271 vi
3036 1232 3099 1271 ac
3131 1225 3318 1288 tyran-

1738 1306 1867 1361 nide
1907 1308 2244 1377 compulsus,
2295 1311 2376 1365 vel
2425 1311 2467 1366 si
2516 1310 2785 1380 judicium
2837 1317 2922 1365 est
2969 1309 3163 1371 ullum,
3217 1322 3317 1362 nec

1736 1393 1941 1450 frusua
1991 1397 2044 1450 in
2089 1399 2608 1455 comminationibus
2647 1399 2812 1469 objici
2854 1399 3013 1463 solet,
3068 1405 3231 1468 atque
3261 1403 3317 1452 et

1734 1486 1879 1554 leges
1910 1487 2106 1558 aliqua:
2152 1498 2300 1555 sunt,
2337 1499 2392 1545 et
2441 1491 2728 1560 ﬂagitiosis
2773 1491 3088 1547 hominibus
3142 1491 3317 1545 scele-

51 1589 169 1628 rum
198 1590 377 1644 poena:
405 1575 769 1642 'constitutaa;
823 1577 868 1631 si
897 1575 1134 1647 denique
1159 1577 1310 1646 justa
1370 1593 1400 1631 a
1467 1575 1578 1633 Deo
1611 1577 1699 1632 lex
1733 1580 1959 1646 tradita,
2005 1591 2059 1637 et
2095 1583 2240 1639 illius
2278 1584 2547 1654 judicium
2591 1586 2740 1639 omni
2795 1601 2860 1640 ex
2909 1595 3062 1656 parte
3096 1584 3316 1641 veritati

47 1678 484 1727 consentaneum
533 1684 635 1735 est,
681 1688 909 1727 necesse
957 1683 1061 1738 est,
1088 1676 1332 1744 inquam,
1371 1688 1771 1743 supervacuum
1807 1691 1929 1732 esse
1962 1676 2130 1731 latum
2160 1679 2316 1743 illud,
2343 1694 2442 1734 nec
2469 1680 2580 1734 ullo
2607 1680 2662 1733 in
2697 1680 2819 1733 loco
2858 1680 3180 1734 consistere.

117 1771 192 1821 A'.
247 1767 466 1832 Ὁπότε,
523 1768 613 1822 διὰ
650 1768 710 1822 τὸ
737 1767 996 1822 δύνασθαι
1040 1769 1397 1840 ἁμαρτάνειν,
1433 1769 1526 1822 καὶ
1559 1787 1586 1841 μ

1811 1770 1897 1825 IV.
1942 1771 2152 1828 Etenim
2184 1790 2294 1829 non
2328 1774 2487 1828 aliam
2516 1775 2586 1829 ob
2611 1789 2856 1839 causam,
2891 1776 2994 1829 nisi
3017 1775 3160 1844 quod
3186 1789 3316 1844 pec-

53 1862 342 1932 ἁμαρτεῖν,
371 1860 462 1913 τὸν
500 1861 596 1932 μὲν
650 1860 738 1914 διὰ
778 1861 849 1913 τὰ
881 1861 1261 1932 ἁμαρτήματα
1291 1861 1447 1931 δίκην
1475 1862 1638 1913 ἀπαι-

49 1951 284 2015 τεῖσθαι,
327 1951 416 2004 τὸν
445 1951 502 2005 δὲ
533 1951 752 2005 ἔπαινον
788 1951 1202 2022 ἀπεκδέχεσθαι,
1234 1952 1322 2005 διὰ
1351 1951 1412 2004 τὸ
1449 1947 1506 2005 εὖ
1548 1969 1640 2003 πε-

51 2044 347 2114 πραχέναι,
375 2042 603 2115 ὥρισται
650 2043 773 2096 καθ’
822 2045 1099 2116 ἑκατέρων
1137 2044 1198 2096 τὸ
1236 2044 1522 2116 διάφορον·
1563 2044 1639 2107 ὡς

48 2137 142 2190 καὶ
186 2136 293 2206 μιᾷ
348 2138 498 2206 φωνῇ
548 2137 733 2207 δικαίᾳ
770 2136 949 2205 λέγειν
999 2137 1055 2188 ἐν
1091 2136 1340 2206 συντόμῳ
1387 2135 1636 2206 ἀληθείᾳ,

48 2229 135 2284 διὰ
175 2227 406 2282 Ἡσαῖου
433 2227 526 2281 τοῦ
578 2230 849 2300 προφήτου
892 2230 956 2280 ὲκ
1000 2226 1291 2299 προσώπου
1332 2227 1537 2298 Κυρίου
1564 2229 1641 2280 εἰ-

51 2320 314 2392 ρημένον,
341 2319 432 2373 τό⁸
476 2318 618 2373 Ἐὰν
655 2319 883 2386 θέλητε.
927 2319 1023 2372 καὶ
1073 2317 1473 2386 εἰσακούσητέ
1496 2335 1635 2386 μου,

49 2413 118 2465 τὰ
153 2409 356 2479 ἀγαθὰ
403 2407 508 2481 τῆς
561 2408 669 2480 τῆς
698 2411 999 2480 φάγησθε·
1035 2410 1143 2463 ἐὰν
1179 2410 1248 2463 δὲ
1273 2409 1359 2479 μὴ
1403 2409 1636 2476 θέλητε,

48 2503 198 2573 μηδὲ
227 2502 635 2568 είσακούσητέ
659 2520 798 2572 μου,
835 2502 1100 2572 μάχαιρα
1133 2500 1289 2571 ὑμᾶς
1313 2501 1636 2555 κατέδεται.

55 2601 120 2650 7a
145 2597 264 2666 γὰρ
295 2599 491 2665 στόμα
511 2596 731 2663 K'vplov
762 2595 1030 2663 ἐλάλησε
1057 2595 1263 2650 ταῦτα.
1283 2595 1448 2648 Ὥστε
1482 2593 1640 2648 παντί

49 2710 122 2761 τῳ
150 2691 322 2762 δῆλόν
368 2693 486 2744 ἐστι
530 2696 624 2744 καὶ
667 2691 1054 2762 ἀναμφίϐολον,
1098 2693 1176 2755 ὡς
1207 2692 1269 2744 τὺ
1298 2690 1640 2756 αὐτεξούσιον

51 2783 350 2855 παρείχετο
376 2783 529 2850 Θεὸς,
568 2784 634 2838 δι’
680 2784 873 2837 ἑαυτοῦ
914 2785 1092 2855 φήσας
1112 2784 1190 2845 τὺ,
1241 2785 1382 2838 Ἐὰν
1405 2784 1636 2851 θέλητε,

49 2877 142 2930 καὶ
190 2875 287 2944 μὴ
345 2875 587 2944 θέλητεο
631 2875 767 2928 ὥστε
801 2877 928 2946 περὶ
956 2875 1048 2928 τὸν
1087 2875 1373 2947 ἄνθρωπον
1412 2870 1549 2928 εἶναι
1581 2876 1641 2928 τὸ

48 2967 438 3039 ἀγαθοεργεῖν,
465 2965 500 3038 ἢ
530 2966 591 3019 τὸ
614 2964 832 3036 φαύλων
867 2965 1112 3035 ἐφίεσθαι
1148 2966 1507 3037 πραγμάτων.
1546 2960 1640 3030 Οἷς

49 3060 432 3132 ἐπιφωνητέον
458 3060 576 3114 ἐστὶ
613 3059 944 3131 πυκνότερον
985 3060 1080 3113 καὶ
1110 3058 1411 3129 πολλαχῶς,
1441 3060 1534 3113 καὶ
1579 3060 1638 3112 οὐ

48 3154 132 3206 διὰ
156 3125 312 3224 piae
345 3153 550 3223 φωνῆς,
582 3152 720 3206 ἀλλὰ
755 3125 1014 3215 πολλάκις
1050 3151 1118 3204 τὰ
1157 3125 1314 3223 παρᾶ
1336 3152 1427 3204 τοῦ
1457 3153 1638 3224 Σωτῆ-
1667 3125 1710 3182 C

53 3259 142 3313 ρος
176 3243 326 3314 πρὸς
369 3243 567 3306 αὐτοὺς
595 3243 888 3314 εἰρημένω
916 3245 1056 3297 Οὐαί
1088 3244 1249 3313 ὑμῖν,
1273 3244 1643 3313 Γραμματεῖς

50 3337 146 3388 καί
177 3336 498 3405 Φαρισαῖοι
540 3335 883 3404 ὑποκριταί·
925 3333 1011 3388 ὅτι
1053 3335 1524 3389 καταλελοίπατε
1572 3336 1644 3390 τὰ

49 3426 242 3494 βαρέα
284 3427 394 3480 τοῦ
423 3427 632 3496 νόμου,
684 3425 800 3494 τὴν
825 3427 1028 3494 κρίσιν
1056 3426 1156 3480 καὶ
1189 3427 1295 3481 τὸν
1314 3427 1508 3489 ἔλεον,
1545 3428 1645 3481 καὶ

49 3518 501 3573 ἀποδεκατοῦτε
553 3518 620 3572 τὸ
658 3518 904 3586 ἄνηθον,
932 3519 1032 3572 καὶ
1064 3521 1130 3573 τὸ
1168 3519 1500 3588 ἡδύοσμον,
1545 3520 1642 3573 καὶ

51 3608 115 3660 τό
151 3607 460 3676 πήγανον,
505 3607 603 3661 καί
648 3605 984 3675 καθαρίζετε
1023 3609 1089 3661 τὸ
1122 3609 1295 3675 ἐκτὸς
1323 3608 1431 3662 τοῦ
1461 3622 1644 3678 ποτη-

48 3699 182 3766 ρίου
226 3699 334 3752 zeal
388 3698 495 3753 τοῦ
535 3700 807 3766 πίνακος,
849 3701 916 3755 τὸ
956 3701 1024 3755 δὲ
1049 3703 1224 3769 ἐντός
1249 3703 1383 3757 ἐστι
1417 3703 1647 3772 μεστὸν

50 3794 435 3862 ἀκαθαρσίας
467 3793 563 3846 καὶ
598 3793 910 3861 ἀκρασίας.
935 3794 1041 3848 Kal
1061 3793 1395 3864 δοκιμάζετε
1415 3795 1648 3849 δίκαιον

50 3883 202 3938 εἶναι
261 3886 524 3954 ὀμνύναι
580 3885 648 3937 ὲν
678 3883 758 3950 τῷ
790 3885 990 3939 ἐπάνω
1028 3885 1136 3939 τοῦ
1174 3888 1606 3956 θυσιαστηρίου
1628 3902 1644 3918 °

51 3980 113 4031 τὸ
151 3979 224 4030 δὲ
279 3979 354 4030 ἐν
389 3977 551 4042 αὐτῷ
596 3977 675 4043 τῷ
717 3977 1120 4046 θυσιαστηρίῳ
1165 3981 1302 4046 παρ’
1360 3979 1503 4048 ὑμῖν
1566 3977 1647 4045 τῷ

53 4069 207 4136 ὅρκῳ
247 4068 536 4122 λέλεκται
571 4067 613 4130 ¹,
654 4067 752 4120 καὶ
797 4067 864 4120 τὸ
892 4067 962 4120 ἐν
1000 4065 1081 4132 τῷ
1118 4067 1352 4136 οὐρανῷ
1395 4069 1648 4139 ὀμνύναι

53 4158 238 4210 οὐδὲν
269 4153 430 4210 εἶναι
456 4154 626 4224 φατέ.
671 4157 811 4210 Ἐὰν
846 4155 913 4210 δέ
932 4174 1022 4223 τις
1043 4157 1236 4226 ὀμόσῃ
1269 4158 1340 4211 ἐν
1368 4157 1447 4221 τῷ
1468 4160 1648 4226 ὑπερ-

53 4247 412 4311 ἁνωαύτοῦ,
439 4248 616 4301 τοῦτο
640 4246 1026 4306 δεδικαίωται.
1061 4249 1207 4319 Οὐχὶ
1230 4249 1297 4302 τὸ
1322 4249 1650 4316 θυσιαστή-

50 4359 182 4408 ριον
197 4337 502 4404 βαστάζει
525 4339 590 4392 τὸ
633 4338 1028 4407 ἐπικείμενον,
1063 4339 1161 4393 καὶ
1189 4342 1222 4394 ό
1243 4338 1500 4408 οὐρανὸς
1519 4340 1649 4409 θρό-

53 4449 156 4498 νος
188 4431 332 4485 ἐστὶ
369 4430 476 4484 τοῦ
501 4431 594 4484 ἐπ’
626 4430 788 4496 αὐτῷ
814 4429 1341 4501 ἐπικαθεζομένου;
1395 4432 1505 4486 Kal
1557 4431 1645 4485 ὅτι

51 4522 285 4593 λέγετε,
325 4521 472 4576 Ἐάν
503 4539 595 4588 τις
640 4522 779 4590 εἴπῃ
813 4522 988 4590 πατρὶ
1023 4523 1120 4576 καὶ
1148 4525 1350 4592 μητρί·
1383 4522 1641 4592 Κορϐὰν,

55 4616 86 4668 ὅ
110 4617 245 4669 ἐστι
281 4613 483 4682 δῶρον
503 4613 529 4666 ἓ
563 4613 640 4667 ἂν
670 4613 739 4678 ἐξ
778 4614 924 4684 ἐμοῦ
945 4614 1286 4684 ὠφεληθῇς,
1310 4615 1410 4670 καὶ
1441 4616 1644 4670 οὐκέτι

52 4707 131 4777 μὴ
195 4707 451 4776 τιμήσει
503 4705 610 4759 τὸν
635 4707 890 4775 Πατέρα,
929 4708 1029 4761 καὶ
1057 4707 1388 4776 ἠθετήσατε
1408 4709 1524 4777 τὴν
1545 4708 1644 4761 ἐν-

55 4799 248 4867 taline
285 4797 402 4851 τοῦ
456 4797 603 4852 Θεοῦ
630 4797 726 4852 διὰ
752 4797 864 4866 τῆς
887 4797 1008 4852 τῶν
1038 4799 1454 4868 πρεσϐυτέρων
1481 4798 1647 4869 ὑμῶν

55 4893 484 4962 παραδόσεως.
509 4891 615 4944 Kal
643 4892 970 4945 κυκλεύετε
997 4891 1319 4946 θάλασσαν
1343 4893 1438 4945 καὶ
1456 4891 1649 4961 ξηρὰν

56 4987 314 5055 ποιῆσαι
371 4984 486 5038 ἕνα
541 4983 934 5052 προσήλυτον
961 5000 972 5015 '
1029 4984 1129 5037 καί
1177 4983 1323 5037 ὅταν
1380 4985 1645 5054 γένηται,

56 5078 277 5133 ποιεῖτε
311 5075 510 5130 αὐτὸν
531 5074 885 5142 διπλότερον
907 5073 1074 5144 ὑμῶν
1093 5073 1226 5128 υἱὸν
1250 5074 1520 5144 γεέννης.

125 5194 192 5248 Τί
226 5193 423 5246 τοίνυν
466 5191 850 5262 περιττότερον
897 5188 1004 5242 τῶν
1032 5189 1201 5256 ἁγίων
1232 5189 1441 5259 ῥήσεων
1485 5188 1652 5258 ὑπερο

59 5285 278 5341 ϐάλοιτό
313 5302 408 5348 τις
435 5284 571 5356 πρὸς
590 5283 860 5337 ἀντίθεσιν
876 5281 984 5335 τῶν
1005 5282 1415 5352 προειρημένων
1437 5297 1450 5346 ;
1492 5281 1652 5334 Ἀλλὰ

59 5381 152 5431 καί
181 5377 489 5449 ἀρκεῖσθαι
530 5376 675 5447 μάλα
709 5375 948 5446 ἡγοῦμαι
982 5377 1102 5438 ταῖς
1138 5374 1231 5427 τοῦ
1256 5375 1506 5445 Σωτῆρος
1540 5391 1652 5443 φωρ

59 5473 174 5534 ναῖς
191 5459 300 5525 ’καὶ
335 5468 622 5540 ἀληθιναῖς
663 5467 861 5533 λέξεσι,
917 5466 1053 5538 πρὸς
1087 5465 1154 5529 ἃς
1188 5467 1285 5520 οὐκ
1313 5466 1654 5536 ἠδυνήθησαν

59 5560 416 5631 ἁντωπῆσαι,
439 5557 565 5612 οὔτε
591 5557 724 5627 πρὸς
743 5557 806 5611 τὸ
829 5554 1185 5627 βραχύτατον.

1738 1879 1885 1930 care,
1921 1881 2094 1920 necne
2135 1867 2206 1920 sit
2235 1869 2289 1920 in
2335 1867 2564 1921 arbitrio
2590 1867 2880 1937 icujusque
2910 1867 3168 1936 positum.
3213 1866 3317 1920 hoc

1739 1954 2031 2011 discrimen
2081 1957 2452 2012 introductum
2499 1964 2603 2022 est,
2661 1967 2718 2011 ut
2777 1958 2911 2011 alter
2949 1957 3312 2012 admissorum

1740 2048 2005 2101 scelerum
2051 2063 2242 2117 punias
2288 2049 2426 2111 luat,
2471 2048 2608 2102 alter
2639 2063 2738 2118 pro
2786 2057 2933 2102 recte
2977 2047 3134 2103 factis
3181 2065 3316 2118 pra:-

1740 2140 1909 2193 mium
1939 2141 2266 2211 laudemque
2300 2148 2690 2210 consequatur.
2726 2139 2880 2206 Quod
2911 2141 3126 2210 quidem
3166 2141 3314 2196 brevi

1737 2233 2161 2302 justissimaque
2213 2235 2481 2288 sententia
2526 2234 2811 2303 complecti
2841 2232 2950 2304 36
2983 2249 3276 2303 possumus
3298 2273 3314 2297 ,

1740 2343 1861 2396 qua:
1903 2327 1969 2380 ab
2002 2327 2138 2381 Isaia
2183 2327 2447 2397 propheta
2500 2342 2563 2380 ex
2607 2340 2843 2396 persona
2892 2325 2984 2379 Dei
3032 2325 3318 2380 verissime

1740 2420 2088 2489 pronuntiata
2151 2419 2366 2490 legitur.
2426 2418 2485 2473 Si
2539 2419 2842 2484 volueritis,
2911 2426 2959 2472 et
3017 2417 3316 2472 obedieritis

1741 2509 1891 2573 mihi,
1940 2509 2074 2563 bona
2127 2519 2280 2564 terra:
2329 2511 2628 2564 comedetis.
2684 2509 2745 2564 Si
2801 2520 2974 2563 autem
3018 2510 3315 2571 nolueritis,

1741 2617 1902 2670 neque
1948 2600 2244 2654 obedieritis
2304 2601 2449 2666 mihi,
2497 2601 2766 2655 devorabit
2823 2620 2907 2656 ros
2957 2603 3190 2672 gladius.
3244 2604 3317 2658 Os

1740 2696 1878 2747 enim
1919 2694 2133 2747 Domini
2164 2693 2394 2747 locutum
2434 2703 2510 2748 est
2555 2696 2724 2750 ista’.
2773 2695 2847 2751 Ex
2894 2711 3002 2766 quo
3033 2697 3318 2766 perspicue

1742 2788 1895 2853 illud,
1936 2804 1999 2842 ac
2037 2788 2171 2842 citra
2210 2789 2371 2840 ullam
2412 2788 2809 2844 dubitationem
2850 2787 3099 2851 ellicitur,
3129 2788 3320 2842 Liber-

1742 2887 1906 2933 tatem
1949 2879 2155 2933 homini
2197 2895 2226 2932 a
2271 2878 2380 2934 Deo
2407 2895 2530 2934 esse
2563 2895 2920 2945 concessam;
2963 2895 3086 2933 cum
3125 2878 3196 2930 ita
3225 2893 3320 2946 per

1742 2986 1864 3025 sese
1886 2970 2086 3023 dixerit
2112 2990 2123 3024 :
2157 2970 2216 3024 Si
2239 2969 2505 3024 volueritis
2530 2978 2583 3024 et
2605 2971 2903 3023 nolueritis.
2930 2969 3079 3022 Adeo
3103 2979 3160 3020 ut
3183 2968 3320 3021 bene

1744 3077 1921 3132 agere,
1969 3063 2052 3117 vel
2103 3063 2368 3116 malorum
2417 3063 2774 3132 cupiditatem
2815 3063 3124 3131 concipere,
3175 3061 3320 3114 illius

1745 3154 1970 3208 arbitrio
2004 3155 2074 3208 sit
2098 3155 2367 3207 relictum.
2396 3151 2760 3219 Quamobrem
2789 3167 2930 3221 saepe
2959 3152 3113 3211 illud,
3142 3166 3203 3204 ac
3229 3166 3322 3202 va-

1743 3247 1842 3308 rie,
1888 3261 1986 3299 nec
2022 3261 2125 3298 una
2155 3260 2286 3298 voce
2321 3245 2749 3314 personandum,
2786 3258 2849 3297 ac
2882 3242 3324 3311 frequentissime

1744 3347 1932 3393 contra
1968 3339 2296 3408 impostores
2340 3339 2477 3393 istos
2527 3337 2880 3407 repetendum
2913 3349 2995 3390 est
3030 3321 3232 3389 dictum
3267 3335 3321 3388 in

1743 3446 1838 3486 eos
1871 3429 2171 3484 Salvatoris
2211 3429 2338 3483 illud
2367 3448 2380 3482 :
2419 3428 2510 3481 Va:
2543 3427 2709 3492 vobis,
2749 3427 2948 3482 Scriba:
2977 3437 3024 3482 et
3061 3427 3324 3480 Pharisa’i

1744 3523 2050 3592 hypocritw,
2083 3522 2331 3591 quoniam
2363 3520 2651 3591 reliquistis
2686 3537 2802 3590 qua:
2831 3521 3073 3590 graviora
3103 3529 3224 3573 sunt
3253 3518 3324 3572 le-

1744 3615 1844 3682 gis,
1891 3612 2154 3682 judicium
2198 3623 2246 3665 ct
2287 3611 2744 3675 misericordiam;
2782 3620 2830 3665 et
2883 3610 3155 3664 decimatis
3200 3625 3325 3662 ane-

1747 3706 1915 3768 thum,
1949 3717 1996 3759 et
2040 3705 2325 3769 nzeutham,
2363 3715 2411 3758 et
2442 3713 2640 3766 rutam,
2682 3716 2729 3758 et
2761 3703 3030 3757 mundatis
3059 3702 3196 3767 quod
3235 3702 3324 3755 de-

1746 3797 1878 3867 foris
1907 3805 1984 3849 est
2033 3795 2214 3848 calicis
2256 3803 2305 3848 et
2351 3795 2654 3864 paropsidis
2679 3811 2697 3848 :
2726 3793 2864 3864 quod
2905 3794 3046 3847 intus
3089 3805 3189 3859 est,
3214 3792 3325 3860 ple-

1747 3908 1875 3945 num
1925 3899 2002 3944 est
2041 3883 2401 3942 ~immunditia
2458 3898 2506 3942 et
2573 3886 2828 3957 foeditate.
2881 3885 2949 3939 Et
3021 3886 3324 3955 approbatis

1737 3983 1944 4052 justum
1987 3997 2098 4034 esse
2113 3979 2302 4046 jurare
2340 3979 2394 4032 in
2428 3995 2508 4041 eo,
2539 3977 2676 4047 quod
2716 3987 2792 4030 est
2823 3993 2978 4044 super
3008 3976 3179 4029 altare
3203 3975 3326 4044 :ju-

1747 4091 1868 4129 rare
1897 4082 2070 4126 autem
2105 4073 2159 4125 in
2198 4071 2361 4124 altari
2387 4071 2520 4139 ipso,
2541 4069 2905 4139 jurisjurandi
2952 4069 3089 4136 apud
3126 4085 3212 4122 vos
3245 4085 3326 4121 re-

1749 4167 1940 4236 ligione
1970 4164 2210 4218 solvitur.
2262 4163 2328 4216 Et
2360 4166 2416 4216 in
2445 4162 2572 4217 calo
2597 4163 2783 4233 jurare
2812 4162 2944 4216 nihil
2984 4179 3095 4216 esse
3125 4161 3323 4215 dicitis.

1751 4256 1855 4322 Qui
1888 4267 2062 4310 autem
2095 4256 2354 4325 juraverit
2396 4255 2450 4308 in
2493 4271 2574 4320 eo,
2616 4255 2704 4325 qui
2755 4269 2915 4322 supra
2957 4253 3090 4307 illud
3139 4263 3236 4317 est,
3271 4252 3325 4306 id

1749 4367 1866 4405 vero
1890 4351 2097 4420 justum
2139 4361 2395 4403 censetur.
2433 4347 2624 4402 Nonne
2671 4347 2841 4401 altare
2875 4357 3050 4416 portat
3082 4347 3158 4410 id,
3189 4346 3324 4418 quod

1749 4442 2051 4510 impositum
2077 4451 2176 4505 est,
2207 4451 2254 4494 et
2291 4441 2476 4494 caelum
2504 4440 2721 4495 thronus
2759 4441 2872 4510 ejus
2894 4449 2992 4503 est,
3025 4443 3113 4510 qui
3147 4443 3200 4493 in
3231 4439 3326 4494 illo

1747 4532 1982 4589 insidet?
2038 4532 2104 4585 Et
2149 4536 2286 4603 quod
2328 4532 2506 4587 dicitis
2534 4549 2552 4586 :
2582 4531 2640 4586 Si
2686 4533 2802 4602 quis
2849 4531 3044 4585 dixerit
3086 4532 3226 4599 patri
3277 4539 3326 4584 et

1747 4625 1950 4678 matri:
1976 4622 2207 4687 Corban,
2241 4626 2339 4677 hoc
2382 4633 2459 4678 est
2490 4641 2681 4678 munus
2710 4623 2848 4695 quod
2878 4639 2941 4676 ex
2972 4639 3050 4676 me
3085 4623 3179 4675 tibi
3207 4638 3327 4689 pro-

1747 4717 1904 4780 derit,
1947 4726 1995 4770 et
2035 4733 2136 4770 non
2189 4715 2469 4770 honorabit
2512 4725 2739 4783 patrem,
2781 4725 2829 4768 et
2876 4715 3087 4766 irritum
3130 4713 3326 4782 fecistis

1747 4809 2058 4865 mandatum
2093 4809 2185 4863 Dei
2221 4826 2313 4880 per
2347 4808 2683 4862 traditionem
2716 4807 2979 4860 seniorum
3015 4813 3324 4858 vestrorum.

1748 4903 1819 4958 Et
1856 4904 2090 4957 circuitis
2121 4919 2288 4965 mare,
2333 4913 2383 4956 et
2421 4900 2649 4963 aridam,
2685 4909 2742 4951 ut
2774 4899 2986 4968 faciatis
3016 4913 3175 4949 unum
3205 4913 3330 4964 pro-

1749 4995 2006 5065 selytum;
2051 5003 2100 5048 et
2143 5011 2262 5047 cum
2310 4993 2484 5061 factus
2516 4992 2696 5061 fuerit,
2736 4991 2914 5059 facitis
2963 4989 3118 5043 illum
3164 4987 3326 5044 duolo

1749 5099 1906 5153 quam
1948 5098 2038 5134 vos
2078 5080 2251 5149 ﬁlium
2276 5078 2521 5149 gehenna:
2543 5077 2583 5131 ⁸.

1809 5182 1963 5259 ’ριιὶά
2011 5193 2177 5262 igitur
2230 5192 2297 5245 ad
2344 5206 2438 5246 eos
2470 5191 2720 5246 homines
2766 5189 3094 5244 relellendos
3128 5188 3329 5244 divinis

1753 5283 1863 5337 illis
1903 5283 2186 5336 sententiis
2225 5281 2392 5350 adjici
2439 5281 2659 5351 gravius
2710 5280 2922 5350 potest?
2969 5277 3154 5349 Itaque
3193 5278 3329 5333 satis

1751 5391 1872 5430 esse
1900 5375 2139 5428 arbitror
2172 5374 2475 5428 Salvatoris
2509 5389 2695 5428 vocem
2723 5388 2786 5427 ac
2815 5371 3160 5427 verissimum
3194 5368 3328 5424 illud

1762 5464 2068 5529 oraculum,
2103 5465 2189 5518 cui
2228 5480 2296 5520 ne
2337 5464 2624 5519 minimum
2668 5461 2886 5534 quidem
2928 5460 3183 5517 reluctari
3232 5471 3335 5530 po-

1765 5563 2005 5611 luerunt.

134 5707 151 5737 ⁸
183 5703 364 5758 Forte
385 5700 480 5755 τοῦ
504 5701 667 5772 ὅρκου
696 5699 933 5757 λέλυται.
1011 5701 1031 5731 ²
1058 5698 1162 5756 lsa.
1191 5715 1228 5764 ι,
1265 5659 1344 5764 l9,
1374 5699 1462 5754 ΞΟ.
1541 5699 1558 5730 ³

1809 5713 1964 5763 xxtu,
1991 5698 2057 5754 l5
2093 5711 2211 5768 sqq.
