3754 6182
443 207 482 262 2

486 208 553 263 55

671 317 1040 375 ADVERSUS
1078 318 1788 387 HEMEROBAPTISTAS,

572 435 704 501 Qua:
735 445 812 488 est
841 434 1054 489 heresis
1084 433 1112 487 Ι
1130 433 1164 485 γ
1189 433 1480 499 Judaismi,
1511 435 1693 490 ordine
1713 433 1762 488 X
1781 433 1905 488 VII.

519 612 773 671 Proxima
811 623 895 671 est
929 614 1522 683 Hemerobaptistarum
1572 623 1757 681 secta;
1809 630 1928 684 quae
1969 621 2027 668 ut

452 707 521 761 ab
544 707 667 760 aliis
693 707 840 759 nulla
865 707 916 760 in
944 723 1001 760 re.
1024 706 1128 775 37
1155 706 1384 760 dissidet
1410 724 1424 770 ;
1454 704 1751 774 eademque
1773 704 2026 774 dogmata

451 813 575 852 cum
634 797 842 852 Scribis
892 814 957 852 ac
1003 798 1292 852 Pbarisaeis
1337 798 1680 867 amplectitur
1719 816 1732 851 :
1783 797 1856 851 ita
1900 811 2024 850 cum

455 887 768 944 Sadductcis
793 905 901 944 non
927 888 1091 943 modo
1121 889 1176 944 in
1208 889 1454 958 neganda
1482 896 1823 942 mortuorum
1851 903 2029 944 resur-

455 986 697 1040 rectione
743 985 1034 1051 convenit;
1070 999 1257 1038 verum
1309 984 1472 1038 etiam
1515 998 1857 1037 communem
1900 998 2024 1037 cum

455 1078 526 1132 iis
573 1077 969 1142 intidelitatem,
1015 1083 1444 1144 caeterarumque
1489 1090 1671 1128 rerum
1705 1075 2023 1142 pravitatem

453 1170 673 1223 retinet.
728 1167 842 1222 Hoc
895 1183 1027 1224 vero
1070 1168 1401 1238 pracipuum
1443 1167 1674 1229 habent,
1721 1165 1865 1236 quod
1916 1176 2023 1219 tam

455 1276 604 1322 vere,
631 1267 1020 1330 autumuoque,
1047 1275 1208 1326 quam
1245 1267 1452 1319 aestate,
1485 1268 1646 1326 atque
1677 1257 1853 1311 hieme
1891 1272 2026 1325 quo-

457 1351 587 1405 tidie
627 1352 805 1404 lavant
838 1370 850 1404 :
881 1351 1022 1404 unde
1061 1358 1113 1404 et
1158 1349 1750 1418 Henierobaptistarmn
1789 1348 2026 1416 appella-

451 1441 656 1494 tionem
711 1441 889 1511 adepti
941 1449 1088 1495 sunt.
1139 1440 1213 1493 Ita
1265 1442 1409 1495 enim
1457 1441 1809 1495 statuebant:
1843 1440 2024 1493 vivere

451 1530 616 1584 aliter
657 1530 927 1584 hominem
981 1545 1091 1584 non
1142 1545 1322 1599 posse.
1376 1545 1536 1598 quam
1585 1531 1630 1583 si
1681 1530 1921 1598 quotidie
1966 1543 2025 1582 se

452 1619 614 1688 aquis
648 1620 875 1683 clueret,
908 1629 1068 1689 atque
1106 1619 1174 1673 ab
1204 1621 1350 1672 omni
1383 1618 1610 1672 crimine
1641 1627 1916 1688 purgaret.

527 1709 630 1764 Sed
665 1725 695 1762 a
721 1710 879 1763 nobis
928 1726 1036 1763 uno
1065 1710 1230 1764 verbo
1275 1709 1520 1763 funditus
1550 1711 1716 1762 everti
1748 1719 1896 1762 secta
1933 1708 2024 1761 illa

455 1806 670 1869 potest;
693 1798 852 1868 cuius
875 1800 1132 1869 dogmata
1158 1808 1215 1852 ut
1245 1813 1272 1850 a
1317 1799 1417 1851 fide
1453 1814 1679 1867 prorsus
1711 1800 1907 1859 aliena,
1949 1800 2028 1853 sic

453 1906 581 1944 cum
614 1891 935 1944 inﬁdelitate
964 1890 1256 1960 conjuncta
1303 1895 1450 1943 sunt.
1491 1889 1626 1942 Cum
1655 1890 1798 1944 enim
1835 1888 2029 1943 diebus

459 1983 692 2052 singtdis
722 1984 1032 2043 abluantur,
1063 1984 1147 2037 vel
1193 1998 1290 2038 sua
1323 1983 1426 2052 ipsi
1473 1983 1808 2036 conscientia
1842 1983 2030 2036 redar-

459 2080 717 2138 guuntur,
772 2085 987 2122 omnem
1024 2069 1204 2131 illam,
1240 2085 1403 2138 quam
1436 2069 1610 2138 pridie
1647 2079 2025 2138 conceperant,

460 2175 610 2229 spem
637 2174 760 2213 cum
788 2159 891 2214 ﬁde
919 2168 1079 2228 atque
1107 2161 1414 2229 expiatione
1449 2159 1769 2230 perdidisse.
1812 2159 1946 2212 Nam
1982 2160 2029 2214 si

460 2267 628 2304 unum
664 2251 930 2304 duntaxat
961 2251 1285 2321 baptismum
1324 2259 1591 2314 tenerent,
1630 2253 1681 2304 in
1729 2267 1792 2306 eo
1823 2250 2031 2306 ﬁduciae

459 2342 665 2411 aliquid
708 2350 894 2412 utpote
920 2351 1175 2412 perpetuo
1205 2351 1367 2410 atque
1397 2343 1686 2396 immortali
1710 2387 1723 2408 ,
1759 2343 2031 2398 collocare

457 2441 701 2504 possent.
729 2432 848 2487 Jam
881 2450 1007 2488 vero
1038 2434 1129 2504 qui
1178 2435 1336 2488 hodie
1367 2450 1474 2487 non
1523 2435 1750 2489 curandi
1781 2435 2029 2504 corporis

458 2527 653 2596 gratia,
691 2526 786 2581 sed
820 2525 886 2578 ad
926 2525 1192 2595 expianda
1238 2527 1439 2580 scelera
1473 2527 1564 2580 loti
1615 2535 1772 2591 sunt,
1807 2528 2029 2597 quibus-

459 2631 564 2685 que
591 2616 710 2670 ideo
737 2624 1048 2686 repurgata.
1073 2627 1129 2668 ut
1155 2617 1255 2684 ipsi
1293 2625 1562 2680 statuunt,
1591 2618 1774 2671 omnia
1798 2633 1921 2674 esse
1937 2619 2031 2673 de-

457 2707 585 2762 bent
614 2724 626 2758 :
657 2708 816 2761 iidem
848 2723 970 2760 cum
1017 2709 1279 2776 postridie
1319 2724 1536 2762 rursum
1585 2709 1902 2772 abluuntur,
1936 2710 2031 2764 de-

458 2796 666 2850 clarant
701 2795 942 2864 profecto
973 2796 1286 2850 hesternum
1329 2797 1478 2848 illiilli
1527 2798 1852 2867 baptismum
1901 2813 2028 2853 eva-

458 2887 664 2941 nuisse.
697 2885 813 2940 Nisi
860 2887 1002 2940 enim
1054 2889 1155 2942 iste
1192 2889 1474 2957 periisset,
1508 2889 1640 2942 nihil
1687 2900 1806 2944 erat
1837 2906 1934 2944 cur
1964 2891 2028 2944 ad

1867 206 1927 260 S.
1962 201 2304 258 EPIPHANII

2051 331 2096 377 Α

2401 314 2587 366 ΚΑΤΑ
2624 310 3249 367 HMEPOBAHTIZTQN
3273 309 3415 378 (to),

2130 424 2380 495 Τετάρτῃ
2409 426 2649 496 αἵρεσις
2683 424 2940 496 ἀπρξτοᾷ
2980 424 3377 496 ΪΙουδατσμοῦ,
3417 425 3683 477 ἑκταίας-

2510 493 2724 563 δεκάτιι
2759 494 2827 547 δὲ
2859 493 2932 561 τῇ
2959 493 3306 561 ἀκολουθίᾳ.

2197 609 2431 673 Ταύταις
2467 610 2522 664 δὲ
2571 608 2859 662 συνέπεταί
2917 627 3002 672 τις
3051 611 3260 681 αἵρεσις
3297 610 3685 681 Ἦμεροεαπτι-

2128 702 2288 765 στῶν,
2329 702 2470 754 οὓτω
2524 701 2850 771 καλουμένη,
2905 701 3071 771 μηδὲν
3109 703 3207 771 μὲν
3243 701 3685 772 παραλλάττοντα

2125 792 2233 846 τῶν
2252 793 2447 856 ἄλλων,
2473 791 2587 844 ἀλλ’
2612 791 2703 844 ῐσα
2731 791 2840 843 τῶν
2868 791 3244 862 Γραμματέων
3263 793 3360 844 καὶ⁵
3387 792 3681 861 Φαρισαίων

2127 884 2402 958 φρονοῦσα
2421 901 2434 913 ·
2467 884 2527 936 οὐ
2562 884 2668 954 μὴν
2691 883 3007 953 ὲξισουμένη
3038 885 3149 945 τοῖς
3178 881 3566 944 Σαδδουκαίοις
3589 885 3679 949 {lli

2127 978 2184 1028 ὲν
2221 977 2284 1044 τῇ
2312 973 2419 1026 τῶν
2453 973 2660 1044 νεκρῶν
2689 973 2982 1025 ἀναστάσει
3011 973 3188 1042 μόνον,
3215 971 3354 1026 ἀλλὰ
3373 976 3441 1043 τῇ
3478 975 3682 1043 ἀπιστίᾳ

2127 1068 2220 1120 καὶ
2246 1069 2360 1129 τοῖς
2385 1066 2580 1128 ἄλλοις.
2638 1065 2808 1118 Τοῦτο
2835 1065 2889 1118 δὲ
2918 1065 3166 1135 περιττὸν
3210 1063 3348 1136 αὕτη
3383 1066 3679 1134 κεκτημένη

2127 1157 2159 1225 ή
2191 1155 2401 1226 αἵρεσις
2421 1170 2434 1184 ο
2469 1153 2544 1217 ὡς
2569 1154 2627 1205 ἐν
2658 1153 2779 1224 ἐαρί
2810 1171 2868 1206 τε
2902 1155 2996 1206 καὶ
3029 1153 3348 1224 μετοπώρῳ,
3385 1153 3614 1224 χειμῶνί
3639 1173 3682 1208 π

2127 1248 2219 1300 καὶ
2245 1246 2388 1317 θέρει
2407 1246 2632 1299 πάντοτε
2645 1245 2964 1317 καθημέραν
2990 1246 3344 1315 βαπτίζεσθαι
3367 1265 3382 1276 ·
3408 1248 3535 1301 ὅθεν
3562 1250 3646 1300 καὶ
3670 1251 3683 1279 ¹

2140 1337 2647 1408 Ἡμεροϐαπτιστὰν
2702 1337 2888 1406 εἴληφε
2933 1337 3030 1407 τὴν
3073 1339 3411 1408 ἐπωνυμίαν.
3458 1339 3682 1406 Ἔφασκε

2127 1429 2234 1500 γὰρ
2266 1428 2402 1498 αὓτη
2444 1427 2618 1491 ἄλλως
2667 1446 2786 1491 πως
2814 1429 2888 1498 μὴ
2908 1424 3043 1479 εἶναι
3082 1426 3179 1498 ζῇν
3210 1428 3515 1499 ἀνθρώπῳ,
3549 1432 3594 1480 εἰ
3625 1432 3684 1497 μή

2125 1535 2178 1570 τι
2211 1519 2318 1588 ἄρα
2348 1516 2468 1570 καθ’
2501 1516 2737 1585 ἑκάστην
2758 1515 2970 1586 ἡμέραν
2999 1515 3307 1584 βαπτίζοιτὸ
3325 1532 3410 1578 τις
3443 1516 3505 1566 ὲν
3533 1513 3683 1573 ὕδατι,

2127 1607 2519 1677 ἀπολονόμενός
2542 1623 2600 1658 τε
2634 1606 2727 1658 καὶ
2758 1603 3106 1674 ἁγνιζόμενος
3140 1605 3246 1658 ἀπὸ
3276 1605 3462 1674 πάσης
3506 1605 3683 1665 αἰτίας.

2199 1700 2341 1770 Πρὸς
2391 1699 2592 1767 ταύτην
2629 1698 2684 1750 δὲ
2732 1699 2824 1751 καὶ
2873 1700 3041 1767 αὐτὴν
3079 1697 3136 1763 ἐξ
3196 1697 3313 1760 ἑνὸς
3360 1697 3528 1764 λόγου
3578 1699 3686 1764 ἡμῖν

2130 1790 2407 1861 ἀνατροπὴ
2433 1789 2755 1858 γενήσεται·
2791 1789 2872 1841 ὅτι
2907 1787 3159 1850 ἀπιστίας
3193 1789 3320 1858 παρ’
3353 1789 3544 1849 αὐτοῖς
3575 1790 3685 1856 μίλ-

2130 1880 2216 1932 λον
2242 1881 2274 1950 ἢ
2311 1879 2545 1941 πίστεως
2571 1879 2620 1930 οἱ
2656 1878 2824 1947 λόγοι.
2870 1879 3109 1948 Ἐλέγχει
3141 1878 3248 1948 γὰρ
3280 1879 3488 1940 αὐτοὺς
3522 1879 3556 1946 ἡ
3588 1895 3688 1928 πν-

2130 1971 2335 2040 είδησις
2367 1970 2544 2022 αὐτῶν
2592 1969 2714 2022 καθ’
2745 1969 2978 2040 ἑκάστην
3013 1970 3223 2039 ἡμέραν
3263 1968 3685 2038 βαπτιζομένων,

2128 2064 2202 2123 ὡς
2223 2064 2302 2116 ὅτι
2335 2064 2366 2132 ὴ
2399 2062 2552 2124 ἐλπὶς
2577 2063 2674 2131 τῆς
2702 2060 2826 2132 χθὲς
2850 2061 3061 2134 ἡμέρας
3089 2061 3216 2131 παρ’
3243 2062 3426 2122 αὐτοῖς
3451 2060 3688 2126 τέθνγιιε,

2131 2156 2223 2208 καὶ
2251 2157 2284 2224 ἡ
2316 2155 2497 2217 πίστις
2527 2170 2587 2205 τε
2623 2155 2714 2206 καὶ
2762 2155 2789 2205 ὁ
2819 2154 3100 2223 άγνισμός.
3142 2154 3203 2205 Εἰ
3251 2152 3350 2221 μὲν
3383 2151 3501 2220 γὰρ
3532 2153 3586 2203 ὲν
3626 2152 3689 2203 ἑνὶ

2131 2247 2466 2316 βαπτίσματι
2489 2245 2780 2315 ἐστοίχουν,
2803 2245 2911 2316 ἄρα
2933 2245 3194 2316 ἐθάρρουν
3220 2243 3417 2313 τούτῳ,
3444 2243 3524 2305 ὡς
3551 2242 3689 2304 ζῶντι

2130 2341 2223 2392 καὶ¹
2253 2338 2502 2408 ἀθανάτῳ
2541 2337 2652 2391 ὄντι
2691 2340 2765 2400 εἰς
2797 2339 2887 2389 τον
2937 2338 3134 2389 αἰῶνα·
3167 2335 3327 2388 ὁπότε
3363 2335 3420 2387 δὲ
3469 2336 3686 2405 σήμερον

2133 2431 2232 2499 μὲν
2281 2428 2563 2482 ἐλούσαντο
2609 2429 2704 2497 οὐχ
2743 2427 2928 2480 ἕνεκεν
2971 2428 3216 2491 πλύσεως
3252 2426 3537 2497 σώματα,
3575 2427 3688 2478 ἀλλὰ

2129 2523 2312 2574 ἕνεκεν
2347 2520 2778 2591 ἁμαρτημάτων,
2814 2519 2920 2590 ἄρα
2957 2521 3075 2572 κατ’
3107 2519 3301 2581 αὐτοὺς
3338 2517 3686 2587 ἐκαθαρίσθη.

2129 2609 2293 2674 Αὖθις
2341 2611 2397 2665 δὲ
2433 2614 2498 2682 τῇ
2543 2609 2667 2682 ἑξῆς
2715 2611 2875 2663 πάλιν
2903 2610 3197 2679 λουόμενοι,
3241 2611 3600 2678 ἀπεφήναντο
3645 2612 3689 2659 τὸ

2130 2704 2397 2775 παρελθὸν
2431 2705 2486 2755 ἐν
2518 2705 2580 2772 τῇ
2615 2701 2740 2773 χθὲς
2771 2702 3016 2754 τεθνάναι
3047 2702 3349 2772 βάπτισμα.
3378 2703 3448 2754 ΕΞ
3487 2701 3564 2770 μὴ
3600 2700 3691 2766 γὲρ

2129 2799 2189 2849 τὸ
2229 2799 2332 2868 πρὸ
2364 2799 2491 2865 μιᾶς
2521 2795 2818 2866 ἐτεθνήκει,
2843 2796 2942 2848 οὐκ
2987 2794 3051 2848 ἂν
3087 2797 3164 2857 είς
3202 2793 3298 2865 τὴν
3344 2793 3480 2863 ἑξῆς
3521 2795 3688 2862 ἑτέρω

2133 2889 2411 2942 ἐπεδέοντο
2460 2889 2596 2959 πρὸς
2642 2887 2980 2956 καθαρισμὸν
3027 2885 3468 2956 ἁμαρτημάτων.
3511 2886 3618 2936 Καὶ
3651 2887 3688 2934 εἰ

458 2979 746 3032 criminum
795 2979 1154 3047 expiationem
1209 2981 1388 3034 denuo
1432 2981 1582 3032 illum
1634 2990 1847 3050 postera
1906 2983 2010 3036 luet

2132 2983 2267 3046 ὅλως
2296 2982 2397 3034 οὐκ
2433 2981 2725 3051 ἀπέχονται
2753 2979 2846 3032 τοῦ
2879 2980 3230 3050 ἁμαρτάνειν,
3251 2977 3595 3047 νομίζοντες,
3623 2979 3689 3029 ὅτι

459 3077 782 3139 repeterent.
826 3069 977 3134 Quod
1007 3071 1053 3123 si
1085 3085 1309 3139 peccare
1336 3072 1557 3124 oniniuo
1581 3088 1688 3125 non
1731 3072 2022 3139 desinunt;

458 3161 880 3229 existimantque
909 3175 990 3224 se,
1029 3175 1150 3212 cum
1187 3169 1444 3229 perpetuo
1469 3176 1531 3214 ac
1568 3162 1759 3216 diebus
1783 3164 2027 3233 {singulis

459 3257 704 3320 peccent,
740 3249 947 3319 expiari
979 3265 1118 3319 aqua
1149 3266 1326 3319 posse,
1359 3252 1704 3307 vehementer
1748 3255 2024 3318 aberrant,

459 3357 560 3395 nec
597 3350 680 3396 est
704 3358 892 3396 eorum
923 3343 1171 3398 instituto
1202 3345 1394 3400 vanius
1425 3359 1516 3399 aut
1555 3345 1846 3402 absurdius
1869 3348 2028 3417 quid-

459 3450 644 3504 quam.
690 3436 895 3489 Etenim
940 3452 1113 3505 neque
1147 3434 1391 3493 Oceanus
1437 3438 1586 3508 ipse,
1627 3456 1804 3510 neque
1855 3442 2026 3494 maria

459 3526 678 3591 omnia;
732 3541 905 3594 neque
955 3542 1216 3594 perennes
1267 3526 1551 3583 ﬂuviorum
1585 3545 1758 3599 aquas,
1791 3533 1871 3586 vel
1905 3532 2027 3585 fon-

459 3618 631 3682 tium;
683 3634 856 3688 ncque
901 3620 1161 3688 quidquid
1211 3623 1417 3691 uspiam
1465 3623 1769 3692 pluviarum
1813 3634 1932 3689 est,
1980 3626 2025 3681 si

531 3771 552 3803 ¹
581 3771 742 3830 Forte
781 3775 1309 3844 Ἡμεροὸαπτιστῶν.

531 3929 641 4001 (10)
749 3930 1314 3999 ἸΙμεροϐαπτιστῶν.
1417 3930 1714 3984 Commune
1821 3929 2022 3985 Iudaeis

462 4002 750 4059 erunibus.
797 4010 850 4056 et
909 4003 958 4054 in
1005 4005 1191 4071 primis
1255 4000 1542 4054 Phariszeis
1587 4001 1756 4055 fuisse
1808 3999 2023 4060 Marcus

461 4073 790 4137 evangelista
825 4082 1050 4125 testatur
1100 4087 1215 4138 cap.
1264 4087 1362 4132 vn,
1400 4071 1433 4123 5
1465 4081 1518 4124 et
1566 4073 1618 4128 4.
1655 4080 1712 4123 ut
1746 4078 1798 4123 et
1831 4085 2024 4122 manus

463 4138 774 4207 frequenter
819 4143 1120 4200 abluerent,
1148 4153 1197 4193 et
1231 4156 1259 4194 a
1302 4140 1418 4192 foro
1451 4141 1738 4194 redeuntes
1784 4140 2023 4207 baptiza-

462 4221 670 4263 rentur.
702 4211 879 4276 Quare
912 4227 1020 4264 non
1052 4212 1264 4264 videtur
1292 4212 1576 4278 peculiaris
1615 4211 1725 4264 haec
1757 4217 1903 4263 serta
1932 4210 2025 4262 Ju-

462 4279 700 4333 (la-:OI‘UIII
733 4282 1040 4344 exstitisse;
1077 4281 1182 4334 nisi
1219 4283 1290 4333 ita
1335 4282 1578 4333 dicamus
1613 4280 1900 4334 nonnullos
1928 4281 2020 4348 qui

749 3930 1314 3999 ἸΙμεροϐαπτιστῶν.
1417 3930 1714 3984 Commune
1821 3929 2022 3985 Iudaeis

2128 3075 2192 3128 τὸ
2242 3075 2385 3144 ὕδωρ
2431 3073 2711 3143 καθαρίσει
2775 3072 2898 3134 τοὺς
2949 3071 3235 3141 ἐνδελεχῶς
3289 3071 3410 3124 καθ’
3472 3073 3688 3138 ἑκάστην

2132 3167 2568 3238 ἁμαρτά-νοντας,
2624 3165 2849 3234 μάταιος
2899 3165 3074 3217 αὐτῶν
3114 3168 3146 3233 ἡ
3192 3165 3419 3217 ὑπόνοια
3447 3204 3462 3225 ,
3507 3166 3598 3216 καὶ
3641 3166 3689 3214 τὸ

2131 3261 2462 3330 ἐπιτήδευμα
2507 3258 2733 3329 φροῦδον
2777 3257 2872 3310 καὶ
2895 3256 3079 3310 ἕωλον.
3112 3255 3247 3310 Οὔτε
3287 3256 3393 3327 γὰρ
3427 3257 3687 3317 Ὠκεανὸς,

2130 3352 2251 3406 οὔτε
2281 3351 2456 3404 πάντα
2485 3351 2549 3403 τὰ
2585 3349 2772 3422 ῥεῖθρα
2802 3350 2895 3402 καὶ
2942 3348 3172 3418 πελάγη.
3213 3348 3455 3418 ποταμοί
3485 3365 3546 3399 τε
3584 3349 3688 3399 div-

2131 3462 2248 3497 ναοι
2278 3444 2368 3496 καὶ
2402 3444 2602 3512 πηγαὶ,
2645 3442 2794 3494 πᾶσά
2821 3457 2879 3492 τε
2920 3442 2950 3508 ἡ
2990 3439 3320 3508 ὀμόῳτόκος
3362 3438 3535 3506 φύσις
3583 3457 3687 3489 ’.τ-Γιν-

2133 3533 2359 3587 ελοοῦσα
2396 3533 2615 3586 δύναται
2659 3532 3028 3602 ἁμαρτήματα
3071 3529 3362 3597 ἀφανίσαι·
3403 3530 3689 3599 ἐπειδήπερ

2132 3627 2192 3678 οὺ
2218 3624 2359 3679 κατά
2395 3625 2572 3694 λόγον,
2610 3623 2728 3677 οὐδὲ
2760 3623 2821 3675 ἐκ
2856 3619 3270 3692 προστάγματος
3293 3619 3434 3673 Θεοῦ
3475 3625 3687 3688 Thala

2123 3931 2186 3999 τῇ
2215 3928 2320 3981 τῶν
2347 3929 2554 4052 νεκρῶν
2591 3930 2902 3995 ἀναστάσει,
2934 3932 3068 3987 ἀλλὰ
3103 3935 3170 4002 τῇ
3203 3933 3436 4003 ἀπιστίᾳ.
3469 3936 3565 3986 καὶ
3593 3939 3686 3996 τοῖς

2123 3999 2319 4052 ἄλλοις.
2363 3999 2450 4052 Set
2497 4001 2610 4052 haec
2653 4005 2915 4052 sententia
2971 4003 3040 4052 ab
3088 4002 3177 4052 iis.
3219 4018 3340 4052 num
3372 4006 3544 4052 naulo
3583 4015 3686 4052 ante

2123 3999 2319 4062 ἄλλοις.
2363 3999 2467 4053 Sed
2497 4001 2610 4054 haec
2653 4005 2915 4071 sententia
2971 4003 3040 4057 ab
3088 3999 3177 4065 iis,
3219 4018 3340 4070 quae
3372 3999 3544 4071 paulo
3583 4015 3687 4056 ante

2124 4071 2412 4142 leguntur;
2447 4079 2560 4142 tum
2611 4071 2664 4122 in
2700 4069 2974 4126 Breviario
3019 4069 3287 4125 sectarum
3344 4069 3516 4142 h'ujus
3563 4076 3686 4137 libri,

2126 4147 2179 4194 et
2240 4140 2320 4211 _in
2368 4141 2750 4194 universarum
2839 4142 3277 4210 Anacephala-osi
3350 4140 3685 4211 reperiuntur

2123 4211 2190 4263 ab
2240 4209 2562 4279 Epiphanio,
2616 4211 2964 4282 vehementer
3016 4209 3258 4265 dissidet.
3306 4209 3452 4282 Nam
3506 4215 3686 4282 ubique

2125 4289 2438 4350 constanter
2474 4281 2756 4343 asseritur,
2790 4280 3283 4350 Hemerobaptistas
3315 4299 3345 4335 a
3374 4281 3591 4338 Iudaeis
3614 4280 3686 4337 re-

463 4365 521 4402 se
570 4353 854 4422 sanctitate
905 4343 1159 4419 pneStare
1207 4350 1417 4403 caeteris
1463 4351 1675 4413 vellent,
1711 4367 1817 4411 non
1862 4343 2019 4422 mole
2056 4343 2098 4398 D
2129 4349 2468 4422 liquisrnulla
2505 4343 3114 4422 inipartejliscrepare';
3161 4353 3292 4409 sive.
3331 4364 3389 4405 ut
3433 4356 3543 4407 hoc
3584 4356 3685 4406 loro

461 4421 676 4488 quoties
722 4437 751 4473 a
797 4420 914 4474 furo
953 4424 1213 4484 redirent,
1249 4436 1432 4473 verum
1469 4431 1628 4472 etiam
1670 4421 1882 4473 tametsi
1933 4435 2023 4487 pe-

461 4489 582 4544 dem
631 4489 792 4543 domo
829 4506 933 4544 non
979 4493 1321 4544 extulissent.
1367 4490 1433 4544 de
1477 4490 1566 4543 die
1607 4493 1805 4559 sacpius
1844 4490 2022 4559 lavare

461 4562 831 4616 consuevisse.
865 4560 1181 4628 Cujusmodi
1223 4559 1404 4612 Banus
1435 4559 1523 4614 ille
1555 4558 1796 4624 fuit,’cui
1830 4575 1888 4614 se
1931 4558 2024 4613 Jo-

460 4631 662 4697 sephus
702 4632 754 4683 in
787 4633 1126 4702 disciplinam
1154 4630 1483 4702 tradidit,-ut
1515 4631 1565 4683 in
1595 4629 1714 4702 Vita
1755 4645 1852 4702 sua
1872 4631 2018 4702 scri-

463 4708 612 4770 ptum
680 4699 940 4770 reliquitf
975 4701 1127 4754 Ilunc
1184 4701 1327 4753 enim
1366 4700 1560 4770 refert,
1618 4700 1810 4770 ψυχρῷ
1869 4699 2018 4770 ὕδατι

463 4769 559 4838 τὴν
589 4769 820 4888 ίὲμέρανί,
851 4772 945 4824 καὶ
980 4771 1076 4841 τὴν
1103 4770 1271 4823 νύκτα
1296 4769 1550 4830 πολλάκις
1579 4769 1863 4838 λουόμενον
1891 4769 2024 4838 πρὸς

463 4838 593 4888 ἁγνε
622 4857 704 4888 αν.
724 4840 815 4888 Sin
845 4841 1030 4888 Esseni
1062 4841 1201 4888 apud
1235 4838 1482 4888 eumdem
1511 4838 1803 4888 .losenhum
1833 4839 1924 4888 lib.
1962 4854 2021 4888 I-I-

462 4838 815 4903 ἁγνείανζδὶο
845 4838 1202 4907 Εεεειιὶίψιιά
1235 4838 1482 4892 eumdem
1511 4838 1803 4907 Josephnm
1833 4839 1924 4892 lib.
1962 4854 2021 4903 I-I,

465 4922 584 4978 cap.
619 4907 648 4960 7
673 4924 876 4978 corpus
909 4920 1032 4964 ante
1075 4911 1254 4962 cibum
1300 4910 1592 4961 abluebant
1624 4908 1833 4978 frigida.
1885 4910 2023 4974 Quid

466 4975 629 5045 igitur
671 4975 1147 5047 l—letnerobaptistm
1175 4980 1271 5042 illi,
1307 4994 1444 5046 quos
1476 4975 1806 5048 Epiphanius
1838 4981 2022 5041 refert,

467 5051 780 5112 meruerint,
812 5060 869 5100 ιιι
913 5050 1222 5101 distinctam
1251 5050 1318 5102 ab
1345 5050 1466 5104 aliis
1496 5057 1697 5104 sectam
1726 5050 2022 5111 etlicerent,

466 5131 573 5170 non
609 5118 743 5169 satis
771 5119 1149 5172 discernimus.

537 5185 646 5256 (Η)
679 5189 758 5240 Οὐ
783 5189 909 5256 μὴν
930 5186 1287 5254 ἑξισουμένη
1315 5187 1434 5252 τοῖς
1452 5185 1889 5252 Σαδδουκαίοις.
1921 5187 2023 5252 Qui

465 5255 641 5324 prima
685 5255 865 5326 specie
891 5258 1178 5312 verborum
1206 5256 1429 5310 istorum
1458 5272 1653 5311 sensus
1685 5258 1944 5320 occurrit,
1979 5258 2024 5312 is

465 5333 568 5389 est,
598 5343 755 5393 quem
785 5343 891 5381 non
924 5328 1085 5381 modo
1116 5339 1214 5379 nos
1248 5326 1370 5393 ipsi,
1406 5326 1498 5380 sed
1527 5327 1688 5380 etiam
1726 5326 2024 5381 Cornarius

465 5399 752 5464 expressit.
792 5397 1285 5465 Hernterobaptistas
1323 5411 1428 5449 non
1486 5399 1660 5450 solum
1693 5399 1745 5448 in
1780 5398 2023 5466 neganda

467 5476 802 5534 mortuorum
852 5468 1270 5526 resurrectione,
1300 5481 1484 5518 verum
1531 5467 1583 5519 in
1625 5468 1828 5534 reliqua
1876 5469 2022 5520 omni

464 5533 774 5604 dugmatum
809 5540 1043 5592 falsitate
1077 5535 1407 5588 concordare
1438 5552 1558 5588 cum
1589 5533 1916 5590 Sailductris.
1948 5538 2022 5589 Οὐ

467 5605 575 5675 μὴν
604 5606 921 5680 ἐξισουμένη
966 5607 1144 5678 μόνον,
1175 5607 1368 5676 inquit,
1396 5610 1506 5670 τοῖς
1557 5606 1928 5668 Σαδδουκαίοις
1967 5608 2024 5659 ὲν

2125 4418 2360 4488 scripsit,
2384 4436 2410 4473 a
2438 4419 2646 4474 Scribis
2669 4429 2720 4474 et
2752 4418 3060 4476 Pharisieis.
3094 4422 3243 4486 Quod
3268 4423 3313 4475 si
3338 4438 3678 4476 communem

2125 4504 2246 4542 cum
2289 4490 2601 4545 Sadducmis
2645 4491 2984 4560 negationem
3032 4493 3457 4547 resurrectionis
3499 4494 3685 4548 habue-

2125 4561 2254 4622 rint,
2299 4562 2512 4629 aliaque
2555 4561 2829 4628 dogmata,
2857 4563 3055 4628 quibus
3099 4563 3185 4617 isti
3229 4577 3255 4614 a
3308 4561 3610 4617 Pharisais
3640 4574 3684 4615 et

2127 4629 2333 4683 Scribis
2364 4639 2640 4699 tantopere
2670 4631 3054 4693 abhorrebant,
3102 4642 3157 4684 ut
3202 4631 3266 4684 ad
3313 4632 3683 4686 Samaritanus

2125 4702 2464 4760 accederent,
2508 4700 2958 4769 quemadmodum
3005 4702 3056 4754 in
3107 4703 3321 4754 illorum
3362 4701 3681 4756 declaranda

2126 4769 2315 4825 haeresi
2350 4779 2576 4824 testatus
2613 4778 2727 4834 est;
2772 4770 3012 4838 proferto
3058 4773 3282 4824 tnultum
3335 4786 3466 4824 cum
3511 4788 3542 4825 a
3574 4776 3682 4826 τεη-

2125 4842 2247 4908 quis
2289 4839 2596 4894 Iuda-orum
2645 4841 2986 4902 factionibus,
3027 4851 3134 4894 tum
3187 4857 3217 4893 a
3269 4839 3591 4898 Pharisaeis.
3631 4859 3682 4894 ac

2129 4911 2334 4965 Scribis
2387 4909 2865 4976 Heinerobaptistee
2920 4912 3152 4978 separati
3203 4921 3350 4964 sunt.
3422 4912 3560 4977 Quae
3614 4929 3684 4964 me

2125 4983 2265 5033 ratio
2299 4990 2619 5040 commovet,
2668 4987 2724 5030 ut
2770 4981 2923 5050 aliter
2973 4979 3253 5050 Epiphanii
3313 4985 3485 5035 verba
3537 4985 3682 5034 inter-

2125 5051 2382 5118 pretanda
2439 5051 2698 5118 judicem,
2755 5049 2996 5116 adeoque
3022 5049 3315 5103 contrario
3363 5067 3536 5104 sensu
3578 5071 3590 5103 :
3631 5066 3681 5101 ει,

2126 5121 2276 5188 prior
2328 5121 2414 5172 ille
2456 5127 2559 5180 est,
2610 5134 2768 5188 quam
2793 5119 2856 5190 in
2885 5119 3074 5173 Latina
3108 5121 3355 5174 versione
3403 5124 3587 5190 pestii.
3616 5122 3677 5170 ΟΞ

2128 5190 2233 5258 μὴν
2265 5190 2604 5309 ὲξισουμένὲ,
2653 5189 2849 5256 inquit,
2880 5192 2989 5252 τοῖς
3020 5189 3414 5252 Σαδδουκαίοιςξ
3455 5190 3578 5244 Non
3612 5202 3679 5239 ta-

2128 5275 2244 5309 men
2299 5276 2414 5309 cum
2475 5257 2546 5309 Sa
2588 5259 2783 5309 ducwis
2832 5274 3139 5309 conaruens.
3179 5263 3279 5309 hoc
3339 5276 3454 5309 uno
3498 5263 3678 5309 capite.

2126 5257 2244 5312 men
2299 5276 2414 5312 cum
2451 5257 2783 5312 'Sadducan's
2832 5274 3140 5327 congruens,
3179 5263 3279 5312 hoc
3339 5276 3454 5314 uno
3498 5263 3678 5328 capite,

2127 5328 2269 5397 quod
2311 5337 2647 5383 mortuorum
2695 5331 3148 5383 resurrectionem
3197 5346 3326 5391 non,
3373 5339 3437 5383 ut
3471 5333 3579 5384 illis
3609 5332 3675 5380 vi-

2127 5414 2245 5480 sum
2273 5407 2378 5461 est,
2415 5400 2663 5480 abneget,
2694 5414 3000 5479 quanquam
3037 5401 3243 5469 reliqua
3274 5401 3331 5453 in
3359 5402 3678 5480 perii-diana

2127 5469 2388 5524 adversus
2434 5469 2706 5523 Christum
2755 5470 3021 5538 prazcipue
3073 5469 3437 5532 contumacia,
3487 5472 3678 5524 S‘addu-

2127 5552 2382 5618 eteorum,
2410 5555 2471 5593 ac
2516 5552 2828 5595 camerarum
2864 5541 3126 5594 Judaismi
3161 5541 3438 5595 litercseon
3481 5543 3678 5612 gemina

2127 5619 2217 5663 Sil.
