3754 6182
461 183 568 240 259
1543 207 1564 232 ο

1877 173 1937 230 8.
1968 173 2048 228 ΕΡ

2154 172 2304 228 IAN“
3592 170 3678 228 260

418 326 431 337 ·
465 301 748 370 Scriptura
779 299 1048 367 meminit,
1073 298 1218 355 unde
1251 306 1306 355 et
1337 299 1532 353 horum
1586 294 1879 368 appellatio
1899 333 1916 358 ,
1975 299 2032 348 et

2154 291 2241 362 πὰρ
2265 289 2615 360 περὶτούτων
2641 287 2714 359 μὴ
2736 287 3018 359 λεγούσης,
3043 286 3205 340 πόθεν
3234 285 3424 349 αὐτοῖς
3448 285 3482 355 ἡ
3511 284 3680 352 γνῶσις

464 391 679 461 egregia
703 389 877 444 virtus
906 389 1012 445 nisi
1031 404 1098 443 ex
1127 389 1237 443 illis
1264 387 1637 444 voluminibus
1665 384 1883 455 cognita
1913 398 2038 438 esse

465 483 735 554 potuerit?
763 481 866 548 Qui
909 496 1073 552 porro
1122 481 1376 535 convenit
1431 480 1713 534 veritatem
1762 477 1816 530 in
1871 471 2038 529 unu’m

465 591 589 629 cum
620 574 858 630 falsitate
885 574 1260 629 concurrere?
1302 573 1660 640 eamdemque
1698 569 2038 638 Scripturam

465 667 666 739 partim
700 681 849 730 vera,
899 667 1094 736 partim
1141 667 1276 720 falsa
1305 666 1558 733 jactare?
1602 677 1726 716 cum
1785 661 2039 716 Salvator

465 759 666 813 dixerit
694 777 706 811 :
730 756 836 810 Aut
855 757 1012 826 facite
1034 755 1274 810 arborem
1297 758 1507 818 bonam,
1535 763 1584 807 et
1611 754 1814 822 [ructus
1842 751 2037 804 bonos:

467 857 560 902 aut
592 847 831 902 arborem
871 847 1071 900 malam
1091 889 1106 913 ,
1149 856 1198 900 et
1236 846 1438 914 fructus
1470 845 1660 900 malos.
1694 842 1874 912 Neque
1901 843 2040 896 enim

465 951 632 1009 potest
661 939 819 994 arbor
849 939 985 993 bona
1008 939 1176 993 malos
1207 938 1412 1007 fructus
1455 937 1626 1000 facere
1645 974 1660 999 ,
1693 951 1854 1004 neque
1883 934 2042 988 arbor

466 1031 612 1084 mala
636 1031 654 1061 ⁸
682 1030 843 1086 bonos
875 1031 1079 1101 fructus
1118 1030 1312 1097 facere.
1339 1029 1448 1099 39
1484 1027 1752 1094 Quocirca
1808 1027 2044 1081 vanissi-

466 1136 616 1176 mum
651 1122 844 1176 horum
889 1121 1171 1176 hominum
1207 1121 1481 1187 ingenium
1527 1125 1643 1183 est;
1689 1116 2044 1185 doctrinaque

468 1213 587 1283 ipsa
619 1215 806 1269 multis
832 1229 896 1268 ex
935 1212 1206 1282 capitibus
1251 1211 1418 1265 everti
1467 1225 1530 1263 ac
1563 1208 1790 1263 refutari
1840 1215 2040 1277 potest.

464 1303 778 1360 Prmertim
811 1321 934 1360 cum
980 1304 1034 1357 in
1079 1303 1402 1358 hodiernum
1445 1316 1619 1368 usque
1672 1309 1887 1368 tempus
1933 1313 2042 1352 non

465 1391 629 1445 modo
663 1392 1008 1446 celebrentur
1033 1407 1118 1454 ea,
1153 1405 1273 1461 quae
1297 1392 1364 1444 iis
1396 1390 1451 1442 in
1477 1389 1631 1444 libris
1659 1399 1811 1458 gesta
1835 1403 2043 1442 memo-

466 1491 693 1548 rantur;
727 1483 820 1537 sed
852 1491 907 1536 et
959 1485 1191 1551 ipsamet
1231 1484 1348 1536 loca
1399 1488 1896 1551 repraesententur,
1951 1479 2043 1534 ubi

466 1573 785 1627 admiranda
807 1575 899 1627 illa
926 1574 1170 1643 prodigia
1189 1574 1556 1642 contigerunt.
1589 1573 1644 1626 In
1674 1573 1866 1643 primis
1887 1586 2044 1625 mons

2138 383 2239 452 τῆς
2265 381 2375 434 τῶν
2413 380 2665 450 πατέρων
2702 381 2996 449 ὀνομασίας
3027 380 3122 434 καὶ
3154 378 3435 450 ἀριστείας
3463 378 3514 429 εί
3547 378 3612 445 μὴ
3638 379 3681 442 ἐξ

2138 473 2318 526 αὐτῶν
2351 471 2458 525 τῶν
2494 471 2727 542 Γραφῶν
2753 471 2852 541 τῆς
2880 470 3252 540 Πεντατεύχου
3274 486 3288 534 ;
3312 470 3424 522 Καὶ
3457 467 3574 530 πῶς
3598 463 3681 520 οἷον

2138 583 2198 617 τε
2230 568 2284 618 ὲν
2315 565 2497 636 ταυτῷ
2536 561 2676 617 εἶναι
2705 563 2903 635 ἀληθὲς
2942 565 3036 617 καὶ
3063 562 3289 632 ψεῦδος
3315 562 3412 615 καί
3451 563 3510 612 ὲν
3556 561 3683 630 μέρει

2138 654 2236 725 τὴν
2273 655 2492 725 Γραςρὴν
2527 652 2833 722 ἀληθεύειν,
2868 655 2925 704 ὲν
2961 651 3118 722 μέρει
3163 651 3220 704 δὲ
3260 649 3587 719 ψεύδεσθαι;
3612 650 3684 702 τοῦ

2141 746 2394 817 Σωτῆρος
2419 745 2667 812 λέγοντος
2687 761 2700 774 ο
2737 745 2810 798 Ἢ
2845 743 3135 809 ποιήσατε
3179 741 3244 795 τὸ
3277 741 3536 809 δένδρον
3569 742 3686 810 ἁγη-

2141 837 2268 898 θὸν,
2319 837 2414 890 καὶ
2460 837 2601 902 τοὺς
2632 837 2900 904 καρποὺς
2949 835 3241 906 ἀγαθοὺς,
3273 835 3311 902 ἢ
3358 834 3426 887 τὸ
3465 834 3687 901 δένερςγ

2141 930 2397 997 σαπρὸν.
2424 929 2523 984 καὶ
2563 928 2704 994 τοὺς
2731 928 2996 995 καρποὺς
3032 927 3323 994 σαπρούς.
3353 927 3436 978 Οὐ
3473 924 3685 978 δύναται

2143 1025 2252 1094 γὰρ
2289 1022 2539 1090 δένδρον
2573 1022 2821 1105 ⁹ἀγαθὸν
2868 1019 3102 1088 καρπὸν
3147 1022 3384 1085 σαπρὸν
3432 1016 3686 1082 ποιῆσαι,

2144 1114 2286 1168 οὺδέ
2313 1113 2564 1180 δένδρον
2591 1114 2827 1181 σαπρὸν
2855 1111 3119 1180 καρποὺς
3149 1110 3411 1180 ἀγαθοὺς
3444 1107 3686 1173 ποιῆσαι.

2146 1206 2602 1280 Μάταιοςιτοίνυν
2632 1204 2862 1273 αὐτῶνῆ
2895 1204 3122 1266 διάνοια,
3154 1203 3246 1256 καὶ
3271 1205 3303 1272 ἡ
3337 1203 3618 1271 εἰσήγησς
3643 1204 3690 1253 ἐκ

2145 1296 2361 1349 πολλῶν
2401 1296 2596 1366 ἔχουσα
2626 1295 2724 1364 τὴν
2765 1295 3078 1365 ἀνατροπὴν
3101 1311 3114 1323 ·
3144 1294 3218 1356 ὡς
3247 1293 3374 1363 ἄχρι
3411 1292 3516 1361 τῆς
3564 1291 3690 1361 δεῦρο

2145 1388 2204 1440 οὐ
2239 1387 2395 1457 μόνον
2432 1386 2500 1439 τὰ
2533 1389 2589 1439 ὲν
2617 1389 2736 1449 ταῖς
2764 1387 3008 1458 Γραφαίς
3037 1384 3238 1455 ᾅδεται,
3265 1384 3402 1437 ἀλλὰ
3440 1383 3541 1436 καὶ
3569 1384 3690 1435 aito:

2145 1482 2191 1532 οἱ
2213 1481 2365 1531 τόποι
2390 1477 2498 1530 τῶν
2527 1477 2989 1549 παραδοξοποιιῶν
3015 1476 3543 1546 σωματοποιοῦνται.

2145 1590 2236 1625 τον
2259 1575 2392 1625 ὅπου
2419 1571 2477 1623 τὺ
2509 1571 2777 1642 πρόϐατον
2805 1573 2832 1624 ὁ
2867 1569 3116 1641 Ἀϐραάμ
3143 1569 3451 1639 προσέφερε
3484 1567 3560 1637 τῷ
3581 1567 3676 1636 Θεῴ

467 1665 620 1728 Sion,
656 1665 746 1719 ubi
788 1680 944 1720 ovem
986 1664 1094 1719 Deo
1145 1666 1497 1719 Abrahamus
1542 1664 1863 1726 immolavit,
1899 1664 2040 1717 idem

2154 1665 2268 1735 ὅρος
2312 1662 2446 1716 Σιὼν
2489 1663 2613 1733 ἄχρι
2646 1661 2740 1714 τοῦ
2776 1661 2933 1732 δεῦρο
2972 1661 3113 1714 οὕτω
3154 1661 3515 1730 καλούμενον.
3565 1661 3693 1712 ’Δλὶι

466 1758 533 1810 ad
570 1759 672 1811 hoc
725 1765 939 1825 tempus
983 1772 1181 1810 nomen
1209 1756 1470 1809 obtinuit.
1504 1754 1642 1809 Tum
1673 1756 1766 1809 ubi
1809 1770 2042 1824 quercus

465 1848 558 1902 illa
609 1847 850 1902 Mambre
891 1847 1022 1912 fuit;
1062 1862 1170 1915 quo
1207 1848 1262 1901 in
1294 1848 1412 1902 loco
1447 1849 1674 1906 vitulum
1712 1848 1916 1917 angelis
1946 1862 2042 1915 ap-

465 1943 671 2010 posuit.
716 1937 886 2004 Quem
937 1953 1059 1991 cum
1111 1937 1220 1992 illis
1269 1938 1555 2006 epularum
1596 1948 1912 2008 apparatum
1963 1939 2046 1990 in-

465 2038 723 2092 strueret,
754 2029 1048 2083 verisimile
1081 2037 1166 2084 est
1197 2044 1387 2084 eorum
1427 2036 1480 2084 et
1513 2031 1688 2098 ipsum
1724 2030 2041 2099 participem

466 2123 769 2177 exstitisse.

540 2212 626 2265 IlI.
662 2211 804 2276 Quin
830 2210 994 2265 etiam
1026 2211 1171 2279 quod
1213 2209 1279 2264 ad
1313 2211 1462 2264 illum
1490 2226 1685 2282 agnum
1726 2211 1936 2274 attinet,
1990 2211 2046 2264 in

468 2303 702 2374 Egypto
722 2319 752 2356 a
777 2301 976 2356 Iudaeis
1009 2303 1343 2356 immolatum
1369 2305 1485 2372 ejus
1515 2304 1589 2356 rei
1619 2305 1874 2356 memoria
1905 2303 2045 2373 apud

466 2395 784 2466 Algyptios,
823 2396 1078 2465 ipsosque
1109 2394 1334 2449 deorum
1372 2395 1607 2448 cultores
1661 2394 1928 2464 hodieque
1962 2412 2046 2450 re-

467 2498 668 2543 manet.
703 2487 910 2542 Etenim
944 2487 1046 2541 sub
1069 2485 1210 2540 idem
1247 2494 1481 2556 tempus,
1512 2502 1620 2551 quo
1646 2487 1755 2539 illic
1788 2487 1912 2540 olim
1947 2485 2049 2539 Pa-

469 2580 600 2634 scha
642 2577 973 2634 celebratum
1010 2585 1125 2639 est,
1156 2577 1299 2647 quod
1347 2578 1398 2630 in
1437 2580 1579 2632 veris
1626 2578 1837 2631 initium
1887 2587 2050 2647 atque

466 2669 850 2739 aequinoctium
874 2669 1086 2731 incidit,
1110 2668 1348 2740 IEgyptii
1369 2685 1558 2724 omnes
1581 2670 1746 2723 minio
1773 2686 1902 2726 oves
1922 2686 2049 2726 suas

465 2764 737 2828 inliciunt,
786 2779 1004 2817 necnon
1043 2769 1097 2816 et
1125 2762 1381 2825 arbores.
1431 2764 1508 2816 uti
1560 2761 1724 2829 ﬁcus,
1767 2772 1820 2818 et
1859 2773 2049 2818 caetera

470 2857 754 2927 ejusmodi.
789 2855 958 2926 Cujus
1007 2856 1227 2926 quidem
1281 2856 1422 2909 ritus
1451 2856 1663 2910 tametsi
1697 2871 1916 2910 causam
1950 2872 2051 2911 ne-

466 2948 665 3013 sciant,
699 2946 846 3000 istud
883 2954 1065 2999 tamen
1116 2960 1226 3014 prae
1269 2961 1327 3000 se
1369 2946 1578 3010 ferunt,
1608 2961 1670 3000 ac
1715 2947 1872 3018 vulgo
1890 2948 2050 3017 jacti-

467 3044 586 3091 tant
626 3054 639 3090 :
673 3037 766 3090 illo
807 3035 894 3090 die
930 3037 1242 3089 universum
1275 3044 1544 3089 terrarum
1581 3038 1763 3090 orbem
1798 3038 2048 3092 incendio
2078 3009 2121 3068 Ο

469 3131 865 3202 conﬂagrasse;
897 3129 1058 3198 hujus
1074 3144 1236 3198 porro
1263 3129 1588 3183 calamitatis
1614 3131 1918 3186 avertenda:
1940 3133 2045 3186 vim

469 3224 757 3294 quamdam
797 3222 850 3275 in
901 3236 1097 3275 cruore
1149 3220 1240 3274 illo
1283 3231 1445 3290 atque
1500 3222 1658 3291 igneo
1708 3224 1890 3279 colore
1926 3240 2048 3280 esse

469 3314 722 3384 positam.
759 3311 968 3378 Quibus
1017 3325 1146 3365 vero
1187 3309 1254 3364 de
1308 3311 1518 3376 causis,
1555 3319 1750 3382 negant
1780 3314 1881 3368 sibi
1926 3329 2048 3370 esse

469 3413 835 3475 compertum;
876 3402 970 3458 sed
1015 3409 1069 3456 et
1123 3402 1405 3471 hucusque
1449 3403 1502 3456 in
1541 3401 1922 3474 Cardyaaorum
1962 3420 2049 3460 re-

470 3498 629 3565 gione
668 3509 808 3548 arcae
854 3494 1164 3547 Noemitica:
1215 3494 1472 3564 reliquias
1519 3495 1829 3548 ostendunt.
1879 3495 1957 3549 Ac
2000 3496 2046 3551 si

471 3587 594 3658 quis
619 3585 930 3656 diligentius
960 3585 1256 3654 perquirat,
1291 3599 1398 3638 non
1447 3584 1667 3651 dubito,
1698 3586 1828 3655 quin
1859 3586 2048 3640 altaris

471 3691 689 3749 quoque
721 3677 979 3747 vestigia,
1021 3676 1166 3746 quod
1215 3677 1391 3747 ipsum
1439 3691 1784 3745 consequens
1838 3686 1949 3742 est,
1979 3677 2048 3731 ad

472 3769 674 3824 montis
721 3768 934 3824 radices
991 3769 1235 3824 invenire
1275 3769 1448 3840 possit
1484 3787 1498 3823 :
1532 3769 1624 3823 ubi
1663 3776 1777 3823 tum
1819 3768 1932 3824 Noe
1981 3785 2048 3824 ex

473 3875 601 3915 arca
632 3861 984 3931 progrediens
1021 3861 1251 3926 mansit,
1294 3869 1348 3916 et
1385 3861 1452 3916 de
1493 3861 1644 3931 puris
1699 3863 2045 3927 animalibus,

472 3960 638 4022 atque
686 3953 938 4022 adipibus
994 3951 1218 4006 Domino
1254 3952 1362 4007 Deo
1415 3953 1741 4008 sacriﬁcium
1790 3955 2044 4010 instituit.

473 4042 593 4110 Quo
624 4044 785 4099 etiam
830 4052 1072 4114 tempore
1098 4045 1226 4098 illud
1263 4060 1293 4098 a
1327 4045 1434 4100 Deo
1470 4049 1748 4100 oraculum
1789 4049 1997 4118 accepit
2031 4067 2046 4102 :

475 4133 612 4189 Ecce
635 4135 757 4188 dedi
792 4135 885 4188 tibi
911 4138 1108 4200 omnia,
1145 4144 1390 4205 tanquam
1427 4137 1705 4192 herbarum
1735 4141 1899 4201 olera,
1934 4158 2050 4193 ma-

475 4237 582 4291 cta,
633 4237 682 4281 et
731 4227 938 4281 comede
961 4229 1002 4280 ³.
1030 4226 1229 4282 Verum
1279 4229 1685 4298 haeresishnjns
1725 4232 2046 4293 adulterina,

475 4317 748 4386 stultaque
781 4319 1030 4385 dogmata
1080 4319 1248 4372 missa
1297 4317 1513 4372 faciam.
1552 4318 1829 4388 Siquidem
1879 4336 2047 4389 pauca

474 4410 592 4464 haec
617 4409 891 4465 sullirinnt
924 4425 954 4462 a
983 4410 1140 4464 nobis
1172 4410 1454 4480 lmeusque
1479 4411 1772 4481 disputata,
1801 4423 1962 4482 atque
1983 4412 2050 4466 ad

473 4516 596 4555 eum
613 4515 853 4555 errorem
885 4499 1308 4568 propulsandum
1341 4500 1394 4553 in
1428 4501 1662 4554 medium
1689 4502 1873 4554 allata.

863 4609 1139 4664 CONTRA
1176 4609 1485 4668 ossmvos
1521 4613 1663 4684 (ιι),

618 4723 749 4789 Qua:
768 4733 842 4777 est
880 4722 956 4776 VI
979 4725 1193 4779 hwresis
1225 4723 1514 4793 Judaismi,
1539 4725 1720 4781 ordine
1748 4726 1907 4782 XIX.

548 4899 589 4952 Ι.
625 4898 879 4970 Sequitur
907 4900 1239 4956 Ossenorum
1271 4902 1494 4958 haeresis
1518 4918 1642 4958 cum
1677 4904 2054 4975 superioribus

554 5057 570 5086 ¹
610 5054 742 5110 Luc.
782 5071 856 5120 vi,
890 5057 979 5111 45.
1055 5058 1076 5088 ²
1102 5057 1236 5113 Gen.
1272 5075 1344 5112 ix.
1371 5060 1423 5113 5.
1501 5060 1523 5091 ³
1547 5057 1789 5131 Ὲονιοὴ,
1813 5060 1895 5117 vel
1921 5060 2039 5118 τοῦ.

553 5214 666 5288 (l3)
683 5214 794 5268 Καὶ
824 5215 975 5288 ὅπου
999 5216 1036 5283 ἡ
1064 5215 1209 5285 δρῦς
1231 5217 1342 5284 τῆς
1361 5219 1628 5288 Μαμϐρῆ.
1653 5219 2055 5280 Celeberrimus

481 5285 622 5361 apud
647 5292 904 5361 posteros
939 5285 1093 5361 locus
1131 5288 1219 5340 ille
1248 5290 1366 5351 fuit,
1392 5285 1468 5361 ad
1507 5285 1679 5361 usque
1705 5293 2048 5349 Constantini

487 5353 660 5424 Magni
685 5364 952 5429 tempora,
984 5357 1183 5429 quibus
1213 5366 1320 5410 tam
1340 5353 1666 5417 aJndaBis'et
1700 5362 2048 5429 Christianis,

483 5441 644 5505 quam
679 5440 708 5478 a
740 5427 1033 5491 gentilibus
1074 5427 1398 5505 frequentes
1431 5432 1713 5505 religionis
1748 5449 1877 5505 ergo
1919 5427 2051 5488 con?

485 5504 699 5570 ventus,
731 5510 795 5548 ac
828 5507 1100 5570 mercatus
1138 5499 1247 5550 illic
1278 5497 1466 5563 habiti,
1492 5497 1630 5570 quos
1655 5497 2052 5562 Constantinus

481 5567 663 5622 edicto
700 5567 944 5619 sustulit.
978 5568 1314 5623 Sozomenus
1351 5570 1384 5622 Ι.
1412 5586 1471 5630 n.
1509 5567 1557 5624 δ.
1596 5573 1648 5627 5.

555 5635 665 5702 (14)
697 5637 858 5691 Κατὰ
893 5639 1226 5706 Ὀσσηνών.
1255 5639 1404 5705 Quos
1430 5641 1671 5699 Ossenos
1700 5644 1786 5700 hic
1819 5649 2050 5717 appellat

2737 1757 2762 1767 ~

2147 1760 2239 1810 καὶ
2267 1760 2398 1810 ὅπου
2436 1759 2468 1827 ἠ
2499 1758 2627 1828 δρῦς
2653 1758 2672 1788 ³
2704 1757 2801 1827 τῆς
2827 1756 3076 1827 Μαμϐρῆ
3104 1755 3212 1825 (15)
3253 1755 3381 1808 ἔνθα
3411 1757 3532 1816 τοῖς
3559 1754 3693 1820 ἀγγέ-

2145 1850 2256 1911 λοις
2288 1847 2560 1920 παρετέθη
2601 1850 2628 1900 ὁ
2666 1848 2886 1918 μόσχος·
2925 1848 3056 1900 ὅπου
3097 1847 3155 1900 δὲ
3194 1847 3449 1918 Ἀϐραὰμ
3474 1845 3694 1913 ἀγγέλοις

2150 1941 2417 2011 παρέθετο
2466 1941 2641 2011 κρεῶν
2693 1941 2791 2012 τὴν
2845 1939 3182 2010 ὲτοιμασίαν,
3235 1938 3486 1992 ἀποδέων
3520 1938 3612 1990 οὐκ
3645 1934 3695 2006 ἦν

2148 2034 2308 2095 αὐτὸς
2335 2033 2432 2103 τῆς
2467 2032 2674 2084 τούτων
2704 2033 2955 2102 μετοχῆς.

2219 2209 2290 2260 Γ’.
2336 2208 2494 2260 Ἀλλὰ
2524 2207 2617 2260 καὶ
2663 2207 2757 2258 τοῦ
2788 2206 3063 2277 προϐάτου
3105 2205 3362 2268 τυθέντος
3404 2205 3469 2257 ὲν
3513 2208 3576 2276 τῇ
3617 2206 3698 2257 τῶν

2149 2301 2462 2370 Αἰγυπτίων
2495 2300 2647 2373 χώρᾳ
2679 2300 2757 2352 ἔτι
2801 2299 2931 2371 παρ’
2962 2299 3277 2368 Αἰγυπτίοις
3301 2299 3569 2367 τυγχάνει
3604 2300 3699 2368 ᾁδο-

2155 2395 2342 2466 μένηὴ
2376 2394 2691 2465 παράδοσις,
2717 2395 2810 2446 καὶ
2835 2393 2984 2464 παρὰ
3009 2396 3120 2456 τοῖς
3157 2392 3598 2464 εἰδωλολάτραις.
3633 2393 3698 2443 Ἐν

2151 2490 2260 2559 γὰρ
2290 2487 2368 2557 τῷ
2393 2485 2593 2556 καιρῷ,
2629 2487 2715 2538 ὅτε
2748 2485 2808 2538 τὸ
2824 2486 3012 2555 Πάσχα
3041 2484 3257 2553 ἐγένετο
3281 2486 3490 2541 ἐκεῖσε.
3507 2483 3638 2554 ἁρχὴ
3659 2485 3701 2534 ξὲ

2152 2579 2289 2649 αὕτη
2319 2580 2528 2647 γίνεται
2562 2579 2655 2630 τοῦ
2697 2578 2875 2648 ἔαρος,
2909 2578 2998 2630 ὅτε
3038 2579 3071 2648 ἡ
3101 2577 3292 2648 πρώτη
3341 2577 3625 2648 ίσημερία,
3656 2577 3703 2628 ἐι

2157 2671 2384 2741 μίλτεως
2424 2670 2757 2740 λαμϐάνουσι
2791 2669 2992 2733 πάντες
3036 2670 3320 2739 Αἰγύπτιοι
3364 2669 3514 2722 κατὰ
3553 2671 3702 2737 ἀγνω-

2156 2763 2293 2825 σίαν,
2331 2763 2422 2815 καὶ
2448 2761 2658 2833 χρίουσι
2692 2763 2787 2832 μὲν
2816 2760 2884 2814 τὰ
2908 2762 3172 2836 πρόϐατα,
3204 2764 3419 2834 χρίουσι
3451 2763 3512 2815 δὲ
3547 2763 3635 2816 καὶ
3652 2763 3705 2814 2'1

2153 2855 2363 2924 δένδρα,
2387 2855 2487 2916 τὰς
2509 2855 2702 2916 συκᾶς,
2731 2855 2823 2907 καὶ
2861 2855 2925 2908 τὰ
2957 2854 3112 2918 ἄλλα,
3147 2856 3487 2926 φημίζοντες
3518 2857 3613 2908 καὶ

2154 2963 2362 3014 γοντες,
2414 2947 2496 2998 ὅτι
2528 2946 2680 3016 φησι·
2728 2946 2788 2998 τὸ
2821 2946 2930 3018 πῦρ
2957 2947 3014 2999 έν
3058 2947 3229 3018 ταύτῃ
3263 2951 3329 3019 τῇ
3355 2948 3551 3020 ἡμέρᾳ
3594 2965 3703 3000 κατ-

2155 3037 2345 3105 έφλεξε
2415 3055 2546 3090 ποτε
2603 3037 2700 3108 τὴν
2756 3038 3102 3109 οἰκουμένην.
3167 3041 3240 3092 Τὸ
3293 3040 3352 3094 δὲ
3396 3041 3590 3111 σχῆμα
3634 3040 3704 3091 τοῦ

2155 3130 2384 3200 αἵματος
2429 3131 2489 3183 τὸ
2516 3133 2774 3203 πυρωπὸν
2805 3131 3160 3203 άλεξητήριόν
3213 3134 3330 3186 ἐστι
3379 3135 3490 3204 τῆς
3542 3135 3703 3187 τοτα-ζ-

2152 3240 2250 3294 της
2281 3222 2494 3293 πληγῆς
2516 3225 2609 3276 καὶ
2636 3224 2911 3296 τοιαύτης.
2945 3224 3113 3277 Πόθεν
3139 3225 3196 3277 δὲ
3216 3227 3315 3278 οὐκ
3344 3225 3551 3296 ἔχομεν
3568 3228 3705 3291 ’δείξίὲ

2154 3314 2282 3384 περὶ
2319 3314 2418 3383 τῆς
2450 3314 2799 3378 ἀκολουθίας,
2829 3315 2904 3378 ὡς
2934 3314 3014 3368 ἔτι
3058 3316 3152 3370 καὶ
3181 3316 3340 3387 δεῦρο
3377 3316 3456 3369 τὰ
3510 3317 3705 3384 leam

2152 3408 2251 3476 τῆς
2282 3405 2375 3458 τοῦ
2397 3406 2519 3458 Νῶε
2543 3407 2810 3477 λάρνακος
2831 3407 3100 3461 δείκνυται
3129 3409 3185 3460 ὲν
3211 3411 3275 3478 τῇ
3300 3407 3410 3460 τῶν
3438 3410 3705 3480 Κάρδυέων

2154 3495 2328 3566 χώρᾳ.
2365 3495 2476 3548 Καὶ
2523 3497 2742 3561 πάντως
2777 3497 2832 3550 δὲ
2881 3499 2928 3550 εί
2972 3497 3321 3568 ἐπιζητήσειέ
3364 3516 3480 3563 τις,
3517 3499 3609 3553 καὶ
3635 3500 3707 3550 ἀνα

2154 3589 2466 3659 ερευνήσειε
2492 3590 2586 3643 καὶ
2605 3589 2673 3641 τὰ
2695 3589 2921 3658 λείψανα
2947 3588 3039 3642 τοῦ
3063 3589 3481 3660 θυσιαστηρίου,
3507 3593 3705 3660 ἐπείπερ

2155 3677 2444 3731 ἀκόλουθόν
2467 3679 2636 3740 ἐστιν,
2670 3678 2819 3750 εὖροι
2855 3679 2919 3732 ἂν
2945 3681 3003 3733 ὲν
3035 3683 3098 3751 τῇ
3137 3681 3383 3752 ὑπωρείᾳ
3416 3682 3519 3736 τοῦ
3546 3683 3703 3754 ὅρους·

2153 3771 2287 3824 ὅπου
2314 3771 2496 3842 ἔμεινε
2521 3770 2642 3824 Νῶε
2668 3770 2897 3836 ἐξελθὼν
2923 3771 3032 3826 ἀπὸ
3052 3775 3150 3843 τῆς
3171 3772 3429 3837 κιὸωτοῦ,
3453 3775 3552 3829 καὶ
3577 3793 3706 3845 προς-

2154 3862 2380 3931 ενέγκας
2414 3862 2520 3916 ἀπὸ
2545 3863 2654 3916 τῶν
2677 3861 2829 3925 ζώων
2862 3863 2970 3916 τῶν
3002 3863 3277 3935 καθαρῶν,
3319 3867 3417 3919 καὶ
3439 3867 3551 3920 τῶν
3580 3870 3705 3920 στιά-

2152 3971 2259 4008 των
2310 3953 2500 4026 Κυρίῳ
2551 3953 2628 4025 τῷ
2677 3953 2825 4025 Θεῷ,
2875 3955 2962 4008 ὅτε
3011 3956 3268 4026 ἤκουσεν·
3314 3957 3470 4013 Ἰδοὺ
3509 3960 3706 4014 δέδωκά

2155 4061 2251 4099 σοι
2281 4045 2497 4109 πάντα,
2532 4046 2613 4112 ὡς
2633 4045 2871 4116 λάχανα
2902 4047 3122 4115 χόρτου
3141 4064 3155 4078 ·
3191 4049 3409 4114 θῦσον,
3435 4053 3537 4107 καί
3560 4054 3702 4122 φάγε.

2155 4137 2563 4208 Παρελεύσομαι
2612 4139 2668 4191 δὲ
2701 4138 2796 4192 καὶ
2838 4138 3044 4210 ταύτης
3088 4140 3249 4195 πάλιν
3301 4143 3364 4195 τὸ
3402 4145 3704 4199 ἐπείσακτον

2154 4227 2248 4279 καὶ
2275 4225 2481 4295 ἠλίθιον
2523 4228 2621 4298 τῆς
2656 4229 2942 4301 αἱρέσεως,
2979 4230 3271 4301 ἀρκεσθεὶς
3296 4235 3421 4297 ταῖς
3468 4253 3705 4310 προειρη·

2159 4316 2348 4386 μέναις
2379 4317 2587 4387 ὀλίγαις
2625 4318 2850 4385 λέξεσιν,
2888 4323 3274 4392 ὲνσπαρείσαις
3303 4325 3416 4379 ὑπὸ
3447 4329 3548 4398 τῆς

2159 4407 2517 4480 βραχύτητος,
2548 4411 2782 4465 ἐνταῦθα
2814 4412 2951 4484 πρὸς
2977 4415 3247 4469 ἀντίθεσιν
3269 4416 3376 4488 τῆς
3399 4419 3610 4492 πλάνης
3629 4424 3704 4490 τῆς

2157 4501 2562 4573 προειρημένης
2581 4503 2862 4575 αἱρέσεως.

2579 4616 2767 4672 ΚΑΤΑ
2805 4617 3122 4674 οΣΣΗΝΩΝ
3152 4621 3264 4694 (tt)
3287 4663 3304 4689 ,

2157 4725 2343 4778 'Exer
2383 4725 2613 4794 αἵρεσις
2643 4727 2762 4806 ἀπὸ
2799 4729 3197 4806 ’ζοιξδατσμοῦ,
3227 4735 3704 4806 ἐννεακαιδεκάτῃ

2665 4797 2734 4850 δὲ
2762 4798 2836 4868 τῇ
2873 4797 3221 4872 ἀκολουθίᾳ.

2225 4907 2306 4963 A'.
2336 4907 2495 4963 Μετὰ
2525 4927 2732 4982 ταυτην
2765 4912 2928 4968 πάλιν
2957 4913 3091 4986 άλλη
3131 4932 3216 4980 τις
3256 4917 3480 4991 αἵρεσις
3511 4922 3706 4983 ταύταις

2163 5225 2520 5303 Epiphanius,
2553 5229 2836 5303 Ὀσσαίους
2861 5231 3055 5289 haeresi
3083 5250 3193 5289 xxx
3227 5244 3284 5292 et
3309 5253 3433 5303 LIII,
3464 5240 3702 5300 nominat.

2159 5305 2219 5372 ut
2273 5296 2515 5372 Scaliger
2570 5301 2854 5372 observat,
2905 5305 3364 5372 quemadmodum
3413 5296 3706 5366 Ἐσσαῖοιά

2171 5367 2550 5450 Ὀξσηνοίξρτο
2583 5371 2775 5450 iisdem
2813 5367 3173 5450 accipiuntur.
3201 5376 3305 5450 ‘Ex
3330 5396 3447 5450 quo
3473 5383 3704 5434 nimirum

2157 5437 2362 5507 colligit
2391 5437 2485 5515 τόν
2513 5442 2735 5515 nonnisi
2756 5444 2894 5515 κατὰ
2915 5437 3255 5515 παραγωγήν
3286 5437 3564 5506 ὶιιὈτωοο
3584 5465 3704 5508 esse.

2158 5523 2333 5574 neque
2370 5510 2612 5564 radicale
2650 5511 2841 5574 videri,
2878 5515 2953 5567 uti
2994 5510 3092 5570 nec
3115 5510 3174 5569 in
3207 5510 3541 5577 Essenorum
3571 5536 3706 5576 voca—

2158 5579 2305 5661 bulo.
2341 5579 2505 5633 Addit
2528 5581 2837 5661 Ὢσσηνυύς
2864 5585 3081 5661 eosdem
3108 5601 3232 5642 esse
3257 5604 3385 5644 cum
3428 5593 3703 5661 'Eau-nwi-s'

2158 5657 2423 5720 utrosque
2453 5651 2598 5707 enim
2637 5651 2792 5708 esSe:
2823 5663 2965 5718 mon
2991 5658 3118 5726 quia
3152 5674 3529 5731 saepenumero
3555 5651 3706 5718 boleti:
