3754 6182
88 130 172 187 261

730 124 1099 182 ADVERSUS
1133 126 1247 182 ΗΑΒ
1258 125 1493 183 RESES.
1534 124 1622 180 ιιι

1787 124 1949 181 ΤΟΜ.
1989 125 2031 180 1.
2064 155 2133 165 -
2166 125 2441 187 ΠᾸΞΒΕΞ.
2484 124 2624 182 XIX.

3224 121 3330 178 262

90 242 590 317 παραπεπλεγμένη,
619 242 653 313 ή
685 241 795 297 τῶν
833 243 1105 314 Ὀσσηνῶν
1130 243 1459 315 καλουμένη.
1502 244 1622 297 Ἰου-

1766 242 2021 312 mplicita.
2052 241 2164 313 5.0
2184 240 2318 324 Nam
2348 254 2401 298 et
2428 240 2482 296 lii
2517 240 2743 312 perinde
2767 246 2826 294 ut
2856 238 2934 294 illi
2961 237 3133 293 Judaei
3168 247 3323 304 sunt,

86 338 209 392 δαῖοί
238 355 297 389 τε
347 331 510 398 οὗτοι,
541 334 617 398 ὡς
658 334 751 387 καὶ
790 334 847 387 αἱ
892 334 1307 405 προειρημέναι,
1346 336 1639 405 ὑποκριταὶ

85 432 165 483 τὸν
210 428 423 499 τρόπον,
470 426 632 479 δεινοὶ
674 425 773 497 τὴν
812 426 1076 479 ἐπίνοιαν.
1110 427 1414 498 Ὥρμηνται
1460 426 1517 478 δὲ
1545 419 1638 479 οὗ-

86 541 155 575 τοι
179 522 219 593 (l
232 521 307 588 5),
330 519 402 583 ὠς
440 520 471 587 ἡ
496 521 574 582 είς
608 519 755 588 ἡμᾶς
778 516 1010 571 ἐλθοῦσα
1040 517 1283 588 περιέχει
1318 518 1635 589 παράδοσις.

83 614 179 667 ἀπὸ
209 613 307 681 τῆς
342 610 657 679 Ναϐατικῆς
688 608 893 681 χώρας,
929 610 1023 663 καὶ
1071 610 1389 681 Ἰτουραίας,
1422 609 1638 663 Μωαϐί-

84 704 214 766 τιδὸς
237 720 295 756 τε
329 704 422 755 καὶ
450 701 802 772 Ἀρηῖλίτιδος
837 701 946 754 τῶν
978 701 1233 755 ἐπέκεινα
1260 702 1358 771 τῆς
1396 702 1637 766 κοιλάδος

83 798 171 867 τῆς
203 794 431 864 Ἀλυκῆς
470 793 643 855 οὕτως
688 793 747 844 ὲν
792 796 860 865 τῇ
891 793 1012 865 Θείᾳ
1062 794 1251 865 Γραφῇ
1298 793 1637 865 καλουμένης

85 887 468 959 ὑπερκειμένης
487 884 690 955 χώρας.
708 886 865 938 Ἐστι
887 884 944 937 δὲ
966 883 1105 954 αὕτη
1128 884 1313 956 Νεκρά
1330 885 1635 957 καλουμένη

85 979 348 1033 Θάλασσα.
377 975 546 1028 Τοῦτο
567 975 698 1028 δὲτὸ
722 975 876 1043 γένος
897 972 1011 1027 τῶν
1038 974 1311 1045 ὐσσηνῶν
1329 975 1438 1045 (16)
1465 976 1637 1046 ἑρμη-

82 1071 276 1123 νεύεται
327 1067 415 1120 διὰ
462 1067 562 1137 τῆς
613 1066 877 1129 ἐκδόσεως
921 1064 1015 1118 τοῦ
1066 1066 1329 1137 ὀνόματος
1381 1067 1634 1139 στιϐαρὸν

82 1163 241 1231 γένος.
272 1159 526 1229 Συνήφοη
567 1159 622 1211 δὲ
653 1157 861 1221 τούτοις
900 1158 1192 1227 μετέπειτα
1224 1158 1338 1229 (l7)
1376 1162 1403 1212 ὁ
1443 1159 1635 1212 καλού-

83 1270 227 1323 μενος
271 1250 487 1314 Ἢλξαῖ.
533 1252 591 1302 ὲν
621 1249 831 1320 χρόνοις
871 1248 1142 1320 Τραϊανοῦ
1185 1248 1447 1319 βασιλέως
1498 1250 1635 1320 μετὰ

78 1347 165 1414 τὴν
196 1341 289 1396 τοῦ
334 1343 586 1413 Σωτῆρος
620 1341 945 1414 παρουσίαν,
982 1342 1041 1405 ὃς
1083 1342 1298 1409 ἐγένετο
1334 1342 1633 1413 ψευδοπρο-

80 1440 260 1506 φήτης.
309 1433 693 1503 Συνεγράψατο
739 1434 796 1486 δὲ
847 1428 998 1497 οὗτος
1042 1432 1245 1502 βιϐλίον
1287 1434 1446 1504 δῆοεν
1493 1436 1635 1488 κατά

81 1527 423 1599 προφητείαν,
460 1526 493 1595 ἦ
533 1525 609 1589 ὡς
646 1527 783 1579 κατὰ
813 1525 990 1577 ἔνθεον
1020 1525 1231 1593 σοφίαν.
1267 1526 1404 1578 Φασὶ
1443 1526 1498 1579 δὲ
1541 1528 1634 1579 καὶ

1740 342 1795 388 et
1827 332 2115 387 simulandi
2151 332 2407 394 artiﬁces,
2441 341 2605 403 atque
2644 332 2699 386 in
2738 330 2930 402 primis
2964 329 3169 386 callidi.
3210 328 3318 387 Fe-

1740 432 1871 479 runt
1900 427 2035 480 istos
2059 440 2126 479 ex
2156 424 2433 490 Nabataea,
2466 424 2681 489 lturaaa,
2711 422 3000 479 Moabitide
3027 430 3081 478 et
3125 423 3325 478 Areili-

1739 516 1850 572 tide
1881 517 2147 586 originem
2177 516 2445 580 traxisse,
2486 531 2607 586 quae
2642 516 2897 587 regiones
2942 503 3084 569 ulira
3121 516 3322 571 vallem

1738 610 2135 681 salsuginosam
2168 610 2357 678 positae
2377 616 2523 664 sunt.
2558 608 2676 664 Hoc
2709 608 2854 664 enim
2898 608 3119 663 nomine
3149 607 3325 665 sacris

1742 701 1799 755 in
1839 701 2035 756 litteris
2064 710 2273 755 tractus
2305 700 2395 755 ille
2424 700 2673 771 superior
2700 700 3024 769 appellatur,
3057 699 3151 770 qui
3178 699 3323 754 idem

1735 801 1821 848 est
1852 808 1976 846 cum
2010 794 2144 845 mari
2170 791 2404 846 Mortuo.
2438 791 2771 848 Ossenorum
2790 806 2954 863 porro
2974 807 3147 863 genus
3176 791 3325 847 istud

1736 883 1783 938 si
1816 898 2010 936 nomen
2042 884 2419 952 interpretere,
2452 882 2594 937 idem
2624 890 2710 937 est
2752 897 2815 936 ac
2848 881 3062 936 ﬁrmum
3093 891 3148 936 et
3188 882 3323 937 soli-

1736 974 1887 1029 dum.
1921 974 2003 1028 Ad
2055 975 2154 1029 hos
2182 964 2375 1044 postea
2420 975 2569 1029 ΕΙιαὶ
2613 991 2672 1031 se
2730 974 2953 1044 quidam
2988 973 3321 1045 aggregavit,

1736 1068 2039 1138 imperante
2065 1067 2323 1136 Trajano,
2352 1075 2474 1136 post
2514 1066 2807 1121 adventum
2840 1064 3046 1120 Christi
3080 1064 3321 1120 Domini.

1736 1160 1839 1227 Qui
1888 1175 2011 1215 cum
2052 1159 2189 1214 falso
2220 1158 2536 1228 praphetam
2560 1174 2619 1212 se
2646 1158 2873 1221 diceret,
2905 1157 3100 1211 librum
3132 1172 3323 1227 quem-

1736 1254 1859 1308 dam
1909 1254 2057 1308 velut
2087 1253 2407 1323 prophetico
2433 1252 2629 1321 spiritu
2660 1251 2873 1306 amatus
2901 1250 3104 1316 edidit,
3136 1252 3322 1307 divina

1736 1345 1944 1398 scilicet
1977 1344 2244 1413 sapientia
2279 1344 2516 1411 plenum.
2551 1341 2725 1411 llujus
2759 1350 3021 1411 prazterea
3068 1342 3321 1409 fratrem,

1733 1437 1955 1492 Jexeum
1990 1437 2227 1499 nomine,
2256 1444 2702 1491 commemorant.
2739 1435 3007 1491 Caeterum
3044 1436 3209 1490 homo
3231 1437 3322 1491 ille

1738 1531 1979 1585 moribus
2006 1531 2249 1600 perditus
2273 1538 2439 1599 atque
2473 1529 2742 1598 impostor
2774 1528 2907 1596 fuit;
2934 1544 3059 1583 nam
3077 1544 3201 1584 cum
3228 1545 3321 1600 ge-

78 1622 218 1675 ἄλλον
246 1618 371 1671 τινὰ
411 1617 601 1681 ’Ῑεξὲον
646 1617 875 1685 ἀδελφὸν
909 1616 1119 1670 τούτου.
1164 1615 1361 1683 Γέγονε
1397 1617 1451 1670 δὲ
1481 1613 1622 1681 οὗτος

1772 1638 1863 1675 ere
1897 1637 1961 1675 ac
2006 1630 2155 1676 secta
2200 1621 2420 1677 Judaeus
2450 1632 2628 1687 esset,
2671 1621 2737 1675 ad
2769 1622 2902 1693 legis
2934 1622 3316 1693 praescriptum

75 1711 205 1766 ὁᾶνο
215 1727 393 1781 ρωπος
427 1707 838 1777 πεπλανημένος
864 1707 954 1759 τὸν
982 1708 1199 1775 τρόπον,
1233 1707 1508 1777 ἀπατηλὸς
1534 1708 1633 1778 τὴν

74 1802 303 1873 γνώμην,
334 1801 444 1854 ἀπὸ
480 1799 745 1852 Ἰουδαίων
771 1798 1107 1869 ὁρμώμενος,
1143 1800 1234 1851 καὶ
1263 1798 1330 1851 τά
1374 1800 1633 1853 Ἰουδαίων

77 1893 292 1964 φρονῶν,
317 1890 463 1945 κατά
492 1890 657 1961 νόμον
691 1888 749 1942 δὲ
794 1887 869 1959 μὴ
914 1888 1353 1958 πολιτευόμενος,
1386 1890 1550 1959 ἓτερα
1577 1890 1634 1942 δὲ

73 1986 176 2040 ἀνθ’
222 1985 427 2056 ἐτέρων
469 1982 875 2056 παρεισφέρων,
916 1983 1009 2033 καὶ
1042 1980 1140 2052 τὴν
1175 1982 1309 2035 ἰδίαν
1351 1981 1514 2035 αὐτοῦ
1550 1983 1634 2035 αἴ-

78 2095 209 2151 ρεσιν
254 2076 558 2146 ¹πλανήσας.
606 2073 810 2137 "Alae,
859 2075 953 2126 καὶ
1006 2072 1185 2145 ὕδωρ,
1226 2073 1318 2127 καὶ
1361 2075 1498 2144 γῆν,
1540 2076 1635 2127 καὶ

72 2174 251 2241 ὶᾶρτον
270 2171 287 2235 (
298 2170 386 2231 18)
408 2168 503 2221 καὶ
524 2166 771 2237 οὐρανὸν,
795 2166 888 2219 καὶ
909 2165 1120 2230 αἰθέρα,
1144 2166 1236 2218 καὶ
1260 2166 1457 2237 ἄνεμον
1473 2166 1634 2235 ὅρκον

72 2264 238 2325 αὐτοῖς
266 2262 347 2324 είς
383 2258 633 2330 λατρείαν
662 2260 985 2329 ὁρισάμενος
1018 2258 1388 2330 παραδέδωκε.
1413 2260 1547 2312 Ποτὲ
1577 2259 1635 2312 δὲ

73 2356 215 2409 πάλιν
238 2354 435 2416 ἄλλους
462 2352 741 2422 μάρτυρας
764 2350 903 2403 ama
921 2350 1267 2422 ὁρισάμενος.
1293 2351 1383 2404 τὸν
1408 2352 1633 2423 οὐρανὸν

72 2447 216 2515 φημὶ,
241 2446 335 2497 καὶ
368 2443 429 2495 τὸ
457 2443 622 2513 ὕδωρ,
661 2443 753 2494 καὶ
784 2441 1073 2511 πνεύματα
1103 2443 1287 2512 φησιν,
1318 2442 1411 2495 καὶ
1445 2442 1634 2509 ἁγίους

68 2540 178 2599 τοὺς
203 2535 468 2603 ἀγγέλους
506 2535 604 2605 τῆς
640 2536 967 2605 προσευχῆς,
1007 2535 1101 2587 καὶ
1134 2535 1194 2587 τὺ
1225 2534 1421 2599 ἔλαιον,
1456 2536 1547 2589 καὶ
1573 2536 1634 2588 τὸ

72 2628 207 2689 ἃλας,
251 2628 346 2679 καὶ
384 2627 482 2696 τὴν
514 2628 639 2695 γῆν.
686 2624 1072 2694 Ἀπεχθάνεται
1120 2625 1175 2677 δὲ
1212 2628 1277 2695 τῇ
1330 2625 1629 2695 παρθενίᾳ,

72 2724 205 2789 μισεῖ
228 2720 283 2773 δὲ
320 2718 422 2789 τὴν
453 2718 777 2788 ἐγκράτειαν
797 2758 810 2781 ,
840 2718 1135 2784 ἀναγκάζει
1160 2718 1215 2770 δὲ
1256 2719 1433 2787 γάμον
1454 2735 1466 2747 ·
1497 2736 1629 2787 φαν-

68 2810 285 2881 τασιώδη
306 2811 365 2863 δέ
392 2828 512 2863 τινα
534 2809 609 2873 ὼς
637 2809 795 2880 δῆθεν
827 2810 1218 2879 ἀποκαλύψεως
1250 2811 1628 2880 παρεισφέρει·

68 2905 348 2974 ὑποκριτὰς
374 2904 432 2956 δὲ
473 2905 488 2934 ¹
517 2902 779 2965 διδάσκει,
814 2904 989 2973 φήσας
1035 2903 1107 2975 μὴ
1149 2899 1286 2956 εἷναι
1322 2905 1593 2974 ἁμαρτίαν
1614 2944 1627 2964 ,

1734 1715 1957 1768 minime
1986 1715 2146 1767 vitam
2176 1730 2330 1768 suam
2362 1714 2823 1779 accommodavit;
2858 1714 2955 1769 sed
2986 1716 3092 1769 alia
3128 1715 3314 1769 omnia

1735 1806 1855 1859 loco
1875 1805 1998 1872 ejus
2015 1805 2271 1867 obtrusit,
2294 1819 2357 1857 ac
2381 1811 2679 1860 sectatores
2700 1820 2831 1861 suos
2862 1805 2917 1858 in
2944 1812 3319 1861 transversum

1736 1895 1980 1951 abduxit.
2035 1896 2179 1951 [nter
2228 1897 2333 1950 alia
2383 1910 2480 1966 per
2520 1896 2689 1951 salem
2726 1912 2791 1951 ac
2834 1905 3068 1963 terram,
3100 1912 3317 1967 panem,

1735 1988 1931 2041 caelum
1950 2028 1966 2052 ,
1996 1988 2197 2043 aethera
2218 2028 2233 2053 ,
2269 1996 2600 2057 ventumque
2625 1988 2775 2043 velut
2816 1988 3042 2043 numina
3074 1988 3321 2058 dejerare

1729 2077 1915 2147 jussit.
1963 2078 2238 2133 Interdum
2270 2094 2343 2131 vu
2396 2080 2533 2134 alios
2584 2085 2751 2134 testes
2801 2077 3028 2133 deﬁnit:
3059 2078 3319 2134 nimirum

1734 2171 1956 2235 cmlum,
1991 2186 2187 2241 aquam
2220 2178 2274 2225 et
2310 2171 2558 2241 spiritus,
2594 2179 2816 2226 sanctos
2848 2170 3117 2227 orationis
3155 2186 3320 2243 ange-

1733 2263 1838 2326 los,
1866 2263 2065 2319 oleum.
2108 2263 2275 2317 salem
2307 2272 2360 2317 ct
2393 2272 2619 2319 terram.
2656 2262 2925 2319 Praeterea
2951 2264 3320 2336 virginitatem

1733 2355 1867 2419 odit,
1901 2354 2291 2409 continentiam
2324 2354 2571 2418 damnat,
2602 2364 2656 2410 et
2689 2356 2757 2410 ad
2788 2326 3065 2411 ineundas
3094 2356 3318 2425 nuptias
3338 2326 3381 2445 ἰ

1734 2446 2028 2515 compellit.
2064 2444 2200 2499 Tum
2233 2462 2362 2501 vero
2389 2458 2692 2501 commenta
2739 2447 2987 2517 quaedam
3017 2462 3080 2501 ac
3104 2447 3317 2503 somnia

1733 2546 1991 2605 tanquam
2023 2538 2376 2607 apocalypses
2419 2539 2535 2593 suis
2581 2539 2819 2609 reliquit.
2863 2538 3013 2605 Quos
3040 2540 3202 2594 etiam
3241 2539 3317 2595 si-

1734 2630 2032 2684 mulatores
2082 2644 2205 2683 esse
2255 2629 2474 2695 docuit;
2527 2645 2651 2684 cum
2710 2631 2877 2685 ullum
2918 2638 3142 2701 negaret
3194 2645 3316 2686 esse

1733 2720 1970 2782 crimen,
2007 2720 2053 2773 si
2089 2720 2212 2789 quis
2251 2719 2649 2787 persecutionis
2682 2727 2926 2790 tempore
2969 2721 3113 2775 idola
3151 2734 3306 2775 vene-

1732 2818 1903 2873 retur,
1936 2809 2231 2863 dummodo
2261 2809 2484 2864 miuime
2519 2810 2571 2863 id
2596 2826 2663 2865 ex
2697 2813 2881 2865 animo
2919 2812 3117 2880 faciat;
3146 2820 3239 2867 aut
3264 2811 3309 2867 si

1734 2902 1862 2972 quid
1899 2917 1992 2955 ore
2022 2908 2179 2956 tenus
2210 2917 2315 2955 non
2352 2902 2477 2955 item
2509 2903 2693 2957 animo
2718 2904 3060 2973 proﬁteatur.

68 2996 107 3045 εξ
134 2995 218 3045 καὶ
260 2993 630 3065 παρατύχοιεν
658 2992 849 3045 εἴδωλα
872 2994 1241 3065 προσκυνῆσαι
1265 2992 1457 3066 καιροῦ
1513 2992 1795 3055 ἐνστάντος
1851 2991 2112 3062 διωγμοῦ,
2152 2992 2245 3047 ὲάν
2295 2992 2453 3064 μόνον
2499 2996 2555 3047 ὲν
2602 2996 2669 3065 τῇ
2711 2994 3013 3066 συνειδήσει
3058 2994 3133 3067 μὴ
3180 3011 3308 3066 προ-

72 3086 327 3155 σκυνήσῃ,
374 3084 473 3137 καὶ
515 3084 567 3137 εἴ
594 3102 647 3137 τι
680 3085 724 3137 δ’
766 3086 832 3138 ἂν
863 3085 1170 3157 ὁμολογήσῃ
1212 3086 1271 3140 ἐν
1317 3086 1562 3156 στόματι,
1603 3086 1660 3139 ὲν
1697 3083 1754 3136 δὲ
1787 3086 1861 3155 τῇ
1884 3082 2080 3154 καρδίᾳ
2121 3084 2217 3154 μή.

128 3200 143 3229 ¹
182 3199 339 3253 Deest
372 3192 533 3253 εἶναι.

99 3352 151 3391 ιο
175 3337 396 3399 scheva,
422 3343 476 3390 et
508 3333 747 3390 vicissim
767 3334 965 3389 scheva
988 3350 1085 3404 pro
1102 3334 1280 3389 holem
1303 3345 1621 3405 usurpatur.

66 3352 202 3460 iianc
230 3410 607 3460 coniecturam
642 3404 855 3459 duobus
896 3408 1237 3460 notissimum
1282 3408 1621 3460 areumentis

1766 3353 1786 3387 ν
1820 3335 1886 3405 τῇ
1933 3331 2171 3404 Ἰτουρέα
2210 3334 2304 3387 καὶ
2332 3332 2647 3388 Ναϐαττίδι.
2702 3332 2779 3387 Ex

1766 3403 2064 3458 mendanda
2094 3420 2192 3457 vox
2221 3405 2318 3460 τῆς
2352 3404 2726 3460 ’Δοηῖλίτιδος.
2757 3421 2779 3460 (1

111 3424 202 3461 anc
230 3410 607 3477 conjecturam
642 3404 855 3477 duobus
896 3408 1237 3473 potissimum
1282 3404 1621 3475 argumentis

68 3480 279 3532 astruit:
323 3479 593 3539 alterum,
635 3476 779 3545 quod
828 3477 995 3528 multa
1042 3478 1094 3529 in
1136 3492 1323 3530 eorum
1373 3478 1621 3531 instituto

66 3550 660 3619 veterumiEsseuorum
685 3546 909 3619 vestigia
938 3554 1275 3619 comparent,
1343 3556 1530 3616 utputa
1584 3550 1616 3619 ἡ

65 3619 158 3671 τῶν
182 3618 428 3687 ἀγγέλων
465 3617 750 3688 θρησκεία,
784 3617 939 3670 cibus
967 3632 1033 3670 ex
1056 3617 1169 3671 sale
1190 3626 1242 3670 et
1267 3632 1425 3686 pane,
1459 3617 1619 3686 potus

65 3704 121 3759 ex
148 3706 282 3759 aqua
302 3728 319 3752 ,
350 3701 469 3743 tum
494 3687 637 3758 quod
670 3687 860 3742 Osseni
890 3688 1057 3759 solem
1073 3689 1387 3750 adorarunt,
1415 3690 1552 3742 unde
1569 3700 1621 3743 et

67 3758 309 3829 Sampsaai
339 3759 511 3813 dicti:
542 3772 667 3829 nam
695 3758 978 3829 Sampsaai,
1019 3773 1255 3826 quorum
1284 3770 1367 3829 est
1397 3759 1621 3814 hazresis

65 3826 374 3895 tun—iidem
415 3844 539 3882 cum
578 3826 803 3883 Ossenis
843 3828 1118 3883 videntur.
1167 3829 1234 3880 At
1284 3827 1617 3883 Essenorum

65 3902 325 3969 proprium
362 3900 469 3953 hoc
499 3897 619 3961 fuit,
654 3899 863 3953 oriente
885 3899 999 3952 sole
1033 3913 1217 3966 preces
1245 3896 1501 3963 fundere;
1540 3901 1621 3953 al-

65 3968 223 4024 terum
254 3981 361 4034 est,
391 3969 535 4039 quod
568 3969 717 4022 Elxai
744 3970 1007 4039 impostor
1039 3970 1147 4030 ille,
1172 3968 1261 4037 qui
1288 3970 1358 4039 ad
1380 3973 1619 4024 Ussenos

67 4044 285 4105 transiit,
312 4038 557 4095 Essenus
588 4038 940 4106 fuerit.'Niliil
974 4039 1117 4092 enim
1151 4038 1297 4091 aliud
1323 4050 1405 4094 est
1438 4040 1618 4106 Ἐλξαῖ

64 4095 207 4180 quam
227 4095 284 4166 ὁ
311 4113 564 4171 Ἐσσαῖος
601 4119 741 4169 ‘NDl'l
772 4095 842 4180 5N
871 4118 928 4162 ut
954 4109 1005 4163 id
1027 4118 1209 4170 sectae,
1242 4124 1349 4180 non
1384 4095 1617 4165 hominis

67 4178 329 4251 proprium
354 4181 650 4251 exstiterit.
688 4179 791 4233 Sed
815 4195 877 4233 ea
906 4179 1165 4251 scaligeri
1189 4178 1505 4251 conjectura
1527 4196 1618 4235 ea-

66 4248 205 4306 tenus
239 4268 267 4305 a
301 4253 462 4306 nobis
487 4250 765 4319 probatur,
800 4259 856 4303 ut
884 4250 1015 4302 nihil
1047 4248 1209 4319 supra
1243 4248 1614 4313 conjecturam

66 4336 118 4374 ac
163 4324 495 4392 probabilem
526 4322 836 4390 opinionem
880 4321 1092 4374 habeat.
1140 4319 1205 4373 Et
1235 4322 1451 4389 quidem
1487 4335 1613 4374 cum

64 4390 328 4463 tria'apud
361 4390 581 4445 Judazos
630 4399 772 4463 ante
791 4392 1070 4463 Christum
1114 4398 1386 4463 sectarum
1434 4392 1614 4460 capita

64 4459 274 4529 fuerint;
299 4460 1163 4529 Pharisaeorum,Sadduczeorum
1186 4469 1239 4513 et
1259 4459 1610 4526 Essenorum,

64 4526 501 4595 caetera-omnes,
528 4548 648 4601 qua:
685 4526 752 4585 ab
783 4531 1106 4601 Epiphanio,
1132 4531 1215 4585 vel
1253 4532 1374 4586 aliis
1411 4546 1615 4585 memo-

64 4612 252 4669 rantur,
286 4605 527 4659 hzereses
550 4603 617 4656 ad
646 4602 861 4655 illarum
891 4603 1197 4671 quampiam
1226 4604 1419 4656 merito
1452 4617 1611 4656 revo-

2819 3333 3018 3404 quibus
3055 3332 3306 3393 fortassis

1726 3403 2192 3459 einendandavox
2221 3405 2318 3474 τῆς
2352 3404 2726 3474 ’Δρηῖλίτιδος,
2757 3403 2877 3473 (ιιιώ
2905 3405 3006 3458 hoc
3034 3406 3153 3457 loco
3177 3406 3307 3475 legi-

1726 3484 1834 3537 tur,
1859 3490 1980 3544 quaz
2007 3489 2276 3542 nusquam
2305 3477 2608 3543 reperitur:
2639 3490 2845 3544 proque
2877 3490 2939 3529 ea
2967 3474 3306 3529 substituen-

1724 3545 1857 3616 dumr
1900 3544 2284 3616 Ἀρωηρίτιδος
2324 3546 2396 3616 _ab
2434 3548 2626 3607 Aroer,
2675 3561 2795 3616 qua:
2840 3553 2889 3599 et
2934 3546 3012 3616 Ar
3055 3557 3301 3611 vocatur,

1724 3614 2095 3686 Moabitaruni
2133 3616 2267 3686 urbe
2318 3614 2781 3682 frequentissima,
2824 3632 2944 3686 qua:
2982 3615 3187 3686 Graecis
3220 3625 3304 3671 est

1734 3684 2064 3753 Ἀρεόπολις,
2100 3685 2166 3737 ad
2200 3693 2495 3741 torrentem
2513 3687 2739 3747 Arnom,
2773 3684 2931 3739 ut_ad
2963 3704 3012 3739 c.
3042 3685 3305 3743 quosue

1724 3754 1929 3810 Masius
1956 3757 2232 3827 observat.
2274 3754 2577 3827 Possumus
2611 3764 2666 3810 et
2706 3757 3081 3827 Ἀρνωνίτιδος
3126 3772 3154 3809 a
3189 3766 3305 3811 tor-

1722 3828 1895 3881 rentis
1924 3825 2144 3879 nomine
2177 3825 2446 3895 suspicari
2479 3827 2765 3894 scriptum.

1793 3895 1904 3966 (ιϐ)
1950 3895 2129 3949 Τοῦτο
2170 3894 2237 3948 δὲ
2278 3894 2465 3964 γένος
2504 3895 2622 3949 τῶν
2666 3896 2991 3965 Ὀσσηνιῖγν.
3047 3895 3217 3963 Quasi
3270 3914 3299 3952 a

1720 3968 1886 4051 verbo
1918 3974 2017 4051 ζ]τῖ
2060 3966 2361 4051 profectum
2415 3969 2519 4029 sit,
2563 3967 2723 4051 quod
2755 3969 2809 4051 in
2844 3968 3300 4051 Arainaaa'lilngua

1720 4036 2079 4105 fortem'esse,
2131 4038 2210 4106 vel
2242 4036 2493 4089 roborare
2532 4036 2824 4106 signiﬁcat,
2865 4038 2956 4091 alii
2980 4038 3049 4091 ab
3074 4036 3300 4093 Hebraeo

1717 4118 1803 4171 Tw
1826 4108 2120 4179 deducunt.
2156 4105 2399 4177 Scaliger
2433 4123 2539 4161 non
2565 4109 2798 4172 dubitat,
2832 4108 2963 4179 quin
3017 4109 3297 4179 ὐσσηνός,

1719 4177 2296 4268 ιιιαᾟσσηνὸςηκατά
2343 4182 2683 4268 παραγωγήν
2728 4177 3058 4268 conceptum,
3093 4177 3299 4235 εἰιάπὺ

1716 4246 1810 4320 τοῦ
1834 4258 1996 4320 mon,
2030 4258 2088 4300 ut
2134 4247 2274 4301 idem
2312 4249 2383 4303 sit
2424 4246 2692 4320 Ὀσσαῖος,
2733 4257 2787 4303 et
2836 4246 3093 4320 Ὀσσηνὸς
3117 4265 3130 4277 ·
3169 4265 3295 4304 nam

1717 4318 1989 4390 ejusmodi
2016 4321 2402 4389 patronymica!
2431 4318 2749 4375 inﬁexiones
2778 4320 2832 4373 in
2863 4318 2995 4390 ηνὸς
3024 4321 3291 4390 Arabum,

1716 4396 1771 4442 et
1794 4389 2121 4443 Asianorum
2153 4390 2405 4458 propriae
2449 4396 2596 4449 sunt,
2644 4398 2702 4443 ut
2736 4389 2890 4444 idem
2919 4406 2983 4444 ex
3019 4389 3295 4458 Stephano

1716 4458 1773 4513 in
1796 4458 2104 4533 fﬁjagqvé;
2131 4457 2465 4533 docet,_cum
2498 4459 2742 4529 Europaei
2771 4460 2933 4533 aliter
2963 4457 3261 4533 formentu.

1787 4527 1899 4599 (l7)
1928 4528 2223 4599 vajyﬂn
2267 4528 2334 4581 δὲ
2364 4531 2601 4596 τούτοις
2640 4527 2978 4599 μετέπειτα.
3032 4530 3105 4583 De
3139 4527 3294 4585 Elxai

1714 4598 1985 4660 meminit,
2029 4607 2087 4651 ut
2129 4598 2336 4653 dictum
2374 4609 2481 4664 est,
2527 4602 2581 4653 in
2625 4598 3029 4667 Sampsaeorum
3076 4601 3293 4655 haeresi.

63 4667 255 4751 cantur,
289 4691 465 4751 aqua
492 4673 659 4751 initio
690 4667 1081 4751 proﬂuxerunt.
1127 4670 1451 4751 Quanquam
1481 4687 1614 4751 pau-
1642 4690 1691 4751 ι)
1714 4667 1873 4735 Quod
1910 4676 2073 4723 sectae
2109 4685 2310 4724 nomen
2355 4685 2499 4733 esse,
2549 4685 2657 4724 non
2710 4670 2969 4733 hominis,
3009 4672 3293 4751 proprium

64 4742 196 4797 latim
224 4742 466 4800 novis'ad
490 4744 796 4797 institutum
823 4743 1039 4806 ritibus,
1063 4757 1126 4794 ac
1150 4742 1494 4812 dogmatibus
1515 4743 1612 4797 ad-

60 4811 313 4881 jiciendis,
356 4825 457 4868 aut
485 4822 676 4869 contra
710 4815 985 4867 veteribus
1016 4811 1345 4881 rejicieudis,
1381 4814 1609 4867 multum

64 4897 89 4934 a
120 4887 287 4951 priore
319 4885 496 4940 forma
516 4883 855 4938 deﬂexerint.
900 4884 1262 4949 Quamobrem
1296 4884 1364 4937 ab
1388 4882 1610 4938 Essenis

64 4951 279 5011 Ossenos
291 4957 433 5012 istos
448 4970 702 5009 manasse
719 4954 980 5009 credibile
995 4962 1077 5007 est
1098 4972 1109 5007 :
1145 4954 1357 5009 tametsi
1377 4954 1611 5023 plurima

62 5023 157 5080 illis
186 5027 465 5081 contraria
489 5026 741 5095 dogmata
757 5025 948 5079 Osseni
982 5024 1327 5093 postmodum
1355 5034 1611 5078 astruxe-

62 5096 186 5151 rint:
220 5098 367 5167 quod
395 5113 464 5152 ex
493 5095 688 5165 Epiph.
720 5107 973 5151 constare
995 5103 1189 5165 potest.

113 5188 563 5259 (15)”Ωρμηνται
588 5185 657 5259 δέ
683 5182 868 5243 οὗτοι.
890 5184 1042 5259 Unde
1069 5184 1407 5259 et_Sampsaai
1433 5187 1612 5254 prol‘e-

59 5256 138 5311 cti'.
166 5256 262 5326 Qui
297 5256 431 5314 meri
457 5267 586 5314 sunt
617 5256 830 5321 Osseni,
868 5258 972 5311 nisi
997 5256 1141 5326 quod
1174 5256 1239 5309 ad
1270 5271 1612 5310 communem

62 5332 483 5398 superstitionem
505 5339 780 5399 utcunque
809 5327 1108 5399 Christiani
1139 5328 1617 5399 nominisrprot'es—

61 5402 249 5471 sionem
281 5401 671 5471 adjunxerant.
696 5398 944 5471 Horum.
970 5398 1135 5471 igitur
1177 5398 1511 5471 domicilium
1547 5398 1611 5471 _in

59 5467 217 5540 l’mea
249 5467 373 5533 fuit,
422 5482 481 5526 ut
516 5472 709 5526 haeresi
741 5470 1150 5540 LIII-scriptum
1178 5478 1283 5532 est,
1317 5468 1489 5540 πέραν
1514 5467 1613 5538 τῆς

62 5538 417 5615 Ἀλυκῆς,ἢτοι
433 5543 651 5615 Napi;
667 5538 1374 5615 xaMupévqgﬁaléccqgev
1470 5540 1612 5593 Μοα-

58 5608 197 5667 δίτιδι
219 5608 374 5685 χώρᾳ
393 5632 459 5666 πε
469 5616 518 5685 ρ“ι
538 5608 629 5667 τὸν
645 5608 977 5684 χειμάρρουν
1002 5608 1206 5680 Ἀρνῶν
1223 5608 1317 5664 καὶ
1335 5608 1608 5675 ἐπέκεινα,

1719 4752 1983 4807 ariolatur
2020 4751 2289 4823 Scaliger.
2348 4752 2558 4808 Etenim
2603 4755 2871 4809 Arabicus
2913 4756 3182 4811 articulus
3222 4741 3295 4817 ὅτι

1719 4839 1845 4879 cum
1878 4822 2239 4893 appellatione
2266 4832 2465 4893 sectae,
2492 4828 2594 4879 hoc
2629 4834 2712 4880 est
2736 4834 2877 4886 mon
2917 4826 3164 4891 Ἐσσαῖος
3195 4843 3295 4881 ηο-

1715 4922 1839 4961 men
1860 4892 1992 4959 illud
2017 4907 2227 4976 peperit
2253 4892 2500 4968 mon-5N
2535 4908 2795 4973 Ἐλξαῖος,
2820 4911 2847 4961 ὁ
2877 4910 3142 4973 Ἐσσαῖος.
3174 4909 3290 4976 Qua

1714 4977 1879 5050 etiam
1901 4978 2114 5050 ratione
2140 4979 2381 5046 ejusdem
2415 4978 2582 5050 frater
2616 4979 2835 5044 Ἰεξαῖος
2861 4995 2958 5050 pro
2990 4980 3195 5044 Ἐξαῖος
3222 4983 3291 5035 ab

1716 5046 2020 5119 Epiphanio
2044 5056 2411 5119 nuncupatur,
2441 5049 2585 5103 sicut
2613 5046 2875 5113 Ἰεσσαῖος
2895 5066 2992 5119 pro
3021 5052 3287 5115 Ἐσσαῖος.

1720 5115 1835 5172 sed
1859 5118 1973 5172 haec
2004 5133 2154 5170 mera
2192 5115 2454 5173 scaligeri
2479 5119 2742 5173 divinatio
2775 5130 2879 5173 est.

1789 5135 1827 5172 :a
1859 5135 1973 5172 naac
2004 5135 2154 5170 mera
2193 5135 2334 5171 acati
2376 5135 2454 5173 eri
2479 5135 2742 5173 uivinauo
2775 5135 2879 5173 ρει.

1789 5188 1902 5258 (18)
1943 5188 2142 5260 "Adae,
2164 5189 2262 5241 καὶ
2287 5135 2462 5257 ὓὸεωρ,
2488 5190 2587 5242 καὶ
2606 5189 2743 5258 γῆν,
2766 5191 2863 5243 καὶ
2887 5189 3088 5258 ἄρτον.
3113 5189 3154 5244 F
3159 5192 3294 5260 riget

1718 5256 1984 5330 Scaligeri
2015 5259 2350 5330 conjectura,
2387 5256 2479 5329 qui
2506 5260 2560 5314 in
2592 5256 2830 5315 ElénCho
2847 5256 3286 5330 Trilta'resiicap.

1715 5329 1807 5401 27,
1829 5329 2275 5397 superstitiosum
2308 5328 2643 5385 Ossenorum
2666 5332 3051 5400 jusjurandum
3080 5348 3175 5401 per
3203 5328 3293 5385 so-

1715 5399 1842 5463 lem,
1879 5414 2071 5469 panem
2095 5409 2148 5453 et
2175 5416 2393 5470 aquam,
2423 5401 2489 5454 ad
2516 5399 2841 5456 Essenorum
2869 5399 3287 5464 victum'releI-t,

1715 5470 1810 5539 qui
1846 5485 2005 5539 pane,
2043 5471 2154 5525 sale
2183 5482 2235 5524 et
2268 5487 2407 5540 aqua
2446 5474 2746 5527 constabat.
2777 5472 2950 5527 Porro
2980 5484 3029 5527 et
3070 5474 3205 5534 haec,
3236 5481 3290 5525 et

1754 5557 1835 5595 ua:
1875 5542 2133 5609 deinceps
2176 5552 2498 5611 sequuntur,
2526 5543 2855 5597 documento
2882 5560 3005 5597 esse
3038 5540 3285 5612 possunt:

1761 5627 2046 5668 ssenorum
2072 5622 2277 5667 sectam
2302 5614 2370 5669 ab
2389 5614 2613 5670 Esseuis
2631 5615 2782 5669 valde
2799 5613 3071 5669 diversam
3095 5613 3286 5670 fuisse.
