3766 6276
458 201 565 258 263

1849 203 1907 258 S.
1943 199 2284 256 El’lPllA-Nll

3619 189 3734 243 εει

531 312 595 367 ll.
627 313 860 368 Adducit
882 322 937 368 et
966 314 1132 382 hujus
1159 313 1237 368 rei
1266 321 1460 368 testem
1490 322 1761 376 veterator
1792 315 2030 368 l’ltineen

2220 315 2294 368 B'.
2331 313 2600 384 Μάρτυρα
2633 313 2690 366 δέ
2712 330 2833 365 τινα
2865 312 3248 383 παρεισφέρων
3276 309 3376 361 οὐκ
3403 306 3734 376 αἰσχύνεται

457 405 744 476 quemdam
766 404 1103 458 sacerdotem
1127 419 1155 457 e
1185 402 1428 459 Levitico
1454 421 1670 473 genere,
1700 407 1767 459 de
1793 405 2045 466 Aaronis,

458 510 524 550 ac
559 496 756 549 veteris
791 496 935 550 illius
971 495 1201 551 Phinees
1236 498 1406 564 stirpe
1437 515 1450 549 :
1483 497 1574 565 qui
1609 503 1864 566 regnante
1886 495 2047 547 Dario

459 591 514 640 in
546 586 862 654 captivitate
893 586 1224 657 Babylonica
1257 585 1416 640 Susis
1442 587 1668 639 adorata
1707 587 1873 638 Diana
1901 586 2046 654 peri-

457 678 638 730 culum
680 678 874 746 capitis
899 679 1082 746 etl'ugit
1134 679 1208 730 lta
1236 681 1356 746 ejus
1387 679 1568 732 omnia
1607 678 1740 730 falsa
1772 685 1934 737 sunt,
1985 690 2048 728 ac

457 768 742 821 ridiculum
766 777 1096 824 commenta.
1117 767 1212 822 llic
1232 770 1395 838 igitur
1412 769 1539 822 olim
1557 784 1615 822 se
1633 768 1697 820 ad
1717 768 2044 821 Ossenorum

456 859 702 913 haeresim
733 861 1002 928 atljunxit.
1040 861 1211 930 Cujus
1249 862 1409 916 hodie
1442 864 1494 914 in
1531 861 1822 914 Nabatluea
1867 868 1918 912 et
1953 858 2044 912 Pe-

453 966 559 1004 raea
591 950 844 1006 llo-abitis
870 955 1048 1006 vicina
1086 955 1310 1022 regione
1352 953 1596 1021 reliquiae
1631 959 1961 1020 supersunt,
1992 958 2046 1004 et

454 1039 840 1110 Setnpseorum
900 1044 1060 1112 vulgo
1122 1049 1273 1097 natio
1314 1045 1429 1098 haec
1486 1044 1767 1096 hominum
1821 1043 2040 1098 dicitur.

449 1131 553 1203 41
588 1133 633 1185 Α
673 1135 873 1203 quibus
904 1138 1064 1187 etiam
1109 1135 1444 1203 perabsurde
1495 1133 1629 1187 illud
1657 1123 2043 1203 excogitatum

406 1207 411 1212 1
451 1231 555 1287 est,
589 1234 646 1276 ιιι
676 1226 746 1278 ab
779 1227 998 1279 occulta
1046 1227 1096 1278 vi
1120 1227 1565 1295 cognominatum
1604 1226 1916 1281 istiusmodi
1953 1243 2046 1282 ne—

451 1314 705 1370 bulonem
759 1318 1061 1387 fingerent;
1119 1327 1402 1387 propterea
1453 1318 1598 1387 quod
1647 1317 1718 1372 lel
1783 1299 2045 1374 llebraice

452 1411 596 1480 rimi;
626 1409 724 1462 Xai
768 1411 1092 1463 abstrusium
1134 1412 1426 1480 significat.
1461 1409 1566 1465 Sed
1613 1411 1776 1480 hujus
1808 1413 2042 1466 instituti

449 1479 686 1563 vanitas,
731 1505 1154 1573 arrogantiaque
1186 1504 1436 1556 convicta
1473 1504 1691 1573 penitus
1740 1513 1821 1558 est
1851 1543 1865 1567 ,
1897 1515 1950 1558 et
1975 1506 2044 1557 ab

453 1591 520 1646 iis
554 1593 712 1647 irrisa
742 1609 1090 1662 magnopere,
1120 1597 1213 1663 qui
1250 1594 1314 1645 ad
1349 1593 1802 1648 considerandam
1831 1594 2042 1648 discer-

453 1685 792 1754 nendamque
826 1688 1109 1739 veritatem
1163 1687 1345 1754 aliquo
1378 1687 1588 1752 judicio
1631 1687 1840 1755 przediti
1879 1697 2030 1742 sunt.
2073 1668 2113 1721 Β

449 1779 630 1844 Atque
662 1791 726 1828 ex
765 1777 898 1846 ipsis
958 1779 1009 1828 in
1038 1778 1232 1844 primis
1283 1778 1629 1838 Constantii,
1681 1791 1844 1848 atque
1889 1782 2039 1833 inse-

451 1867 732 1935 quentium
771 1868 1160 1935 imperatorum
1191 1870 1526 1936 temporibus
1571 1870 1636 1921 ad
1688 1871 1824 1924 hanc
1873 1871 2037 1933 diem,

449 1957 887 2012 efﬁcacissimum
923 1960 986 2011 ad
1017 1960 1142 2013 illos
1165 1959 1494 2014 refellendos
1512 1972 1889 2030 argumentum
1909 1978 2038 2016 ροη-

451 2049 537 2102 fici
569 2060 748 2118 potest
773 2068 786 2115 ;
817 2067 940 2104 nam
961 2049 1025 2102 ad
1053 2067 1224 2120 usque
1247 2052 1628 2106 Constantium
1657 2055 2038 2123 imperatorem

448 2139 694 2196 Marthus
735 2144 924 2196 nescio
955 2159 1075 2212 qua:
1110 2159 1172 2195 ac
1206 2144 1490 2198 Marthana
1523 2160 1744 2200 sorores
1782 2147 1848 2200 de
1888 2145 2039 2198 Elxai

449 2231 638 2299 stirpe,
675 2232 728 2284 in
768 2231 984 2284 illorum
1017 2233 1239 2300 regione
1274 2236 1559 2286 nuntinum
1594 2234 1768 2288 instar
1809 2235 1880 2287 ob
1919 2251 2037 2288 eam

447 2325 676 2394 originis
727 2323 1048 2392 dignitatem
1093 2323 1290 2378 habitae
1325 2336 1472 2378 sunt.
1531 2325 1732 2379 Harum
1795 2325 2040 2381 Mat'thus

448 2429 557 2467 non
594 2415 666 2466 ita
697 2413 906 2484 pridem
937 2416 1173 2470 excessit
1209 2435 1239 2470 e
1271 2416 1411 2478 vita,
1447 2415 1725 2470 Marthana
1775 2419 1829 2471 in
1894 2420 2037 2474 hanc

447 2506 591 2560 diem
634 2513 914 2574 superstes
940 2514 1043 2560 est.
1088 2505 1386 2577 Utriusque
1415 2523 1542 2562 vero
1576 2511 1658 2563 vel
1697 2517 1856 2578 sputa
1895 2512 2034 2580 ipsa,

447 2612 788 2668 czeterasque
818 2599 1071 2668 corporis
1113 2599 1304 2654 sordes
1361 2601 1507 2654 illius
1562 2609 1770 2656 tractus
1799 2603 2036 2658 haeretici

445 2691 805 2745 circumferre
841 2693 1108 2756 solebant,
1144 2691 1211 2744 ad
1250 2692 1569 2745 morborum
1612 2695 1870 2748 remedia.
1905 2693 2037 2760 Quae

447 2789 627 2835 tamen
663 2783 816 2834 irrita
853 2790 1012 2836 erant
1042 2784 1248 2836 omnia.
1288 2781 1394 2837 Sed
1419 2790 1503 2838 est
1533 2784 1914 2839 haereticorum
1946 2804 2038 2858 ge—

447 2891 549 2930 nus
586 2878 912 2940 l'astuosum,
936 2884 988 2930 et
1015 2878 1312 2930 obnoxium
1347 2877 1543 2931 fraudi.
1575 2878 1730 2932 Caeca
1759 2881 1903 2932 enim
1941 2896 2037 2934 ne-

446 2969 614 3040 quitia
647 2971 849 3030 omnis,
881 2979 933 3023 et
959 2969 1243 3038 prudentia
1281 2969 1576 3022 destitutus
1611 2985 1766 3024 error
1794 2980 1895 3026 est.
1929 2972 2032 3026 γε·
2061 3009 2103 3066 c

448 3076 568 3113 rum
615 3061 744 3129 quid
783 3061 979 3113 attinet
1009 3062 1062 3114 in
1107 3061 1268 3129 hujus
1299 3060 1614 3130 impostoris
1655 3063 1816 3118 rebus
1852 3081 2034 3133 perse-

446 3150 682 3220 quendis
729 3152 1007 3204 immorari
1038 3153 1265 3210 diutius.
1299 3159 1391 3205 aut
1433 3168 1496 3207 ea
1526 3168 1751 3208 narrare
1780 3155 2031 3226 dogmata

446 3257 567 3312 quae
589 3251 778 3294 contra
813 3243 1092 3295 veritatem
1129 3243 1403 3296 asseruit?

519 3331 602 3386 Ill.
642 3332 882 3387 Primum
937 3333 1080 3402 quod
1128 3350 1327 3404 negare
1373 3333 1540 3388 Deum
1592 3351 1855 3406 sequaces
1903 3354 2030 3395 suos

447 3423 699 3484 edocuit,
732 3440 853 3476 cum
883 3426 1349 3479 exsecrandorum
1388 3426 1709 3483 idololatriae
1744 3445 2028 3486 sacrorum

447 3529 546 3583 per
565 3513 966 3568 simulationem
1002 3516 1294 3584 participes
1324 3533 1446 3572 esse
1474 3521 1669 3572 suasit.
1705 3519 1844 3576 Tum
1876 3523 2032 3576 luctt-

449 3599 649 3657 lentius
671 3602 861 3657 iisdem
883 3604 1172 3672 imposuit;
1207 3621 1327 3659 cum
1347 3622 1440 3662 ore
1467 3616 1624 3662 tenus
1650 3610 1852 3678 ejurari
1873 3629 2031 3682 posse

448 3693 630 3752 ﬁdem.
668 3710 766 3746 nec
814 3696 867 3747 in
899 3713 963 3748 eo
991 3697 1199 3752 eritnen
1235 3699 1404 3754 ullum
1430 3717 1552 3756 esse
1600 3703 1757 3758 dixit.
1796 3705 1945 3761 Adeo
1974 3717 2032 3762 ut

446 3787 768 3840 insanabilis
809 3787 878 3840 sit
912 3787 1128 3842 illorum
1163 3791 1420 3856 morbus,
1466 3809 1566 3848 nec
1601 3794 1772 3849 ullum
1799 3799 2027 3853 remedii

445 3894 618 3949 genus
641 3880 912 3934 admittat.
945 3879 1080 3935 Cum
1107 3883 1252 3935 enim
1286 3897 1349 3936 os
1381 3884 1579 3952 ipsum,
1613 3903 1723 3958 quo
1754 3889 2028 3945 confessio

444 3971 693 4027 veritatis
747 3973 1108 4042 exprimitur,
1153 3975 1219 4027 ad
1262 3976 1608 4031 mendacium
1657 3980 2024 4050 subornetur;

443 4066 569 4132 quis
598 4066 721 4120 istis
758 4069 945 4120 credat
973 4083 1078 4120 non
1113 4069 1460 4123 vehementer
1493 4071 1640 4140 ipsos
1669 4072 1869 4144 decipi,
1899 4091 2025 4129 cum

446 4156 733 4225 perspicue
761 4155 963 4210 divinis
998 4156 1054 4209 in
1084 4158 1279 4212 litteris
1295 4174 1360 4212 ex
1384 4162 1557 4215 sancti
1582 4163 1820 4233 Spiritus
1845 4166 2025 4220 aﬂlatu

446 4248 823 4318 praescriptum
870 4249 941 4302 sit
971 4267 984 4304 :
1015 4247 1182 4303 Corde
1207 4251 1274 4304 ad
1304 4252 1574 4320 justitiam
1603 4255 1763 4319 credi,
1795 4272 1884 4310 ore
1910 4274 2026 4312 vero

2148 407 2177 457 ὀ
2195 404 2464 465 ἀπατεὼν,
2493 404 2665 470 λέγων
2692 402 2877 465 Φινεές
2898 419 3016 455 τινα
3056 403 3206 470 ἱερέα
3231 401 3338 451 τῶν
3377 399 3486 450 ἀπὸ
3527 401 3731 486 γένοὲς

2149 496 2278 548 Λευῒ
2324 511 2381 546 τε
2419 496 2511 546 καὶ
2557 491 2788 562 Ἀαρὼν,
2819 493 2910 546 καὶ
2938 492 3030 544 τοῦ
3069 492 3295 562 ἀρχαίου
3337 491 3521 552 Φινεὲς
3563 492 3630 540 ἐν
3664 494 3732 558 τῇ

2148 585 2428 638 Βαϐυλῶνι
2462 587 2552 637 ἐπὶ
2586 585 2685 654 τῆς
2714 585 3088 652 αἰχμαλωσίας
3129 587 3589 653 προσκυνήσαντα
3629 586 3731 653 τὴν

2152 677 2315 746 Ἀρτε
2325 695 2436 746 μιν,
2459 681 2516 729 ἐν
2543 678 2761 740 Σούσοις
2789 677 3207 745 διαπεφευγέναι
3230 676 3450 746 ὁλεθρον
3483 676 3729 728 θανάτου

2147 771 2240 822 ἐπὶ
2290 770 2514 840 Δαρείου
2568 770 2662 822 τοῦ
2717 770 3009 839 βασιλέως·
3053 769 3192 821 ὥστε
3248 765 3385 820 εἶναι
3439 768 3612 821 αὑτοῦ
3661 770 3732 820 τὰ

2149 862 2327 913 πάντα
2371 861 2538 930 ψευδῆ
2589 862 2677 914 καὶ
2717 865 2938 930 μάταια.
2977 856 3145 923 Οὑτος
3183 861 3280 930 μὲν
3311 857 3402 913 οὖν
3439 860 3554 912 ἄνω
3597 877 3728 911 συν⁶

2147 952 2317 1020 ἧπται
2361 956 2426 1022 τῇ
2476 953 2848 1025 προειρημένῃ
2891 953 3100 1022 αἱρέσει
3146 955 3212 1022 τῇ
3271 953 3376 1004 τῶν
3437 952 3724 1022 Ὀσσηνῶν

2148 1043 2474 1115 καλουμένῃ,
2504 1041 2570 1114 ἦς
2603 1044 2682 1094 ἔτι
2708 1043 2931 1112 λείψανα
2967 1045 3058 1096 καὶ
3093 1043 3251 1114 δεῦρο
3278 1044 3512 1112 ὑπάρχει
3559 1045 3625 1094 ὲν
3657 1047 3724 1112 τῇ

2146 1135 2282 1204 αὑτῇ
2317 1135 2632 1187 Ναϐατίτιδι
2664 1138 2757 1206 γῇ,
2800 1139 2863 1206 τῇ
2900 1136 2993 1188 καὶ
3033 1135 3239 1208 Περαία
3273 1135 3407 1206 πρὸς
3444 1138 3507 1204 τῇ
3549 1136 3722 1186 Μωα-

2147 1224 2308 1276 ϐίτιδι
2329 1241 2340 1252 ·
2371 1226 2507 1294 ὅπερ
2534 1227 2690 1292 γένος
2722 1226 2838 1277 νυνὶ
2880 1225 3136 1296 Σεμψέων
3165 1229 3184 1256 ²
3215 1226 3479 1279 καλεῖται.
3505 1227 3722 1278 Φαντάο

2147 1315 2328 1378 ξονται
2355 1315 2412 1368 δὲ
2441 1316 2596 1386 δῆθεν
2633 1317 2818 1370 καλεῖν
2847 1317 3032 1370 τοῦτον
3073 1315 3298 1388 δύναμιν
3328 1316 3724 1386 ἁποκεκαλυμ-

2149 1407 2336 1477 μένην,
2365 1407 2452 1460 διά
2492 1409 2552 1460 τὸ
2586 1408 2690 1474 Ἰὴλ
2727 1409 3008 1462 καλεῖσθαι
3047 1409 3159 1476 (19)
3196 1409 3452 1478 δύναμιν,
3499 1407 3606 1462 Ξαῖ
3663 1409 3722 1460 δὲ

2145 1499 2620 1568 κεκαλυμμένον.
2671 1499 2933 1569 Ἠλέγχθη
2963 1499 3020 1551 δὲ
3056 1499 3116 1551 τὸ
3155 1501 3262 1552 πᾶν
3288 1497 3381 1550 τοῦ
3427 1497 3722 1567 ἐπιτηδεύ-

2149 1609 2314 1662 ματος
2343 1595 2629 1663 φρύαγμα,
2668 1594 2762 1644 καὶ
2800 1596 2878 1656 εἰς
2910 1593 3150 1664 μεγάλην
3177 1592 3435 1661 αἰσχύνην
3466 1592 3717 1644 ὑπέπεσε

2143 1683 2294 1753 παρὰ
2339 1687 2450 1746 τοῖς
2493 1685 2809 1754 δυναμένοις
2858 1685 2926 1736 τά
2969 1685 3140 1754 ἀληθῆ
3182 1687 3465 1737 κατανοεῖν
3515 1699 3580 1734 τε
3624 1683 3718 1733 καὶ

2141 1776 2421 1845 ἀκριϐοῦν.
2451 1778 2568 1828 Ἔτι
2602 1779 2708 1848 γὰρ
2736 1780 2826 1830 καὶ
2855 1777 3014 1847 δεῦρο
3036 1777 3142 1829 ἀπὸ
3166 1777 3274 1829 τῶν
3299 1775 3519 1846 ἡμερῶι
3553 1776 3704 1827 Κων-

2143 1866 2391 1916 σταντίου
2428 1883 2486 1917 τε
2515 1866 2607 1918 καὶ
2632 1868 2737 1918 τῶν
2754 1867 2847 1919 νῦν
2878 1866 3138 1936 βασιλέων
3169 1866 3352 1934 σαφῶς
3375 1866 3712 1934 ἐλέγχονται.

2143 1953 2288 2014 Ἕως
2339 1955 2434 2022 μὲν
2469 1954 2574 2023 γὰρ
2625 1955 3037 2017 Κωνσταντίου,
3070 1958 3134 2008 ἐκ
3172 1956 3263 2008 τοῦ
3311 1956 3497 2022 γένους
3544 1956 3710 2007 αὑτοῦ

2140 2043 2398 2114 Βίῐαροοῦς
2428 2063 2511 2108 τις
2545 2047 2637 2098 καὶ
2669 2047 2935 2116 Μαρθάνα
2963 2047 3056 2100 δύο
3086 2046 3308 2115 ἁδελφαὶ
3341 2050 3396 2099 ἐν
3429 2050 3493 2117 τῇ
3527 2047 3713 2098 αὑτῶν

2142 2136 2294 2208 χώρᾳ
2342 2139 2460 2191 ἀντὶ
2509 2139 2644 2191 θεῶν
2689 2139 3148 2209 προσεκυνοῦντο,
3192 2141 3272 2191 ὅτι
3313 2139 3470 2208 δῆθεν
3517 2141 3584 2191 ὲκ
3618 2139 3708 2190 τοῦ

2144 2231 2458 2300 σπέρματος
2500 2230 2592 2283 τοῦ
2647 2233 3041 2302 προειρημένου
3083 2230 3267 2294 Ἥλξαῒ
3308 2231 3574 2301 ὑπῆρχον.
3614 2232 3708 2283 Τέ-

2141 2321 2305 2393 θνηκε
2340 2323 2452 2394 δὲή
2494 2323 2753 2394 δίαρθοὺς
2797 2324 2902 2395 πρὸ
2946 2323 3126 2392 ὀλίγου
3169 2323 3262 2376 τοῦ
3296 2325 3508 2394 χρόνον.
3553 2326 3706 2394 Map-

2141 2414 2278 2468 θάνα
2309 2415 2365 2468 δὲ
2397 2418 2477 2478 είς
2503 2415 2582 2468 ἔτι
2609 2415 2768 2486 δεῦρο
2790 2416 3032 2488 ὑπῆρχεν
3068 2411 3142 2472 ῶν
3169 2418 3263 2470 καὶ
3289 2418 3356 2470 τὰ
3388 2418 3705 2488 πτύσματα,

2140 2506 2332 2559 καὶτὰ
2370 2507 2506 2560 ἄλλα
2549 2508 2641 2561 τοῦ
2678 2507 2926 2579 σώματος
2967 2509 3109 2580 ρύπη
3150 2510 3482 2581 ἀπεφέροντο
3522 2513 3574 2561 οἱ
3614 2528 3702 2562 πε-

2139 2599 2313 2669 πλανη
2323 2599 2473 2669 μένοι
2500 2602 2761 2672 αἱρετικοὶ
2791 2604 2849 2654 ἐν
2886 2601 3067 2672 ἐκείνῃ
3094 2605 3158 2672 τῇ
3189 2601 3360 2674 χώρᾳ,
3383 2601 3546 2672 δῆθεν
3571 2603 3702 2672 πρὸς

2139 2688 2394 2760 ἀλέξησιν
2437 2691 2780 2762 νοσημάτων.
2825 2692 2899 2743 Οὑ
2945 2692 3052 2762 μὴν
3107 2693 3390 2761 ἐνήργουν.
3439 2689 3603 2742 Ἀλλά
3649 2690 3703 2740 τὸ

2139 2777 2552 2849 πεπλανημένον
2575 2780 2801 2850 σοὸαρὸν
2821 2782 2926 2845 ἀεὶ,
2951 2782 3044 2834 καὶ
3065 2780 3200 2852 πρὸς
3229 2782 3443 2850 ἀπάτην
3460 2781 3701 2852 ἕτοιμον.

2139 2871 2350 2940 Τυφλὸν
2380 2873 2488 2942 γὰρ
2523 2874 2556 2943 ἠ
2612 2874 2805 2938 κακία,
2855 2878 2948 2928 καὶ
2991 2873 3246 2927 ἀσύνετον
3279 2876 3312 2945 ἡ
3350 2875 3550 2946 πλάνη.
3598 2876 3697 2926 Kal

2139 2963 2243 3026 ἓως
2290 2963 2392 3015 ποῦ
2436 2949 2834 3035 κατατρίόομαι
2873 2966 2939 3019 τὰ
2977 2968 3104 3037 περὶ
3145 2967 3237 3019 τοῦ
3265 2967 3460 3036 γόητος
3509 2966 3699 3018 τούτου

2138 3053 2536 3123 φθεγγόμενος,
2577 3057 2677 3109 ὅσα
2717 3074 2774 3109 τε
2821 3057 2961 3109 κατά
2999 3058 3097 3128 τῆς
3141 3057 3392 3128 ἀληθείας
3437 3057 3693 3127 κατεψεύ-

2136 3162 2265 3198 σατο
2285 3162 2298 3210 ;

2204 3328 2276 3380 Γ’.
2329 3327 2549 3399 Πρῶτον
2599 3329 2697 3398 μὲν
2748 3329 3012 3383 διδάσκων
3065 3329 3513 3402 ἀπαρνησιθεῖαν,
3579 3331 3692 3384 καθ’

2135 3418 2421 3490 ὑπόκρισιν
2445 3420 2711 3491 βδελυρῶν
2742 3421 2940 3472 θυσιῶν
2970 3422 3065 3491 τῆς
3087 3421 3531 3494 εἰδωλολατρείας
3569 3439 3692 3493 μετ-

2135 3511 2280 3580 έχειν
2307 3512 2498 3580 λέγων·
2523 3511 2709 3564 ἔπειτα
2731 3511 2787 3563 δὲ
2814 3513 3037 3564 ἀπατῶν
3057 3513 3180 3576 τοὺς
3207 3512 3504 3575 ἀκούοντας
3527 3515 3690 3584 ἀρνεῖ-

2136 3601 2258 3655 σθαι
2286 3603 2382 3674 τὴν
2416 3604 2550 3656 ἰδίαν
2571 3603 2750 3657 πίστιν
2771 3606 3017 3673 στόματι,
3035 3607 3127 3658 καὶ
3157 3606 3230 3676 μὴ
3255 3605 3398 3676 ἔχειν
3423 3606 3689 3677 ἁμαρτίαν

2133 3695 2386 3764 φάσκωνο
2416 3695 2490 3758 ὡς
2531 3692 2666 3748 εἶναι
2691 3696 3057 3768 ἀθεράπευτον
3095 3698 3154 3750 τὸ
3185 3698 3362 3751 αὐτῶν
3382 3698 3578 3762 πάθος,
3605 3699 3686 3751 καῖ

2135 3788 2210 3858 μὴ
2270 3787 2566 3858 δυνάμενον
2606 3787 2984 3858 διοροωθῆναι.
3041 3789 3103 3841 Ei
3157 3789 3264 3862 γὰρ
3312 3790 3374 3842 τὸ
3415 3791 3590 3860 στόμα
3636 3790 3688 3841 τὸ

2129 3879 2423 3950 ὁμολογοῦν
2464 3880 2562 3950 τὴν
2601 3879 2856 3950 ἀλήθειαν
2892 3881 3343 3951 προετοιμάζεται
3371 3884 3450 3945 εἰς
3477 3882 3684 3951 ψεῦῶς.

2130 3966 2240 4040 ἆρά
2265 3987 2328 4039 γε
2349 3972 2432 4034 τίς
2453 3971 2636 4034 αὐτοῖς
2666 3971 3047 4042 ὲμπιστεύσειε
3070 3973 3167 4042 τὴν
3195 3973 3421 4043 καρδίαν
3447 3974 3524 4043 μὴ
3552 3975 3684 4043 ἔχειν

2127 4063 2518 4133 ἠπατημένην;
2545 4063 2703 4117 ὁπότε
2731 4063 3024 4135 διαρρήδην
3051 4063 3338 4131 ἐκφάσκων
3375 4065 3403 4114 ὁ
3433 4063 3577 4126 Octo;
3605 4064 3682 4115 λό-

2128 4172 2223 4222 γος
2253 4156 2310 4207 ὲν
2342 4155 2620 4226 Πνεύματι
2663 4155 2804 4226 ἁγίῳ
2846 4155 3134 4216 διδάσκων,
3179 4155 3296 4207 ’Ὁτι
3337 4156 3554 4223 καρδίᾳ
3599 4171 3680 4207 :u-

2129 4248 2404 4302 στεύεται
2448 4251 2535 4310 εἰς
2568 4245 2983 4312 δικαιοσύνην,
3015 4245 3261 4313 στόματι
3288 4244 3356 4298 δὲ
3389 4246 3680 4314 ὁμολογεῖ-

443 4340 511 4394 ad
540 4339 764 4393 salutem
805 4342 1179 4412 confessione»:
1214 4343 1330 4412 ﬁeri
1365 4344 1421 4396 ‘?
1453 4343 1716 4400 Praeterea
1746 4345 2022 4402 Christum

2134 4361 2217 4397 ται
2252 4344 2338 4408 εὶς
2367 4341 2688 4410 σωτηρίαν.
2727 4338 2888 4391 Ἀλλὰ
2919 4339 3010 4391 καὶ
3038 4339 3197 4392 πάλιν
3228 4337 3382 4408 δῆθεν
3420 4337 3518 4408 μὲν
3557 4340 3678 4408 X9:-

449 4433 576 4488 licet
626 4434 847 4488 nomine
892 4434 1011 4502 ipso
1052 4433 1302 4499 fateatur,
1334 4452 1458 4490 cum
1499 4437 1570 4490 ita
1607 4439 1874 4508 loquitur.
1916 4441 2025 4494 Ma-

441 4537 581 4593 gnus
611 4521 722 4577 Rex
755 4533 837 4576 est
863 4521 1153 4578 Christus:
1187 4533 1364 4577 utrutn
1417 4525 1468 4578 id
1502 4533 1678 4579 tamen
1712 4527 1778 4582 de
1806 4527 2025 4584 Christo

440 4612 566 4668 Jesu
600 4612 828 4668 Domino
875 4623 1064 4668 nostro
1096 4617 1549 4684 pronuntiaverit,
1583 4633 1648 4672 ex
1681 4618 2024 4675 fraudulento

442 4706 539 4766 illo
568 4705 988 4775 adulterinoque
1019 4706 1179 4768 libro,
1213 4723 1373 4774 quem
1407 4707 1472 4758 de
1497 4709 1654 4777 nugis
1685 4710 1800 4764 suis
1830 4710 2021 4778 edidit,

443 4795 682 4849 nondum
717 4797 1150 4851 animadvertere
1179 4798 1349 4865 potui.
1387 4796 1569 4868 Neque
1595 4800 1739 4865 enim
1764 4801 1907 4855 istud
1935 4802 2022 4855 di-

443 4895 589 4940 serte
620 4888 892 4956 significat
928 4908 940 4940 :
981 4890 1074 4943 sed
1102 4888 1306 4943 Christi
1350 4905 1547 4943 nomen
1581 4891 1900 4959 simpliciter
1927 4909 2024 4964 ap-

443 4979 627 5047 pellat,
665 4979 819 5047 quasi
848 4981 1103 5039 alterum.
1142 4989 1406 5050 quantum
1458 4981 1810 5050 intelligimus
1839 5024 1850 5047 ,
1884 4985 2025 5038 indi-

440 5078 545 5128 cet,
579 5067 686 5138 42
719 5070 797 5121 vel
840 5079 1128 5138 exspectet.
1188 5069 1322 5123 Nam
1382 5080 1434 5125 et
1465 5071 1531 5124 ad
1579 5070 1856 5128 Orientem
1891 5091 2024 5130 con-

439 5174 598 5212 verso
630 5158 779 5211 vultu
832 5160 1042 5227 precari
1078 5160 1353 5229 prohibet,
1398 5173 1665 5233 negatque
1697 5165 1935 5222 intentos
1966 5168 2020 5222 in

438 5268 556 5308 cam
594 5263 800 5322 partem
843 5269 944 5308 nos
989 5267 1110 5308 esse
1139 5264 1424 5322 oportere;
1457 5259 1554 5311 sed
1587 5255 2016 5328 Hierosolymam

516 5413 528 5441 '
566 5411 721 5466 Rom.
746 5427 800 5476 Χ,
841 5411 921 5466 l0.
999 5409 1208 5465 "Forte
1238 5411 1554 5482 Σαμψαίων.

2131 4437 2252 4489 στὸν
2285 4436 2508 4505 ὀνόματι
2539 4433 2808 4502 ὁμολογεῖ,
2849 4431 3040 4499 λέγων,
3077 4431 3158 4483 ὅτι
3189 4430 3417 4499 Χριστὸς
3455 4432 3482 4482 ὁ
3518 4430 3679 4500 μέγας

2132 4529 2402 4600 βασιλεὺς,
2442 4528 2504 4579 οὑ
2538 4527 2644 4595 μὴν
2683 4525 2820 4578 πάνυ
2863 4540 2925 4591 γε
2955 4522 3255 4593 κατείληφα
3282 4523 3347 4574 ἐκ
3382 4521 3478 4591 τῆς
3525 4520 3676 4575 αὑτοῦ

2127 4621 2347 4692 δολερᾶς
2377 4620 2469 4672 καὶ
2491 4617 3015 4688 παραπεποιημένης
3049 4615 3350 4679 συντάξεως
3379 4616 3476 4686 τῆς
3504 4615 3675 4684 βίϐλον

2127 4713 2227 4783 τῆς
2254 4712 2419 4764 αὑτοῦ
2445 4711 2735 4782 ληρωδίας,
2763 4711 2810 4761 εἰ
2833 4709 2959 4780 περὶ
2986 4707 3078 4760 τοῦ
3111 4708 3315 4778 Κυρίου
3341 4707 3492 4777 ἡμῶν
3514 4705 3672 4779 Ἰησοῦ

2129 4803 2365 4876 Χριστοῦ
2397 4804 2734 4873 ὑφηγήσατο.
2767 4801 2902 4854 Οὑτε
2927 4799 3033 4870 γάρ
3054 4799 3211 4852 τοῦτο
3235 4798 3425 4869 ὁρίζει·
3457 4796 3673 4866 Χριστὸν

2128 4897 2183 4950 δὲ
2219 4896 2402 4958 ἁπλῶς
2431 4895 2598 4963 λέγει,
2630 4896 2704 4957 ὡς
2729 4894 2786 4957 ἐξ
2814 4888 2887 4947 ὧν
2917 4890 3323 4962 γατειλήφαμέν
3360 4907 3476 4941 τινα
3504 4891 3671 4959 ἕτερον

2129 4989 2406 5059 σημαίνων
2451 4989 2484 5058 ἢ
2532 4987 2864 5060 προσδοκῶν·
2916 4986 3110 5040 κωλύει
3154 4985 3261 5052 γάρ
3308 4985 3386 5044 εἰς
3427 4981 3669 5039 ἀνατολὰς

2126 5079 2402 5144 εὔξασθαι,
2435 5079 2656 5147 φάσκων
2700 5078 2772 5149 μὴ
2814 5077 2920 5131 δεῖν
2958 5076 3242 5146 προσέχειν
3273 5074 3464 5135 οὕτως’
3498 5075 3588 5126 ἐπὶ
3619 5071 3668 5122 τὰ

2137 5172 2479 5242 Ἱεροσόλυμα
2517 5173 2574 5225 δὲ
2619 5171 2760 5242 ἔχειν
2806 5172 2864 5224 τὸ
2912 5172 3198 5240 πρόσωπον
3234 5168 3296 5220 ἐκ
3331 5169 3548 5220 πάντων
3579 5166 3667 5217 τῶν

2126 5261 2327 5332 μερῶν,
2359 5262 2484 5323 τοὺς
2532 5261 2628 5331 μὲν
2671 5261 2762 5314 ἀπ’
2797 5258 3068 5312 ἀνατολῶν
3105 5261 3183 5320 εἰς
3211 5256 3364 5309 δύσιν
3399 5257 3664 5326 προσέχειν

511 5577 623 5644 (l9)
656 5577 758 5628 Διά
785 5575 848 5627 τὸ
895 5574 1020 5642 ἰἰιλ
1051 5571 1379 5628 καλεῖσθαι.
1423 5571 1683 5629 llebraice
1713 5571 1782 5624 ita
1812 5566 2030 5638 concipit

2137 5583 2166 5622 a
2197 5574 2322 5622 sunt
2351 5576 2441 5628 to:
2476 5552 2590 5631 S’n,
2631 5569 2712 5623 vel
2744 5577 2876 5634 τω,
2911 5567 3072 5621 virtus
3102 5567 3422 5620 abscondita.
