3754 6182
102 246 201 301 ἓ69

792 249 1159 307 ADVERSUS
1198 248 1539 305 [LERESES
1576 249 1704 305 LIB.
1749 249 1788 305 1.
1841 252 2001 309 ΤΟΜ.
2046 254 2083 308 l.
2128 288 2194 296 -
2234 258 2505 314 ll/ERES.
2551 258 2665 314 XX.

3256 259 3364 317 270

103 361 286 431 ὄνομά
333 380 496 430 τινος
542 364 747 434 ἐτέρου
794 364 885 433 ἐφ’
935 363 1111 431 ὅρκῳο
1154 364 1248 418 καὶ
1288 363 1450 419 πάλιν
1499 364 1558 416 ὲν
1601 381 1629 415 τ

1804 365 2013 422 )omino
2044 368 2248 423 dictum
2276 368 2433 425 :Non
2462 369 2673 425 habebis
2714 370 2831 423 deos
2884 371 3016 425 alios
3044 383 3233 438 pra’ter
3258 391 3358 429 me.

102 454 417 524 εὐαγγελίῳ
447 455 718 523 λέγοντος·
754 455 850 521 Μὴ
894 456 1139 523 ε’μνύναι
1165 455 1318 524 μήτε
1356 456 1462 509 τὸν
1492 458 1670 523 οὐρα-

100 544 223 609 νὺν,
254 546 410 613 μήτε
438 546 556 614 τὴν
590 546 729 616 γῆν,
746 545 898 616 μήτε
917 546 1122 614 ἕτερόν
1146 563 1278 599 τινα
1311 547 1510 615 ὅρκονο
1532 548 1670 602 ἀλλ’

100 631 215 698 ἤτω
244 633 410 699 ὑμῶν
442 636 505 688 τὸ
540 635 638 689 ναὶ
674 636 797 700 ral,
835 637 933 690 καί
973 636 1039 690 τό
1076 636 1147 690 οὒ
1174 638 1266 691 οὔ’
1299 639 1364 691 τὸ
1390 644 1672 709 περισσό-

99 739 271 789 τερον
296 724 407 792 γὰρ
428 725 655 778 τούτων
673 726 742 779 ἐκ
767 727 871 781 τοῦ
900 729 1171 797 πονηροῦ
1207 729 1487 799 ὑπάρχει.
1531 731 1671 800 Ἐγὼ

98 813 152 865 δὲ
186 814 316 886 περὶ
347 814 538 869 τούτου
575 816 781 887 νομίζω
810 817 1063 873 θεσπίσαι
1092 820 1185 875 τὸν
1218 821 1444 892 Κύριον,
1482 822 1570 879 διὰ
1611 825 1673 878 τὸ

101 904 311 974 μέλλειν
339 906 492 970 τινὰς
519 906 719 975 λέγειν,
755 908 813 960 ἐν
846 907 1026 973 ἄλλοις
1051 910 1308 981 ὀνόμασιν
1342 914 1504 985 ὅρκον
1536 932 1671 986 προ-

99 996 406 1050 ϐάλλεσθαι.
439 998 660 1069 Πρῶτον
690 999 788 1070 μὲν
815 996 931 1068 οὖν,
962 1003 1047 1055 ὅτι
1076 1003 1135 1056 οὐ
1173 1004 1255 1058 δεῖ
1284 1004 1512 1077 ὀμνύναι
1547 1007 1671 1061 οὔτε

97 1087 259 1141 αὑτὸν
284 1088 376 1141 τὸν
396 1090 623 1161 Κύριον,
648 1091 769 1146 οὔτε
799 1092 957 1146 ἄλλον
979 1095 1101 1149 τινὰ
1120 1096 1301 1169 ὅρκον*
1327 1098 1419 1151 τοῦ
1444 1099 1555 1168 γὰρ
1583 1116 1673 1153 πο-

94 1177 259 1247 νηροῦ
292 1180 409 1231 ἐστι
446 1180 508 1233 τὸ
548 1180 799 1252 ὀμνύναι.
838 1184 1079 1255 Πονηρὸς
1103 1186 1161 1240 δὲ
1191 1188 1299 1259 ἄρα
1331 1190 1425 1243 καὶ
1458 1192 1486 1244 ὁ
1512 1192 1571 1245 ἐν
1594 1192 1673 1262 τῷ

103 1268 291 1335 Ἠλξαῖ
342 1270 598 1341 λαλήσας,
655 1274 682 1326 ὁ
721 1278 1142 1343 καταναγκάσας
1174 1281 1236 1333 ού
1266 1283 1424 1353 μόνον
1457 1285 1513 1336 ὲν
1554 1285 1673 1355 Θεῷ

89 1359 339 1429 ὀμνύναι,
372 1362 506 1415 ἀλλὰ
537 1363 630 1417 καὶ¹
655 1365 713 1417 ὲν
744 1364 831 1417 ἁλὶ
860 1367 954 1420 καὶ
980 1367 1039 1421 ἐν
1068 1368 1237 1435 ὕδατι,
1267 1372 1359 1423 καὶ
1388 1373 1447 1426 ὲν
1474 1374 1671 1446 αἰθέρι,

90 1452 180 1503 καὶ
205 1452 267 1503 ἐν
293 1452 502 1523 ἀνέμῳ,
526 1456 617 1507 καὶ
642 1456 700 1508 ὲν
715 1458 782 1527 τῇ
832 1459 924 1526 γῇ,
958 1460 1053 1512 καὶ
1082 1460 1140 1513 ὲν
1160 1463 1394 1534 οὐρανῷ.
1418 1465 1674 1536 Ἀρκετδν

93 1546 146 1597 δὲ
173 1545 255 1608 ὡς
279 1547 337 1599 ἐν
367 1548 583 1619 παρόδῳ
616 1548 705 1602 διὰ
730 1549 834 1603 τῶν
857 1550 950 1605 δύο
991 1552 1165 1622 λόγων
1216 1556 1350 1626 πρὸς
1401 1558 1673 1613 ἀντίθεσιν

88 1636 187 1707 τῆς
219 1638 389 1691 αὐτοῦ
421 1638 626 1710 πλάνης
658 1641 917 1713 ἀντιδότῳ
948 1644 1183 1717 χρῆσθαι
1229 1646 1319 1699 τὸν
1353 1646 1674 1720 βουλόμενον

90 1728 458 1799 ίατρευθῆναι.
522 1730 815 1802 Παρελθὼν
862 1732 920 1786 δὲ
961 1734 1150 1789 τούτου
1186 1737 1284 1807 τὴν
1330 1740 1665 1810 ὲρεσχελίαν,

86 1820 176 1873 καὶ
198 1821 263 1873 τὸ
296 1821 526 1875 ὓπουλον
552 1822 757 1894 ταύτης
786 1826 885 1896 τῆς
907 1824 1190 1896 αίρέσεως,
1224 1829 1423 1901 ἐφεξῆς
1446 1835 1669 1906 ποιήσο-

86 1930 181 1981 μαι
223 1912 330 1983 τῆς
374 1914 607 1987 ἑϐδόμης
644 1916 908 1987 αἱρέσεως
953 1918 1042 1971 τὸν
1094 1918 1331 1992 ἔλεγχον,
1368 1926 1467 1997 τῆς
1514 1931 1666 2001 παρὰ

80 2007 188 2068 τοῖς
224 2006 414 2071 αὐτοῖς
443 2008 563 2061 τότε
594 2009 1074 2081 νομιστευομένης.
1106 2014 1214 2066 Καὶ
1240 2014 1386 2071 ἐστιν
1411 2018 1573 2092 αὕτη.

1776 456 1901 512 Non
1944 460 2225 527 usurpabis
2266 460 2318 513 in
2348 459 2705 529 jurejurando
2747 477 2930 514 nomen
2974 462 3195 517 alterius
3226 465 3263 517 ί.
3292 466 3363 525 At

1774 554 1831 611 in
1863 555 2160 627 Evangelio
2194 558 2462 628 praecipit,
2511 557 2636 612 Non
2673 558 2892 626 jurare,
2944 574 3103 627 neque
3148 554 3359 623 caelum,

1773 665 1936 719 neque
1970 657 2205 712 terram,
2252 666 2414 718 neque
2462 648 2611 703 aliud
2644 648 3073 718 jusjurandum:
3116 652 3205 703 sed
3249 657 3362 705 esto

1773 738 1913 794 vobis
1931 740 2293 810 jurisjurandi
2330 741 2521 805 instar,
2546 738 2743 796 Etiam.
2772 740 2952 800 etiam,
2972 748 3021 794 et
3061 738 3203 801 Non,
3236 756 3359 795 non.

1775 829 1930 897 Quod
1969 832 2108 885 enim
2155 830 2513 884 abundantius
2551 830 2619 883 iis
2649 839 2797 896 est,a
2837 828 2979 882 malo
3008 839 3084 883 est
3105 830 3149 883 '.
3195 828 3363 899 Equi-

1772 923 1895 977 dem
1935 922 2140 977 idcirco
2172 920 2461 975 Dominum
2512 920 2580 976 de
2629 935 2693 975 ea
2727 934 2786 975 re
2823 920 3075 975 sanxisse
3112 919 3361 976 credide-

1772 1015 1902 1081 rim,
1947 1013 2096 1086 quod
2134 1016 2397 1073 exsistere
2424 1013 2560 1069 certi
2612 1013 2863 1069 homines
2917 1013 3219 1077 deberent,
3264 1012 3359 1082 qui

1775 1104 1880 1159 alia
1921 1120 2188 1176 usurpare
2218 1105 2272 1160 in
2316 1104 2615 1175 dejerando
2647 1104 2868 1158 nomina
2915 1102 3236 1158 suaderent.
3278 1103 3358 1156 Ac

1774 1197 2012 1267 primum
2042 1198 2322 1261 statuisse,
2352 1212 2463 1252 non
2510 1213 2635 1255 esse
2671 1196 2970 1268 jurandum
3006 1196 3256 1266 penitus,
3288 1210 3360 1250 ne

1775 1290 2062 1345 Dominum
2083 1290 2303 1359 quidem
2332 1290 2533 1361 ipsum,
2574 1305 2753 1360 neque
2790 1290 2937 1345 aliud
2980 1290 3148 1343 ullum
3176 1287 3358 1358 jusju-

1772 1381 1929 1437 randi
1956 1397 2129 1451 genus
2155 1382 2597 1452 concipiendum.
2655 1382 2781 1436 Mali
2820 1381 2965 1437 enim
3015 1388 3101 1436 est
3129 1380 3357 1435 omnino

1770 1472 1977 1542 jurare.
2031 1472 2272 1529 Proinde
2321 1474 2502 1528 malus
2539 1483 2624 1529 est
2665 1474 2759 1542 qui
2800 1487 2896 1542 per
2931 1470 3083 1525 Elxai
3140 1469 3393 1524 locutus-

1774 1574 1859 1620 est
1892 1584 1905 1620 :
1940 1565 2031 1635 qui
2073 1582 2178 1622 non
2216 1565 2379 1620 modo
2417 1566 2664 1636 dejerare
2692 1580 2787 1635 per
2834 1563 3004 1617 Deum
3051 1562 3225 1633 cogit,
3261 1576 3357 1616 ve-

1776 1668 1896 1706 rum
1942 1654 2107 1709 etiam
2147 1669 2244 1724 per
2284 1654 2488 1719 salem,
2531 1669 2748 1725 aquam,
2807 1653 3046 1715 :ethera,
3106 1658 3354 1714 ventum,

1778 1754 2000 1807 terram,
2035 1754 2198 1816 atque
2246 1748 2469 1802 caelum.
2512 1746 2689 1817 Atque
2742 1744 2825 1801 hac
2862 1745 2985 1800 dua:
3011 1744 3286 1806 rationes,
3324 1758 3354 1797 a

1775 1852 1863 1892 me
1891 1838 2066 1893 obiter
2097 1839 2380 1909 explicata:
2412 1839 2724 1903 sumciunt,
2757 1846 2818 1893 ut
2864 1846 3058 1893 contra
3092 1836 3241 1891 illius
3267 1850 3356 1890 er-

1776 1946 1929 1986 rores
1969 1931 2231 2001 quilibet,
2283 1932 2376 2002 qui
2416 1931 2635 2002 quidem
2673 1932 2855 1987 curari
2894 1930 3058 1993 velit,
3100 1934 3353 1999 paratum

1772 2025 2073 2080 antidotum
2104 2025 2321 2079 habeat.
2355 2025 2719 2090 Quamobrem
2749 2023 2911 2095 nugis
2938 2023 3099 2078 istius
3128 2018 3352 2079 haeresis

81 2111 141 2150 ac
181 2098 418 2152 subdola
458 2099 805 2156 cavillatione
836 2105 1227 2171 praetermissa,
1259 2108 1324 2162 ad
1350 2126 1423 2164 vu
1450 2128 1632 2172 earum

1804 2133 1963 2177 etum
1988 2119 2132 2192 apud
2165 2118 2383 2175 Judaaos
2433 2119 2717 2191 vigebant,
2771 2116 3204 2189 redarguendam
3266 2128 3353 2169 me

80 2188 381 2245 conferam.
409 2189 484 2243 Ea
510 2199 593 2247 est
620 2192 908 2262 ejusmodi,

440 2324 631 2376 ΚΑΤΑ
693 2326 1090 2383 HPQAIANON
1126 2332 1281 2403 (se),

159 2414 414 2485 Ἑϐδόμη
458 2418 849 2507 αῖρεσιςαιξπὸ
874 2422 1278 2507 ςιούδατσμοῦ,
1320 2430 1563 2504 εἰκοστὴ
1595 2436 1663 2489 δὲ

646 2494 721 2556 τῇ
740 2494 1091 2560 ἀκολουθίᾳ.

141 2618 223 2670 Α’.
272 2617 428 2706 Μετὰ
457 2620 658 2691 ταύτην
687 2621 743 2674 δὲ
772 2623 866 2675 καὶ
890 2623 1029 2694 μετὰ
1052 2626 1253 2693 ταύτας
1270 2630 1430 2685 πάλιν
1455 2632 1655 2706 ἑϐδόμη

74 2705 293 2776 αἵρεσις
319 2704 387 2779 ἦν
435 2711 469 2779 ἡ
521 2711 626 2763 τῶν
668 2712 1010 2783 Ἠρωδιανῶν
1042 2716 1371 2792 καλουμένη.
1408 2704 1658 2777 Οὐδὲνδὲ

73 2797 232 2868 ἔσχον
288 2816 339 2853 τι
392 2802 839 2873 παρηλλαγμένον
868 2799 1043 2859 οὖτοισ
1070 2807 1185 2861 ἀλλ’
1211 2809 1321 2863 ὅλοι
1370 2814 1507 2866 εἰσὶν
1532 2815 1658 2868 Ἰου-

71 2890 226 2953 δαῖοι,
244 2890 410 2961 ἀργοὶ
435 2908 491 2943 τε
518 2894 609 2945 καὶ
635 2894 945 2965 ὑποκριταί.
964 2895 1209 2969 Ἡρώδην
1229 2900 1284 2953 δὲ
1305 2893 1448 2956 οὗτοι
1468 2904 1661 2975 ἡγοῦν-

68 2998 131 3033 το
160 2983 407 3053 Χριστὸν
435 2983 659 3054 Κύριον,
688 2984 779 3038 τὸν
806 2986 864 3039 ἐν
898 2986 1098 3054 πάσαις
1127 2991 1371 3063 Γραφαῖς
1404 2996 1567 3067 νόμου
1601 3016 1661 3051 τε

2043 2347 2152 2419 (.5
2200 2343 2570 2400 ADVERSUS
2613 2344 3085 2410 HERODIANOS,

1897 2437 2028 2503 Quae
2056 2447 2134 2491 est
2164 2439 2377 2492 hwresis
2400 2436 2670 2490 Judaismi
2715 2435 2846 2500 VII,
2883 2437 3066 2491 ordine
3093 2437 3218 2491 XX.

1840 2614 1881 2669 ι.
1921 2614 2163 2684 Septima
2210 2621 2334 2682 post
2378 2612 2692 2682 superiores
2738 2614 2862 2668 illas
2912 2612 3347 2670 Herodianorum

1769 2706 1996 2762 haeresis
2030 2714 2132 2760 est.
2163 2704 2267 2772 Qui
2299 2705 2433 2759 nihil
2476 2704 2753 2765 diversum
2798 2720 2827 2758 a
2869 2706 3097 2775 reliquis
3138 2708 3346 2763 habue-

1770 2805 1932 2861 runt;
1964 2803 2017 2851 et
2042 2794 2211 2849 Judaei
2252 2795 2386 2849 meri
2419 2805 2569 2856 sunt.
2602 2795 2804 2850 inertes
2837 2795 2999 2850 iidem
3029 2812 3092 2851 ac
3120 2799 3347 2852 simula—

1768 2898 1939 2944 tores.
1967 2887 2069 2955 Qui
2102 2886 2369 2942 Herodem
2402 2887 2678 2941 Christum
2717 2885 3004 2941 Dominum
3036 2904 3157 2943 esse
3192 2888 3345 2943 dice-

1766 2981 2113 3048 bant;eum,
2146 2980 2390 3049 inquam,
2436 2977 2740 3042 Christum,
2790 2980 2884 3048 qui
2937 2981 2989 3034 in
3043 2980 3345 3051 Scripturis

70 3072 162 3125 καί
196 3074 500 3145 προφητῶν
531 3076 999 3149 προσδοκώμενον,
1031 3081 1351 3151 νομίσαντες
1386 3086 1548 3140 αὑτὸν
1578 3083 1629 3141 εἴ

1804 3074 2018 3129 mnibus
2043 3088 2106 3128 ac
2133 3072 2412 3143 prophetis
2441 3072 2884 3143 exspectabatur,
2916 3074 3037 3129 eSse
3070 3072 3344 3129 Herodem

69 3188 151 3221 ναι
175 3168 278 3222 τὸν
316 3168 557 3241 Ἡρώδην
584 3172 837 3242 Χριστὸν,
871 3176 964 3228 καὶ
997 3177 1083 3229 ἐπ’
1114 3176 1263 3249 αὐτῷ
1286 3180 1657 3252 ἀπατώμενοι,

70 3259 436 3330 ἐσεμνύνοντο
460 3260 536 3331 τῷ
565 3261 799 3335 Ἡρώδῃ,
827 3264 891 3316 ἐκ
921 3265 1016 3318 τοῦ
1054 3267 1219 3338 ῥητοῦ
1256 3271 1659 3342 συναρπασθέν-

66 3368 178 3415 τες,
219 3352 367 3422 μετὰ
398 3351 491 3405 τοῦ
522 3354 615 3407 καὶ
632 3355 715 3418 εἰς
749 3357 907 3428 χάριν
936 3357 1030 3412 τοῦ
1061 3360 1183 3414 τότε
1208 3360 1476 3430 βασιλέως
1502 3381 1658 3418 κενο-

62 3442 314 3512 δοξῆσαι,
351 3442 448 3496 τοῦ
487 3446 805 3515 είρημένου·
856 3450 977 3502 Οὐκ
1026 3450 1294 3519 ἐκλείψει
1339 3450 1541 3520 ἄρχων
1589 3453 1658 3517 ἐξ

80 3534 287 3599 Ἰούδα,
312 3535 458 3589 οὐδὲ
489 3536 818 3605 ἡγούμενος
839 3540 908 3593 ἐκ
938 3540 1055 3594 τῶν
1082 3542 1287 3612 μηρῶν
1311 3544 1519 3611 αὐτοῦ,
1548 3545 1658 3611 ἕως

65 3624 141 3678 ἂν
170 3628 328 3694 ἔλθῃ
375 3619 424 3693 ᾧ
468 3628 792 3684 ἀπόκειται.
811 3631 899 3696 Ὠς
928 3633 983 3686 δὲ
1006 3632 1117 3703 ἔχει
1142 3635 1208 3689 τὰ
1236 3634 1371 3689 ἄλλα
1407 3637 1657 3710 ἀντίγρα-

65 3731 161 3782 φα,
193 3715 311 3781 ἓως
341 3715 492 3784 ἔλθῃ
520 3709 569 3783 ᾧ
586 3719 658 3772 τὰ
683 3720 1065 3790 ἀποκείμενα.
1083 3724 1411 3798 Ἐπειδήπερ
1436 3728 1464 3779 ὁ

62 3804 157 3873 δης
205 3805 325 3869 υίὸς
351 3806 465 3876 (εδ)
512 3807 868 3881 Ἀντιπάτρου
913 3811 1207 3882 ἐτύγχανεν
1253 3815 1653 3871 Ἀσκαλωνίτου

62 3897 207 3961 τινὸς
234 3898 542 3969 ἰεροδούλου
560 3899 892 3966 Ἀπόλλωνος
920 3903 1014 3956 τοῦ
1045 3904 1286 3958 εἰδώλου.
1310 3900 1385 3961 Οὗ
1414 3907 1442 3959 ὁ
1469 3908 1653 3980 πατὴρ

61 3988 152 4040 τοῦ
219 3989 393 4042 αὐτοῦ
436 3990 792 4073 Ἀντιπάτρου
834 3995 1080 4066 Ἡρώδης
1130 3998 1226 4068 μὲν
1278 3996 1346 4071 ἦν
1390 4000 1650 4073 τοῦνομα,

63 4080 175 4142 υἱὸς
206 4080 267 4134 δὲ
302 4076 373 4150 ἦν
400 4070 558 4145 οὗτος
580 4082 675 4136 τοῦ
700 4084 945 4140 Ἀντίπα.
978 4088 1330 4159 Αίχμάλωτος
1361 4090 1416 4143 δὲ
1440 4070 1648 4164 ὲλήςρθη

70 4172 392 4242 Ἰδουμαίων
425 4176 453 4228 ὁ
477 4174 641 4237 αὐτὸς
672 4175 1046 4249 Ἀντίπατρος,
1065 4181 1290 4234 κάκεῖσε
1321 4182 1379 4235 ὲν
1403 4186 1469 4255 τῇ
1490 4183 1651 4237 Ἰδου-

61 4262 195 4332 μαίᾳ
226 4263 529 4335 διατρίϐων
554 4265 810 4336 ἐγέννησε
842 4269 931 4321 τὸν
948 4270 1209 4341 Ἡρώδην.
1228 4270 1335 4325 Τοῦ
1366 4272 1420 4326 δὲ
1444 4274 1651 4345 πατρὸς

54 4354 293 4425 πένητος
315 4355 491 4419 ὄντος,
527 4357 624 4410 καὶ
675 4357 748 4428 μὴ
789 4359 1088 4430 δυναμένου
1120 4360 1336 4434 λύτροις
1384 4364 1648 4434 ῥύσασθαι

1762 3163 2171 3227 existimabant,
2199 3162 2374 3234 deque
2403 3179 2469 3218 eo
2503 3161 2639 3218 falsa
2676 3162 2909 3234 quadam
2962 3164 3129 3217 animi
3186 3163 3345 3217 indu~

1761 3256 1943 3310 ctione
1974 3254 2368 3325 gloriabantur.
2413 3255 2491 3309 Ac
2515 3266 2871 3325 praeterquam
2913 3255 3059 3325 quod
3109 3257 3160 3308 in
3197 3256 3343 3309 illius

1762 3347 1907 3417 regis
1933 3348 2165 3418 gratiam
2190 3363 2328 3403 vane
2354 3348 2457 3403 ista
2488 3347 2793 3417 iactabant,
2822 3348 2984 3402 etiam
3020 3347 3155 3417 ipsis
3188 3346 3339 3402 Scri-

1759 3448 1934 3506 ptura:
1978 3441 2069 3494 ille
2110 3439 2265 3495 locus
2311 3438 2610 3508 imposuit:
2651 3437 2774 3493 Non
2813 3438 3013 3493 desinet
3050 3442 3286 3508 princeps
3312 3456 3342 3494 ε

1757 3531 1925 3596 Juda,
1958 3547 2119 3602 neque
2164 3530 2277 3583 dux
2327 3545 2392 3585 ea:
2436 3530 2550 3599 ejus
2581 3530 2798 3599 femore,
2843 3530 3005 3585 donec
3050 3532 3221 3585 veniat
3253 3532 3339 3583 cui

1758 3633 2079 3679 reservatum
2115 3630 2192 3676 est
2214 3624 2256 3677 '.
2320 3620 2417 3677 Vel
2452 3629 2512 3675 ut
2550 3622 2604 3675 in
2637 3622 2759 3676 aliis
2787 3622 3051 3692 exemplis
3084 3622 3336 3693 legimus.

1756 3715 1920 3769 donec
1953 3714 2125 3769 veniat
2163 3714 2248 3767 cui
2292 3722 2413 3767 sunt
2450 3722 2737 3766 reservata.
2773 3712 3054 3782 Siquidem
3092 3712 3337 3768 Herodes

1755 3808 2028 3876 Antipatri
2090 3806 2378 3876 cujusdam
2427 3806 2776 3869 Ascalonitzn,
2840 3814 3006 3877 atque
3063 3806 3336 3877 Apollinis

1754 3897 1963 3955 ΛΞᾱὶιυί
2010 3900 2154 3955 tilius
2198 3899 2321 3954 fuit.
2357 3898 2530 3969 Cujus
2568 3900 2793 3970 insuper
2824 3897 3096 3971 Antipatri
3136 3916 3336 3970 parens

1755 3992 1999 4049 Herodes
2034 3992 2256 4048 nomine
2287 3991 2431 4047 ﬁlius
2480 3990 2693 4062 Antipze
2747 3990 2872 4046 fuit.
2923 3992 3211 4063 Antipater
3265 3994 3335 4047 ab

1753 4086 2002 4141 ldumaeis
2029 4092 2224 4156 captus
2248 4094 2301 4139 et
2328 4084 2382 4138 in
2407 4084 2645 4139 ldumaea
2678 4084 2880 4155 degens
2902 4083 3171 4140 Herodem
3201 4100 3334 4141 sus-

1752 4180 1904 4248 cipit.
1944 4177 2062 4255 Qua
2115 4178 2171 4232 in
2214 4177 2436 4248 regione
2475 4176 2568 4231 diu
2615 4177 2908 4232 admodum
2959 4178 3015 4232 in
3068 4180 3335 4234 servitute

1751 4272 1919 4326 x-ixit:
1972 4270 2117 4341 quod
2150 4286 2273 4324 eum
2323 4269 2560 4325 Herodes
2595 4278 2748 4339 pater
2790 4269 2863 4325 ob
2896 4269 3136 4339 inopiam
3180 4271 3331 4325 redi-

1753 4375 1903 4415 mere
1931 4374 2039 4415 non
2081 4367 2289 4428 posset.
2330 4355 2573 4411 Tandem
2609 4372 2639 4410 a
2675 4356 3034 4425 popularibus
3069 4355 3333 4409 collatitia

53 4442 142 4496 τὸν
173 4444 319 4510 υἱὸν,
344 4444 492 4514 λέγω
525 4446 591 4517 δὴ
618 4447 709 4501 τὸν
728 4428 1105 4521 Ἀντίπατρον,
1138 4428 1351 4522 ἔμεινεν
1379 4428 1437 4505 εν
1471 4452 1632 4523 πολλᾷ

1804 4449 1989 4505 ecunia
2017 4461 2123 4502 una
2151 4462 2273 4503 cum
2305 4444 2518 4502 Herode
2548 4446 2659 4501 ﬁlio
2682 4445 2953 4500 liberatus
2990 4444 3331 4513 postliminio

120 4626 135 4656 ¹
162 4624 346 4683 Exod.
381 4639 475 4692 xx,
500 4628 555 4682 3.
630 4629 651 4658 ¹
685 4626 877 4683 Matth.
910 4645 961 4694 τ’,
991 4630 1059 4685 54
1098 4645 1218 4701 sqq.

137 4798 237 4865 22)
278 4800 449 4874 Κατὰ
490 4800 871 4869 Ἡρωδίαν-ῶν.
914 4801 1273 4874 Herodianos,
1320 4820 1551 4874 quorum
1586 4806 1639 4858 in

50 4866 373 4945 ενοιιεειίρ-
386 4866 590 4945 mentio
617 4881 722 4945 est,
755 4874 847 4926 alii
869 4874 936 4945 ah
959 4872 1171 4928 Herode
1196 4866 1413 4945 magno,
1442 4875 1532 4945 alii
1571 4878 1640 4930 ab

48 4941 164 5008 ejus
182 4943 303 4995 lilio
330 4941 545 4995 Herode
563 4943 757 5012 Antipa
780 4944 1091 4997 nominatos
1111 4941 1444 4998 existimant.
1480 4943 1609 4999 Prio
1626 4977 1638 4987 -

52 5026 157 5063 rem
186 5012 531 5067 sententiam
564 5020 746 5067 tuetur
774 5012 1150 5082 Epiphanius;
1177 5016 1270 5083 qui
1302 5022 1355 5069 et
1378 5014 1637 5067 Herodia;

1296 4630 1315 4661 ³
1354 4629 1487 4686 Gen.
1516 4646 1664 4698 χιιι,
1716 4630 1797 4682 10.

1748 4821 1813 4862 ac
1837 4803 2099 4862 Scaligeri
2120 4804 2480 4859 ἀναπόδεικτα
2512 4805 2579 4860 de
2608 4802 2824 4860 Herode
2854 4801 3068 4860 somnia
3093 4802 3325 4858 validis-

1747 4879 1885 4932 sime
1917 4876 2191 4932 refutavit.

1817 4947 1930 5016 (25)
1982 4945 2407 5016 ‘Ezerdwiaep‘o
2452 4944 2704 5012 Ἡρώδης
2758 4944 2909 5009 υιός.
2973 4941 3323 5016 ΒεΑΗει-οάἰε

1743 5012 1969 5084 parente
2017 5012 2246 5086 avoque.
2274 5012 2303 5069 a
2345 5012 2581 5084 Josepho
2618 5015 2950 5086 dissentiunt
2999 5012 3317 5086 Afri_canus.

50 5096 242 5135 norum
271 5093 512 5156 sectam,
536 5097 602 5156 ac
626 5083 821 5156 dogma
845 5084 1070 5156 copiose
1099 5087 1461 5153 persequitur.
1494 5084 1633 5137 Cum
1742 5083 2033 5149 Eusebius,
2057 5083 2413 5156 Epiphanius.
2439 5083 2640 5155 aliique
2656 5085 2848 5156 Patres
2866 5098 3077 5139 omnes.
3106 5083 3319 5139 Etenim

48 5161 227 5205 autem
260 5153 338 5207 de
368 5149 605 5222 Herode,
645 5149 820 5222 deque
848 5149 1173 5209 lle‘rodianis
1195 5149 1630 5217 acuuratissime,

1741 5157 1831 5210 ille
1858 5155 2207 5227 Antipatrum
2241 5155 2534 5210 ldummum
2563 5155 2795 5227 Herodis
2824 5162 3032 5223 patrem
3064 5156 3321 5227 praedivi-

46 5223 539 5295 cruditissimeque
560 5220 845 5295 Serrarius
875 5234 1061 5278 noster
1094 5225 1356 5293 peculiari
1388 5225 1441 5278 in
1468 5240 1633 5295 opere
1738 5238 1845 5281 tem
1880 5240 1943 5279 ac
1977 5220 2249 5295 potentem
2286 5227 2459 5280 fuisse
2501 5226 2715 5287 scribit,
2747 5220 2907 5278 avum
2942 5220 3125 5278 autem
3154 5224 3318 5278 Anti-

45 5292 439 5364 disputaverit,
468 5308 660 5364 neque
685 5293 1006 5362 quidquam,
1051 5292 1195 5363 quod
1226 5310 1291 5349 eo
1313 5292 1629 5364 pertineret,

46 5362 345 5434 intactum,
367 5362 739 5434 indictumque
763 5362 1485 5434 reliquerit,’superva'cuum
1514 5367 1626 5420 exi—

45 5433 352 5505 Stimamus
377 5432 597 5505 verbum
614 5432 849 5505 amplius
873 5435 1043 5487 ullum
1071 5432 1233 5505 super
1249 5451 1319 5505 ea
1336 5452 1391 5489 re
1418 5435 1625 5499 facere;

44 5516 164 5554 cum
196 5502 267 5555 ad
299 5516 526 5576 manum
551 5502 633 5576 sit_
649 5503 784 5557 liber
799 5504 919 5576 _i_lle,
951 5504 1006 5576 in
1039 5502 1154 5574 quo
1181 5504 1248 5559 de
1280 5504 1506 5560 Herodis
1536 5522 1627 5576 ge-

1777 5312 1862 5350 am
1897 5294 2265 5365 ltlumaeaziab
2298 5295 2609 5350 Alexandro
2646 5311 2770 5365 rege
2812 5295 3191 5365 praepositum.
3247 5294 3317 5348 At

1782 5375 1926 5420 atres
1970 5382 2129 5421 avum
2164 5364 2391 5420 llerodis
2437 5373 2491 5420 et
2536 5364 2815 5435 parentem
2865 5364 3312 5427 obscurissimos,

1731 5452 1796 5491 ac
1826 5438 2205 5506 pauperrimos
2232 5438 2513 5490 exstitisse
2544 5434 2873 5498 memorant,
2911 5442 2970 5488 ut
3004 5450 3126 5506 cum
3159 5434 3315 5502 Anti-

1732 5504 1904 5575 pater,
1928 5504 1956 5559 :3
1985 5523 2094 5574 quo
2114 5506 2351 5561 Herodes
2370 5510 2589 5575 genitus
2611 5514 2715 5569 est,
2744 5513 2937 5573 captus
2971 5504 3041 5558 ab
3060 5504 3309 5560 ldumasis

47 5586 205 5647 pere,
221 5572 571 5647 conditione,
589 5572 778 5647 _de_que
798 5572 1143 5647 H‘erodiatiis,
1163 5590 1228 5629 ac
1254 5572 1625 5647 ueterisque:
1728 5572 1896 5639 esset,
1933 5572 2126 5631 redimi
2171 5594 2199 5629 a
2243 5572 2396 5647 patre
2428 5591 2528 5631 suo
2563 5583 2781 5647 propter
2809 5572 3045 5647 ipopiam
3086 5576 3313 5647 minime

45 5641 146 5696 hoc
193 5644 330 5699 loco
378 5644 549 5715 attigit
588 5641 944 5717 Epiphanius.
979 5645 1267 5715 diligenter
1308 5641 1619 5725 explicavit.

1726 5649 1986 5715 potuerit.
2010 5647 2081 5702 De
2106 5649 2205 5703 huc
2226 5644 2524 5721 quaestione
2545 5644 2770 5701 Consule
2818 5644 3146 5708 Scrrarium,
3184 5645 3236 5697 b.
3255 5657 3309 5700 c.
