3754 6182
394 253 494 306 271

1787 255 1841 309 S.
1897 254 2238 311 EPIPHANII
3545 259 3636 313 272

399 372 450 423 in
486 368 714 441 patriam
762 370 1073 425 revertitur.
1127 370 1300 437 Quam
1345 369 1415 425 ob
1462 384 1685 425 causam
1731 371 1799 426 ab
1847 371 1967 425 aliis

2126 373 2147 441 ᾧ
2178 372 2355 446 χρόνῳ
2389 373 2935 463 δουλεύωνλῦστερον
2966 375 3021 427 δὲ
3050 374 3326 446 ὲλυτρωνη
3360 373 3422 438 ἐξ
3455 374 3637 443 ἐράνου

399 461 685 523 ldumams,
728 461 796 515 ab
838 462 959 516 aliis
1000 462 1313 516 Ascalonita
1357 460 1544 517 fuisse.
1570 462 1819 532 proditus
1859 472 1965 520 est.

397 552 592 609 Postea
615 568 738 606 eum
764 554 829 607 ad
858 540 1116 607 Demetrii
1147 552 1577 609 familiaritatem
1608 555 1964 623 pervenisset,

400 652 452 702 in
483 647 667 702 Juda'a
690 647 1133 718 procurationem
1157 648 1415 703 obtinuit.
1443 648 1580 703 Tum
1610 650 1772 703 etiam
1806 655 1968 702 notus

398 738 644 808 Augusto
672 737 985 806 imperatori
1013 736 1132 791 fuit.
1161 738 1338 808 Atque
1365 754 1430 794 ex
1458 740 1547 792 illa
1578 739 1968 807 procuratione

400 827 733 899 proselytum
760 843 819 882 se
844 826 1052 882 faciens
1080 843 1187 881 una
1206 843 1329 882 cum
1353 827 1566 884 llerode
1596 828 1704 882 ﬁlio
1734 829 1969 882 cireum-

397 921 549 975 cisus
586 929 689 980 est,
735 918 803 972 ad
849 934 1010 988 quem
1066 917 1379 973 Judzeorum
1427 934 1655 989 regnum
1698 919 1966 989 pervenit.

396 1010 532 1065 Nam
563 1011 809 1079 Augusto
844 1010 1160 1080 imperatori
1201 1010 1483 1079 subjectus
1528 1010 1839 1064 Judazorum
1880 1008 1971 1062 ille

399 1119 495 1157 rex
524 1103 817 1172 p0pulique
844 1099 1075 1155 Romani
1109 1101 1408 1157 fmderatus
1432 1110 1571 1156 erat.
1603 1100 1971 1167 Quamobrem

396 1193 544 1262 quod
586 1207 652 1245 ex
702 1191 879 1246 aliena
927 1191 1017 1245 ille
1060 1198 1217 1260 gente
1261 1205 1490 1260 regnare
1544 1196 1807 1259 coeperat,
1843 1204 1967 1242 cum

400 1287 669 1338 hactenus
722 1299 751 1336 a
791 1282 953 1347 Juda,
1007 1290 1060 1337 et
1121 1276 1321 1337 Davide
1378 1298 1625 1353 regnum,
1685 1289 1852 1350 atque
1902 1296 1967 1335 ex

398 1376 552 1431 Judze
578 1376 749 1444 stirpe
786 1374 1061 1444 principes
1104 1388 1169 1428 ac
1210 1373 1537 1444 patriarcha:
1579 1375 1967 1442 perstitissent,

400 1468 569 1537 quod,
614 1467 858 1535 inquam,
897 1464 1182 1533 imperium
1242 1464 1294 1517 in
1351 1471 1636 1517 externum
1695 1463 1968 1516 hominem

400 1558 725 1612 translatum
759 1555 956 1615 fuerat,
995 1554 1252 1609 idoneum
1286 1554 1393 1608 illis
1422 1555 1599 1608 visum
1646 1562 1730 1608 est
1762 1554 1970 1609 erroris

398 1656 801 1717 argumentum,
839 1653 898 1698 ut
934 1643 1201 1700 llerodem
1248 1661 1371 1700 csse
1410 1645 1686 1700 Christum
1738 1646 1972 1699 arbitra-

400 1740 788 1808 rentur,{quod
821 1754 885 1793 ex
911 1739 1002 1791 illo
1027 1737 1136 1808 46
1160 1736 1461 1807 Scriptura:
1485 1739 1608 1791 loco
1629 1752 1971 1807 consequens
2003 1720 2043 1773 Β

396 1830 685 1885 videbatur
723 1848 737 1883 :
778 1828 901 1883 Non
938 1830 1135 1883 desinet
1168 1831 1407 1898 princeps
1439 1847 1466 1884 e
1494 1830 1661 1895 Juda,
1691 1831 1853 1883 donec
1886 1846 1971 1883 re-

398 1923 534 1975 nerit
556 1922 641 1974 cui
658 1930 977 1974 reservatum
1001 1930 1097 1974 est.
1128 1918 1196 1974 Ut
1220 1936 1285 1975 eo
1308 1936 1472 1977 sensu
1498 1922 1569 1976 sit
1595 1922 1968 1991 accipiendus,

399 2013 558 2083 quasi
614 2011 814 2067 llerodi
866 2019 1204 2067 reservatum
1255 2021 1420 2067 esset.
1478 2012 1770 2068 Desierunt
1799 2013 1969 2079 enim,

401 2106 638 2169 aiebant,
676 2105 772 2157 illi.
811 2103 985 2160 Porro
1015 2105 1118 2159 iste
1162 2103 1229 2159 de
1269 2103 1425 2158 Iudae
1477 2119 1675 2173 genere
1724 2119 1833 2159 non
1865 2112 1970 2168 est,

398 2213 463 2252 ac
499 2214 566 2252 ne
599 2197 823 2252 omnino
854 2197 1072 2265 quidem
1108 2195 1421 2250 Israelitica
1447 2197 1645 2265 gentis.
1698 2194 1837 2250 Huic
1868 2211 1971 2249 au-

401 2300 507 2346 tem
532 2290 751 2345 Christo
785 2302 908 2343 esse
934 2294 1272 2342 reservatum
1298 2286 1498 2342 fuerat.

468 2466 534 2520 ll.
571 2464 771 2519 Verum
804 2478 924 2533 quae
951 2471 1260 2532 sequuntur
1293 2463 1415 2519 illos
1452 2463 1743 2520 manifeste
1779 2464 1971 2519 redar-

400 2568 575 2633 guunt
605 2576 618 2612 :
656 2558 921 2625 Quoniam
956 2558 1065 2626 ipse
1087 2558 1405 2626 exspectatio
1432 2558 1663 2628 gentium
1688 2559 1811 2623 erit,
1839 2568 1888 2612 et
1917 2560 1971 2628 in

394 2670 513 2707 eum
536 2660 713 2723 gentes
740 2649 1044 2720 sperabunt.
1082 2650 1340 2716 Quaenam
1374 2665 1503 2705 vero
1536 2650 1689 2705 natio
1716 2651 1771 2704 in
1802 2650 1974 2706 Hero-

399 2744 521 2797 dem
570 2740 849 2812 speravit?
892 2746 986 2793 aut
1035 2754 1157 2809 quae
1218 2739 1459 2810 gentium
1506 2754 1632 2809 spes
1686 2740 1740 2793 in
1780 2755 1975 2809 exspe-

400 2833 601 2890 ctando
626 2831 838 2887 Herode
868 2832 1041 2887 deﬁxa
1066 2832 1189 2887 est?
1215 2831 1295 2884 Ad
1327 2830 1443 2884 haec
1470 2830 1561 2900 qui
1597 2830 1810 2885 tandem
1842 2830 1973 2884 illud

399 2928 545 2997 apud
575 2927 713 2981 istos
756 2926 1035 2995 impletum
1067 2923 1477 2979 est?Dormivit
1518 2932 1577 2975 ut
1617 2923 1693 2976 leo
1733 2940 1795 2975 ac
1838 2923 1974 2977 velut

2070 465 2177 516 τῶν
2213 463 2444 516 πολιτῶν
2470 466 2567 517 σὺν
2594 464 2672 535 τῷ
2697 466 2847 519 παιδὶ
2882 464 3119 535 ⁹Ηρώδῃ,
3148 465 3243 517 καὶ
3275 464 3549 536 μετῆλθεν
3570 466 3640 526 εἰς

2070 555 2137 607 τὰ
2186 556 2380 609 οἰκεῖα.
2408 556 2607 627 Διόπερ
2658 556 2802 619 τινὲς
2843 557 3005 609 αὑτὸν
3051 557 3298 624 λέγουσιν
3322 556 3639 624 Ἰδουμαίον,

2069 646 2215 699 ἄλλοι
2244 646 2300 699 δὲ
2322 646 2721 719 ’Λσκαλωνίτην
2764 646 2972 701 ἴσασιν·
3009 647 3234 721 ὕστερον
3275 647 3335 700 δὲ
3382 644 3641 717 etpriuqu

2070 732 2363 803 Δημητρίῳ
2394 733 2527 804 (24),
2567 736 2660 788 καὶ
2685 736 2975 807 ἐπίτροπος
3008 736 3243 807 κατέστη
3273 737 3367 788 ἐπὶ
3397 737 3499 805 τῆς
3519 735 3643 787 Ἰου-

2068 822 2239 885 δαίας.
2264 823 2353 877 Ἐν
2385 824 2581 892 γνώσει
2618 843 2677 878 τε
2708 825 2928 895 γέγονεν
2960 828 3253 898 Αὐγούστῳ
3283 828 3518 899 βασιλεῖ,
3560 827 3642 878 καὶ

2071 914 2179 967 ἀπὸ
2204 912 2294 968 τοῦ
2332 917 2706 987 ἐπιτροπεύειν
2733 918 3144 990 προσηλυτεύει,
3177 916 3572 990 περιτέμνεταί
3592 934 3641 969 τε

2071 1008 2165 1059 καὶ
2197 1007 2357 1070 αὐτὸς
2388 1007 2520 1076 (25),
2547 1010 2640 1062 καί
2669 1010 2984 1080 περιτέμνει
3016 1010 3259 1081 Ἡρώδην
3285 1010 3374 1062 τὸν
3407 1008 3551 1072 υἱὸν,
3575 1010 3643 1068 εἰς

2070 1098 2129 1150 ὃν
2161 1095 2321 1168 ἦλθεν
2372 1102 2400 1152 ὁ
2446 1100 2646 1170 κλῆρος
2680 1100 2778 1170 τῆς
2806 1101 2915 1154 τῶν
2934 1102 3202 1155 Ἰουδαίων
3233 1095 3643 1171 βασιλείας.Ἥν

2070 1190 2126 1243 δὲ
2166 1190 2413 1259 βασιλεὺς
2459 1194 2518 1243 ὲν
2551 1195 2617 1262 τῇ
2643 1194 2875 1265 Ἰουδαίᾳ
2909 1193 3013 1246 ὑπὸ
3056 1193 3279 1263 βασιλέα
3313 1192 3640 1261 Αὔγουστον,

2071 1281 2233 1344 αὐτὸς
2278 1283 2608 1346 ὑπόσπονδος
2636 1285 2915 1356 ὑπάρχων.
2941 1286 3095 1339 Ἐπεὶ
3121 1281 3213 1338 οὖν
3244 1286 3304 1349 ὲξ
3333 1284 3644 1352 ἀλλοερύλων

2071 1366 2222 1435 οὗτος
2254 1373 2542 1442 βασιλεύει,
2572 1376 2713 1428 κατά
2743 1376 2995 1448 διαδοχὴν
3020 1376 3076 1429 δὲ
3104 1377 3395 1449 διήρκεσεν
3426 1375 3538 1428 ἀπὸ
3560 1373 3641 1425 τοῦ

2084 1464 2249 1517 ’ἰούδα
2280 1467 2370 1519 καὶ
2400 1467 2506 1521 ἀπὸ
2532 1467 2626 1519 τοῦ
2652 1466 2813 1519 Δαϐὶδ
2836 1469 2896 1519 τὸ
2924 1467 3211 1537 βασίλειον,
3243 1468 3335 1520 καὶ
3373 1467 3425 1519 oi
3469 1467 3534 1518 ὲκ
3558 1463 3642 1517 τοῦ

2085 1560 2251 1614 Ἰούδα
2277 1561 2534 1632 ἄρχοντες
2573 1561 2667 1613 καὶ
2698 1559 3054 1633 πατριάρχαι,
3092 1560 3324 1629 μετέστη
3359 1558 3420 1611 δὲ
3447 1557 3513 1609 τὸ
3554 1556 3641 1625 βαρ

2076 1650 2268 1702 σίλειον
2319 1653 2397 1713 είς
2438 1649 2732 1718 ἀλλόφυλον
2752 1664 2764 1677 ·
2801 1649 3022 1703 πιθανὸν
3056 1648 3232 1711 ἔδοξεν
3263 1649 3321 1699 ἐν
3349 1649 3419 1717 τῇ
3451 1644 3642 1712 ὑπολή-

2072 1741 2160 1809 ψει
2194 1740 2302 1793 τῶν
2337 1740 2767 1810 πεπλανημένων
2799 1740 2861 1792 τὸ
2894 1739 3241 1809 ἀπατηθῆναι
3285 1738 3384 1790 καὶ
3432 1736 3643 1805 νομίσαι

2074 1832 2234 1885 αὑτὸν
2268 1831 2500 1903 Χριστὸν
2529 1828 2689 1895 εἶναι,
2723 1831 2831 1885 ἀπὸ
2863 1831 2962 1901 τῆς
2987 1830 3308 1893 ἀκολουθίας
3340 1828 3436 1882 τοῦ
3469 1844 3645 1897 προει·

2077 1924 2310 1994 ρημένου
2336 1922 2523 1994 ῥητοῦ,
2556 1921 2671 1985 τοῦ,
2715 1924 2834 1975 Οὐκ
2864 1922 3131 1989 ἐκλείψει
3164 1920 3367 1990 ἅρχων
3404 1920 3476 1983 ἐξ
3508 1919 3645 1972 Ἰού·

2072 2015 2165 2075 δα.
2191 2015 2301 2081 ἕως
2329 2014 2406 2069 ἂν
2431 2016 2577 2083 ἔλθῃ
2602 2008 2651 2081 ᾧ
2678 2015 3001 2067 ἀπόκειται.
3020 2014 3108 2077 Ὠς
3151 2009 3291 2066 εἶναι
3325 2011 3488 2065 τοῦτο
3522 2009 3644 2080 παρ’

2072 2108 2255 2171 αὐτοῖς
2302 2107 2542 2177 νοητέον,
2576 2108 2659 2159 ὅτι
2702 2105 2879 2175 τούτῳ
2910 2104 3189 2167 ἀπέκειτο,
3233 2103 3424 2173 φησιν.
3447 2101 3643 2167 Ἐξέλιο

2073 2216 2173 2251 πον
2197 2198 2306 2269 γὰρ
2328 2200 2542 2261 ἐκεῖνος,
2562 2199 2657 2252 καὶ
2684 2192 2837 2261 οὗτος
2866 2197 2966 2251 οὐκ
2990 2196 3099 2250 ἀπὸ
3127 2196 3317 2264 γένους
3337 2194 3434 2248 τοῦ
3459 2194 3643 2257 Ἰούδα,

2072 2289 2186 2342 ἀλλ’
2217 2288 2339 2341 οὔτε
2382 2288 2520 2352 ὂλως
2564 2287 2657 2341 τοῦ
2689 2288 2907 2359 Ἰσραὴλ
2953 2287 3208 2359 ὑπάρχει.
3238 2285 3426 2339 Τούτω
3460 2285 3518 2337 δὲ
3544 2286 3644 2337 ἀπ-

2074 2382 2249 2435 έκειτο
2282 2378 2420 2434 εἶναι
2447 2380 2700 2451 Χριστόν.

2146 2476 2218 2529 B'.
2262 2473 2399 2526 Ἀλλ’
2432 2472 2642 2543 ἐλέγχει
2693 2472 2890 2535 αὐτοὺς
2921 2473 2954 2541 ἡ
2993 2470 3282 2524 ἀκολουθία
3324 2471 3644 2539 φάσκουσα’

2076 2567 2196 2619 ’Ὁτι
2239 2564 2420 2631 αὐτὸς
2465 2562 2794 2633 προσδοκία
2819 2560 3027 2626 ἐθνῶν,
3058 2560 3157 2615 καὶ
3196 2561 3291 2613 ἐπ’
3316 2560 3482 2626 αὐτῷ
3507 2561 3646 2629 ἔθνη

2073 2659 2370 2713 samem.
2406 2659 2560 2710 Hoi’ov
2600 2656 2656 2710 δὲ
2686 2655 2793 2708 τῶν
2826 2654 2994 2706 ἐθνῶν
3036 2654 3129 2705 ἐπὶ
3174 2651 3388 2723 Ἡρώδῃ
3424 2652 3645 2722 ἦλπισες

2078 2750 2207 2804 ποία
2240 2749 2295 2802 δὲ
2342 2747 2636 2819 προσδοκία
2685 2744 2852 2798 ἐθνῶν
2887 2742 3133 2814 Ἡρώδην
3160 2742 3487 2812 καραδοκεῖ;
3528 2741 3645 2803 Πῶς

2073 2841 2128 2893 δὲ
2157 2840 2237 2904 τὸ,
2255 2837 2570 2907 Ἐκοιμήθη
2607 2837 2741 2904 παρ’
2758 2834 2982 2900 αὐτοῖς,
3016 2832 3341 2904 ἐπληροῦτο,
3368 2834 3450 2898 ὠς
3475 2833 3645 2895 λέων,

2075 2931 2173 2985 καὶ
2225 2932 2305 2997 ὡς
2358 2931 2625 2999 σκύμνος
2676 2928 2953 2993 λέοντοςο
3002 2928 3092 2991 τίς
3129 2927 3395 2996 ἐξεγερεῖ
3432 2929 3648 2989 ai't’c'r,‘

400 3018 564 3073 leonis
596 3016 844 3079 catulus;
876 3014 994 3083 quis
1026 3016 1197 3083 ipsum
1221 3012 1468 3067 excitabit
1494 3018 1518 3069 ?
1558 3012 1789 3067 Ubinam
1818 3013 1971 3068 deni-

2126 3023 2185 3076 οὖ
2218 3022 2273 3076 δὲ
2302 3021 2527 3073 ἔπλυνεν
2559 3022 2614 3073 ἐν
2644 3020 2834 3091 αἵματι
2864 3020 2965 3089 τὴν
2997 3018 3187 3090 στολὴν
3214 3018 3381 3073 αὐτοῦ
3410 3022 3439 3071 ὁ
3480 3019 3649 3089 Ἦρώ⁴

400 3125 509 3180 que
532 3107 664 3161 lavit
692 3107 745 3159 in
775 3120 971 3159 cruore
1000 3104 1196 3159 stolam
1228 3118 1406 3168 suam,
1435 3110 1488 3158 et
1519 3104 1777 3157 amictum
1813 3120 1971 3159 suum

402 3204 459 3257 in
496 3216 615 3256 uvae
654 3196 963 3267 sanguine?
1020 3194 1478 3266 quemadmodum
1520 3192 1683 3250 Jesus
1721 3194 1975 3251 Christus

400 3292 668 3350 Dominus
706 3297 916 3352 noster,
942 3287 1033 3358 qui
1063 3303 1163 3343 suo
1189 3288 1455 3357 sanguine
1486 3301 1688 3357 corpus
1717 3286 1975 3356 aspersit,

401 3392 457 3441 et
505 3399 621 3438 uva:
666 3381 933 3449 sanguine
980 3378 1300 3434 vestimenta
1346 3392 1445 3432 sua
1491 3378 1698 3432 tinxit?
1730 3376 1810 3431 Tu
1848 3392 1976 3432 vero

400 3491 525 3547 qua:
559 3491 590 3528 a
621 3489 707 3528 me
734 3472 995 3527 dicuntur
1022 3470 1205 3523 animo
1235 3469 1475 3541 percipe.
1509 3467 1668 3523 Dabit
1690 3468 1840 3522 enim
1870 3467 1969 3520 tibi

402 3567 671 3623 Dominus
696 3562 1107 3632 intelligentiam
1150 3561 1208 3615 in
1238 3561 1517 3616 omnibus.
1546 3561 1758 3631 Quippe
1789 3559 1973 3630 populi

401 3659 499 3714 Dei
542 3655 818 3728 piaculum
849 3662 906 3707 ut
938 3652 1238 3717 exhiberet,
1275 3651 1422 3704 venit
1454 3652 1566 3718 ille,
1601 3666 1711 3720 quo
1747 3665 1841 3720 per
1876 3649 1975 3703 do‘

398 3749 588 3802 ctrina:
615 3761 728 3802 sua:
751 3745 896 3800 velut
923 3742 1244 3812 sanguinem
1282 3741 1473 3797 dentes
1518 3741 1801 3795 hominum
1840 3754 1975 3810 pur-

404 3850 555 3911 garet
585 3853 841 3909 pecorum
886 3837 1153 3908 sanguine
1193 3851 1256 3890 ac
1291 3834 1504 3898 nidore,
1538 3847 1603 3887 ac
1635 3831 1975 3887 detestandis

403 3930 691 3989 sacriﬁciis
716 3928 1051 3999 inquinatos.
1086 3927 1410 3997 Quanquam
1439 3923 1569 3996 quid
1616 3923 1810 3977 attinet
1854 3923 1978 3993 plu-

403 4025 554 4078 ribus
582 4022 685 4077 ista
714 4020 1002 4090 persequi?
1034 4018 1252 4072 Infinita
1282 4025 1409 4072 sunt
1453 4016 1633 4081 enim;
1678 4030 1855 4084 neque
1889 4029 1978 4069 me

403 4118 455 4169 in
492 4113 874 4184 superioribus
896 4110 1215 4168 refellendis
1243 4107 1543 4163 hazrcsibus
1566 4107 1865 4176 longiorem
1893 4106 1978 4159 in-

403 4211 631 4265 stituere
663 4220 969 4261 sermonem
998 4202 1265 4272 temporis
1294 4201 1434 4255 ratio
1464 4199 1692 4269 patitur.

475 4300 561 4353 lll.
596 4298 739 4369 Ergo
775 4304 983 4365 septem
1014 4294 1239 4349 omnino
1270 4292 1505 4347 haereses
1538 4290 1642 4345 illae
1668 4288 1976 4360 llierosoly~

2075 3114 2190 3184 δης,
2217 3114 2248 3184 ἢ
2278 3115 2328 3166 ἐν
2359 3113 2550 3181 αἵματι
2590 3111 2865 3182 σταφυλῆς
2893 3111 2952 3163 τὸ
2983 3112 3329 3183 περιϐόλαιον
3363 3110 3552 3173 αὑτοῦ,
3582 3110 3648 3171 rb;

2076 3207 2103 3258 ὁ
2129 3205 2330 3275 Κύριος
2359 3204 2517 3275 ἡμῶν
2543 3204 2751 3274 Ἰησοῦς
2780 3204 3011 3274 Χριστὸς
3037 3204 3097 3255 τὸ
3125 3203 3285 3272 σῶμα
3314 3201 3480 3254 αὑτοῦ
3517 3204 3651 3271 ραν-

2076 3298 2225 3361 τίσας
2277 3299 2468 3368 αἵματι
2512 3297 2589 3368 τῷ
2641 3297 2774 3367 ἰδίῳ,
2812 3297 2904 3349 καὶ
2948 3298 3004 3349 ἐν
3039 3296 3232 3366 αἵματι
3270 3294 3549 3364 σταφυλῆς
3596 3291 3651 3344 τὸ

2080 3388 2425 3458 περιϐόλαιον
2454 3388 2650 3454 αὐτούς
2686 3388 2847 3441 Ἀλλά
2869 3391 2977 3441 νόει
3011 3386 3046 3440 ἆ
3076 3386 3236 3454 λέγω.
3273 3388 3395 3457 Δῴη
3430 3386 3539 3455 γάρ
3575 3402 3649 3437 σοι

2078 3480 2105 3531 ὁ
2129 3481 2333 3553 Κύριος
2365 3481 2577 3535 σύνεσιν
2602 3482 2658 3533 ὲν
2685 3481 2997 3533 πᾶσιν.’Ἰνα
3026 3478 3133 3549 γὰρ
3162 3478 3312 3549 δείξῃ
3356 3478 3418 3530 τὸ
3454 3477 3649 3546 καθάρ-

2079 3589 2191 3625 σιον
2243 3573 2340 3643 τῆς
2386 3570 2478 3624 τοῦ
2530 3570 2659 3624 λαοῦ
2708 3571 2801 3624 τοῦ
2842 3570 3048 3640 Κυρίου
3088 3570 3500 3631 καταστάσεως,
3527 3564 3648 3637 ἦλθε

2076 3660 2163 3713 διὰ
2197 3660 2290 3712 τοῦ
2330 3660 2457 3712 ίδίου
2503 3659 2731 3729 αἵματος
2757 3658 2853 3728 τῆς
2883 3656 3227 3719 διδασκαλίας
3261 3655 3503 3725 καθᾶραι
3535 3657 3650 3714 τοὺς

2078 3750 2294 3813 ὀδόντας
2326 3750 2432 3802 τῶν
2467 3748 2789 3820 ἀνθρώπων,
2819 3750 2943 3812 τοὺς
2978 3750 3057 3811 είς
3084 3743 3224 3818 αἷμα
3261 3748 3457 3816 κνίσης
3479 3764 3539 3799 τε
3566 3746 3651 3798 καὶ

2078 3839 2336 3909 ἀθεμίτου
2371 3839 2562 3902 θυσίας
2595 3838 3054 3909 μεμολυσμένους.
3088 3837 3195 3889 Καὶ
3225 3836 3275 3889 τί
3309 3853 3399 3906 μοι
3426 3834 3493 3887 τὰ
3523 3834 3651 3903 πλήο

2080 3929 2147 4000 οη
2178 3930 2389 3999 λέγειν;
2424 3930 2602 3982 Πολλὰ
2629 3929 2737 4000 γάρ
2762 3931 2898 3995 ἐστι,
2929 3929 3023 3982 καὶ
3053 3930 3153 3981 οὐκ
3184 3928 3457 3997 ἐνδέχεται
3479 3928 3506 3978 ὁ
3528 3926 3650 3995 χρό⁸

2079 4040 2167 4086 νος
2205 4022 2336 4092 πρὸς
2370 4023 2640 4075 ἀντίθεσιν
2666 4021 2772 4074 τῶν
2797 4020 3208 4093 προειρημένων
3235 4019 3500 4091 αἱρέσεων
3534 4020 3650 4069 ὲπιο

2083 4113 2342 4184 μηκύνειν
2370 4113 2462 4166 τὸν
2494 4112 2671 4181 λόγον.

2153 4294 2190 4345 Γ
2190 4300 2223 4343 ’.
2269 4291 2409 4363 Ἀλλ’
2434 4290 2595 4345 αὐταὶ
2628 4288 2726 4360 μὲν
2756 4288 2813 4340 αἱ
2839 4286 2979 4340 ἑπτὰ
3002 4280 3142 4357 ἦσαν
3171 4286 3229 4337 ὲν
3260 4283 3484 4355 Ἰσραὴλ
3508 4284 3565 4336 ἐν
3592 4299 3646 4333 τε

403 4398 510 4453 mis
539 4406 703 4465 atque
736 4394 790 4447 in
819 4391 1006 4446 Judaia
1050 4390 1288 4449 fuerunt,
1325 4392 1560 4457 quatuor
1587 4399 1716 4439 vero
1751 4398 1781 4436 a
1818 4384 1974 4439 nobis

2126 4387 2146 4455 ᾗ
2189 4381 2539 4455 Ἰερουσαλὴμ
2569 4381 2662 4433 καὶ
2706 4381 2761 4432 έν
2792 4380 2858 4449 τῇ
2886 4376 3144 4448 Ἰουδαίᾳ·
3191 4377 3247 4429 αἱ
3293 4375 3352 4429 δὲ
3399 4376 3654 4444 τέσσαρες

404 4498 565 4543 antea
590 4496 1031 4541 commemorata:
1061 4478 1203 4551 apud
1233 4476 1534 4539 Samaritas
1556 4484 1610 4530 et
1643 4475 1697 4529 in
1732 4473 1976 4529 Samaria

402 4584 721 4652 viguerunt;
754 4578 849 4633 sed
880 4577 996 4643 jam
1032 4588 1227 4644 magna
1256 4586 1322 4625 ex
1355 4578 1508 4640 parte
1538 4568 1792 4639 collapsa”:
1821 4577 1974 4623 sunt.

404 4673 591 4742 Neque
613 4672 759 4728 enim
795 4669 1001 4724 Scriba?
1026 4665 1261 4735 amplius
1285 4661 1381 4717 ulli
1407 4668 1557 4726 sunt,
1582 4675 1759 4729 neque
1786 4658 1980 4713 Phari-

482 4832 589 4901 (24)
613 4831 895 4897 Ὕστερον
915 4820 1281 4901 ςὲ-ἐεριλιώθη
1299 4817 1628 4901 ρημητρξῳ.
1669 4815 1976 4901 Demetrius

408 4887 511 4956 iste
543 4887 902 4971 cognomeiito
929 4887 1196 4971 Εὑξξᾳίρου
1234 4887 1496 4945 θ’]ιιάαείε
1527 4887 1836 4942 Alexandro
1862 4890 1975 4971 regi

410 4987 510 5026 suo
534 4966 761 5024 infensis
805 4969 869 5021 ad
903 4966 1166 5021 auxilium
1196 4972 1421 5017 vocatus
1468 4974 1592 5013 cum
1622 4973 1687 5012 eo
1715 4966 1976 5027 pugnavit

407 5050 462 5097 et
496 5041 682 5110 pmlio
709 5037 1005 5110 superavit.
1041 5033 1149 5089 Sed
1191 5048 1313 5087 cum
1343 5029 1647 5110 Alexander
1669 5028 1730 5110 in
1756 5035 1972 5110 montes

412 5096 533 5167 sese
568 5096 888 5175 recepisset,
937 5106 1003 5159 ad
1047 5117 1277 5175 eumque
1308 5099 1528 5175 plurimi
1558 5096 1972 5175 continuissent,

412 5181 635 5235 territus
654 5168 982 5240 Demetrius,
1011 5168 1206 5228 relicta
1235 5168 1441 5237 Ιυᾶεειι,
1461 5168 1973 5240 contra_Philippum

413 5254 637 5305 fratrem
663 5248 860 5301 bellum
889 5238 1178 5315 aggressus
1210 5250 1313 5315 est.
1346 5243 1406 5293 ln
1461 5256 1568 5309 quo
1596 5238 1865 5315 aAPartbis
1886 5254 1979 5293 ca-

414 5331 536 5390 ptus
559 5318 750 5373 morbo
773 5308 1159 5390 apud'e—osdem
1178 5308 1597 5390 exstinctusest.
1617 5308 1980 5374 Quamobrem

414 5380 549 5444 nihil
594 5403 717 5443 cum
763 5380 829 5441 co
861 5382 1091 5440 Herodis
1134 5396 1331 5452 parens
1364 5380 1645 5452 Antipater
1690 5394 1981 5452 commune

414 5459 625 5523 habuit,
663 5456 859 5511 nedum
896 5466 954 5509 ut
987 5455 1055 5509 ab
1087 5448 1179 5507 illo
1204 5450 1405 5505 Judzeze
1432 5448 1810 5519 prmfecturam
1837 5448 1981 5501 obti-

414 5532 613 5586 nuerit.
647 5529 713 5582 At
738 5527 967 5581 llcrodis
994 5540 1126 5579 avus
1158 5523 1408 5590 Antipas,
1432 5534 1539 5587 quo
1564 5526 1786 5590 parente
1817 5527 1980 5571 natus

413 5610 497 5670 est
532 5600 836 5670 Antipater,
862 5594 1172 5670 Alexandro
1199 5589 1308 5661 regi
1340 5591 1661 5670 percliarusi,
1709 5589 1788 5670 ab.
1805 5603 1980 5656 eoque

419 5657 680 5725 hlummas'
710 5657 1033 5739 praepositus
1075 5672 1179 5729 est,
1213 5657 1433 5716 auctore
1466 5658 1702 5728 Joscplto
1735 5657 1828 5712 lib.
1864 5673 1975 5723 xw,

2084 4480 2140 4532 αἱ
2168 4474 2560 4546 προειρημέναι
2594 4471 2743 4543 παρά
2772 4470 3136 4541 Σαμαρείταις
3168 4469 3227 4520 ἐν
3254 4469 3321 4537 τῇ
3354 4467 3649 4537 Σαμαρεὲα.

2086 4573 2151 4625 Αἱ
2179 4569 2395 4632 πλείους
2425 4568 2481 4621 δὲ
2503 4562 3110 4636 καθῃρέθησαν.ούκέτι
3130 4561 3507 4629 Γραμματεὶξ,
3531 4561 3652 4612 οὐκ·

2088 4666 2166 4718 ἐτι
2194 4661 2494 4733 Φαρισαῖοι.
2518 4657 2700 4711 οὐκέτι
2730 4654 3096 4716 Σαδδουκαῖοι,
3131 4651 3315 4705 οὐκέτι
3355 4651 3653 4722 Ἦμεροὸςι-

2087 4828 2209 4883 cap.
2243 4810 2298 4865 ἓ.
2330 4808 2689 4883 suspicamur
2720 4815 2904 4883 Itaque
2937 4803 3313 4883 multiplithr
3348 4803 3653 4883 hallucina-

2089 4873 2203 4937 tuin
2249 4873 2661 4950 Epiphaniumgz
2727 4873 2961 4950 primum
3001 4873 3150 4950 quod
3188 4873 3523 4950 Demetrium
3562 4888 3652 4941 pro

2089 4943 2396 5007 Alexanllr'o
2427 4948 2689 5018 posuerit.
2728 4943 2894 5001 ’Tum
2937 4943 3078 5018 quod
3111 4943 3346 5018 Herodis
3381 4952 3651 5012 parentem

2088 5037 2187 5093 pro
2214 5036 2321 5093 avo
2339 5013 2624 5093 ;Jud2eam;
2653 5032 2751 5093 pro
2799 5013 3029 5093 ldumaea
3068 5013 3389 5093 imprudens
3432 5028 3653 5093 usurpat

2088 5082 2245 5148 verit.
2289 5082 2549 5156 Quamvis
2578 5082 2722 5159 quod
2763 5088 2829 5143 ad
2861 5082 3242 5159 prazfectitrani
3273 5085 3489 5159 attinet,
3529 5082 3649 5135 alibi

2088 5178 2231 5233 saepe
2254 5152 2610 5233 Antipatrum
2642 5152 2877 5233 Herodis
2907 5165 3185 5228 parentem
3213 5152 3419 5233 σξηαφερ
3461 5167 3651 5233 proca:

2089 5221 2325 5287 rat‘orem
2362 5221 2431 5285 a'b
2460 5230 2707 5299 Augusto
2741 5221 2945 5283 factum
2975 5232 3275 5282 asseverat.
3338 5223 3417 5278 De
3448 5237 3559 5292 quo
3590 5221 3648 5274 ad

2087 5304 2337 5358 haeresim
2361 5317 2410 5355 ιι
2440 5300 2639 5354 dicturi
2666 5315 2877 5354 sumus.

2161 5372 2272 5444 (‘25)
2304 5368 2717 5444 Περιτέμνετᾳί
2743 5387 2824 5444 τε-
2841 5366 3162 5444 καὶ-αὺτᾴς.
3184 5362 3366 5444 yegat
3392 5364 3501 5444 hoc.
3526 5363 3651 5444 ξφ.

2088 5431 2222 5513 liger
2255 5431 2333 5495 'in
2374 5431 2698 5513 Eusebianis
2728 5431 3330 5513 Animadversionibus,
3360 5431 3633 5513 quod‘lilu

2089 5505 2257 5568 m'aaus
2281 5520 2424 5567 esset
2444 5510 2744 5580 Antipater.
2778 5510 2845 5561 At
2868 5507 3087 5580 ldumzei
3112 5521 3306 5580 omnes
3330 5514 3454 5559 ante
3474 5505 3652 5580 plures

2090 5600 2263 5637 annos
2303 5583 2442 5636 inter
2481 5575 2699 5636 Jud'zeos
2751 5579 2994 5648 ascripti.
3055 5575 3162 5631 Sed
3208 5576 3327 5631 haec
3374 5575 3585 5631 erudite
3623 5586 3651 5624 ι

2093 5654 2338 5710 Set-rario
2370 5661 2557 5707 nostro
2584 5651 2919 5707 refelluntur.
