3754 6182
136 218 237 273 275

800 226 1170 284 ADVERSUS
1210 228 1555 285 HAZRESES
1593 230 1700 284 LIB

1889 232 2040 287 [ΟΜ.
2085 233 2124 287 1.
2167 264 2236 274 -
2274 234 2549 292 HASRES.
2594 236 2710 293 XX.

3277 235 3390 292 274

136 344 374 407 πτισταὶ,
410 345 589 401 οὐκέτι
626 347 968 420 Ἠρωδιανοί.
1004 355 1169 407 Μόνοι
1201 354 1256 407 δέ
1280 373 1426 419 τινες
1466 358 1524 410 ὲν
1573 358 1701 413 σστά-

1895 358 1951 423 ἱ;
1984 373 2160 428 neque
2195 357 2503 425 Sadduczei,
2538 376 2719 431 neque
2749 359 3254 430 Ilemerohaptistaa,
3288 375 3392 415 nec

133 450 213 488 νει
253 436 617 507 εὑρίσκονται,
654 440 687 510 ἢ
725 442 827 495 ποῦ
861 438 961 508 εἷς,
1002 445 1033 515 ἢ
1068 444 1161 498 δύο
1213 446 1523 519 Νασαρηνοὶ
1570 448 1711 521 ὑπὲρ

135 524 230 593 τὴν
278 524 389 579 ἄνω
434 526 696 597 Θηδαῖδα,
735 532 829 585 καὶ
883 533 1138 587 ἐπέκεινα
1176 536 1273 607 τῆς
1303 537 1712 606 Ἀραϐίας,,καὶ

149 616 418 688 Ὀσσηνῶν
438 620 498 672 τὸ
519 620 758 691 λῆμμαί,
772 623 953 677 οὐκέτι
975 625 1278 693 ’ίουδαῒζον,
1297 627 1432 682 ἀλλὰ
1446 628 1711 696 συναφθὲν

134 707 435 777 Σαμψίταις
465 714 578 775 τοῖς
613 712 756 765 κατὰ
780 714 1034 786 διαδοχὴν
1068 718 1123 770 ἐν
1156 717 1232 788 τῷ
1265 718 1438 788 πέραν
1471 718 1569 789 τῆς
1606 719 1711 771 Νε-

135 800 271 869 κρᾶς
300 799 577 873 θαλάσσης
607 804 1029 877 ὑπερκειμένης.
1055 808 1190 861 Νυνὶ
1219 808 1275 861 δὲ
1306 811 1372 879 τῇ
1398 807 1713 861 τῶνἙϐιω-

134 889 294 942 ναίων
315 891 523 960 αἱρέσει
546 894 915 964 συνήφθησαν.
944 897 1054 949 Καὶ
1082 896 1271 965 γέγονε
1294 897 1449 967 λῆξαι
1484 898 1582 966 μὲν
1608 898 1707 949 αὑ-

132 980 256 1044 τοὺς
297 982 404 1036 ἀπὸ
435 984 790 1055 ἰουδαῖσμοῦ,
825 985 1014 1058 ῶσπερ
1055 988 1111 1040 δὲ
1161 987 1314 1057 ῥίζαν
1346 988 1638 1058 τμηθῆναι,
1673 988 1705 1058 ἢ

133 1068 291 1138 σῶμα
323 1071 577 1140 ἑρπετοῦ,
616 1075 711 1128 καὶ
753 1077 812 1142 ἐξ
856 1078 1022 1133 αὑτοῦ
1074 1079 1235 1147 φῦναι
1269 1080 1573 1148 δικέφαλον,
1615 1080 1708 1132 καὶ

130 1158 354 1231 ἄρριζον
383 1163 505 1230 ὄφιν
539 1166 597 1219 ἐν
625 1167 707 1220 ἐνὶ
736 1167 947 1239 σώματι
975 1171 1231 1242 ἡμιτόμῳ
1270 1172 1579 1241 ἐκπεφυκὸς
1615 1174 1709 1225 καὶ

131 1247 223 1318 ὲξη
234 1266 333 1320 ρτη
340 1252 520 1321 μένον.

1818 448 2113 505 Ilerodiani
2146 459 2462 521 supersunt.
2506 452 2671 507 Pauci
2724 451 2946 523 quidem
2988 451 3254 506 duntaxat
3284 448 3391 502 Na-c

1816 545 2022 608 zareni,
2052 559 2196 598 unus
2220 545 2431 599 scilicet
2458 544 2543 599 vel
2567 545 2706 599 alter
2736 560 2902 615 supra
2930 542 3263 597 Thebaidem
3300 557 3394 596 su-

1816 634 2111 701 periorem,
2138 644 2233 689 aut
2268 634 2524 689 Arabiam
2560 643 2787 692 restant.
2832 635 2937 691 Sed
2972 644 3024 689 et
3056 634 3390 690 Ossenorum

1817 724 2095 779 nonnullae
2128 732 2257 780 sunt
2283 727 2547 795 reliquiae,
2571 742 2690 794 qua:
2717 741 2842 780 cum
2872 742 2897 780 a
2922 720 3165 780 Judaicis
3193 726 3395 779 ritibus

1816 814 2142 881 defecerint,
2172 832 2232 872 se
2254 817 2320 870 ad
2354 816 2661 887 Sampsitas
2691 823 3059 887 aggregarunt
3088 834 3100 868 :
3136 829 3255 883 qua:
3311 812 3394 866 fa-

1817 905 1929 959 ctio
1945 905 2083 959 ultra
2114 921 2268 960 mare
2297 900 2757 978 Mortuum,quod
2790 904 3093 959 Palmstina:
3126 902 3393 964 imminet,

1817 995 2148 1050 constitutas
2182 1011 2213 1049 a
2261 998 2566 1067 majoribus
2598 998 2756 1053 sedes
2786 998 2987 1051 obtinet
3020 1015 3033 1061 ;
3087 993 3183 1049 sed
3234 992 3396 1047 hodie

1816 1081 2087 1140 Ebionitis
2118 1085 2361 1154 adjuneti
2403 1095 2551 1141 sunt.
2588 1090 2668 1141 Ita
2703 1086 2907 1141 factum
2939 1085 3209 1147 videmus,
3255 1093 3314 1137 ut
3343 1090 3398 1136 et.

1817 1171 1905 1224 isti
1933 1186 1960 1223 a
1995 1171 2220 1227 Judaica
2266 1176 2528 1245 religione
2568 1177 2919 1240 desciverint,
2959 1183 3011 1230 ct
3043 1175 3192 1229 velut
3241 1173 3395 1227 radix

1815 1265 2062 1334 quaedam
2093 1268 2145 1321 in
2182 1268 2320 1322 duas
2345 1278 2529 1338 partes
2556 1270 2730 1324 scissa
2764 1270 2855 1335 sit,
2888 1269 3228 1338 serpentisve
3271 1282 3398 1321 cor—

128 1355 253 1432 pus,
285 1358 351 1396 ex
398 1359 507 1413 quo
534 1345 718 1417 biceps
773 1349 990 1421 anguis,
1023 1350 1423 1422 posteriorique
1480 1360 1634 1421 parte
1701 1357 1928 1412 mutilus
1987 1358 2275 1414 dimidiato
2306 1376 2539 1430 corpore
2576 1360 2833 1428 adnatus,
2878 1361 3234 1432 pendensquc
3280 1372 3401 1429 pro-

130 1431 317 1490 dierit.

197 1525 348 1590 ’Ἕλος
374 1520 475 1582 ὧδε
506 1530 539 1599 ἡ
575 1530 704 1601 περὶ
736 1531 843 1584 τῶν
872 1534 1153 1606 τεσσάρων
1176 1536 1443 1605 αἱρέσεων
1473 1535 1581 1589 τῶν
1606 1536 1709 1588 Σα-

1886 1534 1993 1606 47
2013 1533 2288 1591 Hactenus
2312 1537 2377 1591 de
2398 1554 2449 1592 IV
2470 1537 2943 1592 Samaritanorum
2970 1540 3155 1603 sectis,
3175 1538 3395 1595 Judzeo-

129 1619 407 1690 μαρειτῶν
456 1620 697 1693 διαλογὴ,
746 1625 838 1677 καὶ
880 1624 1019 1678 ἑπτὰ
1066 1624 1175 1677 τῶν
1202 1627 1492 1692 Ἰουδαίων,
1535 1627 1593 1693 ἐξ
1637 1622 1701 1680 ὧς.

1889 1642 1937 1678 m
1978 1643 2090 1681 vn:
2133 1642 2200 1682 cx
2232 1629 2431 1697 quibus
2465 1629 2820 1685 Samaritana:
2845 1631 3113 1686 duntaxat
3153 1640 3264 1688 tres
3295 1634 3400 1688 hoc

122 1712 318 1766 οὐκέτι
352 1710 704 1788 ὲμςρέρονται,
734 1716 766 1786 ἢ
813 1720 963 1788 τρεῖς
991 1718 1090 1788 μὲν
1116 1719 1174 1771 αί
1199 1718 1308 1771 τῶν
1335 1718 1710 1791 Σαμαρειτῶν,

128 1802 419 1873 Γορθηνῶν
460 1822 517 1857 τε
566 1806 660 1859 καὶ
705 1808 996 1873 Δοσιθέων,
1028 1811 1121 1865 καὶ
1168 1809 1492 1876 Σεϐουαίων,
1518 1812 1713 1882 Ἐσσηυ

127 1894 239 1949 νῶν
266 1896 324 1949 δὲ
347 1898 409 1949 οὐ
439 1898 601 1963 πάνυ,
626 1899 740 1952 ἀλλ’
762 1900 837 1963 ὡς
862 1901 919 1954 ὲν
945 1901 1120 1973 σκότῳ
1144 1903 1520 1973 τεθαμμένων.
1556 1904 1714 1975 Παρὰ

214 1991 331 2051 τοῖς
360 1990 632 2053 Ἰουδαίοις
662 1992 867 2057 οὐκέτι,
896 1992 1010 2046 ἀλλ’
1040 1995 1066 2064 ἡ
1099 1994 1368 2051 Ἰουδαίων
1402 1996 1495 2049 καὶ
1527 1994 1709 2049 Νασα-

127 2080 325 2151 ραίων.
351 2081 599 2154 ὐσσηνοὶ
645 2083 702 2136 δὲ
752 2084 1089 2155 μετέστησαν
1129 2086 1237 2139 ἀπὸ
1266 2087 1602 2158 Ἰουδαῖσμοῦ
1633 2089 1713 2150 είς

124 2172 225 2242 τὴν
268 2172 379 2225 τῶν
407 2174 673 2244 Σαμψέων
697 2175 931 2246 αἵρεσιν,
956 2177 1051 2250 καὶ
1079 2177 1265 2229 οὐκέτι
1315 2176 1435 2230 οὔτε
1468 2178 1714 2231 Ἰουδαῖοι

125 2265 471 2336 ὑπάρχουσιν
523 2265 645 2320 οὔτε
692 2270 1030 2339 Χριστιανοί.
1065 2268 1252 2323 Ταῦτά
1300 2286 1389 2340 μοι
1430 2270 1559 2340 περὶ
1605 2268 1714 2321 τῶν

125 2356 545 2428 προειρημένων
572 2357 675 2422 ἓως
703 2352 804 2411 ὦδε
837 2359 1029 2430 ἐχέτω.

137 2468 449 2543 Ἐνδῃμία-
470 2472 726 2543 Χριστοῦ
764 2472 900 2542 (26),
932 2474 1029 2527 καὶ
1062 2475 1357 2543 ἓνσαρκος
1390 2474 1715 2543 παρουσία.

196 2539 312 2620 καί
333 2539 611 2622 (θήρεια.⁸
648 2539 1013 2616 [πρόσωπον]
1047 2546 1085 2613 ἠ
1114 2539 1223 2614 yid
1257 2539 1355 2599 καί
1377 2539 1534 2615 μόθη
1560 2541 1717 2600 οὖσα

196 2612 315 2663 τοῦ
344 2612 491 2665 Θεοῦ
521 2612 743 2679 πίσὲις.

195 2722 289 2774 A'.
329 2719 508 2786 Εὐθὺς
533 2722 589 2777 δὲ
613 2722 926 2794 ἐπεδήμησε
953 2723 1094 2777 κατὰ
1124 2723 1288 2788 πόδας
1325 2728 1353 2797 ἡ
1381 2724 1472 2778 τοῦ
1519 2726 1716 2798 Κυρίου

125 2811 297 2882 ἡμῶν
324 2810 499 2882 Ἰησοῦ
539 2812 775 2884 Χριστοῦ
814 2813 1077 2885 ἔνσαρκος
1105 2813 1394 2884 παρουσία,
1420 2816 1542 2885 ἥτις
1584 2832 1719 2868 κατ-

126 2902 294 2955 έλαόε
322 2902 424 2966 τὰς
457 2905 858 2975 προειρημένας
885 2906 1025 2959 ἑπτὰ
1054 2905 1292 2976 αἱρέσεις
1324 2907 1380 2959 ὲν
1421 2906 1717 2977 Ἱεροσολύ-

1815 1724 2057 1788 tempore
2108 1730 2405 1789 supersunt
2445 1737 2459 1774 :
2498 1720 2930 1789 Gortheuorum,
2988 1722 3396 1790 Dositlteorum,

1816 1824 1878 1863 ac
1907 1808 2283 1864 Sebuaeorum.
2329 1809 2466 1864 Nam
2512 1811 2849 1868 Essenorum
2880 1816 3029 1870 velut
3065 1818 3119 1871 in
3158 1817 3399 1873 tenebris

1815 1901 2152 1970 sepultorum
2193 1903 2428 1957 obscura
2479 1903 2725 1973 quaedam
2788 1906 3017 1978 vestigia
3072 1918 3396 1963 cernuntur.

1814 1990 1891 2045 Ex
1927 1992 2171 2048 Judaicis
2217 1994 2317 2049 soli
2351 1992 2524 2048 Judei
2557 2011 2620 2049 ac
2654 1995 2896 2052 Nazaraei
2929 2007 3165 2054 restant.
3203 2000 3402 2055 Osscni

1816 2097 1844 2135 a
1866 2078 2097 2136 Iudaico
2129 2084 2238 2137 ritu
2276 2084 2344 2138 ad
2370 2084 2764 2156 Sampseorum
2791 2087 3045 2144 hazresim
3086 2088 3403 2159 transfuge—

1816 2180 1963 2235 runt,
1998 2180 2057 2225 ut
2105 2189 2283 2243 neque
2311 2173 2507 2240 Judaei,
2544 2192 2723 2247 neque
2751 2177 3053 2233 Christiani
3097 2181 3226 2235 sint.
3275 2179 3402 2235 Haec

1816 2264 2002 2331 habui,
2035 2280 2156 2336 quae
2184 2266 2251 2323 de
2280 2268 2537 2325 omnibus
2569 2270 2679 2327 illis
2711 2272 2877 2329 sectis
2910 2273 3198 2344 hucusque
3226 2272 3402 2330 disse-

1812 2371 2014 2413 rerem.

1816 2470 1895 2525 De
1918 2469 2294 2550 Incarngtione
2337 2472 2537 2550 Christi
2578 2474 2815 2540 Domini,
2850 2492 2912 2550 ac
2954 2478 3174 2550 raritate
3203 2478 3406 2550 {perso-

1928 2543 2140 2615 narum}
2164 2560 2281 2612 qum
2313 2554 2390 2598 est
2421 2546 2580 2598 unica
2613 2562 2675 2599 ac
2705 2548 2994 2617 singularis
3019 2549 3117 2602 Dei
3138 2543 3293 2618 ﬁdes.

1892 2717 1931 2772 1.
1960 2713 2065 2770 Sed
2095 2730 2124 2770 e
2156 2715 2386 2786 vestigio
2421 2715 2626 2772 Christi
2671 2714 2802 2772 Jcsu
2841 2717 3055 2774 Domini
3085 2723 3259 2777 nostri
3301 2724 3405 2779 ad-

1819 2816 2016 2865 ventus
2041 2822 2167 2862 cum
2199 2822 2264 2862 eo
2296 2807 2438 2878 quod
2471 2817 2793 2879 susceperat
2814 2824 3045 2883 corpore
3068 2825 3401 2872 consecutus

1820 2906 1942 2966 est;
1976 2899 2068 2967 qui
2107 2906 2162 2954 et
2189 2914 2263 2952 vn
2304 2898 2426 2954 illas
2460 2900 2699 2955 hrereses
2728 2898 3125 2974 Hierosolymis
3157 2904 3404 2973 oil‘endit,

130 2991 525 3061 μοις.Ἐσ6εσε
548 2993 607 3046 δὲ
637 2994 892 3067 ταύταςή
919 2995 1083 3049 αὑτοῦ
1111 2995 1358 3067 δύναμις,
1388 2997 1481 3051 καὶ
1510 2997 1701 3069 διεσκέ-

1896 2990 2115 3045 easdem
2137 3004 2242 3055 sua
2265 2991 2314 3044 vi
2338 2990 2628 3061 dissipavit
2652 3002 2706 3049 et
2724 2995 3010 3049 exstinxit.
3036 2995 3404 3061 Quamobrem

124 3084 283 3138 δασε.
323 3084 525 3138 Λοιπὸν
573 3086 631 3140 δὲ
687 3087 825 3157 μετὰ
866 3086 965 3159 τὴν
1003 3088 1166 3143 αὑτοῦ
1196 3088 1492 3159 ἐπιδημίαν
1516 3090 1571 3143 αἱ
1599 3106 1722 3159 μετ-

125 3174 328 3227 έπειτα
365 3177 535 3229 πᾶσαι
569 3177 858 3245 γεγόνασιν
886 3178 1159 3250 αἱρέσεις·
1199 3179 1343 3247 λέγω
1388 3180 1451 3248 δὴ
1495 3179 1633 3251 μετὰ
1660 3180 1721 3233 τὸ

126 3264 593 3335 εὑαγγελισθῆναι
621 3267 853 3338 Μαριὰμ
873 3269 930 3321 ὲν
952 3268 1207 3339 Ναζαρὲτ
1225 3269 1311 3322 διὰ
1340 3268 1431 3321 τοῦ
1458 3270 1718 3341 Γαϐριὴλ,

127 3358 224 3409 καὶ
284 3357 427 3427 μετὰ
475 3359 652 3411 πᾶσαν
703 3358 892 3422 ἁπλῶς
934 3359 1035 3430 τὴν
1084 3359 1349 3431 ένσαρκου
1384 3361 1477 3414 τοῦ
1514 3363 1719 3433 Κυρίου

126 3450 466 3522 παρουσίαν,
494 3445 611 3504 εἶτα
633 3450 918 3522 ἀνάληψιν.
943 3452 1223 3523 Ηύδόκησε
1246 3453 1353 3525 γὰρ
1378 3457 1406 3506 ὁ
1432 3453 1563 3517 Θεὸς
1586 3454 1722 3525 πρὸς

129 3544 417 3613 σωτηρίαν
466 3543 573 3596 τῶν
615 3543 915 3614 ἀνθρώπων
943 3545 1035 3597 τὸν
1080 3545 1210 3599 ἴδιον
1244 3546 1371 3599 Υίὸν
1398 3546 1721 3599 κατελθόντα

128 3636 191 3687 ὲν
245 3636 439 3705 μήτρᾳ
481 3633 784 3704 παρθενικῇ
830 3634 1223 3706 συλληφθῆναι,
1260 3636 1432 3704 Λόγον
1459 3636 1588 3689 ὄντα
1627 3637 1721 3689 ἀπ’

127 3723 393 3795 οὐρανοῦ,
428 3725 493 3777 ἐκ
523 3725 736 3778 κόλπων
764 3724 1034 3795 πατρῴων
1063 3725 1460 3797 γεγεννημένον
1481 3726 1724 3797 ἀχρόνως

126 3817 230 3870 καὶ
273 3816 552 3887 ἀνάρχως,
599 3816 822 3870 ἐλθόντα
849 3816 906 3868 δὲ
939 3817 1025 3868 ἐπ’
1057 3816 1301 3886 ἐσχάτων
1333 3816 1441 3870 τῶν
1477 3816 1721 3887 ἡμερῶν,

126 3908 271 3961 θεὸν
306 3908 481 3977 Λόγον
523 3910 650 3962 ὅντα
683 3911 747 3962 ὲκ
776 3908 911 3962 Θεοῦ
939 3909 1149 3980 Πατρὸς
1171 3907 1447 3980 ἀληθινῶςῖ
1470 3925 1725 3980 γεγεννη-

131 4000 326 4069 μένον,
353 3999 638 4069 όμοσύσιον
668 4000 795 4053 ὄντα
823 3997 902 4070 τῷ
930 4001 1123 4071 Πατρὶ,
1156 3999 1251 4053 καὶ
1279 4000 1429 4053 οὐδὲν
1467 3999 1611 4071 παρὰ
1633 3999 1724 4053 τὸν

130 4092 367 4162 Πατέρα
392 4091 771 4162 ὴλλόιωμένον,
800 4091 915 4145 ἀλλ’
942 4092 1210 4162 ἄτρεπτον
1248 4091 1377 4145 ὄντα
1429 4092 1523 4146 καὶ
1562 4092 1726 4145 ἀναλ-

128 4182 385 4236 λοίωτον·
404 4184 585 4255 ἀπαθῆ
620 4199 680 4235 τε
707 4182 862 4246 ὅλως,
898 4185 972 4254 μὴ
1001 4183 1301 4253 πάσχοντα,
1332 4183 1724 4253 συμπάσχοντα

129 4280 190 4332 δὲ
211 4279 301 4351 τῷ
332 4281 587 4352 ἡμετέρῳ
619 4280 787 4349 γένει,
810 4280 1140 4335 κατελθόντα
1167 4278 1261 4331 ἀπ’
1281 4277 1535 4349 οὐρανοῦ,
1560 4280 1725 4347 ἐγκυ-

1824 3082 2049 3151 reliquae
2073 3097 2266 3137 omnes
2290 3081 2526 3137 haereses
2551 3083 2787 3139 adventu
2810 3085 2902 3139 illo
2926 3087 3260 3156 posteriores
3283 3088 3406 3143 fue-

1822 3180 1986 3241 runt;
2023 3173 2281 3227 nimirum
2316 3183 2605 3244 postquam
2638 3174 2808 3230 Maria
2850 3175 3014 3248 Virgo
3050 3176 3342 3235 Nazarethi
3375 3195 3405 3233 a

1779 3290 1785 3295 ι
1824 3263 2077 3319 Gabriele
2110 3265 2387 3319 cmlestem
2430 3267 2682 3319 nuntium
2733 3268 2982 3337 accepit,
3024 3283 3089 3322 ac
3142 3266 3407 3324 Dominus

1823 3356 2065 3411 humano
2095 3371 2327 3427 corpore
2369 3357 2740 3415 circumfusus
2772 3359 2995 3430 prodiit,
3028 3368 3082 3415 et
3121 3360 3173 3413 in
3205 3358 3405 3414 crelum

1824 3457 2079 3519 receptus
2118 3457 2223 3504 est.
2274 3447 2489 3503 Etenim
2524 3449 2591 3504 ad
2643 3451 2869 3505 humani
2918 3449 3135 3520 generis
3174 3451 3406 3505 salutem

1824 3542 1899 3595 ita
1936 3540 2046 3595 Deo
2078 3540 2257 3594 visum
2286 3550 2388 3607 est,
2416 3549 2473 3596 ut
2506 3541 2681 3612 ipsius
2712 3541 2879 3596 Filius
2909 3554 2939 3595 c
2966 3542 3105 3595 cmlo
3150 3532 3408 3610 delapsus

1825 3638 1880 3692 in
1933 3636 2176 3708 Virginis
2229 3644 2385 3693 utero
2442 3638 2755 3707 gigneretur
2794 3633 3100 3697 :Verbum,
3158 3635 3406 3704 inquam,

1827 3728 1959 3782 illud
1989 3736 2275 3791 aeternum,
2308 3728 2456 3797 quod
2490 3744 2520 3781 e
2570 3734 2802 3797 paterno
2836 3727 2963 3781 sinu
3010 3734 3136 3781 ante
3194 3730 3409 3795 ternpus

1828 3828 1989 3889 atque
2021 3820 2236 3872 initium
2262 3833 2422 3873 omne
2447 3819 2689 3889 genitum
2721 3829 2840 3887 est;
2874 3818 3125 3888 idemque
3147 3818 3410 3871 extremis

1824 3904 2162 3981 temporibus
2185 3910 2449 3978 allapsum
2472 3908 2614 3963 Deus
2632 3906 2920 3978 Verbuma
2968 3906 3079 3961 Deo
3121 3906 3280 3960 Patre
3324 3921 3411 3961 re-

1825 4019 1949 4057 vera
1983 4002 2218 4072 genitus,
2258 3999 3144 4071 ejusdemque_cumilloessentiae,
3179 4012 3279 4051 nec
3303 3997 3411 4051 ulla

1828 4111 1887 4150 re
1918 4112 1946 4149 a
1972 4092 2127 4150 Patre
2154 4102 2431 4161 mutatus;
2466 4093 2562 4149 sed
2584 4092 2982 4148 vicissitudinis
3003 4106 3067 4145 ac
3090 4091 3412 4145 mutationis

1829 4187 2238 4255 et_ail‘ectionis
2280 4187 2459 4241 omnis
2504 4201 2726 4255 expers.
2775 4183 2879 4250 Qui
2912 4199 3035 4239 cum
3071 4183 3208 4237 citra
3239 4182 3409 4235 ullam

1831 4282 1998 4335 animi
2030 4280 2451 4335 commotionem
2478 4277 2695 4347 generis
2732 4274 2909 4329 nostri
2949 4274 3207 4329 misertus
3247 4272 3410 4331 foret.

132 4372 452 4443 μονηθέντα
509 4375 609 4425 οὐκ
656 4373 765 4426 ἀπὸ
817 4373 1131 4444 σπέρματος
1183 4372 1407 4443 ἀνδρὸς,
1459 4373 1596 4428 ἀλλὰ
1641 4376 1701 4428 διι

1889 4368 2119 4424 :scendit
2140 4383 2170 4423 e
2200 4368 2363 4427 cmlo.
2404 4381 2468 4421 ac
2499 4366 2565 4421 de
2597 4365 2805 4435 Spiritu
2835 4371 3047 4427 sancto,
3080 4379 3189 4417 non
3213 4378 3243 4417 e
3267 4362 3412 4415 virili

130 4464 466 4536 Πνεύματος
497 4464 674 4533 ἁγίου,
700 4466 971 4536 ἀληθινῶς
1002 4465 1160 4536 σῶμα
1188 4465 1296 4519 ἀπὸ
1327 4466 1548 4537 Μαρίας
1572 4468 1730 4538 ἐσχη-

129 4559 294 4621 κότα,
333 4555 720 4610 ἀναπλάσαντα
771 4556 953 4627 ἑαυτῷ
999 4556 1098 4627 τὴν
1141 4556 1319 4628 σάρκα
1348 4557 1455 4610 ἀπὸ
1487 4558 1585 4628 τῆς
1621 4560 1727 4630 μή·

126 4664 273 4719 τρας
299 4647 407 4717 τῆς
433 4646 613 4715 ἁγίας,
636 4645 727 4699 καὶ
752 4646 930 4717 ψυχὴν
956 4646 1055 4717 τὴν
1078 4644 1424 4718 ἀνθρωπείαν
1447 4646 1726 4717 εἰληφότα,

128 4740 230 4792 καὶ
256 4737 413 4801 νοῦν,
445 4738 537 4791 καὶ
562 4739 669 4790 πᾶν
693 4735 820 4789 εἴτι
853 4736 1000 4790 ἐστὶν
1034 4736 1319 4808 ἄνθρωπος
1349 4738 1518 4808 χωρὶς
1548 4738 1730 4810 ἁμαρ-

127 4830 281 4894 τίας,
306 4831 394 4892 είς
420 4829 609 4883 ἑαυτὸν
635 4832 701 4900 τῇ
738 4828 930 4883 ἑαυτοῦ
958 4828 1173 4899 θεότητι
1206 4828 1611 4882 συνενώσαντα·
1638 4846 1732 4897 γε-

129 4920 478 4993 γεπημένον
498 4938 555 4975 τε
583 4925 638 4975 έν
668 4923 934 4993 Βηθλεὲμ,
964 4921 1373 4994 περιτμηθέντα
1403 4923 1460 4978 ἐν
1487 4922 1565 4993 τῷ
1596 4939 1733 4993 σπη-

130 5015 298 5084 λαίῳ,
320 5013 758 5083 προσενεχθέντα
784 5016 841 5068 ὲν
865 5013 1291 5085 Ἰεροσολύμοις,
1307 5012 1729 5082 έναγκαλισθέν-

129 5122 200 5158 τα
236 5103 356 5156 ὑπὸ
401 5101 494 5155 τοῦ
522 5103 824 5173 Συμεῶνος,
859 5104 1361 5175 ἀνθομολογηθέντα
1401 5105 1505 5157 ὑπὸ
1534 5105 1733 5176 νΑννης

126 5195 233 5266 τῆς
255 5193 366 5247 τοῦ
392 5193 634 5266 Φανουὴλ
664 5196 1015 5268 προφήτιδος,
1044 5196 1411 5265 ἀπενεχθέντα
1437 5199 1516 5261 είς
1550 5197 1733 5262 Ναςα..

207 5356 225 5386 ¹
268 5352 432 5410 Fort.
464 5354 691 5427 λεῖμμα.
765 5357 785 5387 ⁸
819 5355 953 5428 Reg.
985 5355 1233 5429 ἀλήθεια.
1268 5356 1334 5409 'H
1368 5354 1483 5425 μία,
1522 5362 1628 5409 etc.

210 5518 339 5585 (26)
366 5512 369 5513 ⁷
395 5514 674 5583 Ἑνόημία
717 5516 994 5583 Χριστοῦ.
1048 5516 1179 5582 Qua:
1212 5516 1300 5570 hic
1339 5515 1407 5569 ah
1434 5512 1736 5584 Epiphanio

131 5592 206 5646 de
233 5584 551 5643 salvatoris
578 5594 721 5648 ortu,
754 5587 1064 5649 cunabulis,
1093 5602 1156 5639 ac
1183 5596 1456 5656 postremo
1481 5584 1736 5656 passione

135 5661 441 5725 dicuntur,
473 5671 573 5712 nec
602 5671 709 5711 non
737 5664 789 5712 et
814 5656 879 5713 de
919 5655 1359 5728 Augusti,’atquc
1384 5655 1615 5711 Herodis
1640 5670 1734 5709 an-

1838 4460 2044 4515 semine
2071 4459 2392 4528 productus,
2434 4472 2624 4512 verum
2660 4471 2862 4526 corpus
2889 4471 2919 4511 e
2946 4454 3115 4509 Maria
3144 4455 3411 4522 suscepit,

1836 4565 1961 4606 cum
1985 4566 2015 4606 e
2044 4558 2235 4603 sancto
2262 4548 2382 4618 ejus
2410 4556 2567 4602 utero
2605 4562 2831 4601 carnem
2873 4546 2976 4601 sibi
3011 4544 3279 4606 tinxisset,
3310 4543 3414 4597 hu-

1837 4657 2164 4711 manamque
2207 4648 2322 4695 tum
2355 4641 2619 4705 animam,
2669 4646 2783 4692 tum
2831 4646 3069 4692 mentem
3109 4636 3413 4701 induisset;

1838 4749 1901 4787 ac
1929 4733 2194 4803 quidquid
2225 4733 2449 4786 omnino
2482 4746 2606 4785 cum
2642 4730 2860 4784 homine
2905 4726 3261 4796 conjunctum
3304 4733 3411 4790 est,

1837 4833 2032 4896 prazter
2064 4831 2345 4895 peccatum
2376 4838 2563 4879 secum
2611 4836 2676 4875 ac
2708 4836 2832 4875 cum
2870 4819 3152 4877 divinitate
3191 4833 3287 4873 sua
3315 4832 3415 4871 co~

1836 4918 2105 4987 pulasset.
2133 4916 2263 4971 Inde
2291 4916 2619 4971 Bethlehcmi
2645 4915 2701 4968 in
2730 4916 2903 4967 lucem
2934 4911 3138 4975 editus,
3165 4918 3332 4980 atquc
3360 4909 3414 4963 in

1798 4994 1810 5007 ’
1839 5025 2004 5080 specu
2032 5009 2396 5063 circumcisus
2422 5006 2809 5078 Hierosolymis
2829 5004 3051 5059 oblatus
3073 5010 3156 5057 est
3182 5020 3195 5068 ;
3232 5001 3416 5070 ibique

1840 5118 1869 5155 a
1905 5103 2165 5157 Simeone
2201 5102 2343 5157 inter
2369 5100 2593 5155 brachia
2617 5109 2928 5168 susceptus,
2968 5095 3147 5166 I‘Set
3168 5094 3235 5146 ab
3258 5092 3414 5146 Anna

1840 5192 2135 5253 Phanuelis
2167 5195 2276 5249 illia
2297 5193 2640 5264 prophetissa
2666 5191 3015 5262 przedicatus,
3048 5186 3411 5241 Nazarethum

1845 5511 1951 5572 nis,
1982 5506 2439 5578 opportuniusad
2465 5506 2715 5578 lueresim
2743 5504 3180 5578 “explicantur.
3220 5500 3321 5578 libi
3349 5500 3419 5578 de

1844 5595 1988 5634 anno
2020 5572 2289 5634 Dominici
2322 5576 2549 5637 Natalis.
2596 5592 2660 5629 ac
2708 5572 2998 5644 passionis.
3050 5588 3113 5644 ac
3165 5572 3416 5640 reliquis,

1844 5667 1963 5721 quae
1985 5651 2173 5709 eodem
2205 5656 2471 5719 spectant,
2507 5642 2775 5718 agendum
2808 5646 2910 5699 erit
2941 5642 3210 5712 pluribus.
