  <div class='ocr_page' id='page_1' title='image "/cluster/home/n/w/nwhite01/storage/ocr_20150623/41/hvd.32044011753001/165.png"; bbox 0 0 3766 6290; ppageno 0'>
   <div class='ocr_carea' id='block_1_1' title="bbox 396 215 498 271">
    <p class='ocr_par' dir='ltr' id='par_1_1' title="bbox 396 215 498 271">
     <span class='ocr_line' id='line_1_1' title="bbox 396 215 498 271; baseline 0 -2"><span class='ocrx_word' id='word_1_1' title='bbox 396 215 498 271; x_wconf 69' lang='grc' dir='ltr'><strong>ἓῗὸ</strong></span> 
     </span>
    </p>
   </div>
   <div class='ocr_carea' id='block_1_2' title="bbox 1789 229 2231 287">
    <p class='ocr_par' dir='ltr' id='par_1_2' title="bbox 1789 229 2231 287">
     <span class='ocr_line' id='line_1_2' title="bbox 1789 229 2231 287; baseline 0.011 -5"><span class='ocrx_word' id='word_1_2' title='bbox 1789 229 1845 286; x_wconf 89' lang='lat' dir='ltr'><strong>S.</strong></span> <span class='ocrx_word' id='word_1_3' title='bbox 1890 230 2231 287; x_wconf 73' lang='lat' dir='ltr'><strong>EPIPHANII</strong></span> 
     </span>
    </p>
   </div>
   <div class='ocr_carea' id='block_1_3' title="bbox 3542 249 3657 304">
    <p class='ocr_par' dir='ltr' id='par_1_3' title="bbox 3542 249 3657 304">
     <span class='ocr_line' id='line_1_3' title="bbox 3542 249 3657 304; baseline 0.009 -1"><span class='ocrx_word' id='word_1_4' title='bbox 3542 249 3657 304; x_wconf 77' lang='lat'><strong>276</strong></span> 
     </span>
    </p>
   </div>
   <div class='ocr_carea' id='block_1_4' title="bbox 398 328 1950 425">
    <p class='ocr_par' dir='ltr' id='par_1_4' title="bbox 398 328 1950 409">
     <span class='ocr_line' id='line_1_4' title="bbox 398 328 1950 409; baseline 0.005 -23"><span class='ocrx_word' id='word_1_5' title='bbox 398 330 716 402; x_wconf 77' lang='lat' dir='ltr'><strong>deportatus</strong></span> <span class='ocrx_word' id='word_1_6' title='bbox 747 339 846 386; x_wconf 88' lang='lat' dir='ltr'><strong>est.</strong></span> <span class='ocrx_word' id='word_1_7' title='bbox 875 328 1011 385; x_wconf 89' lang='lat' dir='ltr'><strong>Tum</strong></span> <span class='ocrx_word' id='word_1_8' title='bbox 1045 347 1191 386; x_wconf 88' lang='lat' dir='ltr'><strong>anno</strong></span> <span class='ocrx_word' id='word_1_9' title='bbox 1222 334 1467 400; x_wconf 88' lang='lat' dir='ltr'><strong>sequenti</strong></span> <span class='ocrx_word' id='word_1_10' title='bbox 1499 333 1887 409; x_wconf 82' lang='lat' dir='ltr'><strong>Hierosolymis</strong></span> <span class='ocrx_word' id='word_1_11' title='bbox 1913 357 1950 396; x_wconf 79' lang='lat' dir='ltr'><strong>St</strong></span> 
     </span>
    </p>
   </div>
   <div class='ocr_carea' id='block_1_5' title="bbox 2084 328 3660 425">
    <p class='ocr_par' dir='ltr' id='par_1_5' title="bbox 2084 344 3660 425">
     <span class='ocr_line' id='line_1_5' title="bbox 2084 344 3660 425; baseline 0.013 -31"><span class='ocrx_word' id='word_1_12' title='bbox 2084 344 2184 413; x_wconf 67' lang='grc' dir='ltr'>ρὲτ,</span> <span class='ocrx_word' id='word_1_13' title='bbox 2220 344 2440 399; x_wconf 75' lang='grc' dir='ltr'>ἐλθόντα</span> <span class='ocrx_word' id='word_1_14' title='bbox 2468 346 2546 417; x_wconf 86' lang='grc' dir='ltr'><strong>τῷ</strong></span> <span class='ocrx_word' id='word_1_15' title='bbox 2589 348 2713 418; x_wconf 77' lang='grc' dir='ltr'>ἑξῆς</span> <span class='ocrx_word' id='word_1_16' title='bbox 2747 352 2974 423; x_wconf 81' lang='grc' dir='ltr'><strong>ἐνιαυτῷ</strong></span> <span class='ocrx_word' id='word_1_17' title='bbox 3006 354 3233 425; x_wconf 80' lang='grc' dir='ltr'>ὀφθῆναι</span> <span class='ocrx_word' id='word_1_18' title='bbox 3269 358 3505 413; x_wconf 80' lang='grc' dir='ltr'>ἐνωπιον</span> <span class='ocrx_word' id='word_1_19' title='bbox 3536 364 3660 416; x_wconf 78' lang='grc' dir='ltr'><strong>Κυ-</strong></span> 
     </span>
    </p>
   </div>
   <div class='ocr_carea' id='block_1_6' title="bbox 395 420 1963 493">
    <p class='ocr_par' dir='ltr' id='par_1_6' title="bbox 395 420 1963 493">
     <span class='ocr_line' id='line_1_6' title="bbox 395 420 1963 493; baseline 0.006 -18"><span class='ocrx_word' id='word_1_20' title='bbox 395 437 580 475; x_wconf 84' lang='lat' dir='ltr'><strong>coram</strong></span> <span class='ocrx_word' id='word_1_21' title='bbox 608 420 718 475; x_wconf 88' lang='lat' dir='ltr'><strong>Deo</strong></span> <span class='ocrx_word' id='word_1_22' title='bbox 742 425 1186 490; x_wconf 71' lang='lat' dir='ltr'><strong>repraesentavit:</strong></span> <span class='ocrx_word' id='word_1_23' title='bbox 1221 429 1387 493; x_wconf 85' lang='lat' dir='ltr'><strong>atque</strong></span> <span class='ocrx_word' id='word_1_24' title='bbox 1409 424 1532 480; x_wconf 90' lang='lat' dir='ltr'><strong>inde</strong></span> <span class='ocrx_word' id='word_1_25' title='bbox 1557 425 1963 485; x_wconf 78' lang='lat' dir='ltr'><strong>Bethlehemur‘u</strong></span> 
     </span>
    </p>
   </div>
   <div class='ocr_carea' id='block_1_7' title="bbox 393 513 1967 586">
    <p class='ocr_par' dir='ltr' id='par_1_7' title="bbox 393 513 1967 586">
     <span class='ocr_line' id='line_1_7' title="bbox 393 513 1967 586; baseline 0.009 -24"><span class='ocrx_word' id='word_1_26' title='bbox 393 519 619 581; x_wconf 76' lang='lat' dir='ltr'><strong>propter</strong></span> <span class='ocrx_word' id='word_1_27' title='bbox 671 513 887 583; x_wconf 83' lang='lat' dir='ltr'><strong>generis</strong></span> <span class='ocrx_word' id='word_1_28' title='bbox 946 516 1407 586; x_wconf 85' lang='lat' dir='ltr'><strong>propinquitatem</strong></span> <span class='ocrx_word' id='word_1_29' title='bbox 1458 531 1487 571; x_wconf 76' lang='grc' dir='ltr'>ιι</span> <span class='ocrx_word' id='word_1_30' title='bbox 1535 525 1707 573; x_wconf 83' lang='lat' dir='ltr'><strong>matre</strong></span> <span class='ocrx_word' id='word_1_31' title='bbox 1755 519 1967 577; x_wconf 89' lang='lat' dir='ltr'><strong>delatus</strong></span> 
     </span>
    </p>
   </div>
   <div class='ocr_carea' id='block_1_8' title="bbox 394 600 1966 666">
    <p class='ocr_par' dir='ltr' id='par_1_8' title="bbox 394 600 1966 666">
     <span class='ocr_line' id='line_1_8' title="bbox 394 600 1966 666; baseline 0.006 -9"><span class='ocrx_word' id='word_1_32' title='bbox 394 610 499 657; x_wconf 84' lang='lat' dir='ltr'><strong>est.</strong></span> <span class='ocrx_word' id='word_1_33' title='bbox 539 600 643 657; x_wconf 88' lang='lat' dir='ltr'><strong>Sed</strong></span> <span class='ocrx_word' id='word_1_34' title='bbox 691 620 910 659; x_wconf 88' lang='lat' dir='ltr'><strong>rursum</strong></span> <span class='ocrx_word' id='word_1_35' title='bbox 958 604 1323 662; x_wconf 81' lang='lat' dir='ltr'><strong>Nazarelhnrn</strong></span> <span class='ocrx_word' id='word_1_36' title='bbox 1363 606 1580 664; x_wconf 89' lang='lat' dir='ltr'><strong>rediens</strong></span> <span class='ocrx_word' id='word_1_37' title='bbox 1620 624 1764 665; x_wconf 90' lang='lat' dir='ltr'><strong>anno</strong></span> <span class='ocrx_word' id='word_1_38' title='bbox 1794 612 1966 666; x_wconf 86' lang='lat' dir='ltr'><strong>altero</strong></span> 
     </span>
    </p>
   </div>
   <div class='ocr_carea' id='block_1_9' title="bbox 398 695 1967 770">
    <p class='ocr_par' dir='ltr' id='par_1_9' title="bbox 398 695 1967 770">
     <span class='ocr_line' id='line_1_9' title="bbox 398 695 1967 770; baseline 0.007 -23"><span class='ocrx_word' id='word_1_39' title='bbox 398 704 646 752; x_wconf 73' lang='lat' dir='ltr'><strong>vertente</strong></span> <span class='ocrx_word' id='word_1_40' title='bbox 701 695 1078 768; x_wconf 80' lang='lat' dir='ltr'><strong>Hierosolyma</strong></span> <span class='ocrx_word' id='word_1_41' title='bbox 1133 697 1660 770; x_wconf 87' lang='lat' dir='ltr'><strong>Bethlehemumque</strong></span> <span class='ocrx_word' id='word_1_42' title='bbox 1719 709 1967 770; x_wconf 83' lang='lat' dir='ltr'><strong>gestante</strong></span> 
     </span>
    </p>
   </div>
   <div class='ocr_carea' id='block_1_10' title="bbox 398 784 1966 855">
    <p class='ocr_par' dir='ltr' id='par_1_10' title="bbox 398 784 1966 855">
     <span class='ocr_line' id='line_1_10' title="bbox 398 784 1966 855; baseline 0.003 -16"><span class='ocrx_word' id='word_1_43' title='bbox 398 794 571 839; x_wconf 81' lang='lat' dir='ltr'><strong>matre</strong></span> <span class='ocrx_word' id='word_1_44' title='bbox 593 785 887 855; x_wconf 90' lang='lat' dir='ltr'><strong>perductus</strong></span> <span class='ocrx_word' id='word_1_45' title='bbox 912 792 1017 843; x_wconf 92' lang='lat' dir='ltr'><strong>est.</strong></span> <span class='ocrx_word' id='word_1_46' title='bbox 1040 784 1369 841; x_wconf 87' lang='lat' dir='ltr'><strong>Bethlchemi</strong></span> <span class='ocrx_word' id='word_1_47' title='bbox 1397 801 1560 855; x_wconf 88' lang='lat' dir='ltr'><strong>porro</strong></span> <span class='ocrx_word' id='word_1_48' title='bbox 1590 801 1714 841; x_wconf 92' lang='lat' dir='ltr'><strong>cum</strong></span> <span class='ocrx_word' id='word_1_49' title='bbox 1733 788 1799 841; x_wconf 90' lang='lat' dir='ltr'><strong>ad</strong></span> <span class='ocrx_word' id='word_1_50' title='bbox 1823 788 1966 845; x_wconf 81' lang='lat' dir='ltr'><strong>aedes</strong></span> 
     </span>
    </p>
   </div>
   <div class='ocr_carea' id='block_1_11' title="bbox 397 875 1965 950">
    <p class='ocr_par' dir='ltr' id='par_1_11' title="bbox 397 875 1965 950">
     <span class='ocr_line' id='line_1_11' title="bbox 397 875 1965 950; baseline 0.003 -22"><span class='ocrx_word' id='word_1_51' title='bbox 397 878 661 946; x_wconf 81' lang='lat' dir='ltr'><strong>quasdam</strong></span> <span class='ocrx_word' id='word_1_52' title='bbox 710 893 833 931; x_wconf 91' lang='lat' dir='ltr'><strong>eum</strong></span> <span class='ocrx_word' id='word_1_53' title='bbox 883 876 1051 935; x_wconf 77' lang='lat' dir='ltr'><strong>Matre</strong></span> <span class='ocrx_word' id='word_1_54' title='bbox 1105 894 1168 932; x_wconf 89' lang='lat' dir='ltr'><strong>ac</strong></span> <span class='ocrx_word' id='word_1_55' title='bbox 1214 875 1451 949; x_wconf 76' lang='lat' dir='ltr'><strong>Joseplio</strong></span> <span class='ocrx_word' id='word_1_56' title='bbox 1501 877 1833 941; x_wconf 90' lang='lat' dir='ltr'><strong>divertisset,</strong></span> <span class='ocrx_word' id='word_1_57' title='bbox 1872 880 1965 950; x_wconf 91' lang='lat' dir='ltr'><strong>qui</strong></span> 
     </span>
    </p>
   </div>
   <div class='ocr_carea' id='block_1_12' title="bbox 392 968 1965 1041">
    <p class='ocr_par' dir='ltr' id='par_1_12' title="bbox 392 968 1965 1041">
     <span class='ocr_line' id='line_1_12' title="bbox 392 968 1965 1041; baseline 0.004 -21"><span class='ocrx_word' id='word_1_58' title='bbox 392 969 505 1037; x_wconf 89' lang='lat' dir='ltr'><strong>jam</strong></span> <span class='ocrx_word' id='word_1_59' title='bbox 553 968 743 1037; x_wconf 78' lang='lat' dir='ltr'><strong>grandi</strong></span> <span class='ocrx_word' id='word_1_60' title='bbox 785 978 915 1023; x_wconf 87' lang='lat' dir='ltr'><strong>natu</strong></span> <span class='ocrx_word' id='word_1_61' title='bbox 950 986 1071 1023; x_wconf 91' lang='lat' dir='ltr'><strong>eum</strong></span> <span class='ocrx_word' id='word_1_62' title='bbox 1105 968 1275 1024; x_wconf 84' lang='lat' dir='ltr'><strong>Maria</strong></span> <span class='ocrx_word' id='word_1_63' title='bbox 1318 971 1570 1041; x_wconf 80' lang='lat' dir='ltr'><strong>degebat,</strong></span> <span class='ocrx_word' id='word_1_64' title='bbox 1618 971 1862 1028; x_wconf 69' lang='lat' dir='ltr'><strong>Secundo</strong></span> <span class='ocrx_word' id='word_1_65' title='bbox 1898 974 1965 1027; x_wconf 87' lang='lat' dir='ltr'><strong>ab</strong></span> 
     </span>
    </p>
   </div>
   <div class='ocr_carea' id='block_1_13' title="bbox 398 1057 1962 1130">
    <p class='ocr_par' dir='ltr' id='par_1_13' title="bbox 398 1057 1962 1130">
     <span class='ocr_line' id='line_1_13' title="bbox 398 1057 1962 1130; baseline 0.005 -21"><span class='ocrx_word' id='word_1_66' title='bbox 398 1058 684 1113; x_wconf 81' lang='lat' dir='ltr'><strong>nativitate</strong></span> <span class='ocrx_word' id='word_1_67' title='bbox 717 1072 861 1115; x_wconf 87' lang='lat' dir='ltr'><strong>anno</strong></span> <span class='ocrx_word' id='word_1_68' title='bbox 892 1073 921 1111; x_wconf 85' lang='lat' dir='ltr'><strong>a</strong></span> <span class='ocrx_word' id='word_1_69' title='bbox 949 1057 1119 1129; x_wconf 86' lang='lat' dir='ltr'><strong>Magis</strong></span> <span class='ocrx_word' id='word_1_70' title='bbox 1145 1059 1409 1115; x_wconf 90' lang='lat' dir='ltr'><strong>adorandi</strong></span> <span class='ocrx_word' id='word_1_71' title='bbox 1437 1074 1606 1115; x_wconf 89' lang='lat' dir='ltr'><strong>causa</strong></span> <span class='ocrx_word' id='word_1_72' title='bbox 1636 1070 1962 1130; x_wconf 83' lang='lat' dir='ltr'><strong>conventus,</strong></span> 
     </span>
    </p>
   </div>
   <div class='ocr_carea' id='block_1_14' title="bbox 395 1146 2003 1219">
    <p class='ocr_par' dir='ltr' id='par_1_14' title="bbox 395 1146 2003 1219">
     <span class='ocr_line' id='line_1_14' title="bbox 395 1146 2003 1219; baseline 0.004 -18"><span class='ocrx_word' id='word_1_73' title='bbox 395 1164 458 1202; x_wconf 88' lang='lat' dir='ltr'><strong>ac</strong></span> <span class='ocrx_word' id='word_1_74' title='bbox 487 1149 645 1205; x_wconf 90' lang='lat' dir='ltr'><strong>donis</strong></span> <span class='ocrx_word' id='word_1_75' title='bbox 672 1156 897 1204; x_wconf 90' lang='lat' dir='ltr'><strong>ornatus</strong></span> <span class='ocrx_word' id='word_1_76' title='bbox 925 1158 1029 1205; x_wconf 87' lang='lat' dir='ltr'><strong>est.</strong></span> <span class='ocrx_word' id='word_1_77' title='bbox 1065 1149 1261 1205; x_wconf 88' lang='lat' dir='ltr'><strong>Eadem</strong></span> <span class='ocrx_word' id='word_1_78' title='bbox 1285 1166 1415 1205; x_wconf 86' lang='lat' dir='ltr'><strong>vero</strong></span> <span class='ocrx_word' id='word_1_79' title='bbox 1447 1158 1628 1219; x_wconf 87' lang='lat' dir='ltr'><strong>nocte,</strong></span> <span class='ocrx_word' id='word_1_80' title='bbox 1663 1168 1787 1207; x_wconf 91' lang='lat' dir='ltr'><strong>cum</strong></span> <span class='ocrx_word' id='word_1_81' title='bbox 1811 1151 1965 1209; x_wconf 87' lang='lat' dir='ltr'><strong>Jose-</strong></span> <span class='ocrx_word' id='word_1_82' title='bbox 1994 1146 2003 1153; x_wconf 22' lang='grc' dir='ltr'><em>ἴ</em></span> 
     </span>
    </p>
   </div>
   <div class='ocr_carea' id='block_1_15' title="bbox 394 1240 1964 1311">
    <p class='ocr_par' dir='ltr' id='par_1_15' title="bbox 394 1240 1964 1311">
     <span class='ocr_line' id='line_1_15' title="bbox 394 1240 1964 1311; baseline 0.004 -18"><span class='ocrx_word' id='word_1_83' title='bbox 394 1241 536 1310; x_wconf 88' lang='lat' dir='ltr'><strong>phus</strong></span> <span class='ocrx_word' id='word_1_84' title='bbox 574 1256 669 1310; x_wconf 88' lang='lat' dir='ltr'><strong>per</strong></span> <span class='ocrx_word' id='word_1_85' title='bbox 701 1240 972 1297; x_wconf 90' lang='lat' dir='ltr'><strong>somnium</strong></span> <span class='ocrx_word' id='word_1_86' title='bbox 1011 1240 1078 1295; x_wconf 90' lang='lat' dir='ltr'><strong>ab</strong></span> <span class='ocrx_word' id='word_1_87' title='bbox 1122 1242 1313 1311; x_wconf 81' lang='lat' dir='ltr'><strong>angelo</strong></span> <span class='ocrx_word' id='word_1_88' title='bbox 1352 1249 1497 1298; x_wconf 91' lang='lat' dir='ltr'><strong>esset</strong></span> <span class='ocrx_word' id='word_1_89' title='bbox 1532 1242 1866 1310; x_wconf 88' lang='lat' dir='ltr'><strong>admonitus,</strong></span> <span class='ocrx_word' id='word_1_90' title='bbox 1908 1244 1964 1299; x_wconf 91' lang='lat' dir='ltr'><strong>in</strong></span> 
     </span>
    </p>
   </div>
   <div class='ocr_carea' id='block_1_16' title="bbox 399 1329 1960 1404">
    <p class='ocr_par' dir='ltr' id='par_1_16' title="bbox 399 1329 1960 1404">
     <span class='ocr_line' id='line_1_16' title="bbox 399 1329 1960 1404; baseline 0.003 -20"><span class='ocrx_word' id='word_1_91' title='bbox 399 1330 691 1401; x_wconf 66' lang='lat' dir='ltr'><strong>Aigyptum</strong></span> <span class='ocrx_word' id='word_1_92' title='bbox 725 1330 1074 1387; x_wconf 78' lang='lat' dir='ltr'><strong>transfertur.</strong></span> <span class='ocrx_word' id='word_1_93' title='bbox 1110 1329 1265 1388; x_wconf 90' lang='lat' dir='ltr'><strong>Unde</strong></span> <span class='ocrx_word' id='word_1_94' title='bbox 1298 1348 1495 1388; x_wconf 89' lang='lat' dir='ltr'><strong>rursus</strong></span> <span class='ocrx_word' id='word_1_95' title='bbox 1530 1346 1653 1404; x_wconf 88' lang='lat' dir='ltr'><strong>post</strong></span> <span class='ocrx_word' id='word_1_96' title='bbox 1681 1335 1960 1390; x_wconf 88' lang='lat' dir='ltr'><strong>biennium</strong></span> 
     </span>
    </p>
   </div>
   <div class='ocr_carea' id='block_1_17' title="bbox 394 1419 1964 1489">
    <p class='ocr_par' dir='ltr' id='par_1_17' title="bbox 394 1419 1964 1489">
     <span class='ocr_line' id='line_1_17' title="bbox 394 1419 1964 1489; baseline 0.004 -16"><span class='ocrx_word' id='word_1_97' title='bbox 394 1430 613 1475; x_wconf 86' lang='lat' dir='ltr'><strong>mortuo</strong></span> <span class='ocrx_word' id='word_1_98' title='bbox 638 1420 750 1489; x_wconf 89' lang='lat' dir='ltr'><strong>jam</strong></span> <span class='ocrx_word' id='word_1_99' title='bbox 792 1419 1021 1485; x_wconf 84' lang='lat' dir='ltr'><strong>Herode,</strong></span> <span class='ocrx_word' id='word_1_100' title='bbox 1053 1436 1117 1476; x_wconf 92' lang='lat' dir='ltr'><strong>ac</strong></span> <span class='ocrx_word' id='word_1_101' title='bbox 1145 1422 1471 1479; x_wconf 89' lang='lat' dir='ltr'><strong>succedente</strong></span> <span class='ocrx_word' id='word_1_102' title='bbox 1490 1424 1756 1481; x_wconf 76' lang='lat' dir='ltr'><strong>Archelao</strong></span> <span class='ocrx_word' id='word_1_103' title='bbox 1778 1441 1964 1481; x_wconf 89' lang='lat' dir='ltr'><strong>rever-</strong></span> 
     </span>
    </p>
   </div>
   <div class='ocr_carea' id='block_1_18' title="bbox 388 1514 542 1566">
    <p class='ocr_par' dir='ltr' id='par_1_18' title="bbox 388 1514 542 1566">
     <span class='ocr_line' id='line_1_18' title="bbox 388 1514 542 1566; baseline -0.006 0"><span class='ocrx_word' id='word_1_104' title='bbox 388 1514 542 1566; x_wconf 89' lang='lat' dir='ltr'><strong>titur.</strong></span> 
     </span>
    </p>
   </div>
   <div class='ocr_carea' id='block_1_19' title="bbox 461 1603 1961 1678">
    <p class='ocr_par' dir='ltr' id='par_1_19' title="bbox 461 1603 1961 1678">
     <span class='ocr_line' id='line_1_19' title="bbox 461 1603 1961 1678; baseline 0.003 -21"><span class='ocrx_word' id='word_1_105' title='bbox 461 1604 524 1658; x_wconf 92' lang='grc' dir='ltr'>ιι.</span> <span class='ocrx_word' id='word_1_106' title='bbox 557 1604 836 1675; x_wconf 87' lang='lat' dir='ltr'><strong>Siquidem</strong></span> <span class='ocrx_word' id='word_1_107' title='bbox 861 1620 1005 1660; x_wconf 87' lang='lat' dir='ltr'><strong>anno</strong></span> <span class='ocrx_word' id='word_1_108' title='bbox 1034 1603 1263 1660; x_wconf 75' lang='lat' dir='ltr'><strong>Herodis</strong></span> <span class='ocrx_word' id='word_1_109' title='bbox 1314 1622 1509 1672; x_wconf 85' lang='lat' dir='ltr'><strong>xxxm,</strong></span> <span class='ocrx_word' id='word_1_110' title='bbox 1562 1608 1794 1678; x_wconf 81' lang='lat' dir='ltr'><strong>Augusti</strong></span> <span class='ocrx_word' id='word_1_111' title='bbox 1850 1624 1961 1662; x_wconf 77' lang='lat' dir='ltr'><strong>xui</strong></span> 
     </span>
    </p>
   </div>
   <div class='ocr_carea' id='block_1_20' title="bbox 2070 435 3660 522">
    <p class='ocr_par' dir='ltr' id='par_1_20' title="bbox 2070 435 3660 522">
     <span class='ocr_line' id='line_1_20' title="bbox 2070 435 3660 522; baseline 0.014 -37"><span class='ocrx_word' id='word_1_112' title='bbox 2070 435 2185 505; x_wconf 87' lang='grc' dir='ltr'>ρίου</span> <span class='ocrx_word' id='word_1_113' title='bbox 2232 438 2311 499; x_wconf 78' lang='grc' dir='ltr'><strong>εἰς</strong></span> <span class='ocrx_word' id='word_1_114' title='bbox 2343 438 2715 510; x_wconf 76' lang='grc' dir='ltr'>Ἰερουσαλὴμ,</span> <span class='ocrx_word' id='word_1_115' title='bbox 2741 443 3029 512; x_wconf 86' lang='grc' dir='ltr'>γενόμενόν</span> <span class='ocrx_word' id='word_1_116' title='bbox 3074 462 3133 498; x_wconf 89' lang='grc' dir='ltr'><strong>τε</strong></span> <span class='ocrx_word' id='word_1_117' title='bbox 3175 449 3232 500; x_wconf 81' lang='grc' dir='ltr'>ἐν</span> <span class='ocrx_word' id='word_1_118' title='bbox 3277 450 3535 522; x_wconf 78' lang='grc' dir='ltr'>Βηθλεὲμ.</span> <span class='ocrx_word' id='word_1_119' title='bbox 3563 454 3660 509; x_wconf 79' lang='grc' dir='ltr'><strong>διά</strong></span> 
     </span>
    </p>
   </div>
   <div class='ocr_carea' id='block_1_21' title="bbox 2066 525 3655 610">
    <p class='ocr_par' dir='ltr' id='par_1_21' title="bbox 2066 525 3655 610">
     <span class='ocr_line' id='line_1_21' title="bbox 2066 525 3655 610; baseline 0.013 -32"><span class='ocrx_word' id='word_1_120' title='bbox 2066 525 2163 596; x_wconf 82' lang='grc' dir='ltr'>τὴν</span> <span class='ocrx_word' id='word_1_121' title='bbox 2194 529 2510 596; x_wconf 88' lang='grc' dir='ltr'>συγγένειαν</span> <span class='ocrx_word' id='word_1_122' title='bbox 2538 531 2766 601; x_wconf 80' lang='grc' dir='ltr'>ὑπὺ.τῆς</span> <span class='ocrx_word' id='word_1_123' title='bbox 2792 535 2995 605; x_wconf 84' lang='grc' dir='ltr'>μητρὸς</span> <span class='ocrx_word' id='word_1_124' title='bbox 3028 536 3457 610; x_wconf 79' lang='grc' dir='ltr'><strong>βασταζόμενον·</strong></span> <span class='ocrx_word' id='word_1_125' title='bbox 3486 542 3655 609; x_wconf 78' lang='grc' dir='ltr'>αὖθις</span> 
     </span>
    </p>
   </div>
   <div class='ocr_carea' id='block_1_22' title="bbox 2069 617 3659 704">
    <p class='ocr_par' dir='ltr' id='par_1_22' title="bbox 2069 617 3659 704">
     <span class='ocr_line' id='line_1_22' title="bbox 2069 617 3659 704; baseline 0.011 -35"><span class='ocrx_word' id='word_1_126' title='bbox 2069 617 2229 671; x_wconf 83' lang='grc' dir='ltr'>πάλιν</span> <span class='ocrx_word' id='word_1_127' title='bbox 2266 620 2346 683; x_wconf 85' lang='grc' dir='ltr'><strong>εἰς</strong></span> <span class='ocrx_word' id='word_1_128' title='bbox 2377 620 2631 693; x_wconf 76' lang='grc' dir='ltr'>Ναζαρὲτ</span> <span class='ocrx_word' id='word_1_129' title='bbox 2663 622 3050 692; x_wconf 82' lang='grc' dir='ltr'><strong>ἀπενεχθέντα,</strong></span> <span class='ocrx_word' id='word_1_130' title='bbox 3078 629 3172 681; x_wconf 77' lang='grc' dir='ltr'><strong>καὶ</strong></span> <span class='ocrx_word' id='word_1_131' title='bbox 3210 630 3351 683; x_wconf 83' lang='grc' dir='ltr'>κατά</span> <span class='ocrx_word' id='word_1_132' title='bbox 3384 632 3659 704; x_wconf 78' lang='grc' dir='ltr'>δευτέραν</span> 
     </span>
    </p>
   </div>
   <div class='ocr_carea' id='block_1_23' title="bbox 2068 710 3657 797">
    <p class='ocr_par' dir='ltr' id='par_1_23' title="bbox 2068 710 3657 797">
     <span class='ocr_line' id='line_1_23' title="bbox 2068 710 3657 797; baseline 0.012 -36"><span class='ocrx_word' id='word_1_133' title='bbox 2068 710 2312 781; x_wconf 80' lang='grc' dir='ltr'>περίοδον</span> <span class='ocrx_word' id='word_1_134' title='bbox 2356 713 2600 766; x_wconf 74' lang='grc' dir='ltr'>ἐνιαυτοῦ</span> <span class='ocrx_word' id='word_1_135' title='bbox 2655 716 2733 777; x_wconf 80' lang='grc' dir='ltr'><strong>εἰς</strong></span> <span class='ocrx_word' id='word_1_136' title='bbox 2774 715 2842 769; x_wconf 82' lang='grc' dir='ltr'><strong>τά</strong></span> <span class='ocrx_word' id='word_1_137' title='bbox 2877 717 3221 790; x_wconf 85' lang='grc' dir='ltr'>Ἰεροσόλυμα</span> <span class='ocrx_word' id='word_1_138' title='bbox 3265 725 3359 776; x_wconf 78' lang='grc' dir='ltr'><strong>καὶ</strong></span> <span class='ocrx_word' id='word_1_139' title='bbox 3394 725 3657 797; x_wconf 79' lang='grc' dir='ltr'>Βηθλεὲμ</span> 
     </span>
    </p>
   </div>
   <div class='ocr_carea' id='block_1_24' title="bbox 2067 800 3659 887">
    <p class='ocr_par' dir='ltr' id='par_1_24' title="bbox 2067 800 3659 887">
     <span class='ocr_line' id='line_1_24' title="bbox 2067 800 3659 887; baseline 0.014 -35"><span class='ocrx_word' id='word_1_140' title='bbox 2067 800 2383 873; x_wconf 76' lang='grc' dir='ltr'>ἐληλυθότα,</span> <span class='ocrx_word' id='word_1_141' title='bbox 2412 803 2811 874; x_wconf 80' lang='grc' dir='ltr'>βασταζόμενον</span> <span class='ocrx_word' id='word_1_142' title='bbox 2837 806 3098 875; x_wconf 81' lang='grc' dir='ltr'>ὡσαύτως</span> <span class='ocrx_word' id='word_1_143' title='bbox 3124 812 3228 866; x_wconf 83' lang='grc' dir='ltr'><strong>ὑπὸ</strong></span> <span class='ocrx_word' id='word_1_144' title='bbox 3246 816 3344 885; x_wconf 83' lang='grc' dir='ltr'>τῆς</span> <span class='ocrx_word' id='word_1_145' title='bbox 3375 816 3516 880; x_wconf 86' lang='grc' dir='ltr'>ἰδίας</span> <span class='ocrx_word' id='word_1_146' title='bbox 3546 835 3659 887; x_wconf 76' lang='grc' dir='ltr'>μη·</span> 
     </span>
    </p>
   </div>
   <div class='ocr_carea' id='block_1_25' title="bbox 2067 890 3656 977">
    <p class='ocr_par' dir='ltr' id='par_1_25' title="bbox 2067 890 3656 977">
     <span class='ocr_line' id='line_1_25' title="bbox 2067 890 3656 977; baseline 0.011 -34"><span class='ocrx_word' id='word_1_147' title='bbox 2067 890 2221 961; x_wconf 76' lang='grc' dir='ltr'>τρόςο</span> <span class='ocrx_word' id='word_1_148' title='bbox 2251 893 2308 945; x_wconf 81' lang='grc' dir='ltr'>ὲν</span> <span class='ocrx_word' id='word_1_149' title='bbox 2338 893 2583 964; x_wconf 85' lang='grc' dir='ltr'>Βηθλεὲμ</span> <span class='ocrx_word' id='word_1_150' title='bbox 2606 894 2664 947; x_wconf 87' lang='grc' dir='ltr'>δὲ</span> <span class='ocrx_word' id='word_1_151' title='bbox 2686 897 2743 948; x_wconf 80' lang='grc' dir='ltr'><strong>ὲν</strong></span> <span class='ocrx_word' id='word_1_152' title='bbox 2771 896 2919 969; x_wconf 79' lang='grc' dir='ltr'>οἰκία</span> <span class='ocrx_word' id='word_1_153' title='bbox 2944 900 3274 957; x_wconf 85' lang='grc' dir='ltr'>κατελθόντα</span> <span class='ocrx_word' id='word_1_154' title='bbox 3301 906 3400 958; x_wconf 84' lang='grc' dir='ltr'><strong>σὺν</strong></span> <span class='ocrx_word' id='word_1_155' title='bbox 3430 910 3497 976; x_wconf 82' lang='grc' dir='ltr'>τῇ</span> <span class='ocrx_word' id='word_1_156' title='bbox 3542 908 3656 977; x_wconf 76' lang='grc' dir='ltr'>ἰδία</span> 
     </span>
    </p>
   </div>
   <div class='ocr_carea' id='block_1_26' title="bbox 2069 986 3658 1069">
    <p class='ocr_par' dir='ltr' id='par_1_26' title="bbox 2069 986 3658 1069">
     <span class='ocr_line' id='line_1_26' title="bbox 2069 986 3658 1069; baseline 0.011 -34"><span class='ocrx_word' id='word_1_157' title='bbox 2069 986 2237 1055; x_wconf 78' lang='grc' dir='ltr'>μητρὶ</span> <span class='ocrx_word' id='word_1_158' title='bbox 2287 987 2381 1038; x_wconf 72' lang='grc' dir='ltr'><strong>καὶ</strong></span> <span class='ocrx_word' id='word_1_159' title='bbox 2412 986 2607 1057; x_wconf 80' lang='grc' dir='ltr'>Ἰωσὴφ</span> <span class='ocrx_word' id='word_1_160' title='bbox 2654 987 2868 1058; x_wconf 80' lang='grc' dir='ltr'>γέροντι</span> <span class='ocrx_word' id='word_1_161' title='bbox 2914 988 3047 1052; x_wconf 78' lang='grc' dir='ltr'>ὄντι,</span> <span class='ocrx_word' id='word_1_162' title='bbox 3076 994 3173 1047; x_wconf 79' lang='grc' dir='ltr'><strong>σὺν</strong></span> <span class='ocrx_word' id='word_1_163' title='bbox 3218 998 3282 1065; x_wconf 84' lang='grc' dir='ltr'>τῇ</span> <span class='ocrx_word' id='word_1_164' title='bbox 3343 998 3541 1069; x_wconf 78' lang='grc' dir='ltr'>Μαρίᾳ</span> <span class='ocrx_word' id='word_1_165' title='bbox 3595 1000 3658 1052; x_wconf 51' lang='grc' dir='ltr'>ἃ</span> 
     </span>
    </p>
   </div>
   <div class='ocr_carea' id='block_1_27' title="bbox 2065 1073 3654 1158">
    <p class='ocr_par' dir='ltr' id='par_1_27' title="bbox 2065 1073 3654 1158">
     <span class='ocr_line' id='line_1_27' title="bbox 2065 1073 3654 1158; baseline 0.011 -32"><span class='ocrx_word' id='word_1_166' title='bbox 2065 1073 2177 1126; x_wconf 74' lang='grc' dir='ltr'>ὄντι</span> <span class='ocrx_word' id='word_1_167' title='bbox 2198 1091 2211 1104; x_wconf 87' lang='grc'><strong>·</strong></span> <span class='ocrx_word' id='word_1_168' title='bbox 2238 1075 2456 1129; x_wconf 85' lang='grc' dir='ltr'>κάκεῖσε</span> <span class='ocrx_word' id='word_1_169' title='bbox 2486 1078 2563 1148; x_wconf 87' lang='grc' dir='ltr'><strong>τῷ</strong></span> <span class='ocrx_word' id='word_1_170' title='bbox 2588 1078 2823 1149; x_wconf 80' lang='grc' dir='ltr'>δευτέρῳ</span> <span class='ocrx_word' id='word_1_171' title='bbox 2848 1078 2955 1133; x_wconf 78' lang='grc' dir='ltr'>έτει</span> <span class='ocrx_word' id='word_1_172' title='bbox 2985 1082 3149 1136; x_wconf 82' lang='grc' dir='ltr'>αὑτοῦ</span> <span class='ocrx_word' id='word_1_173' title='bbox 3179 1089 3488 1158; x_wconf 82' lang='grc' dir='ltr'>γεννήσεως</span> <span class='ocrx_word' id='word_1_174' title='bbox 3512 1107 3654 1143; x_wconf 82' lang='grc' dir='ltr'>κατ-</span> 
     </span>
    </p>
   </div>
   <div class='ocr_carea' id='block_1_28' title="bbox 2065 1170 3653 1252">
    <p class='ocr_par' dir='ltr' id='par_1_28' title="bbox 2065 1170 3653 1252">
     <span class='ocr_line' id='line_1_28' title="bbox 2065 1170 3653 1252; baseline 0.008 -31"><span class='ocrx_word' id='word_1_175' title='bbox 2065 1170 2394 1225; x_wconf 87' lang='grc' dir='ltr'>οπτευθέντα</span> <span class='ocrx_word' id='word_1_176' title='bbox 2451 1172 2555 1227; x_wconf 83' lang='grc' dir='ltr'>ὑπὸ</span> <span class='ocrx_word' id='word_1_177' title='bbox 2604 1174 2713 1227; x_wconf 83' lang='grc' dir='ltr'><strong>τῶν</strong></span> <span class='ocrx_word' id='word_1_178' title='bbox 2764 1174 2953 1244; x_wconf 84' lang='grc' dir='ltr'><strong>μάγων</strong></span> <span class='ocrx_word' id='word_1_179' title='bbox 3002 1178 3443 1250; x_wconf 78' lang='grc' dir='ltr'>προσκυνηθῆναι</span> <span class='ocrx_word' id='word_1_180' title='bbox 3493 1180 3653 1252; x_wconf 81' lang='grc' dir='ltr'>δῶρα</span> 
     </span>
    </p>
   </div>
   <div class='ocr_carea' id='block_1_29' title="bbox 2064 1256 3655 1334">
    <p class='ocr_par' dir='ltr' id='par_1_29' title="bbox 2064 1256 3655 1334">
     <span class='ocr_line' id='line_1_29' title="bbox 2064 1256 3655 1334; baseline 0.008 -24"><span class='ocrx_word' id='word_1_181' title='bbox 2064 1256 2318 1322; x_wconf 75' lang='grc' dir='ltr'>λαϐόντα,</span> <span class='ocrx_word' id='word_1_182' title='bbox 2351 1263 2443 1314; x_wconf 76' lang='grc' dir='ltr'>καὶ</span> <span class='ocrx_word' id='word_1_183' title='bbox 2470 1262 2527 1314; x_wconf 84' lang='grc' dir='ltr'>ὲν</span> <span class='ocrx_word' id='word_1_184' title='bbox 2554 1262 2688 1334; x_wconf 81' lang='grc' dir='ltr'>αὐτῇ</span> <span class='ocrx_word' id='word_1_185' title='bbox 2732 1266 2798 1334; x_wconf 76' lang='grc' dir='ltr'>τῇ</span> <span class='ocrx_word' id='word_1_186' title='bbox 2836 1264 2990 1315; x_wconf 74' lang='grc' dir='ltr'>νυκτὶ</span> <span class='ocrx_word' id='word_1_187' title='bbox 3020 1266 3112 1317; x_wconf 84' lang='grc' dir='ltr'>ὑπ’</span> <span class='ocrx_word' id='word_1_188' title='bbox 3147 1266 3376 1334; x_wconf 81' lang='grc' dir='ltr'>ἀγγέλου</span> <span class='ocrx_word' id='word_1_189' title='bbox 3406 1269 3503 1320; x_wconf 73' lang='grc' dir='ltr'><strong>τοῦ</strong></span> <span class='ocrx_word' id='word_1_190' title='bbox 3531 1271 3655 1321; x_wconf 80' lang='grc' dir='ltr'><strong>Ἰω-</strong></span> 
     </span>
    </p>
   </div>
   <div class='ocr_carea' id='block_1_30' title="bbox 2068 1349 3652 1427">
    <p class='ocr_par' dir='ltr' id='par_1_30' title="bbox 2068 1349 3652 1427">
     <span class='ocr_line' id='line_1_30' title="bbox 2068 1349 3652 1427; baseline 0.007 -24"><span class='ocrx_word' id='word_1_191' title='bbox 2068 1349 2175 1420; x_wconf 83' lang='grc' dir='ltr'><strong>σὴφ</strong></span> <span class='ocrx_word' id='word_1_192' title='bbox 2194 1350 2631 1422; x_wconf 82' lang='grc' dir='ltr'>χρηματίσαντος</span> <span class='ocrx_word' id='word_1_193' title='bbox 2658 1355 2736 1416; x_wconf 87' lang='grc' dir='ltr'><strong>εἰς</strong></span> <span class='ocrx_word' id='word_1_194' title='bbox 2756 1354 3031 1423; x_wconf 81' lang='grc' dir='ltr'>Αἴγυπτον</span> <span class='ocrx_word' id='word_1_195' title='bbox 3062 1356 3485 1427; x_wconf 79' lang='grc' dir='ltr'>παραληφθέντα</span> <span class='ocrx_word' id='word_1_196' title='bbox 3507 1374 3523 1388; x_wconf 85' lang='grc'><strong>·</strong></span> <span class='ocrx_word' id='word_1_197' title='bbox 3551 1360 3652 1414; x_wconf 82' lang='grc' dir='ltr'>ἀπ’</span> 
     </span>
    </p>
   </div>
   <div class='ocr_carea' id='block_1_31' title="bbox 2065 1442 3655 1517">
    <p class='ocr_par' dir='ltr' id='par_1_31' title="bbox 2065 1442 3655 1517">
     <span class='ocr_line' id='line_1_31' title="bbox 2065 1442 3655 1517; baseline 0.005 -22"><span class='ocrx_word' id='word_1_198' title='bbox 2065 1443 2274 1495; x_wconf 71' lang='grc' dir='ltr'>ἐκεῖθέν</span> <span class='ocrx_word' id='word_1_199' title='bbox 2300 1460 2358 1496; x_wconf 88' lang='grc' dir='ltr'><strong>τε</strong></span> <span class='ocrx_word' id='word_1_200' title='bbox 2382 1442 2545 1497; x_wconf 88' lang='grc' dir='ltr'>πάλιν</span> <span class='ocrx_word' id='word_1_201' title='bbox 2581 1444 2668 1497; x_wconf 74' lang='grc' dir='ltr'>διὰ</span> <span class='ocrx_word' id='word_1_202' title='bbox 2705 1445 2798 1499; x_wconf 90' lang='grc' dir='ltr'><strong>δύο</strong></span> <span class='ocrx_word' id='word_1_203' title='bbox 2830 1447 2966 1501; x_wconf 76' lang='grc' dir='ltr'>ἐτῶν</span> <span class='ocrx_word' id='word_1_204' title='bbox 2995 1447 3431 1517; x_wconf 79' lang='grc' dir='ltr'>ἐπανεληλυθότα</span> <span class='ocrx_word' id='word_1_205' title='bbox 3456 1449 3655 1503; x_wconf 79' lang='grc' dir='ltr'>τελευ-</span> 
     </span>
    </p>
   </div>
   <div class='ocr_carea' id='block_1_32' title="bbox 2065 1535 3551 1611">
    <p class='ocr_par' dir='ltr' id='par_1_32' title="bbox 2065 1535 3551 1611">
     <span class='ocr_line' id='line_1_32' title="bbox 2065 1535 3551 1611; baseline 0.003 -22"><span class='ocrx_word' id='word_1_206' title='bbox 2065 1538 2128 1606; x_wconf 87' lang='grc' dir='ltr'>τή</span> <span class='ocrx_word' id='word_1_207' title='bbox 2138 1552 2325 1598; x_wconf 86' lang='grc' dir='ltr'>σαντος</span> <span class='ocrx_word' id='word_1_208' title='bbox 2350 1535 2442 1588; x_wconf 77' lang='grc' dir='ltr'>τοῦ</span> <span class='ocrx_word' id='word_1_209' title='bbox 2480 1535 2743 1608; x_wconf 82' lang='grc' dir='ltr'>Ἡρώδου,</span> <span class='ocrx_word' id='word_1_210' title='bbox 2766 1538 3059 1609; x_wconf 80' lang='grc' dir='ltr'>Ἀρχελάου</span> <span class='ocrx_word' id='word_1_211' title='bbox 3082 1540 3551 1611; x_wconf 78' lang='grc' dir='ltr'>τεδιαδεξαμένου</span> 
     </span>
    </p>
   </div>
   <div class='ocr_carea' id='block_1_33' title="bbox 2136 1625 3655 1701">
    <p class='ocr_par' dir='ltr' id='par_1_33' title="bbox 2136 1625 3655 1701">
     <span class='ocr_line' id='line_1_33' title="bbox 2136 1625 3655 1701; baseline 0.005 -23"><span class='ocrx_word' id='word_1_212' title='bbox 2136 1627 2211 1679; x_wconf 92' lang='lat' dir='ltr'><strong>B&#39;.</strong></span> <span class='ocrx_word' id='word_1_213' title='bbox 2254 1625 2343 1696; x_wconf 90' lang='grc' dir='ltr'>Τῷ</span> <span class='ocrx_word' id='word_1_214' title='bbox 2386 1625 2495 1697; x_wconf 86' lang='grc' dir='ltr'><strong>γὰρ</strong></span> <span class='ocrx_word' id='word_1_215' title='bbox 2534 1629 2842 1699; x_wconf 86' lang='grc' dir='ltr'>τριακοστῷ</span> <span class='ocrx_word' id='word_1_216' title='bbox 2875 1631 3042 1701; x_wconf 83' lang='grc' dir='ltr'>τρίτῳ</span> <span class='ocrx_word' id='word_1_217' title='bbox 3080 1629 3188 1684; x_wconf 77' lang='grc' dir='ltr'>ἔτει</span> <span class='ocrx_word' id='word_1_218' title='bbox 3218 1632 3483 1701; x_wconf 81' lang='grc' dir='ltr'>Ἡρώδου,</span> <span class='ocrx_word' id='word_1_219' title='bbox 3523 1650 3655 1686; x_wconf 86' lang='grc' dir='ltr'>τεσ-</span> 
     </span>
    </p>
   </div>
   <div class='ocr_carea' id='block_1_34' title="bbox 386 1678 1950 1792">
    <p class='ocr_par' dir='ltr' id='par_1_34' title="bbox 386 1694 1950 1755">
     <span class='ocr_line' id='line_1_34' title="bbox 386 1694 1950 1755; baseline 0.004 -7"><span class='ocrx_word' id='word_1_220' title='bbox 386 1694 719 1750; x_wconf 83' lang='lat' dir='ltr'><strong>Bcthlehemi</strong></span> <span class='ocrx_word' id='word_1_221' title='bbox 764 1697 820 1750; x_wconf 92' lang='lat' dir='ltr'><strong>in</strong></span> <span class='ocrx_word' id='word_1_222' title='bbox 851 1696 1035 1751; x_wconf 72' lang='lat' dir='ltr'><strong>Judzea</strong></span> <span class='ocrx_word' id='word_1_223' title='bbox 1086 1695 1333 1751; x_wconf 87' lang='lat' dir='ltr'><strong>Salvator</strong></span> <span class='ocrx_word' id='word_1_224' title='bbox 1379 1700 1641 1754; x_wconf 88' lang='lat' dir='ltr'><strong>nascitur.</strong></span> <span class='ocrx_word' id='word_1_225' title='bbox 1676 1698 1812 1754; x_wconf 86' lang='lat' dir='ltr'><strong>Tum</strong></span> <span class='ocrx_word' id='word_1_226' title='bbox 1860 1699 1950 1755; x_wconf 81' lang='lat' dir='ltr'><strong>He-</strong></span> 
     </span>
    </p>
   </div>
   <div class='ocr_carea' id='block_1_35' title="bbox 2084 1678 3652 1792">
    <p class='ocr_par' dir='ltr' id='par_1_35' title="bbox 2084 1678 3652 1792">
     <span class='ocr_line' id='line_1_35' title="bbox 2084 1678 3652 1792; baseline 0.006 -24"><span class='ocrx_word' id='word_1_227' title='bbox 2084 1678 3068 1790; x_wconf 31' lang='lat' dir='ltr'><strong>rapaxoazct&#39;p.8e.ﬁedripqivAdyogc‘rou</strong></span> <span class='ocrx_word' id='word_1_228' title='bbox 3094 1678 3355 1792; x_wconf 63' lang='grc' dir='ltr'>βασιλέώς</span> <span class='ocrx_word' id='word_1_229' title='bbox 3381 1678 3652 1792; x_wconf 61' lang='grc' dir='ltr'>γεννᾶται</span> 
     </span>
    </p>
   </div>
   <div class='ocr_carea' id='block_1_36' title="bbox 388 1786 1961 1859">
    <p class='ocr_par' dir='ltr' id='par_1_36' title="bbox 388 1786 1961 1859">
     <span class='ocr_line' id='line_1_36' title="bbox 388 1786 1961 1859; baseline 0.003 -19"><span class='ocrx_word' id='word_1_230' title='bbox 388 1786 539 1841; x_wconf 79' lang='lat' dir='ltr'><strong>redis</strong></span> <span class='ocrx_word' id='word_1_231' title='bbox 604 1803 747 1843; x_wconf 81' lang='lat' dir='ltr'><strong>xxxv</strong></span> <span class='ocrx_word' id='word_1_232' title='bbox 804 1787 862 1843; x_wconf 89' lang='lat' dir='ltr'><strong>in</strong></span> <span class='ocrx_word' id='word_1_233' title='bbox 924 1787 1215 1859; x_wconf 60' lang='lat' dir='ltr'><strong>zEgyptum</strong></span> <span class='ocrx_word' id='word_1_234' title='bbox 1269 1787 1547 1857; x_wconf 84' lang='lat' dir='ltr'><strong>profectus</strong></span> <span class='ocrx_word' id='word_1_235' title='bbox 1594 1796 1697 1844; x_wconf 87' lang='lat' dir='ltr'><strong>est.</strong></span> <span class='ocrx_word' id='word_1_236' title='bbox 1758 1789 1961 1845; x_wconf 89' lang='lat' dir='ltr'><strong>Eodem</strong></span> 
     </span>
    </p>
   </div>
   <div class='ocr_carea' id='block_1_37' title="bbox 390 1865 1962 1950">
    <p class='ocr_par' dir='ltr' id='par_1_37' title="bbox 390 1865 1962 1950">
     <span class='ocr_line' id='line_1_37' title="bbox 390 1865 1962 1950; baseline 0.004 -18"><span class='ocrx_word' id='word_1_237' title='bbox 390 1875 605 1932; x_wconf 76' lang='lat' dir='ltr'><strong>Herode</strong></span> <span class='ocrx_word' id='word_1_238' title='bbox 649 1885 887 1946; x_wconf 89' lang='lat' dir='ltr'><strong>mortuo,</strong></span> <span class='ocrx_word' id='word_1_239' title='bbox 918 1878 984 1933; x_wconf 88' lang='lat' dir='ltr'><strong>ab</strong></span> <span class='ocrx_word' id='word_1_240' title='bbox 1034 1878 1270 1950; x_wconf 64' lang='lat' dir='ltr'><strong>[Egypto</strong></span> <span class='ocrx_word' id='word_1_241' title='bbox 1305 1865 1486 1934; x_wconf 79' lang='lat' dir='ltr'><strong>rediit.</strong></span> <span class='ocrx_word' id='word_1_242' title='bbox 1519 1880 1699 1945; x_wconf 85' lang='lat' dir='ltr'><strong>Quare</strong></span> <span class='ocrx_word' id='word_1_243' title='bbox 1739 1896 1962 1938; x_wconf 90' lang='lat' dir='ltr'><strong>necesse</strong></span> 
     </span>
    </p>
   </div>
   <div class='ocr_carea' id='block_1_38' title="bbox 387 1965 1960 2043">
    <p class='ocr_par' dir='ltr' id='par_1_38' title="bbox 387 1965 1960 2043">
     <span class='ocr_line' id='line_1_38' title="bbox 387 1965 1960 2043; baseline 0.004 -21"><span class='ocrx_word' id='word_1_244' title='bbox 387 1977 473 2022; x_wconf 86' lang='lat' dir='ltr'><strong>est</strong></span> <span class='ocrx_word' id='word_1_245' title='bbox 526 1983 710 2021; x_wconf 81' lang='lat' dir='ltr'><strong>xxxvn</strong></span> <span class='ocrx_word' id='word_1_246' title='bbox 737 1965 966 2027; x_wconf 87' lang='lat' dir='ltr'><strong>Herodis</strong></span> <span class='ocrx_word' id='word_1_247' title='bbox 990 1983 1133 2022; x_wconf 90' lang='lat' dir='ltr'><strong>anno</strong></span> <span class='ocrx_word' id='word_1_248' title='bbox 1160 1975 1416 2038; x_wconf 90' lang='lat' dir='ltr'><strong>quartum</strong></span> <span class='ocrx_word' id='word_1_249' title='bbox 1445 1972 1623 2026; x_wconf 69' lang='lat' dir='ltr'><strong>aetatis</strong></span> <span class='ocrx_word' id='word_1_250' title='bbox 1664 1986 1777 2026; x_wconf 64' lang='lat' dir='ltr'><strong>sua:</strong></span> <span class='ocrx_word' id='word_1_251' title='bbox 1827 1988 1960 2043; x_wconf 85' lang='lat' dir='ltr'><strong>pue-</strong></span> 
     </span>
    </p>
   </div>
   <div class='ocr_carea' id='block_1_39' title="bbox 388 2057 1962 2132">
    <p class='ocr_par' dir='ltr' id='par_1_39' title="bbox 388 2057 1962 2132">
     <span class='ocr_line' id='line_1_39' title="bbox 388 2057 1962 2132; baseline 0.005 -22"><span class='ocrx_word' id='word_1_252' title='bbox 388 2058 572 2112; x_wconf 85' lang='lat' dir='ltr'><strong>rulum</strong></span> <span class='ocrx_word' id='word_1_253' title='bbox 604 2058 804 2129; x_wconf 88' lang='lat' dir='ltr'><strong>egisse,</strong></span> <span class='ocrx_word' id='word_1_254' title='bbox 838 2074 962 2113; x_wconf 89' lang='lat' dir='ltr'><strong>cum</strong></span> <span class='ocrx_word' id='word_1_255' title='bbox 993 2057 1259 2123; x_wconf 84' lang='lat' dir='ltr'><strong>Herodes,</strong></span> <span class='ocrx_word' id='word_1_256' title='bbox 1281 2060 1525 2130; x_wconf 89' lang='lat' dir='ltr'><strong>inquam,</strong></span> <span class='ocrx_word' id='word_1_257' title='bbox 1550 2070 1756 2132; x_wconf 89' lang='lat' dir='ltr'><strong>septem</strong></span> <span class='ocrx_word' id='word_1_258' title='bbox 1785 2079 1848 2119; x_wconf 92' lang='lat' dir='ltr'><strong>ac</strong></span> <span class='ocrx_word' id='word_1_259' title='bbox 1870 2065 1962 2118; x_wconf 91' lang='lat' dir='ltr'><strong>tri-</strong></span> 
     </span>
    </p>
   </div>
   <div class='ocr_carea' id='block_1_40' title="bbox 386 2150 1961 2223">
    <p class='ocr_par' dir='ltr' id='par_1_40' title="bbox 386 2150 1961 2223">
     <span class='ocr_line' id='line_1_40' title="bbox 386 2150 1961 2223; baseline 0.004 -20"><span class='ocrx_word' id='word_1_260' title='bbox 386 2151 538 2223; x_wconf 84' lang='lat' dir='ltr'><strong>ginta</strong></span> <span class='ocrx_word' id='word_1_261' title='bbox 589 2150 855 2210; x_wconf 79' lang='lat' dir='ltr'><strong>confectis</strong></span> <span class='ocrx_word' id='word_1_262' title='bbox 895 2150 1055 2206; x_wconf 88' lang='lat' dir='ltr'><strong>annis</strong></span> <span class='ocrx_word' id='word_1_263' title='bbox 1103 2151 1323 2223; x_wconf 85' lang='lat' dir='ltr'><strong>vivendi</strong></span> <span class='ocrx_word' id='word_1_264' title='bbox 1375 2152 1537 2208; x_wconf 85' lang='lat' dir='ltr'><strong>ﬁnem</strong></span> <span class='ocrx_word' id='word_1_265' title='bbox 1579 2154 1786 2211; x_wconf 88' lang='lat' dir='ltr'><strong>habuit.</strong></span> <span class='ocrx_word' id='word_1_266' title='bbox 1832 2156 1961 2213; x_wconf 87' lang='lat' dir='ltr'><strong>Post</strong></span> 
     </span>
    </p>
   </div>
   <div class='ocr_carea' id='block_1_41' title="bbox 387 2222 1957 2318">
    <p class='ocr_par' dir='ltr' id='par_1_41' title="bbox 387 2222 1957 2318">
     <span class='ocr_line' id='line_1_41' title="bbox 387 2222 1957 2318; baseline 0.006 -25"><span class='ocrx_word' id='word_1_267' title='bbox 387 2222 534 2294; x_wconf 87' lang='lat' dir='ltr'><strong>hunc</strong></span> <span class='ocrx_word' id='word_1_268' title='bbox 552 2240 850 2296; x_wconf 84' lang='lat' dir='ltr'><strong>Archelaus</strong></span> <span class='ocrx_word' id='word_1_269' title='bbox 870 2254 1062 2295; x_wconf 86' lang='lat' dir='ltr'><strong>novem</strong></span> <span class='ocrx_word' id='word_1_270' title='bbox 1087 2222 1247 2295; x_wconf 64' lang='lat' dir='ltr'><strong>antiis</strong></span> <span class='ocrx_word' id='word_1_271' title='bbox 1265 2242 1550 2313; x_wconf 86' lang='lat' dir='ltr'><strong>imperavit</strong></span> <span class='ocrx_word' id='word_1_272' title='bbox 1570 2262 1585 2311; x_wconf 92' lang='lat'><strong>;</strong></span> <span class='ocrx_word' id='word_1_273' title='bbox 1608 2261 1716 2316; x_wconf 91' lang='lat' dir='ltr'><strong>quo</strong></span> <span class='ocrx_word' id='word_1_274' title='bbox 1732 2262 1957 2318; x_wconf 82' lang='lat' dir='ltr'><strong>regnum</strong></span> 
     </span>
    </p>
   </div>
   <div class='ocr_carea' id='block_1_42' title="bbox 385 2330 1959 2409">
    <p class='ocr_par' dir='ltr' id='par_1_42' title="bbox 385 2330 1959 2409">
     <span class='ocr_line' id='line_1_42' title="bbox 385 2330 1959 2409; baseline 0.005 -23"><span class='ocrx_word' id='word_1_275' title='bbox 385 2332 610 2387; x_wconf 88' lang='lat' dir='ltr'><strong>ineunte</strong></span> <span class='ocrx_word' id='word_1_276' title='bbox 639 2330 906 2401; x_wconf 59' lang='lat' dir='ltr'><strong>Iosephus</strong></span> <span class='ocrx_word' id='word_1_277' title='bbox 930 2347 996 2387; x_wconf 87' lang='lat' dir='ltr'><strong>ex</strong></span> <span class='ocrx_word' id='word_1_278' title='bbox 1042 2330 1279 2404; x_wconf 62' lang='lat' dir='ltr'><strong>Egypto</strong></span> <span class='ocrx_word' id='word_1_279' title='bbox 1308 2348 1432 2389; x_wconf 93' lang='lat' dir='ltr'><strong>cum</strong></span> <span class='ocrx_word' id='word_1_280' title='bbox 1466 2334 1657 2401; x_wconf 86' lang='lat' dir='ltr'><strong>Maria,</strong></span> <span class='ocrx_word' id='word_1_281' title='bbox 1691 2352 1754 2392; x_wconf 92' lang='lat' dir='ltr'><strong>ac</strong></span> <span class='ocrx_word' id='word_1_282' title='bbox 1788 2354 1959 2409; x_wconf 88' lang='lat' dir='ltr'><strong>puero</strong></span> 
     </span>
    </p>
   </div>
   <div class='ocr_carea' id='block_1_43' title="bbox 386 2422 1961 2497">
    <p class='ocr_par' dir='ltr' id='par_1_43' title="bbox 386 2422 1961 2497">
     <span class='ocr_line' id='line_1_43' title="bbox 386 2422 1961 2497; baseline 0.006 -20"><span class='ocrx_word' id='word_1_283' title='bbox 386 2422 709 2493; x_wconf 71' lang='lat' dir='ltr'><strong>digressus,</strong></span> <span class='ocrx_word' id='word_1_284' title='bbox 730 2423 821 2478; x_wconf 88' lang='lat' dir='ltr'><strong>ubi</strong></span> <span class='ocrx_word' id='word_1_285' title='bbox 849 2422 1178 2479; x_wconf 86' lang='lat' dir='ltr'><strong>Archelaum</strong></span> <span class='ocrx_word' id='word_1_286' title='bbox 1217 2426 1488 2497; x_wconf 90' lang='lat' dir='ltr'><strong>imperare</strong></span> <span class='ocrx_word' id='word_1_287' title='bbox 1515 2428 1730 2493; x_wconf 89' lang='lat' dir='ltr'><strong>didicit,</strong></span> <span class='ocrx_word' id='word_1_288' title='bbox 1764 2431 1819 2485; x_wconf 92' lang='lat' dir='ltr'><strong>in</strong></span> <span class='ocrx_word' id='word_1_289' title='bbox 1851 2431 1961 2486; x_wconf 84' lang='lat' dir='ltr'><strong>Ga-</strong></span> 
     </span>
    </p>
   </div>
   <div class='ocr_carea' id='block_1_44' title="bbox 383 2512 1957 2577">
    <p class='ocr_par' dir='ltr' id='par_1_44' title="bbox 383 2512 1957 2577">
     <span class='ocr_line' id='line_1_44' title="bbox 383 2512 1957 2577; baseline 0.008 -12"><span class='ocrx_word' id='word_1_290' title='bbox 383 2512 579 2566; x_wconf 82' lang='lat' dir='ltr'><strong>lilaeam</strong></span> <span class='ocrx_word' id='word_1_291' title='bbox 613 2512 860 2577; x_wconf 86' lang='lat' dir='ltr'><strong>secessit,</strong></span> <span class='ocrx_word' id='word_1_292' title='bbox 909 2528 974 2568; x_wconf 84' lang='lat' dir='ltr'><strong>ac</strong></span> <span class='ocrx_word' id='word_1_293' title='bbox 1010 2520 1127 2567; x_wconf 91' lang='lat' dir='ltr'><strong>tum</strong></span> <span class='ocrx_word' id='word_1_294' title='bbox 1176 2513 1425 2572; x_wconf 88' lang='lat' dir='ltr'><strong>Nazareti</strong></span> <span class='ocrx_word' id='word_1_295' title='bbox 1466 2517 1711 2573; x_wconf 91' lang='lat' dir='ltr'><strong>consedit</strong></span> <span class='ocrx_word' id='word_1_296' title='bbox 1783 2519 1957 2577; x_wconf 67' lang='grc' dir='ltr'>(Σιριο-</span> 
     </span>
    </p>
   </div>
   <div class='ocr_carea' id='block_1_45' title="bbox 384 2602 1957 2681">
    <p class='ocr_par' dir='ltr' id='par_1_45' title="bbox 384 2602 1957 2681">
     <span class='ocr_line' id='line_1_45' title="bbox 384 2602 1957 2681; baseline 0.006 -25"><span class='ocrx_word' id='word_1_297' title='bbox 384 2618 503 2656; x_wconf 90' lang='lat' dir='ltr'><strong>rum</strong></span> <span class='ocrx_word' id='word_1_298' title='bbox 527 2602 828 2660; x_wconf 84' lang='lat' dir='ltr'><strong>Archelaus</strong></span> <span class='ocrx_word' id='word_1_299' title='bbox 857 2602 1124 2660; x_wconf 87' lang='lat' dir='ltr'><strong>Herodem</strong></span> <span class='ocrx_word' id='word_1_300' title='bbox 1148 2605 1422 2675; x_wconf 89' lang='lat' dir='ltr'><strong>juniorem</strong></span> <span class='ocrx_word' id='word_1_301' title='bbox 1446 2610 1664 2679; x_wconf 85' lang='lat' dir='ltr'><strong>genuit;</strong></span> <span class='ocrx_word' id='word_1_302' title='bbox 1694 2610 1787 2681; x_wconf 89' lang='lat' dir='ltr'><strong>qui</strong></span> <span class='ocrx_word' id='word_1_303' title='bbox 1814 2627 1957 2666; x_wconf 91' lang='lat' dir='ltr'><strong>nono</strong></span> 
     </span>
    </p>
   </div>
   <div class='ocr_carea' id='block_1_46' title="bbox 386 2695 1956 2772">
    <p class='ocr_par' dir='ltr' id='par_1_46' title="bbox 386 2695 1956 2772">
     <span class='ocr_line' id='line_1_46' title="bbox 386 2695 1956 2772; baseline 0.008 -25"><span class='ocrx_word' id='word_1_304' title='bbox 386 2695 562 2765; x_wconf 85' lang='lat' dir='ltr'><strong>patris</strong></span> <span class='ocrx_word' id='word_1_305' title='bbox 589 2709 734 2750; x_wconf 92' lang='lat' dir='ltr'><strong>anno</strong></span> <span class='ocrx_word' id='word_1_306' title='bbox 759 2696 815 2753; x_wconf 87' lang='lat' dir='ltr'><strong>in</strong></span> <span class='ocrx_word' id='word_1_307' title='bbox 842 2697 1131 2767; x_wconf 87' lang='lat' dir='ltr'><strong>imperium</strong></span> <span class='ocrx_word' id='word_1_308' title='bbox 1160 2701 1447 2757; x_wconf 87' lang='lat' dir='ltr'><strong>successit.</strong></span> <span class='ocrx_word' id='word_1_309' title='bbox 1481 2700 1736 2772; x_wconf 87' lang='lat' dir='ltr'><strong>Idemque</strong></span> <span class='ocrx_word' id='word_1_310' title='bbox 1778 2718 1956 2759; x_wconf 89' lang='lat' dir='ltr'><strong>annus</strong></span> 
     </span>
    </p>
   </div>
   <div class='ocr_carea' id='block_1_47' title="bbox 387 2788 1955 2853">
    <p class='ocr_par' dir='ltr' id='par_1_47' title="bbox 387 2788 1955 2853">
     <span class='ocr_line' id='line_1_47' title="bbox 387 2788 1955 2853; baseline 0.008 -13"><span class='ocrx_word' id='word_1_311' title='bbox 387 2802 417 2840; x_wconf 91' lang='lat' dir='ltr'><strong>a</strong></span> <span class='ocrx_word' id='word_1_312' title='bbox 453 2788 740 2844; x_wconf 87' lang='lat' dir='ltr'><strong>nativitate</strong></span> <span class='ocrx_word' id='word_1_313' title='bbox 773 2789 978 2845; x_wconf 87' lang='lat' dir='ltr'><strong>Christi</strong></span> <span class='ocrx_word' id='word_1_314' title='bbox 1022 2805 1121 2846; x_wconf 86' lang='lat' dir='ltr'><strong>xm</strong></span> <span class='ocrx_word' id='word_1_315' title='bbox 1170 2794 1545 2850; x_wconf 81' lang='lat' dir='ltr'><strong>numerandus</strong></span> <span class='ocrx_word' id='word_1_316' title='bbox 1572 2802 1675 2852; x_wconf 91' lang='lat' dir='ltr'><strong>est.</strong></span> <span class='ocrx_word' id='word_1_317' title='bbox 1750 2795 1955 2853; x_wconf 90' lang='lat' dir='ltr'><strong>Octavo</strong></span> 
     </span>
    </p>
   </div>
   <div class='ocr_carea' id='block_1_48' title="bbox 384 2879 1955 2960">
    <p class='ocr_par' dir='ltr' id='par_1_48' title="bbox 384 2879 1955 2960">
     <span class='ocr_line' id='line_1_48' title="bbox 384 2879 1955 2960; baseline 0.007 -26"><span class='ocrx_word' id='word_1_318' title='bbox 384 2879 597 2936; x_wconf 90' lang='lat' dir='ltr'><strong>decimo</strong></span> <span class='ocrx_word' id='word_1_319' title='bbox 626 2896 770 2937; x_wconf 89' lang='lat' dir='ltr'><strong>anno</strong></span> <span class='ocrx_word' id='word_1_320' title='bbox 794 2880 1027 2939; x_wconf 85' lang='lat' dir='ltr'><strong>Herodis</strong></span> <span class='ocrx_word' id='word_1_321' title='bbox 1056 2885 1326 2956; x_wconf 69' lang='lat' dir='ltr'><strong>Agrippae,</strong></span> <span class='ocrx_word' id='word_1_322' title='bbox 1360 2885 1521 2942; x_wconf 81' lang='lat' dir='ltr'><strong>Jesus</strong></span> <span class='ocrx_word' id='word_1_323' title='bbox 1548 2886 1804 2945; x_wconf 88' lang='lat' dir='ltr'><strong>Christus</strong></span> <span class='ocrx_word' id='word_1_324' title='bbox 1828 2905 1955 2960; x_wconf 92' lang='lat' dir='ltr'><strong>pro-</strong></span> 
     </span>
    </p>
   </div>
   <div class='ocr_carea' id='block_1_49' title="bbox 381 2970 1949 3045">
    <p class='ocr_par' dir='ltr' id='par_1_49' title="bbox 381 2970 1949 3045">
     <span class='ocr_line' id='line_1_49' title="bbox 381 2970 1949 3045; baseline 0.006 -22"><span class='ocrx_word' id='word_1_325' title='bbox 381 2970 623 3041; x_wconf 89' lang='lat' dir='ltr'><strong>mulgare</strong></span> <span class='ocrx_word' id='word_1_326' title='bbox 672 2971 919 3027; x_wconf 88' lang='lat' dir='ltr'><strong>divinum</strong></span> <span class='ocrx_word' id='word_1_327' title='bbox 964 2974 1191 3028; x_wconf 81' lang='lat' dir='ltr'><strong>verbum</strong></span> <span class='ocrx_word' id='word_1_328' title='bbox 1248 2990 1538 3045; x_wconf 79' lang='lat' dir='ltr'><strong>aggressus</strong></span> <span class='ocrx_word' id='word_1_329' title='bbox 1594 2985 1699 3041; x_wconf 90' lang='lat' dir='ltr'><strong>est,</strong></span> <span class='ocrx_word' id='word_1_330' title='bbox 1732 2994 1798 3033; x_wconf 91' lang='lat' dir='ltr'><strong>ac</strong></span> <span class='ocrx_word' id='word_1_331' title='bbox 1827 2994 1949 3034; x_wconf 92' lang='lat' dir='ltr'><strong>cum</strong></span> 
     </span>
    </p>
   </div>
   <div class='ocr_carea' id='block_1_50' title="bbox 380 3052 1953 3131">
    <p class='ocr_par' dir='ltr' id='par_1_50' title="bbox 380 3052 1953 3131">
     <span class='ocr_line' id='line_1_50' title="bbox 380 3052 1953 3131; baseline 0.008 -17"><span class='ocrx_word' id='word_1_332' title='bbox 380 3054 611 3118; x_wconf 78' lang='lat' dir='ltr'><strong>Joannis</strong></span> <span class='ocrx_word' id='word_1_333' title='bbox 659 3052 930 3131; x_wconf 82' lang='lat' dir='ltr'><strong>baptismo</strong></span> <span class='ocrx_word' id='word_1_334' title='bbox 969 3064 1249 3131; x_wconf 89' lang='lat' dir='ltr'><strong>initiatur,</strong></span> <span class='ocrx_word' id='word_1_335' title='bbox 1282 3073 1395 3120; x_wconf 90' lang='lat' dir='ltr'><strong>tum</strong></span> <span class='ocrx_word' id='word_1_336' title='bbox 1429 3082 1631 3122; x_wconf 87' lang='lat' dir='ltr'><strong>annum</strong></span> <span class='ocrx_word' id='word_1_337' title='bbox 1679 3070 1831 3125; x_wconf 86' lang='lat' dir='ltr'><strong>illum</strong></span> <span class='ocrx_word' id='word_1_338' title='bbox 1860 3087 1953 3126; x_wconf 82' lang='lat' dir='ltr'><strong>ac-</strong></span> 
     </span>
    </p>
   </div>
   <div class='ocr_carea' id='block_1_51' title="bbox 382 3150 1955 3226">
    <p class='ocr_par' dir='ltr' id='par_1_51' title="bbox 382 3150 1955 3226">
     <span class='ocr_line' id='line_1_51' title="bbox 382 3150 1955 3226; baseline 0.009 -22"><span class='ocrx_word' id='word_1_339' title='bbox 382 3160 598 3221; x_wconf 88' lang='lat' dir='ltr'><strong>ceptum</strong></span> <span class='ocrx_word' id='word_1_340' title='bbox 643 3150 697 3209; x_wconf 87' lang='lat' dir='ltr'><strong>in</strong></span> <span class='ocrx_word' id='word_1_341' title='bbox 735 3167 798 3207; x_wconf 88' lang='lat' dir='ltr'><strong>ea</strong></span> <span class='ocrx_word' id='word_1_342' title='bbox 843 3155 1098 3223; x_wconf 71' lang='lat' dir='ltr'><strong>praeconii</strong></span> <span class='ocrx_word' id='word_1_343' title='bbox 1146 3154 1427 3211; x_wconf 74' lang='lat' dir='ltr'><strong>iunctione</strong></span> <span class='ocrx_word' id='word_1_344' title='bbox 1471 3163 1768 3226; x_wconf 83' lang='lat' dir='ltr'><strong>consumit,</strong></span> <span class='ocrx_word' id='word_1_345' title='bbox 1801 3164 1955 3219; x_wconf 85' lang='lat' dir='ltr'><strong>nullo</strong></span> 
     </span>
    </p>
   </div>
   <div class='ocr_carea' id='block_1_52' title="bbox 383 3237 1954 3319">
    <p class='ocr_par' dir='ltr' id='par_1_52' title="bbox 383 3237 1954 3319">
     <span class='ocr_line' id='line_1_52' title="bbox 383 3237 1954 3319; baseline 0.01 -26"><span class='ocrx_word' id='word_1_346' title='bbox 383 3255 562 3306; x_wconf 89' lang='lat' dir='ltr'><strong>neque</strong></span> <span class='ocrx_word' id='word_1_347' title='bbox 590 3237 923 3306; x_wconf 68' lang='lat' dir='ltr'><strong>Iudaeorum,</strong></span> <span class='ocrx_word' id='word_1_348' title='bbox 960 3257 1135 3312; x_wconf 89' lang='lat' dir='ltr'><strong>neque</strong></span> <span class='ocrx_word' id='word_1_349' title='bbox 1162 3245 1464 3314; x_wconf 86' lang='lat' dir='ltr'><strong>gentilium,</strong></span> <span class='ocrx_word' id='word_1_350' title='bbox 1497 3264 1673 3319; x_wconf 81' lang='lat' dir='ltr'><strong>neque</strong></span> <span class='ocrx_word' id='word_1_351' title='bbox 1719 3251 1954 3308; x_wconf 86' lang='lat' dir='ltr'><strong>Samari-</strong></span> 
     </span>
    </p>
   </div>
   <div class='ocr_carea' id='block_1_53' title="bbox 384 3334 1950 3412">
    <p class='ocr_par' dir='ltr' id='par_1_53' title="bbox 384 3334 1950 3412">
     <span class='ocr_line' id='line_1_53' title="bbox 384 3334 1950 3412; baseline 0.013 -29"><span class='ocrx_word' id='word_1_352' title='bbox 384 3338 671 3395; x_wconf 88' lang='lat' dir='ltr'><strong>tanorum,</strong></span> <span class='ocrx_word' id='word_1_353' title='bbox 710 3347 889 3402; x_wconf 88' lang='lat' dir='ltr'><strong>neque</strong></span> <span class='ocrx_word' id='word_1_354' title='bbox 926 3334 1152 3391; x_wconf 87' lang='lat' dir='ltr'><strong>alterius</strong></span> <span class='ocrx_word' id='word_1_355' title='bbox 1198 3337 1416 3405; x_wconf 88' lang='lat' dir='ltr'><strong>generis</strong></span> <span class='ocrx_word' id='word_1_356' title='bbox 1456 3353 1812 3412; x_wconf 88' lang='lat' dir='ltr'><strong>repugnante.</strong></span> <span class='ocrx_word' id='word_1_357' title='bbox 1850 3343 1950 3402; x_wconf 83' lang='lat' dir='ltr'><strong>Se-</strong></span> 
     </span>
    </p>
   </div>
   <div class='ocr_carea' id='block_1_54' title="bbox 379 3421 1954 3500">
    <p class='ocr_par' dir='ltr' id='par_1_54' title="bbox 379 3421 1954 3500">
     <span class='ocr_line' id='line_1_54' title="bbox 379 3421 1954 3500; baseline 0.01 -23"><span class='ocrx_word' id='word_1_358' title='bbox 379 3421 562 3477; x_wconf 90' lang='lat' dir='ltr'><strong>cundo</strong></span> <span class='ocrx_word' id='word_1_359' title='bbox 584 3423 839 3491; x_wconf 63' lang='lat' dir='ltr'><strong>praeconii</strong></span> <span class='ocrx_word' id='word_1_360' title='bbox 860 3424 1099 3480; x_wconf 75' lang='lat' dir='ltr'><strong>C(Blestis</strong></span> <span class='ocrx_word' id='word_1_361' title='bbox 1127 3440 1270 3482; x_wconf 89' lang='lat' dir='ltr'><strong>anno</strong></span> <span class='ocrx_word' id='word_1_362' title='bbox 1291 3431 1721 3500; x_wconf 88' lang='lat' dir='ltr'><strong>quamplurimos</strong></span> <span class='ocrx_word' id='word_1_363' title='bbox 1770 3436 1954 3495; x_wconf 77' lang='lat' dir='ltr'><strong>obtre-</strong></span> 
     </span>
    </p>
   </div>
   <div class='ocr_carea' id='block_1_55' title="bbox 380 3513 1949 3595">
    <p class='ocr_par' dir='ltr' id='par_1_55' title="bbox 380 3513 1949 3595">
     <span class='ocr_line' id='line_1_55' title="bbox 380 3513 1949 3595; baseline 0.011 -28"><span class='ocrx_word' id='word_1_364' title='bbox 380 3518 624 3568; x_wconf 85' lang='lat' dir='ltr'><strong>ctatores</strong></span> <span class='ocrx_word' id='word_1_365' title='bbox 654 3513 881 3583; x_wconf 87' lang='lat' dir='ltr'><strong>habuit;</strong></span> <span class='ocrx_word' id='word_1_366' title='bbox 917 3518 1244 3588; x_wconf 89' lang='lat' dir='ltr'><strong>quiquidem</strong></span> <span class='ocrx_word' id='word_1_367' title='bbox 1280 3519 1512 3579; x_wconf 88' lang='lat' dir='ltr'><strong>Herodis</strong></span> <span class='ocrx_word' id='word_1_368' title='bbox 1555 3526 1799 3594; x_wconf 90' lang='lat' dir='ltr'><strong>ejusdem</strong></span> <span class='ocrx_word' id='word_1_369' title='bbox 1835 3546 1949 3595; x_wconf 80' lang='lat' dir='ltr'><strong>xix,</strong></span> 
     </span>
    </p>
   </div>
   <div class='ocr_carea' id='block_1_56' title="bbox 381 3601 1951 3675">
    <p class='ocr_par' dir='ltr' id='par_1_56' title="bbox 381 3601 1951 3675">
     <span class='ocr_line' id='line_1_56' title="bbox 381 3601 1951 3675; baseline 0.012 -18"><span class='ocrx_word' id='word_1_370' title='bbox 381 3601 590 3661; x_wconf 82' lang='lat' dir='ltr'><strong>Christi</strong></span> <span class='ocrx_word' id='word_1_371' title='bbox 631 3619 784 3657; x_wconf 83' lang='lat' dir='ltr'><strong>xxxn</strong></span> <span class='ocrx_word' id='word_1_372' title='bbox 820 3608 1047 3662; x_wconf 81' lang='lat' dir='ltr'><strong>exstitit.</strong></span> <span class='ocrx_word' id='word_1_373' title='bbox 1082 3607 1306 3664; x_wconf 87' lang='lat' dir='ltr'><strong>Demum</strong></span> <span class='ocrx_word' id='word_1_374' title='bbox 1353 3628 1421 3666; x_wconf 86' lang='lat' dir='ltr'><strong>xx</strong></span> <span class='ocrx_word' id='word_1_375' title='bbox 1463 3617 1751 3672; x_wconf 63' lang='lat' dir='ltr'><strong>tetrarchae</strong></span> <span class='ocrx_word' id='word_1_376' title='bbox 1778 3619 1951 3675; x_wconf 84' lang='lat' dir='ltr'><strong>Hero-</strong></span> 
     </span>
    </p>
   </div>
   <div class='ocr_carea' id='block_1_57' title="bbox 382 3690 1948 3778">
    <p class='ocr_par' dir='ltr' id='par_1_57' title="bbox 382 3690 1948 3778">
     <span class='ocr_line' id='line_1_57' title="bbox 382 3690 1948 3778; baseline 0.013 -32"><span class='ocrx_word' id='word_1_377' title='bbox 382 3690 470 3747; x_wconf 85' lang='lat' dir='ltr'><strong>dis</strong></span> <span class='ocrx_word' id='word_1_378' title='bbox 500 3706 645 3747; x_wconf 89' lang='lat' dir='ltr'><strong>anno</strong></span> <span class='ocrx_word' id='word_1_379' title='bbox 678 3691 930 3751; x_wconf 87' lang='lat' dir='ltr'><strong>Christus</strong></span> <span class='ocrx_word' id='word_1_380' title='bbox 961 3695 1221 3757; x_wconf 91' lang='lat' dir='ltr'><strong>Dominus</strong></span> <span class='ocrx_word' id='word_1_381' title='bbox 1255 3702 1325 3757; x_wconf 90' lang='lat' dir='ltr'><strong>ob</strong></span> <span class='ocrx_word' id='word_1_382' title='bbox 1358 3704 1580 3760; x_wconf 85' lang='lat' dir='ltr'><strong>humani</strong></span> <span class='ocrx_word' id='word_1_383' title='bbox 1613 3712 1829 3778; x_wconf 85' lang='lat' dir='ltr'><strong>generis</strong></span> <span class='ocrx_word' id='word_1_384' title='bbox 1859 3728 1948 3767; x_wconf 91' lang='lat' dir='ltr'><strong>sa-</strong></span> 
     </span>
    </p>
   </div>
   <div class='ocr_carea' id='block_1_58' title="bbox 382 3782 1953 3869">
    <p class='ocr_par' dir='ltr' id='par_1_58' title="bbox 382 3782 1953 3869">
     <span class='ocr_line' id='line_1_58' title="bbox 382 3782 1953 3869; baseline 0.013 -32"><span class='ocrx_word' id='word_1_385' title='bbox 382 3782 555 3841; x_wconf 87' lang='lat' dir='ltr'><strong>lutem</strong></span> <span class='ocrx_word' id='word_1_386' title='bbox 589 3797 806 3855; x_wconf 87' lang='lat' dir='ltr'><strong>passus,</strong></span> <span class='ocrx_word' id='word_1_387' title='bbox 848 3795 1011 3857; x_wconf 86' lang='lat' dir='ltr'><strong>atque</strong></span> <span class='ocrx_word' id='word_1_388' title='bbox 1052 3790 1239 3845; x_wconf 80' lang='lat' dir='ltr'><strong>eodem</strong></span> <span class='ocrx_word' id='word_1_389' title='bbox 1292 3803 1537 3865; x_wconf 89' lang='lat' dir='ltr'><strong>tempore</strong></span> <span class='ocrx_word' id='word_1_390' title='bbox 1578 3798 1711 3852; x_wconf 91' lang='lat' dir='ltr'><strong>nihil</strong></span> <span class='ocrx_word' id='word_1_391' title='bbox 1755 3816 1953 3869; x_wconf 86' lang='lat' dir='ltr'><strong>passus</strong></span> 
     </span>
    </p>
   </div>
   <div class='ocr_carea' id='block_1_59' title="bbox 379 3875 1951 3960">
    <p class='ocr_par' dir='ltr' id='par_1_59' title="bbox 379 3875 1951 3960">
     <span class='ocr_line' id='line_1_59' title="bbox 379 3875 1951 3960; baseline 0.01 -29"><span class='ocrx_word' id='word_1_392' title='bbox 379 3875 628 3949; x_wconf 56' lang='lat' dir='ltr'><strong>“est:</strong></span> <span class='ocrx_word' id='word_1_393' title='bbox 660 3885 774 3932; x_wconf 89' lang='lat' dir='ltr'><strong>tum</strong></span> <span class='ocrx_word' id='word_1_394' title='bbox 808 3893 933 3935; x_wconf 86' lang='lat' dir='ltr'><strong>cum</strong></span> <span class='ocrx_word' id='word_1_395' title='bbox 978 3891 1208 3938; x_wconf 88' lang='lat' dir='ltr'><strong>mortem</strong></span> <span class='ocrx_word' id='word_1_396' title='bbox 1241 3884 1538 3957; x_wconf 88' lang='lat' dir='ltr'><strong>degustans</strong></span> <span class='ocrx_word' id='word_1_397' title='bbox 1581 3890 1757 3960; x_wconf 91' lang='lat' dir='ltr'><strong>ipsum</strong></span> <span class='ocrx_word' id='word_1_398' title='bbox 1791 3894 1951 3947; x_wconf 88' lang='lat' dir='ltr'><strong>etiam</strong></span> 
     </span>
    </p>
   </div>
   <div class='ocr_carea' id='block_1_60' title="bbox 388 3969 1952 4051">
    <p class='ocr_par' dir='ltr' id='par_1_60' title="bbox 388 3969 1952 4051">
     <span class='ocr_line' id='line_1_60' title="bbox 388 3969 1952 4051; baseline 0.008 -28"><span class='ocrx_word' id='word_1_399' title='bbox 388 3969 574 4024; x_wconf 86' lang='lat' dir='ltr'><strong>crucis</strong></span> <span class='ocrx_word' id='word_1_400' title='bbox 619 3970 949 4041; x_wconf 88' lang='lat' dir='ltr'><strong>supplicium</strong></span> <span class='ocrx_word' id='word_1_401' title='bbox 994 3972 1193 4038; x_wconf 89' lang='lat' dir='ltr'><strong>subiit,</strong></span> <span class='ocrx_word' id='word_1_402' title='bbox 1235 3991 1361 4031; x_wconf 90' lang='lat' dir='ltr'><strong>cum</strong></span> <span class='ocrx_word' id='word_1_403' title='bbox 1404 3978 1620 4033; x_wconf 89' lang='lat' dir='ltr'><strong>interim</strong></span> <span class='ocrx_word' id='word_1_404' title='bbox 1663 3981 1798 4035; x_wconf 88' lang='lat' dir='ltr'><strong>nihil</strong></span> <span class='ocrx_word' id='word_1_405' title='bbox 1836 3982 1952 4051; x_wconf 89' lang='lat' dir='ltr'><strong>ipsa</strong></span> 
     </span>
    </p>
   </div>
   <div class='ocr_carea' id='block_1_61' title="bbox 380 4058 1949 4141">
    <p class='ocr_par' dir='ltr' id='par_1_61' title="bbox 380 4058 1949 4141">
     <span class='ocr_line' id='line_1_61' title="bbox 380 4058 1949 4141; baseline 0.01 -29"><span class='ocrx_word' id='word_1_406' title='bbox 380 4058 668 4117; x_wconf 87' lang='lat' dir='ltr'><strong>divinitate</strong></span> <span class='ocrx_word' id='word_1_407' title='bbox 724 4069 1023 4130; x_wconf 88' lang='lat' dir='ltr'><strong>pateretur.</strong></span> <span class='ocrx_word' id='word_1_408' title='bbox 1073 4063 1282 4123; x_wconf 77' lang='lat' dir='ltr'><strong>Christo</strong></span> <span class='ocrx_word' id='word_1_409' title='bbox 1323 4069 1483 4131; x_wconf 81' lang='lat' dir='ltr'><strong>enim,</strong></span> <span class='ocrx_word' id='word_1_410' title='bbox 1531 4069 1606 4123; x_wconf 92' lang='lat' dir='ltr'><strong>ait</strong></span> <span class='ocrx_word' id='word_1_411' title='bbox 1648 4070 1949 4141; x_wconf 88' lang='lat' dir='ltr'><strong>Scriptura,</strong></span> 
     </span>
    </p>
   </div>
   <div class='ocr_carea' id='block_1_62' title="bbox 377 4154 1951 4232">
    <p class='ocr_par' dir='ltr' id='par_1_62' title="bbox 377 4154 1951 4232">
     <span class='ocr_line' id='line_1_62' title="bbox 377 4154 1951 4232; baseline 0.01 -30"><span class='ocrx_word' id='word_1_412' title='bbox 377 4166 474 4219; x_wconf 82' lang='lat' dir='ltr'><strong>pro</strong></span> <span class='ocrx_word' id='word_1_413' title='bbox 495 4154 645 4206; x_wconf 83' lang='lat' dir='ltr'><strong>nobis</strong></span> <span class='ocrx_word' id='word_1_414' title='bbox 674 4154 728 4205; x_wconf 86' lang='lat' dir='ltr'><strong>in</strong></span> <span class='ocrx_word' id='word_1_415' title='bbox 748 4169 906 4207; x_wconf 75' lang='lat' dir='ltr'><strong>carne</strong></span> <span class='ocrx_word' id='word_1_416' title='bbox 925 4156 1140 4218; x_wconf 76' lang='lat' dir='ltr'><strong>passo‘.</strong></span> <span class='ocrx_word' id='word_1_417' title='bbox 1169 4155 1519 4229; x_wconf 82' lang='lat' dir='ltr'><strong>Rursumque</strong></span> <span class='ocrx_word' id='word_1_418' title='bbox 1551 4177 1564 4213; x_wconf 89' lang='lat'><strong>:</strong></span> <span class='ocrx_word' id='word_1_419' title='bbox 1589 4161 1951 4232; x_wconf 79' lang='lat' dir='ltr'><strong>Mortiﬁcatus</strong></span> 
     </span>
    </p>
   </div>
   <div class='ocr_carea' id='block_1_63' title="bbox 376 4245 1947 4323">
    <p class='ocr_par' dir='ltr' id='par_1_63' title="bbox 376 4245 1947 4323">
     <span class='ocr_line' id='line_1_63' title="bbox 376 4245 1947 4323; baseline 0.01 -28"><span class='ocrx_word' id='word_1_420' title='bbox 376 4259 557 4308; x_wconf 85' lang='lat' dir='ltr'><strong>carne,</strong></span> <span class='ocrx_word' id='word_1_421' title='bbox 591 4245 890 4311; x_wconf 81' lang='lat' dir='ltr'><strong>viviﬁcatus</strong></span> <span class='ocrx_word' id='word_1_422' title='bbox 915 4254 1091 4299; x_wconf 84' lang='lat' dir='ltr'><strong>autem</strong></span> <span class='ocrx_word' id='word_1_423' title='bbox 1111 4248 1301 4307; x_wconf 76' lang='lat' dir='ltr'><strong>spiritu</strong></span> <span class='ocrx_word' id='word_1_424' title='bbox 1324 4250 1365 4314; x_wconf 83' lang='grc'>¹,</span> <span class='ocrx_word' id='word_1_425' title='bbox 1388 4258 1446 4303; x_wconf 87' lang='lat' dir='ltr'><strong>et</strong></span> <span class='ocrx_word' id='word_1_426' title='bbox 1475 4267 1595 4321; x_wconf 72' lang='lat' dir='ltr'><strong>qua:</strong></span> <span class='ocrx_word' id='word_1_427' title='bbox 1624 4256 1947 4323; x_wconf 81' lang='lat' dir='ltr'><strong>sequuntur.</strong></span> 
     </span>
    </p>
   </div>
   <div class='ocr_carea' id='block_1_64' title="bbox 2064 1807 3655 1880">
    <p class='ocr_par' dir='ltr' id='par_1_64' title="bbox 2064 1807 3655 1880">
     <span class='ocr_line' id='line_1_64' title="bbox 2064 1807 3655 1880; baseline 0.004 -19"><span class='ocrx_word' id='word_1_428' title='bbox 2064 1807 2093 1861; x_wconf 86' lang='grc' dir='ltr'>ὁ</span> <span class='ocrx_word' id='word_1_429' title='bbox 2119 1808 2308 1880; x_wconf 83' lang='grc' dir='ltr'>Σωτὴρ</span> <span class='ocrx_word' id='word_1_430' title='bbox 2338 1809 2392 1862; x_wconf 81' lang='grc' dir='ltr'>ὲν</span> <span class='ocrx_word' id='word_1_431' title='bbox 2422 1808 2665 1880; x_wconf 84' lang='grc' dir='ltr'>Βηθλεὲμ</span> <span class='ocrx_word' id='word_1_432' title='bbox 2690 1810 2788 1880; x_wconf 79' lang='grc' dir='ltr'>τῆς</span> <span class='ocrx_word' id='word_1_433' title='bbox 2808 1811 3087 1875; x_wconf 86' lang='grc' dir='ltr'>Ἰουδαίας.</span> <span class='ocrx_word' id='word_1_434' title='bbox 3110 1814 3338 1867; x_wconf 84' lang='grc' dir='ltr'>Κάτεισι</span> <span class='ocrx_word' id='word_1_435' title='bbox 3358 1814 3526 1878; x_wconf 58' lang='grc' dir='ltr'>δὲιείς</span> <span class='ocrx_word' id='word_1_436' title='bbox 3552 1813 3655 1867; x_wconf 75' lang='grc' dir='ltr'><strong>Αε-</strong></span> 
     </span>
    </p>
   </div>
   <div class='ocr_carea' id='block_1_65' title="bbox 2062 1898 3648 1975">
    <p class='ocr_par' dir='ltr' id='par_1_65' title="bbox 2062 1898 3648 1975">
     <span class='ocr_line' id='line_1_65' title="bbox 2062 1898 3648 1975; baseline -0.001 -22"><span class='ocrx_word' id='word_1_437' title='bbox 2062 1916 2268 1968; x_wconf 87' lang='grc' dir='ltr'>γυπτον</span> <span class='ocrx_word' id='word_1_438' title='bbox 2310 1898 2387 1969; x_wconf 87' lang='grc' dir='ltr'><strong>τῷ</strong></span> <span class='ocrx_word' id='word_1_439' title='bbox 2432 1898 2738 1971; x_wconf 82' lang='grc' dir='ltr'>τριακοστῷ</span> <span class='ocrx_word' id='word_1_440' title='bbox 2791 1898 2899 1952; x_wconf 71' lang='grc' dir='ltr'>ἔτει</span> <span class='ocrx_word' id='word_1_441' title='bbox 2947 1903 3042 1955; x_wconf 76' lang='grc' dir='ltr'><strong>καὶ</strong></span> <span class='ocrx_word' id='word_1_442' title='bbox 3078 1902 3313 1974; x_wconf 84' lang='grc' dir='ltr'>πέμπτῳ</span> <span class='ocrx_word' id='word_1_443' title='bbox 3351 1902 3648 1975; x_wconf 75' lang='grc' dir='ltr'>Ἡρώδου·</span> 
     </span>
    </p>
   </div>
   <div class='ocr_carea' id='block_1_66' title="bbox 2062 1991 3652 2067">
    <p class='ocr_par' dir='ltr' id='par_1_66' title="bbox 2062 1991 3652 2067">
     <span class='ocr_line' id='line_1_66' title="bbox 2062 1991 3652 2067; baseline 0.002 -21"><span class='ocrx_word' id='word_1_444' title='bbox 2062 1992 2233 2046; x_wconf 82' lang='grc' dir='ltr'>ἄνεισι</span> <span class='ocrx_word' id='word_1_445' title='bbox 2275 1991 2330 2047; x_wconf 77' lang='grc' dir='ltr'>δὲ</span> <span class='ocrx_word' id='word_1_446' title='bbox 2375 1991 2482 2044; x_wconf 86' lang='grc' dir='ltr'><strong>ἀπὸ</strong></span> <span class='ocrx_word' id='word_1_447' title='bbox 2513 1992 2612 2061; x_wconf 86' lang='grc' dir='ltr'><strong>τῆς</strong></span> <span class='ocrx_word' id='word_1_448' title='bbox 2638 1994 2911 2061; x_wconf 78' lang='grc' dir='ltr'>Αἰγύπτου</span> <span class='ocrx_word' id='word_1_449' title='bbox 2946 1993 3084 2064; x_wconf 85' lang='grc' dir='ltr'>μετὰ</span> <span class='ocrx_word' id='word_1_450' title='bbox 3129 1995 3228 2064; x_wconf 87' lang='grc' dir='ltr'><strong>τὴν</strong></span> <span class='ocrx_word' id='word_1_451' title='bbox 3271 1995 3517 2067; x_wconf 86' lang='grc' dir='ltr'>Ἡρώδου</span> <span class='ocrx_word' id='word_1_452' title='bbox 3556 2012 3652 2049; x_wconf 86' lang='grc' dir='ltr'>τε-</span> 
     </span>
    </p>
   </div>
   <div class='ocr_carea' id='block_1_67' title="bbox 2060 2082 3651 2158">
    <p class='ocr_par' dir='ltr' id='par_1_67' title="bbox 2060 2082 3651 2158">
     <span class='ocr_line' id='line_1_67' title="bbox 2060 2082 3651 2158; baseline 0.006 -25"><span class='ocrx_word' id='word_1_453' title='bbox 2060 2082 2275 2152; x_wconf 86' lang='grc' dir='ltr'>λευτήν.</span> <span class='ocrx_word' id='word_1_454' title='bbox 2306 2082 2397 2134; x_wconf 82' lang='grc' dir='ltr'>Διὸ</span> <span class='ocrx_word' id='word_1_455' title='bbox 2429 2083 2521 2136; x_wconf 76' lang='grc' dir='ltr'><strong>ἐπὶ</strong></span> <span class='ocrx_word' id='word_1_456' title='bbox 2547 2083 2839 2155; x_wconf 80' lang='grc' dir='ltr'>τριάκοντα</span> <span class='ocrx_word' id='word_1_457' title='bbox 2882 2086 2975 2139; x_wconf 79' lang='grc' dir='ltr'>καὶ</span> <span class='ocrx_word' id='word_1_458' title='bbox 3005 2086 3142 2139; x_wconf 79' lang='grc' dir='ltr'>ἐπτά</span> <span class='ocrx_word' id='word_1_459' title='bbox 3167 2085 3312 2140; x_wconf 73' lang='grc' dir='ltr'>ἔτεσι</span> <span class='ocrx_word' id='word_1_460' title='bbox 3339 2088 3441 2157; x_wconf 79' lang='grc' dir='ltr'>τῆς</span> <span class='ocrx_word' id='word_1_461' title='bbox 3470 2088 3651 2158; x_wconf 73' lang='grc' dir='ltr'>αὐτῆς</span> 
     </span>
    </p>
   </div>
   <div class='ocr_carea' id='block_1_68' title="bbox 2058 2171 3647 2249">
    <p class='ocr_par' dir='ltr' id='par_1_68' title="bbox 2058 2171 3647 2249">
     <span class='ocr_line' id='line_1_68' title="bbox 2058 2171 3647 2249; baseline 0.003 -22"><span class='ocrx_word' id='word_1_462' title='bbox 2058 2171 2154 2227; x_wconf 81' lang='grc' dir='ltr'>τοῦ</span> <span class='ocrx_word' id='word_1_463' title='bbox 2200 2171 2439 2245; x_wconf 83' lang='grc' dir='ltr'>Ἡρώδου</span> <span class='ocrx_word' id='word_1_464' title='bbox 2470 2173 2642 2246; x_wconf 80' lang='grc' dir='ltr'>ἀρχῆς</span> <span class='ocrx_word' id='word_1_465' title='bbox 2687 2171 2754 2247; x_wconf 80' lang='grc' dir='ltr'>ἦν</span> <span class='ocrx_word' id='word_1_466' title='bbox 2803 2178 2831 2230; x_wconf 85' lang='grc' dir='ltr'><strong>ὁ</strong></span> <span class='ocrx_word' id='word_1_467' title='bbox 2875 2180 3002 2241; x_wconf 88' lang='grc' dir='ltr'>παῖς</span> <span class='ocrx_word' id='word_1_468' title='bbox 3026 2178 3308 2249; x_wconf 81' lang='grc' dir='ltr'>τεσσάρων</span> <span class='ocrx_word' id='word_1_469' title='bbox 3342 2178 3647 2232; x_wconf 80' lang='grc' dir='ltr'>ἐτῶν.”οτε</span> 
     </span>
    </p>
   </div>
   <div class='ocr_carea' id='block_1_69' title="bbox 2071 2263 3648 2341">
    <p class='ocr_par' dir='ltr' id='par_1_69' title="bbox 2071 2263 3648 2341">
     <span class='ocr_line' id='line_1_69' title="bbox 2071 2263 3648 2341; baseline 0.003 -24"><span class='ocrx_word' id='word_1_470' title='bbox 2071 2263 2335 2335; x_wconf 79' lang='grc' dir='ltr'>Ἡρώδης,</span> <span class='ocrx_word' id='word_1_471' title='bbox 2370 2268 2807 2337; x_wconf 82' lang='grc' dir='ltr'>τριακονταεπτά</span> <span class='ocrx_word' id='word_1_472' title='bbox 2834 2267 2927 2340; x_wconf 77' lang='grc' dir='ltr'>ἔτη</span> <span class='ocrx_word' id='word_1_473' title='bbox 2962 2267 3275 2340; x_wconf 82' lang='grc' dir='ltr'>πληρώσας,</span> <span class='ocrx_word' id='word_1_474' title='bbox 3301 2269 3648 2341; x_wconf 74' lang='grc' dir='ltr'>κατέστρεψε</span> 
     </span>
    </p>
   </div>
   <div class='ocr_carea' id='block_1_70' title="bbox 2058 2355 3647 2432">
    <p class='ocr_par' dir='ltr' id='par_1_70' title="bbox 2058 2355 3647 2432">
     <span class='ocr_line' id='line_1_70' title="bbox 2058 2355 3647 2432; baseline 0.004 -24"><span class='ocrx_word' id='word_1_475' title='bbox 2058 2355 2150 2408; x_wconf 81' lang='grc' dir='ltr'><strong>τὸν</strong></span> <span class='ocrx_word' id='word_1_476' title='bbox 2175 2355 2307 2425; x_wconf 88' lang='grc' dir='ltr'>βίον.</span> <span class='ocrx_word' id='word_1_477' title='bbox 2333 2357 2622 2427; x_wconf 86' lang='grc' dir='ltr'>Ἀρχέλαος</span> <span class='ocrx_word' id='word_1_478' title='bbox 2658 2358 2712 2412; x_wconf 83' lang='grc' dir='ltr'>δὲ</span> <span class='ocrx_word' id='word_1_479' title='bbox 2742 2358 2894 2413; x_wconf 76' lang='grc' dir='ltr'>ἐννέα</span> <span class='ocrx_word' id='word_1_480' title='bbox 2929 2360 3021 2431; x_wconf 78' lang='grc' dir='ltr'>ἐτη</span> <span class='ocrx_word' id='word_1_481' title='bbox 3050 2360 3343 2429; x_wconf 83' lang='grc' dir='ltr'>βασιλεύει,</span> <span class='ocrx_word' id='word_1_482' title='bbox 3366 2355 3428 2415; x_wconf 77' lang='grc' dir='ltr'>οὗ</span> <span class='ocrx_word' id='word_1_483' title='bbox 3454 2363 3512 2413; x_wconf 78' lang='grc' dir='ltr'>ὲν</span> <span class='ocrx_word' id='word_1_484' title='bbox 3541 2362 3647 2432; x_wconf 85' lang='grc' dir='ltr'>ἀρ-</span> 
     </span>
    </p>
   </div>
   <div class='ocr_carea' id='block_1_71' title="bbox 2060 2445 3646 2523">
    <p class='ocr_par' dir='ltr' id='par_1_71' title="bbox 2060 2445 3646 2523">
     <span class='ocr_line' id='line_1_71' title="bbox 2060 2445 3646 2523; baseline -0.004 -12"><span class='ocrx_word' id='word_1_485' title='bbox 2060 2447 2126 2516; x_wconf 76' lang='grc' dir='ltr'>Χῇ</span> <span class='ocrx_word' id='word_1_486' title='bbox 2155 2445 2253 2515; x_wconf 83' lang='grc' dir='ltr'><strong>τῆς</strong></span> <span class='ocrx_word' id='word_1_487' title='bbox 2279 2445 2553 2517; x_wconf 81' lang='grc' dir='ltr'>βασιλείας</span> <span class='ocrx_word' id='word_1_488' title='bbox 2582 2446 2739 2515; x_wconf 78' lang='grc' dir='ltr'>ἐξιὼν</span> <span class='ocrx_word' id='word_1_489' title='bbox 2764 2450 2964 2523; x_wconf 78' lang='grc' dir='ltr'>Ἰωσὴφ</span> <span class='ocrx_word' id='word_1_490' title='bbox 2999 2451 3094 2505; x_wconf 83' lang='grc' dir='ltr'>ἀπ’</span> <span class='ocrx_word' id='word_1_491' title='bbox 3118 2451 3395 2519; x_wconf 78' lang='grc' dir='ltr'>Αἰγύπτου</span> <span class='ocrx_word' id='word_1_492' title='bbox 3432 2452 3553 2522; x_wconf 79' lang='grc' dir='ltr'><strong>ἅμα</strong></span> <span class='ocrx_word' id='word_1_493' title='bbox 3577 2454 3646 2522; x_wconf 79' lang='grc' dir='ltr'>τῇ</span> 
     </span>
    </p>
   </div>
   <div class='ocr_carea' id='block_1_72' title="bbox 2058 2538 3644 2613">
    <p class='ocr_par' dir='ltr' id='par_1_72' title="bbox 2058 2538 3644 2613">
     <span class='ocr_line' id='line_1_72' title="bbox 2058 2538 3644 2613; baseline 0.003 -21"><span class='ocrx_word' id='word_1_494' title='bbox 2058 2540 2247 2610; x_wconf 77' lang='grc' dir='ltr'>Μαρία</span> <span class='ocrx_word' id='word_1_495' title='bbox 2279 2539 2372 2593; x_wconf 74' lang='grc' dir='ltr'><strong>καὶ</strong></span> <span class='ocrx_word' id='word_1_496' title='bbox 2417 2539 2496 2610; x_wconf 88' lang='grc' dir='ltr'><strong>τῷ</strong></span> <span class='ocrx_word' id='word_1_497' title='bbox 2542 2538 2711 2606; x_wconf 78' lang='grc' dir='ltr'>παιδὶ,</span> <span class='ocrx_word' id='word_1_498' title='bbox 2755 2541 2993 2606; x_wconf 87' lang='grc' dir='ltr'>ἀκούσας</span> <span class='ocrx_word' id='word_1_499' title='bbox 3032 2544 3123 2597; x_wconf 81' lang='grc' dir='ltr'>τὸν</span> <span class='ocrx_word' id='word_1_500' title='bbox 3142 2543 3434 2613; x_wconf 79' lang='grc' dir='ltr'>Ἀρχέλαον</span> <span class='ocrx_word' id='word_1_501' title='bbox 3481 2543 3644 2612; x_wconf 84' lang='grc' dir='ltr'>βασι-</span> 
     </span>
    </p>
   </div>
   <div class='ocr_carea' id='block_1_73' title="bbox 2057 2628 3645 2705">
    <p class='ocr_par' dir='ltr' id='par_1_73' title="bbox 2057 2628 3645 2705">
     <span class='ocr_line' id='line_1_73' title="bbox 2057 2628 3645 2705; baseline 0.003 -24"><span class='ocrx_word' id='word_1_502' title='bbox 2057 2628 2250 2686; x_wconf 89' lang='grc' dir='ltr'>λεύειν.</span> <span class='ocrx_word' id='word_1_503' title='bbox 2284 2630 2627 2701; x_wconf 84' lang='grc' dir='ltr'>ἀνεχώρησεν</span> <span class='ocrx_word' id='word_1_504' title='bbox 2669 2632 2748 2693; x_wconf 86' lang='grc' dir='ltr'><strong>είς</strong></span> <span class='ocrx_word' id='word_1_505' title='bbox 2792 2632 2859 2685; x_wconf 87' lang='grc' dir='ltr'><strong>τά</strong></span> <span class='ocrx_word' id='word_1_506' title='bbox 2898 2633 3036 2705; x_wconf 89' lang='grc' dir='ltr'>μέρη</span> <span class='ocrx_word' id='word_1_507' title='bbox 3072 2633 3172 2704; x_wconf 83' lang='grc' dir='ltr'><strong>τῆς</strong></span> <span class='ocrx_word' id='word_1_508' title='bbox 3196 2634 3507 2699; x_wconf 80' lang='grc' dir='ltr'>Γαλιλαίας,</span> <span class='ocrx_word' id='word_1_509' title='bbox 3544 2635 3645 2687; x_wconf 77' lang='grc' dir='ltr'>καὶ</span> 
     </span>
    </p>
   </div>
   <div class='ocr_carea' id='block_1_74' title="bbox 2059 2720 3643 2796">
    <p class='ocr_par' dir='ltr' id='par_1_74' title="bbox 2059 2720 3643 2796">
     <span class='ocr_line' id='line_1_74' title="bbox 2059 2720 3643 2796; baseline 0.003 -23"><span class='ocrx_word' id='word_1_510' title='bbox 2059 2720 2348 2792; x_wconf 81' lang='grc' dir='ltr'>κατῴκησε</span> <span class='ocrx_word' id='word_1_511' title='bbox 2380 2722 2498 2774; x_wconf 87' lang='grc' dir='ltr'>τότε</span> <span class='ocrx_word' id='word_1_512' title='bbox 2523 2723 2603 2785; x_wconf 87' lang='grc' dir='ltr'><strong>εἰς</strong></span> <span class='ocrx_word' id='word_1_513' title='bbox 2630 2722 2902 2794; x_wconf 80' lang='grc' dir='ltr'>Ναζαρέτ.</span> <span class='ocrx_word' id='word_1_514' title='bbox 2931 2724 3223 2796; x_wconf 84' lang='grc' dir='ltr'>Ἀρχέλαος</span> <span class='ocrx_word' id='word_1_515' title='bbox 3266 2726 3322 2778; x_wconf 84' lang='grc' dir='ltr'>δὲ</span> <span class='ocrx_word' id='word_1_516' title='bbox 3354 2727 3522 2796; x_wconf 82' lang='grc' dir='ltr'>γεννᾷ</span> <span class='ocrx_word' id='word_1_517' title='bbox 3549 2726 3643 2778; x_wconf 83' lang='grc' dir='ltr'><strong>τὸν</strong></span> 
     </span>
    </p>
   </div>
   <div class='ocr_carea' id='block_1_75' title="bbox 2068 2810 3644 2888">
    <p class='ocr_par' dir='ltr' id='par_1_75' title="bbox 2068 2810 3644 2888">
     <span class='ocr_line' id='line_1_75' title="bbox 2068 2810 3644 2888; baseline 0.004 -25"><span class='ocrx_word' id='word_1_518' title='bbox 2068 2810 2314 2883; x_wconf 82' lang='grc' dir='ltr'>Ἡρώδην</span> <span class='ocrx_word' id='word_1_519' title='bbox 2365 2812 2455 2866; x_wconf 84' lang='grc' dir='ltr'><strong>τὸν</strong></span> <span class='ocrx_word' id='word_1_520' title='bbox 2503 2813 2783 2884; x_wconf 88' lang='grc' dir='ltr'>νεώτερον.</span> <span class='ocrx_word' id='word_1_521' title='bbox 2816 2817 2926 2869; x_wconf 76' lang='grc' dir='ltr'><strong>Καὶ</strong></span> <span class='ocrx_word' id='word_1_522' title='bbox 2972 2816 3245 2884; x_wconf 84' lang='grc' dir='ltr'>βασιλεύει</span> <span class='ocrx_word' id='word_1_523' title='bbox 3280 2818 3531 2888; x_wconf 83' lang='grc' dir='ltr'>Ἡρώδης</span> <span class='ocrx_word' id='word_1_524' title='bbox 3565 2817 3644 2888; x_wconf 82' lang='grc' dir='ltr'><strong>τῷ</strong></span> 
     </span>
    </p>
   </div>
   <div class='ocr_carea' id='block_1_76' title="bbox 2057 2898 3642 2976">
    <p class='ocr_par' dir='ltr' id='par_1_76' title="bbox 2057 2898 3642 2976">
     <span class='ocr_line' id='line_1_76' title="bbox 2057 2898 3642 2976; baseline 0.006 -25"><span class='ocrx_word' id='word_1_525' title='bbox 2057 2899 2262 2969; x_wconf 86' lang='grc' dir='ltr'>ὲννάτῳ</span> <span class='ocrx_word' id='word_1_526' title='bbox 2290 2898 2399 2959; x_wconf 75' lang='grc' dir='ltr'>ἔτει</span> <span class='ocrx_word' id='word_1_527' title='bbox 2427 2900 2526 2971; x_wconf 81' lang='grc' dir='ltr'><strong>τῆς</strong></span> <span class='ocrx_word' id='word_1_528' title='bbox 2557 2901 2650 2954; x_wconf 79' lang='grc' dir='ltr'>τοῦ</span> <span class='ocrx_word' id='word_1_529' title='bbox 2680 2902 2882 2974; x_wconf 84' lang='grc' dir='ltr'>πατρὸς</span> <span class='ocrx_word' id='word_1_530' title='bbox 2905 2903 3199 2976; x_wconf 83' lang='grc' dir='ltr'>Ἀρχελάου</span> <span class='ocrx_word' id='word_1_531' title='bbox 3235 2905 3512 2976; x_wconf 82' lang='grc' dir='ltr'>βασιλείας</span> <span class='ocrx_word' id='word_1_532' title='bbox 3542 2925 3642 2960; x_wconf 81' lang='grc' dir='ltr'>κα-</span> 
     </span>
    </p>
   </div>
   <div class='ocr_carea' id='block_1_77' title="bbox 1978 2990 3643 3069">
    <p class='ocr_par' dir='ltr' id='par_1_77' title="bbox 1978 2990 3643 3069">
     <span class='ocr_line' id='line_1_77' title="bbox 1978 2990 3643 3069; baseline 0.006 -27"><span class='ocrx_word' id='word_1_533' title='bbox 1978 3011 2021 3068; x_wconf 77' lang='lat' dir='ltr'>c</span> <span class='ocrx_word' id='word_1_534' title='bbox 2056 2990 2122 3043; x_wconf 84' lang='grc' dir='ltr'><strong>τά</strong></span> <span class='ocrx_word' id='word_1_535' title='bbox 2151 2991 2422 3063; x_wconf 87' lang='grc' dir='ltr'>διαδοχήν.</span> <span class='ocrx_word' id='word_1_536' title='bbox 2455 2992 2565 3045; x_wconf 77' lang='grc' dir='ltr'><strong>Καὶ</strong></span> <span class='ocrx_word' id='word_1_537' title='bbox 2612 2994 2804 3063; x_wconf 83' lang='grc' dir='ltr'>γέγονε</span> <span class='ocrx_word' id='word_1_538' title='bbox 2847 2994 2927 3065; x_wconf 85' lang='grc' dir='ltr'><strong>τῷ</strong></span> <span class='ocrx_word' id='word_1_539' title='bbox 2958 2995 3106 3067; x_wconf 85' lang='grc' dir='ltr'>αύτῷ</span> <span class='ocrx_word' id='word_1_540' title='bbox 3133 2997 3394 3069; x_wconf 85' lang='grc' dir='ltr'>δεκατρία</span> <span class='ocrx_word' id='word_1_541' title='bbox 3423 2998 3521 3068; x_wconf 78' lang='grc' dir='ltr'>ἐτη</span> <span class='ocrx_word' id='word_1_542' title='bbox 3552 2998 3643 3052; x_wconf 85' lang='grc' dir='ltr'>λο-</span> 
     </span>
    </p>
   </div>
   <div class='ocr_carea' id='block_1_78' title="bbox 2055 3082 3640 3160">
    <p class='ocr_par' dir='ltr' id='par_1_78' title="bbox 2055 3082 3640 3160">
     <span class='ocr_line' id='line_1_78' title="bbox 2055 3082 3640 3160; baseline 0.006 -26"><span class='ocrx_word' id='word_1_543' title='bbox 2055 3082 2315 3154; x_wconf 76' lang='grc' dir='ltr'>γιζόμενα</span> <span class='ocrx_word' id='word_1_544' title='bbox 2348 3087 2412 3155; x_wconf 82' lang='grc' dir='ltr'>τῇ</span> <span class='ocrx_word' id='word_1_545' title='bbox 2448 3085 2696 3157; x_wconf 83' lang='grc' dir='ltr'>ὲνσάρκῳ</span> <span class='ocrx_word' id='word_1_546' title='bbox 2732 3086 2966 3158; x_wconf 83' lang='grc' dir='ltr'>Χριστοῦ</span> <span class='ocrx_word' id='word_1_547' title='bbox 2995 3088 3287 3160; x_wconf 80' lang='grc' dir='ltr'>παρουσίᾳ.</span> <span class='ocrx_word' id='word_1_548' title='bbox 3330 3090 3640 3143; x_wconf 82' lang='grc' dir='ltr'>Ὀκτωκαι-</span> 
     </span>
    </p>
   </div>
   <div class='ocr_carea' id='block_1_79' title="bbox 2053 3178 3636 3253">
    <p class='ocr_par' dir='ltr' id='par_1_79' title="bbox 2053 3178 3636 3253">
     <span class='ocr_line' id='line_1_79' title="bbox 2053 3178 3636 3253; baseline 0.001 -20"><span class='ocrx_word' id='word_1_549' title='bbox 2053 3180 2265 3250; x_wconf 83' lang='grc' dir='ltr'>δεκάτῳ</span> <span class='ocrx_word' id='word_1_550' title='bbox 2293 3178 2349 3232; x_wconf 86' lang='grc' dir='ltr'><strong>δὲ</strong></span> <span class='ocrx_word' id='word_1_551' title='bbox 2376 3178 2485 3233; x_wconf 78' lang='grc' dir='ltr'>ἔτει</span> <span class='ocrx_word' id='word_1_552' title='bbox 2507 3180 2747 3252; x_wconf 89' lang='grc' dir='ltr'>Ἡρώδου</span> <span class='ocrx_word' id='word_1_553' title='bbox 2773 3180 2866 3234; x_wconf 83' lang='grc' dir='ltr'>τοῦ</span> <span class='ocrx_word' id='word_1_554' title='bbox 2900 3180 3283 3252; x_wconf 83' lang='grc' dir='ltr'>ἐπικληθέντος</span> <span class='ocrx_word' id='word_1_555' title='bbox 3303 3182 3636 3253; x_wconf 78' lang='grc' dir='ltr'>Ἀγρίππου,</span> 
     </span>
    </p>
   </div>
   <div class='ocr_carea' id='block_1_80' title="bbox 2053 3273 3639 3347">
    <p class='ocr_par' dir='ltr' id='par_1_80' title="bbox 2053 3273 3639 3347">
     <span class='ocr_line' id='line_1_80' title="bbox 2053 3273 3639 3347; baseline 0.001 -20"><span class='ocrx_word' id='word_1_556' title='bbox 2053 3274 2172 3328; x_wconf 89' lang='grc' dir='ltr'>τότε</span> <span class='ocrx_word' id='word_1_557' title='bbox 2214 3273 2417 3346; x_wconf 74' lang='grc' dir='ltr'>ἤρξατο</span> <span class='ocrx_word' id='word_1_558' title='bbox 2443 3274 2699 3347; x_wconf 77' lang='grc' dir='ltr'>δ’ῐησοῦς</span> <span class='ocrx_word' id='word_1_559' title='bbox 2741 3275 2832 3329; x_wconf 82' lang='grc' dir='ltr'>τοῦ</span> <span class='ocrx_word' id='word_1_560' title='bbox 2880 3275 3253 3346; x_wconf 85' lang='grc' dir='ltr'>κηρύγματος,</span> <span class='ocrx_word' id='word_1_561' title='bbox 3294 3277 3389 3328; x_wconf 79' lang='grc' dir='ltr'>καὶ</span> <span class='ocrx_word' id='word_1_562' title='bbox 3426 3277 3488 3329; x_wconf 86' lang='grc' dir='ltr'>τὸ</span> <span class='ocrx_word' id='word_1_563' title='bbox 3543 3276 3639 3346; x_wconf 82' lang='grc' dir='ltr'>βά-</span> 
     </span>
    </p>
   </div>
   <div class='ocr_carea' id='block_1_81' title="bbox 2053 3366 3639 3439">
    <p class='ocr_par' dir='ltr' id='par_1_81' title="bbox 2053 3366 3639 3439">
     <span class='ocr_line' id='line_1_81' title="bbox 2053 3366 3639 3439; baseline 0.001 -21"><span class='ocrx_word' id='word_1_564' title='bbox 2053 3383 2263 3437; x_wconf 88' lang='grc' dir='ltr'>πτισμα</span> <span class='ocrx_word' id='word_1_565' title='bbox 2288 3366 2350 3419; x_wconf 81' lang='grc' dir='ltr'><strong>τὸ</strong></span> <span class='ocrx_word' id='word_1_566' title='bbox 2381 3366 2488 3419; x_wconf 85' lang='grc' dir='ltr'>ἀπὸ</span> <span class='ocrx_word' id='word_1_567' title='bbox 2518 3367 2761 3420; x_wconf 86' lang='grc' dir='ltr'>Ἰωάννου</span> <span class='ocrx_word' id='word_1_568' title='bbox 2792 3366 2909 3420; x_wconf 82' lang='grc' dir='ltr'>τότε</span> <span class='ocrx_word' id='word_1_569' title='bbox 2944 3366 3233 3437; x_wconf 75' lang='grc' dir='ltr'>λαμϐάνει,</span> <span class='ocrx_word' id='word_1_570' title='bbox 3285 3367 3379 3420; x_wconf 72' lang='grc' dir='ltr'><strong>καὶ</strong></span> <span class='ocrx_word' id='word_1_571' title='bbox 3427 3367 3639 3439; x_wconf 75' lang='grc' dir='ltr'>κηρύσο</span> 
     </span>
    </p>
   </div>
   <div class='ocr_carea' id='block_1_82' title="bbox 2054 3456 3633 3527">
    <p class='ocr_par' dir='ltr' id='par_1_82' title="bbox 2054 3456 3633 3527">
     <span class='ocr_line' id='line_1_82' title="bbox 2054 3456 3633 3527; baseline 0.001 -19"><span class='ocrx_word' id='word_1_572' title='bbox 2054 3472 2135 3509; x_wconf 91' lang='grc' dir='ltr'><strong>σει</strong></span> <span class='ocrx_word' id='word_1_573' title='bbox 2211 3456 2457 3509; x_wconf 77' lang='grc' dir='ltr'>ἐνιαυτὸν</span> <span class='ocrx_word' id='word_1_574' title='bbox 2524 3456 2708 3509; x_wconf 83' lang='grc' dir='ltr'>δεκτὸν</span> <span class='ocrx_word' id='word_1_575' title='bbox 2735 3498 2748 3519; x_wconf 91' lang='grc'><strong>,</strong></span> <span class='ocrx_word' id='word_1_576' title='bbox 2802 3459 2894 3511; x_wconf 81' lang='grc' dir='ltr'>ὑπ’</span> <span class='ocrx_word' id='word_1_577' title='bbox 2926 3456 3138 3520; x_wconf 76' lang='grc' dir='ltr'>οὐδενὸς</span> <span class='ocrx_word' id='word_1_578' title='bbox 3192 3456 3633 3527; x_wconf 83' lang='grc' dir='ltr'>ἀντιλεγόμενος,</span> 
     </span>
    </p>
   </div>
   <div class='ocr_carea' id='block_1_83' title="bbox 2053 3548 3636 3623">
    <p class='ocr_par' dir='ltr' id='par_1_83' title="bbox 2053 3548 3636 3623">
     <span class='ocr_line' id='line_1_83' title="bbox 2053 3548 3636 3623; baseline 0.003 -24"><span class='ocrx_word' id='word_1_579' title='bbox 2053 3548 2177 3600; x_wconf 77' lang='grc' dir='ltr'>οὔτε</span> <span class='ocrx_word' id='word_1_580' title='bbox 2222 3548 2327 3600; x_wconf 81' lang='grc' dir='ltr'><strong>ὑπὸ</strong></span> <span class='ocrx_word' id='word_1_581' title='bbox 2363 3548 2664 3610; x_wconf 82' lang='grc' dir='ltr'>Ἰουδαίων,</span> <span class='ocrx_word' id='word_1_582' title='bbox 2711 3548 2833 3601; x_wconf 75' lang='grc' dir='ltr'>οὔτε</span> <span class='ocrx_word' id='word_1_583' title='bbox 2879 3549 2984 3602; x_wconf 82' lang='grc' dir='ltr'><strong>ὑπὸ</strong></span> <span class='ocrx_word' id='word_1_584' title='bbox 3020 3549 3305 3623; x_wconf 83' lang='grc' dir='ltr'>Ἑλλήνων,</span> <span class='ocrx_word' id='word_1_585' title='bbox 3354 3549 3475 3602; x_wconf 71' lang='grc' dir='ltr'>οὔτε</span> <span class='ocrx_word' id='word_1_586' title='bbox 3529 3552 3636 3603; x_wconf 82' lang='grc' dir='ltr'><strong>ὑπὸ</strong></span> 
     </span>
    </p>
   </div>
   <div class='ocr_carea' id='block_1_84' title="bbox 2054 3637 3633 3710">
    <p class='ocr_par' dir='ltr' id='par_1_84' title="bbox 2054 3637 3633 3710">
     <span class='ocr_line' id='line_1_84' title="bbox 2054 3637 3633 3710; baseline 0.003 -21"><span class='ocrx_word' id='word_1_587' title='bbox 2054 3637 2424 3707; x_wconf 85' lang='grc' dir='ltr'>Σαμαρειτῶν,</span> <span class='ocrx_word' id='word_1_588' title='bbox 2456 3637 2576 3691; x_wconf 74' lang='grc' dir='ltr'>οὗτε</span> <span class='ocrx_word' id='word_1_589' title='bbox 2624 3638 2727 3691; x_wconf 85' lang='grc' dir='ltr'><strong>ὑπό</strong></span> <span class='ocrx_word' id='word_1_590' title='bbox 2780 3656 2921 3703; x_wconf 88' lang='grc' dir='ltr'>τινος</span> <span class='ocrx_word' id='word_1_591' title='bbox 2969 3638 3177 3710; x_wconf 80' lang='grc' dir='ltr'>ἑτέρου.</span> <span class='ocrx_word' id='word_1_592' title='bbox 3206 3638 3437 3694; x_wconf 85' lang='grc' dir='ltr'>Ἔπειτα</span> <span class='ocrx_word' id='word_1_593' title='bbox 3478 3642 3633 3695; x_wconf 81' lang='grc' dir='ltr'>άντιο</span> 
     </span>
    </p>
   </div>
   <div class='ocr_carea' id='block_1_85' title="bbox 2032 3727 3633 3802">
    <p class='ocr_par' dir='ltr' id='par_1_85' title="bbox 2032 3727 3633 3802">
     <span class='ocr_line' id='line_1_85' title="bbox 2032 3727 3633 3802; baseline 0.003 -23"><span class='ocrx_word' id='word_1_594' title='bbox 2032 3727 2345 3797; x_wconf 13' lang='grc' dir='ltr'>,λεγόμενος</span> <span class='ocrx_word' id='word_1_595' title='bbox 2383 3728 2647 3800; x_wconf 74' lang='grc' dir='ltr'>ἐκήρυξεν</span> <span class='ocrx_word' id='word_1_596' title='bbox 2689 3729 2929 3783; x_wconf 74' lang='grc' dir='ltr'>ἐνιαυτὸν</span> <span class='ocrx_word' id='word_1_597' title='bbox 2966 3730 3238 3802; x_wconf 87' lang='grc' dir='ltr'>δεύτερον,</span> <span class='ocrx_word' id='word_1_598' title='bbox 3277 3732 3370 3783; x_wconf 75' lang='grc' dir='ltr'><strong>καὶ</strong></span> <span class='ocrx_word' id='word_1_599' title='bbox 3409 3732 3633 3800; x_wconf 84' lang='grc' dir='ltr'>γέγονεν</span> 
     </span>
    </p>
   </div>
   <div class='ocr_carea' id='block_1_86' title="bbox 2054 3818 3631 3894">
    <p class='ocr_par' dir='ltr' id='par_1_86' title="bbox 2054 3818 3631 3894">
     <span class='ocr_line' id='line_1_86' title="bbox 2054 3818 3631 3894; baseline 0.004 -24"><span class='ocrx_word' id='word_1_600' title='bbox 2054 3818 2437 3873; x_wconf 80' lang='grc' dir='ltr'>ἐννεακαίδεκα</span> <span class='ocrx_word' id='word_1_601' title='bbox 2485 3819 2580 3889; x_wconf 78' lang='grc' dir='ltr'>ἐτη</span> <span class='ocrx_word' id='word_1_602' title='bbox 2634 3818 2711 3890; x_wconf 87' lang='grc' dir='ltr'><strong>τῷ</strong></span> <span class='ocrx_word' id='word_1_603' title='bbox 2760 3819 2906 3890; x_wconf 74' lang='grc' dir='ltr'>αὐτῷ</span> <span class='ocrx_word' id='word_1_604' title='bbox 2938 3821 3172 3894; x_wconf 75' lang='grc' dir='ltr'>Ἡρώδῃ,</span> <span class='ocrx_word' id='word_1_605' title='bbox 3200 3822 3281 3893; x_wconf 86' lang='grc' dir='ltr'><strong>τῷ</strong></span> <span class='ocrx_word' id='word_1_606' title='bbox 3313 3823 3369 3875; x_wconf 80' lang='grc' dir='ltr'><strong>δὲ</strong></span> <span class='ocrx_word' id='word_1_607' title='bbox 3415 3824 3631 3894; x_wconf 84' lang='grc' dir='ltr'>Σωτῆρι</span> 
     </span>
    </p>
   </div>
   <div class='ocr_carea' id='block_1_87' title="bbox 2053 3907 3627 3981">
    <p class='ocr_par' dir='ltr' id='par_1_87' title="bbox 2053 3907 3627 3981">
     <span class='ocr_line' id='line_1_87' title="bbox 2053 3907 3627 3981; baseline 0.003 -20"><span class='ocrx_word' id='word_1_608' title='bbox 2053 3907 2373 3979; x_wconf 86' lang='grc' dir='ltr'>τριακοστὸν</span> <span class='ocrx_word' id='word_1_609' title='bbox 2416 3907 2687 3980; x_wconf 84' lang='grc' dir='ltr'>δεύτερον.</span> <span class='ocrx_word' id='word_1_610' title='bbox 2730 3909 2820 3963; x_wconf 83' lang='grc' dir='ltr'><strong>Ἐν</strong></span> <span class='ocrx_word' id='word_1_611' title='bbox 2874 3910 2927 3964; x_wconf 85' lang='grc' dir='ltr'>δὲ</span> <span class='ocrx_word' id='word_1_612' title='bbox 2978 3910 3054 3981; x_wconf 84' lang='grc' dir='ltr'><strong>τῷ</strong></span> <span class='ocrx_word' id='word_1_613' title='bbox 3103 3910 3332 3981; x_wconf 77' lang='grc' dir='ltr'>εἰκοστῷ</span> <span class='ocrx_word' id='word_1_614' title='bbox 3378 3909 3491 3965; x_wconf 80' lang='grc' dir='ltr'>ἔτει</span> <span class='ocrx_word' id='word_1_615' title='bbox 3534 3913 3627 3966; x_wconf 76' lang='grc' dir='ltr'><strong>τοῦ</strong></span> 
     </span>
    </p>
   </div>
   <div class='ocr_carea' id='block_1_88' title="bbox 2064 3995 3631 4070">
    <p class='ocr_par' dir='ltr' id='par_1_88' title="bbox 2064 3995 3631 4070">
     <span class='ocr_line' id='line_1_88' title="bbox 2064 3995 3631 4070; baseline 0.003 -21"><span class='ocrx_word' id='word_1_616' title='bbox 2064 3996 2305 4068; x_wconf 85' lang='grc' dir='ltr'>Ἡρώδου</span> <span class='ocrx_word' id='word_1_617' title='bbox 2337 3995 2430 4070; x_wconf 81' lang='grc' dir='ltr'>τοῦ</span> <span class='ocrx_word' id='word_1_618' title='bbox 2458 3997 2757 4070; x_wconf 87' lang='grc' dir='ltr'>τετράρχου</span> <span class='ocrx_word' id='word_1_619' title='bbox 2785 3999 3118 4070; x_wconf 85' lang='grc' dir='ltr'>καλουμένου</span> <span class='ocrx_word' id='word_1_620' title='bbox 3142 4000 3349 4069; x_wconf 87' lang='grc' dir='ltr'>γίνεται</span> <span class='ocrx_word' id='word_1_621' title='bbox 3373 4001 3435 4054; x_wconf 79' lang='grc' dir='ltr'><strong>τὸ</strong></span> <span class='ocrx_word' id='word_1_622' title='bbox 3463 4004 3631 4070; x_wconf 79' lang='grc' dir='ltr'>σωτή-</span> 
     </span>
    </p>
   </div>
   <div class='ocr_carea' id='block_1_89' title="bbox 2057 4068 3629 4160">
    <p class='ocr_par' dir='ltr' id='par_1_89' title="bbox 2057 4068 3629 4160">
     <span class='ocr_line' id='line_1_89' title="bbox 2057 4068 3629 4160; baseline 0.004 -21"><span class='ocrx_word' id='word_1_623' title='bbox 2057 4104 2171 4157; x_wconf 90' lang='grc' dir='ltr'>ριον</span> <span class='ocrx_word' id='word_1_624' title='bbox 2202 4068 2496 4150; x_wconf 57' lang='grc' dir='ltr'>πάθοξκαὶ</span> <span class='ocrx_word' id='word_1_625' title='bbox 2592 4068 2850 4154; x_wconf 79' lang='grc' dir='ltr'>ἀπάθεια,</span> <span class='ocrx_word' id='word_1_626' title='bbox 2880 4090 2913 4160; x_wconf 82' lang='grc' dir='ltr'>ἢ</span> <span class='ocrx_word' id='word_1_627' title='bbox 2942 4068 3179 4143; x_wconf 74' lang='grc' dir='ltr'>θανάτου</span> <span class='ocrx_word' id='word_1_628' title='bbox 3198 4091 3409 4159; x_wconf 79' lang='grc' dir='ltr'>γεῦσις,</span> <span class='ocrx_word' id='word_1_629' title='bbox 3441 4068 3629 4160; x_wconf 78' lang='grc' dir='ltr'>γεῦσίς</span> 
     </span>
    </p>
   </div>
   <div class='ocr_carea' id='block_1_90' title="bbox 2052 4177 3625 4256">
    <p class='ocr_par' dir='ltr' id='par_1_90' title="bbox 2052 4177 3625 4256">
     <span class='ocr_line' id='line_1_90' title="bbox 2052 4177 3625 4256; baseline 0.004 -25"><span class='ocrx_word' id='word_1_630' title='bbox 2052 4196 2112 4231; x_wconf 85' lang='grc' dir='ltr'><strong>τε</strong></span> <span class='ocrx_word' id='word_1_631' title='bbox 2158 4177 2410 4245; x_wconf 86' lang='grc' dir='ltr'>θανάτου,</span> <span class='ocrx_word' id='word_1_632' title='bbox 2460 4180 2589 4252; x_wconf 82' lang='grc' dir='ltr'>ἄχρι</span> <span class='ocrx_word' id='word_1_633' title='bbox 2638 4181 2873 4250; x_wconf 81' lang='grc' dir='ltr'>σταυροῦ</span> <span class='ocrx_word' id='word_1_634' title='bbox 2927 4182 3225 4253; x_wconf 82' lang='grc' dir='ltr'>πάσχοντος</span> <span class='ocrx_word' id='word_1_635' title='bbox 3270 4185 3328 4238; x_wconf 81' lang='grc' dir='ltr'>ὲν</span> <span class='ocrx_word' id='word_1_636' title='bbox 3377 4184 3625 4256; x_wconf 69' lang='grc' dir='ltr'>ἀληθεία,</span> 
     </span>
    </p>
   </div>
   <div class='ocr_carea' id='block_1_91' title="bbox 2054 4270 3629 4348">
    <p class='ocr_par' dir='ltr' id='par_1_91' title="bbox 2054 4270 3629 4348">
     <span class='ocr_line' id='line_1_91' title="bbox 2054 4270 3629 4348; baseline 0.004 -24"><span class='ocrx_word' id='word_1_637' title='bbox 2054 4270 2298 4335; x_wconf 79' lang='grc' dir='ltr'>ἀπαθοῦς</span> <span class='ocrx_word' id='word_1_638' title='bbox 2324 4271 2383 4325; x_wconf 86' lang='grc' dir='ltr'>δὲ</span> <span class='ocrx_word' id='word_1_639' title='bbox 2410 4272 2660 4343; x_wconf 88' lang='grc' dir='ltr'>μένοντος</span> <span class='ocrx_word' id='word_1_640' title='bbox 2701 4275 2760 4329; x_wconf 79' lang='grc' dir='ltr'>ὲν</span> <span class='ocrx_word' id='word_1_641' title='bbox 2796 4275 3032 4347; x_wconf 89' lang='grc' dir='ltr'>θεότητι.</span> <span class='ocrx_word' id='word_1_642' title='bbox 3062 4276 3318 4344; x_wconf 81' lang='grc' dir='ltr'>Χριστοῦ</span> <span class='ocrx_word' id='word_1_643' title='bbox 3364 4278 3477 4348; x_wconf 72' lang='grc' dir='ltr'>γὰρ</span> <span class='ocrx_word' id='word_1_644' title='bbox 3519 4294 3629 4330; x_wconf 75' lang='grc' dir='ltr'>πα-</span> 
     </span>
    </p>
   </div>
   <div class='ocr_carea' id='block_1_92' title="bbox 377 4334 1950 4439">
    <p class='ocr_par' dir='ltr' id='par_1_92' title="bbox 377 4334 1945 4409">
     <span class='ocr_line' id='line_1_92' title="bbox 377 4334 1945 4409; baseline 0.008 -21"><span class='ocrx_word' id='word_1_645' title='bbox 377 4334 436 4389; x_wconf 87' lang='grc' dir='ltr'><strong>Ιιι</strong></span> <span class='ocrx_word' id='word_1_646' title='bbox 468 4352 634 4394; x_wconf 83' lang='lat' dir='ltr'><strong>eruce</strong></span> <span class='ocrx_word' id='word_1_647' title='bbox 668 4341 1042 4409; x_wconf 84' lang='lat' dir='ltr'><strong>suspenditur,</strong></span> <span class='ocrx_word' id='word_1_648' title='bbox 1066 4340 1362 4409; x_wconf 86' lang='lat' dir='ltr'><strong>sepelitur;</strong></span> <span class='ocrx_word' id='word_1_649' title='bbox 1393 4342 1459 4396; x_wconf 89' lang='lat' dir='ltr'><strong>ad</strong></span> <span class='ocrx_word' id='word_1_650' title='bbox 1492 4343 1695 4400; x_wconf 81' lang='lat' dir='ltr'><strong>inferos</strong></span> <span class='ocrx_word' id='word_1_651' title='bbox 1719 4361 1843 4401; x_wconf 92' lang='lat' dir='ltr'><strong>cum</strong></span> <span class='ocrx_word' id='word_1_652' title='bbox 1868 4348 1945 4401; x_wconf 87' lang='lat' dir='ltr'><strong>di-</strong></span> 
     </span>
    </p>
   </div>
   <div class='ocr_carea' id='block_1_93' title="bbox 2084 4334 3628 4439">
    <p class='ocr_par' dir='ltr' id='par_1_93' title="bbox 2084 4334 3628 4439">
     <span class='ocr_line' id='line_1_93' title="bbox 2084 4334 3628 4439; baseline 0.006 -25"><span class='ocrx_word' id='word_1_653' title='bbox 2084 4360 2265 4429; x_wconf 80' lang='grc' dir='ltr'>’όντος</span> <span class='ocrx_word' id='word_1_654' title='bbox 2284 4334 2437 4433; x_wconf 66' lang='grc' dir='ltr'>ὑπὲρ</span> <span class='ocrx_word' id='word_1_655' title='bbox 2461 4334 2851 4434; x_wconf 27' lang='grc' dir='ltr'>ἡμῶννσαρκί,</span> <span class='ocrx_word' id='word_1_656' title='bbox 2881 4334 3044 4438; x_wconf 78' lang='grc' dir='ltr'>φησιν</span> <span class='ocrx_word' id='word_1_657' title='bbox 3072 4334 3322 4439; x_wconf 45' lang='grc' dir='ltr'><strong>ιιι-Γραφή</strong></span> <span class='ocrx_word' id='word_1_658' title='bbox 3344 4334 3493 4421; x_wconf 54' lang='grc' dir='ltr'>·’καὶ</span> <span class='ocrx_word' id='word_1_659' title='bbox 3526 4370 3628 4423; x_wconf 80' lang='grc' dir='ltr'>πά-</span> 
     </span>
    </p>
   </div>
   <div class='ocr_carea' id='block_1_94' title="bbox 374 4429 1948 4503">
    <p class='ocr_par' dir='ltr' id='par_1_94' title="bbox 374 4429 1948 4503">
     <span class='ocr_line' id='line_1_94' title="bbox 374 4429 1948 4503; baseline 0.008 -22"><span class='ocrx_word' id='word_1_660' title='bbox 374 4429 602 4485; x_wconf 84' lang='lat' dir='ltr'><strong>vinitate</strong></span> <span class='ocrx_word' id='word_1_661' title='bbox 633 4446 755 4495; x_wconf 83' lang='lat' dir='ltr'><strong>sua,</strong></span> <span class='ocrx_word' id='word_1_662' title='bbox 792 4434 1083 4503; x_wconf 87' lang='lat' dir='ltr'><strong>animaque</strong></span> <span class='ocrx_word' id='word_1_663' title='bbox 1120 4433 1437 4497; x_wconf 85' lang='lat' dir='ltr'><strong>descendit;</strong></span> <span class='ocrx_word' id='word_1_664' title='bbox 1472 4438 1743 4503; x_wconf 77' lang='lat' dir='ltr'><strong>captivam</strong></span> <span class='ocrx_word' id='word_1_665' title='bbox 1797 4438 1948 4493; x_wconf 85' lang='lat' dir='ltr'><strong>ducit</strong></span> 
     </span>
    </p>
   </div>
   <div class='ocr_carea' id='block_1_95' title="bbox 374 4516 1947 4590">
    <p class='ocr_par' dir='ltr' id='par_1_95' title="bbox 374 4516 1947 4590">
     <span class='ocr_line' id='line_1_95' title="bbox 374 4516 1947 4590; baseline 0.008 -17"><span class='ocrx_word' id='word_1_666' title='bbox 374 4521 788 4590; x_wconf 85' lang='lat' dir='ltr'><strong>captivitatem;</strong></span> <span class='ocrx_word' id='word_1_667' title='bbox 832 4538 896 4577; x_wconf 87' lang='lat' dir='ltr'><strong>ac</strong></span> <span class='ocrx_word' id='word_1_668' title='bbox 940 4524 1102 4579; x_wconf 90' lang='lat' dir='ltr'><strong>tertio</strong></span> <span class='ocrx_word' id='word_1_669' title='bbox 1147 4523 1235 4579; x_wconf 93' lang='lat' dir='ltr'><strong>die</strong></span> <span class='ocrx_word' id='word_1_670' title='bbox 1281 4539 1404 4580; x_wconf 92' lang='lat' dir='ltr'><strong>cum</strong></span> <span class='ocrx_word' id='word_1_671' title='bbox 1446 4516 1796 4583; x_wconf 89' lang='lat' dir='ltr'><strong>sanctissimo</strong></span> <span class='ocrx_word' id='word_1_672' title='bbox 1846 4545 1947 4585; x_wconf 93' lang='lat' dir='ltr'><strong>suo</strong></span> 
     </span>
    </p>
   </div>
   <div class='ocr_carea' id='block_1_96' title="bbox 374 4613 1944 4693">
    <p class='ocr_par' dir='ltr' id='par_1_96' title="bbox 374 4613 1944 4693">
     <span class='ocr_line' id='line_1_96' title="bbox 374 4613 1944 4693; baseline 0.009 -28"><span class='ocrx_word' id='word_1_673' title='bbox 374 4619 621 4683; x_wconf 63' lang='lat' dir='ltr'><strong>corpor!</strong></span> <span class='ocrx_word' id='word_1_674' title='bbox 651 4613 718 4667; x_wconf 90' lang='lat' dir='ltr'><strong>ad</strong></span> <span class='ocrx_word' id='word_1_675' title='bbox 759 4615 924 4670; x_wconf 83' lang='lat' dir='ltr'><strong>vitam</strong></span> <span class='ocrx_word' id='word_1_676' title='bbox 964 4618 1254 4673; x_wconf 79' lang='lat' dir='ltr'><strong>excitatur.</strong></span> <span class='ocrx_word' id='word_1_677' title='bbox 1288 4615 1445 4685; x_wconf 84' lang='lat' dir='ltr'><strong>Quod</strong></span> <span class='ocrx_word' id='word_1_678' title='bbox 1495 4619 1711 4691; x_wconf 90' lang='lat' dir='ltr'><strong>quidem</strong></span> <span class='ocrx_word' id='word_1_679' title='bbox 1744 4636 1944 4693; x_wconf 88' lang='lat' dir='ltr'><strong>corpus</strong></span> 
     </span>
    </p>
   </div>
   <div class='ocr_carea' id='block_1_97' title="bbox 375 4705 1945 4781">
    <p class='ocr_par' dir='ltr' id='par_1_97' title="bbox 375 4705 1945 4781">
     <span class='ocr_line' id='line_1_97' title="bbox 375 4705 1945 4781; baseline 0.009 -24"><span class='ocrx_word' id='word_1_680' title='bbox 375 4718 553 4773; x_wconf 90' lang='lat' dir='ltr'><strong>neque</strong></span> <span class='ocrx_word' id='word_1_681' title='bbox 592 4705 999 4763; x_wconf 88' lang='lat' dir='ltr'><strong>dissolvendum</strong></span> <span class='ocrx_word' id='word_1_682' title='bbox 1038 4710 1295 4779; x_wconf 90' lang='lat' dir='ltr'><strong>amplius,</strong></span> <span class='ocrx_word' id='word_1_683' title='bbox 1339 4726 1441 4765; x_wconf 87' lang='lat' dir='ltr'><strong>nec</strong></span> <span class='ocrx_word' id='word_1_684' title='bbox 1483 4725 1794 4781; x_wconf 87' lang='lat' dir='ltr'><strong>passurum,</strong></span> <span class='ocrx_word' id='word_1_685' title='bbox 1843 4730 1945 4773; x_wconf 91' lang='lat' dir='ltr'><strong>nec</strong></span> 
     </span>
    </p>
   </div>
   <div class='ocr_carea' id='block_1_98' title="bbox 374 4794 1944 4870">
    <p class='ocr_par' dir='ltr' id='par_1_98' title="bbox 374 4794 1944 4870">
     <span class='ocr_line' id='line_1_98' title="bbox 374 4794 1944 4870; baseline 0.007 -22"><span class='ocrx_word' id='word_1_686' title='bbox 374 4794 478 4848; x_wconf 85' lang='lat' dir='ltr'><strong>suh</strong></span> <span class='ocrx_word' id='word_1_687' title='bbox 506 4796 698 4852; x_wconf 88' lang='lat' dir='ltr'><strong>mortis</strong></span> <span class='ocrx_word' id='word_1_688' title='bbox 749 4796 1088 4855; x_wconf 90' lang='lat' dir='ltr'><strong>dominatum</strong></span> <span class='ocrx_word' id='word_1_689' title='bbox 1119 4808 1307 4870; x_wconf 89' lang='lat' dir='ltr'><strong>postea</strong></span> <span class='ocrx_word' id='word_1_690' title='bbox 1351 4816 1633 4857; x_wconf 90' lang='lat' dir='ltr'><strong>cessurum</strong></span> <span class='ocrx_word' id='word_1_691' title='bbox 1679 4818 1804 4859; x_wconf 92' lang='lat' dir='ltr'><strong>cum</strong></span> <span class='ocrx_word' id='word_1_692' title='bbox 1844 4821 1944 4861; x_wconf 91' lang='lat' dir='ltr'><strong>sua</strong></span> 
     </span>
    </p>
   </div>
   <div class='ocr_carea' id='block_1_99' title="bbox 375 4884 1944 4963">
    <p class='ocr_par' dir='ltr' id='par_1_99' title="bbox 375 4884 1944 4963">
     <span class='ocr_line' id='line_1_99' title="bbox 375 4884 1944 4963; baseline 0.008 -23"><span class='ocrx_word' id='word_1_693' title='bbox 375 4884 661 4943; x_wconf 90' lang='lat' dir='ltr'><strong>divinitate</strong></span> <span class='ocrx_word' id='word_1_694' title='bbox 702 4890 1007 4958; x_wconf 82' lang='lat' dir='ltr'><strong>conjunxit.</strong></span> <span class='ocrx_word' id='word_1_695' title='bbox 1049 4891 1106 4946; x_wconf 91' lang='lat' dir='ltr'><strong>Id</strong></span> <span class='ocrx_word' id='word_1_696' title='bbox 1154 4892 1299 4962; x_wconf 91' lang='lat' dir='ltr'><strong>quod</strong></span> <span class='ocrx_word' id='word_1_697' title='bbox 1340 4892 1586 4963; x_wconf 86' lang='lat' dir='ltr'><strong>Apostoli</strong></span> <span class='ocrx_word' id='word_1_698' title='bbox 1632 4896 1944 4953; x_wconf 86' lang='lat' dir='ltr'><strong>testimonio</strong></span> 
     </span>
    </p>
   </div>
   <div class='ocr_carea' id='block_1_100' title="bbox 375 4978 1945 5056">
    <p class='ocr_par' dir='ltr' id='par_1_100' title="bbox 375 4978 1945 5056">
     <span class='ocr_line' id='line_1_100' title="bbox 375 4978 1945 5056; baseline 0.012 -27"><span class='ocrx_word' id='word_1_699' title='bbox 375 4978 802 5046; x_wconf 84' lang='lat' dir='ltr'><strong>comprobatur:</strong></span> <span class='ocrx_word' id='word_1_700' title='bbox 843 4981 1012 5049; x_wconf 82' lang='lat' dir='ltr'><strong>Mors,</strong></span> <span class='ocrx_word' id='word_1_701' title='bbox 1046 4984 1243 5054; x_wconf 89' lang='lat' dir='ltr'><strong>inquit,</strong></span> <span class='ocrx_word' id='word_1_702' title='bbox 1284 5002 1389 5041; x_wconf 86' lang='lat' dir='ltr'><strong>non</strong></span> <span class='ocrx_word' id='word_1_703' title='bbox 1423 4987 1654 5056; x_wconf 76' lang='lat' dir='ltr'><strong>amplius</strong></span> <span class='ocrx_word' id='word_1_704' title='bbox 1695 4989 1743 5043; x_wconf 86' lang='lat' dir='ltr'><strong>ei</strong></span> <span class='ocrx_word' id='word_1_705' title='bbox 1774 4988 1945 5048; x_wconf 82' lang='lat' dir='ltr'><strong>domi-</strong></span> 
     </span>
    </p>
   </div>
   <div class='ocr_carea' id='block_1_101' title="bbox 376 5070 667 5125">
    <p class='ocr_par' dir='ltr' id='par_1_101' title="bbox 376 5070 667 5125">
     <span class='ocr_line' id='line_1_101' title="bbox 376 5070 667 5125; baseline 0.007 -2"><span class='ocrx_word' id='word_1_706' title='bbox 376 5070 594 5123; x_wconf 80' lang='lat' dir='ltr'><strong>nabitur</strong></span> <span class='ocrx_word' id='word_1_707' title='bbox 626 5071 667 5125; x_wconf 88' lang='grc'><strong>³.</strong></span> 
     </span>
    </p>
   </div>
   <div class='ocr_carea' id='block_1_102' title="bbox 444 5161 1946 5244">
    <p class='ocr_par' dir='ltr' id='par_1_102' title="bbox 444 5161 1946 5244">
     <span class='ocr_line' id='line_1_102' title="bbox 444 5161 1946 5244; baseline 0.009 -29"><span class='ocrx_word' id='word_1_708' title='bbox 444 5161 531 5215; x_wconf 92' lang='grc' dir='ltr'><strong>ΙΙΙ.</strong></span> <span class='ocrx_word' id='word_1_709' title='bbox 570 5161 683 5220; x_wconf 85' lang='lat' dir='ltr'><strong>Hoc</strong></span> <span class='ocrx_word' id='word_1_710' title='bbox 728 5165 895 5235; x_wconf 87' lang='lat' dir='ltr'><strong>igitur</strong></span> <span class='ocrx_word' id='word_1_711' title='bbox 933 5167 1111 5237; x_wconf 91' lang='lat' dir='ltr'><strong>ipsum</strong></span> <span class='ocrx_word' id='word_1_712' title='bbox 1155 5183 1381 5240; x_wconf 88' lang='lat' dir='ltr'><strong>corpus,</strong></span> <span class='ocrx_word' id='word_1_713' title='bbox 1426 5186 1643 5227; x_wconf 90' lang='lat' dir='ltr'><strong>carnem</strong></span> <span class='ocrx_word' id='word_1_714' title='bbox 1684 5173 1855 5244; x_wconf 89' lang='lat' dir='ltr'><strong>ipsam</strong></span> <span class='ocrx_word' id='word_1_715' title='bbox 1891 5185 1946 5233; x_wconf 89' lang='lat' dir='ltr'><strong>et</strong></span> 
     </span>
    </p>
   </div>
   <div class='ocr_carea' id='block_1_103' title="bbox 375 5254 1943 5330">
    <p class='ocr_par' dir='ltr' id='par_1_103' title="bbox 375 5254 1943 5330">
     <span class='ocr_line' id='line_1_103' title="bbox 375 5254 1943 5330; baseline 0.01 -25"><span class='ocrx_word' id='word_1_716' title='bbox 375 5254 637 5319; x_wconf 72' lang='lat' dir='ltr'><strong>animum,</strong></span> <span class='ocrx_word' id='word_1_717' title='bbox 691 5257 808 5327; x_wconf 88' lang='lat' dir='ltr'><strong>ipsa</strong></span> <span class='ocrx_word' id='word_1_718' title='bbox 849 5260 1049 5329; x_wconf 88' lang='lat' dir='ltr'><strong>quibus</strong></span> <span class='ocrx_word' id='word_1_719' title='bbox 1096 5262 1382 5315; x_wconf 85' lang='lat' dir='ltr'><strong>constabat</strong></span> <span class='ocrx_word' id='word_1_720' title='bbox 1421 5266 1622 5330; x_wconf 88' lang='lat' dir='ltr'><strong>omnia,</strong></span> <span class='ocrx_word' id='word_1_721' title='bbox 1654 5280 1761 5318; x_wconf 90' lang='lat' dir='ltr'><strong>non</strong></span> <span class='ocrx_word' id='word_1_722' title='bbox 1796 5266 1943 5320; x_wconf 89' lang='lat' dir='ltr'><strong>aliud</strong></span> 
     </span>
    </p>
   </div>
   <div class='ocr_carea' id='block_1_104' title="bbox 371 5344 1940 5425">
    <p class='ocr_par' dir='ltr' id='par_1_104' title="bbox 371 5344 1940 5425">
     <span class='ocr_line' id='line_1_104' title="bbox 371 5344 1940 5425; baseline 0.009 -27"><span class='ocrx_word' id='word_1_723' title='bbox 371 5344 669 5416; x_wconf 88' lang='lat' dir='ltr'><strong>quidquam</strong></span> <span class='ocrx_word' id='word_1_724' title='bbox 697 5357 891 5418; x_wconf 63' lang='lat' dir='ltr'><strong>praeter</strong></span> <span class='ocrx_word' id='word_1_725' title='bbox 919 5366 1107 5404; x_wconf 89' lang='lat' dir='ltr'><strong>verum</strong></span> <span class='ocrx_word' id='word_1_726' title='bbox 1131 5367 1351 5422; x_wconf 87' lang='lat' dir='ltr'><strong>corpus,</strong></span> <span class='ocrx_word' id='word_1_727' title='bbox 1378 5354 1470 5408; x_wconf 90' lang='lat' dir='ltr'><strong>sed</strong></span> <span class='ocrx_word' id='word_1_728' title='bbox 1499 5355 1786 5425; x_wconf 89' lang='lat' dir='ltr'><strong>ipsummet</strong></span> <span class='ocrx_word' id='word_1_729' title='bbox 1810 5358 1940 5413; x_wconf 91' lang='lat' dir='ltr'><strong>illud</strong></span> 
     </span>
    </p>
   </div>
   <div class='ocr_carea' id='block_1_105' title="bbox 369 5437 1938 5516">
    <p class='ocr_par' dir='ltr' id='par_1_105' title="bbox 369 5437 1938 5516">
     <span class='ocr_line' id='line_1_105' title="bbox 369 5437 1938 5516; baseline 0.009 -26"><span class='ocrx_word' id='word_1_730' title='bbox 369 5437 425 5490; x_wconf 82' lang='lat' dir='ltr'><strong>vi</strong></span> <span class='ocrx_word' id='word_1_731' title='bbox 455 5438 665 5494; x_wconf 84' lang='lat' dir='ltr'><strong>coelesti</strong></span> <span class='ocrx_word' id='word_1_732' title='bbox 697 5440 957 5508; x_wconf 79' lang='lat' dir='ltr'><strong>perfudit,</strong></span> <span class='ocrx_word' id='word_1_733' title='bbox 983 5449 1035 5496; x_wconf 91' lang='lat' dir='ltr'><strong>et</strong></span> <span class='ocrx_word' id='word_1_734' title='bbox 1072 5441 1126 5495; x_wconf 92' lang='lat' dir='ltr'><strong>in</strong></span> <span class='ocrx_word' id='word_1_735' title='bbox 1157 5457 1328 5496; x_wconf 90' lang='lat' dir='ltr'><strong>unum</strong></span> <span class='ocrx_word' id='word_1_736' title='bbox 1357 5443 1629 5515; x_wconf 90' lang='lat' dir='ltr'><strong>idemque,</strong></span> <span class='ocrx_word' id='word_1_737' title='bbox 1668 5448 1721 5502; x_wconf 89' lang='lat' dir='ltr'><strong>in</strong></span> <span class='ocrx_word' id='word_1_738' title='bbox 1755 5464 1938 5516; x_wconf 83' lang='lat' dir='ltr'><strong>unam,</strong></span> 
     </span>
    </p>
   </div>
   <div class='ocr_carea' id='block_1_106' title="bbox 452 5596 1935 5673">
    <p class='ocr_par' dir='ltr' id='par_1_106' title="bbox 452 5596 1935 5673">
     <span class='ocr_line' id='line_1_106' title="bbox 452 5596 1935 5673; baseline 0.009 -21"><span class='ocrx_word' id='word_1_739' title='bbox 452 5599 469 5633; x_wconf 76' lang='grc'><strong>⁸</strong></span> <span class='ocrx_word' id='word_1_740' title='bbox 501 5596 523 5653; x_wconf 90' lang='grc' dir='ltr'>ι</span> <span class='ocrx_word' id='word_1_741' title='bbox 555 5596 699 5653; x_wconf 82' lang='lat' dir='ltr'><strong>Petr.</strong></span> <span class='ocrx_word' id='word_1_742' title='bbox 738 5614 811 5666; x_wconf 84' lang='lat' dir='ltr'><strong>tv,</strong></span> <span class='ocrx_word' id='word_1_743' title='bbox 858 5599 901 5654; x_wconf 79' lang='grc' dir='ltr'><strong>ἰ.</strong></span> <span class='ocrx_word' id='word_1_744' title='bbox 982 5602 999 5631; x_wconf 87' lang='grc'>²</span> <span class='ocrx_word' id='word_1_745' title='bbox 1029 5598 1046 5654; x_wconf 91' lang='lat' dir='ltr'><strong>l</strong></span> <span class='ocrx_word' id='word_1_746' title='bbox 1073 5597 1217 5658; x_wconf 80' lang='lat' dir='ltr'><strong>Petr.</strong></span> <span class='ocrx_word' id='word_1_747' title='bbox 1252 5618 1333 5665; x_wconf 87' lang='grc' dir='ltr'>ιιι,</span> <span class='ocrx_word' id='word_1_748' title='bbox 1379 5604 1461 5659; x_wconf 78' lang='grc'><strong>18.</strong></span> <span class='ocrx_word' id='word_1_749' title='bbox 1542 5609 1560 5639; x_wconf 82' lang='grc'>³</span> <span class='ocrx_word' id='word_1_750' title='bbox 1595 5610 1747 5663; x_wconf 73' lang='lat' dir='ltr'><strong>Rom.</strong></span> <span class='ocrx_word' id='word_1_751' title='bbox 1778 5624 1850 5673; x_wconf 78' lang='lat' dir='ltr'><strong>Vl,</strong></span> <span class='ocrx_word' id='word_1_752' title='bbox 1883 5610 1935 5665; x_wconf 76' lang='grc' dir='ltr'><strong>θ.</strong></span> 
     </span>
    </p>
   </div>
   <div class='ocr_carea' id='block_1_107' title="bbox 2056 4452 3623 4530">
    <p class='ocr_par' dir='ltr' id='par_1_107' title="bbox 2056 4452 3623 4530">
     <span class='ocr_line' id='line_1_107' title="bbox 2056 4452 3623 4530; baseline 0.003 -22"><span class='ocrx_word' id='word_1_753' title='bbox 2056 4452 2137 4508; x_wconf 83' lang='grc' dir='ltr'><strong>λιν</strong></span> <span class='ocrx_word' id='word_1_754' title='bbox 2152 4474 2166 4487; x_wconf 85' lang='grc'><strong>·</strong></span> <span class='ocrx_word' id='word_1_755' title='bbox 2201 4456 2568 4523; x_wconf 81' lang='grc' dir='ltr'>Θανατωθείς</span> <span class='ocrx_word' id='word_1_756' title='bbox 2595 4458 2792 4526; x_wconf 81' lang='grc' dir='ltr'>σαρκὶ,</span> <span class='ocrx_word' id='word_1_757' title='bbox 2818 4457 3199 4529; x_wconf 67' lang='grc' dir='ltr'>ζωγονηθείς</span> <span class='ocrx_word' id='word_1_758' title='bbox 3223 4459 3291 4513; x_wconf 82' lang='grc' dir='ltr'>δὲ</span> <span class='ocrx_word' id='word_1_759' title='bbox 3313 4462 3623 4530; x_wconf 76' lang='grc' dir='ltr'>πνεύματι.</span> 
     </span>
    </p>
   </div>
   <div class='ocr_carea' id='block_1_108' title="bbox 2054 4547 3625 4623">
    <p class='ocr_par' dir='ltr' id='par_1_108' title="bbox 2054 4547 3625 4623">
     <span class='ocr_line' id='line_1_108' title="bbox 2054 4547 3625 4623; baseline 0.005 -24"><span class='ocrx_word' id='word_1_760' title='bbox 2054 4548 2145 4600; x_wconf 74' lang='grc' dir='ltr'>καὶ</span> <span class='ocrx_word' id='word_1_761' title='bbox 2189 4547 2259 4600; x_wconf 89' lang='grc' dir='ltr'><strong>τά</strong></span> <span class='ocrx_word' id='word_1_762' title='bbox 2308 4547 2457 4619; x_wconf 78' lang='grc' dir='ltr'>ἑξῆς.</span> <span class='ocrx_word' id='word_1_763' title='bbox 2487 4548 2840 4620; x_wconf 63' lang='grc' dir='ltr'>Στανλροῦται,</span> <span class='ocrx_word' id='word_1_764' title='bbox 2871 4551 3154 4619; x_wconf 87' lang='grc' dir='ltr'>θάπτεται,</span> <span class='ocrx_word' id='word_1_765' title='bbox 3192 4552 3521 4623; x_wconf 82' lang='grc' dir='ltr'>κατέρχεται</span> <span class='ocrx_word' id='word_1_766' title='bbox 3549 4555 3625 4615; x_wconf 80' lang='grc' dir='ltr'><strong>είς</strong></span> 
     </span>
    </p>
   </div>
   <div class='ocr_carea' id='block_1_109' title="bbox 2051 4640 3623 4715">
    <p class='ocr_par' dir='ltr' id='par_1_109' title="bbox 2051 4640 3623 4715">
     <span class='ocr_line' id='line_1_109' title="bbox 2051 4640 3623 4715; baseline 0.003 -23"><span class='ocrx_word' id='word_1_767' title='bbox 2051 4640 2121 4692; x_wconf 83' lang='grc' dir='ltr'><strong>τά</strong></span> <span class='ocrx_word' id='word_1_768' title='bbox 2150 4641 2475 4711; x_wconf 85' lang='grc' dir='ltr'>καταχθόνια</span> <span class='ocrx_word' id='word_1_769' title='bbox 2503 4644 2560 4695; x_wconf 82' lang='grc' dir='ltr'>ὲν</span> <span class='ocrx_word' id='word_1_770' title='bbox 2586 4641 2798 4713; x_wconf 86' lang='grc' dir='ltr'>θεότητι</span> <span class='ocrx_word' id='word_1_771' title='bbox 2823 4646 2917 4698; x_wconf 74' lang='grc' dir='ltr'>καὶ</span> <span class='ocrx_word' id='word_1_772' title='bbox 2941 4645 2998 4697; x_wconf 82' lang='grc' dir='ltr'>ὲν</span> <span class='ocrx_word' id='word_1_773' title='bbox 3018 4644 3197 4715; x_wconf 78' lang='grc' dir='ltr'>ψυχῇ·</span> <span class='ocrx_word' id='word_1_774' title='bbox 3229 4644 3623 4715; x_wconf 82' lang='grc' dir='ltr'>αἰχμαλωτεύει</span> 
     </span>
    </p>
   </div>
   <div class='ocr_carea' id='block_1_110' title="bbox 2051 4731 3622 4807">
    <p class='ocr_par' dir='ltr' id='par_1_110' title="bbox 2051 4731 3622 4807">
     <span class='ocr_line' id='line_1_110' title="bbox 2051 4731 3622 4807; baseline 0.003 -24"><span class='ocrx_word' id='word_1_775' title='bbox 2051 4733 2149 4799; x_wconf 73' lang='grc' dir='ltr'><strong>τὴν</strong></span> <span class='ocrx_word' id='word_1_776' title='bbox 2183 4731 2578 4802; x_wconf 88' lang='grc' dir='ltr'>αἰχμαλωσίαν,</span> <span class='ocrx_word' id='word_1_777' title='bbox 2600 4733 2694 4787; x_wconf 80' lang='grc' dir='ltr'>καὶ</span> <span class='ocrx_word' id='word_1_778' title='bbox 2718 4734 3000 4788; x_wconf 87' lang='grc' dir='ltr'>ἀνίσταται</span> <span class='ocrx_word' id='word_1_779' title='bbox 3034 4738 3099 4807; x_wconf 82' lang='grc' dir='ltr'>τῇ</span> <span class='ocrx_word' id='word_1_780' title='bbox 3127 4735 3285 4806; x_wconf 75' lang='grc' dir='ltr'>τρίτῃ</span> <span class='ocrx_word' id='word_1_781' title='bbox 3312 4735 3495 4805; x_wconf 68' lang='grc' dir='ltr'>ἡμέρᾳ</span> <span class='ocrx_word' id='word_1_782' title='bbox 3529 4736 3622 4788; x_wconf 73' lang='grc' dir='ltr'><strong>σὺν</strong></span> 
     </span>
    </p>
   </div>
   <div class='ocr_carea' id='block_1_111' title="bbox 2053 4821 3622 4900">
    <p class='ocr_par' dir='ltr' id='par_1_111' title="bbox 2053 4821 3622 4900">
     <span class='ocr_line' id='line_1_111' title="bbox 2053 4821 3622 4900; baseline 0.006 -27"><span class='ocrx_word' id='word_1_783' title='bbox 2053 4821 2199 4893; x_wconf 84' lang='grc' dir='ltr'>αὐτῷ</span> <span class='ocrx_word' id='word_1_784' title='bbox 2229 4822 2307 4894; x_wconf 83' lang='grc' dir='ltr'><strong>τῷ</strong></span> <span class='ocrx_word' id='word_1_785' title='bbox 2334 4823 2474 4893; x_wconf 88' lang='grc' dir='ltr'>ἁγίῳ</span> <span class='ocrx_word' id='word_1_786' title='bbox 2507 4823 2740 4894; x_wconf 85' lang='grc' dir='ltr'>σώματι,</span> <span class='ocrx_word' id='word_1_787' title='bbox 2772 4828 3075 4891; x_wconf 86' lang='grc' dir='ltr'>συνενώσας</span> <span class='ocrx_word' id='word_1_788' title='bbox 3102 4828 3164 4881; x_wconf 85' lang='grc' dir='ltr'>τὸ</span> <span class='ocrx_word' id='word_1_789' title='bbox 3194 4828 3350 4899; x_wconf 85' lang='grc' dir='ltr'>σῶμα</span> <span class='ocrx_word' id='word_1_790' title='bbox 3397 4832 3463 4900; x_wconf 80' lang='grc' dir='ltr'>τῇ</span> <span class='ocrx_word' id='word_1_791' title='bbox 3510 4829 3622 4882; x_wconf 70' lang='grc' dir='ltr'>θεό-</span> 
     </span>
    </p>
   </div>
   <div class='ocr_carea' id='block_1_112' title="bbox 2050 4914 3620 4991">
    <p class='ocr_par' dir='ltr' id='par_1_112' title="bbox 2050 4914 3620 4991">
     <span class='ocr_line' id='line_1_112' title="bbox 2050 4914 3620 4991; baseline 0.006 -27"><span class='ocrx_word' id='word_1_792' title='bbox 2050 4930 2192 4984; x_wconf 86' lang='grc' dir='ltr'>τητι,</span> <span class='ocrx_word' id='word_1_793' title='bbox 2229 4914 2424 4985; x_wconf 87' lang='grc' dir='ltr'>μηκέτι</span> <span class='ocrx_word' id='word_1_794' title='bbox 2462 4915 2738 4985; x_wconf 84' lang='grc' dir='ltr'>λυόμενον,</span> <span class='ocrx_word' id='word_1_795' title='bbox 2785 4920 2980 4988; x_wconf 81' lang='grc' dir='ltr'>μηκέτι</span> <span class='ocrx_word' id='word_1_796' title='bbox 3025 4919 3252 4989; x_wconf 87' lang='grc' dir='ltr'>πάσχον,</span> <span class='ocrx_word' id='word_1_797' title='bbox 3290 4920 3485 4991; x_wconf 85' lang='grc' dir='ltr'>μηκέτι</span> <span class='ocrx_word' id='word_1_798' title='bbox 3520 4921 3620 4973; x_wconf 70' lang='grc' dir='ltr'>ὑπὸ</span> 
     </span>
    </p>
   </div>
   <div class='ocr_carea' id='block_1_113' title="bbox 2053 5004 3618 5079">
    <p class='ocr_par' dir='ltr' id='par_1_113' title="bbox 2053 5004 3618 5079">
     <span class='ocr_line' id='line_1_113' title="bbox 2053 5004 3618 5079; baseline 0.006 -23"><span class='ocrx_word' id='word_1_799' title='bbox 2053 5004 2282 5057; x_wconf 88' lang='grc' dir='ltr'>θανάτου</span> <span class='ocrx_word' id='word_1_800' title='bbox 2331 5006 2739 5077; x_wconf 87' lang='grc' dir='ltr'>κυριευόμενον,</span> <span class='ocrx_word' id='word_1_801' title='bbox 2768 5007 2843 5072; x_wconf 82' lang='grc' dir='ltr'><strong>ὥς</strong></span> <span class='ocrx_word' id='word_1_802' title='bbox 2872 5026 3034 5079; x_wconf 81' lang='grc' dir='ltr'>φησιν</span> <span class='ocrx_word' id='word_1_803' title='bbox 3065 5012 3094 5063; x_wconf 84' lang='grc' dir='ltr'>ὁ</span> <span class='ocrx_word' id='word_1_804' title='bbox 3124 5011 3474 5073; x_wconf 77' lang='grc' dir='ltr'>Ἀπὸστολος’</span> <span class='ocrx_word' id='word_1_805' title='bbox 3509 5012 3618 5065; x_wconf 73' lang='grc' dir='ltr'><strong>Θά-</strong></span> 
     </span>
    </p>
   </div>
   <div class='ocr_carea' id='block_1_114' title="bbox 2050 5095 2968 5167">
    <p class='ocr_par' dir='ltr' id='par_1_114' title="bbox 2050 5095 2968 5167">
     <span class='ocr_line' id='line_1_114' title="bbox 2050 5095 2968 5167; baseline 0.008 -19"><span class='ocrx_word' id='word_1_806' title='bbox 2050 5111 2228 5159; x_wconf 80' lang='grc' dir='ltr'>νατος</span> <span class='ocrx_word' id='word_1_807' title='bbox 2255 5095 2442 5150; x_wconf 83' lang='grc' dir='ltr'>αὐτοῦ</span> <span class='ocrx_word' id='word_1_808' title='bbox 2468 5096 2669 5152; x_wconf 75' lang='grc' dir='ltr'>οὐκέτι</span> <span class='ocrx_word' id='word_1_809' title='bbox 2691 5102 2968 5167; x_wconf 77' lang='grc' dir='ltr'>κυριεύει.</span> 
     </span>
    </p>
   </div>
   <div class='ocr_carea' id='block_1_115' title="bbox 2119 5186 3613 5265">
    <p class='ocr_par' dir='ltr' id='par_1_115' title="bbox 2119 5186 3613 5265">
     <span class='ocr_line' id='line_1_115' title="bbox 2119 5186 3613 5265; baseline 0.004 -27"><span class='ocrx_word' id='word_1_810' title='bbox 2119 5186 2192 5239; x_wconf 86' lang='grc' dir='ltr'><strong>Γ’.</strong></span> <span class='ocrx_word' id='word_1_811' title='bbox 2233 5187 2375 5240; x_wconf 77' lang='grc' dir='ltr'>Αὐτὸ</span> <span class='ocrx_word' id='word_1_812' title='bbox 2400 5187 2560 5259; x_wconf 86' lang='grc' dir='ltr'>σῶμα</span> <span class='ocrx_word' id='word_1_813' title='bbox 2589 5189 2875 5260; x_wconf 82' lang='grc' dir='ltr'>ἀληθινῶς,</span> <span class='ocrx_word' id='word_1_814' title='bbox 2899 5191 3065 5262; x_wconf 75' lang='grc' dir='ltr'>αὐτὴν</span> <span class='ocrx_word' id='word_1_815' title='bbox 3096 5194 3194 5265; x_wconf 81' lang='grc' dir='ltr'><strong>τὴν</strong></span> <span class='ocrx_word' id='word_1_816' title='bbox 3221 5194 3417 5264; x_wconf 78' lang='grc' dir='ltr'>σάρκα,</span> <span class='ocrx_word' id='word_1_817' title='bbox 3447 5193 3613 5261; x_wconf 70' lang='grc' dir='ltr'>αὐτὴν</span> 
     </span>
    </p>
   </div>
   <div class='ocr_carea' id='block_1_116' title="bbox 2048 5276 3613 5356">
    <p class='ocr_par' dir='ltr' id='par_1_116' title="bbox 2048 5276 3613 5356">
     <span class='ocr_line' id='line_1_116' title="bbox 2048 5276 3613 5356; baseline 0.005 -28"><span class='ocrx_word' id='word_1_818' title='bbox 2048 5276 2145 5349; x_wconf 79' lang='grc' dir='ltr'><strong>τὴν</strong></span> <span class='ocrx_word' id='word_1_819' title='bbox 2180 5276 2378 5349; x_wconf 77' lang='grc' dir='ltr'>ψυχὴν,</span> <span class='ocrx_word' id='word_1_820' title='bbox 2403 5280 2541 5333; x_wconf 74' lang='grc' dir='ltr'>αὐτὰ</span> <span class='ocrx_word' id='word_1_821' title='bbox 2565 5281 2633 5335; x_wconf 83' lang='grc' dir='ltr'>τὰ</span> <span class='ocrx_word' id='word_1_822' title='bbox 2661 5284 2836 5337; x_wconf 85' lang='grc' dir='ltr'>πάντα</span> <span class='ocrx_word' id='word_1_823' title='bbox 2860 5327 2874 5351; x_wconf 90' lang='grc'><strong>,</strong></span> <span class='ocrx_word' id='word_1_824' title='bbox 2908 5286 3007 5338; x_wconf 83' lang='grc' dir='ltr'><strong>οὐκ</strong></span> <span class='ocrx_word' id='word_1_825' title='bbox 3040 5285 3165 5339; x_wconf 78' lang='grc' dir='ltr'>ἄλλο</span> <span class='ocrx_word' id='word_1_826' title='bbox 3197 5303 3248 5338; x_wconf 92' lang='grc' dir='ltr'><strong>τι</strong></span> <span class='ocrx_word' id='word_1_827' title='bbox 3277 5285 3425 5356; x_wconf 77' lang='grc' dir='ltr'>παρὰ</span> <span class='ocrx_word' id='word_1_828' title='bbox 3460 5284 3521 5336; x_wconf 81' lang='grc' dir='ltr'><strong>τὸ</strong></span> <span class='ocrx_word' id='word_1_829' title='bbox 3559 5286 3613 5338; x_wconf 75' lang='grc' dir='ltr'>ὃν</span> 
     </span>
    </p>
   </div>
   <div class='ocr_carea' id='block_1_117' title="bbox 2052 5367 3612 5446">
    <p class='ocr_par' dir='ltr' id='par_1_117' title="bbox 2052 5367 3612 5446">
     <span class='ocr_line' id='line_1_117' title="bbox 2052 5367 3612 5446; baseline 0.006 -27"><span class='ocrx_word' id='word_1_830' title='bbox 2052 5367 2241 5438; x_wconf 81' lang='grc' dir='ltr'>σῶμα,</span> <span class='ocrx_word' id='word_1_831' title='bbox 2275 5370 2388 5421; x_wconf 87' lang='grc' dir='ltr'>ἀλλ’</span> <span class='ocrx_word' id='word_1_832' title='bbox 2424 5371 2555 5424; x_wconf 75' lang='grc' dir='ltr'>αὐτὸ</span> <span class='ocrx_word' id='word_1_833' title='bbox 2588 5375 2647 5427; x_wconf 82' lang='grc' dir='ltr'><strong>τὸ</strong></span> <span class='ocrx_word' id='word_1_834' title='bbox 2675 5374 2733 5427; x_wconf 79' lang='grc' dir='ltr'>ὃν</span> <span class='ocrx_word' id='word_1_835' title='bbox 2771 5376 3184 5445; x_wconf 80' lang='grc' dir='ltr'>ὲνδυναμώσας,</span> <span class='ocrx_word' id='word_1_836' title='bbox 3218 5379 3296 5441; x_wconf 85' lang='grc' dir='ltr'><strong>εἰς</strong></span> <span class='ocrx_word' id='word_1_837' title='bbox 3341 5376 3470 5446; x_wconf 85' lang='grc' dir='ltr'>μίαν</span> <span class='ocrx_word' id='word_1_838' title='bbox 3500 5376 3612 5428; x_wconf 78' lang='grc' dir='ltr'>ἐνό-</span> 
     </span>
    </p>
   </div>
   <div class='ocr_carea' id='block_1_118' title="bbox 2050 5459 3611 5540">
    <p class='ocr_par' dir='ltr' id='par_1_118' title="bbox 2050 5459 3611 5540">
     <span class='ocr_line' id='line_1_118' title="bbox 2050 5459 3611 5540; baseline -0.003 -15"><span class='ocrx_word' id='word_1_839' title='bbox 2050 5475 2218 5529; x_wconf 75' lang='grc' dir='ltr'>τηται</span> <span class='ocrx_word' id='word_1_840' title='bbox 2253 5461 2330 5523; x_wconf 73' lang='grc' dir='ltr'><strong>εἰς</strong></span> <span class='ocrx_word' id='word_1_841' title='bbox 2370 5459 2497 5529; x_wconf 73' lang='grc' dir='ltr'>μῖαν</span> <span class='ocrx_word' id='word_1_842' title='bbox 2535 5461 2762 5536; x_wconf 84' lang='grc' dir='ltr'>θεότητα</span> <span class='ocrx_word' id='word_1_843' title='bbox 2784 5505 2798 5531; x_wconf 96' lang='grc'><strong>,</strong></span> <span class='ocrx_word' id='word_1_844' title='bbox 2841 5467 2901 5522; x_wconf 80' lang='grc' dir='ltr'>τὺ</span> <span class='ocrx_word' id='word_1_845' title='bbox 2934 5467 3192 5540; x_wconf 72' lang='grc' dir='ltr'>σαρκικδν</span> <span class='ocrx_word' id='word_1_846' title='bbox 3224 5465 3525 5538; x_wconf 61' lang='grc' dir='ltr'>ἄφθαρτον,</span> <span class='ocrx_word' id='word_1_847' title='bbox 3556 5464 3611 5520; x_wconf 76' lang='grc' dir='ltr'>τὸ</span> 
     </span>
    </p>
   </div>
  </div>
