3754 6182
152 125 260 177 977

830 121 1203 191 ADVERSUS
1242 121 1582 178 HASRESES
1616 122 1746 179 LIB.
1789 124 1830 180 1.
1872 123 2035 181 TOM.
2077 124 2116 180 Ι.
2158 158 2226 167 --
2264 124 2309 180 Η

1242 121 1582 178 ΗᾹΞΗΕΒΕΞ
1616 122 1746 179 LIB.
1789 124 1830 180 1.
1872 123 2035 181 TOM.
2077 124 2116 180 Ι.
2158 158 2226 167 --
2264 124 2539 203 ΗᾹῐίὶΕῆὸ.
2575 128 2693 187 XX.

3299 136 3409 195 278

156 237 468 310 σωματικὸν
502 236 870 307 πνευματικὸν
891 280 905 301 ,
932 236 992 290 τὸ
1033 238 1346 309 παχυμερὲς
1380 237 1638 308 λεπτομεε

1924 239 2439 308 [uam,divinitatem
2484 242 2864 307 consociavit;
2901 250 2960 299 ut
2995 254 3048 301 ct
3080 260 3245 306 carne
3271 265 3406 306 con-

154 335 215 386 τὸ
241 332 431 403 θνητὸν
466 331 752 396 ἀθάνατον,
791 330 864 401 μὴ
887 330 1131 401 έωρακὸς
1153 330 1289 394 ὅλως
1313 329 1630 399 διαφθορὰν,
1658 330 1732 400 μὴ

154 423 609 493 καταλειφθείσης
638 421 740 490 τῆς
777 420 958 490 ψυχῆς
1002 422 1058 473 ὲν
1091 419 1225 491 ᾄδῃ,
1264 418 1336 489 μὴ
1385 419 1733 490 μερισθέντος

152 514 249 567 τοῦ
285 514 518 585 ὀργάνου
553 512 689 583 πρὸς
727 512 1020 583 ἁμαρτίαν,
1056 512 1129 581 μὴ
1157 510 1478 581 χρανθέντος
1515 510 1609 563 τοῦ
1640 509 1731 564 νοῦ

151 607 330 675 τροπῇ
354 643 369 667 ,
397 603 533 657 ἀλλά
558 604 628 656 τὰ
655 603 753 656 ὅλα
785 602 886 673 μὲν
920 602 1209 673 ἀνθρώπου
1242 601 1419 654 λαϐὼν
1441 644 1455 667 ,
1492 601 1734 670 φυλάξας

152 696 208 749 δὲ
240 696 338 749 ὅλα
361 696 542 749 τέλεια
584 693 972 756 ὲπιδεδωκυίας
998 692 1097 762 τῆς
1127 692 1380 762 θεότητος
1404 696 1470 765 τῇ
1506 693 1732 765 ἀληθινῇ

64 843 69 846 ,
152 787 565 857 ὲνανθρωπήσει
614 786 750 857 πρὸς
791 784 889 848 τὰς
935 784 1186 852 εὐλόγους
1231 786 1455 855 χρείας,
1498 785 1640 854 λέγω
1667 786 1732 858 δὴ

151 878 255 939 τὰς
290 879 355 929 ἐκ
385 875 633 946 σώματός
668 893 726 928 τε
761 874 855 928 καὶ
880 874 1088 945 ψυχῆς,
1120 876 1213 927 καὶ⁵
1242 875 1307 927 ὲκ
1332 874 1424 926 νοῦ
1456 874 1732 946 ἀνθρωπί-

151 987 245 1022 νου
272 966 707 1037 ὲπιζητουμένας
739 967 835 1037 τὴν
863 967 1256 1038 πληροφορίαν,
1294 966 1542 1019 τουτέστι
1569 966 1730 1041 πείνῃ

150 1063 248 1115 καὶ
283 1061 425 1131 δίψει
444 1101 459 1124 ,
492 1056 754 1129 κλαυθμῷ
781 1075 840 1110 τε
868 1059 960 1111 καὶ
993 1058 1201 1128 ἀθυμίᾳ
1221 1098 1235 1122 ,
1262 1057 1519 1129 δακρύσει
1544 1074 1606 1109 τε
1639 1059 1734 1113 καὶ

153 1154 311 1223 ὕπνῳ
339 1152 434 1205 καὶ
463 1149 788 1207 ἀναπαύσει.
832 1148 1018 1202 Ταῦτα
1056 1148 1165 1219 γὰρ
1197 1149 1295 1218 οὐχ
1342 1148 1615 1219 ἁμαρτίας
1652 1144 1733 1201 εί-

149 1242 273 1307 δος,
322 1242 435 1296 ἀλλ’
483 1242 943 1313 ἒνανθρωπήσεως
1000 1239 1369 1311 ἀληθεστάτης
1422 1237 1729 1309 γνώρισμα,

151 1333 385 1406 ἀληθείᾳ
411 1334 511 1405 τῆς
543 1332 792 1403 θεότητος
823 1330 1089 1400 συνούσης
1119 1333 1184 1401 τῇ
1221 1329 1599 1402 ἀνθρωπότητι
1624 1367 1638 1392 ,
1669 1330 1732 1382 οὐ

146 1425 220 1479 τὰ
251 1424 571 1497 ἀνθρώπινα
605 1421 939 1493 πασχούσης,
973 1420 1110 1474 ἀλλὰ
1131 1420 1232 1490 τῆς
1258 1419 1513 1490 θεότητος
1543 1436 1734 1472 συνευ-

148 1517 421 1586 δοκούσης
458 1517 535 1579 είς
563 1514 631 1568 τὰ
666 1513 883 1582 εὔλογα,
912 1513 1006 1566 καὶ⁹
1032 1512 1101 1565 τά
1133 1511 1289 1574 ἐκτὸς
1324 1510 1600 1582 ἁμαρτίας
1638 1509 1733 1562 καὶ

147 1609 366 1679 τροπῆς
399 1606 852 1679 ἀπηγορευμένης
872 1623 885 1634 ο
917 1605 1114 1675 ἀνέστη
1138 1645 1153 1668 ,
1184 1604 1278 1657 καὶ
1309 1601 1488 1674 θυρῶν
1515 1603 1725 1656 κεκλειο

148 1701 369 1771 σμὲνων
398 1699 662 1769 εἰσῆλθεν,
696 1699 783 1752 ἵνα
807 1698 866 1751 τὸ
896 1696 1208 1767 παχυμερὲς
1238 1696 1573 1767 λεπτομερὲς
1595 1696 1732 1749 ἀπο-

144 1790 300 1861 δείξῃ
325 1832 340 1856 ,
368 1790 500 1844 αὐτὸ
529 1791 589 1843 τὸ
617 1789 677 1841 ὃν
711 1789 807 1843 σὺν
842 1788 1007 1859 σαρκὶ
1034 1788 1131 1841 καὶ
1172 1787 1399 1851 ὀστέοις.
1431 1787 1587 1841 Μετά
1623 1787 1732 1859 γὰρ

143 1882 208 1934 τὸ
251 1881 543 1946 εἰσελθεῖν,
590 1880 757 1947 ἔδειξε
805 1882 997 1952 χεῖρας
1024 1878 1118 1932 καὶ
1146 1878 1313 1942 πόδας
1356 1880 1450 1931 καὶ
1490 1878 1730 1949 πλευρὰν

145 1973 508 2044 νενυγμένην,
535 1972 696 2025 ὀστέα
724 1988 785 2025 τε
814 1972 907 2025 καὶ
947 1970 1116 2041 νεῦρα
1135 2009 1151 2034 ,
1193 1970 1289 2023 καὶ
1318 1969 1484 2025 τᾶλλα
1503 2010 1518 2033 ,
1550 1969 1624 2032 ὡς
1655 1968 1730 2040 μὴ

144 2064 286 2119 εἶναι
319 2064 617 2135 φαντασίαν
642 2062 711 2117 τὰ
738 2063 1011 2134 ὁρώμενα.
1039 2060 1286 2125 Πίστεως
1310 2078 1369 2114 τε
1394 2062 1486 2114 καὶ
1514 2059 1729 2124 ἐλπίδος

142 2157 243 2227 τῆς
285 2155 566 2226 ἡμετέρας
592 2153 689 2225 τὴν
715 2153 1006 2224 ὑπόσχεσιν
1046 2153 1283 2206 ἐποιεῖτο
1322 2152 1389 2205 δι’
1420 2149 1612 2203 ἑαυτοῦ
1660 2149 1729 2202 τά

144 2247 241 2301 ὅλα
276 2246 525 2308 τελείως.
566 2246 676 2299 Καὶ
706 2242 1049 2308 συναλίζεται
1077 2245 1137 2297 ού
1168 2244 1410 2314 δοκήσει,
1439 2242 1574 2296 ἀλλά
1598 2243 1731 2313 ἀλη-

145 2330 303 2408 θείᾳ’
342 2334 613 2388 παιδεύων
659 2352 718 2387 τε
761 2334 966 2398 ἐδίδαξε
1021 2333 1296 2404 βασιλείαν
1337 2332 1581 2404 οὐρανῶν
1628 2349 1730 2403 κη-

148 2429 375 2501 ρύσσειν
405 2429 462 2482 ὲν
487 2426 734 2498 ἀληθεία,
783 2426 844 2480 τὸ
875 2427 1019 2497 μέγα
1048 2426 1143 2479 καὶ
1172 2425 1598 2496 κορυφαιότατον
1628 2441 1727 2495 ση-

148 2521 363 2591 μαίνων
384 2522 498 2583 τοῖς
528 2519 818 2591 μαθηταῖς.
854 2520 949 2572 καὶ
977 2518 1152 2587 λέγων
1171 2533 1184 2547 ’
1210 2516 1637 2585 Μαθητεύσατε
1658 2516 1730 2569 τὰ

142 2612 323 2678 ἔθνη·
356 2610 603 2663 τουτέστι
639 2608 1002 2680 μεταϐάλλετε
1034 2608 1103 2662 τά
1131 2607 1259 2678 έθνη
1291 2608 1400 2661 ἀπὸ
1430 2606 1626 2671 κακίας
1649 2609 1729 2672 εἰς

143 2703 448 2775 ἀλήθειαν,
487 2703 595 2756 ἀπὸ
636 2702 898 2775 αἱρέσεων
943 2702 1023 2764 εἰς
1056 2701 1186 2772 μίαν
1216 2701 1466 2772 ἑνότητα.
1510 2702 1731 2756 Banti-

143 2812 296 2851 σατε
325 2796 551 2861 αὐτοὺς
573 2797 660 2861 εἰς
682 2795 870 2864 ὄνομα
894 2793 1124 2861 Πατρός
1144 2792 1241 2846 καὶ
1268 2793 1404 2847 Υἱοῦ
1431 2793 1530 2847 καί
1556 2794 1728 2863 ἁγίου

1838 336 1990 382 stans
2036 336 2089 382 et
2134 327 2535 398 incorruptum,
2571 344 2896 400 corporeum
2936 334 3099 388 simul
3145 351 3207 390 ac
3240 338 3405 407 spiri-

1834 419 2003 485 tuale,
2034 426 2359 473 concretum
2408 433 2470 474 ac
2501 427 2685 483 tenue,
2732 423 2961 477 mortale
2992 425 3197 494 pariter
3243 437 3406 498 atque

1837 509 2144 565 immortale
2174 509 2303 564 illud
2334 518 2511 565 esset:
2543 512 2685 581 quod
2716 513 2863 567 nulla
2893 515 3118 569 omnino
3145 517 3269 572 tabe
3292 518 3406 574 dise

1835 601 2079 655 solutum
2112 600 2327 667 fuerat;
2361 617 2535 672 neque
2563 603 2684 672 ejus
2715 605 2897 659 anima
2929 607 3072 676 apud
3099 608 3409 667 inferosre—

1836 690 1984 755 licta,
2021 706 2120 746 nec
2155 691 2332 761 ipsum
2363 695 2509 747 velut
2542 693 2966 749 instrumentum
2990 698 3261 767 quoddam
3311 700 3410 754 ali-

1836 795 1946 852 qua
1975 796 2040 835 ex
2072 790 2226 852 parte
2255 783 2465 851 peccati
2496 782 2550 835 in
2578 783 2898 853 obsequium
2944 784 3273 855 impensum,
3306 803 3406 841 ne-

1836 888 1943 942 que
1980 888 2133 927 mens
2169 872 2276 927 ulla
2307 882 2419 927 eral
2459 874 2513 928 in
2562 874 2807 930 deterius
2844 876 3151 931 mutatione
3179 877 3402 947 polluta.

1839 961 1945 1018 Sed
1996 962 2069 1016 ita
2112 963 2215 1017 sibi
2268 964 2448 1017 omnia
2504 979 2624 1034 qua:
2678 965 2956 1020 hominum
3005 967 3225 1037 pr0pria
3279 978 3409 1023 sunt

1836 1053 2093 1115 adscivit,
2127 1054 2314 1108 eadem
2352 1065 2410 1109 ut
2454 1056 2666 1127 integra
2691 1065 2955 1120 servaret,
2987 1073 3108 1127 quae
3134 1073 3275 1113 verae
3306 1059 3404 1122 illi,

1834 1145 2127 1213 quamsibi
2154 1147 2566 1213 conciliaverat,
2588 1160 2798 1202 naturae
2817 1151 3161 1204 necessarios
3178 1150 3243 1204 ad
3273 1166 3409 1206 usus

1834 1234 2093 1290 divinitas
2136 1245 2512 1302 concesserat,
2544 1253 2680 1293 usus
2713 1239 2974 1293 nimirum
3025 1240 3165 1305 illos,
3213 1242 3307 1310 qui
3347 1250 3408 1295 ut

1834 1342 1958 1382 esse
1992 1329 2209 1397 penitus
2248 1331 2459 1400 possint
2500 1336 2695 1401 partim
2722 1333 2972 1402 corporis
2994 1340 3173 1404 egent,
3206 1333 3405 1403 partim

1834 1419 2022 1483 animi,
2070 1428 2233 1491 atque
2280 1423 2530 1477 humanae
2578 1425 2778 1478 mentis
2810 1424 3185 1479 adminiculo:
3217 1424 3406 1493 cujus-

1834 1510 1981 1563 modi
2026 1519 2153 1566 sunt
2187 1512 2379 1577 fames,
2412 1514 2551 1579 sitis,
2586 1513 2769 1579 ﬂetus,
2811 1530 2874 1569 ac
2916 1515 3092 1583 dolor,
3129 1516 3404 1587 lacrymae,

1837 1616 2062 1659 somnus
2083 1619 2145 1658 ac
2169 1608 2407 1675 requies.
2435 1605 2559 1661 Hzec
2584 1609 2732 1662 enim
2754 1610 2934 1664 omnia
2960 1611 3108 1665 nulla
3132 1610 3405 1666 infuscata

1834 1694 2043 1764 peccati
2093 1696 2309 1765 specie,
2356 1708 2623 1768 susceptae
2668 1700 2850 1772 reipsa
2904 1710 3116 1756 naturae
3164 1700 3407 1756 hominis

1814 1794 2155 1855 argumenta
2188 1788 2495 1853 continent,
2526 1806 2633 1860 qua
2664 1806 2787 1846 cum
2819 1807 2944 1847 vere
2977 1793 3296 1847 consociata
3322 1792 3406 1846 di-

1834 1873 2035 1933 viriitas
2059 1879 2359 1934 humanum
2394 1873 2576 1937 tamen
2604 1883 2805 1952 patitur
2831 1884 2990 1947 nihil,
3028 1884 3245 1938 tametsi
3284 1899 3407 1954 qua:

1832 1969 2030 2023 rationi
2082 1979 2452 2027 consentanea
2506 1971 2720 2040 forent,
2765 1980 2819 2027 et
2865 1976 2934 2027 ab
2977 1974 3126 2027 omni
3176 1974 3405 2038 scelere,

1832 2065 1997 2129 atque
2026 2060 2084 2114 in
2114 2061 2269 2131 pejus
2299 2063 2603 2117 mutatione
2633 2063 2825 2132 procul
2856 2071 3063 2126 essent,
3100 2063 3403 2119 admiserit.

1831 2147 1915 2203 Ad
1944 2150 2061 2205 haec
2088 2152 2356 2207 excitatus
2388 2168 2419 2206 a
2455 2161 2629 2209 morte
2658 2155 2910 2209 Christus
2941 2156 3183 2211 occlusis
3219 2156 3406 2226 januis

1832 2239 2112 2312 ingressus
2140 2253 2243 2309 est,
2284 2245 2365 2299 uti
2394 2245 2540 2316 quod
2583 2246 2850 2302 hactenus
2892 2263 3141 2305 crassum
3177 2264 3407 2305 concre-

1830 2339 2056 2403 tumque
2094 2333 2270 2389 fuerat
2307 2350 2528 2405 corpus,
2573 2337 2764 2391 eadem
2792 2352 2917 2391 cum
2951 2352 3117 2393 carne
3156 2339 3407 2394 ossibus—

1829 2437 1937 2491 que
1982 2432 2144 2480 tenue
2177 2438 2241 2481 ac
2272 2428 2471 2483 subtile
2502 2443 2624 2483 esse
2651 2436 3001 2484 monstraret.
3037 2428 3233 2483 Statim
3261 2432 3408 2487 enim

1832 2522 2000 2585 atque
2034 2516 2407 2589 introgressus
2437 2526 2522 2574 est
2553 2534 2751 2575 manus
2781 2535 2844 2573 ac
2879 2522 3065 2589 pedes,
3097 2531 3151 2576 et
3178 2521 3406 2576 Confos-

1830 2620 1952 2660 sum
1999 2606 2146 2683 latus
2193 2623 2319 2663 cum
2368 2609 2590 2666 ossibus
2620 2624 2686 2663 ac
2721 2611 2905 2666 nervis
2957 2612 3232 2667 ostendit:
3270 2611 3407 2667 adeo

1829 2711 1951 2767 qua:
1980 2705 2092 2751 tum
2126 2698 2454 2754 videbantur
2487 2700 2663 2756 solida
2696 2710 2870 2766 erant,
2905 2716 3007 2756 nec
3030 2703 3213 2771 specie
3244 2708 3406 2757 tenus

1829 2792 2140 2847 exstabant.
2170 2793 2381 2858 Quibus
2405 2793 2569 2848 rebus
2592 2807 2783 2848 eorum
2812 2794 3079 2858 omnium,
3106 2809 3228 2863 quae
3259 2794 3403 2859 fidei,

143 2890 500 2959 Πνεύματος
519 2905 532 2918 ·
569 2889 649 2951 είς
684 2888 783 2959 τὴν
811 2885 1094 2958 Κυριακὴν
1119 2887 1414 2956 ὀνομασίαν
1441 2886 1538 2957 τῆς
1563 2886 1625 2956 Ti

1921 2884 2055 2953 :ique
2098 2892 2301 2939 nostra
2344 2884 2452 2954 50
2494 2884 2776 2955 proposita
2822 2892 2973 2950 sunt,
3006 2887 3403 2955 promissorum

118 2983 267 3049 ’δος,
299 2982 407 3054 τὴν
435 2983 599 3051 ἁγίαν
644 2982 737 3035 καὶ
774 2980 1055 3053 βασιλικὴν
1098 2980 1367 3052 σφραγῖδα
1388 2995 1401 3007 ο
1447 2979 1534 3031 ἵνα
1572 2978 1600 3031 δ

1923 2991 2074 3031 ἐοδε
2113 2976 2395 3031 veritatem
2428 2977 2645 3046 penitus
2670 2978 3013 3048 approbavit.
3052 2977 3249 3035 Postea
3294 2994 3405 3034 non

142 3073 209 3127 ἐκ
246 3071 349 3126 τοῦ
378 3073 641 3142 ὀνόματος
681 3071 947 3143 μηδεμίαν
975 3071 1257 3125 ἀλλοίωσιν
1293 3065 1431 3122 εἶναι
1461 3069 1560 3140 τῆς
1595 3085 1624 3138 μ

1925 3082 1957 3121 a
1989 3067 2252 3122 duntaxat
2282 3066 2540 3138 imagine,
2572 3067 2667 3122 sed
2701 3069 2890 3138 reipsa
2914 3084 3038 3123 cum
3076 3070 3193 3125 suis
3220 3071 3403 3140 epula-

141 3164 424 3236 ἑνότητος.
451 3164 625 3217 Ὅπου
657 3162 763 3234 γὰρ
793 3164 842 3215 oi
868 3161 1252 3232 βαπτιζόμενοι
1283 3159 1593 3214 κελεύονται

1949 3158 2170 3215 eosdem
2204 3159 2464 3224 instituit,
2503 3174 2569 3215 ac
2592 3161 2815 3217 caeleste
2853 3176 3080 3231 regnum
3111 3177 3234 3216 cum
3262 3162 3404 3217 veri-

120 3254 313 3309 »αὐτοῦ
350 3256 439 3319 εις
464 3255 651 3324 ὄνομα
689 3254 937 3322 Πατρός,
970 3252 1216 3323 ἀσφαλὴς
1243 3253 1278 3322 ἡ
1304 3250 1602 3318 δοξολογία¹

1922 3268 1937 3307 ι
1981 3252 2239 3305 nuntiare
2282 3250 2469 3305 docuit
2506 3270 2519 3306 :
2580 3259 2695 3305 tum
2751 3265 2877 3305 cum
2931 3252 3227 3307 maximum
3273 3253 3404 3308 illud

139 3346 337 3415 ὄνομα
376 3345 536 3412 Υἱοῦ,
569 3346 668 3398 οὐκ
693 3345 1006 3407 ἀποδέοντπ
1029 3346 1061 3415 ἡ
1087 3342 1398 3412 ἐπίκλησις·
1430 3343 1516 3406 εἰς
1539 3340 1621 3394 ὅγε

1916 3357 2099 3412 igeque
2137 3342 2471 3413 praecipuum
2522 3358 2789 3398 arcanum
2834 3344 3122 3414 discipulis
3167 3346 3398 3416 aperuit.

142 3436 320 3505 ἁγίου
345 3437 720 3505 Πνεύματος,
746 3436 807 3489 ού
832 3435 1157 3508 διῃρημένος
1186 3434 1214 3486 ὁ
1244 3433 1540 3504 σύνδεσμος
1558 3474 1573 3499 ,
1600 3450 1624 3485 ο

1921 3432 2490 3502 εειε,ἰη(ιυὶι¹,οιηηεε
2519 3444 2715 3504 gentes.
2744 3433 2860 3489 Hoc
2891 3444 3003 3490 est:
3037 3437 3116 3491 Ab
3141 3437 3403 3507 improbi-

146 3527 662 3598 ἀπηλλοτριωμένος
686 3529 784 3597 τῆς
814 3529 940 3597 μιᾶς
970 3526 1220 3597 Θεότητος
1254 3524 1392 3595 ἔχων
1421 3525 1520 3595 τὴν
1553 3540 1622 3592 σφ

1919 3539 1944 3578 e
1974 3522 2095 3578 illas
2124 3522 2192 3577 ad
2220 3522 2503 3579 veritatem
2527 3541 2542 3591 ;
2577 3524 2645 3579 ab
2674 3526 2836 3579 sectis
2865 3526 3031 3581 variis
3062 3527 3129 3580 ad
3155 3528 3401 3596 ejusdem

155 3620 287 3686 ίῐᾶα.
1558 3600 1561 3601 ν
1830 3613 2103 3683 dogmatis
2144 3616 2584 3669 communionem
2633 3614 2921 3671 traducite.
2986 3619 3263 3686 Baptizate
3316 3638 3405 3676 eos

165 3731 198 3767 n
235 3715 451 3768 nomine
484 3712 689 3779 Patris,
745 3720 794 3767 et
842 3711 996 3776 Filii,
1068 3720 1120 3766 et
1172 3710 1404 3780 Spiritus
1465 3708 1671 3774 sancti;
1731 3705 1989 3761 nimirum
2039 3706 2096 3761 in
2154 3706 2433 3761 Dominica
2481 3688 2765 3763 Trinitatis
2820 3711 3200 3780 appellatione,
3257 3715 3405 3785 quod

152 3824 330 3878 .psum
358 3816 768 3873 sacrosanctum
806 3814 909 3871 est,
961 3821 1023 3861 ac
1060 3806 1270 3878 regium
1312 3806 1569 3875 signum;
1616 3816 1725 3873 quo
1765 3802 1848 3858 vel
1900 3802 2020 3871 ipso
2068 3802 2291 3857 nomine
2328 3803 2683 3873 significaret,
2726 3804 2863 3858 nihil
2911 3819 3033 3860 esse
3083 3804 3155 3859 ab
3199 3805 3407 3862 unitate

152 3900 452 3953 liversum.
498 3899 635 3953 Cum
669 3900 814 3955 enim
862 3899 1127 3970 baptizari
1172 3900 1421 3954 homines
1461 3898 1616 3968 jubet
1660 3898 1716 3950 in
1778 3897 1987 3951 nmnine
2015 3893 2222 3957 Patris.
2249 3895 2405 3949 firma
2444 3911 2508 3952 ac
2540 3897 2751 3954 stabilis
2801 3904 2885 3952 est
2909 3897 3097 3968 gloriae
3141 3898 3407 3967 przedi'ca-

154 3992 243 4045 .io.
296 3988 460 4055 Quod
506 4004 636 4044 vero
677 3989 895 4045 additur
952 3994 1008 4045 in
1045 3992 1252 4046 nomine
1297 3989 1451 4059 Filii,
1519 3990 1669 4046 nulla
1707 4004 1769 4045 re
1822 3988 1969 4043 hunc
2009 4003 2041 4041 a
2092 3998 2320 4057 paterna
2360 3986 2624 4057 dignitate
2663 3984 2894 4042 deiicere
2940 3987 3232 4057 appellatio
3280 3988 3401 4058 ipsn

154 4084 416 4140 Jeclarat.
450 4083 735 4140 Postremo
768 4084 835 4139 iis
875 4085 930 4139 in
954 4087 1159 4151 verbis,
1191 4088 1248 4140 in
1291 4088 1499 4142 nomine
1545 4085 1778 4154 Spiritus
1830 4082 2037 4148 sancti,
2089 4081 2240 4136 nulla
2284 4086 2370 4137 est
2413 4080 2820 4151 conjunctionis
2873 4080 3106 4146 divisio,
3163 4080 3402 4136 varietas

154 4178 328 4243 nulla;
364 4176 458 4232 sed
502 4178 666 4232 unius
710 4176 1013 4235 divinitatis
1055 4179 1205 4233 velut
1253 4181 1467 4251 signum
1509 4183 1893 4249 repraesentat.

214 4272 289 4321 A'.
336 4268 448 4321 Καὶ
480 4268 757 4338 ἀνελήφθη
810 4270 889 4333 είς
932 4270 1159 4342 οὐρανὸν
1202 4275 1258 4327 ὲν
1299 4272 1450 4343 αὐτῷ
1491 4273 1571 4343 τῷ
1620 4271 1696 4325 σὼ

1920 4265 1990 4321 ,V.
2022 4263 2266 4336 Denique
2307 4264 2498 4320 eodem
2526 4279 2651 4320 cum
2685 4278 2917 4335 corpore
2947 4272 3002 4319 et
3031 4263 3212 4318 anima
3247 4278 3402 4319 men—

124 4378 280 4430 ⁴ματι
299 4400 316 4425 ,
354 4360 450 4412 καὶ
476 4361 542 4428 τῇ
574 4359 719 4430 ψυχῇ
741 4399 755 4421 ,
792 4360 885 4412 καὶ
915 4360 993 4431 τῷ
1026 4360 1120 4431 νῷ,
1149 4362 1458 4425 συνενὼσας
1482 4364 1560 4425 είς
1597 4379 1606 4431 ι

1915 4371 1993 4426 me
2051 4356 2116 4411 ad
2167 4371 2395 4426 superos
2438 4363 2659 4411 evectus
2707 4366 2814 4420 est,
2868 4356 3131 4411 omnibus
3186 4355 3298 4408 illis
3346 4356 3397 4407 in

152 4450 380 4520 ἑνότητα
418 4448 512 4517 καὶ
556 4450 686 4518 μίαν
727 4451 1104 4521 πνευματικὴν
1140 4451 1459 4507 ὑπόστασιν.
1496 4453 1604 4505 Καὶ
1642 4451 1728 4506 ἐν·

152 4546 264 4592 θεον
314 4538 683 4601 ἀποτελέσας,
734 4538 984 4592 ἐκάθισεν
1032 4541 1092 4593 ὲν
1142 4540 1290 4612 δεξιᾷ
1339 4540 1432 4594 τοῦ
1481 4543 1725 4613 Πατρὸς,

153 4630 373 4700 πέμψας
416 4630 665 4698 κήρυκας
697 4632 774 4692 είς
809 4629 938 4701 ὅλην
971 4630 1070 4702 τὴν
1115 4633 1459 4702 οἰκουμένην,
1508 4634 1728 4704 Σίμωνα

151 4718 357 4789 Πέτρον
376 4760 390 4781 ,
428 4718 524 4770 καὶ⁸
575 4717 826 4788 Ἀνδρέαν
854 4718 947 4770 τὸν
971 4718 1196 4788 ἀδελφὸν
1230 4720 1396 4773 αὐτοῦ
1415 4762 1428 4783 ,
1472 4720 1728 4774 Ἰάκωϐον

153 4809 239 4863 καὶ
276 4810 536 4879 Ἰωάννην
568 4809 692 4871 τοὺς
722 4810 869 4873 υίοὺς
899 4809 1202 4874 Ζεϐεδαίου,
1233 4811 1327 4874 οὓς
1355 4810 1521 4865 πάλαι
1547 4811 1727 4876 ἐξελέ-

153 4898 306 4963 ξατοο
337 4899 606 4951 Φίλιππον
652 4899 746 4952 καὶ
794 4899 1227 4971 Βαρθολομαῖον,
1260 4901 1567 4968 Ματθαῖον,
1607 4901 1725 4954 9w-

152 4990 257 5059 μᾶν
287 5006 351 5042 τε
396 4989 491 5041 καὶ
532 4988 758 5052 Ἰούδαν,
808 4989 902 5042 καὶ
931 4989 1219 5057 Θαδδαῖον,
1256 4989 1474 5061 Σίμωνα
1503 4991 1594 5043 τὸν
1622 4993 1729 5062 Ζη-

152 5080 343 5148 Αωτήν.
388 5078 589 5142 Ἰούδας
615 5079 724 5151 γὰρ
752 5082 780 5133 ὀ
823 5078 1209 5152 Ἰσκαριώτης,
1242 5082 1289 5134 εί
1322 5081 1416 5134 καὶ
1450 5080 1640 5151 πρώην
1671 5083 1727 5134 ὲν

158 5174 257 5233 τοῖς
285 5170 499 5225 δώδεκα
528 5170 839 5242 ἐψηφίζετο,
868 5174 1129 5246 προδότης
1146 5174 1451 5245 γενόμενος.
1482 5175 1725 5247 ἀπετμή-

150 5258 215 5329 θη
251 5259 350 5312 τοῦ
393 5260 544 5327 ἁγίου
586 5261 692 5313 τῶν
723 5262 1032 5316 ἀποστόλων
1064 5264 1386 5332 καταλόγου.
1420 5264 1731 5318 Ἀπέστειλε

150 5347 208 5403 δὲ
238 5350 336 5403 καὶ
370 5349 563 5413 ἄλλους
593 5351 1055 5423 ἑϐδομηκονταδύο
1086 5355 1397 5426 κηρύττειν,
1419 5353 1479 5422 ἐξ
1496 5349 1570 5410 ὧν
1591 5352 1729 5431 ἦσαν

226 5524 242 5555 ¹
272 5521 468 5578 Matth.
507 5538 699 5592 nvtu,
730 5525 813 5580 l9.

1831 4464 2001 4503 unum
2035 4448 2309 4514 conﬂatis,
2345 4456 2508 4517 atque
2542 4447 2597 4501 in
2624 4446 2869 4501 eamdem
2903 4444 3244 4516 spiritualem
3274 4459 3403 4515 per-

1833 4556 2024 4596 sonam
2068 4540 2559 4603 concurrentibus,
2608 4537 2919 4607 divinisque
2969 4535 3217 4591 redditis.
3272 4536 3404 4592 Inde

1833 4646 1961 4685 mox
1994 4637 2053 4684 ut
2089 4629 2157 4683 ad
2201 4628 2379 4684 Patris
2433 4630 2676 4684 dextram
2721 4627 2991 4694 consedit,
3034 4643 3315 4699 praecones
3344 4631 3404 4686 iu

1832 4723 2148 4778 universum
2198 4722 2388 4777 orbem
2435 4722 2663 4784 dimisit,
2721 4718 2999 4775 Simonem
3051 4719 3293 4787 Petrum,
3345 4730 3403 4777 et

1826 4812 2100 4869 Andream
2133 4812 2254 4883 ejus
2285 4812 2533 4878 fratrem,
2563 4809 2828 4866 Jacobum
2852 4820 2906 4864 et
2939 4809 3204 4865 Joannem
3238 4810 3409 4868 Zebe-‘

1824 4905 1927 4961 dzei
1966 4906 2128 4969 filios,
2158 4919 2297 4976 quos
2340 4904 2469 4958 olim
2513 4902 2806 4970 delegerat,
2836 4900 3149 4972 Philippum
3178 4912 3233 4960 et
3263 4903 3400 4958 Bar-
3472 4900 3491 4907 ”

1831 4998 2202 5060 tholomaeum,
2243 4995 2577 5058 Matthteum,
2621 4991 2907 5061 Thomam,
2957 5004 3013 5051 et
3064 4994 3283 5061 Judam,
3335 5012 3400 5052 ac

1829 5089 2181 5155 Thaddaeum,
2224 5102 2287 5142 ac
2337 5086 2613 5141 Simonem
2659 5085 2915 5141 Zeloten:
2958 5103 3082 5142 nam
3112 5088 3400 5144 lscariotes

1829 5178 2000 5235 Judas
2034 5179 2136 5234 etsi
2165 5178 2427 5233 hactenus
2453 5177 2519 5231 ad
2541 5192 2615 5231 xu
2642 5177 2918 5246 ascriptus
2952 5176 3149 5241 fuerat,
3180 5187 3399 5248 postea-

1827 5286 1990 5341 quam
2026 5271 2355 5340 proditorem
2378 5285 2436 5324 se
2463 5268 2611 5333 fecit,
2631 5269 2699 5322 ab
2716 5284 2874 5325 sacro
2892 5272 3262 5339 apostolorum
3296 5288 3397 5326 nu-

1828 5380 1980 5422 mero
1998 5371 2084 5421 est
2110 5370 2433 5435 expunctus.
2458 5362 2660 5420 Prieler
2682 5363 2802 5434 hos,
2831 5379 2975 5420 um
3004 5366 3140 5421 alios
3159 5366 3226 5426 ad
3254 5349 3400 5420 eam.
