3754 6182
399 118 506 178 279

1795 114 1853 168 s.
1894 113 2234 171 smmum
2949 93 2957 101 ’
3556 115 3639 171 sse

396 231 519 286 dem
548 226 885 282 {unctionem
918 226 1136 297 allegat,
1171 240 1202 281 e
1230 220 1430 296 quibus
1461 241 1531 278 νη
1569 225 1643 278 illi
1676 224 1847 289 fuere,
1881 242 1943 294 qu

2162 225 2327 289 ἑπτὰ,
2366 227 2414 277 οἱ
2456 226 2547 277 ἐπὶ
2589 225 2698 278 τῶν
2744 226 2930 297 χηρῶν
2964 225 3321 298 τεταγμένοι·
3361 224 3639 293 Στέφανος,

397 322 465 376 ad
501 320 789 374 viduarum
820 318 1145 389 obsequium
1185 317 1376 373 delecti
1428 326 1591 373 sunt;
1642 314 1970 387 Stephanus,

392 411 703 481 Philippus,
736 409 1069 475 Prochorus,
1100 410 1354 475 Nicanor,
1395 409 1611 473 Timon,
1655 411 1970 481 l’armenas,

395 508 451 553 et
485 501 762 562 Nicolaus,
811 507 865 555 et
898 509 1024 555 ante
1072 499 1171 555 hos
1212 500 1488 565 Matthias,
1534 501 1628 570 qui
1672 500 1791 554 loco
1822 498 1974 554 Iudae

396 594 538 647 inter
566 592 847 662 apostolos
885 599 1174 662 cooptatus
1209 599 1317 647 est.
1354 591 1436 646 Ad
1466 602 1722 661 septenos
1753 593 1877 647 illos
1908 606 1974 646 ac

397 683 703 747 Matthiam,
756 681 998 737 Marcum
1058 684 1304 752 insuper,
1359 691 1414 738 et
1458 682 1685 749 Lucam,
1731 682 1968 750 Justum,

396 772 723 836 Barnabam,
753 773 1055 843 Appellem,
1086 772 1329 843 Buﬂ‘um,
1350 772 1599 843 Nigrum,
1623 789 1687 828 ac
1711 774 1969 844 reliquos,

396 862 475 917 uti
511 863 775 927 diximus,
808 879 955 917 Lxxu
984 864 1204 933 adjecit.
1243 864 1454 931 Quibus
1486 880 1611 919 cum
1640 865 1803 920 etiam
1840 882 1969 921 san-

395 960 544 1007 ctum
568 952 794 1006 Paulum
826 963 1017 1023 suapte
1041 953 1108 1008 de
1139 954 1277 1008 caelo
1308 969 1440 1010 voce
1462 955 1628 1009 missa
1661 956 1969 1025 apostolum

394 1044 637 1113 gentium
666 1058 729 1098 ac
760 1060 1089 1114 praeconem,
1116 1052 1170 1100 et
1199 1046 1513 1115 apostolica:
1539 1047 1806 1103 doctrina:
1837 1062 1969 1102 con-

392 1144 787 1191 summatorem
813 1136 1071 1192 instituit.
1097 1136 1199 1203 Qui
1224 1138 1439 1208 quidem
1471 1148 1719 1194 sanctum
1740 1139 1967 1209 Lucam,

395 1235 454 1280 ut
498 1235 835 1293 memorant,
887 1244 1055 1283 unum
1106 1244 1136 1284 e
1182 1244 1331 1283 mm
1383 1229 1675 1300 discipulis
1716 1231 1818 1301 51
1876 1233 1969 1302 qui

392 1320 575 1374 varias
601 1320 655 1374 in
684 1320 938 1390 regiones
978 1320 1229 1390 dissipati
1275 1320 1515 1388 fuerant,
1544 1322 1782 1387 reduxit,
1810 1337 1968 1378 eum-

393 1425 500 1479 que
537 1409 795 1465 comitem
822 1419 877 1465 et
908 1410 1214 1480 adjutorcm
1246 1411 1522 1483 Evangelii
1549 1413 1711 1468 simul
1746 1424 1799 1468 et
1837 1429 1965 1483 apo-

391 1500 590 1554 stolum
621 1500 891 1554 adhibuit.
920 1499 1037 1554 Hoc
1066 1501 1228 1556 modo
1265 1509 1434 1557 latum
1481 1501 1758 1571 Evangelii
1796 1519 1969 1575 nego-

391 1590 524 1643 tium
555 1589 622 1643 ad
662 1590 713 1644 id
747 1605 922 1661 usque
956 1593 1216 1664 temporis
1243 1592 1553 1649 confectum
1581 1603 1685 1650 est.

460 1702 641 1773 Atque
673 1703 942 1761 hactenus
971 1706 1038 1760 de
1078 1722 1128 1759 x1
1160 1707 1352 1774 sectis,
1384 1708 1563 1778 deque
1592 1720 1659 1764 eo
1691 1709 1837 1779 quod
1872 1725 1967 1765 or-

389 1794 520 1849 dine
561 1806 918 1852 consecutum
954 1811 1058 1861 est,
1104 1808 1159 1852 et
1204 1813 1237 1851 a
1278 1813 1366 1854 me
1408 1814 1509 1869 pro
1558 1800 1756 1854 virium
1801 1811 1967 1870 captu

390 1884 586 1951 paucis
615 1887 969 1955 explicatum,
1005 1889 1319 1959 evangelica
1361 1890 1573 1944 scilicet
1615 1890 1756 1956 luce,
1787 1907 1908 1961 quae
1935 1907 1968 1946 a

389 1977 614 2030 Christo
639 1976 889 2045 Domino,
908 1980 1220 2051 Christique
1239 1982 1525 2052 discipulis
1549 1983 1667 2038 orbi
1694 1992 1964 2039 terrarum

391 2064 542 2119 illata
576 2066 696 2119 fuit.
729 2064 938 2131 Quibus
960 2082 989 2121 a
1013 2082 1099 2122 me
1122 2068 1285 2123 dictis
1313 2078 1679 2124 consentanea
1707 2070 1969 2139 pleraque

389 2157 647 2227 colligere
674 2158 821 2221 licet,
844 2173 909 2212 ac
934 2160 1194 2214 vaticinia
1213 2168 1266 2215 et
1289 2161 1512 2215 oracula
1538 2176 1605 2217 ex
1625 2161 1744 2232 lege
1771 2162 1965 2225 veteri,

388 2247 475 2303 vel
500 2248 734 2302 Psalmis
764 2247 998 2318 aliisque
1042 2250 1199 2306 libris
1242 2252 1591 2322 conquirere,
1627 2261 1681 2307 et
1722 2255 1967 2307 omnium

389 2339 996 2412 seriem,ordinemque
1034 2345 1402 2411 perscrutari;
1450 2358 1517 2398 ex
1558 2343 1740 2414 iisque
1782 2343 1968 2398 incar-

387 2430 671 2486 nationem
724 2430 930 2487 Christi
991 2430 1206 2488 Domini
1266 2436 1556 2506 perspicue
1609 2437 1969 2506 comprobare

389 2536 501 2575 non
528 2523 959 2592 suppositltiam.
992 2525 1088 2581 sed
1129 2540 1313 2582 veram
1365 2529 1669 2592 exstitisse.
1713 2538 1877 2600 atque
1911 2531 1966 2584 in

389 2611 509 2682 lege
536 2613 705 2668 veteri
737 2614 1067 2683 nuntiatam,
1095 2624 1154 2671 ut
1176 2618 1245 2674 de
1274 2634 1339 2673 eo
1368 2620 1552 2676 nullus
1582 2621 1653 2675 sit
1678 2620 1965 2675 dubitandi

388 2703 545 2758 locus
576 2704 824 2761 relictus.
854 2704 962 2762 Sed
994 2722 1063 2762 ne
1087 2708 1252 2778 hujus
1274 2711 1457 2780 aperis
1482 2714 1739 2767 tractatio
1770 2715 1825 2767 in
1851 2712 1969 2769 inti-

388 2795 565 2848 uitum
602 2803 911 2863 excrescat,
941 2796 1028 2853 his
1062 2814 1186 2869 quae
1225 2801 1373 2855 dicta
1420 2813 1553 2858 sunt
1581 2806 1792 2861 erimus
1834 2819 1968 2859 con-

385 2882 543 2938 lenti.

454 2995 536 3049 Ac
577 2995 838 3066 deinceps
885 2999 1176 3068 opiniones
1224 3001 1373 3065 illas,
1421 3018 1544 3074 quae
1587 3005 1642 3059 in
1676 3006 1963 3061 hominum

384 3084 554 3140 vitam
580 3098 768 3156 postea
792 3090 1036 3159 pessimo
1058 3093 1243 3148 colore
1269 3108 1333 3148 ac
1358 3096 1541 3164 specie
1567 3097 1792 3166 prolatae
1817 3107 1964 3162 sunt,

385 3191 576 3234 eadem
609 3183 752 3236 serie
789 3191 1099 3253 pertexam:
1149 3193 1504 3257 posteaquam
1550 3205 1604 3243 χι
1652 3189 1965 3245 Judmorum

389 3268 976 3343 Samaritanorumque
1029 3284 1214 3333 sectas
1272 3293 1398 3332 cum
1454 3280 1830 3349 superioribus
1886 3297 1964 3345 ix,

384 3375 507 3430 qua:
536 3362 733 3418 partim
772 3378 804 3419 e
836 3363 1061 3430 Graecis,
1094 3368 1291 3437 partim
1332 3385 1400 3424 ex
1442 3370 1691 3427 barbaris
1733 3373 1965 3443 aliisque

384 3452 635 3509 conﬂata:
677 3463 807 3511 sunt
853 3465 983 3513 ante
1032 3456 1334 3514 Salvatoris
1380 3462 1694 3528 adventum,
1728 3464 1795 3517 ad
1848 3464 1964 3518 haec

384 3558 567 3614 usque
588 3552 838 3616 tempora
868 3548 1055 3603 habita
1090 3549 1377 3607 brevitatis
1408 3553 1624 3608 ratione
1647 3556 1960 3625 percensui.

703 3678 785 3734 De
811 3670 1134 3748 Nazarenis,
1169 3684 1277 3739 sive
1302 3684 1642 3743 Christianis.

454 3810 839 3869 Nazarteorum
861 3816 977 3873 sive
998 3816 1437 3875 Christianorum
1463 3828 1547 3875 est
1573 3822 1667 3891 qui
1700 3836 1729 3875 a
1759 3821 1961 3881 Judmis

382 3899 535 3955 brevi
559 3901 846 3972 interjecto
871 3916 1113 3977 tempore
1130 3919 1357 3965 vocatus
1374 3919 1458 3965 est
1477 3910 1956 3978 Christianismus,

383 3996 440 4044 et
470 3990 542 4044 ah
570 3991 708 4061 ipsis
740 3992 878 4049 adeo
911 3997 1177 4065 apostolis
1204 3996 1261 4051 id
1288 4012 1490 4055 nomen
1527 4000 1785 4067 obtinuit,
1829 4016 1955 4056 cum

383 4079 460 4135 ita
487 4078 683 4145 Petrus
704 4084 923 4141 locutus
950 4086 1045 4151 sit,
1070 4086 1255 4142 Iesum
1279 4087 1332 4140 Ν
1336 4106 1622 4144 azarenum
1652 4093 1822 4146 virum
1843 4108 1961 4161 pro-

384 4173 564 4227 batum
590 4191 623 4227 a
646 4174 757 4229 Deo
779 4176 819 4240 ι,
854 4184 962 4233 etc.
994 4175 1189 4233 Postea
1216 4196 1348 4235 vero
1370 4183 1671 4237 Antiochiae
1692 4185 1960 4241 Christia-

2081 316 2344 379 Φίλιππος
2364 355 2377 378 ,
2409 316 2711 388 Πρόχορος,
2744 318 3029 388 Νικάνωρ,
3061 318 3281 387 Τίμων,
3321 317 3638 386 Παρμηνίς,

2082 410 2175 462 καὶ
2204 407 2488 471 Νικόλαος.
2516 408 2629 479 Πρὸ
2658 408 2862 461 τούτων
2888 409 2945 462 δὲ
2974 410 3241 474 Ματθίας,
3268 414 3295 463 ὁ
3330 412 3457 464 ἀντὶ
3500 412 3641 465 Ἰούδα

2083 499 2487 571 συμψηφισθεὶς
2533 499 2671 569 μετὰ
2712 498 2821 551 τῶν
2862 500 3197 554 ἀποστόλων.
3245 502 3403 554 Μετὰ
3438 502 3641 565 τούτους

2080 591 2136 644 δὲ
2164 592 2289 652 τοὺς
2319 589 2457 643 ἑπτὰ
2492 591 2586 643 καὶ
2624 589 2875 643 Ματθίαν
2909 591 2999 643 τὸν
3037 592 3142 662 πρὸ
3173 592 3377 656 αὐτῶν,
3410 593 3640 663 Μάρκον,

2078 682 2314 744 Λουκᾶν,
2348 678 2600 744 Ἰοῦστον,
2632 678 2941 749 Βαρνάϐαν,
2970 681 3062 731 καὶ
3098 679 3383 750 Ἀπελλῆν,
3411 680 3640 749 Ῥοῦῳν,

2078 773 2309 844 Νίγερα,
2339 772 2435 825 καὶ
2462 771 2586 834 τοὺς
2611 770 2829 834 λοιποὺς
2864 770 2969 825 τῶν
3004 770 3494 841 ἑϐδομηκονταδύο.
3528 774 3643 827 Μετ’

2078 865 2273 927 αὐτοὺς
2300 863 2355 915 δὲ
2388 862 2595 925 πάντας
2639 862 2735 915 καὶ
2782 861 2879 914 σὺν
2909 861 3091 927 αὐτοῖς
3141 862 3349 915 Παῦλον
3386 863 3479 915 τὸν
3510 864 3642 931 ἅγιον

2079 954 2374 1011 ἀπόστολον
2407 954 2493 1007 διὰ
2531 954 2712 1024 φωνῆς
2760 952 2895 1017 ἰδίας
2942 954 3035 1005 ἀπ’
3082 954 3309 1024 οὐρανοῦ
3362 954 3642 1008 ἀπόστολον

2079 1046 2213 1119 ὁμοῦ
2249 1048 2342 1099 καὶ
2379 1047 2597 1118 κήρυκα
2622 1042 2821 1108 ἐθνῶν,
2855 1044 2948 1096 καὶ
2977 1044 3267 1115 πληρωτὴν
3294 1045 3640 1115 ἀποστολικῆς

2076 1136 2423 1199 διδασκαλίας
2475 1134 2775 1200 ἐξελέξατο.
2837 1136 2932 1197 ’ος
2987 1135 3302 1205 εὺρίσκεται
3364 1136 3460 1188 τὸν
3509 1138 3641 1203 ἆγιον

2076 1230 2291 1284 Λουκᾶν
2332 1228 2462 1282 ὄντα
2490 1228 2597 1281 τῶν
2631 1225 3094 1296 ἑϐδομηκονταδύο
3142 1226 3247 1281 τῶν
3286 1229 3642 1298 ἐσκορπισμέ-

2078 1338 2216 1385 νων,
2268 1320 2641 1391 ἐπιστρέψας,
2681 1318 2776 1372 καὶ
2822 1318 3109 1373 ἀκόλουθον
3166 1318 3345 1389 ἐαυτῷ
3391 1322 3641 1390 ποιήσας,

2080 1411 2339 1486 συνεργὸν
2381 1411 2476 1464 τοῦ
2511 1410 2845 1480 Εὑαγγελίου
2874 1411 3010 1482 ὁμοῦ
3051 1411 3145 1465 καὶ
3182 1410 3501 1464 ἀπόστολον.
3548 1412 3643 1463 Καὶ

2077 1502 2248 1567 οὕτως
2274 1501 2526 1573 ἐτελέσθη
2560 1504 2594 1575 ἡ
2628 1503 2779 1555 πᾶσα
2804 1500 3145 1572 Εὐαγγελικὴ
3176 1500 3533 1572 πραγματεία
3552 1500 3643 1562 ἕως

1999 1591 2042 1645 Β
2070 1594 2260 1648 τούτου
2290 1595 2384 1648 τοῦ
2413 1596 2624 1668 χρόνου.

2144 1707 2335 1759 Ἔσται
2376 1705 2433 1759 δέ
2481 1724 2570 1777 μοι
2610 1709 2640 1760 ὁ
2681 1706 2836 1775 λόγος
2869 1706 2974 1769 ἕως
3015 1697 3117 1759 ὦδε
3152 1703 3283 1774 περὶ
3322 1702 3436 1757 τῶν
3468 1704 3645 1759 ἕνδεκα

2069 1797 2354 1868 αἱρέσεων,
2389 1798 2483 1852 καὶ
2506 1797 2606 1868 τῆς
2642 1797 2783 1855 κατὰ
2814 1795 3039 1866 δύναμιν
3082 1795 3404 1859 ἀκολουθίας
3438 1797 3495 1847 ἐν
3530 1812 3644 1847 συν-

2068 1889 2219 1961 τόμῳ
2259 1906 2348 1959 μοι
2382 1889 2710 1960 είρημένης,
2749 1888 3110 1957 εὐαγγελικῆς
3151 1887 3522 1957 φωταγωγίας
3559 1887 3645 1956 τῆς

2069 1981 2126 2033 ἐν
2153 1981 2342 2051 κόσμῳ
2371 1981 2439 2033 δι’
2463 1979 2631 2034 αὑτοῦ
2675 1980 2770 2033 καὶ
2796 1978 2906 2035 τῶν
2933 1977 3190 2049 μαθητῶν
3224 1977 3393 2031 αὑτοῦ
3422 1994 3643 2046 γεγενη-

2073 2071 2240 2143 μένης
2260 2090 2272 2102 ·
2302 2071 2397 2135 οὓς
2427 2072 2495 2126 τὰ
2524 2072 2687 2142 ὅμοια
2727 2070 2978 2137 συλλέξαι
3002 2108 3018 2133 ,
3071 2069 3167 2123 καὶ
3210 2065 3556 2138 παραθέσθαι
3584 2066 3646 2117 τὰ

2069 2163 2527 2235 προθεσπίσματά
2558 2181 2617 2217 τε
2652 2164 2745 2218 καὶ
2784 2162 2883 2225 τὰς
2931 2161 3267 2232 προφητείας
3314 2159 3426 2212 ἀπὸ
3474 2158 3645 2227 Νόμου

2068 2270 2127 2307 τε
2161 2252 2255 2307 καὶ
2282 2253 2528 2324 Ψαλμῶν
2567 2252 2663 2307 καὶ
2694 2251 2802 2306 τῶν
2827 2251 3001 2307 ἄλλων
3032 2250 3129 2313 τὰς
3158 2247 3489 2310 ἀκολουθίας
3511 2288 3527 2313 ,
3566 2246 3646 2298 καὶ

2068 2344 2167 2408 τὰς
2197 2345 2420 2413 ἀγωγὰς
2465 2344 2671 2401 ἔνεστιν
2707 2346 2858 2409 ἰδεῖν,
2892 2344 2986 2404 καὶ
3030 2342 3128 2412 τὴν
3169 2340 3462 2411 ἀκρίϐειαν
3489 2356 3646 2392 καταο

2070 2436 2329 2491 λαϐέσθαι
2353 2477 2368 2498 ,
2411 2437 2488 2500 ὼς
2543 2438 2604 2492 οὐ
2639 2436 2793 2500 νόθος
2817 2479 2832 2503 ,
2864 2435 2979 2490 ἀλλ’
3010 2432 3236 2504 ἀληθὴς,
3268 2432 3367 2486 καὶ
3425 2446 3644 2501 προκατ-

2070 2528 2353 2596 αγγελθεὶς
2375 2529 2395 2558 ³
2437 2528 2545 2582 ἀπὸ
2580 2528 2679 2597 τῆς
2712 2528 2953 2590 Παλαιᾶς
2982 2525 3255 2596 Διαθηκης
3282 2520 3645 2592 ἁναμφίϐολός

2070 2622 2218 2674 ἐστιν
2242 2622 2275 2690 ἡ
2304 2619 2566 2689 ἔνσαρκος
2595 2617 2833 2688 Χριστοῦ
2866 2617 3156 2687 παρουσία,
3189 2615 3283 2670 καὶ
3317 2612 3643 2682 εὐαγγελικὴ

2068 2712 2406 2766 διδασκαλία.
2441 2711 2559 2767 Ἵνα
2602 2710 2659 2763 δὲ
2710 2710 2786 2780 μὴ
2834 2710 2914 2772 είς
2958 2709 3121 2777 ὄγκον
3172 2705 3519 2775 παρεκτείνει)
3556 2704 3644 2774 τὴν

2066 2803 2167 2873 τῆς
2223 2802 2526 2868 συντάξεως
2579 2801 2983 2874 πραγματείαν,
3036 2798 3247 2861 τούτοις
3310 2795 3641 2869 ἀρκεσθήσο-

1994 2933 2036 2989 C
2074 2913 2193 2966 μαι.

2148 3006 2358 3077 Προϊὼν
2385 3006 2442 3058 δὲ
2476 3005 2676 3076 ἐφεξῆς
2706 3006 2805 3069 τὰς
2833 3005 3126 3075 μετέπειτα
3156 3002 3235 3074 τῷ
3264 3002 3368 3072 βίῳ
3406 2997 3643 3067 ἐπιφυό-

2076 3115 2171 3161 σας
2220 3098 2312 3150 ἐπὶ
2354 3101 2498 3169 κακῇ
2541 3098 2809 3169 προφάσει
2863 3097 3021 3162 δόξας
3052 3098 3253 3167 ὁμοίως
3284 3092 3639 3164 διαγορεύσω.

2072 3187 2172 3258 ἤδη
2206 3188 2305 3250 τὰς
2338 3188 2528 3241 ἕνδεκα
2559 3188 2659 3252 τὰς
2686 3190 2797 3242 ἀπὸ
2835 3188 3098 3245 Ἰουδαίων
3127 3188 3220 3241 καί
3267 3184 3638 3257 Σαμαρειτῶν,

2071 3279 2168 3331 καὶ
2203 3278 2303 3341 τὰς
2340 3278 2446 3350 πρὸ
2473 3278 2649 3335 αὐτῶν
2690 3280 2847 3335 ἐννέα
2886 3280 2945 3346 ἐξ
2982 3280 3273 3349 Ἑλλήνων,
3306 3279 3406 3332 καὶ
3446 3276 3643 3347 βαρϐά-

2075 3386 2212 3440 ρων,
2246 3370 2342 3425 καὶ
2368 3370 2477 3424 τῶν
2507 3371 2684 3425 ἄλλων
2711 3371 3009 3442 γενομένας
3054 3370 3160 3441 πρὸ
3186 3371 3284 3437 τῆς
3313 3369 3411 3422 τοῦ
3444 3368 3639 3438 Κυρίου

2072 3464 2394 3533 παρουσίας,
2436 3465 2528 3517 καὶ
2568 3464 2675 3528 ἕως
2717 3464 2882 3519 αὑτοῦ
2914 3463 3010 3516 τοῦ
3041 3462 3229 3534 χρόνον
3267 3462 3507 3533 μετρίως
3542 3461 3639 3513 d7.-

2070 3551 2533 3623 αριθμησάμενος.

2288 3688 2429 3757 Περὶ
2459 3687 2823 3756 Ναζωραίων,
2858 3688 2988 3758 ἤτοι
3024 3685 3417 3757 Χριστιανῶν.

2138 3820 2511 3893 Ναζωραίων,
2564 3823 2594 3876 ὃ
2646 3823 2763 3876 ἐστι
2815 3819 3184 3892 Χριστιανῶν,
3236 3821 3265 3873 6
3313 3818 3538 3890 κληθεὶς
3585 3819 3636 3869 ὲν

2067 3912 2230 3983 ὀλίγῳ
2266 3913 2443 3984 χρόνῳ
2472 3913 2576 3967 ὑπὸ
2620 3912 2888 3968 Ἰουδαίων
2919 3912 3369 3984 Χριστιανισμὸς,
3424 3900 3517 3963 καὶ
3551 3910 3635 3962 ὑπ’

2067 4005 2244 4059 αὐτῶν
2278 4005 2385 4061 τῶν
2422 4005 2765 4071 ἀποστόλων,
2810 4005 3059 4073 λέγοντος
3113 4004 3321 4074 Πέτρου
3345 4018 3359 4032 δ
3409 4000 3635 4068 Ἰησοῦν

2066 4099 2174 4153 τὸν
2210 4098 2544 4167 Ναζωραῖον
2564 4138 2581 4163 ,
2630 4098 2818 4167 ἄνδρα
2860 4094 3361 4164 ἀποδεδειγμένον
3405 4095 3475 4147 ἐκ
3534 4091 3634 4146 τοῦ

2068 4191 2238 4255 Θεοῦ,
2269 4192 2363 4255 καὶ
2392 4192 2460 4246 τά
2493 4191 2622 4262 ἑξῆς
2643 4209 2657 4224 ο
2695 4189 2922 4261 ὕστερον
2960 4189 3015 4243 δὲ
3041 4188 3148 4242 ἀπὸ
3183 4185 3514 4255 Ἀντιοχείας
3542 4185 3632 4253 ἀρε

381 4262 597 4319 nismus
639 4264 903 4335 appellari
935 4270 1122 4330 euenit.
1164 4270 1261 4328 Est
1291 4280 1347 4327 et
1378 4275 1484 4329 alia
1526 4278 1746 4347 pr0prie
1783 4278 1943 4336 Naza-

2127 4295 2296 4349 εμενος
2319 4280 2596 4335 καλεῖσθαι
2624 4278 3065 4351 Χριστιανισμός.
3095 4278 3252 4330 Ἐστι
3275 4277 3335 4329 δὲ
3359 4275 3453 4328 καὶ
3481 4274 3631 4343 φύσει

381 4369 617 4410 raeorum
650 4364 823 4424 secta,
857 4360 924 4415 de
954 4362 1154 4430 quibus
1188 4378 1290 4419 suo
1308 4363 1429 4421 loco
1454 4365 1881 4437 disputabimus.

453 4705 612 4762 ‘Act.
642 4722 706 4775 ιι,
735 4705 827 4763 22.
886 4710 931 4741 ’²
952 4708 1101 4768 Fort.
1137 4718 1693 4787 προκαταγγελθεῑσα.

2059 4370 2269 4441 αἵρεσις
2305 4371 2664 4443 Ναζωραίων,
2694 4372 2824 4443 περὶ
2860 4365 2936 4427 ὧν
2986 4370 3216 4440 καθεξῆς
3248 4367 3477 4438 λέξομεν
3505 4366 3630 4418 κατὰ

2065 4460 2154 4515 τὸν
2180 4462 2373 4531 καιρὸν
2396 4462 2496 4533 τῆς
2521 4462 2858 4526 ἀκολουθίας.
3276 4518 3305 4547 δ
