3766 6290
44 238 123 293 28!

990 228 1361 286 ADVERSUS
1400 223 1743 295 IIAiRESES
1773 224 1900 280 LIB.
1944 230 1986 280 ι.
2030 226 2190 281 ΤΟΜ.
2234 229 2291 281 tl.

3174 220 3281 275 282

47 444 3256 482 Mm

770 603 949 657 ΤΑΔΕ
980 600 1178 655 ΕΝΕΣ
1186 598 1250 650 TI
1278 594 1410 650 ΚΑΙ
1438 595 1536 648 ΕΝ
1584 596 1812 666 ΤΟΥΤῼ
1864 596 1948 665 Τῼ
1990 597 2073 648 ΔΕ
2088 593 2317 666 ΥΤΕΡῼ
2362 597 2553 667 ΤΟΜῼ

1276 750 1414 805 ΤΟΥ
1445 748 1721 805 ΠΡΩἸῸΥ
1757 748 2055 813 ΒΙΒΑΙΟΥ,

1056 910 1159 966 Ἕν
1187 901 1237 976 ᾧ
1266 909 1426 962 εἰσιν
1457 903 1715 973 αἱρέσεις
1748 902 2057 972 δεκατρεῖς
2078 904 2289 972 οὕτως.

778 1159 1198 1224 lNDlCULUS
1239 1155 1522 1218 EORUM
1566 1153 1751 1227 QUAS
1795 1152 1877 1212 1N
1926 1150 2122 1212 ΤΟΜ.
2182 1151 2240 1212 ll
2314 1154 2463 1215 LIB.
2504 1156 2532 1217 Ι

1461 1301 1862 1355 commence,

903 1450 1030 1526 Qui
1072 1450 1355 1510 heareses
1400 1438 1849 1520 complectitur
1891 1456 2009 1502 xm
2050 1441 2171 1506 hoc
2213 1444 2460 1508 ordine.

102 1714 170 1769 ΔΖ
204 1707 546 1783 Σιμωνιανοὶ
568 1744 587 1773 ,
631 1706 681 1758 οἱ
712 1702 820 1758 ἀπὸ
854 1702 1095 1771 Σίμωνος
1140 1696 1235 1750 τοῦ
1276 1694 1468 1763 Μάγου
1516 1690 1611 1744 τοῦ

1783 1696 1888 1768 52
1924 1697 1962 1753 l.
2006 1699 2310 1755 Simoniani
2355 1717 2386 1756 a
2434 1702 2656 1758 Simone
2688 1704 2845 1775 Mago
2896 1706 3284 1775 cognominati,

48 1808 120 1858 ἐπὶ
139 1806 340 1874 Πέτρου
368 1802 469 1855 τοῦ
496 1797 819 1859 ἀποστόλου,
845 1793 1039 1865 κώμης
1064 1790 1268 1845 Γιτθῶν
1297 1788 1398 1858 τῆς
1424 1788 1610 1856 Σαμα-

52 1898 189 1968 ρείας.
227 1888 408 1956 Οὗτος
452 1891 567 1945 ἀπὸ
617 1884 972 1958 Σαμαρειτῶν
1008 1883 1255 1955 ὡρμᾶτο,
1286 1875 1609 1968 Χριστοῦηδὲ

48 1986 181 2037 ὑπέδυ
209 1986 385 2054 ὄνομα
421 1982 611 2053 μόνον.
651 1976 889 2039 Ἕδίδαξε
917 1976 974 2028 δὲ
1003 1972 1414 2043 αίσχροποιίαν,
1461 1967 1605 2039 μίξιν

50 2074 295 2147 μολυσμοῦ
318 2114 335 2139 ,
376 2068 663 2142 γυναικῶν
697 2067 1047 2137 ἁδιαφορίαν.,
1083 2062 1359 2133 Σωμάτων
1389 2061 1445 2113 δὲ
1470 2062 1606 2114 ἀπο-

50 2167 267 2219 ﬁne-rat
312 2165 420 2235 τὴν
451 2163 773 2223 ἀνάστασιν,
821 2159 913 2211 καὶ
954 2156 1045 2210 τὸν
1092 2155 1293 2225 κόσμον
1344 2154 1418 2224 μὴ
1469 2148 1608 2204 εἶναι

48 2259 155 2310 θεοῦ
188 2258 416 2327 φάσκει.
470 2253 673 2307 Εἱκόνα
699 2251 754 2304 δὲ
781 2248 945 2302 αὑτοῦ
971 2248 1046 2311 ὡς
1074 2247 1216 2312 Διὸς,
1249 2246 1341 2298 καὶ
1375 2244 1474 2315 τῆς
1511 2245 1609 2296 σὺν

50 2350 170 2420 αὑτῷ
208 2350 423 2422 πόρνης
481 2347 707 2415 ὀνόματι
745 2342 985 2413 Ἑλένης,
1029 2339 1259 2409 Ἀθηνᾶς
1288 2338 1457 2390 τύπον
1496 2338 1609 2399 τοῖς

50 2441 212 2493 ἑαυτοῦ
249 2440 533 2511 μαθηταῖς
561 2436 845 2508 παρεδίδου
878 2436 958 2497 εἰς
984 2431 1375 2503 προσκύνησιν.
1416 2429 1607 2496 Ἔλεγε

50 2533 90 2585 ἃ
116 2532 295 2585 ἑαυτὸν
333 2528 715 2601 Σαμαρείταις
740 2527 837 2598 μὲν
862 2525 954 2579 τὸν
977 2523 1217 2592 Πατέρα,
1256 2518 1526 2583 Ἰουδαίοις
1550 2518 1608 2572 δὲ

50 2625 118 2676 τὸν
139 2622 390 2693 Χριστόν.

10 2756 15 2762 .
104 2714 168 2767 B‘.
210 2710 639 2782 Μενανδριανοὶ,
672 2709 720 2761 oi
757 2708 867 2761 ἀπὸ
895 2707 1087 2761 τούτου
1120 2703 1214 2757 τοῦ
1248 2705 1490 2775 Σίμωνος
1520 2701 1607 2755 διὰ

50 2805 330 2876 Μενάνδρου
378 2803 532 2866 τινὸς
562 2800 921 2870 ἐναρξάμενοι
962 2798 1342 2870 διαφερόμενοι
1373 2814 1434 2850 τε
1472 2797 1609 2867 πρὸς

53 2898 151 2959 τοὺς
191 2895 571 2967 Σιμωνιανοὺς
613 2891 758 2946 κατά
801 2906 889 2944 τι·
930 2890 988 2954 ὃς
1022 2889 1130 2944 ἀπὸ
1169 2889 1417 2959 ἀγγέλων
1455 2887 1607 2957 ἔλεγε

50 2990 120 3041 τὸν
146 2990 346 3059 κόσμον
379 2983 738 3057 γεγενῆσθαι.

105 3162 167 3216 Γ.
205 3158 650 3233 Σατορνιλιανοὶ,
697 3157 747 3211 οἱ
795 3154 937 3211 κατὰ
977 3155 1079 3227 τὴν
1121 3154 1320 3227 Συρίαν
1361 3154 1459 3226 τὴν
1498 3154 1607 3211 τῶν

52 3249 373 3321 Σιμωνιανῶν
432 3251 789 3325 κρατύνοντες
843 3249 1223 3321 αἰσχρολογίαν
1250 3287 1266 3314 ,
1322 3249 1486 3318 ἔτερα
1550 3247 1608 3300 δὲ

56 3343 179 3412 παρὰ
212 3346 339 3405 τοὺς
372 3343 751 3415 Σιμωνιανοὺς
788 3343 868 3405 εἰς
919 3340 1176 3411 ἔκπληξιν
1218 3339 1609 3411 περισσοτέραν

54 3434 389 3505 κηρύσσοντες
419 3475 437 3500 ,
472 3436 583 3490 ἀπὸ
613 3436 671 3489 δὲ
700 3431 1021 3505 Σατορνίλου
1047 3433 1146 3503 τὴν
1177 3430 1349 3503 αρχὴν
1377 3430 1608 3501 ἐσχηκό-

55 3543 147 3591 τες,
180 3529 236 3593 ὃς
259 3530 356 3584 καὶ
404 3529 571 3593 αὐτὸς
617 3525 762 3581 κατὰ
791 3524 1101 3595 Μένανδρον
1129 3526 1218 3577 ὑπ’
1246 3524 1493 3593 ἀγγέλων
1518 3525 1609 3577 τὸν

56 3616 228 3687 κόσμον
267 3618 604 3689 γεγενῆσθαι
642 3618 869 3688 ἔφασκε,
911 3615 1086 3687 μόνων
1126 3616 1183 3669 δὲ
1214 3615 1357 3669 ἑπτὰ
1385 3615 1473 3669 διὰ
1510 3616 1609 3688 τὴν

57 3709 131 3761 τοῦ
156 3710 257 3764 ἀνω
278 3711 502 3782 Πατρὸς
535 3709 783 3782 γνώμην.

112 3804 175 3854 Δ’.
212 3802 626 3865 Βασιλειδιανοὶ,
656 3804 708 3856 οἱ
745 3806 843 3875 τῆς
874 3803 1045 3874 αὐτῆς
1095 3799 1484 3872 αἰσχρουργίας
1520 3817 1608 3853 τεο

59 3890 231 3959 λεπταὶ,
268 3896 379 3949 ἀπὸ
409 3894 724 3949 Βασιλείδου
768 3894 863 3949 τοῦ
892 3895 1012 3966 ἅμα
1048 3892 1354 3963 Σατορνίλῳ
1380 3894 1491 3956 τοῖς
1520 3893 1610 3944 Σι-

61 3990 314 4051 μωνιανοῖς
360 3987 462 4041 καὶ
505 3986 926 4058 Μενανδριανοῖς
977 3984 1488 4057 μεμαθητευμένοι,
1541 3984 1609 4038 τὰ

60 4074 190 4143 ὃμοια
220 4078 316 4150 μὲν
339 4077 701 4151 φρονοῦντος,
730 4078 874 4132 κατά
903 4095 955 4131 τι
980 4077 1036 4130 δὲ
1061 4077 1477 4148 διαφερομένου.
1506 4076 1610 4129 Λέ-

61 4182 130 4231 γει
166 4169 217 4221 δὲ
256 4170 605 4242 τριακοσίους
650 4169 1079 4240 ὲξηκονταπέντε
1142 4168 1405 4240 οὐρανοὺς
1447 4162 1605 4233 εἶναι,

64 4258 137 4309 καὶ
156 4260 353 4324 τούτοις
387 4260 632 4331 ὀνόματα
658 4258 927 4328 ἀγγελικὰ
958 4258 1224 4329 ἐκτίθησι.
1254 4259 1345 4312 Διὸ
1383 4259 1479 4313 καὶ
1517 4259 1607 4313 τὸν

1637 3032 1678 3087 Β

1710 1790 1802 1858 qui
1835 1792 2067 1859 apostoli
2099 1790 2246 1846 Petri
2282 1794 2621 1862 temporibus
2654 1796 2813 1859 vixit,
2857 1811 2889 1851 e
2931 1796 3136 1854 Gittliis
3166 1801 3288 1854 vico

1710 1881 1947 1951 quodam
1965 1883 2251 1939 oriundus.
2285 1883 2392 1941 Iste
2407 1901 2529 1939 cum
2547 1896 2693 1942 esset
2711 1885 3110 1954 Samaritanus,
3130 1890 3290 1945 Chri-

1711 1980 1853 2026 stum
1886 1974 2106 2030 nomine
2138 1983 2299 2029 tcnus
2345 1974 2629 2045 professus
2656 1986 2773 2033 est:
2811 1986 3004 2033 auctor
3040 1981 3290 2037 nefanda:

1709 2062 2089 2129 obscenitatis,
2147 2071 2202 2120 et
2262 2064 2694 2135 inquinatissimi
2744 2069 3092 2126 concubitus.
3141 2070 3289 2126 Prae-

1709 2162 1857 2210 terea
1880 2156 2224 2224 promiscuas
2250 2172 2452 2213 uxores
2476 2173 2601 2214 esse
2630 2159 2819 2214 voluit.
2856 2160 3098 2232 Corpora
3129 2172 3290 2233 negat

1709 2260 2019 2316 resurgere,
2050 2262 2152 2302 nec
2182 2262 2213 2301 a
2244 2247 2355 2303 Deo
2386 2249 2648 2303 mundum
2674 2250 3002 2307 fabricatum
3032 2269 3154 2310 esse
3184 2264 3293 2308 sta-

1710 2337 1837 2390 tuit.
1864 2335 2162 2408 Imaginem
2195 2352 2362 2408 porro
2393 2353 2548 2394 suam
2592 2342 2874 2411 scortique
2922 2342 3030 2408 sui,
3070 2345 3290 2400 nomine

1711 2428 1948 2494 Helenae,
1981 2431 2083 2485 sub
2123 2430 2380 2486 Minervae
2413 2432 2597 2501 specie
2624 2432 2911 2503 discipulis
2950 2436 3290 2491 adorandam

1708 2522 1968 2576 obtrusit.
1997 2521 2153 2591 Apud
2187 2521 2490 2577 Samaritae
2519 2538 2619 2593 pro
2642 2522 2754 2579 Deo
2785 2524 2945 2581 Patre
2993 2541 3052 2581 se
3100 2527 3292 2581 vendi-

1709 2620 1854 2677 tans,
1887 2610 2092 2667 Judaeis
2117 2612 2397 2669 Christum
2423 2629 2483 2668 se
2510 2629 2633 2669 esse
2662 2615 2900 2671 diccbat.

1780 2702 1844 2757 ll.
1882 2700 2256 2756 Menandriani
2296 2704 2366 2757 ab
2418 2703 2611 2759 eodem
2644 2705 2739 2759 illo
2788 2705 3010 2760 Simone
3044 2720 3141 2777 per
3177 2705 3292 2761 Me-

1707 2792 1977 2846 nandrum
2010 2794 2300 2865 quemdam
2350 2794 2617 2865 originem
2645 2803 2953 2864 traxerunt,
2976 2798 3290 2854 nonnullis-

1707 2899 1815 2955 que
1859 2884 1917 2939 in
1960 2885 2127 2940 rebus
2169 2901 2199 2941 a
2243 2885 2578 2941 Simonianis
2608 2885 2947 2957 discrepant.
2991 2890 3290 2945 Menander

1708 2989 1874 3045 porro
1915 2976 2180 3032 mundum
2226 2977 2293 3033 ab
2335 2977 2540 3049 angelis
2568 2976 2739 3034 fuisse
2774 2978 3101 3049 productum
3134 2995 3288 3037 asse-

1709 3069 1839 3123 ruit.
2794 3072 2800 3078 ’

1779 3161 1866 3217 ιιι.
1902 3160 2263 3218 Saturniliani
2292 3164 2346 3219 in
2386 3163 2546 3235 Syria
2579 3162 3024 3219 Simonianorum
3052 3167 3287 3236 turpitu-

1709 3252 1889 3308 dinem
1917 3260 2209 3308 auxerunt.
2238 3252 2512 3307 Nonnulla
2539 3267 2761 3323 quoque
2788 3253 2853 3308 ad
2877 3254 3138 3323 majorem
3162 3271 3287 3310 con-

1708 3343 2006 3398 ciliandum
2048 3355 2325 3412 stuporem
2362 3344 2431 3398 ad
2471 3344 2690 3397 illorum
2724 3343 2977 3413 adiecere
3008 3346 3283 3415 dogmata.

1708 3430 1914 3486 ﬂorum
1965 3433 2225 3504 princeps
2265 3432 2587 3490 Saturnilus
2630 3432 2754 3499 fuit,
2808 3435 2903 3505 qui
2951 3435 3175 3505 perinde
3220 3452 3287 3492 ac

1708 3518 2007 3576 Menander
2049 3523 2238 3577 mundi
2284 3521 2601 3579 conditores
2631 3524 2878 3594 angelos,
2908 3524 3017 3580 hoc
3076 3536 3160 3581 est
3200 3542 3287 3581 se-

1707 3618 1903 3680 ptenos
1928 3627 1993 3667 ex
2020 3613 2111 3677 iis,
2139 3613 2291 3677 facit,
2309 3614 2472 3683 idque
2504 3614 2656 3684 ipsos
2684 3615 2751 3669 de
2779 3617 3016 3685 supremi
3044 3619 3286 3686 parentis

1708 3701 1978 3755 sententia
2011 3703 2323 3772 suscepisse
2349 3704 2563 3758 statuit.

1776 3792 1866 3848 IV.
1897 3794 2217 3851 Basilidiani
2265 3794 2531 3851 fmditatis
2578 3797 2825 3865 ejusdem
2861 3797 3001 3852 socii
3033 3797 3101 3851 ad
3134 3796 3287 3852 Basi-

1707 3882 1853 3938 liden
1883 3884 2150 3955 originem
2182 3884 2451 3949 referunt,
2486 3885 2583 3955 qui
2616 3900 2740 3939 cum
2779 3884 3060 3940 Saturnilo
3104 3888 3287 3941 Simo.

1706 3975 1911 4040 nianis,
1949 3990 2013 4030 ac
2043 3974 2453 4031 Menandrianis
2484 3991 2705 4046 operam
2737 3976 2888 4032 dedit
2914 3996 2929 4033 :
2969 3992 3032 4032 ac
3064 3980 3283 4033 tametsi

1706 4066 1894 4121 eadem
1928 4066 2041 4121 fere
2067 4067 2287 4131 sentiat,
2327 4066 2385 4120 in
2411 4066 2741 4137 quibusdam
2779 4075 2960 4123 tamen
2986 4068 3279 4139 discrepat.

1705 4158 1842 4214 Nam
1868 4160 2121 4215 caelestes
2147 4159 2322 4227 .orbes
2351 4173 2555 4215 cccuv
2583 4160 2891 4226 constituit,
2918 4176 3057 4230 quos
3108 4164 3281 4231 ange-

1707 4250 1830 4304 licis
1855 4250 2173 4305 nominibus
2202 4249 2367 4305 allicit
2396 4268 2409 4303 :
2442 4249 2672 4321 ideoque
2703 4250 2930 4307 totidem
2963 4253 3156 4307 diebus
3183 4267 3285 4306 an-

64 4348 267 4404 ὲνιαυτὺν
313 4350 588 4406 τοσούτων
628 4351 850 4422 ἡμερῶν
885 4346 1042 4415 εἶναι,
1090 4350 1184 4403 καὶ
1225 4350 1285 4403 τὸ
1331 4349 1629 4420 Ἀδρασὰξη

1768 4357 1839 4395 ιω
1863 4349 2117 4397 constare
2139 4349 2347 4397 censet.
2371 4340 2535 4396 Addit
2558 4352 2612 4398 et
2632 4342 2969 4397 Abrasaxam
2995 4345 3281 4414 cujusdam

64 4436 200 4507 δνομιι
223 4441 503 4514 δυνάμεως
523 4482 537 4507 ,
568 4442 597 4495 ὃ
624 4441 780 4512 φέρει
805 4441 986 4511 ψῆφον
1014 4440 1139 4509 τξε⁹,
1170 4442 1263 4495 καὶ
1290 4437 1429 4496 εἷναί
1469 4460 1601 4515 φησι

1770 4434 1932 4488 rtutis
1952 4448 2174 4498 nomen,
2193 4448 2315 4503 qua:
2331 4447 2538 4488 cccuv
2558 4449 2845 4489 numerum
2878 4435 3077 4489 litteris
3098 4436 3279 4505 expri-

65 4528 191 4583 τοῦτο
214 4533 361 4601 ἅγιον
394 4533 622 4636 Πνεῦμα
645 4533 837 4602 ὄνομα.

118 4620 182 4673 Ε’.
216 4620 553 4689 Νικολαῗτᾶι,
578 4625 687 4679 ἀπὸ
714 4623 983 4679 Νικολάου
1016 4623 1113 4677 τοῦ
1138 4624 1231 4678 ἐπὶ
1256 4627 1375 4689 ταῖς
1403 4626 1602 4697 χήραις

66 4705 149 4760 ὑπὸ
164 4712 260 4764 τῶν
281 4715 599 4768 ἀποστόλων
620 4713 930 4783 ταχθέντος,
961 4713 1020 4777 ὃς
1045 4713 1133 4766 διὰ
1150 4713 1312 4783 ζῆλον
1337 4715 1437 4787 τῆς
1466 4717 1601 4780 ιδίας

66 4804 270 4873 γαμετῆς
287 4806 391 4877 τὴν
418 4804 810 4879 αἰσχρουργίαν
838 4805 959 4874 ἅμα
984 4806 1098 4868 τοῖς
1125 4804 1305 4869 ἄλλοις
1335 4806 1601 4861 ἐπιτελεῖν

68 4888 165 4951 τοὺς
186 4892 336 4947 αὑτοῦ
364 4894 613 4965 μαθητὰς
634 4894 835 4960 ἐδίδαξε
858 4908 874 4921 ·
888 4895 982 4947 καὶ
1004 4895 1133 4966 περὶ
1159 4896 1255 4948 τοῦ
1277 4895 1598 4968 Καύλακαχ,

69 4977 141 5027 καὶ
171 4980 475 5054 Πρωνίκου,
507 4985 603 5038 καὶ
643 4984 818 5038 ἄλλων
849 4984 1195 5057 βαρϐαρικῶν
1226 4987 1525 5057 ὀνομάτων,
1564 4989 1601 5043 ἂ

69 5067 129 5137 τῷ
150 5072 317 5146 κόσμῳ
357 5077 621 5149 μυσαρῶς
648 5078 997 5148 εἰσηγήσατο.

123 5163 197 5227 εἷ’.
226 5166 535 5233 Γνωστικοὶ,
570 5169 619 5221 οἱ
656 5168 755 5232 τὰς
786 5168 954 5233 αὑτὰς
1002 5169 1242 5243 αἱρέσεις
1282 5171 1599 5245 διαδεξάμε-

73 5270 155 5306 νοι·
182 5258 329 5316 πλέον
359 5261 419 5316 δὲ
445 5262 629 5319 αὐτῶν
670 5265 891 5319 πάντων
914 5263 1014 5335 τὴν
1052 5264 1388 5336 αἰσχρότητα
1414 5267 1599 5337 ἐμμα-

73 5344 153 5408 νιῖιῖ
177 5348 549 5425 ἐργαζόμενοι·
582 5356 639 5408 ὲν
683 5355 946 5427 Αἰγύπτῳ
981 5355 1039 5409 δὲ
1067 5357 1455 5429 Στρατιωτικοὶ
1495 5378 1595 5415 κα-

74 5431 277 5505 )ιιὺμενοι
325 5446 420 5499 καὶ
478 5446 821 5501 Φιϐιωνῖται⁹
872 5449 932 5501 ὲν
974 5448 1033 5502 δὲ
1086 5450 1200 5512 τοϊς
1249 5450 1598 5523 ἀνωτερικοῖς

78 5526 226 5597 μέρεσι
248 5536 634 5602 Σεκουνδιανοὶ,
664 5539 722 5592 ἐν
740 5536 918 5601 ἄλλοις
942 5537 999 5590 δὲ
1024 5538 1214 5611 μέρεσι
1237 5542 1594 5612 Σωκρατῖται,

79 5622 261 5691 παρὰᾶ
296 5630 505 5702 ἑτέροις
538 5632 815 5703 Ζακχαῖοι.
849 5630 1030 5687 ’Δλλοι
1066 5632 1124 5687 δὲ
1166 5632 1462 5700 Κοδδανοὺς
1492 5624 1595 5692 Δτιιύ-

1706 4528 1831 4591 mit,
1862 4527 2025 4596 idque
2054 4527 2319 4596 Spiritum
2347 4542 2472 4582 esse
2496 4534 2745 4582 sanctum
2780 4526 2998 4582 asserit.

1732 4666 1743 4673 ,
1782 4616 1847 4672 γ.
1881 4617 2165 4673 Nicolaitae
2196 4632 2227 4671 a
2258 4616 2483 4671 Nicolao
2521 4616 2616 4670 illo
2644 4616 2874 4671 derivati
2904 4626 3053 4680 sunt,
3088 4616 3176 4670 cui
3210 4617 3285 4673 ah

1710 4709 1976 4780 apostolis
1998 4708 2288 4765 viduarum
2316 4721 2459 4762 cura
2495 4709 2789 4763 commissa
2817 4708 3014 4764 fuerat.
3049 4707 3149 4762 Hic
3188 4724 3281 4764 ze-

1708 4800 1912 4870 lotypia
1937 4799 2005 4855 ob
2046 4814 2272 4855 uxorem
2297 4804 2560 4863 mstuans,
2590 4812 2714 4852 cum
2740 4798 2861 4853 aliis
2887 4808 3281 4869 praeposteram
3314 4868 3327 4881 θ

1709 4894 1992 4950 libidinem
2020 4907 2277 4950 exercere
2306 4907 2439 4948 suos
2464 4890 2686 4946 docuit.
2721 4889 2828 4946 Sed
2861 4898 2915 4945 et
2945 4889 3278 4956 Caulacach,

1707 4995 1761 5043 et
1789 4985 2109 5050 Prunicum,
2140 4993 2196 5041 et
2222 4985 2330 5041 alia
2361 4982 2648 5040 nominum
2679 4988 2931 5054 portenta
2963 4984 3193 5053 turpiter
3220 4983 3279 5039 in

1706 5081 1968 5137 mundum
1994 5079 2218 5136 invexit.

1776 5170 1882 5241 53
1919 5169 2008 5225 Vl.
2051 5168 2257 5223 Harum
2312 5164 2558 5223 Gnostici
2601 5180 2950 5223 successores
3007 5165 3276 5221 baeresum

1705 5262 1866 5332 longe
1892 5275 2082 5316 omnes
2110 5256 2469 5332 turpitudinis
2496 5264 2659 5326 atque
2681 5255 3029 5311 exsecranda;
3052 5254 3275 5309 foedita-

1704 5358 1777 5411 tis
1814 5354 2035 5412 vesania
2078 5357 2429 5422 superarunt.
2463 5348 2723 5405 Militares
2749 5362 2913 5419 porro
2948 5347 3003 5401 in
3036 5346 3275 5418 Egypto

1705 5450 1984 5515 dicuntur,
2012 5456 2068 5503 et
2086 5444 2447 5509 Pbibionitaa;
2473 5442 2533 5497 in
2559 5442 2838 5512 superiore
2863 5449 3036 5496 tractu
3064 5436 3275 5492 Secun-

1705 5540 1887 5606 diani;
1934 5537 2062 5593 alibi
2110 5535 2426 5603 Socratitzc;
2461 5534 2530 5588 ab
2562 5534 2685 5588 aliis
2712 5531 2943 5587 Zachmi.
2992 5530 3130 5584 Sunt
3178 5528 3271 5598 qui

1703 5653 1798 5695 eos
1826 5634 2135 5692 Coddianos
2170 5630 2482 5697 nominent;
2514 5627 2733 5700 quidam
2754 5623 3115 5698 -Βορϐηρὶτας,
3156 5622 3273 5679 σξιο
