3754 6182
476 198 585 257 £83

1884 206 1943 264 S.
1985 210 2066 265 El!

2192 207 2323 265 ANII
3602 202 3677 263 ιιι

478 316 794 371 lutulentos.
840 316 923 372 Ab
949 318 1071 373 istis
1119 318 1369 385 Barbelo,
1429 319 1823 393 sive_Barbero,
1865 326 2056 382 nescio

2190 327 2285 389 οὺς
2315 326 2588 393 λέγουσιν·
2622 322 2771 377 ἄλλοι
2790 322 2846 376 δὲ
2884 320 3212 393 Βορϐορίτας
3239 318 3435 381 αὐτοὺς
3462 316 3676 375 καλοῦσιν.

473 423 598 479 qua:
629 408 911 477 prwdicari
946 412 1104 465 solet.

555 500 662 554 VII.
690 500 1102 572 Carpocratiani
1132 519 1163 557 a
1196 504 1529 573 Carpocrate
1556 507 1790 576 quodam
1819 508 2059 565 Asiatico

478 593 634 655 dicti,
671 594 763 663 qui
800 594 864 647 ad
895 610 1059 649 omne
1094 597 1494 666 turpitudinum
1521 615 1583 652 ac
1610 598 1935 670 ﬂagitiorum
1967 618 2060 670 ge-

478 702 587 739 nus
630 685 933 756 discipulos
982 686 1339 742 informabat.
1378 689 1531 755 Quod
1583 691 1628 745 si
1667 692 1811 760 quis,
1858 692 2057 757 aiebat,

479 795 590 833 non
624 780 805 832 omnia
847 780 1201 848 percurrerit,
1234 796 1411 850 neque
1437 782 1765 848 daemonum,
1810 793 1865 839 et
1896 800 2060 855 ange—

482 872 659 923 lorum
692 871 935 924 omnium
972 871 1235 925 voluntati
1275 872 1624 937 satisfecerit,
1658 890 1970 943 supremum
2004 877 2060 929 in

482 966 679 1017 malum
709 963 863 1017 evehi
895 964 1118 1017 minime
1142 972 1340 1033 potest,
1369 980 1547 1034 neque
1576 966 1937 1036 principatus,
1965 983 2061 1037 po-

482 1063 822 1123 testatesque
877 1055 1289 1110 transcendere.
1335 1056 1629 1111 Asserebat
1685 1057 1826 1111 idem
1873 1057 2059 1113 Jesum

486 1156 666 1201 mente
704 1147 988 1216 praeditam
1025 1147 1263 1201 animam
1297 1148 1619 1218 sumpsisse,
1665 1159 1719 1203 et
1748 1150 2062 1221 cognitione

486 1239 797 1293 cmlestium
829 1239 1097 1294 imbutum
1133 1239 1448 1295 hominibus
1481 1255 1543 1294 ea
1578 1242 1861 1296 nuntiasse
1884 1258 1898 1295 :
1922 1257 1984 1296 ac
2013 1242 2062 1297 si

485 1330 612 1398 quis
659 1330 872 1393 cadent,
905 1345 1027 1399 qua:
1071 1328 1230 1385 Jesus
1266 1330 1425 1394 olim,
1470 1339 1767 1401 perpetret,
1810 1332 1954 1386 haud
1995 1348 2062 1387 eo

488 1421 799 1476 inferiorem
836 1421 1102 1477 futurum.
1137 1421 1362 1479 Demum
1394 1424 1565 1493 legem
1600 1439 1707 1478 una
1753 1440 1876 1479 cum
1918 1443 2063 1481 mor-

487 1519 708 1565 tuorum
742 1515 1144 1568 resurrectione
1174 1514 1487 1579 damnabat,
1515 1516 1974 1584 quemadmodum
2009 1525 2064 1573 et

487 1600 816 1667 Simoniani,
869 1606 1161 1675 czetcrique
1201 1620 1411 1671 omnes,
1452 1621 1589 1675 quos
1619 1608 1907 1679 hucusque
1940 1626 2063 1680 per-

2161 409 2320 471 Οῦτοι
2348 416 2445 486 τὴν
2487 412 2743 485 Βαρϐελὼ
2766 413 2859 466 καὶ
2884 411 3143 483 Βαρδερὼ
3172 409 3418 480 αύχοῦσι.

2234 508 2308 563 Ζ’.
2340 506 2838 577 Καρποκρατιανοί,
2866 503 2973 557 ἀπὸ
3004 501 3433 573 Καρποκράτους
3465 500 3591 561 τινὸς
3606 502 3677 553 at}:

2161 598 2219 652 ὲν
2251 601 2314 669 τῇ
2360 598 2534 668 Ἀσίᾳ,
2569 598 2627 661 ὃς
2652 596 2895 649 ἐδίδασκε
2937 596 3116 648 πᾶσαν
3161 592 3543 663 αἰσχρουργίαν
3574 594 3681 645 ἐκτε-

2161 691 2290 755 λεῖν,
2325 691 2417 742 καὶ
2445 691 2550 742 πᾶν
2584 687 2919 757 ἐπιτήδευμα
2966 685 3259 755 ἁμαρτίας.
3293 685 3401 737 Καὶ
3446 684 3494 735 εἰ
3526 686 3681 753 μήτις,

2164 782 2318 851 φησί,
2350 779 2438 832 διὰ
2487 780 2704 832 πάντων
2738 775 3017 847 παρέλθοι,
3062 775 3154 828 καὶ
3181 774 3241 826 τὸ
3268 772 3480 843 θέλημα
3520 775 3682 827 uinum

2161 872 2268 925 τῶν
2324 869 2590 939 δαιμόνων
2635 867 2729 921 καὶ
2779 866 3023 935 ἀγγέλων
3074 863 3353 937 ἐκτελέσῃ,
3400 866 3463 917 ού
3516 865 3685 920 δύναται

2164 960 2471 1032 ὑπερϐῆναι
2500 961 2579 1022 εἰς
2603 958 2694 1011 τὸν
2723 956 2995 1011 ἀνώτατον
3025 956 3275 1027 οὐρανὸν,
3301 955 3421 1007 οὐδὲ
3448 955 3540 1018 τὰς
3558 959 3684 1027 ἁρχις

2164 1056 2258 1108 καί
2288 1050 2673 1117 τὰς.ὲξουσίας
2716 1047 3025 1119 παρελθεῖν.
3065 1048 3257 1115 Ἔλεγε
3304 1046 3362 1099 δὲ
3403 1047 3499 1101 τὸν
3532 1049 3687 1119 Ἰηςοῦν

2161 1143 2339 1214 ψυχὴν
2386 1141 2578 1212 νοεράν
2614 1139 2913 1210 εἰληφέναι,
2950 1138 3128 1191 εἰδότα
3171 1137 3226 1189 δὲ
3256 1137 3326 1189 τὰ
3355 1137 3471 1190 ἄνω
3511 1139 3687 1193 ἐνταῦθα

2164 1234 2580 1304 καταγγέλλειν·
2621 1232 2715 1285 καὶ
2752 1232 2827 1295 ὡς
2862 1231 2915 1283 ετ
2941 1248 2992 1284 τι
3027 1230 3283 1301 πράξειεν
3326 1230 3490 1299 ὃμοια
3518 1230 3585 1300 τῷ
3616 1234 3690 1301 ’1ης

2167 1330 2283 1395 σοῦ,
2318 1330 2437 1384 κατ’
2471 1327 2632 1382 αὐτὸν
2660 1322 2821 1381 εἶναι.
2856 1327 2959 1379 Τόν
2986 1342 3046 1379 τε
3080 1326 3241 1396 νόμον
3270 1326 3369 1383 σὺν
3410 1327 3479 1394 τῇ
3521 1324 3612 1376 τῶν
3630 1342 3689 1375 νε-

2165 1421 2327 1491 κρῶν*
2347 1419 2638 1472 ἀναστάσει
2668 1415 3030 1487 ἀπηγόρευεν,
3053 1415 3128 1478 ὼς
3152 1416 3207 1468 αἱ
3242 1414 3352 1469 ἀπὸ
3374 1414 3600 1483 Σίμωνος
3626 1418 3690 1465 καὶ

2164 1511 2324 1583 δεῦρο
2372 1510 2627 1583 αἱρέσεις.
2677 1508 2879 1561 Τούτου
2922 1506 3143 1575 γέγονεν
3186 1508 3218 1576 ἡ
3256 1509 3311 1558 ὲν
3358 1504 3543 1576 Ῥώμῃ
3578 1505 3689 1571 Μαρ-

2168 1602 2406 1656 κελλίνα.
2462 1600 2689 1662 Εἰκόνας
2715 1598 2771 1651 δὲ
2803 1600 3031 1669 ποιήσας
3073 1600 3129 1651 ὲν
3174 1600 3359 1668 κρυφῇ
3404 1595 3590 1665 Ἰησοῦ,
3628 1600 3691 1645 και

486 1691 698 1745 censui.
736 1690 815 1744 Ex
860 1692 1025 1761 hujus
1062 1709 1224 1764 grege
1255 1694 1569 1751 Marcellina
1600 1699 1690 1752 illa
1727 1677 1911 1753 Romae
1938 1677 2058 1753 iuit.

2190 1694 2401 1756 Ιαύλου,
2431 1693 2524 1746 καί
2570 1692 2829 1762 Ὀμήρου,
2861 1691 2952 1743 καί
2987 1689 3325 1761 Πυθαγόρου,
3356 1688 3572 1749 ταύταις
3606 1686 3693 1738 Eli.-

485 1781 666 1852 Atque
697 1783 836 1836 idem
864 1782 1015 1848 Jesu,
1051 1783 1335 1855 Paulique,
1383 1801 1484 1842 nec
1518 1803 1629 1842 non
1656 1796 1711 1842 et
1746 1788 1965 1844 IIomcri
1999 1805 2063 1844 ac

493 1872 811 1945 Pythagorae
854 1876 1164 1930 clanculum
1212 1877 1477 1947 imagines
1522 1878 1752 1951 ﬁngens,
1790 1881 2064 1936 sumtibus

489 1981 585 2023 eas
619 1976 671 2022 et
698 1966 1011 2022 adoratione
1045 1978 1368 2037 prosecutus
1400 1980 1505 2026 est.

562 2058 698 2112 VIII.
738 2058 1101 2123 Cerinthiani,
1155 2061 1272 2116 sive
1303 2061 1673 2128 Merinthiani,
1706 2079 1734 2117 a
1762 2064 2022 2119 Cerintho
2048 2103 2062 2129 ,

2168 1784 2265 1855 μία
2294 1784 2386 1837 καὶ
2413 1782 2750 1853 προσεκύνει.

2238 2068 2319 2123 H'.
2356 2069 2730 2140 Κηρινθιανοί.
2779 2069 2829 2121 οἰ
2882 2069 2973 2121 καὶ
3016 2065 3395 2136 Μηρινθιανοῐ’
3448 2058 3584 2116 οὗτοι
3624 2064 3698 2116 ἀπὸ

490 2152 577 2205 vel
611 2150 878 2206 Merintho
903 2151 1118 2207 Judaici
1164 2155 1381 2223 generis
1430 2156 1780 2221 exstiterunt,
1821 2158 1911 2226 qui
1958 2157 2066 2210 cir-

2190 2164 2439 2236 (ηρίνθου
2470 2164 2565 2217 καὶ
2606 2162 2882 2234 Μηρίνθου
2926 2162 3168 2215 Ἰουδαῖοί
3215 2176 3361 2221 τινες
3399 2158 3499 2228 τὴν
3530 2175 3699 2226 mpm-

489 2242 881 2297 cumcisionem
917 2259 1025 2313 prie
1054 2260 1112 2299 se
1147 2244 1413 2299 ferebant.
1459 2246 1718 2301 Mundum
1750 2248 1818 2301 ab
1860 2248 2066 2318 angelis

2190 2255 2278 2325 ιὴν
2331 2254 2652 2325 αὐχοῦντες·
2688 2253 2778 2306 τὸν
2820 2254 2877 2307 δὲ
2932 2254 3134 2323 κόσμον
3174 2250 3265 2303 ὑπ’
3304 2248 3552 2317 ἀγγέλων
3584 2267 3699 2317 γεγε-

491 2340 845 2404 I'abricatum,
885 2338 1070 2394 Jesum
1107 2340 1172 2395 ad
1222 2339 1430 2394 Christi
1467 2340 1789 2410 dignitatem
1836 2356 1931 2411 per
1965 2342 2066 2395 vir-

2190 2345 2367 2415 νῆσθαι
2400 2343 2669 2413 λέγοντες,
2710 2340 2916 2413 Ἰησοῦν
2948 2343 3005 2395 δὲ
3039 2343 3179 2396 κατὰ
3200 2341 3489 2412 προκοπὴν
3517 2341 3699 2411 Χριςτὲν

491 2438 667 2485 tutum
697 2432 1027 2485 incrementa
1057 2432 1373 2501 pervenisse
1398 2432 1677 2487 dixerunt.

565 2520 655 2573 IX.
698 2519 961 2575 Nazareni
1005 2521 1079 2573 ita
1111 2519 1296 2575 Iesum
1345 2536 1469 2575 esse
1515 2521 1817 2584 Christum,
1870 2519 2072 2590 Deique

494 2609 691 2667 Filium
740 2621 1114 2676 asserueruut,
1156 2620 1213 2665 ut
1250 2610 1417 2667 Mosis
1468 2613 1640 2682 legem
1674 2612 1901 2666 omnino
1947 2613 2072 2666 vita:

494 2703 562 2757 ad
590 2703 896 2757 institutum
927 2703 1280 2758 adsciverint.

568 2792 633 2846 X'.
684 2792 1098 2859 Cerinthianis,
1157 2808 1222 2847 ac
1268 2791 1567 2847 Nazarenis
1626 2792 1893 2847 simillimi
1946 2800 2075 2848 sunt

495 2884 784 2947 Ebionitaz,
822 2885 1021 2953 quibus
1059 2899 1183 2937 cum
1236 2882 1551 2953 Sampsaais,
1592 2892 1647 2937 et
1675 2882 1933 2939 Elcesaeis
1974 2885 2074 2937 ali-

496 2991 605 3045 qua
636 2992 701 3030 ex
728 2984 882 3045 parte
908 2976 1187 3029 convenit.
1247 2975 1310 3028 Ili
1349 2975 1628 3030 Christum
1652 2976 1715 3047 in
1750 2976 1892 3030 caelo
1918 2990 2074 3031 crea-
2099 3003 2145 3063 ο

497 3075 637 3131 ιυιη,
689 3068 918 3136 ejusque
966 3076 1219 3123 sanetum
1268 3066 1530 3136 Spiritum
1579 3066 1867 3120 afﬁrmant.
1920 3066 2073 3123 Illum

499 3157 679 3226 ipsum
714 3158 767 3210 in
800 3158 1067 3211 Adamum
1104 3171 1226 3211 sese
1259 3156 1525 3212 infudisse
1557 3160 1759 3227 primo,
1792 3172 1857 3210 ac
1880 3158 2077 3213 deinde

500 3248 725 3303 exuisse
755 3256 1020 3314 narrant;
1054 3255 1168 3302 tum
1202 3250 1441 3305 subiisse
1470 3250 1687 3315 denuo;
1719 3249 1881 3321 idque
1924 3265 2075 3306 com-

502 3338 723 3393 modum
759 3338 975 3401 fecisse,
1008 3352 1133 3391 cum
1163 3337 1218 3391 in
1251 3349 1426 3393 terras
1448 3352 1678 3407 corpore
1707 3338 2076 3393 circumfusus

502 3427 747 3482 advenit.
781 3428 858 3482 Ac
889 3430 1015 3484 licet
1041 3428 1213 3483 Judaei
1249 3428 1380 3492 sint,
1413 3428 1765 3499 Evangelium
1798 3429 2078 3483 nihilomi-

505 3532 612 3572 nus
650 3519 931 3575 adhibent.
966 3519 1225 3573 Caruium
1271 3534 1425 3575 esum
1474 3519 1835 3574 detestantur.
1869 3520 2077 3589 Aquam

506 3621 608 3675 pro
642 3605 750 3661 Deo
785 3618 1135 3663 venerantur.
1163 3608 1440 3662 Christum
1475 3610 1528 3662 in
1561 3624 1661 3663 suo
1692 3608 1804 3672 illo,
1840 3610 1918 3662 uti
1948 3609 2081 3663 dixi-

510 3710 656 3760 mus,
700 3696 933 3751 adventu
973 3697 1247 3751 hominem
1290 3696 1532 3752 induisse
1574 3697 1785 3751 dicunt.
1838 3696 2080 3768 Denique

508 3786 667 3853 aquis
696 3793 756 3841 se
786 3787 1080 3841 identidem
1115 3795 1225 3841 tam
1255 3787 1434 3842 hieme
1465 3802 1627 3856 quam
1654 3796 1844 3842 aestate
1876 3788 2077 3853 lavant,

510 3876 619 3949 54
667 3878 922 3932 nimirum
981 3880 1233 3948 puritatis
1287 3878 1646 3935 conciliandae
1702 3878 1804 3934 sibi
1863 3880 2079 3949 gratia,

509 3969 963 4038 quemadmodum
1001 3968 1302 4025 Samaritae.

581 4059 673 4116 XI.
716 4059 987 4114 Valentini
1027 4076 1317 4131 corporum
1362 4060 1823 4117 resurrectionem
1859 4070 2080 4133 negant.

515 4148 682 4205 Vetus
711 4149 1144 4217 Testamentum,
1183 4167 1263 4223 .ac
1303 4155 1598 4223 prophetas
1634 4163 1920 4225 respuunt.
1955 4154 2087 4220 Qua:

510 4241 871 4296 nihilominus
894 4243 1080 4313 legunt
1119 4244 1245 4313 ipsi,
1279 4252 1332 4299 et
1360 4245 1405 4299 si
1436 4246 1569 4314 quid
1596 4256 1677 4300 est
1700 4246 1843 4316 quod
1866 4246 1933 4300 ad
1963 4246 2086 4299 illo-

2171 2436 2486 2506 κεκλῆσθαι.

2242 2528 2318 2579 Θ’.
2373 2524 2705 2596 Ναζωραῖοι,
2751 2525 2799 2577 οἳ
2841 2523 3075 2594 Χριστὸν
3131 2522 3491 2595 ὁμολογοῦσιν
3544 2520 3703 2591 Ἰησοῦν

2174 2617 2299 2670 Υἰὸν
2332 2615 2491 2682 Θεοῦ,
2525 2616 2700 2670 πάντα
2728 2615 2785 2667 δὲ
2814 2614 2955 2668 κατά
2985 2615 3146 2685 νόμον
3177 2614 3599 2683 πολιτευόμενοι.

2245 2793 2302 2846 1’.
2344 2790 2663 2852 Ἐὅιωναίοι,
2691 2790 2740 2842 οἰ
2783 2790 3152 2860 παραπλήσιοι
3196 2788 3303 2841 τῶν
3337 2787 3705 2859 προειρημέναι

2174 2880 2551 2953 Κηρινθιανῶν
2580 2882 2676 2934 καὶ
2713 2878 3051 2951 Ναζωραίων
3070 2898 3087 2915 ο
3117 2876 3199 2943 οἷς
3233 2879 3484 2950 συνῆφθη
3534 2880 3652 2932 κατὰ
3674 2896 3704 2929 τι

2176 2976 2208 3046 ἡ
2231 2975 2338 3028 τῶν
2366 2973 2664 3044 Σαμψαίων
2690 2991 2748 3026 τε
2785 2975 2877 3027 καί⁸
2916 2972 3243 3026 Ἐλκεσαίων
3270 2973 3506 3043 αἵρεσις.
3536 2973 3594 3025 Οἳ
3612 2973 3707 3041 Χρι-

2178 3066 2297 3119 στόν
2332 3083 2495 3135 φασιν
2544 3064 2826 3119 κεκτίσθαι
2864 3064 2921 3116 ὲν
2964 3063 3044 3134 τῷ
3088 3062 3322 3134 ούρανῷ,
3366 3065 3466 3115 καὶ
3504 3065 3562 3115 τὸ
3598 3064 3705 3129 ἆγεν

2174 3155 2339 3209 αὑτοῦ
2368 3153 2613 3225 Πνεῦμα.
2659 3154 3073 3224 Ἐνδημήσαντα
3105 3152 3162 3205 δὲ
3198 3153 3289 3205 τὸν
3326 3153 3562 3222 Χριστὸν
3590 3155 3637 3204 ἐν
3660 3154 3707 3219 τῷ

2189 3248 2357 3317 Ἀδὰμ
2402 3248 2638 3317 πρῶτον,
2689 3246 2781 3299 καί
2815 3245 2957 3298 κατά
2996 3243 3185 3315 καιρὸν
3231 3244 3556 3313 ἐκδυόμενον
3593 3245 3706 3295 uitii

2176 3336 2267 3388 τὸν
2309 3335 2498 3406 Ἀδὰμ,
2527 3337 2621 3390 καί
2653 3335 2812 3389 πάλιν
2845 3335 3185 3405 ἐνδυόμενον,
3220 3335 3281 3386 τὸ
3316 3335 3455 3387 αὐτὸ
3484 3334 3708 3399 107416;:-

2180 3444 2262 3479 σιν
2288 3428 2690 3481 ὲκτετελεκέναι
2720 3426 2881 3480 αὑτὸν
2910 3428 2967 3479 ὲν
2993 3428 3059 3497 τῇ
3083 3425 3332 3495 ὲνσάργῳ
3355 3424 3525 3478 αὑτοῦ
3553 3442 3710 3494 παρος·

2180 3520 2290 3590 σία.
2338 3519 2578 3572 Ἰουδαῖοι
2605 3519 2661 3571 δὲ
2703 3520 2856 3581 ὄντες
2883 3517 3232 3585 Εὐαγγε).ἰοις
3275 3517 3589 3587 κέχρηνται.
3613 3517 3709 3585 Σαρ-

2179 3613 2448 3680 κοφαγίαν
2484 3610 2874 3681 βδελύττονται.
2913 3610 2986 3663 Τὸ
3032 3607 3175 3679 ὕδωρ
3209 3608 3332 3661 ἀντὶ
3371 3607 3510 3660 Θεοῦ
3544 3608 3709 3676 ἔχοντι·

2179 3702 2269 3755 τὸν
2297 3704 2354 3755 δὲ
2396 3703 2632 3772 Χριστὸν
2665 3702 2950 3772 ἄνθρωπον
2994 3702 3050 3754 ἐν
3074 3702 3141 3770 τῇ
3190 3699 3445 3769 ὲνσάρκῳ
3491 3696 3711 3767 παραλίᾳ

2182 3792 2510 3857 ἐνδεδύσθαι,
2540 3793 2616 3857 ὡς
2643 3794 2796 3864 ἔφην.
2836 3791 3081 3862 Συνεχῶς
3105 3790 3163 3843 δὲ
3195 3789 3546 3859 βαπτίζονται
3575 3793 3623 3842 ὲν

2183 3883 2338 3939 ὕδασι
2369 3885 2559 3955 θέρους
2590 3902 2648 3938 τε
2681 3884 2777 3937 καὶ
2820 3884 3110 3955 χειμῶνος,
3156 3881 3236 3942 εἰς
3280 3880 3546 3952 ἁγνισμὸν
3577 3880 3713 3947 δῆθεν,

2182 3972 2369 4045 ὥσπερ
2397 3976 2445 4026 οἰ
2485 3975 2837 4045 Σαμαρεῖται.

2252 4065 2355 4122 IA’.
2400 4065 2770 4129 Ούαλεντῖνοι,
2832 4066 2880 4119 οἰ
2926 4064 3127 4135 σαρκὸς
3180 4065 3278 4136 μὲν
3324 4062 3714 4133 ἀπαγορεύουαν

2186 4157 2501 4222 ἀνάστασιν,
2536 4156 2781 4210 Παλαιὰν
2816 4156 3090 4227 Διαθήκην
3126 4155 3378 4209 ἀθετοῦσι
3429 4156 3522 4208 καὶ
3550 4154 3713 4221 πρόξῇ

2187 4262 2304 4309 τας,
2335 4244 2800 4312 ἀναγινώσκοντες
2831 4245 2928 4315 μὲν
2961 4246 3052 4297 καὶ
3086 4246 3186 4297 ὅσα
3209 4247 3289 4307 εἰς
3320 4244 3572 4314 ὁμοίωσιν
3600 4240 3711 4292 εὐναί

510 4344 633 4386 rum
683 4334 913 4389 hmresin
956 4349 1052 4405 per
1101 4337 1323 4406 liguram
1365 4334 1428 4390 ac
1458 4344 1669 4407 tropum
1689 4338 2066 4393 accommodar

2190 4351 2277 4387 ται
2301 4335 2741 4406 τροπολογεῖσθαι
2766 4334 2866 4403 τῆς
2890 4334 3069 4387 αὐτῶν
3100 4335 3385 4405 αἱρέσεως,
3418 4334 3513 4386 καὶ
3543 4330 3714 4398 δεκάς-ε’

511 4424 705 4492 possit,
749 4426 801 4480 id
842 4427 1162 4481 admittunt.
1216 4426 1321 4482 Sed
1369 4440 1549 4483 certas
1578 4430 1841 4500 quasdam
1874 4429 2087 4484 fabulas

514 4515 867 4582 addiderunt,
897 4529 951 4572 et
980 4518 1200 4589 triginta
1222 4535 1434 4573 aeonum
1472 4522 1761 4590 utriusque
1796 4536 1962 4577 sexus
1991 4536 2087 4574 vo-

514 4608 709 4666 cabula
743 4608 1034 4662 commenti
1067 4615 1228 4672 sunt;
1263 4623 1401 4677 quos
1433 4608 1648 4677 quidem
1672 4624 1855 4665 asonas
1877 4612 1945 4664 ab
1968 4610 2092 4664 uni-

520 4712 801 4751 versorum
832 4707 1057 4766 parente
1086 4712 1149 4749 ac
1181 4699 1463 4753 conditore
1481 4700 1775 4769 productos
1812 4710 2087 4767 asserunt,

518 4802 657 4855 quos
678 4795 733 4840 et
759 4786 911 4853 deos,
938 4794 993 4841 et
1010 4801 1194 4841 :eonas
1219 4786 1447 4842 faciunt.
1487 4788 1712 4843 Demum
1754 4789 2030 4845 Christum
2061 4804 2093 4845 e

520 4879 660 4933 cmlo
701 4892 901 4947 corpus
950 4880 1231 4943 extulisse,
1278 4894 1343 4933 ac
1372 4894 1481 4947 per
1519 4879 1742 4934 Mariam
1781 4883 2091 4936 traductum

522 4984 646 5025 esse
675 4968 825 5023 velut
860 4984 956 5037 per
996 4972 1246 5025 tubulum
1272 4973 1611 5028 existimant.

595 5058 711 5114 XII.
754 5058 1109 5126 Secundiani,
1154 5079 1457 5133 eorumque
1484 5065 1617 5119 socii
1652 5062 1983 5134 Epiphanes,
2014 5072 2097 5117 at-

524 5168 633 5223 que
671 5151 938 5215 Isidorus,
969 5154 1163 5207 eadem
1210 5155 1353 5210 inter
1389 5172 1449 5210 se
1498 5156 1649 5226 paria
1706 5165 2098 5225 componentes

525 5259 651 5298 cum
700 5241 1007 5298 Valentinis
1054 5247 1407 5300 consentiunt
1443 5266 1457 5301 :
1492 5247 1753 5301 nonnulla
1800 5254 1981 5302 tamen
2031 5247 2099 5301 ab

527 5339 597 5394 iis
621 5337 837 5393 diversa
863 5348 1105 5406 ponunt;
1152 5345 1207 5393 et
1245 5339 1312 5393 ad
1348 5340 1545 5395 foedam
1572 5340 1798 5410 insuper
1822 5339 2098 5396 libidinem

527 5442 663 5485 suos
688 5429 1005 5484 instituunt.
1037 5427 1202 5483 Iidem
1226 5438 1280 5484 et
1306 5428 1739 5486 Incarnatiouem
1769 5439 1989 5502 negant.

598 5604 740 5660 XIII.
782 5602 1056 5663 Ptolemzei
1100 5603 1373 5661 Valentini
1400 5604 1653 5676 discipuli
1695 5604 1933 5677 fuerunt,
1978 5605 2099 5676 qui~

2188 4442 2298 4478 νον
2348 4424 2539 4496 ἐτέρας
2584 4424 2641 4477 δέ
2687 4442 2839 4487 τινας
2892 4424 3214 4494 μυθολογίας
3269 4424 3716 4495 παρεισφέροντες.

2188 4516 2480 4587 τριάκοντα
2502 4515 2709 4568 αἰώνων
2730 4516 3023 4585 ὀνομασίας
3044 4511 3715 4586 λέγοντεςὰῤῥενοθηλειὼν.

2190 4607 2325 4677 ὁμοῦ
2355 4624 2411 4663 τε
2440 4607 2504 4659 ὲκ
2538 4607 2631 4659 τοῦ
2666 4608 2878 4677 Πατρὸς
2910 4608 3017 4669 τῶν
3045 4607 3180 4659 ὅλων
3219 4606 3628 4676 γεγενημένους,
3655 4601 3715 4658 οἱς

2193 4699 2285 4752 καὶ
2315 4698 2470 4761 θεοὺς
2496 4696 2755 4768 ἡγοῦνται
2790 4699 2884 4750 καὶ
2926 4696 3149 4761 αἰῶνας.
3180 4696 3282 4747 Τὸν
3318 4697 3376 4748 δὲ
3409 4696 3630 4763 Χριστὸν
3655 4690 3716 4742 ἀπ’

2193 4787 2423 4859 ούρανοῦ
2464 4787 2621 4857 σῶμα
2670 4788 3002 4856 ἐνηνοχέναι,
3039 4788 3133 4839 καὶ
3168 4786 3245 4847 ὡς
3286 4784 3374 4837 διὰ
3416 4780 3715 4853 σωλῆκιςτὶςι

2194 4877 2411 4949 Μαρίαν
2447 4875 2925 4945 διαπεπερακέναι.

2269 5054 2369 5108 IB'.
2403 5052 2791 5115 Σεκουνδιανοί,
2831 5048 2912 5114 οἷς
2962 5050 3286 5104 συνάπτεται
3330 5046 3718 5117 ’En::;&v1;;'u‘.

2210 5147 2497 5217 Ἰσίδωρος,
2531 5148 2650 5208 ταῖς
2696 5144 2887 5206 αύταίς
2934 5143 3259 5214 κεχρημένοι
3296 5142 3391 5194 καὶ
3428 5134 3573 5193 οὗτοι
3604 5136 3711 5198 ra;-

2198 5239 2362 5307 γίαις,
2392 5232 2459 5291 τὰ
2490 5239 2651 5308 ὃμοια
2692 5236 3028 5305 Οὐαλεντίνῳ
3068 5235 3491 5306 πεφρονηκότες,
3524 5228 3717 5299 ἕτεραᾶ

2201 5331 2331 5401 παρ’
2369 5329 2547 5382 αὐτῶν
2576 5326 2759 5388 ποσῶς
2789 5326 3152 5397 διηγούμενοι.
3186 5325 3543 5396 Προστιθέασι
3580 5323 3627 5374 δὲ
3654 5320 3719 5381 τῆν

2202 5422 2589 5494 αἰσχρουργίαν
2644 5420 3001 5483 διδάσκοντες.
3069 5418 3494 5490 Ἀπαγορεύουσι
3555 5416 3603 5467 δὲ
3658 5412 3718 5461 καὶ

2204 5507 2347 5567 οὗτοι
2371 5513 2469 5583 τὴν
2503 5512 2795 5584 σάρκωσιν.

2273 5607 2370 5661 ΙΓ’.
2405 5604 2747 5677 Πτολεμαῖοι,
2784 5602 3021 5677 μαθηταί
3054 5603 3146 5660 καί
3174 5602 3328 5659 αὐτοὶ
3355 5602 3505 5662 ὄντες
3538 5591 3718 5651 Οὐαλεν-
