3754 6182
507 211 616 270 287

1933 210 1992 265 S.
2044 205 2385 263 EPIPHANII

3645 205 3703 266 18%

585 321 650 380 ll.
695 320 869 395 Igitur
895 337 965 379 ex
1005 322 1097 378 illa
1124 322 1398 379 malorum
1431 322 1743 377 daemonum
1778 319 1993 375 insania
2025 334 2090 373 ac

2261 315 2337 370 B’.
2366 306 2535 378 Οὗτος
2587 314 2685 385 μὲν
2710 308 2825 381 οὖν,
2861 314 3001 385 ἔχων
3042 313 3141 384 τὴν
3167 313 3407 368 διάνοιαν
3442 328 3705 384 «smnpm-

509 416 745 487 magicis
774 415 992 479 artibus
1029 415 1477 470 consceleratum
1507 415 1750 467 animum
1777 425 1991 483 gerens,
2022 418 2099 465 at-

512 524 621 579 que
660 508 878 563 illorum
916 506 1210 577 praestigiis
1250 506 1498 569 delusus,
1546 520 1671 573 cum
1701 503 1837 557 nihil
1875 501 2100 556 haberet

513 599 845 671 promptius,
887 614 1052 669 quam
1080 606 1139 652 ut
1168 598 1430 669 nequitiae
1458 613 1573 653 suae
1600 582 2098 663 veneﬁciorumque

516 694 812 748 barbarum
868 692 1168 763 quoddam,
1212 708 1277 747 ac
1323 692 1439 747 suis
1479 692 1586 746 illis
1632 689 1953 744 auctoribus
1990 688 2099 741 da:-

514 783 771 838 monihus
805 783 1027 853 dignum
1081 782 1357 853 specimen
1398 781 1704 844 exhiberet,
1740 780 1799 834 in
1848 786 2096 849 apertum

514 875 803 947 prorupit;
855 891 918 930 ac
969 875 1073 931 sub
1110 874 1411 930 Christiani
1449 872 1691 928 nominis
1736 872 1938 942 specie,
1977 880 2099 926 tan-

515 986 679 1039 quam
714 978 933 1022 veratro
966 968 1069 1022 mel
1113 967 1445 1032 admiscens,
1483 966 1562 1020 sic
1595 965 1741 1019 illius
1780 965 2096 1034 appellatio-

514 1059 604 1126 nis
636 1058 913 1129 splendori
951 1058 1108 1112 letale
1135 1072 1405 1113 venenum
1446 1055 1666 1119 infudit,
1702 1055 1866 1125 idque
1898 1056 1964 1110 iis
2001 1054 2097 1109 ob-

514 1151 641 1206 tulit
680 1165 820 1220 quos
862 1148 1239 1203 fraudulenter
1284 1156 1538 1217 captatos
1579 1155 1634 1202 et
1683 1147 1909 1216 impium
1949 1145 2099 1200 hunc

516 1241 573 1296 in
604 1255 846 1295 errorem
880 1247 1182 1310 pertractos
1211 1239 1265 1293 in
1295 1238 1524 1293 exitium
1563 1237 1812 1292 adduxit.
1850 1235 2097 1305 Cumque

515 1332 571 1387 in
617 1328 884 1385 Venerem
936 1338 1132 1383 natura
1173 1328 1472 1399 proclivior
1521 1336 1688 1391 esset,
1735 1341 1926 1381 eorum
1977 1341 2097 1395 qua:

514 1420 877 1491 proﬁtebatur
913 1419 1232 1489 dogmatum
1263 1416 1598 1473 verecundia
1648 1424 1957 1471 commotus
2002 1430 2096 1471 ne-

514 1512 808 1583 quissimus
850 1511 1171 1581 opinionum
1211 1524 1387 1581 nugas
1436 1509 1727 1579 discipulis
1772 1509 1891 1564 suis
1920 1509 2096 1578 impo-

513 1612 634 1660 stor
666 1603 960 1673 persuasit.
992 1602 1209 1657 Etenim
1241 1616 1429 1671 vagam
1462 1600 1754 1673 quamdam
1798 1598 2094 1654 muliercu-

513 1692 646 1755 lam,
683 1692 903 1746 nomine
939 1689 1224 1755 llelenam,
1256 1698 1473 1755 nactus,
1506 1690 1683 1760 patria
1714 1688 1953 1760 Tyriam,
1988 1684 2093 1743 sibi

514 1698 646 1755 lam,
683 1698 903 1746 nomine
939 1698 1224 1755 Helenam,
1256 1698 1473 1755 nactus,
1506 1698 1683 1760 patria
1714 1698 1953 1760 Tyriam,
1988 1698 2093 1743 sibi

474 1698 634 1845 [eam
663 1784 904 1853 copulat,
930 1797 1168 1851 quacum
1205 1782 1384 1852 palam
1418 1782 1623 1836 nullam
1648 1781 1851 1836 habere
1880 1796 1939 1835 se
1967 1794 2098 1835 con-

516 1873 865 1928 suetudinem
894 1870 1183 1935 simulans,
1227 1871 1391 1925 homo
1412 1869 1567 1925 vafer
1599 1870 1741 1925 clam
1766 1870 1915 1925 omni
1949 1884 2008 1925 se
2041 1870 2096 1923 in

517 1960 810 2016 libidinum
856 1975 1056 2033 genere
1098 1960 1416 2025 volutabat;
1464 1968 1628 2031 atque
1668 1962 1831 2015 etiam
1865 1959 2097 2015 ridicula

517 2052 587 2107 de
618 2064 682 2107 ea
715 2068 772 2107 re
803 2051 983 2105 fabula
1023 2050 1329 2121 discipulos
1364 2051 1619 2122 aspersit.
1661 2050 1731 2107 Se
1763 2052 1908 2107 enim
1950 2067 2101 2106 sum--

473 2149 664 2201 imam
701 2156 825 2196 esse
864 2140 960 2196 Dei
1002 2140 1148 2206 vim;
1183 2148 1428 2195 scortum
1473 2156 1603 2196 vero
1634 2157 1795 2197 suum
1833 2141 2096 2212 Spiritum

395 2254 403 2262 ·
512 2247 642 2291 esse
683 2242 933 2288 sanctu‘m
964 2230 1235 2288 alﬁrmare
1272 2248 1445 2289 ausus
1486 2242 1592 2300 est,
1629 2234 1789 2303 cujus
1834 2234 2099 2306 gratia'de

516 2326 659 2381 coelo
701 2326 1076 2381 descenderat.
1126 2324 1234 2381 Sed
1284 2325 1341 2381 in
1396 2341 1729 2398 unoquoque
1778 2329 1918 2382 coelo
1972 2342 2099 2397 pro-

512 2416 717 2489 priam,
763 2416 966 2481 aiebat,
996 2417 1118 2488 ejus
1169 2418 1295 2473 coeli
1327 2417 1557 2473 formam
1583 2418 1761 2484 indui,
1795 2434 1904 2489 quo
1944 2433 2099 2473 meos

519 2508 745 2579 angelos
778 2501 947 2563 latere
977 2523 1220 2579 possem,
1242 2515 1296 2564 et
1321 2507 1387 2563 ad
1412 2524 1587 2581 meam
1621 2509 1769 2563 illam
1796 2508 2101 2580 intelligen-

496 2601 655 2697 Jtiam
686 2599 1104 2662 descenderem,
1137 2600 1243 2656 hoc
1276 2609 1361 2657 est
1390 2600 1649 2657 Helenam
1688 2601 1872 2666 istam,
1898 2615 2020 2672 quae
2047 2610 2101 2656 et

494 2690 817 2757 ‘Prunicus,
846 2700 901 2748 et
930 2690 1169 2763 Spiritus
1197 2702 1421 2749 sanctus
1449 2695 1786 2765 appellatur;
1818 2709 1917 2765 per
1936 2709 2099 2764 quam

515 2784 742 2857 angelos
776 2785 999 2852 creavi;
1052 2784 1233 2855 angeli
1273 2799 1439 2856 porro
1473 2782 1761 2850 mundum,
1797 2793 1961 2855 atque
2002 2784 2101 2839 ho-

490 2878 691 2945 ,mines
727 2873 1113 2931 condiderunt.
1163 2874 1421 2931 Eamdem
1456 2890 1580 2930 esse
1610 2877 1971 2930 conﬁrmabat
1997 2874 2102 2931 Hc-

488 2958 489 2961 “
515 2968 718 3031 lenam,
745 2968 906 3036 cujus
933 2982 1100 3022 causa
1117 2967 1318 3022 bellum
1339 2965 1559 3022 Graecos
1584 2967 1727 3021 inter
1746 2981 1807 3022 ac
1830 2966 2100 3037 Trojanos

480 3036 747 3112 I‘exarsit.
795 3055 878 3110 Ad
929 3055 1046 3110 haec
1092 3054 1331 3111 fabulam
1379 3056 1670 3126 adjiciebat
1713 3075 1727 3111 :
1778 3057 1985 3127 lapsam
2031 3058 2099 3114 de

506 3145 667 3200 coelo
689 3143 799 3199 vim
833 3143 983 3198 illam
1014 3144 1365 3212 semetipsam
1390 3142 1805 3208 dissimulasse;
1835 3142 2011 3213 deque
2028 3158 2099 3197 eo

517 3247 710 3309 poetas
751 3236 981 3307 ﬁgurate
1016 3235 1239 3291 locutos
1281 3249 1425 3291 esse.
1464 3233 1591 3289 Haec
1624 3235 1770 3290 enim
1803 3234 1875 3289 ob
1906 3250 2100 3306 supre-

515 3341 663 3382 mam
706 3326 856 3380 illam
898 3326 1009 3379 vim
1053 3324 1321 3380 accidisse
1354 3324 1513 3390 bella,
1546 3340 1670 3395 quae
1717 3326 1785 3379 ab
1825 3325 2099 3381 haereticis

518 3417 642 3472 aliis
666 3416 929 3483 Barbero,
965 3416 1081 3472 sive
1108 3415 1337 3471 Barbelo
1365 3416 1569 3471 dicitur
1602 3436 1615 3471 :
1642 3432 1763 3488 quae
1792 3431 1917 3470 cum
1942 3429 2098 3472 suam

518 3507 598 3563 illi
640 3506 1109 3578 pulchritudinem
1149 3507 1504 3571 ostendisset,
1558 3508 1644 3563 sui
1695 3509 1842 3577 ipsos
1892 3506 2098 3562 amoris

522 3600 763 3655 stimulis
809 3599 1108 3666 incitasse;
1164 3598 1411 3670 adeoque
1454 3600 1521 3655 ad
1569 3615 1665 3657 eos
1709 3599 2100 3670 depraedandos

519 3690 626 3763 57
656 3691 950 3762 principes,
1002 3692 1094 3762 qui
1127 3692 1395 3747 mundum
1446 3692 1824 3758 condiderant,
1870 3692 2096 3746 miSsam

519 3780 624 3836 bos
670 3781 817 3850 ipsos
855 3780 1078 3852 angelos
1110 3790 1356 3835 mutuam
1396 3781 1465 3835 ad
1507 3796 1745 3853 pugnam
1785 3781 2094 3836 excitasse:

520 3888 644 3928 cum
674 3873 891 3928 interim
923 3874 1063 3928 nihil
1098 3873 1189 3927 illa
1220 3874 1349 3928 mali
1376 3888 1539 3944 passa
1566 3873 1767 3943 injecta
1793 3873 2098 3928 vehementi

519 3965 606 4020 sui
645 3963 948 4035 cupiditate
987 3964 1297 4035 perfecerit,
1332 3973 1392 4019 ut
1441 3980 1501 4021 se
1544 3965 1777 4019 invicem
1824 3964 2100 4019 interﬁce-

519 4061 664 4109 rent.
705 4051 838 4108 Eam
883 4055 1083 4125 quippe
1128 4055 1572 4126 detinebant,‘ne
1616 4070 1834 4111 sursum
1882 4057 2100 4112 evolare

520 4153 744 4216 posset;
787 4146 1020 4217 ideoque
1048 4160 1173 4201 cum
1205 4162 1270 4202 ea
1321 4150 1522 4218 singuli
1554 4148 1610 4202 in
1649 4148 1802 4203 varia
1831 4148 2100 4204 transfor-

521 4246 708 4293 mante
729 4253 789 4293 se
810 4239 1101 4293 mulierum
1124 4250 1189 4295 ac
1212 4239 1538 4295 feminarum
1561 4254 1794 4310 corpora
1822 4245 2100 4313 congressi

508 4339 670 4385 sunt.
697 4328 776 4385 Et
806 4330 916 4386 illis
939 4345 1104 4401 porro
1131 4331 1188 4386 in
1225 4332 1442 4387 diversa
1470 4343 1579 4387 tam
1602 4334 1907 4399 hominum,
1935 4348 2097 4404 quam

522 4422 831 4494 pecudum,
875 4423 1218 4494 aliorumque
1264 4438 1496 4495 corpora
1541 4424 1848 4493 transibat;
1898 4433 1956 4479 ut
2007 4438 2102 4496 per

521 4523 741 4571 mutuas
770 4515 893 4571 illas
927 4517 1383 4588 promiscuasquc
1423 4517 1597 4574 caedes
1624 4518 1796 4574 eﬁ‘uso
1836 4518 2102 4589 sanguine

522 4608 844 4677 semetipsos
891 4608 1236 4675 minuerent;
1278 4608 1507 4679 ipsaque
1531 4610 1760 4665 collecta
1792 4610 1841 4665 vi
1880 4625 2099 4666 rursum

521 4697 579 4754 in
611 4701 808 4755 caelum
838 4707 1024 4771 posset
1065 4701 1458 4757 conscendere.

597 5061 712 5133 (50)
760 5063 896 5117 Ἆπὸ
940 5064 1051 5133 τῆς
1086 5064 1275 5133 ἐν’τῇ
1320 5066 1550 5135 nursia.
1610 5065 1749 5121 Hinc
1796 5067 2100 5122 Simoniani

526 5146 718 5187 omnes
746 5137 909 5208 magi.
956 5135 1226 5191 Irenaeus:
1266 5136 1334 5190 Et
1363 5154 1685 5207 quazcunque
1713 5149 1836 5192 sum
1870 5140 1980 5191 alia
2006 5156 2102 5208 pa-

528 5218 704 5280 rerga.
749 5205 890 5268 apud
925 5222 1014 5280 eos
1057 5208 1292 5280 studiose
1325 5205 1654 5280 eajercenm'r.
1703 5205 2099 5280 Corrigendum

526 5274 799 5343 perierga:
842 5281 900 5327 ut
929 5276 1050 5328 Act.
1079 5291 1193 5339 XIX,
1222 5277 1308 5340 19,
1354 5278 1458 5342 Qui
1477 5290 1625 5332 erant
1653 5274 2098 5334 curiosa'sectati.

601 5344 713 5413 (51)
747 5343 1002 5411 Ἑλένην·
1046 5346 1327 5414 τοῦνομα.
1384 5349 1630 5404 Selenem
1663 5359 1859 5404 vocant
1898 5351 2007 5414 alii,
2040 5358 2100 5404 ut

528 5412 668 5468 Iren.
704 5414 742 5467 Ι.
779 5430 816 5478 ι,
850 5429 972 5484 cap.
1003 5412 1371 5487 20,‘Cyrillus,
1396 5420 1532 5489 Aug.
1563 5429 1619 5475 et
1650 5422 1761 5476 alii.
1791 5420 1927 5477 Vide
1946 5412 2096 5477 'l‘ert.

526 5482 565 5539 Ι.
603 5482 675 5537 De
697 5500 785 5538 an.
812 5500 861 5538 ο.
891 5485 981 5539 54.
1622 5516 1625 5517 ν

551 5525 565 5539 .
603 5500 675 5537 ue
697 5500 785 5538 an.
812 5500 861 5538 θ.
891 5500 981 5539 54.
1622 5516 1625 5517 ⁷

599 5553 713 5635 (δῇ)
756 5554 827 5609 'H
850 5555 947 5635 zeal
975 5557 1321 5635 Προύνικος.
1357 5558 1537 5615 Dicam
1569 5560 1634 5617 de
1656 5576 1719 5618 ea
1748 5578 1882 5620 voce
1913 5563 1979 5620 ad
2003 5561 2097 5619 Ni-

528 5626 850 5683 colaitarum
878 5628 1147 5685 haeresim.

2207 408 2374 478 μένην
2398 406 2509 460 ἀπὸ
2538 406 2639 476 τῆς
2667 407 2725 459 έν
2751 407 2818 476 τῇ
2858 405 3060 476 μαγείᾳ
3093 405 3204 473 (50)
3231 403 3613 475 δαιμονιιὶιδους

2194 514 2319 568 ννης,
2368 496 2462 549 καὶ
2500 490 3045 564 πεφαντασιωμένην,
3091 494 3381 565 πρόχειρος
3424 492 3502 546 ὣν
3549 494 3625 545 ἀεὶ
3653 496 3707 565 τῆς

2202 586 2398 641 ἑαυτοῦ
2446 586 2644 650 κακίας
2691 586 2759 640 τὰ
2806 583 3113 656 βαρϐαρικὰ
3170 585 3265 637 καὶ
3317 584 3591 654 δαιμόνων
3630 591 3704 657 πρά·

2200 691 2387 746 γματα
2434 675 2521 730 διά
2567 675 2668 746 τῆς
2720 673 2913 729 ἑαυτοῦ
2968 673 3302 744 μαγγανείας
3347 674 3706 733 ὲπιδείκνυσϐιι,

2200 768 2484 840 παρελθὼν
2511 771 2591 827 είς
2627 768 2811 838 μέσον,
2838 769 2932 821 καὶ
2968 770 3314 839 προσχήματι
3348 766 3611 836 ὀνόματος
3630 768 3707 837 Χρ-

2201 857 2350 921 στοῦ,
2383 857 2457 921 ὡς
2500 856 2781 929 ἑλλέϐορον
2823 858 2995 928 μέλιτι
3032 855 3417 927 παραπλέκων,
3448 853 3709 932 δηλητήριςι

2197 952 2310 1013 τοῖς
2338 950 2428 1002 ὑπ’
2458 948 2622 1003 αὑτοῦ
2652 948 2997 1018 άγρευθεῖσιν
3021 950 3101 1010 είς
3128 949 3227 1017 τὴν
3255 948 3629 1017 κακομήχανον
3654 949 3709 997 πίω

2197 1038 2303 1091 τοῦ
2335 1040 2542 1110 πλάνην
2594 1039 2884 1110 παρενθεὶς
2932 1038 3011 1109 τῷ
3054 1038 3148 1091 τοῦ
3201 1038 3463 1108 ὀνόματος
3514 1036 3711 1106 ἀξιώματι

2197 1129 2457 1201 Χριστοῦ,
2496 1131 2726 1185 θάνατον
2764 1130 3049 1199 ἐνεποίησε
3093 1131 3206 1192 τοῖς
3246 1128 3539 1182 πεισθεῖσι.
3573 1130 3711 1195 Mm;

2196 1220 2252 1273 δὲ
2289 1219 2363 1273 ὣν
2397 1221 2539 1274 κατά
2569 1221 2667 1291 τὴν
2698 1220 2878 1289 φύσιν,
2912 1220 3050 1273 αίδοῖ
3087 1223 3152 1291 τῇ
3192 1218 3297 1273 τῶν
3326 1218 3524 1272 ἑαυτοῦ
3553 1220 3711 1289 ὑπιτλέο

2199 1327 2335 1364 σεων
2370 1311 2828 1382 ύπονυσσόμενος,
2862 1310 3326 1383 παρεφθαρμένην
3373 1311 3623 1364 ὑπόνοιαν
3648 1316 3711 1375 tsi;

2198 1402 2289 1454 ὑπ’
2321 1402 2486 1457 αὑτοῦ
2520 1403 2900 1474 ἀπατωμένοις
2932 1405 2961 1455 ὁ
3006 1402 3252 1475 ἀγύρτης
3291 1404 3700 1474 παρενεποιήσιτο

2197 1492 2433 1545 Γυναῖκα
2466 1492 2576 1564 γάρ
2609 1509 2732 1547 τινα
2770 1492 2945 1565 ἐαυτῷ
2986 1494 3285 1565 εὑράμενος
3318 1493 3591 1565 ρεμὸἀδα,
3623 1494 3712 1547 Ἑλέ-

2198 1602 2296 1655 νην
2323 1583 2561 1655 τοὺνομα
2589 1584 2724 1655 (51),
2754 1582 2861 1637 ἀπὸ
2894 1585 2992 1655 τῆς
3028 1585 3241 1656 Τυρίων
3276 1585 3711 1657 ὁρμωμένηνβῖεο

2128 1676 2166 1729 Β
2197 1693 2310 1739 ται,
2364 1676 2439 1746 μὴ
2472 1676 2786 1745 ὑποφαίνων
2835 1675 3130 1745 συνάφειαν
3183 1675 3325 1746 ἔχειν
3374 1676 3515 1745 πρὸς
3562 1676 3712 1745 ταύτῃ..

2210 1767 2299 1818 Ἐν
2344 1763 2679 1836 παραϐύστῳ
2727 1764 2785 1817 δὲ
2843 1765 3161 1837 αἰσχρότητι
3210 1764 3712 1836 συμπεριπλεκόμενχ

2197 1856 2276 1926 τῷ
2318 1856 2524 1926 γυναίῳ
2554 1856 2583 1906 ὁ
2632 1856 2786 1926 γόης,
2826 1856 2949 1910 τινὰ
3003 1856 3223 1929 μυθώδη
3264 1857 3613 1927 ψυχαγωγίαν
3650 1863 3715 1922 tot;

2197 1948 2391 2002 ἑαυτοῦ
2426 1949 2693 2018 μαθηταῖς
2724 1949 3008 2020 ὑφηγεῖτο,
3040 1949 3200 2020 δῆθεν
3233 1950 3425 2004 ἑαυτὸν
3462 1946 3596 2004 εἶναι
3616 1951 3713 2004 δύνι·

2201 2057 2291 2111 μιν
2319 2039 2453 2092 Θεοῦ
2500 2039 2673 2109 λέγων
2702 2039 2799 2111 τὴν
2835 2040 3077 2111 μεγάλην
3098 2058 3111 2070 ·
3142 2040 3243 2110 τὴν
3276 2041 3333 2094 δὲ
3370 2039 3599 2111 σύζυγον
3633 2058 3715 2111 πιρ-

2197 2132 2329 2186 νάδα
2363 2131 2589 2203 Πνεῦμα
2634 2132 2788 2201 ἅγιον
2823 2128 2964 2187 εἶναι
3005 2133 3305 2205 τετόλμηκε
3339 2134 3538 2203 λέγειν,
3572 2137 3644 2188 καὶ
3664 2138 3715 2188 ea

2197 2221 2401 2293 ταύτην
2430 2220 2853 2292 κατεληλυθέναι
2889 2221 3072 2291 φησίν.
3117 2221 3206 2274 Ἐν
3244 2221 3463 2292 ἑκάστῳ
3488 2223 3545 2275 δὲ
3573 2222 3715 2293 οὑρινᾷ

2202 2312 2688 2385 μετεμορφούμην,
2745 2313 2899 2383 φησὶ,
2952 2313 3095 2367 κατὰ
3141 2313 3240 2383 τὴν
3298 2314 3513 2384 μορφὴν
3554 2314 3643 2365 τῶν
3686 2316 3715 2364 ἐν

2199 2406 2416 2477 ἑκάστῳ
2459 2405 2695 2477 οὑρανῷ,
2727 2406 2815 2458 ἴνα
2851 2405 2999 2459 λάθω
3031 2404 3130 2469 τὰς
3162 2404 3463 2473 ἀγγελικάς
3495 2423 3593 2476 μου
3618 2406 3721 2458 δυνῷ

2204 2514 2343 2568 μεις,
2372 2497 2467 2551 καὶ
2497 2496 2743 2550 κατέλθω
2772 2496 2866 2549 ἐπὶ
2895 2496 2995 2568 τὴν
3027 2495 3258 2561 ἔννοιαν,
3288 2496 3411 2567 ἥτις
3444 2498 3586 2550 ἐστὶν
3613 2497 3717 2563 σῦτη,

2200 2589 2233 2658 ἡ
2260 2587 2356 2641 κα)⁸
2385 2573 2684 2658 Προύνικος
2710 2588 2843 2658 (52),
2892 2589 2987 2642 καὶ
3015 2589 3241 2661 Πνεῦμα
3266 2589 3423 2658 ἅγιον
3452 2588 3721 2659 καλουμένῃ,

2198 2677 2266 2731 δι’
2327 2673 2396 2751 ἧς
2443 2680 2571 2745 τοὺς
2619 2680 2884 2750 ἀγγέλους
2929 2679 3157 2735 ἔκτισα·
3210 2683 3261 2747 oi
3306 2681 3365 2735 δὲ
3425 2681 3631 2749 ἄγγελοι
3664 2682 3721 2731 τὶν

2199 2770 2406 2841 κόσμον
2439 2771 2684 2839 ἔκτισαν,
2709 2772 2804 2826 καὶ
2846 2772 2985 2835 τοὺςσ
3007 2771 3348 2845 ἀνθρώπους.
3384 2768 3537 2826 Εἶναι
3564 2772 3613 2825 δὲ
3636 2772 3721 2824 τιεὶη

2199 2880 2300 2933 την
2345 2862 2444 2936 τὴν
2489 2864 2707 2935 Ἑλένην
2750 2862 2852 2935 τὴν
2906 2864 3215 2928 πάλαι,“δι’
3241 2866 3307 2936 ἢν
3356 2865 3403 2917 οἱ
3452 2864 3625 2935 Τρῶες
3665 2865 3721 2915 n7.

2205 2955 2464 3028 Ἕλληνες
2518 2959 2598 3021 είς
2649 2957 2830 3029 μάχην
2878 2954 3066 3030 ἦλθον.
3110 2960 3305 3029 Ἔλεγε
3350 2959 3409 3011 δὲ
3454 2958 3611 3030 μῦθόν
3645 2976 3721 3010 τοι

2202 3049 2281 3110 είς
2312 3047 2505 3113 ταῦτα,
2552 3048 2634 3102 ὅτι
2673 3048 2878 3103 ἀνωθεν
2919 3052 2954 3120 ἡ
2999 3050 3229 3121 δύναμις
3282 3049 3549 3103 κατιοῦσα
3582 3051 3721 3115 ἑαυτῆ

2204 3139 2575 3209 μετεμόρφου.
2619 3140 3019 3212 Ἀλληγορικῶς
3047 3142 3105 3196 δὲ
3152 3143 3199 3194 oi
3241 3142 3467 3212 ποιηταὶ
3507 3142 3623 3210 περὶ
3645 3142 3721 3191 ac}

2198 3247 2293 3283 του
2322 3229 2552 3299 ἔφασαν.
2586 3231 2685 3287 Διά
2718 3233 2826 3304 γὰρ
2854 3232 3060 3287 ἄνωθεν
3086 3233 3341 3304 δύναμιν,
3386 3234 3453 3304 ἢν
3484 3232 3721 3303 Προύνιέειε

2200 3341 2384 3392 φασιν,
2409 3326 2533 3395 ἥτις
2563 3326 2698 3396 παρ’
2717 3325 2905 3389 ἄλλαις
2936 3325 3183 3395 αἱρέσεσι
3211 3324 3481 3397 Βαρὸηρὼ
3508 3326 3616 3395 ἦτοι
3634 3325 3717 3389 Ba?

2200 3414 2348 3485 ϐηλὼ
2378 3416 2489 3487 (55)
2537 3416 2808 3481 καλεῖται,
2852 3415 2915 3470 τὸ
2960 3416 3156 3480 κάλλος
3194 3415 3367 3485 αὑτῆς
3412 3416 3721 3485 ἐμφαίνουσιν

2199 3505 2277 3568 είς
2307 3499 2522 3575 οἶστρον
2552 3503 2761 3572 άξασαν
2784 3506 3001 3569 αὐτοὺς,
3026 3505 3119 3559 καὶ
3142 3503 3231 3557 διὰ
3257 3503 3413 3556 τοῦτο
3438 3503 3721 3573 πεμςθείςενι

2174 3592 2278 3658 ἐἰς
2312 3594 2656 3663 συλαγωγίαν
2695 3594 2808 3667 (54)
2847 3593 2956 3647 τῶν
2986 3594 3261 3665 ἀρχόντων
3310 3593 3417 3646 τῶν
3455 3593 3543 3645 τὸν
3566 3592 3717 3660 κόσμον

2196 3686 2386 3741 τοῦτον
2437 3690 2757 3743 κτισάντων.
2804 3688 2914 3741 Καὶ⁸
2962 3688 3088 3751 τοὺς
3137 3687 3335 3750 αὑτοὺς
3385 3685 3628 3754 ἀγγέλους
3670 3686 3721 3742 εἱς

2199 3777 2432 3848 πόλεμον
2469 3778 2535 3831 δι’
2580 3778 2749 3849 αὑτὴν
2812 3779 3000 3848 ἥκειν·
3059 3778 3230 3849 αὑτὴν
3272 3778 3330 3830 δὲ
3376 3777 3537 3848 μηδὲν
3570 3793 3721 3827 same

2200 3870 2380 3934 θέναι,
2428 3870 2842 3941 ἀλληλοκτονίας
2894 3870 2952 3923 δὲ
3001 3871 3197 3933 αὐτοὺς
3253 3870 3335 3932 είς
3390 3870 3600 3927 ἑαυτοὺς
3658 3870 3721 3935 ὲρω

2198 3962 2469 4032 γάσασθαι
2514 3963 2951 4034 παρασκευάσαι,
2993 3961 3060 4015 δι’
3087 3962 3154 4032 ἢν
3188 3960 3439 4013 ἐνέϐαλεν
3470 3964 3545 4023 είς
3568 3961 3721 4017 αὐτοὺς

2200 4054 2336 4127 πρὸς
2378 4054 2578 4124 ἑαυτὴν
2620 4052 2939 4124 ἐπιθυμίαν.
2983 4052 3097 4106 Καὶ
3130 4051 3446 4122 συνέχοντες
3486 4050 3715 4120 αὑτὴν-πε

2204 4147 2279 4218 μὴ
2318 4146 2430 4200 ἀνω
2459 4145 2712 4199 δύνασθαι
2754 4144 2986 4209 ἀνιέναι,
3021 4143 3331 4211 συνεγίνετο
3370 4144 3501 4215 αὐτῇ
3537 4145 3721 4201 tum;

2200 4240 2259 4295 ὲν
2288 4240 2502 4309 ἑκάστῳ
2536 4236 2749 4310 σώματι
2776 4236 3093 4305 γυναικείας
3130 4236 3225 4289 καὶ
3249 4236 3483 4309 θηλυκῆς
3510 4235 3721 4305 σχέσεων

2133 4351 2178 4405 D
2210 4330 2675 4403 μεταγγιξομένης
2720 4330 2892 4399 αὐτῆς
2935 4328 3044 4382 ἀπὸ
3078 4330 3349 4400 σωμάτων
3397 4328 3624 4400 θηλυκῶν
3668 4330 3721 4387 ες

2207 4422 2431 4493 σώματα
2463 4423 2695 4492 διάφορα
2738 4420 3087 4492 ἀνθρωπίνης
3121 4420 3339 4489 φύσεώς
3366 4438 3423 4473 τε
3443 4421 3526 4473 καὶ
3553 4416 3721 4477 me»

2205 4516 2301 4569 καὶ
2328 4514 2522 4579 ἄλλων,
2554 4514 2638 4567 ἵνα
2659 4512 2725 4566 δι’
2751 4506 2826 4567 ὧν
2852 4513 3007 4568 αὐτοὶ
3044 4512 3369 4585 ἐργάζονται
3397 4510 3665 4571 κτείνοντές
3680 4526 3721 4559 r.

2204 4604 2298 4657 καὶ
2326 4603 2679 4674 κτεινόμενοι,
2706 4603 2931 4674 μείωσιν
2962 4602 3170 4657 ἑαυτῶν
3197 4602 3288 4657 διὰ
3305 4603 3401 4671 τῆς
3424 4601 3505 4655 τοῦ
3532 4602 3721 4669 αἵματος

2202 4694 2550 4767 προσκύπως
2596 4694 2935 4766 ἐργάζωνται
2955 4696 2981 4725 δ’
3004 4691 3121 4747 εἶτα
3169 4695 3373 4764 ἐκείνη,
3407 4694 3491 4762 τὴν
3533 4690 3721 4755 δέημα

2205 4787 2566 4861 συλλεγομένη
2604 4788 2789 4855 πάλιν,
2823 4784 2981 4852 αὖθις
3010 4789 3090 4850 είς
3126 4786 3353 4859 οὐρανὸν
3384 4783 3625 4853 ἀναϐῆναι
3652 4781 3713 4831 ετ

2200 4880 2357 4952 νηθῇ.

2125 3016 2171 3077 C

2275 5078 2389 5149 (55)
2428 5072 2870 5145 Βαρϐηρὼῆτοι
2897 5073 3202 5143 Βαρϐηλώ.
3247 5073 3456 5146 Syriaca
3485 5086 3585 5124 vox
3622 5084 3711 5122 esse

2204 5168 2415 5223 videtur
2444 5167 2672 5222 Barhelo
2698 5152 2847 5231 κίτνει
2863 5179 2960 5229 Ἷζι,
2985 5168 3127 5219 ﬁlius
3146 5165 3377 5229 Bahalis,
3403 5165 3447 5218 id
3469 5170 3551 5216 est
3574 5161 3709 5214 Jon‘s.

2203 5237 2275 5293 Ut
2305 5240 2448 5293 enim
2477 5236 2713 5293 Verbum
2745 5238 2933 5305 aeterni
2971 5235 3150 5291 Patris
3174 5236 3341 5291 Filius
3368 5254 3381 5289 :
3416 5236 3479 5288 sic
3502 5234 3709 5305 impurus

2202 5310 2304 5365 iste
2363 5308 2599 5362 ἔννονιαν
2629 5326 2806 5371 suam,
2850 5304 2953 5361 hoc
2983 5316 3067 5361 est
3098 5306 3348 5362 Helenam
3382 5304 3534 5357 videri
3573 5301 3709 5354 voluit

2202 5380 2347 5445 velut
2377 5380 2542 5432 fetum
2572 5379 2859 5449 quemdam
2891 5394 3013 5432 esse
3038 5394 3231 5449 suum;
3269 5387 3323 5430 ut
3346 5373 3573 5449 Justinus
3610 5386 3706 5422 uar-

2202 5463 2303 5507 rat.
2328 5450 2426 5519 τὴν
2450 5450 2541 5501 ὑπ’
2567 5446 2715 5520 αὑτῴ
2741 5450 2949 5502 ἔννοιαν
2978 5446 3511 5520 πρώτην-γενομένην.

2271 5510 2393 5589 (54)
2414 5524 2516 5586 Εὶς
2536 5510 2958 5589 συλάγωγίαν,
3001 5510 3072 5571 lta
3104 5510 3168 5573 ei
3202 5510 3327 5586 ll'eg.
3349 5510 3460 5572 'cod.‘
3486 5510 3713 5569 emendae

2200 5588 2377 5648 vimus
2410 5607 2507 5662 pro
2529 5607 2593 5649 co
2618 5590 2762 5661 quod
2793 5599 2904 5646 crat
2933 5588 3305 5661 ψυχαγωγίαν.
