3754 6182
56 226 140 283 295

678 220 1047 278 ADVERSUS
1102 218 1447 277 HERESES
1484 217 1615 274 LIB.
1654 215 1699 275 Ῑ.
1740 217 1905 275 ΤΟΜ.
1950 217 2013 273 ll.
2056 251 2123 261 —
2162 218 2432 278 llAEllES.
2487 220 2627 278 XXI.

3158 227 3269 286 296

51 339 193 413 χρόνῳ
234 341 337 391 nvi.
363 335 671 409 εὑρίσκεται
718 336 860 390 κατὰ
906 336 1156 406 διαδοχὴν
1193 336 1253 387 τὸ
1291 333 1468 406 χρεὼν
1496 333 1586 387 ἐπὶ

1764 334 1794 387 ti
1835 334 2039 387 nullam
2071 350 2299 405 prorsus
2329 335 2619 391 invenerit.
2646 335 2894 402 Quonam
2927 353 3058 393 vero
3080 350 3267 411 pacto,

45 435 124 505 τῆς
157 429 431 501 Ῥωμαίων
482 429 730 494 ἀποδοὺς,
764 431 853 481 ὅτε
898 430 957 481 έν
1010 429 1149 501 μέσῃ
1193 430 1259 499 τῇ
1303 427 1412 482 τῶν
1454 426 1582 478 Ῥω·-

49 520 192 593 μαίων
217 520 365 571 πόλει
397 518 507 588 (38)
545 522 574 572 6
606 519 774 581 τάλας
803 519 1127 572 καταπεσὼν
1168 518 1431 588 τέθνηκε;
1463 516 1582 569 Τίνι

43 612 88 665 δὲ
122 610 189 680 τῷ
230 610 372 681 λόγῳ
409 612 440 663 6
480 610 687 679 Πέτρος
720 611 1036 681 ἀπεφήνατο
1064 610 1226 665 αὑτὸν
1269 611 1342 681 μὴ
1382 609 1582 680 κλῆρον

48 703 155 773 μηδὲ
179 702 362 773 μερίδα
388 701 531 770 ἔχειν
554 702 611 753 ὲν
648 700 727 771 τῷ
768 702 923 772 μέρει
949 702 1048 772 τῆς
1080 701 1415 767 θεοσεόείαςς
1458 699 1583 762 Πῶς

43 792 88 846 δὲ
112 791 315 843 δύναται
338 791 365 839 6
394 790 596 859 κόσμος
616 790 753 843 Θεοῦ
782 790 985 859 ἀγαθοῦ
1013 791 1090 862 μὴ
1113 791 1398 861 ὑπάρχειν,
1422 789 1581 842 ὁπότε

43 885 88 949 ἐξ
106 880 254 935 αὑτοῦ
286 881 483 944 πάντες
514 882 563 933 οἱ
590 880 785 949 ἀγαθοὶ
826 880 1191 953 ὲπελέγησαν;
1227 879 1352 943 Πῶς
1382 880 1439 933 δὲ
1462 881 1579 953 ἀριι

45 971 176 1043 στερά
196 972 280 1041 εῐη
312 970 541 1041 δύναμις
569 972 601 1042 ἡ
629 972 687 1023 ὲν
715 971 863 1043 νόμῳ
886 972 981 1025 καὶ
1004 974 1063 1024 ἐν
1091 973 1398 1043 προφήταις
1417 971 1582 1042 λαλή-

42 1080 175 1122 casa,
203 1062 326 1131 ἣτις
357 1061 486 1131 περὶ
525 1060 625 1130 τῆς
658 1060 923 1123 ἐλεύσεως
966 1060 1059 1113 τοῦ
1089 1058 1327 1132 Χριστοῦ
1374 1059 1580 1129 ἀγαθοῦ

41 1151 148 1205 Θεοῦ
169 1152 407 1222 προκεκή
417 1168 568 1222 ρυχε,
591 1152 683 1204 καὶ
706 1152 773 1205 τά
798 1151 978 1221 φαῦλα
1007 1152 1185 1205 πάντα
1216 1151 1580 1223 ἀπαγορεύει;

40 1245 139 1307 Πῶς
166 1243 218 1295 δὲ
248 1244 348 1296 οὐκ
370 1243 437 1297 ἂν
470 1245 553 1315 εἴη
593 1243 690 1313 μία
717 1243 928 1315 θεότης,
978 1244 1073 1298 καὶ
1105 1245 1166 1298 τὸ
1201 1244 1334 1297 αὐτὸ
1365 1243 1581 1314 πνεῦμα

40 1336 213 1406 Καινῆς
255 1337 350 1390 καὶ
385 1336 629 1399 Παλαιᾶς
669 1335 965 1409 Διαθήκης,
999 1336 1160 1391 ὁπότε
1199 1337 1227 1388 6
1260 1336 1477 1408 Κύριος¹
1500 1331 1581 1387 εἶ-
1612 1354 1621 1361 δ

38 1446 148 1482 πεν·
198 1429 322 1481 Οὐκ
372 1424 566 1498 ἦλθον
615 1428 952 1484 καταλῦσαι
999 1430 1108 1483 τὸν
1152 1430 1360 1497 νόμον,
1422 1429 1583 1483 ἀλλὰ

38 1519 355 1586 πληρῶσαι;
398 1521 509 1573 Kal.
556 1520 644 1573 ἵνα
678 1519 849 1591 δείξῃ,
896 1520 978 1573 ὅτι
1015 1522 1043 1573 6
1087 1520 1250 1590 νόμος
1289 1519 1383 1571 ὑπ’
1415 1516 1581 1571 αὑτοῦ

36 1610 343 1681 κατηγγέλη,
379 1610 472 1663 καὶ
503 1610 589 1664 διὰ
615 1612 891 1673 Μωῦσέως
914 1609 1181 1680 ἐδωρήθη,
1208 1611 1241 1679 ἠ
1270 1608 1326 1660 δὲ
1354 1608 1583 1676 εὐαγγε-

38 1702 140 1772 λικὴ
167 1702 325 1771 χάρις
374 1701 442 1755 δι’
474 1701 670 1755 ἑαυτοῦ
706 1702 802 1755 καὶ
840 1703 939 1770 τῆς
981 1702 1244 1772 ὲνσάρκου
1288 1699 1590 1772 παρουσίας

38 1796 372 1865 κεκήρυκται,
425 1793 579 1861 ἔλεγε
622 1795 733 1856 τοῖς
769 1791 1074 1854 Ἰουδαίοις⁶
1129 1793 1198 1844 El
1247 1790 1591 1843 ἐπιστεύετε

36 1882 274 1949 Ηωῦσεῖ,
321 1884 663 1936 ἐπιστεύετε
709 1873 990 1951 ἀν’ἐμοί·
1042 1882 1272 1947 ἐκεῖνος
1308 1881 1417 1951 τὰρ
1457 1881 1591 1949 περὶ

36 1976 162 2045 ἐμοῦ
193 1976 442 2044 emanare.
475 1974 584 2027 Καὶ
621 1972 755 2026 ἄλλα
792 1972 963 2027 πολλά
992 1975 1108 2026 ἐστι
1143 1972 1278 2043 πρὸς
1321 1972 1592 2027 ἀντίθεσιν

37 2068 120 2137 τῆς
142 2064 230 2119 τοῦ
260 2065 457 2137 γόητος
489 2063 817 2131 ἀντιλογίας.
852 2063 977 2127 Πῶς
1021 2064 1079 2116 δὲ
1107 2057 1260 2117 ἔσται
1296 2062 1366 2116 τὰ
1395 2063 1595 2135 αἰσχρά

40 2154 241 2218 ζωτικὰ,
274 2157 323 2207 εἰ
359 2154 434 2223 μή
456 2170 509 2206 τι
532 2153 599 2206 ἂν
628 2152 896 2223 δαιμόνων
919 2152 1006 2221 εἴη
1036 2152 1097 2205 τὸ
1130 2152 1405 2223 φρόνημα,
1431 2152 1593 2206 ὁπότε

38 2246 178 2307 αὐτὸς
210 2247 237 2298 6
277 2243 487 2315 Κύριος
530 2243 680 2312 λέγει
722 2246 781 2297 ὲν
820 2242 902 2314 τῷ
930 2244 1247 2315 Εὑαγγελίῳ
1286 2244 1422 2314 πρὸς
1468 2245 1594 2307 τοὺς

37 2334 272 2402 λέγοντας
297 2332 478 2403 αὐτῷ’
512 2335 582 2387 El
623 2334 811 2398 οὕτως
838 2332 877 2398 ἡ
926 2334 1083 2387 αἰτία
1113 2334 1217 2388 τοῦ
1250 2333 1470 2401 ἀνδρὸς
1496 2332 1594 2385 καὶ

35 2424 131 2492 τῆς
154 2423 459 2493 γυναικὸς,
492 2424 563 2476 οὐ
606 2422 895 2492 συμφέρει
928 2422 1212 2493 γαμῆσαι.
1265 2423 1322 2475 '0
1366 2422 1421 2475 δὲ
1459 2422 1597 2492 πρὸς

37 2518 212 2579 αὐτοὺς
238 2514 342 2587 ἔφη
360 2531 375 2545 ο
409 2515 492 2568 Οὐ
525 2512 747 2581 πάντες
773 2515 949 2569 τοῦτο
978 2514 1298 2583 χωροῦσιν.
1326 2514 1460 2568 Εἰσὶ
1488 2513 1597 2584 γὰρ

32 2608 318 2674 εὐνοῦχοι,
373 2606 591 2669 οἵτινες
632 2607 1003 2677 εὐνούχισαν
1043 2605 1295 2671 ἑαυτοὺς
1336 2605 1431 2659 διὰ
1492 2605 1600 2673 τὴν

32 2699 347 2766 ,ϐασιλείαν
385 2696 503 2751 τῶν
524 2696 826 2766 οὐρανῶν·
864 2698 957 2750 κα)⁵
988 2698 1209 2761 ἔδειξεν,
1238 2697 1313 2759 ὡς
1350 2697 1409 2749 τὸ
1438 2697 1598 2765 φύσει

34 2788 320 2859 ἀπέχεσθαι
354 2787 614 2856 συζυγίας
645 2787 923 2858 βασιλείας
958 2788 1200 2859 οὐρανῶν
1243 2791 1357 2841 ἐστι
1394 2788 1597 2859 δῶρον;

37 2880 187 2933 Πάλιν
214 2878 272 2931 δὲ
316 2880 380 2931 ὲν
411 2878 556 2949 ἄλλῳ
594 2880 745 2949 τόπῳ
770 2880 917 2948 λέγει
953 2880 1093 2933 κατὰ
1140 2880 1230 2933 τὸν
1264 2879 1460 2950 σεμνὸν
1497 2879 1600 2947 γά-

38 2990 143 3043 μον,
173 2970 230 3022 ὅν
280 2971 447 3033 αὐτὸς
486 2971 513 3021 6
552 2972 731 3041 Σίμων
773 2970 1183 3043 παραφθείρων,
1220 2971 1457 3041 αἰσχρῶς
1503 2987 1600 3039 με-

37 3061 227 3114 θοδεύει
255 3062 361 3133 τὴν
386 3061 579 3115 ἑαυτοῦ
611 3061 925 3133 ἐπιθυμίαν,
949 3062 1032 3115 ὅτι
1054 3080 1067 3093 ο
1092 3062 1207 3129 Οὓς
1233 3065 1265 3118 ό
1284 3062 1428 3127 Θεὸς
1451 3076 1602 3114 συν-

32 3153 280 3221 έζευξεν,
316 3156 628 3223 ἄνθρωπος
652 3155 737 3224 μὴ
775 3155 1075 3225 χωριζέτω.

100 3421 187 3486 ς’.
218 3419 351 3483 Πῶς
373 3418 429 3472 δὲ
452 3419 616 3473 πάλιν
638 3421 666 3473 6
693 3419 910 3483 πλάνος,
938 3420 1328 3492 ἐπιλαθόμενος
1348 3422 1448 3492 τῆς
1470 3421 1606 3485 ἰδίας

37 3509 317 3581 ληρωδίας,
353 3512 546 3564 ἑαυτὸν
586 3511 821 3582 ἐλέγχει,
853 3512 1041 3584 ῶσπερ
1086 3513 1295 3581 ἀγνοῶν
1335 3514 1370 3568 ἃ
1408 3513 1603 3583 προλέ-

36 3619 141 3669 γει;
170 3603 360 3673 Φήσας
391 3600 520 3673 γὰ¹ρ,
547 3603 629 3655 ὅτι
667 3603 757 3655 ὑπ’
784 3604 946 3656 αὑτοῦ
975 3605 1261 3673 γεγόνασιν
1299 3608 1347 3658 oi
1384 3605 1607 3674 ἄγγελοι

34 3693 115 3746 διά
143 3694 241 3765 τῆς
279 3693 449 3746 αὑτοῦ
480 3695 709 3757 ἐννοίας,
745 3695 904 3748 πάλιν
937 3695 1088 3765 ἔλεγε
1127 3697 1607 3769 μεταμορφοῦσθαι

33 3785 147 3838 καθ’
173 3786 413 3839 ἕκαστον
444 3785 693 3856 οὐρανὸν,
719 3786 865 3849 ὅπως
886 3786 1037 3841 λάθοι
1064 3789 1189 3851 τοὺς
1217 3789 1410 3851 αὐτοὺς
1443 3790 1500 3841 ὲν
1528 3787 1607 3859 τῷ

35 3878 293 3930 κατιέναι.
329 3873 478 3948 *Αρα
525 3874 711 3940 δεδιὼς
758 3876 1036 3932 ἐλάνθανε.
1065 3880 1173 3932 Καὶ
1214 3880 1330 3943 πῶς
1374 3879 1542 3932 δέδιεν
1579 3881 1608 3933 6

32 3968 340 4038 ληρολόγος,
374 3968 468 4032 οὓς
495 3968 657 4032 αὐτὸς
683 3969 937 4039 ἐποίησεν
977 3970 1240 4039 ἀγγέλους
1265 3990 1279 4038 ;
1314 3972 1436 4035 Πῶς
1462 3972 1518 4026 δὲ
1544 3973 1605 4026 οὐ

33 4061 184 4114 παντὶ
211 4062 611 4130 εὑθυέλεγκτος
650 4060 810 4115 αὑτοῦ
843 4064 954 4125 τοῖς
988 4066 1225 4126 ωνετοῖς
1253 4064 1285 4134 ἡ
1322 4064 1609 4135 ὑποσπορά

30 4155 120 4223 τῆς
144 4154 363 4226 πλάνης
408 4154 781 4225 εὑρεθήσεται,
817 4155 976 4208 ὁπότε
1006 4156 1064 4207 ὲν
1112 4156 1252 4228 ἀρχῇ
1291 4156 1543 4228 ἐποίησεν
1580 4158 1609 4210 6

32 4243 151 4308 Θεὸς
172 4245 267 4298 τὸν
311 4245 543 4316 οὑρανὸν
570 4245 664 4297 καὶ
703 4244 800 4315 τὴν
828 4246 952 4316 γῆν,
990 4247 1153 4317 φησιν
1178 4250 1210 4317 ἡ
1250 4247 1469 4320 Γραφή;
1499 4248 1608 4301 Καὶ

1686 424 1741 478 id
1776 424 1921 493 quod
1961 434 2300 494 compertum
2338 436 2442 491 est,
2483 427 2738 482 accidere
2781 430 2978 497 potuit,
3025 439 3082 483 ut
3115 441 3269 489 certo

1684 514 2022 584 definitaque
2066 522 2310 586 tempore
2347 515 2533 571 Romae
2580 526 2814 573 mortem
2862 519 3084 584 obierit,
3135 537 3264 576 eum

1683 603 1860 658 media
1900 603 1953 655 in
1988 602 2123 657 urbe
2147 602 2408 657 decidens
2439 619 2507 658 ex
2538 605 2650 658 alto
2678 606 2846 661 miser
2879 608 3122 662 interiit?
3142 610 3261 676 Qua

1684 691 1813 747 item
1840 693 2054 748 ratione
2082 692 2278 749 Petrus
2302 696 2443 749 hanc
2472 695 2527 749 in
2566 696 2716 749 illum
2745 699 3073 752 sententiam
3109 702 3264 757 tulit:

1683 784 1895 837 nullam
1932 799 2058 839 eum
2100 785 2153 839 in
2178 786 2366 841 divino
2391 787 2541 840 cultu
2575 796 2802 852 sortem,
2837 804 2901 842 ac
2932 800 3136 859 partem
3166 794 3270 846 ob-

1683 870 1862 925 tinere
1887 871 1941 924 ‘?
1963 869 2151 928 Potest
2178 888 2306 928 vero
2344 874 2588 929 mundus
2628 890 2659 928 a
2691 876 2837 931 bono
2862 876 2970 933 Deo
2998 896 3106 934 non
3143 897 3271 939 esse

1684 962 1963 1027 conditus,
2014 979 2140 1018 cum
2186 966 2256 1020 ab
2302 982 2368 1021 eo
2412 966 2541 1021 boni
2580 982 2773 1022 omnes
2812 968 2971 1024 electi
3007 972 3159 1027 sint?
3197 976 3267 1028 At

1686 1053 1802 1107 haec
1840 1067 1942 1106 cur
1970 1053 2198 1109 sinistra
2228 1070 2353 1109 esse
2396 1055 2481 1110 vis
2520 1056 2613 1110 illa
2644 1057 2872 1122 dicitur,
2906 1062 3109 1129 quaein
3148 1065 3267 1135 lege

1686 1159 1751 1199 ac
1785 1160 1883 1214 per
1905 1146 2201 1215 prophetas
2236 1146 2417 1200 locuta
2464 1147 2571 1201 sit?
2598 1165 2719 1217 quae
2747 1149 2954 1207 Christi
2999 1153 3126 1208 boni
3162 1156 3259 1211 Dei

1684 1237 1980 1291 adventum
2007 1237 2364 1306 praedixerit?
2390 1253 2511 1307 quae
2545 1239 2754 1294 nefaria
2790 1245 2973 1297 omnia
2999 1247 3272 1302 vetuerit?

1682 1325 1767 1379 An
1801 1343 1910 1381 non
1944 1342 2052 1380 una
2098 1328 2391 1398 utrobique
2423 1329 2682 1386 divinitas
2713 1332 2966 1403 idemque
3007 1335 3142 1391 Novi
3174 1339 3256 1394 si-

1692 1418 1807 1471 mul
1852 1433 1917 1472 ae
1970 1418 2185 1475 Veteris
2242 1418 2585 1475 Testamenti
2642 1420 2883 1493 Spiritus
2926 1442 3049 1483 esse
3088 1428 3273 1493 debet,

1691 1524 1815 1564 cum
1850 1508 2114 1566 Dominus
2145 1510 2346 1566 dixerit
2378 1530 2391 1566 :
2423 1511 2546 1567 Non
2585 1516 2697 1568 teni
2727 1516 2924 1571 solvere
2962 1518 3147 1589 legem,
3182 1521 3276 1575 sed

1692 1600 2188 1672 implere‘?Atque
2232 1609 2291 1656 ut
2340 1603 2473 1657 illud
2526 1607 2862 1673 ostenderet,
2898 1608 3274 1666 denuntiatam

1622 1680 1664 1735 Β
1695 1706 1725 1744 a
1764 1707 1824 1746 se
1857 1693 2031 1762 legem
2070 1708 2134 1747 ac
2170 1709 2267 1763 per
2299 1694 2539 1766 Moysen:
2577 1712 2942 1768 concessam;
2989 1701 3274 1775 Evangelii

1694 1798 1822 1838 vero
1858 1785 2088 1852 gratiam
2131 1800 2226 1855 per
2274 1787 2653 1856 semetipsum,
2708 1790 3111 1863 adventumque
3145 1810 3274 1849 cum

1692 1889 1858 1929 carne
1892 1882 2052 1930 stium
2103 1876 2424 1933 hominibus
2470 1881 2891 1951 promulgatam,
2938 1886 3014 1938 ita
3054 1884 3275 1942 Judaaos

1692 1966 1963 2019 allocutus
1994 1972 2078 2020 est
2103 1983 2115 2018 :
2141 1965 2204 2019 Si
2239 1966 2518 2022 crederetis
2552 1967 2749 2039 Moysi,
2780 1972 2905 2025 mihi
2939 1990 3140 2043 quoque
3170 1993 3279 2031 cre-

1692 2054 1910 2108 deretis.
1940 2053 2044 2108 Ille
2071 2056 2209 2108 enim
2244 2055 2308 2109 de
2334 2072 2415 2110 me
2437 2060 2647 2128 scripsit
2668 2061 2707 2115 ³.
2744 2060 2852 2116 Sed
2880 2069 2935 2116 et
2957 2064 3061 2117 alia
3084 2082 3281 2135 quam-

1693 2150 1930 2219 plurima
1957 2157 2105 2215 sunt,
2135 2166 2257 2221 quae
2290 2150 2557 2209 adversus
2583 2156 2891 2210 contrarias
2909 2158 3280 2228 praestigiato-

1696 2244 1775 2297 ris
1815 2242 1966 2299 illius
1992 2244 2237 2299 rationes
2271 2258 2553 2315 opponere
2593 2261 2910 2316 possumus.
2940 2248 3018 2299 Ae
3047 2247 3155 2302 nisi
3188 2247 3280 2303 ille

1696 2333 2006 2390 daemonum
2036 2351 2233 2391 sensus
2261 2344 2432 2401 esset,
2461 2336 2738 2405 quomodo
2769 2337 2914 2392 foeda
2943 2339 3035 2392 illa
3067 2339 3281 2408 turpia-

1697 2440 1803 2494 que
1841 2425 2141 2481 conciliare
2184 2426 2349 2479 vitam
2392 2436 2661 2497 possent,
2710 2443 2833 2482 eum
2876 2428 2931 2482 in
2983 2427 3280 2499 Evangelio

1698 2511 1965 2570 Dominus
2006 2514 2121 2584 ipse
2159 2515 2226 2569 iis
2251 2517 2342 2584 qui
2374 2516 2628 2571 dixerant
2659 2536 2671 2570 :
2703 2518 2765 2573 Si
2795 2520 2872 2572 ita
2891 2529 2967 2572 est
2996 2536 3161 2575 causa
3181 2522 3281 2575 viri

1699 2620 1817 2657 cum
1855 2609 2040 2669 uxore,
2082 2622 2183 2658 non
2224 2606 2429 2673 expedit
2460 2606 2674 2669 nubere,
2714 2608 2801 2663 his
2834 2610 3018 2664 verbis
3052 2626 3283 2680 respon-

1701 2694 1827 2749 deat
1854 2714 1867 2749 :
1900 2694 2023 2749 Non
2054 2713 2228 2750 omnes
2263 2698 2477 2765 capiunt
2508 2699 2669 2751 istud.
2698 2698 2833 2753 Sunt
2867 2701 3004 2753 enim
3032 2702 3279 2768 eunuchi,

1700 2787 1790 2856 qui
1819 2788 2015 2855 seipsos
2061 2797 2321 2841 castravet
2334 2798 2426 2840 unt
2460 2798 2672 2858 propter
2701 2806 2916 2859 regnum
2957 2791 3285 2847 cwlorum‘!

1703 2876 1915 2943 Quibus
1939 2880 2120 2934 verbis
2149 2877 2390 2935 ostendit
2414 2893 2442 2931 a
2468 2882 2864 2935 consuetudine
2888 2882 3132 2937 mulieris
3154 2883 3283 2937 abso

1704 2970 1917 3032 tinere,
1962 2985 2167 3026 munus
2216 2986 2339 3026 esse
2393 2986 2425 3024 a
2479 2972 2688 3026 emlesti
2727 2988 2898 3042 regno
2945 2973 3280 3030 derivatum.

1707 3060 1921 3117 Rursus
1960 3062 2102 3116 idem
2148 3063 2254 3116 alio
2299 3064 2354 3117 in
2397 3064 2520 3119 loco
2568 3066 2644 3119 ita
2677 3065 2743 3120 de
2787 3065 3032 3121 honestis
3077 3067 3284 3137 nuptiis

1706 3152 1971 3221 loquitur,
1998 3170 2135 3223 quas
2173 3154 2376 3224 impius
2417 3153 2605 3210 Simon
2636 3156 2849 3211 violans
2892 3158 3125 3227 turpiter
3157 3158 3285 3213 libi-

1704 3243 1818 3297 dini
1870 3259 1983 3298 sua:
2020 3244 2164 3297 viam
2205 3260 2267 3299 ac
2307 3245 2575 3300 rationem
2619 3236 2890 3317 praeparat
2919 3268 2932 3302 :
2963 3248 3107 3315 Quos
3142 3249 3285 3305 Deus

1705 3335 1981 3404 conjunxit
2010 3335 2164 3389 homo
2198 3352 2303 3390 non
2328 3345 2529 3405 separet
2548 3336 2589 3389 ⁵.

1781 3425 1870 3480 Vl.
1913 3425 2387 3492 Quemadmodum
2416 3442 2551 3483 vero
2589 3442 2856 3498 nugarum
2897 3444 3121 3484 suarum
3150 3430 3284 3485 oblio

1707 3522 1799 3570 tus
1832 3516 2121 3585 impostor,
2174 3517 2323 3570 velut
2363 3532 2554 3571 eorum
2578 3518 2686 3589 60
2719 3534 2841 3588 quae
2874 3526 3032 3575 antea
3070 3521 3286 3576 dixerat

1708 3606 1956 3676 ignarus,
1991 3607 2232 3676 seipsum
2267 3607 2493 3662 refellit!
2529 3607 2663 3663 Nam
2701 3624 2824 3663 cum
2856 3610 3089 3665 dixisset
3120 3627 3286 3683 augeo

1708 3698 1793 3753 los
1832 3714 1863 3752 a
1908 3713 1966 3753 se
2001 3713 2097 3769 per
2130 3700 2544 3770 intelligentiam
2595 3715 2749 3755 suam
2790 3711 3104 3771 procreatos
3140 3718 3287 3772 esse,

1710 3789 1945 3859 subjecit
1979 3797 2193 3859 postea,
2227 3798 2285 3844 ut
2307 3790 2529 3845 eosdem
2562 3791 2685 3846 illos
2710 3791 2880 3846 latere
2902 3790 3291 3849 descendendo

1709 3890 1915 3950 posset,
1948 3879 2177 3950 figuram
2215 3880 2270 3933 in
2310 3895 2645 3951 unoquoque
2690 3882 2831 3937 coelo
2877 3891 3143 3939 mutasse.
3179 3885 3289 3955 lgi-

1710 3978 1802 4025 tur
1833 3972 2035 4026 latebat
2079 3972 2222 4037 ideo,
2274 3972 2423 4043 quod
2463 3973 2585 4026 illos
2634 3982 2916 4028 metueret.
2953 3974 3117 4044 Atqui
3153 3974 3287 4044 quid

1711 4080 1807 4119 eos
1839 4079 1979 4134 quos
2008 4064 2126 4135 ipse
2157 4065 2481 4120 condiderat
2504 4065 2725 4135 angelos
2757 4065 3023 4133 impostor
3050 4064 3140 4117 ille
3172 4078 3288 4117 me-

1711 4156 1930 4210 tuebat?
1969 4155 2159 4212 Nonne
2189 4158 2354 4211 etiam
2383 4157 2638 4211 convictu
2674 4154 2850 4210 facilis
2876 4154 3129 4225 prudenti
3163 4155 3287 4209 cui-

1710 4248 1843 4303 libet
1888 4250 2105 4304 occulte
2138 4248 2544 4318 proseminatus
2580 4262 2736 4304 error
2786 4242 2877 4303 ille
2927 4247 3115 4311 fuerit,
3158 4261 3286 4301 cum

32 4339 366 4409 συνᾳδόντως
394 4340 571 4409 τούτῳ
592 4339 671 4409 τῷ
698 4339 841 4410 λόγῳ
866 4341 893 4392 6
933 4339 1136 4409 Κύριος
1164 4341 1221 4393 ὲν
1246 4340 1322 4411 τῷ
1361 4342 1586 4410 Εὑαγγε-

1764 4340 2002 4411 criptura
2032 4348 2191 4405 teste,
2227 4341 2282 4395 in
2305 4341 2581 4411 principio
2618 4339 2885 4394 creaverit
2917 4338 3060 4394 Deus
3087 4338 3289 4393 omium

30 4426 121 4499 λίῳ
158 4432 352 4500 φησὶν,
386 4430 464 4493 ὼς
485 4432 623 4503 πρὸς
647 4432 737 4484 τὸν
761 4430 892 4483 Θεὸν
925 4431 1141 4501 Πατέρα
1169 4431 1258 4483 τὸν
1290 4432 1448 4485 ἴδιονο
1482 4431 1602 4485 Πά-

26 4538 139 4589 τερ.
164 4524 351 4590 Κύριε
391 4522 499 4576 τοῦ
552 4522 810 4590 οὐρανοῦ
854 4522 951 4577 καὶ
997 4522 1108 4591 τῆς
1150 4521 1283 4592 γῆς.
1316 4524 1379 4576 El
1428 4523 1604 4576 τοίνυν

29 4611 251 4682 ποιητὴς
300 4610 538 4683 οὐρανοῦ
572 4612 666 4664 καὶ
711 4612 813 4682 γῆς
857 4612 1092 4683 ὑπάρχει
1121 4616 1149 4666 6
1176 4612 1309 4676 Θεδς
1338 4616 1366 4666 6
1414 4614 1605 4686 Πατὴρ

25 4700 111 4753 τοῦ
144 4702 360 4773 Κυρίου
409 4701 567 4773 ἡμῶν
611 4701 783 4771 Ἰησοῦ
813 4703 1069 4772 Χριστοῦ,
1104 4705 1279 4775 μάτην
1310 4704 1379 4757 τὰ
1428 4706 1607 4759 πάντα

25 4792 98 4863 τῷ
127 4794 453 4865 συκοφάντῃ
484 4792 686 4863 Σίμωνι
730 4795 962 4865 εἴρηται,
1001 4795 1061 4848 τὸ
1107 4796 1196 4848 ὑπ’
1231 4796 1475 4865 ἀγγέλων
1513 4798 1605 4850 τὸν

26 4883 221 4954 κόσμον
244 4885 309 4936 ὲν
336 4884 682 4955 ὲλαττώματι
701 4886 1045 4958 γεγενῆσθαι,
1071 4888 1162 4940 καὶ
1183 4888 1248 4940 τὰ
1270 4888 1405 4941 ἄλλα
1430 4889 1607 4942 πάντα

26 4975 115 5028 ὅσα
155 4976 441 5048 δαιμονῶν
470 4979 498 5030 ὁ
539 4979 737 5043 πλάνος
784 4978 861 5050 τῷ
904 4979 1095 5051 κόσμῳ
1144 4980 1467 5052 παραλαλῶν
1515 4981 1608 5049 ἐξ-

1709 4439 1764 4485 et
1800 4438 1998 4486 terram
2022 4432 2078 4484 οἳ
2105 4429 2317 4496 Quibus
2348 4440 2781 4486 consentaneum
2802 4418 2900 4483 est
2927 4428 3074 4498 quod
3106 4427 3291 4481 Domi-

1709 4537 1814 4575 nus
1858 4522 1912 4575 in
1951 4521 2245 4593 Evangelio
2300 4521 2467 4576 Deum
2515 4520 2733 4574 Patrem
2774 4520 3059 4588 alloquens
3104 4516 3283 4572 dicit:

1711 4612 1895 4677 Pater,
1921 4612 2142 4667 Domine
2168 4612 2283 4666 caeli
2324 4628 2387 4665 ac
2416 4612 2629 4665 terrw’.
2662 4609 2817 4675 Quod
2863 4610 2911 4663 si
2947 4608 3071 4662 caeli
3103 4616 3289 4662 terum-

1714 4721 1823 4775 que
1873 4706 2132 4761 conditor
2181 4715 2265 4762 est
2295 4705 2438 4762 Deus
2483 4705 2643 4760 Pater
2680 4703 2894 4758 Domini
2942 4702 3116 4757 nostri
3156 4700 3288 4756 Jesu

1715 4796 1940 4862 Christi,
1977 4796 2186 4853 frustra
2234 4800 2419 4854 omnia
2461 4814 2492 4852 a
2550 4797 2890 4867 sycophanta
2940 4795 3164 4850 Simone
3202 4794 3288 4864 ja~

1715 4896 1959 4951 ctantur,
2010 4889 2275 4943 mundum
2310 4889 2518 4944 scilicet
2561 4889 2631 4943 ab
2663 4888 2874 4958 angelis
2910 4902 3034 4941 eum
3069 4886 3287 4941 defectu

1715 4980 2074 5049 fabricatum;
2103 4989 2408 5051 ceteraque
2437 4980 2643 5044 omnia,
2686 4993 2808 5050 quze
2833 4978 3105 5033 fanaticus
3137 4985 3287 5033 vete-

94 5134 256 5209 [ᾼοι.
302 5150 429 5199 vni,
458 5133 550 5189 2i.
624 5134 861 5193 ‘Mattb.
899 5154 954 5203 γ,
989 5136 1074 5191 l7.
1153 5137 1173 5169 ³
1200 5135 1360 5196 Joan.
1389 5154 1442 5206 v,
1480 5136 1572 5193 46.

1764 5138 1895 5194 atth.
1932 5154 2046 5205 nx,
2084 5138 2151 5193 10
2179 5154 2301 5209 sqq.
2373 5138 2399 5170 "
2429 5135 2562 5192 ibid.
2589 5134 2641 5192 6.
2719 5136 2739 5167 ⁸
2766 5135 2901 5191 Gen.
2942 5152 2981 5200 ι,
3016 5134 3065 5189 1.
3109 5132 3285 5189 7Luc.

28 5204 221 5277 x,?.l._

92 5359 203 5431 (38)
250 5361 358 5414 Ἐν
382 5363 542 5430 μέσῃ
586 5357 662 5430 τῇ
714 5361 829 5415 τῶν
873 5361 1164 5431 Ῥωμαίων
1194 5363 1389 5419 πόλει.
1446 5361 1599 5417 Hanc

28 5427 310 5502 historiam
350 5427 563 5487 veteres
598 5427 787 5487 omnes
825 5427 1011 5487 Patres
1050 5440 1171 5502 post
1197 5432 1471 5489 Justinum
1513 5450 1598 5487 re-

29 5500 233 5573 ferunt;
270 5500 567 5573 Eusebius,
602 5502 835 5573 Cyrillus
886 5512 939 5557 et
987 5500 1101 5558 alii.
1151 5502 1258 5573 Sed
1306 5504 1598 5573 deistatua

30 5570 237 5643 Simoni
262 5586 407 5643 eum
442 5571 543 5625 hac
577 5570 929 5643 inscriptione
960 5574 1155 5643 posita,
1198 5572 1429 5628 SlMONl
1464 5572 1597 5643 Ι)βο

30 5638 319 5705 SANLTO,
352 5644 437 5696 vir
466 5644 685 5713 quidam
732 5638 979 5700 éruzlitus
1021 5642 1340 5701 addubitat:
1372 5643 1465 5715 qui
1502 5640 1599 5699 Ju-

1704 5362 1905 5417 stinum
1932 5358 2179 5414 Graecum
2224 5356 2497 5413 hominem
2547 5369 2731 5411 errore
2774 5354 3065 5423 deceptum
3104 5355 3285 5419 putat,

1704 5447 1828 5487 cum
1859 5427 2344 5499 vulgaremwillarn
2370 5421 3019 5499 ac_passim_e§stantem
3051 5421 3286 5489 ἐπιγρα-

1748 5503 1811 5571 ήν
1840 5492 2060 5572 legisset
2093 5496 2346 5572 SEMONJ
2396 5492 2548 5572 ι)Εο-
2576 5492 2836 5572 SANQO,
2867 5492 3140 5547 Simonem
3187 5504 3286 5558 pro

1748 5520 1811 5571 ην
1842 5520 2060 5572 legisset
2094 5520 2346 5552 Dnmunt
2396 5520 2528 5551 UDU
2577 5520 2819 5554 onuuu,
2867 5520 3140 5547 DllllUllClu
3188 5520 3286 5558 μιν

1706 5520 1941 5627 Semoni:
1970 5570 2265 5642 accepisse.
2301 5566 2592 5642 Qutemihi
2632 5564 2950 5636 conjectura
2989 5574 3123 5618 sane
3159 5573 3286 5629 pro-

1705 5641 1906 5699 babilis
1932 5647 2016 5699 est
2043 5640 2182 5698 visa.
