3766 6286
421 287 525 343 2’1’9

1853 271 1910 326 S.
1935 265 2294 323 'EPIPIIANII

3581 255 3703 314 303

421 400 723 476 cupiditate
753 414 816 454 ac
847 395 1125 466 voluptate
1162 391 1392 465 perfusi,
1425 405 1548 446 cum
1573 389 1719 444 illius
1741 387 1994 458 jucundi-
2035 421 2043 444 Α

2157 384 2244 456 ρδς
2274 382 2406 436 αὐτὸ
2430 419 2445 446 ,
2486 380 2580 432 καὶ
2619 379 2782 451 ἡδονῇ
2820 375 3280 459 κατασχεθέντες.
3312 374 3570 446 φανέντος
3609 378 3706 431 καὶ

423 507 533 554 tate
569 494 761 551 satiari
797 491 1020 546 minime
1061 495 1309 559 possent,
1352 500 1418 541 eo
1451 484 1596 554 quod
1629 490 1855 552 repente
1887 494 2011 533 sur-

423 603 548 644 sum
581 585 874 647 evolasset,
922 589 1038 635 tum
1086 579 1304 634 demum
1338 577 1606 648 impostor
1653 575 1745 628 ille
1772 573 1920 627 velut
1957 572 2009 624 in

425 693 594 735 scena
624 677 699 731 ita
729 675 960 731 invicem
981 673 1196 727 locutos
1217 671 1442 741 angelos
1468 667 1786 723 introducit:
1816 663 2013 718 Facia-

426 784 542 824 mus
591 767 853 821 hominem
895 761 964 818 ad
995 761 1274 833 imaginem
1320 769 1368 816 et
1401 758 1807 815 similitudinem
1836 756 1879 811 ⁸.
1910 754 2011 811 Ubi

427 859 754 930 particulam
788 865 1049 922 nostram,
1076 868 1239 924 quam
1267 853 1321 907 in
1355 849 1554 907 Genesi
1591 848 1734 905 Deus
1757 855 2012 918 usurpat,

429 953 555 1008 ideo
607 947 943 1014 decurtavit,
1005 954 1065 1002 ut
1113 945 1287 1002 errori
1336 957 1437 1000 suo
1487 941 1648 997 ﬁdem
1703 947 2014 1006 astrueret;

431 1047 592 1117 quasi
631 1044 721 1098 alii
755 1044 866 1098 siut
905 1040 1090 1111 operis
1125 1037 1388 1102 artiﬁces,
1425 1035 1716 1106 imaginem
1751 1048 1878 1089 vero
1907 1031 2015 1104 63

432 1139 606 1210 ipsam
623 1135 688 1190 ad
707 1135 876 1189 alium
894 1131 1086 1188 referri
1103 1129 1435 1201 signiﬁcent,
1452 1142 1578 1182 cum
1597 1127 1670 1180 ita
1686 1126 2013 1196 loquuntur:

434 1228 726 1283 Faciamus
760 1226 1025 1281 hominem
1064 1223 1134 1276 ad
1191 1221 1476 1291 imaginem
1504 1227 1555 1274 et
1593 1215 2014 1272 similitudinem.

433 1319 708 1375 Caeterum
757 1315 906 1370 edito
947 1314 1004 1368 in
1044 1312 1220 1366 lucem
1262 1308 1505 1372 homine,
1539 1307 1762 1378 angelos
1796 1306 1872 1361 ait
1910 1320 2020 1376 pra:

435 1410 808 1466 imbecillitate
845 1422 943 1464 sua
985 1404 1250 1476 perlicere
1277 1419 1418 1473 opus
1449 1417 1612 1458 suum
1652 1399 1874 1454 minime
1899 1398 2018 1469 qui-

2112 473 2522 545 ἀφαντωθέντος
2551 473 2645 525 ἀπ’
2681 471 2885 537 αὐτῶν,
2917 469 3250 541 ἐρασθέντας
3282 485 3342 521 τε
3376 466 3580 532 αὑτοῦ,
3611 471 3708 523 καὶ

2117 569 2192 641 μὴ
2240 567 2564 639 δυνηθέντας
2601 562 2983 636 ἐμπλησθῆναι
3021 562 3121 630 τῆς
3161 557 3329 614 αὑτοῦ
3367 559 3703 629 ὲρασμιότη-

2113 676 2204 722 τος
2225 700 2239 724 ,
2263 656 2354 711 διὰ
2381 655 2442 709 τὸ
2466 655 2570 708 ὑπὸ
2600 653 2753 724 θῆξιν
2785 651 3096 720 ἀναπτῆναι
3133 649 3245 720 (4'6)
3276 648 3340 702 τὸ
3367 649 3536 703 αὑτοῦ
3566 648 3703 718 φῶς,

2114 749 2305 803 τούτου
2352 747 2511 819 χάριν
2542 744 2819 816 εἰρηκέναι
2859 743 2992 814 φησὶ
3032 743 3158 804 τοὺς
3199 741 3462 810 ἀγγέλους
3495 742 3708 812 δραμα-

2115 840 2364 915 τουργῶν
2399 841 2428 892 ὁ
2457 840 2620 900 αὐτὸς
2650 837 2782 908 γόης
2801 853 2815 867 ’
2853 834 3206 904 Ποιήσωμεν
3231 834 3551 902 ἄνθρωπον
3595 833 3708 903 (47)

2117 931 2244 984 κατ’
2298 929 2506 984 εἰκόνα
2566 926 2662 981 καὶ
2711 925 2840 979 καθ’
2895 925 3184 994 ὁμοίωσιν
3208 940 3222 955 ·
3263 921 3599 995 παρα-κόψας
3652 923 3712 976 τὸ

2119 1020 2407 1094 εἰρημένον
2435 1022 2491 1072 ὲν
2517 1019 2584 1088 τῇ
2617 1017 2833 1070 Γενέσει
2862 1016 2968 1093 bno
3004 1013 3288 1100 106.8205,
3313 1015 3377 1068 τὺ
3405 1015 3539 1070 καθ’
3560 1015 3710 1084 ἠμε-

2120 1113 2315 1181 τέραν·
2342 1111 2509 1173 ἐάσας
2531 1109 2592 1162 τὺ
2620 1107 2932 1178 ἡμετέραν,
2970 1109 3056 1161 ἵνα
3089 1108 3154 1178 δὴ
3193 1106 3294 1181 ἔχῃ
3329 1109 3362 1179 ἠ
3409 1107 3589 1179 πλάνη
3618 1108 3714 1162 αὑ-

2119 1205 2214 1260 τοῦ
2254 1204 2352 1276 τὴν
2378 1202 2731 1273 πιθανότητα,
2759 1201 2835 1264 ώς
2857 1200 3016 1270 δῆθεν
3043 1200 3218 1254 ἄλλων
3255 1201 3354 1271 μὲν
3386 1201 3710 1267 ποιούντων,

2123 1299 2306 1353 εἰκόνα
2336 1296 2394 1350 δὲ
2428 1295 2618 1366 ἐτέρου
2651 1295 2829 1363 λέγειν
2867 1295 2925 1346 ὲν
2956 1292 3034 1364 τῷ
3058 1310 3070 1323 ’
3103 1290 3456 1362 Ποιήσωμεν
3487 1291 3715 1360 ἅνθρω-

2124 1406 2241 1444 πον
2279 1371 2406 1442 κατ’
2444 1388 2647 1441 εἰκόνα
2671 1386 2769 1440 καὶ
2803 1387 2931 1439 καθ’
2966 1385 3270 1454 ὁμοίωσιν.
3302 1384 3608 1454 Γενομένου
3638 1385 3711 1447 δὲ,

435 1504 614 1571 vissc;
649 1500 878 1573 proinde
924 1499 980 1553 in
1027 1501 1146 1554 solo
1182 1497 1477 1566 jacentem,
1515 1509 1580 1550 ac
1623 1493 2021 1550 subsultantem

2157 1482 2295 1554 μησὶ,
2335 1481 2431 1535 τοῦ
2469 1479 2760 1552 ἀνθρώπου
2788 1521 2802 1542 ,
2854 1479 2945 1534 διὰ
2993 1478 3054 1531 τὸ
3120 1477 3299 1532 αὐτῶν
3335 1478 3572 1550 ἀδρανὲς
3643 1479 3716 1551 μὴ

435 1504 614 1571 vissc;
649 1500 878 1573 proinde
924 1499 980 1553 in
1027 1501 1146 1554 solo
1182 1497 1477 1566 jacentem,
1515 1509 1580 1550 ac
1623 1493 2021 1550 subsultantem

395 1488 703 1682 kreptantis
731 1593 906 1648 instar
935 1589 1244 1653 vermicuii,
1280 1602 1458 1658 neque
1485 1583 1698 1656 erigere
1733 1599 1813 1650 se,
1848 1598 2024 1654 neque

2157 1488 2295 1554 νησὶ,
2335 1488 2431 1535 τοῦ
2469 1488 2760 1552 ἀνθρώπου
2788 1521 2802 1542 ,
2854 1488 2945 1534 δια
2993 1488 3054 1531 το
3120 1488 3299 1532 αὐτῶν
3335 1488 3572 1550 ἀδρανὲς
3643 1488 3716 1551 μη

2158 1573 2387 1629 ύνασθαι
2413 1574 2575 1627 αὐτὸν
2598 1571 2996 1642 τελεσφορῆσαι
3019 1610 3032 1634 ,
3064 1570 3277 1624 κεῖσθαι
3309 1570 3366 1623 δὲ
3397 1572 3493 1624 καὶ
3525 1573 3717 1642 σκαρίη

2157 1670 2159 1676 ·
2368 1681 2391 1682 η
2417 1664 2455 1682 ..ι
2500 1663 2616 1682 “,9”
2635 1678 2745 1682 Ad--.
2788 1661 2937 1682 9!--,-,.
2989 1659 3264 1682 __--'.\._----
3302 1659 3532 1682 !-_--_
3551 1677 3571 1682 _
3595 1679 3609 1682 _
3648 1661 3715 1682 --.1.

437 1659 588 1742 aliud
626 1684 930 1756 quidquam
977 1697 1138 1753 agere
1168 1681 1450 1761 potuisse,
1490 1678 1664 1733 donec
1712 1677 1888 1731 virtus
1933 1675 2021 1729 illa

2157 1670 2241 1727 ἐιν
2286 1664 2464 1736 χαμαὶ
2496 1663 2746 1733 κείμενον
2783 1661 2940 1730 δίκην
2983 1659 3264 1731 σκώληκος
3302 1659 3572 1731 ἕρπον-τος
3595 1679 3609 1690 ·
3646 1661 3717 1730 μὴ

437 1735 588 1742 -----
629 1735 928 1756 τ---ιηηκ
1012 1735 1070 1753 υ-
1117 1735 1132 1737 θ
1351 1735 1358 1736 κ
1435 1735 1449 1746 ,

437 1780 682 1836 caelestis
709 1780 813 1834 hoc
843 1775 1207 1848 prospiciens,
1240 1781 1405 1842 atque
1436 1771 1510 1828 ob
1541 1768 1834 1840 imaginem
1866 1782 2023 1824 suam

2160 1735 2387 1810 ύνασθαι
2415 1754 2471 1808 δὲ
2500 1757 2637 1825 μήτε
2660 1751 3051 1825 ἀνορθοῦσθαι,
3079 1753 3216 1823 μήτε
3251 1770 3303 1805 τι
3329 1752 3522 1824 ἕτερον
3545 1753 3717 1824 πράτ-

438 1880 602 1942 atque
629 1869 866 1942 emgiem
906 1866 1150 1922 hominis
1191 1863 1440 1928 miserta,
1471 1862 1554 1917 vis
1583 1875 1697 1916 sua:
1731 1858 2025 1914 scintillam

439 1961 707 2026 immisit;
743 1974 851 2030 qua
897 1965 954 2012 et
997 1955 1150 2009 illum
1187 1953 1385 2018 erexit,
1431 1958 1487 2008 et
1527 1950 1698 2006 vitam
1739 1947 2023 2018 impertiit.

439 2052 712 2106 Nimirum
762 2067 860 2122 per
913 2048 1209 2104 scintillam
1257 2047 1417 2101 istam
1463 2044 1757 2098 humanam
1790 2041 2027 2096 animam

441 2146 772 2214 intelligunt.
801 2145 974 2213 Atque
1014 2142 1137 2196 ideo
1165 2139 1395 2206 servari,
1424 2137 1520 2201 ait,
1558 2135 1783 2190 omnino
1813 2134 2047 2190 scintil/

445 2239 550 2290 lam
603 2236 743 2287 hanc
781 2241 1020 2302 oportet,
1059 2231 1241 2301 perire
1287 2243 1419 2283 vero
1471 2225 1742 2297 quidquid
1791 2225 2030 2278 hominis

444 2330 730 2402 preprium
759 2336 878 2387 est;
910 2323 1055 2396 quod
1099 2332 1213 2378 tum
1263 2321 1484 2384 accidit,
1543 2335 1668 2374 cum
1721 2317 1775 2372 id
1818 2317 1962 2388 quod
2003 2333 2034 2372 e

445 2421 586 2476 cmlo
612 2419 896 2488 delapsum
927 2425 1012 2471 est
1041 2413 1268 2470 definito
1301 2410 1564 2481 temporis
1597 2409 1886 2464 intervallo
1911 2424 2035 2466 sur-

447 2528 571 2570 sum
599 2511 815 2575 evolat;
849 2508 1213 2579 similiterque
1240 2505 1390 2576 quod
1416 2503 1666 2559 infimum
1691 2507 1776 2559 est
1801 2517 1869 2558 eo
1893 2502 2035 2556 unde

453 2603 736 2678 prodierat
790 2600 1118 2672 regreditur.
1167 2597 1326 2665 Quod
1373 2598 1440 2672 ad
1486 2595 1771 2653 Christum
1819 2597 2032 2658 attinet,

449 2696 696 2767 ejusdem
728 2691 1046 2764 impostoris
1072 2698 1156 2746 est
1185 2692 1418 2760 dogma:
1454 2704 1580 2743 cum
1612 2687 1728 2743 sola
1763 2685 1916 2740 illum
1938 2685 2038 2740 ho-

449 2789 615 2845 minis
645 2787 819 2859 tigura
852 2793 1016 2857 atque
1054 2782 1228 2855 elligie
1259 2783 1499 2848 venisse,
1540 2780 1841 2854 omniaque
1875 2779 1944 2832 ab
1972 2795 2039 2834 eo

451 2879 634 2950 specie
671 2886 829 2932 tenus
876 2874 1149 2946 perfecta,
1199 2871 1506 2942 cuiusmodi
1550 2870 1673 2937 fuit,
1717 2869 1892 2937 nasci,
1923 2884 2040 2923 am-

451 2970 662 3034 bulare,
691 2967 883 3034 videri,
910 2967 1044 3035 pati.

2129 1865 2263 1912 τειν,
2291 1847 2397 1912 ἕως
2419 1849 2453 1918 ή
2485 1847 2598 1901 ἄνω
2626 1845 2875 1916 δύναμις,
2903 1843 3278 1916 παρακύψασα
3298 1845 3392 1898 καὶ
3417 1844 3722 1914 σπλαγχνιε

2133 1941 2320 1996 σθεῖσα
2350 1941 2438 1995 διὰ
2468 1940 2566 2010 τὴν
2598 1939 2731 1993 ἰδίαν
2766 1937 2934 2008 αὐτῆς
2968 1938 3154 1990 είκόνα
3181 1954 3241 1990 τε
3276 1939 3371 1992 καὶ
3399 1937 3571 2002 ἰδέαν,
3606 1938 3719 1989 κατ’

2131 2031 2308 2090 οἶκτον
2335 2032 2621 2088 ἀπέστειλε
2658 2031 2931 2104 σπινθῆρα
2961 2031 3063 2102 τῆς
3091 2030 3262 2101 αὐτῆς
3283 2030 3595 2101 δυνάμεως,
3632 2031 3721 2083 καὶ

2131 2129 2197 2182 δι’
2227 2127 2395 2181 αὑτοῦ
2429 2125 2720 2197 ἀνώρθωσε
2749 2124 2845 2178 τὸν
2870 2123 3180 2195 ἄνθρωπον,
3215 2123 3310 2176 καὶ
3341 2123 3520 2187 οὕτως
3556 2124 3720 2188 ἐζωο-

2131 2221 2357 2292 γόνησε·
2397 2218 2558 2289 δῆθεν
2589 2219 2676 2270 τδν
2707 2216 2979 2288 σπινθῆρα
3037 2215 3218 2287 ψυχὴν
3246 2217 3343 2286 τὴν
3373 2215 3723 2287 ἀνθρωπείαν

2135 2315 2379 2384 φάσκων.
2403 2311 2515 2366 Καὶ
2541 2310 2730 2364 τούτου
2757 2309 2920 2363 ἕνεκα
2956 2308 3177 2372 πάντως
3207 2307 3286 2362 δεῖ
3315 2307 3406 2361 τὸν
3447 2307 3723 2379 σπινθῆρα

2139 2405 2395 2477 σωθῆναι,
2428 2402 2488 2456 τὸ
2520 2403 2576 2456 δὲ
2611 2403 2722 2456 πᾶν
2753 2401 2846 2455 τοῦ
2873 2400 3161 2474 ἀνθρώπου
3194 2400 3496 2455 ἀπολέσθαι
3517 2419 3532 2432 ·
3566 2403 3626 2454 ὲν

2135 2495 2249 2549 ἀνω
2283 2495 2380 2565 μὲν
2405 2492 2467 2546 τὸ
2505 2493 2713 2546 ἀνωθεν
2743 2491 3005 2546 κατελθὸν
3037 2492 3470 2564 ἀνακομισθῆναι
3512 2493 3725 2564 χρόνῦις

2137 2589 2265 2643 τισί·
2291 2589 2350 2642 τὸ
2370 2586 2424 2639 δὲ
2449 2587 2694 2640 κάτωθεν
2711 2587 2804 2640 καὶ
2825 2586 2956 2640 αὐτὸ
2970 2585 3300 2660 (48)»φάσκει
3321 2589 3349 2640 ὁ
3366 2589 3505 2658 γόης
3521 2590 3586 2641 ὲν
3604 2589 3726 2657 σχή-

2142 2699 2269 2752 ματι
2293 2679 2579 2752 ἀνθρώπου
2606 2679 2940 2750 ἐληλυθέναι,
2975 2679 3070 2732 καὶ⁸
3107 2679 3220 2750 ἰδέα
3264 2679 3421 2752 μόνῃ·
3453 2678 3535 2732 τὰ
3557 2680 3727 2733 πάντα

2139 2775 2194 2826 δὲ
2232 2777 2289 2826 ὲν
2322 2771 2398 2843 τῷ
2447 2771 2622 2825 δοκεῖν
2665 2771 3058 2842 πεποιηκέναι,
3099 2771 3344 2824 τουτέστι
3379 2771 3439 2823 τὸ
3493 2771 3725 2840 γεγενῆ-

2141 2866 2302 2929 σθαι,
2353 2863 2415 2916 τὸ
2468 2866 2835 2935 περιπατεῖν,
2877 2863 2940 2916 τὸ
2994 2863 3363 2926 δπτάνεσθαι,
3414 2862 3477 2914 τὸ
3530 2881 3726 2916 πεπον-

2133 2959 2313 3012 θένω.

523 3061 587 3115 ιι.
617 3058 758 3114 Hinc
789 3058 1047 3114 illa‘ialso
1079 3057 1346 3128 appellata
1379 3055 1766 3111 Guosticorum
1802 3066 1947 3113 secta
1973 3059 2037 3114 ad

2215 3047 2290 3104 B'.
2345 3049 2478 3102 Ἀπὸ
2533 3049 2721 3103 τούτου
2783 3049 2840 3103 δὲ
2897 3046 3263 3132 ψευδωνῦμως
3323 3048 3356 3117 ἡ
3413 3046 3723 3117 καλουμένη

452 3152 779 3226 profundam
804 3150 968 3220 hujus
985 3159 1147 3204 sectae
1171 3147 1472 3218 nequitiam
1493 3147 1789 3218 plurimum
1813 3149 2034 3219 adjecrt,

455 3259 578 3317 qua:
607 3259 638 3298 a
667 3241 891 3297 Simone
921 3240 1138 3294 initium
1182 3239 1646 3310 occasionemque
1688 3249 1847 3296 nacta
1882 3241 2041 3312 longe

457 3337 696 3407 majores
725 3348 900 3404 nugas
929 3330 1319 3395 accumulavit,
1356 3329 1820 3400 quemadmodum
1853 3341 2039 3402 postea

458 3426 515 3478 in
545 3424 665 3494 ejus
691 3421 1024 3476 refutatione
1059 3417 1402 3473 docebimus.
1435 3418 1504 3471 At
1529 3417 1841 3475 Sathrnilus
1872 3436 2038 3474 unum

457 3530 522 3570 ex
550 3515 618 3570 iis
639 3529 777 3584 quos
798 3511 1083 3566 constituit
1108 3509 1315 3581 angelis
1338 3508 1510 3564 fuisse
1529 3508 1842 3566 Judaaorum
1870 3510 2040 3567 Deum

428 3607 769 3672 existimat;
802 3619 865 3658 ac
899 3611 1006 3657 tam
1033 3602 1199 3680 hunc
1229 3616 1392 3671 quam
1429 3602 1584 3656 illum
1619 3618 1648 3656 a
1695 3617 1793 3658 sua
1836 3604 2041 3658 virtute

459 3695 780 3752 descivisse.
815 3694 1155 3748 Salvatorcm
1200 3707 1329 3747 vero
1367 3693 1436 3748 de
1467 3696 1747 3748 communi
1771 3695 2040 3750 virtutum

462 3787 732 3843 sententia
762 3801 791 3842 a
831 3787 993 3842 Patre
1025 3786 1278 3849 missum,
1318 3793 1377 3840 ut
1419 3795 1471 3842 et
1504 3785 1820 3842 Judteorum
1870 3787 2040 3843 Deum

463 3878 519 3932 in
544 3877 791 3934 ordinem
826 3878 1116 3950 redigeret,
1150 3878 1302 3933 etiis
1333 3878 1427 3948 qui
1456 3877 1557 3932 sibi
1581 3877 1866 3934 crederent
1894 3880 2043 3934 salu-

437 3977 570 4025 'tem
619 3970 855 4025 aﬂerret.
901 3968 1186 4041 Ejusmodi
1233 3985 1356 4025 esse
1387 3977 1548 4025 secta:
1586 3971 1732 4026 illius
1770 3970 2042 4040 homines,
2109 3965 2116 3971 ’

462 4061 556 4132 qui
621 4061 864 4117 caelestis
925 4062 1074 4118 illius
1128 4061 1375 4132 parentis
1430 4063 1726 4118 scintillam
1783 4062 2038 4118 habeant.

464 4153 612 4208 Duos
639 4153 840 4224 quippe
873 4153 1122 4208 homines
1147 4153 1420 4225 principio
1453 4168 1580 4208 esse
1609 4152 1806 4217 factos,
1839 4154 2043 4208 bonum

466 4260 660 4312 unum,
693 4246 924 4300 alterum
973 4245 1212 4299 malum:
1251 4261 1279 4298 a
1319 4246 1522 4316 quibus
1548 4247 1747 4317 duplex
1784 4248 1910 4302 item
1951 4261 2043 4316 ge—

468 4353 572 4394 nus
604 4338 906 4405 hominum,
940 4336 1144 4392 bonum
1175 4338 1387 4394 scilicet
1417 4354 1480 4395 ac
1518 4340 1719 4394 malum
1747 4339 1801 4392 in
1838 4341 2043 4394 mundo

2146 3141 2352 3206 Γνῶσις
2387 3141 2614 3213 ἄρχεται
2655 3139 2817 3194 πάλιν
2866 3126 3253 3212 προστίθεσθαι
3304 3138 3380 3209 τῷ
3431 3137 3590 3209 βυθῷ
3637 3139 3727 3208 τῆς

2146 3235 2316 3307 αὐτῆς
2374 3234 2638 3306 πονηρίας
2665 3273 2680 3297 ,
2729 3233 2838 3287 ἀπὸ
2893 3233 3134 3303 Σίμωνος
3185 3231 3283 3304 μὲν
3340 3230 3594 3285 λαϐοῦσα
3641 3233 3728 3302 τὴν

2147 3327 2320 3400 ἀρχὴν
2354 3328 2450 3382 καὶ
2470 3328 2568 3400 τὴν
2595 3326 2870 3398 πρόφασιν
2892 3366 2906 3389 ,
2948 3324 3348 3398 προστιθεμένη
3386 3324 3442 3377 δὲ
3477 3341 3726 3396 περισσο-

2147 3420 2280 3491 τέρᾳ
2311 3419 2443 3491 άλλη
2481 3419 2717 3490 φλυαρίᾳ
2742 3457 2756 3481 ,
2795 3411 2869 3481 ὦς
2904 3417 2994 3470 τὸν
3024 3417 3227 3489 ταύτης
3253 3417 3474 3488 ἔλεγχον
3511 3417 3728 3486 ὕστερον

2149 3511 2400 3583 ἐροῦμεν.
2428 3509 2629 3564 Φάσκει
2670 3510 2779 3582 γάρ
2811 3504 2964 3573 οὗτος
3012 3509 3122 3582 (49)
3141 3552 3155 3574 ,
3187 3511 3313 3574 τοὺς
3346 3509 3622 3577 ἀγγέλους
3653 3507 3725 3559 λέ-

2148 3620 2282 3673 γων,
2309 3603 2403 3656 καλ⁸
2429 3602 2519 3656 τὸν
2543 3602 2676 3656 Θεὸν
2701 3602 2810 3655 τῶν
2849 3601 3114 3656 Ἰουδαίων
3143 3602 3238 3656 ἕνα
3263 3601 3322 3667 ἐξ
3347 3601 3533 3654 αὐτῶν
3562 3598 3691 3654 εἶναι
3709 3617 3721 3628 '

2148 3697 2422 3751 διεστάναι
2449 3697 2505 3750 δὲ
2534 3695 2627 3748 τδν
2672 3695 2831 3748 αύτδν
2861 3694 2954 3747 καὶ
2981 3695 3107 3757 τοὺς
3135 3694 3332 3756 αὐτοὺς
3367 3693 3478 3747 ἀπὸ
3506 3695 3606 3764 τῆς
3636 3693 3723 3745 αὑ-

2147 3787 2242 3842 τοῦ
2273 3787 2574 3858 δυνάμεως.
2606 3787 2710 3839 Τδν
2751 3785 2807 3840 δὲ
2839 3787 3068 3858 Σωτῆρα
3099 3785 3435 3841 ἀπεστάλθαι
3478 3788 3591 3840 ἀπὺ
3627 3787 3725 3838 [la-

2147 3880 2276 3954 τρὸς
2310 3881 2451 3934 κατά
2481 3879 2707 3950 γνώμην
2734 3878 2842 3932 τῶν
2875 3878 3155 3950 δυνάμεων
3188 3880 3280 3932 ἐπὶ
3313 3878 3616 3933 καταλύσει
3638 3876 3722 3931 τοῦ

2148 3972 2284 4025 Θεοῦ
2308 3973 2413 4026 τῶν
2447 3971 2736 4033 Ἰουδαίων,
2757 3971 2849 4024 καὶ
2871 3971 2966 4024 ἐπὶ
2985 3972 3228 4044 σωτηρίᾳ
3248 3971 3352 4024 τῶν
3369 3971 3719 4042 πειθομένων.

2149 4061 2302 4118 Εἶναι
2351 4064 2407 4118 δὲ
2455 4065 2653 4128 αὐτοὺς
2699 4067 2824 4129 τοὺς
2854 4065 3058 4136 ταύτης
3102 4065 3204 4135 τῆς
3251 4065 3520 4136 αἱρέσεως
3548 4107 3563 4130 ,
3611 4065 3721 4126 τοὺς

2149 4156 2372 4226 ἔχοντας
2399 4156 2492 4208 τὸν
2527 4157 2799 4228 σπινθῆρα
2841 4156 2937 4209 τοῦ
2988 4155 3192 4211 ἄνωθεν
3222 4156 3450 4227 Πατρός.
3493 4157 3599 4208 Δύο
3626 4155 3721 4225 γάρ

2150 4247 2456 4301 πεπλάσθαι
2499 4249 2593 4300 ἀπ’
2628 4248 2803 4320 ἀρχῆς
2854 4248 3173 4319 ἀνθρώπους
3201 4249 3425 4315 φάσκει,
3465 4248 3568 4301 ἕνα
3593 4249 3722 4315 ἀγα-

2150 4339 2242 4392 θὸν
2267 4379 2280 4403 ,
2328 4340 2422 4393 καὶ
2461 4339 2558 4393 ἕνα
2587 4339 2821 4408 φαῦλον·
2856 4341 2914 4408 ἐξ
2940 4335 3014 4394 ὧν
3034 4340 3133 4394 δύο
3176 4336 3316 4395 εἶναι
3347 4341 3415 4394 τά
3448 4341 3588 4412 γένη
3624 4340 3719 4392 τῶν

467 4429 901 4498 proseminatum
931 4439 1036 4484 est.
1071 4427 1137 4482 Et
1165 4430 1423 4500 quoniam
1450 4431 1724 4487 daemones
1752 4432 1910 4487 malis
1932 4433 2043 4501 Opi-

2157 4429 2448 4503 ἀνθρώπων
2477 4433 2534 4484 ὲν
2559 4431 2768 4502 κόσμῳ,
2794 4430 2996 4501 ἀγαθόν
3019 4449 3078 4486 τε
3100 4433 3194 4487 καὶ
3215 4433 3470 4504 πονηρόν.
3514 4429 3719 4500 Ἐπειδὴ

465 4520 808 4583 tutabantur,
850 4519 976 4575 ideo
1009 4525 1323 4590 postremis,
1360 4530 1419 4577 ut
1461 4534 1587 4578 ante
1619 4523 1752 4591 dixi,
1785 4525 2043 4595 tempori-

2157 4521 2209 4575 δὲ
2245 4523 2292 4575 οἱ
2323 4521 2575 4593 δαίμονες
2607 4525 2720 4586 τοῖς
2752 4527 3009 4596 πονηροῖς
3034 4523 3313 4595 ἐϐοήθουν,
3340 4523 3536 4578 τούτου
3571 4525 3717 4576 ἕνεκα

465 4611 568 4665 bus
591 4610 659 4665 ad
684 4611 856 4665 bonos
883 4610 1133 4666 homines
1161 4627 1264 4682 ope
1295 4627 1392 4667 sua
1415 4613 1802 4679 sublevandos,
1845 4615 2043 4669 malos-

2157 4615 2233 4666 ἐπ’
2265 4615 2491 4684 ἐσχάτου
2518 4615 2628 4669 τῶν
2662 4616 2903 4688 ἡμερῶν,
2942 4618 3018 4680 ὡς
3046 4620 3326 4688 προεῖπον,
3360 4614 3529 4688 ἦλθεν
3565 4621 3592 4672 ὁ
3614 4618 3715 4670 Σω-

465 4717 572 4770 que
645 4716 769 4755 cum
811 4701 1154 4756 daemonibus
1189 4701 1555 4772 proﬂigandos
1589 4700 1841 4757 Salvator
1887 4705 2043 4758 adve-

2157 4705 2252 4776 τηρ
2298 4706 2388 4758 ἐπὶ
2431 4705 2653 4778 βοηθείᾳ
2700 4708 2808 4759 τῶν
2853 4708 3076 4776 ἀγαθῶν
3125 4708 3468 4780 ἀνθρώπων,
3510 4709 3603 4763 καὶ
3638 4707 3717 4761 ἐπὶ

467 4790 564 4844 ιιίι.
613 4788 735 4844 Jam
795 4805 998 4847 uxores
1061 4791 1283 4855 ducere,
1344 4792 1655 4861 liberosque
1702 4794 1925 4864 gignere
1981 4797 2043 4849 ab

2157 4797 2438 4851 καταλύσει
2471 4799 2579 4851 τῶν
2611 4799 2861 4870 πονηρῶν
2910 4800 3002 4853 καὶ
3047 4799 3154 4852 τῶν
3187 4801 3476 4872 δαιμόνων.
3515 4801 3587 4854 Τὸ
3625 4816 3710 4866 ται

467 4881 670 4937 Satana
726 4898 849 4940 esse
877 4885 1180 4938 circulator
1228 4883 1368 4937 idem
1397 4886 1735 4954 pronuntiat.
1771 4886 2043 4952 Quamobq

2157 4894 2271 4960 μεῖν
2309 4891 2364 4944 δὲ
2400 4893 2494 4944 καὶ
2531 4893 2591 4944 τὸ
2628 4893 2824 4962 γεννᾷν
2852 4893 2882 4945 ὁ
2915 4892 3076 4956 αὐτὸς
3106 4893 3349 4964 ἀγύρτης
3382 4895 3444 4945 ἐκ
3489 4894 3583 4946 τοῦ
3625 4893 3713 4945 Σα-

544 5020 559 5050 ¹
595 5018 730 5073 Gen.
778 5037 815 5084 ι,
847 5020 936 5074 26.

529 5156 645 5229 (46)
681 5157 815 5229 Ὑπὸ
839 5156 1018 5224 θῆξιν
1043 5156 1402 5229 ἀῌναπγτῆναι.
1427 5156 1618 5212 Utitur
1651 5157 1752 5213 hac
1787 5151 2043 5229 loquendi

460 5227 677 5284 ratione
729 5228 1016 5302 aliquoties
1063 5227 1418 5302 Epiphanius.
1469 5229 1572 5283 Sed
1622 5227 1878 5302 corrupte
1907 5245 2046 5302 tioiu-

462 5243 677 5284 rattone
729 5243 1016 5296 aliquoties
1063 5243 1418 5350 nglpuamus.
1469 5243 1572 5283 aeu
1622 5243 1878 5298 corrupte
1907 5245 2045 5302 nou-

462 5313 740 5369 nunquam
777 5297 912 5363 θίξιν
957 5313 1052 5367 pro
1136 5297 1255 5367 ηξιν
1306 5299 1507 5353 habent
1547 5299 1899 5369 exemplaria.
1950 5299 2045 5354 Est

462 5381 641 5423 autem
684 5368 839 5432 θῆξις
878 5367 1071 5432 llesyc.
1105 5369 1268 5432 ῥοπὴ,
1302 5368 1525 5432 στιγμὴ,
1564 5369 1745 5432 τάχος.

461 5381 641 5423 autem
684 5369 839 5437 θῆξις
878 5369 1071 5439 llesyc.
1105 5369 1268 5438 ῥοπὴ,
1302 5369 1525 5450 στιγμὴ,
1564 5369 1745 5440 τάχος.

529 5439 1030 5520 μῖλιηοιῄσωμεν
1057 5439 1408 5520 ἄνθρωπον..
1441 5439 1619 5520 minus
1668 5440 1832 5520 igitur
1880 5455 2044 5496 accu-

461 5508 578 5564 rate
613 5508 986 5564 Theodoretus
1014 5515 1331 5578 usurpatam
1361 5509 1429 5564 ab
1461 5510 1566 5565 illis
1597 5511 1652 5564 in
1689 5508 1792 5566 hac
1822 5519 2042 5567 senten-

460 5581 535 5632 tia
565 5595 749 5652 vocem
770 5580 1058 5652 ⁸ἡμετέραν
1095 5579 1306 5652 scribit.

453 5615 1445 5730 tigri;'61";,2:‘:.”b;:“.22§"tm.
1469 5648 1629 5707 Forte
1659 5651 1754 5705 καὶ
1785 5652 1949 5706 αὐτὸν
1985 5652 2039 5705 δὲ

463 5717 551 5774 ut»;
585 5719 810 5790 Σωτῆρα
840 5721 1057 5789 φάσκει,
1092 5729 1194 5776 etc.

2235 5160 2331 5229 '49)
2363 5159 2590 5232 Φᾶσκει
2636 5160 2746 5230 γὰρ
2783 5157 2980 5228 οὗτος.
3030 5162 3214 5232 Neque
3263 5162 3350 5216 hic
3393 5161 3709 5232 mihiilm‘us

2150 5231 2357 5300 integer
2389 5231 2619 5302 videtur.
2673 5233 2920 5302 suppleri
2959 5231 3190 5289 fortasse
3233 5241 3408 5302 potest
3445 5249 3512 5286 ex
3543 5231 3705 5285 Theo-

2147 5295 2338 5376 doreto
2385 5319 2417 5376 :_
2447 5295 2616 5376 Οὖτρς
2659 5295 2766 5376 τῷ
2791 5295 3086 5376 Μενάνδρῳ
3151 5295 3548 5373 παραπλησίως
3566 5344 3580 5364 ,
3606 5302 3708 5376 ξένα

2147 5371 2344 5444 έφησεν
2366 5366 2503 5444 εἶναι
2528 5366 2747 5444 Πατέρα
2770 5373 2978 5428 πάντα·
3011 5366 3174 5428 πᾶσιν
3201 5366 3475 5442 ἄγνωστον
3497 5389 3509 5401 ·
3540 5373 3708 5426 τοῦτον

2145 5441 2203 5516 δὲ
2233 5441 2358 5516 τοὺς
2436 5441 2705 5516 ἀγγέλους
2764 5444 3170 5516 δημιουργῆσαι
3193 5485 3209 5509 ,
3235 5441 3370 5516 ίκαὶ
3408 5444 3530 5516 τὰςΔ
3561 5443 3707 5503 ἄλλας

2145 5511 2423 5585 δυνάμεις.
2477 5512 2632 5585 Quod
2679 5511 2860 5569 autem
2904 5511 3358 5585 ap'ttd'Epiphan.
3413 5514 3705 5584 subjicitur.

2146 5582 2254 5655 ἀπὸ
2303 5582 2402 5655 τῆς
2460 5582 2624 5636 αὑτοῦ
2671 5582 2972 5655 δυνάμεως.
3029 5582 3231 5642 indicat
3280 5585 3469 5641 deesse
3517 5582 3705 5637 natura!

2147 5652 2384 5739 aliqupd.
2424 5665 2550 5734 puta
2594 5655 2687 5739 τοῦ
2718 5652 2826 5710 ἄνω
2879 5659 3109 5729 Πατρός,
3150 5657 3215 5710 ad
3253 5657 3395 5727 quod
3427 5665 3706 5725 prouolue!)

2148 5733 2314 5777 αυτου
2346 5733 2636 5793 pertineat.
