3754 6182
66 241 138 297 an
342 222 347 227 ’
622 236 991 293 Αῡνεῐιευε
1030 235 1378 292 [massas
1416 236 1545 292 LIB.
1587 237 1619 289 ι

1788 236 1849 291 Μ.
1894 234 1957 290 ΙΙ.
2001 265 2068 276 --
2108 235 2383 292 ΗιΕῐὶΕδ.
2426 237 2616 291 XXIII.

3184 237 3292 293 50:2

64 352 171 406 ττινᾶ
200 349 461 421 ὑπάρχειν
508 347 659 417 λέγει
686 366 700 378 ·
753 349 875 402 ὅθεν
928 350 1021 403 καὶ
1070 348 1119 400 οἱ
1159 346 1375 411 πλείους
1425 346 1605 401 αὐτῶν

1788 362 1827 400 :n
1850 346 2093 420 plerique
2128 361 2191 403 ex
2240 348 2433 405 horum
2455 350 2743 418 disciplina
2763 350 3011 407 animatis
3034 354 3292 413 omnibus

62 442 284 515 ἐμῷὐχων
326 442 646 512 ἀπέχονται,
677 442 825 506 ὅπως
859 442 948 495 διά
987 444 1088 512 τῆς
1116 440 1490 512 προσῇ-ποιητής
1518 441 1611 512 δῆ-

61 538 132 589 θεν
150 533 413 596 πολιτείας
443 532 623 586 αὐτῶν
660 549 813 597 τινας
837 532 1228 601 ἐπαγάγωνται
1266 533 1346 596 εἰς
1383 532 1481 603 τὴν
1510 534 1609 587 αὺ-

62 628 145 680 τών
168 625 397 695 ἀπάτην.
435 623 547 688 Τάς
575 624 632 678 δὲ
658 624 997 697 προφητείας
1025 624 1224 693 φάσκει
1256 625 1284 676 6
1308 622 1470 685 αὐτὸς
1498 624 1609 677 πά-

60 716 124 769 λιν
161 714 317 783 γόης,
368 712 467 776 τὰς
522 713 619 783 μέν
669 713 776 766 ὑπὸ
822 712 930 765 τῶν
984 712 1333 783 κοσμοποιῶν
1360 713 1609 781 ἀγγέλων

64 803 525 875 πεπροφητεῡσθαι,
551 802 720 866 τὰςδέ
742 803 846 856 ὑπὸ
864 802 958 855 τοῦ
988 804 1229 857 Σατανᾶ·
1254 805 1347 857 καὶ
1368 804 1527 858 αὑτὸν
1552 804 1609 856 δὲ

58 900 129 951 τὸν
142 898 375 950 Σατανᾶν
385 894 612 964 ἄγγελον
630 897 826 965 φάσκει
848 896 1281 967 ἀντιπράττοντα
1298 898 1408 960 τοῖς
1420 913 1613 967 κοσμο-

62 992 198 1052 ποιοῖς
239 988 521 1057 ἀγγέλοις,
568 988 799 1059 μάλιστα
831 989 889 1042 δὲ
924 989 1003 1061 τῷ
1028 988 1152 1059 Θεῷ
1184 988 1293 1043 τῶν
1320 988 1606 1044 Ἰουδαίων.

112 1087 175 1137 Γ’.
202 1085 372 1137 Ὅταν
419 1083 476 1136 δέ
506 1082 676 1137 ταῦτα
722 1083 906 1156 φάσκῃ
952 1084 981 1135 6
1032 1082 1349 1153 κτηνώδης,
1391 1083 1610 1146 πάντως

58 1194 140 1228 που
162 1176 251 1228 καὶ
285 1174 446 1238 αὐτὸς
474 1174 816 1246 δειχθήσεται
856 1174 955 1230 ἕνα
996 1174 1130 1228 Θεὸν
1157 1175 1440 1246 ὁμολογῶν
1461 1217 1475 1238 ,
1518 1174 1611 1228 καὶ

55 1270 129 1322 ἐπὶ
154 1268 277 1339 μίαν
310 1268 540 1338 ἑνότητα
573 1268 871 1340 μοναρχίας
908 1268 1127 1335 ἀνάγων
1155 1268 1218 1320 τὸ
1250 1269 1379 1320 πᾶν.
1410 1268 1473 1319 Εἰ
1502 1265 1611 1337 γὰρ

54 1363 91 1413 oi
115 1358 321 1428 ἄγγελοι
353 1361 718 1431 πεποιήκασιν
742 1400 757 1424 ,
798 1360 1016 1430 ἄγγελοι
1071 1359 1127 1412 δέ
1173 1359 1333 1413 πάλιν
1367 1358 1475 1411 ἀπὸ
1510 1356 1611 1428 τῆς

52 1450 226 1505 ἄνωθεν
261 1449 543 1520 δυνάμεως
570 1449 632 1501 τὸ
664 1450 835 1503 αἴτιον
861 1450 1129 1520 ἐσχήκασι
1162 1447 1254 1502 τοῦ
1288 1444 1463 1501 εἶναι’
1500 1448 1609 1518 ἄρα

1712 438 2008 503 abstinent,
2055 448 2114 492 ut
2155 438 2406 495 aﬁ‘ectato
2448 439 2541 493 illo
2591 425 2887 494 sanctioris
2935 439 3059 495 vitae
3094 458 3295 512 genere

1710 530 2006 586 nonnullos
2035 544 2199 584 suum
2229 529 2282 584 in
2308 544 2552 585 errorem
2586 530 2886 599 pelliciant.
2918 530 3032 603 64
3064 530 3139 587 De
3167 549 3297 603 pro-

1711 621 1997 690 phelarum
2044 622 2285 677 oraculis
2333 621 2409 675 ita
2453 620 2730 677 veneﬁcus
2769 621 2860 676 ille
2910 623 3173 693 disputat,
3229 639 3294 679 ea

1710 712 1912 781 partim
1935 728 1966 767 a
1997 713 2189 767 mundi
2220 711 2510 783 opiﬁcibus
2539 711 2770 784 angelis,
2806 712 3004 781 partim
3035 728 3066 767 a
3092 712 3293 772 Satana

1711 806 1992 877 profecta:
2044 814 2099 862 et
2134 808 2279 861 hunc
2313 805 2493 875 ipsum
2536 804 2798 859 Satanam
2845 812 3003 876 putat
3039 806 3292 877 angelum

1709 914 1854 964 esse,
1888 898 1983 967 qui
2013 896 2204 952 mundi
2235 895 2617 951 conditoribus
2647 894 2881 968 angelis,
2904 896 3291 969 prmeipueque

1710 989 2030 1045 Iudaeorum
2059 988 2171 1045 Deo
2203 989 2447 1045 resistat.

1781 1080 1867 1137 Ill.
1887 1080 2020 1147 Quae
2041 1095 2163 1134 cum
2182 1079 2250 1134 ab
2273 1079 2363 1132 illa
2380 1078 2588 1149 pecude
2620 1080 2766 1137 hunc
2792 1082 2849 1137 in
2879 1079 3099 1139 modum
3117 1077 3292 1136 disse-

1712 1174 2251 1238 runtur,vel'invitus
2275 1175 2620 1227 convincitur
2640 1190 2805 1228 unum
2832 1175 3079 1231 conﬁteri
3099 1174 3289 1240 Deum,

1711 1277 1874 1338 atque
1913 1267 1981 1321 ad
2020 1268 2269 1331 unicum,
2306 1265 2749 1337 singularemque
2791 1264 3128 1321 dominatum
3170 1266 3294 1320 uni-

1709 1375 1866 1415 versa
1896 1359 2126 1415 referre.
2166 1359 2381 1415 Etenim
2413 1360 2459 1416 si
2500 1355 2738 1412 mundus
2774 1356 2843 1411 ab
2873 1358 3083 1430 angelis
3112 1356 3292 1412 factus

1711 1461 1818 1517 est,
1853 1467 1977 1507 cum
2014 1452 2236 1522 ipsimet
2266 1460 2393 1508 ante
2433 1467 2463 1505 a
2493 1450 2703 1506 caelesti
2739 1450 2938 1505 virtute
2965 1448 3295 1520 principium

52 1545 131 1595 οὒκ
160 1541 310 1595 αὐτοὶ
343 1542 502 1595 αἴτιοι
532 1540 625 1594 τοῦ
654 1541 972 1611 πλάσματος
998 1540 1094 1593 τοῦ
1127 1538 1415 1612 ἀνθρώπου
1433 1579 1447 1602 ,
1487 1537 1603 1591 ἀλλ’

1788 1560 1873 1614 [ue
1899 1544 2166 1614 originem
2191 1542 2509 1609 habuerint,
2534 1557 2649 1597 non
2684 1541 2761 1596 illi
2788 1540 3026 1614 ﬁngendi
3052 1540 3293 1597 hominis

48 1638 76 1705 ή
101 1632 291 1688 ἄνωθεν
318 1632 546 1703 δύναμις
568 1634 602 1703 η
641 1632 769 1696 τοὺς
802 1632 1068 1702 ἀγγέλους
1100 1634 1371 1703 ποιήσασα
1397 1671 1412 1695 ,
1441 1631 1501 1698 ἐξ
1528 1624 1607 1685 ὧν

52 1727 129 1779 καὶ
156 1728 186 1795 ή
213 1724 411 1787 πλάσις
442 1724 535 1777 τοῦ
567 1723 858 1795 ἀνθρώπου
890 1724 1210 1795 συνέστηκε.
1236 1724 1347 1777 Καὶ
1373 1724 1482 1795 γὰρ
1508 1724 1607 1777 οὐκ

47 1816 195 1869 αἴτιον
214 1815 275 1868 τὸ
304 1817 585 1886 ἐργαλεῖον
612 1816 721 1869 τῶν
748 1817 837 1870 ὑπ’
864 1815 1030 1869 αὐτοῦ
1064 1816 1395 1886 γενομένων,
1419 1816 1533 1869 ἀλλ’
1569 1818 1597 1868 ό

47 1906 259 1978 ἐνεργῶν
312 1906 377 1958 τὸ
406 1907 687 1978 ἐνέργημα
718 1906 808 1960 διὰ
862 1905 955 1959 τοῦ
987 1905 1272 1977 ἐργαλείου
1299 1945 1313 1968 ,
1359 1904 1426 1958 δι’
1460 1899 1520 1958 οὗ
1550 1905 1610 1957 τὸ

45 1999 184 2070 ἔργον
209 1998 422 2066 γίνεται
442 2037 457 2061 ,
489 1998 565 2062 ὡς
604 1999 699 2051 καὶ
723 1997 1034 2068 γέγραπται
1055 2015 1069 2029 ·
1102 1996 1200 2065 Μὴ
1232 1995 1609 2065 δοξασθήσε‹

48 2106 123 2141 τοι
174 2089 365 2156 πρίω
409 2089 556 2142 ἄνευ
604 2087 713 2142 τοῦ
763 2088 1050 2153 ἕλκοντος
1123 2089 1346 2150 αὐτόν;
1399 2088 1494 2140 καὶ
1541 2087 1611 2140 τὰ

44 2179 170 2247 ἑξῆς.
228 2178 387 2234 Οὖτω
435 2179 491 2232 δέ
546 2179 805 2251 ὁρῶμεν,
869 2180 950 2232 ὅτι
996 2177 1120 2233 οὔτε
1173 2178 1418 2249 μάχαιρα
1462 2178 1611 2231 αἰτία

44 2273 215 2340 φόνου,
261 2271 377 2324 ἀλλ’
408 2272 437 2323 6
477 2273 544 2341 τῇ
597 2270 839 2343 μαχαίρᾳ
873 2271 964 2324 τὸν
1018 2270 1177 2340 φόνον
1229 2272 1607 2341 ἐπιχειρήσας.

44 2364 139 2415 Καὶ
160 2363 218 2415 οὐ
247 2364 310 2416 τὸ
340 2352 772 2434 κηροπλαστείον
811 2363 1033 2417 δύναται
1086 2363 1152 2414 δι’
1199 2362 1397 2416 ἐαυτοῦ
1438 2366 1612 2414 ποιεῖν

41 2456 99 2507 τὰ
134 2455 505 2525 πλασσόμενα,
532 2455 647 2509 ἀλλ’
673 2458 702 2508 6
722 2456 783 2508 τὸ
807 2455 1233 2527 κηροπλαστείον
1260 2455 1353 2507 καὶ
1376 2454 1439 2507 τὸ
1476 2454 1611 2507 πλά-

43 2562 143 2615 σμα
190 2546 590 2617 ἐργασάμενος.
634 2546 845 2600 Οὐκοῦν
891 2545 1016 2599 οὔτε
1067 2548 1117 2599 οἱ
1156 2546 1377 2614 ἄγγελοι
1426 2546 1609 2608 αἴτιοι,

39 2636 139 2688 ἀλλ’
167 2638 199 2689 ό
228 2637 359 2700 τοὺς
389 2636 653 2705 ἀγγέλους
689 2637 923 2708 ποιήσας
944 2675 959 2699 ,
988 2636 1039 2688 εί
1081 2636 1177 2689 καὶ
1206 2631 1274 2706 ἦν
1307 2636 1615 2705 παραγγεί-

40 2730 123 2793 λας
145 2730 331 2792 αὐτοῖς
366 2729 460 2782 τοῦ
493 2730 567 2799 μὴ
604 2728 829 2800 ποιῆσαι
868 2728 1175 2799 ἄνθρωπον.
1206 2727 1270 2780 Εἰ
1310 2728 1327 2758 ¹
1368 2728 1477 2798 γὰρ
1513 2745 1614 2781 κα-

36 2821 392 2893 ταψηφίζεται
449 2823 550 2892 τῆς
577 2821 690 2876 ἄνω
719 2819 999 2891 δυνάμεως
1028 2819 1253 2887 ἄγνοιαν
1297 2818 1393 2873 καὶ
1437 2819 1611 2886 ἀγνω-

41 2915 148 2968 σίαν
177 2914 288 2966 τῶν
323 2913 629 2984 μεὶύιόντων
657 2911 875 2965 ἔσεσθαι
916 2911 1068 2983 παρά
1113 2910 1174 2965 τὸ
1201 2911 1373 2983 αὐτῆς
1403 2911 1614 2982 θέλημα

34 3008 494 3078 ἐπιτελουμένων,
519 3008 552 3077 ή
579 3006 800 3060 εὐδοκία
825 3009 845 3037 ²
872 3009 940 3077 τῇ
976 3007 1175 3077 ἐαυτῆς
1200 3007 1327 3069 τοὺς
1352 3005 1617 3074 ἀγγέλους

36 3100 389 3171 πεποιηκέναι
420 3100 557 3171 πρὸς
600 3099 663 3153 τὸ
691 3100 961 3171 χρήσιμον
1006 3099 1106 3171 τῆς
1138 3100 1484 3170 κατασκευῆς
1522 3099 1616 3153 τοῦ

34 3192 313 3261 ἀνθρώπου
343 3233 359 3255 ,
394 3187 456 3245 οὗ
495 3190 653 3262 ήθελε
683 3190 1116 3254 κατασκευάζειν
1142 3229 1158 3256 ,
1189 3191 1466 3260 ποιήσασα
1492 3191 1617 3253 τοὺς

36 3286 311 3352 ἀγγέλους,
356 3286 452 3339 καὶ
478 3284 553 3355 μὴ
578 3283 927 3356 ἐντειλαμένη
959 3283 1054 3337 τοῦ
1105 3283 1179 3355 μὴ
1215 3282 1526 3337 ἐπιτελέσαι
1556 3282 1618 3335 τὸ

30 3378 365 3449 ἐπιχείρημα
389 3420 405 3445 ,
432 3379 679 3431 τουτέστι
715 3376 809 3431 τοῦ
860 3375 1151 3449 ἀνθρώπου
1202 3376 1264 3429 τὸ
1303 3375 1612 3440 πλαστείον,

30 3468 94 3530 ὡς
119 3471 150 3538 η
178 3467 370 3521 αὐτῶν
409 3467 662 3539 μυθώδης
693 3468 1019 3539 τεχνουργία
1054 3466 1318 3540 περιέχει.

1708 1644 1962 1692 auctores
1994 1644 2144 1702 sunt,
2174 1636 2269 1692 sed
2305 1650 2562 1707 suprema
2592 1635 2764 1691 virtus
2802 1635 2891 1688 illa
2922 1635 3128 1705 potius,
3161 1650 3284 1706 quae

1717 1726 1946 1799 angelos
1993 1726 2263 1792 condidit,
2300 1742 2327 1780 a
2359 1727 2564 1797 quibus
2605 1727 2769 1781 homo
2805 1734 2994 1796 postea
3031 1726 3294 1781 formatus

1707 1828 1825 1886 est;
1856 1833 1980 1872 nam
2024 1834 2125 1873 nec
2154 1818 2288 1873 artis
2320 1817 2749 1873 instrumentum
2775 1831 2965 1871 eorum
2995 1831 3163 1890 causa
3190 1826 3294 1877 est,

1712 1926 1831 1982 qum
1862 1911 1930 1964 ah
1957 1911 2077 1981 ipso
2116 1909 2286 1964 ﬁunt:
2326 1909 2421 1965 sed
2453 1909 2542 1964 ille
2578 1909 2784 1979 potius,
2817 1909 3059 1978 quicum
3093 1908 3293 1963 instru-

1710 2009 1895 2057 mento
1916 2015 2035 2055 eam
2056 2001 2327 2055 actionem
2349 1999 2626 2069 exprimit,
2653 2014 2751 2069 per
2771 2012 2933 2069 quam
2961 2013 3098 2068 opus
3118 1998 3296 2067 ipsum

1710 2091 1961 2155 eﬁicitur,
1989 2088 2452 2161 quemadmodum
2476 2088 2744 2159 scriptum
2779 2095 2895 2143 est:
2936 2085 3081 2139 Num
3107 2086 3300 2156 gloria-

1714 2183 1855 2236 bitur
1897 2199 2045 2237 serra
2092 2182 2205 2235 sine
2251 2180 2488 2234 trahente
2540 2178 2792 2248 ipsam"?
2848 2186 2952 2232 etc.
2985 2180 3162 2248 Atque
3194 2176 3299 2232 hoc

1712 2274 1925 2329 caeteris
1966 2274 2019 2328 in
2060 2275 2226 2329 rebus
2267 2274 2341 2327 ita
2376 2287 2499 2328 sese
2541 2272 2744 2327 habere
2773 2271 3072 2327 cernimus.
3112 2268 3300 2341 Neque

1713 2364 1857 2419 enim
1884 2362 2097 2434 gladius
2126 2378 2296 2418 causa
2326 2363 2491 2418 caedis
2529 2372 2634 2427 est,
2668 2361 2763 2417 sed
2794 2361 2842 2417 is
2880 2363 2975 2433 qui
3008 2360 3191 2433 gladio
3229 2362 3299 2417 ad

1715 2456 2138 2526 perpetrandam
2161 2456 2361 2512 caedem
2380 2456 2572 2510 utitur.
2603 2454 2789 2525 Neque
2807 2469 3089 2510 cerearum
3108 2456 3300 2527 imagi-

1716 2564 1847 2602 num
1872 2556 2033 2619 typus
2072 2563 2194 2618 qua:
2222 2548 2507 2619 ﬁnguntur
2532 2561 2630 2617 per
2660 2561 2720 2602 se
2748 2546 2927 2602 moliri
2958 2554 3159 2617 potest,
3202 2547 3301 2603 sed

1717 2641 1764 2697 is
1792 2642 2019 2696 omnino
2052 2640 2146 2711 qui
2184 2648 2239 2695 et
2274 2650 2459 2710 typum
2490 2639 2692 2709 ipsum,
2736 2644 2792 2693 et
2818 2652 3133 2707 expressam
3164 2638 3301 2692 ima-

1717 2732 1898 2802 ginem
1933 2731 2081 2787 t‘eeit.
2114 2730 2297 2797 Quare
2329 2744 2439 2785 non
2472 2728 2645 2800 angeli
2675 2727 2803 2798 ipsi,
2838 2726 2933 2783 sed
2956 2727 3051 2798 qui
3074 2728 3300 2798 angelos

1718 2822 1980 2894 produxit
2005 2823 2246 2878 hominis
2276 2837 2443 2878 causa
2466 2829 2744 2884 censetur,
2778 2820 2998 2877 tametsi
3031 2835 3101 2876 ne
3132 2820 3303 2876 homi-

1717 2930 1840 2970 nem
1873 2916 2178 2971 conderent
2227 2915 2337 2970 illis
2380 2913 2761 2980 interdixerit;
2805 2927 2931 2967 nam
2967 2913 3056 2968 vel
3089 2912 3300 2968 cmlesti

1717 3008 1907 3062 virtuti
1943 3008 2239 3071 inscitiam,
2270 3023 2334 3063 ac
2365 3006 2680 3061 futurarum
2717 3021 2900 3061 rerum
2937 3020 3061 3075 qua:
3103 3012 3303 3076 praeter

1717 3099 2053 3155 voluntatem
2114 3113 2271 3154 suam
2325 3097 2672 3169 perﬁcienda!
2722 3107 2872 3163 sunt,
2933 3096 3301 3167 ignorantiam

1720 3190 1969 3255 ascribit,
2013 3199 2106 3245 aut
2140 3205 2260 3246 eam
2311 3190 2533 3261 pr0pria
2565 3189 2732 3245 animi
2781 3186 3098 3243 inductione
3144 3196 3303 3258 putat

1716 3284 1939 3354 angelos
1960 3298 2299 3354 procreasse,
2319 3283 2463 3354 quod
2478 3284 2581 3339 hoc
2603 3282 2777 3354 ipsum
2801 3281 2867 3337 ad
2890 3282 3302 3354 producendum

1726 3374 2000 3430 hominem
2024 3379 2159 3431 utile
2179 3375 2340 3441 foret,
2364 3393 2527 3448 quem
2546 3376 2785 3432 formare
2810 3383 3066 3447 cuperet:
3095 3390 3219 3431 cum
3246 3382 3305 3430 et

1724 3467 1951 3538 angelos
1975 3468 2333 3534 condidisset,
2366 3483 2469 3525 nec
2487 3484 2581 3525 eos
2592 3469 2968 3540 prohibuisset
2994 3484 3133 3541 opus
3148 3468 3304 3541 ejus-

25 3557 178 3619 modi,
226 3557 503 3611 uimirum
560 3556 797 3612 hominis
854 3557 1194 3611 molitionem
1236 3555 1481 3627 aggredi,
1537 3554 1592 3608 id
1636 3554 1783 3625 quod
1818 3554 2129 3613 fabulosum
2160 3558 2380 3613 illorum
2412 3558 2711 3613 artiﬁcium
2744 3559 3009 3617 continet.

88 3658 155 3707 A'.
188 3654 264 3706 Ἠ
298 3655 321 3686 ³
344 3654 546 3709 οὐκοῦν
583 3656 749 3709 πάλιν
793 3656 883 3710 τὸν
932 3654 1228 3726 μυθολόγον
1266 3653 1570 3725 ἐρωτητέω
1597 3669 1611 3681 °

26 3746 129 3813 ᾔδει
157 3753 191 3822 ή
237 3750 360 3804 ἄνω
406 3747 668 3819 δύναμις,
706 3749 735 3801 ὅ
767 3766 819 3801 τι
848 3747 1101 3819 μέλλουσι
1151 3746 1453 3819 πράττειν;
1482 3745 1612 3812 Ναὶ,

27 3844 199 3912 φησίν.
236 3846 393 3915 Ἀρα
426 3842 592 3911 γοῦν,
626 3842 675 3893 εί
706 3840 843 3912 ᾔδει,
877 3840 1017 3912 αὐτὴ
1048 3841 1316 3912 πεποίηκε
1339 3879 1353 3903 ,
1394 3840 1488 3892 καὶ
1514 3839 1614 3891 οὐκ

23 3938 186 3993 αὐτοί.
233 3940 301 3991 Εἰ
344 3937 407 3992 δὲ
434 3936 552 4007 ᾔδει
600 3935 697 4006 μὲν
722 3975 737 4000 ,
775 3934 877 3987 οὐκ
926 3933 1085 4005 ἡθελε
1114 3934 1189 4000 δέ,
1235 3932 1388 4003 παρά
1428 3933 1485 3985 δέ
1517 3931 1647 4001 τὴν

25 4030 185 4100 αὐτῆς
242 4028 485 4099 γνώμην
536 4025 901 4097 ἐπεχείρησαν
932 4024 995 4077 τὸ
1036 4023 1374 4095 ἐπιχείρημα
1417 4021 1571 4076 αὐτοί
1596 4037 1611 4051 ⁸

1795 3651 1885 3709 1V.
1918 3652 2285 3720 Quamobrem
2314 3671 2531 3711 rursum
2564 3655 2633 3710 de
2672 3656 2981 3711 fabularum
3017 3646 3305 3716 inventore

1724 3745 2078 3813 quaerendum
2109 3755 2228 3802 est:
2265 3746 2474 3817 Ecquid
2516 3748 2757 3804 cmlestis
2802 3750 2893 3803 illa
2926 3750 3104 3807 virtus
3139 3768 3303 3807 nove-

1724 3843 1831 3899 rat,
1882 3836 2013 3906 quid
2067 3848 2256 3892 essent
2305 3839 2479 3910 angeli
2530 3838 2765 3894 facturi?
2799 3839 3056 3907 Noverat,
3104 3845 3301 3912 inquit.

1724 3924 1894 3995 Igitur
1926 3941 2038 3981 non
2085 3928 2261 3998 angeli
2298 3928 2424 3999 ipsi,
2459 3930 2556 3985 sed
2592 3930 2681 3984 illa
2727 3931 2916 4001 utique
2962 3932 3112 3988 fecit.
3147 3936 3305 4003 Quod

1727 4016 1772 4071 si
1800 4027 2028 4072 noverat
2058 4017 2299 4088 quidem,
2330 4019 2427 4075 sed
2454 4018 2570 4074 ﬁeri
2593 4026 2777 4076 tamen
2798 4021 3038 4082 nolebat.
3071 4038 3304 4094 ac.prae—

20 4121 117 4178 ,τίνι
170 4123 252 4194 τῷ
311 4122 466 4192 λόγῳ
513 4119 575 4172 οὐ
619 4116 962 4180 κεκώλυκεν;
994 4117 1056 4169 Εἰ
1084 4116 1143 4170 δέ
1180 4115 1457 4179 ἀδυνάτως
1492 4113 1616 4184 ἔσχε

1788 4126 1807 4163 ι·
1854 4110 2001 4167 illius
2035 4111 2359 4166 sententiam
2403 4112 2670 4182 attingere
2718 4128 2856 4183 opus
2884 4113 3029 4169 istud
3060 4116 3304 4187 aggressi

24 4214 108 4266 τοῦ
134 4214 419 4275 κωλῦσαι,
458 4210 653 4283 πρώτη
687 4209 988 4280 φαυλότης,
1013 4209 1094 4262 ὅτι
1122 4209 1243 4262 καθ’
1277 4207 1446 4279 αὐτῆς
1489 4208 1616 4269 τοὺς

25 4309 107 4361 ὑπ’
150 4309 335 4378 αὐτῆς
399 4304 695 4375 γεγονότας
741 4302 1009 4372 ἀγγέλους
1047 4303 1127 4365 είς
1164 4300 1436 4354 ἀντίθεσιν
1486 4300 1615 4352 ἐαυ-

20 4400 111 4469 τῆς
143 4402 240 4454 καί
278 4397 645 4468 παροξυσμὸν
684 4394 1081 4450 κατεσκεύασε·
1111 4392 1363 4465 δεύτερον
1405 4391 1497 4458 δέ,
1536 4392 1617 4444 ὅτι

21 4490 286 4561 δυναμένη
325 4491 397 4543 οὐ
435 4486 771 4552 κεκώλυκεν,
794 4486 932 4540 ἀλλά
962 4488 1303 4557 συνήργησεν
1330 4487 1409 4548 είς
1438 4484 1497 4536 τὸ
1520 4500 1618 4536 πο-

21 4583 173 4650 νηρὸν
202 4582 382 4652 ἔργον
415 4580 479 4632 τὸ
510 4577 616 4631 ὑπὸ
647 4577 758 4630 τῶν
792 4576 1039 4647 ἀγγέλων
1061 4576 1449 4647 γεγενημένον.
1478 4573 1617 4628 Ειδέ

20 4677 72 4727 οὐ
99 4677 453 4747 συνήργησε,
487 4673 582 4726 καὶ
609 4671 931 4743 βουληθεῖσα
953 4672 1054 4725 οὐκ
1087 4668 1327 4741 ἠδυνήθη
1353 4668 1616 4733 κωλῦσαι,

20 4769 175 4839 πολλή
216 4785 308 4829 τις
342 4764 617 4819 ἀσθένεια
646 4764 704 4817 ἐν
732 4766 796 4834 τῇ
826 4762 1100 4833 θελησάσῃ
1130 4762 1225 4814 καὶ
1264 4761 1338 4831 μὴ
1371 4757 1616 4830 δυνηθεί-

20 4874 77 4932 σῃ
96 4877 107 4887 ·
139 4860 234 4913 καὶ
269 4856 495 4930 μᾶλλον
524 4855 869 4929 ἰσχυρότερον
892 4853 978 4922 εἴη
995 4853 1057 4905 τὸ
1085 4853 1176 4904 ὑπ’
1204 4851 1374 4921 αὐτῆς
1397 4850 1623 4920 γενόμε-

20 4970 96 5004 νον
118 4953 227 5005 τῶν
260 4949 533 5019 ἀγγέλων
561 4946 769 5015 στίφος,
795 4947 827 5017 ἦ
852 4948 884 5016 ἡ
907 4943 1046 5015 αὐτὴ
1073 4944 1223 4998 αἰτία
1244 4939 1381 4996 οὖσα
1400 4941 1507 4995 τῶν
1532 4943 1623 4995 ὑπ’

20 5042 176 5113 αὐτῆς
221 5039 550 5111 γεγονότων
600 5037 865 5104 ἀγγέλων.
892 5033 1227 5100 Ἐξάπαντος
1279 5032 1459 5085 τοίνυν
1506 5031 1619 5084 ἀλί-

20 5154 192 5189 mssa:
224 5139 262 5206 ἡ
304 5135 420 5205 τῆς
468 5130 732 5201 αἱρέσεως
764 5128 1041 5192 ὑπόθεσις,
1074 5126 1379 5197 ἀσυστασία
1421 5127 1621 5194 μᾶλλον

20 5228 461 5297 περιπίπτουσα,
488 5224 585 5275 καὶ
613 5222 713 5273 οὐκ
742 5219 988 5291 ἀληθείᾳ.
1024 5218 1087 5272 Εἰ
1113 5218 1169 5272 δὲ
1198 5218 1461 5286 ἐγίνωσκε
1502 5219 1619 5287 μὲν,

19 5322 220 5392 ἀνάγκῃ
241 5321 302 5373 δὲ
336 5316 530 5372 ἐποίει
553 5314 800 5377 τούτους,
826 5312 854 5364 ὃ
883 5312 960 5383 μὴ
984 5310 1142 5381 θέμις
1176 5311 1290 5363 ἐστὶ
1311 5308 1422 5380 (50)
1452 5309 1623 5381 πράτ-

20 5431 116 5467 τειν
145 5416 303 5485 παρὰ
340 5412 411 5465 τὸ
446 5408 619 5478 αὐτῆς
652 5405 920 5479 βούλημα,
955 5402 1250 5456 ἐλαττώσει
1282 5402 1443 5472 ἑτέρᾳ⁴
1466 5419 1622 5473 περι-

79 5552 270 5621 una.

1724 4214 1871 4269 sunt,
1904 4218 2006 4260 cur
2043 4219 2154 4260 non
2194 4206 2516 4276 prohibuit?
2561 4206 2658 4262 Sin
2696 4208 2917 4264 obstare
2950 4208 3175 4265 minime
3207 4226 3306 4282 po-

1727 4296 1855 4351 tuit:
1889 4297 2127 4367 primum
2166 4297 2270 4353 hoc
2312 4298 2505 4353 vitium
2538 4307 2642 4364 est,
2684 4300 2830 4370 quod
2873 4308 3062 4355 contra
3102 4312 3307 4359 semet-

1720 4387 1896 4458 ipsam
1935 4389 2186 4446 conditos
2216 4406 2246 4444 a
2274 4406 2334 4447 se
2367 4391 2611 4462 angelos,
2651 4392 2753 4448 sibi
2790 4399 2849 4447 ut
2887 4393 3207 4450 resisterent
3240 4411 3304 4450 ac

1724 4495 1784 4536 se
1833 4480 2117 4536 irritarent
2166 4481 2351 4537 moliri
2395 4482 2670 4547 voluerit;
2715 4482 2968 4549 alterum,
3003 4484 3149 4553 quod
3195 4485 3305 4556 65

1727 4588 1852 4627 cum
1890 4582 2100 4643 posset,
2152 4575 2378 4630 minime
2436 4574 2801 4645 prohibuerit,
2852 4574 2965 4629 imo
3017 4575 3182 4630 etiam
3236 4581 3306 4631 ad

1726 4664 2027 4734 pessimum
2052 4665 2185 4720 illud
2217 4665 2534 4736 angelorum
2577 4664 2854 4735 Opiﬁcium
2888 4668 3304 4737 exsequendum

1725 4755 2052 4826 adjutricem
2078 4773 2199 4813 sese
2216 4758 2527 4828 praebuerit.
2554 4756 2711 4823 Quod
2734 4757 2778 4812 si
2808 4772 2908 4812 nec
2929 4758 3052 4814 illos
3073 4759 3304 4828 adjuvit,

1727 4859 1782 4904 et
1835 4846 2129 4920 prohibere
2178 4865 2303 4906 cum
2348 4851 2511 4907 vellet
2552 4866 2663 4906 non
2710 4850 2920 4922 potuit:
2974 4865 3309 4923 magnopere

1730 4942 2059 4998 imbecillam
2101 4958 2221 4997 eam
2261 4950 2477 5014 oportet
2522 4957 2664 5009 esse,
2710 4957 2829 5012 quae
2868 4942 3015 5014 quod
3050 4944 3306 5009 voluerit,

1730 5034 1943 5091 ctﬁcere
1992 5051 2101 5090 non
2139 5037 2351 5107 potuit:
2392 5036 2606 5108 eritque
2651 5035 2786 5091 adeo
2843 5036 3069 5092 condita
3110 5038 3204 5092 illa
3241 5039 3308 5093 ab

1728 5144 1790 5184 ea
1814 5129 2131 5199 angelorum
2192 5136 2411 5185 caterva
2460 5129 2677 5195 fortior,
2707 5143 2872 5199 quam
2915 5129 3147 5197 ipsamet
3188 5146 3310 5198 qua:

1731 5220 2048 5289 angelorum
2083 5233 2250 5274 causa
2280 5226 2365 5276 est
2397 5236 2460 5275 ac
2490 5219 2837 5291 principium.
2883 5218 3052 5291 Igitur
3080 5221 3310 5277 haeresis

1728 5310 1835 5366 ista
1868 5311 2091 5365 minime
2120 5310 2396 5365 cohaerere
2418 5310 2536 5381 ipsa
2571 5324 2780 5371 secum,
2820 5319 2987 5380 atque
3009 5326 3039 5364 a
3073 5311 3306 5367 veritate

1732 5402 1989 5459 recedere
2019 5401 2167 5457 omni
2208 5418 2275 5458 ex
2320 5410 2474 5473 parte
2517 5402 2884 5459 convincitur.
2930 5400 3048 5457 Jam
3091 5418 3218 5459 vero
3261 5405 3308 5458 si

359 5552 381 5579 ²
416 5545 486 5600 F.
517 5544 810 5617 ἦεῦδοκίᾳ.
874 5544 892 5573 ³
923 5541 983 5595 F.
1010 5558 1245 5613 expung.
1280 5542 1331 5612 ἦ.
1413 5541 1433 5569 ⁸
1466 5537 1569 5593 Isa.
1599 5557 1650 5602 τ,
1696 5541 1782 5596 I3.

81 5694 185 5763 (.30)
233 5690 519 5752 Τούτους
579 5686 609 5738 ὃ
656 5684 743 5755 μὴ
780 5684 946 5754 θέμις
995 5685 1187 5739 ἐστίν.
1253 5683 1411 5739 Deest
1465 5683 1619 5746 μέλλε
