  <div class='ocr_page' id='page_1' title='image "/cluster/home/n/w/nwhite01/storage/ocr_20150623/41/hvd.32044011753001/182.png"; bbox 0 0 3754 6182; ppageno 0'>
   <div class='ocr_carea' id='block_1_1' title="bbox 103 205 2724 273">
    <p class='ocr_par' dir='ltr' id='par_1_1' title="bbox 103 205 2724 273">
     <span class='ocr_line' id='line_1_1' title="bbox 103 205 2724 273; baseline 0.003 -14"><span class='ocrx_word' id='word_1_1' title='bbox 103 205 200 261; x_wconf 72' lang='lat'><strong>509‘</strong></span> <span class='ocrx_word' id='word_1_2' title='bbox 739 207 1111 268; x_wconf 74' lang='lat' dir='ltr'><strong>ADVERSUS</strong></span> <span class='ocrx_word' id='word_1_3' title='bbox 1152 210 1496 270; x_wconf 60' lang='lat' dir='ltr'><strong>HIERESES</strong></span> <span class='ocrx_word' id='word_1_4' title='bbox 1535 213 1665 273; x_wconf 74' lang='lat' dir='ltr'><strong>LIB.</strong></span> <span class='ocrx_word' id='word_1_5' title='bbox 1705 215 1748 270; x_wconf 92' lang='grc'><strong>1.</strong></span> <span class='ocrx_word' id='word_1_6' title='bbox 1792 213 1954 270; x_wconf 74' lang='lat' dir='ltr'><strong>TOM&#39;.</strong></span> <span class='ocrx_word' id='word_1_7' title='bbox 1999 212 2066 267; x_wconf 86' lang='lat' dir='ltr'><strong>ll.</strong></span> <span class='ocrx_word' id='word_1_8' title='bbox 2109 243 2178 254; x_wconf 91' lang='lat'><strong>—</strong></span> <span class='ocrx_word' id='word_1_9' title='bbox 2217 209 2724 267; x_wconf 55' lang='lat' dir='ltr'><strong>IlERESnXXlV.</strong></span> 
     </span>
    </p>
   </div>
   <div class='ocr_carea' id='block_1_2' title="bbox 3241 205 3352 265">
    <p class='ocr_par' dir='ltr' id='par_1_2' title="bbox 3241 205 3352 265">
     <span class='ocr_line' id='line_1_2' title="bbox 3241 205 3352 265; baseline 0.009 -1"><span class='ocrx_word' id='word_1_10' title='bbox 3241 205 3352 265; x_wconf 71' lang='grc'><strong>510</strong></span> 
     </span>
    </p>
   </div>
   <div class='ocr_carea' id='block_1_3' title="bbox 95 321 1651 421">
    <p class='ocr_par' dir='ltr' id='par_1_3' title="bbox 95 321 1651 402">
     <span class='ocr_line' id='line_1_3' title="bbox 95 321 1651 402; baseline 0.008 -29"><span class='ocrx_word' id='word_1_11' title='bbox 95 339 177 374; x_wconf 80' lang='grc' dir='ltr'><strong>ται</strong></span> <span class='ocrx_word' id='word_1_12' title='bbox 227 321 325 392; x_wconf 77' lang='grc' dir='ltr'>μὲν</span> <span class='ocrx_word' id='word_1_13' title='bbox 370 323 663 394; x_wconf 77' lang='grc' dir='ltr'><strong>κηρύττειν</strong></span> <span class='ocrx_word' id='word_1_14' title='bbox 694 323 997 400; x_wconf 83' lang='grc' dir='ltr'>ὑπερϐολὴν</span> <span class='ocrx_word' id='word_1_15' title='bbox 1025 329 1169 401; x_wconf 82' lang='grc' dir='ltr'>ὑπὲρ</span> <span class='ocrx_word' id='word_1_16' title='bbox 1203 329 1294 384; x_wconf 81' lang='grc' dir='ltr'>τὸν</span> <span class='ocrx_word' id='word_1_17' title='bbox 1327 331 1651 402; x_wconf 64' lang='grc' dir='ltr'>σχολαστὴντ</span> 
     </span>
    </p>
   </div>
   <div class='ocr_carea' id='block_1_4' title="bbox 1804 321 3352 421">
    <p class='ocr_par' dir='ltr' id='par_1_4' title="bbox 1809 324 3352 402">
     <span class='ocr_line' id='line_1_4' title="bbox 1809 324 3352 402; baseline -0.002 -18"><span class='ocrx_word' id='word_1_18' title='bbox 1809 331 1913 386; x_wconf 90' lang='lat' dir='ltr'><strong>iem</strong></span> <span class='ocrx_word' id='word_1_19' title='bbox 1958 329 2104 402; x_wconf 88' lang='lat' dir='ltr'><strong>viget</strong></span> <span class='ocrx_word' id='word_1_20' title='bbox 2153 329 2302 384; x_wconf 90' lang='lat' dir='ltr'><strong>illius</strong></span> <span class='ocrx_word' id='word_1_21' title='bbox 2347 327 2571 382; x_wconf 80' lang='lat' dir='ltr'><strong>haeresis</strong></span> <span class='ocrx_word' id='word_1_22' title='bbox 2618 324 2897 398; x_wconf 83' lang='lat' dir='ltr'><strong>proﬂuxit,</strong></span> <span class='ocrx_word' id='word_1_23' title='bbox 2945 339 3066 394; x_wconf 83' lang='lat' dir='ltr'><strong>quae</strong></span> <span class='ocrx_word' id='word_1_24' title='bbox 3117 325 3188 380; x_wconf 92' lang='lat' dir='ltr'><strong>ab</strong></span> <span class='ocrx_word' id='word_1_25' title='bbox 3229 325 3352 395; x_wconf 90' lang='lat' dir='ltr'><strong>ejus</strong></span> 
     </span>
    </p>
   </div>
   <div class='ocr_carea' id='block_1_5' title="bbox 94 412 1702 495">
    <p class='ocr_par' dir='ltr' id='par_1_5' title="bbox 94 412 1702 495">
     <span class='ocr_line' id='line_1_5' title="bbox 94 412 1702 495; baseline 0.008 -31"><span class='ocrx_word' id='word_1_26' title='bbox 94 412 248 465; x_wconf 71' lang='grc' dir='ltr'>αὕτοῦ</span> <span class='ocrx_word' id='word_1_27' title='bbox 276 412 470 484; x_wconf 82' lang='grc' dir='ltr'>γόητα,</span> <span class='ocrx_word' id='word_1_28' title='bbox 497 414 588 468; x_wconf 80' lang='grc' dir='ltr'><strong>τὸν</strong></span> <span class='ocrx_word' id='word_1_29' title='bbox 613 417 1048 485; x_wconf 74' lang='grc' dir='ltr'><strong>καταλειφθέντα</strong></span> <span class='ocrx_word' id='word_1_30' title='bbox 1081 421 1175 473; x_wconf 81' lang='grc' dir='ltr'><strong>ἐπὶ</strong></span> <span class='ocrx_word' id='word_1_31' title='bbox 1205 421 1306 492; x_wconf 85' lang='grc' dir='ltr'><strong>τῆς</strong></span> <span class='ocrx_word' id='word_1_32' title='bbox 1335 424 1554 495; x_wconf 82' lang='grc' dir='ltr'>Συρίας,</span> <span class='ocrx_word' id='word_1_33' title='bbox 1583 423 1668 476; x_wconf 80' lang='grc' dir='ltr'><strong>ἵνα</strong></span> <span class='ocrx_word' id='word_1_34' title='bbox 1700 417 1702 419; x_wconf 60' lang='grc'><em>’</em></span> 
     </span>
    </p>
   </div>
   <div class='ocr_carea' id='block_1_6' title="bbox 93 504 1666 586">
    <p class='ocr_par' dir='ltr' id='par_1_6' title="bbox 93 504 1666 586">
     <span class='ocr_line' id='line_1_6' title="bbox 93 504 1666 586; baseline 0.008 -31"><span class='ocrx_word' id='word_1_35' title='bbox 93 504 246 572; x_wconf 77' lang='grc' dir='ltr'>δῆθεν</span> <span class='ocrx_word' id='word_1_36' title='bbox 273 504 344 558; x_wconf 74' lang='grc' dir='ltr'>τὰ</span> <span class='ocrx_word' id='word_1_37' title='bbox 377 504 514 576; x_wconf 80' lang='grc' dir='ltr'>ὑπὲρ</span> <span class='ocrx_word' id='word_1_38' title='bbox 555 508 762 562; x_wconf 66' lang='grc' dir='ltr'>ἐκεῖνον</span> <span class='ocrx_word' id='word_1_39' title='bbox 796 509 1152 582; x_wconf 83' lang='grc' dir='ltr'>διηγούμενος</span> <span class='ocrx_word' id='word_1_40' title='bbox 1199 513 1328 586; x_wconf 77' lang='grc' dir='ltr'><strong>δόξῃ</strong></span> <span class='ocrx_word' id='word_1_41' title='bbox 1371 515 1666 584; x_wconf 53' lang='lat' dir='ltr'><strong>pavi-asta-</strong></span> 
     </span>
    </p>
   </div>
   <div class='ocr_carea' id='block_1_7' title="bbox 95 595 1669 672">
    <p class='ocr_par' dir='ltr' id='par_1_7' title="bbox 95 595 1669 672">
     <span class='ocr_line' id='line_1_7' title="bbox 95 595 1669 672; baseline 0.008 -25"><span class='ocrx_word' id='word_1_42' title='bbox 95 597 199 658; x_wconf 81' lang='grc' dir='ltr'>ζειν</span> <span class='ocrx_word' id='word_1_43' title='bbox 234 595 394 649; x_wconf 89' lang='grc' dir='ltr'>πλέον</span> <span class='ocrx_word' id='word_1_44' title='bbox 439 597 566 661; x_wconf 76' lang='grc' dir='ltr'>τοὺς</span> <span class='ocrx_word' id='word_1_45' title='bbox 613 599 930 666; x_wconf 81' lang='grc' dir='ltr'>ἀκούοντας,</span> <span class='ocrx_word' id='word_1_46' title='bbox 957 602 1288 672; x_wconf 83' lang='grc' dir='ltr'>ἁρέσκεσθαί</span> <span class='ocrx_word' id='word_1_47' title='bbox 1319 623 1378 658; x_wconf 92' lang='grc' dir='ltr'><strong>τε</strong></span> <span class='ocrx_word' id='word_1_48' title='bbox 1416 607 1510 660; x_wconf 74' lang='grc' dir='ltr'>καὶ</span> <span class='ocrx_word' id='word_1_49' title='bbox 1545 623 1669 659; x_wconf 76' lang='grc' dir='ltr'><strong>οὐν⁸</strong></span> 
     </span>
    </p>
   </div>
   <div class='ocr_carea' id='block_1_8' title="bbox 95 686 1665 770">
    <p class='ocr_par' dir='ltr' id='par_1_8' title="bbox 95 686 1665 770">
     <span class='ocr_line' id='line_1_8' title="bbox 95 686 1665 770; baseline 0.008 -30"><span class='ocrx_word' id='word_1_50' title='bbox 95 686 327 756; x_wconf 76' lang='grc' dir='ltr'>ἀγείρειν</span> <span class='ocrx_word' id='word_1_51' title='bbox 373 689 553 760; x_wconf 75' lang='grc' dir='ltr'>πλήθη</span> <span class='ocrx_word' id='word_1_52' title='bbox 597 691 738 764; x_wconf 81' lang='grc' dir='ltr'>ὑπὲρ</span> <span class='ocrx_word' id='word_1_53' title='bbox 770 693 860 748; x_wconf 77' lang='grc' dir='ltr'><strong>τὸν</strong></span> <span class='ocrx_word' id='word_1_54' title='bbox 891 696 1106 766; x_wconf 80' lang='grc' dir='ltr'><strong>ἑταῖρον</strong></span> <span class='ocrx_word' id='word_1_55' title='bbox 1129 697 1294 750; x_wconf 81' lang='grc' dir='ltr'>αὑτοῦ</span> <span class='ocrx_word' id='word_1_56' title='bbox 1325 698 1665 770; x_wconf 90' lang='grc' dir='ltr'>Σατορνῖλον.</span> 
     </span>
    </p>
   </div>
   <div class='ocr_carea' id='block_1_9' title="bbox 95 776 1670 861">
    <p class='ocr_par' dir='ltr' id='par_1_9' title="bbox 95 776 1670 861">
     <span class='ocr_line' id='line_1_9' title="bbox 95 776 1670 861; baseline 0.011 -33"><span class='ocrx_word' id='word_1_57' title='bbox 95 776 196 829; x_wconf 82' lang='grc' dir='ltr'>Καί</span> <span class='ocrx_word' id='word_1_58' title='bbox 221 794 368 842; x_wconf 87' lang='grc' dir='ltr'>τινες</span> <span class='ocrx_word' id='word_1_59' title='bbox 395 778 580 833; x_wconf 83' lang='grc' dir='ltr'>λοιπὸν</span> <span class='ocrx_word' id='word_1_60' title='bbox 607 783 997 851; x_wconf 82' lang='grc' dir='ltr'>φαντασιὼδεις</span> <span class='ocrx_word' id='word_1_61' title='bbox 1043 787 1365 857; x_wconf 76' lang='grc' dir='ltr'><strong>μυθοποιίας</strong></span> <span class='ocrx_word' id='word_1_62' title='bbox 1398 790 1670 861; x_wconf 82' lang='grc' dir='ltr'>ὑπερϐαλ-</span> 
     </span>
    </p>
   </div>
   <div class='ocr_carea' id='block_1_10' title="bbox 94 867 1664 952">
    <p class='ocr_par' dir='ltr' id='par_1_10' title="bbox 94 867 1664 952">
     <span class='ocr_line' id='line_1_10' title="bbox 94 867 1664 952; baseline 0.011 -32"><span class='ocrx_word' id='word_1_63' title='bbox 94 867 310 938; x_wconf 81' lang='grc' dir='ltr'>λόμενος</span> <span class='ocrx_word' id='word_1_64' title='bbox 322 869 456 940; x_wconf 84' lang='grc'><strong>(55),</strong></span> <span class='ocrx_word' id='word_1_65' title='bbox 479 871 708 943; x_wconf 76' lang='grc' dir='ltr'>ἄρχεται</span> <span class='ocrx_word' id='word_1_66' title='bbox 734 875 834 946; x_wconf 83' lang='grc' dir='ltr'><strong>μὲν</strong></span> <span class='ocrx_word' id='word_1_67' title='bbox 858 875 1059 941; x_wconf 79' lang='grc' dir='ltr'>οὕτως·</span> <span class='ocrx_word' id='word_1_68' title='bbox 1091 880 1160 932; x_wconf 84' lang='grc' dir='ltr'>τὰ</span> <span class='ocrx_word' id='word_1_69' title='bbox 1188 879 1362 952; x_wconf 83' lang='grc' dir='ltr'>ἀληθῆ</span> <span class='ocrx_word' id='word_1_70' title='bbox 1386 881 1442 934; x_wconf 79' lang='grc' dir='ltr'>δὲ</span> <span class='ocrx_word' id='word_1_71' title='bbox 1471 884 1664 951; x_wconf 82' lang='grc' dir='ltr'>εἰπεῖν,</span> 
     </span>
    </p>
   </div>
   <div class='ocr_carea' id='block_1_11' title="bbox 93 961 1664 1046">
    <p class='ocr_par' dir='ltr' id='par_1_11' title="bbox 93 961 1664 1046">
     <span class='ocr_line' id='line_1_11' title="bbox 93 961 1664 1046; baseline 0.011 -33"><span class='ocrx_word' id='word_1_72' title='bbox 93 961 183 1014; x_wconf 80' lang='grc' dir='ltr'><strong>οὐκ</strong></span> <span class='ocrx_word' id='word_1_73' title='bbox 203 963 313 1016; x_wconf 76' lang='grc' dir='ltr'><strong>ἀπὸ</strong></span> <span class='ocrx_word' id='word_1_74' title='bbox 341 963 440 1033; x_wconf 82' lang='grc' dir='ltr'><strong>τῆς</strong></span> <span class='ocrx_word' id='word_1_75' title='bbox 467 966 660 1021; x_wconf 77' lang='grc' dir='ltr'>ἑαυτοῦ</span> <span class='ocrx_word' id='word_1_76' title='bbox 684 970 889 1034; x_wconf 80' lang='grc' dir='ltr'>ἐννοίας</span> <span class='ocrx_word' id='word_1_77' title='bbox 919 971 1283 1044; x_wconf 78' lang='grc' dir='ltr'><strong>ἐναρξάμενος</strong></span> <span class='ocrx_word' id='word_1_78' title='bbox 1314 975 1442 1046; x_wconf 77' lang='grc' dir='ltr'>ἡμῖν</span> <span class='ocrx_word' id='word_1_79' title='bbox 1471 975 1541 1029; x_wconf 87' lang='grc' dir='ltr'><strong>τά</strong></span> <span class='ocrx_word' id='word_1_80' title='bbox 1560 977 1664 1030; x_wconf 87' lang='grc' dir='ltr'>δει-</span> 
     </span>
    </p>
   </div>
   <div class='ocr_carea' id='block_1_12' title="bbox 93 1052 1674 1156">
    <p class='ocr_par' dir='ltr' id='par_1_12' title="bbox 93 1052 1674 1156">
     <span class='ocr_line' id='line_1_12' title="bbox 93 1052 1674 1156; baseline 0.011 -53"><span class='ocrx_word' id='word_1_81' title='bbox 93 1052 155 1104; x_wconf 85' lang='grc' dir='ltr'><strong>νά</strong></span> <span class='ocrx_word' id='word_1_82' title='bbox 183 1068 241 1104; x_wconf 91' lang='grc' dir='ltr'><strong>τε</strong></span> <span class='ocrx_word' id='word_1_83' title='bbox 273 1053 366 1105; x_wconf 76' lang='grc' dir='ltr'><strong>καὶ</strong></span> <span class='ocrx_word' id='word_1_84' title='bbox 407 1055 683 1128; x_wconf 75' lang='grc' dir='ltr'>ὀλετηρια,</span> <span class='ocrx_word' id='word_1_85' title='bbox 720 1059 858 1113; x_wconf 85' lang='grc' dir='ltr'>αλλά-</span> <span class='ocrx_word' id='word_1_86' title='bbox 887 1063 1189 1156; x_wconf 51' lang='grc' dir='ltr'>προεξάσεις</span> <span class='ocrx_word' id='word_1_87' title='bbox 1233 1063 1412 1117; x_wconf 83' lang='grc' dir='ltr'>λαϐὼν</span> <span class='ocrx_word' id='word_1_88' title='bbox 1456 1065 1521 1120; x_wconf 76' lang='grc' dir='ltr'>ἐκ</span> <span class='ocrx_word' id='word_1_89' title='bbox 1569 1066 1674 1120; x_wconf 78' lang='grc' dir='ltr'>τοῦ</span> 
     </span>
    </p>
   </div>
   <div class='ocr_carea' id='block_1_13' title="bbox 91 1143 1665 1226">
    <p class='ocr_par' dir='ltr' id='par_1_13' title="bbox 91 1143 1665 1226">
     <span class='ocr_line' id='line_1_13' title="bbox 91 1143 1665 1226; baseline 0.011 -32"><span class='ocrx_word' id='word_1_90' title='bbox 91 1143 404 1214; x_wconf 85' lang='grc' dir='ltr'>Σατορνίλου</span> <span class='ocrx_word' id='word_1_91' title='bbox 451 1146 548 1200; x_wconf 77' lang='grc' dir='ltr'>καὶ</span> <span class='ocrx_word' id='word_1_92' title='bbox 596 1148 840 1220; x_wconf 89' lang='grc' dir='ltr'>Σίμωνος</span> <span class='ocrx_word' id='word_1_93' title='bbox 867 1151 962 1205; x_wconf 85' lang='grc' dir='ltr'>τοῦ</span> <span class='ocrx_word' id='word_1_94' title='bbox 995 1143 1485 1226; x_wconf 69' lang='grc' dir='ltr'>τῖροεληλεγμένου.</span> <span class='ocrx_word' id='word_1_95' title='bbox 1530 1155 1665 1210; x_wconf 90' lang='grc' dir='ltr'>Βού-</span> 
     </span>
    </p>
   </div>
   <div class='ocr_carea' id='block_1_14' title="bbox 91 1227 1665 1316">
    <p class='ocr_par' dir='ltr' id='par_1_14' title="bbox 91 1227 1665 1316">
     <span class='ocr_line' id='line_1_14' title="bbox 91 1227 1665 1316; baseline 0.014 -35"><span class='ocrx_word' id='word_1_96' title='bbox 91 1227 232 1283; x_wconf 79' lang='grc' dir='ltr'>λει-αι</span> <span class='ocrx_word' id='word_1_97' title='bbox 266 1231 325 1284; x_wconf 71' lang='grc' dir='ltr'>δὲ</span> <span class='ocrx_word' id='word_1_98' title='bbox 354 1232 554 1305; x_wconf 74' lang='grc' dir='ltr'>ἑτέρως</span> <span class='ocrx_word' id='word_1_99' title='bbox 599 1237 740 1292; x_wconf 85' lang='grc' dir='ltr'>αὐτά</span> <span class='ocrx_word' id='word_1_100' title='bbox 775 1241 1201 1313; x_wconf 80' lang='grc' dir='ltr'>μεταχειρίζειν,</span> <span class='ocrx_word' id='word_1_101' title='bbox 1232 1245 1327 1299; x_wconf 84' lang='grc' dir='ltr'><strong>καὶ</strong></span> <span class='ocrx_word' id='word_1_102' title='bbox 1374 1248 1453 1311; x_wconf 80' lang='grc' dir='ltr'>είς</span> <span class='ocrx_word' id='word_1_103' title='bbox 1502 1247 1665 1316; x_wconf 73' lang='grc' dir='ltr'>ὄγκον</span> 
     </span>
    </p>
   </div>
   <div class='ocr_carea' id='block_1_15' title="bbox 91 1323 1195 1407">
    <p class='ocr_par' dir='ltr' id='par_1_15' title="bbox 91 1323 1195 1407">
     <span class='ocr_line' id='line_1_15' title="bbox 91 1323 1195 1407; baseline 0.014 -32"><span class='ocrx_word' id='word_1_104' title='bbox 91 1323 308 1395; x_wconf 73' lang='grc' dir='ltr'>μείζονα</span> <span class='ocrx_word' id='word_1_105' title='bbox 329 1326 634 1398; x_wconf 81' lang='grc' dir='ltr'>διηγεῖσθαι</span> <span class='ocrx_word' id='word_1_106' title='bbox 654 1331 724 1385; x_wconf 83' lang='grc' dir='ltr'>τὰ</span> <span class='ocrx_word' id='word_1_107' title='bbox 753 1333 1195 1407; x_wconf 79' lang='grc' dir='ltr'>μυθολογήματα.</span> 
     </span>
    </p>
   </div>
   <div class='ocr_carea' id='block_1_16' title="bbox 1771 414 3350 492">
    <p class='ocr_par' dir='ltr' id='par_1_16' title="bbox 1771 414 3350 492">
     <span class='ocr_line' id='line_1_16' title="bbox 1771 414 3350 492; baseline -0.003 -18"><span class='ocrx_word' id='word_1_108' title='bbox 1771 421 2060 492; x_wconf 79' lang='lat' dir='ltr'><strong>disciplina</strong></span> <span class='ocrx_word' id='word_1_109' title='bbox 2091 421 2435 475; x_wconf 85' lang='lat' dir='ltr'><strong>occasionem</strong></span> <span class='ocrx_word' id='word_1_110' title='bbox 2468 426 2633 488; x_wconf 89' lang='lat' dir='ltr'><strong>atque</strong></span> <span class='ocrx_word' id='word_1_111' title='bbox 2671 416 2937 486; x_wconf 81' lang='lat' dir='ltr'><strong>originem</strong></span> <span class='ocrx_word' id='word_1_112' title='bbox 2977 415 3212 486; x_wconf 90' lang='lat' dir='ltr'><strong>accepit.</strong></span> <span class='ocrx_word' id='word_1_113' title='bbox 3247 414 3350 481; x_wconf 84' lang='lat' dir='ltr'><strong>Qui</strong></span> 
     </span>
    </p>
   </div>
   <div class='ocr_carea' id='block_1_17' title="bbox 1771 511 3351 587">
    <p class='ocr_par' dir='ltr' id='par_1_17' title="bbox 1771 511 3351 587">
     <span class='ocr_line' id='line_1_17' title="bbox 1771 511 3351 587; baseline -0.001 -20"><span class='ocrx_word' id='word_1_114' title='bbox 1771 514 1992 586; x_wconf 84' lang='lat' dir='ltr'><strong>quidem</strong></span> <span class='ocrx_word' id='word_1_115' title='bbox 2029 515 2422 587; x_wconf 62' lang='lat' dir='ltr'><strong>praestigiatore</strong></span> <span class='ocrx_word' id='word_1_116' title='bbox 2457 513 2550 568; x_wconf 91' lang='lat' dir='ltr'><strong>illo</strong></span> <span class='ocrx_word' id='word_1_117' title='bbox 2602 527 2705 568; x_wconf 90' lang='lat' dir='ltr'><strong>suo</strong></span> <span class='ocrx_word' id='word_1_118' title='bbox 2740 511 3144 582; x_wconf 90' lang='lat' dir='ltr'><strong>condiscipulo,</strong></span> <span class='ocrx_word' id='word_1_119' title='bbox 3190 527 3351 581; x_wconf 86' lang='lat' dir='ltr'><strong>quem</strong></span> 
     </span>
    </p>
   </div>
   <div class='ocr_carea' id='block_1_18' title="bbox 1772 604 3354 680">
    <p class='ocr_par' dir='ltr' id='par_1_18' title="bbox 1772 604 3354 680">
     <span class='ocr_line' id='line_1_18' title="bbox 1772 604 3354 680; baseline -0.003 -17"><span class='ocrx_word' id='word_1_120' title='bbox 1772 610 1828 664; x_wconf 88' lang='lat' dir='ltr'><strong>in</strong></span> <span class='ocrx_word' id='word_1_121' title='bbox 1873 607 2028 679; x_wconf 78' lang='lat' dir='ltr'><strong>Syria.</strong></span> <span class='ocrx_word' id='word_1_122' title='bbox 2059 607 2174 680; x_wconf 78' lang='lat'><strong>69</strong></span> <span class='ocrx_word' id='word_1_123' title='bbox 2215 607 2534 678; x_wconf 77' lang='lat' dir='ltr'><strong>reliquerat,</strong></span> <span class='ocrx_word' id='word_1_124' title='bbox 2581 605 2790 676; x_wconf 82' lang='lat' dir='ltr'><strong>majora</strong></span> <span class='ocrx_word' id='word_1_125' title='bbox 2837 606 3010 659; x_wconf 91' lang='lat' dir='ltr'><strong>multo</strong></span> <span class='ocrx_word' id='word_1_126' title='bbox 3058 604 3354 675; x_wconf 63' lang='lat' dir='ltr'><strong>praedicare</strong></span> 
     </span>
    </p>
   </div>
   <div class='ocr_carea' id='block_1_19' title="bbox 1724 695 3354 771">
    <p class='ocr_par' dir='ltr' id='par_1_19' title="bbox 1724 695 3354 771">
     <span class='ocr_line' id='line_1_19' title="bbox 1724 695 3354 771; baseline -0.004 -16"><span class='ocrx_word' id='word_1_127' title='bbox 1724 743 1732 751; x_wconf 93' lang='lat'><strong>.</strong></span> <span class='ocrx_word' id='word_1_128' title='bbox 1773 700 1962 771; x_wconf 82' lang='lat' dir='ltr'><strong>coepit,</strong></span> <span class='ocrx_word' id='word_1_129' title='bbox 1997 709 2055 754; x_wconf 93' lang='lat' dir='ltr'><strong>ut</strong></span> <span class='ocrx_word' id='word_1_130' title='bbox 2090 701 2510 756; x_wconf 83' lang='lat' dir='ltr'><strong>sublimioribus</strong></span> <span class='ocrx_word' id='word_1_131' title='bbox 2544 715 2710 770; x_wconf 86' lang='lat' dir='ltr'><strong>quam</strong></span> <span class='ocrx_word' id='word_1_132' title='bbox 2753 697 2843 754; x_wconf 89' lang='lat' dir='ltr'><strong>ille</strong></span> <span class='ocrx_word' id='word_1_133' title='bbox 2882 698 3184 752; x_wconf 70' lang='lat' dir='ltr'><strong>tractandis</strong></span> <span class='ocrx_word' id='word_1_134' title='bbox 3257 695 3354 750; x_wconf 46' lang='lat' dir='ltr'><strong>do.</strong></span> 
     </span>
    </p>
   </div>
   <div class='ocr_carea' id='block_1_20' title="bbox 1773 788 3351 861">
    <p class='ocr_par' dir='ltr' id='par_1_20' title="bbox 1773 788 3351 861">
     <span class='ocr_line' id='line_1_20' title="bbox 1773 788 3351 861; baseline -0.001 -17"><span class='ocrx_word' id='word_1_135' title='bbox 1773 791 2045 860; x_wconf 80' lang='lat' dir='ltr'><strong>gmatibus</strong></span> <span class='ocrx_word' id='word_1_136' title='bbox 2066 791 2329 861; x_wconf 80' lang='lat' dir='ltr'><strong>majorem</strong></span> <span class='ocrx_word' id='word_1_137' title='bbox 2378 791 2719 847; x_wconf 72' lang='lat' dir='ltr'><strong>auditoribus</strong></span> <span class='ocrx_word' id='word_1_138' title='bbox 2747 790 2864 845; x_wconf 89' lang='lat' dir='ltr'><strong>suis</strong></span> <span class='ocrx_word' id='word_1_139' title='bbox 2896 789 3082 844; x_wconf 83' lang='lat' dir='ltr'><strong>fucum</strong></span> <span class='ocrx_word' id='word_1_140' title='bbox 3130 788 3351 853; x_wconf 87' lang='lat' dir='ltr'><strong>faceret,</strong></span> 
     </span>
    </p>
   </div>
   <div class='ocr_carea' id='block_1_21' title="bbox 1775 883 3359 958">
    <p class='ocr_par' dir='ltr' id='par_1_21' title="bbox 1775 883 3359 958">
     <span class='ocr_line' id='line_1_21' title="bbox 1775 883 3359 958; baseline -0.003 -18"><span class='ocrx_word' id='word_1_141' title='bbox 1775 884 2080 955; x_wconf 85' lang='lat' dir='ltr'><strong>iisdemque</strong></span> <span class='ocrx_word' id='word_1_142' title='bbox 2117 885 2422 955; x_wconf 79' lang='lat' dir='ltr'><strong>impensius</strong></span> <span class='ocrx_word' id='word_1_143' title='bbox 2445 884 2736 949; x_wconf 85' lang='lat' dir='ltr'><strong>arrideret,</strong></span> <span class='ocrx_word' id='word_1_144' title='bbox 2760 898 2823 939; x_wconf 90' lang='lat' dir='ltr'><strong>ac</strong></span> <span class='ocrx_word' id='word_1_145' title='bbox 2848 883 3032 954; x_wconf 82' lang='lat' dir='ltr'><strong>plures</strong></span> <span class='ocrx_word' id='word_1_146' title='bbox 3056 883 3359 958; x_wconf 86' lang='lat' dir='ltr'><strong>sodalisuo</strong></span> 
     </span>
    </p>
   </div>
   <div class='ocr_carea' id='block_1_22' title="bbox 1776 975 3364 1050">
    <p class='ocr_par' dir='ltr' id='par_1_22' title="bbox 1776 975 3364 1050">
     <span class='ocr_line' id='line_1_22' title="bbox 1776 975 3364 1050; baseline 0.001 -20"><span class='ocrx_word' id='word_1_147' title='bbox 1776 976 2057 1032; x_wconf 89' lang='lat' dir='ltr'><strong>Saturnilo</strong></span> <span class='ocrx_word' id='word_1_148' title='bbox 2119 985 2423 1034; x_wconf 82' lang='lat' dir='ltr'><strong>sectatores</strong></span> <span class='ocrx_word' id='word_1_149' title='bbox 2476 977 2782 1050; x_wconf 87' lang='lat' dir='ltr'><strong>colli-geret.</strong></span> <span class='ocrx_word' id='word_1_150' title='bbox 2847 977 3038 1047; x_wconf 83' lang='lat' dir='ltr'><strong>Itaque</strong></span> <span class='ocrx_word' id='word_1_151' title='bbox 3092 975 3364 1031; x_wconf 82' lang='lat' dir='ltr'><strong>fabulosis</strong></span> 
     </span>
    </p>
   </div>
   <div class='ocr_carea' id='block_1_23' title="bbox 1773 1069 3359 1143">
    <p class='ocr_par' dir='ltr' id='par_1_23' title="bbox 1773 1069 3359 1143">
     <span class='ocr_line' id='line_1_23' title="bbox 1773 1069 3359 1143; baseline 0.001 -17"><span class='ocrx_word' id='word_1_152' title='bbox 1773 1069 2103 1140; x_wconf 83' lang='lat' dir='ltr'><strong>quibusdam</strong></span> <span class='ocrx_word' id='word_1_153' title='bbox 2135 1071 2365 1143; x_wconf 88' lang='lat' dir='ltr'><strong>adjectis</strong></span> <span class='ocrx_word' id='word_1_154' title='bbox 2386 1072 2619 1137; x_wconf 81' lang='lat' dir='ltr'><strong>somniis</strong></span> <span class='ocrx_word' id='word_1_155' title='bbox 2654 1073 2798 1129; x_wconf 91' lang='lat' dir='ltr'><strong>hunc</strong></span> <span class='ocrx_word' id='word_1_156' title='bbox 2837 1073 2892 1127; x_wconf 90' lang='lat' dir='ltr'><strong>in</strong></span> <span class='ocrx_word' id='word_1_157' title='bbox 2925 1072 3149 1128; x_wconf 90' lang='lat' dir='ltr'><strong>modum</strong></span> <span class='ocrx_word' id='word_1_158' title='bbox 3191 1087 3359 1128; x_wconf 73' lang='lat' dir='ltr'><strong>exor-</strong></span> 
     </span>
    </p>
   </div>
   <div class='ocr_carea' id='block_1_24' title="bbox 1775 1161 3360 1238">
    <p class='ocr_par' dir='ltr' id='par_1_24' title="bbox 1775 1161 3360 1238">
     <span class='ocr_line' id='line_1_24' title="bbox 1775 1161 3360 1238; baseline 0 -19"><span class='ocrx_word' id='word_1_159' title='bbox 1775 1177 1872 1219; x_wconf 87' lang='lat' dir='ltr'><strong>sus</strong></span> <span class='ocrx_word' id='word_1_160' title='bbox 1900 1169 2007 1220; x_wconf 89' lang='lat' dir='ltr'><strong>est.</strong></span> <span class='ocrx_word' id='word_1_161' title='bbox 2039 1161 2167 1230; x_wconf 88' lang='lat' dir='ltr'><strong>Sed,</strong></span> <span class='ocrx_word' id='word_1_162' title='bbox 2205 1166 2448 1238; x_wconf 84' lang='lat' dir='ltr'><strong>utquod</strong></span> <span class='ocrx_word' id='word_1_163' title='bbox 2491 1181 2580 1222; x_wconf 91' lang='lat' dir='ltr'><strong>res</strong></span> <span class='ocrx_word' id='word_1_164' title='bbox 2613 1175 2698 1222; x_wconf 90' lang='lat' dir='ltr'><strong>est</strong></span> <span class='ocrx_word' id='word_1_165' title='bbox 2738 1166 2944 1232; x_wconf 78' lang='lat' dir='ltr'><strong>dicam,</strong></span> <span class='ocrx_word' id='word_1_166' title='bbox 2992 1180 3104 1222; x_wconf 91' lang='lat' dir='ltr'><strong>non</strong></span> <span class='ocrx_word' id='word_1_167' title='bbox 3142 1165 3234 1220; x_wconf 89' lang='lat' dir='ltr'><strong>ille</strong></span> <span class='ocrx_word' id='word_1_168' title='bbox 3261 1179 3360 1236; x_wconf 90' lang='lat' dir='ltr'><strong>per</strong></span> 
     </span>
    </p>
   </div>
   <div class='ocr_carea' id='block_1_25' title="bbox 1773 1256 3363 1329">
    <p class='ocr_par' dir='ltr' id='par_1_25' title="bbox 1773 1256 3363 1329">
     <span class='ocr_line' id='line_1_25' title="bbox 1773 1256 3363 1329; baseline 0.002 -21"><span class='ocrx_word' id='word_1_169' title='bbox 1773 1268 1895 1310; x_wconf 81' lang='lat' dir='ltr'><strong>sese</strong></span> <span class='ocrx_word' id='word_1_170' title='bbox 1937 1269 2003 1310; x_wconf 93' lang='lat' dir='ltr'><strong>ac</strong></span> <span class='ocrx_word' id='word_1_171' title='bbox 2041 1265 2237 1327; x_wconf 89' lang='lat' dir='ltr'><strong>suopte</strong></span> <span class='ocrx_word' id='word_1_172' title='bbox 2266 1257 2488 1329; x_wconf 88' lang='lat' dir='ltr'><strong>ingenio</strong></span> <span class='ocrx_word' id='word_1_173' title='bbox 2529 1258 2648 1314; x_wconf 91' lang='lat' dir='ltr'><strong>dira</strong></span> <span class='ocrx_word' id='word_1_174' title='bbox 2702 1259 2802 1314; x_wconf 88' lang='lat' dir='ltr'><strong>illa</strong></span> <span class='ocrx_word' id='word_1_175' title='bbox 2849 1273 2914 1314; x_wconf 84' lang='lat' dir='ltr'><strong>ac</strong></span> <span class='ocrx_word' id='word_1_176' title='bbox 2940 1257 3203 1329; x_wconf 79' lang='lat' dir='ltr'><strong>pestifera</strong></span> <span class='ocrx_word' id='word_1_177' title='bbox 3259 1256 3363 1311; x_wconf 81' lang='lat' dir='ltr'><strong>do-</strong></span> 
     </span>
    </p>
   </div>
   <div class='ocr_carea' id='block_1_26' title="bbox 1656 1347 3360 1421">
    <p class='ocr_par' dir='ltr' id='par_1_26' title="bbox 1656 1347 3360 1421">
     <span class='ocr_line' id='line_1_26' title="bbox 1656 1347 3360 1421; baseline 0.004 -23"><span class='ocrx_word' id='word_1_178' title='bbox 1656 1382 1658 1384; x_wconf 56' lang='grc' dir='ltr'><strong>τ</strong></span> <span class='ocrx_word' id='word_1_179' title='bbox 1772 1355 1955 1416; x_wconf 89' lang='lat' dir='ltr'><strong>gmata</strong></span> <span class='ocrx_word' id='word_1_180' title='bbox 1980 1347 2191 1418; x_wconf 82' lang='lat' dir='ltr'><strong>primus</strong></span> <span class='ocrx_word' id='word_1_181' title='bbox 2217 1350 2571 1421; x_wconf 77' lang='lat' dir='ltr'><strong>excogitavit,</strong></span> <span class='ocrx_word' id='word_1_182' title='bbox 2609 1352 2705 1407; x_wconf 90' lang='lat' dir='ltr'><strong>sed</strong></span> <span class='ocrx_word' id='word_1_183' title='bbox 2754 1366 2784 1405; x_wconf 90' lang='lat' dir='ltr'><strong>a</strong></span> <span class='ocrx_word' id='word_1_184' title='bbox 2825 1349 3127 1418; x_wconf 88' lang='lat' dir='ltr'><strong>Saturnilo,</strong></span> <span class='ocrx_word' id='word_1_185' title='bbox 3166 1364 3230 1405; x_wconf 92' lang='lat' dir='ltr'><strong>ac</strong></span> <span class='ocrx_word' id='word_1_186' title='bbox 3268 1347 3360 1404; x_wconf 86' lang='lat' dir='ltr'><strong>Si-</strong></span> 
     </span>
    </p>
   </div>
   <div class='ocr_carea' id='block_1_27' title="bbox 90 1415 3364 1513">
    <p class='ocr_par' dir='ltr' id='par_1_27' title="bbox 90 1415 3364 1513">
     <span class='ocr_line' id='line_1_27' title="bbox 90 1415 3364 1513; baseline 0.009 -46"><span class='ocrx_word' id='word_1_187' title='bbox 90 1430 244 1470; x_wconf 83' lang='lat' dir='ltr'><strong>mone</strong></span> <span class='ocrx_word' id='word_1_188' title='bbox 271 1415 445 1487; x_wconf 78' lang='lat' dir='ltr'><strong>Mago,</strong></span> <span class='ocrx_word' id='word_1_189' title='bbox 490 1436 652 1490; x_wconf 84' lang='lat' dir='ltr'><strong>quem</strong></span> <span class='ocrx_word' id='word_1_190' title='bbox 693 1438 861 1494; x_wconf 86' lang='lat' dir='ltr'><strong>supra</strong></span> <span class='ocrx_word' id='word_1_191' title='bbox 904 1427 1286 1497; x_wconf 77' lang='lat' dir='ltr'><strong>refutavimus,</strong></span> <span class='ocrx_word' id='word_1_192' title='bbox 1329 1432 1534 1489; x_wconf 82' lang='lat' dir='ltr'><strong>erroris</strong></span> <span class='ocrx_word' id='word_1_193' title='bbox 1565 1415 1887 1505; x_wconf 82' lang='lat' dir='ltr'><strong>argumenta</strong></span> <span class='ocrx_word' id='word_1_194' title='bbox 1918 1415 2203 1496; x_wconf 80' lang='lat' dir='ltr'><strong>mutuatus</strong></span> <span class='ocrx_word' id='word_1_195' title='bbox 2257 1415 2386 1509; x_wconf 40' lang='lat' dir='ltr'><strong>est,“</strong></span> <span class='ocrx_word' id='word_1_196' title='bbox 2427 1442 2686 1513; x_wconf 62' lang='lat' dir='ltr'><strong>quaealia</strong></span> <span class='ocrx_word' id='word_1_197' title='bbox 2747 1443 2962 1498; x_wconf 86' lang='lat' dir='ltr'><strong>ratione</strong></span> <span class='ocrx_word' id='word_1_198' title='bbox 3011 1450 3250 1499; x_wconf 78' lang='lat' dir='ltr'><strong>tractare</strong></span> <span class='ocrx_word' id='word_1_199' title='bbox 3308 1451 3364 1498; x_wconf 84' lang='lat' dir='ltr'><strong>et</strong></span> 
     </span>
    </p>
   </div>
   <div class='ocr_carea' id='block_1_28' title="bbox 88 1511 1263 1585">
    <p class='ocr_par' dir='ltr' id='par_1_28' title="bbox 88 1511 1263 1585">
     <span class='ocr_line' id='line_1_28' title="bbox 88 1511 1263 1585; baseline 0.017 -27"><span class='ocrx_word' id='word_1_200' title='bbox 88 1511 293 1576; x_wconf 84' lang='lat' dir='ltr'><strong>majore</strong></span> <span class='ocrx_word' id='word_1_201' title='bbox 325 1523 450 1564; x_wconf 89' lang='lat' dir='ltr'><strong>cum</strong></span> <span class='ocrx_word' id='word_1_202' title='bbox 479 1527 680 1585; x_wconf 86' lang='lat' dir='ltr'><strong>pompa</strong></span> <span class='ocrx_word' id='word_1_203' title='bbox 709 1532 974 1575; x_wconf 84' lang='lat' dir='ltr'><strong>enarrare</strong></span> <span class='ocrx_word' id='word_1_204' title='bbox 1006 1521 1263 1578; x_wconf 80' lang='lat' dir='ltr'><strong>instituit.</strong></span> 
     </span>
    </p>
   </div>
   <div class='ocr_carea' id='block_1_29' title="bbox 151 1600 1665 1687">
    <p class='ocr_par' dir='ltr' id='par_1_29' title="bbox 151 1600 1665 1687">
     <span class='ocr_line' id='line_1_29' title="bbox 151 1600 1665 1687; baseline 0.013 -35"><span class='ocrx_word' id='word_1_205' title='bbox 151 1600 298 1664; x_wconf 86' lang='grc' dir='ltr'>Ὅτι,</span> <span class='ocrx_word' id='word_1_206' title='bbox 327 1604 512 1674; x_wconf 76' lang='grc' dir='ltr'>φησὶν,</span> <span class='ocrx_word' id='word_1_207' title='bbox 545 1601 614 1677; x_wconf 77' lang='grc' dir='ltr'>ἦν</span> <span class='ocrx_word' id='word_1_208' title='bbox 646 1607 704 1660; x_wconf 77' lang='grc' dir='ltr'>ἓν</span> <span class='ocrx_word' id='word_1_209' title='bbox 730 1609 792 1663; x_wconf 88' lang='grc' dir='ltr'>τὸ</span> <span class='ocrx_word' id='word_1_210' title='bbox 823 1611 1107 1684; x_wconf 84' lang='grc' dir='ltr'>ἀγένητον,</span> <span class='ocrx_word' id='word_1_211' title='bbox 1126 1615 1155 1668; x_wconf 82' lang='grc' dir='ltr'><strong>ὃ</strong></span> <span class='ocrx_word' id='word_1_212' title='bbox 1191 1617 1347 1687; x_wconf 81' lang='grc' dir='ltr'>μόνος</span> <span class='ocrx_word' id='word_1_213' title='bbox 1384 1619 1502 1672; x_wconf 72' lang='grc' dir='ltr'>ἐστὶ</span> <span class='ocrx_word' id='word_1_214' title='bbox 1529 1619 1665 1672; x_wconf 88' lang='grc' dir='ltr'>πάν-</span> 
     </span>
    </p>
   </div>
   <div class='ocr_carea' id='block_1_30' title="bbox 87 1695 1666 1778">
    <p class='ocr_par' dir='ltr' id='par_1_30' title="bbox 87 1695 1666 1778">
     <span class='ocr_line' id='line_1_30' title="bbox 87 1695 1666 1778; baseline 0.015 -37"><span class='ocrx_word' id='word_1_215' title='bbox 87 1707 187 1743; x_wconf 83' lang='grc' dir='ltr'><strong>των</strong></span> <span class='ocrx_word' id='word_1_216' title='bbox 241 1695 451 1766; x_wconf 82' lang='grc' dir='ltr'>πατήρ.</span> <span class='ocrx_word' id='word_1_217' title='bbox 498 1697 592 1750; x_wconf 84' lang='grc' dir='ltr'>Ἐκ</span> <span class='ocrx_word' id='word_1_218' title='bbox 638 1699 827 1754; x_wconf 90' lang='grc' dir='ltr'>τούτου</span> <span class='ocrx_word' id='word_1_219' title='bbox 861 1702 1251 1775; x_wconf 87' lang='grc' dir='ltr'>προϐέϐληται,</span> <span class='ocrx_word' id='word_1_220' title='bbox 1301 1707 1456 1778; x_wconf 78' lang='grc' dir='ltr'>φησὶ,</span> <span class='ocrx_word' id='word_1_221' title='bbox 1485 1705 1666 1773; x_wconf 71' lang='grc' dir='ltr'>Νοῦς*</span> 
     </span>
    </p>
   </div>
   <div class='ocr_carea' id='block_1_31' title="bbox 1836 1620 3361 1696">
    <p class='ocr_par' dir='ltr' id='par_1_31' title="bbox 1836 1620 3361 1696">
     <span class='ocr_line' id='line_1_31' title="bbox 1836 1620 3361 1696; baseline 0.003 -21"><span class='ocrx_word' id='word_1_222' title='bbox 1836 1620 2001 1688; x_wconf 82' lang='lat' dir='ltr'><strong>Erat,</strong></span> <span class='ocrx_word' id='word_1_223' title='bbox 2045 1623 2258 1694; x_wconf 88' lang='lat' dir='ltr'><strong>inquit,</strong></span> <span class='ocrx_word' id='word_1_224' title='bbox 2309 1624 2586 1696; x_wconf 89' lang='lat' dir='ltr'><strong>ingenium</strong></span> <span class='ocrx_word' id='word_1_225' title='bbox 2639 1638 2809 1678; x_wconf 86' lang='lat' dir='ltr'><strong>unum</strong></span> <span class='ocrx_word' id='word_1_226' title='bbox 2860 1623 3216 1694; x_wconf 89' lang='lat' dir='ltr'><strong>principium,</strong></span> <span class='ocrx_word' id='word_1_227' title='bbox 3263 1623 3361 1694; x_wconf 87' lang='lat' dir='ltr'><strong>qui</strong></span> 
     </span>
    </p>
   </div>
   <div class='ocr_carea' id='block_1_32' title="bbox 1765 1711 3349 1784">
    <p class='ocr_par' dir='ltr' id='par_1_32' title="bbox 1765 1711 3349 1784">
     <span class='ocr_line' id='line_1_32' title="bbox 1765 1711 3349 1784; baseline 0.002 -18"><span class='ocrx_word' id='word_1_228' title='bbox 1765 1711 1918 1766; x_wconf 83' lang='lat' dir='ltr'><strong>solus</strong></span> <span class='ocrx_word' id='word_1_229' title='bbox 1945 1721 2027 1768; x_wconf 91' lang='lat' dir='ltr'><strong>est</strong></span> <span class='ocrx_word' id='word_1_230' title='bbox 2055 1715 2300 1768; x_wconf 90' lang='lat' dir='ltr'><strong>omnium</strong></span> <span class='ocrx_word' id='word_1_231' title='bbox 2330 1728 2547 1784; x_wconf 87' lang='lat' dir='ltr'><strong>parens.</strong></span> <span class='ocrx_word' id='word_1_232' title='bbox 2587 1713 2669 1768; x_wconf 85' lang='lat' dir='ltr'><strong>Ab</strong></span> <span class='ocrx_word' id='word_1_233' title='bbox 2704 1714 2808 1768; x_wconf 87' lang='lat' dir='ltr'><strong>hoc</strong></span> <span class='ocrx_word' id='word_1_234' title='bbox 2836 1722 3123 1783; x_wconf 74' lang='lat' dir='ltr'><strong>procreata</strong></span> <span class='ocrx_word' id='word_1_235' title='bbox 3155 1713 3308 1769; x_wconf 81' lang='lat' dir='ltr'><strong>Mens</strong></span> <span class='ocrx_word' id='word_1_236' title='bbox 3334 1732 3349 1779; x_wconf 90' lang='lat'><strong>;</strong></span> 
     </span>
    </p>
   </div>
   <div class='ocr_carea' id='block_1_33' title="bbox 89 1781 1651 1877">
    <p class='ocr_par' dir='ltr' id='par_1_33' title="bbox 89 1781 1651 1877">
     <span class='ocr_line' id='line_1_33' title="bbox 89 1781 1651 1877; baseline 0.014 -43"><span class='ocrx_word' id='word_1_237' title='bbox 177 1781 235 1877; x_wconf 58' lang='grc' dir='ltr'>δέ</span> <span class='ocrx_word' id='word_1_238' title='bbox 267 1783 364 1877; x_wconf 63' lang='grc' dir='ltr'><strong>τού</strong></span> <span class='ocrx_word' id='word_1_239' title='bbox 385 1786 504 1840; x_wconf 61' lang='lat' dir='ltr'><strong>Nai</strong></span> <span class='ocrx_word' id='word_1_240' title='bbox 533 1788 706 1859; x_wconf 84' lang='grc' dir='ltr'>Λόγος</span> <span class='ocrx_word' id='word_1_241' title='bbox 724 1807 738 1821; x_wconf 74' lang='grc' dir='ltr'><strong>ο</strong></span> <span class='ocrx_word' id='word_1_242' title='bbox 775 1792 840 1846; x_wconf 80' lang='grc' dir='ltr'>ὲκ</span> <span class='ocrx_word' id='word_1_243' title='bbox 860 1793 918 1846; x_wconf 86' lang='grc' dir='ltr'>δὲ</span> <span class='ocrx_word' id='word_1_244' title='bbox 943 1795 1038 1849; x_wconf 84' lang='grc' dir='ltr'>τοῦ</span> <span class='ocrx_word' id='word_1_245' title='bbox 1067 1796 1241 1865; x_wconf 82' lang='grc' dir='ltr'>Λόγου</span> <span class='ocrx_word' id='word_1_246' title='bbox 1271 1800 1563 1872; x_wconf 80' lang='grc' dir='ltr'>Φρόνησις·</span> <span class='ocrx_word' id='word_1_247' title='bbox 1601 1804 1651 1856; x_wconf 56' lang='grc' dir='ltr'>έν</span> 
     </span>
    </p>
   </div>
   <div class='ocr_carea' id='block_1_34' title="bbox 1804 1781 3356 1877">
    <p class='ocr_par' dir='ltr' id='par_1_34' title="bbox 1813 1781 3356 1877">
     <span class='ocr_line' id='line_1_34' title="bbox 1813 1781 3356 1877; baseline 0 -17"><span class='ocrx_word' id='word_1_248' title='bbox 1813 1805 1995 1861; x_wconf 80' lang='lat' dir='ltr'><strong>Mente</strong></span> <span class='ocrx_word' id='word_1_249' title='bbox 2014 1803 2282 1873; x_wconf 87' lang='lat' dir='ltr'><strong>Verbum;</strong></span> <span class='ocrx_word' id='word_1_250' title='bbox 2315 1781 2384 1860; x_wconf 75' lang='lat' dir='ltr'><strong>ab</strong></span> <span class='ocrx_word' id='word_1_251' title='bbox 2406 1806 2509 1861; x_wconf 90' lang='lat' dir='ltr'><strong>hoc</strong></span> <span class='ocrx_word' id='word_1_252' title='bbox 2539 1781 2858 1870; x_wconf 71' lang='lat' dir='ltr'><strong>Prudentia,</strong></span> <span class='ocrx_word' id='word_1_253' title='bbox 2890 1822 2919 1861; x_wconf 90' lang='lat' dir='ltr'><strong>a</strong></span> <span class='ocrx_word' id='word_1_254' title='bbox 2951 1821 3058 1877; x_wconf 88' lang='lat' dir='ltr'><strong>qua</strong></span> <span class='ocrx_word' id='word_1_255' title='bbox 3082 1805 3272 1862; x_wconf 81' lang='lat' dir='ltr'><strong>Virtus</strong></span> <span class='ocrx_word' id='word_1_256' title='bbox 3298 1815 3356 1862; x_wconf 87' lang='lat' dir='ltr'><strong>et</strong></span> 
     </span>
    </p>
   </div>
   <div class='ocr_carea' id='block_1_35' title="bbox 85 1872 1671 1964">
    <p class='ocr_par' dir='ltr' id='par_1_35' title="bbox 85 1872 1671 1964">
     <span class='ocr_line' id='line_1_35' title="bbox 85 1872 1671 1964; baseline 0.015 -41"><span class='ocrx_word' id='word_1_257' title='bbox 85 1872 137 1964; x_wconf 73' lang='grc' dir='ltr'>δὲ</span> <span class='ocrx_word' id='word_1_258' title='bbox 178 1872 284 1944; x_wconf 77' lang='grc' dir='ltr'><strong>τῆς</strong></span> <span class='ocrx_word' id='word_1_259' title='bbox 320 1875 652 1964; x_wconf 29' lang='grc' dir='ltr'>’Φρονήσεως</span> <span class='ocrx_word' id='word_1_260' title='bbox 702 1878 946 1954; x_wconf 76' lang='grc' dir='ltr'><strong>Δύναμις</strong></span> <span class='ocrx_word' id='word_1_261' title='bbox 1001 1885 1096 1939; x_wconf 71' lang='grc' dir='ltr'><strong>καὶ</strong></span> <span class='ocrx_word' id='word_1_262' title='bbox 1130 1887 1336 1957; x_wconf 81' lang='grc' dir='ltr'>Σοφία·</span> <span class='ocrx_word' id='word_1_263' title='bbox 1373 1889 1456 1945; x_wconf 63' lang='grc' dir='ltr'><strong>έκι</strong></span> <span class='ocrx_word' id='word_1_264' title='bbox 1483 1891 1540 1944; x_wconf 80' lang='grc' dir='ltr'><strong>δὲ</strong></span> <span class='ocrx_word' id='word_1_265' title='bbox 1571 1893 1671 1964; x_wconf 83' lang='grc' dir='ltr'><strong>τῆς</strong></span> 
     </span>
    </p>
   </div>
   <div class='ocr_carea' id='block_1_36' title="bbox 86 1961 1669 2051">
    <p class='ocr_par' dir='ltr' id='par_1_36' title="bbox 86 1961 1669 2051">
     <span class='ocr_line' id='line_1_36' title="bbox 86 1961 1669 2051; baseline 0.018 -41"><span class='ocrx_word' id='word_1_266' title='bbox 86 1961 376 2029; x_wconf 74' lang='grc' dir='ltr'>Δυνάμεὼς</span> <span class='ocrx_word' id='word_1_267' title='bbox 417 1981 476 2016; x_wconf 87' lang='grc' dir='ltr'><strong>τε</strong></span> <span class='ocrx_word' id='word_1_268' title='bbox 511 1967 604 2019; x_wconf 80' lang='grc' dir='ltr'><strong>καὶ</strong></span> <span class='ocrx_word' id='word_1_269' title='bbox 638 1967 838 2037; x_wconf 76' lang='grc' dir='ltr'>Σοφίας</span> <span class='ocrx_word' id='word_1_270' title='bbox 887 1973 1072 2051; x_wconf 73' lang='grc' dir='ltr'>ἀρχαὶ,</span> <span class='ocrx_word' id='word_1_271' title='bbox 1120 1977 1382 2043; x_wconf 78' lang='grc' dir='ltr'>ἐξουσίαι,</span> <span class='ocrx_word' id='word_1_272' title='bbox 1427 1961 1669 2051; x_wconf 79' lang='grc' dir='ltr'><strong>ἄγγελοι.</strong></span> 
     </span>
    </p>
   </div>
   <div class='ocr_carea' id='block_1_37' title="bbox 97 2048 1672 2144">
    <p class='ocr_par' dir='ltr' id='par_1_37' title="bbox 97 2048 1672 2144">
     <span class='ocr_line' id='line_1_37' title="bbox 97 2048 1672 2144; baseline 0.017 -42"><span class='ocrx_word' id='word_1_273' title='bbox 97 2052 184 2104; x_wconf 68' lang='grc' dir='ltr'><strong>Ἐκ</strong></span> <span class='ocrx_word' id='word_1_274' title='bbox 211 2052 270 2105; x_wconf 77' lang='grc' dir='ltr'>δὲ</span> <span class='ocrx_word' id='word_1_275' title='bbox 308 2053 518 2111; x_wconf 80' lang='grc' dir='ltr'>τούτων</span> <span class='ocrx_word' id='word_1_276' title='bbox 547 2058 656 2110; x_wconf 81' lang='grc' dir='ltr'>τῶν</span> <span class='ocrx_word' id='word_1_277' title='bbox 686 2059 972 2133; x_wconf 79' lang='grc' dir='ltr'>δυνάμεὼν</span> <span class='ocrx_word' id='word_1_278' title='bbox 999 2048 1059 2119; x_wconf 85' lang='grc' dir='ltr'><strong>τε</strong></span> <span class='ocrx_word' id='word_1_279' title='bbox 1092 2069 1186 2122; x_wconf 83' lang='grc' dir='ltr'><strong>καὶ</strong></span> <span class='ocrx_word' id='word_1_280' title='bbox 1231 2048 1484 2140; x_wconf 86' lang='grc' dir='ltr'>ἀγγέλων</span> <span class='ocrx_word' id='word_1_281' title='bbox 1508 2048 1672 2144; x_wconf 87' lang='grc' dir='ltr'>γεγο-</span> 
     </span>
    </p>
   </div>
   <div class='ocr_carea' id='block_1_38' title="bbox 86 2145 1673 2232">
    <p class='ocr_par' dir='ltr' id='par_1_38' title="bbox 86 2145 1673 2232">
     <span class='ocr_line' id='line_1_38' title="bbox 86 2145 1673 2232; baseline 0.017 -38"><span class='ocrx_word' id='word_1_282' title='bbox 86 2145 224 2197; x_wconf 64' lang='lat' dir='ltr'><strong>vivat</strong></span> <span class='ocrx_word' id='word_1_283' title='bbox 272 2146 549 2218; x_wconf 80' lang='grc' dir='ltr'><strong>ἀνώτερον</strong></span> <span class='ocrx_word' id='word_1_284' title='bbox 599 2151 812 2223; x_wconf 83' lang='grc' dir='ltr'>πρῶτον</span> <span class='ocrx_word' id='word_1_285' title='bbox 841 2156 1093 2228; x_wconf 74' lang='grc' dir='ltr'>οὐρανὸν,</span> <span class='ocrx_word' id='word_1_286' title='bbox 1138 2161 1233 2215; x_wconf 74' lang='grc' dir='ltr'><strong>καὶ</strong></span> <span class='ocrx_word' id='word_1_287' title='bbox 1259 2163 1524 2232; x_wconf 84' lang='grc' dir='ltr'>ἀγγέλους</span> <span class='ocrx_word' id='word_1_288' title='bbox 1557 2167 1673 2220; x_wconf 79' lang='grc' dir='ltr'>ἐτέ-</span> 
     </span>
    </p>
   </div>
   <div class='ocr_carea' id='block_1_39' title="bbox 90 2237 1673 2328">
    <p class='ocr_par' dir='ltr' id='par_1_39' title="bbox 90 2237 1673 2328">
     <span class='ocr_line' id='line_1_39' title="bbox 90 2237 1673 2328; baseline 0.017 -42"><span class='ocrx_word' id='word_1_289' title='bbox 90 2251 208 2304; x_wconf 52' lang='lat' dir='ltr'><strong>pia;</strong></span> <span class='ocrx_word' id='word_1_290' title='bbox 240 2237 300 2303; x_wconf 79' lang='grc' dir='ltr'>ἐξ</span> <span class='ocrx_word' id='word_1_291' title='bbox 334 2238 517 2295; x_wconf 82' lang='grc' dir='ltr'>αὐτῶν</span> <span class='ocrx_word' id='word_1_292' title='bbox 550 2244 852 2311; x_wconf 86' lang='grc' dir='ltr'>γεγονέναι.</span> <span class='ocrx_word' id='word_1_293' title='bbox 890 2247 933 2299; x_wconf 89' lang='grc' dir='ltr'>Τ</span> <span class='ocrx_word' id='word_1_294' title='bbox 935 2250 1030 2312; x_wconf 86' lang='grc' dir='ltr'>οὺς</span> <span class='ocrx_word' id='word_1_295' title='bbox 1073 2250 1131 2304; x_wconf 84' lang='grc' dir='ltr'>δὲ</span> <span class='ocrx_word' id='word_1_296' title='bbox 1165 2253 1259 2312; x_wconf 79' lang='grc' dir='ltr'>ὑπ’</span> <span class='ocrx_word' id='word_1_297' title='bbox 1293 2255 1472 2310; x_wconf 84' lang='grc' dir='ltr'>αὐτῶν</span> <span class='ocrx_word' id='word_1_298' title='bbox 1513 2275 1673 2328; x_wconf 88' lang='grc' dir='ltr'>γεγο-</span> 
     </span>
    </p>
   </div>
   <div class='ocr_carea' id='block_1_40' title="bbox 87 2328 1671 2423">
    <p class='ocr_par' dir='ltr' id='par_1_40' title="bbox 87 2328 1671 2423">
     <span class='ocr_line' id='line_1_40' title="bbox 87 2328 1671 2423; baseline 0.018 -45"><span class='ocrx_word' id='word_1_299' title='bbox 87 2328 238 2392; x_wconf 69' lang='grc' dir='ltr'>νότας</span> <span class='ocrx_word' id='word_1_300' title='bbox 271 2330 542 2400; x_wconf 81' lang='grc' dir='ltr'>ἀγγέλους</span> <span class='ocrx_word' id='word_1_301' title='bbox 570 2338 928 2406; x_wconf 85' lang='grc' dir='ltr'><strong>πεποιηκέναι</strong></span> <span class='ocrx_word' id='word_1_302' title='bbox 962 2335 1117 2406; x_wconf 87' lang='grc' dir='ltr'>αὖθις</span> <span class='ocrx_word' id='word_1_303' title='bbox 1142 2342 1394 2416; x_wconf 86' lang='grc' dir='ltr'>δεύτερον</span> <span class='ocrx_word' id='word_1_304' title='bbox 1422 2348 1671 2423; x_wconf 82' lang='grc' dir='ltr'>οὐρανὸν,</span> 
     </span>
    </p>
   </div>
   <div class='ocr_carea' id='block_1_41' title="bbox 90 2421 1672 2506">
    <p class='ocr_par' dir='ltr' id='par_1_41' title="bbox 90 2421 1672 2506">
     <span class='ocr_line' id='line_1_41' title="bbox 90 2421 1672 2506; baseline 0.015 -34"><span class='ocrx_word' id='word_1_305' title='bbox 90 2421 178 2472; x_wconf 65' lang='grc' dir='ltr'><strong>καὶ</strong></span> <span class='ocrx_word' id='word_1_306' title='bbox 208 2424 411 2488; x_wconf 78' lang='grc' dir='ltr'>αὐτοὺς</span> <span class='ocrx_word' id='word_1_307' title='bbox 438 2425 494 2478; x_wconf 84' lang='grc' dir='ltr'><strong>δὲ</strong></span> <span class='ocrx_word' id='word_1_308' title='bbox 541 2429 701 2484; x_wconf 87' lang='grc' dir='ltr'>πάλιν</span> <span class='ocrx_word' id='word_1_309' title='bbox 743 2434 1102 2503; x_wconf 83' lang='grc' dir='ltr'>πεποιηκέναι</span> <span class='ocrx_word' id='word_1_310' title='bbox 1145 2437 1414 2506; x_wconf 83' lang='grc' dir='ltr'>ἀγγέλους</span> <span class='ocrx_word' id='word_1_311' title='bbox 1436 2457 1448 2468; x_wconf 69' lang='grc'><strong>⁸</strong></span> <span class='ocrx_word' id='word_1_312' title='bbox 1491 2421 1593 2496; x_wconf 77' lang='grc' dir='ltr'><strong>καὶ</strong></span> <span class='ocrx_word' id='word_1_313' title='bbox 1623 2445 1672 2497; x_wconf 77' lang='grc' dir='ltr'><strong>οἱ</strong></span> 
     </span>
    </p>
   </div>
   <div class='ocr_carea' id='block_1_42' title="bbox 87 2510 1673 2603">
    <p class='ocr_par' dir='ltr' id='par_1_42' title="bbox 87 2510 1673 2603">
     <span class='ocr_line' id='line_1_42' title="bbox 87 2510 1673 2603; baseline 0.016 -42"><span class='ocrx_word' id='word_1_314' title='bbox 87 2510 142 2574; x_wconf 74' lang='grc' dir='ltr'>ἐξ</span> <span class='ocrx_word' id='word_1_315' title='bbox 168 2512 352 2568; x_wconf 81' lang='grc' dir='ltr'>αὐτῶν</span> <span class='ocrx_word' id='word_1_316' title='bbox 381 2517 660 2588; x_wconf 90' lang='grc' dir='ltr'>γενόμενοι</span> <span class='ocrx_word' id='word_1_317' title='bbox 701 2523 885 2589; x_wconf 83' lang='grc' dir='ltr'>τρίτον</span> <span class='ocrx_word' id='word_1_318' title='bbox 925 2520 1080 2590; x_wconf 76' lang='grc' dir='ltr'>αὖθις</span> <span class='ocrx_word' id='word_1_319' title='bbox 1111 2529 1475 2600; x_wconf 86' lang='grc' dir='ltr'>πεποιήκασιν</span> <span class='ocrx_word' id='word_1_320' title='bbox 1510 2531 1673 2603; x_wconf 85' lang='grc' dir='ltr'>ούρα-</span> 
     </span>
    </p>
   </div>
   <div class='ocr_carea' id='block_1_43' title="bbox 83 2605 1670 2688">
    <p class='ocr_par' dir='ltr' id='par_1_43' title="bbox 83 2605 1670 2688">
     <span class='ocr_line' id='line_1_43' title="bbox 83 2605 1670 2688; baseline 0.015 -32"><span class='ocrx_word' id='word_1_321' title='bbox 83 2606 198 2658; x_wconf 79' lang='grc' dir='ltr'>νόν·</span> <span class='ocrx_word' id='word_1_322' title='bbox 230 2607 330 2660; x_wconf 76' lang='grc' dir='ltr'>καὶ</span> <span class='ocrx_word' id='word_1_323' title='bbox 370 2605 548 2676; x_wconf 69' lang='grc' dir='ltr'>οὕτως</span> <span class='ocrx_word' id='word_1_324' title='bbox 574 2614 627 2666; x_wconf 76' lang='grc' dir='ltr'><strong>οι</strong></span> <span class='ocrx_word' id='word_1_325' title='bbox 657 2614 781 2667; x_wconf 83' lang='grc' dir='ltr'>καθ’</span> <span class='ocrx_word' id='word_1_326' title='bbox 813 2617 907 2670; x_wconf 77' lang='grc' dir='ltr'><strong>ἕνα</strong></span> <span class='ocrx_word' id='word_1_327' title='bbox 944 2618 1174 2688; x_wconf 80' lang='grc' dir='ltr'>οὐρανὸν</span> <span class='ocrx_word' id='word_1_328' title='bbox 1202 2623 1282 2683; x_wconf 80' lang='grc' dir='ltr'><strong>εἰς</strong></span> <span class='ocrx_word' id='word_1_329' title='bbox 1309 2618 1464 2688; x_wconf 76' lang='grc' dir='ltr'>αὖθις</span> <span class='ocrx_word' id='word_1_330' title='bbox 1494 2626 1514 2656; x_wconf 81' lang='grc'><em>³</em></span> <span class='ocrx_word' id='word_1_331' title='bbox 1554 2626 1670 2680; x_wconf 76' lang='grc' dir='ltr'>ἓτε-</span> 
     </span>
    </p>
   </div>
   <div class='ocr_carea' id='block_1_44' title="bbox 1778 1896 3360 1969">
    <p class='ocr_par' dir='ltr' id='par_1_44' title="bbox 1778 1896 3360 1969">
     <span class='ocr_line' id='line_1_44' title="bbox 1778 1896 3360 1969; baseline 0.001 -17"><span class='ocrx_word' id='word_1_332' title='bbox 1778 1896 2060 1967; x_wconf 86' lang='lat' dir='ltr'><strong>Sapientia</strong></span> <span class='ocrx_word' id='word_1_333' title='bbox 2091 1897 2316 1968; x_wconf 84' lang='lat' dir='ltr'><strong>prodiit.</strong></span> <span class='ocrx_word' id='word_1_334' title='bbox 2365 1899 2448 1954; x_wconf 84' lang='lat' dir='ltr'><strong>Ab</strong></span> <span class='ocrx_word' id='word_1_335' title='bbox 2500 1906 2734 1969; x_wconf 90' lang='lat' dir='ltr'><strong>utraque</strong></span> <span class='ocrx_word' id='word_1_336' title='bbox 2777 1913 2941 1969; x_wconf 89' lang='lat' dir='ltr'><strong>porro</strong></span> <span class='ocrx_word' id='word_1_337' title='bbox 2997 1899 3360 1969; x_wconf 84' lang='lat' dir='ltr'><strong>principatus,-</strong></span> 
     </span>
    </p>
   </div>
   <div class='ocr_carea' id='block_1_45' title="bbox 1775 1977 3362 2062">
    <p class='ocr_par' dir='ltr' id='par_1_45' title="bbox 1775 1977 3362 2062">
     <span class='ocr_line' id='line_1_45' title="bbox 1775 1977 3362 2062; baseline 0.001 -19"><span class='ocrx_word' id='word_1_338' title='bbox 1775 1995 2073 2059; x_wconf 79' lang='lat' dir='ltr'><strong>potestates</strong></span> <span class='ocrx_word' id='word_1_339' title='bbox 2101 1998 2156 2045; x_wconf 90' lang='lat' dir='ltr'><strong>et</strong></span> <span class='ocrx_word' id='word_1_340' title='bbox 2181 1990 2379 2062; x_wconf 84' lang='lat' dir='ltr'><strong>angeli.</strong></span> <span class='ocrx_word' id='word_1_341' title='bbox 2427 1989 2634 2046; x_wconf 86' lang='lat' dir='ltr'><strong>Deinde</strong></span> <span class='ocrx_word' id='word_1_342' title='bbox 2662 1991 2896 2047; x_wconf 81' lang='lat' dir='ltr'><strong>virtutes</strong></span> <span class='ocrx_word' id='word_1_343' title='bbox 2936 1990 3228 2062; x_wconf 88' lang='lat' dir='ltr'><strong>an—gelique</strong></span> <span class='ocrx_word' id='word_1_344' title='bbox 3260 1977 3362 2048; x_wconf 75' lang='lat' dir='ltr'><strong>isti</strong></span> 
     </span>
    </p>
   </div>
   <div class='ocr_carea' id='block_1_46' title="bbox 1775 2079 3364 2154">
    <p class='ocr_par' dir='ltr' id='par_1_46' title="bbox 1775 2079 3364 2154">
     <span class='ocr_line' id='line_1_46' title="bbox 1775 2079 3364 2154; baseline 0.002 -20"><span class='ocrx_word' id='word_1_345' title='bbox 1775 2079 2010 2150; x_wconf 90' lang='lat' dir='ltr'><strong>primum</strong></span> <span class='ocrx_word' id='word_1_346' title='bbox 2038 2095 2103 2136; x_wconf 89' lang='lat' dir='ltr'><strong>ac</strong></span> <span class='ocrx_word' id='word_1_347' title='bbox 2135 2097 2453 2151; x_wconf 83' lang='lat' dir='ltr'><strong>supremum</strong></span> <span class='ocrx_word' id='word_1_348' title='bbox 2503 2083 2702 2137; x_wconf 74' lang='lat' dir='ltr'><strong>crnlum</strong></span> <span class='ocrx_word' id='word_1_349' title='bbox 2746 2083 2942 2145; x_wconf 88' lang='lat' dir='ltr'><strong>moliti,</strong></span> <span class='ocrx_word' id='word_1_350' title='bbox 2986 2083 3208 2154; x_wconf 79' lang='lat' dir='ltr'><strong>angelos</strong></span> <span class='ocrx_word' id='word_1_351' title='bbox 3237 2098 3364 2137; x_wconf 90' lang='lat' dir='ltr'><strong>rur-</strong></span> 
     </span>
    </p>
   </div>
   <div class='ocr_carea' id='block_1_47' title="bbox 1776 2173 3359 2247">
    <p class='ocr_par' dir='ltr' id='par_1_47' title="bbox 1776 2173 3359 2247">
     <span class='ocr_line' id='line_1_47' title="bbox 1776 2173 3359 2247; baseline 0.001 -18"><span class='ocrx_word' id='word_1_352' title='bbox 1776 2189 1896 2229; x_wconf 92' lang='lat' dir='ltr'><strong>sum</strong></span> <span class='ocrx_word' id='word_1_353' title='bbox 1928 2173 2067 2229; x_wconf 81' lang='lat' dir='ltr'><strong>alios</strong></span> <span class='ocrx_word' id='word_1_354' title='bbox 2107 2184 2500 2247; x_wconf 89' lang='lat' dir='ltr'><strong>propagarunt.</strong></span> <span class='ocrx_word' id='word_1_355' title='bbox 2532 2175 2637 2244; x_wconf 85' lang='lat' dir='ltr'><strong>Qui</strong></span> <span class='ocrx_word' id='word_1_356' title='bbox 2664 2184 2719 2232; x_wconf 91' lang='lat' dir='ltr'><strong>et</strong></span> <span class='ocrx_word' id='word_1_357' title='bbox 2754 2175 2860 2247; x_wconf 89' lang='lat' dir='ltr'><strong>ipsi</strong></span> <span class='ocrx_word' id='word_1_358' title='bbox 2905 2176 3207 2233; x_wconf 88' lang='lat' dir='ltr'><strong>secundum</strong></span> <span class='ocrx_word' id='word_1_359' title='bbox 3245 2191 3359 2231; x_wconf 70' lang='lat' dir='ltr'><strong>cm-</strong></span> 
     </span>
    </p>
   </div>
   <div class='ocr_carea' id='block_1_48' title="bbox 1778 2262 3364 2338">
    <p class='ocr_par' dir='ltr' id='par_1_48' title="bbox 1778 2262 3364 2338">
     <span class='ocr_line' id='line_1_48' title="bbox 1778 2262 3364 2338; baseline 0.003 -20"><span class='ocrx_word' id='word_1_360' title='bbox 1778 2265 1889 2318; x_wconf 91' lang='lat' dir='ltr'><strong>lum</strong></span> <span class='ocrx_word' id='word_1_361' title='bbox 1919 2262 2169 2318; x_wconf 78' lang='lat' dir='ltr'><strong>fabricati</strong></span> <span class='ocrx_word' id='word_1_362' title='bbox 2206 2272 2358 2326; x_wconf 83' lang='lat' dir='ltr'><strong>sunt,</strong></span> <span class='ocrx_word' id='word_1_363' title='bbox 2401 2273 2456 2321; x_wconf 90' lang='lat' dir='ltr'><strong>et</strong></span> <span class='ocrx_word' id='word_1_364' title='bbox 2508 2265 2646 2321; x_wconf 91' lang='lat' dir='ltr'><strong>alios</strong></span> <span class='ocrx_word' id='word_1_365' title='bbox 2690 2266 2918 2336; x_wconf 88' lang='lat' dir='ltr'><strong>insuper</strong></span> <span class='ocrx_word' id='word_1_366' title='bbox 2961 2266 3186 2338; x_wconf 79' lang='lat' dir='ltr'><strong>angelos</strong></span> <span class='ocrx_word' id='word_1_367' title='bbox 3233 2281 3364 2337; x_wconf 89' lang='lat' dir='ltr'><strong>pro-</strong></span> 
     </span>
    </p>
   </div>
   <div class='ocr_carea' id='block_1_49' title="bbox 1776 2353 3365 2430">
    <p class='ocr_par' dir='ltr' id='par_1_49' title="bbox 1776 2353 3365 2430">
     <span class='ocr_line' id='line_1_49' title="bbox 1776 2353 3365 2430; baseline 0.002 -20"><span class='ocrx_word' id='word_1_368' title='bbox 1776 2356 2076 2411; x_wconf 80' lang='lat' dir='ltr'><strong>duxerunt.</strong></span> <span class='ocrx_word' id='word_1_369' title='bbox 2128 2353 2195 2410; x_wconf 86' lang='lat' dir='ltr'><strong>Hi</strong></span> <span class='ocrx_word' id='word_1_370' title='bbox 2243 2356 2462 2411; x_wconf 91' lang='lat' dir='ltr'><strong>tertium</strong></span> <span class='ocrx_word' id='word_1_371' title='bbox 2519 2356 2771 2426; x_wconf 88' lang='lat' dir='ltr'><strong>adjecere</strong></span> <span class='ocrx_word' id='word_1_372' title='bbox 2817 2357 3040 2423; x_wconf 70' lang='lat' dir='ltr'><strong>cadum,</strong></span> <span class='ocrx_word' id='word_1_373' title='bbox 3081 2365 3247 2430; x_wconf 90' lang='lat' dir='ltr'><strong>atque</strong></span> <span class='ocrx_word' id='word_1_374' title='bbox 3285 2360 3365 2414; x_wconf 87' lang='lat' dir='ltr'><strong>ita</strong></span> 
     </span>
    </p>
   </div>
   <div class='ocr_carea' id='block_1_50' title="bbox 1775 2448 3366 2520">
    <p class='ocr_par' dir='ltr' id='par_1_50' title="bbox 1775 2448 3366 2520">
     <span class='ocr_line' id='line_1_50' title="bbox 1775 2448 3366 2520; baseline 0.004 -18"><span class='ocrx_word' id='word_1_375' title='bbox 1775 2448 2092 2519; x_wconf 79' lang='lat' dir='ltr'><strong>singillatim</strong></span> <span class='ocrx_word' id='word_1_376' title='bbox 2138 2465 2250 2506; x_wconf 91' lang='lat' dir='ltr'><strong>uno</strong></span> <span class='ocrx_word' id='word_1_377' title='bbox 2283 2457 2408 2520; x_wconf 90' lang='lat' dir='ltr'><strong>post</strong></span> <span class='ocrx_word' id='word_1_378' title='bbox 2447 2449 2593 2504; x_wconf 90' lang='lat' dir='ltr'><strong>aliud</strong></span> <span class='ocrx_word' id='word_1_379' title='bbox 2641 2449 2781 2504; x_wconf 75' lang='lat' dir='ltr'><strong>cmlo</strong></span> <span class='ocrx_word' id='word_1_380' title='bbox 2816 2449 3112 2507; x_wconf 85' lang='lat' dir='ltr'><strong>identidem</strong></span> <span class='ocrx_word' id='word_1_381' title='bbox 3161 2451 3366 2508; x_wconf 87' lang='lat' dir='ltr'><strong>consti-</strong></span> 
     </span>
    </p>
   </div>
   <div class='ocr_carea' id='block_1_51' title="bbox 1773 2540 3362 2615">
    <p class='ocr_par' dir='ltr' id='par_1_51' title="bbox 1773 2540 3362 2615">
     <span class='ocr_line' id='line_1_51' title="bbox 1773 2540 3362 2615; baseline 0.004 -22"><span class='ocrx_word' id='word_1_382' title='bbox 1773 2546 1890 2594; x_wconf 90' lang='lat' dir='ltr'><strong>tuto</strong></span> <span class='ocrx_word' id='word_1_383' title='bbox 1922 2540 1989 2595; x_wconf 90' lang='lat' dir='ltr'><strong>ad</strong></span> <span class='ocrx_word' id='word_1_384' title='bbox 2021 2555 2225 2596; x_wconf 69' lang='lat' dir='ltr'><strong>cccnxv</strong></span> <span class='ocrx_word' id='word_1_385' title='bbox 2252 2541 2568 2612; x_wconf 89' lang='lat' dir='ltr'><strong>perﬁciunt,</strong></span> <span class='ocrx_word' id='word_1_386' title='bbox 2597 2556 2737 2611; x_wconf 93' lang='lat' dir='ltr'><strong>quos</strong></span> <span class='ocrx_word' id='word_1_387' title='bbox 2781 2556 2811 2595; x_wconf 91' lang='lat' dir='ltr'><strong>a</strong></span> <span class='ocrx_word' id='word_1_388' title='bbox 2855 2542 3032 2612; x_wconf 90' lang='lat' dir='ltr'><strong>primo</strong></span> <span class='ocrx_word' id='word_1_389' title='bbox 3069 2559 3362 2615; x_wconf 87' lang='lat' dir='ltr'><strong>supremo-</strong></span> 
     </span>
    </p>
   </div>
   <div class='ocr_carea' id='block_1_52' title="bbox 1773 2632 3214 2705">
    <p class='ocr_par' dir='ltr' id='par_1_52' title="bbox 1773 2632 3214 2705">
     <span class='ocr_line' id='line_1_52' title="bbox 1773 2632 3214 2705; baseline 0.003 -19"><span class='ocrx_word' id='word_1_390' title='bbox 1773 2647 1879 2702; x_wconf 89' lang='lat' dir='ltr'><strong>que</strong></span> <span class='ocrx_word' id='word_1_391' title='bbox 1913 2632 1979 2686; x_wconf 92' lang='lat' dir='ltr'><strong>ad</strong></span> <span class='ocrx_word' id='word_1_392' title='bbox 2013 2632 2066 2688; x_wconf 88' lang='lat' dir='ltr'><strong>id</strong></span> <span class='ocrx_word' id='word_1_393' title='bbox 2095 2634 2240 2705; x_wconf 91' lang='lat' dir='ltr'><strong>quod</strong></span> <span class='ocrx_word' id='word_1_394' title='bbox 2271 2634 2431 2689; x_wconf 90' lang='lat' dir='ltr'><strong>nobis</strong></span> <span class='ocrx_word' id='word_1_395' title='bbox 2455 2635 2706 2691; x_wconf 90' lang='lat' dir='ltr'><strong>citimum</strong></span> <span class='ocrx_word' id='word_1_396' title='bbox 2745 2645 2830 2693; x_wconf 87' lang='lat' dir='ltr'><strong>est</strong></span> <span class='ocrx_word' id='word_1_397' title='bbox 2863 2645 3214 2693; x_wconf 89' lang='lat' dir='ltr'><strong>enumerant.</strong></span> 
     </span>
    </p>
   </div>
   <div class='ocr_carea' id='block_1_53' title="bbox 84 2704 3364 2803">
    <p class='ocr_par' dir='ltr' id='par_1_53' title="bbox 84 2704 3364 2803">
     <span class='ocr_line' id='line_1_53' title="bbox 84 2704 3364 2803; baseline 0.009 -49"><span class='ocrx_word' id='word_1_398' title='bbox 84 2717 170 2802; x_wconf 67' lang='grc' dir='ltr'><strong>ρον</strong></span> <span class='ocrx_word' id='word_1_399' title='bbox 198 2704 295 2803; x_wconf 71' lang='grc' dir='ltr'>καὶ</span> <span class='ocrx_word' id='word_1_400' title='bbox 337 2704 557 2803; x_wconf 63' lang='grc' dir='ltr'>ἐτέρους</span> <span class='ocrx_word' id='word_1_401' title='bbox 601 2712 1131 2803; x_wconf 76' lang='grc' dir='ltr'>κατασκευάζοντας,</span> <span class='ocrx_word' id='word_1_402' title='bbox 1163 2716 1291 2787; x_wconf 77' lang='grc' dir='ltr'>ἄχρι</span> <span class='ocrx_word' id='word_1_403' title='bbox 1313 2704 2120 2799; x_wconf 79' lang='grc' dir='ltr'>τριακοσίων-ἑξηκονταπέντε</span> <span class='ocrx_word' id='word_1_404' title='bbox 2151 2729 2397 2801; x_wconf 81' lang='grc' dir='ltr'>οὐρανῶν</span> <span class='ocrx_word' id='word_1_405' title='bbox 2443 2730 2737 2802; x_wconf 84' lang='grc' dir='ltr'>ὲληλύκασι</span> <span class='ocrx_word' id='word_1_406' title='bbox 2791 2733 2811 2763; x_wconf 87' lang='grc'>³</span> <span class='ocrx_word' id='word_1_407' title='bbox 2860 2732 2950 2786; x_wconf 79' lang='grc' dir='ltr'><strong>τὸν</strong></span> <span class='ocrx_word' id='word_1_408' title='bbox 2990 2731 3224 2803; x_wconf 84' lang='grc' dir='ltr'>ἀριθμὸν</span> <span class='ocrx_word' id='word_1_409' title='bbox 3252 2730 3364 2784; x_wconf 77' lang='grc' dir='ltr'><strong>ἀπὸ</strong></span> 
     </span>
    </p>
   </div>
   <div class='ocr_carea' id='block_1_54' title="bbox 81 2791 1570 2883">
    <p class='ocr_par' dir='ltr' id='par_1_54' title="bbox 81 2791 1570 2883">
     <span class='ocr_line' id='line_1_54' title="bbox 81 2791 1570 2883; baseline 0.016 -38"><span class='ocrx_word' id='word_1_410' title='bbox 81 2791 165 2845; x_wconf 75' lang='grc' dir='ltr'><strong>τοῦ</strong></span> <span class='ocrx_word' id='word_1_411' title='bbox 194 2794 477 2850; x_wconf 85' lang='grc' dir='ltr'>ἀνωτάτον</span> <span class='ocrx_word' id='word_1_412' title='bbox 511 2797 616 2864; x_wconf 75' lang='grc' dir='ltr'>ἕως</span> <span class='ocrx_word' id='word_1_413' title='bbox 642 2799 833 2857; x_wconf 83' lang='grc' dir='ltr'>τούτου</span> <span class='ocrx_word' id='word_1_414' title='bbox 860 2805 955 2858; x_wconf 84' lang='grc' dir='ltr'><strong>τοῦ</strong></span> <span class='ocrx_word' id='word_1_415' title='bbox 986 2805 1107 2860; x_wconf 85' lang='grc' dir='ltr'>καθ’</span> <span class='ocrx_word' id='word_1_416' title='bbox 1140 2809 1288 2879; x_wconf 79' lang='grc' dir='ltr'>ἡμᾶς</span> <span class='ocrx_word' id='word_1_417' title='bbox 1319 2811 1570 2883; x_wconf 54' lang='grc' dir='ltr'>οὐρανοῦ,</span> 
     </span>
    </p>
   </div>
   <div class='ocr_carea' id='block_1_55' title="bbox 144 2887 1651 2982">
    <p class='ocr_par' dir='ltr' id='par_1_55' title="bbox 144 2887 1651 2972">
     <span class='ocr_line' id='line_1_55' title="bbox 144 2887 1651 2972; baseline 0.017 -34"><span class='ocrx_word' id='word_1_418' title='bbox 144 2887 218 2940; x_wconf 88' lang='lat' dir='ltr'><strong>B&#39;.</strong></span> <span class='ocrx_word' id='word_1_419' title='bbox 267 2890 667 2961; x_wconf 79' lang='grc' dir='ltr'>Ἀφραινόντων</span> <span class='ocrx_word' id='word_1_420' title='bbox 699 2893 745 2947; x_wconf 53' lang='grc' dir='ltr'>δ’</span> <span class='ocrx_word' id='word_1_421' title='bbox 763 2894 831 2949; x_wconf 77' lang='grc' dir='ltr'><strong>ἂν</strong></span> <span class='ocrx_word' id='word_1_422' title='bbox 865 2896 952 2969; x_wconf 75' lang='grc' dir='ltr'>εἴη</span> <span class='ocrx_word' id='word_1_423' title='bbox 981 2897 1140 2955; x_wconf 80' lang='grc' dir='ltr'>τοῦτο</span> <span class='ocrx_word' id='word_1_424' title='bbox 1170 2902 1460 2972; x_wconf 77' lang='grc' dir='ltr'>ἐπαγωγὸν</span> <span class='ocrx_word' id='word_1_425' title='bbox 1487 2907 1548 2960; x_wconf 80' lang='grc' dir='ltr'><strong>τὸ</strong></span> <span class='ocrx_word' id='word_1_426' title='bbox 1578 2925 1651 2962; x_wconf 88' lang='grc' dir='ltr'>πι·</span> 
     </span>
    </p>
   </div>
   <div class='ocr_carea' id='block_1_56' title="bbox 1804 2887 3361 2982">
    <p class='ocr_par' dir='ltr' id='par_1_56' title="bbox 1847 2903 3361 2982">
     <span class='ocr_line' id='line_1_56' title="bbox 1847 2903 3361 2982; baseline 0.009 -23"><span class='ocrx_word' id='word_1_427' title='bbox 1847 2903 1914 2959; x_wconf 74' lang='lat' dir='ltr'><strong>ll;</strong></span> <span class='ocrx_word' id='word_1_428' title='bbox 1951 2904 2058 2961; x_wconf 89' lang='lat' dir='ltr'><strong>Sed</strong></span> <span class='ocrx_word' id='word_1_429' title='bbox 2093 2905 2209 2963; x_wconf 64' lang='lat' dir='ltr'><strong>hac</strong></span> <span class='ocrx_word' id='word_1_430' title='bbox 2241 2906 2496 2980; x_wconf 84' lang='lat' dir='ltr'><strong>ﬁgmenta</strong></span> <span class='ocrx_word' id='word_1_431' title='bbox 2526 2911 2747 2967; x_wconf 89' lang='lat' dir='ltr'><strong>nonnisi</strong></span> <span class='ocrx_word' id='word_1_432' title='bbox 2776 2912 3100 2982; x_wconf 88' lang='lat' dir='ltr'><strong>insipientes</strong></span> <span class='ocrx_word' id='word_1_433' title='bbox 3137 2914 3361 2972; x_wconf 87' lang='lat' dir='ltr'><strong>allicere</strong></span> 
     </span>
    </p>
   </div>
   <div class='ocr_carea' id='block_1_57' title="bbox 85 2980 1651 3083">
    <p class='ocr_par' dir='ltr' id='par_1_57' title="bbox 85 2980 1651 3063">
     <span class='ocr_line' id='line_1_57' title="bbox 85 2980 1651 3063; baseline 0.014 -32"><span class='ocrx_word' id='word_1_434' title='bbox 85 2980 293 3034; x_wconf 77' lang='grc' dir='ltr'>στεύειν</span> <span class='ocrx_word' id='word_1_435' title='bbox 336 2984 407 3054; x_wconf 76' lang='grc' dir='ltr'>τῇ</span> <span class='ocrx_word' id='word_1_436' title='bbox 453 2983 707 3054; x_wconf 84' lang='grc' dir='ltr'>μανιώδει</span> <span class='ocrx_word' id='word_1_437' title='bbox 737 2986 902 3054; x_wconf 73' lang='grc' dir='ltr'><strong>αύτοῦ</strong></span> <span class='ocrx_word' id='word_1_438' title='bbox 931 2990 1187 3063; x_wconf 80' lang='grc' dir='ltr'>φλυαρίᾳ.</span> <span class='ocrx_word' id='word_1_439' title='bbox 1222 2994 1469 3060; x_wconf 83' lang='grc' dir='ltr'>Συνετοῖς</span> <span class='ocrx_word' id='word_1_440' title='bbox 1491 2997 1548 3050; x_wconf 86' lang='grc' dir='ltr'>δὲ</span> <span class='ocrx_word' id='word_1_441' title='bbox 1577 3000 1651 3053; x_wconf 84' lang='grc' dir='ltr'>εύ-</span> 
     </span>
    </p>
   </div>
   <div class='ocr_carea' id='block_1_58' title="bbox 1804 2980 3361 3083">
    <p class='ocr_par' dir='ltr' id='par_1_58' title="bbox 1804 2999 3361 3075">
     <span class='ocr_line' id='line_1_58' title="bbox 1804 2999 3361 3075; baseline 0.01 -27"><span class='ocrx_word' id='word_1_442' title='bbox 1804 3004 2026 3065; x_wconf 77' lang='grc' dir='ltr'>ιοεειιηι,</span> <span class='ocrx_word' id='word_1_443' title='bbox 2054 3006 2115 3052; x_wconf 80' lang='grc' dir='ltr'><strong>ιιι</strong></span> <span class='ocrx_word' id='word_1_444' title='bbox 2159 2999 2371 3057; x_wconf 86' lang='lat' dir='ltr'><strong>insa&#39;nis</strong></span> <span class='ocrx_word' id='word_1_445' title='bbox 2400 3001 2622 3057; x_wconf 84' lang='lat' dir='ltr'><strong>illorum</strong></span> <span class='ocrx_word' id='word_1_446' title='bbox 2654 3004 2828 3075; x_wconf 83' lang='lat' dir='ltr'><strong>nugis</strong></span> <span class='ocrx_word' id='word_1_447' title='bbox 2849 3003 3010 3059; x_wconf 89' lang='lat' dir='ltr'><strong>ﬁdem</strong></span> <span class='ocrx_word' id='word_1_448' title='bbox 3047 3019 3361 3063; x_wconf 85' lang='lat' dir='ltr'><strong>accommo-</strong></span> 
     </span>
    </p>
   </div>
   <div class='ocr_carea' id='block_1_59' title="bbox 81 3066 1651 3161">
    <p class='ocr_par' dir='ltr' id='par_1_59' title="bbox 81 3066 1644 3161">
     <span class='ocr_line' id='line_1_59' title="bbox 81 3066 1644 3161; baseline 0.017 -42"><span class='ocrx_word' id='word_1_449' title='bbox 81 3066 405 3161; x_wconf 80' lang='grc' dir='ltr'>θυέλεγκτος</span> <span class='ocrx_word' id='word_1_450' title='bbox 435 3073 530 3126; x_wconf 77' lang='grc' dir='ltr'>καὶ</span> <span class='ocrx_word' id='word_1_451' title='bbox 555 3068 805 3148; x_wconf 75' lang='grc' dir='ltr'>ληρώδης</span> <span class='ocrx_word' id='word_1_452' title='bbox 821 3080 849 3130; x_wconf 70' lang='grc' dir='ltr'>ὁ</span> <span class='ocrx_word' id='word_1_453' title='bbox 868 3079 1059 3134; x_wconf 89' lang='grc' dir='ltr'>τούτου</span> <span class='ocrx_word' id='word_1_454' title='bbox 1083 3082 1238 3152; x_wconf 86' lang='grc' dir='ltr'>λόγος</span> <span class='ocrx_word' id='word_1_455' title='bbox 1273 3086 1368 3139; x_wconf 78' lang='grc' dir='ltr'>καὶ</span> <span class='ocrx_word' id='word_1_456' title='bbox 1393 3089 1425 3158; x_wconf 84' lang='grc' dir='ltr'>ἠ</span> <span class='ocrx_word' id='word_1_457' title='bbox 1452 3087 1644 3160; x_wconf 83' lang='grc' dir='ltr'>γνώμη</span> 
     </span>
    </p>
   </div>
   <div class='ocr_carea' id='block_1_60' title="bbox 1804 3066 3356 3161">
    <p class='ocr_par' dir='ltr' id='par_1_60' title="bbox 1804 3088 3356 3161">
     <span class='ocr_line' id='line_1_60' title="bbox 1804 3088 3356 3161; baseline 0.01 -21"><span class='ocrx_word' id='word_1_458' title='bbox 1804 3090 1923 3144; x_wconf 67' lang='grc' dir='ltr'>ἓειιι.</span> <span class='ocrx_word' id='word_1_459' title='bbox 1990 3088 2281 3161; x_wconf 88' lang='lat' dir='ltr'><strong>Sapientes</strong></span> <span class='ocrx_word' id='word_1_460' title='bbox 2354 3108 2486 3149; x_wconf 84' lang='lat' dir='ltr'><strong>vero</strong></span> <span class='ocrx_word' id='word_1_461' title='bbox 2551 3092 2770 3150; x_wconf 82' lang='lat' dir='ltr'><strong>facilem</strong></span> <span class='ocrx_word' id='word_1_462' title='bbox 2831 3094 2896 3149; x_wconf 84' lang='lat' dir='ltr'><strong>ad</strong></span> <span class='ocrx_word' id='word_1_463' title='bbox 2963 3095 3356 3155; x_wconf 89' lang='lat' dir='ltr'><strong>revincendum</strong></span> 
     </span>
    </p>
   </div>
   <div class='ocr_carea' id='block_1_61' title="bbox 79 3164 1651 3253">
    <p class='ocr_par' dir='ltr' id='par_1_61' title="bbox 79 3164 1651 3252">
     <span class='ocr_line' id='line_1_61' title="bbox 79 3164 1651 3252; baseline 0.015 -39"><span class='ocrx_word' id='word_1_464' title='bbox 79 3164 191 3224; x_wconf 61' lang='lat'><strong>1:60;</strong></span> <span class='ocrx_word' id='word_1_465' title='bbox 246 3165 330 3228; x_wconf 79' lang='grc' dir='ltr'>εἰς</span> <span class='ocrx_word' id='word_1_466' title='bbox 375 3164 821 3238; x_wconf 81' lang='grc' dir='ltr'>ὑπερϐάλλουσαν</span> <span class='ocrx_word' id='word_1_467' title='bbox 880 3174 975 3226; x_wconf 77' lang='grc' dir='ltr'>καὶ</span> <span class='ocrx_word' id='word_1_468' title='bbox 1027 3172 1255 3248; x_wconf 81' lang='grc' dir='ltr'>ἄπειρον</span> <span class='ocrx_word' id='word_1_469' title='bbox 1302 3181 1651 3252; x_wconf 66' lang='grc' dir='ltr'>κακοτροπίαι</span> 
     </span>
    </p>
   </div>
   <div class='ocr_carea' id='block_1_62' title="bbox 1804 3164 3358 3253">
    <p class='ocr_par' dir='ltr' id='par_1_62' title="bbox 1804 3182 3358 3253">
     <span class='ocr_line' id='line_1_62' title="bbox 1804 3182 3358 3253; baseline 0.008 -19"><span class='ocrx_word' id='word_1_470' title='bbox 1804 3189 2013 3250; x_wconf 84' lang='lat' dir='ltr'><strong>neptam</strong></span> <span class='ocrx_word' id='word_1_471' title='bbox 2072 3182 2240 3253; x_wconf 85' lang='lat' dir='ltr'><strong>hujus</strong></span> <span class='ocrx_word' id='word_1_472' title='bbox 2289 3199 2415 3238; x_wconf 91' lang='lat' dir='ltr'><strong>cum</strong></span> <span class='ocrx_word' id='word_1_473' title='bbox 2475 3186 2806 3251; x_wconf 90' lang='lat' dir='ltr'><strong>orationem,</strong></span> <span class='ocrx_word' id='word_1_474' title='bbox 2861 3197 2977 3242; x_wconf 87' lang='lat' dir='ltr'><strong>tum</strong></span> <span class='ocrx_word' id='word_1_475' title='bbox 3027 3193 3358 3248; x_wconf 89' lang='lat' dir='ltr'><strong>sententiam</strong></span> 
     </span>
    </p>
   </div>
   <div class='ocr_carea' id='block_1_63' title="bbox 80 3252 1664 3344">
    <p class='ocr_par' dir='ltr' id='par_1_63' title="bbox 80 3252 1664 3344">
     <span class='ocr_line' id='line_1_63' title="bbox 80 3252 1664 3344; baseline 0.015 -40"><span class='ocrx_word' id='word_1_476' title='bbox 80 3252 356 3318; x_wconf 78' lang='grc' dir='ltr'>ἐξετόπισε</span> <span class='ocrx_word' id='word_1_477' title='bbox 409 3259 509 3330; x_wconf 76' lang='grc' dir='ltr'>τὴν</span> <span class='ocrx_word' id='word_1_478' title='bbox 561 3260 754 3315; x_wconf 74' lang='grc' dir='ltr'>ἑαυτοῦ</span> <span class='ocrx_word' id='word_1_479' title='bbox 809 3263 1054 3336; x_wconf 87' lang='grc' dir='ltr'><strong>γνώμην.</strong></span> <span class='ocrx_word' id='word_1_480' title='bbox 1112 3267 1318 3338; x_wconf 80' lang='grc' dir='ltr'>Ὀρίζει</span> <span class='ocrx_word' id='word_1_481' title='bbox 1363 3271 1508 3344; x_wconf 80' lang='grc' dir='ltr'>γὰρ,</span> <span class='ocrx_word' id='word_1_482' title='bbox 1568 3273 1664 3338; x_wconf 85' lang='grc' dir='ltr'>ὡς,</span> 
     </span>
    </p>
   </div>
   <div class='ocr_carea' id='block_1_64' title="bbox 78 3346 1669 3433">
    <p class='ocr_par' dir='ltr' id='par_1_64' title="bbox 78 3346 1669 3433">
     <span class='ocr_line' id='line_1_64' title="bbox 78 3346 1669 3433; baseline 0.013 -36"><span class='ocrx_word' id='word_1_483' title='bbox 78 3346 214 3400; x_wconf 82' lang='grc' dir='ltr'>κατά</span> <span class='ocrx_word' id='word_1_484' title='bbox 263 3351 550 3420; x_wconf 79' lang='grc' dir='ltr'>ποιητικόν</span> <span class='ocrx_word' id='word_1_485' title='bbox 592 3370 718 3407; x_wconf 88' lang='grc' dir='ltr'>τινα</span> <span class='ocrx_word' id='word_1_486' title='bbox 762 3354 1155 3430; x_wconf 79' lang='grc' dir='ltr'>ἐνθουσιασμὸν</span> <span class='ocrx_word' id='word_1_487' title='bbox 1201 3361 1570 3433; x_wconf 83' lang='grc' dir='ltr'>έμϐροντηθὲν</span> <span class='ocrx_word' id='word_1_488' title='bbox 1609 3366 1669 3418; x_wconf 78' lang='grc' dir='ltr'><strong>τὸ</strong></span> 
     </span>
    </p>
   </div>
   <div class='ocr_carea' id='block_1_65' title="bbox 78 3437 1659 3525">
    <p class='ocr_par' dir='ltr' id='par_1_65' title="bbox 78 3437 1659 3525">
     <span class='ocr_line' id='line_1_65' title="bbox 78 3437 1659 3525; baseline 0.013 -37"><span class='ocrx_word' id='word_1_489' title='bbox 78 3437 305 3493; x_wconf 76' lang='grc' dir='ltr'>ἐλεεινὸν</span> <span class='ocrx_word' id='word_1_490' title='bbox 338 3441 743 3516; x_wconf 81' lang='grc' dir='ltr'>ἀνθρωπάριον,</span> <span class='ocrx_word' id='word_1_491' title='bbox 774 3446 1015 3519; x_wconf 78' lang='grc' dir='ltr'>ὀνόματα</span> <span class='ocrx_word' id='word_1_492' title='bbox 1055 3451 1272 3524; x_wconf 79' lang='grc' dir='ltr'><strong>ἑκάστῳ</strong></span> <span class='ocrx_word' id='word_1_493' title='bbox 1299 3453 1519 3525; x_wconf 77' lang='grc' dir='ltr'>ἄρχοντι</span> <span class='ocrx_word' id='word_1_494' title='bbox 1551 3455 1659 3509; x_wconf 83' lang='grc' dir='ltr'>τῶν</span> 
     </span>
    </p>
   </div>
   <div class='ocr_carea' id='block_1_66' title="bbox 79 3529 1667 3614">
    <p class='ocr_par' dir='ltr' id='par_1_66' title="bbox 79 3529 1667 3614">
     <span class='ocr_line' id='line_1_66' title="bbox 79 3529 1667 3614; baseline 0.013 -34"><span class='ocrx_word' id='word_1_495' title='bbox 79 3529 318 3600; x_wconf 70' lang='grc' dir='ltr'>οὐρανῶν</span> <span class='ocrx_word' id='word_1_496' title='bbox 356 3532 710 3605; x_wconf 86' lang='grc' dir='ltr'>ἐκτιθέμενον</span> <span class='ocrx_word' id='word_1_497' title='bbox 753 3538 890 3610; x_wconf 88' lang='grc' dir='ltr'>πρὸς</span> <span class='ocrx_word' id='word_1_498' title='bbox 918 3540 981 3593; x_wconf 84' lang='grc' dir='ltr'><strong>τὸ</strong></span> <span class='ocrx_word' id='word_1_499' title='bbox 1015 3540 1106 3595; x_wconf 85' lang='grc' dir='ltr'>διὰ</span> <span class='ocrx_word' id='word_1_500' title='bbox 1129 3541 1236 3596; x_wconf 84' lang='grc' dir='ltr'><strong>τῶν</strong></span> <span class='ocrx_word' id='word_1_501' title='bbox 1263 3545 1563 3614; x_wconf 83' lang='grc' dir='ltr'>ὀνομάτων,</span> <span class='ocrx_word' id='word_1_502' title='bbox 1591 3540 1667 3601; x_wconf 82' lang='grc' dir='ltr'><strong>ὧν</strong></span> 
     </span>
    </p>
   </div>
   <div class='ocr_carea' id='block_1_67' title="bbox 79 3623 1666 3709">
    <p class='ocr_par' dir='ltr' id='par_1_67' title="bbox 79 3623 1666 3709">
     <span class='ocr_line' id='line_1_67' title="bbox 79 3623 1666 3709; baseline 0.013 -36"><span class='ocrx_word' id='word_1_503' title='bbox 79 3623 424 3693; x_wconf 72' lang='grc' dir='ltr'>ποιητεύεται</span> <span class='ocrx_word' id='word_1_504' title='bbox 451 3626 605 3697; x_wconf 88' lang='grc' dir='ltr'>παρά</span> <span class='ocrx_word' id='word_1_505' title='bbox 637 3627 745 3683; x_wconf 82' lang='grc' dir='ltr'>τῶν</span> <span class='ocrx_word' id='word_1_506' title='bbox 777 3630 852 3701; x_wconf 84' lang='grc' dir='ltr'>μὴ</span> <span class='ocrx_word' id='word_1_507' title='bbox 882 3630 974 3684; x_wconf 87' lang='grc' dir='ltr'>τὸν</span> <span class='ocrx_word' id='word_1_508' title='bbox 1005 3632 1131 3688; x_wconf 80' lang='grc' dir='ltr'>νοῦν</span> <span class='ocrx_word' id='word_1_509' title='bbox 1161 3635 1475 3707; x_wconf 76' lang='grc' dir='ltr'>ἐρρωμένον</span> <span class='ocrx_word' id='word_1_510' title='bbox 1513 3639 1666 3709; x_wconf 75' lang='grc' dir='ltr'>ἑχόν-</span> 
     </span>
    </p>
   </div>
   <div class='ocr_carea' id='block_1_68' title="bbox 77 3714 1666 3800">
    <p class='ocr_par' dir='ltr' id='par_1_68' title="bbox 77 3714 1666 3800">
     <span class='ocr_line' id='line_1_68' title="bbox 77 3714 1666 3800; baseline 0.011 -38"><span class='ocrx_word' id='word_1_511' title='bbox 77 3726 178 3764; x_wconf 81' lang='grc' dir='ltr'><strong>των</strong></span> <span class='ocrx_word' id='word_1_512' title='bbox 208 3714 590 3782; x_wconf 78' lang='grc' dir='ltr'>πιστεύεσθαι,</span> <span class='ocrx_word' id='word_1_513' title='bbox 631 3719 713 3782; x_wconf 78' lang='grc' dir='ltr'><strong>εἰς</strong></span> <span class='ocrx_word' id='word_1_514' title='bbox 743 3719 966 3790; x_wconf 77' lang='grc' dir='ltr'>ὄλεθρον</span> <span class='ocrx_word' id='word_1_515' title='bbox 1010 3722 1110 3796; x_wconf 83' lang='grc' dir='ltr'><strong>τῆς</strong></span> <span class='ocrx_word' id='word_1_516' title='bbox 1149 3724 1258 3779; x_wconf 87' lang='grc' dir='ltr'><strong>τῶν</strong></span> <span class='ocrx_word' id='word_1_517' title='bbox 1299 3728 1666 3800; x_wconf 79' lang='grc' dir='ltr'>ἠπατημένων</span> 
     </span>
    </p>
   </div>
   <div class='ocr_carea' id='block_1_69' title="bbox 76 3802 1666 3893">
    <p class='ocr_par' dir='ltr' id='par_1_69' title="bbox 76 3802 1666 3893">
     <span class='ocr_line' id='line_1_69' title="bbox 76 3802 1666 3893; baseline 0.011 -34"><span class='ocrx_word' id='word_1_518' title='bbox 76 3802 270 3875; x_wconf 62' lang='grc' dir='ltr'>ψυχῆς.</span> <span class='ocrx_word' id='word_1_519' title='bbox 313 3809 391 3861; x_wconf 82' lang='grc' dir='ltr'><strong>Οὐ</strong></span> <span class='ocrx_word' id='word_1_520' title='bbox 425 3809 534 3880; x_wconf 83' lang='grc' dir='ltr'>μὴν</span> <span class='ocrx_word' id='word_1_521' title='bbox 562 3810 621 3864; x_wconf 87' lang='grc' dir='ltr'>δὲ</span> <span class='ocrx_word' id='word_1_522' title='bbox 653 3812 792 3866; x_wconf 80' lang='grc' dir='ltr'>ἀλλὰ</span> <span class='ocrx_word' id='word_1_523' title='bbox 832 3815 927 3868; x_wconf 71' lang='grc' dir='ltr'>καὶ</span> <span class='ocrx_word' id='word_1_524' title='bbox 964 3821 1331 3887; x_wconf 83' lang='grc' dir='ltr'>μαγγανικατς</span> <span class='ocrx_word' id='word_1_525' title='bbox 1372 3822 1666 3893; x_wconf 88' lang='grc' dir='ltr'>μηχανίαις</span> 
     </span>
    </p>
   </div>
   <div class='ocr_carea' id='block_1_70' title="bbox 77 3899 1665 3982">
    <p class='ocr_par' dir='ltr' id='par_1_70' title="bbox 77 3899 1665 3982">
     <span class='ocr_line' id='line_1_70' title="bbox 77 3899 1665 3982; baseline 0.014 -35"><span class='ocrx_word' id='word_1_526' title='bbox 77 3899 428 3970; x_wconf 83' lang='grc' dir='ltr'>προσανέχων</span> <span class='ocrx_word' id='word_1_527' title='bbox 450 3901 553 3955; x_wconf 82' lang='grc' dir='ltr'>οὐκ</span> <span class='ocrx_word' id='word_1_528' title='bbox 598 3903 896 3970; x_wconf 81' lang='grc' dir='ltr'>ἐπαύσατο,</span> <span class='ocrx_word' id='word_1_529' title='bbox 926 3907 1022 3961; x_wconf 77' lang='grc' dir='ltr'><strong>καὶ</strong></span> <span class='ocrx_word' id='word_1_530' title='bbox 1069 3911 1413 3982; x_wconf 83' lang='grc' dir='ltr'>περιεργίαις</span> <span class='ocrx_word' id='word_1_531' title='bbox 1447 3914 1476 3966; x_wconf 85' lang='grc' dir='ltr'><strong>ό</strong></span> <span class='ocrx_word' id='word_1_532' title='bbox 1523 3914 1665 3969; x_wconf 84' lang='grc' dir='ltr'>ἀπα-</span> 
     </span>
    </p>
   </div>
   <div class='ocr_carea' id='block_1_71' title="bbox 73 3987 1663 4077">
    <p class='ocr_par' dir='ltr' id='par_1_71' title="bbox 73 3987 1663 4077">
     <span class='ocr_line' id='line_1_71' title="bbox 73 3987 1663 4077; baseline 0.014 -38"><span class='ocrx_word' id='word_1_533' title='bbox 73 3987 222 4042; x_wconf 80' lang='grc' dir='ltr'>τεὼν.</span> <span class='ocrx_word' id='word_1_534' title='bbox 255 3992 528 4064; x_wconf 74' lang='grc' dir='ltr'>’Υπερον</span> <span class='ocrx_word' id='word_1_535' title='bbox 555 3995 613 4049; x_wconf 87' lang='grc' dir='ltr'>δέ</span> <span class='ocrx_word' id='word_1_536' title='bbox 642 4015 807 4069; x_wconf 86' lang='grc' dir='ltr'>φησιν</span> <span class='ocrx_word' id='word_1_537' title='bbox 849 4000 958 4054; x_wconf 82' lang='grc' dir='ltr'>ἀπὸ</span> <span class='ocrx_word' id='word_1_538' title='bbox 983 4000 1090 4056; x_wconf 83' lang='grc' dir='ltr'>τῶν</span> <span class='ocrx_word' id='word_1_539' title='bbox 1129 4004 1189 4056; x_wconf 85' lang='grc' dir='ltr'>έν</span> <span class='ocrx_word' id='word_1_540' title='bbox 1226 4003 1402 4076; x_wconf 87' lang='grc' dir='ltr'>τούτῳ</span> <span class='ocrx_word' id='word_1_541' title='bbox 1435 4005 1512 4077; x_wconf 86' lang='grc' dir='ltr'>τῷ</span> <span class='ocrx_word' id='word_1_542' title='bbox 1539 4006 1663 4061; x_wconf 82' lang='grc' dir='ltr'>καθ’</span> 
     </span>
    </p>
   </div>
   <div class='ocr_carea' id='block_1_72' title="bbox 74 4080 1664 4170">
    <p class='ocr_par' dir='ltr' id='par_1_72' title="bbox 74 4080 1664 4170">
     <span class='ocr_line' id='line_1_72' title="bbox 74 4080 1664 4170; baseline 0.012 -35"><span class='ocrx_word' id='word_1_543' title='bbox 74 4080 213 4151; x_wconf 71' lang='grc' dir='ltr'>ἡμᾶς</span> <span class='ocrx_word' id='word_1_544' title='bbox 241 4084 464 4158; x_wconf 81' lang='grc' dir='ltr'>οὐρανῷ</span> <span class='ocrx_word' id='word_1_545' title='bbox 497 4087 595 4142; x_wconf 77' lang='grc' dir='ltr'><strong>καὶ</strong></span> <span class='ocrx_word' id='word_1_546' title='bbox 624 4090 724 4162; x_wconf 84' lang='grc' dir='ltr'><strong>τῆς</strong></span> <span class='ocrx_word' id='word_1_547' title='bbox 753 4093 812 4146; x_wconf 84' lang='grc' dir='ltr'>έν</span> <span class='ocrx_word' id='word_1_548' title='bbox 841 4092 994 4165; x_wconf 84' lang='grc' dir='ltr'>αύτῷ</span> <span class='ocrx_word' id='word_1_549' title='bbox 1038 4095 1324 4168; x_wconf 84' lang='grc' dir='ltr'>δυνάμεως</span> <span class='ocrx_word' id='word_1_550' title='bbox 1356 4097 1453 4170; x_wconf 74' lang='grc' dir='ltr'>τὴν</span> <span class='ocrx_word' id='word_1_551' title='bbox 1487 4099 1664 4154; x_wconf 78' lang='grc' dir='ltr'>κτίσιν</span> 
     </span>
    </p>
   </div>
   <div class='ocr_carea' id='block_1_73' title="bbox 72 4174 1663 4261">
    <p class='ocr_par' dir='ltr' id='par_1_73' title="bbox 72 4174 1663 4261">
     <span class='ocr_line' id='line_1_73' title="bbox 72 4174 1663 4261; baseline 0.013 -35"><span class='ocrx_word' id='word_1_552' title='bbox 72 4174 273 4247; x_wconf 76' lang='grc' dir='ltr'>ταύτην</span> <span class='ocrx_word' id='word_1_553' title='bbox 321 4179 656 4252; x_wconf 78' lang='grc' dir='ltr'>γεγενῆσθαι</span> <span class='ocrx_word' id='word_1_554' title='bbox 676 4199 689 4212; x_wconf 89' lang='grc'><strong>·</strong></span> <span class='ocrx_word' id='word_1_555' title='bbox 743 4182 804 4249; x_wconf 82' lang='grc' dir='ltr'><strong>ἐξ</strong></span> <span class='ocrx_word' id='word_1_556' title='bbox 837 4178 913 4240; x_wconf 80' lang='grc' dir='ltr'>ὧν</span> <span class='ocrx_word' id='word_1_557' title='bbox 960 4187 1208 4256; x_wconf 86' lang='grc' dir='ltr'>ἀγγέλων</span> <span class='ocrx_word' id='word_1_558' title='bbox 1241 4190 1340 4245; x_wconf 86' lang='grc' dir='ltr'>’ένα</span> <span class='ocrx_word' id='word_1_559' title='bbox 1379 4191 1527 4261; x_wconf 84' lang='grc' dir='ltr'>λέγει</span> <span class='ocrx_word' id='word_1_560' title='bbox 1571 4193 1663 4246; x_wconf 80' lang='grc' dir='ltr'><strong>τὸν</strong></span> 
     </span>
    </p>
   </div>
   <div class='ocr_carea' id='block_1_74' title="bbox 74 4265 1658 4355">
    <p class='ocr_par' dir='ltr' id='par_1_74' title="bbox 74 4265 1658 4355">
     <span class='ocr_line' id='line_1_74' title="bbox 74 4265 1658 4355; baseline 0.013 -37"><span class='ocrx_word' id='word_1_561' title='bbox 74 4265 216 4334; x_wconf 78' lang='grc' dir='ltr'>Θεὸν,</span> <span class='ocrx_word' id='word_1_562' title='bbox 249 4269 312 4323; x_wconf 79' lang='grc' dir='ltr'><strong>ὃν</strong></span> <span class='ocrx_word' id='word_1_563' title='bbox 348 4270 540 4326; x_wconf 85' lang='grc' dir='ltr'>διελὼν</span> <span class='ocrx_word' id='word_1_564' title='bbox 565 4273 674 4328; x_wconf 84' lang='grc' dir='ltr'>τῶν</span> <span class='ocrx_word' id='word_1_565' title='bbox 720 4277 988 4332; x_wconf 82' lang='grc' dir='ltr'><strong>Ἰουδαίων</strong></span> <span class='ocrx_word' id='word_1_566' title='bbox 1027 4280 1186 4350; x_wconf 84' lang='grc' dir='ltr'>μόνον</span> <span class='ocrx_word' id='word_1_567' title='bbox 1215 4277 1354 4336; x_wconf 81' lang='grc' dir='ltr'>εἶναι</span> <span class='ocrx_word' id='word_1_568' title='bbox 1387 4283 1490 4355; x_wconf 75' lang='grc' dir='ltr'><strong>ἔφη</strong></span> <span class='ocrx_word' id='word_1_569' title='bbox 1528 4283 1658 4339; x_wconf 77' lang='grc' dir='ltr'>ἕνα·</span> 
     </span>
    </p>
   </div>
   <div class='ocr_carea' id='block_1_75' title="bbox 1765 3273 3349 3356">
    <p class='ocr_par' dir='ltr' id='par_1_75' title="bbox 1765 3273 3349 3356">
     <span class='ocr_line' id='line_1_75' title="bbox 1765 3273 3349 3356; baseline 0.009 -29"><span class='ocrx_word' id='word_1_570' title='bbox 1765 3273 2114 3342; x_wconf 74' lang='lat' dir='ltr'><strong>judicabant,</strong></span> <span class='ocrx_word' id='word_1_571' title='bbox 2148 3275 2395 3348; x_wconf 87' lang='lat' dir='ltr'><strong>illudque</strong></span> <span class='ocrx_word' id='word_1_572' title='bbox 2433 3279 2588 3335; x_wconf 90' lang='lat' dir='ltr'><strong>nullo</strong></span> <span class='ocrx_word' id='word_1_573' title='bbox 2617 3281 2838 3351; x_wconf 86' lang='lat' dir='ltr'><strong>negotio</strong></span> <span class='ocrx_word' id='word_1_574' title='bbox 2871 3281 3142 3353; x_wconf 89' lang='lat' dir='ltr'><strong>detegent,</strong></span> <span class='ocrx_word' id='word_1_575' title='bbox 3171 3300 3349 3356; x_wconf 91' lang='lat' dir='ltr'><strong>quan-</strong></span> 
     </span>
    </p>
   </div>
   <div class='ocr_carea' id='block_1_76' title="bbox 1771 3369 3354 3442">
    <p class='ocr_par' dir='ltr' id='par_1_76' title="bbox 1771 3369 3354 3442">
     <span class='ocr_line' id='line_1_76' title="bbox 1771 3369 3354 3442; baseline 0.008 -24"><span class='ocrx_word' id='word_1_576' title='bbox 1771 3373 1881 3419; x_wconf 90' lang='lat' dir='ltr'><strong>tam</strong></span> <span class='ocrx_word' id='word_1_577' title='bbox 1917 3381 2193 3438; x_wconf 88' lang='lat' dir='ltr'><strong>quamque</strong></span> <span class='ocrx_word' id='word_1_578' title='bbox 2237 3369 2565 3425; x_wconf 85' lang='lat' dir='ltr'><strong>immensam</strong></span> <span class='ocrx_word' id='word_1_579' title='bbox 2622 3371 2680 3426; x_wconf 90' lang='lat' dir='ltr'><strong>in</strong></span> <span class='ocrx_word' id='word_1_580' title='bbox 2734 3374 3058 3442; x_wconf 88' lang='lat' dir='ltr'><strong>pravitatem</strong></span> <span class='ocrx_word' id='word_1_581' title='bbox 3113 3385 3354 3431; x_wconf 90' lang='lat' dir='ltr'><strong>mentem</strong></span> 
     </span>
    </p>
   </div>
   <div class='ocr_carea' id='block_1_77' title="bbox 1770 3463 3354 3537">
    <p class='ocr_par' dir='ltr' id='par_1_77' title="bbox 1770 3463 3354 3537">
     <span class='ocr_line' id='line_1_77' title="bbox 1770 3463 3354 3537; baseline 0.004 -23"><span class='ocrx_word' id='word_1_582' title='bbox 1770 3473 1926 3514; x_wconf 86' lang='lat' dir='ltr'><strong>suam</strong></span> <span class='ocrx_word' id='word_1_583' title='bbox 1956 3463 2384 3530; x_wconf 86' lang='lat' dir='ltr'><strong>atqueanimum</strong></span> <span class='ocrx_word' id='word_1_584' title='bbox 2408 3463 2692 3535; x_wconf 87' lang='lat' dir='ltr'><strong>ablegarit.</strong></span> <span class='ocrx_word' id='word_1_585' title='bbox 2719 3465 2932 3519; x_wconf 87' lang='lat' dir='ltr'><strong>Etenim</strong></span> <span class='ocrx_word' id='word_1_586' title='bbox 2959 3466 3108 3521; x_wconf 89' lang='lat' dir='ltr'><strong>velut</strong></span> <span class='ocrx_word' id='word_1_587' title='bbox 3131 3468 3354 3537; x_wconf 88' lang='lat' dir='ltr'><strong>poetico</strong></span> 
     </span>
    </p>
   </div>
   <div class='ocr_carea' id='block_1_78' title="bbox 1767 3550 3357 3625">
    <p class='ocr_par' dir='ltr' id='par_1_78' title="bbox 1767 3550 3357 3625">
     <span class='ocr_line' id='line_1_78' title="bbox 1767 3550 3357 3625; baseline 0.006 -21"><span class='ocrx_word' id='word_1_588' title='bbox 1767 3551 2008 3623; x_wconf 86' lang='lat' dir='ltr'><strong>quodam</strong></span> <span class='ocrx_word' id='word_1_589' title='bbox 2036 3550 2222 3608; x_wconf 88' lang='lat' dir='ltr'><strong>furore</strong></span> <span class='ocrx_word' id='word_1_590' title='bbox 2267 3555 2555 3625; x_wconf 88' lang='lat' dir='ltr'><strong>perculsus</strong></span> <span class='ocrx_word' id='word_1_591' title='bbox 2599 3555 2788 3612; x_wconf 82' lang='lat' dir='ltr'><strong>infelix</strong></span> <span class='ocrx_word' id='word_1_592' title='bbox 2841 3557 3184 3625; x_wconf 89' lang='lat' dir='ltr'><strong>bomuncio,...</strong></span> <span class='ocrx_word' id='word_1_593' title='bbox 3232 3562 3357 3614; x_wconf 82' lang='lat' dir='ltr'><strong>uni-</strong></span> 
     </span>
    </p>
   </div>
   <div class='ocr_carea' id='block_1_79' title="bbox 1769 3644 3352 3720">
    <p class='ocr_par' dir='ltr' id='par_1_79' title="bbox 1769 3644 3352 3720">
     <span class='ocr_line' id='line_1_79' title="bbox 1769 3644 3352 3720; baseline 0.005 -22"><span class='ocrx_word' id='word_1_594' title='bbox 1769 3644 1969 3713; x_wconf 83' lang='lat' dir='ltr'><strong>cuique</strong></span> <span class='ocrx_word' id='word_1_595' title='bbox 1993 3644 2266 3699; x_wconf 71' lang='lat' dir='ltr'><strong>cmlorum</strong></span> <span class='ocrx_word' id='word_1_596' title='bbox 2299 3647 2535 3718; x_wconf 90' lang='lat' dir='ltr'><strong>principi</strong></span> <span class='ocrx_word' id='word_1_597' title='bbox 2567 3658 2721 3704; x_wconf 89' lang='lat' dir='ltr'><strong>certa</strong></span> <span class='ocrx_word' id='word_1_598' title='bbox 2754 3649 2979 3704; x_wconf 89' lang='lat' dir='ltr'><strong>nomina</strong></span> <span class='ocrx_word' id='word_1_599' title='bbox 3009 3651 3352 3720; x_wconf 67' lang='lat' dir='ltr'><strong>praescribit;</strong></span> 
     </span>
    </p>
   </div>
   <div class='ocr_carea' id='block_1_80' title="bbox 1769 3737 3357 3807">
    <p class='ocr_par' dir='ltr' id='par_1_80' title="bbox 1769 3737 3357 3807">
     <span class='ocr_line' id='line_1_80' title="bbox 1769 3737 3357 3807; baseline 0.006 -17"><span class='ocrx_word' id='word_1_600' title='bbox 1769 3737 1970 3807; x_wconf 85' lang='lat' dir='ltr'><strong>quibus</strong></span> <span class='ocrx_word' id='word_1_601' title='bbox 2001 3753 2032 3792; x_wconf 89' lang='lat' dir='ltr'><strong>a</strong></span> <span class='ocrx_word' id='word_1_602' title='bbox 2067 3752 2128 3794; x_wconf 90' lang='lat' dir='ltr'><strong>se</strong></span> <span class='ocrx_word' id='word_1_603' title='bbox 2153 3739 2406 3794; x_wconf 84' lang='lat' dir='ltr'><strong>conﬁctis</strong></span> <span class='ocrx_word' id='word_1_604' title='bbox 2441 3741 2760 3798; x_wconf 90' lang='lat' dir='ltr'><strong>nominibus</strong></span> <span class='ocrx_word' id='word_1_605' title='bbox 2789 3758 2819 3797; x_wconf 90' lang='lat' dir='ltr'><strong>a</strong></span> <span class='ocrx_word' id='word_1_606' title='bbox 2855 3742 3071 3801; x_wconf 85' lang='lat' dir='ltr'><strong>levibus</strong></span> <span class='ocrx_word' id='word_1_607' title='bbox 3096 3751 3152 3800; x_wconf 91' lang='lat' dir='ltr'><strong>et</strong></span> <span class='ocrx_word' id='word_1_608' title='bbox 3180 3743 3357 3806; x_wconf 87' lang='lat' dir='ltr'><strong>imbe-</strong></span> 
     </span>
    </p>
   </div>
   <div class='ocr_carea' id='block_1_81' title="bbox 1767 3827 3353 3901">
    <p class='ocr_par' dir='ltr' id='par_1_81' title="bbox 1767 3827 3353 3901">
     <span class='ocr_line' id='line_1_81' title="bbox 1767 3827 3353 3901; baseline 0.004 -19"><span class='ocrx_word' id='word_1_609' title='bbox 1767 3827 1914 3883; x_wconf 89' lang='lat' dir='ltr'><strong>cillis</strong></span> <span class='ocrx_word' id='word_1_610' title='bbox 1950 3827 2190 3899; x_wconf 82' lang='lat' dir='ltr'><strong>ingeniis</strong></span> <span class='ocrx_word' id='word_1_611' title='bbox 2241 3843 2529 3884; x_wconf 84' lang='lat' dir='ltr'><strong>assensum</strong></span> <span class='ocrx_word' id='word_1_612' title='bbox 2571 3831 2869 3901; x_wconf 86' lang='lat' dir='ltr'><strong>exprimat,</strong></span> <span class='ocrx_word' id='word_1_613' title='bbox 2905 3847 2969 3888; x_wconf 89' lang='lat' dir='ltr'><strong>ac</strong></span> <span class='ocrx_word' id='word_1_614' title='bbox 3019 3832 3217 3889; x_wconf 83' lang='lat' dir='ltr'><strong>fraude</strong></span> <span class='ocrx_word' id='word_1_615' title='bbox 3249 3848 3353 3889; x_wconf 85' lang='lat' dir='ltr'><strong>sua</strong></span> 
     </span>
    </p>
   </div>
   <div class='ocr_carea' id='block_1_82' title="bbox 1767 3920 3350 3998">
    <p class='ocr_par' dir='ltr' id='par_1_82' title="bbox 1767 3920 3350 3998">
     <span class='ocr_line' id='line_1_82' title="bbox 1767 3920 3350 3998; baseline 0.006 -25"><span class='ocrx_word' id='word_1_616' title='bbox 1767 3920 2177 3975; x_wconf 89' lang='lat' dir='ltr'><strong>circumventos</strong></span> <span class='ocrx_word' id='word_1_617' title='bbox 2209 3920 2264 3974; x_wconf 91' lang='lat' dir='ltr'><strong>in</strong></span> <span class='ocrx_word' id='word_1_618' title='bbox 2293 3920 2522 3975; x_wconf 82' lang='lat' dir='ltr'><strong>exitium</strong></span> <span class='ocrx_word' id='word_1_619' title='bbox 2562 3922 2761 3978; x_wconf 61' lang='lat' dir='ltr'><strong>animae</strong></span> <span class='ocrx_word' id='word_1_620' title='bbox 2793 3923 3204 3996; x_wconf 47' lang='lat' dir='ltr'><strong>interitumque»</strong></span> <span class='ocrx_word' id='word_1_621' title='bbox 3226 3941 3350 3998; x_wconf 81' lang='lat' dir='ltr'><strong>per-</strong></span> 
     </span>
    </p>
   </div>
   <div class='ocr_carea' id='block_1_83' title="bbox 1767 4009 3351 4089">
    <p class='ocr_par' dir='ltr' id='par_1_83' title="bbox 1767 4009 3351 4089">
     <span class='ocr_line' id='line_1_83' title="bbox 1767 4009 3351 4089; baseline 0.006 -25"><span class='ocrx_word' id='word_1_622' title='bbox 1767 4010 1970 4065; x_wconf 86' lang='lat' dir='ltr'><strong>trahat.</strong></span> <span class='ocrx_word' id='word_1_623' title='bbox 2005 4009 2278 4068; x_wconf 59' lang='lat' dir='ltr'><strong>Praeterea</strong></span> <span class='ocrx_word' id='word_1_624' title='bbox 2309 4012 2542 4084; x_wconf 88' lang='lat' dir='ltr'><strong>magicis</strong></span> <span class='ocrx_word' id='word_1_625' title='bbox 2568 4014 2781 4070; x_wconf 88' lang='lat' dir='ltr'><strong>artibus</strong></span> <span class='ocrx_word' id='word_1_626' title='bbox 2810 4016 2955 4072; x_wconf 90' lang='lat' dir='ltr'><strong>idem</strong></span> <span class='ocrx_word' id='word_1_627' title='bbox 2988 4016 3257 4089; x_wconf 89' lang='lat' dir='ltr'><strong>impostor</strong></span> <span class='ocrx_word' id='word_1_628' title='bbox 3285 4033 3351 4074; x_wconf 89' lang='lat' dir='ltr'><strong>ac</strong></span> 
     </span>
    </p>
   </div>
   <div class='ocr_carea' id='block_1_84' title="bbox 1767 4104 3348 4182">
    <p class='ocr_par' dir='ltr' id='par_1_84' title="bbox 1767 4104 3348 4182">
     <span class='ocr_line' id='line_1_84' title="bbox 1767 4104 3348 4182; baseline 0.006 -24"><span class='ocrx_word' id='word_1_629' title='bbox 1767 4104 2060 4176; x_wconf 69' lang='lat' dir='ltr'><strong>praestigiis</strong></span> <span class='ocrx_word' id='word_1_630' title='bbox 2097 4113 2366 4175; x_wconf 90' lang='lat' dir='ltr'><strong>perpetuo</strong></span> <span class='ocrx_word' id='word_1_631' title='bbox 2410 4105 2517 4160; x_wconf 92' lang='lat' dir='ltr'><strong>fuit</strong></span> <span class='ocrx_word' id='word_1_632' title='bbox 2563 4105 2839 4163; x_wconf 88' lang='lat' dir='ltr'><strong>addictus.</strong></span> <span class='ocrx_word' id='word_1_633' title='bbox 2875 4107 2980 4175; x_wconf 86' lang='lat' dir='ltr'><strong>Qui</strong></span> <span class='ocrx_word' id='word_1_634' title='bbox 3017 4109 3085 4165; x_wconf 87' lang='lat' dir='ltr'><strong>ab</strong></span> <span class='ocrx_word' id='word_1_635' title='bbox 3134 4111 3348 4182; x_wconf 82' lang='lat' dir='ltr'><strong>angelis</strong></span> 
     </span>
    </p>
   </div>
   <div class='ocr_carea' id='block_1_85' title="bbox 1767 4195 3348 4270">
    <p class='ocr_par' dir='ltr' id='par_1_85' title="bbox 1767 4195 3348 4270">
     <span class='ocr_line' id='line_1_85' title="bbox 1767 4195 3348 4270; baseline 0.004 -19"><span class='ocrx_word' id='word_1_636' title='bbox 1767 4196 1958 4251; x_wconf 73' lang='lat' dir='ltr'><strong>citimo</strong></span> <span class='ocrx_word' id='word_1_637' title='bbox 1988 4195 2117 4251; x_wconf 87' lang='lat' dir='ltr'><strong>huic</strong></span> <span class='ocrx_word' id='word_1_638' title='bbox 2156 4197 2296 4252; x_wconf 75' lang='lat' dir='ltr'><strong>ccelo</strong></span> <span class='ocrx_word' id='word_1_639' title='bbox 2338 4198 2704 4270; x_wconf 80' lang='lat' dir='ltr'><strong>proximoque</strong></span> <span class='ocrx_word' id='word_1_640' title='bbox 2737 4199 2910 4256; x_wconf 69' lang='lat' dir='ltr'><strong>nobis.</strong></span> <span class='ocrx_word' id='word_1_641' title='bbox 2943 4200 3246 4267; x_wconf 90' lang='lat' dir='ltr'><strong>attributis,</strong></span> <span class='ocrx_word' id='word_1_642' title='bbox 3281 4216 3348 4257; x_wconf 92' lang='lat' dir='ltr'><strong>ac</strong></span> 
     </span>
    </p>
   </div>
   <div class='ocr_carea' id='block_1_86' title="bbox 1766 4289 3354 4363">
    <p class='ocr_par' dir='ltr' id='par_1_86' title="bbox 1766 4289 3354 4363">
     <span class='ocr_line' id='line_1_86' title="bbox 1766 4289 3354 4363; baseline 0.008 -24"><span class='ocrx_word' id='word_1_643' title='bbox 1766 4289 1972 4344; x_wconf 86' lang='lat' dir='ltr'><strong>virtute</strong></span> <span class='ocrx_word' id='word_1_644' title='bbox 2016 4305 2138 4360; x_wconf 61' lang='lat' dir='ltr'><strong>qua</strong></span> <span class='ocrx_word' id='word_1_645' title='bbox 2171 4291 2298 4345; x_wconf 84' lang='lat' dir='ltr'><strong>istic</strong></span> <span class='ocrx_word' id='word_1_646' title='bbox 2331 4291 2557 4356; x_wconf 88' lang='lat' dir='ltr'><strong>residet,</strong></span> <span class='ocrx_word' id='word_1_647' title='bbox 2591 4299 2779 4348; x_wconf 87' lang='lat' dir='ltr'><strong>creata</strong></span> <span class='ocrx_word' id='word_1_648' title='bbox 2817 4294 3167 4363; x_wconf 85' lang='lat' dir='ltr'><strong>postmodum</strong></span> <span class='ocrx_word' id='word_1_649' title='bbox 3209 4293 3354 4351; x_wconf 83' lang='lat' dir='ltr'><strong>infe-</strong></span> 
     </span>
    </p>
   </div>
   <div class='ocr_carea' id='block_1_87' title="bbox 76 4361 1651 4456">
    <p class='ocr_par' dir='ltr' id='par_1_87' title="bbox 76 4361 1651 4440">
     <span class='ocr_line' id='line_1_87' title="bbox 76 4361 1651 4440; baseline 0.013 -30"><span class='ocrx_word' id='word_1_650' title='bbox 76 4361 161 4412; x_wconf 72' lang='grc' dir='ltr'>καὶ</span> <span class='ocrx_word' id='word_1_651' title='bbox 190 4362 386 4417; x_wconf 77' lang='grc' dir='ltr'>τοῦτον</span> <span class='ocrx_word' id='word_1_652' title='bbox 411 4366 767 4439; x_wconf 68' lang='grc' dir='ltr'>ωναρίθμιον</span> <span class='ocrx_word' id='word_1_653' title='bbox 789 4371 1042 4440; x_wconf 85' lang='grc' dir='ltr'>ἀγγέλοις</span> <span class='ocrx_word' id='word_1_654' title='bbox 1068 4376 1180 4437; x_wconf 85' lang='grc' dir='ltr'>τοῖς</span> <span class='ocrx_word' id='word_1_655' title='bbox 1210 4374 1302 4427; x_wconf 85' lang='grc' dir='ltr'>ὑπ’</span> <span class='ocrx_word' id='word_1_656' title='bbox 1325 4375 1490 4429; x_wconf 79' lang='grc' dir='ltr'>αὑτοῦ</span> <span class='ocrx_word' id='word_1_657' title='bbox 1521 4377 1651 4431; x_wconf 83' lang='grc' dir='ltr'>κατᾶ</span> 
     </span>
    </p>
   </div>
   <div class='ocr_carea' id='block_1_88' title="bbox 1804 4361 3351 4456">
    <p class='ocr_par' dir='ltr' id='par_1_88' title="bbox 1804 4382 3351 4456">
     <span class='ocr_line' id='line_1_88' title="bbox 1804 4382 3351 4456; baseline 0.003 -19"><span class='ocrx_word' id='word_1_658' title='bbox 1804 4383 1913 4437; x_wconf 87' lang='lat' dir='ltr'><strong>iora</strong></span> <span class='ocrx_word' id='word_1_659' title='bbox 1965 4390 2152 4438; x_wconf 81' lang='lat' dir='ltr'><strong>censet</strong></span> <span class='ocrx_word' id='word_1_660' title='bbox 2211 4383 2327 4439; x_wconf 66' lang='lat' dir='ltr'><strong>haec</strong></span> <span class='ocrx_word' id='word_1_661' title='bbox 2383 4383 2589 4438; x_wconf 89' lang='lat' dir='ltr'><strong>omnia.</strong></span> <span class='ocrx_word' id='word_1_662' title='bbox 2651 4382 2860 4438; x_wconf 82' lang='lat' dir='ltr'><strong>Horum</strong></span> <span class='ocrx_word' id='word_1_663' title='bbox 2908 4399 2974 4439; x_wconf 85' lang='lat' dir='ltr'><strong>ex</strong></span> <span class='ocrx_word' id='word_1_664' title='bbox 3029 4386 3351 4456; x_wconf 84' lang='lat' dir='ltr'><strong>angelorum</strong></span> 
     </span>
    </p>
   </div>
   <div class='ocr_carea' id='block_1_89' title="bbox 76 4453 1660 4532">
    <p class='ocr_par' dir='ltr' id='par_1_89' title="bbox 76 4453 1660 4532">
     <span class='ocr_line' id='line_1_89' title="bbox 76 4453 1660 4532; baseline 0.011 -30"><span class='ocrx_word' id='word_1_665' title='bbox 76 4453 395 4524; x_wconf 74' lang='grc' dir='ltr'>μιμολογίαν</span> <span class='ocrx_word' id='word_1_666' title='bbox 441 4458 1023 4532; x_wconf 85' lang='grc' dir='ltr'>όνοματοποιουμένοις</span> <span class='ocrx_word' id='word_1_667' title='bbox 1048 4463 1278 4519; x_wconf 82' lang='grc' dir='ltr'>τάττων.</span> <span class='ocrx_word' id='word_1_668' title='bbox 1313 4467 1423 4521; x_wconf 71' lang='grc' dir='ltr'>Καὶ</span> <span class='ocrx_word' id='word_1_669' title='bbox 1467 4467 1527 4532; x_wconf 77' lang='grc' dir='ltr'><strong>ἐξ</strong></span> <span class='ocrx_word' id='word_1_670' title='bbox 1560 4470 1660 4522; x_wconf 67' lang='grc' dir='ltr'>αὐο-</span> 
     </span>
    </p>
   </div>
   <div class='ocr_carea' id='block_1_90' title="bbox 75 4545 1660 4632">
    <p class='ocr_par' dir='ltr' id='par_1_90' title="bbox 75 4545 1660 4632">
     <span class='ocr_line' id='line_1_90' title="bbox 75 4545 1660 4632; baseline 0.012 -35"><span class='ocrx_word' id='word_1_671' title='bbox 75 4545 156 4598; x_wconf 76' lang='grc' dir='ltr'>τοῦ</span> <span class='ocrx_word' id='word_1_672' title='bbox 206 4549 528 4605; x_wconf 71' lang='grc' dir='ltr'>πεπλάσθαι</span> <span class='ocrx_word' id='word_1_673' title='bbox 581 4552 673 4606; x_wconf 83' lang='grc' dir='ltr'><strong>τὸν</strong></span> <span class='ocrx_word' id='word_1_674' title='bbox 733 4554 1052 4627; x_wconf 84' lang='grc' dir='ltr'>ἄνθρωπον,</span> <span class='ocrx_word' id='word_1_675' title='bbox 1113 4560 1205 4612; x_wconf 79' lang='grc' dir='ltr'><strong>καὶ</strong></span> <span class='ocrx_word' id='word_1_676' title='bbox 1267 4559 1490 4624; x_wconf 80' lang='grc' dir='ltr'>τούτους</span> <span class='ocrx_word' id='word_1_677' title='bbox 1542 4560 1660 4632; x_wconf 75' lang='grc' dir='ltr'><strong>ἅμα</strong></span> 
     </span>
    </p>
   </div>
   <div class='ocr_carea' id='block_1_91' title="bbox 73 4639 1658 4726">
    <p class='ocr_par' dir='ltr' id='par_1_91' title="bbox 73 4639 1658 4726">
     <span class='ocr_line' id='line_1_91' title="bbox 73 4639 1658 4726; baseline 0.01 -36"><span class='ocrx_word' id='word_1_678' title='bbox 73 4639 209 4709; x_wconf 71' lang='grc' dir='ltr'>αὐτῷ</span> <span class='ocrx_word' id='word_1_679' title='bbox 251 4643 622 4714; x_wconf 79' lang='grc' dir='ltr'>μεμερικέναι</span> <span class='ocrx_word' id='word_1_680' title='bbox 659 4645 751 4700; x_wconf 78' lang='grc' dir='ltr'>τὸν</span> <span class='ocrx_word' id='word_1_681' title='bbox 799 4647 1002 4718; x_wconf 77' lang='grc' dir='ltr'>κόσμον</span> <span class='ocrx_word' id='word_1_682' title='bbox 1050 4650 1194 4704; x_wconf 77' lang='grc' dir='ltr'>κατὰ</span> <span class='ocrx_word' id='word_1_683' title='bbox 1228 4650 1493 4723; x_wconf 82' lang='grc' dir='ltr'>διαίρεσιν</span> <span class='ocrx_word' id='word_1_684' title='bbox 1523 4653 1658 4726; x_wconf 77' lang='grc' dir='ltr'><strong>κλή·</strong></span> 
     </span>
    </p>
   </div>
   <div class='ocr_carea' id='block_1_92' title="bbox 72 4734 1662 4817">
    <p class='ocr_par' dir='ltr' id='par_1_92' title="bbox 72 4734 1662 4817">
     <span class='ocr_line' id='line_1_92' title="bbox 72 4734 1662 4817; baseline 0.01 -33"><span class='ocrx_word' id='word_1_685' title='bbox 72 4750 142 4804; x_wconf 78' lang='grc' dir='ltr'><strong>ρῳ</strong></span> <span class='ocrx_word' id='word_1_686' title='bbox 166 4734 276 4805; x_wconf 73' lang='grc'><strong>(56)</strong></span> <span class='ocrx_word' id='word_1_687' title='bbox 306 4735 390 4806; x_wconf 79' lang='grc' dir='ltr'>τῷ</span> <span class='ocrx_word' id='word_1_688' title='bbox 427 4736 625 4807; x_wconf 84' lang='grc' dir='ltr'>πλήθει</span> <span class='ocrx_word' id='word_1_689' title='bbox 651 4738 758 4791; x_wconf 85' lang='grc' dir='ltr'>τῶν</span> <span class='ocrx_word' id='word_1_690' title='bbox 784 4741 1032 4808; x_wconf 82' lang='grc' dir='ltr'>ἀγγέλων</span> <span class='ocrx_word' id='word_1_691' title='bbox 1053 4758 1066 4771; x_wconf 89' lang='grc'><strong>·</strong></span> <span class='ocrx_word' id='word_1_692' title='bbox 1097 4742 1272 4814; x_wconf 81' lang='grc' dir='ltr'>τούτῳ</span> <span class='ocrx_word' id='word_1_693' title='bbox 1306 4744 1361 4798; x_wconf 83' lang='grc' dir='ltr'>δὲ</span> <span class='ocrx_word' id='word_1_694' title='bbox 1405 4745 1662 4817; x_wconf 79' lang='grc' dir='ltr'>λελογχέ-</span> 
     </span>
    </p>
   </div>
   <div class='ocr_carea' id='block_1_93' title="bbox 76 4827 1659 4907">
    <p class='ocr_par' dir='ltr' id='par_1_93' title="bbox 76 4827 1659 4907">
     <span class='ocr_line' id='line_1_93' title="bbox 76 4827 1659 4907; baseline 0.011 -32"><span class='ocrx_word' id='word_1_695' title='bbox 76 4844 149 4876; x_wconf 61' lang='grc' dir='ltr'>θαι</span> <span class='ocrx_word' id='word_1_696' title='bbox 189 4827 250 4880; x_wconf 76' lang='grc' dir='ltr'>τὸ</span> <span class='ocrx_word' id='word_1_697' title='bbox 292 4827 458 4896; x_wconf 87' lang='grc' dir='ltr'>γένος</span> <span class='ocrx_word' id='word_1_698' title='bbox 501 4828 610 4884; x_wconf 84' lang='grc' dir='ltr'>τῶν</span> <span class='ocrx_word' id='word_1_699' title='bbox 669 4831 958 4889; x_wconf 82' lang='grc' dir='ltr'>Ἰουδαίων.</span> <span class='ocrx_word' id='word_1_700' title='bbox 1013 4834 1356 4907; x_wconf 69' lang='grc' dir='ltr'>Βλασφημῶν</span> <span class='ocrx_word' id='word_1_701' title='bbox 1393 4837 1450 4890; x_wconf 82' lang='grc' dir='ltr'>δὲ</span> <span class='ocrx_word' id='word_1_702' title='bbox 1496 4839 1659 4894; x_wconf 73' lang='grc' dir='ltr'>αὐτὸν</span> 
     </span>
    </p>
   </div>
   <div class='ocr_carea' id='block_1_94' title="bbox 73 4920 1656 5003">
    <p class='ocr_par' dir='ltr' id='par_1_94' title="bbox 73 4920 1656 5003">
     <span class='ocr_line' id='line_1_94' title="bbox 73 4920 1656 5003; baseline 0.012 -35"><span class='ocrx_word' id='word_1_703' title='bbox 73 4920 150 4970; x_wconf 61' lang='grc' dir='ltr'>τὴν</span> <span class='ocrx_word' id='word_1_704' title='bbox 179 4923 606 4997; x_wconf 80' lang='grc' dir='ltr'>παντοκράτορα.</span> <span class='ocrx_word' id='word_1_705' title='bbox 647 4924 870 4996; x_wconf 80' lang='grc' dir='ltr'>Κύριον,</span> <span class='ocrx_word' id='word_1_706' title='bbox 902 4927 994 4980; x_wconf 78' lang='grc' dir='ltr'><strong>τὸν</strong></span> <span class='ocrx_word' id='word_1_707' title='bbox 1021 4927 1192 4994; x_wconf 75' lang='grc' dir='ltr'>ὅντως</span> <span class='ocrx_word' id='word_1_708' title='bbox 1229 4929 1360 4983; x_wconf 80' lang='grc' dir='ltr'>ὄντα</span> <span class='ocrx_word' id='word_1_709' title='bbox 1391 4931 1528 4987; x_wconf 81' lang='grc' dir='ltr'>θεὸν</span> <span class='ocrx_word' id='word_1_710' title='bbox 1558 4933 1656 5003; x_wconf 77' lang='grc' dir='ltr'><strong>μό-</strong></span> 
     </span>
    </p>
   </div>
   <div class='ocr_carea' id='block_1_95' title="bbox 76 5013 1657 5092">
    <p class='ocr_par' dir='ltr' id='par_1_95' title="bbox 76 5013 1657 5092">
     <span class='ocr_line' id='line_1_95' title="bbox 76 5013 1657 5092; baseline 0.01 -29"><span class='ocrx_word' id='word_1_711' title='bbox 76 5027 170 5071; x_wconf 76' lang='grc' dir='ltr'>νον,</span> <span class='ocrx_word' id='word_1_712' title='bbox 202 5013 300 5067; x_wconf 78' lang='grc' dir='ltr'>καὶ</span> <span class='ocrx_word' id='word_1_713' title='bbox 339 5014 444 5085; x_wconf 81' lang='grc' dir='ltr'><strong>οὐχ</strong></span> <span class='ocrx_word' id='word_1_714' title='bbox 493 5015 682 5088; x_wconf 75' lang='grc' dir='ltr'>ἕτερον</span> <span class='ocrx_word' id='word_1_715' title='bbox 725 5014 969 5090; x_wconf 84' lang='grc' dir='ltr'>(Πατέρα</span> <span class='ocrx_word' id='word_1_716' title='bbox 1015 5020 1125 5092; x_wconf 73' lang='grc' dir='ltr'>γὰρ</span> <span class='ocrx_word' id='word_1_717' title='bbox 1169 5020 1265 5076; x_wconf 83' lang='grc' dir='ltr'><strong>τὸν</strong></span> <span class='ocrx_word' id='word_1_718' title='bbox 1302 5022 1467 5077; x_wconf 77' lang='grc' dir='ltr'>αὐτὸν</span> <span class='ocrx_word' id='word_1_719' title='bbox 1514 5019 1657 5080; x_wconf 75' lang='grc' dir='ltr'>εἶναι</span> 
     </span>
    </p>
   </div>
   <div class='ocr_carea' id='block_1_96' title="bbox 73 5100 1656 5187">
    <p class='ocr_par' dir='ltr' id='par_1_96' title="bbox 73 5100 1656 5187">
     <span class='ocr_line' id='line_1_96' title="bbox 73 5100 1656 5187; baseline 0.012 -34"><span class='ocrx_word' id='word_1_720' title='bbox 73 5100 433 5177; x_wconf 73' lang='grc' dir='ltr'>ὁμολογοῦμεν</span> <span class='ocrx_word' id='word_1_721' title='bbox 449 5105 546 5160; x_wconf 76' lang='grc' dir='ltr'><strong>τοῦ</strong></span> <span class='ocrx_word' id='word_1_722' title='bbox 559 5107 808 5180; x_wconf 79' lang='grc' dir='ltr'><strong>Κυρίουή</strong></span> <span class='ocrx_word' id='word_1_723' title='bbox 819 5109 936 5180; x_wconf 85' lang='grc' dir='ltr'>μῶν</span> <span class='ocrx_word' id='word_1_724' title='bbox 966 5109 1136 5184; x_wconf 81' lang='grc' dir='ltr'>Ἰησοῦ</span> <span class='ocrx_word' id='word_1_725' title='bbox 1155 5114 1437 5187; x_wconf 78' lang='grc' dir='ltr'>Χριστοῦ),</span> <span class='ocrx_word' id='word_1_726' title='bbox 1468 5116 1656 5171; x_wconf 80' lang='grc' dir='ltr'>τοῦτον</span> 
     </span>
    </p>
   </div>
   <div class='ocr_carea' id='block_1_97' title="bbox 182 5283 1720 5369">
    <p class='ocr_par' dir='ltr' id='par_1_97' title="bbox 182 5283 1720 5369">
     <span class='ocr_line' id='line_1_97' title="bbox 182 5283 1720 5369; baseline 0.009 -29"><span class='ocrx_word' id='word_1_727' title='bbox 182 5283 243 5342; x_wconf 76' lang='grc' dir='ltr'><strong>Ρ.</strong></span> <span class='ocrx_word' id='word_1_728' title='bbox 278 5288 680 5361; x_wconf 81' lang='grc' dir='ltr'>συσχολαστήν.</span> <span class='ocrx_word' id='word_1_729' title='bbox 758 5293 778 5323; x_wconf 77' lang='grc'>³</span> <span class='ocrx_word' id='word_1_730' title='bbox 809 5290 871 5345; x_wconf 82' lang='lat' dir='ltr'><strong>F.</strong></span> <span class='ocrx_word' id='word_1_731' title='bbox 907 5293 1170 5358; x_wconf 79' lang='grc' dir='ltr'>εἰσαῦθις.</span> <span class='ocrx_word' id='word_1_732' title='bbox 1247 5296 1268 5326; x_wconf 84' lang='grc'>³</span> <span class='ocrx_word' id='word_1_733' title='bbox 1309 5295 1370 5350; x_wconf 79' lang='lat' dir='ltr'><strong>F.</strong></span> <span class='ocrx_word' id='word_1_734' title='bbox 1401 5297 1720 5369; x_wconf 72' lang='grc' dir='ltr'>ἐληλάκασι.</span> 
     </span>
    </p>
   </div>
   <div class='ocr_carea' id='block_1_98' title="bbox 142 5441 1650 5521">
    <p class='ocr_par' dir='ltr' id='par_1_98' title="bbox 142 5441 1650 5521">
     <span class='ocr_line' id='line_1_98' title="bbox 142 5441 1650 5521; baseline 0.008 -27"><span class='ocrx_word' id='word_1_735' title='bbox 142 5441 256 5508; x_wconf 76' lang='grc'><strong>(55)</strong></span> <span class='ocrx_word' id='word_1_736' title='bbox 290 5445 409 5521; x_wconf 74' lang='lat' dir='ltr'><strong>Kal</strong></span> <span class='ocrx_word' id='word_1_737' title='bbox 467 5462 657 5521; x_wconf 47' lang='grc' dir='ltr'>τιγες-</span> <span class='ocrx_word' id='word_1_738' title='bbox 683 5448 1043 5521; x_wconf 60' lang='grc' dir='ltr'>έῳθοποιίας</span> <span class='ocrx_word' id='word_1_739' title='bbox 1104 5449 1650 5521; x_wconf 74' lang='grc' dir='ltr'>ὑπερϐαλλόμενος.</span> 
     </span>
    </p>
   </div>
   <div class='ocr_carea' id='block_1_99' title="bbox 75 5507 974 5587">
    <p class='ocr_par' dir='ltr' id='par_1_99' title="bbox 75 5507 974 5587">
     <span class='ocr_line' id='line_1_99' title="bbox 75 5507 974 5587; baseline 0.007 -23"><span class='ocrx_word' id='word_1_740' title='bbox 75 5507 224 5587; x_wconf 70' lang='lat' dir='ltr'><strong>Forte</strong></span> <span class='ocrx_word' id='word_1_741' title='bbox 241 5507 409 5578; x_wconf 75' lang='grc' dir='ltr'>τινάς</span> <span class='ocrx_word' id='word_1_742' title='bbox 431 5523 501 5587; x_wconf 10' lang='lat' dir='ltr'><strong>et;</strong></span> <span class='ocrx_word' id='word_1_743' title='bbox 517 5507 974 5587; x_wconf 71' lang='grc' dir='ltr'>ύπὸϐοἶλλόμενος.</span> 
     </span>
    </p>
   </div>
   <div class='ocr_carea' id='block_1_100' title="bbox 145 5583 1652 5662">
    <p class='ocr_par' dir='ltr' id='par_1_100' title="bbox 145 5583 1652 5662">
     <span class='ocr_line' id='line_1_100' title="bbox 145 5583 1652 5662; baseline 0.007 -25"><span class='ocrx_word' id='word_1_744' title='bbox 145 5583 252 5650; x_wconf 72' lang='grc'><strong>(56)</strong></span> <span class='ocrx_word' id='word_1_745' title='bbox 276 5588 450 5662; x_wconf 47' lang='lat' dir='ltr'><strong>“lima</strong></span> <span class='ocrx_word' id='word_1_746' title='bbox 475 5585 772 5662; x_wconf 60' lang='lat' dir='ltr'><strong>Bia/matr</strong></span> <span class='ocrx_word' id='word_1_747' title='bbox 795 5583 1026 5662; x_wconf 51' lang='grc' dir='ltr'><strong>ὂᾴήρῳ.</strong></span> <span class='ocrx_word' id='word_1_748' title='bbox 1050 5587 1164 5644; x_wconf 87' lang='lat' dir='ltr'><strong>Non</strong></span> <span class='ocrx_word' id='word_1_749' title='bbox 1193 5589 1384 5662; x_wconf 88' lang='lat' dir='ltr'><strong>dubito</strong></span> <span class='ocrx_word' id='word_1_750' title='bbox 1415 5592 1546 5662; x_wconf 85' lang='lat' dir='ltr'><strong>quin</strong></span> <span class='ocrx_word' id='word_1_751' title='bbox 1583 5593 1652 5648; x_wconf 88' lang='lat' dir='ltr'><strong>ad</strong></span> 
     </span>
    </p>
   </div>
   <div class='ocr_carea' id='block_1_101' title="bbox 73 5650 1662 5721">
    <p class='ocr_par' dir='ltr' id='par_1_101' title="bbox 73 5650 1662 5721">
     <span class='ocr_line' id='line_1_101' title="bbox 73 5650 1662 5721; baseline 0.008 -17"><span class='ocrx_word' id='word_1_752' title='bbox 73 5650 234 5708; x_wconf 66' lang='lat' dir='ltr'><strong>lacum</strong></span> <span class='ocrx_word' id='word_1_753' title='bbox 276 5655 432 5710; x_wconf 91' lang='lat' dir='ltr'><strong>illum</strong></span> <span class='ocrx_word' id='word_1_754' title='bbox 468 5650 808 5721; x_wconf 75' lang='lat' dir='ltr'><strong>rcsncxcrint</strong></span> <span class='ocrx_word' id='word_1_755' title='bbox 859 5650 1050 5713; x_wconf 70' lang='lat' dir='ltr'><strong>borum</strong></span> <span class='ocrx_word' id='word_1_756' title='bbox 1107 5650 1449 5718; x_wconf 74' lang='lat' dir='ltr'><strong>somniorum</strong></span> <span class='ocrx_word' id='word_1_757' title='bbox 1484 5664 1662 5717; x_wconf 77' lang='lat' dir='ltr'><strong>artiﬁ-</strong></span> 
     </span>
    </p>
   </div>
   <div class='ocr_carea' id='block_1_102' title="bbox 1761 4475 3353 4547">
    <p class='ocr_par' dir='ltr' id='par_1_102' title="bbox 1761 4475 3353 4547">
     <span class='ocr_line' id='line_1_102' title="bbox 1761 4475 3353 4547; baseline 0.007 -20"><span class='ocrx_word' id='word_1_758' title='bbox 1761 4488 1992 4529; x_wconf 87' lang='lat' dir='ltr'><strong>numero</strong></span> <span class='ocrx_word' id='word_1_759' title='bbox 2026 4490 2195 4529; x_wconf 92' lang='lat' dir='ltr'><strong>unum</strong></span> <span class='ocrx_word' id='word_1_760' title='bbox 2236 4475 2522 4531; x_wconf 83' lang='lat' dir='ltr'><strong>constituit</strong></span> <span class='ocrx_word' id='word_1_761' title='bbox 2568 4475 2751 4541; x_wconf 78' lang='lat' dir='ltr'><strong>deum,</strong></span> <span class='ocrx_word' id='word_1_762' title='bbox 2814 4491 2978 4547; x_wconf 88' lang='lat' dir='ltr'><strong>quem</strong></span> <span class='ocrx_word' id='word_1_763' title='bbox 3031 4486 3101 4532; x_wconf 82' lang='grc' dir='ltr'><strong>ιιι·¹</strong></span> <span class='ocrx_word' id='word_1_764' title='bbox 3123 4479 3195 4534; x_wconf 86' lang='lat' dir='ltr'><strong>ab</strong></span> <span class='ocrx_word' id='word_1_765' title='bbox 3226 4480 3353 4538; x_wconf 78' lang='lat' dir='ltr'><strong>aliis</strong></span> 
     </span>
    </p>
   </div>
   <div class='ocr_carea' id='block_1_103' title="bbox 1761 4564 3353 4642">
    <p class='ocr_par' dir='ltr' id='par_1_103' title="bbox 1761 4564 3353 4642">
     <span class='ocr_line' id='line_1_103' title="bbox 1761 4564 3353 4642; baseline 0.004 -21"><span class='ocrx_word' id='word_1_766' title='bbox 1761 4565 2066 4636; x_wconf 82' lang='lat' dir='ltr'><strong>distinguat</strong></span> <span class='ocrx_word' id='word_1_767' title='bbox 2123 4566 2232 4637; x_wconf 80' lang='lat'><strong>70</strong></span> <span class='ocrx_word' id='word_1_768' title='bbox 2271 4564 2475 4622; x_wconf 65' lang='lat' dir='ltr'><strong>Judaeis</strong></span> <span class='ocrx_word' id='word_1_769' title='bbox 2521 4566 2790 4622; x_wconf 83' lang='lat' dir='ltr'><strong>duntaxat</strong></span> <span class='ocrx_word' id='word_1_770' title='bbox 2842 4569 3113 4639; x_wconf 63' lang='lat' dir='ltr'><strong>praeponit</strong></span> <span class='ocrx_word' id='word_1_771' title='bbox 3143 4588 3156 4624; x_wconf 88' lang='lat'><strong>:</strong></span> <span class='ocrx_word' id='word_1_772' title='bbox 3188 4577 3353 4642; x_wconf 88' lang='lat' dir='ltr'><strong>atque</strong></span> 
     </span>
    </p>
   </div>
   <div class='ocr_carea' id='block_1_104' title="bbox 1763 4655 3354 4727">
    <p class='ocr_par' dir='ltr' id='par_1_104' title="bbox 1763 4655 3354 4727">
     <span class='ocr_line' id='line_1_104' title="bbox 1763 4655 3354 4727; baseline 0.003 -15"><span class='ocrx_word' id='word_1_773' title='bbox 1763 4655 2014 4712; x_wconf 86' lang='lat' dir='ltr'><strong>eumdem</strong></span> <span class='ocrx_word' id='word_1_774' title='bbox 2040 4657 2218 4727; x_wconf 89' lang='lat' dir='ltr'><strong>ipsum</strong></span> <span class='ocrx_word' id='word_1_775' title='bbox 2250 4656 2305 4710; x_wconf 93' lang='lat' dir='ltr'><strong>in</strong></span> <span class='ocrx_word' id='word_1_776' title='bbox 2345 4670 2539 4711; x_wconf 89' lang='lat' dir='ltr'><strong>eorum</strong></span> <span class='ocrx_word' id='word_1_777' title='bbox 2593 4656 2914 4726; x_wconf 89' lang='lat' dir='ltr'><strong>angelorum</strong></span> <span class='ocrx_word' id='word_1_778' title='bbox 2951 4656 3203 4714; x_wconf 91' lang='lat' dir='ltr'><strong>ordinem</strong></span> <span class='ocrx_word' id='word_1_779' title='bbox 3264 4675 3354 4716; x_wconf 87' lang='lat' dir='ltr'><strong>re-</strong></span> 
     </span>
    </p>
   </div>
   <div class='ocr_carea' id='block_1_105' title="bbox 1764 4745 3353 4818">
    <p class='ocr_par' dir='ltr' id='par_1_105' title="bbox 1764 4745 3353 4818">
     <span class='ocr_line' id='line_1_105' title="bbox 1764 4745 3353 4818; baseline 0.004 -18"><span class='ocrx_word' id='word_1_780' title='bbox 1764 4745 1892 4810; x_wconf 80' lang='lat' dir='ltr'><strong>fert,</strong></span> <span class='ocrx_word' id='word_1_781' title='bbox 1921 4745 2126 4816; x_wconf 85' lang='lat' dir='ltr'><strong>quibus</strong></span> <span class='ocrx_word' id='word_1_782' title='bbox 2156 4746 2486 4802; x_wconf 88' lang='lat' dir='ltr'><strong>histrionico</strong></span> <span class='ocrx_word' id='word_1_783' title='bbox 2531 4761 2686 4802; x_wconf 87' lang='lat' dir='ltr'><strong>more</strong></span> <span class='ocrx_word' id='word_1_784' title='bbox 2728 4754 2910 4802; x_wconf 88' lang='lat' dir='ltr'><strong>certas</strong></span> <span class='ocrx_word' id='word_1_785' title='bbox 2956 4748 3353 4818; x_wconf 83' lang='lat' dir='ltr'><strong>appellationes</strong></span> 
     </span>
    </p>
   </div>
   <div class='ocr_carea' id='block_1_106' title="bbox 1768 4837 3349 4911">
    <p class='ocr_par' dir='ltr' id='par_1_106' title="bbox 1768 4837 3349 4911">
     <span class='ocr_line' id='line_1_106' title="bbox 1768 4837 3349 4911; baseline 0.003 -18"><span class='ocrx_word' id='word_1_786' title='bbox 1768 4837 1986 4895; x_wconf 84' lang='lat' dir='ltr'><strong>indidit.</strong></span> <span class='ocrx_word' id='word_1_787' title='bbox 2024 4838 2108 4894; x_wconf 89' lang='lat' dir='ltr'><strong>Ab</strong></span> <span class='ocrx_word' id='word_1_788' title='bbox 2148 4839 2241 4894; x_wconf 90' lang='lat' dir='ltr'><strong>illo</strong></span> <span class='ocrx_word' id='word_1_789' title='bbox 2278 4855 2410 4896; x_wconf 84' lang='lat' dir='ltr'><strong>vero</strong></span> <span class='ocrx_word' id='word_1_790' title='bbox 2461 4839 2756 4895; x_wconf 84' lang='lat' dir='ltr'><strong>formatum</strong></span> <span class='ocrx_word' id='word_1_791' title='bbox 2811 4841 3091 4898; x_wconf 86' lang='lat' dir='ltr'><strong>hominem</strong></span> <span class='ocrx_word' id='word_1_792' title='bbox 3147 4843 3349 4911; x_wconf 86' lang='lat' dir='ltr'><strong>docet;</strong></span> 
     </span>
    </p>
   </div>
   <div class='ocr_carea' id='block_1_107' title="bbox 1765 4932 3355 5004">
    <p class='ocr_par' dir='ltr' id='par_1_107' title="bbox 1765 4932 3355 5004">
     <span class='ocr_line' id='line_1_107' title="bbox 1765 4932 3355 5004; baseline 0.002 -16"><span class='ocrx_word' id='word_1_793' title='bbox 1765 4948 1875 5004; x_wconf 90' lang='lat' dir='ltr'><strong>quo</strong></span> <span class='ocrx_word' id='word_1_794' title='bbox 1898 4947 2022 4988; x_wconf 92' lang='lat' dir='ltr'><strong>cum</strong></span> <span class='ocrx_word' id='word_1_795' title='bbox 2060 4933 2244 4988; x_wconf 66' lang='lat' dir='ltr'><strong>caeteri</strong></span> <span class='ocrx_word' id='word_1_796' title='bbox 2282 4934 2598 4989; x_wconf 81' lang='lat' dir='ltr'><strong>universam</strong></span> <span class='ocrx_word' id='word_1_797' title='bbox 2627 4932 2686 4987; x_wconf 91' lang='lat' dir='ltr'><strong>in</strong></span> <span class='ocrx_word' id='word_1_798' title='bbox 2734 4933 3057 5004; x_wconf 80' lang='lat' dir='ltr'><strong>angelorum</strong></span> <span class='ocrx_word' id='word_1_799' title='bbox 3107 4935 3355 4991; x_wconf 84' lang='lat' dir='ltr'><strong>multitu-</strong></span> 
     </span>
    </p>
   </div>
   <div class='ocr_carea' id='block_1_108' title="bbox 1764 5025 3352 5099">
    <p class='ocr_par' dir='ltr' id='par_1_108' title="bbox 1764 5025 3352 5099">
     <span class='ocr_line' id='line_1_108' title="bbox 1764 5025 3352 5099; baseline 0.003 -19"><span class='ocrx_word' id='word_1_800' title='bbox 1764 5026 1947 5081; x_wconf 87' lang='lat' dir='ltr'><strong>dinem</strong></span> <span class='ocrx_word' id='word_1_801' title='bbox 1989 5025 2188 5082; x_wconf 89' lang='lat' dir='ltr'><strong>sortito</strong></span> <span class='ocrx_word' id='word_1_802' title='bbox 2214 5026 2478 5081; x_wconf 91' lang='lat' dir='ltr'><strong>mundum</strong></span> <span class='ocrx_word' id='word_1_803' title='bbox 2509 5025 2953 5081; x_wconf 81' lang='lat' dir='ltr'><strong>distribuerunt:</strong></span> <span class='ocrx_word' id='word_1_804' title='bbox 3001 5042 3069 5082; x_wconf 85' lang='lat' dir='ltr'><strong>ex</strong></span> <span class='ocrx_word' id='word_1_805' title='bbox 3110 5043 3224 5099; x_wconf 90' lang='lat' dir='ltr'><strong>quo</strong></span> <span class='ocrx_word' id='word_1_806' title='bbox 3265 5029 3352 5084; x_wconf 88' lang='lat' dir='ltr'><strong>fa-</strong></span> 
     </span>
    </p>
   </div>
   <div class='ocr_carea' id='block_1_109' title="bbox 1763 5117 3351 5191">
    <p class='ocr_par' dir='ltr' id='par_1_109' title="bbox 1763 5117 3351 5191">
     <span class='ocr_line' id='line_1_109' title="bbox 1763 5117 3351 5191; baseline 0.005 -20"><span class='ocrx_word' id='word_1_807' title='bbox 1763 5129 1911 5175; x_wconf 76' lang='lat' dir='ltr'><strong>ctum</strong></span> <span class='ocrx_word' id='word_1_808' title='bbox 1945 5128 2053 5185; x_wconf 87' lang='lat' dir='ltr'><strong>cst,</strong></span> <span class='ocrx_word' id='word_1_809' title='bbox 2107 5127 2165 5174; x_wconf 84' lang='lat' dir='ltr'><strong>ut</strong></span> <span class='ocrx_word' id='word_1_810' title='bbox 2216 5119 2289 5174; x_wconf 90' lang='lat' dir='ltr'><strong>illi</strong></span> <span class='ocrx_word' id='word_1_811' title='bbox 2330 5117 2644 5175; x_wconf 67' lang='lat' dir='ltr'><strong>Iudaeorum</strong></span> <span class='ocrx_word' id='word_1_812' title='bbox 2690 5133 2863 5191; x_wconf 83' lang='lat' dir='ltr'><strong>genus</strong></span> <span class='ocrx_word' id='word_1_813' title='bbox 2904 5121 3206 5178; x_wconf 81' lang='lat' dir='ltr'><strong>obveniret.</strong></span> <span class='ocrx_word' id='word_1_814' title='bbox 3258 5123 3351 5179; x_wconf 90' lang='lat' dir='ltr'><strong>Sic</strong></span> 
     </span>
    </p>
   </div>
   <div class='ocr_carea' id='block_1_110' title="bbox 1763 5457 3351 5531">
    <p class='ocr_par' dir='ltr' id='par_1_110' title="bbox 1763 5457 3351 5531">
     <span class='ocr_line' id='line_1_110' title="bbox 1763 5457 3351 5531; baseline 0.002 -20"><span class='ocrx_word' id='word_1_815' title='bbox 1763 5471 1884 5531; x_wconf 75' lang='lat' dir='ltr'><strong>ccs,</strong></span> <span class='ocrx_word' id='word_1_816' title='bbox 1907 5461 1997 5527; x_wconf 88' lang='lat' dir='ltr'><strong>qui</strong></span> <span class='ocrx_word' id='word_1_817' title='bbox 2049 5468 2140 5531; x_wconf 84' lang='lat' dir='ltr'><strong>cst</strong></span> <span class='ocrx_word' id='word_1_818' title='bbox 2170 5458 2324 5516; x_wconf 82' lang='lat' dir='ltr'><strong>Deut.</strong></span> <span class='ocrx_word' id='word_1_819' title='bbox 2377 5477 2549 5524; x_wconf 68' lang='grc' dir='ltr'>χχχιι,</span> <span class='ocrx_word' id='word_1_820' title='bbox 2595 5461 2648 5524; x_wconf 85' lang='lat'><strong>8.</strong></span> <span class='ocrx_word' id='word_1_821' title='bbox 2690 5476 2754 5516; x_wconf 81' lang='lat' dir='ltr'><strong>cx</strong></span> <span class='ocrx_word' id='word_1_822' title='bbox 2805 5457 2949 5514; x_wconf 79' lang='lat' dir='ltr'><strong>LXX</strong></span> <span class='ocrx_word' id='word_1_823' title='bbox 2985 5457 3351 5531; x_wconf 83' lang='lat' dir='ltr'><strong>Interpretum</strong></span> 
     </span>
    </p>
   </div>
   <div class='ocr_carea' id='block_1_111' title="bbox 1761 5528 3352 5653">
    <p class='ocr_par' dir='ltr' id='par_1_111' title="bbox 1761 5528 3352 5653">
     <span class='ocr_line' id='line_1_111' title="bbox 1761 5528 3352 5653; baseline 0.005 -74"><span class='ocrx_word' id='word_1_824' title='bbox 1761 5528 2045 5653; x_wconf 42' lang='lat' dir='ltr'><strong>cduignej</strong></span> <span class='ocrx_word' id='word_1_825' title='bbox 2084 5530 2352 5604; x_wconf 75' lang='grc' dir='ltr'>Ἔστησεν</span> <span class='ocrx_word' id='word_1_826' title='bbox 2387 5531 2511 5605; x_wconf 82' lang='grc' dir='ltr'>ὅρια</span> <span class='ocrx_word' id='word_1_827' title='bbox 2545 5531 2714 5588; x_wconf 80' lang='grc' dir='ltr'>ἐθνῶν</span> <span class='ocrx_word' id='word_1_828' title='bbox 2749 5531 2891 5588; x_wconf 82' lang='grc' dir='ltr'>κατὰ</span> <span class='ocrx_word' id='word_1_829' title='bbox 2919 5528 3154 5605; x_wconf 84' lang='grc' dir='ltr'>ἀριθμὸν</span> <span class='ocrx_word' id='word_1_830' title='bbox 3185 5529 3352 5603; x_wconf 72' lang='grc' dir='ltr'>ἀγγέ-</span> 
     </span>
     <span class='ocr_line' id='line_1_112' title="bbox 1763 5616 2047 5653; baseline 0.014 -4"><span class='ocrx_word' id='word_1_831' title='bbox 1763 5616 1868 5652; x_wconf 75' lang='grc' dir='ltr'>ι.ων</span> <span class='ocrx_word' id='word_1_832' title='bbox 1940 5617 2047 5653; x_wconf 71' lang='grc' dir='ltr'>εον.</span> 
     </span>
    </p>
   </div>
  </div>
