3760 6176
85 158 170 211 5:3
681 161 1060 220 ADVERSUS
1092 162 1441 221 umncscs
1483 165 1610 223 un.
1654 176 1695 224 ι.
1738 170 1906 227 TOM.
1947 171 2013 225 ιι.
2052 201 2124 210 -
2157 170 2437 228 umens.
2478 172 2669 228 xx”.
2857 148 2863 154 ’
3231 165 3340 229 sit

77 279 187 338 τοὺς
228 275 377 347 αὐτῷ
430 277 903 351 μαθητευομένους
938 281 1204 336 ἐπιτελεῖν
1228 322 1243 347 ,
1281 283 1482 355 ἄνδρας
1516 301 1562 355 μι

1856 302 2116 356 νειοεειιιιι
2149 282 2241 341 illa
2273 286 2594 358 impuritate
2636 286 2913 357 capiente,
2943 285 3108 356 cujus
3147 294 3341 340 auctor

77 367 684 440 γυναικῶνοπολυμιξίαν
699 371 820 425 τινὰ
833 373 1010 444 κακῆς
1029 375 1337 438 ὑποθέσεως
1357 375 1482 440 τοὺς
1501 379 1562 430 αύ

1856 396 1951 434 ιοιι
1999 378 2120 443 fuit,
2175 381 2384 434 nullum
2445 396 2554 436 non
2615 377 2906 450 pravitatis
2982 377 3341 448 libidinisque

79 460 385 528 πεισθέντας
414 465 720 518 ἐκδιδάσκει
740 483 752 495 ·
781 466 856 529 ὡς
875 466 1022 534 λέγει
1047 469 1074 522 ὁ
1120 469 1472 535 Ἀπόστολος⁶
1525 471 1564 524 ἰ

1866 489 1930 527 us
1971 472 2286 528 obeundum
2319 473 2610 543 discipulis
2650 471 2946 540 permittit;
2985 471 3343 538 virorumque

79 551 275 617 τούτοις
333 556 426 609 καὶ
479 559 592 620 τοῖς
640 557 846 627 ὁμοίοις
904 559 1087 613 αὐτῶν
1159 561 1564 616 ἀποκαλύπτεσ(

1873 565 2164 620 mulierum
2204 566 2549 636 promiscuos
2593 565 2947 626 concubitus,
2996 571 3050 617 et
3097 564 3341 617 scelera-

79 647 232 717 ὀργὴν
283 647 442 714 Θεοῦ,
515 652 608 703 καὶ
655 651 1050 723 δικαιοκρισίαν
1095 656 1186 708 ἐπὶ
1215 655 1340 720 τοὶς
1382 657 1481 727 τὴν
1515 657 1564 710 di

1860 674 1937 712 im
1971 658 2294 729 dogmatum
2332 657 2645 728 congeriem
2671 656 3044 711 sectatoribus
3070 657 3187 710 suis
3218 670 3345 723 pro-

81 743 216 792 θειαν
269 742 328 792 ἐν
363 742 547 814 ἀδικίᾳ
597 745 946 814 κατέχοντας.
996 747 1097 800 Διά
1149 748 1353 820 ταύτην
1397 750 1505 819 γὰρ
1554 769 1566 799 ιτ

1854 751 1928 806 iit.
1965 751 2122 817 Quod
2155 764 2208 806 et
2234 752 2301 805 ab
2335 751 2600 821 Apostolo
2635 757 2885 804 notatum
2926 757 3032 811 cst,
3064 762 3189 802 curn
3227 746 3339 810 ait,

82 829 246 884 αἰτίαν
280 830 382 900 τῆς
409 833 739 902 ἡδυπαθείας
771 835 952 888 πολλοὶ
991 837 1070 900 είς
1109 835 1205 908 τὴν
1246 839 1457 908 αἵρεσιν
1489 841 1567 909 ἐμι

1856 843 1933 898 nis
1959 855 2014 898 et
2039 843 2234 898 horum
2261 843 2538 898 similibus
2579 844 2714 896 iram
2747 841 2843 896 Dei
2875 840 3128 904 revelari,
3159 853 3224 894 ac
3254 838 3341 907 ju-

81 936 328 984 τετουσιν,
383 922 553 986 ἀδεῶς
605 924 952 996 εὑρίσκοντες
993 926 1262 980 ἐπιτελεῖν
1313 928 1410 999 τὴν
1461 929 1566 1000 ἡδοπ

1858 951 1901 988 ιιι
1929 935 2195 1006 judicium
2216 937 2272 989 in
2289 951 2409 1000 eos,
2448 937 2542 1006 qui
2571 934 2928 991 veritatemin
2955 934 3173 1004 justitia
3209 933 3343 987 deti-

82 1012 279 1068 ὲαυτῶν
304 1014 364 1067 ἐν
395 1017 518 1078 ταῖς
556 1018 990 1088 αἰσχρουργίαις.

1856 1039 1890 1083 ιι
1913 1030 1952 1082 ¹.
1993 1027 2130 1082 Nam
2161 1029 2236 1083 ob
2263 1044 2358 1084 eas
2389 1029 2701 1100 voluptates
2729 1027 2976 1097 plerique
3003 1028 3070 1080 ad
3103 1026 3341 1082 hmresin

1376 1105 1385 1114 ⁸
1757 1119 2099 1184 desciscunt,
2129 1120 2223 1175 ubi
2258 1119 2582 1175 fmdissimis
2624 1120 2851 1192 flagitiis
2895 1122 3116 1188 impune
3161 1119 3344 1174 libidi-

1757 1229 1882 1271 nem
1921 1228 2077 1268 suam
2101 1213 2326 1284 explere
2351 1215 2584 1283 possint.

143 1293 212 1346 A'.
257 1293 509 1348 Διδάσκει
533 1295 589 1348 δὲ
622 1295 785 1350 πάλιν
829 1296 922 1350 καὶ
960 1297 1261 1368 ἀνατρέπει
1299 1298 1546 1370 φάσκων,
1580 1305 1628 1373 μὲ

1856 1303 1918 1358 V.
1949 1304 2094 1371 Quin
2121 1305 2286 1359 etiam
2327 1304 2435 1356 alio
2467 1303 2801 1357 documento
2851 1317 2951 1356 suo
3001 1309 3341 1358 sectatorum

78 1384 176 1436 δεῖν
222 1389 544 1457 μαρτυρεῖν.
595 1387 653 1439 ὐ
681 1386 790 1459 γάρ
833 1387 1129 1460 μαρτυρῶν
1164 1391 1391 1461 ἄμισθος
1427 1394 1563 1466 εύρεε

1860 1414 1975 1454 mos
2003 1398 2328 1468 corrumpit.
2363 1397 2452 1450 Ait
2490 1396 2635 1451 enim
2672 1395 3001 1466 martyrium
3043 1394 3198 1450 obire
3247 1408 3345 1448 nc-

77 1493 239 1542 σεται,
280 1477 572 1550 μαρτυρῶν
601 1479 739 1549 ὑπὲρ
776 1478 871 1532 τοῦ
918 1482 1280 1552 πεποιηκότος
1310 1483 1401 1536 τὸν
1442 1483 1562 1556 ἄνθ(

1858 1506 2034 1561 nquam
2081 1499 2358 1560 oportere.
2413 1488 2518 1555 Qui
2567 1490 2716 1543 enim
2761 1488 2812 1542 id
2869 1488 3034 1541 faciat
3088 1485 3343 1541 mercede

77 1587 193 1622 πον·
233 1574 509 1642 μαρτυρεῖ
537 1571 646 1643 γὰρ
686 1573 826 1644 ὑπὲρ
874 1573 969 1626 τοῦ
1003 1575 1421 1646 ὲσταυρωμένου
1473 1576 1562 1647 Σίμ

1857 1584 2084 1646 iturum,
2113 1598 2236 1638 cum
2271 1584 2326 1636 in
2353 1582 2476 1651 ejus
2510 1582 2601 1651 qui
2628 1582 2906 1636 hominem
2941 1580 3187 1634 condidit
3214 1594 3342 1650 gra-

73 1680 168 1724 νος.
210 1662 388 1716 Πόθεν
426 1663 483 1716 δὲ
517 1663 694 1734 τούτῳ
743 1664 934 1734 μισθὸς
965 1667 1072 1736 εἴη,
1123 1666 1284 1720 ὁπότε
1323 1668 1558 1738 ἀποθνήσ

1862 1691 1892 1728 ιι
1930 1675 2080 1730 istud
2116 1675 2413 1744 suscipiat;
2457 1682 2511 1728 et
2562 1683 2746 1728 tamen
2792 1675 2860 1728 ad
2914 1675 3195 1728 Simonem
3251 1672 3347 1740 qui

74 1757 161 1825 μὲν
190 1755 334 1826 ὑπὲρ
366 1755 611 1826 Σίμωνος
645 1757 1204 1830 τοῦιέσταυρωμένου,
1241 1759 1382 1831 ὑπὲρ
1415 1763 1559 1833 Χρισν

1862 1783 2063 1838 pensus
2096 1769 2153 1822 in
2192 1783 2360 1823 cruce
2409 1767 2482 1822 sit
2517 1769 2838 1838 martyrium
2881 1766 3174 1822 referatur.
3247 1763 3347 1816 Et-

66 1848 116 1900 δὲ
149 1845 309 1901 τοῦτο
338 1851 510 1900 ποιεῖν
534 1848 808 1919 ὁμολογεῖ,
839 1850 867 1902 ὃ
895 1852 1100 1918 ἀγνοεῖ,
1127 1851 1486 1924 ἀποθνήσκων
1514 1855 1551 1907 ὑί

1864 1875 1899 1912 ιι
1924 1860 2268 1914 undenamei
2303 1860 2586 1930 praemium
2628 1859 3087 1929 exspectandum,
3121 1858 3214 1927 qui
3249 1869 3349 1925 pro

68 1930 122 1991 οὗ
145 1941 203 1992 ού
239 1941 539 2008 γινώσκει;
577 1942 669 1994 Δεῖ
705 1942 886 1997 τοίνυν
936 1943 1226 2014 ἀρκεῖσθαι
1253 1943 1387 2016 (58),
1432 1946 1526 2000 καὶ

1864 1967 1982 2005 ione
2031 1950 2300 2006 cruciﬁxo
2361 1962 2592 2006 mortem
2655 1960 2923 2022 oppetens
2984 1951 3224 2019 idipsum
3287 1962 3349 2004 se

74 2029 375 2099 προαλόντα
401 2029 790 2102 ἀποθνήσκειν.

1864 2041 1963 2094 'isti
1997 2057 2166 2096 causa
2204 2040 2386 2096 facere
2421 2041 2732 2110 proﬁtetur,
2781 2051 2836 2095 ct
2873 2041 3094 2112 quidem
3136 2040 3349 2108 impru-

68 2122 224 2176 dens?
257 2121 394 2175 Nam
434 2137 534 2193 pro
599 2137 664 2178 eo
697 2139 861 2194 quem
905 2124 1140 2195 ignorat,
1183 2125 1345 2182 morti
1410 2141 1534 2182 sese
1599 2131 1920 2188 committit.
1959 2132 2221 2188 Suﬁicere
2249 2150 2381 2205 ergo
2422 2134 2582 2189 nobis
2621 2134 2769 2190 istud
2801 2135 2957 2189 debet
3025 2151 3039 2187 :
3071 2147 3249 2202 neque
3300 2128 3350 2184 si

67 2217 266 2272 detenti
321 2216 590 2272 fuerimus
651 2221 849 2274 mortis
905 2235 1064 2288 pmna
1096 2220 1410 2276 subeunda.

131 2313 204 2367 E'.
247 2314 641 2386 Φωραθήσεται
673 2315 730 2369 δὲ
763 2310 918 2380 οὗτος
939 2317 1252 2389 διαϐολικὴν
1275 2318 1505 2390 δύναμιν
1538 2321 1616 2372 είσ

1862 2315 1896 2370 ί.
1933 2315 2230 2371 Enimvero
2269 2316 2602 2372 diabolicam
2652 2317 2950 2388 quamdam
2984 2318 3093 2372 vim
3127 2318 3191 2372 ad
3225 2318 3347 2372 ani-

67 2405 366 2474 ηγούμενος
416 2406 558 2460 κατά
597 2407 706 2461 τῶν
741 2407 951 2478 ψυχῶν,
996 2411 1436 2481 ἀπαρνησιθεϊαν
1481 2412 1550 2465 αύ

1865 2426 1976 2464 rum
2007 2411 2162 2464 illum
2201 2410 2477 2466 invexisse
2513 2412 2814 2481 perniciem
2849 2412 3010 2466 facile
3041 2413 3350 2482 drprehen-

70 2498 432 2554 ἑκδ.δάσκων·
477 2501 636 2554 ὁπότε
672 2503 836 2566 αὐτὸς
866 2505 894 2555 ὁ
928 2503 1131 2575 Κύριος
1173 2505 1340 2575 φησί·
1389 2505 1499 2560 Τὸν
1551 2531 1555 2556 t

1863 2520 1971 2567 ius,
2034 2513 2091 2557 ut
2131 2503 2228 2572 qui
2265 2502 2436 2558 Deum
2480 2504 2699 2572 ejurare
2729 2504 2852 2558 illos
2885 2505 3135 2566 edoceat,
3170 2520 3348 2573 quan-

68 2594 368 2662 γούμενόν
393 2612 472 2662 με
495 2593 753 2650 ἐνώπιον
792 2595 908 2651 τῶν
951 2600 1298 2667 ἀνθρώπων,
1317 2600 1553 2669 ἀρνήσο

1871 2595 2051 2650 uidem
2112 2595 2374 2651 Dominus
2416 2598 2537 2665 ipse
2581 2595 2758 2650 dicit:
2789 2596 2893 2660 Qui
2943 2597 3206 2666 negaverit
3269 2613 3352 2651 me

69 2684 224 2753 κάγὼ
263 2685 457 2740 αὐτὸν
481 2687 740 2742 ἐνώπιον
776 2688 884 2742 τοῦ
917 2692 1150 2759 Πατρός
1170 2708 1290 2760 μου
1319 2693 1425 2746 τοῦ
1458 2693 1554 2747 ὲν‹

1868 2707 1941 2743 ιηι
1983 2689 2304 2753 hominibus,
2354 2691 2551 2759 negabo
2597 2698 2645 2740 et
2694 2704 2786 2757 ego
2817 2705 2937 2741 eum
2971 2705 3152 2741 coram
3191 2688 3353 2743 Patre

62 2778 287 2844 paroi'c.
367 2779 532 2833 Ἀλλά
577 2781 740 2851 φησιν
769 2784 798 2835 ὁ
855 2783 1130 2854 ἀγύρτηςο
1179 2785 1403 2856 Ἡμεῖς,
1460 2804 1547 2857 φης

1913 2798 2026 2836 meo
2061 2782 2150 2852 qui
2196 2782 2251 2834 in
2297 2782 2442 2836 cretis
2489 2791 2568 2835 est
2599 2782 2645 2834 ³.
2683 2780 2753 2832 At
2786 2779 2934 2833 enim
2970 2788 3247 2836 veterator
3270 2781 3351 2834 lo-

69 2872 229 2941 ἐσμὲν
258 2874 307 2925 οἱ
335 2872 648 2944 ἆνθριιινιτοι⁸
683 2877 733 2927 ot
767 2875 825 2928 δὲ
853 2875 1002 2930 ἄλλοι
1045 2876 1248 2940 πάντες
1283 2875 1378 2941 ὗες
1421 2879 1514 2931 καὶ

1865 2885 1952 2930 ιιιι·
1987 2873 2156 2944 :Nos,
2197 2876 2398 2945 inquit,
2447 2875 2703 2928 homines
2741 2888 2937 2928 sumus
2967 2891 2979 2926 :
3009 2872 3193 2927 caeteri
3230 2888 3350 2926 om-

65 2982 167 3028 νες.
205 2966 323 3019 Καὶ
357 2965 446 3019 διά
474 2966 630 3020 τοῦτο
667 2961 820 3020 εἷπε·
855 2967 952 3036 Μὴ
981 2967 1220 3037 βάλητε
1253 2971 1396 3036 τοὺς
1430 2987 1550 3041 [mp

1898 2968 2036 3022 nihil
2073 2967 2224 3021 aliud
2253 2983 2417 3037 quam
2453 2982 2583 3022 sues
2621 2974 2676 3021 et
2712 2981 2898 3020 canes.
2940 2965 3177 3034 Ideoque
3218 2965 3351 3020 scri-

61 3061 227 3125 ,οἱτας
251 3061 602 3130 ἔμπροσθεν
630 3059 750 3114 τῶν
777 3062 1018 3130 χοίρων,
1037 3063 1194 3132 μηδὲ
1218 3063 1355 3118 δότε
1392 3065 1456 3118 τὸ
1487 3065 1546 3135 ἄη

1865 3074 1915 3112 m
1947 3067 2034 3114 est
2063 3077 2076 3112 :
2109 3057 2292 3113 Nolite
2311 3062 2493 3128 jacere
2524 3059 2849 3130 margaritas
2869 3065 2992 3110 ante
3014 3073 3225 3122 porcos,
3256 3074 3349 3112 ne-

65 3151 182 3218 εοῖς
213 3156 390 3206 κυσί.
445 3152 698 3224 Κρύπτει
736 3152 845 3224 γὰρ
897 3155 1092 3208 ἑαυτοῦ
1133 3156 1234 3227 τὴν
1283 3155 1497 3211 ἀδικίαν

1887 3148 2017 3202 dare
2051 3159 2296 3206 satiatum
2327 3149 2550 3203 canibus
2583 3149 2626 3202 ³.
2661 3148 2945 3218 Siquidem
2977 3148 3045 3204 de
3094 3164 3193 3203 sua
3249 3149 3351 3203 im-

67 3246 166 3297 τῶν
192 3245 324 3300 νοῦν
359 3247 628 3316 ἑχόντων·
661 3246 1040 3300 ἀποκαλύπτει
1085 3248 1142 3300 δὲ
1197 3251 1264 3319 τῇ
1297 3249 1462 3302 αὑτοῦ
1495 3267 1552 3319 σχ

1864 3243 2038 3298 bitate
2065 3243 2208 3298 celat
2237 3259 2334 3298 eos
2380 3244 2474 3314 qui
2513 3243 2800 3312 sapientiae
2834 3242 3086 3296 nonnihil
3117 3243 3347 3306 habent,

66 3339 154 3390 καὶ
178 3340 294 3402 τοῖς
332 3339 427 3391 ὑπ’
475 3337 640 3391 αὑτοῦ
672 3337 1072 3409 ὴπατημένοις.
1124 3339 1336 3412 Ἐπειδὴ
1385 3341 1495 3411 γὰρ
1527 3343 1551 3395 a'

1865 3351 1972 3391 sua:
2004 3335 2274 3390 duntaxat
2324 3337 2534 3392 scholae
2577 3345 2633 3392 et
2672 3335 3072 3390 circumventis
3100 3351 3129 3389 a
3162 3350 3220 3389 se
3248 3335 3350 3388 ho-

69 3427 170 3492 θῶς
196 3428 267 3481 τὰ
302 3430 440 3499 παρ’
473 3429 660 3493 αὐτοῖς
693 3428 964 3499 λεγόμενα
1013 3429 1109 3482 καὶ
1133 3430 1393 3500 γινόμενα
1438 3433 1554 3502 αίσχ

1869 3429 2007 3484 libus
2035 3431 2285 3499 exponit.
2326 3429 2600 3496 Quoniam
2651 3444 2843 3485 revera
2893 3443 3016 3498 quae
3048 3429 3116 3482 ab
3143 3427 3256 3483 illis
3281 3428 3354 3482 di-

69 3523 180 3574 ἐστι
217 3521 316 3575 καὶ
345 3521 563 3589 λέγειν’
595 3521 765 3586 λέγει,
811 3522 894 3574 ὅτι
934 3519 1166 3574 ἐνώπιον
1203 3521 1310 3576 τῶν
1359 3523 1554 3595 ἀνθρὼτ

1878 3533 1966 3576 tur
2007 3530 2060 3576 et
2110 3521 2268 3587 ﬁunt,
2329 3531 2487 3592 turpe
2533 3528 2616 3578 est
2683 3521 2844 3577 etiam
2894 3519 3148 3590 eloqui".
3181 3520 3355 3589 Igitur

65 3612 140 3665 δεῖ
184 3613 478 3684 ὁμολογεῖν
520 3613 618 3684 τὴν
669 3612 951 3683 ἀλήθειαν.
1000 3614 1192 3684 Ἡμεῖς
1241 3615 1350 3684 γάρ
1396 3616 1550 3687 ἑσμει

1870 3630 1949 3668 am
2001 3615 2322 3669 hominibus
2375 3613 2740 3684 profitendam
2775 3627 2903 3668 esse
2942 3613 3232 3668 veritatem
3261 3611 3355 3667 do-

64 3705 350 3778 ἄνθρωποι
374 3724 386 3736 ο
419 3707 468 3758 οἱ
496 3705 550 3758 δὲ
583 3706 734 3759 ἄλλοι
765 3706 857 3769 ὗες
905 3704 1001 3759 καὶ
1035 3705 1218 3771 κύνες,
1265 3706 1341 3770 ὡς
1376 3711 1549 3779 προεῖς

1915 3707 2026 3764 Nos
2083 3709 2230 3764 enim
2281 3709 2541 3764 homines
2588 3723 2813 3775 sumus;
2843 3709 3029 3763 caeteri
3063 3721 3227 3763 suum
3261 3721 3357 3762 ca-

63 3801 265 3853 Φάσκει
297 3800 356 3854 δὲ
406 3799 568 3870 μόνον
616 3800 746 3871 περὶ
792 3799 1009 3870 Πατρὸς
1041 3799 1138 3852 καὶ
1183 3798 1277 3852 τοῦ
1323 3798 1514 3852 ἑαυτοῦ

1865 3815 2006 3870 nque
2050 3815 2304 3867 numero,
2342 3800 2423 3855 uti
2468 3800 2737 3856 diximus.
2790 3798 2856 3854 Et
2893 3801 3025 3854 illud
3069 3798 3350 3864 admonet,

68 3894 299 3965 στηρίου
355 3892 546 3964 μηδενὶ
587 3891 1019 3955 ἀποκαλύπτειν,
1071 3891 1207 3946 ἀλλά
1247 3894 1374 3962 σιγῇ
1415 3892 1553 3963 ἔχειν

1869 3893 1926 3947 de
1960 3891 2123 3947 Patre
2149 3891 2418 3946 duntaxat
2465 3906 2783 3962 arcanaque
2812 3907 2915 3948 suo
2945 3891 3152 3946 nemini
3187 3891 3354 3961 signi—

64 3987 280 4049 ἑαυτοῖς
300 4003 318 4019 ο
360 3986 443 4038 ἑνὶ
470 3986 528 4038 δὲ
559 3985 669 4038 ἀπὸ
713 3985 898 4055 χιλίων
925 3984 1354 4049 ἀποκαλύπτειν,
1389 3987 1484 4039 καὶ
1511 3987 1549 4039 δε

1874 3989 1952 4048 ιιι,
1985 3980 2080 4038 sed
2109 3982 2337 4035 tacitum
2373 3981 2516 4052 apud
2543 3998 2603 4037 se
2637 3983 2938 4046 retineant,
2970 3990 3066 4036 aut
3102 3981 3196 4035 uni
3243 3982 3356 4036 sal-

65 4078 167 4131 ess
216 4079 458 4150 μυρίων.
514 4078 626 4132 Καὶ
684 4078 1002 4132 ὑποτίθεται
1043 4082 1157 4141 τοῖς
1189 4077 1356 4131 αὑτοῦ
1393 4078 1550 4150 μαθηι

1909 4089 1939 4129 e
1971 4072 2237 4136 millibus,
2279 4088 2343 4127 ac
2371 4073 2590 4129 duobus
2624 4090 2687 4128 ex
2729 4074 2920 4129 decem
2957 4073 3200 4128 millibus
3233 4088 3359 4142 ape-

65 4168 262 4237 λέγων,
306 4171 392 4223 ὅτι
441 4170 628 4239 Ὑμεῖς
664 4169 842 4223 πάντα
888 4170 1218 4238 γινώσκετε’
1265 4171 1410 4241 ὑμᾶς
1452 4170 1509 4222 δὲ

1867 4175 1932 4222 ιι.
1957 4165 2101 4234 Quin
2139 4173 2196 4223 et
2239 4166 2356 4224 suis
2396 4166 2690 4238 discipulis
2750 4168 2826 4221 ita
2877 4167 3123 4238 praecipit
3155 4183 3167 4219 :
3199 4165 3352 4225 Date.

64 4262 170 4329 δεῖς
197 4264 550 4333 γινωσκέτω.
602 4263 773 4327 Αὐτὸς
805 4263 863 4316 δὲ
902 4264 998 4318 καὶ
1027 4265 1076 4317 οἱ
1119 4263 1214 4318 ἀπ’
1244 4263 1410 4318 αὐτοῦ
1451 4267 1549 4336 ἐρα

1874 4262 1966 4326 uit,
2015 4276 2242 4332 operam
2297 4269 2357 4315 ut
2402 4262 2590 4316 omnia
2626 4261 3003 4332 cognoscatis,
3039 4275 3199 4315 nemo
3226 4273 3359 4314 vero

68 4375 217 4426 μενοι
268 4357 564 4420 Ἰουδαίους
599 4356 696 4427 μὲν
727 4358 954 4420 ἑαυτοὺς
979 4358 1177 4428 μηκέτι
1202 4353 1344 4412 εἶναι
1370 4357 1553 4427 φάσκα

1897 4364 2218 4424 cognoscat.
2250 4354 2526 4410 Caeterum
2559 4363 2668 4409 tam
2703 4355 2844 4425 ipse,
2880 4369 3046 4424 quam
3092 4353 3185 4422 qui
3234 4351 3358 4420 ejus

65 4451 434 4525 Χριστιανοὺς
479 4450 536 4502 δὲ
590 4450 789 4521 μηκέτι
832 4451 1188 4520 γεγενῆσθαι,
1216 4450 1332 4504 ἀλλ’
1381 4453 1550 4524 ἀρνεῖι

1874 4457 1972 4500 tam
1992 4449 2227 4517 amplexi
2260 4456 2412 4513 sunt,
2427 4447 2650 4519 quoties
2680 4451 3116 4516 interrogantur,
3134 4442 3359 4498 Judteos

63 4547 334 4599 πάντοτε·
379 4544 526 4615 ἔχειν
572 4543 629 4596 δὲ
676 4541 853 4613 ἐαυτῷ
885 4547 1009 4615 σιγῇ
1055 4544 1154 4616 τὴν
1185 4545 1391 4609 πίστιν,
1423 4547 1520 4600 καὶ

1872 4541 1989 4596 dem
2018 4557 2078 4596 se
2115 4557 2244 4597 esse
2277 4550 2502 4612 negant,
2544 4540 2895 4596 Christianos
2931 4553 3061 4591 vero
3114 4536 3357 4589 nondum

63 4636 171 4690 δενὶ
203 4635 620 4697 ὑποδεικνύναι,
651 4635 750 4704 τὴν
779 4634 1042 4706 αἰσχύνην
1076 4635 1272 4689 ἑαυτοῦ
1310 4637 1548 4708 ὑφορώμι

1875 4650 1961 4691 se.
1992 4634 2085 4690 Sic
2115 4634 2393 4705 abnegare
2423 4640 2689 4704 perpetuo
2716 4630 2898 4695 ﬁdem,
2925 4644 3159 4699 eamque
3193 4628 3360 4682 tacite

61 4728 146 4780 διὰ
175 4731 242 4782 τὸ
280 4727 740 4798 ἀπαρρησίαστον
775 4726 873 4796 τῆς
906 4728 1324 4799 αἰσχρουργίας,
1364 4731 1460 4782 καί
1489 4747 1546 4784 κο

1880 4728 1913 4784 d
1943 4743 2003 4784 se
2029 4728 2343 4793 Feustodire,
2377 4741 2481 4782 nec
2531 4725 2627 4780 ulli
2666 4721 2981 4796 patefacere
3023 4735 3156 4777 suos
3210 4720 3364 4774 insti-

67 4821 227 4876 αὐτοῦ
256 4819 640 4881 διδασκαλίας.

1876 4840 1919 4889 .;
1950 4823 2097 4893 quod
2134 4821 2396 4877 nimirum
2429 4826 2747 4891 suspectam
2787 4818 2990 4872 habeat
3022 4816 3142 4886 ipse
3185 4816 3361 4884 turpi~

1772 4915 2014 4972 tudinem
2056 4931 2239 4979 suam,
2285 4929 2409 4970 cum
2455 4922 2564 4968 tam
2611 4912 2872 4966 immanis
2913 4908 3154 4971 foeditas,
3197 4914 3372 4978 atque.

727 5067 733 5072 .
1769 5007 1987 5077 impura
2016 5007 2314 5077 disciplina
2345 5003 2610 5059 audacter
2641 5000 2885 5072 evulgari
2924 5017 3030 5053 non
3067 4998 3298 5052 audeat.

139 5102 232 5167 ς’.
284 5097 461 5166 Ἔσχε
491 5095 547 5148 δὲ
585 5096 618 5165 ἡ
645 5094 785 5166 ἀρχὴ
813 5092 986 5164 αὐτῆς
1022 5093 1120 5164 τῆς
1144 5093 1320 5162 κακῆς
1348 5095 1624 5165 προφάσεο

1893 5101 1933 5154 l.
1968 5097 2143 5170 llujus
2171 5115 2301 5155 vero
2351 5099 2606 5170 pessimae
2636 5105 2799 5152 sectae
2844 5093 3194 5149 occasionem
3259 5089 3367 5142 ini-

65 5194 160 5262 τὴν
202 5190 396 5244 αἰτίαν
426 5188 537 5242 ἀπὺ
582 5187 678 5241 τοῦ
715 5187 900 5259 ζητεῖν
930 5188 1026 5241 καὶ
1054 5187 1235 5256 λέγειν
1269 5187 1431 5241 πόθεν
1472 5188 1532 5241 τὸ

1954 5208 2022 5250 ue
2067 5193 2219 5248 dedit
2251 5193 2345 5248 illa
2395 5191 2629 5263 qumstio
2681 5205 2744 5246 ac
2794 5187 3101 5259 disputatio
3142 5203 3154 5239 :
3189 5181 3366 5237 Unde-
3435 5191 3439 5196 ‘

64 5287 175 5340 κόν.
209 5286 340 5347 Πᾶς
376 5282 434 5336 δὲ
465 5282 576 5336 ἀπὸ
605 5283 705 5354 τῆς
739 5280 936 5335 ἑαυτοῦ
972 5272 1359 5353 πραγματείας
1391 5281 1549 5353 δειχθ·

1880 5303 1896 5341 ι
1929 5287 2131 5341 malum
2154 5286 2421 5358 originem
2449 5284 2726 5340 habuerit.
2749 5281 2952 5339 Verum
2982 5276 3365 5348 unusquisque

65 5391 151 5431 ται
196 5375 398 5440 ὁποῖὸς
451 5377 625 5429 ἐστιν.
683 5375 966 5447 Ἐμπορος
1014 5374 1146 5444 γοῦν
1198 5369 1353 5439 οὗτος
1401 5375 1550 5428 κακῶ

1886 5379 2080 5436 ismodi
2113 5379 2203 5445 sit,
2241 5377 2726 5435 administratione
2757 5391 2821 5432 ac
2852 5372 3226 5446 negotiatione
3259 5380 3365 5424 sua

130 5501 148 5532 ⁸
182 5497 362 5555 Rom.
394 5514 435 5563 ι,
469 5495 558 5552 18.
634 5497 656 5529 ⁸
689 5495 882 5551 Matth.
908 5513 962 5560 ι,
994 5496 1082 5552 33.
1161 5497 1182 5529 ³
1213 5495 1402 5552 Matth.
1434 5513 1530 5562 vn,
1557 5497 1610 5550 6.

689 5495 882 5551 Matth.
908 5513 962 5560 ι,
994 5496 1082 5552 55.
1161 5497 1182 5529 ³
1213 5495 1402 5552 Matth.
1434 5513 1530 5562 vn,
1557 5497 1610 5550 6.
1689 5503 1712 5532 ⁴
1742 5498 1940 5572 Ephcs.
1985 5519 2034 5568 v,
2071 5501 2153 5558 12.

129 5612 250 5685 (58)
291 5613 405 5670 Δεῖ
455 5613 668 5670 τοίνυν
715 5613 1048 5683 ἀρκεῖσθαι.
1113 5613 1307 5672 Scribe
1362 5615 1664 5687 ἀρνεῖσθαι.

1497 1195 1525 1218 κ
