3766 6312
406 262 511 320 MS

1822 262 1879 319 S.
1922 260 2273 317 ΕΡιΡΗΑΝιῐ

3594 251 3688 305 318

408 384 733 439 declarabit.
798 362 1149 454 Proindeque
1196 383 1468 439 malorum
1520 382 1855 455 negotiator,
1888 398 2000 439 non

2142 383 2199 436 οὗ
2234 380 2406 436 κακοῦ
2456 380 2715 451 ἐργάτης,
2760 379 2854 432 καὶ
2899 379 3018 448 οὐχὶ
3071 374 3289 446 ἀγαθῶν
3326 374 3369 439 ³,
3415 371 3493 435 ὡς
3523 372 3613 425 καὶ
3659 375 3689 443 ἡ

407 477 675 532 bonorum
721 484 806 532 est
836 476 927 531 ille
972 477 1097 530 mali
1124 472 1819 547 artifex,quemadmodum
1847 478 2005 531 Scri-

407 576 568 637 ptura
608 574 841 621 testatur
876 586 889 621 :
930 568 1037 632 Qui
1070 578 1315 638 quwrunt
1364 569 1528 633 mala,
1585 570 1731 623 mala
1776 586 1866 625 eos
1908 586 2004 638 ap-

406 653 721 722 preltcndent
755 656 795 709 ί.
831 655 966 709 Nam
994 671 1171 725 neque
1200 655 1402 710 malum
1440 658 1738 728 aliquando
1768 660 2000 723 exstitit,

410 758 587 812 neque
622 744 778 797 radix
814 745 925 798 ulla
958 746 1222 815 nequitiae
1246 746 1369 810 fuit,
1407 762 1584 815 neque
1623 748 1850 803 omnino
1880 764 1999 802 ma-

414 834 526 888 lum
560 835 796 890 solidum
848 835 1109 905 quiddam
1151 847 1237 893 est
1286 852 1349 893 ac
1397 840 1729 894 consistens.
1791 838 2003 910 Quippe

411 924 615 977 malum
652 925 985 996 quandoque
1011 926 1222 981 nultum
1270 925 1404 993 fuit;
1456 926 1552 982 sed
1601 942 1667 982 ex
1708 927 2004 982 occasione

410 1012 785 1068 introductum
836 1022 889 1070 et
939 1017 1174 1070 ascitum
1225 1015 1289 1071 in
1322 1032 1656 1088 unoquoque
1704 1017 1863 1081 inest,
1909 1018 1999 1088 qui

412 1104 548 1160 illud
588 1107 904 1162 committit.
942 1107 1097 1173 Quod
1134 1108 1178 1163 si
1215 1109 1440 1164 minime
1481 1108 1859 1163 committatur
1890 1124 2002 1163 non

413 1196 579 1262 inest,
610 1197 661 1252 id
693 1198 842 1268 quod
872 1214 1040 1269 supra
1082 1199 1608 1254 demonstravimus.
1651 1197 1867 1253 Etenim
1896 1199 2003 1253 Do-

412 1289 598 1344 minus
627 1304 751 1343 cum
794 1290 1047 1346 universa
1080 1301 1348 1357 creasset,
1379 1290 1550 1356 Ecce,
1594 1290 1793 1360 inquit,
1846 1290 2003 1347 valde

412 1379 555 1435 bona
606 1390 733 1436 sunt
776 1382 961 1436 omnia
988 1385 1039 1447 ’ς
1095 1397 1205 1452 quo
1244 1381 1388 1437 istud
1432 1382 1611 1452 ipsum
1643 1381 1997 1438 ostenderet:

412 1486 526 1526 non
586 1488 709 1527 esse
762 1480 921 1529 vetus
978 1472 1270 1529 admodum
1324 1475 1555 1537 malum,
1615 1489 1793 1544 neque
1844 1473 2002 1528 initio

413 1564 740 1633 priusquam
775 1566 844 1618 ab
866 1564 1088 1620 homine
1118 1567 1404 1635 inciperet,
1441 1566 1745 1621 exstitisse.
1770 1565 1875 1622 Per
1899 1581 2000 1623 nos

412 1654 561 1708 enim
601 1655 657 1709 tit
692 1663 785 1709 aut
811 1671 921 1710 non
948 1656 1023 1709 fit.
1053 1655 1127 1709 Ex
1157 1672 1224 1713 eo
1256 1673 1389 1729 ergo
1428 1659 1664 1724 scilicet,
1701 1658 1848 1728 quod
1873 1659 1998 1729 qui-

412 1745 497 1801 vis
528 1745 808 1801 hominum
840 1748 1043 1801 malum
1075 1748 1257 1804 facere
1284 1750 1479 1819 possit,
1521 1757 1615 1803 aut
1639 1749 1864 1805 minime
1903 1750 1987 1803 fa-

2108 475 2300 546 Γραφὴ
2332 472 2515 527 εἶπεν·
2565 473 2647 525 ὅτι
2696 471 3042 539 Ζητοῦντας
3086 468 3241 522 κακὰ
3285 463 3689 531 καταλήψεται

2105 567 2281 622 κακά.
2321 565 2458 621 Οΰτε
2488 564 2597 635 γάρ
2640 580 2771 617 ποτε
2821 562 2985 616 κακὸν
3039 556 3128 632 ἦν,
3169 558 3293 613 οὔτε
3337 554 3463 627 ῥίζα
3508 555 3689 623 γέγονε

2104 658 2321 721 κακίας.
2365 654 2488 709 οὔτε
2523 654 2886 708 ὲνυπόστατον
2931 652 2992 705 τὸ
3048 651 3219 706 κακόν
3264 651 3436 702 ἐστιν.
3480 647 3596 701 Οὐκ
3629 642 3689 717 ἦν

2104 752 2212 823 γάρ
2240 768 2368 804 ποτε
2398 750 2462 803 τὸ
2493 749 2685 803 κακόν.
2733 746 3091 801 Ἐπείσακτον
3132 744 3191 798 δὲ
3238 743 3329 797 διὰ
3370 742 3691 813 προφάσεως

2108 842 2327 913 ἑκάστῳ
2373 843 2483 894 τῶν
2518 839 2816 894 ποιούντων
2865 838 2926 891 τδ
2954 838 3123 891 κακὸν
3180 835 3410 889 ἔνεστιν.
3487 833 3573 887 Ἐν
3618 832 3689 903 τῷ

2112 934 2189 1006 μὴ
2234 936 2410 986 ποιεῖν
2437 932 2538 986 οὐκ
2580 931 2775 993 ἔνεστι,
2803 929 3059 998 καθάπερ
3102 929 3160 981 ὲν
3204 931 3317 990 τοῖς
3371 926 3486 980 ἄνω
3519 924 3689 989 λόγοις

2112 1024 2534 1097 προδεδήλωται.
2566 1022 2730 1090 Λέγει
2775 1020 2884 1093 γὰρ
2916 1021 2945 1074 6
2992 1019 3198 1090 Κύριος
3249 1016 3387 1089 μετά
3421 1016 3485 1069 τδ
3520 1016 3689 1069 πάντα

2105 1117 2486 1188 πεποιηκέναι,
2556 1115 2687 1169 Ἰδοὺ
2776 1114 2955 1166 πάντα
3032 1111 3173 1164 καλὰ
3248 1109 3406 1162 λίαν’
3462 1108 3687 1169 δεικνὺς,

2104 1212 2185 1266 ὅτι
2215 1210 2276 1263 τὸ
2304 1208 2473 1262 κακὸν
2503 1208 2605 1261 οὐκ
2649 1206 2923 1277 ἁρχαῖζει,
2959 1205 3080 1258 οὐδὲ
3110 1202 3169 1270 ἐξ
3203 1201 3457 1273 ὑπαρχῆς
3485 1199 3687 1267 ὑπῆρχε

2106 1301 2213 1374 πρὸ
2243 1300 2338 1355 τοῦ
2386 1300 2495 1354 ἀπὸ
2548 1298 2643 1352 τοῦ
2688 1297 2978 1370 ἀνθρώπου
3026 1293 3377 1367 ἐνάρξασθαι.
3415 1289 3494 1344 Δι’
3544 1289 3691 1360 ἡμῶν

2104 1394 2213 1466 γὰρ
2250 1392 2481 1461 γίνεται,
2514 1390 2607 1444 καὶ
2638 1389 2705 1443 δι’
2751 1388 2911 1460 ἡμῶν
2957 1388 3015 1441 οὐ
3064 1387 3294 1455 γίνεται.
3335 1384 3465 1454 Ἆρ’
3497 1376 3593 1435 οὖν
3640 1381 3691 1433 ἐν

2109 1484 2188 1555 τῷ
2210 1484 2386 1538 πάντα
2420 1482 2703 1551 ἄνθρωπον
2722 1478 2981 1533 δύνασθαι
3005 1476 3080 1550 μὴ
3100 1480 3273 1531 ποιεῖν
3301 1474 3362 1528 τὸ
3390 1472 3584 1534 κακὸν,
3604 1470 3692 1524 καὶ

2104 1574 2363 1629 δύνασθαι
2397 1576 2571 1627 ποιεῖν
2592 1573 2653 1625 τὸ
2688 1572 2878 1634 κακὸν,
2905 1572 3041 1624 ὅταν
3078 1569 3177 1640 μέν
3213 1585 3293 1620 τοι
3321 1568 3471 1637 ποιῇ.
3507 1562 3694 1617 ἔστιτὸ

2105 1664 2294 1728 κακὸν,
2314 1665 2441 1717 ὅταν
2462 1662 2517 1716 δὲ
2554 1662 2637 1733 μὴ
2655 1664 2806 1732 ποιῇ,
2826 1660 2923 1713 οὐκ
2953 1657 3148 1711 ἔστιτὸ
3175 1654 3494 1711 κακόν.ῐ1οὗ
3526 1653 3692 1706 τοίνυν

2095 1753 2189 1806 τοῦ
2214 1752 2383 1807 κακοῦ
2414 1755 2448 1824 ἡ
2479 1750 2627 1823 ῥίζα,
2656 1751 2691 1819 ἡ
2726 1749 3025 1810 ὑπόστασις
3050 1747 3151 1818 τῆς
3181 1746 3449 1817 πονηρίας
3478 1762 3493 1811 ;

414 1856 580 1897 cere:
614 1842 662 1897 si
691 1842 879 1909 faciat,
930 1843 1134 1897 malum
1172 1838 1439 1913 eisistet,
1470 1843 1578 1900 nisi
1608 1844 1796 1912 faciat,
1845 1846 2057 1901 nullum
2090 1852 2191 1904 erit
2241 1848 2484 1906 omnino.
2553 1847 2655 1903 Ubi
2699 1847 2857 1919 igitur
2917 1845 3071 1900 radix
3123 1844 3215 1898 illa
3272 1843 3424 1907 mali,
3466 1839 3695 1912 pravita-

412 1937 597 2007 tisque
624 1945 823 1993 natura
846 1939 1194 1995 subsistens?

486 2032 591 2102 73
620 2032 728 2089 VII.
757 2033 1063 2089 Admodum
1091 2050 1217 2089 vero
1242 2033 1475 2091 stolidus
1492 2043 1594 2098 est,
1613 2050 1735 2090 cum
1761 2051 1788 2090 a
1812 2035 2011 2092 virtute

2195 2032 2268 2086 Z'.
2284 2032 2377 2094 Εἰς
2393 2031 2447 2084 δὲ
2465 2028 2663 2101 πολλὴν
2678 2021 2830 2091 οὗτος
2849 2026 3078 2097 έλήὶηακε
3101 2024 3332 2097 μωρίαν,
3356 2023 3599 2091 φάσκων,
3622 2026 3695 2079 ὅτι

413 2124 733 2192 productam
780 2131 1016 2178 mentem
1059 2126 1286 2190 asserit,
1327 2142 1359 2180 a
1394 2135 1575 2181 mente
1612 2127 1881 2194 verbum;
1943 2142 2009 2183 ac

414 2211 520 2266 hoc
578 2212 925 2281 prudentiam
983 2232 996 2268 :
1054 2215 1195 2269 hanc
1249 2216 1509 2271 virtutem
1572 2218 2009 2288 sapientiamque

413 2307 696 2376 peperisse
727 2324 740 2361 :
780 2322 811 2360 a
842 2307 1043 2377 quibus
1074 2317 1393 2379 potestates,
1424 2318 1479 2363 et
1509 2309 1763 2375 virtutes,
1800 2311 2009 2380 angeli-

415 2414 523 2467 que
555 2399 887 2469 prodierint:
919 2401 1014 2455 sed
1043 2401 1130 2456 his
1157 2402 1415 2456 omnibus
1444 2403 1785 2470 superiorem
1817 2417 2011 2473 quam-

415 2488 541 2543 dam
596 2489 703 2544 vim
755 2490 970 2556 statuit,
1021 2507 1086 2546 ac
1140 2490 1494 2563 principium,
1554 2492 1699 2562 quod
1762 2495 2008 2549 Abrasax

333 2587 345 2603 '
416 2580 669 2649 appellat,
700 2581 821 2637 ideo
847 2582 991 2652 quod
1021 2582 1140 2651 ejus
1170 2584 1321 2640 vocis
1355 2584 1551 2640 litterae
1577 2600 1782 2639 cccuv
1820 2601 2009 2641 nume-

417 2688 539 2727 ru-m
573 2673 847 2739 eﬂiciunt;
882 2681 1046 2744 atque
1072 2691 1137 2730 ex
1162 2691 1233 2730 eo
1254 2676 1545 2731 confictam
1588 2678 1734 2731 illam
1767 2694 1921 2732 suam
1947 2678 2013 2731 de

415 2780 619 2820 ecccxv
654 2767 810 2821 caelis
846 2766 1082 2821 fabulam
1134 2769 1493 2840 comprobare
1534 2772 1747 2825 nititur.
1796 2770 2012 2835 Quibus

418 2858 576 2913 cwlis
607 2860 703 2912 toti
730 2860 831 2912 Eem
868 2875 931 2913 ex
975 2860 1384 2916 mathematicis
1424 2863 1735 2917 rationibus
1772 2864 1913 2916 situs
1948 2877 2012 2916 ac

417 2951 667 3003 locorum
716 2949 1118 3021 descriptiones
1165 2951 1582 3005 accommodare
1613 2953 1759 3005 omni
1807 2969 1908 3021 ope
1951 2968 2015 3007 ac

417 3043 602 3097 studio
668 3042 951 3095 contendit
986 3062 998 3096 :
1043 3059 1169 3097 nam
1214 3042 1432 3097 illorum
1472 3044 1771 3098 vanissima
1813 3044 2017 3099 theore-

422 3141 569 3186 mata
610 3147 735 3187 cum
777 3134 915 3203 ipse,
956 3142 1070 3187 tum
1125 3135 1219 3204 qui
1268 3149 1333 3189 ex
1375 3135 1496 3205 ejus
1536 3134 1825 3204 disciplina
1864 3143 2012 3201 sunt,

423 3227 505 3279 sic
550 3226 926 3295 arripuerunt,
964 3234 1025 3280 ut
1066 3227 1120 3279 in
1165 3242 1325 3281 usum
1366 3228 1707 3281 conformata
1748 3243 1906 3282 suum
1947 3228 2014 3282 ad

421 3316 696 3373 idolorum
758 3318 1223 3388 propugnatricis,
1282 3320 1541 3389 falsaeque
1590 3332 1643 3373 et
1697 3319 2017 3375 adulterium

2118 2130 2149 2197 ἡ
2178 2126 2405 2194 δύναμις
2436 2124 2527 2176 τὸν
2561 2121 2684 2175 νοῦν
2716 2120 3067 2193 προεϐάλετο,
3097 2120 3125 2171 6
3148 2117 3204 2170 δὲ
3238 2115 3362 2179 νοῦς
3389 2116 3483 2169 τὸν
3521 2116 3687 2183 λόγον,

2109 2222 2137 2273 6
2174 2219 2230 2272 δὲ
2275 2218 2429 2286 λόγος
2470 2216 2570 2286 τὴν
2600 2214 2860 2284 φρόνησιν
2882 2252 2896 2277 ,
2930 2214 2964 2283 ἡ
2994 2211 3049 2265 δὲ
3080 2210 3341 2281 φρόνησις
3366 2210 3593 2280 δύναμιν
3613 2210 3697 2262 καὶ

2123 2309 2335 2379 σοφίαν,
2371 2309 2435 2360 ὲκ
2468 2307 2522 2360 δὲ
2556 2306 2839 2376 δυνάμεως
2872 2306 2968 2358 καὶ
3002 2304 3194 2373 σοφίας
3227 2300 3468 2369 ἐξουσίαι
3497 2302 3590 2354 καὶ
3615 2302 3695 2354 δυε-

2109 2402 2302 2473 νάμεις
2339 2401 2432 2453 καὶ
2471 2398 2709 2467 ἄγγελοι.
2760 2397 2921 2465 Λέγει
2967 2395 3024 2449 δὲ
3069 2395 3169 2465 τὴν
3201 2394 3467 2465 ὑπεράνω
3501 2391 3694 2445 τούτων

2112 2495 2345 2563 δύναμιν
2399 2488 2557 2553 εἶναι,
2619 2490 2716 2543 καὶ
2773 2489 2948 2560 ἀρχὴν
3006 2486 3301 2557 Ἀδρασὰξ,
3363 2484 3451 2538 διὰ
3502 2485 3561 2537 τὸ
3605 2484 3694 2553 τὴν

2117 2583 2297 2653 ψῆφον
2327 2579 2421 2634 τοῦ
2456 2578 2731 2648 Ἀὁρασὰξ
2781 2577 2890 2647 (59)
2936 2576 3080 2647 ἔχειν
3128 2574 3535 2647 τριακοσιοστδν
3581 2573 3695 2643 ἐξη-

2118 2676 2310 2730 κοστὸν
2349 2675 2599 2745 πέμπτον
2627 2670 2885 2742 ἀριθμὸν,
2930 2670 3006 2733 ὼς
3045 2670 3109 2722 ὲκ
3146 2667 3337 2721 τούτου
3366 2668 3465 2737 τὴν
3501 2682 3695 2737 μαρτυ-

2116 2770 2233 2839 ρίαν
2259 2768 2359 2837 τῆς
2396 2766 2565 2819 αὑτοῦ
2599 2764 2920 2836 μυθοποιίας
2958 2762 3065 2815 τῶν
3098 2760 3433 2831 τριακοσίων
3477 2758 3691 2827 ἑξηκον-

2111 2861 2339 2913 ταπέντε
2374 2857 2617 2929 οὐρανῶν
2642 2896 2656 2919 ,
2695 2856 2952 2926 συνιστᾷν
2987 2851 3300 2923 πειρᾶσθαι.
3338 2847 3434 2913 Οἷς
3463 2851 3695 2921 οὐρανοῖς

2116 2956 2211 3009 καὶ
2239 2952 2563 3015 τοποθεσίας
2600 2953 2694 3004 ίσα
2728 2952 2841 3011 τοῖς
2878 2948 3162 3020 μαθήμασι
3192 2945 3414 3017 διαιρῶν
3444 2944 3572 3015 (60;,
3609 2948 3693 2996 καὶ

2114 3047 2365 3117 συνιστᾷν
2404 3043 2738 3114 ἐπιτηδεύων
2784 3043 2843 3095 οὐ
2890 3040 3185 3112 παρέργως
3245 3039 3576 3109 μηχανᾶται.
3621 3036 3694 3089 Τὰ

2118 3139 2229 3210 γὰρ
2254 3138 2477 3190 ἐκείνων
2509 3135 2716 3206 μάταια
2745 3133 3078 3205 θεωρήματα
3110 3129 3289 3183 λαϐὼν
3318 3131 3399 3193 είς
3436 3129 3564 3183 ἴδιον
3601 3145 3691 3198 χα-

2119 3231 2364 3303 ρακτῆρα
2384 3270 2398 3293 ,
2429 3229 2591 3291 αὐτός
2619 3246 2676 3281 τε
2708 3228 2801 3281 καὶ
2836 3230 2885 3280 οἱ
2912 3226 3002 3279 ὑπ’
3037 3226 3198 3279 αὑτὸν
3218 3265 3233 3289 ,
3266 3226 3349 3287 είς
3394 3222 3569 3276 αἰτίαν
3600 3220 3692 3290 τῆς

2121 3325 2255 3386 ιδίας
2293 3321 2641 3376 εἰδωλοποιοῦ
2676 3322 2770 3373 καὶ
2807 3318 3233 3389 πεπλανημένης
3272 3316 3600 3369 ὲπιπλάστου
3628 3314 3691 3367 δι·

419 3410 684 3465 doctrinm
709 3426 933 3465 causam
972 3420 1143 3481 atque
1165 3412 1433 3481 originem
1470 3412 1855 3467 transferrent.
1890 3413 2011 3479 Qua

2142 3416 2421 3479 ῑασκαλίας
2456 3416 2816 3486 μετήνεγκαν,
2853 3413 2947 3465 καὶ
2987 3410 3267 3482 βούλονται
3309 3408 3409 3480 τὴν
3454 3408 3693 3461 σύστασιν

421 3502 642 3571 quidem
670 3504 931 3558 similium
964 3505 1418 3573 supputationum
1467 3508 1803 3575 comparatis
1841 3522 2018 3561 exem-

420 3595 524 3664 plis
556 3596 1215 3651 corroborare-conantur
1248 3617 1261 3651 :
1295 3613 1419 3651 nam
1468 3598 1711 3653 Abrasax
1734 3639 1749 3663 ,
1792 3606 1851 3652 ut
1890 3607 2018 3654 ante

420 3688 558 3751 dixi,
604 3703 808 3743 cccuv
864 3706 1153 3743 numerum
1207 3693 1470 3745 continet.
1530 3690 1668 3745 Hinc
1710 3692 1873 3762 igitur
1924 3691 2015 3746 isti

420 3779 647 3835 totidem
674 3781 870 3837 diebus
901 3782 1097 3835 confici
1127 3784 1254 3836 anni
1288 3784 1579 3839 circuitum
1604 3793 1881 3840 asserunt.
1909 3784 2015 3840 Sed

422 3869 606 3925 inanis
635 3870 750 3926 hate
778 3871 957 3928 oratio
979 3887 1075 3941 per
1102 3876 1340 3941 seipsam
1369 3874 1626 3927 concidat
1655 3889 1882 3930 necesse
1909 3882 2015 3930 est.

424 3965 707 4036 Siquidem
739 3981 918 4021 annus
949 3974 1148 4036 praeter
1177 3980 1384 4020 cccuv
1418 3966 1539 4021 dies
1575 3966 1754 4023 tribus
1790 3968 2018 4037 insuper

424 4057 577 4112 horis
620 4067 879 4112 constare
912 4058 1173 4112 cernitur.
1205 4057 1409 4112 Eadem
1460 4072 1612 4121 vero,
1660 4058 1859 4128 inquit,
1904 4059 2017 4114 lucc

422 4164 593 4204 causa
623 4157 709 4204 est
737 4164 839 4203 cur
872 4149 926 4202 in
961 4149 1181 4204 homine
1226 4163 1429 4204 ccccxv
1475 4149 1721 4204 membra
1769 4150 1913 4215 sint,
1958 4159 2018 4205 ut

422 4241 679 4310 quaelibet
716 4288 724 4295 .
756 4241 972 4295 illarum
1027 4242 1290 4295 virtutum
1354 4256 1514 4296 suum
1576 4240 1683 4295 sibi
1738 4242 2017 4299 vindicare

424 4334 621 4402 possit.
654 4333 710 4387 in
742 4349 851 4401 quo
878 4334 1096 4405 quidem
1125 4334 1421 4389 confictum
1451 4333 1583 4387 illud
1619 4333 2016 4389 adulterinum-

423 4440 534 4493 que
574 4425 770 4496 dogma
815 4442 924 4480 non
973 4427 1159 4482 minus
1193 4426 1424 4481 corruit.
1467 4424 1682 4495 Quippe
1719 4441 1828 4480 non
1859 4426 2016 4496 plura

421 4532 651 4571 cccutv
681 4521 945 4576 membris
968 4521 1021 4575 in
1061 4521 1283 4576 homine
1310 4530 1694 4575 numerantur.

498 4607 632 4664 Vlll.
672 4616 750 4665 Ae
788 4610 982 4666 beatus
1024 4612 1112 4666 ille
1152 4611 1528 4680 apostolorum
1569 4624 1861 4667 successor
1898 4609 2013 4666 Ire-

425 4717 578 4756 mcus
618 4703 876 4759 subtilius
916 4720 978 4757 ea
1022 4704 1091 4757 de
1127 4720 1187 4759 re
1226 4704 1515 4775 disputans
1551 4704 1791 4759 hominis
1829 4704 2014 4758 stulti-

2116 3508 2322 3563 τούτων
2350 3507 2459 3562 ἀπὸ
2481 3506 2591 3560 τῶν
2613 3506 2813 3577 ὁμοίων
2845 3503 3040 3574 ψήφων
3076 3501 3380 3564 ποιεῖσθαι,
3415 3501 3490 3563 ὡς
3524 3502 3692 3570 προεῖ-

2121 3618 2245 3665 πον,
2290 3600 2385 3653 τοῦ
2426 3597 2702 3671 Ἀδρασὰξ
2749 3598 2857 3650 τῶν
2904 3596 3232 3670 τριακοσίων
3282 3594 3689 3665 ὲξηκονταπέντε

2118 3693 2209 3745 τὸν
2240 3691 2472 3763 ἀριθμὸν
2514 3691 2728 3761 ἔχοντος
2774 3689 2952 3759 δῆθεν,
3004 3688 3306 3750 δεικνύντες
3338 3687 3404 3739 δι’
3442 3684 3598 3738 αὑτοῦ
3636 3685 3689 3735 τὸ

2117 3784 2259 3857 ἔχειν
2279 3784 2371 3838 τὸν
2399 3784 2643 3837 ἐνιαυτὸν
2664 3782 3002 3855 τριακοσίων
3026 3780 3454 3850 ἑξηκονταπέντε
3482 3781 3513 3849 ἡ
3523 3776 3687 3848 μερῶν

2117 3875 2350 3947 ἀριθμὸν
2376 3874 2517 3928 κατὰ
2552 3874 2821 3945 περίοδον.
2854 3872 3119 3926 Πέπτωκε
3144 3871 3197 3924 δὲ
3223 3869 3387 3925 αὐτοῦ
3410 3872 3439 3922 6
3462 3868 3687 3941 ληρώδης

2117 3970 2293 4038 λόγος.
2348 3969 2677 4041 Εὑρίσκεται
2727 3965 2837 4036 γὰρ
2881 3964 2910 4016 6
2949 3963 3192 4027 ἐνιαυτὸς
3238 3962 3348 4033 (61)
3383 3960 3685 4033 τριακοσίων

2118 4061 2549 4132 ὲξηκονταπέντε
2582 4058 2808 4130 ἡμερῶν
2831 4057 2928 4110 καὶ
2955 4055 3115 4127 ὡρῶν
3143 4054 3330 4125 τριῶν.
3364 4050 3497 4107 Εῐτα
3528 4050 3687 4105 ἐντεῦ-

2120 4154 2210 4207 θέν
2234 4171 2388 4224 φησι,
2430 4156 2523 4206 καὶ
2561 4155 2589 4207 ό
2623 4152 2909 4224 ἄνθρωπος
2950 4148 3062 4219 ἔχει
3097 4146 3385 4217 τριακόσια
3418 4145 3684 4216 ἑξηκοντα-

2119 4245 2282 4299 πέντε
2317 4244 2477 4317 μέλη,
2511 4245 2587 4308 ὡς
2623 4244 2829 4316 ἑκάστῃ
2870 4240 2980 4294 τῶν
3017 4239 3302 4310 δυνάμεων
3340 4237 3682 4309 ἀπονέμεσθαι

2118 4336 2176 4391 ἓν
2207 4336 2389 4408 μέλος,
2421 4335 2543 4390 ὃθεν
2567 4337 2660 4389 καὶ
2685 4336 2740 4388 ὲν
2761 4333 2934 4403 τούτῳ
2961 4331 3249 4384 πέπτωκεν
3270 4330 3435 4385 αὐτοῦ
3463 4333 3497 4401 ἠ
3527 4330 3683 4382 ἐπινε-

2116 4430 2352 4502 νοημένη
2391 4430 2486 4483 καὶ
2526 4428 2680 4491 νόθος
2712 4423 3049 4480 διδασκαλία.
3090 4424 3153 4477 Et
3183 4423 3293 4495 γὰρ
3320 4423 3402 4493 τῷ
3437 4422 3680 4494 ἀνθρώπῳ

2116 4522 2237 4575 ἐστὶ
2268 4521 2382 4590 (62)
2417 4520 2523 4585 τξδ’
2560 4520 2716 4591 μέλη.

2188 4613 2270 4666 Ην.
2325 4610 2665 4683 Θαυμαστῶς
2708 4609 2768 4664 δὲ
2815 4612 2845 4664 6
2896 4610 3169 4680 μακάριος
3216 4610 3503 4679 Είρηναίος
3536 4608 3563 4658 6
3591 4604 3676 4657 τῶν

2118 4705 2429 4759 ἀποστόλων
2446 4704 2710 4774 διάδοχος,
2727 4721 2792 4758 πε
2802 4704 2851 4776 pi
2876 4704 3062 4757 τούτου
3081 4701 3442 4769 λεπτολογῶν,
3461 4695 3673 4769 διήλεγξε

422 4795 559 4848 tiam
606 4810 730 4849 cum
776 4796 894 4866 pari
932 4790 1307 4851 imbecillitate
1347 4795 1703 4866 conjunctam
1742 4810 1877 4851 sane
1912 4796 2009 4850 ad-

2144 4796 2305 4851 ούτου
2324 4799 2421 4867 τὴν
2442 4797 2642 4868 ἀϐελτη
2652 4798 2775 4869 ρίαν
2793 4797 2889 4851 καὶ
2902 4797 3216 4868 ηὰδράνειαν.
3242 4794 3673 4866 Ἀνατραπήσετσι

394 4972 405 5015 ~_
500 4953 514 4983 ¹
549 4950 714 5007 Eccli.
740 4968 838 5018 vn,
874 4952 925 5006 1.
1009 4953 1028 4982 ²
1068 4953 1211 5007 Gen.
1244 4967 1286 5017 ι,
1320 4952 1409 5008 51.

500 5110 611 5179 (50)
648 5108 758 5163 Τοῦ
798 5108 1113 5175 Ἀϐρασάξ.
1136 5106 1270 5163 Vide
1294 5108 1494 5164 Baron.
1523 5110 1589 5165 ad
1624 5125 1675 5164 a.
1710 5109 1831 5163 1‘20.

501 5182 612 5253 (60)
639 5182 776 5253 _"_Io'q
806 5180 929 5245 τοῖς
953 5179 1263 5253 μαθήμασι
1314 5180 1575 5253 δίαιρῶν.
1620 5180 1771 5234 Hanc
1818 5180 2009 5236 lectio-

431 5250 553 5307 nem
580 5268 611 5306 e
639 5250 903 5304 Vaticano
935 5250 1322 5322 substituimus
1344 5250 1587 5322 Vulgata:
1627 5252 1703 5305 illi
1736 5267 1857 5321 qua:
1885 5266 2011 5319 per-

429 5324 619 5392 spicue
673 5329 930 5392 corrupta
979 5321 1213 5392 videtur.
1267 5331 1321 5375 et
1376 5321 1472 5378 est
1508 5322 1843 5389 huiusmodi,
1894 5323 2015 5384 ἴσας

428 5391 542 5456 τοῖς
600 5391 913 5463 ποθητικοῖς
972 5391 1287 5463 διαιρέσεσι.
1348 5392 1649 5447 Cornarius
1712 5394 2013 5461 ποιητικοῖς

428 5466 578 5532 legit.
610 5462 818 5518 Sensus
845 5476 1009 5533 porro
1037 5462 1222 5517 isesse
1246 5472 1447 5532 potest,
1482 5463 1772 5519 Basilidem
1803 5477 2007 5516 ccccxv

429 5535 552 5588 illos
581 5535 750 5587 caelos
780 5549 810 5588 e
840 5533 1242 5588 mathematicis
1278 5534 1604 5597 rationibus,
1630 5548 1763 5604 quae
1779 5534 2004 5587 totidem

428 5606 545 5657 dies
576 5619 760 5658 annuo
790 5604 909 5659 orbi
946 5604 1276 5674 prmfmiunt,
1312 5602 1686 5659 constituisse.
1734 5602 1915 5669 Quare
1944 5619 2006 5657 ex

430 5675 620 5729 iisdem
670 5675 776 5730 illis
822 5675 1332 5731 matbematicorum
1380 5675 1617 5730 decretis
1672 5674 1833 5743 paulo
1888 5680 2013 5743 post

434 5746 708 5802 hominem
741 5745 962 5804 refutat.
1002 5746 1215 5817 Quippe
1264 5761 1386 5804 cum
1438 5752 1633 5816 praeter
1671 5759 1836 5799 ουτω
1873 5745 2011 5801 dies.

1493 4954 1514 4985 ³
1552 4971 1645 5023 γρ.
1686 4954 1960 5025 Ἔμποροι
1990 4951 2122 5022 γοῦν
2148 4945 2295 5007 οὗτοι
2328 4953 2517 5008 κακῶν
2543 4954 2774 5026 ἐρασταὶ
2804 4954 2901 5008 καὶ
2927 4953 3049 5024 οὐχὶ
3073 4951 3317 5021 ἀγαθῶν.

2125 5126 2175 5164 vr
2206 5108 2431 5180 insuper
2459 5109 2606 5164 horae
2636 5108 2969 5165 tribuantur.

2192 5178 2306 5257 (Gl)
2337 5175 2709 5257 Ἰτζῠρίσκεται
2762 5180 2887 5257 γᾴρ,
2924 5183 2956 5232 ό
2999 5180 3298 5257 ἐνιαυτός.
3343 5177 3514 5257 .llorze
3560 5175 3671 5257 apud

2120 5248 2486 5375 lEpiphanium
2543 5252 2953 5321 aequinoctiales
3019 5250 3158 5306 duas
3211 5250 3518 5306 continent.
3567 5248 3671 5299 Vide

2141 5337 2318 5375 meres.
2355 5337 2430 5375 Li.

2141 5337 2318 5376 neres.
2355 5337 2404 5374 LI
2418 5362 2430 5375 .

2193 5391 2305 5462 (δέ)
2337 5394 2408 5445 El
2440 5392 2552 5461 γὰρ
2584 5391 2664 5458 τῷ
2703 5392 2993 5461 ἀνθρώπῳ
3029 5391 3184 5462 ἐστί.
3240 5391 3309 5445 At
3342 5388 3408 5444 R.
3456 5388 3588 5442 Elias
3629 5386 3668 5437 in

2116 5462 2296 5516 Tltisbi
2339 5477 2353 5520 :
2412 5474 2570 5523 mn:
2626 5472 2701 5522 ω’
2762 5473 2949 5523 ειν-δικ
3010 5461 3157 5523 n'n-i
3203 5480 3215 5515 :
3257 5476 3490 5515 CCXLVIII
3532 5471 3669 5511 metu-

2115 5533 2214 5588 bra
2281 5534 2336 5586 in
2394 5532 2615 5588 homine
2685 5542 2833 5588 sunt.
2909 5535 2979 5586 At
3044 5533 3382 5603 Epiphanius
3443 5532 3513 5583 ait
3572 5538 3669 5580 esse

2118 5616 2364 5657 cccutv.
2396 5603 2512 5657 Nisi
2548 5604 2687 5658 forte
2717 5620 2813 5672 pro
2850 5604 2898 5656 εί
2933 5604 3218 5672 legendum
3256 5604 3328 5659 sit
3363 5603 3445 5667 οὐ,
3484 5609 3537 5653 ut
3569 5610 3668 5672 scpj

2122 5690 2216 5729 sus
2250 5675 2340 5735 sit.
2371 5688 2481 5728 non
2520 5689 2642 5730 esse
2684 5664 2789 5729 565
2823 5664 3085 5730 membra.
3132 5675 3272 5729 Tum
3320 5664 3463 5729 enim
3503 5676 3553 5725 et
3586 5664 3667 5733 τξέ

2123 5761 2221 5815 pro
2261 5744 2364 5809 1&6"
2396 5744 2835 5801 substituendum
2869 5743 2993 5802 erit.
