3760 6176
129 213 222 271 317

759 218 1129 275 ADVERSUS
1168 216 1514 274 HIERESES
1549 217 1679 275 LIB.
1722 218 1764 274 1.
1808 217 1971 275 ΤΟΜ·.

1902 219 1971 274 Μ.
2012 217 2077 273 ιι.
2118 250 2183 259 -
2226 217 2499 274 ΗᾹΞΒΕΒ.
2540 215 2731 273 XXIV.

3286 213 3392 270 518

132 338 177 389 δὲ
205 335 293 388 καὶ
324 332 423 386 νῦν
443 334 743 421 ηψλυαρία
774 338 867 391 τοῦ
899 337 1104 393 ἄνωθεν
1133 337 1573 409 καταϐεϐηκότος
1594 338 1699 390 Βα-
1730 341 1772 399 Α
1803 336 1999 392 mirabi

1902 337 2131 392 'abiliter
2152 334 2415 392 convicit.
2450 334 2559 389 Nec
2586 334 2770 389 minus
2800 332 2855 385 in
2884 333 3174 401 praesentia
3208 329 3391 385 futiles

131 425 367 488 σιλείδου,
398 428 490 479 καὶ
518 426 585 480 τά
616 427 727 479 ἄνω
760 430 944 498 σαφῶς
972 429 1442 493 κατοπτεύσαντος
1460 470 1474 493 ,
1507 430 1703 485 μᾶλλον

129 520 175 571 6‘s
206 518 408 571 ἄνωθεν
436 519 784 583 πεπτωκότος
809 520 918 574 ἀπὸ
944 520 1036 575 τοῦ
1065 522 1165 592 τῆς
1188 520 1447 592 ἀληθείας
1477 520 1699 575 σκοποῖν

127 612 232 673 ὅτι,
265 610 313 661 εἰ
344 603 497 673 οὗτος
522 611 550 663 ό
576 611 804 680 οὐρανός
836 608 941 663 ὑπὸ
972 610 1080 663 τῶν
1118 610 1237 665 κατ’
1262 611 1425 664 αὑτὸν
1460 610 1706 679 ἀγγέλων

127 716 433 771 γεγενηται,
455 701 607 754 αὐτοὶ
620 700 677 754 δὲ
698 702 805 754 ὑπὸ
827 701 936 754 τῶν
957 702 1236 773 ἀνωτέρω,
1256 702 1350 755 καὶ
1371 704 1422 755 οἱ
1449 701 1708 772 ἀνωτέρω

129 792 223 846 ὑπὸ
247 793 357 846 τῶν
383 793 460 847 ἔτι
488 794 770 865 ἀνωτέρω,
800 794 887 864 ἄρ’
922 788 1016 847 οῦν
1052 796 1086 864 ἡ
1119 795 1233 849 ἄνω
1263 794 1522 866 δύναμις,
1540 796 1574 865 ἡ
1614 794 1709 849 καὶ

129 883 393 957 ’Δϐρασὰξ
436 883 768 955 καλουμένη,
808 884 1168 956 εὑρεθήσεται
1209 885 1242 955 ή
1284 883 1354 937 τά
1404 883 1582 939 πάντα
1620 902 1711 938 πε·

130 978 405 1048 πιηκυῖα,
439 976 534 1029 καὶ
565 976 600 1046 ἡ
635 975 784 1029 αἰτία
816 975 927 1029 τῶν
960 975 1130 1030 ὄντων
1162 976 1403 1043 πάντων,
1431 978 1525 1031 καὶ
1558 976 1710 1030 οὐδὲν

127 1068 240 1137 δίχα
274 1067 443 1138 αὐτῆς
482 1069 537 1120 τὶ
574 1067 905 1137 γεγενῆσθαι
944 1067 1334 1139 εὑρεθήσεται,
1375 1070 1537 1122 ὁπότε
1572 1067 1709 1139 αὑτὴ

127 1159 181 1213 τὸ
213 1158 384 1212 αἴτιον
419 1160 515 1214 καὶ
552 1159 613 1213 τὸ
646 1159 861 1231 πρῶτον
891 1159 1199 1229 ἀρχέτυπον
1232 1162 1362 1231 παρ’
1399 1161 1580 1213 αὐτῶν
1612 1178 1711 1213 καρ-

124 1252 498 1321 ταγγέλλεται,
544 1250 604 1304 τὸ
641 1250 932 1321 λεγόμενον
976 1252 1104 1322 παρ’
1142 1252 1328 1315 αὐτοῖς
1366 1251 1459 1305 τοῦ
1505 1253 1710 1324 κόσμου

125 1342 311 1396 τούτου
343 1342 659 1413 ὑστέρημα,
697 1341 802 1394 ὑπό
834 1358 978 1404 τινος
1020 1341 1208 1413 ἐτέρου
1245 1342 1322 1413 μὴ
1351 1343 1710 1415 γεγενῆσθαι,

126 1434 261 1489 ἀλλὰ
318 1435 427 1488 ἀπὸ
459 1434 559 1504 τῆς
602 1432 826 1505 πρώτης
865 1434 1040 1505 ἀρχῆς
1082 1433 1177 1487 καὶ
1214 1434 1394 1498 αἰτίας
1435 1435 1543 1488 τῶν
1584 1452 1713 1506 μετ-

125 1528 315 1581 έπειτα
336 1526 654 1595 γεγονότων.
677 1524 1011 1597 Ἐρωτητέον
1035 1524 1093 1578 δὲ
1105 1525 1198 1579 τὸν
1227 1525 1408 1578 αὐτόν·
1430 1526 1547 1580 Τίνι
1571 1526 1713 1600 λόγῳ

123 1618 209 1669 ἐπὶ
238 1617 509 1688 τοσαύτην
539 1614 755 1687 πληθὺν
780 1616 928 1686 ἡμᾶς
965 1614 1172 1687 φέρεις,
1204 1608 1249 1669 ὦ
1274 1606 1429 1678 οὗτος
1447 1654 1464 1681 ,
1504 1618 1597 1670 καὶ
1635 1617 1708 1688 μὴ

1804 429 2052 501 ejusdem
2105 428 2358 484 Basilidis
2411 442 2568 497 nugae
2627 424 2947 481 refellentur
3008 425 3102 494 qui
3168 441 3199 477 e
3250 423 3393 477 coelo

1805 521 2084 591 delapsus,
2131 530 2184 577 et
2224 518 2489 581 caelestia,
2512 516 2799 572 manifeste
2844 515 3244 584 contemplatus
3285 521 3391 575 est,

1805 613 1892 668 vel
1914 628 1947 669 e
1972 612 2114 668 caelo
2149 612 2352 683 potius,
2394 611 2499 665 hoc
2533 614 2623 664 est
2656 622 2825 679 scopo
2859 606 3107 662 veritatis
3142 604 3345 659 excidit
3376 622 3389 658 :

1809 720 1936 760 nam
1964 704 2010 760 si
2047 704 2248 760 cmlum
2280 701 2426 758 istud
2458 701 2527 756 ab
2563 700 2773 770 angelis
2802 713 2942 770 quos
2967 698 3057 752 ille
3085 694 3391 761 constituit,

1808 803 1898 851 est
1941 794 2302 865 productum,
2338 800 2393 849 et
2425 791 2462 846 ii
2498 806 2691 847 rursus
2732 805 2763 845 a
2795 788 3203 861 superioribus,
3232 801 3396 857 supe-

1810 886 1994 942 riores
2027 900 2059 940 a
2095 885 2373 957 supremis
2403 884 2673 957 procreati
2713 889 2862 946 sunt,
2897 896 2964 938 eo
3000 895 3092 935 res
3133 878 3395 934 nimirum

1808 980 2037 1046 recidet,
2067 987 2127 1035 ut
2154 952 2366 1035 summa
2397 952 2487 1033 illa
2516 952 2714 1043 virius,
2741 990 2863 1045 qua:
2892 973 3137 1028 Ahrasax
3164 970 3393 1033 dicitur,

1811 1072 2069 1128 universa
2125 1070 2468 1135 condiderit,
2526 1069 2705 1137 sitque
2760 1065 3004 1121 omnium
3055 1074 3398 1133 quaecunque

1812 1175 1943 1222 sunt
1980 1178 2168 1230 causa,
2215 1177 2319 1220 nec
2361 1163 2568 1232 absque
2604 1160 2695 1215 illa
2731 1157 3030 1229 quidquam
3070 1153 3348 1209 exstiterit
3381 1170 3394 1206 :

1813 1256 1924 1329 74.
1962 1271 2090 1312 cum
2130 1254 2247 1310 haec
2284 1254 2403 1325 ipsa
2446 1250 2801 1324 principium,
2838 1264 2902 1304 ac
2940 1249 3177 1318 primum
3216 1258 3399 1300 rerum

1812 1349 2058 1405 omnium
2099 1345 2380 1417 exemplar
2422 1345 2494 1400 ab
2537 1343 2648 1399 illis
2684 1356 2809 1399 esse
2844 1340 3065 1395 dicatur
3103 1354 3118 1391 :
3156 1336 3403 1406 adeoque

1814 1442 2063 1512 sequitur
2095 1438 2289 1495 mundi
2327 1436 2493 1507 hujus
2534 1450 2698 1507 quem
2735 1439 2935 1488 vocant
2976 1430 3249 1486 defectum
3290 1443 3401 1484 non

1816 1535 1884 1589 ad
1930 1532 2078 1589 aliud
2124 1546 2250 1589 esse
2296 1545 2463 1602 quam
2506 1529 2576 1584 ad
2612 1528 2849 1599 primum
2897 1525 3029 1581 illud
3071 1523 3402 1594 principium

1818 1640 2155 1695 causamque
2182 1638 2397 1690 eorum,
2419 1636 2542 1693 quae
2570 1628 2702 1677 sunt
2729 1628 2919 1691 postea
2950 1617 3092 1672 facta
3115 1657 3130 1682 ,
3160 1614 3406 1670 referen-

128 1709 324 1781 μᾶλλον
354 1709 449 1762 ἐπὶ
479 1710 578 1779 τὴν
606 1708 813 1779 ἀρχὴν,
851 1709 1129 1761 τουτέστιν
1173 1709 1267 1762 ἐπὶ
1309 1709 1401 1762 τὸν
1441 1710 1538 1763 ἕνα
1574 1709 1708 1764 Θεὸν
1745 1700 1787 1755 Β
1812 1719 1963 1773 dum.
1999 1761 2002 1770 ,

1902 1734 1963 1773 1n.
1999 1716 2134 1772 Illud
2164 1729 2295 1772 vero
2322 1717 2390 1771 de
2417 1714 2610 1770 eodem
2634 1712 2949 1784 percontari
2978 1716 3227 1780 oportet:
3263 1705 3402 1773 Quid

123 1802 207 1855 τὸν
230 1800 650 1873 παντοκράτορα
672 1817 686 1865 ;
704 1799 868 1853 ὁπότε
886 1798 1187 1865 ὲξάπαντος
1211 1801 1329 1872 ἦτοι
1347 1801 1489 1856 οὓτω
1510 1801 1704 1871 λέγων,

123 1894 155 1965 ἦ
186 1892 353 1957 οὕτω,
384 1894 466 1946 δεῖ
491 1894 582 1947 τὸν
606 1893 704 1947 ἕνα
735 1894 906 1948 αῐτιον
944 1894 1162 1947 πάντων
1205 1893 1485 1964 ὁμολογεῖν
1504 1895 1707 1948 Δεσπό-

123 2002 240 2055 την.
276 1984 443 2038 Ἀλλά
497 1986 591 2039 καὶ
641 1987 769 2055 περὶ
822 1985 924 2055 τῆς
976 1984 1071 2039 τοῦ
1117 1985 1353 2058 Χριστοῦ
1400 1986 1708 2051 ὑποθέσεως

123 2077 450 2148 ἀπόκριναι,
502 2069 548 2129 ὦ
593 2075 935 2146 πλαστουργὲ
992 2076 1092 2147 τῆς
1159 2077 1453 2148 μυθοποιοῦ
1504 2076 1709 2149 ταύτης

126 2168 526 2239 πραγματείας.
553 2169 615 2221 Et
640 2168 821 2239 Σίμων
843 2167 1165 2241 ἐσταυρώθη
1191 2170 1219 2221 ὁ
1243 2171 1573 2241 Κυρηναῖος,
1600 2168 1709 2242 ἄρα

123 2260 182 2311 οὐ
224 2260 311 2312 διὰ
342 2258 519 2331 Ἰησοῦ
555 2262 589 2329 ἡ
630 2260 876 2331 σωτηρία
914 2260 1073 2331 ἡμῶν
1110 2260 1421 2333 γεγένηται,
1456 2262 1595 2316 ἀλλὰ
1623 2262 1711 2316 διὰ

125 2353 389 2423 Σίμωνος,
434 2354 527 2407 καὶ
573 2354 756 2408 οὐκέτι
800 2356 829 2407 ό
875 2356 1080 2425 κόσμος
1120 2355 1360 2409 ἐλπίσειε
1406 2356 1495 2411 διὰ
1533 2356 1709 2427 Ἰησοῦ

123 2444 361 2516 Χριστοῦ
388 2444 657 2509 σώζεσθαι
683 2446 775 2499 τοῦ
804 2447 879 2518 μὴ
909 2446 1193 2511 παθόντος.
1223 2448 1359 2502 Ούτε
1386 2448 1496 2520 γάρ
1529 2449 1712 2520 Σίμων

123 2538 345 2592 δύναται
374 2538 585 2604 σώζειν,
616 2539 901 2609 ἄνθρωπος
942 2538 1019 2593 ὢν
1060 2540 1235 2610 ψιλὸς,
1267 2542 1362 2596 καὶ
1397 2540 1548 2597 οὐδὲν
1592 2542 1712 2596 ἓτε-

126 2648 236 2701 ρον.
254 2631 478 2702 ’Ἁμαδὲ
492 2632 584 2685 καὶ
608 2632 974 2700 συκοφαντίας
997 2632 1364 2703 καταψηφίζει
1388 2635 1405 2665 ¹
1440 2631 1534 2689 τοῦ
1559 2652 1714 2706 μονο-

125 2723 315 2791 γενοῦς
354 2723 485 2777 Υίοῦ
516 2724 610 2777 τοῦ
640 2723 800 2788 Θεοῦ,
839 2726 889 2777 εἰ
921 2724 1108 2796 ἕτερον
1141 2726 1254 2779 ἀντ’
1282 2727 1447 2780 αὐτοῦ
1478 2728 1715 2799 παραδέ-

122 2817 296 2869 δωκεν
332 2818 361 2869 ὁ
389 2816 601 2884 ἀγαθὸς
625 2815 848 2888 Κύριος,
900 2816 1229 2888 βιασάμενος
1268 2820 1347 2882 εἰς
1388 2819 1563 2889 φόνον.
1606 2821 1715 2874 Καὶ

126 2908 276 2959 ἕαται
305 2907 494 2959 λοιπὸν
521 2907 674 2979 ὄναρ,
706 2908 905 2978 μᾶλλον
931 2908 988 2961 δὲ
1014 2908 1341 2979 κακοηθείας
1372 2912 1467 2965 καὶ
1494 2912 1716 2976 κυϐείας

124 3000 283 3069 ἔργον
322 3000 386 3052 τὸ
416 2999 652 3052 τοιοῦτον
673 3039 690 3063 ,
722 3002 806 3053 ὅτι
835 3002 864 3053 ό
896 3000 1099 3071 Κύριος
1117 3042 1131 3066 ,
1168 3001 1363 3073 κυϐείᾳ
1393 3004 1498 3056 τινὶ
1526 3003 1715 3058 ἑαυτὸν

124 3065 367 3161 κρύψας,
402 3091 559 3145 ἄλλον
593 3093 707 3146 ἀντ’
742 3091 908 3146 αὐτοῦ
953 3065 1460 3163 παραδέδωκε”καὶ
1496 3094 1647 3150 ἔσται
1685 3100 1719 3170 ή
1750 3065 1794 3125 c'

124 3182 278 3252 παρὰ
324 3181 421 3235 σοῦ
479 3182 788 3254 μωρολογία
845 3183 1258 3253 συκοφαντοῦσα
1308 3186 1406 3256 μὲν
1446 3188 1546 3260 τὴν
1591 3189 1724 3261 ἀλή-

126 3270 303 3340 θειαν,
348 3276 422 3345 μὴ
464 3276 737 3347 δυναμένη
786 3275 865 3340 δὲ,
904 3276 1018 3330 ἀλλ’
1053 3277 1385 3350 ὲλεγχομένη
1428 3279 1519 3333 ὑπ’
1552 3280 1724 3352 αὐτῆς

124 3367 220 3436 τῆς
270 3366 560 3437 ἀληθείας,
640 3369 966 3433 άσυστάτως
1015 3369 1078 3423 τὸ
1124 3370 1340 3443 ποίημα
1390 3374 1550 3429 τοῦτο
1611 3377 1726 3430 είσ-

127 3458 438 3529 ιιγουμένηο

1812 1818 1873 1865 tu
1903 1808 2146 1874 tandem,
2184 1808 2260 1863 mi
2296 1808 2489 1872 homo,
2526 1819 2629 1861 nos
2666 1804 2723 1859 in
2757 1811 2962 1858 tantam
3000 1798 3405 1855 multitudinem

1817 1901 2107 1973 compellis
2126 1941 2143 1965 ,
2163 1914 2229 1955 ac
2253 1913 2363 1954 non
2393 1898 2577 1968 potius
2602 1896 2669 1951 ad
2702 1895 3033 1965 principium
3067 1892 3269 1961 ipsum,
3301 1888 3408 1943 hoc

1815 2001 1901 2049 est
1924 2007 2095 2047 unum
2125 1990 2296 2047 Deum
2325 1996 2380 2045 et
2405 1989 2833 2058 omnipotentem
2862 1982 3131 2040 deducis?
3154 1980 3409 2052 quando-

1816 2087 2037 2157 quidem
2086 2085 2203 2140 sive
2255 2084 2360 2139 hoc
2404 2082 2522 2137 sive
2569 2081 2678 2136 alio
2729 2077 2893 2134 modo
2946 2083 3181 2142 statuas,
3236 2088 3407 2128 unum

1817 2179 2043 2234 omnino
2094 2191 2278 2233 rerum
2328 2174 2574 2231 omnium
2623 2172 2951 2244 principium
2999 2183 3065 2223 ac
3117 2166 3408 2221 Dominum

1821 2268 1981 2324 fateri
2029 2281 2257 2323 necesse
2304 2266 2398 2322 sit.
2445 2263 2589 2329 Quin
2641 2263 2747 2319 hoc
2783 2261 2946 2316 velim
2968 2257 3123 2323 mihi,
3175 2250 3412 2310 fabulosi

1817 2361 1985 2431 hujus
2006 2358 2301 2416 commenti
2334 2356 2655 2422 architecte,
2692 2354 2761 2409 de
2800 2351 3021 2407 Christo
3054 2345 3409 2417 respondeas.

1822 2456 1879 2512 Si
1921 2457 1975 2511 in
2022 2469 2242 2511 crucem
2292 2450 2485 2507 Simon
2534 2449 2626 2505 ille
2674 2446 2981 2519 Cyrenaeus
3008 2448 3095 2498 est
3124 2438 3410 2501 sublatus,

1820 2562 1935 2604 non
1970 2545 2141 2619 igitur
2169 2559 2267 2615 per
2300 2541 2581 2598 Christum
2614 2544 2771 2609 parta
2804 2534 2963 2590 nobis
2991 2540 3077 2588 est
3103 2530 3274 2595 salus,
3317 2525 3414 2583 sed

1821 2655 1919 2711 per
1958 2617 2274 2702 Simonem;
2304 2649 2407 2690 nec
2439 2632 2552 2703 jam
2583 2645 2682 2701 per
2720 2626 3001 2683 Christum
3034 2620 3274 2677 mundus
3303 2617 3416 2673 sal-

1823 2707 1957 2790 vum
1988 2731 2107 2787 fore
2146 2744 2205 2786 se
2238 2741 2462 2797 sperare
2484 2723 2708 2785 debeat,
2742 2725 2931 2788 utpote
2958 2713 3051 2785 qui
3088 2711 3313 2766 minime
3343 2707 3417 2764 sit

1823 2837 2047 2897 passus.
2090 2818 2280 2890 Neque
2308 2816 2458 2873 enim
2497 2812 2690 2871 salutis
2727 2824 2852 2864 esse
2888 2819 3058 2860 causa
3101 2800 3292 2856 Simon
3326 2811 3417 2867 po-

1826 2893 1963 2984 test,
1995 2930 2170 2987 purus
2193 2912 2385 2983 utique
2412 2925 2478 2964 ac
2505 2915 2673 2979 putus
2699 2905 2885 2967 homo,
2918 2914 3094 2971 neque
3118 2893 3427 2968 quidquam

1825 2983 2085 3082 amplius.
2115 3005 2200 3061 Ad
2237 3005 2354 3060 haec
2386 3000 2725 3071 unigenitum
2766 2995 2860 3050 Dei
2894 2992 3092 3047 Filium
3132 2983 3418 3082 calumniae

1826 3074 2185 3162 condemnas,
2216 3097 2265 3153 si
2293 3096 2522 3150 alterum
2554 3093 2732 3146 bonus
2764 3085 3030 3141 Dominus
3056 3081 3321 3136 violenter
3349 3074 3431 3128 ad.

1827 3207 2021 3250 necem
2050 3204 2151 3247 suo
2184 3188 2305 3241 loco
2343 3182 2647 3239 tradiderit.
2680 3178 2792 3233 Nec
2826 3175 2973 3230 aliud
3007 3181 3121 3227 tota
3152 3185 3241 3226 rcs
3280 3181 3414 3239 prae-

1828 3295 1912 3343 ter
1928 3283 2203 3342 somnium
2227 3280 2354 3342 erit,
2384 3277 2497 3333 imo
2520 3271 2875 3345 malignitatis
2901 3265 3416 3338 prmstigiarumque

1826 3377 2127 3448 specimen,
2157 3386 2283 3427 cum
2318 3367 2671 3437 semetipsum
2724 3362 2988 3416 Dominus
3039 3353 3419 3411 fraudulenlis

1834 3471 2045 3526 artibus
2071 3464 2387 3523 subduceris
2418 3460 2502 3515 sui
2532 3456 2801 3514 vicarium
2839 3454 3072 3508 alterum
3100 3449 3418 3504 substituat.

129 3556 334 3625 Sicque
375 3565 466 3610 tua
510 3556 598 3611 illa
640 3556 966 3613 stultissima
1011 3558 1289 3614 cavillatio
1334 3562 1550 3620 veritati
1600 3569 1821 3638 quidem
1880 3562 2216 3622 calumniam
2249 3564 2446 3623 struet,
2482 3570 2583 3610 nec
2637 3552 2783 3624 quod
2813 3550 2959 3605 volet
3015 3558 3201 3601 tamen
3261 3556 3425 3597 asse-

126 3653 217 3722 qui
255 3653 482 3722 poterit,
527 3652 621 3708 sed
667 3654 736 3709 de
784 3653 1041 3725 ﬁgmento
1098 3656 1191 3711 illo
1244 3665 1452 3714 temere
1496 3677 1561 3717 ac
1610 3665 1731 3721 sine
1762 3664 1873 3720 ulla
1905 3660 2205 3719 stabilitate
2231 3653 2517 3727 proposito
2563 3650 2649 3706 vel
2681 3650 2750 3704 ab
2777 3648 2897 3719 ipsa
2945 3644 3177 3701 veritate
3227 3638 3422 3695 redar-

125 3757 354 3815 guetur.

194 3841 274 3895 9'.
291 3843 481 3914 Πάντη
499 3841 607 3915 γὰρ
626 3840 835 3912 ἐλέγχει
850 3840 1037 3896 τοῦτον
1057 3843 1149 3896 τὸν
1169 3846 1526 3919 αἱρεσιάρχην
1547 3850 1727 3923 ήάλή-

124 3938 249 3991 θεια
295 3938 360 3989 ἐν
404 3935 615 4006 ⁴Ῐαλαιᾷ
649 3936 742 3988 καὶ
780 3936 956 4007 Καινῇ
996 3937 1259 4011 Διαθήκῃ.
1296 3942 1468 3995 Παντὶ
1496 3942 1604 4011 γάρ
1642 3960 1727 3996 τοι

122 4030 307 4101 δῆλον,
336 4031 419 4083 ὅτι
446 4027 679 4100 Χριστὸς
704 4026 846 4080 ἑκὼν
870 4029 963 4081 ἐπὶ
987 4029 1049 4082 τὸ
1072 4029 1244 4095 πάθος
1267 4028 1420 4103 ἦλθε,
1446 4037 1540 4088 καὶ
1570 4036 1728 4107 θελή-

127 4139 262 4194 ματι
292 4119 411 4193 ἰδίῳ
434 4121 528 4175 καὶ
555 4118 650 4171 τοῦ
687 4118 816 4171 ἰδίου
844 4120 1078 4191 Πατρὸς,
1097 4127 1193 4175 καὶ
1212 4122 1430 4195 εὐδοκία
1449 4124 1542 4178 τοῦ
1570 4126 1726 4194 ἁγίου

126 4215 458 4285 Πνεύματος
484 4211 643 4265 ἔλαϐε
670 4211 769 4283 τὴν
798 4211 999 4283 σάρκα,
1031 4213 1460 4286 ένανθρωπήσας
1486 4218 1543 4271 ὲν
1570 4221 1726 4291 ἡμῖν,

125 4308 185 4361 ἐν
215 4305 535 4374 τελειότητι
560 4304 693 4365 Θεὸς
722 4301 818 4367 ὢν,
852 4304 948 4356 ἀπ’
978 4304 1153 4375 ἀρχῆς
1186 4307 1250 4358 ὲκ
1284 4308 1498 4378 Πατρὸς
1534 4326 1725 4379 γεγεν.

1902 3845 1994 3900 ιχ.
2035 3842 2162 3898 Haec
2186 3839 2333 3896 enim
2358 3832 2779 3891 limresiarcham
2809 3829 2976 3883 istum
3004 3833 3117 3881 tam
3148 3824 3204 3879 in
3230 3821 3425 3878 Veteri

1830 3954 1997 4011 quam
2035 3935 2190 3990 Novo
2229 3930 2588 3986 Testamento
2628 3923 2778 3980 omni
2818 3937 2886 3977 ex
2925 3927 3083 3991 parte
3122 3915 3421 3971 convincit.

1836 4009 2115 4100 Siquidem
2174 4021 2381 4079 nemini
2444 4024 2531 4074 est
2587 4016 2911 4075 obscurum,
2977 4009 3258 4064 Christum
3324 4020 3435 4061 suae

1837 4099 2035 4194 sponte
2073 4118 2140 4173 ad
2180 4111 2507 4185 supplicium
2548 4107 2787 4173 venisse,
2831 4113 2996 4174 atque
3034 4104 3197 4156 etiam
3237 4099 3426 4153 volun-

1834 4189 1945 4269 tate
1988 4226 2113 4266 cum
2163 4223 2263 4264 sua
2305 4215 2420 4259 tum
2454 4200 2633 4256 Patris
2672 4212 2735 4253 ac
2766 4196 2940 4253 sancti
2976 4192 3213 4264 Spiritus
3247 4189 3423 4243 addu-

1834 4313 2006 4369 ctum,
2031 4302 2114 4357 uti
2134 4313 2354 4357 carnem
2378 4294 2655 4356 indueret,
2682 4298 2737 4347 et
2763 4290 2905 4343 inter.
2930 4301 3031 4341 nos
3062 4284 3334 4338 hominem
3366 4298 3425 4335 se

126 4400 392 4471 νημένος,
424 4397 678 4468 ἀνάρχως
716 4398 810 4453 καὶ
840 4374 1118 4469 ἀχρόνωςέ
1142 4401 1229 4452 ἐπ’
1266 4374 1509 4471 ἐσχάτων
1539 4374 1733 4456 όὲντῶν
1765 4402 1808 4456 D
1839 4399 2002 4453 faceti

1902 4405 2076 4461 ceret,
2121 4407 2246 4448 cum
2288 4388 2647 4445 nihilominus
2680 4382 2952 4454 perlectus
2990 4385 3147 4433 esset.
3174 4374 3317 4428 Deus
3343 4388 3429 4435 ..ιι

127 4492 362 4564 ἡμερῶν
403 4493 465 4545 ἑν
512 4492 699 4563 μήτρᾳ
749 4490 1019 4562 παρθένου
1064 4491 1318 4560 γενέσθαι
1365 4494 1728 4562 καταξιώσας,

128 4589 208 4651 είς
230 4584 433 4638 ἑαυτόν
454 4600 515 4636 τε
547 4583 705 4653 σῶμα
736 4581 1211 4654 ἀναπλασάμενος,
1246 4585 1341 4637 καὶ
1368 4586 1648 4658 γεννηθεὶς
1674 4590 1732 4643 ὲν

127 4680 387 4753 ἀληθείᾳ,
412 4681 507 4733 καὶ
530 4679 954 4751 ὲνανθρωπήσας
984 4681 1040 4732 εν
1072 4679 1378 4750 βεϐαιώσει,
1407 4682 1491 4735 ἵνα
1512 4683 1570 4737 ὲν
1592 4683 1728 4754 αύτῇ

128 4773 282 4845 πάθῃ
318 4772 465 4843 ὑπὲρ
496 4770 652 4841 ἡμῶν
685 4773 750 4841 τῇ
788 4770 975 4840 σαρκὶ,
1013 4771 1109 4824 καὶ
1136 4770 1237 4842 τὴν
1276 4770 1455 4842 ψυχὴν
1488 4771 1561 4843 δῷ
1590 4771 1732 4844 ὑπὲρ

129 4866 239 4919 τῶν
296 4864 451 4918 ἰδίων
511 4863 817 4934 προϐάτων·
880 4863 957 4926 ti);
1004 4863 1215 4933 ἐλέγχει
1267 4865 1489 4927 τούτους
1536 4863 1727 4935 λέγων·

128 4960 291 5015 Ἰδοὺ
342 4959 745 5025 ἀναϐαίνομεν
789 4958 875 5022 εἰς
932 4956 1348 5026 Ἰεροσόλυμα,
1378 4957 1476 5010 καὶ
1516 4960 1548 5011 ό
1600 4956 1734 5025 Υἱὸς

128 5054 238 5109 τοῦ
262 5050 592 5119 ἀνθρώπου
616 5048 1097 5118 παραδοθήσεται
1118 5091 1130 5111 ,
1156 5050 1253 5103 καὶ
1282 5050 1738 5127 ἀποκτανθήσε-

128 5164 247 5207 ται,
304 5144 411 5197 καὶ
460 5141 535 5210 τῇ
582 5142 747 5210 τρίτῃ
798 5141 993 5211 ἡμέρᾳ
1033 5139 1463 5208 ἀναστήσεται,
1505 5144 1628 5206 Τοῖς
1673 5161 1734 5196 τε

129 5242 271 5303 υἱοῖς
300 5237 596 5294 Ζεϐεδαίου
629 5238 827 5306 φήσας·
859 5236 1130 5290 Δύνασθε
1164 5234 1324 5289 πιεῖν
1355 5235 1423 5289 τὸ
1448 5235 1737 5305 ποτήριον

129 5333 161 5387 ὃ
186 5331 408 5401 μέλλω
436 5328 653 5380 πίνειν·
684 5326 759 5389 ὡς
791 5325 885 5378 καὶ
914 5327 940 5377 ὀ
980 5324 1276 5389 ἀπόστολος
1319 5324 1469 5394 λέγει
1506 5327 1731 5398 Πέτρος·

135 5422 521 5485 Θανατωθείς
553 5418 756 5487 σαρκὶ,
788 5415 1161 5484 ζωοποιηθεὶς
1192 5417 1261 5471 δὲ
1288 5420 1597 5489 πνεύματι.
1631 5421 1737 5472 Καὶ

140 5518 324 5572 πάλιν
392 5516 496 5579 Ὃς
538 5512 761 5565 ἔπαθεν
808 5510 958 5578 ὑπὲρ
1008 5508 1178 5579 ’ἡμῶν
1220 5512 1422 5581 σαρκί’
1474 5511 1633 5564 πάλιν
1681 5512 1737 5563 δὲ

209 5707 227 5738 ί
252 5705 319 5759 ι’.
357 5700 780 5772 καταψηφίζεις.

1837 4489 2000 4544 Patre
2031 4483 2302 4558 principio
2331 4482 2450 4537 sine
2476 4478 2587 4534 ullo
2614 4475 2771 4531 initio
2798 4473 2879 4527 vel
2907 4481 3151 4539 tempore
3178 4466 3419 4537 genitus.

1840 4582 1943 4649 Qui
1976 4578 2271 4651 postremis
2300 4571 2638 4644 temporibus
2663 4569 2716 4622 in
2755 4564 2980 4635 virginis
3012 4571 3167 4616 utcro
3196 4558 3424 4613 formari

1833 4649 2033 4736 voluit,
2058 4670 2271 4740 sibique
2293 4680 2494 4736 corpus
2515 4658 2743 4723 eﬂinxit,
2784 4670 2850 4709 ac
2886 4667 3071 4708 revera
3102 4649 3343 4719 genitus,
3370 4655 3425 4701 et

1835 4769 2000 4823 homo
2029 4765 2148 4820 sine
2171 4761 2283 4816 ullo
2302 4755 2628 4822 fucojl'actus
2646 4758 2751 4816 est,
2778 4747 2855 4804 uti
2880 4759 3071 4819 poenas
3093 4744 3149 4797 in
3168 4758 3232 4795 ea
3261 4754 3425 4811 quam

1835 4864 2156 4928 susceperat
2202 4867 2370 4910 carne
2416 4863 2514 4920 pro
2571 4844 2733 4899 nobis
2781 4838 3155 4909 experiretur,
3213 4848 3278 4887 ae
3326 4848 3426 4903 pro

1835 4923 2032 5005 Ovibus
2061 4948 2179 5002 suis
2203 4945 2444 4999 animam
2474 4937 2734 4993 traderet.
2766 4932 2824 4987 ln
2849 4945 2957 5001 quo
2986 4926 3273 4981 haereticos
3303 4923 3429 4976 illos

1837 5044 2130 5119 perspicue
2157 5038 2357 5096 refellit
2403 5034 2532 5087 dum
2578 5032 2650 5084 ita
2688 5025 2933 5097 loquitur
2965 5042 2977 5077 :
3019 5020 3153 5074 Ecce
3192 5016 3430 5074 arcendi.

1837 5111 1953 5195 imis
1972 5111 2439 5202 vllierosolymam
2461 5167 2474 5192 ,
2517 5134 2566 5179 et
2598 5120 2773 5176 Filius
2803 5115 3031 5170 hominis
3085 5111 3347 5173 tradetur,
3376 5120 3427 5165 et

1837 5232 2127 5294 occidetur,
2142 5238 2187 5281 et
2206 5225 2313 5297 75
2332 5222 2490 5277 tertia
2505 5218 2837 5287 diejresurget
2852 5215 2894 5267 ³.
2908 5209 3046 5264 Tum
3063 5208 3287 5275 insuper
3302 5219 3426 5257 cum

1840 5323 2087 5382 Zebedtei
2127 5321 2252 5376 ﬁliis
2278 5319 2355 5373 ait
2398 5335 2412 5370 :
2448 5311 2674 5369 Potestis
2707 5308 2879 5362 bibere
2909 5303 3124 5357 calicem
3155 5314 3307 5369 quem
3336 5314 3431 5367 ego

1843 5420 2104 5474 bibiturus
2135 5431 2251 5467 sum
2280 5412 2340 5465 ’Ἰ
2363 5410 2484 5477 Quo
2514 5407 2603 5462 illa
2630 5398 2863 5475 apostoli
2894 5396 3039 5452 Petri
3065 5393 3229 5449 verba
3263 5391 3432 5462 perti-

1843 5517 1971 5565 nent
2000 5529 2012 5563 :
2043 5505 2403 5575 Mortiﬁcatus
2430 5514 2607 5563 carne,
2631 5495 2926 5565 viviﬁcatus
2971 5496 3148 5543 autem
3171 5484 3370 5556 spiritu
3383 5487 3427 5536 δ.

862 5702 879 5730 '
907 5699 1095 5756 Matth.
1130 5718 1217 5767 xx,
1264 5699 1342 5755 l3.
1426 5699 1443 5728 ³
1476 5696 1722 5752 ibid.
1808 5695 1824 5726 "
1868 5694 1885 5748 ι
1928 5690 2041 5747 Pet.
2077 5705 2156 5744 ιιι.
2190 5686 2278 5742 18.
