3760 6176
392 193 496 254 519

1823 207 1882 265 s.
1928 209 2268 266 EPIPttANll
2411 269 2416 274 _
3567 236 3645 291 ως)

391 309 466 364 Ac
507 324 765 367 rursum:
794 313 900 380 Qui
938 330 1033 383 pro
1066 315 1214 372 nobis
1245 318 1299 371 in
1342 335 1498 374 carne
1530 336 1719 390 passus
1751 331 1852 378 est.
1880 322 1965 379 Set

2093 329 2346 402 Ἰωάννης
2383 332 2572 401 λέγων·
2629 337 2698 390 Εἴ
2744 353 2833 402 τις
2877 339 2948 393 οὐ
2987 339 3147 408 λέγει
3187 341 3293 394 τὸν
3328 345 3576 412 Ὰζοιστιλγ
3597 349 3644 401 ἐν

389 407 443 451 et
475 397 718 456 Joannes
753 404 828 458 ita
864 407 1154 463 scribens:
1187 409 1248 483 Si
1287 412 1402 480 quis
1432 425 1584 483 negat
1623 413 1894 469 Christum
1929 416 1982 470 in

390 506 550 544 carne
580 493 798 559 venisse,
831 495 915 549 Itic
935 509 1014 551 est
1046 482 1405 558 Antichristus
1435 506 1473 560 ¹,
1503 506 1580 559 Ad
1612 507 1726 563 tunc
1757 520 1982 566 sanctus

390 581 596 638 Paulus
633 605 643 638 :
677 586 782 653 Qui
814 601 1052 655 mortem,
1106 594 1306 664 inquit,
1356 600 1616 666 gustavit,
1650 612 1868 656 mortem
1901 604 1982 656 in-

391 691 551 744 quam
587 682 758 733 crucis
787 682 830 734 ².
861 680 915 734 Id
951 684 1093 750 quod
1123 684 1302 742 Moses
1334 688 1424 741 diu
1457 698 1582 745 ante
1608 695 1981 760 pnenuntians

392 768 610 822 dicebat
636 787 650 826 :
696 768 942 828 Videbitis
967 779 1127 829 vitam
1158 790 1386 834 vestram
1415 798 1593 836 coram
1619 785 1762 840 vobis
1793 802 1820 840 e
1840 787 1982 858 ligno

391 878 700 930 ιιιερεηεοιη
725 866 766 919 ³.
803 850 922 922 Vita
965 885 1130 940 porro
1166 883 1356 950 nostra
1399 891 1509 930 non
1555 878 1850 950 Cyrenaeus
1895 881 1981 935 Si-

391 968 543 1017 mon,
569 957 661 1010 sed
688 959 777 1012 ille
807 969 890 1014 est
919 961 1053 1032 ipse,
1077 965 1170 1034 qui
1201 981 1299 1036 pro
1323 969 1481 1025 nobis
1512 970 1633 1026 ideo
1655 987 1852 1042 passus
1871 983 1980 1041 est,

394 1055 456 1102 ut
487 1063 588 1102 nos
616 1053 972 1119 passionibus
1006 1059 1210 1113 nostris
1239 1063 1573 1128 exsolveret,
1617 1067 1823 1137 quique
1856 1068 1982 1124 ideo

393 1148 648 1196 mortuus
677 1157 842 1199 carne
882 1161 1028 1203 mors
1063 1149 1180 1219 ipsa
1216 1156 1410 1209 mortis
1449 1170 1572 1211 esse
1616 1157 1818 1222 voluit,
1859 1160 1980 1230 ejus

392 1242 455 1285 ut
497 1234 777 1288 stimulum
833 1237 1105 1309 frangeret
1145 1261 1160 1297 :
1203 1243 1342 1300 idem
1393 1257 1552 1304 terra:
1596 1249 1662 1304 ad
1714 1251 1978 1307 interiora

391 1324 698 1390 descendit,
730 1336 782 1381 ut
810 1329 1188 1392 adamantinos
1211 1349 1393 1393 vectes
1415 1339 1748 1412 etl‘ringeret.
1782 1342 1900 1409 Qua
1923 1360 1981 1400 re

391 1418 640 1473 confecta
670 1423 913 1490 captivas
947 1440 1164 1482 sursum
1197 1429 1408 1486 animas
1445 1434 1653 1500 evexit,
1693 1440 1875 1504 atque,
1898 1435 1982 1490 in-

391 1509 541 1565 feros
563 1513 838 1568 exhausit.

462 1605 530 1660 Χ.
573 1605 806 1662 Tantum
837 1610 1004 1680 igitur
1041 1611 1197 1668 abest
1227 1621 1286 1668 ut
1323 1613 1533 1670 Simoni
1563 1617 1816 1675 Christus
1848 1635 1980 1676 cau-

2085 423 2265 489 σαρκὶ
2323 425 2702 493 ἐληλυθέναι,
2763 426 2942 497 οὗτος
3005 431 3418 502 ’Λντίγριστός
3489 437 3642 499 ἐστιν,

2097 516 2154 568 Ὁ
2177 515 2230 569 δὲ
2263 517 2418 586 ἆγιος
2439 519 2648 584 Παῦλός
2671 539 2826 593 φησιο
2856 525 3245 595 ΓευσάμειὋς
3266 527 3549 594 θανάτου,
3573 537 3644 587 θα-

2081 604 2267 660 νάτου
2312 607 2382 660 δὲ
2418 612 2708 678 σταυροῦ’
2749 611 2825 676 ὡς
2862 614 2956 668 καὶ
2990 615 3229 688 Μωῦσῆς
3271 624 3644 688 προαναφωνὼν

2082 697 2562 770 ἔλεγεν-’Θιβεσθε
2599 703 2712 771 τὴν
2758 704 2912 774 ζωὴν
2951 706 3060 778 (65)
3089 708 3256 778 ἡμῶν
3298 711 3644 781 κρεμαμένην

2080 790 2374 846 ἀπέναντι
2405 793 2576 864 ὑμῶν
2598 797 2698 850 ἐπὶ
2727 798 2940 862 ξύλου.
2975 800 3097 870 Ζωὴ
3136 801 3192 854 δέ
3222 804 3254 873 ἠ
3264 802 3380 873 μῶν
3409 804 3508 873 ούχ
3533 805 3555 856 ὀ
3580 807 3644 858 Σί-

2086 897 2202 952 μων
2228 885 2256 936 ὁ
2287 885 2623 957 Κυρηναῖος,
2661 887 2775 941 ἀλλ’
2815 890 2844 941 6
2883 890 3024 961 ὑπὲρ
3055 890 3212 962 ἡμῶν
3247 892 3550 955 πεπονθὼς,
3576 896 3638 949 ἵνα

2082 972 2151 1025 τὰ
2177 973 2421 1047 ἡμέτερα
2451 977 2598 1049 πάθη
2631 979 2855 1052 διαλύσῃ
2875 1021 2888 1044 ,
2916 983 3010 1035 καὶ
3042 982 3219 1036 θανὼν
3249 985 3412 1055 σαρκὶ
3438 983 3638 1048 θάνατος

2084 1065 2300 1138 θανάτῳ
2327 1068 2580 1140 γένηται,
2617 1071 2703 1124 ἵνα
2729 1073 2790 1126 τὸ
2822 1072 3048 1146 κέντρον
3075 1075 3172 1129 τοῦ
3213 1075 3446 1129 Θανάτου
3476 1075 3637 1149 κλάσις,

2083 1160 2327 1224 καταϐὰς
2368 1163 2450 1226 είς
2493 1163 2560 1218 τὰ
2608 1165 2958 1235 καταχθόνια,
3003 1168 3090 1221 ἵνα
3119 1168 3248 1232 τοὺς
3275 1168 3639 1240 ἀδαμαντίνους

2087 1253 2317 1322 μοχλοὺς
2376 1255 2659 1329 συντρίψῃ.
2727 1258 2903 1330 Ὅπερ
2955 1261 3204 1330 ποιήσας,
3263 1261 3509 1330 ἀνήγαγε
3559 1261 3640 1313 τῶν

2080 1345 2268 1417 ψυχῶν
2299 1349 2396 1420 τὴν
2423 1351 2819 1421 αἰχμαλωσίαν,
2858 1352 3092 1407 ἐκένωσέ
3125 1371 3185 1406 τε
3208 1353 3301 1406 τὸν
3337 1353 3491 1425 ᾅδην.

2155 1621 2209 1673 I'.
2245 1619 2356 1673 Ούκ
2389 1618 2496 1690 ἄρα
2526 1615 2619 1672 οὖν
2651 1618 2822 1683 αἴτιος
2861 1619 3094 1673 θανάτου
3125 1620 3351 1687 γέγονεν
3375 1623 3403 1673 ό
3437 1621 3641 1692 Χριστος

390 1714 509 1753 sam
575 1703 766 1758 mortis
823 1706 1106 1771 attulerit,
1168 1716 1228 1762 ut
1281 1710 1332 1765 ei
1393 1713 1748 1783 semetipsum
1815 1731 1968 1786 expo-

2088 1713 2161 1786 τῷ
2193 1715 2395 1785 Σίμωνι
2428 1679 2597 1779 αὐτὸς
2647 1679 2839 1766 ἑαυτὸν
2886 1679 3183 1786 παραδούς.
3211 1714 3278 1766 Τί
3311 1714 3422 1785 γὰρ
3466 1679 3638 1783 λέγεις,

392 1793 585 1847 suerit.
622 1792 756 1848 Nam
808 1797 938 1865 quid
974 1799 1192 1854 tandem
1245 1803 1348 1869 ais,
1373 1806 1687 1860 mortalium
1737 1810 1981 1863 omnium

391 1881 821 1942 infelicissima?
859 1889 979 1944 Non
1026 1893 1198 1947 libere
1240 1895 1480 1964 proﬁteri
1531 1915 1651 1967 quae
1687 1902 1847 1957 vellet
1897 1917 1985 1972 po-

389 1978 521 2044 tuit,
557 1982 608 2030 et
638 1977 706 2030 ab
743 1979 848 2034 illis
891 1981 995 2036 nisi
1045 1982 1098 2036 in
1133 2000 1300 2040 cruce
1333 1991 1592 2058 suspendi
1631 1992 1792 2047 vellet
1826 2009 1984 2049 rece-

391 2066 558 2121 dere?
608 2068 676 2121 At
724 2070 935 2127 scilicet
985 2074 1081 2128 Dei
1121 2075 1302 2131 Verbo
1344 2078 1664 2136 adhibenda:
1705 2083 1982 2151 ioculares

390 2160 685 2230 prmstigiae
714 2161 1037 2229 l'uerunt,ut
1067 2168 1234 2223 alium
1282 2171 1346 2226 ad
1391 2181 1644 2241 mortem,
1690 2179 1982 2250 crucisque

391 2251 724 2320 supplicium
755 2255 1070 2311 obeundum
1103 2261 1223 2315 vice
1251 2277 1350 2316 sua
1383 2265 1642 2328 traderet,
1678 2269 1724 2324 is
1753 2286 1981 2340 praescr-

390 2344 487 2395 tim
523 2344 614 2412 qui
639 2344 836 2399 dixerit
869 2367 882 2400 :
913 2347 1022 2419 Ego
1059 2356 1386 2410 suntveritas
1413 2367 1461 2410 et
1485 2359 1594 2412 vita
1616 2359 1665 2414 δι
1701 2363 1865 2433 Atqui
1895 2379 1982 2421 ne-

390 2449 498 2504 que
565 2437 688 2492 vitae
745 2446 831 2495 est
892 2443 1048 2497 alteri
1090 2456 1321 2502 mortem
1375 2451 1752 2518 consciscere,
1804 2471 1980 2527 neque

391 2525 537 2596 quod
579 2544 770 2585 revera
804 2534 946 2588 inest
980 2541 1030 2589 in
1078 2553 1197 2594 SCSC
1226 2539 1596 2610 dissimulare,
1631 2547 1848 2618 aliaque
1880 2565 1979 2620 pro

390 2617 514 2674 aliis
549 2623 863 2691 ostendere,
893 2631 1162 2685 veritatis.
1191 2631 1412 2690 Desinet
1439 2637 1584 2692 enim
1601 2642 1802 2697 veritas
1831 2660 1975 2712 esse,

389 2711 436 2764 si
477 2713 548 2766 sit
583 2711 792 2772 fraudis
823 2726 878 2772 et
914 2721 1123 2776 erroris
1178 2725 1397 2792 artifex,
1445 2744 1714 2801 suumque
1749 2735 1977 2804 ipsamet

389 2819 528 2875 opus
573 2809 906 2876 abscondat,
966 2830 1030 2869 ac
1090 2820 1424 2873 contrariam
1485 2824 1839 2882 calliditatem
1907 2831 1975 2886 ad

386 2902 670 2971 negotium
712 2919 873 2960 suum
916 2913 1311 2967 accommodet.
1348 2913 1634 2971 Postremo
1675 2930 1733 2974 ut
1759 2922 1974 2978 dicendi

389 2991 552 3046 finem
587 2991 785 3048 faciam
823 3013 836 3049 :
882 2996 969 3052 Vae
1001 3003 1197 3055 mundo
1229 3020 1262 3055 a
1289 3005 1563 3062 scandatis
1579 3009 1623 3073 ⁸,
1656 3019 1711 3064 et
1740 3027 1972 3082 operan-
2001 3047 2044 3104 ρ

388 3085 538 3138 tibus
561 3085 930 3156 iniquitatem!
962 3090 1135 3160 Quam
1169 3096 1323 3149 multi
1356 3113 1464 3152 non
1499 3102 1662 3156 modo
1688 3103 1791 3158 sibi
1826 3114 1976 3161 tene-

388 3173 518 3230 bras
541 3175 877 3240 oﬂ'udcrunt.
921 3185 1013 3237 sed
1045 3194 1097 3237 et
1125 3186 1248 3241 aliis
1280 3203 1418 3257 quos
1449 3195 1622 3247 errori
1657 3209 1758 3250 suo
1789 3205 1978 3266 postea

392 3267 586 3324 faciles
613 3279 777 3340 atque
807 3273 1174 3348 obsequentes
1215 3283 1361 3336 nacti
1402 3288 1557 3340 sunt!
1598 3286 1704 3344 Sed
1735 3291 1979 3360 pruden-

390 3362 540 3416 tibus
573 3366 780 3421 veritas
811 3370 1128 3439 apparebit;
1162 3371 1413 3430 Basilidae
1442 3393 1594 3446 vero,
1627 3389 1680 3436 et
1711 3384 1980 3453 ejusmodi

389 3449 581 3508 farina:
621 3455 899 3513 hominum
937 3462 1178 3517 studium
1221 3468 1496 3524 constabit
1524 3469 1594 3525 ab
1632 3449 1822 3529 errore
1854 3489 1982 3546 pro-

390 3547 620 3603 tectum.

460 3637 589 3695 Haec
635 3640 802 3698 habui
850 3660 972 3715 quae
1000 3647 1068 3702 de
1103 3649 1206 3704 hac
1248 3651 1467 3722 haeresi,
1507 3655 1736 3727 ejusque
1782 3658 1982 3715 fabulis

389 3730 745 3790 dissererem.
790 3737 835 3790 A
876 3755 982 3809 qua
1027 3741 1289 3814 deinceps
1339 3747 1404 3801 ad
1459 3749 1618 3803 aliam
1662 3766 1749 3805 me
1791 3752 1980 3808 confe-

390 3838 530 3880 ram.
562 3826 698 3892 Quis
725 3830 870 3884 enim
902 3847 1014 3887 non
1045 3835 1191 3890 illam
1223 3839 1454 3896 hairesin
1490 3841 1648 3899 facile
1675 3843 1982 3916 deprehen-

389 3918 484 3971 dat
519 3919 654 3973 nihil
682 3930 882 3991 praeter
917 3925 1232 3997 figmentum
1257 3946 1402 3999 esse,
1437 3935 1546 4008 76
1573 3937 1853 4011 instarque
1895 3958 1983 3999 cc-

312 4044 318 4048 -
386 4020 550 4066 rastae
602 4015 657 4068 in
715 4030 879 4072 arena
934 4019 1245 4087 defossam,
1307 4026 1425 4081 solo
1487 4014 1691 4086 cornn‘
1716 4032 1982 4092 duntaxat

389 4112 580 4159 exerto
612 4106 678 4163 iis
695 4110 789 4178 qui
825 4111 879 4164 in
913 4111 1087 4181 ipsam
1129 4115 1474 4174 incurrerart
1499 4123 1724 4178 exitium
1757 4125 1984 4186 afferre?

389 4195 593 4252 Verum
636 4207 689 4254 et
721 4213 1058 4269 peccatorum
1110 4224 1276 4262 cornu
1326 4211 1585 4270 Dominus
1625 4223 1892 4287 contrivit,
1929 4235 1984 4278 et

384 4287 522 4356 justi
560 4307 726 4346 cornu
770 4295 945 4349 solum
1002 4299 1330 4354 exattabitur
1349 4303 1394 4368 ⁸,
1453 4304 1554 4362 hoc
1603 4317 1688 4364 est
1730 4314 1982 4371 veritatis

2083 1801 2128 1860 ὧ
2162 1806 2311 1860 ἄθλιε
2346 1810 2366 1839 ⁷
2407 1809 2625 1861 πάντων
2659 1806 2996 1880 ἀνθρώπωνς
3035 1808 3149 1860 Ούκ
3180 1807 3416 1876 ἠδύνατο
3453 1807 3639 1860 ἐλευθε-

2086 1902 2372 1970 ροστομεῖν
2399 1901 2493 1953 καὶ
2527 1901 2882 1973 ἀναχωρῆσαι
2915 1901 3008 1953 ἀπ’
3030 1899 3231 1964 αὐτῶν,
3265 1901 3314 1952 εἰ
3347 1900 3423 1970 μὴ
3445 1899 3638 1969 ἐθέλητε

2087 1989 2498 2060 σταυρωθῆναι;
2546 1990 2708 2043 Ἀλλά
2747 1989 2996 2058 παίγνιον
3042 1989 3214 2042 ἐποίει
3261 1989 3487 2050 κυϐείας
3516 1989 3639 2042 ὁτοῦ

2083 2081 2219 2136 Θεοῦ
2249 2084 2439 2151 Λόγος,
2477 2083 2572 2136 καὶ
2603 2082 2762 2136 ἄλλον
2795 2082 2917 2136 ἀντὶ
2945 2081 3111 2136 αὑτοῦ
3141 2081 3434 2153 παρεδίδου
3463 2081 3639 2134 ἀποθα-

2083 2178 2192 2229 νεῖν
2223 2175 2315 2230 καὶ
2360 2175 2762 2247 σταυρωθῆναι,
2797 2177 2824 2228 ὁ
2855 2174 3061 2241 λέγων·
3116 2174 3264 2244 Ἐγώ
3303 2175 3421 2244 εἰμι
3449 2174 3486 2241 ἡ
3518 2175 3640 2239 ἀλή-

2082 2269 2228 2329 θεια,
2261 2269 2414 2337 φησι,
2445 2267 2540 2320 καί
2570 2266 2607 2334 ἡ
2638 2265 2748 2334 ζωή
2773 2265 2793 2318 !
2831 2265 2894 2318 Ἦ
2921 2266 2979 2318 δὲ
3006 2265 3119 2336 ζωὴ
3147 2266 3248 2319 οὐκ
3277 2265 3345 2320 ἂν
3373 2267 3539 2336 ἑτέρῳ
3564 2265 3644 2319 θά-

2082 2377 2240 2414 νατον
2269 2360 2738 2432 παρασκευάσειε·
2771 2359 2865 2412 καὶ
2895 2360 2928 2429 ἡ
2976 2357 3205 2429 ἀλήθεια
3234 2359 3337 2412 οὐκ
3379 2359 3444 2412 ἂν
3483 2358 3639 2430 κρύψῃ

2080 2456 2140 2508 τὸ
2172 2458 2229 2508 ἐν
2259 2452 2485 2525 ἀληθείᾳ
2520 2456 2651 2524 παρ’
2681 2452 2851 2523 αὐτῆς
2887 2453 3198 2522 γενόμενον,
3227 2452 3323 2504 καὶ
3350 2451 3511 2522 ἕτερα
3542 2452 3640 2504 ἀνθ’

2080 2546 2284 2619 ἐτέρων
2316 2546 2592 2620 ὑποδείξῃ.
2623 2546 2820 2599 Οὐκέτι
2854 2546 2964 2617 γὰρ
2993 2546 3026 2616 ἡ
3060 2543 3286 2615 ἀλήθεια
3308 2543 3640 2614 εὑρεθήσεται

2078 2639 2308 2710 ἀλήθεια
2333 2637 2543 2708 πλάνην
2569 2639 2932 2710 ἐργαζομένη,
2967 2639 3060 2691 καὶ
3093 2636 3416 2708 κρύπτουσα
3443 2636 3502 2688 τὸ
3528 2636 3639 2688 ἐαυ-

2077 2733 2178 2804 τῆς
2209 2732 2393 2804 ἔργον,
2427 2732 2494 2785 δι’
2516 2732 2755 2786 ἐναντίου
2779 2732 2835 2786 δὲ
2869 2730 3370 2804 πραγματευομένη
3410 2730 3641 2798 σοφίσμα-

2078 2844 2184 2890 τος.
2225 2827 2333 2880 Καὶ
2355 2826 2542 2891 ἁπλῶς
2593 2831 2656 2880 ἐκ
2700 2827 2936 2891 πάντων,
2981 2825 3056 2888 ὡς
3092 2826 3288 2888 εἰπεῖν,
3325 2824 3413 2876 ἵνα
3461 2823 3529 2892 μὴ
3555 2839 3641 2892 μη·

2077 2916 2224 2971 κύνω
2261 2917 2559 2986 τὸνλόγον,
2596 2915 2741 2971 Οὐαὶ
2784 2915 2864 2982 τῷ
2904 2915 3111 2985 κόσμῳ
3148 2913 3269 2968 ἀπὸ
3317 2913 3437 2966 τῶν
3476 2927 3638 2965 σκατ-

2077 3008 2298 3072 δάλων,
2345 3008 2581 3061 καὶτῶν
2628 3007 3012 3079 ἐργαζομένων
3045 3006 3144 3076 τὴν
3190 3005 3453 3076 ἀνομίανέ
3500 3005 3641 3057 Πόσοι

2080 3103 2292 3164 ἑαυτοῖς
2329 3101 2518 3165 σκότος
2546 3100 2836 3172 ηὕρηνται,
2881 3100 2975 3153 καὶ
3009 3097 3190 3160 ἄλλοις
3221 3100 3335 3160 τοῖς
3371 3097 3642 3167 μετέπειτα

2079 3194 2157 3265 τῷ
2189 3194 2369 3248 σκότει
2396 3193 2574 3247 αὐτῶν
2604 3192 2977 3264 πειθομένοιςί
3007 3191 3130 3253 Τοῖς
3159 3190 3214 3243 δὲ
3237 3190 3476 3250 συνετοῖς
3501 3187 3623 3256 (pavi

2083 3303 2234 3341 σεται
2263 3287 2295 3358 ἡ
2325 3286 2583 3357 ἀλήθεια·
2621 3289 2653 3359 ή
2700 3285 2756 3339 δέ
2786 3285 3101 3339 Βασιλείδου
3138 3285 3230 3338 καὶ
3270 3283 3382 3335 τῶν
3411 3281 3638 3334 τοιούτων

2083 3379 2438 3451 πραγματεία
2467 3378 2680 3448 πλάνης
2712 3378 2872 3450 ἔργον
2901 3377 3312 3449 ἐλεγχθήσεται.

2152 3659 2262 3714 Καὶ
2281 3657 2459 3713 ταῦτά
2484 3674 2572 3729 μοι
2600 3657 2728 3728 περὶ
2749 3655 2953 3728 ταύτης
2979 3657 3078 3727 τῆς
3105 3657 3126 3688 ⁸
3155 3655 3424 3725 αἱρέσεως
3446 3658 3528 3709 καὶ
3555 3654 3635 3707 τοῦ

2087 3751 2254 3821 μύθου
2287 3750 2478 3803 τούτου
2509 3749 2770 3821 εἰρήσθω.
2819 3747 3100 3801 Ἐντεῦθεν
3133 3748 3190 3802 δὲ
3233 3751 3320 3817 ἐφ’
3353 3749 3532 3819 ἑτέραν
3561 3747 3636 3798 αἷ-

2085 3860 2234 3916 ρεσιν
2252 3842 2564 3913 βαδιοῦμαι.
2583 3842 2701 3894 Τίνι
2722 3840 2832 3911 γὰρ
2857 3842 2918 3894 οὐ
2943 3837 3169 3913 φωρατὴ
3197 3839 3352 3894 ἔσται
3382 3843 3414 3912 ἡ
3441 3839 3630 3908 τοιαύτη

2083 3940 2312 4011 αἵρεσις,
2353 3935 2520 4007 μῦθός
2571 3952 2655 3999 τις
2700 3929 2854 3998 οὖσα,
2888 3935 2984 3988 καὶ
3026 3933 3102 3998 ὡς
3151 3937 3426 4006 κεράστου
3467 3935 3638 4005 τρόπον

2082 4034 2140 4086 ἐν
2172 4019 2343 4103 ἅμμῳ
2365 4027 2710 4100 κεχωσμένη,
2737 4028 2826 4083 διὰ
2844 4027 2900 4081 δὲ
2927 4026 3020 4080 τοῦ
3045 4028 3274 4098 κέρατος
3304 4029 3362 4081 ἐν
3391 4028 3505 4097 ἀέρι
3525 4041 3634 4098 προ-

2084 4120 2387 4184 κύπτουσα,
2418 4120 2510 4174 καὶ
2537 4121 2629 4173 τὸν
2660 4119 2884 4191 ὄλεθρον
2909 4122 3022 4184 τοῖς
3054 4121 3530 4191 περιτυγχάνουσιν
3551 4120 3633 4170 αὐ-

2082 4216 2181 4287 τὴν
2206 4214 2584 4286 ἐργαζομένη;
2628 4213 2762 4267 ἀλλὰ
2798 4213 2893 4267 καὶ
2925 4213 2992 4268 τὸ
3037 4213 3215 4281 κέρας
3243 4213 3366 4266 τῶν
3404 4216 3631 4282 ἀμαρτω-

2083 4308 2209 4363 λῶν
2237 4311 2268 4362 ὁ
2291 4310 2507 4377 Κύριος
2539 4307 2888 4375 συνέτριψε,
2923 4306 2990 4360 τὸ
3016 4307 3071 4361 δὲ
3099 4306 3279 4375 κέρας
3297 4307 3406 4361 τοῦ
3435 4307 3630 4359 δικαίου

391 4382 545 4438 ﬁdes.
611 4385 977 4459 Posteaquam
1040 4392 1208 4464 igitur
1251 4399 1498 4455 veritatis
1548 4402 1680 4458 illud
1723 4405 1968 4463 doctrina

2088 4406 2268 4472 μόνον
2303 4402 2711 4471 ὑψωθήσεται,
2737 4404 2874 4473 ὅπερ
2895 4401 3014 4454 ἐστὶ
3037 4401 3220 4464 πίστις
3241 4399 3514 4470 ἀληθείας.
3541 4398 3628 4460 Διὸ,

390 4483 772 4548 contrivimus,
818 4500 917 4556 age
962 4498 1190 4545 czeteras
1227 4507 1643 4564 persequamur,
1687 4501 1978 4558 conciliato

390 4574 627 4639 primum
658 4577 818 4633 nobis
842 4580 1094 4649 adjutore
1123 4582 1254 4650 Deo,
1286 4587 1372 4641 cui
1410 4590 1581 4658 gloria
1611 4580 1665 4646 et
1699 4593 1978 4660 honor,’et

393 4659 638 4720 adol-otio
663 4667 717 4721 in
748 4673 949 4725 saecula
982 4675 1332 4733 saeculorum.
1362 4682 1554 4737 Amen.

767 4851 1142 4911 ADVERSUS
1177 4856 1613 4927 NICOLAITAS,

674 4943 806 5008 Quae
831 4955 908 5000 est
957 4947 1173 5006 haeresis
1221 4952 1279 5017 V,
1348 4956 1456 5009 sive
1509 4957 1689 5014 XXV.

461 5035 498 5087 Ι.
541 5034 802 5094 Nicolaus
847 5055 877 5094 e
916 5057 1146 5099 numero
1175 5061 1250 5100 vu
1284 5048 1640 5106 diaconorum
1686 5053 1821 5120 fuit,
1880 5057 1971 5127 qui

2083 4499 2177 4553 xui.
2210 4496 2398 4551 τοῦτον
2452 4496 2840 4568 συντρίψαντες
2880 4497 2946 4565 τῇ
2981 4494 3080 4565 τῆς
3120 4492 3380 4561 ἀληθείας
3412 4492 3629 4544 διδασκα-

2081 4596 2194 4666 λία,
2230 4594 2322 4647 ἐπὶ
2348 4593 2447 4656 τὰς
2486 4591 2779 4662 μετέπειτα
2807 4586 3124 4658 διέλθωμεν,
3155 4586 3289 4638 Θεὸν
3323 4585 3508 4656 βοηθὸν
3535 4584 3629 4635 tm-

2081 4688 2426 4758 καλούμενοι,
2459 4678 2503 4754 ᾧ
2532 4688 2564 4757 ἡ
2591 4684 2718 4750 δόξα
2756 4685 2850 4738 καὶ
2879 4685 2913 4756 ἡ
2945 4685 3079 4754 τιμὴ
3115 4681 3210 4736 καὶ
3237 4683 3272 4752 ἡ
3300 4678 3630 4751 προσκύνησις

2081 4781 2164 4845 είς
2186 4781 2313 4844 τοὺς
2350 4777 2555 4841 αἰῶνας
2585 4777 2693 4831 τῶν
2721 4775 2956 4830 αἰώνων.
3006 4775 3200 4845 ’Δμὴν.

2486 4871 2674 4926 ΚΑΤΑ
2706 4861 3137 4925 ΝΙΚΟΛΑῙΤΩΝ
3176 4867 3314 4939 (et),

2517 4963 2761 5033 Αἵρεσις
2795 4964 2876 5026 Ε’,
2919 4963 2957 5030 ἡ
2998 4961 3093 5014 καὶ
3129 4960 3257 5014 KE'.

2150 5059 2229 5114 A'.
2249 5058 2514 5123 Νικόλαος
2528 5057 2750 5126 γέγονεν
2765 5049 2846 5119 εἷς
2862 5054 2972 5108 ἀπὸ
2982 5053 3092 5107 τῶν
3107 5052 3246 5105 ἐπ·τά
3267 5050 3536 5114 διακόνων,
3549 5045 3629 5099 τῶν

466 5190 479 5219 ¹
515 5188 719 5281 ιιξοὲξρ·
756 5210 831 5260 ιν.
859 5194 920 5281 2.
993 5198 1012 5228 ’
1041 5197 1187 5281 Phil.
1215 5217 1276 5264 ιι,
1307 5201 1358 5260 8.
1387 5274 1412 5281 _
1438 5205 1458 5236 ³
1490 5205 1647 5281 Deut.
1685 5226 1880 5279 xxvm,
1917 5212 2008 5270 66.
2062 5215 2086 5247 ⁸
2109 5213 2270 5271 Joan.
2297 5231 2410 5281 xw,
2446 5213 2499 5268 6.
2579 5215 2599 5246 ⁸
2635 5213 2824 5268 Matth.
2851 5227 3006 5279 mn,
3035 5212 3090 5264 7.
3150 5208 3336 5266 ‘Psal.
3369 5203 3628 5269 1.1311,“.

389 5259 410 5290 ⁷
445 5279 535 5329 πρ.
570 5259 824 5334 θεήλατε.
898 5266 920 5298 ⁸
949 5286 1040 5337 γρ.
1068 5259 1332 5341 αἱρέσεως
1350 5259 1450 5346 ἧς
1481 5259 1917 5350 τῶν

465 5377 577 5465 (ϐξ)
608 5381 870 5465 ’ρψεαθε
895 5387 1011 5456 τὴν
1040 5385 1213 5465 (conv.
1244 5389 1342 5465 H_ie
1372 5392 1527 5449 locus
1552 5409 1582 5450 ο
1603 5394 1759 5452 Deut.
1784 5414 1978 5465 xxvm,

391 5450 481 5535 (‘56,
518 5450 846 5535 deﬁgitur-isto
877 5472 910 5513 a
950 5450 1229 5535 nonnullis
1267 5460 1576 5535 PP.raccipi
1607 5450 1981 5535 δόμεῂῖίῖ

391 5521 554 5588 Λιιςη
587 5523 802 5600 li_b._xv1
831 5539 1018 5585 contra
1056 5529 1273 5594 Faust.,
1301 5548 1350 5587 c.
1382 5534 1486 5600 23;
1519 5521 1978 5598 Tertulliano'lihbw.

392 5602 580 5665 contra
605 5592 760 5665 Jud.,
791 5615 841 5652 c.
878 5601 965 5656 Η.

466 5662 988 5738 (βΔ)Νικο.1αὶ’τῶν.
1029 5670 1105 5728 De
1145 5683 1308 5728 sectas
1350 5675 1430 5730 vel
1479 5686 1705 5733 auctore
1751 5683 1833 5738 vel
1884 5684 1983 5737 ὲπο

398 5730 622 5808 ωνύμῳ,
666 5745 876 5797 veteres
929 5758 960 5797 a
1018 5759 1076 5800 se
1119 5743 1355 5802 invicem
1409 5730 1987 5825 dissentiunthagis

2083 5410 2257 5458 strum
2303 5402 2509 5480 erroris
2557 5401 2730 5456 fuisse
2771 5409 2975 5480 praeter
3033 5391 3629 5480 Epiphtmium_cmunf

2082 5473 2466 5558 lrenazusnl'ib.
2520 5489 2557 5539 ι,
2611 5488 2731 5558 cap.
2769 5465 3628 5558 Q7,n_lgnati'ué,Rhilastrius,

2083 5545 2196 5598 alii.
2234 5546 2304 5599 At
2331 5543 2585 5619 Clemens
2611 5539 2706 5598 lib'.
2758 5559 2815 5619 l_ll
2848 5539 3072 5606 Strbm.,
3110 5539 3396 5595 Nicolaum
3424 5539 3628 5619 curui!)

2082 5615 2206 5670 aliis
2255 5615 2422 5670 animi
2473 5615 2851 5680 ornamentis,
2885 5620 3002 5667 tum
3043 5628 3076 5667 a
3116 5615 3468 5682 temperantia
3511 5616 3627 5658 com-

2082 5686 2297 5720 rnnnAel
2328 5703 2340 5713 -
2373 5687 2600 5720 nia-anno
2629 5686 2866 5720 vir-nino:
2911 5683 3046 5720 ﬁliae
3096 5683 3267 5720 fniccn
3297 5689 3509 5720 nan-ill?

2081 5686 2342 5750 mendat;
2373 5687 2601 5756 ejusque
2629 5686 2868 5766 virgines
2909 5683 3048 5739 ﬁlias
3083 5683 3610 5772 fui§§§jlarﬁ3jij§2

2081 5771 2149 5815 ex
2208 5743 2442 5826 quadam
2509 5743 2815 5826 sententia,
2864 5770 3030 5827 quam
3082 5755 3129 5811 is
3176 5768 3362 5810 coram
3406 5743 3626 5821 apostola
