3760 6176
85 219 164 280 εει
737 218 875 275 Αογ
885 217 1108 276 ERSUS
1147 219 1493 277 HASRESES
1532 219 1657 276 LIB.

1829 220 1953 276 ‘OM.
1996 219 2062 276 11.
2105 251 2168 260 -
2213 220 2484 278 ΙΙᾹΞΠΕΞ.
2531 219 2700 278 XXV.

3237 221 3344 279 522

86 331 479 406 ἐκλελεγμένων
517 331 623 386 {me
645 332 756 388 τῶν
802 333 1116 388 ἀποστόλων
1139 334 1256 405 ἅμα
1287 334 1546 404 Στεφάνῳ
1574 333 1651 405 τῷ

1866 326 2132 404 apostolis
2168 333 2366 390 delecti
2425 342 2576 400 sunt,
2633 347 2741 388 una
2779 347 2907 388 cum
2957 331 3016 388 S.
3064 332 3340 406 Stcphauu

84 431 208 495 ἁγίῳ
224 426 318 480 καὶ
336 425 789 498 πρωτομάρτυρι,
812 425 908 477 καὶ
936 425 1218 496 Προχόρῳ,
1246 426 1340 479 καὶ
1368 426 1648 497 Παρμενᾷ,

82 522 282 581 καιτοῖς
300 519 498 581 ἄλλοις.
517 512 708 580 Οὗτος,
726 517 834 571 ἀπὸ
849 516 956 571 τῶν
974 516 1288 588 ’Λντιοχέων
1311 515 1651 588 ὁρμώμενος,

86 612 408 685 προσήλυτος
435 612 667 680 γίνεται.
693 609 1003 664 Μετέπειτα
1024 610 1081 664 δὲ
1104 609 1538 681 καταδεξάμενος
1561 610 1654 664 τὸν

85 705 198 777 περὶ
225 705 321 758 τοῦ
355 704 710 776 κηρύγματος
751 702 908 770 λόγον
937 702 1032 756 τοῦ
1068 702 1327 772 Χριστοῦ,
1359 703 1454 756 καὶ
1492 704 1655 766 αὐτὸς

87 797 319 868 συνήφθη
371 800 482 860 τοῖς
519 795 808 868 μαθηταῖς,
853 795 910 848 ἐν
956 813 1017 848 τε
1061 799 1172 859 τοῖς
1209 795 1555 867 προκριτέοις
1588 794 1654 848 τά

87 892 259 964 πρῶτα
310 891 714 960 ἐξεταζόμενος.
765 887 1046 942 Ἐντεῦθεν
1079 889 1174 941 καὶ
1212 889 1270 940 ἐν
1314 890 1426 951 τοῖς
1459 890 1473 917 ¹
1503 888 1655 941 ἐκλε-

85 988 242 1055 γείσιν
275 987 354 1048 εἰς
396 988 493 1054 τὴν
521 983 629 1036 τῶν
667 982 851 1055 χηρῶν
897 982 1018 1036 τότε
1053 981 1377 1052 ἐπιμέλειαν
1415 982 1654 1050 ἐγκατηε-

86 1075 331 1147 ριομήοη.
369 1074 634 1144 ’Ύστερον
676 1072 733 1124 δὲ
766 1071 956 1126 τοῦτον
1001 1072 1169 1126 ὑπέδυ
1202 1073 1230 1125 ό
1266 1071 1532 1135 διάϐολος,
1561 1071 1656 1124 καὶ⁸

84 1167 410 1238 ἐξηπάτησεν
451 1164 616 1218 αὑτοῦ
647 1163 743 1232 τὴν
791 1163 1019 1236 καρδίαν
1045 1165 1110 1235 τῇ
1147 1163 1284 1234 αὐτῇ
1337 1162 1512 1234 πλάνῃ
1547 1162 1654 1214 τῶν

83 1258 481 1331 προειρημένων
501 1256 1198 1328 παλαιῶν,κατατρωοῆναι
1224 1255 1488 1327 μειζόνως
1515 1255 1654 1326 ὑπὲρ

80 1355 191 1416 τοὺς
225 1351 436 1423 πρώην.
469 1351 694 1404 Γύναιον
722 1350 832 1422 γὰρ
873 1343 1028 1414 οὗτος
1056 1349 1194 1420 ἔχων
1233 1348 1528 1420 εὔμορφον,
1560 1348 1654 1403 καὶ

80 1444 172 1497 ἀπὸ
196 1441 292 1496 τοῦ
323 1443 548 1511 γυναίου
587 1441 1117 1513 ἐγκρατευσάμενος,
1147 1442 1223 1504 ώς
1250 1439 1392 1494 κατὰ
1425 1439 1654 1511 μίμησιν

81 1529 144 1589 ὧν
164 1533 314 1605 ἐώρα
342 1532 462 1603 Θεῷ
487 1532 954 1604 προσανεχόντων,
986 1531 1148 1605 μέχρι
1172 1531 1316 1597 τινὸς
1345 1532 1652 1603 ἐκαρτέρει.

84 1625 146 1678 Οὐ
180 1625 292 1696 μὴν
326 1624 407 1686 είς
441 1622 590 1686 τέλος
623 1623 823 1694 ἤνεγκε
875 1623 1098 1695 κρατεῖν
1139 1622 1238 1693 τῆς
1275 1621 1440 1674 αὑτοῦ
1480 1623 1653 1694 ἀκρα-

82 1718 183 1781 σίας
206 1735 219 1748 ’
254 1717 392 1770 ἀλλὰ
427 1715 709 1787 βουληθεὶς
753 1714 829 1779 ὡς
865 1713 1012 1768 κύων
1044 1715 1136 1767 ἐπὶ
1169 1714 1260 1766 τὸν
1302 1713 1431 1766 ἴδιον
1463 1711 1655 1783 ἔμετον

80 1810 442 1880 ἐπιστρέφειν,
477 1808 780 1878 προφάσεις
808 1805 962 1870 τινὰς
987 1806 1087 1859 οὐκ
1112 1804 1320 1875 ἀγαθὰς
1350 1804 1530 1875 ἐαυτῷ
1557 1803 1654 1876 οη-

80 1903 310 1972 ρώμενος
341 1901 552 1955 ἐπενόει
604 1899 739 1970 πρὸς
780 1898 1077 1967 ἀπολογίαν
1111 1897 1203 1950 τού
1250 1898 1380 1950 ἰδίου
1407 1897 1506 1967 τῆς
1528 1897 1658 1950 ἀκο-

77 1997 255 2060 λασίας
284 1993 510 2058 πάθους,
539 1991 576 2047 ὃ.
606 1991 804 2062 μᾶλλον
837 1990 1132 2064 συνέφερεν
1163 1991 1182 2020 ³
1212 1987 1380 2060 αύτῷ.
1409 1986 1543 2043 Εἶτα
1562 1984 1656 2044 οὖν

77 2089 160 2142 τοῦ
185 2086 395 2141 σκοποῦ
423 2083 696 2148 ἐκπεσὼν,
732 2086 800 2155 τῇ
840 2083 946 2155 ἰδίᾳ
976 2083 1198 2152 γυναικὶ
1225 2083 1472 2154 συνήφθη
1517 2084 1655 2138 ἁπε-

81 2182 324 2253 ριέργως.
359 2170 530 2243 Οὗτος
563 2177 640 2242 δὲ,
678 2177 1062 2248 αἰσχυνόμενος
1095 2183 1194 2247 τὴν
1227 2175 1421 2229 ἑαυτοῦ
1466 2171 1653 2247 ἧτταν,

75 2277 157 2330 καὶ
184 2271 541 2346 ὑφορώμενος
561 2270 905 2343 φωραθῆναι,
928 2269 1128 2340 ἐτόλμα
1151 2269 1351 2338 λέγειν,
1381 2270 1484 2334 ὅτι,
1508 2272 1555 2322 εί
1576 2271 1651 2341 μή

75 2386 150 2432 τις
174 2366 292 2422 καθ’
330 2365 572 2436 ἑκάστην
613 2363 828 2435 ἡμέραν
866 2361 1137 2430 λαγνεύει,
1167 2359 1313 2432 ζωῆς
1337 2362 1398 2414 οὐ
1433 2361 1654 2416 δύναται

78 2459 320 2531 μετέχειν
359 2457 459 2528 τῆς
491 2454 733 2509 αἰωνίου.
777 2453 872 2507 Ἐκ
907 2452 1234 2522 προφάσεως
1261 2452 1369 2523 γάρ
1404 2453 1483 2517 είς
1518 2453 1655 2524 πρό-

81 2569 231 2621 φασιν
263 2547 574 2620 μετηνέχθη
604 2545 818 2617 ἑτέραν.
859 2545 1034 2618 Ὀρῶν
1057 2545 1168 2618 γὰρ
1191 2547 1291 2616 τὴν
1309 2545 1503 2598 ἑαυτοῦ
1528 2545 1659 2615 σύμ-

74 2645 180 2698 6ιον
206 2643 398 2698 κάλλει
436 2643 535 2714 μὲν
561 2641 988 2711 διαπρέπουσαν,
1021 2641 1368 2710 ταπεινότητι
1405 2640 1462 2694 δὲ
1497 2658 1655 2712 φερο-

78 2738 256 2808 μένην,
315 2733 694 2806 ἐζηλοτύπησε
749 2733 976 2805 ταύτην,
1021 2733 1116 2788 καὶ
1171 2733 1314 2787 κατὰ
1364 2734 1462 2804 τὴν
1516 2734 1652 2788 ίδίαν

73 2831 358 2899 ἀσέλγειαν
394 2831 521 2893 τοὺς
551 2827 745 2890 ἄλλους
775 2822 912 2880 εἶναι
947 2825 1196 2898 νομίσας,
1217 2825 1288 2880 τὰ
1327 2825 1520 2898 πρῶτα
1554 2827 1654 2896 μὲν

74 2922 420 2994 ἐμπαροινῶν
449 2923 531 2984 είς
558 2921 658 2992 τὴν
691 2921 828 2975 ίδίαν
855 2921 1103 2993 γαμετὴν
1139 2921 1385 2985 διετέλει,
1419 2922 1513 2976 καὶ
1539 2922 1654 2976 δια-

1754 431 2179 495 protomartyre,
2212 439 2278 479 ac
2304 423 2606 488 Prochoro,
2631 423 2900 479 Parmena
2929 425 3207 496 sociisque
3233 444 3344 482 ca:-

1760 515 1910 569 teris.
1958 513 2058 570 Hic
2106 515 2376 571 oriundus
2423 516 2711 571 Antiochia
2752 532 2875 572 sese
2921 516 2989 571 ad
3031 514 3344 574 ,ΙιιιΙευοιιιιιι

1756 618 1962 668 sectam
2045 611 2383 681 aggregavit.
2449 608 2646 665 Postea
2707 609 3088 664 Christianum
3148 611 3344 681 dogma

1757 704 2098 773 complexus,
2131 701 2198 756 ad
2245 701 2553 772 discipulos
2607 700 2937 772 adjunctus,
2998 713 3162 772 atque
3205 707 3344 757 inter

1757 797 2048 868 primarios
2087 806 2484 852 annumeratns
2522 797 2663 851 cst’.
2694 795 2822 851 Inde
2858 797 2910 849 in
2955 812 3142 850 eorum
3192 796 3345 850 ordi-

1757 905 1882 944 nem
1940 890 2147 946 relatus
2201 899 2305 953 est,
2358 889 2452 960 qui
2498 888 2565 944 ad
2627 888 2917 943 viduarum
2963 889 3345 957 praefecturam

1755 980 1914 1037 electi
1946 989 2094 1037 sunt.
2132 979 2331 1035 Verum
2367 988 2558 1050 postea
2595 980 2798 1034 incum
2831 996 2891 1035 se
2920 980 3170 1036 diabolus
3212 981 3348 1036 insi-

1757 1073 1972 1140 nuavit,
2023 1073 2256 1143 ejusque
2302 1083 2542 1129 mentem
2611 1082 2858 1129 veterum
2921 1074 3162 1137 illormn,
3207 1091 3347 1144 quos

1757 1166 2330 1229 conmicntoravimus,
2362 1165 2650 1221 erroribus
2690 1165 2904 1230 imbuit,
2939 1173 2998 1218 ut
3033 1164 3198 1218 etiam
3231 1181 3348 1218 ma-

1753 1258 1846 1328 jus
1883 1257 1984 1328 ipsi
2027 1273 2192 1328 quam
2235 1257 2429 1313 iisdem
2475 1256 2586 1311 illis
2636 1257 2833 1311 vulnus
2883 1256 3168 1326 indigeret.
3211 1255 3347 1309 Nam

1758 1366 1883 1406 cum
1913 1364 2137 1406 uxorem
2169 1350 2390 1405 haberet
2440 1349 2679 1420 eleganti
2715 1349 2897 1418 specie
2939 1348 3246 1414 mulierem,
3278 1349 3349 1402 ab

1757 1458 1822 1498 ca
1864 1443 1968 1498 sibi
2004 1443 2323 1514 aliquandiu
2370 1443 2717 1513 temperavit,
2769 1453 2826 1496 ut
2874 1457 2970 1498 eos
3017 1443 3347 1508 imitaretur,

1757 1520 1897 1608 quos
1932 1535 2041 1591 Deo
2071 1537 2290 1606 penitus
2339 1535 2588 1590 addictos
2633 1543 2903 1590 cerneret.
2960 1533 3068 1589 Sed
3111 1551 3218 1588 non
3265 1535 3348 1588 in-

1759 1630 2178 1700 temperantiam
2252 1643 2408 1683 suam
2477 1637 2740 1696 perpetuo
2810 1642 3068 1683 coercere
3148 1627 3345 1697 potuit.

1759 1720 1971 1792 Quippe
2019 1721 2175 1776 canis
2224 1719 2402 1774 instar
2447 1721 2514 1774 ad
2550 1721 2813 1774 vomitum
2867 1719 3049 1775 redire
3093 1720 3347 1789 cupiens.

1757 1823 1812 1870 et
1838 1815 2011 1869 malos
2057 1811 2327 1882 quosdam
2401 1811 2616 1866 colores
2671 1812 3166 1881 cxcttsationcsquc
3211 1826 3350 1880 prae-

1759 1911 1975 1967 texens,
2006 1918 2070 1958 ea
2099 1903 2166 1957 ad
2196 1901 2438 1957 libidinis
2461 1915 2575 1956 sua:
2602 1901 2970 1972 patrocinium
2993 1902 3346 1971 excogitavit,

1758 2009 1878 2065 qua:
1913 1994 2087 2064 magis
2130 2008 2196 2048 ex
2242 2009 2344 2049 usu
2388 1993 2493 2049 sibi
2533 2009 2656 2049 esse
2696 1994 3034 2049 viderentur.
3089 1994 3208 2059 Qua
3255 2010 3351 2064 spe

1757 2099 1882 2139 cum
1919 2081 2239 2147 excidisset,
2279 2094 2395 2138 tum
2438 2083 2658 2140 demum
2703 2084 2826 2140 sine
2860 2085 2969 2138 ulla
3016 2084 3351 2154 tergiversa-

1758 2175 1908 2230 tione
1947 2184 2074 2230 cum
2129 2190 2299 2230 uxore
2339 2175 2798 2231 consuetudinem
2837 2176 3039 2232 habere
3085 2176 3350 2230 instituit.

1760 2266 1961 2322 Verum
1989 2284 2101 2324 suae
2145 2267 2248 2324 sibi
2284 2268 2518 2340 ignaviae
2545 2269 2830 2332 conscius,
2859 2283 2922 2323 ac
2949 2284 3018 2324 ne
3045 2269 3350 2338 deprehen-

1759 2362 1982 2418 dcretur
2029 2364 2254 2427 veritus,
2287 2363 2501 2432 jactare
2549 2363 2684 2417 illud
2730 2346 2900 2418 ausus
2943 2371 3026 2418 est
3056 2382 3070 2418 :
3106 2364 3211 2418 nisi
3258 2364 3351 2434 qui

1761 2456 1992 2526 singulis
2037 2455 2233 2511 diebus
2267 2457 2499 2512 luxuriae
2535 2464 2712 2521 vacet,
2763 2458 3152 2526 sempiternam
3197 2459 3351 2512 salu-

1760 2557 1867 2602 tem
1918 2550 2191 2605 neminem
2225 2565 2388 2620 posse
2435 2551 2722 2620 consequi.
2767 2551 2846 2604 Ita
2885 2551 2955 2606 ab
2999 2551 3352 2606 excusatione

1761 2657 1868 2695 una
1911 2642 1963 2696 in
1995 2643 2226 2696 alteram
2258 2642 2528 2713 delapsus
2557 2653 2662 2698 est.
2694 2643 2830 2697 Cum
2872 2643 3016 2696 enim
3061 2643 3351 2712 conjugein

1761 2750 1917 2790 suam
1964 2737 2246 2806 praestanti
2297 2752 2419 2792 esse
2477 2737 2653 2791 forma
2704 2737 2935 2797 videret,
2979 2737 3351 2806 humilemque

1762 2841 1884 2882 sese
1918 2833 2201 2896 praestare,
2253 2827 2524 2896 zelotypia
2562 2835 2893 2890 connnotus,
2921 2837 2986 2878 ac
3016 2825 3084 2879 de
3127 2824 3351 2879 libidine

1763 2932 1865 2973 sua
1920 2927 2247 2972 caeterorum
2297 2931 2481 2972 mores
2526 2918 2940 2987 interpretatus,
2978 2916 3083 2985 77
3113 2915 3350 2985 primum

73 3014 227 3077 ϐολάς
269 3029 425 3075 τινας
458 3012 594 3082 αὐτῇ
627 3011 905 3082 ἐπιφέρων
947 3009 1036 3065 διὰ
1066 3010 1266 3081 λόγων·
1299 3011 1358 3064 τὸ
1383 3010 1439 3064 δὲ
1481 3012 1656 3084 πέρας

1829 3027 1989 3066 orem
2047 3027 2202 3067 suam
2261 3011 2662 3069 contumeliose
2708 3017 2795 3064 cst.
2835 3023 3150 3078 aggressus,
3193 3007 3354 3076 eique

71 3107 256 3159 ἑαυτὸν
290 3104 642 3158 κατέσπασεν
664 3102 736 3155 ού
759 3101 918 3173 μόνον
948 3103 1028 3164 είς
1051 3102 1150 3174 τὴν
1175 3102 1370 3174 χρῆσιν
1395 3102 1496 3173 τῆς
1523 3119 1654 3175 σαρ.

69 3198 158 3260 κὸς
184 3197 286 3269 τὴν
344 3195 484 3249 κατὰ
528 3193 689 3264 φύσιν
731 3193 839 3246 τῶν
886 3191 1211 3264 ἀνθρώπων,
1259 3193 1397 3248 ἀλλὰ
1424 3195 1519 3248 καὶ
1575 3198 1655 3259 εἱς

72 3290 390 3360 βλάσφημον
421 3288 697 3350 ὑπόνοιαν,
745 3286 840 3338 καὶ
883 3283 1088 3356 βλάϐην
1128 3286 1524 3356 κακοτροπίας,
1561 3287 1655 3340 καί

69 3383 271 3454 πλάνην
311 3379 719 3452 παρεισδύσεως
747 3378 1010 3448 πονηρᾶς.

131 3651 208 3705 B'.
240 3648 352 3703 Καὶ
375 3645 626 3700 ἐντεῦθεν
655 3646 914 3718 ἄρχονται
937 3646 988 3697 oi
1015 3643 1118 3715 τῆς
1145 3643 1500 3716 ψευδωνύμου
1527 3645 1657 3713 γνώ-

69 3760 201 3808 σεως
232 3741 425 3803 κακῶς
457 3738 535 3810 τῷ
565 3737 755 3808 κόσμῳ
787 3735 1145 3806 ἐπιφύεσθαι’
1173 3738 1315 3807 φημὶ
1341 3736 1396 3790 δὲ
1421 3739 1658 3791 Γνωστι-

67 3837 167 3900 xei,
206 3837 303 3888 καὶ
334 3833 673 3894 Φιῧιωνῐται,
703 3831 798 3884 καὶ
826 3831 876 3882 οί
896 3828 990 3882 τοῦ
1035 3828 1362 3899 Ἐπῖφανούς
1387 3829 1659 3902 καλούμε-

65 3948 159 3994 νοι,
183 3925 585 3999 Στρατιωτικοί
606 3942 664 3978 τε
685 3924 781 3977 καὶ
806 3924 1100 3984 Λευῖτικοὶ,
1123 3923 1218 3977 καὶ
1240 3922 1388 3976 ἄλλοι
1418 3923 1654 3988 πλείους.

67 4025 342 4084 Ἕκαστος
377 4020 486 4091 γάρ
531 4017 758 4084 τούτων,
791 4017 891 4089 τὴν
924 4014 1114 4069 ἑαυτοῦ
1151 4015 1362 4086 αἵρεσιν
1407 4018 1520 4079 τοῖς
1552 4017 1658 4070 πιά-

66 4116 207 4168 οεσιν
257 4112 430 4166 αὑτοῦ
482 4108 886 4179 ἐπισπώμενος,
939 4107 1141 4180 μυρίας
1188 4108 1342 4171 ὁδοὺς
1399 4109 1656 4180 ἐπενόησε

67 4208 283 4269 κακίας.
321 4205 482 4266 Τινὲς
531 4203 627 4274 μὲν
671 4202 780 4272 γὰρ
825 4199 1005 4254 αὐτῶν
1041 4199 1307 4272 Βαρὸηλὼ
1347 4200 1470 4252 τινὰ
1507 4200 1661 4265 δοξά-

67 4310 266 4370 ζουσιν,
303 4305 374 4376 ἣν
409 4304 523 4358 ἄνω
575 4300 875 4368 φάσκουσιν
925 4294 1064 4350 εἶναι
1109 4299 1164 4350 ἐν
1211 4297 1383 4368 ὀγδόῳ
1423 4297 1657 4369 οὐρανῷ.

1759 3113 1908 3158 certa
1931 3104 2163 3157 crimina
2205 3118 2302 3173 per
2335 3101 2666 3157 calumniam
2714 3100 2938 3170 objecit.
2968 3098 3191 3154 Demum
3224 3113 3354 3154 vero

1756 3210 1864 3250 non
1890 3196 2066 3252 solum
2100 3196 2166 3250 ad
2202 3196 2462 3250 usitatum
2495 3194 2638 3248 inter
2662 3192 2912 3248 homines
2948 3206 3012 3246 ac
3040 3191 3346 3246 naturalem

1765 3305 1922 3344 usum
1983 3304 2273 3358 corporum
2315 3287 2605 3357 prolapsus
2650 3293 2762 3346 est;
2825 3299 3013 3339 verum
3067 3284 3232 3339 etiam
3283 3282 3341 3338 in

1764 3384 1982 3452 plenum
2018 3382 2151 3436 illud
2183 3382 2238 3436 in
2276 3380 2443 3436 Deum
2490 3379 2841 3434 contumelia:
2873 3380 3093 3449 dogma,
3132 3379 3340 3448 impro-

1758 3476 2056 3546 bitatisque
2092 3476 2375 3539 damnum,
2419 3485 2584 3546 atque
2621 3488 2866 3531 errorem
2907 3472 3194 3545 pravitatis
3223 3487 3347 3526 om-

1757 3569 1848 3624 nis
1881 3570 2294 3624 conciliatorem
2330 3569 2532 3640 erupit.

1827 3659 1894 3715 ll.
1927 3660 2008 3716 Ab
2042 3660 2145 3716 hoc
2172 3660 2322 3716 fonte
2352 3660 2608 3726 derivati,
2635 3675 2702 3716 ac
2729 3659 2972 3731 pessime
2992 3660 3049 3713 in
3077 3656 3349 3713 mundum

1761 3750 2063 3805 introducti
2105 3759 2233 3806 sunt
2265 3750 2508 3806 haeretici
2537 3751 2652 3816 illi,
2697 3750 2792 3821 qui
2828 3765 2948 3805 eam
2982 3747 3128 3812 sibi,
3185 3763 3351 3818 quam

1761 3843 1904 3901 falso
1933 3845 2239 3905 nominant,
2267 3843 2637 3914 cognitionem
2669 3841 2954 3898 vindicant
2988 3860 3000 3896 :
3039 3839 3351 3910 cuiusmodi

1760 3945 1890 3994 sunt
1912 3937 2180 4001 Gnostiei,
2222 3936 2590 3999 Phibionitae,
2627 3943 2682 3991 et
2707 3935 2912 4006 quibus
2954 3935 3023 3990 ab
3065 3933 3349 4004 Epiphane

1759 4045 1961 4085 nomen
1991 4037 2075 4086 est
2100 4028 2355 4084 inditum.
2387 4026 2525 4082 Tum
2554 4026 2716 4082 etiam
2777 4025 3063 4089 Militares,
3093 4023 3344 4089 Levitici,

1759 4123 1964 4194 aliique
1995 4123 2329 4192 complures.
2382 4120 2632 4188 Quorum
2668 4118 2900 4189 quilibet
2940 4118 3175 4173 haeresin
3224 4133 3352 4187 pro-

1761 4217 1936 4287 priam
1965 4215 2032 4270 ad
2063 4215 2233 4270 animi
2267 4215 2352 4270 sui
2383 4213 2704 4269 alieetiones
2741 4210 3190 4272 accommodans,
3221 4223 3347 4264 sex-

1762 4317 1953 4362 centas
1987 4306 2245 4377 nequitia:
2279 4306 2398 4361 vias
2422 4304 2776 4376 excogitavit.
2803 4301 2938 4356 Nam
2965 4316 3154 4356 eorum
3179 4298 3348 4389 aliqui

63 4399 273 4468 Ταύτην
303 4397 364 4448 δέ
400 4395 510 4448 ἀπὸ
537 4392 630 4446 τοῦ
660 4391 872 4462 Πατρδς
911 4390 1312 4460 προϐεϐλῆσθαι
1353 4407 1503 4459 φασι.
1534 4391 1656 4461 Μη-

1829 4400 2124 4454 trbelonem
2154 4397 2346 4453 nescio
2395 4412 2558 4468 quam
2593 4397 2906 4461 celebrant,
2947 4396 3035 4450 cui
3069 4396 3123 4449 in
3154 4388 3348 4448 octavo

63 4492 188 4564 τέρα
221 4491 280 4544 δέ
314 4488 493 4559 αὐτὴν
536 4482 676 4539 εἶναι
725 4486 770 4538 οἱ
810 4485 908 4555 μὲν
948 4483 1040 4538 τοῦ
1083 4483 1406 4538 ’Ῑαλδαδαὼο
1435 4484 1544 4555 (65)
1571 4485 1657 4538 λέ-

60 4602 264 4652 γουσιν,
293 4584 346 4635 οἱ
373 4581 432 4632 δὲ
457 4578 549 4630 τοῦ
584 4576 834 4631 Σαϐαὼθ.
863 4577 966 4630 Τὸν
992 4577 1049 4630 δὲ
1079 4577 1194 4629 υίὸν
1223 4576 1425 4648 ταύτης
1457 4595 1632 4649 κεκρα

59 4676 282 4747 τηκέναι
335 4671 434 4724 τοῦ
492 4669 720 4740 ἑϐδόμου
750 4667 978 4740 ούρανοῦ
1014 4671 1072 4721 ἐν
1105 4667 1292 4736 θράσει
1324 4670 1430 4721 τινὶ
1460 4671 1554 4722 καὶ
1599 4673 1657 4724 ἐν

59 4765 362 4836 τυραννίδι.
420 4763 586 4830 Λέγει
621 4762 676 4814 δὲ
717 4764 830 4826 τοῖς
869 4761 1151 4824 ὑποκάτω,
1190 4763 1272 4815 δτι
1323 4762 1470 4833 Ἐγώ
1511 4766 1650 4833 εὶμι,

59 4863 237 4930 φησιν,
267 4862 302 4912 o'
327 4855 698 4926 πρῶτος,καὶ
729 4859 759 4909 ὀ
773 4856 923 4924 μετὰ
959 4854 1166 4917 ταῦτα,
1187 4855 1282 4908 καὶ
1309 4857 1475 4925 πλὴν
1504 4858 1651 4928 ἐμοῦ

57 4959 160 5008 ιῖ-ὐκ
189 4956 380 5008 ἔστιν
405 4951 610 5018 ἕτερος
634 4950 796 5016 Θεός.
829 4950 938 5019 Τὴν
965 4949 1022 5002 δὲ
1056 4949 1322 5021 Βαρϐηλώ
1354 4953 1650 5022 ἀκηκοέναι

123 5077 263 5146 Im.

57 5166 86 5200 ο
113 5165 230 5218 sqq.

59 5262 288 5326 dixerat,
314 5259 435 5313 δεῖν
470 5255 932 5328 παραχρήσασθαι
957 5259 1021 5328 τῇ
1052 5259 1234 5329 σαρκί,
1275 5259 1528 5329 ﬂagitiosi
1562 5264 1656 5318 d0-

58 5334 251 5402 gmatis
291 5331 1038 5402 occasionemessenatam.
1074 5330 1162 5382 Sic
1193 5331 1336 5402 enim
1370 5332 1457 5385 ille
1486 5333 1577 5388 lib.
1617 5352 1650 5389 ιι

61 5398 255 5455 Strom.
294 5418 315 5454 :
353 5400 604 5453 Τοιοῦτοι
639 5398 693 5450 δὲ
738 5399 832 5451 καὶ
874 5399 924 5449 οί
971 5399 1270 5466 φάσκοντες
1303 5401 1528 5467 ἑαυτοὺς
1557 5405 1655 5459 Νι-

58 5474 230 5545 κολάῳ
266 5470 506 5545 ἕπεσθαι
542 5470 1027 5545 ἀπομνημόνευμα
1053 5487 1103 5545 τι
1143 5471 1367 5545 τάνδρὸς
1397 5473 1653 5544 φέροντες

58 5548 116 5616 ἐκ
143 5539 527 5616 παρατροπῆς
554 5539 746 5616 τὸᾳδεξίν
774 5539 1162 5616 παρ-αχρῇσβαι
1187 5544 1258 5616 τῇ.
1279 5539 1494 5616 σαρκίξΔ
1514 5545 1652 5598 Ἀλλ’

57 5613 83 5667 ὁ
119 5609 519 5685 μὲν’γενναῐος
550 5609 930 5685 κολούεινγδεῖν
969 5609 1160 5685 ἐδήλου
1195 5609 1297 5685 ’τάς
1343 5609 1401 5666 τε
1437 5613 1650 5684 ἡδονάς,

57 5681 152 5752 τάξς
173 5703 233 5740 τε
265 5681 604 5752 ἐπιθυμίας·
644 5681 736 5734 καὶ
759 5684 822 5753 τῇ
852 5681 1077 5751 ἀσκήσει
1109 5682 1281 5752 ταύτη
1309 5681 1653 5757 καταμαραί-

1763 4493 1904 4548 coelo
1929 4491 2274 4548 domicilium
2307 4491 2638 4546 attribuunt.
2675 4487 2830 4544 lianc
2873 4504 2904 4543 a
2947 4488 3108 4542 Patre
3140 4485 3348 4555 produn

1763 4592 1909 4638 ctam
1966 4584 2274 4650 aﬂirmant;
2316 4591 2662 4652 matremque
2705 4582 2800 4636 alii
2854 4578 3211 4642 Jaldabaoth,
3253 4575 3347 4630 alii

1764 4674 2004 4732 Sabaoth
2051 4676 2279 4732 faciunt.
2313 4676 2382 4731 Et
2411 4675 2634 4745 quidem
2678 4674 2849 4739 illius,
2888 4683 2950 4728 ut
2978 4673 3162 4735 aiunt,
3198 4671 3345 4725 ﬁlius

1760 4768 1979 4839 septimi
2010 4769 2133 4824 caeli
2161 4784 2258 4838 per
2279 4783 2553 4825 summam
2589 4767 2874 4822 audaciam
2905 4781 2970 4821 ac
2998 4765 3343 4836 tyrannidem

1761 4875 1989 4930 compos
2012 4876 2098 4916 es:
2123 4860 2319 4917 iactus.
2353 4861 2513 4931 Isque
2539 4859 2830 4914 inferiores
2855 4860 3140 4929 alloquens
3165 4877 3180 4913 :
3209 4857 3346 4928 Ego,

1760 4955 1958 5026 inquit,
2024 4958 2229 5024 primus
2249 4972 2390 5020 sum,
2442 4964 2846 5023 acpostremus,
2911 4971 3002 5007 nec
3043 4953 3184 5006 alius
3211 4969 3346 5022 pm-

337 5073 466 5128 305v
500 5071 592 5126 καὶ
621 5071 679 5123 ὲν
712 5071 843 5134 τοῖς.
933 5073 954 5102 ⁸
980 5088 1068 5140 γρ.
1117 5072 1407 5146 συνέφερεν
1434 5073 1528 5129 τοῦ
1583 5078 1710 5133 ἰδίου
1737 5080 1938 5135 σκοποῦ
1967 5081 2250 5134 ἐκπεσόντι
2289 5081 2356 5151 τῇ
2390 5079 2453 5133 ἱδ.
2481 5096 2603 5149 γυν.
2639 5076 2992 5148 συναφθῆναι.
3073 5075 3094 5107 ³
3122 5077 3242 5130 Act.
3270 5092 3346 5137 Vt,

1760 5286 1872 5321 νειν
1911 5269 2136 5340 τΞιςτῆς
2175 5267 2580 5340 σαρκὸςίόρμάς
2627 5285 2686 5320 τε
2726 5267 2822 5340 καὶ
2859 5268 3153 5340 ἐπιθέσεις..
3189 5265 3262 5340 Οί
3291 5265 3344 5340 δὲ

1760 5343 1838 5423 εἰς
1877 5331 2068 5423 ἡδονὴν
2093 5331 2330 5423 ’τράγων
2357 5331 2532 5423 δίκην
2562 5331 2921 5423 ἐκρυέντες,
2968 5331 3079 5390 οἷον
3124 5333 3330 5405 ἐφυϐρίι

1761 5408 1942 5482 ζοντες
1971 5408 2049 5480 τῷ
2073 5408 2803 5482 σώματιηκαθηδυπαθοῦσιν.
2861 5464 2872 5482 ,
3193 5476 3209 5482 _
3267 5478 3276 5482 _
3400 5437 3405 5446 -

1831 5464 1944 5550 (σε)
1971 5464 2035 5535 oi
2056 5464 2176 5550 μέθυ
2204 5481 2311 5537 τοῦ
2355 5464 2719 5537 οιαὶιδαεαώθ.
2753 5481 2795 5533 Α
2827 5464 2913 5550 1'77
2943 5486 2998 5533 et
3025 5491 3145 5538 sua
3178 5476 3342 5532 dedu-

1759 5547 2173 5623 ctum'vide'tur,
2206 5553 2362 5623 quasi
2395 5555 2666 5608 matricem
2711 5547 2945 5621 patrus'n,
2982 5568 3044 5602 ac
3082 5565 3342 5619 propaga-

1763 5621 1945 5676 tricem
1966 5624 2067 5676 vim
2097 5621 2321 5679 dixeris.
