3766 6290
478 290 584 350 59.7

1884 283 1942 342 S.
1983 285 2323 343 EPIPHAN"
3635 289 3718 343 5'33

478 405 710 464 ridicula
734 420 749 469 ;
782 417 904 475 qua:
929 401 1184 486 quisquis
1213 400 1484 456 divinitus
1499 400 1850 472 prudentiam
1875 410 2063 458 nactus

2182 403 2293 474 ρὺς,
2329 402 2422 455 καὶ
2468 403 2716 474 ἠπάτησε
2766 403 2867 475 τὴν
2914 399 3084 458 Eiram}.-
3130 404 3262 458 ’Λπὸ
3296 402 3391 456 τοῦ
3435 399 3595 454 τύπου
3634 406 3716 475 τὰς

479 501 551 556 sit
606 498 758 552 nullo
813 496 1033 566 negotio
1079 493 1384 566 pervident.
1450 493 1733 564 Siquidem
1773 496 2071 564 voluptatis

481 586 655 659 gratia
717 602 841 641 cum
881 587 1129 656 seipsos,
1178 592 1292 638 tum
1335 600 1477 656 quos
1520 585 1725 638 habent
1769 594 2072 640 sectatores

485 679 860 750 perdiderunt,
903 677 1252 748 perduntque
1277 675 1543 746 quotidie.
1579 675 1642 729 Et
1664 675 1884 746 quidem
1912 690 2073 730 erro-

487 772 562 826 ris
598 772 687 826 ille
722 771 951 840 spiritus
987 768 1210 838 quidam
1234 769 1381 822 velut
1409 769 1462 820 in
1491 767 1622 821 tibia
1649 767 1810 822 llatus
1837 776 1945 830 est,
1975 768 2070 836 qui

485 877 934 932 unumquemque
957 861 1334 930 insipientium
1353 860 1635 914 hominum
1679 860 1913 914 diversis
1940 874 2073 913 con-

486 965 570 1009 tra
604 956 889 1010 veritatem
935 954 1312 1024 agnitionibus
1342 960 1672 1008 commovet.
1723 953 1902 1024 Atque
1936 955 2070 1010 adeo

485 1051 621 1105 tibia
659 1047 932 1118 serpentis
972 1047 1199 1118 ﬁguram
1233 1045 1437 1100 imitari
1473 1045 1722 1111 videtur,
1767 1061 1864 1114 per
1907 1061 2069 1116 quem

488 1142 666 1195 malus
701 1141 914 1195 daemon
947 1139 1167 1194 locutus
1189 1145 1294 1202 est,
1320 1144 1485 1206 atque
1516 1135 1682 1188 Evam
1713 1136 1950 1205 decepit.
1988 1137 2070 1190 Ad

487 1229 649 1297 cujus
678 1230 961 1296 exemplar
1016 1241 1278 1297 expressa
1305 1264 1320 1289 ,
1353 1235 1408 1280 et
1454 1225 1522 1278 ad
1565 1225 1865 1278 humanum
1899 1241 2070 1296 genus

489 1319 820 1374 illudendum
844 1316 1099 1374 confecta
1122 1318 1256 1371 tibia
1282 1327 1386 1371 est.
1419 1316 1498 1370 Tu
1522 1331 1652 1371 vero
1676 1324 1732 1371 et
1760 1318 1908 1371 illam
1937 1319 2072 1372 mihi

487 1412 716 1482 efﬁgiem
754 1413 1001 1475 intuere,
1033 1424 1196 1478 quam
1232 1409 1325 1478 qui
1369 1408 1502 1466 tibia
1544 1408 1692 1462 canit
1741 1408 1793 1461 in
1830 1424 1952 1463 sese
1985 1423 2070 1463 re-

488 1513 800 1573 praesentat.
850 1503 951 1558 Hic
998 1504 1143 1557 enim
1198 1515 1419 1555 sursum
1464 1499 1657 1553 faciem
1708 1499 1948 1564 attollit,
1997 1513 2061 1554 ac

2175 493 2387 545 ἐκείνου
2423 492 2564 544 κατά
2613 494 2845 563 μίμησιν
2893 496 2922 546 ὁ
2971 492 3132 558 αὐλὸς
3179 495 3288 554 τοῖς
3337 489 3632 563 ἀνθρώποις
3660 494 3720 553 εἰς

2177 587 2394 656 ἀπάτην
2427 585 2859 655 κατεσκευάσθη.
2901 586 3012 638 Καὶ
3035 587 3136 656 ὅρα
3167 584 3259 638 τὸν
3288 584 3478 646 τύπον,
3510 582 3567 634 ὃν
3593 585 3722 645 αὐτὸς

2176 681 2204 730 ὁ
2238 678 2417 731 αὐλῶν
2452 680 2508 730 ὲν
2543 677 2620 747 τῷ
2666 677 2813 747 αὐλῷ
2847 680 3100 730 ποιεῖται.
3131 676 3316 730 Αὐλῶν
3349 676 3456 747 γὰρ
3493 675 3598 728 ἂνω
3622 677 3722 726 ἁνι-

2176 769 2344 833 νεύει,
2400 770 2495 822 καὶ
2545 771 2697 823 κάτω
2753 770 3078 822 κατανεύειο
3123 769 3272 833 δεξιά
3323 785 3383 820 τε
3439 767 3603 820 κλίνει
3653 767 3723 818 καὶ

2181 861 2434 932 εὐώνυμα
2463 863 2663 934 ὁμοίως
2693 863 2905 933 ἐκείνῳ.
2943 861 3165 925 Τούτοις
3198 861 3305 931 γὰρ
3341 860 3433 913 καὶ
3465 862 3493 913 ὁ
3516 859 3723 920 διάϐολος

2177 958 2292 1020 τοῖς
2338 956 2580 1025 σχήμασι
2621 954 2906 1026 κέχρηται,
2958 954 3046 1008 ἵνα
3089 953 3230 1008 κατὰ
3280 952 3387 1005 τῶν
3423 952 3722 1022 ἐπουρανέων

2180 1043 2477 1113 ἐνδείξηται
2503 1043 2600 1114 τὴν
2630 1043 2994 1114 βλασφημίαν,
3027 1043 3119 1095 καὶ
3141 1042 3209 1095 τὰ
3244 1043 3334 1094 ἐπὶ
3360 1041 3460 1111 τῆς
3487 1040 3585 1108 γῆς
3614 1042 3723 1107 ἁφα-

2179 1133 2357 1204 νισμῷ
2401 1134 2660 1205 ἀφανίσῃ,
2699 1135 2791 1188 καὶ
2829 1134 2963 1205 ὁμοῦ
3020 1133 3401 1206 συμπεριλὰὄῃ
3445 1133 3540 1204 τὴν
3581 1134 3741 1212 οἱκουη

2182 1227 2370 1296 μένην,
2403 1225 2552 1292 δεξιά
2591 1244 2650 1279 τε
2691 1229 2785 1280 καὶ
2818 1227 3072 1299 εὐώνυμα
3111 1225 3507 1296 λυμαινόμενος
3539 1224 3650 1285 τοὺς
3673 1227 3724 1293 τῇ

2181 1317 2355 1389 πλάνῃ
2393 1318 2745 1389 πειθομένους
2794 1337 2854 1371 τε
2897 1319 2989 1372 καὶ
3036 1317 3417 1388 θελγομένους,
3455 1315 3632 1385 ὥσπερ
3660 1315 3725 1365 διὰ

2179 1412 2442 1482 μουσικοῦ
2497 1414 2748 1484 ὀργάνου,
2805 1416 2923 1478 ταῖς
2988 1415 3191 1482 φωναῖς
3255 1413 3377 1473 ταῖς
3414 1409 3725 1478 πεπλανημέ-

2167 1521 2303 1567 ναις.

487 1601 745 1654 deorsum
781 1596 1036 1658 demittit,
1085 1601 1200 1656 tum
1236 1593 1305 1647 ad
1362 1593 1557 1647 dextra
1594 1590 1930 1661 sinistraque
1977 1591 2208 1662 perinde
2269 1603 2328 1649 ut
2390 1595 2481 1652 ille
2513 1597 2712 1667 vergit.
2778 1577 2992 1667 Quippe
3033 1595 3288 1650 diabolus
3334 1593 3474 1650 iisce
3517 1591 3725 1666 gestibus

487 1692 686 1756 utitur,
713 1697 772 1742 ut
803 1687 1194 1742 contumeliam
1228 1685 1284 1738 in
1311 1697 1540 1754 superos
1575 1691 1831 1748 ostentet,
1863 1690 1918 1738 et
1946 1699 2069 1754 qua:
2097 1686 2152 1740 in
2203 1695 2349 1740 terra
2380 1695 2509 1742 sunt
2546 1687 2791 1745 funditus
2829 1695 3070 1752 evertat,
3131 1696 3421 1758 totumque
3468 1687 3597 1741 adeo
3641 1696 3726 1738 tero

489 1800 675 1839 rarum
709 1783 899 1838 orbem
949 1780 1142 1834 eodem
1185 1779 1356 1833 exitio
1409 1775 1878 1846 comprehendat,
1939 1776 2070 1831 dum
2109 1779 2299 1834 dextra
2331 1781 2536 1850 pariter
2559 1797 2622 1836 ac
2653 1783 2877 1838 sinistra
2925 1781 3223 1852 perniciem
3259 1780 3327 1836 iis
3356 1780 3514 1836 affert
3564 1778 3646 1848 qui
3684 1778 3724 1828 in

487 1881 608 1948 ejus
643 1894 697 1933 se
761 1875 1008 1930 fraudem
1063 1873 1544 1938 committunt’,'ac
1586 1871 1667 1926 sic
1710 1879 1974 1942 tanquam
2007 1875 2222 1930 musico
2274 1877 2643 1934 instrumento
2705 1879 2817 1950 80
2867 1877 3233 1934 fraudulentis
3284 1878 3434 1935 illius
3496 1875 3724 1933 sermoni-

491 1973 593 2026 bus
625 1969 954 2023 aﬁiciuutur.

563 2067 625 2121 ν.
657 2067 797 2119 Sunt
831 2073 885 2118 et
918 2062 1010 2116 alii
1047 2059 1268 2131 quidam
1319 2074 1382 2114 ex
1434 2059 1815 2113 haereticorum
1856 2059 2063 2114 illorum

2249 2061 2326 2117 E'.
2362 2061 2544 2116 ’Ἄλλοι
2589 2062 2643 2116 δέ
2696 2081 2836 2127 τινες
2880 2061 2939 2128 ἐξ
2972 2063 3155 2117 αὐτῶν
3189 2062 3322 2139 κενά
3368 2067 3494 2116 τινα
3525 2063 3727 2134 ὀνόματα

492 2177 676 2233 grege,
707 2159 800 2230 qui
845 2159 1028 2213 inania
1065 2157 1316 2226 quaedam
1347 2156 1569 2209 nomina
1598 2155 1947 2226 conﬁngunt,
1978 2156 2078 2210 ita-

489 2271 597 2326 que
619 2254 842 2307 dicunt:
867 2249 1027 2305 Initio
1049 2247 1328 2310 tenebras,
1355 2261 1419 2300 ac
1442 2247 1782 2316 voraginem,
1808 2257 1861 2300 et
1879 2261 2078 2316 aquam

491 2347 665 2401 fuisse
693 2363 706 2398 :
739 2357 859 2414 qua:
886 2358 912 2395 a
939 2357 997 2397 se
1021 2341 1257 2395 invicem
1284 2339 1510 2408 spiritus
1529 2339 1846 2394 secreverit.
1875 2338 2078 2394 Verum

493 2440 730 2494 tenebrae
775 2445 965 2491 contra
1003 2433 1254 2503 spiritum
1305 2431 1592 2485 iracundia
1624 2447 1687 2485 ac
1733 2431 1919 2488 furore
1954 2448 2079 2502 per-

490 2532 614 2586 οἰιιιξ
663 2543 885 2585 sursum
921 2534 1280 2580 excurrentes
1326 2539 1450 2577 cum
1482 2539 1548 2578 eo
1587 2538 1896 2594 COIlgTPSSIB
1926 2535 2075 2580 sunt.

493 2622 621 2677 Inde
652 2621 851 2674 matrix
883 2619 1074 2675 nescio
1123 2633 1246 2687 qua:
1293 2616 1475 2688 genita
1513 2617 1739 2700 prodiit,
1776 2631 1898 2687 quae
1927 2617 2080 2686 ejus-

492 2713 616 2767 dem
635 2711 875 2785 .spiritus
899 2707 1361 2764 consuetudinem
1381 2706 1628 2776 appetiit.
1655 2705 1734 2760 Ex
1755 2722 1928 2776 eaque
1949 2722 2078 2778 qua-

490 2812 619 2858 tuor
650 2802 858 2856 Eones
883 2801 1137 2872 producti
1153 2798 1401 2862 suut._Ab
1424 2799 1508 2852 lllS
1538 2813 1628 2852 xw
1647 2798 1737 2851 alii
1767 2801 2067 2867 procreati.

491 2895 623 2950 Item
657 2894 886 2957 dextra,
920 2893 1272 2960 sinistraque,
1339 2904 1554 2943 necnon
1593 2891 1776 2944 lumen
1830 2905 1893 2944 ac
1932 2896 2080 2944 tene-

491 2987 623 3039 brze.
655 2983 966 3038 Secundum
986 2983 1087 3037 hos
1106 2997 1298 3036 omnes
1319 2989 1530 3051 turpem
1554 2979 1842 3050 quemdam
1868 2996 2077 3035 aeonem

491 3076 697 3130 editum
728 3078 980 3134 narrant,
1012 3085 1247 3139 eumque
1280 3084 1406 3123 cum
1437 3084 1524 3132 ea,
1557 3083 1724 3139 quam
1756 3069 1921 3138 paulo
1950 3076 2077 3125 ante

492 3165 755 3229 (lximus,
786 3163 1014 3216 matrice
1045 3161 1242 3216 coiisse
1279 3177 1292 3213 τ
1325 3168 1377 3215 et
1407 3159 1475 3213 ab
1507 3169 1740 3228 utroque
1763 3159 1895 3213 deos
1916 3168 2077 3230 atque

493 3258 740 3327 angelos,
765 3263 818 3310 et
845 3255 1147 3316 tlzemones.
1182 3269 1245 3308 ac
1279 3260 1486 3323 septem
1511 3251 1742 3321 spiritus
1768 3257 1948 3306 ortum
1973 3252 2074 3305 ha-

493 3350 704 3404 buisse.
741 3348 844 3403 Sed
874 3347 1199 3403 bistrionica
1237 3347 1326 3400 illa
1371 3345 1630 3417 ﬁgmenta
1664 3345 1817 3400 nullo
1855 3346 2074 3418 negotio

494 3439 1024 3509 detegunturznam
1081 3453 1204 3492 cum
1259 3453 1429 3492 unum
1464 3438 1624 3493 initio
1678 3436 1896 3493 Patrem
1953 3437 2078 3494 deﬁ-

496 3531 668 3595 niant,
699 3529 932 3584 subinde
969 3529 1154 3599 plures
1179 3529 1311 3584 deos
1334 3529 1656 3594 ostendunt,
1692 3539 1750 3583 ut
1783 3533 2079 3600 ipsummet

495 3636 738 3678 errorem
776 3637 872 3677 sua
906 3631 1097 3676 contra
1143 3639 1202 3678 se
1247 3623 1652 3693 quodammodo
1693 3639 1907 3679 armare
1936 3640 2081 3679 men-

495 3714 649 3768 dacia
683 3723 1137 3781 commonstrent,
1165 3731 1228 3768 ac
1260 3715 1501 3785 seipsum
1535 3724 1815 3782 evertere;
1845 3730 1969 3769 cum
2006 3716 2083 3769 in-

494 3808 653 3862 terim
683 3808 829 3862 omni
862 3822 924 3862 ex
956 3816 1109 3877 parte
1151 3808 1442 3879 perspicua
1476 3808 1681 3864 veritas
1719 3815 2005 3879 appareat.
2041 3800 2044 3804 ’

567 4093 656 4149 Vl.
682 4093 820 4160 Quid
859 4105 942 4149 est
970 4095 1156 4164 igitur,
1193 4095 1445 4160 Nieolae,
1475 4098 1569 4151 tibi
1594 4099 1736 4168 quod
1767 4102 2082 4170 opponam?

498 4185 757 4256 quidnam
786 4187 1115 4255 diSputabo?
1145 4188 1302 4242 Unde
1347 4190 1504 4244 nobis
1553 4201 1766 4260 turpem
1800 4192 1948 4245 illum
1988 4207 2081 4247 ue-

499 4275 616 4330 scio
647 4291 806 4345 quem
845 4293 1073 4341 :rouem,
1104 4293 1166 4332 ac
1213 4280 1470 4348 nequitiae
1503 4281 1745 4336 radicem
1767 4323 1780 4342 ,
1807 4292 1860 4337 et
1892 4282 2081 4340 fecun-

498 4367 624 4422 dam
654 4368 799 4421 illam
827 4369 1104 4423 matricem
1139 4385 1202 4424 ac
1228 4371 1465 4441 denique
1502 4372 1688 4442 plures
1719 4373 1854 4430 deos
1884 4390 1947 4428 ac
1973 4377 2083 4430 dte-

498 4472 691 4511 mones
720 4457 1118 4513 iuvebis?Nam
1139 4461 1285 4529 quod
1311 4461 1376 4515 ad
1400 4461 1718 4531 Apostolum
1740 4465 1932 4520 attinet
1955 4483 2079 4520 cum

499 4548 567 4602 iis
592 4549 776 4602 verbis
822 4550 998 4602 utitur
1036 4551 1052 4581 ¹
1090 4570 1102 4606 :
1143 4551 1203 4607 Si
1229 4562 1347 4606 sunt
1378 4555 1466 4625 qui
1498 4555 1831 4624 appellantur
1860 4558 1955 4620 dii,
1986 4575 2080 4616 eos

499 4656 770 4709 nusquam
789 4657 912 4697 esse
933 4642 1226 4715 signiﬁcat.
1253 4644 1388 4700 Cum
1416 4649 1583 4709 enim,
1611 4651 1702 4719 qui
1724 4651 2075 4718 appellantur,

2182 2155 2604 2217 ἀναπλάττουσι,
2637 2154 2906 2223 λέγοντες,
2930 2156 3010 2207 ὅτι
3028 2155 3229 2216 Σκότος
3256 2150 3324 2225 ἢν
3355 2155 3453 2208 καὶ
3481 2154 3631 2225 βυθὸς
3657 2157 3728 2207 7.1".

2182 2246 2353 2318 Dﬁwp'
2407 2247 2467 2299 τὸ
2509 2246 2564 2299 δὲ
2612 2245 2828 2316 πνεῦμα
2877 2245 2979 2300 ἀνὰ
3024 2247 3186 2317 μέσον
3232 2235 3438 2299 τούτων
3488 2246 3728 2316 διορισμξν

2181 2337 2473 2408 ἐποιήσατο
2510 2337 2710 2391 αὐτῶν.
2740 2336 2812 2390 Τὸ
2834 2337 2889 2391 δὲ
2919 2337 3107 2401 σκότος
3139 2333 3206 2407 ἦν
3230 2337 3553 2408 χαλεπαίνόν
3575 2355 3625 2390 τε
3656 2338 3727 2389 καὶ

2181 2430 2438 2498 ὲγκοτοῦν
2471 2429 2547 2499 τῷ
2588 2429 2894 2500 πνεύματι·
2925 2431 3062 2501 ὅπερ
3093 2432 3281 2492 σκότος
3321 2430 3625 2503 ἀναδραμὸν
3656 2448 3726 2481 πε·

2185 2521 2450 2594 ριεπλάκη
2473 2521 2861 2592 τῷ-πνεύματι.
2888 2523 2997 2576 Καὶ
3026 2521 3304 2594 ἐγέννησε,
3329 2523 3484 2592 φησὶ,
3507 2522 3621 2575 τινὰ
3645 2523 3726 2592 μή·

2179 2631 2314 2686 τραν
2363 2615 2724 2686 καλουμένην,
2779 2616 2899 2685 ἥτις
2948 2612 3269 2685 γεννηθεῖσα
3313 2615 3650 2684 ὲνεκξσσησεν
3685 2616 3727 2665 ἐν

2181 2705 2329 2776 αὐτῷ
2361 2705 2437 2776 τῷ
2471 2705 2760 2776 πνεύματι.
2807 2706 2902 2759 Ἐκ
2932 2705 2986 2758 δὲ
3017 2705 3120 2776 τῆς
3164 2706 3376 2777 μήτρας
3417 2705 3725 2779 προεϐλήθηο

2183 2799 2280 2852 σάν
2321 2815 2465 2861 τινες
2520 2797 2783 2868 τέσσαρες
2830 2796 3065 2861 Λῑῶνες·
3104 2797 3168 2850 ὲκ
3216 2799 3274 2851 δὲ
3321 2799 3430 2852 τῶν
3485 2799 3725 2867 τεσσάρων

2179 2887 2399 2942 Αἰώνων
2426 2889 2572 2940 ἄλλοι
2597 2889 3015 2958 δεκατέσσαρες,
3051 2889 3144 2941 καὶ
3175 2887 3365 2956 γέγονε
3411 2888 3562 2954 δεξιὰ
3583 2905 3635 2939 τε
3658 2887 3727 2940 καὶ

2180 2980 2466 3051 ἀριστερὰ,
2501 2980 2616 3049 φῶς
2647 2981 2740 3034 καὶ
2784 2971 2991 3044 σκότος.
3053 2980 3318 3052 ’Ὕστερον
3351 2981 3408 3034 δὲ
3447 2980 3581 3052 μετά
3618 2980 3725 3032 πάν-

2179 3091 2277 3137 τας
2307 3074 2527 3138 τοιὲτους
2554 3073 2956 3145 προϐεϐλῆσθαέ
2983 3092 3100 3128 τινα
3125 3074 3349 3146 αἰσχρὸν
3377 3075 3567 3137 αἰῶνα,
3596 3075 3725 3143 papi-

2179 3165 2306 3236 χθαι
2364 3166 2418 3218 δὲ
2449 3166 2639 3219 τοῦτον
2674 3169 2741 3238 τῇ
2785 3168 2967 3238 μήτρα
3013 3169 3076 3238 τῇ
3112 3167 3222 3222 ἄνω
3267 3166 3721 3238 προδεδηλωμένῃ·

2185 3257 2279 3311 καὶ
2311 3258 2372 3310 ἐκ
2402 3255 2593 3311 τούτου
2634 3255 2728 3310 τοῦ
2775 3257 2970 3320 αἰῶνος
3009 3257 3101 3310 τοῦ
3146 3257 3371 3328 αἰσχροῦ
3407 3258 3621 3328 καὶτῆς
3649 3259 3724 3326 μή·

2181 3365 2312 3420 τροις
2343 3348 2624 3417 γεγονέναι
2667 3347 2822 3411 θεούς
2845 3366 2904 3401 τε
2933 3349 3027 3402 καὶ
3055 3350 3180 3412 τοὺς
3224 3351 3285 3418 ἀγ
3300 3349 3494 3418 γέλους
3519 3352 3603 3402 r-‘-
3640 3349 3703 3378 ²-ῖ

2186 3460 2370 3514 μονας,
2409 3444 2500 3497 καὶ
2533 3442 2672 3495 ἑπτὰ
2697 3442 3006 3513 πνεύματα.
3039 3444 3266 3515 Φωρατὴ
3299 3444 3355 3496 δὲ
3382 3444 3549 3498 τούτο

2182 3535 2392 3606 πλάνης
2429 3535 2738 3606 μιμολογὶα.
2783 3534 2902 3586 Ἀπ’
2943 3534 3118 3606 ἀρχῆς
3153 3535 3261 3607 γὰρ
3290 3536 3386 3590 ἕνα
3423 3538 3556 3591 Πατε
3594 3573 3597 3575 -

2182 3645 2368 3695 γοντες
2401 3629 2495 3680 καὶ
2532 3627 2856 3699 ὁριζόμενοι,
2896 3627 3120 3699 ὕστερον
3160 3628 3387 3694 πολλοὺς
3441 3628 3557 3682 θεοὶ

2183 3738 2378 3790 φηναν,
2406 3721 2485 3784 εἰς
2531 3721 2589 3773 τὸ
2615 3719 2783 3786 δεῖξαι
2825 3720 2995 3791 αὐτὴν
3025 3720 3123 3791 τὴν
3161 3720 3367 3792 πλάνην
3414 3721 3535 3775 καθ’
3565 3740 3722 3785 muni;

2181 3810 2249 3863 τά
2299 3812 2387 3863 ὑπ’
2419 3811 2586 3880 αὐτῆς
2634 3809 2804 3880 ψευδῆ
2853 3810 3122 3881 λεγόμενα
3165 3809 3426 3875 ὁπλίζειν,
3470 3811 3653 3879 ἑαυτὴν
3685 3808 3724 3858 δὲ

2181 3903 2348 3964 λύειν,
2379 3904 2479 3972 τῆς
2508 3903 2764 3973 ἀληθείας
2808 3905 2893 3957 ἀεὶ
2933 3907 2994 3958 ἐκ
3027 3904 3224 3968 παντὸς
3267 3904 3470 3975 μέρους
3514 3905 3723 3974 εὑρισκο-

2186 3998 2352 4067 μένης

2255 4095 2346 4158 C,".
2379 4093 2444 4144 Τί
2474 4092 2649 4144 τοίνυν
2696 4096 2835 4146 εἴπω
2865 4098 2999 4165 προς
3045 4101 3126 4156 σε,
3154 4093 3198 4145 ὦ
3228 4090 3500 4156 Νικόλαε;
3543 4095 3592 4144 τε
3639 4093 3725 4142 δισ-

2181 4181 2545 4253 λεχθήσομαις
2592 4181 2782 4244 Πόθεν,
2815 4177 2859 4235 ὦ
2894 4178 3067 4248 οὗτος,
3101 4184 3257 4253 ἥκεις
3289 4183 3472 4254 φέρων
3503 4183 3624 4252 ἡμῖν
3660 4181 3723 4230 αἱ·

2185 4274 2345 4345 σχρὺν
2375 4273 2566 4339 αἰῶνα,
2596 4273 2688 4326 καὶ
2713 4275 2867 4346 ῥίζαν
2893 4275 3176 4346 πονηρίας,
3207 4275 3302 4329 καὶ
3339 4276 3552 4348 μήτραν
3571 4291 3721 4342 γεννη-

2180 4369 2360 4438 τικὴν,
2409 4369 2503 4421 καὶ
2559 4368 2714 4432 θεοὺς
2769 4356 3013 4432 πολλοὺς,
3073 4369 3169 4421 καὶ
3219 4369 3511 4439 δαίμονας;
3554 4369 3606 4421 Ὀ
3642 4369 3722 4433 γὰρ

2196 4459 2533 4525 Ἀπόστολος,
2589 4461 2804 4532 φήσας·
2842 4461 3027 4528 Εἴπερ
3071 4461 3188 4513 εἰσὶ
3245 4461 3557 4528 λεγόμενοι
3608 4455 3718 4513 θεοὶ.

2181 4551 2280 4604 οὐκ
2316 4549 2451 4604 εἶναι
2483 4550 2704 4615 τούτους
2737 4552 3042 4620 ὑποφαίνει.
3080 4553 3167 4605 Ἐν
3195 4551 3273 4623 τῷ
3302 4553 3412 4625 γὰρ
3447 4554 3719 4612 εἰπεῖν,.1ε-

2181 4647 2450 4715 γόμενοι,
2484 4643 2680 4709 ἔδειξεν
2710 4645 2907 4708 αὐτοὺς
2936 4645 2992 4697 ἐν
3022 4643 3380 4715 τῷ’λέγεσθαι
3408 4645 3563 4716 μόνον
3593 4639 3716 4698 εἶναι,

495 4731 652 4795 dicit,
686 4735 800 4788 sola
841 4735 962 4789 illos
1011 4737 1376 4805 appellatione
1410 4748 1702 4804 constare,
1745 4759 1866 4796 cum
1899 4746 2063 4814 reips:

2187 4735 2260 4806 μὴ
2285 4735 2442 4798 ὄντας
2483 4738 2547 4806 τῇ
2581 4736 2894 4798 ὑποστάσει,
2925 4735 3057 4790 ἀλλὰ
3103 4736 3191 4790 διὰ
3231 4736 3332 4807 τῆς
3373 4737 3534 4790 τινῶν
3560 4735 3718 4800 omit,-

498 4825 724 4879 minime
769 4825 1109 4891 subsistant,
1156 4843 1256 4882 nec
1302 4831 1460 4885 aliter
1513 4848 1674 4902 quam
1721 4840 2080 4905 quorumdam

497 4915 756 4984 opinione
786 4916 993 4973 docuit.
1036 4917 1204 4974 Nobis
1230 4937 1349 4974 vero
1391 4921 1554 4988 Deus,
1592 4925 1789 4996 inquit,
1821 4944 1954 4982 unus
1982 4939 2080 4997 est,

499 5008 678 5073 nobis,
719 5008 962 5078 inquam,
996 5011 1088 5080 qui
1120 5015 1370 5069 veritatis
1396 5031 1588 5072 sumus
1613 5021 1927 5089 cognitione
1950 5037 2081 5092 pra:-

497 5098 618 5153 diti.
676 5095 787 5151 Nec
838 5100 929 5168 qui
961 5101 1359 5169 appellaretur,
1418 5106 1511 5160 sed
1568 5109 1659 5177 qui
1699 5125 1886 5164 revera
1934 5121 2080 5167 esset

498 5185 663 5250 Deus,
691 5186 960 5255 adiunxit.
991 5189 1144 5253 Quod
1172 5192 1219 5245 si
1254 5209 1398 5250 unus
1425 5197 1583 5252 nobis
1612 5207 1698 5254 est
1734 5201 1874 5256 Deus
1895 5241 1910 5264 ,
1952 5203 2072 5272 plu-

495 5294 584 5332 res
612 5279 838 5332 omnino
867 5295 990 5334 esse
1022 5297 1128 5336 non
1161 5297 1410 5351 possunt.
1444 5288 1669 5345 Accedit
1697 5299 1751 5347 et
1781 5293 1984 5349 Christi
2017 5297 2070 5351 in

495 5367 786 5438 Evangelia
814 5371 1019 5424 dictum
1055 5373 1187 5426 illud
1218 5391 1229 5424 :
1269 5373 1336 5428 Ut
1371 5366 1682 5448 cognoscunt
1713 5394 1758 5438 te
1784 5388 1952 5440 solum
1989 5405 2072 5442 rc-

492 5474 609 5513 rum
643 5459 808 5512 Deum
841 5462 880 5515 ¹.
916 5460 1035 5527 Quo
1070 5464 1378 5522 istiusmodi
1416 5470 1734 5542 hominum,
1776 5480 1870 5548 qui
1919 5480 2071 5537 ﬁctas

494 5549 728 5618 fabulas,
762 5569 826 5608 ac
850 5556 1207 5626 multiplicem
1227 5559 1570 5619 divinitatem
1596 5573 1889 5627 commenti
1918 5584 2063 5640 sunt,

571 5707 584 5739 '
620 5705 791 5764 lCor.
829 5726 944 5777 vm,
983 5711 1037 5766 5.
1116 5716 1136 5744 ¹
1171 5711 1322 5779 Σοεηι.
1363 5733 1493 5773 XVII.
1531 5720 1563 5772 3

2182 4830 2346 4898 ψεως.
2391 4831 2563 4901 Ἡμῖν
2601 4829 2688 4896 δὲ,
2716 4832 2900 4902 φησιν,
2931 4827 3018 4896 εἷς
3045 4832 3208 4895 Θεὸς.
3241 4827 3481 4901 δηλονότι
3512 4833 3614 4892 τοῖς
3646 4828 3718 4894 τὴν

2181 4922 2380 4990 γνῶσιν
2405 4922 2502 4992 τῆς
2533 4921 2788 4992 ἀληθείας
2827 4921 3231 4994 ἐπισταμένοις.
3263 4922 3374 4976 Καὶ
3399 4924 3498 4976 οὐκ
3523 4919 3630 4974 εἷπε
3657 4920 3716 4970 λε-

2179 5015 2409 5086 γόμενον
2441 5015 2594 5080 Θεὸν,
2628 5015 2764 5069 ἀλλὰ
2797 5015 2924 5067 ὅντα
2955 5015 3104 5068 Θεὸν.
3145 5016 3206 5068 El
3235 5015 3291 5069 δὲ
3333 5018 3463 5086 ἡμῖν
3495 5010 3571 5079 εἷς
3598 5014 3715 5072 85%;.

2179 5109 2366 5164 οὐκέτι
2395 5109 2580 5162 πολλοὶ
2620 5107 2750 5164 θεοί.
2780 5109 2890 5163 Καὶ
2925 5112 2954 5164 ὁ
2994 5109 3200 5180 Κύριος
3245 5109 3303 5161 ὲν
3335 5108 3411 5180 τῷ
3443 5106 3715 5176 Εὑαγγελὶῳ

2180 5202 2373 5274 φησίν·
2419 5203 2553 5258 Ἵνα
2596 5201 2934 5273 γινώσκωσι
2963 5217 3037 5256 σε
3082 5203 3190 5256 τὸν
3235 5203 3428 5271 μόνον
3465 5197 3716 5268 ἀληθινὸν

2181 5295 2348 5362 Θεὸν,
2389 5295 2475 5348 ἵνα
2505 5295 2782 5366 ἀνατρέψῃ
2813 5296 2913 5367 τὴν
2941 5295 3178 5349 διάνοιαν
3201 5295 3309 5348 τῶν
3337 5295 3405 5348 τὰ
3428 5293 3630 5366 μυθώδη
3658 5290 3716 5339 λε-

2179 5388 2406 5456 γόντων,
2455 5387 2548 5440 καὶ
2593 5387 2921 5456 νομιζόντων
2970 5381 3105 5438 εἶναι
3163 5384 3470 5439 πολυθεϊαν.
3503 5379 3593 5445 Εἷς
3632 5381 3712 5446 γὰρ

2179 5479 2333 5550 ἡμῶν
2349 5481 2494 5532 ἐστιν
2513 5482 2541 5533 ὁ
2565 5479 2719 5544 Θεὸς,
2735 5478 2924 5550 Πατὴρ
2955 5479 3047 5531 καὶ
3062 5477 3188 5541 Υἱὸς
3210 5477 3303 5530 καὶ
3327 5478 3480 5546 ἅγιον
3506 5473 3709 5541 Πνεῦμα·

2179 5577 2324 5642 τρεῖς
2355 5571 2700 5637 ὑποστάσεις,
2742 5571 2839 5641 μία
2863 5570 3138 5640 κυριότης,
3165 5568 3260 5640 μία
3297 5568 3506 5638 θεότης,
3541 5565 3627 5639 μία
3650 5561 3712 5612 δο-
