3760 6176
453 231 549 287 531

1841 235 1895 290 S.
1943 234 2278 291 EPIPIIANII
3599 242 3670 296 ὅδὲ

456 349 516 400 iu
550 343 752 399 mundo
777 345 1137 415 pullularunt,
1164 347 1411 404 homines
1431 349 1712 405 erroribus
1738 350 1941 422 implic:

2183 352 2387 421 δόμενοι
2417 350 2751 421 ἠπατημένοι
2801 350 3094 417 ἄνθρωποι,
3127 351 3315 422 ὥσπερ
3344 352 3452 405 ἀπὸ
3482 355 3668 423 πικρίας

450 448 518 487 ac
540 433 688 487 velut
713 449 778 487 ex
810 435 1175 491 amaritudine
1207 439 1479 507 procreati
1510 438 1740 506 fructus,
1768 444 2026 511 quemad-

452 523 675 579 modum
706 524 881 578 cuivis
917 527 1270 595 perspicuum
1299 535 1405 593 est,
1444 537 1499 583 et
1530 531 1597 584 ad
1620 532 1866 587 veritatis
1894 548 2025 603 pro-

451 614 726 668 bationem
766 630 873 668 non
917 617 1097 671 solum
1137 634 1167 671 a
1199 619 1470 683 ﬁdelibus,
1499 621 1593 676 sed
1616 623 1781 677 etiam
1813 624 1880 677 ab
1910 624 2026 678 inﬁ-

451 703 667 759 delibus
714 705 1052 775 deprehendi
1103 709 1255 763 nullo
1300 712 1520 780 negotio
1564 720 1764 782 potest.
1810 713 2023 768 Etenim

450 794 689 861 vulvam,
725 810 797 849 ao
836 796 1253 867 turpitudinem,
1308 809 1617 871 caateraque
1658 803 1711 857 id
1751 818 1922 872 genus
1966 805 2021 859 in

451 903 708 945 sermone
740 890 970 959 jactare,
1015 907 1197 948 nonne
1232 894 1523 950 ridiculum
1558 897 1881 953 mortalibus
1905 912 2021 950 om-

451 979 615 1035 nibus
660 978 865 1037 Graecis
905 981 1131 1051 perinde
1163 998 1227 1037 ac
1266 985 1535 1049 barbaris,
1572 988 1915 1057 sapientibus
1946 989 2022 1042 in-

451 1072 889 1143 sipientibusque
916 1072 1228 1129 Videbitur?
1273 1075 1378 1132 Sed
1413 1078 1529 1135 haec
1566 1094 1759 1149 magna
1794 1094 2018 1149 prorsus

449 1163 753 1227 calamitas,
787 1179 851 1218 ac
894 1164 1206 1233 vehemens,
1249 1176 1307 1221 ut
1351 1169 1425 1223 ita
1477 1170 1676 1235 dicam,
1724 1170 2018 1229 infelicitas

447 1262 532 1309 est
565 1273 577 1308 :
613 1254 903 1310 damnatos
947 1256 1089 1319 illos,
1132 1265 1187 1312 et
1223 1274 1410 1314 errore
1442 1260 1708 1330 deceptos.
1744 1269 2015 1317 sectarum

448 1344 687 1402 artiﬁces
727 1345 945 1399 incitari
975 1359 1165 1402 contra
1200 1364 1301 1404 nos
1330 1359 1492 1421 atque
1526 1351 1833 1416 insurgere,
1870 1352 2017 1406 velut

446 1434 624 1492 ftedas
661 1436 928 1507 quasdam
961 1437 1191 1507 bestias,
1237 1457 1357 1511 qua:
1401 1441 1707 1495 molestiam
1753 1442 1910 1498 nobis
1951 1457 2015 1497 ac

444 1529 672 1585 fetorem
706 1538 760 1583 et
803 1529 1074 1598 pruritum
1120 1533 1372 1588 conﬁctis
1410 1533 1515 1589 illis
1553 1533 1670 1588 suis
1716 1534 2014 1589 mendaciis

443 1617 693 1672 aﬂerant.
729 1618 873 1689 Ergo
900 1620 989 1676 isti
1028 1640 1152 1678 cum
1186 1625 1414 1679 Nicolao
1451 1624 1753 1695 conjuncti,
1777 1633 1831 1678 et
1858 1624 1926 1678 ab
1948 1637 2013 1677 eo

2128 444 2350 514 καρποὶ,
2377 443 2453 505 ὡς
2478 442 2639 494 παντί
2688 460 2766 511 τῳ
2793 442 2952 511 δῆλόν
2982 444 3120 508 ἐστι,
3151 444 3246 496 καὶ
3284 443 3540 515 φωρατὸν
3572 447 3669 515 πρὶς

2126 534 2353 605 δοκιμὴν
2420 533 2696 603 ἀληθείας,
2750 534 2809 587 οὐ
2856 534 3015 604 μόνον
3051 534 3259 603 εἴποιμι
3300 540 3535 600 πιστοῑς,
3570 537 3668 589 am

2124 624 2264 693 τάχα
2299 622 2392 675 καὶ
2422 623 2690 684 ἀπίστοις,
2716 622 2867 693 ἐντῷ
2896 622 3087 693 κόσμῳ
3102 624 3460 695 ἐϐλάστησαν,
3490 626 3569 678 Τὸ
3597 630 3671 696 γὰρ

2128 713 2339 783 μήτραν
2384 712 2472 765 καὶ
2539 712 2873 782 αἰσχρότητα
2917 712 3114 780 λέγειν,
3165 714 3260 767 καὶ
3288 714 3353 768 τὰ
3394 715 3550 776 ἄλλα,
3588 719 3670 779 πῶς

2122 801 2243 870 οὐχὶ
2274 800 2655 869 καταγέλαστα
2685 802 2876 870 φανείη
2910 804 3076 855 πᾶσιν
3089 804 3440 875 ,ἀνθρώποις,
3473 806 3669 876 Ἐλλητξ

2120 884 2179 941 τε
2208 893 2300 943 καὶ
2319 891 2634 961 βαρϐάροις,
2674 894 2857 958 σοφοῖς
2910 908 2968 943 τε
3009 894 3103 946 καὶ
3128 895 3409 965 ἀνοήτοις;
3439 896 3615 967 Πολλὴ
3632 900 3669 949 δὲ

2122 982 2375 1053 συμφορὰ
2425 983 2517 1034 καὶ
2546 980 2796 1051 μεγίστη,
2843 981 2919 1047 ὡς
2952 985 3147 1048 εἰπεῖν,
3189 983 3542 1056 ταλαιπωρία
3576 990 3670 1049 to";

2121 1072 2177 1123 ὲν
2202 1071 2541 1143 καταγνώσει
2592 1074 2688 1126 καὶ
2732 1076 2790 1127 ὲν
2840 1074 3017 1146 πλάνῃ
3056 1076 3393 1131 ἐπισείεσϐαι
3434 1080 3671 1149 aptus:

2120 1161 2383 1231 αἱρέσεων
2410 1163 2706 1234 ἀρχηγοὺς,
2763 1166 2857 1217 καὶ
2897 1166 3309 1232 ἐπανίστασθαι,
3344 1169 3538 1241 ὥσπερ
3563 1190 3665 1224 me

2118 1251 2291 1304 δάλων
2329 1252 2552 1324 πλῆθος,
2603 1255 2857 1325 ὀχλήσεις
2882 1273 2940 1309 τε
2975 1258 3067 1309 καὶ
3086 1258 3398 1328 δυσοδμίας,
3430 1266 3669 1332 κνισμοὺς

2120 1362 2175 1396 τε
2207 1347 2299 1398 καὶ
2334 1347 2656 1417 ὲπεντριϐὰς
2679 1350 2812 1418 ἡμῖν
2840 1350 3204 1419 ἐμποιοῦντας
3227 1351 3434 1421 διάτῆς
3469 1352 3568 1405 τοῦ
3598 1373 3669 1423 μυ-

2118 1435 2334 1490 θοποιοῦ
2363 1437 2587 1509 πλάνης.
2627 1436 2785 1493 Οὗτοι
2819 1440 2874 1493 δὲ
2898 1442 2947 1493 οί
2979 1442 3152 1512 τούτῳ
3178 1442 3257 1512 τῷ
3290 1443 3549 1514 Νικολάῳ
3578 1463 3671 1497 σνν-

2117 1520 2453 1597 εζευῖίμένοι,
2514 1528 2679 1581 πάλιν
2738 1530 2832 1582 ἀπ’
2866 1530 3032 1584 αὑτοῦ
3076 1532 3152 1594 ὼς
3191 1532 3300 1584 ἀπὸ
3346 1534 3538 1603 οὐρίου
3592 1536 3669 1587 «Eni

2115 1616 2292 1683 ὖφεως
2362 1616 2611 1686 σκορπίοι
2656 1618 2687 1686 ἦ
2739 1618 2796 1684 ἐξ
2844 1619 3086 1671 ἀσπίδων
3122 1624 3547 1691 γεγεννημέναι,
3582 1628 3672 1676 τινὰ

444 1706 593 1761 velut
618 1704 995 1768 subVentaneo
1033 1715 1304 1785 serpentis
1337 1729 1439 1768 ovo
1474 1713 1697 1783 scorpii,
1740 1714 1854 1768 sive
1880 1728 1929 1767 at

2185 1708 2249 1759 ιῖν
2279 1708 2707 1777 παρεισφέρουσι
2731 1710 3063 1777 κενοφωνίας
3081 1711 3342 1781 ὀνόματα,
3368 1714 3464 1766 καὶ
3484 1714 3670 1783 βίϐλους

436 1797 610 1854 dibus
664 1805 914 1871 prognati
962 1804 1209 1875 qumdam
1261 1805 1422 1859 nobis
1474 1803 1706 1857 inaniter
1764 1803 2015 1857 sonantia

454 1886 692 1951 .iomina,
726 1890 1005 1961 librosque
1035 1896 1329 1950 commenti
1369 1903 1536 1948 sunt:
1570 1894 1717 1948 velut
1748 1894 1890 1947 inter
1918 1908 2016 1947 cae-

452 1993 599 2036 teros
623 1997 785 2051 quem
811 1982 1029 2039 Noriam
1061 1982 1354 2054 appellant,
1387 1992 1551 2053 atque
1579 2000 1642 2038 ex
1679 1984 2017 2053 superstitio-

450 2074 529 2129 sis
560 2073 857 2128 Gentilium
903 2074 1255 2145 opinionibus
1287 2074 1647 2130 conformatis
1690 2075 1758 2128 ad
1805 2076 2016 2129 institu-

447 2172 563 2218 tum
594 2179 753 2219 suum
782 2166 941 2235 nugis
973 2167 1082 2221 illis
1107 2181 1170 2219 ac
1198 2166 1395 2221 fabulis
1421 2166 1640 2221 veritati
1667 2165 2010 2220 mendacium

446 2255 771 2312 admiscent.
803 2258 1017 2329 Quippe
1046 2256 1269 2311 Noriam
1308 2260 1470 2311 istam
1500 2256 1691 2313 Noemi
1726 2256 2011 2327 conjugem

444 2343 676 2400 faciunt.
717 2346 891 2412 Quam
941 2347 1145 2401 idcirco
1191 2346 1411 2401 Noriam
1462 2353 1678 2410 vocant,
1728 2354 1789 2401 ut
1827 2362 1949 2417 qua:
1981 2364 2011 2400 a

443 2435 738 2505 gentilibus
771 2438 1096 2492 concinnata
1140 2444 1269 2491 sunt
1307 2438 1556 2493 barbaris
1601 2437 1827 2493 vocibus
1860 2437 2014 2493 dissi-

443 2528 735 2592 mulantes,
763 2529 1158 2585 circumventis
1178 2545 1209 2584 a
1235 2544 1293 2584 se
1320 2528 1632 2584 hominibus
1653 2527 1867 2584 facilius
1890 2528 2012 2582 illu-

442 2618 574 2673 dant
600 2638 612 2674 :
647 2634 757 2689 quo
786 2619 1003 2689 quidem
1038 2629 1217 2690 pacto,
1248 2632 1304 2674 ut
1339 2618 1555 2691 Pyrrhae
1582 2620 1910 2678 vocabulqu
1935 2620 2014 2673 iu-

443 2709 798 2778 terpretando
844 2709 1154 2772 redderent,
1202 2708 1380 2764 Norize
1416 2710 1834 2780 appellationem
1876 2709 2013 2764 indi—

441 2804 656 2856 derunt.
685 2800 819 2855 Nam
850 2818 972 2858 cum
1010 2819 1151 2857 nura
1183 2802 1326 2872 apud
1364 2802 1618 2857 Hebraeos
1667 2804 1858 2873 ignem,
1900 2817 2009 2855 non

438 2892 531 2946 illa
571 2892 796 2963 quidem
834 2893 1135 2949 secretiore
1166 2894 1372 2963 lingua,
1406 2894 1502 2948 sed
1542 2893 1764 2964 Syriaca
1807 2894 2013 2962 signilio

438 2990 559 3047 cet;
590 2982 799 3037 Hebraei
826 2983 1095 3052 siquidem
1138 2984 1310 3054 ignem
1358 2984 1896 3045 esauth‘nominant,
1932 2985 2005 3038 illi

440 3088 552 3142 pra:
576 3073 794 3129 inscitia
814 3082 978 3144 atque
1000 3075 1271 3145 imperitia
1300 3089 1365 3129 eo
1392 3076 1655 3131 vocabulo
1678 3085 1806 3131 sunt
1831 3077 2005 3131 abusi.
2036 3056 2078 3114 θ

438 3166 606 3237 Atqui
634 3182 814 3238 neque
844 3165 1052 3237 Pyrrha
1094 3167 1185 3220 illa
1226 3164 1537 3221 Graecorum
1570 3168 1843 3221 celebrata
1878 3169 2009 3221 scri-

437 3258 567 3327 ptis,
602 3272 781 3327 neque
821 3257 892 3311 ab
925 3256 1036 3311 illis
1066 3253 1298 3315 conﬁcta
1342 3252 1528 3318 Neria,
1566 3254 1667 3310 sed
1702 3255 2007 3312 Barthenus

439 3347 631 3404 Noemi
667 3347 869 3418 conjux
904 3348 1026 3402 fuit.
1068 3346 1242 3402 Graeci
1274 3360 1402 3400 vero
1430 3344 1696 3415 Pyrrham
1731 3346 2009 3401 Deucalio~

438 3440 528 3494 nis
550 3454 776 3494 uxorem
807 3436 977 3493 fuisse
1004 3444 1329 3491 memorant.
1359 3434 1495 3490 Tum
1521 3451 1742 3490 causam
1771 3437 2004 3493 afferunt

438 3530 604 3584 iidem
634 3529 731 3595 illi,
762 3529 857 3599 qui
893 3526 1232 3582 Philistionis
1267 3526 1466 3582 mimos
1501 3526 1696 3581 iterum
1726 3528 1883 3584 nobis
1913 3531 2005 3583 ob-

441 3620 687 3676 trudunt.
736 3619 874 3676 Cum
913 3619 1080 3684 enim,
1126 3615 1403 3687 inquiunt,
1449 3616 1506 3670 in
1552 3632 1680 3671 arca
1723 3618 1833 3689 83
1882 3635 2003 3675 esse

511 3782 529 3812 ¹
571 3797 662 3852 γρ.
698 3778 986 3851 παρθένος.

432 3905 490 3953 et
510 3896 839 3969 exsecranda
870 3896 1054 3951 nescio
1070 3912 1197 3969 quae
1238 3895 1999 3969 ﬁgmenta,_v_elut_rnysteria,

435 3967 733 4028 traderent,
778 3965 1113 4029 Γνωστικούς
1150 3983 1210 4023 se
1257 3965 1322 4020 ab
1372 3966 1637 4034 exquisita
1693 3965 1787 4019 illa
1821 3981 2001 4020 rerqu

436 4037 825 4092 altissimarum
883 4038 1076 4090 notitia
1116 4036 1224 4090 dici
1256 4036 1563 4091 voluerunt.
1609 4036 1950 4104 Augustinus
1984 4052 1998 4090 :

437 4107 671 4161 Gnostici
698 4115 907 4173 propter
939 4107 1299 4160 excellentiam
1326 4106 1555 4160 scientice
1584 4107 1660 4159 sic
1688 4122 1742 4158 se
1772 4105 2004 4174 appella-

436 4187 517 4230 tos
543 4192 674 4242 esse,
702 4175 779 4228 vel
813 4176 1069 4243 appellari
1102 4176 1341 4229 debuisse
1371 4176 1687 4245 gloriantur.
1714 4175 1870 4244 Apud
1901 4176 2000 4229 So-

434 4256 663 4308 cratem,
700 4244 794 4299 lib.
840 4260 913 4309 Iv,
952 4260 1073 4314 cap.
1104 4246 1187 4307 l8,
1223 4244 1497 4314 alias'xﬁ',
1536 4246 1889 4313 eorrigendus
1920 4247 2002 4298 in-

433 4324 666 4397 terpres,
698 4319 790 4396 qui
824 4314 969 4397 quod
997 4315 1257 4397 Evagrius
1295 4316 1361 4397 de
1393 4315 1600 4397 insigni
1616 4314 1852 4397 quodam
1888 4324 2001 4369 mo?—
2035 4343 2078 4397 Β

430 4383 609 4439 nacho
631 4387 925 4454 scripserat
959 4385 1025 4438 ad
1054 4383 1274 4438 Illariam
1305 4385 1477 4437 lacum
1512 4383 1810 4444 habitante,
1835 4401 2003 4454 προσ-

430 4455 655 4538 οιὶιεῖβῖξ
680 4453 818 4538 αὐτῇ
850 4454 1206 4538 μοναχὸςμτῆς
1247 4453 1599 4538 παρεμϐολῆς
1631 4454 1737 4506 τῶν
1777 4453 2007 4538 Γνωστι-

429 4526 541 4579 κῶν
567 4526 595 4577 ὁ
627 4524 1025 4595 δοκιμώτατοςλ
1062 4526 1136 4579 ita
1184 4525 1380 4595 vertit:
1423 4524 1483 4577 In
1516 4524 1922 4595 ea_monachus_
1942 4542 2005 4578 e1:

410 4604 575 4649 -secta
626 4591 995 4648 Gnosticorum
1026 4596 1107 4649 vir
1142 4594 1558 4660 spectatissimus
1586 4593 1858 4647 habitavit.
1886 4591 2005 4648 Fal-

430 4664 581 4718 litur.
616 4663 798 4733 Neque
836 4666 979 4720 enim
1022 4681 1085 4719 ex
1120 4674 1228 4719 tam
1271 4666 1482 4733 impura
1526 4673 1674 4719 secta
1719 4663 2005 4719 laudabilis

433 4750 498 4787 ac
544 4737 745 4803 probus
793 4737 1060 4789 exsistere
1108 4734 1411 4787 monachus
1456 4734 1664 4803 potuit;
1714 4749 1890 4802 neque
1938 4733 2005 4787 de

430 4804 722 4859 virtutibus
747 4811 855 4857 tam
878 4805 1144 4872 exquisite
1165 4804 1464 4871 disputare.
1494 4804 1674 4872 Quare
1701 4804 2004 4866 Γνωστικός

432 4873 617 4927 eodem
644 4889 807 4928 sensu
829 4890 938 4943 quo
956 4871 1209 4929 Clemens
1230 4889 1363 4927 usus
1384 4881 1488 4935 est,
1514 4882 1567 4927 et
1584 4871 1846 4941 Evagrius
1866 4875 2000 4942 ipse,

435 4944 527 5011 qui
566 4943 758 4995 librum
792 4958 857 4997 eo
883 4947 1099 4998 nomine
1131 4945 1503 5013 inseripserat,
1532 4943 1879 5011 aceipiendus
1898 4952 2000 5006 est,

434 5027 627 5081 nempe
643 5014 671 5064 ὁ
704 5012 1056 5084 καταξιωθεὶς
1071 5012 1459 5084 τῆς-γνώσεως,
1488 5014 1683 5067 eximia
1702 5014 2003 5084 divinarum

432 5098 609 5135 rerum
638 5082 856 5135 scientia
870 5082 1143 5150 prwditus’.
1167 5082 1347 5137 Redeo
1366 5084 1432 5137 ad
1450 5084 1682 5138 hazresin
1710 5082 2001 5137 Gnostico-

432 5167 576 5214 rum,
620 5166 743 5221 quae
773 5166 891 5222 non
934 5168 1041 5206 una
1090 5154 1425 5222 simplexque
1467 5153 1588 5215 fuit,
1628 5153 1723 5208 sed
1763 5154 2000 5208 universi

432 5221 565 5293 fere,
590 5220 730 5293 quos
755 5220 1049 5293 fabulones
1081 5220 1420 5292 Augustinus
1448 5235 1605 5278 vocat
1636 5242 1649 5277 :
1688 5224 1910 5293 Quique,
1943 5234 2002 5276 ut

432 5290 575 5345 idem
608 5290 705 5353 ait,
737 5291 950 5363 fabulas
980 5290 1390 5362 vanas,'easque
1428 5293 1611 5363 longas
1640 5303 1691 5346 et
1728 5290 2000 5362 perplexas

429 5368 808 5432 contexuerunt
834 5401 847 5426 ,
884 5360 1268 5416 Gnosticorum
1299 5360 1655 5432 appellatione
1684 5360 1996 5419 censentur.

429 5430 787 5500 Epiphanius.
820 5431 961 5485 infra
1007 5432 1138 5486 haar.
1196 5430 1347 5485 uxr
1372 5430 1474 5488 sub
1526 5433 1770 5497 initium,
1813 5434 1999 5487 decem

428 5499 812 5555 Gudstieorum
855 5517 1052 5571 genera
1089 5504 1238 5564 facit,
1291 5518 1321 5555 a
1370 5503 1591 5559 totidem
1634 5504 1847 5557 illorum
1876 5519 2002 5572 pro-

425 5578 618 5643 pagata
641 5572 893 5633 ducibus,
918 5588 1057 5642 quos
1087 5574 1284 5642 partim
1321 5576 1508 5627 eodem
1530 5642 1535 5643 γ
1557 5574 1650 5626 illo
1698 5574 1837 5635 loco,
1878 5590 2001 5643 par—

428 5642 525 5695 tim
544 5642 739 5697 haeresi
766 5656 937 5710 xxvn,
972 5660 1027 5699 ιι.
1075 5645 1127 5712 1,
1164 5653 1466 5715 percenset.
1519 5642 1661 5697 Sunt
1705 5642 1891 5698 autem
1918 5645 1996 5712 hi,

2120 1797 2433 1862 πλάττουσι,
2494 1799 2715 1869 Νωρίαν
2744 1799 2866 1853 τινὰ
2910 1801 3091 1870 βίϐλον
3128 1802 3437 1867 καλοῦντες,
3490 1806 3589 1858 καί
3631 1808 3672 1870 ἐξ

2118 1888 2371 1952 ὑπονοίας
2411 1889 2729 1960 Ἑλληνικῆς
2787 1893 3209 1964 δεισιδαιμονίας
3276 1898 3673 1965 μεταποιοῦντις

2114 1981 2215 2051 τὴν
2239 1984 2368 2052 παρ’
2396 1982 2581 2043 αὐτοῖς
2625 1985 2738 2045 τοῖς
2771 1983 2996 2054 Ἕλλησι
3031 1982 3248 2055 μυθώδη
3300 1985 3581 2054 ῥαψῳδίαν
3602 1990 3673 2038 καὶ

2117 2074 2438 2141 φαντασίαν,
2500 2074 2641 2126 οὓτω
2686 2073 2745 2126 τὸ
2786 2073 2979 2143 ψεῦδος
3034 2077 3102 2145 τῇ
3146 2075 3374 2146 ἀληθείᾳ
3411 2078 3671 2148 παραπλέο

2115 2181 2290 2218 κουσι.
2326 2165 2542 2233 Ταύτην
2574 2164 2682 2234 γάρ
2737 2181 2870 2232 φασι
2903 2165 3001 2234 τὴν
3033 2165 3253 2235 Νωρίαν
3287 2163 3426 2219 εἶναι
3456 2166 3553 2218 τοῦ

2113 2257 2366 2323 γυναῖκα.
2398 2254 2635 2307 Καλοῦσι
2680 2255 2736 2307 δὲ
2769 2254 3010 2325 Νωρίαν,
3063 2255 3209 2318 ὅπως
3252 2256 3319 2308 τὰ
3368 2255 3674 2325 Ἑλληνικῶς

2116 2346 2267 2417 παρά
2305 2349 2417 2408 τοῖς
2466 2346 2690 2415 Ἕλλησι
2733 2345 3120 2417 ῥαψῳδηθέντα
3153 2346 3307 2399 αὐτοὶ
3332 2345 3669 2417 βαρϐαρικοῖς

2113 2436 2338 2505 ὀνόμασι
2389 2439 2874 2507 μεταποιήσαντες,
2950 2439 3063 2500 τοῖς
3120 2439 3500 2509 ὴπατημένοις
3568 2440 3673 2506 παρ’

2113 2528 2291 2580 αὐτῶν
2326 2527 2624 2596 φαντασίαν
2658 2528 3018 2598 ἐργάσωνται,
3037 2528 3125 2581 ἵνα
3150 2529 3215 2599 δὴ
3244 2529 3368 2582 καθ’
3397 2530 3672 2600 ἑρμηνείαν

2113 2620 2380 2689 ποιήσωσι
2405 2620 2465 2672 τὸ
2510 2620 2610 2688 τῆς
2643 2619 2863 2691 Πύρρας
2892 2619 3087 2690 ὄνομα,
3120 2620 3347 2690 Νωρίαν
3384 2620 3549 2673 τοῦτο
3576 2622 3671 2671 ὀνία-

2115 2709 2394 2780 μάζοντες.
2473 2709 2690 2780 Ἐπειδὴ
2740 2709 2849 2780 γὰρ
2897 2709 3069 2781 νουρὰ
3106 2709 3216 2780 (69)
3250 2712 3307 2765 ὲν
3349 2714 3417 2781 τῇ
3452 2710 3673 2782 Ἐϐραὶε.

2110 2798 2228 2866 πῦρ
2279 2800 2338 2852 οὐ
2403 2799 2545 2853 κατά
2585 2801 2682 2871 τὴν
2719 2799 2938 2869 βαθεῖαν
2998 2801 3246 2869 γλῶσσαν
3306 2801 3673 2871 ἑρμηνεύεται,

2110 2890 2246 2943 ἀλλά
2303 2891 2397 2945 καὶ
2452 2892 2691 2961 Συριακῇ
2754 2891 3048 2960 διαλέκτῳο
3099 2892 3273 2964 ἡσαὺθ
3318 2893 3429 2964 γάρ
3472 2896 3533 2946 τὸ
3572 2895 3673 2959 κῐτιο

2111 2981 2261 3052 παρὰ
2300 2980 2565 3051 Ἑϐραίοις
2592 2982 2855 3046 καλεῖται,
2886 2985 2947 3036 οὐ
2986 2982 3126 3053 (69')
3158 2982 3298 3036 κατά
3333 2984 3435 3053 τὴν
3472 2984 3673 3052 βαθεὶγ

2112 3071 2391 3140 γλῶσσαν·
2448 3072 2636 3125 τούτου
2693 3074 2853 3143 χάριν
2928 3076 3109 3139 αὐτοῖς
3174 3076 3493 3147 συμϐέϐηκε
3554 3080 3675 3128 κατὰ

2113 3164 2333 3231 ἄγνοιαν
2369 3163 2462 3216 καὶ
2522 3165 2778 3234 ἀπειρίαν
2800 3164 2875 3235 τῷ
2900 3166 3123 3235 ὀνόματι
3158 3166 3333 3236 τούτῳ
3364 3168 3673 3237 κεχρῆςῧει.

2113 3252 2250 3307 Οὔτε
2283 3252 2392 3323 γὰρ
2430 3253 2621 3325 Πύρρα
2666 3258 2699 3326 ἡ
2734 3256 2862 3326 παρ’
2904 3255 3180 3325 Ἕλλησιν,
3233 3255 3359 3309 οὔτε
3409 3256 3601 3326 Νωρία
3650 3260 3673 3321 ᾖ

2113 3344 2265 3414 παρὰ.
2290 3344 2501 3408 τούτοις
2540 3345 2902 3417 μυθευομένη,
2932 3346 3069 3400 ἀλλά
3096 3346 3379 3418 Βαρθενὼς
3412 3348 3430 3377 ⁸
3454 3346 3532 3417 τῷ
3568 3348 3671 3399 Νῶε

2111 3435 2300 3503 γέγονε
2320 3438 2480 3507 γυνή.
2520 3429 2629 3490 Καί
2664 3438 2715 3489 οἱ
2742 3438 3004 3509 Ἕλληνες
3039 3440 3147 3508 γάρ
3180 3456 3315 3509 φασι
3354 3440 3453 3509 τὴν
3477 3442 3663 3492 Λευίς,

2111 3528 2298 3591 λίωνος
2326 3532 2557 3598 γυναῖκα
2603 3530 2822 3602 Πύρραν
2871 3532 3171 3586 καλεῖσθαι.
3209 3527 3342 3584 Εἶτα
3385 3533 3484 3602 τὴν
3508 3534 3671 3584 αἰτίαι

2111 3621 2452 3676 ὑποτίθενται
2487 3615 2632 3678 οὗτοι
2688 3626 2737 3676 ol
2791 3622 2859 3677 τὰ
2898 3623 2995 3678 τοῦ
3022 3625 3369 3689 Φιλιστίωνος
3413 3627 3525 3696 (70)
3558 3628 3673 3695 ἡμὶν

2111 3893 2320 3957 Simon,
2369 3892 2680 3958 Menander,
2716 3892 3046 3959 Saturnilus,
3086 3892 3370 3955 Basilides.
3406 3891 3670 3955 Nicolaus.

2105 3966 2483 4032 Carpocrates,
2518 3963 2857 4029 Valentinus,
2888 3964 3238 4026 Colorbasus,
3272 3963 3597 4020 Ptolemzeus
3627 3980 3676 4019 et

2108 4031 2413 4088 Secundus.
2455 4033 2705 4089 Clemens
2749 4036 3168 4094 Alexandrinus,
3217 4034 3311 4088 lib.
3348 4048 3407 4088 Ill
3452 4034 3671 4091 Strom.

2105 4104 2255 4175 addit
2279 4111 2332 4158 et
2358 4101 2669 4175 Prodicum.
2707 4102 2905 4158 Verum
2936 4113 3090 4175 certa
3126 4106 3373 4173 quaedam
3424 4120 3483 4158 ac
3517 4122 3673 4175 ρεειιο

2103 4174 2258 4226 liaris
2288 4181 2433 4227 secta
2464 4174 2582 4237 fuit,
2608 4188 2728 4243 qua:
2766 4175 2869 4228 sibi
2905 4174 3289 4230 Gnosticorum
3333 4174 3533 4228 nomen
3567 4191 3673 4243 pr:

2104 4243 2314 4297 caeteris
2356 4244 2684 4307 vindicavit;
2732 4243 2799 4297 de
2846 4246 3044 4313 quibus
3094 4246 3194 4297 hoc
3239 4245 3294 4296 in
3343 4246 3515 4313 capite
3564 4258 3672 4311 agn

2105 4313 2437 4382 Epiphanius
2463 4352 2476 4375 ,
2508 4320 2570 4383 et
2598 4315 2687 4366 alii
2730 4316 2822 4383 qui
2862 4315 2929 4368 de
2963 4314 3264 4368 hieresibus
3314 4318 3672 4383 scripserunt.

2106 4381 2162 4454 in
2203 4381 2501 4454 primisque
2531 4381 2947 4449 Tertullianum,
2980 4385 3070 4454 qui
3102 4381 3450 4454 Scorpiacuui
3486 4395 3671 4437 contra

2106 4453 2393 4523 Gnosticos
2418 4453 2827 4523 ediditzquam
2871 4452 3087 4523 quidem
3133 4454 3365 4507 hacresin
3412 4452 3667 4522 Hierony-

2106 4539 2228 4578 mus
2276 4521 2474 4576 Contra
2509 4521 2863 4592 Vigilantiam
2891 4521 3151 4578 scribens
3199 4524 3457 4592 Cajanam
3492 4521 3669 4577 vocat.

2176 4592 2287 4663 (69)
2335 4591 2730 4663 'Exetdirqﬁp
2774 4592 2979 4661 νουρά.
3022 4600 3152 4663 N111:
3207 4595 3451 4646 Aratum
3491 4594 3670 4661 lingua

2103 4662 2273 4732 ignem
2308 4663 2598 4732 signiﬁcat.
2633 4662 2787 4727 Quod
2828 4672 3007 4717 autem
3052 4662 3259 4717 Judaais
3292 4671 3416 4732 post
3433 4666 3667 4786 τερατι-

2106 4742 2270 4786 tatem
2304 4732 2595 4786 familiaris
2626 4748 2690 4786 ae
2718 4734 2999 4786 nonularis
3027 4734 3211 4786 lineua
3244 4732 3466 4786 Svriaca
3508 4746 3627 4785 oret
3660 4752 3667 4783 :

2106 4742 2270 4788 tatem
2304 4732 2595 4786 familiaris
2626 4748 2690 4786 ae
2718 4734 2999 4803 popularis
3027 4734 3211 4803 lingua
3244 4732 3466 4803 Syriaca
3492 4732 3627 4803 foret
3660 4752 3667 4783 :

2103 4816 2226 4901 ideo
2252 4823 2379 4901 nota
2407 4830 2513 4901 non
2534 4799 2950 4901 βαθείαιίιιειιιι,
2973 4832 3096 4901 quae
3113 4799 3178 4870 vet
3216 4799 3575 4901 ειπὴεῆψὲ
3592 4816 3671 4868 ὡς

2103 4887 2266 4947 citur,
2283 4886 2376 4939 sed
2403 4886 2675 4938 communi
2700 4886 2765 4937 ac
2780 4888 2985 4955 vulgari
3007 4889 3146 4940 idem
3167 4901 3291 4940 esse
3308 4886 3466 4954 quod'
3492 4887 3667 4953 ignem

2107 4957 2325 5027 asserit.
2377 4956 2606 5027 Βαθεῖαν
2652 4963 2831 5027 autem
2884 4958 3120 5027 linguam
3163 4956 3498 5027 alltideusad
3534 4956 3671 5007 L‘ze.

2103 5026 2295 5080 chielis
2328 5027 2506 5078 locum
2537 5025 2695 5088 dixit,
2733 5026 2825 5094 qui
2857 5034 2940 5080 est
2971 5025 3099 5095 cap.
3152 5042 3235 5088 ιιι,
3269 5026 3303 5080 5
3334 5043 3348 5079 :
3386 5025 3494 5077 Non
3522 5027 3667 5077 exitu

2105 5097 2174 5149 ad
2220 5096 2472 5165 populum
2516 5096 2769 5164 profundi
2807 5098 3064 5149 sermonis
3094 5104 3141 5149 et
3178 5098 3373 5165 ignaue
3402 5098 3583 5164 lingu:
3620 5112 3669 5143 ιιι

2103 5167 2350 5220 mitteris.
2388 5164 2651 5236 Hebraica
2689 5166 2871 5235 lingua
2900 5176 2994 5224 um
3025 5164 3503 5236 ignemi’signiﬁcat,
3525 5167 3673 5215 Ara-

2102 5252 2237 5290 ma:a
2286 5246 2490 5306 enim,
2522 5235 2635 5299 Qua
2678 5233 2814 5289 voce
2865 5233 3113 5306 ignem'a
3166 5233 3373 5306 Noejuo
3420 5244 3669 5306 “iratum

2102 5306 2337 5361 Berosus
2363 5305 2619 5375 prodidit.
2643 5306 2820 5375 Atque
2842 5304 2968 5362 inde
2988 5306 3241 5372 fortassis
3263 5305 3429 5359 Grmci
3458 5304 3671 5365 Ἐπέσς

2101 5377 2365 5446 originem
2396 5375 2760 5430 deduxerunt.

2172 5444 2309 5513 (δυ’)
2349 5447 2423 5513 Οὐ
2454 5446 2594 5500 forte
2623 5445 2931 5501 delendum.
2965 5445 3122 5500 Enn.
3154 5444 3393 5499 ΡΑτιιοι.

2171 5510 2285 5589 (ῖο)
2305 5511 2477 5589 Οὗτοι
2502 5516 2573 5569 τὰ
2601 5516 2707 5569 τοῦ
2731 5518 3140 5589 Φιλισῖίωνος.
3171 5516 3390 5589 Hieron.
3422 5510 3572 5589 Apof:
3604 5528 3667 5565 ιν.

2101 5582 2241 5640 cont.
2264 5582 2385 5655 Ruf.
2409 5585 2642 5656 thuasi
2658 5589 2875 5640 mimum
2890 5586 3249 5647 Philistionis,
3272 5588 3349 5639 vel
3364 5582 3585 5639 lentati.
3610 5600 3673 5629 ei;

2101 5657 2326 5712 Marulli
2363 5657 2630 5723 stropham
2677 5658 2901 5728 eleganti
2946 5673 3185 5711 sermone
3225 5659 3496 5725 conﬁctam,
3548 5659 3669 5707 etc.
