3760 6176
95 223 187 278 553

677 219 1047 277 ADVERSUS
1078 221 1419 278 HZERESES
1457 220 1566 275 LIB
1604 221 1641 275 Ι.

1809 219 1847 273 Ι.
1888 220 1951 275 ΙΙ.
1978 252 2042 263 -
2088 223 2360 278 ΙΙᾹΕΒΕΞ.
2392 221 2579 277 ΧΧἭ.

3232 224 3337 282 ειδι

92 335 236 402 αὖθις
260 336 710 410 προβφερόμενοι.
742 341 848 405 ὅτι,
882 340 1139 405 πολλάκις
1173 341 1470 413 βουλομένῃ
1518 342 1644 412 μετὰ

1809 357 1883 394 nu
1906 340 2115 411 Roemo
2135 351 2380 413 cuperet,
2408 356 2691 412 nunquam
2718 341 2770 396 id
2794 340 3196 413 ei'permissum
3220 353 3332 410 est;

91 429 177 483 τοῦ
230 429 352 483 Νῶε
405 431 464 482 ὲν
494 432 561 501 τῇ
618 430 837 501 κιϐωτῷ
864 432 1139 499 γενέσθαι,
1165 433 1225 485 οὐ
1272 435 1649 505 συνεχωρεῖτο,

92 522 174 575 τοῦ
201 521 478 593 ἄρχοντος,
516 522 670 591 φασὶ,
702 522 796 576 τοῦ
834 523 927 577 τὸν
961 524 1165 593 κόσμον
1207 524 1491 587 κτίσαντος
1527 523 1651 593 βου-

92 611 304 681 λομένου
344 612 511 683 αὐτὴν
542 611 806 667 ἀπολέσαι
857 613 955 666 σὺν
1007 616 1117 676 τοῖς
1145 612 1324 677 ἄλλοις
1358 614 1560 667 ἅπασιν
1595 617 1653 667 ὲν

90 704 156 774 τῷ
213 702 602 774 κατακλυσμῷ.
650 704 828 775 Αὐτὴν
871 705 930 758 δέ.
967 722 1128 774 φασιν
1161 705 1567 771 ἐπικαθιζάνειν
1597 709 1653 760 ἐν

88 797 144 863 τῇ
174 793 424 865 λάρνακι,
458 796 551 849 καὶ
568 796 851 866 ὲμπιπρᾷν
881 796 1049 867 αὐτὴν
1080 796 1176 867 οὐχ
1196 796 1364 861 ἅπαξ,
1394 797 1516 851 οὐδὲ
1549 797 1650 863 δὶς,

88 881 214 935 ἀλλὰ
254 883 531 946 πολλάκις,
580 884 674 936 καὶ
708 884 943 955 πρῶτον,
975 885 1069 938 καὶ
1099 884 1369 957 δεύτερον,
1414 886 1509 958 καί
1538 885 1655 957 τρί-

88 994 189 1030 τον.
226 975 387 1029 Ὅθεν
433 976 499 1047 δὴ
548 976 628 1039 είς
656 976 750 1044 ἔτη
776 976 947 1031 πολλὰ
985 977 1248 1046 ἐλήλακεν
1289 978 1323 1048 ἡ
1356 977 1456 1047 τῆς
1487 977 1652 1031 αὑτοῦ

87 1068 169 1121 τοῦ
197 1068 321 1122 Νῶε
353 1067 619 1139 λάρνακος
647 1069 978 1137 κατασκευὴ.
1008 1068 1095 1121 διὰ
1121 1068 1181 1121 τὸ
1207 1068 1464 1133 πολλάκις
1485 1070 1653 1141 αὐτὴν

86 1161 168 1213 ὑπ’
227 1159 398 1229 αὐτῆς
449 1159 858 1230 ἐμπεπρῆσθαι.
893 1155 1001 1212 Ἦν
1052 1159 1181 1231 γὰρ,
1240 1161 1424 1229 φασὶν,
1467 1163 1495 1215 ὁ
1531 1161 1653 1214 Νῶε

86 1251 400 1322 πειθόμενος
429 1249 506 1321 τῷ
542 1250 795 1321 ἄρχοντι·
833 1253 866 1322 ἠ
907 1249 962 1305 δὲ
996 1252 1185 1323 Νωρία
1214 1252 1533 1322 άπεκάλυψε
1555 1252 1654 1317 τάς

85 1344 187 1397 ἄνω
234 1343 491 1413 δυνάμεις
529 1344 623 1397 καὶ
655 1343 752 1414 τὴν
788 1339 905 1396 ’ἀπὸ
942 1341 1049 1396 τῶν
1077 1343 1357 1413 δυνάμεων
1388 1344 1655 1416 Βαρϐηλὼ

85 1436 172 1507 τὴν
188 1434 513 1489 ὑπεναντίαν
535 1435 613 1505 τῷ
638 1434 878 1505 ἄρχοντι,
897 1434 971 1497 ὡς
993 1434 1087 1487 καὶ
1115 1435 1170 1487 at
1195 1434 1349 1487 ἄλλαι
1374 1434 1649 1506 δυνάμεις·

85 1528 170 1579 καὶ⁵
203 1527 518 1596 ὑπέφαινεν,
542 1525 708 1596 ὁτιδὴ
739 1528 751 1556 ¹
775 1526 843 1579 τὰ
867 1526 1167 1597 συληθέντα
1192 1525 1300 1579 άπὸ
1319 1525 1421 1596 τῆς
1448 1528 1654 1583 ἄνωθεν

84 1617 283 1688 μητρὸς
310 1616 401 1670 διὰ
423 1614 515 1669 τοῦ
539 1617 794 1688 ἄρχοντος
817 1615 910 1669 τοῦ
928 1616 1017 1669 τὸν
1044 1616 1248 1687 κόσμον
1271 1617 1651 1688 πεποιηκότος,

1756 432 1900 500 quod
1933 448 2054 486 eam
2096 434 2352 504 princeps
2384 434 2574 487 mundi
2604 432 2854 488 conditor
2881 449 2989 487 una
3029 450 3152 489 cum
3183 444 3338 491 autc-

1756 525 1832 579 ris
1882 526 2142 580 omnibus
2191 526 2402 581 diluvio
2436 526 2599 580 vellet
2642 526 3012 596 exstinguere.
3053 525 3192 597 Ergo
3224 528 3337 582 luce

1758 617 2004 672 insidens
2030 632 2173 672 arcae
2216 632 2326 672 non
2371 619 2540 674 semel
2581 634 2645 673 ae
2684 618 2947 681 secundo,
2987 619 3080 673 sed
3114 620 3335 690 saepius,

1756 708 2002 778 adeoque
2032 709 2197 762 tertio
2248 708 2397 762 illam
2449 709 2713 763 incendit.
2747 708 2867 775 Quo
2902 709 3105 764 factum
3137 719 3241 775 est,
3276 718 3337 764 ut

1756 798 1821 852 ad
1853 800 2164 869 complures
2204 815 2377 854 annos
2409 815 2438 854 a
2478 799 2685 866 Noemo
2727 801 2842 854 lia'c
2874 816 3015 856 arcze
3057 810 3335 856 structura

1754 902 2045 961 prorogata
2080 891 2265 955 fuerit,
2312 907 2437 945 cum
2466 893 2536 945 ab
2565 893 2656 946 illa
2700 894 2901 964 saepius
2939 902 3086 949 esset
3116 900 3331 949 exusta.

1758 984 2037 1055 Siquidem
2073 985 2311 1041 Noemus
2340 987 2576 1057 principi
2609 1002 2667 1043 se
2697 989 3088 1058 obsequentem
3116 996 3338 1057 prmsta-

1755 1078 1878 1142 bat;
1899 1076 2064 1131 Noria
2090 1094 2220 1133 vero
2246 1093 2476 1144 superas
2503 1079 2753 1144 virtutes,
2773 1091 2827 1135 et
2852 1082 2918 1134 ab
2941 1081 3007 1135 iis
3032 1080 3333 1151 profectam

1755 1168 2116 1224 Barhelonem
2170 1172 2407 1241 principi
2457 1174 2789 1227 contrariam
2834 1174 3118 1237 indicavit,
3153 1190 3338 1243 quem-

1756 1262 2049 1318 admodum
2079 1270 2133 1318 et
2169 1264 2290 1319 aliae
2330 1263 2508 1319 fecere
2537 1264 2772 1319 virtutes
2801 1284 2813 1318 :
2842 1273 3007 1334 atque
3032 1264 3167 1318 illud
3200 1280 3337 1335 pra:-

1757 1361 1903 1409 terea
1950 1355 2184 1412 docuit:
2237 1363 2492 1426 oportere
2543 1371 2663 1426 qua:
2714 1371 2984 1426 snprema:
3037 1355 3259 1410 Parenti
3303 1370 3334 1409 a

1757 1445 2043 1501 conditore
2076 1447 2266 1501 mundi
2298 1447 2571 1518 principe,
2607 1463 2671 1503 ae
2712 1448 2936 1517 reliquis
2963 1449 3054 1518 qui
3101 1463 3225 1501 cum
3268 1462 3335 1503 eo

1758 1542 1888 1589 sum
1920 1535 2025 1590 diis
2060 1546 2222 1607 atque
2252 1539 2483 1608 angelis,
2513 1547 2567 1593 et
2602 1539 2943 1598 daemonibus
2972 1548 3157 1610 erepta
3183 1546 3331 1606 sunt,

1758 1644 1823 1681 cx
1861 1628 2024 1682 insita
2056 1645 2351 1699 corporum
2402 1632 2451 1684 vi
2499 1647 2597 1701 per
2642 1634 2877 1686 marium
2914 1646 2977 1687 ac
3005 1632 3331 1689 feminarum

84 1711 171 1765 καὶ
203 1710 315 1764 τῶν
336 1709 512 1766 ἄλλων
559 1710 667 1763 τῶν
704 1710 799 1763 σὺν
831 1709 979 1780 αὐτῷ
1005 1709 1143 1762 θεῶν
1173 1726 1232 1763 τε
1281 1710 1376 1763 καὶ
1408 1711 1655 1779 ἀγγέλων
1687 1704 1728 1758 Β
1759 1719 2020 1784 ρι-οιιηγίη
2045 1720 2318 1789 colligere.

82 1804 170 1858 καὶ
226 1803 500 1874 δαιμόνων
565 1803 836 1873 συλλέγειν
892 1803 1000 1858 άπὸ
1044 1803 1143 1874 τῆς
1192 1804 1250 1857 ὲν
1321 1805 1434 1867 τοῖς
1493 1805 1705 1875 σώμασι
1739 1812 2018 1883 δυνάμεως
2059 1813 2147 1867 διά
2194 1813 2293 1883 τῆς
2337 1816 2636 1887 ἀπορροίας
2694 1816 2936 1888 ἁρῤένων
2967 1833 3026 1869 τε
3069 1816 3163 1869 καὶ
3230 1814 3331 1886 θη.

83 1912 252 1948 Αειων.

142 2009 218 2061 B'.
263 2008 377 2061 Kal.
435 2007 620 2071 ἁπλῶς
650 2005 934 2078 περικακῶ
974 2006 1076 2077 τὴν
1103 2008 1284 2061 πᾶσαν
1310 2009 1514 2061 τούτων
1557 2008 1650 2060 τοῦ

84 2099 302 2161 σκότους
348 2099 595 2169 πήρωσιν
643 2096 1028 2151 ὑποδεικνύων.
1096 2097 1273 2151 Πολὺν
1317 2098 1427 2169 γὰρ
1463 2098 1651 2170 χρόνον

80 2187 419 2258 ἀναλώσαιμι
464 2188 552 2251 ἂν,
584 2189 632 2239 εί
664 2184 917 2241 ὲνταῦθεν
953 2187 1055 2257 τὴν
1084 2189 1212 2261 περὶ
1267 2189 1472 2242 τούτων
1501 2206 1652 2257 γενο-

82 2280 249 2350 μένην
308 2280 559 2343 σύνταξιν
618 2278 861 2349 ἐθελήσω
914 2279 1331 2350 λεπτολογῆσαι,
1361 2281 1430 2334 τὰ
1473 2280 1652 2334 ἄτοπα

78 2372 253 2427 αὐτῶν
310 2373 410 2442 τῆς
457 2370 806 2442 ψευδωνύμου
859 2371 1112 2440 γνώσεως
1176 2372 1479 2444 διδάγματα
1528 2372 1647 2426 καθ’

75 2467 312 2536 ἑκάστην
348 2464 741 2535 ὑφηγούμενος.
776 2462 960 2515 Ἀλλοι
980 2462 1036 2516 δὲ
1064 2462 1125 2528 ἐξ
1155 2464 1354 2530 αὐτῶν,
1380 2462 1649 2536 διαφόρως

78 2557 237 2611 πάλιν
268 2554 728 2626 ὲπεντρισόμενοι,
762 2554 860 2617 τάς
892 2571 951 2607 τε
978 2554 1127 2623 ὄψεις
1163 2552 1343 2608 αὐτῶν
1374 2555 1393 2585 ²
1426 2554 1648 2626 κρούον-

74 2667 178 2714 τες,
214 2648 312 2701 καὶ
328 2647 816 2718 λπερικρουόμενον,
856 2644 1181 2715 Βαρκαὸϐᾶν
1212 2662 1335 2699 τινα
1362 2646 1648 2716 προφήτην

74 2739 517 2811 παρεισάγουσιν,
572 2737 720 2803 ἄξιον
772 2735 867 2789 τοῦ
917 2735 1097 2790 αὐτῶν
1138 2736 1419 2806 ὀνόματος.
1449 2736 1648 2790 Καϐὅᾶ

72 2834 175 2903 γὰρ
211 2832 579 2904 ἑρμηνεύεται
637 2829 751 2901 (7!)
785 2828 1031 2897 πορνεία
1074 2827 1216 2882 κατὰ
1252 2829 1351 2900 τὴν
1375 2829 1649 2900 Συριακὴν

71 2925 371 2988 διάλεκτον,
403 2923 765 2993 φονοκτογια
795 2922 854 2976 δὲ
893 2922 1033 2976 κατὰ
1058 2923 1158 2993 τὴν
1185 2920 1501 2993 Ἐϐραῖκήν.
1536 2923 1648 2976 Kal.

1823 2006 1887 2061 ll.
1918 2008 2118 2079 Atque,
2152 2018 2210 2065 ut
2232 2027 2340 2067 uno
2367 2014 2535 2069 verbo
2570 2013 2769 2081 dicam,
2804 2015 2951 2086 piget
2985 2032 3072 2073 me
3101 2033 3322 2083 omnem

1751 2095 1969 2151 illorum
2039 2100 2308 2158 caecitatis
2371 2105 2660 2175 caliginem
2726 2106 2981 2163 oratione
3049 2096 3330 2182 persequi.

1754 2188 1984 2244 Multum
2015 2193 2160 2247 enim
2194 2194 2584 2251 insumendum
2607 2200 2712 2253 erit
2734 2201 3020 2270 temporis,
3048 2204 3094 2259 si
3122 2205 3332 2263 univer-

1751 2294 1871 2335 sam
1911 2282 2107 2338 horum
2143 2284 2526 2356 ﬁgmentorum
2568 2290 2636 2347 ab
2684 2291 2791 2347 illis
2832 2294 3217 2354 concinnatam
3251 2315 3331 2355 se-

1756 2370 1891 2426 riem
1913 2372 2017 2428 hoe
2042 2375 2164 2429 loco
2191 2376 2507 2448 diligentius
2529 2380 2807 2450 explicare
2831 2384 3085 2451 voluero,
3109 2396 3164 2443 et
3186 2405 3329 2445 com-

1757 2464 2021 2519 mentitiae
2052 2465 2270 2520 illorum
2306 2469 2636 2539 cognitionis
2680 2472 2917 2529 absurda
2969 2476 3225 2548 dogmata
3262 2483 3332 2538 si-

1755 2553 1982 2623 g‘llatim
2040 2570 2367 2627 proponere.
2416 2560 2522 2614 Alii
2570 2577 2734 2632 porro
2781 2565 2931 2622 varie
2989 2568 3059 2622 ab
3108 2570 3217 2625 illis
3260 2574 3330 2629 ad

1753 2656 2098 2702 communem
2131 2650 2429 2719 perniciem
2460 2656 2661 2721 exorti,
2699 2662 2753 2715 et
2793 2657 3329 2720 intuentiumoculis

1755 2737 2047 2808 prastigiis
2094 2740 2409 2808 illudentes,
2449 2753 2504 2799 et
2552 2745 2771 2816 ipsimet
2817 2748 2966 2806 illusi
3007 2750 3328 2810 Barcabban

1753 2828 1941 2882 nescio
1974 2844 2135 2899 quem
2165 2831 2486 2903 prophetam
2518 2838 2804 2906 objiciunt,
2838 2856 2937 2897 sua
2970 2844 3063 2900 illa
3096 2849 3326 2918 appella-

1752 2919 1902 2976 tione
1939 2922 2187 2992 dignum.
2217 2923 2402 2981 Cabba
2431 2929 2576 2982 enim
2615 2929 2839 3001 Syriaca
2862 2934 3048 3006 lingua
3084 2948 3326 3008 stuprum

71 3019 229 3072 πάλιν
240 3016 601 3089 ἑρμηνεύεται
618 3015 867 3083 τετάρτη
878 3016 1056 3084 μοῖρα
1070 3014 1164 3068 τοῦ
1193 3014 1415 3086 μέτρου.
1436 3013 1644 3085 Χλεύης

1809 3011 2057 3081 gniﬁcat;
2100 3013 2366 3072 llebraice
2424 3020 2795 3083 parricidium.
2833 3022 2940 3081 Sed
2976 3035 3030 3082 et
3069 3045 3327 3087 mensura:

70 3110 124 3163 δὲ
152 3109 247 3162 καὶ
273 3108 510 3177 γέλωτος
546 3107 608 3161 τὸ
652 3106 911 3171 τοιοῦτον,
955 3105 1154 3177 μᾶλλον
1189 3106 1246 3159 δὲ
1289 3106 1647 3177 σχετλιασμοῦ

70 3203 214 3266 ἀξιον
240 3201 399 3271 παρὰ
442 3202 556 3263 τοῖς
603 3198 665 3253 τὸ
700 3200 870 3270 ὄνομα
902 3199 1061 3253 τοῦτο
1090 3199 1474 3269 ἐπισταμένοις
1508 3198 1650 3253 κατὰ

69 3294 164 3358 τὰς
229 3294 370 3356 ἰδίας
418 3291 690 3361 γλώσσας.
721 3290 949 3362 Φέρουσι
993 3289 1051 3343 δὲ
1084 3291 1218 3360 ἡμῖν
1242 3290 1307 3343 ὲκ
1333 3288 1523 3343 τούτου
1552 3288 1646 3342 τοῦ

69 3386 524 3459 θαυμασιωτάτου
566 3386 845 3457 προφήτου
895 3384 1142 3455 διήγησιν
1196 3383 1458 3453 αἰσχρὰν,
1500 3383 1649 3446 ὅπως

70 3479 417 3553 φθοριμαίοις
451 3476 666 3549 σώμασι
713 3474 1011 3547 πλησιάσαι
1054 3473 1386 3544 πεισθῶμεν,
1418 3474 1511 3527 καὶ
1550 3472 1649 3545 τῆς

65 3570 271 3626 ἄνωθεν
294 3569 508 3631 ἐλπίδος
533 3567 874 3637 ἐκπέσωμεν,
905 3567 1007 3619 οὐκ
1050 3564 1429 3635 αἰσχυνόμενοι
1465 3564 1649 3627 αὐτοῖς

67 3666 175 3725 τοῖς
205 3663 418 3733 ῥήμασι
449 3659 517 3713 τὰ
542 3662 642 3730 τῆς
667 3658 923 3730 πορνείας
950 3657 1279 3730 διηγεῖσθαι,
1321 3656 1483 3710 πάλιν
1513 3659 1650 3729 ἐρω-

65 3755 189 3808 τικὰ
210 3755 317 3824 τῆς
348 3751 626 3825 Κύπριδος
650 3750 1044 3821 ποιητεύματα.
1090 3749 1274 3802 ’Λλλοι
1299 3750 1357 3802 δὲ
1379 3750 1437 3817 ἐξ
1468 3750 1649 3804 αὐτῶν

66 3847 224 3900 πάλιν
251 3845 585 3899 ἐπίπλαστον
601 3845 909 3913 εἰσάγουσιν
929 3842 1210 3914 άγὼγιμόν
1230 3860 1282 3896 τι
1311 3843 1522 3915 ποίημα
1535 3843 1646 3915 (72)

63 3931 105 4006 ᾧ
134 3936 501 4010 ποιητεύματι
536 3935 793 3989 ἐπέθεντο
828 3933 1020 4005 ὄνομα,
1064 3932 1394 4002 Εὐαγγέλιω
1429 3931 1650 3985 τελειώ·

68 4048 201 4095 σεως
238 4027 402 4085 τοῦτο
429 4029 750 4099 φάσκοντες.
785 4028 896 4081 Kal.
925 4025 1142 4096 άληθῶς
1180 4025 1280 4079 οὐκ
1314 4024 1647 4094 Εὑαγγέλιον

63 4126 239 4191 τοῦτο,
280 4123 418 4180 ἀλλὰ
448 4122 677 4186 πένθους
700 4121 998 4183 τελείωσις.
1033 4119 1187 4173 Πᾶσα
1217 4118 1326 4191 γὰρ
1364 4121 1397 4189 ἡ
1425 4117 1521 4172 τοῦ
1554 4118 1649 4172 θα-

63 4218 221 4271 νάτου
248 4214 532 4275 τελείωσις
560 4213 619 4265 ὲν
638 4214 704 4283 τῇ
730 4210 956 4283 τοιαύτῃ
988 4209 1274 4280 ὑποσπορᾷ
1292 4206 1386 4262 τοῦ
1399 4207 1645 4262 διαϐόλου

61 4303 581 4377 spespe-caelum
610 4302 667 4355 δὲ
698 4300 797 4354 οὐκ
818 4298 1439 4369 αίσχύνονταιλέγοντες
1471 4298 1647 4365 Εὐαγ-

274 4395 443 4459 Εὕας.
470 4396 565 4458 Εἰς
590 4393 761 4463 ὄνομα
787 4391 896 4462 γὰρ
933 4391 1106 4461 αὐτῆς
1145 4388 1327 4461 δῆθεν,
1355 4389 1429 4453 ὡς
1454 4390 1647 4459 cepas-
1678 4369 1721 4423 Ῑ)

60 4506 156 4560 σης
188 4490 253 4542 τὸ
283 4488 456 4559 ὄνομα
486 4487 586 4557 τῆς
619 4485 869 4554 γνώσεως
900 4483 961 4548 ἐξ
988 4481 1385 4551 ἀποκαλύψεως
1414 4481 1507 4534 τοῦ
1542 4481 1641 4533 λα-

54 4582 325 4653 λήσαντος
378 4582 516 4652 αὐτῇ
588 4579 785 4649 ὄφεως,
845 4576 1053 4648 σπορὰν
1096 4574 1460 4628 ὑποτίθενται.
1530 4573 1642 4628 Kal.

53 4674 243 4747 ὥσπερ
292 4677 356 4728 ὲν
406 4673 626 4741 άστάτῳ
670 4668 862 4742 γνώμῃ
912 4668 1201 4739 μεθύοντος
1251 4668 1345 4721 καὶ
1388 4667 1639 4738 παραλα-

52 4765 273 4827 λοῠντος
306 4763 411 4817 οὐκ
439 4763 530 4815 ἴσα
553 4761 637 4832 εἴη
659 4761 733 4814 τά
769 4762 1009 4831 ῥήματα,
1040 4758 1176 4812 ἀλλὰ
1205 4758 1273 4811 τά
1308 4757 1407 4827 μὲν
1440 4756 1638 4822 γέλωτι

54 4849 426 4926 πεποιημέναζ
471 4852 635 4923 ἔτερα
681 4851 738 4904 δὲ
790 4847 1068 4920 κλαυθμοῦ
1117 4848 1331 4919 ἔμπλεα
1354 4864 1368 4877 '
1399 4846 1637 4918 ούτωςή

120 5039 134 5067 ¹
162 5035 300 5090 For.
335 5034 436 5090 δεῖ.
514 5037 535 5066 ⁸
562 5034 685 5089 For.
716 5031 1041 5103 ἀνθρώπων.
1067 5098 1074 5109 _

116 5252 231 5321 (71)
282 5244 488 5303 Καϐϐᾶ
540 5245 649 5321 γὰρ
708 5246 1111 5321 ἑρμηνεύεται.
1162 5242 1301 5321 _'l‘am
1344 5241 1626 5321 ‘Hebnraiee

47 5312 475 5391 qnam'Syriace
497 5312 918 5391 tabernaculum.
952 5323 1007 5370 et
1036 5315 1286 5391 fornicem
1312 5312 1622 5384 significat:

48 5384 262 5445 necnon
285 5384 351 5443 et
389 5387 763 5455 prostibulum,
789 5402 853 5441 ac
877 5386 1124 5454 lupanar.
1154 5384 1627 5455 _Numer.7quoque

49 5475 171 5526 xxv,
209 5475 364 5515 com.
390 5452 468 5522 ’8,
517 5456 661 5512 LXX
715 5452 941 5528 μήτραν
980 5453 1351 5528 reddiderunt.
1386 5452 1554 5528 Unde_
1574 5464 1628 5508 et

48 5523 313 5601 πορνείας
358 5530 644 5599 stuprique
689 5523 861 5601 notio.
908 5525 1270 5601 ΦονοκτονίσινΔ
1306 5539 1457 5601 vero,
1512 5523 1628 5601 sive

52 5592 753 5670 parricidium—nusquam
809 5600 988 5668 legere
1053 5595 1295 5670 memini.
1362 5592 1629 5662 Suspicor

51 5665 419 5745 Epip‘heniuru
453 5682 570 5757 mp
606 5665 930 5738 ianquanfa
978 5677 1080 5734 np:
1125 5665 1427 5719 derivatum
1470 5679 1629 5718 acce-

1752 3101 2097 3171 quadrantem
2135 3119 2201 3163 eo
2231 3107 2452 3164 nomine
2480 3122 2699 3168 vocant.
2726 3114 2861 3172 Risu
2888 3117 3052 3188 igitur
3084 3135 3147 3176 ac
3193 3122 3328 3178 ludi-

1750 3192 1873 3248 brio
1901 3195 2085 3266 digna,
2117 3198 2203 3253 vel
2245 3199 2561 3257 miseranda
2598 3205 2782 3273 potius
2822 3216 2905 3263 est
2932 3209 3203 3280 ejusmodi
3236 3231 3328 3269 no-

1751 3286 1957 3339 minum
1986 3291 2420 3346 accommodatio
2452 3295 2594 3363 apud
2625 3311 2743 3362 eos,
2776 3299 2871 3368 qui
2912 3302 2965 3356 in
3004 3312 3198 3375 suapte
3231 3307 3325 3363 lin-

1752 3392 1859 3448 gua
1892 3380 2045 3435 vocis
2073 3381 2222 3438 illius
2253 3392 2579 3452 potestatem
2606 3387 2937 3461 intelligunt.
2968 3392 3234 3450 Caeterum
3258 3414 3326 3454 ex

1751 3478 1862 3524 tam
1910 3471 2218 3528 admirabili
2272 3476 2537 3546 prOpheta
2598 3490 2814 3553 turpem
2860 3485 3016 3540 nobis
3064 3491 3327 3546 narratio-

1752 3577 1875 3617 nem
1916 3563 2310 3636 aﬂ‘eruntzqua
2343 3576 2403 3622 ut
2432 3572 2705 3642 corruptis
2732 3588 3164 3635 consuescamus
3209 3595 3326 3637 cor-

1750 3655 1979 3724 poribus
2002 3658 2390 3726 persuadeant,
2420 3668 2586 3732 atque
2614 3664 2681 3720 ab
2709 3666 2858 3720 omni
2892 3683 2988 3738 spe
3014 3670 3321 3729 caelestium

1750 3743 2091 3801 excidamus.
2114 3745 2226 3802 Nec
2246 3749 2369 3805 illos
2395 3752 2560 3821 pudet
2582 3752 2649 3809 de
2676 3758 2903 3826 stupris,
2932 3761 3322 3832 amatoriisque

1751 3849 1817 3889 ac
1868 3838 2115 3893 venereis
2145 3840 2310 3896 rebus
2346 3842 2509 3898 nudis
2539 3859 2602 3899 ac
2634 3846 2978 3917 simplicibus
3010 3851 3190 3909 verbis
3219 3854 3325 3913 dis-

1682 3946 1693 3986 κ
1750 3942 1953 3983 serere.
2006 3928 2145 3984 Sunt
2177 3940 2233 3985 et
2273 3947 2337 3987 ex
2384 3934 2453 3990 iis
2495 3938 2765 4005 nonnulli,
2813 3941 2903 4011 qui
2954 3942 3321 4004 adulterinum

1750 4019 2025 4089 quoddam
2074 4029 2128 4077 et
2185 4023 2523 4079 adscititium
2569 4043 2765 4098 poema
2815 4031 3120 4098 venditant,
3177 4038 3323 4103 quod

1749 4126 1887 4181 Opus
1919 4110 2277 4181 perfectionis
2312 4114 2667 4188 Evangelium
2707 4120 3041 4191 inscribunt,
3091 4140 3213 4181 cum
3246 4144 3324 4187 rc-

1750 4216 1878 4256 vera
1906 4216 2015 4257 non
2045 4202 2419 4275 Evangelium,
2448 4208 2543 4264 sed
2569 4211 2778 4272 doloris
2806 4214 2876 4270 sit
2900 4229 2964 4269 ac
2991 4216 3170 4277 luctus
3198 4234 3322 4289 per-

1752 4292 1936 4349 fectio.
1990 4293 2260 4351 Universa
2318 4299 2520 4368 quippe
2583 4314 3069 4375 consummataque
3126 4310 3321 4365 mortis

1751 4385 2023 4441 acerbitas
2071 4388 2125 4441 in
2169 4404 2235 4443 eo
2266 4390 2378 4461 84
2422 4392 2624 4447 diaboli
2673 4397 2783 4449 fetu
2832 4398 3165 4454 continetur.
3213 4401 3321 4456 Alii

1752 4476 2103 4549 Evangelium
2142 4479 2265 4534 Evm
2311 4483 2430 4537 sine
2480 4485 2589 4539 ullo
2629 4487 2839 4556 pudore
2880 4489 3155 4558 jactitant.
3205 4491 3320 4549 Sub

1752 4568 1915 4638 hujus
1942 4572 2086 4624 enim
2116 4572 2355 4639 nomine;
2389 4582 2575 4644 utpote
2603 4594 2724 4647 qua:
2757 4582 3087 4651 cognitionis
3118 4599 3317 4643 nomen

1748 4675 1780 4715 a
1818 4670 2068 4730 serpente
2100 4679 2335 4732 quocum
2365 4669 2639 4723 collocuta
2671 4680 2776 4737 est,
2845 4673 3119 4741 didicerit,
3156 4679 3318 4747 perii--

1748 4754 1850 4808 dia:
1898 4771 2013 4810 suae
2061 4772 2272 4812 semina
2324 4771 2664 4830 sparserunt.
2724 4766 2801 4820 Ac
2856 4760 3317 4837 queniadliiodum

1746 4848 1906 4914 ebrii,
1936 4863 2172 4920 quorum
2213 4851 2535 4911 inconstans
2568 4857 2806 4923 animus,
2846 4867 2900 4916 et
2941 4860 3320 4921 inconsidera-

1725 5241 1895 5312 pisse,
1922 5240 2184 5312 quodest
2212 5236 2515 5312 perforare.

1796 5312 1908 5381 (72)
1940 5304 2280 5381 "mormur
2326 5326 2379 5361 τι
2428 5307 2673 5381 ποίημα.
2723 5304 3310 5381 gornariusilliciens

1723 5376 1929 5448 poema.
1972 5376 2277 5449 Ἀ’γώγίμον
2305 5386 2389 5434 est
2410 5376 2551 5447 quod
2582 5377 2893 5449 advehitur,
2919 5384 3015 5430 aut
3046 5377 3311 5449 importa-

1725 5462 1840 5506 tur.
1881 5450 1991 5506 Nos
2044 5448 2335 5503 ascititium
2388 5464 2453 5503 ex
2496 5448 2773 5501 communi
2823 5455 3094 5516 potestate
3143 5448 3306 5500 inter.

1727 5523 1927 5592 pretari
1985 5522 2299 5592 maluimus.
2360 5517 2701 5592 Quanquam
2744 5533 2800 5570 n.
2854 5516 2955 5575 Π.
2994 5532 3123 5592 pag.
3182 5516 3307 5580 100,

1726 5587 2008 5664 ἆγώγιμον
2046 5590 2215 5663 μῦθον
2244 5590 2299 5644 in
2335 5589 2505 5659 priori
2543 5589 2635 5644 illa
2662 5587 2868 5644 Corna.
2896 5589 3118 5642 notione
3148 5601 3309 5643 usur-

1727 5671 1907 5737 ptitur.
