3760 6176
114 277 217 332 537

718 280 1086 338 ADVERSUS
1123 282 1464 341 H/ERESES
1490 287 1617 343 LIB.
1657 288 1695 345 Ι.
1738 289 1903 346 ΤΟΜ.
1944 291 2009 345 li.
2050 323 2120 335 —-
2152 291 2426 350 lMERES.
2470 296 2658 352 XXVI.

3256 309 3364 361 3‘58

114 390 389 451 καλοῦσιν,
446 392 592 445 ἄλλοι
639 393 695 446 δὲ
742 395 1104 466 Βαρὸηλίτας.
1156 398 1345 468 Ὅμως
1396 401 1519 453 ἐπεὶ
1571 419 1599 453 ο

1877 404 2036 459 initer
2063 413 2253 474 queat.
2292 406 2467 473 Quam
2498 410 2568 466 ob
2594 426 2819 469 causam
2847 416 2941 484 qui
2971 431 3096 472 cum
3121 418 3233 475 illis
3258 419 3362 473 ha-

113 482 400 545 παρελθεῖν
454 483 748 555 δυνήσομαι
802 485 900 539 ὅλα
923 527 938 551 ,
1000 488 1383 559 ἀναγκάζομαι
1433 490 1687 555 ἐξειπεῖν.

125 574 344 645 Ἐπειδὴ
388 576 480 628 καὶ
521 578 550 629 6
583 577 737 645 ἅγιος
770 579 1011 650 Μωῦσῆς
1043 580 1152 633 ἀπὸ
1185 582 1499 653 Πνεύματος
1532 585 1689 654 ἁγίου

111 663 517 733 ἐμφορούμενος
548 666 745 737 γράφει
764 705 779 729 ,
807 667 890 719 ὅτι
909 708 924 730 ,
975 669 1099 723 Ἐἀν
1124 687 1207 734 τις
1247 670 1332 742 ἴδῃ
1367 672 1524 741 φόνον
1550 715 1565 739 ,
1596 675 1689 728 καὶ

111 754 184 823 μὴ
227 754 521 825 ἀναγγείλῃ
541 795 557 819 ,
598 756 1001 827 ὲπικατάρατος
1026 760 1055 811 6
1081 758 1322 823 τοιοῦτος
1347 761 1453 833 εἴη.
1487 763 1687 836 Διόπερ

106 841 165 892 ού
199 841 431 913 δύναμαι
472 845 662 898 τοῦτον
684 845 775 900 τὸν
804 847 978 917 μέγαν
1009 850 1199 918 φόνον,
1247 853 1343 906 καὶ
1379 854 1479 923 τὴν
1516 856 1685 925 μεγά-

104 934 203 997 λην
237 935 436 1006 ταύτην
461 937 667 1009 φονώδη
699 940 961 1011 ἐργασίαν
988 943 1296 1015 παρελθεῖν,
1328 946 1421 999 καὶ
1444 948 1563 1016 ούχὶ
1586 948 1683 1018 δησ-

102 1024 211 1077 ).th
258 1026 512 1095 δηλῶσαι.
558 1029 816 1099 Δηλώσας
858 1032 968 1104 γὰρ
1010 1034 1149 1105 τάχα
1189 1039 1303 1100 τοῖς
1340 1043 1577 1103 συνετοῖς
1622 1040 1683 1093 τὸ

103 1118 307 1189 πτῶμα
343 1119 531 1189 τοῦτο,
571 1121 759 1196 ὥσπερ
800 1126 860 1178 τὸ
905 1127 1083 1198 φρέαρ
1122 1127 1221 1197 τῆς
1252 1129 1557 1194 ἀπωλείας,
1585 1132 1683 1200 (p6-

101 1211 195 1262 εον
222 1212 319 1264 καὶ
348 1213 527 1284 φρίξιν
556 1214 861 1285 ἐμποιήσω,
896 1220 974 1280 εἰς
1000 1218 1061 1271 τὸ
1092 1219 1166 1289 μὴ
1199 1221 1358 1289 μόνον
1380 1222 1679 1291 ἀποδρᾶναι

96 1303 228 1364 τοὺς
259 1305 532 1370 συνετοὺς,
570 1306 706 1359 ἀλλὰ
739 1307 832 1359 καὶ
865 1309 1223 1363 καταλιθάσαι
1253 1311 1344 1364 τὸν
1374 1314 1433 1365 ὲν
1469 1312 1546 1383 τῷ
1586 1314 1678 1384 βα-

100 1392 291 1463 ράθρῳ
322 1392 509 1447 τοῦτον
558 1396 768 1449 σκολιὸν
814 1397 936 1465 ὅφιν
976 1399 1069 1451 καὶ
1105 1400 1448 1469 βασιλίσκον,
1496 1404 1576 1465 είς
1618 1404 1680 1457 τὸ

98 1480 241 1549 μηδὲ
294 1481 589 1552 πλησιάσαι
626 1484 751 1537 τινὰ
796 1486 1019 1556 τολμᾷν.
1070 1486 1175 1540 Καὶ
1219 1487 1391 1542 ταῦτα
1441 1490 1540 1559 μὲν
1576 1490 1676 1562 ἤδη

96 1572 227 1643 περὶ
258 1573 436 1627 αὐτῶν
466 1577 749 1647 εἰρημένα,
790 1576 943 1646 ὀλίγα
973 1576 1095 1632 τινά
1130 1579 1280 1646 ὄντα,
1308 1580 1365 1633 ὲν
1406 1581 1560 1653 μέρει
1591 1599 1678 1635 τε-

94 1664 303 1733 τάχθω.

1792 495 1992 562 bitant,
2057 497 2206 553 velut
2261 513 2291 552 a
2357 503 2639 557 communi
2696 507 2976 561 consortio
3042 517 3361 579 segregatos

1793 598 2065 659 putantes,
2098 590 2411 651 Coddianos
2451 596 2816 667 appellarunt.
2868 599 3032 656 Iidem
3067 617 3233 670 porro
3261 602 3360 656 Mi-

1792 682 1979 737 litares
2007 683 2061 737 in
2092 683 2353 756 IEgypto,
2375 703 2438 742 ac
2461 687 2784 746 Phibionitze
2811 700 2941 747 sunt
2965 692 3122 755 dicti,
3153 693 3221 747 de
3251 707 3358 761 qua

1789 789 1851 829 re
1902 775 2151 831 nonnihil
2200 786 2361 833 antea
2405 780 2861 850 signiﬁcavimus.
2912 782 3052 838 Sunt
3094 784 3186 853 qui
3223 783 3354 840 Zac-

1787 865 1968 921 chzeos
1995 875 2212 930 vocent,
2245 869 2337 922 alii
2370 869 2694 930 Barbelitas.
2728 871 3023 929 Enimvero
3054 889 3180 928 cum
3230 876 3354 927 uni-

1785 969 1940 1007 versa
1974 958 2389 1020 praetermittere
2434 977 2723 1032 nequeam,
2751 966 3013 1019 nonnulla
3039 980 3352 1021 necessario

1789 1044 1857 1099 de
1886 1044 1994 1100 illis
2023 1048 2340 1117 attingenda
2385 1060 2536 1106 sunt.
2574 1052 2711 1107 Nam
2761 1064 2815 1109 et
2861 1062 3090 1110 sanctus
3136 1055 3353 1126 Moyses

1786 1135 1958 1190 divini
1982 1136 2220 1208 Spiritus
2254 1141 2435 1196 afﬂatu
2467 1144 2723 1214 scripsit:
2752 1146 2809 1200 Si
2838 1147 2964 1215 quis
2997 1147 3347 1216 parricidium

1783 1224 2003 1292 viderit,
2032 1243 2134 1283 nec
2162 1229 2593 1299 denuntiaverit,
2613 1236 2971 1293 exsecrabilis
3001 1245 3139 1293 esto.
3168 1237 3349 1304 Quare

1778 1330 1890 1370 non
1936 1334 2160 1388 possum
2220 1322 2496 1393 ingentem
2554 1326 2701 1380 illam
2748 1327 2950 1382 caedem
3003 1344 3068 1383 ac
3113 1329 3346 1399 parrici-

1778 1403 1923 1460 diale
1954 1406 2172 1465 facinus
2201 1414 2648 1480 praetermittere:
2679 1431 2790 1471 non
2821 1432 3071 1486 possum,
3099 1419 3343 1489 inquam,

1780 1494 1913 1549 illud
1936 1512 2044 1551 non
2065 1499 2293 1555 omnino
2323 1500 2597 1573 detegere.
2635 1502 2914 1561 Fortassis
2943 1507 3087 1562 enim
3123 1508 3170 1563 si
3210 1523 3347 1577 prce-

1777 1584 1999 1654 cipitem
2042 1586 2185 1643 hanc
2230 1590 2467 1655 ruinam,
2525 1593 2677 1647 velut
2719 1596 2873 1649 exitii
2930 1604 3173 1666 puteum,
3216 1606 3346 1667 pnti-

1778 1675 2034 1731 dentibus
2066 1679 2381 1745 ostendero,
2411 1692 2614 1736 metum
2660 1684 2729 1740 iis
2780 1700 2843 1741 ac
2879 1694 3144 1743 terrorem
3192 1690 3345 1743 incu—

94 1755 256 1821 tiam,
289 1763 485 1812 utnon
519 1756 679 1812 modo
740 1756 948 1826 fugiant
981 1758 1107 1827 ipsi,
1145 1760 1240 1815 sed
1274 1770 1329 1816 et
1366 1769 1678 1819 tortuosum
1720 1764 1874 1820 illum
1909 1769 1965 1822 in
2002 1784 2064 1824 ea
2100 1772 2359 1840 voragine
2384 1784 2694 1843 serpentem
2758 1792 2823 1831 ac
2864 1778 3180 1835 basiliscum
3218 1780 3347 1849 lapi-

92 1846 261 1902 dibus
294 1849 549 1913 obruant,
603 1858 662 1902 ut
708 1853 891 1905 nullus
930 1852 1190 1921 deinceps
1236 1852 1436 1907 audeat
1480 1856 1760 1912 accedere.
1808 1861 1987 1930 Atque
2034 1861 2149 1916 haec
2181 1862 2249 1917 de
2298 1863 2408 1920 illis
2468 1867 2736 1922 hactenus
2787 1867 2934 1923 dicta
2976 1880 3162 1935 sunto,
3206 1846 3345 1940 pair-

90 1956 152 1990 ut
185 1938 263 1992 de
301 1939 511 2006 multis,
543 1946 705 2008 atque
736 1957 799 1997 ex
851 1948 1003 2009 parte
1047 1943 1389 1997 solummodo
1420 1943 1678 1999 delibata.

160 2031 239 2082 A'.
284 2027 691 2098 Παρελεύσομαι
725 2028 781 2080 δὲ
810 2030 890 2092 είς
927 2028 1019 2082 τὸν
1061 2025 1209 2084 οἷκον
1238 2031 1332 2084 τοῦ
1369 2029 1530 2101 βυθοῦ
1568 2033 1645 2103 τῆι

1852 2049 1926 2106 [ν.
1969 2050 2121 2108 Nunc
2172 2055 2238 2110 ad
2281 2057 2554 2126 pestiferae
2599 2059 2819 2115 illorum
2864 2062 3135 2117 doctrina:
3189 2063 3337 2119 velut

91 2118 438 2181 θανατώδους
484 2119 663 2173 αὐτῶν
706 2120 1028 2191 διηγήσεως.
1081 2121 1344 2193 Διάφορος
1392 2123 1499 2193 γὰρ
1540 2126 1670 2196 παρ’

89 2210 281 2272 αὐτοῖς
335 2211 368 2279 ή
418 2209 517 2279 τῆς
565 2208 754 2281 ἡδονῆς
803 2210 985 2265 αὐτῶν
1031 2212 1507 2270 κακοδιδασκαλία.
1551 2215 1672 2269 Ὅτι

91 2301 312 2371 πρῶτον
345 2302 444 2371 μὲν
471 2303 655 2367 κοινάς
685 2303 783 2368 τὰς
816 2303 1024 2356 ἑαυτῶν
1050 2308 1311 2372 γυναῖκας
1341 2305 1541 2377 ἔχουσι.
1565 2308 1673 2360 Καὶ

90 2389 143 2441 εἰ
191 2406 283 2453 τις
317 2388 465 2453 ξένος
497 2393 854 2462 παραγένοιτο
882 2391 976 2445 τοῦ
1018 2394 1197 2447 αὐτῶν
1239 2394 1537 2466 δόγματος,
1576 2412 1674 2467 ση-

94 2479 248 2548 μεῖόν
275 2480 393 2533 ἐστι
443 2483 571 2552 παρ’
598 2482 782 2547 αὐτοῖς
831 2484 1039 2556 ἀνδρῶν
1080 2484 1219 2556 πρὸς
1257 2489 1549 2555 γυναῖκας,
1579 2488 1673 2540 καὶ

88 2568 370 2636 γυναικῶν
402 2571 538 2642 πρὸς
568 2572 795 2643 ἄνδρας⁸
839 2575 896 2628 ὲν
950 2573 1027 2645 τῷ
1073 2575 1334 2629 ἐκτείνειν
1374 2576 1473 2647 τὴν
1518 2579 1676 2648 χεῖρα

86 2660 258 2729 δῆθεν
298 2662 379 2725 είς
409 2663 694 2734 ἀσπασμὸν
728 2665 1075 2720 ὑποκάτωθεν
1108 2667 1206 2736 τῆς
1248 2667 1533 2738 τυαλόιμηςς⁹
1567 2670 1674 2738 ψη-

87 2750 331 2821 λάφησίν
359 2769 479 2806 τινα
510 2755 885 2825 γαργαλισμοῦ
920 2758 1184 2826 ἐμποιεῖν,
1213 2757 1301 2811 διά
1329 2757 1519 2812 τούτου
1553 2760 1676 2812 ὑπο-

89 2843 398 2911 φαίνοντες,
436 2847 511 2909 ὡς
531 2847 629 2916 τῆς
656 2847 834 2900 αὐτῶν
862 2847 1156 2919 θρησκείας
1184 2851 1332 2905 ἐστὶν
1369 2854 1397 2905 6
1429 2869 1675 2923 παραγε-

89 2936 339 3006 νόμενος.
383 2938 660 2993 Ἐντεῦθεν
690 2939 873 2993 λοιπὸν
903 2942 1215 3009 ἐπιγνόντες
1243 2942 1525 3016 ἀλλήλουῂ
1553 2945 1677 3016 τρέ-

90 3042 287 3078 πονται
342 3026 506 3090 εὐθὺς
550 3028 628 3089 είς
663 3028 923 3083 ἑστίασιν.
974 3029 1179 3100 Δαψιλῆ
1211 3030 1268 3083 δὲ
1302 3030 1371 3085 τὰ
1406 3034 1678 3104 ἐδέσματα

89 3116 450 3186 κρεωφαγίας
484 3117 580 3172 καὶ
611 3119 918 3183 οἰνοποσίας
949 3120 1341 3191 παρατιθέασι,
1375 3122 1480 3177 κᾶν
1512 3124 1679 3195 πένη-

87 3226 182 3272 τες
232 3204 367 3263 εἷεν.
429 3210 526 3263 Ἐκ
562 3209 750 3264 τούτου
806 3210 863 3264 δὲ
908 3212 1419 3282 συμποσιάσαντες,
1460 3216 1556 3269 καὶ
1603 3216 1679 3279 ὡς

89 3301 225 3365 ἔπος
254 3303 456 3364 εἰπεῖν,
480 3302 581 3366 τὰς
611 3301 811 3371 Iph-56a;
836 3302 930 3357 τοῦ
960 3304 1122 3375 κόρου
1149 3305 1525 3377 ἐμπλήσαντες
1549 3308 1679 3361 ἑαυ-

1776 2140 1958 2195 sedem
1998 2157 2062 2197 ac
2114 2147 2427 2215 voraginem
2483 2164 2569 2203 me
2617 2151 2920 2207 conferam.
2980 2153 3144 2209 Varia
3193 2158 3342 2211 enim

1775 2232 1917 2302 apud
1951 2234 2090 2302 ,illos
2135 2236 2359 2292 nefarize
2395 2238 2685 2310 disciplina
2726 2245 3021 2313 voluptatis
3069 2256 3174 2302 est.
3218 2246 3331 2304 Pri-

1774 2338 1924 2377 mum
1958 2326 2106 2395 quod
2158 2342 2478 2386 communes
2536 2331 2678 2388 inter
2732 2350 2790 2390 se
2843 2335 3074 2393 feminas
3108 2339 3321 2395 habent

1775 2412 1853 2468 Ae
1884 2415 1928 2470 si
1971 2418 2097 2485 quis
2147 2418 2393 2488 ejusdem
2449 2431 2617 2478 sectae
2666 2427 2989 2495 peregrinus
3034 2432 3341 2494 advenerit,

1773 2506 1989 2576 signum
2027 2509 2451 2577 quoddamviri
2498 2529 2527 2566 a
2580 2514 2819 2580 feminis,
2879 2518 3095 2575 feminae
3142 2534 3173 2575 a
3206 2521 3343 2577 viris

1777 2596 2072 2664 accipiunt.
2123 2599 2236 2669 86
2289 2598 2415 2655 Haec
2472 2610 2655 2658 autem
2704 2604 2976 2674 ejusmodi
3029 2617 3114 2665 est
3159 2610 3339 2665 :Cum

1776 2689 2049 2745 salutandi
2105 2707 2168 2746 ac
2217 2695 2621 2764 eomplectendi
2667 2712 2835 2753 causa
2888 2715 3109 2755 manum
3163 2704 3343 2773 porri-

1776 2787 1933 2850 gunt,
1968 2798 2088 2837 eam
2140 2783 2282 2838 infra
2339 2786 2575 2855 palmam
2632 2792 3028 2847 contrectando
3070 2808 3136 2848 ae
3172 2793 3343 2849 defri-

1777 2885 1953 2939 cando
1979 2886 2174 2942 leniter
2217 2889 2465 2954 titillant,
2506 2906 2683 2961 eoque
2722 2893 2879 2963 signo
2928 2895 3173 2965 ejusdem
3219 2899 3343 2954 reli-

1775 2977 1953 3048 gionis
1975 2978 2240 3050 hospitem
2262 2995 2383 3036 esse
2416 2982 2812 3040 demonstrant.
2832 2983 2960 3040 Inde
2986 2997 3340 3058 posteaquam

1778 3076 1967 3124 mutuo
2000 3086 2059 3126 se
2106 3072 2429 3143 agnoverint
2476 3074 2543 3128 ad
2597 3076 2910 3131 convivium
2960 3078 3340 3150 accinguntur.

1776 3160 1932 3227 Quod
1960 3163 2163 3233 ipsum,
2199 3167 2414 3222 tametsi
2448 3182 2714 3239 pauperes
2744 3169 2873 3233 sint,
2906 3170 3108 3241 ingenti
3151 3173 3343 3241 epula-

1778 3267 1899 3307 rum
1947 3263 2233 3325 apparatu,
2279 3256 2518 3328 vinoque
2568 3267 2623 3313 et
2671 3260 2933 3316 carnibus
2971 3261 3344 3319 instructissio

1782 3357 1929 3397 mum
1966 3347 2228 3415 praebent.
2248 3347 2430 3404 Finito
2459 3350 2715 3406 convivio
2741 3366 2868 3406 cum
2892 3352 3150 3409 satietate
3174 3367 3345 3408 venas

83 3392 202 3444 τῶν
227 3431 245 3455 ,
291 3394 375 3455 είς
404 3388 620 3465 οἶστρον
659 3392 971 3465 τρέπονται.
1025 3395 1135 3448 Καὶ
1170 3396 1198 3449 6
1250 3395 1346 3467 μὲν
1382 3395 1549 3467 ἀνὴρ,

88 3484 359 3510 -,...--..-λ-
387 3484 750 3510 .ε.......-.ι---
808 3485 999 3510 ...ι-υ-.
1037 3485 1210 3510 υ-.-
1240 3489 1300 3510 -ει
1353 3487 1539 3510 .__._-:

1899 3388 1929 3396 ..
1967 3388 2228 3415 μανψ...
2248 3388 2270 3404 ..
2460 3388 2714 3406 ...μω-,υ
2741 3388 2868 3406 νυ...
2892 3388 3150 3409 sane“...
3182 3388 3345 3408 ...ι-..υ

1899 3436 2165 3505 enderint,
2195 3439 2262 3494 ad
2296 3439 2577 3495 libidinem
2605 3441 2962 3510 proritantur.
2993 3440 3131 3496 Tum
3162 3442 3248 3497 vir
3276 3444 3345 3497 ab
3378 3486 3384 3493 .

88 3484 359 3551 γυναικὸς
387 3484 780 3554 ὑποχωρήσας,
807 3485 1003 3553 φάσκει
1037 3485 1210 3555 λέγων
1238 3489 1302 3558 τῇ
1350 3487 1541 3540 ἑαυτοῦ
1579 3504 1677 3557 γυ-

88 3577 264 3639 ναικὶ,
295 3573 651 3637 δτιἈνὰστα,
675 3575 868 3644 λέγων,
900 3576 1123 3647 ποίησον
1157 3577 1257 3649 τὴν
1285 3578 1507 3649 ἀγάπην
1538 3579 1678 3650 μετά

88 3666 187 3720 τοῦ
234 3666 467 3736 ἀδελφοῦ
490 3684 503 3698 ο
534 3668 583 3720 οἰ
619 3667 675 3720 δὲ
718 3668 944 3731 τάλανες
972 3669 1225 3739 μιγέντες
1256 3670 1535 3742 ἀλλήλους.
1568 3672 1678 3725 Καὶ

87 3760 165 3823 ὡς
192 3759 291 3812 ἐπὶ
320 3758 581 3829 ἀληθείας
610 3758 933 3831 αἰσχύνομαι
961 3763 1133 3814 εἰπεῖν
1158 3763 1225 3815 τὰ
1255 3763 1407 3833 παρὰ
1437 3766 1551 3826 τοῖς
1584 3764 1679 3817 αύ-

89 3853 206 3913 τοῖς
228 3850 434 3921 αἰσχρά
458 3849 806 3922 πραττόμενα
841 3851 983 3905 κατά
1014 3852 1106 3905 τὸν
1146 3852 1297 3922 ἆγιον
1338 3855 1677 3921 Ἀπόστολον,

91 3941 227 3995 "On
285 3941 361 3995 τὰ
392 3944 530 4009 παρ’
575 3941 780 4009 αὐτοῖς
827 3945 1107 4013 γινόμενα
1134 3946 1391 4014 αἰσχρόν
1418 3945 1551 3999 ἐστι
1580 3945 1680 3999 καὶ

87 4032 322 4101 λέγειν.
361 4032 551 4103 Ὅμως
583 4033 684 4087 οὐκ
721 4034 992 4104 αἰσχυνθῶ
1025 4033 1222 4101 λέγειν,
1264 4033 1299 4087 ἃ
1328 4035 1479 4087 αὐτοὶ
1508 4039 1680 4089 ποιεῖν

88 4123 194 4176 οὐκ
220 4122 572 4193 αἰσχύνονται
598 4161 613 4186 ,
638 4123 729 4176 ἵνα
768 4122 907 4176 κατά
946 4122 1123 4176 πάντα
1150 4123 1349 4193 τρόπον
1378 4122 1558 4194 φρίξιν
1586 4125 1679 4197 ὲρ-

88 4214 363 4283 γάσωμαι
411 4216 524 4277 τοῖς
580 4213 835 4267 ἀκούουσι
890 4212 960 4266 τὰ
1011 4214 1140 4284 παρ’
1204 4212 1382 4267 αὐτῶν
1416 4214 1681 4285 γενόμενα

85 4306 614 4376 αἰσχρουργήματα.
651 4305 804 4359 Μετά
848 4304 956 4375 γὰρ
1000 4305 1060 4358 τὸ
1091 4305 1318 4376 μιγῆναι
1350 4305 1513 4359 πάθει
1548 4323 1682 4377 πορ-

86 4397 242 4461 νείας
276 4438 293 4464 ,
358 4397 805 4467 προσεπιτούτοις
880 4397 1250 4461 ἀνατείνοντες
1308 4397 1409 4469 τὴν
1473 4398 1680 4451 ἑαυτῶν

88 4489 452 4559 βλασφημίαν
485 4489 567 4552 είς
596 4490 843 4561 οὐρανὸν,
877 4489 1093 4560 δέχεται
1125 4490 1223 4560 μὲν
1248 4490 1309 4543 τὸ
1337 4484 1554 4559 γύναιον
1586 4491 1678 4543 καὶ

84 4582 113 4632 6
138 4581 291 4651 ἀνὴρ
320 4580 419 4651 τὴν
449 4581 604 4652 ῥύσιν
630 4582 727 4652 τὴν
760 4581 868 4634 ἀπὸ
896 4581 991 4635 τοῦ
1022 4582 1248 4653 ἄρρενος
1292 4583 1371 4644 είς
1402 4582 1537 4645 ἰδίας
1582 4583 1681 4636 αύο

84 4673 199 4724 τῶν
240 4675 437 4742 χεῖρας
458 4715 473 4737 ,
507 4673 604 4726 καὶ
631 4674 869 4726 ἵστανται
897 4675 976 4736 είς
1009 4672 1239 4745 οὐρανὸν
1263 4672 1676 4736 ἀνανεύσαντες,

1787 3541 1957 3583 uxore
2013 3528 2302 3587 discedens
2349 3532 2430 3586 sic
2483 3547 2603 3587 eam
2669 3532 3008 3602 alloquitur:
3041 3534 3238 3606 Surge,
3291 3541 3381 3590 et.

1785 3616 1938 3672 fratri
1965 3618 2287 3676 charitatem
2336 3623 2553 3679 exhibe.
2587 3621 2668 3677 lta
2699 3623 2765 3678 ad
2801 3624 3160 3680 concubitum
3190 3625 3346 3681 veni-

1782 3729 1891 3777 tur.
1921 3722 2093 3779 Pudet
2117 3740 2202 3781 me
2229 3725 2367 3781 bona
2399 3727 2505 3782 ﬁde
2529 3744 2651 3798 quae
2683 3728 2824 3799 apud
2856 3729 2983 3785 illos
3021 3731 3346 3802 turpissime

1783 3823 2185 3884 perpetrantur,
2222 3832 2529 3887 exponere;
2575 3818 3034 3889 quemadmodum
3086 3820 3163 3874 ait
3200 3819 3350 3891 Apo-

1784 3906 1958 3961 stolus
1993 3924 2005 3960 :
2040 3906 2172 3973 Qua:
2206 3908 2346 3977 apud
2377 3910 2517 3979 ipsos
2549 3910 2705 3979 ﬁunt,
2744 3918 2891 3978 turpe
2919 3918 2999 3964 est
3023 3919 3073 3964 et
3097 3910 3270 3985 dicate
3305 3912 3346 3963 '.

1754 3994 1985 4053 -Verum
2025 4013 2144 4068 qua:
2199 4000 2322 4055 illos
2367 3999 2552 4056 facere
2607 4000 2744 4054 nihil
2797 3999 2988 4071 pudet,
3036 4014 3216 4071 neque
3263 4014 3350 4057 me

1782 4089 2003 4159 pudebit
2034 4092 2237 4162 eloqui,
2283 4100 2343 4147 ut
2381 4094 2475 4163 qui
2526 4093 2829 4149 fmdissima
2873 4093 3091 4148 illorum
3143 4092 3350 4164 flagitia

1782 4182 2076 4250 audierint,
2106 4183 2335 4240 horrore
2360 4184 2595 4255 quodam
2637 4184 2958 4240 afficiantur.
2987 4184 3202 4243 Etenim
3227 4200 3351 4255 per-

1781 4282 1905 4329 acto
1945 4282 2137 4345 stupro
2182 4275 2416 4333 subinde
2440 4277 2854 4334 contumeliosis
2886 4278 3088 4333 coelum
3120 4277 3349 4333 vocibus

1783 4383 2121 4446 appetentes,
2152 4378 2370 4448 utrique
2397 4379 2566 4432 maris
2615 4376 2940 4448 proﬂuvium
2976 4378 3127 4433 cavis
3171 4376 3351 4431 mani-

1782 4466 1888 4522 bus
1933 4468 2232 4539 excipiunt,
2275 4485 2337 4524 ac
2383 4471 2616 4526 sublatis
2661 4486 2883 4525 rursum
2930 4470 3110 4524 oculis
3141 4469 3349 4524 foedum

1783 4560 1915 4614 illud
1961 4568 2015 4615 et
2066 4561 2431 4617 abominabile
2472 4563 2728 4617 manibus
2772 4562 3125 4632 praeferentes
3165 4561 3350 4616 consi-

1786 4661 1974 4719 stunt;
2041 4668 2106 4708 ac
2146 4669 2335 4724 preces
2375 4654 2693 4724 concipiunt
2749 4654 3013 4709 Militares
3043 4654 3266 4724 quidem
3294 4662 3351 4709 et

82 4765 180 4817 ἐπὶ
212 4767 416 4835 χεῖρας
448 4763 503 4816 δὲ
530 4763 744 4833 ἔχοντες
770 4763 869 4834 τὴν
899 4742 1240 4835 ἀκαθαρσίαν
1263 4779 1276 4794 °
1307 4762 1400 4817 καὶ
1434 4761 1567 4833 εύχοε

1862 4745 2033 4800 ιοεῑίοί
2064 4745 2130 4800 ad
2168 4747 2574 4812 universorum,
2605 4755 2665 4801 ut
2698 4747 2873 4811 aiunt,
2924 4755 3223 4816 parentem,
3257 4746 3347 4800 cui

82 4855 254 4924 δῆθεν
297 4855 353 4906 οἱ
388 4855 486 4924 μὲν
539 4853 926 4927 Στρατιωτικοὶ
965 4853 1285 4923 καλούμενοι
1325 4854 1418 4907 καὶ
1448 4854 1681 4906 Γνωστι-

84 4948 171 5000 καὶ
195 4945 287 5017 τῷ
310 4948 502 5017 πατρὶ,
532 4947 686 5016 φασὶ,
720 4947 827 5000 τῶν
848 4948 1003 5010 ὅλων,
1032 4946 1429 5018 προσφέροντες
1458 4946 1590 5001 αὐτὸ
1619 4945 1680 4999 τὸ

84 5042 177 5093 ἐπὶ
241 5041 373 5101 ταῖς
422 5040 619 5109 χερσὶ,
661 5040 755 5093 καὶ
814 5038 1062 5108 λέγουσιν
1102 5055 1117 5068 ’
1170 5036 1540 5107 Ἀναφέρομὲν
1599 5054 1681 5089 σοι

81 5130 252 5183 τοῦτο
287 5129 465 5201 δῶρον
498 5130 559 5183 τὸ
588 5129 746 5200 σῶμα
784 5129 876 5184 τοῦ
901 5128 1168 5201 Χριστοῦο
1214 5130 1306 5183 καὶ
1348 5128 1520 5192 οὕτως
1549 5128 1682 5181 αὐτὸ

81 5222 366 5286 ἐσθίουσι,
402 5220 905 5292 μεταλαμϐάνοντες
926 5221 1027 5292 τὴν
1070 5219 1274 5273 ἑαυτῶν
1307 5218 1670 5290 ἀκαθαρσίανο

84 5314 179 5367 καί
224 5328 400 5381 (pater
435 5311 606 5365 Τοῦτό
656 5312 771 5365 ἐστι
816 5312 877 5365 τὸ
920 5311 1080 5382 σῶμα
1125 5308 1219 5364 τοῦ
1268 5310 1533 5381 Χριστοῦ’
1580 5310 1676 5363 καὶ

80 5403 251 5458 τοῦτό
289 5404 413 5456 ἐστι
464 5403 527 5456 τὸ
570 5402 781 5472 Πάσχα.
818 5402 909 5456 Διὸ
947 5403 1144 5474 πάσχει
1180 5401 1249 5456 τὰ
1289 5401 1533 5474 ἡμέτερα
1571 5400 1679 5454 σώ-

88 5516 264 5563 αατα,
296 5496 397 5550 καὶ
424 5496 793 5564 ἀναγκάζεται
824 5497 1101 5568 ὁμολογεῖν
1136 5495 1196 5550 τὸ
1227 5495 1396 5558 πάθος
1426 5494 1518 5549 τοῦ
1546 5494 1679 5565 Χρι-

158 5702 175 5733 ¹
217 5696 437 5769 Ephcs.
474 5713 526 5763 ι’,
564 5697 651 5752 12.

1781 4846 1834 4892 et
1871 4836 2016 4907 quod
2045 4838 2299 4894 manibus
2350 4846 2565 4909 gestant
2615 4836 2874 4902 offerunt,
2931 4852 3056 4891 cum
3105 4837 3209 4893 hoc
3256 4850 3351 4893 so-

1788 4929 1953 4985 lemni
1978 4931 2220 4986 carmine
2254 4950 2267 4986 :
2304 4929 2418 4985 Hoc
2456 4932 2554 4985 tibi
2602 4947 2824 4997 munus,
2864 4932 3122 4987 nimirum
3144 4931 3349 4988 Christi

1782 5034 2001 5089 corpus,
2034 5019 2314 5076 offerimus
2354 5040 2369 5075 :
2405 5030 2567 5089 atque
2601 5020 2675 5073 ita
2713 5028 2824 5073 tum
2852 5035 2916 5074 co
2944 5026 3264 5087 vescuntur,
3297 5030 3353 5076 et

1789 5113 2192 5183 impurissimas
2215 5128 2345 5168 suas
2366 5112 2556 5168 sordes
2570 5112 2882 5183 degustant,
2904 5112 3089 5181 itaque
3112 5112 3302 5166 dicunt
3330 5128 3345 5165 :

1800 5204 1915 5259 Hoc
1946 5215 2030 5261 est
2060 5220 2262 5276 corpus
2284 5205 2522 5270 Christi;
2555 5213 2609 5260 et
2643 5204 2745 5258 hoc
2767 5210 2852 5259 est
2877 5201 3112 5258 Pascha.
3145 5200 3353 5256 Idcirco

1801 5310 2032 5365 corpora
2062 5305 2250 5353 nostra
2272 5297 2575 5367 patiuntur,
2607 5304 2661 5352 et
2689 5294 2895 5351 Christi
2924 5293 3190 5365 supplicia
3221 5307 3355 5347 con-

1794 5398 1936 5453 fiteri
1964 5408 2251 5471 coguntur.
2294 5399 2495 5456 Eodem
2540 5402 2700 5456 modo
2742 5401 2956 5471 quoties
2990 5397 3183 5452 mulier
3210 5412 3355 5452 men-

1790 5498 1975 5549 struos
2025 5490 2205 5550 ﬂuxus
2253 5492 2478 5565 patitur,
2525 5491 2887 5549 fmdissimum
2936 5491 3086 5546 illum
3130 5488 3354 5560 sangui-
