3766 6280
435 287 537 347 339
1782 291 1840 348 S.
1883 291 2022 346 ΕΗΓ

2137 291 2224 346 Nil
2283 291 2286 294 ’
3595 281 3699 338 ’διο

437 428 560 466 nem
604 410 897 466 collectum
941 427 1050 466 una
1087 427 1282 470 omnes
1328 415 1648 471 absorbent.
1693 416 1874 486 Atque
1920 415 2009 470 hic

2137 415 2267 469 r105.
2321 414 2593 478 Ὡσαύτως
2619 414 2676 467 δὲ
2722 415 2816 468 καὶ
2863 414 2924 466 τὸ
2961 413 3071 467 ἀπὸ
3097 411 3200 482 τῆς
3245 407 3540 479 γυναικὸς,
3575 408 3698 460 ὅταν

435 508 542 565 est,
575 501 854 571 inquiunt,
886 502 1111 572 sanguis
1145 503 1370 561 Christi.

2119 506 2340 577 γένηται
2395 505 2564 576 αὐτὴν
2619 504 2870 572 γενέσθαι
2913 505 2972 557 ἐν
3010 502 3164 574 ῥύσει
3211 500 3306 554 τοῦ
3336 499 3611 570 αἵματος,
3644 496 3699 545 τὸ

435 595 769 664 καταμήνιον
808 596 1070 666 συναχθὲν
1119 599 1254 671 αὐτῇ
1305 576 1467 674 αἷμα.
1495 603 1595 675 τῆς
1648 599 2007 671 ἀκαθαρσίας,
2045 576 2306 660 ὡσαύτως
2334 596 2586 660 λαϐόντες
2612 598 2762 666 κοινῇ
2800 595 3058 648 ἐσθίουσι.
3094 593 3207 648 Καὶ
3265 591 3446 655 τοῦτο,
3515 587 3697 658 φασὶν,

433 684 552 736 ἔστι
580 683 642 736 τὸ
670 677 808 754 αἷμα
837 684 931 738 τοῦ
951 688 1212 758 Χριστοῦ.

507 769 573 824 ν.
616 770 913 842 Propterea
946 776 1002 830 in
1038 781 1369 852 apocryphis-
1417 783 1643 854 legunt:
1687 779 1808 834 Vidi
1854 779 2011 832 arbo-

435 874 546 913 rem
575 861 852 917 duodecim
897 865 1104 934 {ructus
1139 872 1422 940 quotannis
1457 872 1732 942 ferentem,
1771 878 1822 925 et
1873 868 2016 921 dixit

436 953 568 1007 ini-ii
593 969 614 1008 :
637 956 751 1008 Hoc
783 964 862 1010 est
896 957 1097 1026 lignum
1138 962 1278 1015 vitae.
1317 961 1560 1032 ldipsum
1608 965 1677 1016 de
1715 959 2012 1014 menstruis

437 1045 729 1100 mulierum
766 1047 1051 1116 prolluviis
1091 1051 1543 1122 interpretantur.
1579 1053 1851 1107 Caeterum
1885 1064 2010 1104 cum

441 1134 587 1189 inter
619 1151 740 1191 sese
773 1135 1042 1192 Venerem
1075 1149 1386 1206 exerceant,
1421 1141 1532 1210 87
1585 1139 1791 1194 liberos
1829 1145 2010 1190 tamen

441 1227 722 1297 suscipere
753 1230 1062 1299 prohibent.
1109 1229 1227 1285 Non
1273 1231 1422 1287 enim
1466 1230 1636 1301 prolis
1679 1227 1884 1292 etudio,
1918 1226 2012 1281 sed

444 1327 504 1372 ut
532 1318 746 1374 libidini
769 1335 884 1376 suae
913 1321 1177 1384 serviant,
1213 1321 1263 1374 ei
1314 1320 1644 1390 corruptelae
1687 1323 1906 1372 vacant.
1933 1313 2013 1367 ita

440 1411 662 1467 miseris
714 1412 1027 1469 hominibus
1071 1412 1325 1468 diabolus
1381 1411 1584 1477 illudit,
1640 1419 1696 1465 et
1737 1425 1876 1480 opus
1923 1405 2016 1462 Dei

439 1503 732 1560 fraudibus
757 1505 874 1559 suis
914 1505 1251 1574 implicatum
1285 1520 1382 1575 per
1421 1504 1716 1559 ludibrium
1750 1502 2013 1557 traducit.

441 1593 681 1650 Proinde
714 1595 796 1650 sic
828 1594 1045 1650 libidini
1092 1593 1445 1650 satisfaciunt
1486 1609 1622 1658 suae,
1669 1600 1728 1646 ut
1758 1591 2019 1661 impuris-

2188 771 2264 825 E'.
2297 770 2387 823 Διὸ
2437 770 2531 823 καὶ
2576 769 2634 821 ἐν
2691 767 3032 838 ἀποκρύφοις
3069 765 3577 836 ἀναγινώσκοντες,
3623 766 3702 817 ὅτι

2117 860 2298 918 Εἶδον
2325 861 2578 930 δένδρον
2598 860 2781 930 φέρον
2804 859 3036 913 δώδεκα
3063 858 3330 928 καρποὺς
3355 856 3462 910 τοῦ
3501 859 3701 910 ἐνιαυ-

2115 955 2222 1009 τοῦ
2243 973 2256 985 ·
2288 954 2385 1008 καὶ
2412 953 2546 1007 εἶπέ
2563 971 2663 1021 μοι
2680 969 2693 982 ·
2727 953 2906 1008 Τοῦτό
2928 953 3061 1006 ἐστι
3087 951 3154 1004 τὸ
3179 950 3373 1015 ξύλον
3396 948 3508 1016 τῆς
3536 948 3698 1014 ζωῆς,

2115 1047 2145 1099 ὃ
2174 1047 2328 1100 αὐτοὶ
2373 1044 2769 1116 ἀλληγοροῦσιν
2807 1046 2886 1107 εἰς
2917 1045 3015 1114 τὴν
3057 1042 3199 1096 κατά
3232 1043 3375 1113 μῆνα
3408 1043 3701 1110 γινομένην

2119 1139 2437 1208 γυναικείαν
2500 1138 2674 1208 ρύσιν.
2751 1137 3086 1206 Μισγόμενοι
3148 1133 3205 1186 δὲ
3277 1132 3393 1204 μετ’
3459 1131 3701 1202 ἀλλήλων

2119 1230 2461 1283 τεκνοποιίαν
2486 1227 2934 1300 ἀπαγορεύουσιν.
2961 1226 3036 1279 Οὐ
3062 1224 3171 1295 γὰρ
3194 1225 3274 1287 εἰς
3302 1223 3362 1277 τὸ
3388 1222 3703 1293 τεκνοποιῆ-

2127 1340 2217 1377 σαι
2247 1323 2376 1392 παρ’
2409 1323 2593 1384 αὐτοῖς
2621 1325 2652 1393 ἡ
2686 1320 2863 1393 φθορά
2922 1319 3318 1384 ἐσπούδασται,
3365 1317 3481 1370 ἀλλ’
3513 1318 3701 1388 ἡδονῆς

2125 1416 2285 1487 χάριν
2303 1456 2318 1480 ,
2347 1414 2441 1468 τοῦ
2470 1413 2714 1467 διαϐόλου
2747 1412 3105 1484 ἐμπαίζοντος
3148 1414 3260 1474 τοῖς
3287 1410 3585 1474 τοιούτοις,
3614 1411 3701 1462 καὶ

2124 1505 2611 1578 καταχλευάζοντπ
2643 1507 2703 1559 τὸ
2742 1508 2807 1558 ἐκ
2838 1505 2973 1559 Θεοῦ
3007 1505 3232 1576 πλάσμα
3263 1503 3697 1574 πεπλανημένον.

2138 1601 2298 1654 Ἀλλά
2327 1601 2433 1671 τὴν
2461 1599 2559 1670 μὲν
2598 1599 2789 1671 ἡδονὴν
2837 1597 3177 1651 ἐπιτελοῦσιν
3199 1638 3214 1662 ,
3258 1599 3340 1660 είς
3371 1597 3605 1658 ἑαυτοὺς
3648 1594 3700 1646 δὲ

441 1686 647 1740 simum
683 1701 874 1741 semen
917 1687 970 1740 in
1002 1688 1218 1757 seipsos
1245 1685 1535 1757 recipiant,
1575 1700 1752 1755 neque
1783 1682 1916 1737 illud
1949 1681 2016 1735 ad

2137 1691 2568 1763 ὶπολαμὸάνουσι
2589 1690 2656 1744 τά
2685 1691 2785 1761 τῆς
2812 1689 3150 1760 ἀκαθαρσίας
3175 1688 3355 1742 αὐτῶν
3388 1688 3696 1758 σπέρματα,

443 1775 850 1846 propagandam
883 1777 1128 1833 sobolem
1158 1778 1438 1842 emittant,
1470 1776 1563 1832 sed
1605 1792 1706 1832 sua
1757 1776 1862 1846 ipsi
1894 1781 2017 1827 tur-

443 1866 692 1938 pitudine
721 1877 1041 1938 pascantur.
1075 1868 1230 1934 Quod
1257 1869 1302 1924 si
1333 1867 1475 1923 forte
1503 1868 1776 1939 quispiam
1812 1866 2017 1922 excreti

444 1957 673 2012 seminis
717 1957 1115 2014 immissionem
1158 1957 1534 2020 anteverterit,
1571 1967 1624 2010 et
1670 1972 1737 2010 ex
1785 1970 1852 2010 eo
1896 1967 2020 2024 gra-

443 2047 577 2102 vida
609 2046 757 2102 facta
786 2049 863 2103 sit
903 2049 1121 2111 mulier,
1169 2049 1297 2103 audi
1333 2049 1464 2117 quid
1515 2051 1734 2120 dempm
1785 2045 2021 2117 ﬂagitio-

444 2141 566 2196 sius
585 2141 994 2212 aggrediantur.
1027 2140 1164 2196 Nam
1201 2141 1492 2197 informem
1532 2141 1713 2195 adhuc
1756 2141 1924 2194 fctum
1953 2154 2021 2194 ex

445 2240 603 2286 utero
632 2231 962 2296 detractum,
987 2247 1320 2302 quocunque
1345 2233 1421 2287 iis
1437 2241 1684 2302 tempore
1705 2232 1882 2286 visum
1911 2237 2016 2294 est,

443 2319 729 2386 infantem,
764 2321 1008 2392 inquam,
1042 2321 1329 2378 abortione
1370 2321 1672 2390 projectum
1720 2319 1775 2373 in
1827 2328 2022 2374 morta-

443 2413 531 2468 rio
560 2411 768 2482 pistillo
797 2415 1056 2468 tundunt.
1081 2414 1180 2470 Cui
1205 2413 1273 2468 ad
1305 2411 1586 2467 vitandam
1616 2421 1880 2466 nauseam
1910 2410 2019 2464 mel

444 2521 509 2560 ac
553 2507 708 2577 piper
746 2521 872 2561 cum
919 2507 1044 2562 aliis
1088 2505 1429 2561 aromatibus
1479 2512 1534 2560 et
1583 2504 1876 2576 unguentis
1922 2501 2021 2556 ad-

445 2600 698 2654 miscent.
729 2599 867 2653 Tum
918 2599 974 2653 in
1018 2615 1188 2652 unum
1227 2598 1463 2653 collecto
1497 2611 1790 2668 porcorum
1827 2609 1890 2649 ac
1924 2609 2020 2646 ca—

445 2707 574 2746 num
607 2691 885 2756 sodalitio,
914 2693 1297 2762 unusquisque
1334 2703 1366 2745 e
1394 2688 1735 2744 comminuto
1768 2685 2021 2741 infantuli

443 2778 978 2854 corpusculohdigito
1015 2782 1242 2839 delibat.
1299 2780 1394 2835 Sic
1441 2781 1700 2836 humanis
1755 2781 2020 2836 carnibus

445 2877 587 2946 pasti
634 2876 700 2930 ad
747 2875 1017 2930 orandum
1061 2874 1231 2930 Deum
1270 2888 1392 2929 sese
1441 2880 1790 2928 convertunt.
1827 2873 1895 2927 Et
1927 2887 2023 2926 cu-

445 2970 718 3043 piditatis,
774 2970 1070 3040 inquiunt,
1130 2971 1390 3040 princeps
1455 2983 1805 3038 nequaquam
1861 2967 2019 3022 nobis

2125 1781 2208 1856 μῆ
2248 1786 2326 1848 εἰς
2357 1782 2716 1852 τεκνογονίαν
2758 1781 3221 1851 καταϐαλλόμενοι
3246 1821 3261 1844 ,
3299 1777 3435 1833 ἀλλά
3463 1779 3620 1830 αὐτοὶ
3644 1779 3701 1830 ab

2118 1876 2218 1944 τῆς
2267 1873 2621 1944 αίσχρότητος
2667 1872 2958 1934 ἐσθίοντες.
3006 1869 3132 1924 Ἐἀν
3181 1869 3237 1924 δὲ
3274 1869 3368 1922 καὶ
3417 1866 3698 1939 προληφθῇ

2119 1984 2204 2029 τις
2250 1965 2427 2019 αὐτῶν
2486 1965 2922 2034 ἐγκατασπεῖραι
2959 1961 3058 2032 τὴν
3095 1958 3400 2029 καταϐολὴν
3430 1959 3532 2028 τῆς
3566 1958 3700 2011 κατὰ

2121 2058 2282 2128 φύσιν
2336 2056 2514 2111 αὑτῶν
2565 2056 2898 2128 ἀπορροίας,
2935 2054 3028 2108 καὶ
3064 2053 3416 2124 ἐγκυμονήσῃ
3453 2053 3489 2121 ἡ
3547 2049 3698 2118 γυνὴ.

2119 2144 2172 2197 τί
2194 2143 2491 2213 δεινότερον
2521 2143 2793 2212 τολμῶσιν
2815 2144 2863 2194 οἱ
2888 2141 3155 2203 τοιοῦτοι,
3191 2141 3375 2193 ἄκουε.
3409 2140 3699 2193 [iammi-

2123 2252 2313 2298 σαντες
2359 2235 2474 2305 γὰρ·
2513 2233 2573 2286 ea
2620 2233 2855 2306 ἔμϐρυον
2905 2233 3081 2304 καιρῷ
3120 2232 3220 2302 οἴῳ
3251 2232 3297 2284 δ’
3327 2231 3393 2286 ἂν
3426 2232 3699 2301 ἐπιχειρὴ-

2124 2346 2258 2382 σωσι
2284 2368 2299 2393 ,
2352 2327 2719 2398 λαμϐάνουσιν
2767 2326 3038 2398 ἐκτρωθέν
3080 2324 3239 2379 τοῦτο
3269 2324 3330 2377 τὸ
3372 2323 3574 2395 βρέφος
3599 2365 3613 2388 ,
3646 2324 3699 2374 ἐν

2120 2418 2270 2490 ὅλμῳ
2327 2419 2437 2471 τινὶ
2491 2416 2782 2472 κόπτουσιν
2819 2415 3034 2488 ὑπέρῳ,
3089 2414 3185 2466 καὶ
3233 2409 3698 2482 ἐγκαταμίξαντες

2124 2510 2245 2582 μέλι
2281 2511 2375 2565 καὶ
2399 2510 2618 2582 πέπερι,
2655 2509 2750 2562 καὶ
2781 2506 2918 2561 ἄλλα
2945 2505 3067 2560 τινὰ
3091 2503 3380 2577 ἀρώματα,
3411 2503 3508 2556 καὶ⁵
3536 2501 3695 2573 μύρα,

2121 2604 2259 2676 πρὸς
2283 2603 2345 2657 τὺ
2370 2603 2444 2675 μὴ
2467 2603 2688 2674 ναυτιᾷν
2721 2600 2919 2663 αὖτοὺς
2941 2638 2956 2662 ,
2991 2597 3164 2662 οὕτως
3190 2595 3552 2666 συναχθέντες
3580 2593 3700 2646 πάν-

2119 2714 2212 2761 τες
2261 2697 2310 2749 οἱ
2350 2693 2492 2768 [τῆς]
2526 2693 2631 2748 τῶν
2665 2691 2864 2764 χοίρων
2898 2688 3104 2742 τούτων
3160 2688 3254 2742 καὶ
3283 2685 3465 2740 κυνῶν
3505 2683 3697 2739 θιασῶ-

2119 2806 2231 2853 ται,
2277 2786 2782 2860 μεταλαμϐάνουσιν
2818 2783 3050 2844 ἕκαστος
3083 2779 3161 2852 τῷ
3198 2779 3445 2849 δακτύλῳ
3467 2778 3580 2832 ἀπὸ
3608 2775 3698 2828 τοῦ

2121 2879 2520 2942 κατακοπέντος
2546 2877 2781 2931 παιδίου.
2809 2875 2920 2930 Καὶ
2943 2873 3113 2937 οὕτως
3136 2874 3234 2943 τὴν
3259 2870 3354 2925 ἀνθ
3364 2869 3696 2944 ρωποϐορίαν

2121 2971 2567 3043 ἀπεργασάμενοι
2592 3011 2606 3035 ,
2659 2967 2908 3040 εὔχονται
2939 2965 3124 3020 λοιπὸν
3154 2964 3233 3036 τῷ
3284 2963 3404 3033 Θεῷ
3423 2980 3453 3027 ,·
3472 2963 3561 3017 ὅτι
3592 2962 3696 3015 Οὐκ

444 3065 617 3121 illusit
641 3083 656 3130 ;
681 3063 776 3119 sed
801 3062 947 3134 quod
971 3064 1251 3120 exciderat
1275 3062 1429 3117 fratri
1455 3071 1646 3118 nostro
1677 3061 2017 3132 collegimus.

2137 3064 2522 3135 ὲνεπαίχθημεν
2551 3102 2566 3128 ,
2601 3061 2785 3132 φασιν,
2821 3060 2928 3115 ἀπὺ
2959 3059 3054 3113 τοῦ
3084 3059 3342 3130 ἄρχοντος
3370 3058 3469 3128 τῆς
3518 3055 3694 3109 ἐπιθυ-

445 3157 622 3226 Atque
646 3155 704 3212 id
728 3154 1031 3226 perfectum
1054 3170 1177 3210 esse
1196 3153 1410 3210 Pascha
1435 3153 1654 3208 demum
1677 3153 2015 3208 existimant.

351 3243 360 3248 “
445 3246 650 3304 Frater
687 3247 801 3302 haec
858 3246 967 3301 alia
1019 3246 1248 3316 insuper
1293 3245 1414 3300 dira
1467 3253 1632 3316 atque
1678 3243 2019 3300 exsecranda

445 3339 818 3394 committunt.
853 3336 992 3391 Cum
1041 3337 1186 3391 enim
1227 3351 1424 3390 rursus
1474 3335 1528 3390 in
1565 3350 1624 3390 se
1669 3341 1859 3389 mutuo
1890 3334 2021 3388 bac-

447 3429 601 3484 chari
639 3443 703 3484 ac
763 3427 947 3483 furere
998 3427 1290 3498 coeperint,
1344 3427 1618 3497 respersis
1676 3425 2019 3495 spurcissimi

451 3519 702 3575 humoris
729 3519 1052 3589 profusione
1083 3519 1335 3574 manibus
1361 3524 1727 3587 consurgunt,
1751 3524 1915 3586 atque
1946 3517 2019 3570 ita

448 3611 685 3667 {indutas
715 3618 968 3681 gerentes
994 3619 1108 3665 toto
1140 3625 1371 3680 corpore
1408 3609 1538 3664 nudi
1570 3615 2017 3678 comprecantur,

451 3713 510 3757 ut
531 3697 595 3758 ea
621 3719 680 3757 re
705 3703 969 3771 majorem
1009 3702 1116 3758 sibi
1163 3702 1309 3773 apud
1343 3702 1510 3757 Deum
1551 3700 1804 3754 fiduciam
1837 3699 2022 3769 acqui-

449 3802 597 3850 rant.
629 3794 896 3850 Cmterum
930 3795 990 3849 in
1021 3793 1266 3849 curando
1297 3808 1528 3864 corpore
1561 3791 1685 3847 dies
1724 3800 2024 3861 noctesque

449 3891 659 3959 pariter
688 3889 1029 3943 mulierculae
1055 3897 1110 3943 et
1141 3886 1540 3943 homunciones
1567 3895 1931 3956 occupantur,
1958 3898 2022 3937 ae

447 3997 509 4037 se
538 3989 592 4036 et
626 3987 906 4050 unguento
931 3980 1290 4050 perfundunt,
1316 3987 1371 4034 et
1414 3979 1619 4043 lavant,
1670 3986 1724 4034 et
1771 3975 2024 4032 convivia

449 4072 757 4136 celebrant,
794 4079 850 4127 et
869 4071 1119 4126 ebrietati
1154 4087 1218 4127 ac
1252 4070 1450 4126 Veneri
1482 4071 1788 4140 indulgent,
1820 4083 2024 4138 eosque

449 4165 546 4233 qui
582 4163 836 4232 jejunant
867 4170 1250 4218 exsecrantur.
1298 4161 1508 4232 Negant
1540 4161 1686 4218 enim
1717 4175 1838 4216 esse
1883 4161 2025 4231 jeju-

449 4256 715 4318 nandum,
746 4256 895 4324 quod
924 4256 992 4309 ad
1026 4255 1192 4322 hujus
1222 4255 1406 4308 saeculi
1442 4253 1782 4309 conditorem
1819 4251 2026 4322 princi-

450 4347 871 4420 pemjejunium
905 4347 1209 4417 pertineat;
1237 4345 1346 4398 imo
1380 4343 1641 4400 alimento
1676 4344 1860 4415 potius
1885 4358 2025 4413 opus

2129 3160 2285 3230 μίας,
2319 3157 2453 3240 ἀλλὰ
2480 3155 2836 3226 συνελέξαμεν
2865 3153 2926 3208 τὸ
2951 3153 3304 3224 παράπτωμα
3324 3149 3419 3203 τοῦ
3449 3147 3691 3218 ἀδελφοῦ.

2126 3251 2236 3305 Καὶ
2258 3249 2416 3322 δῆθεν
2449 3248 2603 3302 τοῦτο
2622 3247 2683 3302 τὸ
2703 3247 2906 3301 τέλειον
2933 3247 3126 3316 Πάσχα
3155 3241 3414 3315 ἡγοῦνται
3439 3259 3452 3271 ·
3481 3242 3615 3297 ἄλλα
3645 3241 3693 3292 δέ

2127 3343 2223 3395 δσα
2245 3342 2392 3394 δεινά
2421 3341 2601 3404 αὐτοῖς
2627 3339 2973 3410 τετόλμηται.
3005 3339 3174 3391 ’Ὀταν
3196 3336 3304 3406 γὰρ
3338 3335 3499 3390 πάλιν
3520 3337 3691 3406 ἐμμα-

2127 3437 2236 3498 νεῖς
2265 3435 2322 3486 ἐν
2356 3433 2569 3496 ἑαυτοῖς
2601 3432 2885 3500 γένωνται,
2924 3430 3194 3502 φύραντες
3225 3428 3438 3482 ἐαυτῶν
3464 3426 3569 3489 τὰς
3598 3426 3694 3495 χεῖ.

2133 3543 2231 3596 ρας
2267 3526 2365 3596 τῆς
2398 3524 2607 3578 ἑαυτῶν
2637 3524 2992 3594 αἰσχρότητος
3027 3525 3093 3593 τῇ
3129 3520 3426 3593 ἀπορροίᾳ,
3463 3519 3691 3588 ἐγείρον-

2128 3635 2256 3683 ται,
2294 3617 2388 3670 καὶ
2430 3616 2528 3678 τὰς
2569 3614 2775 3668 ἑαυτῶν
2805 3613 3220 3685 μεμολυσμένας
3247 3615 3436 3682 χεῖρας
3465 3610 3688 3680 ἔχοντες,

2129 3709 2375 3782 εὔχονται
2403 3708 2600 3779 γυμνοὶ
2636 3707 2741 3777 ὅλῳ
2764 3705 2841 3776 τῷ
2873 3705 3106 3776 σώματι,
3151 3703 3227 3766 ὡς
3259 3701 3351 3756 διὰ
3394 3702 3494 3773 τῆς
3525 3698 3691 3754 retai-

2128 3821 2226 3874 της
2257 3801 2516 3874 ἐργασίας
2554 3799 2828 3871 εὑρίσκειν
2878 3797 3014 3868 πρὸς
3050 3796 3182 3849 Θεὸν
3215 3794 3314 3866 τήν
3372 3793 3686 3866 παρρησίαν.

2129 3893 2210 3947 Τὰ
2259 3893 2488 3964 σώματα
2527 3892 2583 3946 δέ
2633 3890 2812 3944 αύτῶν
2840 3888 3054 3961 νύκτωρ
3092 3906 3152 3942 τε
3195 3887 3290 3940 καῖ
3340 3886 3462 3958 μεθ’
3491 3886 3693 3956 ἡμέραν

2129 3984 2420 4056 τημελοῦσι
2434 3983 2770 4054 γυναικάρια
2797 3981 2891 4036 καὶ
2921 3980 3297 4051 ἀνθρωπάρια,
3329 3977 3686 4050 μυριζόμενοι,

2129 4075 2440 4146 λουόμενοι,
2469 4072 2838 4142 θοιναζόμενοι
2859 4110 2873 4133 ,
2911 4069 3117 4132 κοίταις
3143 4086 3202 4120 τε
3230 4066 3325 4121 καλ¹
3357 4065 3552 4136 μέθαις
3581 4081 3688 4134 07(0-

2131 4167 2400 4231 λάζοντες.
2433 4166 2540 4218 Καὶ
2570 4162 2914 4235 καταρῶνται
2937 4161 3026 4214 τὸν
3053 4159 3398 4231 νηστεύοντα,
3433 4148 3683 4226 λέγοντές·

2132 4260 2207 4311 Οὐ
2262 4258 2342 4311 δεῖ
2384 4255 2680 4327 νηστεύειν.
2741 4254 2845 4307 Τοῦ
2895 4253 3002 4325 γάρ
3055 4254 3314 4323 ἄρχοντος
3366 4249 3554 4304 τούτου
3608 4245 3690 4300 τού

2133 4352 2453 4423 ποιήσαντος
2490 4350 2582 4402 τὸν
2627 4348 2798 4401 αἰῶνα
2833 4347 2977 4400 ἔστιν
3006 4347 3039 4417 ἡ
3071 4345 3310 4416 νηστεία.
3363 4345 3454 4395 Δεῖ
3487 4341 3544 4394 δὲ
3580 4339 3685 4410 τρέ-

451 4455 576 4494 essc
618 4437 894 4503 dictitant,
952 4454 1062 4508 quo
1123 4437 1432 4492 robustiora
1491 4436 1602 4491 sint
1655 4450 1910 4505 corpora,
1965 4442 2022 4488 ut

2137 4442 2322 4511 peoOat
2349 4442 2427 4503 εἰς
2451 4439 2510 4492 τὸ
2540 4439 2608 4492 τὰ
2650 4437 2876 4509 σώματα
2909 4431 3045 4489 εἶναι
3083 4434 3309 4505 ἰσχυρὰ,
3351 4435 3430 4497 εἰς
3467 4433 3528 4485 τὸ
3550 4431 3688 4485 89v:-

453 4532 651 4588 idoneo
704 4521 950 4602 tempore
998 4532 1211 4602 possint
1264 4531 1467 4586 fructui
1529 4529 1807 4586 reddendo
1866 4530 2022 4586 sufﬁ-

453 4638 606 4678 cere.

530 4718 618 4773 Vl.
661 4716 834 4772 Porro
857 4725 968 4771 tam
991 4715 1173 4772 Veteri
1209 4731 1374 4784 quam
1396 4713 1549 4769 Novo
1585 4722 1811 4769 utuntur
1833 4713 2029 4770 Testa-

453 4817 660 4874 mento,
692 4809 817 4864 licet
844 4824 968 4863 eum
998 4809 1092 4878 qui
1137 4808 1188 4861 in
1219 4806 1417 4862 Vetere
1449 4807 1670 4861 locutus
1718 4817 1805 4862 est
1867 4807 2027 4861 abdi-

455 4905 599 4952 cent.
631 4897 699 4950 Et
726 4898 947 4966 quidem
981 4897 1196 4967 quoties
1227 4911 1429 4950 voccm-
1449 4897 1689 4966 aliquam
1720 4898 2024 4966 reperiunt,

452 4999 574 5052 qiue
599 4982 843 5054 dogmati
889 5000 992 5041 suo
1046 4985 1381 5049 contrariam
1443 4984 1642 5040 habere
1698 4985 2028 5040 sententiam

453 5073 694 5136 videtur,
727 5073 796 5127 ab
828 5075 993 5143 hujus
1026 5075 1213 5128 mundi
1257 5077 1503 5145 principe
1536 5075 1838 5147 profectam
1877 5076 2025 5130 illam

451 5178 577 5218 esse
605 5163 924 5234 praedicant.
953 5165 1070 5236 88
1099 5165 1199 5219 Sin
1231 5167 1434 5235 aliquis
1463 5166 1529 5220 ad
1577 5169 1796 5222 illorum
1840 5166 2025 5221 libidi-

451 5271 577 5310 nem
621 5257 1026 5310 accommodari
1068 5258 1245 5323 locus,
1281 5267 1335 5312 et
1371 5267 1651 5330 utcunque
1690 5259 2026 5330 configurari

454 5346 631 5417 possit
662 5362 770 5400 non
801 5347 917 5417 ipsa
961 5347 1183 5418 quidem
1243 5358 1513 5419 potestate
1569 5351 1882 5416 verborum,
1931 5350 2026 5406 sed

454 5453 552 5508 pro
582 5437 861 5507 depravati
903 5440 1124 5494 illorum
1165 5440 1368 5510 ingenii
1395 5451 1584 5512 captu,
1611 5458 1676 5497 eo
1705 5459 1836 5498 vero
1866 5442 1932 5497 ad
1975 5443 2028 5498 id

455 5529 602 5596 quod
629 5529 859 5599 cupiunt
891 5532 1148 5585 traducto
1174 5532 1240 5586 ab
1269 5533 1516 5587 veritatis
1547 5533 1745 5604 spiritu
1774 5550 2026 5604 pronun-

465 5624 656 5675 tiatqu
689 5639 812 5679 csse
843 5624 1114 5680 dictitant.
1153 5626 1331 5695 Atque
1380 5625 1524 5680 istud
1563 5627 1738 5696 ipsum
1784 5634 1891 5694 est,
1942 5628 2027 5681 iu-

453 5711 687 5790 quiunt,
720 5715 862 5784 quod
893 5714 958 5770 dc
993 5713 1200 5773 Joanne
1236 5715 1500 5806 Dom‘inus
1527 5719 1810 5788 usurparit
1843 5737 1852 5771 :
1887 5718 2026 5783 Quid

2134 4530 2256 4583 σθαι
2288 4530 2348 4582 τί)
2381 4528 2591 4601 καρπὸν
2625 4515 2935 4581 ἀποδιδόναι
2961 4525 3100 4578 κατά
3123 4524 3311 4596 καιρὸν
3337 4522 3526 4578 αὐτοῦ.

2203 4705 2293 4775 ς’.
2325 4688 2576 4777 Ῐρῶνται
2617 4705 2674 4758 δέ
2705 4703 2804 4756 καὶ
2845 4701 3057 4774 Παλαιᾷ
3087 4702 3180 4755 καὶ
3217 4702 3392 4773 Καινῇ
3442 4701 3683 4773 Διαθήκῃ.

2144 4797 2571 4868 ’Λπαγορεύουσι
2604 4797 2660 4850 δέ
2687 4796 2779 4849 τὸν
2811 4794 3115 4865 λαλήσαντα
3149 4797 3204 4847 ἐν
3243 4796 3309 4864 τῇ
3342 4793 3554 4863 Παλαιᾷ
3581 4797 3684 4846 Δια-

2132 4889 2293 4962 θὴκῃ.
2356 4889 2466 4942 Καὶ
2516 4889 2644 4942 ὅταν
2697 4889 2793 4958 μὲν
2853 4888 3004 4958 ῥῆμα
3052 4887 3253 4955 εὖρωσί
3283 4905 3334 4940 τι
3375 4889 3496 4940 κατ’
3529 4884 3681 4940 αὐτῶν

2129 4983 2424 5054 δυνάμενον
2457 4981 2600 5051 ἔχειν
2650 4980 2739 5032 τον
2782 4978 2926 5042 νοῦν,
2960 4979 3124 5046 φασὶν
3159 4979 3242 5032 ὅτι
3291 4977 3450 5031 τοῦτο
3476 4979 3581 5032 ἀπὸ
3607 4975 3681 5029 τοῦ

2133 5076 2439 5145 πνεύματος
2471 5071 2564 5126 τοῦ
2610 5071 2874 5141 κοσμικσῦ
2911 5069 3215 5141 λελάληται·
3265 5069 3361 5122 ἐὰν
3396 5070 3454 5122 δέ
3498 5087 3582 5133 τις
3622 5070 3682 5128 είς

2131 5167 2389 5238 ὁμοίωσιν
2426 5166 2523 5235 τῆς
2553 5163 2729 5218 αὐτῶν
2773 5161 3061 5232 ἐπιθυμίας
3097 5160 3348 5231 δυνηθείη
3379 5159 3681 5230 σχηματίζε-

2133 5259 2256 5312 σθαι
2276 5257 2461 5326 λόγος,
2492 5257 2590 5326 οὐχ
2625 5255 2701 5318 ὠς
2733 5253 2929 5307 ἔστιτὸ
2963 5253 3134 5323 ῥῆμα,
3161 5251 3276 5304 ἀλλ’
3302 5251 3378 5314 ὡς
3414 5252 3528 5321 ἔχει
3558 5253 3584 5303 ὀ
3607 5249 3681 5302 αὖ·

2132 5350 2238 5404 τῶν
2270 5349 2395 5412 νοῦς
2424 5349 2452 5401 ὁ
2477 5345 2829 5419 ἠπατημένος
2848 5385 2862 5408 ,
2893 5343 3079 5396 τοῦτον
3107 5342 3599 5414 μετασκευάζοντες
3622 5340 3681 5398 εἰς

2131 5442 2228 5512 τὴν
2256 5440 2463 5493 ἑαυτῶν
2496 5436 2811 5507 ἐπιθυμίαν,
2853 5434 3152 5504 φάσκουσιν
3185 5435 3250 5485 ἐκ
3272 5431 3366 5485 τοῦ
3397 5429 3679 5501 πνεύματος

2130 5534 2230 5604 τῆς
2255 5533 2510 5602 ἀληθείας
2535 5528 2880 5600 λελαλῆσθαι.
2918 5527 3030 5582 Καὶ
3061 5526 3217 5580 τοῦτο
3250 5527 3366 5578 ἐστι
3391 5564 3406 5588 ,
3450 5526 3633 5594 φασιν,
3658 5517 3680 5571 ὃ

2132 5618 2281 5676 εἶπεν
2307 5624 2334 5674 ὁ
2357 5621 2558 5692 Κύριος
2590 5619 2717 5691 περὶ
2755 5619 3000 5672 Ἰωάννου
3020 5634 3032 5646 ·
3077 5618 3136 5669 Τί
3171 5616 3455 5683 ἐξήλθετε
3476 5617 3560 5677 είς
3590 5610 3680 5676 τὴν

2134 5717 2352 5791 ἔρημον
2376 5715 2701 5769 θεάσασθαι
2720 5729 2739 5778 ;
2756 5710 3035 5785 Κάλαμον
3064 5707 3181 5764 Om}
3199 5708 3421 5778 ἀνέμου
3449 5705 3677 5762 σαίειιόο
