3760 6176
162 166 265 226 εει

158 296 388 351 μενον;
440 280 564 335 Ὅτι
612 280 712 334 οὑκ
761 277 868 352 ἧν,
922 284 1089 352 φασὶ,

179 374 495 428 Ἐνεπνέετο
523 372 632 446 γὰρ
663 373 765 426 ὑπὸ
795 374 1002 427 πολλῶν
1042 376 1367 445 πνευμάτων
1404 375 1544 429 κατὰ
1575 374 1742 428 κάλα-

167 485 267 535 μον
297 467 388 520 τὸν
418 466 509 519 ἐπὶ
539 467 750 537 ἐκάστῳ
792 465 978 536 ἀνέμῳ
1003 466 1337 536 κινούμενον.
1381 468 1490 520 Καὶ
1523 467 1610 521 ὅτε
1643 467 1740 537 μὲν

163 558 365 627 ἤρχετο
414 557 475 609 τὸ
507 556 724 626 πνεῦμα
773 557 868 610 τοῦ
902 559 1156 629 ἄρχοντος
1176 600 1190 624 ,
1251 560 1576 630 Ἰουδαῖσμὸν
1609 561 1740 632 ἐκή-

164 664 390 714 ρυττεν·
424 647 513 699 ὅτε
552 647 608 699 δὲ
647 647 704 699 τὸ
751 647 975 718 Πνεῦμα
1003 650 1064 702 τὸ
1112 649 1303 718 ἅγιον,
1344 653 1472 722 περί
1503 651 1738 723 Χριστοῦ

159 736 363 790 ἐλάλει.
401 739 510 791 Καὶ
528 736 684 790 τοῦτό
709 739 846 801 ἐστι,
875 739 1057 807 φασὶν,
1094 741 1174 793 ὅτι
1217 741 1268 792 Ὁ
1295 745 1643 811 μικρότερος
1671 744 1740 796 ἐν

158 827 235 894 τῇ
260 829 552 897 ,ϐασιλείᾳ
577 831 693 884 τῶν
715 833 985 901 οὐρανῶν
1017 835 1148 904 (74).
1171 836 1304 906 Περὶ
1332 835 1490 905 ἡμῶν
1506 877 1519 899 ,
1553 837 1736 904 φασὶν,

159 913 361 982 εἶπεν,
421 922 503 976 ὅτι
553 924 582 976 6
633 925 690 977 ἐν
758 926 888 994 ἡμῖν
942 927 1261 997 μικρότερος
1319 927 1516 997 μείζων
1574 926 1735 980 αὑτοῦ

157 1008 423 1080 ὑπάρχει.

229 1276 309 1330 Z'.
341 1276 454 1328 Kal.
477 1276 636 1341 εὐθὺς
662 1279 1103 1350 ἐπιστομίζονται
1130 1282 1178 1334 oi
1199 1280 1423 1335 τοιοῦτοι
1450 1282 1542 1336 ἀπ’
1566 1282 1733 1354 αὑτῆς

152 1366 258 1435 τῆς
295 1367 571 1440 ἀληθείας.
621 1369 716 1424 Ἐκ
763 1372 870 1443 γὰρ
917 1374 1023 1428 τῶν
1055 1373 1494 1444 συνεζευγμένων
1530 1377 1735 1448 ἑκάστῃ

153 1457 305 1521 λέξει
338 1460 639 1527 ἀναφανδὸν
671 1464 704 1531 ὴ
736 1462 960 1531 ἀλήθεια
986 1464 1350 1536 δειχθήσεται,
1383 1468 1476 1520 καὶ
1503 1471 1562 1520 τὸ
1587 1469 1734 1538 ἐχέγ-

154 1564 293 1612 γυον
324 1548 425 1617 τῆς
456 1550 705 1622 φράσεως
720 1553 1131 1623 ἀποδοθήσεται.
1161 1557 1222 1608 Ei
1250 1558 1350 1626 μὲν
1377 1557 1486 1628 γὰρ
1507 1559 1534 1611 6
1554 1561 1733 1612 Ἰωάν-

154 1657 221 1707 νη
229 1655 258 1700 ς
290 1638 510 1710 μαλακὰ
547 1641 833 1711 ἠμφίεστο,
864 1645 955 1696 καὶ
981 1644 1039 1697 ὲν
1072 1645 1238 1709 οἴκοις
1266 1645 1529 1720 βασιλέων
1557 1649 1737 1721 ὑπῆρ-

156 1747 255 1798 χεν
275 1771 290 1794 ,
323 1731 458 1802 ὀρθὴ
502 1731 568 1784 ἂν
609 1734 744 1804 πρὸς
789 1735 950 1788 αὑτὸν
981 1739 1014 1807 ἡ
1045 1737 1221 1802 λέξις,
1251 1741 1346 1792 καὶ
1379 1740 1561 1794 εὐθεῖα
1599 1741 1736 1811 πρὸς

154 1819 383 1889 ἔλεγχον
417 1820 510 1875 τοῦ
553 1822 715 1876 αὑτοῦ
771 1824 1030 1895 ὑπῆρχεν.
1065 1827 1126 1880 Et
1182 1828 1276 1894 δέ,
1341 1830 1403 1882 Τί
1452 1825 1736 1896 ἐξήλθετε

155 1913 312 1966 ἰδεῖν
332 1929 352 1977 ;
382 1913 694 1983 ἄνθρωπον
717 1917 788 1969 ἐν
807 1918 1104 1987 μαλακοῖς
1130 1921 1384 1988 Ιματίοις
1410 1923 1734 1994 ἠμφιεσμέο

151 2023 302 2070 νω³;
333 2006 429 2058 καὶ
474 2007 569 2077 οὑχ
607 2006 780 2072 οὕτως
827 2008 971 2080 εἶχεν
997 2051 1011 2074 ,
1049 2006 1230 2065 οὐκέτι
1278 2013 1336 2066 τὸ
1365 2014 1612 2085 ἔγκλημα
1643 2018 1734 2070 ἐπὶ

151 2099 246 2149 τον
277 2099 340 2149 οὑ
381 2099 597 2169 μαλακά
639 2100 906 2172 φοροῦντα
965 2104 1217 2176 Ἰωάννην
1264 2107 1354 2160 τοῦ
1429 2108 1586 2177 λόγου
1635 2112 1732 2163 ἐπ-

150 2189 430 2252 ενεκτέον,
455 2189 591 2243 ἀλλὰ
621 2190 712 2242 ἐπὶ
739 2193 863 2255 τοὺς
882 2191 1052 2257 οὕτως
1077 2195 1327 2267 εὑρήσειν
1356 2198 1447 2252 τὸν
1487 2200 1733 2272 Ἰωάννην

149 2279 522 2348 νομίσαντας,
555 2281 649 2334 καὶ
687 2280 791 2334 ὑπὸ
823 2281 930 2336 τῶν
975 2283 1120 2338 ἔνδον
1163 2288 1220 2339 ἐν
1271 2289 1439 2351 οἴκοις
1471 2288 1733 2358 βασιλέων

150 2369 421 2433 πολλάκις
453 2372 592 2425 κατὰ
618 2372 906 2444 ὑπόκρισιν
931 2376 1413 2449 κολακευομένους.
1457 2382 1732 2451 Ἐνόμιζον

149 2459 263 2530 γάρ
294 2453 467 2526 οὗτοι,
501 2461 843 2532 ἐξερχόμενοι
882 2467 977 2519 καί⁹
1008 2467 1161 2538 παρὰ
1202 2470 1446 2523 Ἰωάννου
1481 2472 1732 2536 ἐπαίνους

148 2554 460 2625 εὑρίσκειν,
492 2556 585 2608 καὶ
618 2560 1000 2629 μακαρισμοὺς
1028 2561 1121 2614 ἐπὶ
1151 2564 1263 2624 τοῖς
1287 2564 1378 2616 ὑπ’
1403 2565 1579 2619 αὐτῶν
1609 2565 1738 2637 καθ’,

149 2643 401 2715 ἑκάστην
449 2646 659 2716 ἡμέραν
699 2648 1007 2718 γινομένοις
1052 2652 1508 2724 παραπτώμασιν.
1559 2657 1646 2718 Ὠς
1675 2656 1729 2709 δὲ

145 2745 250 2816 οὐχ
291 2739 498 2818 ηὗρον,
545 2748 956 2820 ἀνατρεπτικῶς
989 2745 1139 2820 παρὰ
1181 2749 1275 2802 τοῦ
1310 2749 1561 2819 Σωτῆρος
1596 2748 1728 2818 πρὸς

145 2839 351 2902 αὐτοὺς
379 2841 621 2911 εἴρηται,
648 2842 730 2894 ὅτι
769 2842 832 2894 Τί
858 2842 1136 2913 ἐνομίζετε
1179 2842 1485 2912 εὑρίσκειν;
1511 2842 1729 2912 Συμπε-

837 167 1208 224 ADVERSUS
1239 165 1580 222 HERESES
1618 165 1744 221 LIB.
1790 164 1829 222 1.
1865 164 2033 221 ΤΟΜ.
2064 165 2130 220 li.
2170 193 2237 208 —
2266 164 2544 222 11ΑΞΒΕ5.
2586 166 2776 225 XXVI.

1168 283 1371 346 τέλειος
1402 285 1430 336 6
1464 283 1728 353 Ἰωάννης⁴

1857 281 2033 334 existis
2074 283 2128 335 in
2157 281 2421 335 desertum
2456 278 2665 337 videre”?
2705 281 3029 337 Arundiuem
3073 291 3220 337 vento
3240 287 3416 356 agita-

3307 172 3414 228 ἵ)ζὲ

1845 383 1966 425 tam
1990 373 2007 403 ¹
2029 373 2053 426 ?
2077 372 2254 439 Quod,
2280 383 2339 428 ut
2373 382 2650 437 asserunt,
2679 375 2921 428 nondum
2967 382 3116 430 esset
3141 377 3414 446 perfectus

1847 461 2111 519 Joannes.
2134 461 2270 518 Nam
2305 479 2332 516 a
2367 464 2619 534 pluribus
2649 467 2826 520 ventis
2851 465 3214 536 perﬂabatur;
3250 453 3416 522 arun-

1844 555 1992 609 diuis
2024 571 2194 619 more,
2230 571 2350 625 quae
2385 555 2453 609 ad
2487 572 2932 627 unumquemque
2969 566 3188 611 ventum
3243 559 3416 629 agita-

1845 657 1956 703 tur.
1996 647 2184 717 Itaque
2213 663 2337 704 eutn
2372 648 2424 702 in
2461 663 2584 703 eum
2624 648 2894 720 principis
2934 647 3161 719 spiritus
3203 649 3416 704 incum-

1843 741 2020 804 heret,
2087 739 2372 795 Judaicum
2427 740 2634 794 cultum
2691 740 3058 811 praedicabat;
3106 755 3229 796 cum
3285 755 3414 795 vero

1845 831 2097 900 Spiritus
2131 840 2356 886 sanctus
2383 829 2685 895 adveniret,
2735 832 2804 888 de
2849 830 3071 888 Christo
3103 846 3412 888 sermonem

1845 920 2194 976 instituebat.
2228 923 2347 989 Quo
2370 922 2588 992 quidem
2632 923 2748 978 haec
2795 923 2958 978 verba
3000 922 3275 994 pertinere
3314 935 3413 992 pu-

1843 1019 2006 1067 tant:
2049 1014 2154 1080 Qui
2201 1015 2372 1069 minor
2395 1024 2472 1070 est
2511 1017 2564 1067 in
2617 1031 2774 1085 regno
2813 1015 3058 1070 caelorum
3107 1014 3282 1084 major
3334 1026 3413 1069 est

1839 1103 1933 1157 illo
1960 1107 1995 1158 ί.
2034 1104 2245 1176 Quippe
2278 1107 2344 1160 ad
2374 1121 2475 1162 nos
2509 1107 2610 1161 ista
2639 1107 2968 1174 referuntur,
3017 1109 3190 1171 aiunt,
3224 1117 3280 1162 ut
3319 1107 3410 1177 qui

1839 1195 2103 1250 iuternos
2154 1196 2332 1251 minor
2364 1204 2468 1262 est,
2494 1197 2540 1251 is
2583 1195 2793 1252 Joanne
2824 1197 2894 1252 sit
2920 1197 3281 1266 praestantior.

1911 1284 2025 1341 VII.
2067 1283 2271 1340 Verum
2310 1302 2372 1341 os
2406 1287 2513 1342 illis
2546 1287 2780 1342 subinde
2819 1303 2848 1340 a
2881 1287 3108 1343 veritate
3132 1287 3247 1357 ipsa
3274 1295 3405 1357 pra:-

1838 1374 2099 1429 eluditur.
2136 1373 2278 1430 Nam
2310 1392 2372 1431 ex
2407 1375 2476 1431 iis
2504 1391 2625 1445 qua:
2650 1391 2772 1430 cum
2813 1371 3141 1450 unaquaque
3171 1377 3411 1434 dictione

1839 1478 2089 1518 connexa
2119 1472 2268 1527 sant,
2301 1464 2592 1535 perspicue
2623 1466 2826 1520 veritas
2852 1467 3155 1536 apparebit,
3188 1481 3251 1521 ac
3278 1465 3410 1536 quid

1842 1555 2101 1625 loquendi
2152 1555 2348 1610 rationi
2390 1563 2822 1612 consentaneum
2864 1557 2936 1612 sit
2968 1559 3274 1614 certissima
3305 1559 3409 1616 fide

1845 1648 2264 1703 monstrabitur.
2300 1646 2508 1701 Etenim
2538 1648 2581 1704 si
2603 1647 2843 1704 Joannes
2879 1650 3221 1706 mollioribus
3242 1652 3410 1706 vesti-

1837 1739 1942 1794 bus
1976 1746 2242 1803 uteretur,
2277 1748 2438 1809 atque
2479 1722 2531 1792 in
2571 1739 2882 1809 principum
2916 1741 3134 1809 palatiis
3163 1741 3405 1812 degeret,

1837 1837 1989 1884 recta
2018 1829 2200 1899 ipsum
2232 1845 2340 1885 rex
2374 1829 2464 1884 illa
2495 1839 2722 1900 peteret,
2753 1838 2808 1886 et
2851 1831 2905 1884 in
2953 1831 3074 1899 ejus
3123 1833 3409 1901 reprehen-

1840 1924 2050 1977 sionem
2085 1931 2233 1978 esset
2281 1922 2399 1978 sine
2431 1923 2541 1977 ulla
2580 1923 2804 1994 ambage
2848 1922 3065 1978 collata.
3109 1911 3244 1977 Cum
3278 1938 3408 1979 vero

1837 2015 1914 2070 ita
1947 2015 2161 2071 locutus
2208 2013 2371 2069 fuerit
2407 2032 2420 2069 ι
2462 2015 2613 2080 Quid
2657 2016 2842 2070 existis
2876 2014 3090 2070 videre?
3145 2015 3407 2070 hominem

1837 2105 2086 2160 mollibus
2138 2107 2460 2160 vestimentis
2513 2106 2752 2160 indutum
2801 2107 2857 2158 ’ἲ
2912 2106 3056 2163 istud
3119 2121 3279 2164 [γοΠο
3335 2110 3406 2164 ab

1837 2195 2046 2252 Joanne
2095 2199 2286 2268 procul
2315 2199 2596 2265 ,abfuerit,
2640 2198 2776 2253 nihil
2823 2207 2907 2254 est
2941 2214 3041 2254 cur
3089 2195 3252 2270 lt'it‘jus
3299 2199 3404 2256 loci

1838 2287 2276 2341 criminationem
2307 2286 2498 2343 referri
2529 2288 2594 2342 ad
2623 2287 2885 2343 Joannem
2918 2289 3274 2353 arbitremur,
3307 2289 3405 2360 qui

1837 2377 2127 2431 delicatum
2141 2377 2290 2430 illum
2307 2377 2510 2431 cultum
2528 2377 2748 2432 minime
2760 2379 3003 2432 omnium
3017 2378 3288 2444 adhibuit;
3307 2378 3404 2435 sed

1834 2469 1901 2524 ad
1936 2485 2029 2526 eos
2054 2469 2259 2540 potius,
2296 2469 2390 2539 qui
2421 2469 2687 2539 ejusmodi
2713 2485 2770 2524 se
2792 2467 3058 2548 Joannem
3088 2478 3404 2540 reperturus

1835 2561 2120 2630 putabant,
2156 2561 2470 2630 quibusque
2518 2561 2718 2630 smpius
2749 2561 2957 2615 adulari
3007 2561 3184 2616 solent
3224 2562 3260 2616 ii
3303 2562 3405 2633 qui

1837 2651 2142 2720 principum
2175 2652 2330 2706 aulas
2364 2666 2427 2705 ac
2464 2651 2665 2722 palatia
2719 2652 3088 2720 frequentant.
3124 2652 3400 2709 Exeuntes

1831 2743 1972 2795 enim
2005 2742 2080 2796 illi
2121 2742 2512 2798 collaudandos
2556 2757 2616 2798 se
2643 2743 2710 2797 ab
2749 2741 2980 2808 Joanne,
3012 2753 3066 2798 et
3091 2744 3162 2798 ob
3189 2759 3254 2799 ea
3281 2760 3402 2815 qua!

1833 2833 1888 2887 in
1917 2833 2034 2890 dies
2069 2833 2362 2904 patrabant
2385 2834 2592 2889 scelera
2645 2833 2836 2891 felices
2879 2835 3257 2906 praedicandos
3293 2839 3402 2892 exi-

150 2928 516 2998 ριφερόμειον
553 2933 663 2994 τοῖς
696 2931 848 3000 ὑμῶν
891 2930 1117 2985 πάθεσιν
1144 2930 1445 3001 ἄνθρωπον,
1483 2929 1556 2992 ὡς
1588 2928 1728 2982 κατὰ

1863 2926 2149 2980 timabant.
2191 2926 2310 2992 Qua
2343 2941 2440 2996 spe
2473 2940 2595 2981 cum
2638 2936 2824 2982 essent
2875 2927 3147 2994 frustrati,
3183 2928 3251 2983 ad
3301 2943 3400 2984 eos

145 3023 280 3086 τοὺς
311 3023 532 3094 μαλακὰ
561 3023 892 3095 φοροῦντας;
936 3025 1048 3096 Οὐχ
1084 3025 1274 3088 οὕτως.
1317 3027 1392 3078 Οὑ
1428 3025 1536 3097 γάρ
1579 3027 1725 3079 ἐστιν

159 3115 423 3184 Ἰωάννης
453 3114 698 3186 κάλαμος
743 3115 1096 3186 σαλευόμενος
1129 3115 1372 3187 γνώμαις
1405 3116 1723 3188 ἀνθρώπων,

142 3205 223 3266 ὡς
248 3204 570 3274 δονοὺμενος
601 3206 844 3276 κάλαμος
869 3206 973 3258 ὑπὸ
1010 3207 1243 3276 ἑκάστης
1270 3206 1568 3278 ἀνθρώπων
1596 3209 1729 3262 ὑπο-

143 3296 393 3365 κρίσεως
418 3296 511 3350 καὶ
548 3297 782 3368 ἀπάτης.
824 3298 1039 3369 Ἐπειδὴ
1068 3299 1125 3352 δὲ
1155 3296 1307 3352 εἶπεν
1330 3340 1345 3366 ,
1384 3301 1482 3354 Ἐν
1512 3299 1734 3369 γεννηέ

143 3386 269 3452 τοῖς
289 3386 595 3456 γυναικῶν
619 3391 731 3443 οὐκ
751 3388 881 3444 ἔστι
891 3389 1102 3460 μείζων
1119 3389 1414 3456 Ἰωάννου,
1434 3391 1520 3445 ἵνα
1553 3392 1626 3462 μή
1647 3408 1728 3444 τι-

144 3495 238 3540 νες
267 3477 536 3548 νομίσωσι
557 3479 649 3531 καὶ
677 3479 840 3532 αὑτοῦ
859 3481 953 3534 τοῦ
967 3481 1217 3552 Σωτῆρος
1239 3481 1460 3552 μείζονα
1480 3478 1616 3536 εἶναι
1636 3483 1728 3536 τὸν

157 3569 446 3640 Ἰωάννην,
480 3571 560 3623 ὅτι
583 3571 678 3623 καὶ
706 3572 865 3636 αὐτὸς
889 3575 916 3626 ὁ
945 3574 1133 3645 Σωτὴρ
1163 3575 1268 3628 ὑπὸ
1302 3575 1553 3644 γυναικὸς
1578 3576 1730 3642 ἐγεν-

142 3659 285 3732 νήθη
319 3699 336 3724 ,
395 3661 496 3733 τῆς
544 3664 901 3736 ἀειπαρθένου
953 3665 1169 3737 Μαρίας
1199 3707 1214 3732 ,
1277 3667 1365 3720 διὰ
1418 3667 1728 3736 Πνεύματος

142 3751 331 3819 ἁγίου,
363 3750 792 3823 ἀσφαλιζόμενος
826 3754 973 3824 ἡμᾶς
994 3753 1099 3826 ἔφη
1118 3794 1133 3819 ,
1172 3757 1255 3809 ὅτι
1305 3757 1359 3808 Ὁ
1381 3758 1730 3826 μικρότερος

138 3843 364 3907 αὐτοῦ,
391 3843 637 3897 τουτέστι
665 3843 740 3914 τῷ
774 3847 949 3916 χρόνῳ
982 3845 1112 3917 (74“)
1149 3846 1250 3917 τῆς
1279 3849 1541 3919 ἐνσάρκου
1564 3847 1728 3902 αὑτοῦ

141 3935 476 4006 παρουσίας,
504 3935 717 4003 μείζων
752 3936 936 3991 αὑτοῦ
953 3937 1122 3991 ἐστιν
1141 3939 1209 3991 ἐν
1229 3937 1304 4007 τῇ
1314 3940 1601 4006 βασιλείᾳ
1613 3940 1730 3997 τῶι⁸

138 4024 445 4095 οιῗφανῶν.
498 4026 714 4098 Ἐπειδὴ
763 4029 872 4100 γὰρ
923 4028 1059 4099 μετὰ
1093 4028 1358 4102 ἑξάμηνον
1408 4033 1668 4105 ἐγεννήθη
1701 4036 1729 4088 6

139 4118 344 4188 Σωτὴρ
395 4117 496 4188 τῆς
551 4118 794 4171 Ἰωάννου
843 4121 1144 4191 γεννήσεως
1175 4159 1189 4184 ,
1239 4121 1479 4191 δηλονότι
1527 4123 1728 4193 μείζων

136 4207 314 4261 αὑτοῦ
358 4207 451 4265 ὥν.
486 4203 595 4262 Ἦν
621 4209 730 4281 γὰρ
767 4210 886 4275 ἀεὶ,
927 4211 1020 4264 καὶ
1048 4210 1184 4264 ἔστι.
1234 4212 1353 4265 Τίνι
1392 4213 1448 4266 δέ
1483 4213 1638 4267 τοῦτο
1665 4217 1726 4268 οὐ

1830 3017 2161 3073 refellendos
2193 3017 2276 3072 ita
2307 3017 2558 3072 Salvator
2587 3018 2806 3073 locutus
2836 3029 2957 3074 est:
2995 3017 3137 3084 Quid
3177 3034 3275 3074 vos
3305 3035 3400 3075 na-

1830 3119 2019 3164 cturos
2048 3125 2171 3165 esse
2199 3109 2552 3164 credebatis?
2587 3107 2942 3164 Hominemne
2972 3109 3066 3181 qui
3110 3123 3170 3165 se
3215 3111 3402 3180 pravis

1833 3202 2002 3256 animi
2033 3202 2203 3257 vestri
2241 3202 2624 3258 aﬂ'ectionibus
2672 3202 3132 3266 accommodaret,
3173 3201 3319 3272 quod
3362 3202 3401 3257 ii

1834 3294 2044 3349 faciunt
2083 3295 2178 3364 qui
2227 3293 2574 3349 mollioribus
2613 3293 2860 3348 vestibus
2907 3292 3252 3349 induuntur?
3300 3292 3399 3347 Mi-

1831 3390 1979 3444 nime
2008 3403 2160 3442 vero.
2192 3385 2311 3441 Non
2343 3387 2490 3442 enim
2520 3384 2763 3442 Joannes
2798 3383 3011 3440 arundo
3041 3385 3287 3456 quaedam
3316 3392 3400 3442 est

1833 3480 2116 3534 hominum
2142 3479 2496 3549 opinionibus
2542 3478 2762 3550 agitata,
2794 3479 2880 3533 vel
2913 3478 3159 3549 qualibet
3207 3493 3398 3534 eorum

1835 3571 2026 3627 fraude
2088 3587 2151 3628 ac
2215 3571 2566 3626 simulatione
2620 3584 2915 3625 concussa.
2967 3568 3075 3625 Sed
3137 3570 3396 3641 quoniam

1832 3665 1968 3722 illttd
2005 3665 2281 3735 adjecerat
2313 3682 2326 3718 :
2360 3663 2508 3718 Inter
2548 3671 2698 3717 natos
2725 3663 3004 3716 mulierum
3025 3679 3128 3718 non
3167 3665 3399 3718 surrexit

1833 3757 2008 3826 major
2038 3755 2244 3811 Joanne
2273 3755 2516 3824 Baptista
2540 3754 2580 3819 δ,
2607 3768 2674 3808 ne
2699 3755 2822 3824 quis
2850 3751 3113 3814 Joannem
3145 3753 3250 3808 sibi
3274 3767 3399 3822 per-

1831 3848 2112 3912 suaderet,
2141 3847 2304 3902 etiam
2338 3846 2457 3918 ipso
2500 3845 2783 3900 Salvatore
2811 3860 2934 3900 esse
2971 3843 3255 3914 majorem,
3285 3843 3400 3919 89

1832 3953 1941 4008 quo
1970 3938 2017 3992 is
2049 3951 2080 3992 a
2123 3934 2372 4002 muliere,
2406 3935 2666 3991 nimirum
2717 3934 2876 3989 beata
2914 3947 3237 4006 semperque
3273 3932 3400 3988 Vir-

1832 4032 1958 4102 gine
1996 4029 2166 4084 Maria
2208 4044 2308 4100 per
2355 4027 2618 4098 Spiritum
2669 4035 2921 4082 sanetum
2966 4034 3110 4083 esset
3157 4027 3394 4096 genitus,

1833 4129 1893 4176 ut
1929 4135 2029 4178 nos
2058 4127 2250 4176 contra
2295 4119 2440 4174 hunc
2478 4134 2725 4198 errorem
2747 4119 3069 4184 instrueret,
3107 4118 3344 4188 subjecit
3379 4136 3391 4171 :

1839 4214 1944 4281 Qui
1974 4213 2145 4268 minor
2177 4221 2254 4267 est
2289 4213 2344 4266 in
2392 4227 2548 4282 regno
2602 4211 2875 4274 calorum,
2933 4210 3106 4280 major
3149 4219 3228 4265 est
3277 4209 3393 4265 illo.

123 4300 304 4369 ’δῆλόν
336 4302 512 4365 ἐστινς
547 4301 687 4370 ΙἈρα
720 4300 850 4369 γοῦν
879 4301 1122 4372 ματαίως
1158 4300 1224 4355 τὰ
1257 4302 1433 4357 πάντα
1471 4308 1598 4376 παρ’
1628 4306 1724 4359 αὑ-

1857 4305 1993 4374 )uod
2027 4304 2278 4361 videlicet
2317 4305 2533 4359 ratione
2584 4305 2943 4374 temporisest
2975 4303 3042 4357 ab
3084 4317 3148 4358 eo
3191 4301 3397 4357 dictum

136 4395 254 4458 τοῖς
300 4393 729 4464 πεποιήτευται,
778 4394 885 4448 ἀπὸ
936 4395 1153 4465 ἀγαθῶν
1199 4396 1280 4462 είς
1326 4399 1503 4468 φαῦλα
1553 4419 1719 4472 μετα-

136 4483 482 4555 ὃεὸλημένα.

1833 4399 2024 4471 quoin
2081 4402 2228 4452 hunc
2257 4395 2524 4450 mundum
2559 4394 2797 4450 humana
2836 4409 3002 4449 carne
3025 4393 3284 4464 ptaeditus
3307 4393 3399 4450 ad-

1838 4494 2006 4556 venit,
2035 4490 2298 4562 quoniam
2331 4503 2488 4543 sexto
2534 4503 2564 4541 a
2604 4487 2831 4544 Joannis
2879 4487 3165 4542 nativitate
3210 4501 3399 4542 mense

132 4578 406 4633 Christus
437 4586 522 4634 est
577 4578 634 4634 in
684 4579 863 4634 lucem
892 4578 1094 4635 editus.
1137 4579 1240 4647 Qui
1274 4581 1417 4637 haud
1472 4583 1636 4642 dubie
1689 4590 1868 4660 major
1902 4592 2022 4642 erat
2064 4583 2181 4644 illo,
2225 4596 2345 4637 cum
2386 4587 2438 4637 et
2476 4581 2548 4634 sit
2572 4594 2786 4650 semper
2814 4585 2868 4633 et
2905 4577 3087 4634 fuerit.
3122 4577 3257 4644 Quis
3293 4577 3398 4633 hoc

133 4687 272 4727 vero
299 4679 484 4746 potest
513 4671 811 4740 ignorare?
843 4669 1068 4726 Frustra
1103 4672 1265 4744 igitur
1298 4674 1366 4729 ab
1409 4675 1517 4730 illis
1548 4682 1855 4751 exc03itata
1884 4685 2013 4733 sunt
2043 4674 2249 4739 omnia,
2287 4680 2342 4728 et
2367 4688 2432 4728 ex
2463 4672 2621 4726 bonis
2648 4670 2702 4724 in
2731 4669 2871 4723 mala
2901 4684 3185 4726 conversa.

203 4763 293 4816 Ην.
339 4761 451 4814 Καὶ
495 4761 562 4815 τὰ
590 4761 688 4831 μὲν
723 4760 902 4832 βιϐλία
931 4760 1107 4815 αὑτῶν
1137 4762 1307 4818 πολλά
1326 4779 1337 4793 ’
1380 4765 1725 4837 Ἑρωτήσεις

129 4856 245 4925 γάρ
267 4871 430 4917 τινας
461 4848 680 4926 Μαρίας
706 4854 1010 4908 ἐκτίθενται
1030 4872 1043 4884 ·
1082 4853 1229 4910 ἄλλοι
1257 4857 1312 4909 δὲ
1347 4858 1427 4920 είς
1467 4858 1559 4912 τὸν
1589 4876 1723 4929 προσ

130 4944 436 5015 εερημένον
487 4945 836 5010 Ἰαλδασαὼθ,
881 4947 960 5009 είς
988 4947 1163 5017 ὄνομα
1191 4947 1247 5000 δέ
1278 4947 1369 5002 τοῦ
1412 4949 1518 5020 Σὴθ
1552 4950 1723 5004 πολλὰ

133 5036 326 5104 βιὸλία
353 5035 719 5091 ὑποτίθενται.
761 5036 1152 5106 Ἀποκαλύψεις
1172 5037 1228 5090 δέ
1253 5038 1345 5091 τοῦ
1377 5039 1545 5110 Ἀδὰμ
1560 5039 1724 5104 ἄλλας

130 5124 430 5193 λέγουσιν’
473 5125 766 5195 εὐαγγέλια
808 5127 866 5180 δὲ
889 5127 1053 5198 ἕτερα
1094 5131 1173 5191 εἰς
1202 5128 1369 5198 ὄνομα
1411 5129 1519 5182 τῶν
1551 5129 1721 5201 μαθη-

209 5281 460 5338 ‘Matth.
493 5299 569 5351 χι,
599 5285 654 5340 7.
730 5251 1030 5342 ’ibid.il.
1111 5286 1288 5342 'ibid.
1323 5286 1374 5341 8.
1451 5285 1751 5342 ‘ibidJl.

205 5439 334 5513 (1t)
351 5438 512 5495 Forte
525 5409 831 5513 addendum
854 5442 1054 5513 μείζων
1071 5440 1236 5496 αὐτοῦ
1249 5442 1414 5499 ἐστιν.
1432 5439 1529 5495 Eo.
1546 5441 1714 5496 Pun.

206 5511 358 5583 (τις)
397 5511 680 5583 Tauream
727 5511 808 5578 τῷ
853 5511 1065 5583 χρόνῳ.
1099 5513 1299 5583 Locum
1345 5528 1414 5583 ex,
1456 5512 1719 5583 vaticano

136 5581 339 5638 codice
374 5597 490 5638 sua:
529 5581 829 5652 integritati
853 5581 1220 5639 'rcstituitntts.
1268 5582 1421 5650 Quod
1460 5581 1526 5636 ad
1551 5597 1718 5641 evan-

1900 4764 2034 4821 Vlll.
2092 4764 2360 4818 Caeterum
2421 4760 2542 4815 libri
2598 4774 2764 4828 penes
2830 4759 2956 4815 illos
3007 4760 3396 4832 quamplurimi

1821 4865 1970 4914 sunt.
2018 4856 2150 4911 Nam
2198 4852 2650 4923 luterrogationes
2695 4848 2959 4920 quasdam
2993 4850 3174 4907 Mariae
3211 4851 3396 4907 vendi-

1821 4959 1958 5006 tant.
1986 4949 2091 5003 Alii
2124 4949 2190 5003 dc
2220 4963 2284 5003 eo
2309 4962 2466 5017 quem
2491 4944 2728 4999 diximus
2763 4943 3084 5000 Jaldabaoth
3109 4944 3213 5001 sub
3243 4943 3396 4999 Sethi

1822 5043 2039 5097 nomine
2073 5041 2382 5110 complures
2427 5031 2595 5094 libros
2653 5039 3026 5110 supposititios
3073 5036 3393 5092 obtrudunt.

1823 5130 1926 5185 Sed
1961 5139 2014 5184 et
2045 5129 2236 5184 Adami
2279 5129 2636 5185 revelationes
2668 5129 2825 5196 alias,
2855 5136 2911 5183 et
2945 5128 3051 5183 alia
3074 5127 3202 5182 item
3232 5141 3371 5182 evan

1825 5439 1981 5506 gelici
2051 5437 2243 5506 illius,
2275 5437 2376 5491 loci
2439 5450 2659 5493 sensum
2720 5433 2933 5493 attinet,
2994 5431 3185 5506 eodem
3230 5428 3394 5506 modo

1823 5500 2106 5590 Chrysost.
2129 5517 2181 5564 et
2205 5505 2644 5578 Theophylactus
2674 5512 2970 5575 exponunt,
3009 5517 3118 5572 quo
3148 5500 3388 5577 Epipha-

1825 5597 1968 5636 ntus.
