3766 6302
374 216 589 272 ΜΞ·

1788 220 1844 275 S.
1888 222 2227 280 EPIPﬂANll

3531 226 3661 286 su

375 333 516 403 gelia
547 331 686 389 falsa
718 332 1113 405 discipulorum
1158 333 1386 389 nomine
1430 336 1779 391 conscribere
1826 346 1955 393 sunt

2105 341 2165 395 ὒν
2210 341 2626 413 συγ-γράψασθαι
2652 343 3087 415 τετολμήκασιν·
3125 343 3289 400 αὐτόν
3312 361 3374 399 τε
3396 345 3493 400 τὸν
3522 347 3661 402 Σω-

373 425 517 481 ausi.
553 424 663 482 Nec
690 439 786 481 eos
820 426 1005 482 dicere
1042 427 1209 497 pudet
1241 426 1579 484 Salvatorem
1610 437 1858 485 nostrum
1890 446 1955 486 ac

376 513 669 569 Dominum
700 513 888 570 Jesum
932 514 1212 571 Christum
1256 516 1525 585 ejusmodi
1557 532 1652 589 per
1697 531 1820 573 sese
1848 526 1957 574 tur-

375 605 678 674 pitudinem
700 616 1058 663 monstrasse.
1101 607 1314 663 Etenim
1346 607 1400 661 in
1431 606 1612 662 Maria:
1649 607 1957 680 Interroga-

380 696 614 750 tionibus
652 713 792 767 quas
823 699 1061 768 majores
1093 708 1291 754 Vocant
1320 698 1470 775 (sunt
1509 700 1655 754 enim
1699 701 1816 755 alia:
1861 702 1957 757 mi-

376 800 541 841 nores
594 787 820 857 perinde
868 789 1297 860 commentitiae),
1348 789 1494 845 hunc
1523 790 1601 845 illi
1631 791 1958 861 patefecisse

379 878 613 949 ﬁngunt,
644 895 768 939 cum
820 898 941 936 eam
984 882 1040 936 in
1084 891 1323 938 montem
1355 883 1659 950 eduxisset,
1702 894 1959 955 essetque

378 978 659 1036 precatus,
702 986 766 1027 ac
811 971 1078 1041 producta
1117 972 1186 1028 de
1214 974 1386 1028 latere
1419 989 1521 1029 suo
1556 974 1786 1029 muliere
1829 990 1957 1029 cum

377 1073 443 1115 ea
475 1074 588 1113 rem
630 1060 833 1117 habere
878 1062 1172 1135 cmpisset;
1207 1070 1323 1119 tum
1366 1064 1593 1119 seminis
1643 1064 1729 1118 sui
1767 1064 1955 1134 profu-

379 1150 533 1205 sione
560 1151 850 1220 degustata
891 1161 1276 1220 monstrasset,
1313 1154 1410 1221 ita,
1460 1164 1521 1209 ut
1552 1155 1737 1210 vivere
1784 1159 1960 1226 possi-

381 1255 523 1302 mus,
554 1256 677 1297 esse
706 1241 1015 1297 faciendum
1067 1242 1291 1297 Addunt
1316 1250 1369 1298 et
1386 1245 1760 1314 perturbatam
1792 1246 1960 1301 fuisse

378 1326 625 1395 Mariam,
668 1338 832 1400 atque
879 1332 1026 1387 humi
1064 1330 1352 1395 cecidisse,
1397 1349 1626 1403 eamque
1666 1349 1697 1387 a
1738 1333 1959 1390 Christo

378 1434 503 1477 cum
551 1421 639 1477 his
683 1422 864 1478 verbis
904 1430 1183 1479 erectam:
1234 1424 1411 1491 Quare
1437 1423 1693 1479 dubitasti
1738 1425 1959 1482 modica:

380 1511 503 1583 ﬁdei
525 1514 551 1568 .9
579 1511 758 1582 Atq'ue
784 1512 887 1566 hoc
917 1514 1094 1582 ipsum
1126 1527 1249 1568 esse
1275 1515 1487 1579 volunt,
1519 1514 1665 1585 quod
1699 1514 1755 1569 in
1784 1515 1961 1569 Evan-

378 1605 521 1681 gelio
550 1604 753 1660 dicitur
786 1623 799 1660 :
832 1603 892 1659 Si
925 1615 1133 1659 terrena
1163 1606 1273 1659 dixi
1301 1606 1464 1673 vobis,
1502 1616 1553 1662 et
1593 1623 1694 1660 non
1729 1606 1958 1661 credidi-

379 1696 499 1758 stis,
529 1696 759 1752 caelestia
793 1697 1054 1766 quomodo
1101 1697 1321 1752 credetis
1348 1698 1400 1751 ‘?
1450 1697 1581 1753 Item
1618 1698 1751 1753 illud
1784 1717 1797 1752 :
1828 1700 1961 1756 Cum

382 1785 618 1840 videritis
670 1783 867 1843 Filium
927 1786 1148 1843 hominis
1198 1806 1256 1843 eo
1291 1788 1653 1844 ascendentem
1710 1790 1797 1844 ubi
1848 1804 1961 1848 erat

376 1876 600 1945 prius‘;
635 1875 739 1930 boc
780 1885 888 1941 est,
927 1876 1202 1947 inquiunt,
1244 1878 1519 1947 profluens
1548 1894 1737 1934 semen
1774 1896 1962 1935 exsor-

382 1975 555 2041 ptum,
607 1975 665 2023 ut
711 1982 778 2021 eo
826 1967 971 2023 unde
1019 1970 1226 2024 exierat
1266 1980 1587 2027 revertatur.
1639 1970 1778 2026 Tum
1816 1973 1963 2042 quod

381 2058 512 2117 alibi
580 2059 845 2128 scriptum
903 2067 988 2116 est
1021 2078 1035 2115 :
1073 2059 1197 2115 Nisi
1256 2062 1699 2119 manducaveritis
1752 2080 1963 2122 carnem

382 2165 575 2212 meam,
609 2158 658 2205 et
694 2149 928 2205 biberitis
966 2167 1136 2205 meum
1164 2154 1498 2224 sanguinem'
1520 2195 1532 2207 .
1564 2155 1647 2210 Ad
1681 2172 1804 2226 qua:
1840 2173 1965 2227 per-

382 2240 622 2299 turbatis
655 2240 966 2312 discipulis,
1013 2257 1078 2298 ac
1122 2243 1432 2301 dicentibus
1462 2265 1475 2301 :
1506 2245 1637 2312 Quis
1668 2248 1764 2303 hoc
1794 2258 1961 2319 potest

383 2335 645 2395 audire‘?
671 2336 741 2393 de
771 2338 1109 2408 turpitudine
1146 2354 1457 2397 sermonem
1495 2356 1619 2397 eum
1651 2343 1961 2398 institutum

383 2427 604 2495 ferunt,
663 2428 895 2499 ideoque
937 2429 1186 2486 turbatos
1237 2441 1385 2487 retro
1442 2432 1631 2501 pedem
1686 2434 1958 2490 retulisse.

381 2518 637 2577 Nondum
676 2521 821 2577 enim
858 2522 1097 2592 perfecte
1123 2523 1463 2579 corroborati
1503 2532 1661 2579 erant
1701 2540 1766 2580 ac
1795 2526 1963 2582 stabi-

383 2610 487 2667 liti.
523 2611 642 2680 Quo
670 2612 834 2667 etiam
865 2611 1088 2667 Davidis
1120 2611 1254 2666 illud
1283 2611 1489 2667 dictum
1519 2613 1766 2669 referunt
1794 2633 1807 2669 :
1844 2615 1963 2669 Erit

387 2711 638 2775 tauquam
673 2704 870 2776 lignum
899 2702 1038 2773 quod
1071 2704 1375 2773 plantatum
1410 2714 1489 2760 est
1527 2722 1676 2761 secus
1711 2706 1963 2762 decursus

383 2810 662 2866 aquarum,
693 2793 831 2865 quod
863 2794 1097 2864 fructum
1126 2811 1281 2849 suum
1302 2793 1449 2849 dabit
1474 2796 1526 2849 in
1550 2806 1779 2865 tempore
1806 2814 1901 2852 suo
1917 2800 1959 2852 ⁵.

381 2885 494 2958 90
517 2885 695 2956 Atque
740 2886 796 2941 in
827 2900 892 2940 eo
948 2885 1094 2956 quod
1130 2886 1396 2956 scriptum
1433 2896 1554 2944 est:
1588 2886 1748 2944 Secus
1782 2890 1965 2944 decur-

2055 433 2199 505 τῆρα
2225 432 2383 504 ἡμῶν
2409 435 2505 488 καὶ
2550 434 2755 506 Κύριον
2802 434 3008 507 Ἰησοῦν
3036 436 3273 507 Χριστὸν
3313 436 3415 491 οὐκ
3438 437 3656 508 αἰσχῦ-

2056 541 2236 577 νονται
2275 523 2475 592 λέγειν,
2511 525 2594 579 ὅτι
2637 525 2799 590 αὐτὸς
2844 525 3164 595 ἀπεκάλυψε
3207 526 3307 596 τὴν
3349 526 3659 601 αίσχρουρ-

2056 614 2182 685 γίαν
2211 614 2435 686 ταύτην.
2480 617 2569 670 Ἐν
2608 615 2718 686 γὰρ
2736 618 2856 680 ταῖς
2892 616 3253 685 Ἐρωτήσεσι
3277 616 3501 689 Μαρίας
3542 637 3659 671 κα.

2057 710 2347 781 λουμέναις
2398 709 2661 782 μεγάλαις
2710 709 2840 779 (εἰσὶ
2887 709 2996 781 γὰρ
3050 709 3147 764 καὶ
3200 710 3395 780 μικραὶ
3450 710 3657 775 αὐτοῖς

2058 801 2469 872 πεπλασμέναι)
2546 801 2891 857 ὑποτίθενται
2941 800 3102 855 αὑτὸν
3165 801 3301 871 αὐτῇ
3353 802 3652 856 ἀποκαλύ-

2059 909 2241 956 πτειν,
2264 891 2652 963 παραλαδόντα
2686 891 2857 961 αὐτὴν
2889 892 2968 955 είς
3006 890 3067 944 τὸ
3096 890 3243 962 ὅρος,
3275 890 3371 946 καὶ
3404 891 3657 962 εὐξάμε-

2057 1000 2167 1047 νον,
2196 982 2291 1037 καὶ
2325 982 2622 1036 ἐκϐαλόντα
2660 982 2724 1035 ἐκ
2748 982 2849 1051 τῆς
2895 981 3136 1052 πλευρᾶς
3172 981 3337 1035 αὐτοῦ
3371 984 3649 1051 γυναῖκα..

2058 1072 2154 1125 καὶ
2195 1071 2502 1143 ἀρξάμενον
2546 1071 2680 1142 αὐτῇ
2726 1070 3265 1140 ἐγκαταμίγνυσθαιο
3321 1072 3417 1123 καὶ
3465 1070 3653 1132 οὕτως

2056 1161 2215 1233 δῆθεν
2243 1162 2342 1233 τὴν
2383 1161 2683 1233 ἀπόρροιαν
2725 1158 2892 1213 αὐτοῦ
2927 1159 3301 1231 μεταλαϐόντα
3332 1160 3527 1224 δεῖξαι,
3554 1161 3653 1213 ὅτε

2058 1252 2138 1305 δεῖ
2163 1252 2334 1315 οὕτως
2363 1255 2553 1317 ποιεῖν,
2588 1252 2674 1305 ἵνα
2705 1249 2960 1321 ζήσωμεν
2983 1266 2996 1279 ο
3051 1251 3145 1304 καὶ
3170 1251 3247 1314 ὡς
3282 1251 3383 1320 τῆς
3420 1250 3654 1323 Μαρίας

2056 1342 2442 1416 ταραχθείσης,
2492 1344 2587 1397 καὶ⁸
2615 1344 2889 1416 πεσούσης
2933 1344 3130 1415 χαμαὶ,
3159 1343 3319 1399 αὐτὸν
3352 1342 3518 1396 πάλιν
3544 1343 3658 1396 αὐ·-

2057 1429 2155 1502 τὴν
2199 1428 2487 1501 ἐγείραντα
2543 1432 2716 1485 εἰπεῖν
2751 1432 2928 1504 αὺτῇο
2979 1433 3113 1488 Ἵνα
3178 1432 3236 1484 τί
3286 1431 3653 1498 ἐδίστασας,

2059 1519 2441 1589 ὀλιγόπιστε;
2487 1519 2594 1572 Καί
2643 1536 2831 1590 φασιν,
2863 1520 2947 1573 ὅτι
2979 1519 3075 1573 καὶ
3110 1518 3269 1573 τοῦτό
3297 1521 3413 1573 ἐστι
3458 1520 3522 1573 τὸ
3558 1520 3653 1572 εί-

2064 1608 2297 1681 ρημένον
2322 1610 2380 1661 ἐν
2406 1608 2486 1679 τῷ
2529 1609 2868 1679 Εὑαγγελίῳ,
2910 1610 2991 1664 ὅτι
3012 1611 3080 1663 El
3104 1609 3177 1664 τὰ
3203 1610 3433 1681 ἐπίγεια
3466 1606 3658 1665 εἶπον

2063 1699 2225 1771 ὑμῖν,
2261 1700 2361 1755 καὶ
2403 1702 2516 1755 οὐκ
2552 1696 2988 1765 ἐπιστεύσατε,
3040 1701 3113 1756 τὰ
3155 1700 3485 1770 ἐπουράνια
3516 1700 3658 1766 πῶς

2064 1791 2419 1847 πιστεύσετε
2432 1806 2454 1856 ;
2493 1792 2587 1845 καὶ
2631 1792 2713 1858 τὸ,
2749 1792 2936 1847 Ὅταν
2973 1792 3136 1861 ἴδητε
3185 1791 3294 1846 τὸν
3350 1792 3489 1848 Υἱὸν
3534 1792 3657 1847 τοῦ

2064 1882 2377 1950 ἀνθρώπου
2424 1883 2827 1952 ἀνερχόμενον
2878 1884 3029 1939 ὅπου
3077 1880 3158 1955 ἦν
3199 1882 3268 1938 τὸ
3319 1884 3650 1952 πρότερον·

2063 1972 2308 2025 τουτέστι
2333 1972 2431 2044 τὴν
2460 1972 2760 2045 ἀπόρροιαν
2792 1972 3368 2045 μεταλαμϐανομένην,
3398 1971 3522 2026 ὅθεν
3548 1972 3655 2024 καὶ

2064 2063 2289 2132 ἐξῆλθε⁹
2331 2063 2516 2117 καὶτὸ
2559 2066 2764 2117 εἰπεῖν’
2808 2064 2950 2119 Ἐὰν
2979 2064 3064 2134 μὴ
3113 2062 3340 2135 φάγητέ
3380 2079 3500 2133 μου
3529 2061 3657 2128 τὴν

2065 2154 2281 2225 σάρκα,
2315 2156 2411 2209 καὶ
2439 2154 2614 2223 πίητέ
2638 2173 2757 2225 μου
2788 2154 2853 2210 τὸ
2892 2150 3051 2227 αἷμα.
3087 2157 3199 2210 Kal
3238 2155 3347 2209 τῶν
3384 2153 3657 2225 μαθητῶν

2063 2244 2505 2317 ταρασσομένων,
2558 2244 2653 2296 καὶ
2684 2243 2974 2313 λεγόντων,
3024 2244 3119 2310 Τίς
3165 2243 3416 2297 δύναται
3464 2241 3657 2297 τοῦτο

2064 2336 2356 2399 ἁκοῦσαι;
2399 2336 2584 2405 φασὶν,
2611 2335 2687 2399 ὡς
2721 2337 2849 2406 περὶ
2888 2335 2988 2408 τῆς
3012 2335 3368 2407 αἱσχρότητος
3394 2329 3462 2404 ἦν
3490 2334 3520 2388 ό
3559 2332 3658 2384 λόο

2064 2447 2194 2500 γοςο
2246 2429 2324 2482 διὸ
2383 2429 2480 2481 καλ⁸
2536 2426 2953 2499 ἐταράχθησαν,
3006 2428 3103 2481 καὶ
3149 2426 3392 2498 ἀπῆλθον
3443 2426 3527 2489 είς
3578 2425 3657 2481 τὰ

2064 2525 2256 2578 ὀπίσω.
2294 2521 2460 2576 Οὔπω
2493 2521 2603 2593 γὰρ
2627 2516 2786 2593 ἦσαν,
2828 2521 3017 2589 φασιν,
3050 2521 3107 2573 ἐν
3145 2517 3470 2592 πληρώματι
3493 2518 3657 2571 ἐστε-

2067 2615 2349 2689 ρεωμένοι.
2389 2614 2502 2667 Kal
2542 2613 2605 2666 τὸ
2646 2614 2823 2665 εἰπεῖν
2861 2610 2951 2665 τὸν
2980 2610 3170 2682 Δαϐίδι·
3217 2613 3429 2666 Ἔσται
3465 2610 3549 2677 ὡς
3580 2609 3656 2663 τὸ

2066 2710 2257 2773 ξύλον
2290 2705 2356 2763 τὸ
2390 2701 2845 2775 πεφυτευμένον
2872 2701 3032 2773 παρὰ
3059 2701 3166 2768 τὰς
3192 2700 3503 2765 διεξόδους
3526 2698 3659 2753 τῶν

2067 2796 2318 2857 ὑδάτων,
2344 2796 2376 2849 ὃ
2409 2794 2517 2850 τὸν
2544 2793 2777 2864 καρπὸν
2807 2792 2994 2848 αὑτοῦ
3022 2790 3200 2845 δώσει
3226 2790 3297 2845 ἐν
3320 2787 3503 2859 καιρῷ
3533 2791 3652 2844 αὺο

2064 2890 2168 2944 τοῦ
2187 2908 2201 2922 ·
2233 2888 2362 2964 περ)⁸
2397 2889 2497 2959 τῆς
2524 2886 2878 2958 αἰσχρότητος
2907 2884 3001 2939 τοῦ
3035 2883 3249 2956 ἀνδρὸς,
3278 2883 3432 2952 φασὶ,
3468 2880 3648 2951 λέγει,

383 2994 477 3033 sus
504 2994 781 3049 aquarum,
813 2976 1040 3032 indicari
1065 2978 1170 3032 viri
1196 2978 1498 3035 fmditatem
1528 2981 1961 3045 asseruit;istud

2105 2980 2203 3034 επὶ
2240 2984 2355 3049 τὴν
2387 2978 2604 3043 ἔξοδον
2635 2978 2751 3032 τῶν
2784 2977 3036 3033 ὑδάτων.
3076 2975 3206 3037 Kal,
3231 2976 3327 3077 ’Ὃ
3366 2973 3473 3029 τὸν
3508 2991 3654 3043 καρ-

385 3084 547 3129 vero:
578 3067 730 3139 Quod
754 3069 987 3137 fructum
1022 3085 1177 3124 suum
1207 3069 1354 3124 dabit
1383 3071 1438 3125 in
1470 3079 1699 3140 tempore
1729 3088 1846 3135 suo,
1869 3088 1965 3127 vo-

383 3158 614 3229 luptatis
657 3158 1034 3213 demonstrare
1075 3159 1414 3229 proluviem;
1467 3174 1594 3217 nam
1633 3159 1778 3230 quod
1810 3159 1966 3214 addi-

385 3256 650 3315 tum'est,
680 3246 747 3302 Et
773 3247 966 3318 folium
989 3248 1104 3318 ejus
1130 3266 1234 3304 non
1272 3248 1463 3319 deﬂuat
1485 3250 1529 3314 °,
1572 3258 1684 3304 tum
1720 3265 1750 3307 a
1782 3250 1962 3313 nobis,

2065 3073 2183 3125 πὸιν
2207 3069 2392 3125 αὑτοῦ
2418 3069 2616 3134 δώσει,
2650 3067 2749 3139 τὴν
2784 3067 2883 3138 τῆς
2923 3066 3116 3137 ἡδονῆς
3152 3062 3453 3136 ἐπίρῤοιαν,
3488 3064 3651 3130 φασὶ,

2065 3159 2244 3229 λέγει’
2280 3158 2391 3214 Kal
2429 3157 2497 3211 τὸ
2531 3158 2771 3227 φύλλον
2806 3155 2990 3211 αὑτοῦ
3020 3155 3133 3209 οὐκ
3170 3150 3652 3221 ἀπορῤυήσεται,

2064 3254 2146 3308 ὅτι
2176 3251 2275 3305 οὐκ
2307 3249 2485 3321 ἐῶμεν
2517 3248 2647 3303 αὐτὸ
2678 3248 2853 3319 χαμαὶ
2883 3248 3090 3311 πεσεῖν,
3119 3244 3257 3299 ἀλλὰ
3301 3243 3455 3299 αὐτοὶ
3512 3242 3651 3301 αὐτὸ

384 3343 667 3414 inquiunt,
712 3341 1011 3416 perficitur,
1062 3358 1187 3399 cum
1238 3345 1291 3399 in
1325 3355 1523 3399 terram
1570 3344 1821 3401 decidere
1856 3361 1965 3400 non
2048 3344 2337 3416 ἐσθίομεν.

387 3432 651 3504 patimur,
689 3431 785 3487 sed
821 3432 1040 3511 ipsimet
1064 3432 1197 3487 illud
1225 3434 1586 3493 absumimus.

458 3520 553 3578 1X.
594 3526 671 3579 Ac
705 3539 771 3579 ne
815 3524 1042 3593 prolatis
1087 3524 1303 3579 illorum
1336 3526 1667 3585 testimoniis
1707 3529 1829 3599 plus
1872 3529 1969 3586 de-

390 3614 636 3671 trimenti
661 3629 825 3685 quam
871 3616 1125 3673 utilitatis
1168 3617 1416 3679 afferam.
1467 3618 1672 3679 idcirco
1712 3622 1968 3692 pleraque

391 3706 613 3763 silentio
653 3708 1084 3777 praetermittam.
1112 3708 1369 3780 Alioquin
1391 3712 1597 3775 omnia,
1639 3728 1760 3783 quae
1793 3714 1863 3770 ab
1902 3714 1968 3769 il-

391 3799 464 3857 lis
492 3798 772 3864 dicuntur,
809 3798 914 3854 hoc
946 3799 1068 3856 loco
1091 3802 1421 3871 esplicando
1453 3818 1964 3860 commemorarem.

390 3889 530 3946 Nam
566 3888 717 3959 quod
783 3890 841 3944 in
882 3890 1167 3963 Scriptura
1208 3892 1439 3965 legimus
1488 3893 1641 3950 Raab
1683 3897 1969 3951 coccinum

391 3983 448 4041 in
473 3981 713 4039 fenestra
736 3984 990 4054 posuisse
1012 3984 1057 4050 ",
1084 4000 1196 4040 non
1220 3986 1505 4042 coccinum
1523 3995 1661 4050 erat,
1693 3987 1967 4058 inquiunt,

391 4075 491 4139 sed
534 4076 801 4132 muliebre
846 4076 1203 4150 pudendum:
1238 4079 1295 4132 in
1341 4094 1451 4151 quo
1494 4080 1784 4136 coccineus
1819 4082 1971 4135 color

394 4174 740 4221 menStruum
784 4166 1109 4238 sanguinem
1148 4166 1437 4237 significat.
1486 4167 1630 4234 Quin
1670 4170 1835 4224 etiam
1877 4185 1971 4226 eo-

393 4255 517 4315 dem
548 4257 683 4312 illud
725 4267 935 4328 spectat
967 4277 981 4313 :
1013 4258 1141 4314 Bibe
1174 4276 1367 4328 aquam
1397 4259 1462 4315 de
1495 4261 1600 4316 tuis
1638 4262 1777 4316 vasis
1797 4262 1838 4314 ⁸.
1883 4260 1971 4317 Si-

2136 3527 2212 3581 6'.
2253 3524 2365 3579 Kal
2389 3524 2478 3580 ἵνα
2532 3522 2605 3594 μὴ
2655 3518 2755 3585 τὰς
2808 3518 3115 3590 μαρτυρίας
3161 3514 3339 3569 αὐτῶν
3389 3513 3447 3566 ἐν
3498 3510 3655 3583 μέσῳ

2069 3618 2218 3688 ἄγων
2256 3615 2445 3688 βλάψαι)
2496 3613 2696 3685 μᾶλλον
2745 3612 2889 3683 ἥπερ
2921 3609 3210 3678 ὠφελήσω,
3247 3604 3437 3659 τούτου
3485 3604 3653 3677 χάριν

2067 3708 2136 3763 τὰ
2171 3708 2339 3762 πολλὰ
2382 3704 2784 3777 ὑπερϐήσομαι.
2833 3701 2986 3755 Ἐπεὶ
3018 3702 3039 3733 ⁸
3082 3701 3148 3757 ἂν
3178 3697 3247 3753 τὰ
3284 3698 3461 3765 πάντα
3515 3698 3652 3767 παρ’

2069 3802 2251 3865 αὐτοῖς
2280 3798 2465 3862 κακῶς
2498 3796 2765 3867 λεγόμενα
2802 3792 3036 3847 ἐνταῦθα
3105 3788 3541 3863 παρατιθέμενος
3572 3787 3654 3842 δι-

2069 3893 2352 3965 ηγόρευον.
2388 3890 2463 3943 Τὸ
2487 3890 2800 3961 γὰρείπεῖν,
2822 3886 2974 3956 φασὶ,
3005 3884 3305 3938 τεθεικέναι
3333 3882 3433 3954 τὴν
3477 3880 3651 3935 Ῥαὰσ

2070 3986 2321 4039 κόκκινον
2360 3984 2419 4038 ἐν
2452 3985 2518 4054 τῇ
2554 3980 2752 4052 θυρίδι,
2779 3979 2878 4033 οὐκ
2907 3974 2996 4050 ἦν,
3023 3977 3177 4049 φασὶ,
3206 3975 3480 4039 κόκκινον,
3511 3973 3650 4027 ἀλλὰ

2069 4076 2140 4130 τὰ
2185 4076 2355 4147 μόρια
2380 4075 2477 4145 τῆς
2516 4071 2835 4143 γυναικείας
2871 4070 3118 4139 φύσεωςο
3157 4070 3252 4123 καὶ
3286 4068 3349 4121 τὸ
3396 4067 3651 4122 κόκκινον

2071 4163 2210 4238 αἷμα
2257 4167 2366 4221 τῶν
2413 4166 2766 4237 καταμηνίων
2815 4163 2987 4233 λέγει.
3028 4161 3133 4216 Kal
3171 4161 3231 4215 τὸ
3272 4162 3465 4225 εἰπεῖν,
3505 4160 3651 4213 [lira

2072 4257 2261 4312 ﬁdam
2292 4256 2408 4313 ἀπὸ
2446 4254 2573 4310 σῶν
2611 4255 2881 4325 ἀγγείων,
2905 4254 3034 4325 περὶ
3067 4251 3256 4305 τούτου
3300 4250 3464 4319 λέγει.
3510 4251 3649 4302 Φασὶ

392 4348 616 4418 quidem
643 4349 870 4406 interire
897 4364 1144 4418 carnem,
1179 4367 1279 4407 nec
1311 4352 1539 4406 excitari
1571 4352 1751 4407 denuo
1776 4354 1969 4424 praedi-

2105 4353 2128 4407 ὲ
2156 4348 2295 4405 εἶναι
2329 4350 2429 4419 τὴν
2464 4348 2642 4418 σάρκα
2670 4344 3071 4415 ἀπολλυμένην,
3107 4342 3202 4395 καὶ
3249 4340 3323 4413 μὴ
3353 4339 3650 4411 ἐγειρομέ-

393 4447 546 4507 cant,
598 4455 828 4511 eamque
870 4442 937 4497 ad
967 4442 1267 4514 principem
1299 4444 1594 4515 pertinere.
1628 4443 1748 4498 Vim
1787 4455 1972 4502 autem

395 4532 567 4595 illam,
602 4548 725 4603 qua:
772 4532 828 4587 in
870 4534 1170 4590 menstruis
1224 4543 1309 4590 est
1350 4549 1415 4591 ac
1466 4535 1695 4601 semine,
1735 4537 1973 4591 animam

393 4637 539 4689 esse,
575 4639 738 4694 quam
773 4624 1061 4681 collectam
1096 4626 1453 4683 comedimus.
1500 4625 1652 4683 Unde
1689 4642 1812 4681 cum
1851 4641 1977 4681 car-

394 4714 559 4771 nibus
614 4722 709 4769 aut
758 4715 1024 4780 oleribus,
1074 4724 1169 4769 aut
1229 4731 1389 4785 pane,
1430 4724 1526 4770 aut
1568 4717 1677 4771 alio
1716 4717 1973 4787 qu0piam

394 4808 688 4869 vescimur,
718 4806 856 4860 bene
881 4805 950 4861 de
984 4807 1185 4861 creatis
1216 4808 1377 4862 rebus
1413 4818 1706 4871 meremur,
1739 4807 1867 4862 dum
1902 4823 1969 4862 ex

395 4893 483 4948 his
510 4895 766 4948 omnibus
796 4895 1033 4955 animam
1069 4909 1447 4965 corrogamus,
1480 4910 1545 4950 ac
1584 4895 1872 4950 nobiscum
1913 4896 1968 4949 in

396 4984 595 5038 ccelum
644 4985 947 5040 evehimus.
1004 4985 1237 5056 ideoque
1278 5002 1477 5056 genere
1527 4987 1676 5040 omni
1722 4986 1969 5040 carnium

397 5083 648 5139 utuntur,
680 5086 737 5130 ut
769 5077 1003 5149 generis,
1035 5078 1209 5141 aiunt,
1241 5078 1415 5133 nostri
1449 5078 1827 5133 misereamur.
1857 5076 1971 5131 Qe-

397 5173 574 5223 terum
600 5167 846 5222 eamdem
879 5169 1060 5224 inesse
1080 5178 1274 5240 putant
1300 5170 1649 5237 animalibus,
1675 5179 1729 5225 et
1757 5169 1970 5235 bestiis,

2074 4461 2172 4513 νην
2194 4460 2208 4476 ’
2241 4436 2468 4495 εἶναιαδὲ
2512 4438 2717 4508 ταύτην
2740 4437 2835 4491 τοῦ
2867 4437 3144 4508 ἄρχοντος.
3189 4433 3299 4504 Τὴν
3332 4432 3387 4485 δὲ
3419 4430 3650 4501 δύναμιν

2075 4536 2174 4607 τὴν
2223 4535 2281 4587 ἐν
2315 4533 2428 4595 τοῖς
2460 4530 2817 4601 καταμηνίοις
2860 4528 2954 4585 καὶ
2999 4528 3055 4581 ἐν
3105 4527 3225 4590 ταῖς
3256 4526 3442 4593 γοναῖς
3467 4522 3649 4592 ψυχὴν

2074 4621 2215 4678 εἷναί
2265 4639 2450 4693 φασιν,
2501 4620 2567 4692 ἣν
2624 4618 2974 4686 συλλέγοντες
3025 4615 3298 4686 ἐσθίομεν.
3350 4613 3459 4668 Kal
3504 4612 3647 4683 ἅπερ

2075 4718 2235 4789 ἡμεῖς
2268 4713 2517 4784 ἐσθίομεν
2551 4712 2669 4781 (75)
2706 4711 2862 4781 κρέα,
2892 4710 2925 4781 ἢ
2975 4708 3205 4779 λάχανα,
3240 4706 3274 4777 ἢ
3318 4706 3502 4779 ἄρτον,
3538 4705 3647 4775 ἧτι

2076 4806 2283 4877 ἕτερον,
2338 4804 2498 4875 χάριν
2544 4800 2804 4871 ποιοῦμεν
2850 4802 2971 4862 ταῖς
3014 4799 3245 4859 κτίσεσι,
3297 4794 3647 4861 συλλέγοντες

2075 4896 2183 4951 ἀπὸ
2214 4896 2430 4949 πάντων
2466 4892 2562 4963 τὴν
2593 4891 2790 4964 ψυχὴν,
2823 4890 2918 4944 καὶ
2956 4888 3349 4960 μεταφέροντες
3382 4885 3499 4956 μεθ’
3526 4886 3622 4939 tau

2074 4986 2183 5039 τῶν
2231 4986 2310 5048 εἰς
2361 4982 2428 5036 τὰ
2472 4981 2789 5053 ἐπουράνια.
2847 4979 3045 5048 Διόπερ
3092 4977 3186 5029 καὶ
3231 4975 3449 5029 πάντων
3485 4991 3645 5046 μετα-

2075 5075 2411 5147 λαμϐάνουσι
2441 5073 2618 5146 κρεῶν
2644 5072 2916 5138 λέγοντες,
2950 5071 3041 5129 ἵνα.
3070 5069 3383 5139 ἐλεήσωμεν
3409 5066 3468 5119 τὸ
3493 5067 3643 5135 γένος

2078 5168 2256 5242 ἡμῶν.
2280 5167 2554 5222 Φάσκουσι
2579 5166 2635 5221 δὲ
2662 5166 2761 5239 τὴν
2783 5164 2955 5235 αὐτὴν
2978 5161 3155 5233 ψυχὴν
3182 5156 3322 5214 εἶναι
3354 5158 3413 5214 ἐν
3447 5176 3509 5212 τε
3536 5162 3641 5221 τοῖς

473 5316 921 5419 ’.ἑθερὶιὲέξζ
947 5322 1008 5419 ιζ
1036 5319 1195 5376 Joan.
1233 5281 1451 5419 V1,?9.\
1512 5326 1531 5356 ³
1563 5325 1695 5381 ibid.
1722 5325 1811 5383 54.
1885 5326 1907 5357 ⁸
1942 5326 1969 5379 il

2105 5324 2192 5380 61.
2260 5326 2282 5358 ⁸
2305 5325 2450 5382 Psal.
2477 5342 2515 5392 ι,
2542 5326 2597 5381 ὅ.
2677 5323 2698 5354 ⁸
2730 5320 2861 5376 ibid.
2929 5321 2950 5353 "
2980 5317 3147 5376 Josue
3178 5333 3240 5384 ll,
3270 5316 3363 5372 21.
3429 5314 3454 5348 ⁸
3483 5312 3639 5369 Prov.

395 5403 451 5453 ν,
494 5388 577 5444 ιε.
615 5416 630 5450 ς
663 5389 773 5446 ’F.
805 5390 921 5453 πῶς
944 5391 1028 5445 ἄν.
1298 5388 1437 5461 λιιι,

468 5528 581 5599 (Ἱό)
614 5530 724 5587 Καὶ
758 5532 907 5604 ἅπερ
943 5531 1107 5604 ἡμεῖς
1140 5532 1439 5605 ἐσθίομεν,
1471 5533 1614 5589 idem
1658 5531 1939 5590 Manicbzni

2105 5542 2228 5591 tare
2258 5534 2523 5602 solebant,
2554 5542 2613 5590 ut
2640 5550 2706 5590 ex
2738 5532 2875 5604 Aug.
2909 5532 3004 5588 lib.
3058 5528 3321 5586 Adversus
3382 5527 3634 5585 Fausta.

378 5620 385 5627 ·
404 5610 646 5673 apparet.
