3760 6176
70 235 177 293 515

707 238 1079 327 Αυνειιευε
1117 239 1459 299 ιΙλΕίίΕΞΕΞ
1497 240 1627 299 LIB.
1659 288 1663 295 ί

1831 246 1905 300 Μ.
1950 245 2011 300 Il.
2050 280 2120 289 -—
2154 244 2428 306 HJERES.
2465 250 2651 307 XXVI.

3235 255 3341 312 546

74 356 232 421 ζώοις
265 356 360 410 καὶ
388 357 448 410 ὲν
495 358 807 422 κνωδάλοις,
842 359 938 412 καὶ
991 358 1190 429 ἰχθύσι,
1224 361 1320 414 καὶ
1347 360 1526 430 ὄφεσι,
1556 360 1652 415 καὶ

1844 364 2091 433 piscibus
2130 381 2195 420 ac
2237 368 2587 437 serpentibus
2633 367 2894 434 animam,
2942 385 3063 439 quae
3099 372 3338 428 homini-

74 446 382 519 ἀνθρώποις
422 449 890 522 ἐγκατεσπάρθαι,
925 451 1022 504 καὶ
1055 453 1113 505 ὲν
1151 451 1427 520 λαχάνοις,
1473 451 1657 506 καὶ.ὲν

73 537 339 608 δένδρεσι,
375 539 469 592 καὶ
508 539 567 592 ὲν
594 540 922 610 τεννήμασι.
955 541 1069 595 Καὶ
1116 542 1168 594 oi
1210 543 1311 612 μὲν
1356 542 1538 596 αὐτῶν
1569 540 1661 592 Φι-

76 629 321 683 6ιωνῖται
357 630 681 702 καλούμενοι
719 632 1055 704 ἀναφέρουσι
1086 634 1185 697 τὰς
1215 635 1447 705 αἰσχρὰς
1481 639 1659 693 αὐτῶν

77 719 266 784 θυσίας
306 723 407 792 τῆς
444 723 724 795 πορνείας,
750 723 849 788 τὰς
877 725 968 793 ὑφ’
1001 725 1159 796 ἡμῶν
1189 726 1425 781 ἐνταῦθα
1470 746 1660 801 προει-

76 816 323 884 ρημένας
380 818 616 887 ’ὀνόμασι
677 818 1023 889 τριακοσίοις·
1062 819 1493 890 ἑξηκονταπέντε
1514 861 1529 887 ,
1579 820 1662 887 οἷς

76 908 231 960 αὐτοὶ
270 908 512 963 ἔπλασαν
559 910 839 981 ἀρχόντων
885 911 1082 982 δῆθεν,
1142 912 1505 983 ἐμπαίζοντες
1549 918 1661 978 τοῖς

74 999 475 1069 γυναικαρίοις,
510 1001 609 1052 καὶ
646 1000 935 1068 λέγοντες·
984 1001 1193 1072 Μίγηθι
1235 1003 1351 1073 μετ’
1384 1002 1540 1073 ἐμοῦ,
1573 1005 1662 1058 ἵνα

74 1103 135 1140 σε
180 1089 465 1158 ἀνενέγκω
510 1091 647 1163 πρὸς
694 1093 786 1146 τὸν
838 1094 1098 1166 ἄρχοντα.
1146 1092 1281 1149 Καθ’
1332 1096 1571 1167 ἑκάστην
1604 1097 1661 1150 δὲ

77 1179 226 1250 μίξιν
278 1181 639 1252 ὀνομάζουσιν
680 1185 798 1249 ἑνὸς
828 1186 1001 1256 ὄνομά
1044 1203 1188 1250 τινος
1236 1188 1508 1261 βάρϐαρον
1552 1190 1660 1243 τῶν

28 1284 43 1287 ί
74 1272 207 1341 παρ’
238 1273 427 1338 αὐτοῖς
474 1276 932 1348 πεπλανημένων,
979 1279 1076 1332 καὶ
1105 1277 1266 1348 δῆθεν
1294 1277 1545 1349 εὔχονται
1574 1280 1663 1333 λέν

73 1380 267 1432 γοντες
287 1380 301 1395 ⁸
337 1366 729 1438 Προσφέρομέν
771 1386 853 1422 σοι
878 1368 957 1439 τῷ
982 1369 1135 1435 δεῖνι,
1166 1369 1252 1423 ἵνα
1285 1372 1661 1445 προσενέγκῃς

72 1458 148 1527 τῷ
172 1458 333 1512 δεῖνι.
364 1458 454 1531 -Τῇ
486 1460 542 1514 δὲ
573 1461 709 1535 ἄλλῃ
742 1462 905 1516 πάλιν
938 1463 1082 1532 μίξει
1120 1462 1265 1535 ἄλλῳ
1314 1465 1660 1538 ὑποτίθενται

74 1548 344 1614 ὡσαύτως
370 1553 719 1623 προσφέρειν,
762 1554 850 1609 ἵνα
890 1555 984 1607 καὶ
1008 1555 1173 1619 αὐτὸς
1215 1555 1295 1626 τῷ
1336 1556 1501 1628 ἄλλῳ.
1549 1559 1660 1612 Καὶ

72 1641 174 1706 ἕως
201 1642 274 1695 ἂν
306 1642 460 1716 ἔλθῃ,
495 1644 694 1714 μᾶλλον
727 1646 783 1699 δὲ
812 1646 1050 1718 κατέλθῃ
1090 1649 1412 1719 τριακοσίας
1436 1647 1651 1720 ἑξηκον-

73 1734 308 1788 ταπέντε
359 1734 597 1799 πτώσεις
619 1736 721 1805 τῆς
745 1736 1019 1805 λαγνείας,
1053 1738 1176 1792 καθ’
1206 1739 1442 1809 ἑκάστην
1488 1740 1659 1810 ὄνομά

70 1842 120 1878 τι
158 1826 505 1880 ἐπικαλεῖται
533 1827 594 1881 τὸ
631 1825 841 1880 τοιοῦτο
869 1830 1257 1900 ἐργαζόμενος.
1294 1830 1404 1883 Καὶ
1431 1830 1660 1900 ἄρχεται

74 1918 239 1972 πάλιν
296 1919 549 1973 κατιέναι
594 1918 683 1973 διὰ
731 1920 838 1972 τῶν
890 1920 1101 1985 αὐτῶν,
1147 1919 1218 1973 τὰ
1269 1921 1406 1974 αὐτὰ
1457 1922 1660 1993 αἰσχρὰ

74 2010 349 2065 ἐπιτελῶν
398 2011 492 2063 καὶ
537 2011 822 2080 ὲμπαίζων
867 2015 987 2075 ταῖς
1036 2013 1444 2083 ὴπατημέναις.
1493 2014 1660 2069 Ὅταν

75 2099 167 2156 οὗν
199 2105 286 2166 είς
320 2103 579 2157 τοσοῦτον
621 2101 858 2174 ἀριθμοῦ
905 2102 1068 2172 ὄγκον
1116 2103 1283 2175 ὲλάσῃ
1318 2105 1660 2160 ἑπτακοσίων

73 2196 375 2266 τριάκοντα
420 2195 699 2258 πτώσεων,
732 2194 874 2261 λέγω
914 2194 979 2266 δὴ
1029 2195 1231 2265 μίξεων
1273 2195 1533 2267 αἰσχρῶν,
1564 2199 1661 2251 καὶ

71 2288 361 2358 ὀνομάτων
407 2288 518 2342 τῶν
556 2288 684 2357 παρ’
716 2286 900 2347 αὐτοῖς
944 2285 1365 2356 πεπλασμένων,
1400 2288 1522 2340 τότε
1550 2288 1660 2341 λοι-

73 2380 175 2435 πὸν
212 2380 397 2450 τολμᾷ
427 2381 456 2432 ὀ
489 2380 750 2446 τοιοῦτος,
784 2381 882 2434 καὶ
909 2378 1092 2448 λέγει·
1147 2379 1290 2449 Ἐγώ
1329 2384 1443 2452 ειμι
1470 2382 1499 2434 ό
1528 2382 1663 2451 Χρι-

72 2472 223 2535 στός·
288 2471 480 2542 ἐπειδὴ
518 2470 722 2526 ἄνωθεν
745 2470 1098 2542 καταϐέϐηκα
1124 2471 1213 2525 διὰ
1235 2472 1344 2526 τῶν
1372 2472 1653 2543 ὀνομάτων

72 2563 181 2618 τῶν
210 2564 325 2629 τξε⁹
356 2564 653 2635 ἀρχόντων.

140 2655 203 2713 I'.
247 2656 333 2710 Τά
354 2656 409 2710 δὲ
431 2656 539 2710 τῶν
572 2654 834 2727 μειζόνων
870 2654 991 2709 κατ’
1017 2654 1215 2719 αὐτοὺς
1240 2655 1517 2726 ἀρχόντων
1548 2657 1663 2710 ὀνό-

75 2766 228 2818 ματα
275 2748 452 2802 ταῦτα
497 2742 637 2801 εἶναι
680 2746 921 2816 λέγουσι,
971 2746 1200 2810 πολλοὺς
1244 2746 1512 2816 λέγοντες.
1574 2749 1663 2803 Ἐν

74 2841 185 2912 μὲν
204 2840 292 2911 τῷ
320 2840 524 2912 πρώτῳ
560 2839 774 2913 οὐρανῷ
803 2835 941 2893 εἶναι
968 2839 1061 2892 τὸν
1111 2838 1234 2897 Ἰαὼ
1263 2838 1523 2909 ἄρχοντα,
1552 2841 1649 2895 καὶ

72 2936 129 2985 ὲν
162 2932 251 3004 τῷ
285 2932 527 3004 δευτέρῳ
553 2932 717 3001 φασὶν
745 2927 881 2986 εἶναι
904 2933 995 2987 τὸν
1026 2933 1239 2987 Σακλᾶν
1276 2934 1512 3005 ἄρχοντα
1561 2934 1662 3002 τῆς

1762 456 1866 512 bus
1932 456 2085 516 insit,
2126 472 2337 512 necnon
2380 468 2435 513 et
2484 459 2748 523 oleribus,
2798 466 2853 514 et
2922 461 3231 528 arboribus,
3273 479 3338 520 ac

1762 547 2395 617 germinibus'infusam.
2430 549 2547 605 Jam
2576 567 2707 606 vero
2732 552 2825 621 qui
2848 567 2917 607 ex
2956 553 3025 607 iis
3054 551 3341 609 Phihioni-
3408 562 3439 589 ιί

1761 648 1832 694 tae
1856 647 2123 696 vocantur
2157 642 2497 696 exsecranda
2527 643 2618 696 illa
2648 644 2893 699 libidinis
2938 659 3118 707 sacra,
3151 662 3273 716 quae
3306 661 3337 699 a

1760 729 1920 785 nobis
1947 728 2217 799 explicata
2254 741 2403 796 sunt,
2442 748 2643 788 cccnxv
2679 736 2997 790 nominibus
3030 737 3334 802 ascribunt,

1761 837 1882 890 quae
1936 823 2243 893 principum
2290 840 2412 881 esse
2466 828 2684 895 prepria
2721 829 3017 884 commen'i
3060 836 3209 885 sunt.
3258 828 3334 883 Ita

1760 914 2104 969 mulierculis
2169 914 2460 972 illudentes
2501 918 2893 988 :Congredere
2943 935 3193 983 mecum,
3252 922 3337 975 in-

1760 1005 1979 1075 quiunt,
2010 1014 2068 1059 ut
2096 1014 2148 1061 te
2180 1006 2247 1060 ad
2281 1007 2582 1079 principem
2614 1010 2930 1079 perducam.
2963 1010 3099 1064 Tum
3131 1010 3199 1065 ad
3221 1011 3336 1066 sin-

1760 1099 1920 1167 gulos
1967 1098 2145 1153 coitus
2180 1099 2477 1154 barbarum
2522 1101 2745 1171 aliquod
2779 1103 2944 1159 unius
2971 1118 3037 1158 ex
3086 1103 3195 1159 illis
3235 1119 3337 1159 no-

1760 1204 1885 1244 men
1936 1196 2140 1245 temere
2192 1191 2261 1245 ab
2321 1190 2389 1246 iis
2436 1192 2801 1263 excogitatum
2857 1195 3232 1263 pronuntiant,
3272 1207 3336 1250 ac

1760 1280 2018 1334 nimirum
2043 1281 2144 1333 hac
2175 1281 2407 1335 formula
2439 1290 2772 1352 precantur:
2802 1283 2924 1338 Tibi
2951 1284 3334 1350 N.oil'erimus,

1760 1381 1822 1425 ut
1856 1370 1922 1425 N.
1967 1373 2211 1428 vicissim
2256 1372 2489 1439 oll‘eras;
2537 1366 2663 1430 inde
2705 1375 2814 1431 alio
2856 1391 3050 1432 rursus
3091 1377 3146 1430 in
3200 1391 3335 1431 con-

1760 1479 1951 1534 gressu
1998 1464 2155 1518 alteri
2201 1481 2260 1520 se
2310 1465 2507 1521 offerre
2546 1466 2865 1536 pradicant,
2909 1476 2969 1522 ut
3003 1475 3057 1522 et
3099 1468 3147 1525 is
3180 1468 3338 1525 alteri

1761 1564 2133 1625 repraesentet.
2156 1555 2231 1609 Im
2256 1558 2427 1613 donec
2454 1573 2549 1628 per
2573 1573 2776 1613 ccc:va
2796 1558 3042 1615 libidinis
3076 1573 3144 1616 ac
3169 1562 3335 1618 lasci-

1760 1650 1859 1703 viae
1912 1648 2117 1719 gradus
2163 1650 2533 1714 ascenderint,
2568 1652 2653 1705 vel
2699 1651 3087 1706 descenderint
3125 1650 3334 1721 potius,

1761 1741 1979 1811 quoties
2019 1740 2284 1797 Venerem
2336 1750 2608 1811 repetunt,
2654 1742 2923 1813 ejusmodi
2970 1742 3193 1814 aliquod
3234 1759 3339 1800 no-

1762 1850 1887 1889 men
1931 1835 2228 1904 appellant.
2287 1834 2418 1889 inde
2456 1851 2552 1905 per
2597 1834 2787 1890 eadem
2848 1836 2941 1889 illa
2983 1835 3340 1906 turpitudinis

1760 1926 1989 1997 vestigia
2024 1927 2364 1992 relabuntur,
2405 1941 2467 1980 ac
2507 1927 2901 1981 circumventis
2948 1938 2980 1979 a
3026 1941 3088 1981 se
3122 1942 3343 1981 muner-

1763 2019 1903 2074 culis
1941 2017 2199 2074 illudunt.
2229 2017 2335 2088 91
2363 2016 2661 2087 Postquam
2708 2024 2887 2071 autem
2938 2016 3186 2071 iterando
3236 2029 3333 2068 διε·

1760 2111 1885 2181 pius
1918 2110 2237 2172 concubitu,
2268 2124 2331 2163 ac
2360 2109 2500 2163 [ictis
2534 2109 2644 2164 illis
2670 2107 2984 2163 nominibus
3026 2107 3341 2177 repetendis

1760 2216 1964 2257 nccxxx
1998 2216 2286 2256 numerum
2330 2199 2648 2269 implerunt,
2694 2198 2957 2266 deinceps
2992 2198 3088 2267 qui
3133 2196 3184 2250 id
3218 2212 3343 2267 egeo-

1764 2292 1855 2353 rit,
1894 2291 2069 2361 palam
2106 2289 2175 2343 de
2218 2305 2277 2345 se
2313 2288 2613 2359 praedicare
2649 2302 2758 2341 non
2789 2286 3003 2341 dubitat
3036 2307 3047 2340 :
3076 2285 3190 2355 Ego
3220 2300 3344 2340 suun

1762 2382 2034 2436 Christus.
2078 2379 2210 2433 Nam
2258 2396 2354 2450 per
2396 2394 2600 2435 cccnxv
2650 2377 2874 2433 nomina
2918 2376 3224 2448 principum
3256 2397 3324 2436 ex

1762 2471 1873 2524 alto
1895 2469 2177 2526 descendi.

1831 2650 1899 2703 Χ.
1940 2649 2202 2719 Maiorum
2237 2666 2400 2721 porro
2436 2649 2744 2720 principum
2794 2649 3019 2704 nomina
3060 2648 3179 2705 haec
3221 2662 3348 2706 esse

1764 2752 2088 2797 memorant.
2128 2743 2184 2796 In
2212 2758 2486 2829 supremo,
2515 2742 2791 2811 inquiunt.
2818 2743 2951 2796 orbe
2986 2741 3188 2797 residet
3214 2739 3346 2810 Jao;
3426 2725 3441 2779 ί

1765 2834 1818 2888 in
1868 2832 2112 2888 secundo
2155 2831 2376 2893 Saclan,
2428 2831 2474 2887 is
2523 2831 2618 2900 qui
2659 2831 2866 2901 stupris
2916 2845 2980 2885 ac
3027 2830 3347 2885 libidinibus

1764 2933 1988 2996 praeest;
2028 2925 2084 2978 in
2132 2923 2294 2978 tertio
2360 2922 2597 2989 Scthus;
2661 2923 2713 2976 iu
2761 2928 2958 2991 quarto
3002 2920 3188 2976 Daden
3236 2930 3349 2977 sut-

72 3024 362 3095 Mpveiag'
412 3023 471 3077 ὲν
502 3022 560 3075 δὲ
604 3023 683 3094 τῷ
708 3022 876 3095 τρίτῳ
913 3023 1002 3076 τὸν
1034 3023 1141 3094 Σὴθ
1186 3023 1423 3095 ἄρχοντα
1444 3040 1459 3053 ⁸
1511 3025 1568 3076 ἐν
1599 3023 1659 3077 δὲ

1831 3026 1928 3070 ιιιιι
1963 3036 1977 3070 :
2022 3016 2222 3086 quippe
2264 3022 2522 3085 quartum
2571 3030 2695 3070 esse
2733 3015 2933 3069 cmium
2990 3020 3347 3077 asseverant,

72 3114 146 3185 τῷ
178 3114 439 3185 τετάρτῳ
489 3112 630 3167 εἷναί
678 3131 812 3183 φασι
849 3114 941 3168 τὸν
990 3114 1198 3185 Λάδηνο
1250 3115 1510 3185 τέταρτον
1557 3115 1666 3185 γὰρ

71 3207 433 3261 ὑποτίθενται
473 3206 722 3275 οὐρανὸν,
755 3207 851 3259 καὶ
885 3207 1068 3278 τρίτον
1088 3222 1102 3237 ·
1137 3205 1386 3276 πέμπτον
1426 3205 1481 3257 δὲ
1513 3205 1668 3259 ἄλλον

70 3299 337 3369 οὐρανὸν,
385 3300 447 3358 ὲν
480 3293 527 3365 ᾧ
562 3314 723 3367 φασιν
775 3293 915 3351 εἶναι
968 3297 1061 3351 τὸν
1128 3298 1383 3351 Ἐλωαῖον
1428 3297 1520 3350 τὸν
1576 3296 1671 3349 καὶ

84 3391 405 3444 Ἀδωναῖον.
462 3389 552 3447 Ἐν
584 3388 640 3441 δὲ
672 3388 750 3458 τῷ
795 3388 941 3459 ἕκτῳ
973 3388 1137 3456 φασὶν
1179 3383 1321 3441 εἶναι
1360 3387 1409 3439 oi
1445 3385 1545 3457 μὲν
1580 3384 1670 3439 τὸν

83 3481 448 3545 ἰαλδαϐαὼθ,
488 3482 540 3535 οἱ
570 3481 628 3536 δὲ
664 3480 756 3536 τὸν
807 3480 1097 3535 Ἡλιλαῖον.
1133 3480 1327 3534 Ἀλλον
1357 3479 1414 3532 δὲ
1446 3477 1672 3547 ἕϐδομον

68 3575 313 3644 οὐρανὸν
361 3574 728 3639 ὑποτίθενται,
765 3576 822 3628 ὲν
864 3566 909 3642 ᾧ
950 3573 1199 3642 λέγουσιν
1248 3567 1390 3626 εἶναι
1434 3570 1525 3624 τὸν
1566 3570 1672 3623 Σα-

73 3665 254 3719 ϐαὼθ.
296 3665 484 3718 ’Δλλοι
532 3665 589 3718 δὲ
632 3664 880 3733 λέγουσιν
926 3664 1066 3735 οὐχὶ,
1118 3663 1232 3717 ἀλλ’
1266 3665 1293 3716 ὀ
1350 3659 1671 3715 Ἰαλδαϐαώθ

72 3758 229 3811 ἐστιν
281 3756 346 3808 ὲν
392 3755 473 3825 τῷ
505 3755 751 3827 ἑϐδόμην
806 3758 866 3809 ὲν
910 3756 968 3809 δὲ
1009 3755 1090 3826 τῷ
1122 3754 1293 3825 ὀγδόῳ
1323 3752 1539 3823 οὐρανῷ
1575 3750 1675 3823 τὴν

74 3845 361 3918 Βαρϐηλὼ
407 3846 777 3918 καλουμένην,
811 3846 905 3900 καὶ
953 3846 1044 3899 τὸν
1092 3846 1310 3918 Πατέρα
1360 3846 1468 3898 τῶν
1512 3843 1669 3907 ὅλων,

74 3939 173 3993 καὶ
208 3938 426 4010 Κύριον
453 3940 545 3993 τὸν
574 3939 737 3993 αὐτὸν
774 3938 1143 4009 αὑτοπάτορα,
1179 3937 1275 3991 καὶ
1304 3935 1538 4008 Χριστὸν
1580 3934 1674 3991 ἆλ-

74 4034 168 4087 λον
214 4032 612 4103 αὐτολόχευτον
632 4049 648 4065 ο
695 4031 792 4086 καὶ
828 4031 1062 4104 Χριστὸν
1110 4030 1300 4084 τοῦτον
1344 4029 1436 4083 τὸν
1487 4028 1677 4084 κατελ-

76 4126 271 4192 θόντα,
300 4125 400 4179 καὶ
431 4124 683 4191 δείξαντα
710 4127 822 4187 τοῖς
846 4122 1153 4195 ἀνθρώποις
1178 4122 1383 4194 ταύτην
1413 4123 1512 4193 τὴν
1544 4121 1679 4191 γνῶ·

74 4236 186 4283 σιν,
225 4218 289 4272 ὃν
326 4217 424 4271 καὶ
479 4216 688 4287 Ἰησοῦν
732 4230 899 4285 φασι*
953 4215 1026 4285 μὴ
1079 4210 1217 4267 εἷναι
1260 4214 1317 4267 δὲ
1365 4213 1528 4267 αὐτὸν
1571 4213 1679 4267 ἀπὸ

74 4310 313 4381 Μαρίας
346 4306 767 4378 γεγεννημένον,
794 4306 931 4360 ἁλλά
955 4305 1043 4358 διὰ
1070 4304 1285 4377 Μαρίας
1311 4303 1673 4374 δεδειγμένον·

1770 3116 1823 3162 et
1870 3108 2132 3173 tertium;
2190 3122 2255 3161 ac
2307 3120 2499 3161 rursus
2535 3106 2810 3175 quintum,
2858 3105 2913 3159 in
2952 3122 3061 3175 quo
3106 3104 3348 3160 Eloazum

1769 3201 2062 3263 collocant,
2091 3198 2183 3268 qui
2214 3199 2357 3253 idem
2386 3207 2442 3255 et
2475 3198 2747 3252 Adonmus
2774 3197 2998 3251 dicitur.
3024 3196 3096 3250 At
3134 3204 3350 3252 sextum

1771 3308 2042 3363 occupare
2069 3292 2262 3346 volunt
2290 3291 2385 3344 alii
2425 3289 2778 3353 .laldabaoth,
2806 3287 3050 3343 Elilzeum
3088 3288 3202 3342 alii.
3243 3285 3351 3343 Sed

1770 3397 1824 3441 et
1855 3384 2150 3455 septimum
2193 3398 2317 3438 esse
2357 3382 2610 3436 nonnulli
2640 3379 2928 3442 deﬁniunt.
2976 3381 3064 3434 cui
3111 3379 3352 3434 Sabaoth

1772 3478 2030 3532 insideat.
2060 3476 2217 3540 Quod
2244 3475 2315 3530 ab
2340 3476 2465 3530 aliis
2507 3482 2761 3544 negatur,
2794 3474 2885 3543 qui
2908 3472 3233 3528 Jaldabaoth
3266 3489 3355 3529 se.

1773 3571 1996 3640 ptimam
2030 3570 2179 3622 illam
2202 3568 2491 3623 stationem
2526 3566 2856 3621 attribuunt.
2890 3565 2950 3619 lu
2982 3573 3177 3621 octavo
3220 3556 3391 3683 Bar-\

1775 3660 1952 3683 Ι..-1....2
1990 3658 2320 3683 ,Ιιιωεηζιξ.ι.νιε
2356 3673 2473 3683 Ann].
2499 3656 2706 3683 Ω-εικηηι
2780 3671 2989 3683 -ιηηηιιις
3028 3665 3075 3683 ΑΙ
3131 3655 3321 3683 ..ηε-νιν..-

1773 3660 1954 3716 beloni
1986 3658 2321 3713 domicilium
2353 3673 2474 3712 esse
2499 3656 2743 3725 tingunt,
2780 3671 2993 3711 necnon
3027 3665 3081 3711 et
3131 3655 3354 3711 univer-

1775 3767 1962 3808 sorum
2003 3749 2219 3805 Parenti
2260 3749 2360 3813 illi,
2410 3747 2505 3818 qui
2547 3747 2689 3802 idem
2725 3747 2987 3802 Dominus
3027 3748 3119 3812 sit,
3156 3754 3212 3803 et
3240 3747 3358 3801 sui-

1775 3842 2064 3912 metipsius
2106 3849 2281 3912 pater,
2327 3837 2790 3910 quemadmodum
2839 3845 2895 3892 et
2936 3838 3095 3891 alteri
3138 3836 3361 3891 cuidam
3428 3828 3429 3839 “

1775 3936 2016 3998 Christo,
2042 3936 2133 4005 qui
2167 3949 2261 4003 per
2290 3947 2411 3988 sese
2432 3932 2504 3988 sit
2528 3932 2582 3986 in
2616 3930 2794 3984 lucem
2828 3928 3035 3984 editus.
3063 3927 3202 3982 Tum
3227 3941 3365 3983 vero

1777 4027 2079 4091 Christum,
2130 4024 2334 4080 ibidem
2380 4024 2560 4094 ipsum
2615 4022 2907 4084 collocant,
2964 4019 3058 4090 qui
3102 4018 3172 4073 de
3218 4017 3364 4072 ctelo

1778 4118 2084 4182 descendit,
2112 4124 2166 4171 et
2197 4115 2468 4185 ejusmodi
2498 4114 2869 4184 cognitionem
2900 4111 3139 4164 humano
3170 4106 3361 4181 generi

1779 4213 2034 4277 contulit,
2061 4227 2224 4283 quem
2248 4210 2413 4265 etiam
2439 4208 2771 4279 appellatum
2806 4204 2976 4260 fuisse
3003 4203 3190 4259 Jesum
3218 4216 3358 4271 prer-

1780 4306 1984 4360 dicant.
2035 4302 2231 4358 Verum
2280 4300 2531 4369 eumdem
2578 4307 2777 4370 negant
2821 4297 2890 4352 de
2934 4296 3102 4349 Maria
3148 4302 3362 4355 natum,

76 4404 271 4474 σάρκα
302 4401 363 4454 δὲ
396 4400 561 4454 αὐτὸν
602 4401 675 4471 μὴ
712 4399 1008 4470 εἰληφέναι,
1043 4398 1157 4452 ἀλλ’
1191 4398 1224 4468 ἢ
1275 4397 1431 4469 μόνον
1457 4396 1663 4467 δόκησιε.

1831 4396 1881 4450 :d
1924 4412 2017 4465 per
2051 4394 2276 4449 Mariam
2330 4400 2614 4447 ostensum
2667 4395 2954 4453 asserunt;
3007 4400 3183 4454 neque
3234 4398 3365 4437 car-

77 4491 251 4551 εἶναι.
287 4493 431 4547 Φασὶ
457 4494 515 4546 δὲ.
540 4493 633 4546 τὸν
660 4491 885 4545 Σαϐαὼθ
916 4492 966 4546 ei
992 4491 1091 4561 μὲν
1121 4489 1243 4543 ὄνου
1277 4488 1491 4560 μορφὴν
1516 4488 1682 4559 ἔχειν,

73 4592 123 4642 οἱ
167 4589 232 4641 δὲ
268 4586 483 4657 χοίρου.
539 4586 740 4656 Διόπερ
787 4585 1124 4647 ἐνετείλατο,
1171 4582 1328 4651 φασὶ,
1380 4584 1491 4645 τοῖς
1555 4582 1685 4635 Ἰου-

74 4680 257 4743 δαίοις
310 4681 495 4749 χοῖρον
542 4678 617 4749 μὴ
668 4675 891 4731 ἐσθίειν.
943 4670 1095 4729 Εἶναι
1139 4674 1196 4727 δὲ
1243 4672 1408 4726 αὑτὸν
1452 4672 1683 4743 ποιητὴν

74 4771 330 4847 οὐρανοῦ
376 4770 472 4825 καὶ
502 4771 627 4841 γῆς,
674 4770 769 4824 καὶ
804 4768 914 4823 τῶν
963 4766 1081 4838 μετ’
1111 4765 1272 4820 αὑτὸν
1314 4764 1558 4835 οὐρανῶν
1589 4764 1684 4818 καὶ

76 4866 350 4935 ἀγγέλων
386 4863 497 4918 τῶν
534 4861 750 4915 ἑαυτοῦ.
791 4862 904 4932 Τὴν
932 4859 991 4913 δὲ
1035 4858 1235 4929 ψυχὴν,
1273 4859 1329 4910 ὲν
1361 4856 1439 4926 τῷ
1466 4855 1682 4927 ἐξέρχε-

79 4961 208 5014 σθαι
248 4954 537 5017 ἐντεῦθεν,
563 4953 856 5008 διαϐαίνειν
885 4952 975 5007 διὰ
1002 4951 1112 5006 τῶν
1139 4950 1417 5021 ἀρχόντων
1446 4947 1679 5002 τούτων·

80 5053 159 5123 μὴ
188 5047 469 5104 δύνασθαι
504 5047 564 5099 δὲ
591 5045 941 5115 διαπεράσαι,
997 5044 1047 5096 εί
1104 5043 1178 5113 μή
1213 5059 1268 5095 τι
1301 5039 1367 5093 ἂν
1400 5042 1501 5111 τῆς
1545 5038 1681 5108 γνώ-

76 5160 229 5205 σεως
286 5143 305 5173 ³
359 5142 417 5193 ἐν
472 5137 796 5209 πληρώματι
852 5136 1098 5207 γένηται,
1145 5133 1345 5205 μᾶλλον
1384 5132 1441 5185 δὲ
1482 5130 1683 5199 ταύτης

75 5235 181 5304 τῆς
219 5231 657 5301 καταγνώσεως,
692 5228 789 5284 καὶ
832 5226 1207 5298 ὲμφορηθεῖσα
1238 5224 1542 5297 διαδράσειε
1575 5222 1685 5275 τῶν

78 5326 385 5397 ἀρχόντων
422 5321 519 5375 καὶ
564 5321 673 5373 τῶν
722 5318 977 5386 ἐξουσιῶν
1034 5317 1133 5381 τὰς
1173 5321 1382 5389 χεῖρας.
1429 5312 1584 5369 Εἶναι
1631 5314 1687 5366 δὲ

76 5414 485 5491 δρακοντοειδῆ
524 5413 613 5467 τὸν
644 5414 880 5485 ἄρχοντα
909 5412 1001 5465 τὸν
1033 5410 1333 5480 κατέχοντα
1360 5407 1450 5462 τὸν
1484 5405 1687 5477 κόσμον

80 5510 316 5571 τοῦτον,
350 5505 445 5559 καὶ
486 5504 851 5559 καταπίνοντα
887 5506 987 5576 μὲν
1024 5512 1121 5567 τας
1169 5501 1344 5573 ψυχὰς
1384 5499 1481 5563 τὰς
1525 5499 1599 5572 μὴ
1634 5501 1689 5554 ὲν

162 5691 181 5728 ι
218 5705 328 5763 γρ.
363 5685 645 5759 γενέσεως

1784 4504 1907 4543 nem
1946 4487 2106 4541 aliter
2135 4500 2300 4556 quam
2331 4482 2514 4555 specie
2550 4482 2670 4552 ipsa
2723 4479 3055 4548 suscepisse.
3105 4474 3260 4541 Quod
3292 4476 3363 4529 ad

1787 4579 2028 4635 Sabaoth
2081 4578 2337 4649 pertinet,
2398 4576 2544 4630 hunc
2585 4573 2724 4628 asini
2774 4572 3020 4641 quidam,
3064 4569 3154 4622 alii
3209 4567 3363 4636 porci

1785 4674 1957 4745 ﬁgura
2007 4678 2266 4725 constare
2301 4674 2549 4723 censent.
2588 4664 2670 4720 Ob
2722 4664 2886 4733 idque
2916 4660 3141 4721 Judaeis,
3187 4660 3362 4723 aiunt,

1783 4767 1962 4822 suillis
1994 4760 2260 4818 carnibus
2304 4759 2687 4814 interdixerat.
2724 4754 2882 4810 Hune
2925 4767 3049 4807 esse
3094 4751 3219 4805 caeli
3255 4757 3366 4805 ter-

1780 4871 1961 4926 raeque
1999 4852 2365 4915 conditorem,
2420 4858 2533 4903 tum
2586 4861 2773 4902 eorum
2816 4842 2909 4914 qui
2950 4846 3367 4910 consequuntur

1780 4948 2085 5005 cmlestium
2134 4944 2372 5007 orbium,
2430 4940 2860 5011 angelorumque
2899 4948 3147 4991 suorum.
3191 4930 3367 4985 Porro

1782 5039 2179 5111 digredientem
2226 5036 2352 5091 hinc
2396 5034 2635 5087 animam
2676 5046 2772 5100 per
2797 5029 2921 5083 illos
2953 5024 3192 5080 transire
3222 5022 3369 5094 prin-

1783 5134 1969 5202 cipes;
2023 5144 2201 5199 neque
2240 5136 2422 5181 tamen
2462 5132 2752 5195 penetrare
2798 5136 2988 5191 posse,
3039 5116 3145 5171 nisi
3185 5112 3367 5184 cogni-

1783 5224 1933 5277 tione
1962 5222 2053 5275 illa
2086 5217 2406 5289 plenissime
2439 5213 2660 5285 perfusa
2699 5211 2885 5275 fuerit,
2912 5208 2997 5263 vel
3031 5205 3367 5262 condemna-

1785 5314 1935 5369 tione
1986 5312 2204 5383 potius;
2269 5324 2376 5380 qua
2429 5306 2651 5378 quidem
2720 5302 2999 5359 cumulata
3052 5296 3365 5368 principum

1787 5407 2017 5463 istorum
2059 5418 2124 5459 ac
2162 5408 2495 5473 potestatum
2539 5413 2737 5453 manus
2767 5393 3011 5464 ellugiat.
3054 5387 3271 5445 Addunt
3309 5391 3367 5440 et

1790 5499 1951 5571 hujus
2000 5496 2190 5553 mundi
2239 5494 2526 5569 praesidem
2574 5492 2834 5549 draconis
2872 5485 3098 5559 eﬂigiem
3143 5482 3363 5538 habere.
