3760 6176
482 225 587 282 357

1898 233 1962 291 Su
1995 235 2336 292 EPlPllANll
3615 230 3698 284 3i8

483 342 554 396 ab
583 356 760 411 eoque
786 341 1002 398 animas
1035 345 1321 403 absorberi
1361 351 1678 421 cognitione
1713 349 1804 405 illa
1839 350 2066 412 destitu-

2178 349 2368 418 γνώσει
2402 349 2772 421 ὑπαρχούσας,
2808 348 2900 402 καὶ
2934 347 3024 401 διὰ
3054 347 3156 418 τῆς
3198 346 3399 417 κέρκου
3431 359 3574 398 nam
3603 346 3698 395 ἑπιο

483 441 592 497 tas,
632 448 964 505 rursumque
995 452 1094 507 per
1127 441 1360 494 caudam
1407 443 1463 495 in
1501 443 1645 496 hunc
1683 441 1949 496 tuendum
1990 457 2070 496 re-

489 525 667 580 fundi.
718 524 794 579 Ex
838 543 948 596 quo
980 529 1243 602 deinceps
1290 532 1345 586 in
1388 549 1682 602 porcorum
1728 533 2069 603 aliorumque

485 616 844 670 animantium
890 634 1122 690 corpora
1169 623 1467 679 transfusae
1518 641 1613 694 per
1655 625 1850 680 eadem
1888 625 2069 679 denuo

420 735 421 738 η
485 707 711 776 vestigia
751 724 969 763 sursum
1019 712 1342 770 efferantur.
1394 716 1551 782 Quod
1601 718 1646 772 si
1688 716 1834 786 quis,
1890 715 2065 778 aiunt,

485 811 547 849 ea
578 797 739 852 fuerit
762 801 1076 869 cognitione
1102 805 1384 872 praeditus,
1410 822 1638 876 seseque
1668 822 1766 876 per
1788 813 2067 860 menstrua

487 887 580 939 illa
610 902 674 940 ac
703 888 948 945 libidinis
987 891 1363 960 profusionem
1399 911 1464 949 cx
1511 894 1616 950 hoc
1662 895 1866 952 mundo
1900 895 2066 948 colle-

485 979 646 1048 gerit,
678 995 802 1034 eum
828 981 936 1050 92
967 983 1101 1037 nihil
1150 984 1236 1038 hic
1268 985 1502 1040 detineri
1539 986 1794 1056 amplius,
1837 987 1932 1042 sed
1970 1002 2066 1041 eos

485 1085 626 1137 quos
670 1071 911 1142 diximus
966 1076 1315 1144 przetergredi
1373 1077 1683 1146 principes;
1735 1085 1788 1132 et
1839 1078 1906 1132 ad
1963 1076 2066 1131 Sac

489 1160 652 1214 baoth
710 1178 882 1232 usque
944 1167 1256 1234 pervenire,
1317 1174 1482 1236 atque
1549 1167 1698 1223 illius
1746 1169 2066 1237 proculcare

487 1263 654 1322 caput
695 1255 793 1320 (ita
835 1257 981 1310 enim
1033 1258 1296 1329 sacrilege
1337 1268 1500 1328 atque
1547 1259 1890 1329 impudenter
1931 1259 2067 1314 cffu-

488 1346 674 1414 tiunt),
710 1346 942 1416 indeque
970 1348 1036 1402 ad
1063 1363 1375 1419 supremum
1401 1350 1532 1407 illud
1567 1350 1902 1404 domicilium
1941 1366 2068 1404 eva-

487 1435 636 1499 dere,
668 1439 758 1492 ubi
783 1439 1081 1494 viventium
1118 1449 1293 1495 mater
1333 1451 1418 1498 est
1450 1442 1710 1507 Barbero,
1752 1458 1874 1512 quae
1917 1444 2068 1498 etab

489 1528 598 1582 illis
643 1528 876 1584 Barbelo
915 1529 1138 1585 dicitur.
1205 1531 1353 1586 llanc
1399 1549 1522 1590 esse
1569 1537 1763 1588 animm
1799 1535 2065 1588 rationem

488 1621 855 1692 adipiscenda:
895 1625 1110 1679 salutis.
1156 1626 1290 1680 Illud
1343 1643 1472 1682 vero
1516 1635 1778 1696 praeterea
1821 1627 2066 1682 infelices

489 1712 567 1764 illi
595 1712 660 1767 ad
685 1712 924 1767 fabulam
953 1715 1350 1784 adjunxernnt,
1372 1717 1549 1772 cidem
1577 1717 1816 1773 Sabaoth
1839 1718 2069 1788 capillos

487 1819 613 1859 esse
653 1805 970 1870 muliebres,
1002 1807 1148 1876 quod
1189 1809 1399 1862 scilicet
1426 1824 1612 1863 vocem
1646 1811 1792 1863 illam
1832 1808 2071 1863 Sabaoth

491 1895 759 1963 principis
795 1896 1030 1966 alicujus
1075 1913 1198 1952 esse
1229 1913 1426 1952 nomen
1472 1901 1842 1965 arbitrentur;
1891 1917 2068 1968 neque

491 1987 622 2040 illud
657 1986 983 2057 intelligant,
1028 1989 1340 2059 ubicunque
1392 1991 1463 2045 ita
1503 1990 1740 2046 dicitur:
1777 1990 1904 2045 [lato
1940 1991 2069 2043 dicit

496 2075 749 2130 Dominus
774 2078 1031 2142 Sabaoth,
1068 2096 1176 2134 non
1205 2081 1514 2150 cuiuspiam
1549 2081 1600 2135 id
1633 2098 1755 2138 esse
1787 2083 2064 2152 propriqu

491 2185 713 2235 nomen,
749 2171 844 2226 scd
877 2172 1223 2241 praedicando
1257 2174 1439 2242 potius
1468 2173 1680 2227 numini
1719 2174 1867 2228 velut
1893 2174 2068 2243 quod-

490 2265 615 2317 dam
641 2265 976 2320 laudationis
1001 2266 1323 2321 vocabulum
1353 2267 1622 2320 adhiberi.
1653 2266 1863 2336 Quippe
1888 2266 2068 2320 Domi-

494 2372 597 2410 nus
629 2354 877 2409 Sabaoth
904 2356 1044 2409 idem
1072 2355 1334 2411 llebraice
1373 2356 1517 2426 quod
1547 2358 1833 2410 exercitum
1898 2356 2070 2426 signi-

495 2450 638 2498 ticat.
666 2445 730 2498 Et
760 2446 979 2516 quidem
1015 2445 1328 2516 ubicunque
1358 2462 1458 2499 vox
1487 2447 1577 2499 illa
1613 2445 1852 2500 Sabaoth
1887 2444 2072 2499 in'Ve-

495 2548 609 2590 ιρι-ο
654 2535 1006 2591 Testamento
1047 2536 1275 2607 legitur,
1325 2539 1612 2591 exercitum
1662 2545 1842 2591 sonat.
1884 2537 2070 2606 Itaque

495 2642 593 2695 pro
613 2643 679 2683 eo
693 2630 836 2698 quod
862 2629 1128 2687 llebraice
1148 2635 1412 2703 scriptum
1437 2641 1521 2687 est
1542 2651 1554 2686 :
1581 2631 1790 2686 Adonei
1811 2630 2068 2692 Sabaoth,

2175 441 2475 517 στρέφοντα
2523 441 2603 504 εἰς
2641 440 2734 494 τὸν
2777 440 3000 510 κόσμον,
3039 438 3333 493 κάντεῦθεν
3363 439 3383 470 ³
3414 438 3489 499 εἰς
3525 437 3697 506 χοίρως

2173 529 2269 581 καὶ
2296 529 2374 591 εἰς
2404 526 2536 582 ἄλλα
2571 528 2705 592 ζῶα,
2737 528 2830 582 καὶ
2861 529 3023 583 πάλιν
3053 527 3141 581 διὰ
3173 527 3281 580 τῶν
3326 527 3500 578 αὐτῶν
3534 527 3696 588 ἀνιᾷς

2174 619 2427 688 ρομένας.
2483 617 2546 671 El
2593 617 2650 672 δέ
2697 636 2800 683 τις,
2837 620 3020 687 φασὶν,
3071 619 3130 670 έν
3180 620 3246 689 τῇ
3277 616 3696 686 Mauri-mu:

2171 710 2364 781 ταύτῃ,
2399 710 2494 764 καὶ
2539 710 2778 777 συλλέξει
2816 710 3006 764 ἑαυτὸν
3048 712 3114 763 ὲκ
3144 709 3240 762 τοῦ
3273 709 3474 780 κόσμου
3511 707 3586 760 διὰ
3613 707 3698 758 τῶν

2169 801 2456 872 έμμηνίων
2504 803 2598 855 καὶ
2632 803 2720 856 διὰ
2770 801 2877 856 τῶν
2926 802 3134 874 ρύσεων
3165 800 3372 854 τούτων
3391 800 3502 870 ’τῆς
3539 799 3694 851 ἐπιθυ-

2172 895 2320 964 μίας,
2361 894 2556 965 μηκέτι
2587 893 2817 948 ἐνταῦθα
2843 893 3167 964 κατέχεσθαι
3201 893 3384 957 αὐτὸν,
3409 891 3534 944 ἀλλὰ
3559 892 3697 960 ὑπερ-

2169 988 2372 1040 ϐαίνειν
2407 989 2533 1051 τοὺς
2562 987 2992 1058 προειρημένους
3019 987 3309 1056 ἄρχοντας.
3345 984 3615 1056 Ἔρχεσθαι
3637 984 3697 1044 ἃ,

2170 1079 2321 1144 φασὶ,
2366 1077 2516 1150 παρὰ
2561 1077 2653 1130 τὸν
2703 1075 2952 1139 Σαϐαὼθ,
3000 1076 3094 1130 καὶ
3139 1076 3336 1129 πατεῖν
3391 1075 3479 1127 ἐπὶ
3510 1073 3598 1140 τὴν
3629 1089 3699 1123 χε.

2170 1170 2342 1241 φαλὴν
2412 1168 2608 1232 αὑτοῦ,
2672 1167 3096 1240 ἁθυρογλώττως
3127 1164 3591 1236 βλασφημοῦντες,
3628 1167 3703 1216 καὶ

2166 1261 2339 1323 οὓτως
2372 1260 2719 1330 ὑπερϐαίνειν
2747 1262 2826 1324 εἰς
2854 1259 2915 1312 τὸ
2946 1259 3058 1314 ἄνω
3093 1258 3280 1328 μέρος,
3316 1257 3451 1310 ὅπου
3486 1258 3519 1324 ἡ
3551 1258 3701 1325 μήτηρ

2167 1353 2276 1406 τῶν
2319 1351 2535 1417 ζώντων
2573 1353 2605 1422 ἡ
2650 1350 2942 1422 Βαρϐηρὼ,
2981 1351 3101 1420 ἦτοι
3127 1348 3414 1420 Βαρϐηλὼ.
3454 1348 3559 1400 Καὶ
3589 1348 3703 1398 οὕτω

2168 1442 2267 1513 τὴν
2297 1442 2474 1514 ψυχὴν
2511 1442 2801 1508 σώζεσθαι.
2844 1443 3045 1511 Ἐχειν·
3073 1440 3134 1494 δὲ
3163 1440 3256 1493 καὶ
3294 1439 3487 1510 τρίχας
3523 1439 3591 1500 ὡς
3627 1455 3703 1503 γυ·

2169 1534 2355 1596 ναικὸς
2389 1533 2480 1586 τὸν
2536 1533 2698 1586 αὐτὸν
2749 1532 2998 1601 λέγουσιν
3049 1532 3099 1584 οἱ
3141 1530 3398 1593 τάλανες,
3438 1529 3706 1598 νομίζοντες

2171 1626 2231 1678 τὸ
2265 1625 2437 1694 ὄνομα
2476 1623 2537 1677 τὸ
2571 1623 2796 1678 Σαϐαὼθ
2842 1623 3078 1696 ἄρχοντά
3103 1639 3226 1676 τινα
3251 1617 3426 1674 εἶναι’
3470 1621 3573 1672 Οὐκ
3599 1621 3707 1672 εἰδέ-

2174 1730 2284 1776 τες,
2319 1713 2400 1765 ὅτι
2445 1714 2577 1766 ὅπου
2607 1712 2773 1782 λέγει,
2815 1713 2959 1767 Τάδε
2995 1714 3157 1783 λέγει
3206 1713 3424 1779 Κύριος
3473 1711 3708 1772 Sodali-0,

2177 1804 2276 1856 ούκ
2307 1803 2480 1874 ὄνομα
2523 1821 2665 1867 τινος
2721 1800 2895 1867 εἶπεν,
2927 1803 3041 1858 ἀλλ’
3091 1805 3264 1874 ὄνομα
3303 1801 3596 1869 δοξολογίις
3635 1805 3709 1870 τῆς

2175 1895 2445 1966 θεότητος.
2477 1893 2702 1948 Σαϐαὼθ
2737 1895 2843 1965 γὰρ
2876 1894 3238 1966 ἑρμηνεύεται
3266 1894 3376 1947 ἀπὸ
3407 1895 3502 1963 τῆς
3536 1894 3710 1963 '56.”?-

2175 1984 2276 2054 κῆς
2314 1984 2594 2040 διαλέκτου
2628 1983 2849 2053 Κύριος
2889 1983 3006 2038 τῶν
3049 1983 3386 2053 δυνάμεων.
3432 1985 3595 2036 Ὅπου
3629 1984 3710 2051 γὰρ

2173 2077 2230 2128 έν
2271 2079 2337 2147 τῇ
2387 2077 2600 2148 Παλαιᾷ
2633 2077 2876 2148 Διαθήκῃ
2910 2075 2970 2129 τὸ
3020 2074 3248 2129 Σαϐαὼθ
3290 2075 3466 2145 ὄνομά
3497 2077 3604 2127 ἐστι
3641 2093 3710 2141 τῖ-

2173 2169 2510 2239 γραμμένον,
2549 2169 2814 2238 δύναμιν
2860 2169 3168 2237 ὑποφαίνει.
3221 2168 3390 2223 Ὅθεν
3437 2170 3468 2220 δ
3523 2167 3713 2230 ‘Arﬁ'u;

2175 2261 2452 2331 πανταχοῦ
2507 2261 2568 2316 τὸ
2626 2261 2873 2316 Ἄδων-αϊ
2923 2261 3167 2316 Σαϐαὼθ
3210 2259 3506 2333 ἐρμηνεύει
3545 2259 3714 2327 λέγω-ι,

2175 2355 2388 2422 Κύριος
2439 2353 2751 2422 στρατιῶν.
2801 2350 2957 2409 Οὗτοι
2994 2356 3083 2418 δὲ,
3135 2354 3280 2408 κατὰ
3323 2355 3503 2408 πάντα
3551 2355 3715 2423 τρὸ-,εον

2176 2447 2533 2516 ὲμμανέντες,
2567 2446 2710 2501 κατὰ
2750 2447 2844 2501 τοῦ
2876 2449 3056 2501 αὐτῶν
3091 2448 3355 2501 δεσπότου
3397 2447 3487 2500 τὸν
3530 2446 3717 2516 utin-.1

2177 2539 2418 2610 ζητοῦσι,
2452 2540 2664 2594 καὶτὸν
2689 2541 2819 2595 ὄντα
2854 2540 3254 2608 ἀπολωλέκασι,
3304 2539 3510 2610 μᾶλλον
3533 2539 3586 2592 δὲ
3621 2540 3715 2591 ιω.-

2177 2633 2300 2692 τοὺς
2333 2628 2641 2684 ἀπώλεσαν.
2992 2639 3003 2650 ⁸

391 2748 396 2750 -
493 2726 688 2794 Aquila
724 2735 986 2796 perpetuo
1039 2727 1292 2782 Dominus
1343 2730 1669 2782 exercituum
1719 2726 1916 2782 reddit.
1964 2725 2068 2780 Sed
2111 2725 2198 2779 isti
2238 2727 2422 2779 furore
2457 2734 2622 2796 atque
2654 2726 2894 2780 amentia
2926 2725 3117 2795 perciti
3139 2725 3208 2780 ad
3240 2723 3462 2779 Domini
3525 2724 3605 2778 sui
3643 2722 3718 2795 in-

488 2818 692 2886 juriam
732 2818 994 2892 eumv‘qni
1029 2833 1299 2888 nusquam
1358 2827 1442 2873 cst
1502 2817 1812 2886 inquirunt,
1845 2826 1900 2870 et
1938 2831 2062 2869 eum
2103 2815 2194 2884 qui
2225 2826 2309 2868 cst
2344 2815 2546 2884 reipsa,
2580 2815 2665 2870 vel
2713 2814 3038 2884 semetipsos
3079 2816 3262 2885 potius
3304 2817 3666 2886 perdiderunt.

567 2914 657 2968 XI.
691 2915 830 2969 Sunt
855 2899 924 2969 et:
938 2915 1055 2968 alia:
1076 2913 1392 2968 eorumdem
1428 2913 1858 2967 innumerabiles
1889 2925 2066 2982 nugae,

2239 2907 2339 2962 IA'.
2386 2909 2560 2962 Ἀλλα
2590 2910 2647 2962 δὲ
2678 2911 2778 2964 ὅσα
2815 2909 3166 2981 φλυαροῦσιν,
3214 2911 3274 2963 έν
3311 2906 3398 2974 οἷς
3446 2912 3719 2982 περικακεῑν

496 3021 598 3060 nec
625 3007 744 3061 sine
773 3006 937 3060 taedio
967 3015 1145 3075 potest
1179 3006 1361 3060 omnis
1405 3005 1634 3059 istorum
1669 3003 1882 3057 insania
1918 3018 2070 3057 eom-

2178 3001 2291 3053 ἐστι
2321 2999 2389 3052 τὰ
2435 3001 2533 3070 τῆς
2577 2999 2757 3054 αὐτῶν
2807 3000 3005 3070 μανίας
3032 2999 3233 3068 λέγειν.
3270 3000 3435 3063 Τινὲς
3482 3000 3538 3052 δὲ
3569 3001 3622 3066 ἐξ
3648 3003 3717 3053 aL-

500 3100 816 3153 memorari.
853 3098 960 3153 Sed
986 3099 1118 3153 illud
1151 3099 1491 3169 pra-termini
1524 3113 1631 3152 non
1663 3105 1841 3166 potest
1865 3115 1877 3149 :
1903 3112 2073 3166 quos-

497 3193 624 3245 dam
652 3207 720 3245 ex
754 3192 946 3245 horum
973 3207 1095 3246 esse
1121 3205 1369 3252 numero,
1393 3189 1486 3260 qui
1523 3189 1595 3242 ita
1631 3188 1920 3243 mulierum
1943 3203 2075 3241 con—

501 3285 792 3338 suetudine
825 3285 1124 3347 abstinent,
1156 3291 1214 3335 nt
1258 3283 1472 3352 seipsos
1505 3280 1758 3334 manibus
1789 3279 1906 3333 suis
1940 3294 2075 3333 con-

502 3385 785 3444 spurccnt,
821 3375 1000 3445 iisque
1051 3374 1412 3430 foedissimum
1461 3371 1703 3426 libidinis
1744 3372 1896 3425 virus
1931 3371 2079 3425 exci-

504 3463 674 3530 piant,
724 3469 887 3530 atque
933 3477 1000 3517 eo
1034 3470 1348 3515 vescantur.
1399 3461 1480 3514 Ad
1517 3460 1660 3526 quod
1701 3460 2075 3515 testimonium

503 3554 636 3608 illud
674 3569 770 3622 per
812 3567 1080 3606 summam
1114 3550 1443 3604 calumniam
1477 3550 1804 3618 detorquent
1828 3534 2077 3602 {Manus

503 3647 621 3698 ista:
641 3642 1044 3711 suppeditarunt
1073 3659 1175 3696 non
1199 3642 1325 3694 mihi
1353 3643 1544 3703 solum,
1576 3641 1666 3695 sed
1688 3650 1738 3694 et
1769 3641 1833 3692 iis
1856 3641 1944 3710 qui
1975 3655 2080 3694 me-

503 3752 622 3788 tunt
663 3745 784 3789 sunt
813 3735 852 3788 ¹.
900 3737 1033 3787 Item
1087 3733 1232 3788 istud
1281 3732 1619 3801 :Operantes
1672 3731 1912 3784 manibus
1958 3747 2080 3799 pro-

501 3829 654 3893 priis,
697 3836 753 3878 ut
795 3827 1009 3893 possitis
1034 3825 1099 3878 iis
1124 3827 1214 3894 qui
1267 3842 1370 3879 non
1407 3824 1595 3878 habent
1624 3822 2013 3876 communicare
2034 3825 2076 3876 ³.

506 3921 580 3975 lle
607 3921 806 3991 quibus
839 3921 976 3975 adeo
1008 3919 1138 3974 mihi
1173 3927 1480 3974 commotus
1510 3917 1724 3972 videtur
1749 3916 1802 3970 in
1831 3915 2080 3986 apostolo

499 4013 639 4069 Jnda
658 4013 894 4084 Spiritus
915 4022 1162 4076 sanctus,
1193 4012 1295 4065 hoc
1311 4019 1396 4065 est
1413 4011 1466 4064 in
1489 4010 1759 4064 catholica
1791 4008 1937 4062 illius
1955 4006 2082 4076 Epi-

503 4105 642 4159 stola
671 4103 862 4172 (ludas
897 4103 984 4156 ille
1019 4117 1183 4172 porro
1210 4109 1315 4168 est,
1351 4101 1444 4170 qui
1471 4099 1683 4165 Jacobi,
1718 4107 1880 4168 atque
1913 4099 2080 4152 etiam

507 4191 718 4246 Domini
763 4192 930 4246 frater
955 4193 1257 4261 appellatus
1305 4191 1431 4260 est),
1471 4191 1525 4244 in
1564 4206 1669 4260 qua
1720 4206 1815 4259 per
1849 4189 2081 4259 apostoli

504 4296 690 4334 vorem
739 4279 998 4351 Spiritus,
1061 4279 1304 4350 inquam,
1341 4286 1588 4344 sanctus,
1641 4289 1931 4349 corruptos
1959 4281 2079 4335 illos

502 4380 854 4440 corruptores
902 4387 1026 4427 esse
1065 4371 1419 4434 demonstrat,
1455 4377 1515 4423 ut
1557 4370 1756 4424 ibidem
1783 4371 2022 4441 loquitur
2059 4389 2072 4425 :
2109 4353 2154 4408 Ῑ)

503 4464 635 4528 Qum
647 4464 784 4518 enim
809 4465 1069 4527 nesciunt,
1087 4464 1391 4533 ignorantes
1416 4462 1469 4515 in
1489 4461 1594 4516 illis
1619 4463 1922 4531 capiuntur.
1948 4462 2080 4530 Qua:

501 4573 619 4611 vero
639 4566 854 4620 norunt,
892 4559 945 4609 in
973 4557 1038 4609 iis
1071 4566 1323 4626 tanquam
1353 4565 1497 4609 muta
1535 4555 1796 4608 animalia
1839 4572 2082 4608 corrum-

501 4659 715 4716 puntur.
751 4647 1031 4718 Siquidem
1075 4662 1270 4700 canum
1320 4646 1493 4701 instar
1533 4662 1598 4699 ac
1637 4661 1929 4715 porcorum
1979 4661 2079 4703 sua

503 4757 564 4794 se
621 4739 930 4810 corruptela
995 4739 1351 4807 turpitudinis
1404 4739 1716 4808 inquinant.
1772 4737 1888 4794 Hoc
1933 4743 2076 4794 enim

504 4832 670 4885 modo
691 4840 800 4885 tam
828 4847 994 4888 canes
1029 4848 1094 4887 ac
1127 4833 1298 4902 porci,
1324 4848 1487 4901 quam
1515 4839 1709 4886 caetera
1745 4847 1802 4886 se
1826 4833 2075 4885 animan-

507 4924 581 4976 tia
615 4932 996 4996 corrumpunt,
1045 4934 1098 4980 et
1128 4925 1486 4995 profluentem
1517 4941 1546 4979 e
1587 4925 1913 4994 corporibus
1962 4925 2079 4980 suis

507 5015 751 5071 libidinis
769 5017 1060 5085 humorem
1089 5018 1393 5088 delinguut.
1441 5017 1618 5086 Atque
1642 5016 1749 5087 93
1779 5017 1853 5070 illi
1889 5031 2079 5072 revera

501 5125 725 5164 carnem
771 5125 922 5164 suam
962 5119 1278 5180 erumpente
1329 5109 1476 5164 velut
1527 5127 1621 5180 per
1664 5110 1935 5164 somnium
1981 5107 2082 5163 llu-

507 5203 669 5256 xioue
709 5203 1111 5256 commaculant
1166 5221 1179 5256 :
1235 5202 1656 5257 Dontinationem
1719 5212 1892 5258 autem
1935 5219 2082 5272 sper-

504 5303 666 5356 nunt,
718 5293 1046 5362 majestatent
1086 5303 1261 5347 autem
1305 5295 1689 5364 blasphemant.
1736 5295 1806 5348 At
1856 5293 2082 5350 Michael

2175 3090 2306 3154 τῶν,
2361 3091 2575 3158 γυναιξὶ
2627 3091 2701 3162 μὴ
2760 3089 3173 3162 πλησιάζοντες,
3221 3093 3345 3154 ταῖς
3397 3091 3552 3154 ἰδίαις
3602 3094 3722 3160 χερεῖ

2177 3183 2354 3236 αὐτῶν
2400 3183 2626 3246 ἑαυτοὺς
2685 3182 3002 3254 φθείρουσι,
3055 3185 3155 3255 τὴν
3207 3184 3266 3237 δὲ
3320 3184 3507 3238 αὐτῶν
3555 3184 3722 3254 φθορὰν

2177 3274 2542 3344 λαμϐάνουσιν
2589 3277 2668 3338 εὶς
2721 3276 2819 3339 τὰς
2873 3279 3082 3345 χεῖρας,
3136 3276 3232 3329 καὶ
3282 3276 3463 3341 οῦτως
3505 3277 3720 3330 ἐσθίοντι.

2178 3366 2447 3438 χρώμενοι
2491 3368 3008 3438 σεσυκοφαντημένῃ
3044 3368 3347 3440 μαρτυρίᾳ,
3380 3369 3443 3421 τὸ
3477 3370 3519 3432 ⁸,
3549 3371 3612 3421 Al
3635 3367 3723 3434 χεῖ·

2171 3475 2279 3526 ρες
2311 3454 2486 3514 αὗται
2518 3457 2867 3526 ἐπήρκεσαν
2894 3460 2966 3513 οὺ
3010 3459 3204 3528 μόνον
3247 3459 3402 3528 ἐμοὶ,
3454 3460 3610 3514 ἀλλὰ
3651 3459 3723 3509 καί

2178 3550 2303 3616 τοῖς
2334 3551 2456 3605 σὺν
2481 3553 2648 3620 ἐμοί’
2685 3553 2778 3605 καὶ
2814 3551 2876 3604 τὸ
2913 3552 3100 3606 πάλιν·
3150 3553 3564 3622 Ἑργαζόμενοι
3588 3554 3606 3582 ⁵
3631 3550 3720 3613 τοῖς

2183 3642 2358 3708 ίδιίιις
2399 3645 2629 3712 χερσὶν,
2673 3646 2773 3698 ἵνα
2807 3644 3073 3712 δύνησθε
3115 3645 3214 3697 καὶ
3266 3645 3394 3710 τοῖς
3438 3643 3528 3713 μὴ
3554 3645 3724 3709 ἔχοι-(τι

2177 3733 2575 3804 μεταδοῦναι*
2616 3735 2692 3800 ὡς
2727 3737 2821 3790 καὶ
2869 3737 3000 3806 περὶ
3032 3731 3493 3804 τούτων,,οἶμαι,
3545 3732 3725 3798 ἐκινήθη

2180 3827 2240 3880 τὸ
2274 3827 2426 3895 ἅγιον
2460 3827 2685 3898 Πνεῦμα
2723 3829 2780 3881 ὲν
2827 3827 2905 3898 τῷ
2953 3828 3237 3898 ἀποστόλῳ
3282 3826 3486 3898 Ἰούδᾳ,
3513 3825 3640 3893 λέγω
3675 3821 3724 3887 δὴ

2182 3920 2240 3971 ἐν
2270 3921 2336 3990 τῇ
2369 3919 2459 3972 ὑπ’
2487 3918 2648 3972 αὑτοῦ
2671 3920 2942 3991 γραφείσῃ
2993 3918 3253 3990 καθολικῇ
3283 3917 3576 3987 Ἐπιστολῇ
3606 3913 3724 3982 (Ἰολ-

2181 4009 2275 4072 δας
2318 4008 2374 4060 δέ
2405 4011 2553 4062 ἐστιν
2584 4003 2756 4074 οὗτος,
2789 4011 2817 4062 ὁ
2846 4009 3072 4078 ἀδελφὸς
3116 4008 3381 4062 Ἰακώϐου
3418 4010 3516 4062 καὶ
3559 4003 3727 4071 Rupis:

2182 4101 2509 4172 λεγόμενος).
2557 4100 2834 4167 ’Υπέδειξε
2869 4101 2980 4173 γὰρ
3015 4101 3211 4164 αὐτοὺς
3245 4101 3306 4154 τὸ
3336 4103 3494 4170 ἅγιον
3543 4096 3727 4165 Πνεῦμα

2183 4190 2270 4244 διὰ
2301 4192 2398 4261 τῆς
2432 4191 2614 4262 φωνῆς
2645 4191 2738 4245 τοῦ
2785 4191 2952 4247 Ἰούδα
2979 4193 3121 4246 κατὰ
3148 4192 3217 4246 τὰ
3250 4194 3428 4263 κτήνη
3456 4188 3726 4260 ,φθειμμέ-

2184 4300 2307 4346 νους
2341 4283 2434 4336 καὶ
2461 4282 2803 4353 φθείροντας,
2850 4283 2925 4347 ὼς
2963 4283 3132 4352 λέγει,
3176 4284 3260 4337 ὅτι
3295 4285 3460 4340 Ὅσα
3496 4282 3604 4352 μὲν
3638 4282 3726 4332 οὐκ

2183 4375 2440 4441 οἴδασιν,
2475 4375 2837 4444 ἀγνοοῦντες
2863 4376 3216 4431 ἁλίσκονται
3235 4393 3247 4406 ·
3269 4377 3387 4431 ὅσα
3415 4376 3487 4430 δὲ
3505 4375 3726 4429 olfactu“.

2179 4467 2260 4534 ὡς
2297 4469 2368 4521 τά
2407 4467 2597 4536 ἄλογα
2633 4466 2745 4527 ζῶα
2791 4468 3154 4536 φθείρονται.
3209 4469 3406 4522 Κυνῶν
3455 4467 3561 4537 γὰρ
3601 4464 3726 4528 δίκην

2182 4560 2278 4613 καὶ
2311 4560 2507 4630 χοίρων
2545 4560 2641 4631 τὴν
2681 4559 2774 4612 ἀπ’
2822 4560 3000 4614 αὐτῶν
3044 4560 3253 4632 φθορὰν
3293 4560 3640 4615 ἐπιτελοῦσιν.
3673 4555 3728 4603 U‘.

2184 4651 2341 4713 κύνες
2397 4649 2645 4720 γὰρ-καὶ
2700 4649 2749 4701 οἱ
2805 4652 2998 4720 χοῖροι,
3046 4651 3107 4702 ού
3163 4651 3271 4721 μὴν
3307 4650 3445 4710 ἀλλᾲ
3489 4649 3577 4701 καὶ
3621 4643 3728 4698 id}:

2183 4741 2298 4806 ζῶα
2353 4740 2526 4802 οὕτως
2585 4741 2930 4812 φθείρονται,
2997 4743 3091 4795 καὶ
3151 4743 3250 4814 τὴν
3315 4743 3610 4812 ἀπόρρυσιν
3649 4736 3726 4800 τίτί

2183 4833 2292 4887 ἀπὸ
2324 4833 2429 4887 τῶν
2480 4834 2743 4903 σωμάτων
2773 4833 2951 4886 αὐτῶν
2998 4835 3257 4888 ἐσθίουσι.
3312 4837 3424 4888 Καὶ
3478 4832 3581 4901 γὰρ
3622 4828 3726 4888 lii-'7

2185 4927 2294 4991 θῶς
2329 4927 2772 4998 ἐνυπνιαζόμενοι
2804 4927 2982 4998 σάρκα
3018 4929 3312 4998 ntali/onst,
3341 4929 3648 4994 Kva'mw
3665 4918 3724 4967 δέ

2185 5019 2488 5080 ἀθετοῦσι,
2528 5017 2712 5084 δόξας
2737 5018 2804 5072 δὲ
2840 5020 3303 5090 βλασφημοῦσι.
3345 5018 3576 5086 Μιχαὴλ
3611 5011 3664 5062 δε
3699 5011 3724 5057 ξ’

2184 5113 2579 5183 ἀρχάγγελος,
2611 5112 3034 5182 διαλεγόμενος
3068 5113 3151 5178 τῷ
3188 5112 3446 5174 διαϐόλῳ
3485 5105 3602 5172 περὶ
3633 5098 3726 5152 ni-

2186 5205 2484 5272 Μωυσέως
2510 5204 2803 5275 σώματος.
2832 5207 2942 5258 οὐκ
2965 5204 3205 5274 ,ἤνεγκε
3253 5206 3433 5273 λόγον
3465 5199 3730 5264 ﬁlatim-

2185 5297 2324 5365 μίας
2339 5295 2429 5366 (76
2434 5304 2476 5366 ),
2495 5295 2657 5350 ἀλλὰ
2669 5291 2857 5359 εἶπεν,
2885 5313 2903 5347 ι
2927 5294 3303 5364 Ἐπιτιμήσαι
3323 5287 3675 5353 σοιόΚύριος·
3704 5297 3722 5328 ⁹

575 5451 592 5479 ί
630 5449 754 5506 Act.
782 5467 873 5516 xx,
905 5451 995 5506 54.
1074 5452 1095 5483 ¹
1130 5450 1329 5523 Ephes.
1355 5468 1427 5519 tv,
1452 5451 1544 5508 28.
1625 5453 1645 5486 ⁸
1671 5472 1758 5522 γρ.
1790 5452 2042 5508 ἐνταῦθα.

2178 5451 2300 5510 For.
2329 5453 2428 5527 τῷ.
2506 5455 2528 5488 ⁸
2558 5471 2650 5524 γρ.
2681 5453 3065 5527 ἐργαζόμενος,
3091 5463 3146 5509 et
3170 5452 3402 5524 δύνηται.

576 5609 687 5680 (76)
723 5610 845 5664 Οὐκ
874 5607 1090 5680 ἤνεγκε
1114 5609 1300 5680 λόγον
1319 5611 1738 5680 βλασφημίας.
1769 5609 1938 5664 Aliter
1968 5610 2082 5664 hme

507 5682 564 5736 in
600 5682 876 5739 Canonica
909 5680 1060 5737 ludat:
1111 5681 1383 5752 leguntur,
1423 5699 1474 5735 v.
1519 5687 1551 5736 υ
1584 5700 1595 5735 :
1633 5682 1690 5734 '0
1723 5681 1776 5733 δὲ
1811 5681 2030 5751 Μιχαὴλ
2056 5684 2082 5734 ὁ

2189 5609 2528 5681 ἀρχάγγελος
2555 5611 2644 5663 ὅτε
2681 5607 2758 5681 τῷ
2795 5609 3026 5680 διαϐόλῳ
3062 5609 3447 5681 διακρινόμενος
3466 5597 3734 5680 διελίττετρ

2194 5678 2319 5754 περὶ
2369 5678 2462 5736 τοῦ
2511 5678 2788 5747 Μωῦσὲως
2827 5678 3096 5753 σώματος,
3138 5678 3237 5734 οὔκ
3274 5678 3504 5747 ἐτόλμησε
3546 5678 3734 5736 κεπτ*
