3760 6176
453 212 549 266 551

1853 213 1911 270 S.
1951 211 2292 269 EPIPIIANII
3588 216 3678 269 352

454 327 638 398 loqui:
673 323 764 382 Va:
798 325 978 393 vobis,
1010 342 1170 398 quem
1211 329 1355 385 enim
1403 329 1619 385 tandem
1653 329 1927 387 adoratis?

2193 333 2380 396 ινεῖτε;
2427 328 2739 400 ἁπέφραξεν
2771 327 2936 383 αὑτοῦ
2967 331 3030 383 τὸ
3065 329 3238 400 στόμα
3260 330 3291 383 ό
3327 328 3514 398 ὀφθεὶς
3551 329 3678 397 αὐτῷ

452 432 519 472 eo
548 417 641 488 qui
672 417 726 472 in
760 419 960 489 templo
990 419 1138 476 intus
1173 422 1424 492 apparuit
1451 423 1684 486 orisilli,
1723 437 1792 478 ne
1835 423 2029 480 ell'erre

454 515 659 577 posset,
700 521 835 562 usus
872 508 1202 565 interclusus
1236 517 1341 566 est.
1389 509 1520 568 Post
1563 521 1744 566 autem
1793 513 1883 567 ubi
1924 527 2028 568 vox

452 599 626 653 eidem
659 608 744 654 est
774 601 1048 666 restituta,
1071 610 1233 671 atque
1273 602 1378 657 hoc
1412 603 1469 656 in
1513 601 1729 659 Judaaos
1767 617 2027 658 arcanum

453 689 745 758 evulgavit,
794 690 862 744 ab
910 689 1019 746 illis
1051 692 1365 749 interfectus
1409 701 1512 748 est.
1561 692 1706 759 Hazc,
1755 695 2027 765 inquiunt,

455 778 736 835 Zachariae
771 781 964 836 mortis
1001 785 1219 838 occasio
1248 783 1370 840 fuit.
1421 784 1641 840 Addunt
1675 785 1921 840 eamdem
1961 786 2030 840 il-

457 870 562 924 lam
590 871 660 925 ob
686 886 912 928 causam
937 874 1150 943 iussum
1173 889 1205 928 a
1235 875 1544 946 legislature
1577 876 1880 947 pontiﬁcem
1917 877 2029 931 tin-

455 964 739 1020 tinnabula
768 976 1033 1037 gestasse,
1065 978 1126 1022 ut
1167 970 1379 1040 quoties
1416 971 1484 1026 ad
1516 971 1849 1027 iunctionem
1873 987 2030 1027 suam

379 1085 390 1090 -
455 1057 762 1112 obeundam
807 1058 1198 1128 ingrederetur,
1228 1063 1682 1132 crepitaculorum
1730 1065 1958 1135 strepitu
1983 1065 2030 1121 is

455 1149 550 1218 qui
583 1149 912 1206 adorabatur
942 1153 1250 1209 admonitus
1287 1170 1409 1210 sese
1451 1171 1481 1210 e
1528 1155 1706 1211 medio
1742 1156 2030 1211 subtrahe—

457 1251 558 1303 ret,
590 1257 659 1297 ne
686 1256 811 1297 cum
837 1243 985 1298 larva
1013 1245 1105 1298 illa
1138 1259 1203 1300 ac
1229 1247 1369 1316 turpi
1397 1246 1568 1316 cliigie
1599 1247 2032 1318 deprehendere-

451 1340 565 1388 ‘tnr.
598 1333 888 1389 Enimvero
911 1334 1164 1390 stolidum
1200 1336 1331 1391 illud
1370 1338 1816 1393 stultissimorum
1852 1339 2031 1392 homi-

458 1440 588 1478 nmn
623 1435 989 1483 commentum
1021 1421 1144 1482 cum
1188 1429 1255 1482 ad
1299 1429 1729 1484 convincendum
1775 1429 2032 1499 perfacile

451 1523 560 1579 est,
584 1524 695 1570 tum
729 1519 845 1573 risu
876 1534 940 1573 ac
986 1501 1224 1573 ludibrio
1270 1519 1514 1589 dignum.
1562 1520 1775 1576 Etenim
1822 1521 1937 1576 sive
1985 1521 2031 1577 is

455 1615 575 1661 erat
610 1611 858 1671 omnino,
896 1611 982 1666 cui
1023 1612 1134 1666 haec
1183 1625 1339 1666 sacra
1387 1611 1676 1676 faciebant,
1725 1611 2031 1681 aspectabi-

2130 425 2277 478 ἔνδον
2314 427 2372 478 ὲν
2404 423 2482 495 τῷ
2512 422 2645 494 ναῷ,
2690 424 2776 477 ἵνα
2815 423 2890 495 μὴ
2933 424 3156 496 δύνηται
3201 423 3454 494 λαλῆσαι.
3495 424 3610 475 Ὅτε
3634 423 3679 474 δὲ

2127 517 2322 586 ἠνοίγη
2343 516 2404 569 τὺ
2426 515 2603 585 στόμα
2624 514 2811 580 αὐτοῦ,
2840 515 2925 568 ἵνα
2954 514 3185 587 λαλήσῃ,
3201 515 3323 568 τότε
3357 513 3680 580 ἀπεκάλυψεν

2129 611 2335 675 αὐτοῖς,
2378 609 2472 663 καὶ
2522 607 2851 662 ἀπέκτειναν
2884 607 3069 660 αὐτόν.
3112 606 3224 659 Kal
3251 604 3459 668 οὕτως,
3508 607 3678 673 φασὶν,

2129 699 2368 753 ἀπέθανε
2398 698 2690 770 Ζαχαρίας.
2718 697 2817 751 Διὰ
2843 697 3003 752 τοῦτο
3023 699 3131 770 γὰρ
3157 698 3187 749 ὁ
3211 698 3393 769 ἱερεὺς
3422 696 3513 750 ὑπ’
3541 696 3681 748 αὕτη]

2129 789 2224 843 τοῦ
2252 787 2719 860 νομοθετήσαντος
2752 786 3089 859 προσετάγη,
3122 789 3306 857 φασὶν,
3349 786 3498 857 ἔχειν
3527 785 3684 838 auidi»-

2130 897 2248 945 νας,
2285 879 2374 945 ἵν’,
2427 880 2556 934 ὅταν
2611 880 2929 951 είσέρχηται
2979 878 3322 951 ίερατεῦσαι,
3375 878 3469 931 τὸν
3504 876 3684 930 κτύπον

2131 971 2345 1025 ἁκούων
2377 972 2487 1025 τῶν
2513 971 2800 1034 κωδώνων,
2826 970 3134 1042 κρύπτηται
3156 972 3184 1024 ὁ
3213 966 3684 1042 προσκυνούμενος,

2133 1063 2221 1117 ἵνα
2255 1062 2328 1133 μὴ
2361 1063 2589 1134 φωραθῇ
2611 1062 2674 1116 τὸ
2707 1062 3086 1134 ἱνδαλματικδν
3113 1062 3135 1094 ³
3157 1063 3259 1133 τῆς
3287 1061 3511 1132 μορφῆς
3543 1058 3685 1112 αὑτοῦ

2132 1154 2444 1225 πρόσωπον.
2476 1155 2634 1207 Ἔστι
2666 1154 2723 1208 δὲ
2745 1155 2805 1207 τὸ
2837 1156 2948 1208 πᾶν
2974 1155 3073 1225 τῆς
3096 1153 3352 1226 εὐηθείας
3385 1149 3564 1206 αὐτῶν
3584 1152 3684 1203 ἑτα-

2129 1244 2374 1316 τήδευμα
2409 1243 2801 1316 εὐθυέλεγκτον
2845 1247 2942 1300 καὶ
2979 1244 3176 1317 χλεύης
3215 1244 3480 1315 ἔμπλεον.
3511 1243 3571 1295 Εἰ
3599 1243 3686 1311 γὰρ

2130 1331 2198 1408 ἦν
2239 1334 2378 1401 ὅλως
2412 1336 2609 1408 ὁρατὸς
2665 1338 2695 1391 ό
2751 1336 3229 1408 ἱερουργούμενος,
3273 1335 3398 1389 οὐδὲ
3445 1333 3686 1406 κρυϐῆναι

2129 1427 2360 1497 ἠδύνατο
2381 1444 2396 1458 ·
2454 1428 2502 1480 εί
2551 1427 2609 1481 δὲ
2650 1427 2787 1492 ὅλως
2818 1427 3084 1499 κρυϐῆναι
3115 1425 3351 1496 ἠδύνατο
3370 1465 3385 1490 ,
3429 1422 3607 1477 οὐκέτι
3635 1419 3687 1493 ἦν

2131 1517 2343 1590 ὁρατός.
2371 1519 2484 1573 Καὶ
2512 1517 2714 1590 ἑτέρως
2749 1517 2913 1572 πάλιν
2942 1517 3079 1589 πρὸς
3123 1516 3324 1580 αὐτοὺς
3355 1515 3572 1586 ῥητέον,
3601 1513 3687 1574 ὅτι,

2133 1613 2182 1662 εί
2209 1609 2403 1681 ὁρατὸς
2443 1605 2533 1681 ἦν,
2571 1607 2733 1680 σῶμα
2763 1609 2872 1681 ἄρα
2899 1604 2989 1680 ἦν,
3029 1608 3124 1661 καὶ
3158 1608 3260 1661 οὐκ
3285 1603 3356 1678 ἦν
3382 1605 3625 1675 πνεῦμα·
3653 1609 3690 1657 εί

457 1699 561 1766 Iis;
591 1701 854 1756 occultari
896 1704 1119 1759 minime
1168 1713 1413 1775 poterat;
1467 1705 1582 1760 sive
1635 1705 1897 1758 occultari
1938 1721 1942 1775 1

2218 1701 2435 1772 πνεῦμα
2455 1697 2544 1772 ἦν,
2571 1702 2756 1754 οὐκέτι
2778 1702 2837 1754 ὲν
2862 1702 3078 1772 ὁρατοῖς
3103 1698 3443 1766 ἐξετάζεται.
3469 1697 3592 1762 Πῶς
3614 1693 3689 1750 οὖν

457 1790 606 1844 nitus
653 1801 891 1860 poterat,
953 1809 1062 1848 non
1117 1795 1226 1864 jam
1275 1804 1392 1850 erat
1455 1795 1824 1865 aspcctabilis.
1875 1794 2031 1861 Quod

458 1881 584 1935 item
647 1883 757 1937 alio
822 1883 983 1940 modo
1048 1896 1237 1940 contra
1306 1887 1525 1943 eosdem
1585 1891 1763 1957 urgeri
1829 1895 2028 1958 potest.

460 1971 517 2026 Si
566 1973 709 2027 enim
759 1975 928 2029 videri
975 1986 1205 2047 poterat,
1249 1993 1450 2049 corpus
1501 1979 1688 2049 utique
1728 1987 1876 2044 erat,
1921 1995 2031 2034 non

456 2062 722 2131 spiritus:
760 2065 845 2120 sin
879 2065 1050 2124 fuisse
1083 2069 1334 2140 spiritum
1375 2069 1631 2135 dixerint,
1666 2084 1772 2122 non
1805 2069 1947 2123 inter
1969 2085 2033 2124 ea

455 2157 765 2212 censendus
795 2158 918 2223 erit,
949 2175 1071 2230 qua:
1103 2160 1342 2217 discerni
1386 2162 1562 2216 oculis
1609 2170 1856 2232 possunt.
1891 2159 2032 2227 Quid

459 2247 622 2317 igitur
648 2235 909 2304 attinebat
938 2267 1061 2306 eum
1084 2253 1176 2323 qui
1210 2253 1493 2308 oculorum
1524 2270 1686 2310 sensu
1712 2256 1914 2326 percipi
1947 2271 2036 2311 ne-

419 2336 428 2344 ‘
457 2339 638 2407 quiret
669 2339 762 2395 illo
788 2343 1276 2400 tintinnabulorum
1316 2346 1498 2401 sonitu
1551 2347 1688 2418 luga:
1730 2362 1864 2409 sua},
1897 2348 2034 2402 late—

457 2429 677 2499 brmque
700 2433 1010 2489 consulere.
1043 2433 1180 2490 Cum
1211 2436 1354 2492 enim
1385 2437 1440 2492 id
1466 2447 1662 2493 natura
1685 2439 1908 2494 insitum
1935 2440 2034 2494 ha-

461 2521 630 2585 beret,
680 2529 738 2576 ut
783 2524 950 2578 videri
994 2541 1102 2580 non
1149 2536 1352 2597 posset,
1383 2529 1627 2599 profecto
1672 2531 1779 2586 nisi
1817 2532 1973 2588 vellet
2003 2546 2036 2587 a

461 2612 674 2668 nemine
701 2615 995 2670 videretur.
1029 2616 1182 2684 Quod
1227 2635 1358 2675 vero
1401 2630 1544 2676 esset
1581 2623 1648 2677 ab
1686 2624 1870 2693 aliquo
1897 2639 2033 2679 con-

458 2712 699 2772 spectus,
751 2720 859 2760 non
909 2706 1041 2761 illud
1088 2711 1413 2766 necessitate
1454 2713 1823 2784 contingeret,
1875 2715 2036 2785 quasi

457 2809 582 2848 eum
632 2794 687 2849 in
732 2797 905 2852 lucem
948 2807 1003 2853 et
1035 2808 1278 2870 apertum
1313 2811 1507 2856 natura
1538 2804 1907 2873 produxisset,
1939 2808 2035 2863 sed

460 2885 795 2956 indulgentia
838 2889 1071 2958 quadam
1121 2892 1338 2960 potius;
1393 2910 1570 2964 neque
1620 2895 1696 2950 ita
1749 2906 1810 2951 ut
1856 2898 2037 2954 subito

461 2989 628 3040 metu.
679 2987 842 3048 atque
886 2996 954 3036 ex
1000 2983 1297 3051 improviso
1334 2995 1638 3057 praeterque
1673 2991 2036 3060 exspectatio-

2129 1794 2194 1848 τὸ
2223 1796 2324 1848 οὐκ
2350 1797 2408 1848 ὲν
2437 1796 2651 1868 ὁρατοῖς
2682 1793 3072 1863 ἐξεταζόμενον
3099 1790 3208 1845 ἀπὸ
3236 1789 3334 1843 τοῦ
3372 1789 3581 1843 κτύπου
3603 1789 3691 1840 τῶν

2133 1884 2398 1940 κωδώνων
2416 1887 2514 1957 τῆς
2540 1884 2734 1939 ἑαυτοῦ
2763 1883 3023 1954 συστολῆς
3047 1884 3390 1955 προενοεῖτος
3420 1881 3582 1951 Ἔχον
3606 1879 3692 1950 γὰρ

2133 1977 2193 2029 τὸ
2230 1978 2460 2047 ἀόρατον
2499 1976 2642 2031 κατὰ
2687 1976 2880 2046 φύσιν,
2921 1977 3022 2029 οὐκ
3063 1975 3130 2029 ἂν
3179 1973 3508 2037 ὡπτάνετο,
3548 1974 3592 2024 εἰ
3635 1971 3693 2041 μὴ

2132 2067 2342 2138 ἢθελεν.
2389 2068 2452 2121 Εί
2493 2068 2550 2120 δὲ
2585 2069 2681 2122 καὶ
2732 2067 2888 2139 ὤφθη
2924 2067 3004 2130 δὲ,
3054 2065 3240 2119 οὐκέτι
3284 2063 3437 2117 κατὰ
3476 2064 3692 2130 ἀνάγκη

2133 2157 2404 2227 ἐφαίνετο,
2433 2158 2532 2228 τῆς
2575 2157 2792 2226 φύσεως
2839 2156 3002 2211 αὑτὸν
3045 2156 3287 2226 ἀγούσης
3316 2155 3400 2218 είς
3439 2155 3504 2207 τὸ
3535 2155 3694 2224 φαῖνε.

2135 2248 2280 2312 σθαι,
2310 2249 2446 2304 ἀλλὰ
2488 2250 2629 2302 κατὰ
2662 2249 2845 2320 χάριν,
2873 2249 2935 2302 ού
2969 2247 3120 2318 φόϐῳ
3149 2247 3247 2301 καὶ
3269 2245 3546 2318 προλήψει
3568 2246 3694 2315 παρὰ

2134 2341 2461 2412 προσδοκίαν
2495 2342 2623 2396 ἄνευ
2665 2339 2896 2405 κτύπου,
2933 2340 3014 2404 είς
3042 2339 3104 2392 τὸ
3148 2338 3308 2408 δῆλον
3354 2337 3693 2400 καθιστῶντος

2133 2432 2233 2504 τὴν
2259 2432 2427 2486 αὑτοῦ
2453 2432 2742 2488 ὀπτασίαν.
2785 2433 2897 2487 Καὶ
2927 2430 3103 2494 οὕτως
3131 2428 3276 2484 κατὰ
3309 2428 3497 2482 πάντα
3521 2429 3695 2499 τρόπον

2132 2523 2385 2577 διέπεσεν
2418 2525 2446 2577 ό
2481 2522 2659 2577 αὐτῶν
2703 2521 2907 2592 ψευδὴς
2939 2519 3031 2575 καὶ
3065 2519 3592 2591 παραπεποιημένος
3628 2516 3697 2568 1r}-

2134 2633 2250 2686 γος.
2294 2617 2406 2670 Καὶ
2433 2615 2606 2670 πολλά
2633 2619 2780 2670 ἔστιν
2813 2614 2967 2682 ἄλλα,
2997 2614 3034 2670 ἃ
3060 2613 3278 2682 λέγουσι
3308 2609 3532 2682 ληρώδη
3550 2627 3566 2641 -
3599 2610 3698 2662 χιε.

2135 2725 2285 2778 τοιγε
2321 2708 2416 2762 τοῦ
2461 2708 2732 2780 Ζαχαρίου
2771 2707 2845 2779 μὴ
2891 2704 3330 2768 ἁποκτανθέντος
3367 2702 3551 2768 εὐθὺς,

2137 2804 2231 2856 καὶ
2277 2801 2656 2874 ὲπιμείναντος
2701 2800 2914 2872 ἡμέρας
2969 2799 3110 2869 μετά
3155 2796 3253 2865 τὴν
3316 2793 3415 2849 τοῦ
3473 2797 3695 2849 Ἰωάννου

2137 2896 2424 2966 γέννησιν,
2469 2894 2565 2948 καὶ
2608 2893 3089 2966 προφητεύσαντος
3119 2891 3249 2962 περὶ
3294 2889 3396 2943 τοῦ
3453 2888 3696 2952 Ἶιιιὰννου,

2140 2988 2235 3041 καί
2275 2986 2403 3058 περὶ
2429 2985 2530 3056 τῆς
2561 2985 2865 3057 παρουσίας
2897 2983 3128 3055 Κυρίου,
3153 2984 3249 3037 καὶ
3284 2982 3556 3054 ὲνσάρκου
3591 2999 3696 3050 τεν·

460 3085 608 3135 nem,
653 3085 947 3141 suppresso
997 3073 1090 3128 illo
1141 3075 1345 3156 sonitu,
1401 3078 1576 3147 palam
1635 3095 1694 3134 se
1742 3081 1945 3138 videndi

2213 3097 2350 3143 σεως
2374 3078 2482 3132 ἀπὸ
2514 3078 2615 3148 τῆς
2641 3079 2802 3147 ἁγίας
2844 3077 3125 3150 Παρθένου
3157 3076 3380 3147 Μαρίας
3421 3075 3511 3130 διὰ
3549 3075 3695 3130 [Iasi-

459 3161 744 3230 praaberet.
798 3165 877 3217 Ita
921 3166 1069 3220 omni
1119 3181 1185 3221 ex
1228 3178 1379 3237 parte
1434 3170 1567 3226 falsa
1615 3173 1829 3229 illorum
1875 3183 2037 3248 atque

458 3254 716 3308 ementita
762 3256 904 3310 ratio
949 3257 1207 3315 concidit.
1252 3259 1358 3316 Sed
1390 3263 1494 3317 alia
1525 3264 1770 3334 quaedam
1803 3268 2036 3337 plurima

459 3354 622 3408 sunt,
657 3362 780 3417 quae
820 3351 1103 3419 nugatorie
1140 3360 1301 3422 atque
1328 3353 1560 3410 inaniter
1585 3357 1796 3422 jactare
1840 3361 2035 3415 solent.

2142 3189 2311 3244 ματος
2341 3173 2521 3241 ἁγίου,
2544 3171 2620 3235 ὡς
2641 3172 2790 3240 λέγει
2813 3187 2827 3201 ·
2854 3171 2965 3226 Καὶ
2996 3169 3099 3231 σὺ,
3125 3169 3390 3235 παιδίον,
3414 3167 3699 3238 προφήτης

2148 3266 2436 3334 Ὑψίστου
2476 3263 2782 3334 κληθήσῃ.
2818 3262 3214 3331 Προπορεύσῃ
3247 3262 3361 3332 γὰρ
3396 3261 3511 3331 πρὸ
3541 3277 3699 3329 προσ-

2138 3358 2302 3413 ώπου
2331 3357 2554 3426 Κυρίου
2573 3355 2882 3426 ἑτοιμάσαι
2909 3354 3089 3423 ὀδοὺς
3123 3354 3335 3419 αὐτοῦ,
3367 3352 3698 3423 extaque?!“

460 3431 625 3502 Atqui
651 3449 826 3504 neque
854 3436 998 3491 illico
1025 3446 1108 3494 est
1138 3439 1454 3499 interfectus
1485 3443 1812 3514 Zacharias;
1843 3459 1945 3520 etp

2212 3449 2390 3518 Ῥδίας
2419 3448 2689 3517 πατέρων
2708 3447 2805 3500 ἐπὶ
2837 3447 3042 3511 τέκνα,
3070 3447 3168 3501 καί
3199 3445 3470 3512 ἀπειθεῖς
3487 3445 3556 3499 ἐν
3578 3461 3697 3513 βριε-

461 3531 641 3578 ortum
671 3524 896 3582 Joannis
929 3527 1038 3599 95
1067 3531 1244 3586 adhuc
1293 3533 1450 3600 vixit,
1488 3535 1663 3607 deque
1715 3554 1802 3602 eo,
1860 3555 1923 3595 ac
1969 3541 2038 3598 de

2145 3541 2343 3610 νήσει,
2382 3540 2475 3594 καὶ
2498 3539 2566 3593 τὰ
2592 3537 2739 3611 ἑξῆς.
2777 3538 2927 3593 Πόσα
2961 3539 3018 3592 δὲ
3049 3537 3185 3593 ἀλλὰ
3221 3538 3374 3591 ἔστιν
3395 3538 3569 3590 εἰπεῖν
3589 3535 3698 3605 περὶ

461 3615 668 3672 Christi
702 3617 956 3686 adventu,
985 3630 1040 3677 et
1076 3623 1319 3693 ejusdem
1349 3629 1648 3684 secundum
1682 3647 1902 3688 carnem
1941 3651 1946 3704 1

2144 3634 2243 3704 τῆς
2265 3631 2447 3688 αὐτῶν
2471 3630 2840 3704 ψευδηγορίας
2863 3633 2957 3685 καὶ
2985 3631 3078 3686 τοῦ
3099 3631 3281 3685 αὐτῶν
3307 3627 3575 3702 μιασμοῦί

466 3712 730 3781 Spiritum
777 3725 1023 3772 sanctum
1067 3737 1098 3774 e
1144 3721 1300 3776 beata
1340 3722 1560 3794 Virgine
1603 3727 1769 3782 Maria
1831 3731 2178 3801 generatione
2242 3729 2572 3785 vaticinatus
2612 3736 2697 3783 est
2729 3727 2813 3782 his
2876 3728 3055 3784 verbis
3105 3747 3119 3782 :
3156 3725 3226 3780 Et
3271 3737 3348 3792 tu,
3388 3740 3534 3792 puer,
3592 3738 3701 3790 pro-

463 3803 617 3873 pheta
645 3805 909 3862 Allissimi
940 3811 1203 3866 vocaberis
1229 3828 1248 3866 :
1312 3817 1525 3882 prazibis
1554 3821 1693 3873 enim
1731 3831 1853 3875 ante
1887 3821 2075 3889 facient
2117 3823 2339 3878 Domini
2385 3838 2576 3891 parare
2627 3823 2738 3876 vias
2785 3821 2899 3885 eius
2949 3820 2999 3884 ¹;
3041 3819 3110 3872 ad
3151 3816 3500 3871 convertenda
3555 3813 3697 3868 Corda

463 3907 674 3966 patrum
703 3901 757 3955 in
787 3902 938 3971 ﬁlios
956 3907 1427 3978 erinobsequentes
1454 3914 1522 3965 ad
1550 3913 1885 3982 prudentiam
1914 3918 1956 3983 ²,
1980 3926 2088 3973 etc.
2129 3916 2344 3984 Quanta
2370 3933 2498 3972 vero
2527 3915 2596 3971 ad
2626 3931 2814 3971 eorum
2840 3913 3123 3971 mendacia
3155 3909 3552 3975 convincenda,
3576 3923 3698 3962 con-

462 3997 655 4057 traque
689 3989 1108 4048 abominandam
1134 3995 1280 4050 illam
1308 3997 1586 4055 libidinem
1616 4016 1646 4054 a
1675 4003 1836 4059 nobis
1860 4003 2044 4060 all'erri
2084 4013 2315 4078 possunt
2341 4007 2356 4060 !

535 4079 668 4137 XIII.
699 4082 877 4152 Atque
917 4093 975 4138 ut
1021 4086 1087 4142 de
1126 4088 1343 4143 illorum
1384 4090 1608 4155 Levitis.
1650 4097 1731 4150 sic
1762 4095 1907 4151 enim
1953 4112 2020 4168 ap

2218 4097 2318 4152 Il".
2356 4099 2420 4151 Οί
2445 4098 2499 4151 δὲ
2531 4095 2756 4151 Λευῖται
2791 4096 2921 4168 παρ’
2949 4097 3132 4160 αὐτοῖς
3155 4094 3503 4166 καλούμενοι,
3529 4093 3582 4145 οὗ
3614 4092 3696 4160 μί-

467 4172 954 4242 pellant,nonnihil
984 4178 1231 4236 dicamus
1253 4202 1267 4250 ;
1288 4183 1376 4238 isti
1405 4200 1512 4239 non
1548 4201 1673 4241 cum
1701 4188 1952 4244 mulierib

2212 4205 2367 4243 ὀνται
2389 4186 2658 4258 γυναιξὶν,
2682 4185 2816 4241 ἀλλὰ
2842 4185 3091 4257 ἀλλήλοις
3113 4186 3424 4256 μίσγονται.
3450 4182 3550 4236 Kal
3564 4175 3697 4233 οὗτοί

462 4266 558 4320 sed
592 4283 779 4322 secum
813 4269 1041 4326 invicem
1070 4273 1401 4340 miscentur;
1435 4292 1498 4333 ac
1536 4279 1746 4334 scilicet
1773 4283 1947 4353 prmi]

2208 4299 2282 4334 τιν
2307 4282 2357 4334 οἱ
2391 4279 2708 4352 προκριτέοι
2738 4279 2868 4350 παρ’
2894 4279 3077 4340 αὐτοῖς
3103 4275 3265 4348 δῆθεν
3295 4276 3391 4329 καὶ
3428 4269 3693 4326 ὲπαινετοξ.

463 4357 605 4413 inter
632 4361 756 4417 illos
792 4363 1054 4433 dignitate
1094 4380 1157 4419 ac
1206 4366 1363 4423 laude
1397 4370 1869 4428 commendantur.
1899 4372 1942 4427 T

2208 4371 2505 4442 ιταγελῶσι
2529 4373 2585 4425 δὲ
2617 4371 2806 4425 λοιπὸν
2825 4370 2937 4423 τῶν
2964 4370 3063 4440 τὴν
3088 4367 3366 4421 πολιτείαν
3389 4365 3693 4420 ἀσκούντων.

460 4466 592 4505 vero
639 4467 734 4508 eos
781 4469 972 4509 omnes
1027 4457 1303 4524 derident,
1347 4461 1440 4530 qui
1489 4465 1856 4520 monasticam
1912 4467 2038 4522 vitae

460 4558 631 4612 genus
658 4546 890 4615 amplexi
919 4557 1066 4611 sunt,
1108 4559 1202 4604 aut
1227 4552 1532 4608 castitatem
1561 4554 2038 4626 virginitatemque

461 4632 803 4699 profitentur,
836 4637 978 4705 quod
1015 4636 1216 4694 frustra
1248 4641 1302 4694 id
1334 4641 1438 4699 sibi
1487 4645 1750 4700 molestia:
1787 4661 1851 4701 ac
1887 4648 2039 4702 labo-

377 4749 385 4814 γ
462 4722 541 4777 ris
577 4723 878 4794 imponant.
927 4726 1193 4786 Praeterea
1237 4733 1572 4803 evangelium
1617 4736 1890 4806 quoddam
1935 4738 2048 4800 sub,

378 4812 384 4872 g
463 4812 696 4885 Philippi
737 4819 1069 4875 sanctissimi
1111 4820 1314 4878 Christi
1357 4825 1610 4896 discipuli
1658 4829 1876 4883 nomine
1923 4828 2036 4882 cir-

463 4900 794 4966 cumferunt,
825 4904 879 4958 in
900 4921 1010 4974 quo
1038 4906 1141 4961 ista
1167 4917 1491 4966 narrantur:
1520 4909 1679 4975 Mihi,
1715 4912 1909 4982 inquit,
1935 4912 2038 4966 Do-

463 4992 637 5051 minus
692 4997 934 5064 aperuit,
991 5001 1178 5069 quibus
1229 5004 1410 5056 anima
1455 5003 1622 5058 verbis
1677 5005 1754 5058 uti
1812 5023 1930 5060 cum
1984 5007 2037 5061 in

462 5079 652 5134 emtum
681 5086 936 5150 ascendit,
973 5103 1035 5140 ac
1081 5090 1521 5159 quemadmodum
1570 5095 1850 5165 unicuique
1880 5095 2036 5150 cazle-

461 5173 623 5226 stium
673 5176 928 5230 uirtutum
971 5182 1281 5248 respondere
1333 5185 1536 5239 debeat.
1573 5185 1887 5241 Nimirum:
1921 5186 2036 5259 Ego

463 5268 714 5336 meipsam
766 5274 984 5338 agnoui,
1031 5284 1184 5346 atque
1240 5277 1579 5350 undequaque
1623 5280 1844 5352 collegi;
1876 5299 2039 5353 neque

459 5360 688 5428 principi
725 5361 868 5433 ﬁlios
901 5366 1076 5435 genui,
1130 5369 1221 5421 sed
1255 5369 1368 5438 ejus
1409 5372 1610 5426 radices
1638 5375 1943 5444 exstirpata“,
1976 5391 2038 5428 ac

459 5449 726 5521 dissipata
761 5456 992 5510 membra
1025 5458 1078 5512 in
1106 5475 1267 5514 unum
1295 5463 1474 5534 coegi;
1514 5474 1660 5535 teque
1689 5466 1821 5522 adeo
1845 5469 1934 5538 qui
1966 5469 2036 5523 sis

540 5634 555 5664 ¹
586 5633 720 5692 Luc.
751 5653 790 5703 I,
817 5637 906 5693 Ἱϐ.
981 5641 1000 5672 ⁸
1029 5639 1158 5696 ibid.
1194 5641 1275 5698 l7.
1355 5642 1372 5673 ³
1406 5661 1490 5712 π).
1533 5643 1847 5700 ίηδαὶτικόν.

2139 4467 2234 4521 καὶ
2277 4464 2522 4535 ἁγνείαν,
2557 4463 2654 4518 καὶ
2697 4461 3016 4534 παρθενίαν,
3050 4459 3126 4524 ὼς
3167 4459 3248 4523 είς
3288 4458 3466 4529 μάτην
3489 4457 3568 4508 τὸν
3602 4452 3695 4505 zi-

2143 4575 2312 4629 ματον
2361 4555 2821 4628 ἁναδεδεγμένων.
2879 4553 3259 4626 Προσφέρουσι
3307 4551 3364 4604 δὲ
3416 4551 3493 4613 εἰς
3539 4546 3694 4614 inopi:

2139 4647 2405 4701 Φιλίππου
2450 4646 2546 4700 τοῦ
2584 4647 2740 4716 ἁγίου
2780 4644 3024 4717 μαθητοῦ
3052 4643 3371 4713 εὐαγγέλιον
3399 4637 3692 4705 πεπλασμὲο

2140 4757 2251 4808 νον,
2282 4741 2364 4793 ὅτι
2399 4739 2594 4810 φησίν⁰
2645 4736 3018 4805 Ἇπεκάλυψέ
3040 4754 3142 4806 μοι
3182 4739 3217 4790 ό
3249 4736 3482 4803 Κύριος,
3509 4731 3561 4784 τί
3585 4729 3694 4793 rit"

2141 4831 2356 4902 ’Ψυχὴν
2379 4831 2474 4886 δεῖ
2495 4830 2697 4901 λέγειν
2724 4832 2795 4885 ἐν
2812 4829 2894 4896 τῷ
2923 4830 3154 4884 ἀνιέναι
3190 4829 3280 4894 εις
3313 4827 3420 4881 τὸν
3434 4822 3689 4894 σεμνὸν,

2144 4924 2242 4976 καὶ
2283 4922 2409 4989 πῶς
2448 4922 2673 4990 ἑκάστῃ
2714 4919 2834 4976 τῶν
2882 4920 3004 4974 ἅνω
3046 4919 3360 4990 δυνάμεων
3401 4914 3692 4982 ἀποκρίνε-

2142 5015 2300 5068 σθαι.
2335 5013 2456 5066 Ὅτι
2480 5011 2748 5081 ἐπέγνων
2771 5010 3058 5081 ἐμαυτὴν,
3091 5009 3245 5081 φησὶ,
3273 5007 3373 5062 καὶ
3407 5003 3688 5064 συνέλεξα

2142 5103 2410 5173 ἐμαυτὴν
2437 5103 2835 5171 πανταχόθεν,
2857 5101 2955 5156 καὶ
2993 5103 3102 5156 οὐκ
3128 5100 3380 5167 ἔσπειρα
3405 5096 3582 5154 τέκνα,

2145 5193 2410 5264 ἄρχοντι,
2453 5195 2615 5249 ἀλλὰ
2652 5192 3003 5263 έξερῤίζωσα
3033 5192 3140 5258 τὰς
3170 5190 3341 5259 ῥίζας
3373 5183 3555 5243 αὐτοῦ,
3592 5181 3687 5233 καὶ

2147 5285 2455 5350 συνέλεξα
2499 5287 2570 5340 τὰ
2594 5285 2750 5358 μέλη
2792 5286 2865 5341 τὰ
2904 5282 3422 5354 διεσκορπισμένα,
3447 5275 3532 5330 καί
3553 5268 3693 5326 otes

2147 5392 2222 5432 σε
2251 5379 2341 5445 τίς
2371 5375 2444 5433 εἷ.
2488 5378 2637 5450 Ἐγὼ
2669 5380 2800 5450 γὰρ,
2839 5380 2992 5450 φησὶ,
3043 5376 3158 5429 τῶν
3189 5375 3409 5428 ἄνωθέν
3425 5371 3542 5437 ειμι.
3577 5364 3690 5416 Καὶ

2153 5469 2346 5533 οὕτως,
2381 5469 2564 5540 φησὶν,
2616 5470 2929 5526 ἀπολύεται.
2977 5469 3101 5524 Ἐὰν
3137 5467 3226 5534 δὲ,
3277 5462 3452 5536 φησιν,
3493 5453 3688 5525 εὐρεθῆ
