3760 6176
445 162 550 217 355

1874 152 1933 209 S.
1975 151 2047 209 EF

2148 151 2318 207 JANII
3562 153 3647 210 ὅῖιθ

442 277 495 330 in
545 271 778 334 Christo,
826 268 1016 324 nubere
1068 269 1267 335 volunt,
1316 269 1563 324 habentes
1608 272 2022 336 damnationem,

2148 287 2232 324 rat
2274 267 2485 339 κρῖμα,
2536 268 2624 321 ὅτι
2668 270 2783 338 τὴν
2830 268 3071 347 πρώτην
3116 271 3326 323 πίστιν
3373 269 3648 339 ἠθέτησαν.

443 366 567 433 quia
610 364 835 432 primam
871 361 1029 430 ﬁdem
1070 362 1281 415 irritant
1320 362 1573 431 fecerunt.
1620 363 1837 419 Nubaut
1868 366 2029 435 igitur

445 467 494 508 et
570 453 712 523 ﬁlios
759 461 1064 523 procreent,
1148 454 1586 523 matresfamilias
1639 467 1795 510 sunto
1833 456 1872 510 ⁸.
1895 456 2028 511 Cum

444 560 574 613 ergo
604 558 892 613 procreare
926 543 1161 614 liberos},
1203 559 1268 599 ae
1312 544 1533 599 familia:
1575 561 1811 616 praeesse
1842 547 2031 616 jubeat

446 636 763 706 Apostolus,
811 635 901 690 isti
946 650 1078 690 vero
1113 650 1143 689 a
1185 638 1541 708 susceptione
1584 639 1882 694 liberorum
1934 638 2032 693 ab-

448 728 724 790 horreant,
756 726 913 796 plane
945 727 1050 781 hoc
1090 743 1120 781 a
1143 728 1418 784 'venenato
1459 724 1733 800 serpente,
1764 730 2032 800 pessima-

449 837 557 891 que
584 821 871 891 disciplina
914 820 1129 875 facinus
1158 819 1463 889 profectum
1496 829 1598 877 est.
1632 820 1764 875 Dum
1795 820 1941 877 enim
1966 820 2036 875 li-

455 914 699 970 bidinum
741 928 966 968 suarum
996 913 1260 981 voluptati
1296 914 1686 980 succumbunt,
1716 923 1896 970 certas
1930 914 2034 971 sibi

455 1005 940 1077 perpetrandorum
983 1004 1311 1077 ﬂagitiorum
1353 1008 1675 1062 occasiones
1724 1016 2031 1072 arcessunt,

456 1113 566 1168 quo
599 1096 874 1151 effrenatae
925 1110 1039 1152 suae
1085 1095 1371 1167 cupiditati
1425 1110 1488 1149 ae
1537 1094 1766 1149 luxuria:
1812 1096 2035 1151 satisfa-

457 1190 621 1244 ciant.
678 1188 822 1243 Sane
866 1188 956 1242 illa
1001 1186 1183 1242 omnia
1244 1202 1311 1242 ne
1353 1187 1768 1241 commemorari
1819 1187 2037 1257 quidem

459 1280 764 1351 oportebat,
804 1294 981 1349 neque
1034 1278 1197 1332 ullam
1239 1292 1430 1333 eorum
1471 1277 1527 1331 in
1566 1277 1789 1347 scriptis
1823 1285 2040 1333 exstare

460 1372 800 1436 memoriam,
830 1371 926 1426 sed
968 1378 1223 1441 tanquam
1272 1370 1474 1426 mortui
1508 1369 1740 1425 cadaver
1770 1369 1941 1433 fetidi,
1974 1385 2040 1426 ac

461 1460 705 1531 pestiferi
735 1459 1021 1529 cujusdam
1054 1458 1266 1513 alllatus
1311 1459 1367 1512 in
1410 1458 1722 1527 sepulcrum
1755 1458 1942 1529 abjici,
1971 1474 2041 1515 ne

460 1552 545 1608 vel
593 1553 781 1605 auditu
812 1552 930 1621 ipso
972 1552 1282 1605 mortalium
1314 1551 1611 1621 perniciem
1659 1549 1899 1607 aderret.
1931 1551 2039 1623 97

2142 362 2316 416 Ἀλλὰ
2341 361 2736 430 γαμείτωσαν,
2765 362 3324 423 τεκνοποιείτωσαν,
3354 360 3650 416 οἰκοδεσπο-

2130 455 2439 507 τείτωσαι·.
2474 454 2538 506 El
2576 453 2633 506 δὲ
2676 455 2705 506 ὀ
2756 453 3080 516 Ἀπόστολος
3122 452 3303 520 λέγει,
3347 455 3649 519 τεκνογονεῖν,

2131 544 2551 608 οίκοδεσποτεῖν,
2591 537 2737 597 οὗτοι
2781 544 2839 596 δὲ
2887 542 3281 614 παραιτοῦνται
3319 542 3416 613 τὴν
3453 559 3652 609 τεκνογο-

2132 634 2269 696 νίαν,
2301 634 2477 702 ὅφεώς
2513 636 2630 687 ἐστι
2670 634 2767 687 καὶ
2802 633 2981 704 κακῆς
3013 631 3358 695 διδασκαλίας
3394 632 3454 684 τὸ
3489 632 3653 701 int-tab

2135 744 2305 798 ρημα.
2335 724 2665 796 Ἡττὼμενοι
2698 725 2805 795 γὰρ
2834 727 2903 795 τῇ
2944 724 3103 794 ἡδονῇ
3146 724 3245 794 τῆς
3276 722 3538 793 πορνείας,
3566 725 3655 776 in.

2134 818 2344 870 νοοῦσιν
2369 817 2583 879 ἑαυτοῖς
2611 815 2954 887 ἀκαθαρσίας
2983 815 3308 885 προφάσεις,
3334 816 3481 876 ὅπως
3510 813 3658 877 δόξωσι

2136 907 2499 979 πληροφορεῖν
2550 909 2648 978 τὴν
2692 907 2901 961 ἑαυτῶν
2943 907 3231 976 ἀσέλγειαν
3253 924 3267 937 ’
3315 907 3410 960 καὶ
3458 906 3551 959 ἔδει
3588 908 3658 975 μὲν

2136 998 2352 1070 άληθῶς
2382 998 2557 1052 ταῦτα
2602 1000 2738 1070 μήτε
2769 997 3045 1067 λέγεσθαι,
3092 999 3228 1069 μήτε
3271 999 3330 1050 ἐν
3369 995 3661 1067 συντάγματι

2137 1088 2523 1153 καταξιοῦσθαι
2547 1089 2852 1162 γράφεσθαι
2874 1108 2886 1121 ·
2916 1091 3215 1144 θάπτεσθαι
3236 1091 3293 1144 δὲ
3317 1090 3498 1161 ὥσπερ
3516 1093 3661 1160 νεκρόν

2136 1199 2260 1234 τινα
2301 1181 2532 1234 ὀδωδότα
2552 1222 2565 1245 ,
2598 1183 2695 1236 καὶ
2721 1183 2959 1253 λοιμώδη
3009 1181 3293 1253 ἀποφορὰν
3334 1181 3565 1243 πνέοντα,
3600 1184 3663 1235 ἵνα

2141 1272 2216 1343 μὴ
2254 1272 2346 1324 καὶ
2365 1271 2430 1324 δι’
2460 1272 2630 1343 ἀκοῆς
2655 1274 2960 1345 λυμήνηται
2986 1276 3114 1336 τοὺς
3138 1273 3482 1344 ἀνθρώπους.
3516 1274 3605 1325 Καὶ
3629 1276 3663 1324 εἰ

2144 1365 2240 1435 μὲν
2276 1364 2642 1435 παρεληλύθει
2679 1367 2724 1437 ἡ·
2759 1366 2983 1438 τοιαύτη
3023 1368 3254 1437 αἵρεσις,
3297 1367 3394 1419 καὶ
3431 1365 3592 1418 οὐκέτι
3617 1361 3664 1436 ἦν

2142 1458 2199 1510 ἐν
2231 1456 2307 1527 τῷ
2342 1456 2459 1527 βίῳ,
2494 1458 2698 1525 ἀγαθον
2722 1455 2792 1529 ἦν
2826 1459 3030 1530 ταύτην
3059 1459 3247 1529 θάψαι,
3279 1457 3375 1512 καὶ
3411 1459 3539 1529 μήτε
3564 1458 3665 1520 ὅμως

2143 1546 2273 1619 περὶ
2303 1547 2474 1617 αὐτῆς
2501 1550 2674 1600 εἰπεῖν
2695 1563 2707 1579 ·
2736 1548 2924 1619 ἐπειδὴ
2945 1549 3002 1602 δὲ
3030 1551 3123 1601 καὶ
3145 1548 3262 1601 ἔστι
3284 1550 3379 1601 καὶ
3400 1548 3667 1618 πράττεται.

460 1643 529 1699 Ει
562 1643 776 1715 quidem
808 1644 856 1698 si
884 1658 949 1699 ea
979 1644 1196 1714 penitus
1230 1645 1564 1714 praeterisset
1595 1645 1839 1710 haeresis,
1863 1660 2039 1716 neque

2148 1638 2572 1710 προετράπημεν
2625 1639 2682 1692 δὲ
2734 1639 2840 1692 ὑπὸ
2877 1640 2976 1710 τῆς
3020 1640 3176 1711 ὑμῶν
3222 1640 3530 1710 τιμιότητος
3574 1640 3669 1708 περὶ

461 1737 519 1791 in
566 1734 770 1789 mundo
819 1742 1130 1805 superesset
1168 1735 1421 1805 amplius,
1458 1734 1675 1804 sepeliri
1718 1749 1895 1805 operae
1919 1744 2039 1805 pre-

466 1830 605 1885 tium
638 1838 776 1896 erat,
807 1842 982 1898 neque
1017 1828 1181 1882 ullam
1213 1827 1334 1896 ejus
1366 1828 1694 1880 mentionem
1728 1825 1861 1881 ﬁeri.
1883 1824 2039 1880 Nunc

464 1937 588 1977 cum
617 1931 673 1975 et
701 1935 888 1976 revera
918 1919 1079 1974 hodie
1112 1920 1201 1981 sit,
1237 1926 1290 1972 et
1324 1916 1482 1972 factis
1515 1917 1649 1987 ipsis
1681 1917 2035 1987 exprimatur,

465 2028 661 2083 meque
689 2027 787 2075 vos
812 2018 872 2066 ut
896 2011 963 2066 de
995 2009 1250 2065 omnibus
1276 2008 1511 2063 dicerem
1557 2008 1761 2081 hortati
1807 2007 2041 2070 fueritis,

466 2104 648 2174 aliqua
690 2103 833 2157 illaut
889 2117 955 2157 ex
1004 2109 1158 2172 parte
1199 2108 1423 2155 coactus
1467 2114 1499 2153 a
1547 2099 1703 2154 vobis
1738 2099 1933 2169 attigi,
1980 2114 2077 2162 ne,

467 2205 781 2267 susceptum
817 2194 1063 2249 veritatis
1103 2192 1346 2249 studium
1376 2192 1832 2261 praetermittam;
1870 2190 1964 2245 sed
1995 2189 2050 2245 id

469 2302 633 2343 omne
684 2287 882 2357 partim
935 2285 1002 2339 ad
1060 2300 1157 2340 eos
1204 2285 1296 2355 qui
1343 2284 1617 2339 audierint
1668 2283 2048 2349 deterrendos,

2145 1733 2362 1787 πάντων
2381 1734 2579 1796 εἰπεῖν,
2608 1733 2749 1805 μέρη
2770 1733 2937 1804 αὐτῆς
2962 1734 3311 1806 διηγησάμην
3331 1733 3669 1803 ἀναγκασθεὶς,

2146 1826 2234 1880 ἵνα
2272 1825 2332 1879 τὸ
2360 1824 2652 1895 φιλάληθες
2696 1825 2769 1896 μὴ
2806 1826 3244 1897 παρασιωπήσω,
3283 1825 3421 1879 ἀλλά
3447 1827 3673 1895 ὑφηγήσο-

2149 1936 2266 1989 μαι,
2294 1919 2376 1982 εἰς
2401 1919 2721 1990 ἀποτροπὴν
2754 1918 2851 1987 μὲν
2875 1919 2983 1972 τῶν
3008 1918 3331 1981 ἀκουόντων,
3355 1919 3437 1981 εἰς
3462 1918 3672 1987 αἰσχύνην

2146 2010 2203 2063 δὲ
2240 2011 2349 2064 τῶν
2396 2011 2764 2081 πραττόντων.
2806 2011 2977 2065 Πόθεν
3023 2011 3132 2083 γὰρ
3168 2013 3269 2065 οὐκ
3312 2010 3509 2080 ἔχομεν
3547 2010 3674 2073 δεῖξαι

2143 2099 2272 2163 τοὺς
2320 2101 2447 2172 παρ’
2478 2102 2663 2166 αὐτοῖς
2704 2101 2932 2171 φόνους,
2984 2105 3079 2158 καὶ
3118 2102 3400 2175 τερατώδη
3434 2101 3578 2172 ἔργα,
3606 2104 3676 2153 καὶ

2144 2193 2367 2258 τελετὰς
2409 2194 2657 2247 διαϐόλου
2703 2194 2763 2260 ἐξ
2804 2195 3048 2259 ἐπινοίας
3086 2195 3182 2250 τοῦ
3254 2194 3427 2250 αὑτοῦ
3468 2194 3670 2249 διαϐόλου

2146 2286 2261 2348 τοῖς
2286 2284 2626 2357 ὲμϐεὸροντη
2638 2285 2821 2356 μένοις
2848 2287 3126 2353 δοθείσας;

469 2381 667 2452 partim
703 2381 768 2434 ad
801 2394 895 2434 eos
938 2379 1028 2449 qui
1077 2379 1183 2433 ista
1221 2384 1536 2449 perpetrant
1604 2376 1811 2448 pudore
1879 2375 2190 2432 alliciendos
2254 2393 2544 2449 exponam.
2600 2379 2732 2445 Quae
2779 2382 2922 2434 enim
2968 2379 3237 2452 probandi
3285 2380 3433 2435 ratio
3468 2388 3563 2443 est,
3600 2392 3678 2448 qua

470 2485 580 2538 non
624 2469 677 2524 id
723 2468 933 2524 edicere
970 2467 1244 2538 possimus
1290 2465 1584 2537 parricidia
1631 2466 1721 2520 illa
1762 2466 2129 2534 immaniaque
2162 2479 2283 2536 qna:
2313 2468 2381 2523 ab
2420 2468 2488 2523 iis
2526 2469 2945 2524 committuntur
2984 2471 3213 2537 scelera,
3250 2472 3489 2542 malique
3521 2473 3678 2526 dmino.

471 2563 559 2620 nis
594 2561 729 2616 ritus
762 2574 825 2614 ac
857 2559 1232 2624 caeremonias,
1263 2556 1510 2626 ejusdem
1540 2555 1803 2610 instinctu
1843 2553 2105 2611 damonis
2143 2555 2368 2612 furiosis
2400 2556 2507 2612 illis
2543 2572 2609 2612 ac
2643 2558 2968 2614 vecordibus
3004 2560 3302 2615 constituta
3332 2561 3533 2618 fuisse?

539 2650 654 2707 XV.
689 2650 853 2721 Atqui
889 2651 1123 2720 primum
1175 2646 1307 2703 illud
1360 2647 1546 2703 statim
1597 2646 1741 2718 quod
1784 2646 1890 2701 sibi
1937 2644 2041 2699 ﬁn-

470 2752 626 2815 gunt,
661 2751 825 2813 atque
852 2757 882 2798 e
906 2741 1092 2812 priore
1119 2741 1331 2811 psalmo
1366 2739 1434 2795 de
1478 2739 1675 2793 arbore
1706 2751 2042 2794 commemo-

471 2843 650 2890 ratum
701 2830 1010 2904 proferunt.
1067 2829 1222 2885 nullo
1271 2830 1490 2901 negotio
1543 2828 1810 2884 refellitur
1846 2846 1858 2881 :
1893 2826 2045 2894 Quod

469 2930 703 2999 fructum
730 2940 887 2979 suum
933 2922 1078 2977 dabit
1108 2922 1165 2976 in
1208 2930 1437 2988 tempore
1485 2937 1604 2987 suo,
1629 2929 1678 2975 et
1712 2921 1898 2990 folium
1936 2919 2049 2989 ejus

474 3037 577 3074 non
614 3018 803 3086 tte/luet
829 3017 874 3074 ³.
904 3014 1077 3069 Paulo
1101 3013 1250 3067 enim
1287 3018 1412 3067 ante
1441 3011 1711 3081 scriptum
1739 3021 1823 3067 est
1848 3031 1861 3067 :
1888 3010 1969 3065 Et
1996 3014 2050 3067 in

474 3113 584 3182 lege
618 3111 732 3180 ejus
778 3107 1119 3163 meditabitur
1146 3106 1231 3159 die
1285 3120 1349 3159 ac
1391 3113 1541 3159 nocte
1572 3104 1613 3160 ³.
1651 3105 1717 3159 Αι
1759 3105 1850 3159 isti
1882 3105 2049 3177 legem

474 3206 682 3278 pariter
719 3217 783 3257 ac
826 3201 1121 3272 prophetas
1158 3199 1468 3269 repudiant.
1512 3196 1685 3263 Quam
1722 3197 1938 3268 quidem
1976 3199 2054 3254 le-

472 3314 593 3369 gem
625 3297 669 3351 si
701 3302 987 3365 respuunt,
1019 3308 1142 3347 eum
1170 3292 1271 3348 hac
1299 3291 1449 3344 illum
1474 3305 1691 3361 quoque
1723 3289 2054 3344 calumnian-

474 3397 583 3452 tur,
625 3384 719 3455 qui
750 3386 805 3439 iu
838 3385 955 3454 lege
986 3384 1200 3438 loeutus
1222 3390 1323 3437 est.
1356 3379 1556 3436 Verum
1582 3389 1636 3437 et
1666 3379 1767 3434 hac
1793 3379 2053 3451 Opinione

474 3492 577 3532 sua
609 3475 895 3539 falluntur,
929 3484 982 3529 et
1024 3489 1055 3528 a
1089 3476 1318 3529 veritate
1372 3473 1591 3544 longius
1636 3473 1914 3528 aberrant.
1945 3470 2053 3528 Ne-

476 3583 586 3637 que
618 3567 789 3622 ullum
820 3580 951 3621 vero
992 3564 1259 3636 judicium
1308 3564 1444 3629 fore,
1493 3580 1670 3634 neque
1703 3572 1951 3619 mortuos
1985 3562 2052 3617 ad

475 3661 646 3714 vitam
680 3657 996 3713 excitandos
1041 3672 1163 3712 esse
1210 3657 1591 3727 pronuntiant.
1634 3656 1765 3722 Quae
1794 3671 1957 3727 porro
1997 3656 2053 3709 in

476 3747 810 3815 voluptatem
850 3761 914 3799 ac
954 3746 1225 3801 luxuriem
1270 3746 1424 3802 eﬂ‘usi
1475 3756 1685 3803 suamet
1717 3747 1774 3801 in
1823 3760 2053 3816 corpora

475 3839 844 3902 committunt,
893 3853 1084 3893 eorum
1141 3837 1379 3892 fructum
1445 3839 1780 3909 percipiunt,
1841 3838 1971 3893 dum
2022 3853 2052 3891 a

475 3930 719 3985 daemone
750 3929 1041 3983 libidinum
1072 3929 1345 3984 illecebris
1374 3943 1438 3984 ac
1467 3929 1828 3999 cupiditatum
1861 3930 2054 3984 stimu-

477 4019 545 4076 lis
572 4020 879 4092 agitantur;
907 4019 1365 4088 quemadmodum
1391 4019 1507 4089 ipsa
1532 4019 1777 4074 veritatis
1802 4020 2053 4075 oratione

478 4118 739 4180 perpetuo
769 4119 932 4179 atque
965 4109 1165 4179 ubique
1204 4110 1628 4179 redarguuntur.
1665 4109 1755 4166 Sic
1788 4112 1934 4166 enim
1966 4112 2053 4165 in-

478 4207 563 4253 ter
602 4200 740 4254 alios
770 4198 1012 4254 Joannes
1046 4199 1288 4267 loquitur
1316 4218 1329 4254 :
1369 4197 1428 4253 Si
1460 4201 1577 4271 quis
1604 4202 1738 4254 venit
1766 4200 1835 4254 ad
1869 4217 1978 4264 vos,
2004 4210 2053 4256 et

2201 2648 2298 2701 IE'.
2315 2647 2426 2703 Καὶ
2445 2648 2605 2712 εὐθὺς
2618 2648 2723 2720 μὲν
2738 2645 2830 2703 οὖν
2849 2650 3159 2721 ἐλέγχονται
3175 2655 3255 2717 εἰς
3268 2654 3297 2706 ὃ
3313 2656 3679 2722 φαντασιοῦνται

2148 2738 2245 2791 καὶ
2278 2740 2706 2810 προφασίζονται
2734 2741 2862 2813 περὶ
2886 2742 2980 2796 τοῦ
3018 2743 3174 2811 ξύλου
3209 2746 3306 2799 τοῦ
3340 2749 3401 2802 ὲν
3423 2748 3500 2819 τῷ
3528 2750 3682 2819 πρώτῳ

2150 2828 2351 2901 ψαλμῷ
2382 2830 2697 2902 εἰρημένου,
2745 2834 2868 2888 Ὀτι
2909 2834 3086 2890 δώσει
3133 2838 3239 2891 τὸν
3278 2841 3516 2908 καρπὸν
3540 2843 3681 2895 αὐτοῦ

2154 2921 2224 2975 ἐν
2247 2920 2430 2991 καιρῷ
2457 2923 2665 2988 αὐτοῦ,
2690 2926 2789 2979 καὶ
2817 2926 2882 2980 τὸ
2917 2928 3159 2997 φύλλον
3190 2933 3380 2987 αὑτοῦ
3405 2937 3515 2989 οὐκ
3545 2935 3683 3003 ἀποβ-

2152 3014 2460 3084 ῥυήσεται.
2508 3017 2788 3090 Ἀνωτέρω
2831 3020 2940 3092 γὰρ
2970 3025 3167 3091 κεῖται,
3201 3028 3285 3081 ὅτι
3325 3029 3428 3083 Ἐν
3450 3030 3525 3097 τῷ
3566 3033 3683 3099 νόμῳ

2151 3107 2337 3195 αὑτοῦ
2377 3108 2698 3177 μελετήσει
2733 3112 2953 3182 ἡμέρας
3005 3117 3105 3169 καὶ
3149 3122 3395 3188 νυκτός.
3449 3124 3612 3195 Νόμον
3645 3128 3683 3177 εξ

2152 3194 2297 3255 οὗτοι
2340 3202 2435 3255 καὶ
2468 3204 2748 3274 προφήτας
2772 3206 3081 3277 ἀρνοῦνται.
3135 3211 3198 3264 Εἰ
3235 3212 3292 3265 δὲ
3323 3213 3492 3285 νόμον
3520 3194 3682 3287 Κυρίςι

2152 3290 2464 3363 ἀρνοῦνται,
2507 3295 2604 3347 σὺν
2642 3295 2720 3366 τῷ
2765 3296 2914 3368 νόμῳ
2952 3300 3046 3352 καὶ
3089 3301 3179 3355 τὸν
3211 3303 3522 3376 λαλήσαντα
3563 3309 3613 3362 ὲν
3634 3309 3684 3376 τῷ

2153 3382 2302 3453 νόμῳ
2334 3385 2749 3453 συκοφαντοῦσι.
2771 3388 3085 3445 Πλανῶνται
3107 3392 3164 3446 δὲ
3187 3395 3309 3448 καθ’
3335 3397 3603 3464 ὑπόνοιαν,
3621 3402 3685 3450 καὶ

2152 3475 2539 3531 ἐκπεπτώκασι
2565 3479 2669 3549 τῆς
2698 3478 2975 3551 ἀληθείας,
3018 3484 3197 3554 κρίσιν
3219 3503 3278 3540 τε
3310 3488 3414 3560 οὐχ
3455 3490 3685 3561 ἡγοῦνται.

2152 3565 2276 3619 οὔτε
2293 3567 2587 3621 ἀνάστασιν
2603 3568 2971 3638 ὁμολογοῦσιν.
2990 3572 3129 3626 Ὅσα
3152 3574 3208 3628 δὲ
3228 3576 3557 3645 πράττουσιν
3573 3582 3619 3633 ὲν
3633 3581 3686 3647 τῷ

2157 3657 2365 3728 σώματι
2385 3658 2579 3730 ἡδονῆς
2600 3659 2824 3730 ἔμπλεοι
2847 3663 3139 3734 γινόμενοι,
3164 3667 3333 3721 ταῦτα
3355 3671 3686 3742 ἀποκαρποῐν-

2152 3766 2267 3813 ται,
2296 3749 2757 3820 ὲκϐακχευόμενοι
2779 3755 2898 3816 ταῖς
2925 3753 3017 3806 τοῦ
3042 3754 3289 3810 διαϐόλου
3310 3761 3530 3831 ἡδοναῖς
3552 3779 3599 3813 τε
3621 3768 3687 3813 καὶ

2154 3839 2493 3910 ἐπιθυμίαις,
2524 3841 2600 3904 ὠς
2632 3843 2810 3913 πάντη
2842 3845 2936 3898 καὶ
2972 3848 3247 3919 πανταχοῦ
3281 3850 3583 3923 ἐλέγχονται
3612 3856 3686 3907 ἀεὶ

2154 3931 2247 3985 τοῦ
2283 3934 2381 4004 τῆς
2410 3934 2669 4003 ἀληθείας
2698 3936 2877 4005 λόγου.
2923 3938 3173 4012 Ἰωάννης
3201 3943 3309 4015 γὰρ
3346 3944 3495 4013 λέγει
3514 3948 3605 3999 Ἐἴ
3627 3964 3685 4008 τις

2152 4024 2405 4092 ἔρχεται,
2427 4026 2578 4095 φησὶ,
2598 4027 2746 4094 πρὸς
2759 4029 2934 4099 ὑμᾶς,
2953 4031 3051 4085 καί
3075 4035 3147 4087 οὐ
3162 4033 3326 4102 φέρει
3343 4035 3462 4104 τὴν
3484 4036 3687 4105 διδαχὴν

2153 4115 2401 4182 ταύτην
2438 4115 2531 4169 καὶ
2553 4116 2733 4181 ποίαν,
2761 4120 2957 4189 φησίν;
2992 4122 3025 4191 ἢ
3047 4122 3142 4192 οὐχ
3167 4123 3301 4195 (73‘)
3324 4126 3570 4196 ὁμολογεί
3590 4129 3685 4195 Χρι-

2158 4206 2283 4259 στὸν
2304 4207 2362 4259 ἐν
2388 4224 2455 4261 σα
2464 4208 2553 4279 ρκὶ
2575 4210 2892 4280 ἐληλυθότα,
2913 4215 3065 4268 Ἀντί
3066 4220 3312 4285 χριστός
3330 4219 3478 4273 ἐστι.
3495 4220 3589 4274 Καὶ
3604 4219 3688 4271 ri'r

477 4311 579 4347 non
604 4293 756 4363 affert
784 4293 920 4346 hanc
945 4290 1242 4345 doctrinam
1260 4290 1299 4346 ⁸.
1328 4289 1654 4357 Quamnam,
1688 4291 1900 4361 inquit?
1924 4292 2047 4359 Qua!

2169 4298 2788 4368 Ἀντίχριστοιπολλοι
2823 4306 3163 4374 γεγόνασιν·
3197 4308 3273 4372 ὡς
3304 4309 3385 4380 μὴ
3416 4311 3520 4364 τῶν
3546 4312 3689 4380 ὁμολο-

476 4386 688 4441 scilicet
733 4383 1010 4439 Christum
1065 4399 1191 4438 cum
1242 4396 1409 4438 carne
1469 4384 1684 4439 venisse
1745 4384 2050 4440 conﬁtetur.

478 4478 838 4532 Antichristus
880 4488 979 4532 est.
1014 4477 1084 4531 Et
1120 4494 1255 4532 nunc
1295 4478 1612 4531 Amic/tristi
1658 4479 1813 4532 mulli
1843 4479 2053 4547 prodie-

477 4582 599 4625 runt
626 4573 669 4625 ⁵.
699 4571 867 4637 Quasi
897 4572 989 4640 qui
1022 4570 1303 4626 Christum
1350 4586 1473 4626 cum
1508 4586 1675 4628 carne
1714 4571 1926 4626 venisse
1962 4588 2059 4628 ne-

478 4671 626 4732 gent,
664 4663 775 4716 sint
807 4661 1155 4717 Antichristi.
1187 4660 1328 4727 Quin
1362 4662 1524 4716 etiam
1554 4660 1657 4716 hoc
1686 4662 1756 4715 ab
1786 4662 1903 4731 ipso
1934 4659 2055 4715 Sal-

477 4764 663 4808 vatore
689 4753 891 4809 dictum
918 4763 1001 4809 est
1017 4753 1160 4820 ευριιί
1195 4756 1248 4808 in
1276 4770 1503 4824 regnum
1534 4754 1795 4808 caelorum
1827 4753 2054 4807 admissi

478 4853 626 4909 sunt,
660 4860 834 4914 neque
863 4844 1073 4899 ducunt
1100 4859 1301 4900 uxores
1331 4860 1509 4914 neque
1554 4842 1789 4907 nubunt,
1821 4845 1915 4899 sed
1958 4858 2057 4898 an-

477 4936 613 5006 gelis
647 4935 883 5005 aequales
926 4943 1051 4989 sunt
1082 4937 1124 4989 ⁶.
1163 4935 1348 5005 Neque
1399 4935 1533 4989 illud
1578 4942 1828 5001 tantum;
1870 4935 1963 4989 sed
1997 4943 2055 4989 ut

477 5029 704 5098 insuper
736 5029 1080 5084 manifestam
1130 5029 1546 5097 absolutamque
1574 5027 1951 5082 castimoniam
1991 5042 2055 5082 ac

476 5118 928 5183 sanetitudinem,
978 5134 1085 5190 qua
1114 5129 1170 5174 et
1214 5128 1441 5174 caeteros
1493 5127 1715 5173 sanctos
1764 5117 2051 5186 eﬂicicbat,

2148 4390 2390 4458 γούντων
2412 4392 2501 4445 τὸν
2514 4393 2747 4464 Χριστὸν
2763 4397 2819 4448 ἐν
2843 4397 3333 4470 σαρκὶιὲληλυθότα,
3354 4403 3687 4475 ’Δντιχρίπω

2151 4482 2525 4553 ὑπαρχόντων.
2561 4484 2719 4538 Ἀλλά
2746 4487 2840 4539 καὶ
2860 4488 3022 4552 αὐτὸς
3048 4491 3077 4543 ό
3102 4490 3292 4562 Σωτὴρ
3320 4490 3493 4561 λέγει·
3523 4495 3578 4545 Οἱ
3596 4510 3689 4543 κατ-

2151 4573 2477 4639 αξιωθέντες
2532 4576 2632 4646 τῆς
2662 4576 2939 4647 βασιλείας
2966 4580 3075 4633 τῶν
3102 4582 3353 4652 οὐρανῶν
3377 4582 3501 4636 οὔτε
3532 4583 3689 4655 γαμοῖ-

2155 4682 2262 4730 σιν,
2292 4665 2414 4719 οὔτε
2444 4667 2789 4738 γαμίζονται,
2823 4669 2938 4723 ἀλλ’
2970 4671 3246 4741 ἰσάγγελοι
3274 4676 3437 4729 εἰσιν.
3472 4677 3542 4729 Οὐ
3572 4678 3689 4745 μόνω

2154 4755 2233 4821 δὲ,
2260 4756 2395 4810 ἀλλά
2418 4759 2513 4811 καὶ
2541 4759 2625 4812 ἵνα
2656 4759 2802 4831 δείξῃ
2834 4762 2933 4832 τὴν
2961 4763 3105 4833 σαφῆ
3134 4764 3377 4831 ἁγνείαν,
3412 4766 3501 4819 καὶ
3528 4766 3611 4835 τὴν
3631 4764 3687 4814 6ιά

2154 4848 2249 4900 τοῦ
2276 4849 2525 4917 άγιάζειν
2552 4851 2889 4919 άγιαστείαν,
2925 4855 3123 4922 φάσκει
3153 4859 3219 4927 τῇ
3250 4858 3472 4929 Μαρία·
3507 4858 3709 4926 Μήιισῖνκ

2155 4938 2505 5009 ἄπτου(79)·
2559 4943 2724 4997 οὔπω
2762 4943 2872 5013 γὰρ
2911 4945 3247 5015 ἀναϐέϐηκα
3292 4950 3448 5017 πρὸς
3481 4951 3576 5003 τὸν
3602 4952 3686 5002 Παο

2153 5031 2293 5099 τέρα
2316 5049 2330 5063 ·
2354 5034 2441 5087 ἶνα
2470 5033 2618 5108 δείξῃ
2643 5036 2741 5107 τὴν
2767 5036 2989 5105 ἁγνείαν
3023 5038 3288 5110 ἀμέτοχον
3324 5044 3600 5113 σωμάτων.
3623 5038 3687 5089 καὶ

2155 5123 2353 5195 ἀμιγῆ.
2410 5125 2569 5180 Ἀλλά
2597 5128 2691 5184 καὶ
2720 5129 2777 5181 ὲν
2818 5128 2965 5200 ἄλλῳ
2991 5131 3140 5201 τόπῳ
3172 5131 3321 5201 λέγει
3355 5132 3687 5207 προθεσπίζων

548 5231 1112 5301 ιιτιω.ν,ιιε‹ιίι.
1189 5229 1382 5284 Ῥείη.
1418 5229 1539 5294 1,5.
1616 5229 1886 5284 ³ἰὺίᾱ.2.
1963 5231 2047 5285 ιιι

2151 5251 2240 5291 an.
2276 5237 2367 5294 10.
2442 5241 2463 5272 ⁸
2496 5238 2516 5293 l
2550 5239 2709 5297 Joan.
2743 5256 2804 5308 ιι,
2837 5243 2921 5298 18.
3000 5245 3022 5275 ⁸
3057 5243 3246 5300 Matth.
3274 5263 3417 5313 xxu,
3443 5250 3528 5304 50.

556 5344 690 5414 (γε’)
738 5343 1013 5414 lnterpres
1061 5358 1169 5398 non
1216 5344 1345 5414 legit
1380 5346 1500 5414 οὐχ.
1557 5343 1719 5398 Forte
1765 5345 2052 5400 delendum

478 5424 579 5471 est.
619 5414 715 5468 Eo.
746 5414 919 5468 Pun.

549 5485 655 5553 (79)
682 5485 777 5554 Μή
803 5503 924 5554 μου
951 5484 1162 5539 ἅπτου.
1192 5483 1483 5554 ΟΙιιὟευει.
1509 5486 1562 5536 in
1583 5482 1745 5537 Joan.
1770 5500 1892 5539 cum
1919 5502 2048 5541 sen-

476 5552 598 5611 sum
630 5552 836 5611 atl‘cr'te
870 5556 1015 5627 quod
1072 5555 1236 5611 Maria
1289 5552 1410 5610 cum
1447 5552 1667 5610 Christo
1710 5554 1897 5611 eadem
1937 5572 2048 5625 qua

2162 5361 2323 5429 antea
2364 5354 2735 5429 fanniliaritate
2770 5373 2891 5413 sese
2918 5368 3150 5429 gereret,
3198 5376 3300 5414 nec
3341 5361 3412 5416 de
3449 5377 3513 5417 eo
3549 5357 3681 5425 majus

2157 5425 2416 5493 quiddam
2441 5441 2496 5481 et
2523 5428 2811 5497 augustius
2836 5425 2957 5497 post
2987 5432 3447 5489 resurrectionem
3474 5432 3683 5493 sentiret;

2158 5498 2226 5553 ab
2257 5497 2351 5553 illo
2384 5497 2521 5555 iisce
2547 5498 2731 5556 verbis
2760 5500 3093 5556 admonitam
3124 5500 3317 5558 fuisse.
