3760 6176
100 249 194 310 557

768 232 1136 291 sovsnsus
1174 208 1514 289 llAiRESES
1552 232 1677 288 LIB.
1721 235 1759 289 ι.
1806 233 1967 290 ron.
2011 235 2147 289 ιι..-
2186 237 2458 299 naznss.
2500 241 2688 298 xxvr.

3226 250 3330 308 358

106 364 150 416 ιδ
187 361 338 428 ἅγιον
359 356 584 427 Πνεῦμα
609 357 702 410 καὶ
728 355 816 408 διὰ
835 357 961 417 τοὺς
985 353 1173 424 πρώην
1205 354 1300 406 καὶ
1335 357 1626 424 μετέπειτα
1643 370 1656 383 ·

1815 353 2094 418 uenderet,
2138 356 2218 411 sic
2255 357 2478 412 Mariam
2525 361 2868 429 alloquitur:
2924 359 3055 415 Noli
3093 381 3174 418 me
3214 376 3332 419 tan-

100 451 362 519 Μιικαρία
391 448 599 515 στείρα
641 447 680 514 ἡ
709 447 1015 516 ἀμίαντος,
1050 444 1180 512 ἥτις
1211 446 1322 498 οὐκ
1361 443 1514 514 ἔγνω
1540 445 1663 497 κοί-

1815 461 1916 500 rre:
1955 447 2186 502 nondum
2221 451 2363 503 enim
2404 453 2616 505 ascendi
2643 452 2712 505 ad
2744 453 2957 506 Patrem
2986 470 3156 508 meum
3183 457 3238 523 ¹;
3275 467 3334 512 ιιι

100 559 208 607 την
227 543 295 595 ἐν
315 538 737 608 παραπτώματι
753 554 768 567 ·
798 536 894 590 καὶ
917 535 1230 604 εὐνοῦχος,
1253 534 1320 601 ὃς
1340 537 1452 589 οὐκ
1472 535 1663 604 εἰργά-

1815 546 2034 606 tpertem
2092 555 2382 611 corporum
2445 544 2778 608 castitatem,
2839 546 3096 614 nullaque
3145 557 3335 603 conta~

98 649 244 688 σατο
294 630 505 700 χερσὶν
535 629 839 698 ἀνόμημα·
886 627 974 680 ἵνα
1005 625 1298 696 παρακύψῃ
1340 625 1436 678 καὶ
1476 625 1545 679 τὰ
1579 625 1663 680 διὰ

1816 644 1920 684 one
1946 631 2204 700 pollutam
2221 634 2570 703 exprimeret.
2595 635 2674 689 Ad
2699 636 2811 690 haec
2847 637 2952 691 alio
2981 639 3034 691 in
3071 639 3190 693 loco
3221 639 3338 709 Spi-

97 725 186 778 τοῦ
217 723 384 795 μύθου
417 721 597 775 αὐτῶν
626 723 684 772 ὲν
711 719 897 790 χερσὶν
929 718 1437 788 αὶσχρουργήματα.

1765 719 1906 774 ritus
1922 727 2150 776 sanctus
2168 733 2280 776 tam
2309 724 2380 778 ob
2411 724 2623 793 priores
2641 726 2784 789 illos,
2810 741 2970 796 quam
3004 727 3336 798 posteriores

97 819 201 872 hoc
233 816 392 870 modo
411 814 738 868 vaticinatus
764 819 848 866 est
875 829 888 864 :
918 811 1032 882 98
1054 810 1220 864 Beata
1257 809 1478 873 sterilis,
1521 809 1940 879 incoinquinata,
1969 830 2086 884 qua:
2116 817 2330 870 nescivit
2370 823 2542 871 torum
2574 819 2628 871 in
2679 818 2890 884 delicto,
2922 828 2972 873 et
3016 821 3202 888 spado,
3246 823 3336 890 qui

97 930 196 968 non
241 920 486 980 operatus
526 917 604 964 est
655 906 900 962 manibus
945 907 1056 959 suis
1109 905 1442 974 iniquitatem
1473 906 1530 970 ’ς
1587 915 1646 959 ut
1697 907 1784 961 vel
1825 921 1889 962 ea
1941 923 2075 965 voce
2107 909 2254 964 illam
2295 925 2455 981 quam
2508 909 2724 1011 glebulis
2783 915 2898 970 suis
2951 914 3335 972 commendare

97 1021 156 1060 ac
212 1004 468 1058 manibus
522 1014 777 1056 exercere
833 999 1011 1054 solent
1070 996 1404 1060 fmditatem,
1477 998 1814 1067 praacideret.

161 1095 280 1160 ις’.
315 1093 462 1146 Πόσα
487 1092 545 1146 δὲ
570 1091 705 1146 ἄλλα
733 1089 878 1143 ἐστιν
902 1090 1075 1142 εἰπεῖν
1092 1089 1105 1142 !
1123 1087 1200 1152 ὼς
1224 1087 1318 1141 τοῦ
1345 1087 1663 1141 Ἀποστόλου

97 1187 362 1255 λέγοντοςο
394 1185 456 1240 Ἠ
466 1183 583 1255 μὲν
598 1183 822 1253 ἄγαμος
837 1182 934 1236 καὶ
951 1183 990 1251 ἠ
1012 1179 1572 1268 παρθένοςθμεριμνᾷ
1592 1182 1666 1235 τὰ

95 1275 200 1329 τοῦ
228 1277 469 1344 Κυρίου,
498 1274 626 1340 πῶς
655 1274 860 1342 ἀρέσει
886 1271 967 1338 τῷ
993 1273 1206 1340 Κυρίῳ.
1247 1271 1415 1326 Τοῦτο
1443 1271 1500 1324 δέ
1531 1289 1663 1342 φησι

95 1366 264 1432 δεῖξαι
295 1367 396 1439 τὴν
429 1367 649 1435 ἁγνείαν
681 1367 738 1419 ἒν
771 1365 996 1437 ἀληθεία
1026 1366 1091 1418 ὲκ
1115 1364 1207 1418 τοῦ
1241 1364 1397 1432 ἁγίου
1423 1363 1694 1444 Πνεύμαεχ

93 1476 184 1522 τος
209 1457 638 1528 ὲπιτρεπύμενος
659 1457 718 1510 ού
740 1456 1051 1529 παρέργως.
1082 1444 1310 1510 Ἔπειτα
1330 1457 1388 1510 δὲ
1416 1458 1671 1528 περὶτῶν

93 1549 181 1600 τὸν
208 1547 387 1618 γάμον
406 1546 636 1616 ἐχόντων
653 1546 746 1598 τὸν
768 1545 962 1614 σεμνὸν
985 1545 1133 1613 λέγει
1152 1561 1165 1575 ·
1195 1547 1389 1614 Τίμιος
1410 1549 1443 1600 ό
1463 1545 1670 1616 γάμος,

95 1637 191 1694 καὶ
235 1639 274 1707 ἡ
317 1639 486 1704 κοίτη
527 1636 832 1705 ἀμίαντος,
878 1636 1139 1704 πόρνους
1185 1634 1253 1688 δὲ
1293 1636 1391 1688 καὶ
1416 1636 1670 1705 μοιχοὺς

97 1728 291 1795 κρινεῖ
314 1727 347 1780 ὁ
373 1727 536 1792 Θεός.
580 1725 738 1778 Ἀλλὰ
765 1727 860 1779 καὶ
882 1725 1004 1778 κατ’
1030 1723 1206 1777 αὐτῶν
1230 1725 1416 1796 ἐκϐοᾷ,
1443 1725 1668 1797 γράφων

109 1819 398 1890 Ῥωμαίοις
409 1816 478 1871 τὰ
497 1818 696 1889 αἰσχρὰ
713 1814 1110 1869 ἀποκαλύπτων
1129 1813 1234 1867 τῶν
1255 1811 1349 1878 sit,
1398 1828 1670 1885 κακοπρα-

97 1910 220 1977 γίας
271 1906 673 1980 ἐργαζομένων,
700 1906 873 1975 λέγων
896 1921 911 1936 ·
962 1906 1036 1960 AZ
1071 1921 1136 1961 τε
1172 1905 1282 1974 γὰρ
1309 1908 1541 1971 θήλειαι
1566 1908 1671 1960 αὐ-

96 1998 212 2052 τῶν
252 1997 645 2068 μετήλλαξαν
687 1996 802 2064 τὴν
844 1992 1119 2064 φυσικὴν
1152 1992 1380 2062 χρῆσιν
1428 1997 1514 2061 εις
1554 1993 1671 2063 τὴν

96 2087 254 2156 παρὰ
285 2088 495 2156 φύσιν.
553 2085 664 2139 Καὶ
695 2083 823 2154 περὶ
853 2083 962 2137 τῶν
991 2083 1256 2154 ἀρρένων,
1285 2085 1366 2138 ὅτι
1400 2087 1670 2154 Ἀρρενες

96 2177 164 2229 ἐν
223 2177 435 2245 appeal
485 2174 599 2243 τὴν
637 2173 1107 2242 αὶσχημοσύνην
1161 2172 1667 2243 κατεργαζόμενοι.

108 2268 269 2321 ’Λλλὰ
293 2269 390 2322 καὶ
416 2270 472 2327 ὲν
486 2269 552 2338 τῇ
575 2265 709 2337 πρὸς
730 2263 988 2336 Τιμόθεον
1017 2265 1302 2336 Ἐπιστολῇ
1327 2266 1454 2337 περὶ
1470 2266 1671 2318 τούτων

96 2361 242 2429 λέγει
263 2377 278 2391 ο
306 2360 428 2412 Ὅτι
445 2359 515 2412 ἐν
539 2357 824 2426 ἐσχάταις
858 2355 1103 2426 ἡμέραις
1121 2356 1522 2425 ἐνστήσονται
1550 2373 1674 2410 και-

91 2453 185 2519 pol
230 2450 508 2520 χαλεποί.
569 2451 846 2520 Ἔσονται
876 2448 988 2517 γὰρ
1019 2450 1072 2500 oi
1105 2445 1400 2516 ἄνθρωποι
1424 2447 1666 2517 91.11160-

97 2563 213 2608 τοι,
256 2542 504 2613 μᾶλλον
532 2543 569 2610 ἢ
607 2542 903 2611 φιλόθεοι.
953 2540 1063 2594 Καὶ
1095 2539 1275 2604 πάλιν,
1306 2541 1674 2594 Κωυόντων

93 2637 333 2707 γαμεῖν,
361 2636 690 2703 ἀπέχεσθαι
714 2632 1046 2702 ,βρωμάτων
1075 2633 1674 2702 κεκαυτηριασμένων

96 2730 210 2799 τὴν
238 2727 605 2794 συνείδησιν
623 2743 636 2755 ·
671 2727 754 2782 ὅτι
782 2726 842 2779 τὸ
872 2726 968 2796 μὲν
1001 2726 1195 2795 γαμεῖν
1220 2724 1357 2794 μετὰ
1392 2724 1674 2794 σωφροσύ·

91 2840 213 2894 νης,
250 2822 352 2877 καὶ
383 2818 715 2889 τεκνογονεῖν
746 2815 1030 2883 κωλύουσι,
1083 2815 1443 2888 καιόμενοι-δέ
1475 2818 1580 2870 εἰσι
1614 2821 1673 2889 τῇ

95 2915 426 2985 συνειδήσει,
446 2911 796 2981 λαγνεύοντες
822 2912 921 2982 μὲν
937 2909 1031 2964 καὶ
1056 2908 1422 2979 φθειρόμενοι,
1443 2909 1678 2962 κωλύον-

1843 1090 1978 1144 XVI.
2011 1090 2185 1158 Quam
2226 1094 2393 1147 multa
2424 1095 2652 1164 proponi
2686 1097 2789 1150 alia
2824 1099 3084 1165 possunt!
3117 1105 3174 1152 ut
3208 1113 3332 1152 cum

1770 1181 2064 1251 Apostolus
2119 1185 2192 1236 ita
2245 1185 2523 1254 loquitur:
2579 1186 2768 1240 Mulier
2807 1189 3047 1255 innupta,
3103 1197 3152 1242 et
3190 1191 3335 1259 virgo

1769 1273 2001 1327 sollicita
2032 1270 2107 1327 est
2133 1277 2196 1326 de
2230 1275 2318 1337 iis,
2350 1291 2466 1345 quin
2495 1287 2618 1330 sunt
2653 1275 2880 1341 Domini,
2920 1279 3180 1348 quomodo
3218 1279 3336 1347 pla-

1767 1371 1878 1415 ceat
1909 1363 2138 1418 Domino
2170 1363 2210 1418 ³.
2252 1364 2366 1420 Hoc
2399 1373 2579 1420 autem
2623 1366 2828 1422 idcirco
2862 1369 3014 1434 dicit,
3048 1371 3194 1440 quod
3226 1388 3334 1426 non

1769 1449 2140 1519 perfunctorie
2166 1454 2610 1510 commendandae
2633 1457 2902 1511 castitatis
2925 1466 3166 1528 potestas
3188 1469 3336 1516 esset

1767 1555 1798 1594 a
1839 1540 2041 1610 Spiritu
2081 1552 2272 1599 sancto
2323 1547 2638 1603 commissa.
2686 1547 2822 1602 Tum
2871 1565 3000 1603 vero
3037 1550 3104 1605 de
3147 1550 3213 1606 iis
3243 1553 3336 1622 qui

1769 1631 2016 1690 honestis
2041 1636 2231 1706 illigati
2266 1646 2394 1694 sunt
2423 1638 2496 1692 ita
2527 1639 2811 1709 disputat:
2851 1641 3172 1697 Honorabile
3211 1661 3337 1698 con-

1771 1727 2007 1792 nubium,
2038 1738 2087 1782 et
2119 1738 2264 1784 torus
2299 1730 2714 1795 immaculatus;
2760 1733 3105 1802 fornicatores
3137 1745 3334 1798 autem,

1770 1827 1818 1872 et
1847 1820 2114 1872 adulteros
2167 1820 2431 1890 judicabit
2481 1822 2730 1878 Dominus
2757 1824 2797 1878 ’⁵.
2838 1823 3105 1879 Praeterea
3148 1834 3338 1880 contra

1769 1909 1990 1962 eosdem
2014 1911 2283 1964 exclamat
2314 1913 2380 1966 ad
2421 1911 2721 1980 Romanos,
2754 1914 3024 1979 scribens,
3068 1924 3121 1970 et
3149 1931 3337 1970 eorum

1769 1997 1863 2067 qui
1911 1999 1964 2052 in
2013 1998 2279 2068 ejusmodi
2319 2000 2540 2071 ﬂagitiis
2589 2003 2905 2057 volutantur
2948 2005 3337 2076 turpitudinem

1771 2088 1972 2160 detegit
1998 2089 2082 2144 his
2111 2091 2323 2145 verbis:
2352 2090 2494 2145 Nam
2522 2102 2569 2146 et
2591 2092 2800 2162 femina:
2826 2111 3006 2148 eorum
3033 2097 3341 2150 immutave-

1771 2191 1893 2234 runt
1925 2182 2221 2236 naturalem
2254 2198 2408 2236 nsunt
2451 2185 2506 2237 in
2551 2200 2667 2237 eum
2709 2201 2884 2249 usum,
2918 2186 3008 2256 qui
3035 2195 3113 2240 est
3156 2199 3340 2240 contra

1772 2281 2020 2325 naturam
2049 2274 2091 2325 ⁵.
2119 2272 2258 2327 Tum
2310 2274 2377 2328 de
2415 2276 2656 2330 maribus
2704 2277 2969 2344 subjicit:
3014 2274 3245 2332 Masculi
3287 2281 3340 2332 in

1772 2365 2036 2416 masculos
2065 2363 2441 2430 turpitudinem
2470 2375 2738 2432 operantes
2770 2366 2810 2421 °.
2840 2366 3106 2423 Praeterea
3131 2370 3186 2423 in
3214 2368 3341 2438 Epi-

1773 2454 1911 2508 stola
1946 2454 2013 2508 ad
2053 2453 2397 2509 Timotheum
2451 2458 2518 2511 de
2547 2459 2735 2512 iisdem
2768 2459 2837 2512 ita
2879 2461 3118 2529 loquitur
3149 2481 3162 2516 :
3190 2462 3342 2526 Quod

1774 2545 1828 2597 in
1872 2546 2168 2622 novissimis
2218 2546 2398 2601 diebus
2444 2549 2712 2602 instabunt
2755 2559 2986 2618 tempora
3025 2555 3340 2621 periculosa.

1776 2633 1845 2689 Et
1875 2645 2027 2689 erunt
2050 2637 2284 2693 homines
2314 2639 2637 2708 voluptatum
2683 2633 2850 2712 magis
2894 2653 3156 2698 amatores
3185 2660 3345 2715 quam

1776 2725 1873 2782 Dei
1902 2729 1946 2780 ".
1983 2729 2047 2783 Et
2085 2745 2303 2784 rursum
2339 2749 2353 2784 :
2398 2731 2795 2785 Prohibentium
2829 2733 3038 2799 nubere,
3087 2737 3349 2793 abstinere

1776 2836 1808 2872 a
1833 2820 1964 2873 cibis
1987 2837 2005 2874 :
2030 2822 2380 2874 cauteriotam
2408 2821 2708 2877 habentium
2736 2840 2887 2878 suam
2910 2828 3281 2880 conscientiam
3298 2828 3344 2882 ⁸.

1781 2910 1854 2965 Ex
1890 2927 1955 2967 eo
1989 2911 2240 2967 videlicet
2293 2913 2436 2983 quod
2465 2921 2614 2969 caste
2659 2917 3006 2970 matrimonio
3056 2917 3343 2989 conjungi,

90 3023 182 3069 τες
209 3006 269 3059 δὲ
302 3006 660 3072 τεκνογονεῖν.
712 3003 822 3056 Καὶ
853 3000 963 3072 γὰρ
987 3002 1081 3054 καὶ
1109 3000 1248 3072 αὑτὴ
1276 3002 1310 3071 ἠ
1340 3002 1467 3071 παρ’
1496 3000 1663 3064 αὐτοῖς

1815 3019 1842 3058 c
1860 3005 2064 3074 prolem
2091 3005 2370 3078 suscipere
2399 3007 2708 3075 prohibent,
2738 3009 2964 3063 ardente
2992 3008 3209 3064 interim
3233 3012 3349 3065 illo-

91 3097 368 3167 λεγομένη
403 3096 583 3158 θυσία,
626 3092 964 3166 βορὸορὼὃης
994 3110 1078 3156 τις
1103 3088 1238 3146 οὖσα
1280 3092 1403 3163 ἥδη,
1450 3092 1545 3145 καὶ
1569 3091 1678 3145 ἀπὸ

89 3189 202 3244 τῶν
242 3188 509 3243 ἀνέκαθεν
539 3187 626 3241 διὰ
655 3186 747 3241 τοῦ
782 3185 1060 3255 προφήτου
1093 3185 1468 3239 ὑποδεικνυται
1505 3185 1679 3254 ὄφεως

90 3283 230 3339 οὖσα
256 3280 420 3353 σὰρξ,
447 3281 544 3334 καὶ
565 3279 685 3349 οὐχὶ
708 3279 804 3332 τοῦ
832 3279 1058 3350 Κυρίου,
1083 3277 1157 3349 μὴ
1175 3279 1386 3347 γένοιτο
1403 3279 1416 3330 l
1433 3277 1680 3345 λέγοντος

86 3374 268 3439 οὕτως
287 3391 303 3404 ·
339 3374 422 3426 ὅτι
458 3371 542 3426 Σὺ
579 3369 944 3438 συνέτριψας
969 3369 1080 3435 τὰς
1106 3370 1372 3438 κεφαλὰς
1402 3368 1511 3422 τοῦ
1537 3366 1678 3435 δρά-

91 3480 339 3529 κοντος,
378 3460 478 3515 καὶ
511 3459 738 3526 ἔδωκας
766 3459 954 3514 αὐτὸν
986 3459 1199 3529 βρῶμα
1236 3458 1409 3524 λαοῖς
1432 3458 1557 3524 τοῖς
1578 3461 1678 3513 Al-

88 3556 288 3622 θίοψι.
343 3551 549 3622 Βρῶμα
580 3548 690 3622 γὰρ
724 3549 800 3614 ὡς
828 3548 1042 3620 ἀληθῶς
1078 3549 1254 3619 δφεως
1285 3551 1319 3620 ὴ
1345 3548 1549 3602 τούτων
1583 3566 1679 3620 μυο

92 3644 242 3716 σαρὰ
256 3641 554 3715 θρησκείαο
574 3639 668 3694 καὶ⁵
687 3639 935 3704 Αἰθίοπες
966 3657 1031 3711 με
1040 3639 1406 3712 μελανωμένοι
1423 3643 1488 3711 τῇ
1502 3642 1681 3712 ἁμαρ-

91 3734 184 3805 τίᾳ
210 3734 266 3786 οἱ
294 3729 504 3800 ταύτην
530 3729 630 3799 τὴν
659 3727 880 3800 τελετὴν
901 3728 996 3782 τοῦ
1027 3727 1121 3783 νῦν
1149 3729 1247 3800 μὲν
1262 3729 1512 3800 δαίμονος
1534 3729 1673 3795 Διὸς,

95 3825 272 3878 πάλαι
303 3821 596 3892 δὲγύητος,
630 3818 726 3873 τοῦ
757 3820 910 3892 παρά
943 3838 1056 3874 τισι
1083 3820 1218 3876 Θεοῦ
1241 3822 1418 3893 μάτην
1475 3839 1682 3894 νενομι-

93 3917 306 3988 σμένου
338 3911 633 3974 τελοῦντες.
669 3912 762 3965 Ἐκ
785 3911 894 3984 γὰρ
921 3911 1246 3983 Ἑλληνικῶν
1281 3912 1464 3984 μύθων
1509 3915 1679 3966 πᾶσαι

90 4012 150 4064 αἱ
175 4010 428 4081 αἱρέσεις
463 4005 755 4070 συνάξασαι
775 4006 993 4071 ἑαυταῖς
1017 4007 1116 4078 τὴν
1131 4006 1337 4076 πλάνην
1362 4005 1677 4072 κατέϐαλον,

93 4104 543 4174 μεταποιήσασαι
563 4104 641 4166 εις
660 4102 825 4170 ἄλλην
844 4100 1077 4154 διάνοιαν
1099 4098 1334 4169 χείρονα.
1371 4098 1679 4168 Παρεισφέ-

91 4209 259 4263 pauci.
284 4192 396 4265 γὰρ
411 4194 461 4246 οἱ
488 4194 710 4264 ποιηταὶ
732 4192 845 4260 (80)
866 4191 954 4244 τὸν
971 4191 1069 4243 Δία
1091 4191 1188 4260 τὴν
1210 4190 1389 4259 Μῆτιν
1407 4189 1679 4260 θυγατέρα

89 4283 297 4338 ἑαυτοῦ
326 4285 684 4339 καταπιόντα.
730 4282 938 4354 Βρέφος
973 4281 1030 4334 δὲ
1059 4282 1158 4334 οὐκ
1190 4279 1255 4334 ἂν
1298 4281 1574 4343 καταπίοι,
1603 4280 1680 4343 ὡς

1777 3112 1898 3150 rum
1932 3097 2296 3162 conscientia;
2333 3097 2462 3151 dum
2506 3099 2744 3154 assiduis
2784 3100 2839 3153 in
2895 3101 3348 3169 scortationibus,

1777 3186 2212 3256 corruptelisque
2259 3197 2572 3252 versantur,
2616 3203 2680 3244 ac
2714 3193 3090 3260 procreationc
3144 3194 3348 3249 sobolis

1777 3277 2130 3334 interdicunt.
2183 3279 2316 3334 Nam
2375 3281 2519 3349 quod
2557 3283 2623 3336 ad
2662 3281 2794 3336 illud
2846 3285 3035 3338 attinet
3063 3301 3202 3354 quos
3257 3286 3347 3340 isti

1779 3369 2107 3425 sacriﬁcium
2157 3381 2374 3438 vocant,
2408 3373 2732 3428 lutulentum
2779 3376 3037 3445 quiddam
3070 3385 3123 3431 et
3168 3378 3348 3449 impu-

1780 3478 1923 3527 rum,
1953 3463 2066 3534 jam
2103 3474 2216 3518 tum
2246 3466 2375 3519 olim
2419 3481 2449 3519 a
2480 3464 2748 3536 Propheta
2782 3469 3213 3526 demonstratum
3243 3481 3347 3534 est.

1779 3556 2049 3625 serpentis
2108 3571 2230 3611 esse
2266 3571 2509 3622 carnem,
2561 3573 2670 3613 non
2726 3557 2962 3614 Domini.
3011 3562 3209 3617 Absit!
3258 3562 3350 3619 Sic

1777 3649 1922 3703 enim
1970 3649 2254 3718 loquitur:
2302 3649 2612 3704 Contrivisti
2651 3653 2827 3721 capita
2854 3654 3126 3721 draconis,
3168 3667 3218 3711 et
3257 3655 3353 3710 de-

1779 3737 1908 3792 disti
1929 3752 2046 3792 eum
2070 3755 2241 3793 escam
2259 3741 2468 3810 populis
2497 3741 2807 3812 /Etltiopum
2828 3745 2869 3797 ⁸.
2891 3743 3035 3800 Sane
3063 3747 3206 3800 enim
3235 3761 3351 3802 ser-

1780 3830 2015 3899 pentinae
2048 3830 2334 3900 cujusdam
2379 3847 2520 3888 esea:
2569 3849 2739 3904 genus
2766 3843 2850 3890 est
2893 3837 3109 3892 illorum
3139 3839 3350 3894 abomi-

1779 3920 1959 3974 nanda
2015 3923 2382 3992 superstitio:
2445 3924 2718 3997 iidemque
2763 3927 3043 3998 Aithiopes
3099 3929 3174 3984 illi
3221 3939 3351 3984 sunt

1779 4011 2049 4066 scelerum
2097 4028 2323 4069 suorum
2357 4015 2578 4086 nigrore
2604 4017 2914 4084 deformati,
2963 4022 3053 4090 qui
3084 4022 3350 4091 ejusmodi

1779 4102 1920 4157 ritus
1946 4119 2093 4158 nunc
2121 4103 2384 4163 damonis
2411 4107 2583 4174 lovis,
2611 4111 2740 4165 olim
2791 4113 3223 4183 praestigiatoris,
3254 4115 3348 4183 qui

1780 4205 1834 4250 et
1861 4196 2063 4253 frustra
2093 4215 2122 4252 a
2153 4202 2433 4257 nonnullis
2468 4203 2699 4258 habetur
2727 4204 2890 4270 Deus,
2923 4205 3177 4276 religioso
3198 4206 3347 4260 cultu

1787 4285 2080 4342 celebrant.
2107 4288 2384 4360 Siquidem
2402 4292 2634 4348 haereses
2660 4294 2927 4349 universa
2942 4294 3009 4350 de
3037 4295 3348 4349 Graecorum

88 4377 187 4428 καὶ
206 4379 238 4430 ὁ
263 4377 422 4444 ἅγιος
441 4375 669 4446 Κλήμης
693 4371 1008 4440 καταγελῶν
1031 4373 1129 4444 τῆς
1150 4371 1259 4424 τῶν
1281 4371 1417 4425 θεῶν
1433 4371 1539 4424 τῶν
1569 4371 1663 4424 Ἑλ

1815 4376 1990 4432 abulis
2027 4394 2090 4433 ca
2124 4380 2480 4450 collegerunt,
2515 4398 2579 4437 ex
2614 4383 2813 4452 quibus
2841 4399 3036 4437 novam
3065 4384 3167 4438 sibi
3197 4399 3351 4439 erro-

87 4466 276 4537 λήνων
298 4467 690 4538 αἰσχρουργίας
707 4462 857 4518 εἶπεν
872 4483 885 4496 ·
920 4464 1170 4535 Ὅτι,τὴν
1186 4463 1360 4533 Μῆτιν
1376 4461 1677 4527 καταπιὼν,

86 4559 215 4629 οὐχὶ
245 4557 451 4630 βρέφος
487 4558 718 4628 ἠδύνατο
741 4559 1044 4620 καταπιεῖν,
1075 4554 1212 4608 ἀλλὰ
1250 4553 1352 4624 τὴν
1391 4553 1551 4625 γονὴν
1582 4554 1680 4624 τὴν

88 4647 252 4699 ἰδίαν.

1788 4465 1865 4520 ris
1882 4474 2087 4521 sectam
2107 4468 2488 4534 condiderunt,
2509 4487 2631 4524 cum
2653 4486 2715 4527 ea
2739 4473 3062 4528 deteriorem
3089 4473 3254 4528 alium
3284 4475 3348 4526 ad

1789 4569 2009 4609 sensum
2039 4559 2465 4615 transtulissent.
2490 4560 2624 4615 Nam
2645 4571 2699 4616 et
2727 4579 2756 4616 a
2779 4563 2952 4632 poetis
2975 4563 3136 4618 Metin
3167 4563 3350 4635 (quam
3429 4593 3452 4610 ν

1791 4647 2133 4715 prudentiam
2160 4653 2431 4722 appellare
2455 4654 2655 4725 possis)
2676 4655 2838 4708 filiam
2863 4670 3016 4709 suam
3053 4655 3353 4710 absorbens

84 4739 454 4797 introductus
500 4747 587 4793 cst
629 4745 861 4806 ουριιειι.
909 4735 1077 4790 Nemo
1128 4749 1292 4806 porro
1331 4734 1588 4791 infantem
1638 4738 2428 4811 absorbeat;quemadmodum
2455 4758 2678 4803 sanctus
2702 4747 2953 4803 Clemens
2975 4747 3352 4819 ait,99cum

85 4830 332 4885 deorum
399 4828 493 4898 qui
559 4842 590 4881 a
625 4826 826 4882 Grzecis
862 4828 1116 4882 coluntur
1157 4827 1550 4897 turpitudinem
1601 4829 1858 4886 deridet:
1903 4833 2044 4899 Quin
2098 4837 2244 4891 enim
2297 4839 2588 4896 devorasse
2649 4839 2814 4895 Metin
2858 4841 3079 4904 dicitur,
3139 4855 3250 4894 non
3287 4839 3355 4894 de

85 4922 314 4977 infante
345 4921 480 4986 ullo,
505 4921 601 4975 sed
635 4920 700 4976 de
723 4921 940 4992 proprio
967 4921 1174 4976 semine
1203 4937 1300 4992 par
1323 4929 1408 4977 est
1431 4922 1660 4995 intelligi

162 5038 179 5067 ⁸
208 5035 380 5088 Joan.
403 5035 606 5106 ss,_l7.
687 5035 707 5064 ³
735 5032 1095 5106 δορηιιιλῌ.
1143 5033 1194 5106 ,³
1215 5031 1234 5085 l
1259 5033 1384 5088 Cor.
1413 5049 1506 5106 vn,
1535 5035 1622 5106 54.

1815 5037 1916 5096 :br.
1943 5054 2060 5103 xm,
2090 5041 2143 5093 4.
2219 5040 2239 5071 ⁸
2268 5038 2427 5094 Rom.
2463 5055 2502 5106 ι,
2533 5041 2619 5095 26.
2701 5043 2722 5073 ⁶
2743 5043 2874 5098 ibid.
2903 5043 2993 5098 27.

82 5121 168 5163 ιιι.
199 5106 326 5160 1-4.
403 5104 425 5135 ⁸
453 5102 635 5160 lTim.
667 5121 739 5166 tv,
771 5102 824 5168 '5,
858 5105 912 5158 2.
989 5104 1010 5135 θ
1033 5102 1178 5158 Psal.
1211 5119 1410 5189 ιιὲιιιιι,
1439 5105 1527 5171 15,
1556 5105 1644 5158 14.

3089 5047 3109 5076 ⁷
3139 5046 3176 5100 ΙΙ
3209 5045 3352 5104 Tim.

1764 5136 1891 5188 μιν
1908 5140 1978 5188 ιν
3099 5152 3110 5156 "

159 5217 288 5299 (89)
323 5215 800 5299 Παρεισξςέρουςγι
822 5215 1007 5299 πειρῶσι
1023 5215 1286 5299 ποιηταί.
1315 5212 1663 5299 Pittidissima

1815 5229 1892 5297 tes
1908 5215 2181 5299 evomuit.
2223 5215 2599 5299 Athenagoras
2724 5217 3047 5299 Legalzupro
3098 5219 3360 5278 Christia-

83 5283 305 5341 fabulin
335 5283 530 5356 anetor
550 5283 819 5356 Hesiodus
846 5287 900 5338 in
927 5283 1120 5353 Theog.
1152 5283 1254 5356 [ibi
1276 5284 1506 5356 primam
1532 5284 1683 5342 Jovis
1787 5287 1870 5338 nis
1905 5284 2102 5352 Orphei
2137 5301 2336 5356 versus
2371 5283 2538 5350 citat,
2565 5289 2764 5356 quibus
2793 5283 2858 5344 de
2888 5283 3126 5346 Plianete
3153 5299 3358 5350 mentio

81 5372 331 5410 uxorem
361 5355 522 5410 Metin
547 5355 615 5409 ab
642 5370 707 5409 eo
731 5354 1059 5432 devoratum
1075 5353 1309 5420 cecinit;
1334 5353 1684 5432 indi_demq_u_e
1787 5363 1894 5432 est,
1919 5355 2308 5432 queinindieat
2325 5356 2522 5432 deinde
2545 5353 2718 5432 aliove
2740 5361 3355 5432 similiterabsorpttnn:

84 5434 460 5496 propagatam
501 5425 796 5496 Palladem.
823 5424 1198 5496 Apollodorus
1231 5439 1362 5496 vero
1398 5425 1494 5478 lib.
1535 5442 1551 5479 ι
1590 5425 1685 5479 Bi-

81 5493 298 5549 ιιίοιιιξ
324 5495 490 5550 Metin
523 5497 600 5550 ait
631 5493 834 5550 Oceani
858 5493 1022 5549 tiliam
1043 5494 1163 5549 ,ιονὶ
1188 5495 1505 5564 auxiliatam
1529 5510 1680 5564 esse;

81 5566 462 5635 eamdemque
521 5564 761 5620 Saturno
815 5565 1092 5636 potionem
1147 5563 1440 5636 quamdam
1501 5567 1685 5636 propi-

83 5651 285 5699 nasse,
318 5650 427 5706 qua
456 5637 502 5693 is
536 5638 822 5704 exhausta,
855 5635 1016 5701 ﬁlios,
1051 5650 1193 5705 quos
1225 5635 1537 5701 devorarat,
1566 5635 1654 5691 om

1786 5425 1818 5492 ἦ
1850 5424 2366 5505 καταποθῆναεύπο
2399 5428 2492 5505 τοῦ
2528 5431 2667 5493 Διὸς,
2702 5429 2850 5505 ὅπως
2894 5434 2921 5484 ὁ
2965 5432 3099 5494 Ζεὺς
3130 5424 3359 5505 ⁸(Ξιῇίῴρη-

1783 5512 1875 5558 τος
1918 5497 2154 5571 γένοιτοζ
2209 5495 2370 5571 Quod
2419 5499 2695 5571 Qesnerus
2756 5501 3024 5571 interpres
3077 5500 3144 5554 ad
3178 5495 3358 5557 "Métin

1785 5567 2085 5620 transtulit.
2111 5565 2311 5642 verum
2341 5567 2408 5642 de
2439 5568 2674 5627 Phanote
2704 5571 2852 5642 loqui
2885 5565 3098 5628 videtur
3121 5573 3360 5628 Athena-

1785 5652 1968 5708 goras,
2000 5651 2110 5692 non
2149 5637 2215 5693 de
2249 5637 2396 5708 Meti.
