3766 6278
465 219 570 275 539

1890 226 1950 282 S.
1994 223 2337 283 EPlPHANiI

3647 230 3741 283 ΞΓοθ

537 334 697 390 XVII.
729 282 871 403 Quid
898 335 1008 407 jam
1042 336 1189 392 aliud
1224 336 1483 406 deinceps
1504 336 1767 408 eloquar?
1793 348 1889 394 aut
1926 348 2024 411 quc

2257 339 2331 393 Z'.
2367 338 2433 392 Τί
2461 338 2517 392 δὲ
2546 338 2734 411 ἕτερον
2765 337 3006 411 εἷποιμις
3045 340 3079 411 ἢ
3116 339 3235 406 πῶς
3271 338 3634 413 άποσείσομαι
3662 343 3740 395 τὸν

462 430 628 484 modo
653 443 937 495 caenosam
972 430 1117 486 hanc
1146 430 1578 501 disputationem
1607 431 1864 501 abjiciam
1890 472 1905 497 ,
1929 449 2052 488 cum

460 528 516 575 et
546 520 734 585 velim,
765 529 820 577 et
848 522 1020 576 nolim
1070 537 1179 576 una
1219 521 1427 587 dicere,
1458 537 1522 577 ac
1560 523 1797 593 quadam
1834 522 2054 579 dicendi
2078 580 2093 587 η

460 614 796 669 necessitate
820 614 1195 685 constringar,
1230 630 1300 671 ne
1331 615 1465 687 quid
1493 630 1685 670 eorum
1718 631 1840 687 quae
1867 617 2057 673 insunt

461 720 653 759 revera
682 706 1068 761 dissimulasse
1101 705 1329 773 videar;
1364 714 1420 761 et
1450 706 1585 761 illud
1622 721 1818 762 verear
1847 714 2051 772 tamen,

461 810 533 850 ne
572 795 793 849 illorum
843 795 1188 851 detestandis
1240 794 1462 866 ﬂagitiis
1507 795 1819 867 patefactis,
1864 811 2058 866 quem-

461 905 625 967 quam
660 897 756 945 aut
782 889 1045 955 inliciam,
1067 898 1162 945 aut
1191 890 1566 953 exstimulem,
1585 897 1640 945 et
1663 888 1732 944 ad
1758 889 1852 944 illa
1882 890 2058 946 curio.

462 984 582 1038 sius
614 982 924 1052 indaganda
961 981 1107 1038 faces
1145 982 1214 1038 iis
1246 982 1561 1049 subjiciam,
1593 982 1686 1051 qui
1714 981 2054 1051 voluptatum

462 1088 527 1127 ac
554 1072 916 1143 cupiditatum
951 1072 1227 1128 illecebris
1278 1072 1675 1127 abducuntur?
1714 1070 1820 1128 Sed
1853 1072 2056 1127 nihilo-

463 1165 646 1221 minus
696 1165 766 1219 ab
794 1163 1069 1234 ejusmodi
1118 1164 1385 1221 damonis
1430 1172 1554 1220 satu
1602 1172 1657 1219 et
1706 1164 2057 1235 improbitate

462 1264 573 1311 tam
607 1271 729 1328 ego,
762 1272 929 1327 quam
974 1263 1184 1311 sanctae
1233 1264 1401 1326 atque
1459 1256 1745 1311 catholica:
1792 1255 2057 1312 Ecclesiae

462 1364 591 1419 spes
612 1349 817 1413 omnis,
855 1363 922 1404 ac
953 1348 1208 1419 quisquis
1240 1348 1293 1401 in
1333 1348 1437 1403 hoc
1462 1356 1711 1404 nostrum
1742 1362 1883 1419 opus
1920 1347 2058 1403 inci-

460 1441 625 1505 derit,
659 1441 897 1514 integer,
929 1441 1337 1511 inviolatusque
1370 1449 1641 1498 servetur.
1672 1439 1830 1506 Quod
1860 1441 1907 1497 si
1946 1454 2055 1495 ca:-

461 1542 598 1596 tera,
629 1549 753 1604 qua:
792 1533 862 1589 ab
915 1533 1023 1589 illis
1058 1533 1322 1588 dicuntur
1351 1540 1447 1587 aut
1490 1533 1629 1587 [lunt
1672 1540 1875 1603 quanta
1903 1541 2053 1599 sunt,

459 1631 626 1694 atque
649 1625 942 1695 ejusmodi,
970 1626 1152 1696 qualia
1197 1624 1312 1695 jam
1346 1624 1921 1689 commemoravimus,
1963 1630 2058 1677 aut

2159 430 2381 503 πηλώδη
2430 431 2620 486 τοῦτον
2656 433 2819 487 πόνον
2845 474 2860 498 ,
2917 432 3242 505 βουλόμενος
3285 436 3383 506 μὲν
3428 437 3627 493 εἰπεῖν,
3659 438 3740 487 καὶ

2160 521 2235 592 μὴ
2280 519 2622 591 βουλόμενος,
2664 521 3111 593 ἀναγκαζόμενος
3154 523 3232 587 δὲ.
3279 525 3367 579 ἵνα
3411 524 3496 596 μὴ
3533 524 3663 589 δόξω
3693 543 3735 577 τι

2156 608 2263 661 τῶν
2309 607 2478 661 ὄντων
2519 610 2937 681 παρακρύπτειν
2965 626 2978 642 ο
3028 613 3125 666 καὶ
3161 613 3524 683 φοϐούμενος,
3562 615 3644 667 ἵνα
3674 617 3736 684 μὴ

2157 699 2559 756 ἀποκαλύπτων
2581 701 2650 757 τὰ
2672 702 2819 757 δεινά
2851 703 3032 757 αὐτῶν
3064 705 3097 775 ἦ
3123 707 3327 776 χράνω,
3358 707 3391 776 ἦ
3420 706 3637 779 πλήξω,
3669 710 3737 770 εἰς

2156 794 2219 847 τὸ
2260 794 2730 867 περιεργάσασθαι
2778 798 2907 868 περὶ
2953 796 3143 851 τούτου
3194 800 3321 862 τοὺς
3364 798 3736 868 ἀπαγομένους

2155 887 2373 960 ἡδοναῖς
2407 888 2502 941 καὶ
2541 888 2861 961 ἐπιθυμίαις
2902 889 3223 962 ἐποτρύνω;
3251 891 3445 961 Ὅμως
3494 889 3606 959 ἐγὼ
3648 892 3734 961 μὲν

2157 982 2333 1045 άθῶος
2362 983 2500 1053 εἵην,
2521 984 2615 1037 καὶ
2636 985 2790 1037 πᾶσα.
2814 985 2847 1054 ἡ
2875 984 2975 1055 τῆς
2991 984 3153 1052 ἁγίας
3181 982 3482 1056 καθολικῆς
3525 984 3735 1053 Ἐκκλη-

2160 1074 2283 1139 σίας
2334 1075 2511 1139 ἐλπὶς,
2565 1075 2661 1129 καὶ
2701 1076 2900 1139 πάντες
2937 1076 2988 1129 οἱ
3014 1075 3191 1146 τούτῳ
3228 1074 3306 1147 τῷ
3339 1077 3632 1147 γράμματι
3660 1078 3734 1128 ὲν-

2156 1168 2519 1239 τυγχάνοντες
2536 1169 2646 1223 ἀπὸ
2667 1168 2766 1239 τῆς
2780 1167 3035 1239 τοιαύτης
3054 1169 3145 1223 τοῦ
3162 1170 3411 1224 διαῢόλου
3430 1170 3734 1241 ὑποσπορᾶς

2157 1262 2253 1317 καὶ
2280 1262 2725 1334 κακομηχανίαςο
2776 1262 2871 1316 ἐὰν
2903 1261 3014 1334 γὰρ
3048 1262 3268 1334 θελήσει
3301 1263 3486 1331 λέγειν
3518 1262 3585 1316 τὰ
3614 1263 3733 1315 ἄλλα

2157 1354 2228 1407 τά
2258 1355 2389 1425 παρ’
2412 1358 2418 1395 ῗ
2434 1355 2616 1418 αὐτοῖς
2644 1354 2913 1425 λεγόμενα
2938 1355 3033 1408 καὶ
3070 1354 3331 1425 γινόμενα
3363 1354 3469 1409 ὅσα
3497 1355 3614 1408 ἐστὶ
3633 1373 3731 1407 τοι·

2158 1444 2299 1500 αὔτα
2325 1447 2420 1501 καὶ
2438 1446 2697 1512 τοσαῦτα,
2719 1446 3034 1501 καὶτούτων
3059 1447 3139 1502 ἔτι
3163 1446 3384 1518 μείζονα
3404 1446 3504 1501 καὶ
3521 1448 3730 1507 ἐλάττω,

2159 1532 2374 1605 θελήσω
2396 1534 2454 1588 δὲ
2476 1536 2572 1589 καὶ
2591 1534 2667 1600 ώς
2689 1534 2983 1608 φάρμακον
3004 1536 3198 1600 ἰάσεως
3218 1536 3580 1611 ἀλεξητήριον
3600 1538 3732 1591 ἀντιο

2158 1625 2326 1680 δότων
2356 1627 2515 1699 δίκην
2536 1628 2674 1698 πρὸς
2692 1627 2931 1699 ἑκάστην
2950 1628 3096 1695 λέξιν
3120 1628 3437 1693 ἀντιθεῖναι,
3469 1631 3554 1694 είς
3580 1629 3731 1682 πολὺν

462 1718 533 1773 iis
561 1718 727 1774 etiam
760 1719 992 1787 majora,
1012 1719 1100 1775 vel
1133 1718 1372 1782 minora,
1402 1717 1695 1790 complecti
1721 1716 1945 1773 voluero

2241 1735 2319 1774 ιον
2339 1719 2520 1774 ἐλάσω
2540 1719 2640 1790 τῆς
2674 1719 2980 1784 συντάξεως
3005 1719 3104 1791 τὴν
3130 1720 3537 1791 πραγματείαν.
3562 1720 3728 1793 Ταύτῃ

461 1809 531 1865 ad
555 1811 801 1882 singulas
830 1826 995 1866 voces
1019 1809 1240 1865 salubre
1262 1809 1537 1880 quoddam
1565 1807 2050 1875 medicamentum,

460 1902 611 1958 velut
643 1902 950 1972 depellendi
984 1902 1109 1957 mali
1134 1916 1306 1958 causa
1337 1907 1717 1971 comparatum
1750 1900 2053 1956 remedium

461 1991 788 2054 adhibuero,
824 1993 880 2047 in
916 1990 1241 2047 immensam
1296 1991 1495 2045 molem
1544 1998 1864 2060 susceptum
1913 2005 2054 2059 opus

458 2092 736 2142 excurret.
777 2082 913 2138 Nam
935 2092 991 2139 et
1013 2097 1137 2147 nos,
1162 2080 1502 2147 charissi‘mi,
1542 2081 1601 2137 in
1631 2082 1781 2137 illam
1818 2082 2055 2139 hmresin

461 2175 822 2237 incurrimus,
848 2181 902 2229 et
935 2189 1003 2229 ex
1041 2173 1278 2244 ipsomet
1303 2189 1516 2240 eorum,
1546 2173 1641 2245 qui
1670 2173 1813 2229 hanc
1836 2174 2056 2244 pr0prie

457 2276 514 2324 et
565 2284 634 2324 ex
670 2267 929 2323 instituto
959 2273 1220 2330 tractant,
1253 2280 1350 2322 ore
1387 2280 1451 2321 ac
1495 2266 1815 2337 magisterio
1855 2265 2057 2320 didici-

460 2374 607 2416 mus.
654 2359 738 2414 Ad
767 2358 821 2413 id
872 2373 1007 2414 vero
1048 2366 1381 2428 comparata:
1407 2358 1756 2429 deceptaque
1798 2358 2057 2414 mulieres

460 2466 572 2507 non
622 2452 801 2506 solum
838 2450 1154 2507 istiusmodi
1202 2450 1362 2505 nobis
1399 2465 1685 2507 sermones
1722 2450 2053 2521 injecerunt,

446 2543 557 2600 sed
589 2543 815 2614 insuper
841 2542 1111 2616 IEgyptiaa
1148 2543 1296 2598 illius
1327 2543 1560 2630 perdita;
1587 2558 1654 2599 ac
1702 2544 2056 2615 nequissimae

2150 1810 2261 1883 γὰρ
2316 1813 2386 1882 τῇ
2435 1811 2681 1884 αἱρέσει,
2728 1812 3083 1884 ἐπιπόθητοι,
3126 1813 3224 1867 καὶ
3273 1814 3440 1878 αὐτὸς
3493 1814 3729 1891 περιέτυ-

2151 1922 2268 1975 χον.
2350 1905 2445 1959 Ἐκ
2510 1904 2780 1976 στόματος
2824 1905 2883 1960 δὲ
2934 1906 3044 1959 τῶν
3093 1906 3268 1980 ταύτῃ
3320 1906 3729 1979 ἐπιχειρούντων

2152 1995 2313 2065 φύσει
2364 1996 2506 2051 αὐτὰ
2547 1997 2989 2069 αὐτοπροσώπως
3033 1998 3328 2069 ὲνηχήθην.
3397 1998 3660 2060 Γυναῖκες
3685 1997 3730 2049 δὲ

2150 2085 2295 2140 οὕτω
2325 2088 2676 2161 ἢπατημέναι
2713 2089 2774 2141 ού
2808 2088 2966 2159 μόνον
3003 2090 3102 2160 τὴν
3147 2088 3339 2142 λαλιὰν
3367 2090 3581 2161 ταύτην
3611 2092 3729 2159 ἡμῖν

2154 2177 2495 2247 προέτειναν,
2558 2178 2653 2232 καὶ
2688 2178 2760 2232 τά
2789 2179 3018 2233 τοιαῦτα
3041 2182 3174 2251 ήμῖν
3203 2179 3586 2250 ἀπεκάλυψαν,
3610 2178 3727 2232 ἀλλὰ

2154 2268 2248 2320 καὶ
2286 2267 2423 2338 μετὰ
2453 2268 2555 2340 τὴν
2575 2269 2878 2337 Αἰγυπτίαν
2913 2270 3129 2341 ἐκείνην
3151 2269 3253 2341 τὴν
3287 2269 3385 2324 τοῦ
3415 2270 3729 2341 ἀρχιμαγεί-

2159 2376 2252 2430 ρου
2295 2359 2396 2431 τὴν
2434 2360 2714 2431 όλετήριον
2742 2362 2838 2415 καὶ
2877 2362 3179 2433 μοχθηράν,
3212 2364 3306 2417 καὶ
3346 2358 3510 2418 αὗται
3546 2362 3727 2430 ἀθυροο

2155 2449 2379 2522 γλώττῳ
2403 2452 2577 2523 τόλμῃ
2594 2452 2947 2508 κατασπάσαι
2972 2455 3122 2526 ἡμᾶς
3148 2455 3207 2508 ἐν
3231 2457 3297 2527 τῇ
3330 2455 3433 2527 νέᾳ
3458 2454 3613 2527 ήμῶν
3627 2452 3729 2523 ἡλι-

2154 2543 2249 2615 κίᾳ
2275 2544 2588 2616 ὀρεχθεῖσαι
2619 2546 2959 2618 ἐπεχείρουν.

460 2634 711 2690 mulieris
733 2637 926 2699 instar,
947 2649 1070 2704 quae
1092 2648 1396 2705 coquorum
1416 2633 1842 2706 principisuxor
1866 2634 2055 2700 erat‘,
2097 2634 2368 2706 petulanti
2432 2650 2549 2691 nos.
2602 2643 2807 2691 conatu
2845 2635 3135 2693 detrahere
3176 2644 3313 2703 tum,
3359 2653 3486 2693 eum
3534 2632 3725 2691 ﬂorenti

460 2726 641 2783 adhuc
667 2733 826 2780 mlate
851 2740 1124 2789 essemus,
1158 2740 1431 2796 aggressa:
1461 2733 1611 2781 sunt.

531 2817 737 2875 Verum
764 2818 812 2873 is
834 2818 926 2887 qui
947 2818 1300 2874 sanctissimo
1316 2817 1556 2887 Joseplio
1580 2826 1697 2871 tum
1722 2817 1922 2881 astitit,
1947 2832 2018 2871 no

2239 2808 2399 2863 Ἀλλὰ
2418 2809 2447 2863 ὁ
2466 2809 2589 2863 τότε
2611 2826 2676 2862 συ
2683 2810 3014 2880 μπαραστὰς
3032 2810 3109 2882 τῷ
3127 2812 3266 2884 ἁγίῳ
3283 2814 3482 2889 Ἰωσὴφ
3497 2818 3591 2873 καὶ
3613 2821 3723 2893 ἡμῖν

458 2913 549 2968 bis
582 2927 805 2982 quoque
839 2909 1037 2976 adfuit,
1072 2917 1128 2965 et
1156 2910 1300 2964 hunc
1327 2910 1530 2980 ipsum,
1562 2909 1659 2979 qui
1681 2910 1833 2964 illum
1865 2924 1931 2963 eo

2237 2903 2401 2975 ρέστη
2418 2917 2432 2931 ·
2449 2904 2543 2956 καὶ
2552 2902 2643 2956 τὸν
2655 2904 2863 2975 ἐκεῖνον
2876 2906 2991 2958 ἐκεῖ
3003 2905 3310 2978 ῥυσάμενον
3320 2909 3722 2984 ἐπικεκλημένοι

457 3006 638 3061 riculo
668 3003 925 3059 liberavit
954 3003 1338 3073 implorantes,
1388 3002 1515 3056 licet
1551 3000 1760 3070 indigni
1801 3013 1865 3055 ac
1895 3009 1944 3054 ta

2233 2992 2435 3057 ἀνάξιοι
2453 2992 2548 3047 καὶ
2563 2993 2830 3059 ἁνίκανοι,
2852 2994 3165 3064 ἐλεηθέντες
3182 2998 3275 3051 καὶ
3292 2999 3626 3071 ἀποδράντες
3643 3002 3720 3063 τὰς

457 3095 728 3153 beneﬁcio
760 3095 998 3165 impares
1036 3108 1307 3157 essemus,
1341 3092 1591 3162 ejusdem
1619 3092 1944 3161 benignitate

2234 3104 2310 3156 ιτη
2320 3087 2465 3157 ρίους
2482 3086 2662 3139 αὐτῶν
2675 3089 2885 3158 χεῖρας,
2902 3087 3021 3158 Θεῷ
3036 3088 3114 3157 τῷ
3129 3106 3307 3160 παναγ
3318 3092 3381 3162 ίῳ
3398 3091 3571 3162 ὕμνον
3584 3094 3721 3165 ᾅσαν-

457 3188 839 3245 misericordia
872 3187 1217 3258 perniciosas
1256 3186 1475 3240 illarum
1512 3200 1710 3240 manus
1734 3184 2049 3255 eﬂugimus,

459 3294 527 3335 ac
573 3278 929 3336 sanctissimo
957 3277 1069 3334 Deo
1117 3275 1537 3349 gratulatorium
1572 3289 1795 3330 carmen
1847 3273 2053 3329 cecini-

458 3387 606 3439 mus,
636 3381 699 3427 ut
741 3372 795 3427 id
827 3385 1097 3441 usurpare
1132 3369 1329 3424 merito
1372 3382 1662 3438 possemus
1691 3385 1705 3422 :
1761 3364 2048 3421 Cantemus

456 3465 716 3529 Domino,
750 3463 979 3534 gloriose
1022 3463 1160 3516 enim
1208 3460 1582 3531 magniﬁcatus
1628 3467 1729 3524 est,
1767 3475 1954 3529 equum
2000 3467 2051 3511 et

457 3572 794 3611 ascensorem
825 3555 1011 3625 dejecil
1048 3555 1101 3607 in
1141 3570 1288 3610 mare
1319 3555 1361 3606 ’.
1398 3550 1587 3623 Neque
1617 3551 1763 3606 enim
1798 3551 2053 3606 similiter

459 3655 522 3704 ut
566 3649 660 3704 ille
706 3647 1046 3719 patriarcha,
1075 3647 1128 3699 vi
1177 3645 1413 3715 quadam
1452 3645 1681 3698 virtutis.
1709 3658 1775 3697 ac
1817 3641 2050 3713 justitite

456 3750 684 3809 nostrte,
721 3740 816 3797 sed
854 3728 979 3795 fuso
1015 3740 1081 3793 ad
1124 3736 1291 3792 Deum
1327 3737 1531 3807 gemitu
1571 3736 1689 3806 ejus
1720 3749 1914 3790 sumus
1945 3735 2050 3788 mi-

456 3832 737 3886 seratione
777 3830 1005 3888 servati.
1049 3829 1186 3883 Cum
1231 3828 1395 3883 etiam
1428 3827 1557 3881 mihi
1599 3834 1784 3897 pestes
1818 3826 1924 3879 illa:
1953 3840 2050 3896 per

456 3917 755 3973 ludibrium
778 3918 1196 3988 exprobrarent,
1230 3932 1295 3971 ac
1332 3931 1518 3971 secum
1551 3915 1787 3971 invicem
1813 3915 2051 3970 illuden-

454 4017 541 4066 tes
570 4011 647 4066 ita
693 4010 1099 4081 loquerentur:
1138 4009 1297 4079 100
1346 4007 1778 4077 llunejuvenem
1824 4023 2049 4063 servare

457 4117 567 4158 non
602 4102 909 4173 potuimus,
939 4100 1038 4156 sed
1068 4100 1125 4155 in
1168 4100 1425 4156 manibus
1468 4101 1735 4171 principis
1766 4100 1947 4171 perire
1974 4100 2050 4155 si-

454 4196 658 4251 vimus.
693 4193 831 4248 Nam
868 4208 989 4264 quae
1036 4192 1211 4247 forma
1243 4193 1385 4247 inter
1424 4193 1549 4248 illas
1595 4192 1911 4248 liberaliora
1940 4202 2046 4261 est,

455 4289 812 4359 semetipsam
839 4288 988 4343 velut
1026 4301 1211 4342 escam
1250 4294 1417 4356 atque
1466 4286 1784 4342 illecebram
1830 4286 2044 4357 objicit,

455 4391 517 4437 ut
548 4396 691 4453 quos
728 4382 785 4436 in
821 4379 1071 4436 fraudem
1103 4380 1224 4450 ipsa
1256 4378 1560 4449 pellexerit,
1602 4394 1712 4434 non
1741 4393 1839 4435 eos
1863 4380 2049 4450 proﬂi-

454 4488 585 4545 gare
614 4488 682 4529 ac
722 4472 977 4543 perdere,
1008 4472 1107 4527 sed
1150 4471 1365 4542 eripere
1403 4470 1642 4527 dicatur.
1684 4470 1841 4527 Unde
1869 4481 1925 4528 et
1950 4473 2049 4528 de-

453 4564 726 4620 formibus
752 4565 1121 4634 elegantiores
1146 4563 1442 4619 identidem
1470 4564 1803 4635 exprobrare
1833 4566 2047 4622 solent:

453 4655 565 4727 Ego
608 4672 751 4723 sum,
784 4656 1069 4727 inquiunt,
1109 4671 1208 4712 vas
1240 4656 1475 4711 electum
1499 4697 1513 4721 ,
1558 4671 1684 4726 quae
1710 4672 1899 4713 errore
1942 4658 2051 4713 cir-

450 4759 778 4804 cumventos
806 4750 1099 4805 extrahere
1132 4764 1360 4820 possum
1395 4767 1409 4802 :
1448 4748 1597 4818 quod
1629 4756 1686 4803 tu
1734 4749 1920 4806 facere
1952 4766 2051 4806 ne-

449 4838 699 4908 quivisti.
735 4838 800 4891 Et
821 4848 981 4893 erant
1006 4854 1140 4895 sane
1169 4855 1291 4911 qua:
1319 4847 1435 4893 tum
1467 4838 1555 4893 his
1576 4839 1867 4895 verborum
1892 4841 2050 4895 blan-

449 4929 715 4984 dimentis
747 4944 812 4983 ac
865 4929 1157 4988 lenociniis
1206 4932 1506 4987 utebantur
1549 4932 1800 5000 corporis
1837 4947 1947 5002 quo
1978 4934 2046 4988 ad

448 5020 791 5092 peccandum
816 5022 1184 5079 abutebantur
1209 5032 1443 5081 venusta
1460 5039 1584 5079 cum
1602 5025 1796 5095 primis
1822 5026 2043 5096 specie;

449 5111 546 5168 sed
579 5114 766 5169 animo
796 5131 957 5186 quem
993 5118 1434 5173 consceleratum
1462 5118 1727 5189 gerebant
1765 5120 1914 5173 omni
1938 5120 2047 5175 dm-

448 5206 632 5261 monis
668 5207 1013 5279 turpitudine
1046 5209 1386 5266 deformatae.
1424 5210 1529 5267 Sed
1563 5211 1877 5267 misericors
1900 5210 2045 5269 Deus

448 5296 517 5351 ab
551 5298 769 5353 illarum
809 5300 1159 5372 improbitate
1194 5317 1296 5357 nos
1342 5304 1569 5374 eripuit,
1611 5304 1747 5360 adeo
1781 5312 1840 5359 ut
1889 5315 2042 5375 post-

447 5407 611 5465 quam
664 5392 895 5448 istorum
948 5394 1119 5451 libros
1158 5395 1524 5466 perlegimus,
1576 5406 1630 5453 et
1679 5398 1746 5452 ad
1792 5399 2040 5454 veritatis

2152 3196 2246 3242 τες
2259 3179 2500 3250 ἠδυνήθη
2511 3196 2610 3249 μεν
2631 3180 2727 3233 καὶ
2745 3180 2901 3234 αὐτοὶ
2931 3179 3112 3249 λέγειν
3132 3183 3213 3245 τὸ,
3234 3185 3500 3254 ᾌσωμεν
3524 3186 3604 3251 τῷ
3622 3186 3720 3239 Κυ-

2144 3273 2260 3340 ρίῳ
2272 3288 2286 3302 ·
2301 3271 2563 3337 ἐνδόξως
2576 3271 2689 3341 γὰρ
2700 3271 3062 3337 δεδόξασται
3076 3291 3090 3303 ι
3114 3274 3304 3329 ἵππον
3321 3279 3722 3344 καὶάκαόἀτην

2151 3365 2401 3433 ἕρῤιψεν
2419 3364 2507 3430 εἰς
2534 3364 2881 3419 θάλασσαν.
2931 3366 3005 3418 Οὐ
3049 3365 3159 3439 γὰρ
3188 3368 3354 3441 ὁμοία
3390 3369 3617 3443 δυνάμει
3639 3370 3719 3439 τῆς

2151 3455 2363 3510 ἐκείνου
2407 3455 2790 3528 δικαιοσύνης,
2849 3455 2991 3510 ἀλλὰ
3026 3459 3319 3530 στεναγμῷ
3360 3460 3438 3532 τῷ
3484 3463 3623 3535 πρὸς
3658 3460 3720 3528 τῷ

2151 3549 2310 3619 Θεῷ³
2338 3549 2650 3622 ἐλεηθέντες
2672 3549 2977 3621 ἐσώθημεν.
3053 3551 3473 3624 Ὀνειδιζόμενος
3504 3558 3614 3628 γὰρ
3643 3555 3719 3606 ὑπ’

2150 3642 2331 3696 αὐτῶν
2370 3643 2480 3696 τῶν
2511 3643 2808 3715 ὀλετηρίων
2849 3642 3144 3712 γυναικῶν,
3186 3647 3579 3720 κατεγελώμην
3607 3646 3717 3715 ἐγὼ,

2150 3731 2227 3796 ὡς
2255 3732 2551 3802 ὑπέφαινον
2572 3734 2628 3786 αἱ
2658 3732 2907 3786 τοιαῦται
2920 3733 3175 3805 ἀλλήλαις
3195 3736 3629 3793 ἐπισκώπτουσαι
3650 3736 3719 3806 δῆν

2152 3825 2244 3879 θεν
2274 3842 2290 3860 ·
2322 3827 2405 3880 δτι
2429 3827 2543 3881 Οὐκ
2574 3826 2925 3898 ἠδυνήθημεν
2952 3827 3125 3883 σῶσαι
3146 3830 3239 3884 τὸν
3261 3831 3563 3899 νεανίσκω,
3605 3829 3717 3885 am

2150 3914 2449 3986 ἀφήκαμεν
2485 3915 2653 3969 αὐτὸν
2675 3916 2732 3969 ἐν
2762 3917 2919 3988 χερσὶ
2950 3916 3047 3970 τοῦ
3095 3920 3353 3991 ἄρχοντος
3384 3921 3711 3976 ἀπόλλυσθαι.

2163 4008 2495 4080 Ἐπειδήπερ
2509 4009 2633 4078 ἥτις
2643 4008 2825 4062 αὐτῶν
2836 4009 3213 4083 εὐμορφοτέρα
3226 4013 3332 4082 εἴη,
3345 4013 3541 4085 δέλεαρ
3554 4014 3713 4082 ὥσπερ

2150 4100 2351 4171 ἑαυτὴν
2376 4100 2719 4173 προτίθησιν,
2738 4100 2881 4154 ὥστε
2900 4103 2969 4157 δι’
2990 4102 3163 4174 αὐτῆς
3186 4104 3313 4169 τοὺς
3333 4106 3516 4178 ὴπατη
3525 4107 3711 4177 μένους.

2150 4193 2274 4247 ἀντὶ
2297 4192 2393 4245 τοῦ
2418 4192 2729 4258 ἀπολλύειν,
2765 4194 2961 4259 σώζειν
2985 4195 3363 4267 ἐπιφημίζειν.
3400 4198 3511 4251 Καὶ
3539 4197 3713 4257 ὄνειδος

2149 4284 2337 4339 λοιπὸν
2356 4286 2469 4340 τῶν
2487 4287 2750 4358 ἀμόρφων
2764 4288 2975 4356 γίνεται
2999 4305 3074 4342 πα
3080 4288 3150 4360 ρὰ
3172 4288 3282 4343 τῶν
3300 4290 3707 4363 εύμορφοτέρωιν

2080 4396 2123 4450 ῃ
2151 4379 2232 4432 ὅτι
2267 4378 2429 4448 Ἐγὼ,
2455 4380 2610 4450 φησὶ,
2634 4380 2829 4446 σκεῦός
2856 4382 2972 4452 εἰμι
2993 4381 3225 4453 ἐκλογῆς
3253 4383 3521 4456 δυναμένη
3549 4382 3711 4447 σώζειν

2145 4472 2274 4535 τοὺς
2301 4473 2719 4543 ἀπατωμένους,
2748 4472 2813 4526 σὺ
2840 4473 2899 4526 δὲ
2926 4473 3027 4527 οὐκ
3052 4474 3298 4545 ἴσχυσας.
3316 4470 3501 4529 ἾΙσαν
3522 4478 3616 4547 μὲν
3638 4471 3708 4528 οὖν

2148 4564 2206 4616 αἱ
2222 4562 2312 4616 τὸν
2330 4562 2615 4635 ἀγώγιμον
2641 4564 2810 4634 μῦθον
2831 4564 3020 4619 τοῦτον
3042 4566 3426 4637 ύφηγούμεναι
3457 4571 3522 4639 τῇ
3555 4568 3705 4641 μορφῇ

2145 4657 2245 4726 τῆς
2278 4656 2461 4709 αὐτῶν
2492 4656 2757 4719 πτώσεως
2795 4658 3285 4729 εύπροσωπόταται
3304 4676 3317 4688 ·
3349 4659 3428 4731 τῷ
3446 4661 3503 4713 δὲ
3537 4660 3611 4731 νῷ
3632 4659 3706 4725 τῆς

2148 4749 2327 4801 αὐτῶν
2362 4749 2664 4821 μοχθηρίας
2701 4750 2800 4821 τήν
2841 4753 3023 4803 πᾶσαν
3055 4751 3150 4805 τοῦ
3181 4751 3431 4807 διαϐόλου
3462 4751 3705 4825 ἀμορφίαν

2147 4840 2505 4910 κεκτημέναι.
2569 4841 2730 4895 Ἀλλά
2772 4844 2800 4895 ὁ
2842 4842 3090 4913 ἐλεήμων
3123 4842 3256 4908 Θεὸς
3298 4845 3398 4916 τῆς
3435 4844 3704 4917 μοχθηρίας

2146 4932 2327 4987 αὐτῶν
2350 4934 2499 5004 ἡμᾶς
2523 4934 2815 5006 ὲρῤύσατο,
2834 4935 2974 4989 ὥστε
3009 4938 3147 5007 μετὰ
3172 4937 3232 4991 τὸ
3257 4939 3568 5007 ἀναγνῶναι
3588 4938 3700 5008 ἡμᾶς

2146 5024 2326 5078 αὐτῶν
2358 5026 2457 5089 τὰς
2496 5025 2733 5096 βίϐλους,
2768 5028 2864 5081 καὶ
2912 5030 3203 5099 ἐπιστῆσαι
3232 5030 3324 5083 τὸν
3353 5029 3481 5084 νοῦν
3505 5033 3568 5101 τῇ
3597 5029 3700 5092 ἀλη-

2145 5118 2286 5190 θείᾳ,
2326 5119 2421 5173 καὶ
2472 5119 2546 5190 μὴ
2592 5120 3028 5191 συναπαχθῆναι,
3068 5122 3373 5195 ἀποδρᾶσαί
3409 5142 3471 5177 τε
3525 5126 3611 5178 καὶ
3644 5122 3696 5192 μὴ

2142 5211 2517 5282 δελεασθῆναι,
2541 5212 2604 5264 τὸ
2621 5212 2922 5282 τηνικαῦτα
2937 5214 3352 5285 ἐσπουδάσαμεν
3370 5217 3466 5269 καὶ
3483 5216 3698 5285 τοῖς

2142 5304 2370 5368 σκόποις
2390 5307 2502 5369 τοῖς
2526 5306 2583 5359 ἐν
2605 5305 2685 5376 τῷ
2706 5307 2857 5378 τόπῳ
2876 5308 3069 5381 ἐκείνῳ
3089 5309 3605 5387 αύτοίρςΞύΞοδεῖξαι,
3628 5304 3695 5359 καὶ

2139 5398 2206 5452 τὰ
2223 5384 2538 5469 ὁῖῐόᾘᾶὲάὲν
2555 5390 2619 5471 τῇ
2651 5386 2949 5473 Ἐκκλησία
2970 5386 3328 5473 κεκρυμμένα
3346 5380 3611 5473 φωράσω,
3628 5396 3696 5451 καὶ

444 5489 812 5560 cognitionem
870 5488 1113 5543 animum
1152 5487 1477 5560 adjecimus,
1526 5505 1626 5546 nec
1674 5490 1919 5556 abducti,

2205 5491 2267 5554 ὺς
2311 5492 2510 5556 αὐτοὺς
2556 5493 2896 5565 ἀπελαθῆναι
2922 5494 3024 5566 τῆς
3064 5494 3293 5559 πόλεως,
3330 5494 3569 5565 ὀνόματα
3598 5487 3692 5560 περὶ

525 5664 539 5678 ι
574 5645 709 5703 Gen.
746 5661 937 5715 χχιιι,
988 5647 1014 5701 7
1048 5662 1170 5718 sqq.
1236 5650 1272 5717 "
1312 5646 1480 5704 lixod.
1507 5664 1597 5715 xv,
1633 5647 1682 5704 l.

1765 5647 1784 5681 ³
1814 5645 1877 5703 F.
1908 5646 1999 5701 τόν
2025 5647 2159 5701 Θεόν
