3760 6176
102 227 197 286 361

748 222 1118 282 ADVERSUS
1155 222 1501 283 HERESES
1535 226 1666 283 LIB.
1705 228 1747 283 l.
1788 226 1952 284 TOM.
1995 225 2060 281 II.
2084 259 2151 268 —
2191 219 2466 280 IIASRES.
2507 222 2700 278 XXVI.

3247 223 3355 279 36?.

102 362 200 398 που
224 343 567 414 ὀγδοήκοντα,
591 343 686 396 καὶ
705 341 804 414 τὴν
826 342 980 395 πόλιν
1004 341 1302 412 τῆς-αὑτῶν
1326 339 1671 408 ζιζανιώδους

1829 357 1960 397 trum
1987 340 2262 396 illecebris
2281 340 2423 409 capti
2446 354 2655 402 sumus,
2678 337 2772 393 sed
2801 334 3089 406 effugimus
3111 336 3350 397 tandem,

102 436 232 505 ὕλης
253 434 347 489 καὶ
374 433 715 498 ἀκανθώδους
734 434 1094 506 καθαρθῆναι.

1777 449 1903 488 mox
1941 430 2008 488 ad
2052 432 2363 502 episcopos,
2396 431 2488 501 qui
2537 429 2592 483 in
2624 431 2717 483 illo
2765 430 2884 483 loco
2924 427 3355 508 erant,_deferre

101 527 492 592 studuerimus,
525 533 582 580 et
608 541 796 581 eorum
838 526 1104 582 hactenus
1133 527 1316 598 ignota
1350 529 1570 584 nomina
1613 529 1667 582 in
1710 525 1954 580 Ecclesia
1977 523 2253 594 detegere.
2283 522 2360 577 Ex
2409 537 2516 592 quo
2561 521 2764 576 factum
2808 527 2914 583 est,
2958 528 3016 591 ut
3080 519 3356 590 octoginta

101 617 214 672 fere
237 617 413 687 capita
441 617 665 672 exulare
692 617 846 687 jussa
877 616 947 671 ab
973 617 1100 671 lolio
1125 618 1407 688 spinisque
1435 619 1551 674 suis
1587 622 1932 688 repurgatam
1963 615 2154 669 urbem
2189 614 2532 684 reliquerint.

170 712 274 763 IH’.
298 709 687 780 Μνημονεύσας
709 710 766 763 δέ
786 727 869 772 τις
883 709 983 778 τῆς
1000 709 1110 762 ἅνω
1125 713 1157 780 ὴ
1168 709 1282 780 μῶν
1299 710 1668 781 ὑποσχέσεως,

100 803 236 870 τάχα
264 801 358 854 καὶ
389 801 746 865 ἐπαινέσειεν,
774 801 849 864 ὡς
876 803 909 872 ἡ
919 800 1034 870 μῶν
1069 802 1564 873 προαγγειλὰντων,
1589 803 1672 856 ὅτι

101 893 236 943 τισὶν
259 891 438 945 αὐτῶν
468 891 864 962 παρετύχομεν,
893 891 1015 946 τινὰ
1033 893 1089 945 δέ
1115 893 1200 947 διὰ
1228 895 1672 965 συγγραμμάτων

102 981 437 1049 ἐγνώκαμεν,
464 981 586 1035 τινὰ
615 983 670 1034 δὲ
700 982 769 1034 δι’
804 981 1114 1053 ἐνηχήσεών
1141 1000 1201 1035 τε
1227 983 1320 1036 καὶ
1361 983 1673 1055 μαρτυρίων

100 1074 426 1136 ἀξιοπίστων
479 1074 710 1144 ἀνδρῶν,
751 1075 1058 1144 δυναμένων
1103 1077 1232 1146 ἡμῖν
1275 1076 1372 1147 τὴν
1420 1076 1673 1146 ἀλήθειαν

99 1164 507 1219 ὑποδεικνύων
555 1166 630 1228 ὼς
664 1169 756 1220 καλ⁵
785 1166 1019 1221 ἐνταῦθα
1047 1166 1357 1238 φιλαλήθως
1385 1168 1483 1238 οὐχ
1507 1169 1674 1237 ὑπερ-

99 1257 410 1328 ϐεϐήκαμεν
430 1259 522 1312 τὸν
554 1258 738 1322 τόπον,
774 1258 911 1312 ἀλλὰ
943 1259 1249 1329 ἐδείξαμεν,
1279 1260 1355 1324 ὠς
1390 1263 1489 1330 μία
1524 1262 1674 1316 ἐστὶν

99 1349 232 1420 αὕτη
271 1349 382 1403 τῶν
417 1353 547 1421 ἡμῖν
576 1351 984 1421 περιτυχουσῶν
1014 1351 1296 1422 αἱρέσεων.
1346 1353 1453 1406 Καὶ
1487 1353 1675 1421 σαφῶς

98 1443 225 1512 περὶ
248 1442 454 1512 ταύτης
489 1442 834 1512 ἠδυνήθημεν
862 1443 1060 1512 λέγειν,
1097 1443 1155 1509 ἐξ
1189 1440 1284 1508 ὧν,
1321 1447 1394 1518 μὴ
1425 1447 1633 1515 γένοιτο
1659 1450 1670 1501 ι

98 1533 150 1584 ού
188 1532 518 1603 πράξαντες,
554 1533 690 1586 ἀλλά
711 1534 1091 1605 μεμαθηκότες
1117 1537 1364 1606 ἀκριϐῶς
1393 1539 1544 1610 παρά
1568 1539 1675 1593 τῶν

97 1627 242 1695 ἡμᾶς
285 1626 366 1688 είς
405 1625 561 1678 τοῦτο
596 1626 908 1692 πειθόντων,
947 1630 1042 1682 καὶ
1095 1629 1168 1700 μὴ
1205 1632 1668 1701 κατισχυσάντων,

1843 706 2030 762 XVIII.
2065 705 2430 772 Quamobrem
2484 703 2682 775 siquis
2721 703 2866 774 quod
2912 702 3068 758 initio
3126 698 3352 771 polliciti

1773 814 1962 854 sumus
1981 799 2240 854 memoria
2256 807 2487 867 repetat,
2514 796 2749 852 fortasse
2776 795 3084 850 institutum
3103 798 3350 846 nostrqu

1775 892 2117 961 approbabit,
2167 891 2314 960 quod
2348 891 2421 943 ita
2468 889 2678 960 prmfati
2712 904 2924 952 sumus,
2969 902 3090 956 quae
3129 884 3197 938 ad
3233 883 3352 939 illas

1775 992 1954 1038 sectas
1986 982 2221 1036 attinent
2253 996 2356 1036 nos
2382 981 2582 1052 partim
2620 995 2721 1035 usu
2747 993 2810 1033 ac
2832 976 3230 1033 consuetudine
3266 975 3351 1029 di-

1775 1072 1998 1137 dicisse,
2046 1073 2246 1143 partim
2288 1089 2354 1128 ex
2402 1071 2755 1127 monimentis
2797 1069 3099 1139 accepisse,
3152 1067 3354 1137 partim

1777 1166 1880 1222 ﬁde
1910 1166 2196 1235 dignorum
2227 1165 2527 1227 hominum,
2563 1164 2654 1232 qui
2688 1163 2764 1216 rei
2803 1161 3088 1216 veritatem
3112 1158 3354 1213 indicare

1776 1265 2022 1327 possent,
2052 1256 2366 1311 narratione
2398 1270 2462 1309 ac
2489 1254 2806 1309 testimonio
2836 1253 3004 1308 fuisse
3035 1251 3350 1322 perdocws.

1777 1350 1965 1419 Itaque
1997 1363 2096 1418 pro
2117 1363 2183 1404 eo
2214 1347 2358 1417 quod
2384 1362 2494 1417 prae
2521 1346 2680 1400 nobis
2714 1344 2938 1401 ferimus
2965 1344 3209 1400 veritatis
3237 1353 3355 1398 stu-

1777 1442 1868 1496 dio
1907 1443 2317 1513 praztermitterc
2338 1441 2487 1495 hunc
2509 1440 2687 1494 locum
2715 1439 3022 1504 noluimus;
3059 1437 3154 1492 sed
3175 1447 3356 1492 osten-

1777 1533 1958 1587 dimus
2000 1547 2162 1587 unam
2211 1533 2359 1587 illam
2391 1547 2459 1588 ex
2514 1531 2583 1588 iis
2609 1531 2908 1586 haeresibus
2940 1545 3079 1595 esse,
3121 1542 3352 1598 quarum

1778 1641 1940 1680 usum
1972 1626 2288 1686 habuimus.
2323 1625 2392 1680 de
2424 1641 2532 1695 qua
2561 1626 2696 1680 certi
2732 1624 3110 1694 exploralique
3147 1619 3354 1692 aliquid

99 1717 231 1769 ἀλλὰ
258 1717 358 1788 τὴν
387 1716 593 1770 ἐαυτῶν
624 1718 810 1772 ἐλπίδα
836 1720 935 1790 τῆς
960 1721 1040 1784 είς
1064 1723 1212 1792 ἡμᾶς
1243 1723 1516 1786 ἀπωλείας
1538 1725 1670 1777 ἀπο-

1829 1712 1966 1766 ferre
1989 1727 2276 1782 possemus
2303 1733 2313 1766 :
2339 1728 2448 1766 non
2476 1728 2542 1766 ex
2565 1727 2630 1766 eo
2662 1712 2804 1782 quod
2830 1712 3164 1783 gesserimus
3193 1710 3296 1780 ipsi
3331 1729 3346 1765 :

99 1805 389 1870 λεσάντων,
432 1808 526 1858 καὶ
568 1808 642 1877 μὴ
682 1809 1047 1878 ἐπιτυχόντων
1084 1809 1178 1863 τοῦ
1229 1810 1433 1864 σκοποῦ
1470 1811 1565 1881 τῆς
1593 1814 1673 1876 εἰς

97 1899 190 1969 τὴν
214 1897 478 1950 τάλαιναν
511 1897 665 1969 ήμῶν
696 1898 874 1970 ψυχὴν
896 1903 1350 1972 ἐπιχειρουμένης
1374 1902 1464 1955 ὑπ’
1495 1903 1674 1956 αὐτῶν

96 2006 151 2041 τε
181 1990 279 2042 καὶ
312 1989 408 2042 τοῦ
431 1991 489 2041 ἐν
511 1990 693 2053 αὐτοῖς
726 1990 973 2044 διαϐόλου
1008 1993 1297 2062 συσκευῆς,
1329 1993 1405 2056 ὡς
1427 1995 1522 2046 καὶ
1551 2011 1674 2046 συν-

97 2078 205 2148 ῳδά
232 2079 386 2149 ἡμᾶς
409 2077 589 2145 λέγειν
620 2077 696 2149 τῷ
718 2079 1006 2148 ἁγιωτάτῳ
1022 2079 1209 2143 Δαϐὶδ,
1227 2080 1306 2133 ὅτι
1329 2097 1343 2111 ·
1374 2079 1532 2148 Βέλη
1565 2098 1674 2146 νη-

96 2173 246 2224 πίων
276 2171 659 2241 ἐγενήθησαν
683 2173 742 2224 αἱ
772 2171 997 2241 πληγαὶ
1029 2171 1248 2236 αὐτῶν,
1281 2174 1376 2226 καὶ
1419 2171 1490 2226 τὰ
1513 2171 1638 2242 ἑξῆς
1657 2190 1672 2205 ⁸

97 2262 185 2314 καὶ
219 2261 330 2314 ὅτιο
370 2261 749 2329 Ἐπιστρέψει
780 2265 814 2316 ό
839 2262 1026 2328 πόνος
1049 2261 1248 2316 αὐτῶν
1283 2265 1372 2330 είς
1400 2262 1677 2332 κεφαλὴν

93 2351 313 2416 αὐτῶν,
355 2353 452 2407 καὶ
499 2354 538 2420 ἡ
575 2353 774 2408 ἀδικία
807 2352 1007 2407 αὐτῶν
1040 2354 1138 2408 ἐπὶ
1171 2355 1436 2425 κορυφὴν
1480 2355 1678 2410 αὐτῶν

99 2443 517 2509 καταϐήσεται.
557 2445 642 2508 Ὠς
661 2441 753 2496 οὖν
778 2445 1178 2516 περιτυχόντες,
1205 2447 1300 2498 καὶ
1322 2445 1674 2517 ἀποδράντες,

100 2537 188 2588 καὶ
213 2535 562 2603 ἀναγνόντες,
599 2536 691 2588 καὶ
728 2535 966 2604 γνόντες,
1018 2536 1111 2588 καὶ
1144 2537 1527 2604 καταγνόντες,
1568 2555 1675 2590 σω-

97 2619 280 2681 ϋὲντες
317 2619 374 2671 δὲ
399 2619 874 2689 ὑπερϐεϐήκαμεν,
913 2617 1055 2672 οὓτω
1089 2621 1182 2672 καὶ
1211 2621 1276 2673 σὲ
1297 2621 1387 2674 τὸν
1412 2620 1677 2690 ἀναγινώ-

100 2726 299 2763 σκοντα
342 2709 795 2783 παρακαλοῦμεν,
847 2710 1150 2779 ἀναγνόντα
1194 2713 1288 2764 καὶ⁹
1337 2713 1675 2780 καταγνόντα

97 2799 185 2852 τοῦ
206 2801 221 2828 ⁸
251 2799 580 2869 ὑπερϐῆναι,
608 2803 686 2864 είς
707 2804 768 2853 τὸ
795 2799 870 2870 μὴ
894 2801 1153 2870 ἐμπεσεῖν
1176 2800 1234 2854 ὲν
1255 2801 1333 2871 τῷ
1363 2799 1425 2870 ἰῷ
1452 2801 1548 2872 τῆς
1568 2802 1676 2857 τῶν

95 2889 344 2959 ἑρπετῶν
380 2889 584 2943 τούτων
631 2889 954 2961 μοχθηρίας.
1016 2890 1152 2942 Ἀλλ’
1182 2892 1228 2944 εί
1251 2890 1344 2944 καί
1373 2908 1502 2945 ποτε
1528 2910 1678 2964 περι-

95 2984 302 3053 τύχοις,
326 2983 438 3035 τισὶ
477 2981 586 3036 τῶν
626 2982 733 3035 ἀπὸ
777 2983 875 3053 τῆς
915 2981 1178 3051 όφιώδους
1202 2982 1406 3054 ταύτης
1457 2983 1673 3055 σχολῆς,

1779 1809 1989 1856 avertat
2011 1801 2114 1856 hoc
2141 1816 2170 1854 a
2194 1801 2352 1856 nobis
2377 1799 2520 1856 Deus
2546 1803 2559 1855 !
2595 1801 2690 1856 sed
2721 1816 2785 1854 ex
2817 1816 2881 1856 eo
2902 1800 3044 1870 quod
3078 1800 3144 1854 ab
3175 1799 3240 1855 iis
3266 1813 3360 1854 ac-

1780 1902 1970 1947 curate
2003 1891 2320 1955 didicimus,
2361 1893 2454 1962 qui
2489 1891 2633 1948 illam
2671 1891 2831 1954 nobis
2871 1891 3202 1960 persuadere
3236 1888 3355 1944 fru-

1780 1991 1892 2038 stra
1918 1983 2209 2037 voluerunt
2261 1992 2314 2036 et
2348 1991 2665 2050 conceptam
2705 1983 2771 2036 de
2797 1993 2986 2040 nostro
3010 1983 3177 2037 exitio
3204 1997 3355 2052 spem

1780 2075 2001 2147 penitus
2023 2074 2372 2145 abjecerunt:
2414 2089 2538 2128 cum
2574 2073 2785 2127 insidia:
2809 2087 3001 2127 omnes
3029 2087 3090 2127 ac
3114 2071 3355 2135 fraudes,

1781 2183 1919 2236 quas
1945 2166 2012 2220 ad
2038 2166 2276 2220 infelicis
2309 2166 2505 2220 animae
2540 2172 2739 2221 nostra:
2764 2165 3059 2235 perniciem
3093 2175 3201 2218 tam
3231 2165 3356 2234 ipsi,

1781 2278 1942 2332 quam
1964 2261 2055 2331 qui
2086 2260 2140 2314 in
2171 2260 2280 2314 illis
2322 2260 2462 2313 inest
2490 2259 2741 2313 diabolus
2773 2257 3071 2312 machinati
3120 2257 3357 2322 fuerant,

1781 2351 1954 2406 irrita:
1993 2359 2157 2420 atque
2205 2350 2398 2404 inanes
2445 2348 2808 2410 exstitissent,
2848 2355 2907 2400 ut
2943 2346 3049 2400 hoc
3087 2360 3117 2398 a
3160 2345 3361 2400 Davide

1781 2441 1987 2496 dictum
2019 2438 2590 2493 aecon'uuodatissime
2615 2451 2884 2506 usurpare
2911 2436 3185 2506 possimus
3214 2453 3226 2487 :
3257 2434 3350 2490 δας

1781 2534 1925 2604 gittw
1941 2531 2279 2602 parvulorum
2299 2517 2460 2598 facta:
2483 2538 2602 2582 sunt
2627 2529 2798 2599 plaga:
2821 2545 3001 2582 eorum
3020 2527 3065 2592 ³,
3086 2536 3194 2584 etc.
3221 2525 3359 2580 Tum

1783 2624 1957 2680 illud:
2011 2621 2352 2677 Conrertetur
2403 2620 2553 2672 labor
2593 2635 2774 2673 eorum
2808 2619 2864 2672 in
2901 2628 3059 2687 caput
3102 2619 3358 2688 ipsorum,

1787 2719 1939 2789 ιο]
1975 2726 2023 2770 et
2055 2715 2310 2786 iniquitas
2338 2730 2518 2767 eorum
2549 2715 2604 2765 in
2626 2713 2864 2766 verticem
2893 2713 3126 2781 ipsorum
3150 2710 3363 2766 descen-

1781 2809 1871 2862 det
1894 2807 1936 2860 ‘.
1968 2805 2136 2876 Igitur
2158 2803 2618 2874 quemadmodum
2646 2804 2728 2858 sic
2756 2817 2858 2858 nos
2885 2803 2940 2856 iu
2968 2803 3186 2858 illorum
3208 2816 3362 2857 erro-

1783 2911 1897 2950 rem
1926 2893 2284 2957 incurrimus,
2321 2903 2376 2946 ut
2400 2892 2550 2946 illius
2580 2906 2778 2946 noxam
2801 2890 3190 2960 eil‘ugeremus,
3216 2907 3365 2946 eum-

1781 3001 1891 3055 que
1926 2983 2258 3052 simulatque
2280 2981 2510 3052 legimus
2540 2995 2605 3035 ac
2635 2980 2992 3050 cognovimus
3015 2977 3360 3043 damnantes,

98 3076 260 3140 εὐθὺς
285 3076 356 3127 τὸ·
380 3074 535 3142 ξύλον
554 3073 836 3128 ἀναλαϐὼν
859 3075 917 3127 τὸ
937 3073 1023 3126 διὰ
1039 3073 1132 3126 τοῦ
1165 3074 1368 3144 Κυρίου
1386 3077 1517 3144 ἡμῖν
1539 3077 1674 3127 ἐτοι-

1829 3079 1920 3132 ιινὶ
1958 3084 2122 3147 atque
2168 3075 2473 3130 incolumes
2517 3073 2890 3144 praetergressi
2930 3087 3155 3138 sumus;
3203 3072 3280 3124 ita
3309 3079 3364 3126 te

99 3168 328 3238 μασθὲν,
353 3168 411 3219 ἐν
430 3160 472 3234 ᾧ
492 3167 520 3218 ὁ
537 3165 737 3237 Κύριος
753 3165 908 3236 ημῶν
932 3164 1251 3236 προσεπάγη
1271 3165 1522 3235 Χριστὸς,
1537 3167 1677 3219 κατὰ

96 3260 196 3328 τῆς
224 3259 469 3328 κεφαλῆς
490 3257 584 3310 τοῦ
614 3259 810 3325 ὄφεως,
832 3257 994 3319 εὐθὺς
1019 3254 1201 3309 λαϐὼν
1221 3256 1416 3320 εἴποις,
1447 3258 1524 3310 ὃτι
1552 3258 1678 3328 Χρι-

98 3353 222 3414 στὸς
247 3350 591 3421 ἐσταύρωται
617 3350 757 3420 ὑπὲρ
786 3349 962 3420 ἡμῶν,
998 3348 1362 3419 ὑπογραμμὸν
1397 3351 1529 3419 ἡμῖν
1550 3351 1678 3403 ὐπο-

95 3444 385 3514 λιμπάνων
424 3442 718 3513 σωτηρίας,
761 3442 843 3494 ὅτι
883 3441 986 3494 οὐκ
1028 3441 1096 3494 ἂν
1129 3439 1478 3512 ἐπαυροῦτο,
1529 3443 1578 3493 εί
1603 3441 1677 3512 μὴ

96 3538 279 3606 σάρκα
309 3531 446 3605 εἶχε.
483 3535 667 3604 Σάρκα
695 3533 752 3586 δέ
783 3533 942 3603 ἔχων,
975 3534 1071 3587 καὶ
1103 3533 1460 3604 σταυρωθεὶς,
1484 3534 1680 3586 ἐσταύο

98 3646 273 3698 ρωσεν
305 3628 462 3699 ἡμῶν
497 3627 596 3690 τὰς
630 3625 925 3697 ἁμαρτίας.
975 3625 1166 3678 Πίστει
1194 3625 1386 3696 ἔχομαι
1415 3626 1516 3696 τῆς
1544 3626 1677 3696 ἀλη-

97 3724 268 3786 θείας,
296 3722 391 3774 καὶ
410 3722 508 3792 οὐχ
529 3721 810 3790 ὑπάγομαι
829 3719 1006 3790 πλάνη
1033 3721 1098 3789 τῇ
1122 3717 1459 3788 νωθείᾳ¹τοῦ
1483 3719 1678 3788 δφεως,

96 3815 188 3865 καὶ
221 3811 695 3886 παραψιθυρισμῷ
717 3811 818 3880 τῆς
844 3809 1008 3862 αὐτοῦ
1030 3809 1394 3872 διδασκαλίας.

1783 3168 2037 3238 quisquis
2073 3183 2133 3222 es
2166 3167 2257 3235 qui
2289 3167 2392 3220 ista
2425 3165 2562 3235 legis
2607 3165 2914 3229 hortamur,
2959 3171 3016 3217 ut
3049 3164 3188 3218 lecta
3219 3162 3365 3233 pari-

1782 3271 1866 3315 ter
1892 3277 1955 3317 ac
1976 3261 2232 3315 damnata
2259 3259 2562 3322 transilias,
2579 3272 2647 3312 ne
2669 3259 2724 3310 in
2752 3263 3068 3326 serpentum
3091 3255 3362 3323 ejusmodi

1783 3356 1932 3409 velut
1971 3353 2342 3424 improbitatis
2387 3350 2662 3420 quoddam
2720 3349 2870 3402 virus
2914 3347 3145 3402 incidas.
3197 3348 3278 3401 Ac
3315 3346 3362 3399 si

1783 3445 2004 3515 qnanalo
2027 3444 2257 3499 lorsitan
2282 3458 2348 3497 ex
2373 3442 2476 3497 hac
2499 3449 2816 3511 serpentum
2847 3440 3032 3495 schola
3051 3439 3362 3508 quempiam

1786 3535 2102 3598 olfenderis,
2162 3535 2344 3590 subito
2373 3533 2578 3604 lignum
2629 3530 2762 3586 illud
2793 3527 2941 3600 quod
2988 3528 3145 3583 nobis
3190 3542 3222 3580 a
3257 3525 3365 3581 Do-

1788 3629 1936 3682 mino
1967 3636 2347 3699 comparatum
2397 3634 2502 3685 est,
2531 3633 2587 3679 et
2627 3624 2686 3678 in
2724 3638 2836 3693 quo
2871 3622 3127 3676 Christus
3173 3618 3364 3674 allixus

1787 3729 1894 3783 est,
1939 3729 2131 3775 contra
2165 3719 2438 3788 serpentis
2470 3727 2637 3786 caput
2669 3715 2964 3785 arripiens,
2994 3714 3067 3767 ita
3097 3713 3319 3782 loquere
3346 3728 3362 3766 :

1789 3815 2044 3870 Christus
2083 3822 2274 3868 nostra
2319 3822 2405 3866 est
2433 3812 2486 3866 in
2534 3824 2699 3864 cruce
2749 3821 2916 3862 causa
2961 3810 3367 3875 suspensus,.et

98 3916 335 3968 formam
414 3923 616 3967 nostra:
660 3911 855 3967 salutis
907 3923 1227 3980 expressam
1279 3925 1342 3962 ac
1387 3909 1716 3963 delineatam
1794 3912 2040 3980 reliquit.
2093 3909 2250 3976 Quod
2302 3908 2407 3961 nisi
2459 3920 2680 3960 carnem
2729 3903 3029 3979 habuisset,
3084 3913 3362 3968 nunquam

94 4015 242 4061 esset
291 4005 540 4060 suﬂixus.
570 4002 647 4057 Eo
675 4017 802 4056 vero
831 4001 976 4071 quod
1010 4015 1177 4055 carne
1223 4000 1488 4068 praeditus
1513 4008 1569 4054 et
1613 4003 1812 4057 affixus
1837 4011 1921 4058 cst
1955 4001 2129 4064 cruci,
2198 4006 2386 4053 nostra
2455 3995 2616 4050 simul
2659 4001 2880 4063 peccata
2928 3989 3136 4045 deﬁxit.
3201 3985 3367 4056 Equi-

92 4099 218 4154 dem
257 4099 475 4154 veritati
511 4113 609 4169 per
639 4097 798 4152 ﬁdem
826 4097 1082 4161 inhrereo,
1139 4111 1241 4150 nec
1269 4097 1570 4151 tardissimi
1642 4101 1914 4168 serpentis
1965 4113 2153 4154 errore
2216 4094 2304 4149 vel
2355 4093 2477 4162 ejus
2525 4089 2788 4144 doctrinae
2833 4086 3012 4142 sibilis
3043 4082 3235 4140 abduci
3279 4094 3366 4135 me

96 4191 299 4256 patior.

162 4283 272 4335 16'.
316 4281 514 4335 Λοιπὸν
555 4286 757 4350 ταύτην
791 4277 1096 4349 παρελθὼν,
1132 4278 1439 4347 ἀγαπητοὶ,
1484 4277 1680 4348 ἐφεξῆς

97 4372 394 4443 βαδιοῦμαι
429 4373 525 4426 ἐπὶ
576 4373 670 4434 τὰς
704 4371 867 4433 ἄλλοις
899 4370 1157 4441 τραχείας
1191 4371 1432 4441 τρίϐους,
1465 4370 1563 4439 οὐχ
1602 4371 1687 4424 ἵνα

95 4463 336 4532 βαδίσω,
373 4464 488 4516 ἀλλ’
527 4463 614 4515 ἵνα
647 4464 754 4517 ἀπὸ
787 4462 1022 4532 μήκοθεν
1057 4461 1323 4528 ὑποδείξω
1346 4463 1458 4524 τοῖς
1504 4461 1687 4531 βουλο-

98 4557 287 4624 μένοις
331 4555 398 4608 τά
425 4555 734 4626 τραχύτερα
771 4556 870 4626 μὲν
905 4553 1318 4622 ἐπιγινώσκειν,
1363 4553 1586 4623 φεύγειν
1631 4553 1686 4607 δὲ

92 4649 180 4701 διὰ
209 4648 321 4717 τῆς
353 4649 544 4717 στενῆς
587 4648 681 4700 καὶ
724 4648 1091 4718 τεθλιμμένης
1123 4646 1244 4701 όδοῦ
1285 4647 1384 4718 τῆς
1417 4647 1686 4718 φερούσης

91 4741 171 4802 είς
202 4739 360 4811 ζωὴν
399 4738 615 4791 αἰώνιον
637 4741 776 4792 ’καὶ
819 4739 1254 4809 καταλιμπάνειν
1274 4738 1374 4810 τὴν
1409 4738 1687 4800 πλατεῖαν,

91 4832 186 4884 καὶ
218 4830 574 4902 εὐρύχωρον,
623 4831 714 4883 καὶ
753 4828 1038 4901 ἀκανθὼδη
1061 4872 1075 4895 ,
1120 4831 1214 4882 καὶ
1247 4827 1688 4901 προσκομμάτων

88 4921 357 4990 ἔμπλεων
387 4921 505 4973 ὁδὸν
529 4919 973 4992 βορϐορώδη,καὶ
999 4917 1286 4988 ἀσελγείας
1313 4918 1406 4970 καὶ
1434 4917 1688 4987 πορνείας

90 5013 593 5084 ἐμπεπλησμένην.
648 5005 756 5074 Ἦς
815 5012 1072 5084 πορνείας
1121 5011 1215 5063 καὶ
1275 5008 1560 5078 ἀσελγείας
1626 5006 1686 5060 τό

89 5108 281 5176 εμοιον
314 5105 461 5157 ἔστιν
486 5105 614 5158 ἰδεῖν
643 5105 702 5158 ἐν
727 5105 804 5176 τῷ
829 5104 1045 5175 ἑρπετῷ
1069 5103 1146 5173 τῷ
1183 5103 1492 5172 δεινοτάτῳ,
1517 5095 1561 5168 ᾧ
1585 5103 1686 5153 ἐπ-

92 5198 280 5249 έθεντο
316 5195 376 5247 τὸ
399 5195 588 5263 -ὖνομα
634 5193 1026 5262 ἀπειρώδινον
1055 5192 1303 5262 ἔχιδναν
1342 5195 1392 5244 οἱ
1440 5191 1679 5245 παλαιοί.

93 5289 253 5340 Ἐστι
298 5286 409 5360 γὰρ
435 5288 535 5356 τῆς
568 5285 823 5356 τοιαύτης
867 5285 1080 5356 ἐχίδνης
1121 5287 1152 5355 ἡ
1201 5285 1362 5354 φύσις
1395 5282 1556 5352 ὁμοία
1584 5282 1684 5353 τῆς

86 5382 305 5432 τούτων
342 5378 662 5449 μοχθηρίας.
691 5379 790 5432 Διὰ
830 5379 937 5450 γὰρ
968 5378 1068 5448 τῆς
1109 5377 1361 5448 ἀνδρείας
1402 5375 1615 5446 φύσεως
1645 5376 1678 5447 ἦ

90 5470 425 5536 γυναικείας
474 5469 575 5538 τὴν
631 5469 963 5538 αἰσχρότητα
1019 5465 1418 5529 ἐπιτελοῦντες,
1476 5465 1681 5536 ταύτην

155 5623 188 5654 ’⁸
207 5623 388 5679 Forte
419 5623 644 5676 τούτων.
721 5626 739 5654 ³
777 5621 910 5677 Vide
939 5640 1005 5677 an
1036 5623 1217 5694 νοθείᾳ
1245 5622 1438 5680 melius
1471 5622 1561 5676 sit.

426 5715 699 5776 Ρηιιοι..
746 5717 862 5777 (is.
897 5719 1056 5776 XLI.

1642 5621 1662 5653 ³
1698 5617 1840 5676 Psal.
1869 5635 2025 5685 Lxm,
2059 5621 2110 5675 8.
2187 5621 2211 5652 “
2241 5618 2387 5674 Pstil.
2418 5635 2514 5682 vn,
2559 5618 2641 5671 I7.

1858 4273 2001 4328 XIX.
2039 4273 2142 4328 Sed
2163 4287 2310 4327 nunc
2326 4269 2518 4325 hmresi
2547 4268 2636 4321 illa
2664 4266 3054 4337 praetermissa,
3081 4265 3363 4335 deinceps,

1719 4347 1763 4404 Ῑ)
1792 4363 2138 4424 clmrissimi,
2180 4363 2246 4416 ad
2297 4367 2597 4430 praeruptas
2628 4357 2764 4411 alias
2792 4357 2910 4410 vias
2950 4370 3014 4410 ac
3053 4355 3364 4410 salebrosas

1793 4474 1881 4513 me
1911 4456 2210 4518 conferam,
2257 4470 2364 4508 non
2397 4460 2458 4506 ut
2493 4452 2596 4504 iter
2625 4465 2722 4520 per
2770 4450 2891 4503 illas
2931 4447 3146 4514 faciam,
3181 4446 3276 4502 sed
3307 4455 3367 4500 ut

1793 4548 2008 4604 eminus
2073 4548 2142 4602 iis
2197 4550 2660 4607 commonstrem,
2713 4541 2805 4612 qui
2857 4540 3182 4610 asperitates
3246 4537 3368 4593 illas

1791 4655 2140 4710 cognoscere,
2170 4646 2222 4692 et
2254 4637 2319 4692 ad
2349 4643 2554 4690 arctam
2589 4635 2735 4689 illam
2772 4643 3168 4703 angustamque
3199 4631 3363 4696 viam,

1790 4746 1910 4801 quae
1948 4729 2016 4783 ad
2047 4738 2302 4784 aeternam
2345 4727 2511 4781 vitam
2543 4725 2809 4795 perducit,
2839 4723 3134 4794 confugere
3175 4721 3365 4776 volue-

1787 4824 1916 4885 rint,
1959 4823 2124 4875 latam
2175 4834 2304 4874 vero
2355 4833 2419 4872 ac
2459 4819 2757 4887 spatiosam
2808 4816 2971 4868 aliam
3028 4814 3363 4884 relinquere,

1785 4929 1906 4985 qua:
1929 4914 2101 4984 spinis
2128 4913 2447 4979 intercepta,
2472 4918 2525 4964 et
2541 4906 2879 4964 ollendiculis
2906 4906 3188 4976 impedita,
3205 4921 3366 4960 coeno

1785 5006 1983 5072 obsita,
2014 5013 2068 5062 et
2116 5003 2438 5058 libidinibus
2487 5017 2552 5056 ac
2602 4998 2821 5068 flagitiis
2857 4997 3111 5052 omnibus
3150 5005 3230 5052 est
3276 5011 3365 5049 re-

1787 5102 1944 5155 ferta.
1977 5097 2146 5164 Cujus
2180 5095 2398 5164 quidem
2431 5091 2805 5162 impudicitia,
2841 5105 2906 5145 ac
2940 5088 3182 5151 libidinis
3214 5087 3336 5156 simi

1785 5187 2068 5242 litudiuem
2103 5183 2269 5239 refert
2285 5198 2458 5254 genus
2480 5182 2612 5236 illud
2644 5180 2913 5251 serpentis
2939 5179 3362 5239 atrocissimum,

1785 5281 1871 5334 cui
1905 5285 2088 5346 partus
2128 5277 2356 5345 expertis
2388 5277 2575 5335 vipera:
2615 5288 2815 5328 nomen
2850 5278 3097 5326 vetustas
3148 5269 3362 5324 indidit.

1783 5370 1957 5440 Ilujus
1989 5370 2133 5424 enim
2189 5376 2384 5423 natura
2424 5368 2638 5422 illorum
2682 5365 2942 5436 nequitia:
2989 5377 3152 5433 quam
3189 5361 3365 5417 simil-

1783 5464 1910 5518 lima
1949 5474 2076 5518 est:
2119 5463 2210 5532 qui
2250 5477 2372 5517 cum
2410 5460 2667 5516 masculis
2703 5468 2797 5514 aut
2829 5459 3046 5513 feminis
3073 5453 3365 5522 turpitudi-

2775 5550 2802 5570 Ο

2964 5708 3037 5767 12
