  <div class='ocr_page' id='page_1' title='image "/cluster/home/n/w/nwhite01/storage/ocr_20150623/41/hvd.32044011753001/209.png"; bbox 0 0 3760 6176; ppageno 0'>
   <div class='ocr_carea' id='block_1_1' title="bbox 433 253 536 311">
    <p class='ocr_par' dir='ltr' id='par_1_1' title="bbox 433 253 536 311">
     <span class='ocr_line' id='line_1_1' title="bbox 433 253 536 311; baseline -0.039 0"><span class='ocrx_word' id='word_1_1' title='bbox 433 253 536 311; x_wconf 75' lang='grc' dir='ltr'>5σῖ</span> 
     </span>
    </p>
   </div>
   <div class='ocr_carea' id='block_1_2' title="bbox 1845 243 2287 306">
    <p class='ocr_par' dir='ltr' id='par_1_2' title="bbox 1845 243 2287 306">
     <span class='ocr_line' id='line_1_2' title="bbox 1845 243 2287 306; baseline -0.007 -2"><span class='ocrx_word' id='word_1_2' title='bbox 1845 245 1902 306; x_wconf 87' lang='lat' dir='ltr'><strong>S.</strong></span> <span class='ocrx_word' id='word_1_3' title='bbox 1947 243 2287 304; x_wconf 78' lang='lat' dir='ltr'><strong>EPIPHANII</strong></span> 
     </span>
    </p>
   </div>
   <div class='ocr_carea' id='block_1_3' title="bbox 3595 251 3677 306">
    <p class='ocr_par' dir='ltr' id='par_1_3' title="bbox 3595 251 3677 306">
     <span class='ocr_line' id='line_1_3' title="bbox 3595 251 3677 306; baseline -0.012 0"><span class='ocrx_word' id='word_1_4' title='bbox 3595 251 3677 306; x_wconf 63' lang='grc' dir='ltr'><strong>σοι</strong></span> 
     </span>
    </p>
   </div>
   <div class='ocr_carea' id='block_1_4' title="bbox 435 365 2060 440">
    <p class='ocr_par' dir='ltr' id='par_1_4' title="bbox 435 367 2060 440">
     <span class='ocr_line' id='line_1_4' title="bbox 435 367 2060 440; baseline -0.002 -15"><span class='ocrx_word' id='word_1_5' title='bbox 435 388 555 425; x_wconf 81' lang='lat' dir='ltr'><strong>nem</strong></span> <span class='ocrx_word' id='word_1_6' title='bbox 595 375 899 440; x_wconf 81' lang='lat' dir='ltr'><strong>patrantes,</strong></span> <span class='ocrx_word' id='word_1_7' title='bbox 955 383 1141 423; x_wconf 86' lang='lat' dir='ltr'><strong>semen</strong></span> <span class='ocrx_word' id='word_1_8' title='bbox 1193 367 1479 423; x_wconf 84' lang='lat' dir='ltr'><strong>infundere</strong></span> <span class='ocrx_word' id='word_1_9' title='bbox 1529 368 1842 438; x_wconf 89' lang='lat' dir='ltr'><strong>prohibent,</strong></span> <span class='ocrx_word' id='word_1_10' title='bbox 1891 370 2060 428; x_wconf 37' lang='lat' dir='ltr'><strong>insin</strong></span> 
     </span>
    </p>
   </div>
   <div class='ocr_carea' id='block_1_5' title="bbox 2129 365 3677 440">
    <p class='ocr_par' dir='ltr' id='par_1_5' title="bbox 2129 365 3677 440">
     <span class='ocr_line' id='line_1_5' title="bbox 2129 365 3677 440; baseline -0.004 -17"><span class='ocrx_word' id='word_1_11' title='bbox 2129 367 2526 438; x_wconf 80' lang='grc' dir='ltr'><strong>ἀπαγορεύουσι</strong></span> <span class='ocrx_word' id='word_1_12' title='bbox 2562 369 2660 440; x_wconf 82' lang='grc' dir='ltr'><strong>τὴν</strong></span> <span class='ocrx_word' id='word_1_13' title='bbox 2692 366 2802 421; x_wconf 84' lang='grc' dir='ltr'><strong>τῶν</strong></span> <span class='ocrx_word' id='word_1_14' title='bbox 2833 365 3160 440; x_wconf 82' lang='grc' dir='ltr'><strong>σπερμάτων</strong></span> <span class='ocrx_word' id='word_1_15' title='bbox 3191 365 3514 437; x_wconf 73' lang='grc' dir='ltr'>καταϐολὴν,</span> <span class='ocrx_word' id='word_1_16' title='bbox 3551 366 3677 433; x_wconf 62' lang='grc' dir='ltr'>ἀτα-</span> 
     </span>
    </p>
   </div>
   <div class='ocr_carea' id='block_1_6' title="bbox 435 459 2013 532">
    <p class='ocr_par' dir='ltr' id='par_1_6' title="bbox 435 459 2013 532">
     <span class='ocr_line' id='line_1_6' title="bbox 435 459 2013 532; baseline 0 -18"><span class='ocrx_word' id='word_1_17' title='bbox 435 472 657 532; x_wconf 79' lang='lat' dir='ltr'><strong>tamquc</strong></span> <span class='ocrx_word' id='word_1_18' title='bbox 713 460 912 515; x_wconf 91' lang='lat' dir='ltr'><strong>creatis</strong></span> <span class='ocrx_word' id='word_1_19' title='bbox 946 460 1109 515; x_wconf 85' lang='lat' dir='ltr'><strong>rebus</strong></span> <span class='ocrx_word' id='word_1_20' title='bbox 1146 476 1174 513; x_wconf 88' lang='lat' dir='ltr'><strong>a</strong></span> <span class='ocrx_word' id='word_1_21' title='bbox 1221 459 1331 515; x_wconf 91' lang='lat' dir='ltr'><strong>Deo</strong></span> <span class='ocrx_word' id='word_1_22' title='bbox 1376 461 1848 530; x_wconf 83' lang='lat' dir='ltr'><strong>propagandorum</strong></span> <span class='ocrx_word' id='word_1_23' title='bbox 1903 464 2013 514; x_wconf 90' lang='lat' dir='ltr'><strong>vim</strong></span> 
     </span>
    </p>
   </div>
   <div class='ocr_carea' id='block_1_7' title="bbox 434 549 2009 624">
    <p class='ocr_par' dir='ltr' id='par_1_7' title="bbox 434 549 2009 624">
     <span class='ocr_line' id='line_1_7' title="bbox 434 549 2009 624; baseline 0 -17"><span class='ocrx_word' id='word_1_24' title='bbox 434 553 643 607; x_wconf 79' lang='lat' dir='ltr'><strong>fetuum</strong></span> <span class='ocrx_word' id='word_1_25' title='bbox 662 551 1035 624; x_wconf 80' lang='lat' dir='ltr'><strong>exstinguunt.</strong></span> <span class='ocrx_word' id='word_1_26' title='bbox 1067 549 1220 606; x_wconf 90' lang='lat' dir='ltr'><strong>Unde</strong></span> <span class='ocrx_word' id='word_1_27' title='bbox 1246 559 1299 606; x_wconf 86' lang='lat' dir='ltr'><strong>et</strong></span> <span class='ocrx_word' id='word_1_28' title='bbox 1327 551 1618 621; x_wconf 74' lang='lat' dir='ltr'><strong>Apostolus</strong></span> <span class='ocrx_word' id='word_1_29' title='bbox 1641 554 1712 607; x_wconf 90' lang='lat' dir='ltr'><strong>ita</strong></span> <span class='ocrx_word' id='word_1_30' title='bbox 1750 553 1971 624; x_wconf 75' lang='lat' dir='ltr'><strong>scripsit</strong></span> <span class='ocrx_word' id='word_1_31' title='bbox 1998 575 2009 607; x_wconf 89' lang='lat'><strong>:</strong></span> 
     </span>
    </p>
   </div>
   <div class='ocr_carea' id='block_1_8' title="bbox 436 643 2015 713">
    <p class='ocr_par' dir='ltr' id='par_1_8' title="bbox 436 643 2015 713">
     <span class='ocr_line' id='line_1_8' title="bbox 436 643 2015 713; baseline -0.003 -14"><span class='ocrx_word' id='word_1_32' title='bbox 436 643 728 699; x_wconf 82' lang='lat' dir='ltr'><strong>Mercedem</strong></span> <span class='ocrx_word' id='word_1_33' title='bbox 763 661 919 713; x_wconf 85' lang='lat' dir='ltr'><strong>quam</strong></span> <span class='ocrx_word' id='word_1_34' title='bbox 962 645 1190 710; x_wconf 77' lang='lat' dir='ltr'><strong>oportuit</strong></span> <span class='ocrx_word' id='word_1_35' title='bbox 1222 643 1417 697; x_wconf 81' lang='lat' dir='ltr'><strong>erroris</strong></span> <span class='ocrx_word' id='word_1_36' title='bbox 1456 644 1541 696; x_wconf 76' lang='lat' dir='ltr'><strong>sui</strong></span> <span class='ocrx_word' id='word_1_37' title='bbox 1580 644 1632 695; x_wconf 82' lang='lat' dir='ltr'><strong>in</strong></span> <span class='ocrx_word' id='word_1_38' title='bbox 1670 643 1851 711; x_wconf 79' lang='lat' dir='ltr'><strong>seipsis</strong></span> <span class='ocrx_word' id='word_1_39' title='bbox 1892 643 2015 695; x_wconf 80' lang='lat' dir='ltr'><strong>reci-</strong></span> 
     </span>
    </p>
   </div>
   <div class='ocr_carea' id='block_1_9' title="bbox 435 731 2010 804">
    <p class='ocr_par' dir='ltr' id='par_1_9' title="bbox 435 731 2010 804">
     <span class='ocr_line' id='line_1_9' title="bbox 435 731 2010 804; baseline -0.004 -16"><span class='ocrx_word' id='word_1_40' title='bbox 435 737 632 804; x_wconf 81' lang='lat' dir='ltr'><strong>pientes</strong></span> <span class='ocrx_word' id='word_1_41' title='bbox 665 737 705 799; x_wconf 82' lang='lat'><strong>&#39;,</strong></span> <span class='ocrx_word' id='word_1_42' title='bbox 750 743 856 789; x_wconf 90' lang='lat' dir='ltr'><strong>etc.</strong></span> <span class='ocrx_word' id='word_1_43' title='bbox 899 733 989 787; x_wconf 87' lang='lat' dir='ltr'><strong>Sic</strong></span> <span class='ocrx_word' id='word_1_44' title='bbox 1033 733 1176 787; x_wconf 88' lang='lat' dir='ltr'><strong>enim</strong></span> <span class='ocrx_word' id='word_1_45' title='bbox 1231 731 1460 786; x_wconf 86' lang='lat' dir='ltr'><strong>ferunt:</strong></span> <span class='ocrx_word' id='word_1_46' title='bbox 1502 739 1690 801; x_wconf 90' lang='lat' dir='ltr'><strong>partus</strong></span> <span class='ocrx_word' id='word_1_47' title='bbox 1736 739 2010 801; x_wconf 85' lang='lat' dir='ltr'><strong>expertem</strong></span> 
     </span>
    </p>
   </div>
   <div class='ocr_carea' id='block_1_10' title="bbox 438 824 2011 897">
    <p class='ocr_par' dir='ltr' id='par_1_10' title="bbox 438 824 2011 897">
     <span class='ocr_line' id='line_1_10' title="bbox 438 824 2011 897; baseline -0.004 -15"><span class='ocrx_word' id='word_1_48' title='bbox 438 829 586 883; x_wconf 85' lang='lat' dir='ltr'><strong>illam</strong></span> <span class='ocrx_word' id='word_1_49' title='bbox 620 828 858 897; x_wconf 84' lang='lat' dir='ltr'><strong>viperam</strong></span> <span class='ocrx_word' id='word_1_50' title='bbox 905 826 1161 879; x_wconf 89' lang='lat' dir='ltr'><strong>titillante</strong></span> <span class='ocrx_word' id='word_1_51' title='bbox 1205 824 1450 878; x_wconf 88' lang='lat' dir='ltr'><strong>libidinis</strong></span> <span class='ocrx_word' id='word_1_52' title='bbox 1491 824 1766 893; x_wconf 88' lang='lat' dir='ltr'><strong>voluptate</strong></span> <span class='ocrx_word' id='word_1_53' title='bbox 1809 837 2011 877; x_wconf 91' lang='lat' dir='ltr'><strong>marem</strong></span> 
     </span>
    </p>
   </div>
   <div class='ocr_carea' id='block_1_11' title="bbox 437 917 2012 985">
    <p class='ocr_par' dir='ltr' id='par_1_11' title="bbox 437 917 2012 985">
     <span class='ocr_line' id='line_1_11' title="bbox 437 917 2012 985; baseline -0.002 -11"><span class='ocrx_word' id='word_1_54' title='bbox 437 920 600 975; x_wconf 84' lang='lat' dir='ltr'><strong>simul</strong></span> <span class='ocrx_word' id='word_1_55' title='bbox 656 934 718 972; x_wconf 90' lang='lat' dir='ltr'><strong>ac</strong></span> <span class='ocrx_word' id='word_1_56' title='bbox 753 917 1007 971; x_wconf 82' lang='lat' dir='ltr'><strong>feminam</strong></span> <span class='ocrx_word' id='word_1_57' title='bbox 1045 917 1186 970; x_wconf 91' lang='lat' dir='ltr'><strong>inter</strong></span> <span class='ocrx_word' id='word_1_58' title='bbox 1214 932 1271 971; x_wconf 91' lang='lat' dir='ltr'><strong>se</strong></span> <span class='ocrx_word' id='word_1_59' title='bbox 1311 917 1673 979; x_wconf 87' lang='lat' dir='ltr'><strong>commisceri,</strong></span> <span class='ocrx_word' id='word_1_60' title='bbox 1719 931 1781 968; x_wconf 90' lang='lat' dir='ltr'><strong>ac</strong></span> <span class='ocrx_word' id='word_1_61' title='bbox 1817 931 1910 985; x_wconf 90' lang='lat' dir='ltr'><strong>per</strong></span> <span class='ocrx_word' id='word_1_62' title='bbox 1949 931 2012 971; x_wconf 89' lang='lat' dir='ltr'><strong>os</strong></span> 
     </span>
    </p>
   </div>
   <div class='ocr_carea' id='block_1_12' title="bbox 435 1005 2012 1080">
    <p class='ocr_par' dir='ltr' id='par_1_12' title="bbox 435 1005 2012 1080">
     <span class='ocr_line' id='line_1_12' title="bbox 435 1005 2012 1080; baseline -0.003 -17"><span class='ocrx_word' id='word_1_63' title='bbox 435 1009 716 1080; x_wconf 80' lang='lat' dir='ltr'><strong>congredi.</strong></span> <span class='ocrx_word' id='word_1_64' title='bbox 768 1008 962 1063; x_wconf 85' lang='lat' dir='ltr'><strong>lliante</strong></span> <span class='ocrx_word' id='word_1_65' title='bbox 1015 1007 1281 1077; x_wconf 83' lang='lat' dir='ltr'><strong>siquidem</strong></span> <span class='ocrx_word' id='word_1_66' title='bbox 1326 1005 1544 1071; x_wconf 82' lang='lat' dir='ltr'><strong>femina,</strong></span> <span class='ocrx_word' id='word_1_67' title='bbox 1594 1021 1797 1060; x_wconf 90' lang='lat' dir='ltr'><strong>marem</strong></span> <span class='ocrx_word' id='word_1_68' title='bbox 1848 1013 2012 1074; x_wconf 85' lang='lat' dir='ltr'><strong>caput</strong></span> 
     </span>
    </p>
   </div>
   <div class='ocr_carea' id='block_1_13' title="bbox 438 1095 2013 1168">
    <p class='ocr_par' dir='ltr' id='par_1_13' title="bbox 438 1095 2013 1168">
     <span class='ocr_line' id='line_1_13' title="bbox 438 1095 2013 1168; baseline -0.003 -14"><span class='ocrx_word' id='word_1_69' title='bbox 438 1102 699 1155; x_wconf 86' lang='lat' dir='ltr'><strong>inserere.</strong></span> <span class='ocrx_word' id='word_1_70' title='bbox 745 1098 902 1168; x_wconf 79' lang='lat'><strong>102</strong></span> <span class='ocrx_word' id='word_1_71' title='bbox 948 1095 1096 1150; x_wconf 87' lang='lat' dir='ltr'><strong>Illam</strong></span> <span class='ocrx_word' id='word_1_72' title='bbox 1133 1112 1241 1167; x_wconf 80' lang='lat' dir='ltr'><strong>pra:</strong></span> <span class='ocrx_word' id='word_1_73' title='bbox 1283 1097 1519 1150; x_wconf 86' lang='lat' dir='ltr'><strong>libidinis</strong></span> <span class='ocrx_word' id='word_1_74' title='bbox 1548 1098 1812 1151; x_wconf 83' lang='lat' dir='ltr'><strong>suavitate</strong></span> <span class='ocrx_word' id='word_1_75' title='bbox 1850 1107 2013 1166; x_wconf 90' lang='lat' dir='ltr'><strong>caput</strong></span> 
     </span>
    </p>
   </div>
   <div class='ocr_carea' id='block_1_14' title="bbox 435 1188 2010 1262">
    <p class='ocr_par' dir='ltr' id='par_1_14' title="bbox 435 1188 2010 1262">
     <span class='ocr_line' id='line_1_14' title="bbox 435 1188 2010 1262; baseline -0.005 -15"><span class='ocrx_word' id='word_1_76' title='bbox 435 1194 600 1262; x_wconf 80' lang='lat' dir='ltr'><strong>hujus</strong></span> <span class='ocrx_word' id='word_1_77' title='bbox 629 1190 978 1254; x_wconf 67' lang='lat' dir='ltr'><strong>abscindere;</strong></span> <span class='ocrx_word' id='word_1_78' title='bbox 1011 1188 1386 1256; x_wconf 77' lang='lat' dir='ltr'><strong>exhaustaque</strong></span> <span class='ocrx_word' id='word_1_79' title='bbox 1412 1189 1556 1258; x_wconf 91' lang='lat' dir='ltr'><strong>quod</strong></span> <span class='ocrx_word' id='word_1_80' title='bbox 1592 1204 1656 1242; x_wconf 76' lang='lat' dir='ltr'><strong>ex</strong></span> <span class='ocrx_word' id='word_1_81' title='bbox 1687 1203 1782 1242; x_wconf 89' lang='lat' dir='ltr'><strong>ore</strong></span> <span class='ocrx_word' id='word_1_82' title='bbox 1823 1188 2010 1243; x_wconf 78' lang='lat' dir='ltr'><strong>destil-</strong></span> 
     </span>
    </p>
   </div>
   <div class='ocr_carea' id='block_1_15' title="bbox 434 1279 2010 1349">
    <p class='ocr_par' dir='ltr' id='par_1_15' title="bbox 434 1279 2010 1349">
     <span class='ocr_line' id='line_1_15' title="bbox 434 1279 2010 1349; baseline -0.004 -9"><span class='ocrx_word' id='word_1_83' title='bbox 434 1286 511 1340; x_wconf 89' lang='lat' dir='ltr'><strong>lat</strong></span> <span class='ocrx_word' id='word_1_84' title='bbox 554 1298 788 1343; x_wconf 89' lang='lat' dir='ltr'><strong>veneno,</strong></span> <span class='ocrx_word' id='word_1_85' title='bbox 827 1280 991 1335; x_wconf 89' lang='lat' dir='ltr'><strong>fetum</strong></span> <span class='ocrx_word' id='word_1_86' title='bbox 1038 1280 1204 1333; x_wconf 87' lang='lat' dir='ltr'><strong>maris</strong></span> <span class='ocrx_word' id='word_1_87' title='bbox 1244 1295 1307 1334; x_wconf 91' lang='lat' dir='ltr'><strong>ac</strong></span> <span class='ocrx_word' id='word_1_88' title='bbox 1351 1279 1564 1334; x_wconf 61' lang='lat' dir='ltr'><strong>feminae</strong></span> <span class='ocrx_word' id='word_1_89' title='bbox 1606 1295 1705 1349; x_wconf 87' lang='lat' dir='ltr'><strong>par</strong></span> <span class='ocrx_word' id='word_1_90' title='bbox 1757 1281 1809 1333; x_wconf 92' lang='lat' dir='ltr'><strong>in</strong></span> <span class='ocrx_word' id='word_1_91' title='bbox 1855 1289 2010 1334; x_wconf 89' lang='lat' dir='ltr'><strong>utero</strong></span> 
     </span>
    </p>
   </div>
   <div class='ocr_carea' id='block_1_16' title="bbox 433 1371 2007 1446">
    <p class='ocr_par' dir='ltr' id='par_1_16' title="bbox 433 1371 2007 1446">
     <span class='ocr_line' id='line_1_16' title="bbox 433 1371 2007 1446; baseline -0.003 -17"><span class='ocrx_word' id='word_1_92' title='bbox 433 1391 644 1446; x_wconf 80' lang='lat' dir='ltr'><strong>gerere.</strong></span> <span class='ocrx_word' id='word_1_93' title='bbox 687 1372 741 1426; x_wconf 92' lang='lat' dir='ltr'><strong>ld</strong></span> <span class='ocrx_word' id='word_1_94' title='bbox 777 1371 866 1427; x_wconf 91' lang='lat' dir='ltr'><strong>ubi</strong></span> <span class='ocrx_word' id='word_1_95' title='bbox 901 1371 1152 1431; x_wconf 87' lang='lat' dir='ltr'><strong>creverit.</strong></span> <span class='ocrx_word' id='word_1_96' title='bbox 1186 1385 1310 1423; x_wconf 92' lang='lat' dir='ltr'><strong>eum</strong></span> <span class='ocrx_word' id='word_1_97' title='bbox 1358 1371 1570 1425; x_wconf 90' lang='lat' dir='ltr'><strong>nullum</strong></span> <span class='ocrx_word' id='word_1_98' title='bbox 1602 1387 1711 1440; x_wconf 92' lang='lat' dir='ltr'><strong>quo</strong></span> <span class='ocrx_word' id='word_1_99' title='bbox 1744 1372 1804 1424; x_wconf 87' lang='lat' dir='ltr'><strong>in</strong></span> <span class='ocrx_word' id='word_1_100' title='bbox 1834 1371 2007 1426; x_wconf 89' lang='lat' dir='ltr'><strong>lucem</strong></span> 
     </span>
    </p>
   </div>
   <div class='ocr_carea' id='block_1_17' title="bbox 434 1462 2010 1536">
    <p class='ocr_par' dir='ltr' id='par_1_17' title="bbox 434 1462 2010 1536">
     <span class='ocr_line' id='line_1_17' title="bbox 434 1462 2010 1536; baseline -0.004 -14"><span class='ocrx_word' id='word_1_101' title='bbox 434 1473 684 1536; x_wconf 81' lang='lat' dir='ltr'><strong>erumpat</strong></span> <span class='ocrx_word' id='word_1_102' title='bbox 732 1464 935 1519; x_wconf 78' lang='lat' dir='ltr'><strong>exitum</strong></span> <span class='ocrx_word' id='word_1_103' title='bbox 971 1462 1191 1532; x_wconf 90' lang='lat' dir='ltr'><strong>reperit,</strong></span> <span class='ocrx_word' id='word_1_104' title='bbox 1243 1471 1546 1516; x_wconf 87' lang='lat' dir='ltr'><strong>maternum</strong></span> <span class='ocrx_word' id='word_1_105' title='bbox 1593 1463 1736 1516; x_wconf 89' lang='lat' dir='ltr'><strong>latus</strong></span> <span class='ocrx_word' id='word_1_106' title='bbox 1789 1471 2010 1532; x_wconf 88' lang='lat' dir='ltr'><strong>pertun-</strong></span> 
     </span>
    </p>
   </div>
   <div class='ocr_carea' id='block_1_18' title="bbox 433 1554 2004 1624">
    <p class='ocr_par' dir='ltr' id='par_1_18' title="bbox 433 1554 2004 1624">
     <span class='ocr_line' id='line_1_18' title="bbox 433 1554 2004 1624; baseline -0.001 -16"><span class='ocrx_word' id='word_1_107' title='bbox 433 1559 583 1621; x_wconf 88' lang='lat' dir='ltr'><strong>dere,</strong></span> <span class='ocrx_word' id='word_1_108' title='bbox 620 1558 802 1624; x_wconf 88' lang='lat' dir='ltr'><strong>itaque</strong></span> <span class='ocrx_word' id='word_1_109' title='bbox 824 1569 945 1608; x_wconf 91' lang='lat' dir='ltr'><strong>cum</strong></span> <span class='ocrx_word' id='word_1_110' title='bbox 975 1556 1263 1622; x_wconf 88' lang='lat' dir='ltr'><strong>ntriusqtte</strong></span> <span class='ocrx_word' id='word_1_111' title='bbox 1295 1554 1535 1623; x_wconf 88' lang='lat' dir='ltr'><strong>parentis</strong></span> <span class='ocrx_word' id='word_1_112' title='bbox 1569 1554 1792 1608; x_wconf 85' lang='lat' dir='ltr'><strong>interitu</strong></span> <span class='ocrx_word' id='word_1_113' title='bbox 1835 1554 2004 1608; x_wconf 86' lang='lat' dir='ltr'><strong>nasci.</strong></span> 
     </span>
    </p>
   </div>
   <div class='ocr_carea' id='block_1_19' title="bbox 433 1644 2008 1719">
    <p class='ocr_par' dir='ltr' id='par_1_19' title="bbox 433 1644 2008 1719">
     <span class='ocr_line' id='line_1_19' title="bbox 433 1644 2008 1719; baseline -0.003 -15"><span class='ocrx_word' id='word_1_114' title='bbox 433 1649 565 1704; x_wconf 87' lang='lat' dir='ltr'><strong>lude</strong></span> <span class='ocrx_word' id='word_1_115' title='bbox 606 1658 792 1719; x_wconf 88' lang='lat' dir='ltr'><strong>partus</strong></span> <span class='ocrx_word' id='word_1_116' title='bbox 826 1653 1099 1716; x_wconf 79' lang='lat' dir='ltr'><strong>expertem</strong></span> <span class='ocrx_word' id='word_1_117' title='bbox 1154 1645 1548 1716; x_wconf 79' lang='lat' dir='ltr'><strong>cognominari.</strong></span> <span class='ocrx_word' id='word_1_118' title='bbox 1598 1644 1694 1699; x_wconf 87' lang='lat' dir='ltr'><strong>Est</strong></span> <span class='ocrx_word' id='word_1_119' title='bbox 1729 1661 1857 1699; x_wconf 87' lang='lat' dir='ltr'><strong>vero</strong></span> <span class='ocrx_word' id='word_1_120' title='bbox 1901 1661 2008 1715; x_wconf 78' lang='lat' dir='ltr'><strong>prae</strong></span> 
     </span>
    </p>
   </div>
   <div class='ocr_carea' id='block_1_20' title="bbox 2118 460 3678 533">
    <p class='ocr_par' dir='ltr' id='par_1_20' title="bbox 2118 460 3678 533">
     <span class='ocr_line' id='line_1_20' title="bbox 2118 460 3678 533; baseline -0.003 -18"><span class='ocrx_word' id='word_1_121' title='bbox 2118 462 2354 526; x_wconf 78' lang='grc' dir='ltr'>νίζοντες</span> <span class='ocrx_word' id='word_1_122' title='bbox 2385 462 2480 533; x_wconf 81' lang='grc' dir='ltr'><strong>τὴν</strong></span> <span class='ocrx_word' id='word_1_123' title='bbox 2505 464 2568 515; x_wconf 80' lang='grc' dir='ltr'>ὲκ</span> <span class='ocrx_word' id='word_1_124' title='bbox 2593 461 2728 515; x_wconf 82' lang='grc' dir='ltr'>Θεοῦ</span> <span class='ocrx_word' id='word_1_125' title='bbox 2750 464 2862 524; x_wconf 85' lang='grc' dir='ltr'>τοῖς</span> <span class='ocrx_word' id='word_1_126' title='bbox 2894 461 3154 531; x_wconf 74' lang='grc' dir='ltr'><strong>κτίσμασι</strong></span> <span class='ocrx_word' id='word_1_127' title='bbox 3179 460 3479 530; x_wconf 78' lang='grc' dir='ltr'><strong>γενομένην</strong></span> <span class='ocrx_word' id='word_1_128' title='bbox 3510 475 3678 511; x_wconf 78' lang='grc' dir='ltr'>τεκνο-</span> 
     </span>
    </p>
   </div>
   <div class='ocr_carea' id='block_1_21' title="bbox 2115 551 3675 624">
    <p class='ocr_par' dir='ltr' id='par_1_21' title="bbox 2115 551 3675 624">
     <span class='ocr_line' id='line_1_21' title="bbox 2115 551 3675 624; baseline -0.003 -17"><span class='ocrx_word' id='word_1_129' title='bbox 2115 555 2332 622; x_wconf 87' lang='grc' dir='ltr'><strong>γονίαν⁹</strong></span> <span class='ocrx_word' id='word_1_130' title='bbox 2373 554 2447 618; x_wconf 80' lang='grc' dir='ltr'>ὡς</span> <span class='ocrx_word' id='word_1_131' title='bbox 2479 555 2572 607; x_wconf 70' lang='grc' dir='ltr'><strong>καὶ</strong></span> <span class='ocrx_word' id='word_1_132' title='bbox 2618 555 2646 607; x_wconf 85' lang='grc'>6</span> <span class='ocrx_word' id='word_1_133' title='bbox 2695 553 3010 616; x_wconf 80' lang='grc' dir='ltr'>Ἀπόστολός</span> <span class='ocrx_word' id='word_1_134' title='bbox 3041 569 3207 624; x_wconf 74' lang='grc' dir='ltr'>φησιο</span> <span class='ocrx_word' id='word_1_135' title='bbox 3249 551 3368 618; x_wconf 72' lang='grc' dir='ltr'><strong>Τὴν</strong></span> <span class='ocrx_word' id='word_1_136' title='bbox 3390 551 3501 620; x_wconf 75' lang='grc' dir='ltr'>γὰρ</span> <span class='ocrx_word' id='word_1_137' title='bbox 3527 551 3675 604; x_wconf 77' lang='grc' dir='ltr'>ἀντι-</span> 
     </span>
    </p>
   </div>
   <div class='ocr_carea' id='block_1_22' title="bbox 2108 643 3675 713">
    <p class='ocr_par' dir='ltr' id='par_1_22' title="bbox 2108 643 3675 713">
     <span class='ocr_line' id='line_1_22' title="bbox 2108 643 3675 713; baseline -0.004 -15"><span class='ocrx_word' id='word_1_138' title='bbox 2108 646 2359 713; x_wconf 81' lang='grc' dir='ltr'>μισθίαν</span> <span class='ocrx_word' id='word_1_139' title='bbox 2388 645 2468 712; x_wconf 76' lang='grc' dir='ltr'><strong>ἥν</strong></span> <span class='ocrx_word' id='word_1_140' title='bbox 2495 645 2614 699; x_wconf 77' lang='grc' dir='ltr'>ἔδει</span> <span class='ocrx_word' id='word_1_141' title='bbox 2648 645 2755 712; x_wconf 82' lang='grc' dir='ltr'>τῆς</span> <span class='ocrx_word' id='word_1_142' title='bbox 2784 645 3024 712; x_wconf 71' lang='grc' dir='ltr'>πλάνης</span> <span class='ocrx_word' id='word_1_143' title='bbox 3050 645 3119 698; x_wconf 81' lang='grc' dir='ltr'><strong>ἐν</strong></span> <span class='ocrx_word' id='word_1_144' title='bbox 3156 643 3389 708; x_wconf 80' lang='grc' dir='ltr'><strong>ἑαυτοῖς</strong></span> <span class='ocrx_word' id='word_1_145' title='bbox 3412 644 3675 709; x_wconf 71' lang='grc' dir='ltr'>ἀπολαμ-</span> 
     </span>
    </p>
   </div>
   <div class='ocr_carea' id='block_1_23' title="bbox 2115 735 3674 806">
    <p class='ocr_par' dir='ltr' id='par_1_23' title="bbox 2115 735 3674 806">
     <span class='ocr_line' id='line_1_23' title="bbox 2115 735 3674 806; baseline -0.002 -18"><span class='ocrx_word' id='word_1_146' title='bbox 2115 735 2415 800; x_wconf 77' lang='grc' dir='ltr'>ϐάνοντες,</span> <span class='ocrx_word' id='word_1_147' title='bbox 2451 735 2543 788; x_wconf 71' lang='grc' dir='ltr'><strong>καὶ</strong></span> <span class='ocrx_word' id='word_1_148' title='bbox 2576 735 2646 788; x_wconf 74' lang='grc' dir='ltr'><strong>τὰ</strong></span> <span class='ocrx_word' id='word_1_149' title='bbox 2679 736 2826 804; x_wconf 76' lang='grc' dir='ltr'>ὲξῆς.</span> <span class='ocrx_word' id='word_1_150' title='bbox 2855 735 3010 788; x_wconf 74' lang='grc' dir='ltr'>Οὕτω</span> <span class='ocrx_word' id='word_1_151' title='bbox 3056 736 3165 806; x_wconf 84' lang='grc' dir='ltr'><strong>γάρ</strong></span> <span class='ocrx_word' id='word_1_152' title='bbox 3209 752 3373 802; x_wconf 79' lang='grc' dir='ltr'>φασι,</span> <span class='ocrx_word' id='word_1_153' title='bbox 3401 735 3498 805; x_wconf 72' lang='grc' dir='ltr'><strong>τὴν</strong></span> <span class='ocrx_word' id='word_1_154' title='bbox 3533 735 3674 786; x_wconf 78' lang='grc' dir='ltr'>ἀπει-</span> 
     </span>
    </p>
   </div>
   <div class='ocr_carea' id='block_1_24' title="bbox 2117 826 3672 898">
    <p class='ocr_par' dir='ltr' id='par_1_24' title="bbox 2117 826 3672 898">
     <span class='ocr_line' id='line_1_24' title="bbox 2117 826 3672 898; baseline -0.001 -19"><span class='ocrx_word' id='word_1_155' title='bbox 2117 827 2332 898; x_wconf 78' lang='grc' dir='ltr'>ρώδινον</span> <span class='ocrx_word' id='word_1_156' title='bbox 2367 828 2476 897; x_wconf 79' lang='grc'><strong>(81)</strong></span> <span class='ocrx_word' id='word_1_157' title='bbox 2524 828 2735 897; x_wconf 83' lang='grc' dir='ltr'><strong>ἔχιδναν</strong></span> <span class='ocrx_word' id='word_1_158' title='bbox 2771 828 3084 898; x_wconf 78' lang='grc' dir='ltr'>θελχθεῖσαν</span> <span class='ocrx_word' id='word_1_159' title='bbox 3118 826 3196 897; x_wconf 86' lang='grc' dir='ltr'>τῷ</span> <span class='ocrx_word' id='word_1_160' title='bbox 3239 827 3396 880; x_wconf 87' lang='grc' dir='ltr'>πάθει</span> <span class='ocrx_word' id='word_1_161' title='bbox 3434 827 3536 895; x_wconf 75' lang='grc' dir='ltr'>τῆς</span> <span class='ocrx_word' id='word_1_162' title='bbox 3572 829 3672 878; x_wconf 63' lang='grc' dir='ltr'>ἐτε-</span> 
     </span>
    </p>
   </div>
   <div class='ocr_carea' id='block_1_25' title="bbox 2114 917 3675 990">
    <p class='ocr_par' dir='ltr' id='par_1_25' title="bbox 2114 917 3675 990">
     <span class='ocr_line' id='line_1_25' title="bbox 2114 917 3675 990; baseline -0.003 -19"><span class='ocrx_word' id='word_1_163' title='bbox 2114 919 2311 988; x_wconf 85' lang='grc' dir='ltr'>θυμίας</span> <span class='ocrx_word' id='word_1_164' title='bbox 2334 959 2348 982; x_wconf 89' lang='grc'><strong>,</strong></span> <span class='ocrx_word' id='word_1_165' title='bbox 2397 920 2495 990; x_wconf 83' lang='grc' dir='ltr'>τήν</span> <span class='ocrx_word' id='word_1_166' title='bbox 2544 936 2602 972; x_wconf 89' lang='grc' dir='ltr'><strong>τε</strong></span> <span class='ocrx_word' id='word_1_167' title='bbox 2637 919 2858 988; x_wconf 85' lang='grc' dir='ltr'>θήλειαν</span> <span class='ocrx_word' id='word_1_168' title='bbox 2898 918 3034 988; x_wconf 82' lang='grc' dir='ltr'>πρὸς</span> <span class='ocrx_word' id='word_1_169' title='bbox 3078 917 3164 970; x_wconf 72' lang='grc' dir='ltr'>τὸν</span> <span class='ocrx_word' id='word_1_170' title='bbox 3200 918 3402 990; x_wconf 74' lang='grc' dir='ltr'>ἄρρενα</span> <span class='ocrx_word' id='word_1_171' title='bbox 3425 958 3438 979; x_wconf 89' lang='grc'><strong>,</strong></span> <span class='ocrx_word' id='word_1_172' title='bbox 3472 918 3576 970; x_wconf 72' lang='grc' dir='ltr'><strong>καὶ</strong></span> <span class='ocrx_word' id='word_1_173' title='bbox 3604 918 3675 969; x_wconf 67' lang='grc' dir='ltr'><strong>τὸν</strong></span> 
     </span>
    </p>
   </div>
   <div class='ocr_carea' id='block_1_26' title="bbox 2113 1009 3671 1082">
    <p class='ocr_par' dir='ltr' id='par_1_26' title="bbox 2113 1009 3671 1082">
     <span class='ocr_line' id='line_1_26' title="bbox 2113 1009 3671 1082; baseline -0.003 -18"><span class='ocrx_word' id='word_1_174' title='bbox 2113 1011 2313 1082; x_wconf 75' lang='grc' dir='ltr'>ἄρρενα</span> <span class='ocrx_word' id='word_1_175' title='bbox 2346 1012 2479 1082; x_wconf 78' lang='grc' dir='ltr'>πρὸς</span> <span class='ocrx_word' id='word_1_176' title='bbox 2505 1012 2603 1082; x_wconf 77' lang='grc' dir='ltr'>τὴν</span> <span class='ocrx_word' id='word_1_177' title='bbox 2637 1010 2890 1082; x_wconf 84' lang='grc' dir='ltr'>θήλειαν,</span> <span class='ocrx_word' id='word_1_178' title='bbox 2922 1010 3348 1080; x_wconf 83' lang='grc' dir='ltr'>περιπλακείσας</span> <span class='ocrx_word' id='word_1_179' title='bbox 3391 1010 3489 1078; x_wconf 75' lang='grc' dir='ltr'><strong>μὲν</strong></span> <span class='ocrx_word' id='word_1_180' title='bbox 3529 1009 3671 1077; x_wconf 73' lang='grc' dir='ltr'>ὁμοῦ,</span> 
     </span>
    </p>
   </div>
   <div class='ocr_carea' id='block_1_27' title="bbox 2111 1100 3674 1173">
    <p class='ocr_par' dir='ltr' id='par_1_27' title="bbox 2111 1100 3674 1173">
     <span class='ocr_line' id='line_1_27' title="bbox 2111 1100 3674 1173; baseline -0.001 -19"><span class='ocrx_word' id='word_1_181' title='bbox 2111 1102 2198 1154; x_wconf 77' lang='grc' dir='ltr'>διὰ</span> <span class='ocrx_word' id='word_1_182' title='bbox 2223 1101 2316 1154; x_wconf 77' lang='grc' dir='ltr'>τοῦ</span> <span class='ocrx_word' id='word_1_183' title='bbox 2346 1101 2611 1171; x_wconf 76' lang='grc' dir='ltr'>πόματος</span> <span class='ocrx_word' id='word_1_184' title='bbox 2644 1101 2938 1172; x_wconf 85' lang='grc' dir='ltr'>χαινούσης</span> <span class='ocrx_word' id='word_1_185' title='bbox 2965 1103 3065 1171; x_wconf 83' lang='grc' dir='ltr'><strong>τῆς</strong></span> <span class='ocrx_word' id='word_1_186' title='bbox 3107 1102 3326 1173; x_wconf 76' lang='grc' dir='ltr'><strong>θηλείας</strong></span> <span class='ocrx_word' id='word_1_187' title='bbox 3357 1100 3447 1153; x_wconf 80' lang='grc' dir='ltr'><strong>τὸν</strong></span> <span class='ocrx_word' id='word_1_188' title='bbox 3479 1100 3674 1172; x_wconf 71' lang='grc' dir='ltr'>ἄρρενα</span> 
     </span>
    </p>
   </div>
   <div class='ocr_carea' id='block_1_28' title="bbox 2115 1191 3673 1265">
    <p class='ocr_par' dir='ltr' id='par_1_28' title="bbox 2115 1191 3673 1265">
     <span class='ocr_line' id='line_1_28' title="bbox 2115 1191 3673 1265; baseline -0.018 1"><span class='ocrx_word' id='word_1_189' title='bbox 2115 1194 2212 1265; x_wconf 64' lang='grc' dir='ltr'>τὴν</span> <span class='ocrx_word' id='word_1_190' title='bbox 2238 1194 2476 1265; x_wconf 66' lang='grc' dir='ltr'>κεφαλὴν</span> <span class='ocrx_word' id='word_1_191' title='bbox 2504 1194 2804 1247; x_wconf 63' lang='grc' dir='ltr'>εἰσϐάλλειν</span> <span class='ocrx_word' id='word_1_192' title='bbox 2825 1210 2836 1222; x_wconf 90' lang='grc'><em>’</em></span> <span class='ocrx_word' id='word_1_193' title='bbox 2872 1194 3086 1265; x_wconf 81' lang='grc' dir='ltr'>ἐκείνης</span> <span class='ocrx_word' id='word_1_194' title='bbox 3121 1193 3175 1246; x_wconf 82' lang='grc' dir='ltr'>δὲ</span> <span class='ocrx_word' id='word_1_195' title='bbox 3218 1192 3378 1246; x_wconf 81' lang='grc' dir='ltr'>πάθει</span> <span class='ocrx_word' id='word_1_196' title='bbox 3411 1191 3673 1259; x_wconf 75' lang='grc' dir='ltr'>συσχεθεῖ-</span> 
     </span>
    </p>
   </div>
   <div class='ocr_carea' id='block_1_29' title="bbox 2113 1283 3674 1356">
    <p class='ocr_par' dir='ltr' id='par_1_29' title="bbox 2113 1283 3674 1356">
     <span class='ocr_line' id='line_1_29' title="bbox 2113 1283 3674 1356; baseline -0.003 -18"><span class='ocrx_word' id='word_1_197' title='bbox 2113 1303 2211 1354; x_wconf 90' lang='grc' dir='ltr'><strong>σης</strong></span> <span class='ocrx_word' id='word_1_198' title='bbox 2247 1285 2574 1354; x_wconf 79' lang='grc' dir='ltr'>ἀποτέμνειν</span> <span class='ocrx_word' id='word_1_199' title='bbox 2611 1285 2710 1356; x_wconf 79' lang='grc' dir='ltr'><strong>τὴν</strong></span> <span class='ocrx_word' id='word_1_200' title='bbox 2744 1284 2933 1338; x_wconf 85' lang='grc' dir='ltr'>τούτου</span> <span class='ocrx_word' id='word_1_201' title='bbox 2975 1285 3216 1354; x_wconf 75' lang='grc' dir='ltr'>κεφαλήν</span> <span class='ocrx_word' id='word_1_202' title='bbox 3235 1303 3248 1316; x_wconf 86' lang='grc'><strong>·</strong></span> <span class='ocrx_word' id='word_1_203' title='bbox 3272 1286 3367 1338; x_wconf 70' lang='grc' dir='ltr'><strong>καὶ</strong></span> <span class='ocrx_word' id='word_1_204' title='bbox 3393 1285 3579 1344; x_wconf 71' lang='grc' dir='ltr'>οὕτως</span> <span class='ocrx_word' id='word_1_205' title='bbox 3601 1283 3674 1334; x_wconf 64' lang='grc' dir='ltr'>τὸν</span> 
     </span>
    </p>
   </div>
   <div class='ocr_carea' id='block_1_30' title="bbox 2109 1375 3673 1446">
    <p class='ocr_par' dir='ltr' id='par_1_30' title="bbox 2109 1375 3673 1446">
     <span class='ocr_line' id='line_1_30' title="bbox 2109 1375 3673 1446; baseline -0.003 -17"><span class='ocrx_word' id='word_1_206' title='bbox 2109 1377 2216 1429; x_wconf 83' lang='grc' dir='ltr'>ἀπὸ</span> <span class='ocrx_word' id='word_1_207' title='bbox 2259 1376 2352 1429; x_wconf 74' lang='grc' dir='ltr'>τοῦ</span> <span class='ocrx_word' id='word_1_208' title='bbox 2401 1376 2668 1446; x_wconf 84' lang='grc' dir='ltr'>στόματος</span> <span class='ocrx_word' id='word_1_209' title='bbox 2717 1376 3054 1440; x_wconf 81' lang='grc' dir='ltr'>σταλάξαντα</span> <span class='ocrx_word' id='word_1_210' title='bbox 3107 1378 3184 1429; x_wconf 79' lang='grc' dir='ltr'><strong>ίὸν</strong></span> <span class='ocrx_word' id='word_1_211' title='bbox 3221 1375 3596 1429; x_wconf 77' lang='grc' dir='ltr'>καταπιοῦσαν</span> <span class='ocrx_word' id='word_1_212' title='bbox 3627 1377 3673 1446; x_wconf 73' lang='grc' dir='ltr'>ἐν</span> 
     </span>
    </p>
   </div>
   <div class='ocr_carea' id='block_1_31' title="bbox 2110 1437 3705 1536">
    <p class='ocr_par' dir='ltr' id='par_1_31' title="bbox 2110 1437 3705 1536">
     <span class='ocr_line' id='line_1_31' title="bbox 2110 1437 3705 1536; baseline -0.003 -18"><span class='ocrx_word' id='word_1_213' title='bbox 2110 1467 2305 1535; x_wconf 78' lang='grc' dir='ltr'>ἑαυτῇ,</span> <span class='ocrx_word' id='word_1_214' title='bbox 2334 1469 2655 1536; x_wconf 82' lang='grc' dir='ltr'>ὲγκυμονεῖν</span> <span class='ocrx_word' id='word_1_215' title='bbox 2704 1466 2802 1536; x_wconf 82' lang='grc' dir='ltr'><strong>μὲν</strong></span> <span class='ocrx_word' id='word_1_216' title='bbox 2835 1466 3043 1518; x_wconf 82' lang='grc' dir='ltr'>τοιοῦτο</span> <span class='ocrx_word' id='word_1_217' title='bbox 3087 1465 3275 1532; x_wconf 77' lang='grc' dir='ltr'>ζεῦγος</span> <span class='ocrx_word' id='word_1_218' title='bbox 3327 1437 3705 1532; x_wconf 44' lang='grc' dir='ltr'>ἁρῤενόθηλυ,</span> 
     </span>
    </p>
   </div>
   <div class='ocr_carea' id='block_1_32' title="bbox 2112 1554 3673 1630">
    <p class='ocr_par' dir='ltr' id='par_1_32' title="bbox 2112 1554 3673 1630">
     <span class='ocr_line' id='line_1_32' title="bbox 2112 1554 3673 1630; baseline 0.002 -23"><span class='ocrx_word' id='word_1_219' title='bbox 2112 1558 2285 1628; x_wconf 84' lang='grc' dir='ltr'>Ὅπερ</span> <span class='ocrx_word' id='word_1_220' title='bbox 2315 1555 2536 1625; x_wconf 76' lang='grc' dir='ltr'>ζεῦγος,</span> <span class='ocrx_word' id='word_1_221' title='bbox 2572 1557 2859 1630; x_wconf 81' lang='grc' dir='ltr'>ἀνδρυνθὲν</span> <span class='ocrx_word' id='word_1_222' title='bbox 2892 1561 2948 1610; x_wconf 80' lang='grc' dir='ltr'>ὲν</span> <span class='ocrx_word' id='word_1_223' title='bbox 2979 1561 3045 1628; x_wconf 85' lang='grc' dir='ltr'>τῇ</span> <span class='ocrx_word' id='word_1_224' title='bbox 3087 1556 3288 1626; x_wconf 74' lang='grc' dir='ltr'>κοιλίᾳ,</span> <span class='ocrx_word' id='word_1_225' title='bbox 3319 1557 3413 1608; x_wconf 75' lang='grc' dir='ltr'><strong>καὶ</strong></span> <span class='ocrx_word' id='word_1_226' title='bbox 3447 1555 3527 1624; x_wconf 86' lang='grc' dir='ltr'><strong>μὴ</strong></span> <span class='ocrx_word' id='word_1_227' title='bbox 3574 1554 3673 1621; x_wconf 68' lang='grc' dir='ltr'><strong>ἔχω</strong></span> 
     </span>
    </p>
   </div>
   <div class='ocr_carea' id='block_1_33' title="bbox 2110 1644 3672 1718">
    <p class='ocr_par' dir='ltr' id='par_1_33' title="bbox 2110 1644 3672 1718">
     <span class='ocr_line' id='line_1_33' title="bbox 2110 1644 3672 1718; baseline -0.001 -20"><span class='ocrx_word' id='word_1_228' title='bbox 2110 1646 2270 1698; x_wconf 82' lang='grc' dir='ltr'>πόθεν</span> <span class='ocrx_word' id='word_1_229' title='bbox 2307 1645 2664 1717; x_wconf 79' lang='grc' dir='ltr'>γεννηθῆναι,</span> <span class='ocrx_word' id='word_1_230' title='bbox 2696 1647 2792 1718; x_wconf 78' lang='grc' dir='ltr'><strong>τὴν</strong></span> <span class='ocrx_word' id='word_1_231' title='bbox 2840 1648 3079 1718; x_wconf 75' lang='grc' dir='ltr'>πλευρὰν</span> <span class='ocrx_word' id='word_1_232' title='bbox 3106 1647 3206 1716; x_wconf 79' lang='grc' dir='ltr'><strong>τῆς</strong></span> <span class='ocrx_word' id='word_1_233' title='bbox 3241 1646 3444 1716; x_wconf 71' lang='grc' dir='ltr'>μητρδς</span> <span class='ocrx_word' id='word_1_234' title='bbox 3488 1644 3672 1714; x_wconf 73' lang='grc' dir='ltr'>τιτρώ·</span> 
     </span>
    </p>
   </div>
   <div class='ocr_carea' id='block_1_34' title="bbox 433 1725 2060 1808">
    <p class='ocr_par' dir='ltr' id='par_1_34' title="bbox 433 1725 2060 1808">
     <span class='ocr_line' id='line_1_34' title="bbox 433 1725 2060 1808; baseline -0.003 -14"><span class='ocrx_word' id='word_1_235' title='bbox 433 1741 649 1796; x_wconf 72' lang='lat' dir='ltr'><strong>eteteris</strong></span> <span class='ocrx_word' id='word_1_236' title='bbox 678 1739 796 1793; x_wconf 90' lang='lat' dir='ltr'><strong>dira</strong></span> <span class='ocrx_word' id='word_1_237' title='bbox 829 1739 1173 1808; x_wconf 87' lang='lat' dir='ltr'><strong>serpentibus</strong></span> <span class='ocrx_word' id='word_1_238' title='bbox 1206 1753 1268 1790; x_wconf 90' lang='lat' dir='ltr'><strong>ac</strong></span> <span class='ocrx_word' id='word_1_239' title='bbox 1303 1737 1683 1799; x_wconf 80' lang='lat' dir='ltr'><strong>formidabilis,</strong></span> <span class='ocrx_word' id='word_1_240' title='bbox 1715 1753 1835 1806; x_wconf 65' lang='lat' dir='ltr'><strong>quae</strong></span> <span class='ocrx_word' id='word_1_241' title='bbox 1865 1738 2006 1790; x_wconf 89' lang='lat' dir='ltr'><strong>intra</strong></span> <span class='ocrx_word' id='word_1_242' title='bbox 2041 1725 2060 1780; x_wconf 78' lang='grc' dir='ltr'>ῐ</span> 
     </span>
    </p>
   </div>
   <div class='ocr_carea' id='block_1_35' title="bbox 2129 1725 3672 1808">
    <p class='ocr_par' dir='ltr' id='par_1_35' title="bbox 2129 1738 3672 1808">
     <span class='ocr_line' id='line_1_35' title="bbox 2129 1738 3672 1808; baseline -0.001 -18"><span class='ocrx_word' id='word_1_243' title='bbox 2129 1757 2280 1799; x_wconf 73' lang='grc' dir='ltr'>ςκειν,</span> <span class='ocrx_word' id='word_1_244' title='bbox 2323 1739 2416 1792; x_wconf 70' lang='grc' dir='ltr'><strong>καὶ</strong></span> <span class='ocrx_word' id='word_1_245' title='bbox 2442 1740 2614 1803; x_wconf 72' lang='grc' dir='ltr'>οὕτως</span> <span class='ocrx_word' id='word_1_246' title='bbox 2646 1741 2956 1808; x_wconf 80' lang='grc' dir='ltr'>γεννᾶσθαι,</span> <span class='ocrx_word' id='word_1_247' title='bbox 2999 1739 3139 1792; x_wconf 83' lang='grc' dir='ltr'>ὥστε</span> <span class='ocrx_word' id='word_1_248' title='bbox 3172 1739 3468 1792; x_wconf 71' lang='grc' dir='ltr'>ἀπολέσθαι</span> <span class='ocrx_word' id='word_1_249' title='bbox 3500 1738 3594 1789; x_wconf 74' lang='grc' dir='ltr'><strong>τόν</strong></span> <span class='ocrx_word' id='word_1_250' title='bbox 3625 1754 3672 1789; x_wconf 85' lang='grc' dir='ltr'><strong>τε</strong></span> 
     </span>
    </p>
   </div>
   <div class='ocr_carea' id='block_1_36' title="bbox 433 1825 2004 1896">
    <p class='ocr_par' dir='ltr' id='par_1_36' title="bbox 433 1825 2004 1896">
     <span class='ocr_line' id='line_1_36' title="bbox 433 1825 2004 1896; baseline -0.004 -11"><span class='ocrx_word' id='word_1_251' title='bbox 433 1847 557 1887; x_wconf 89' lang='lat' dir='ltr'><strong>sese</strong></span> <span class='ocrx_word' id='word_1_252' title='bbox 597 1845 802 1885; x_wconf 89' lang='lat' dir='ltr'><strong>marem</strong></span> <span class='ocrx_word' id='word_1_253' title='bbox 834 1837 1042 1889; x_wconf 83' lang='lat' dir='ltr'><strong>enecat,</strong></span> <span class='ocrx_word' id='word_1_254' title='bbox 1079 1835 1240 1896; x_wconf 89' lang='lat' dir='ltr'><strong>atque</strong></span> <span class='ocrx_word' id='word_1_255' title='bbox 1265 1842 1359 1880; x_wconf 89' lang='lat' dir='ltr'><strong>ore</strong></span> <span class='ocrx_word' id='word_1_256' title='bbox 1396 1827 1514 1894; x_wconf 88' lang='lat' dir='ltr'><strong>ipso</strong></span> <span class='ocrx_word' id='word_1_257' title='bbox 1547 1825 1820 1881; x_wconf 86' lang='lat' dir='ltr'><strong>feditatem</strong></span> <span class='ocrx_word' id='word_1_258' title='bbox 1857 1827 2004 1878; x_wconf 69' lang='lat' dir='ltr'><strong>exci~</strong></span> 
     </span>
    </p>
   </div>
   <div class='ocr_carea' id='block_1_37' title="bbox 432 1917 2004 1992">
    <p class='ocr_par' dir='ltr' id='par_1_37' title="bbox 432 1917 2004 1992">
     <span class='ocr_line' id='line_1_37' title="bbox 432 1917 2004 1992; baseline -0.004 -17"><span class='ocrx_word' id='word_1_259' title='bbox 432 1923 532 1992; x_wconf 92' lang='lat' dir='ltr'><strong>pit.</strong></span> <span class='ocrx_word' id='word_1_260' title='bbox 566 1921 703 1975; x_wconf 89' lang='lat' dir='ltr'><strong>llnic</strong></span> <span class='ocrx_word' id='word_1_261' title='bbox 738 1936 900 1990; x_wconf 90' lang='lat' dir='ltr'><strong>porro</strong></span> <span class='ocrx_word' id='word_1_262' title='bbox 930 1918 1143 1988; x_wconf 79' lang='lat' dir='ltr'><strong>gemina</strong></span> <span class='ocrx_word' id='word_1_263' title='bbox 1180 1919 1370 1971; x_wconf 90' lang='lat' dir='ltr'><strong>insana</strong></span> <span class='ocrx_word' id='word_1_264' title='bbox 1402 1917 1491 1970; x_wconf 91' lang='lat' dir='ltr'><strong>illa</strong></span> <span class='ocrx_word' id='word_1_265' title='bbox 1527 1917 1750 1971; x_wconf 77' lang='lat' dir='ltr'><strong>haeresis</strong></span> <span class='ocrx_word' id='word_1_266' title='bbox 1779 1925 1881 1981; x_wconf 91' lang='lat' dir='ltr'><strong>est,</strong></span> <span class='ocrx_word' id='word_1_267' title='bbox 1915 1932 2004 1970; x_wconf 92' lang='lat' dir='ltr'><strong>cu-</strong></span> 
     </span>
    </p>
   </div>
   <div class='ocr_carea' id='block_1_38' title="bbox 426 2008 2004 2083">
    <p class='ocr_par' dir='ltr' id='par_1_38' title="bbox 426 2008 2004 2083">
     <span class='ocr_line' id='line_1_38' title="bbox 426 2008 2004 2083; baseline -0.004 -15"><span class='ocrx_word' id='word_1_268' title='bbox 426 2017 521 2083; x_wconf 86' lang='lat' dir='ltr'><strong>jus</strong></span> <span class='ocrx_word' id='word_1_269' title='bbox 559 2029 659 2069; x_wconf 90' lang='lat' dir='ltr'><strong>nos</strong></span> <span class='ocrx_word' id='word_1_270' title='bbox 689 2012 888 2082; x_wconf 87' lang='lat' dir='ltr'><strong>capite,</strong></span> <span class='ocrx_word' id='word_1_271' title='bbox 923 2026 984 2064; x_wconf 89' lang='lat' dir='ltr'><strong>ac</strong></span> <span class='ocrx_word' id='word_1_272' title='bbox 1014 2025 1262 2079; x_wconf 85' lang='lat' dir='ltr'><strong>corpore,</strong></span> <span class='ocrx_word' id='word_1_273' title='bbox 1305 2009 1530 2078; x_wconf 90' lang='lat' dir='ltr'><strong>ejusque</strong></span> <span class='ocrx_word' id='word_1_274' title='bbox 1565 2008 1678 2062; x_wconf 87' lang='lat' dir='ltr'><strong>fetu</strong></span> <span class='ocrx_word' id='word_1_275' title='bbox 1711 2009 1857 2062; x_wconf 90' lang='lat' dir='ltr'><strong>omni</strong></span> <span class='ocrx_word' id='word_1_276' title='bbox 1883 2009 2004 2062; x_wconf 75' lang='lat' dir='ltr'><strong>vita:</strong></span> 
     </span>
    </p>
   </div>
   <div class='ocr_carea' id='block_1_39' title="bbox 432 2094 2003 2168">
    <p class='ocr_par' dir='ltr' id='par_1_39' title="bbox 432 2094 2003 2168">
     <span class='ocr_line' id='line_1_39' title="bbox 432 2094 2003 2168; baseline -0.004 -9"><span class='ocrx_word' id='word_1_277' title='bbox 432 2107 628 2160; x_wconf 87' lang='lat' dir='ltr'><strong>baculo</strong></span> <span class='ocrx_word' id='word_1_278' title='bbox 674 2103 944 2167; x_wconf 91' lang='lat' dir='ltr'><strong>contritis,</strong></span> <span class='ocrx_word' id='word_1_279' title='bbox 992 2101 1056 2154; x_wconf 91' lang='lat' dir='ltr'><strong>ad</strong></span> <span class='ocrx_word' id='word_1_280' title='bbox 1105 2101 1240 2154; x_wconf 88' lang='lat' dir='ltr'><strong>alias</strong></span> <span class='ocrx_word' id='word_1_281' title='bbox 1291 2094 1680 2163; x_wconf 46' lang='lat' dir='ltr'><strong>transeamus,</strong></span> <span class='ocrx_word' id='word_1_282' title='bbox 1717 2101 2003 2168; x_wconf 91' lang='lat' dir='ltr'><strong>implorata</strong></span> 
     </span>
    </p>
   </div>
   <div class='ocr_carea' id='block_1_40' title="bbox 431 2191 2002 2265">
    <p class='ocr_par' dir='ltr' id='par_1_40' title="bbox 431 2191 2002 2265">
     <span class='ocr_line' id='line_1_40' title="bbox 431 2191 2002 2265; baseline -0.003 -14"><span class='ocrx_word' id='word_1_283' title='bbox 431 2197 675 2251; x_wconf 90' lang='lat' dir='ltr'><strong>numinis</strong></span> <span class='ocrx_word' id='word_1_284' title='bbox 709 2210 830 2265; x_wconf 88' lang='lat' dir='ltr'><strong>ope,</strong></span> <span class='ocrx_word' id='word_1_285' title='bbox 869 2193 956 2247; x_wconf 88' lang='lat' dir='ltr'><strong>cui</strong></span> <span class='ocrx_word' id='word_1_286' title='bbox 991 2193 1166 2247; x_wconf 77' lang='lat' dir='ltr'><strong>honor</strong></span> <span class='ocrx_word' id='word_1_287' title='bbox 1195 2199 1248 2246; x_wconf 91' lang='lat' dir='ltr'><strong>et</strong></span> <span class='ocrx_word' id='word_1_288' title='bbox 1281 2192 1568 2261; x_wconf 89' lang='lat' dir='ltr'><strong>imperium</strong></span> <span class='ocrx_word' id='word_1_289' title='bbox 1594 2191 1646 2245; x_wconf 93' lang='lat' dir='ltr'><strong>in</strong></span> <span class='ocrx_word' id='word_1_290' title='bbox 1674 2191 1871 2247; x_wconf 66' lang='lat' dir='ltr'><strong>Saecula</strong></span> <span class='ocrx_word' id='word_1_291' title='bbox 1899 2206 2002 2247; x_wconf 74' lang='lat' dir='ltr'><strong>sa:-</strong></span> 
     </span>
    </p>
   </div>
   <div class='ocr_carea' id='block_1_41' title="bbox 431 2291 929 2344">
    <p class='ocr_par' dir='ltr' id='par_1_41' title="bbox 431 2291 929 2344">
     <span class='ocr_line' id='line_1_41' title="bbox 431 2291 929 2344; baseline -0.01 0"><span class='ocrx_word' id='word_1_292' title='bbox 431 2291 703 2344; x_wconf 86' lang='lat' dir='ltr'><strong>culorum.</strong></span> <span class='ocrx_word' id='word_1_293' title='bbox 738 2292 929 2340; x_wconf 83' lang='lat' dir='ltr'><strong>Amen.</strong></span> 
     </span>
    </p>
   </div>
   <div class='ocr_carea' id='block_1_42' title="bbox 2107 1829 3676 1903">
    <p class='ocr_par' dir='ltr' id='par_1_42' title="bbox 2107 1829 3676 1903">
     <span class='ocr_line' id='line_1_42' title="bbox 2107 1829 3676 1903; baseline -0.002 -21"><span class='ocrx_word' id='word_1_294' title='bbox 2107 1829 2308 1882; x_wconf 85' lang='grc' dir='ltr'>τούτων</span> <span class='ocrx_word' id='word_1_295' title='bbox 2338 1831 2545 1901; x_wconf 83' lang='grc' dir='ltr'>πατέρα</span> <span class='ocrx_word' id='word_1_296' title='bbox 2575 1831 2669 1884; x_wconf 77' lang='grc' dir='ltr'>καὶ</span> <span class='ocrx_word' id='word_1_297' title='bbox 2686 1833 2786 1902; x_wconf 80' lang='grc' dir='ltr'><strong>τὴν</strong></span> <span class='ocrx_word' id='word_1_298' title='bbox 2811 1832 3038 1903; x_wconf 86' lang='grc' dir='ltr'>μητέρα.</span> <span class='ocrx_word' id='word_1_299' title='bbox 3061 1832 3258 1900; x_wconf 84' lang='grc' dir='ltr'>Διόπερ</span> <span class='ocrx_word' id='word_1_300' title='bbox 3292 1829 3676 1896; x_wconf 64' lang='grc' dir='ltr'>ἀπειρὼὄιιτν</span> 
     </span>
    </p>
   </div>
   <div class='ocr_carea' id='block_1_43' title="bbox 2109 1921 3676 1994">
    <p class='ocr_par' dir='ltr' id='par_1_43' title="bbox 2109 1921 3676 1994">
     <span class='ocr_line' id='line_1_43' title="bbox 2109 1921 3676 1994; baseline -0.003 -19"><span class='ocrx_word' id='word_1_301' title='bbox 2109 1922 2244 1992; x_wconf 79' lang='grc' dir='ltr'>αὐτῇ</span> <span class='ocrx_word' id='word_1_302' title='bbox 2279 1923 2532 1976; x_wconf 80' lang='grc' dir='ltr'>ἐπέθεντο</span> <span class='ocrx_word' id='word_1_303' title='bbox 2560 1923 2751 1994; x_wconf 76' lang='grc' dir='ltr'>ὄνομα,</span> <span class='ocrx_word' id='word_1_304' title='bbox 2781 1927 2865 1977; x_wconf 81' lang='grc' dir='ltr'><strong>ὅτι</strong></span> <span class='ocrx_word' id='word_1_305' title='bbox 2897 1924 3100 1976; x_wconf 84' lang='grc' dir='ltr'>ὠδίνων</span> <span class='ocrx_word' id='word_1_306' title='bbox 3123 1923 3182 1975; x_wconf 74' lang='grc' dir='ltr'><strong>οὐ</strong></span> <span class='ocrx_word' id='word_1_307' title='bbox 3216 1924 3499 1992; x_wconf 76' lang='grc' dir='ltr'>πειρᾶται.</span> <span class='ocrx_word' id='word_1_308' title='bbox 3539 1921 3676 1990; x_wconf 65' lang='grc' dir='ltr'>Δεινὴ</span> 
     </span>
    </p>
   </div>
   <div class='ocr_carea' id='block_1_44' title="bbox 2108 2012 3675 2086">
    <p class='ocr_par' dir='ltr' id='par_1_44' title="bbox 2108 2012 3675 2086">
     <span class='ocr_line' id='line_1_44' title="bbox 2108 2012 3675 2086; baseline -0.001 -22"><span class='ocrx_word' id='word_1_309' title='bbox 2108 2012 2165 2064; x_wconf 83' lang='grc' dir='ltr'>δὲ</span> <span class='ocrx_word' id='word_1_310' title='bbox 2202 2013 2293 2066; x_wconf 76' lang='grc' dir='ltr'>καὶ</span> <span class='ocrx_word' id='word_1_311' title='bbox 2320 2014 2525 2085; x_wconf 73' lang='grc' dir='ltr'>φοϐερὰ</span> <span class='ocrx_word' id='word_1_312' title='bbox 2565 2014 2718 2086; x_wconf 81' lang='grc' dir='ltr'>παρὰ</span> <span class='ocrx_word' id='word_1_313' title='bbox 2760 2015 2938 2068; x_wconf 86' lang='grc' dir='ltr'>πάντα</span> <span class='ocrx_word' id='word_1_314' title='bbox 2962 2016 3030 2069; x_wconf 80' lang='grc' dir='ltr'>τὰ</span> <span class='ocrx_word' id='word_1_315' title='bbox 3059 2014 3263 2085; x_wconf 72' lang='grc' dir='ltr'>ἑρπετὰ</span> <span class='ocrx_word' id='word_1_316' title='bbox 3297 2013 3596 2082; x_wconf 77' lang='grc' dir='ltr'>τυγχάνει,</span> <span class='ocrx_word' id='word_1_317' title='bbox 3628 2015 3675 2064; x_wconf 81' lang='grc' dir='ltr'>ὲν</span> 
     </span>
    </p>
   </div>
   <div class='ocr_carea' id='block_1_45' title="bbox 2109 2103 3676 2176">
    <p class='ocr_par' dir='ltr' id='par_1_45' title="bbox 2109 2103 3676 2176">
     <span class='ocr_line' id='line_1_45' title="bbox 2109 2103 3676 2176; baseline -0.001 -21"><span class='ocrx_word' id='word_1_318' title='bbox 2109 2103 2274 2174; x_wconf 80' lang='grc' dir='ltr'>ἑαυτῇ</span> <span class='ocrx_word' id='word_1_319' title='bbox 2301 2105 2392 2156; x_wconf 75' lang='grc' dir='ltr'><strong>τὸν</strong></span> <span class='ocrx_word' id='word_1_320' title='bbox 2414 2106 2437 2134; x_wconf 78' lang='grc'>¹</span> <span class='ocrx_word' id='word_1_321' title='bbox 2463 2105 2766 2175; x_wconf 75' lang='grc' dir='ltr'>ἀφανισμὸν</span> <span class='ocrx_word' id='word_1_322' title='bbox 2793 2105 3216 2176; x_wconf 76' lang='grc' dir='ltr'>ἐξεργαζομένη.</span> <span class='ocrx_word' id='word_1_323' title='bbox 3245 2106 3340 2156; x_wconf 74' lang='grc' dir='ltr'><strong>καὶ</strong></span> <span class='ocrx_word' id='word_1_324' title='bbox 3365 2103 3452 2156; x_wconf 73' lang='grc' dir='ltr'><strong>διὰ</strong></span> <span class='ocrx_word' id='word_1_325' title='bbox 3490 2104 3676 2171; x_wconf 74' lang='grc' dir='ltr'>στόμα-</span> 
     </span>
    </p>
   </div>
   <div class='ocr_carea' id='block_1_46' title="bbox 2107 2189 3677 2265">
    <p class='ocr_par' dir='ltr' id='par_1_46' title="bbox 2107 2189 3677 2265">
     <span class='ocr_line' id='line_1_46' title="bbox 2107 2189 3677 2265; baseline -0.001 -21"><span class='ocrx_word' id='word_1_326' title='bbox 2107 2209 2197 2254; x_wconf 89' lang='grc' dir='ltr'><strong>τος</strong></span> <span class='ocrx_word' id='word_1_327' title='bbox 2234 2194 2331 2262; x_wconf 86' lang='grc' dir='ltr'>τὴν</span> <span class='ocrx_word' id='word_1_328' title='bbox 2354 2194 2687 2264; x_wconf 76' lang='grc' dir='ltr'>αἰσχρότητα</span> <span class='ocrx_word' id='word_1_329' title='bbox 2721 2194 3202 2265; x_wconf 83' lang='grc' dir='ltr'>ἀπολαμϐάνουσα.</span> <span class='ocrx_word' id='word_1_330' title='bbox 3230 2189 3308 2264; x_wconf 70' lang='grc' dir='ltr'><strong>τῌ</strong></span> <span class='ocrx_word' id='word_1_331' title='bbox 3341 2193 3526 2245; x_wconf 77' lang='grc' dir='ltr'>ἔοικεν</span> <span class='ocrx_word' id='word_1_332' title='bbox 3557 2192 3677 2260; x_wconf 71' lang='grc' dir='ltr'>αὕτη</span> 
     </span>
    </p>
   </div>
   <div class='ocr_carea' id='block_1_47' title="bbox 2107 2283 3680 2357">
    <p class='ocr_par' dir='ltr' id='par_1_47' title="bbox 2107 2283 3680 2357">
     <span class='ocr_line' id='line_1_47' title="bbox 2107 2283 3680 2357; baseline -0.001 -22"><span class='ocrx_word' id='word_1_333' title='bbox 2107 2285 2140 2354; x_wconf 82' lang='grc' dir='ltr'><strong>ἡ</strong></span> <span class='ocrx_word' id='word_1_334' title='bbox 2196 2284 2565 2355; x_wconf 81' lang='grc' dir='ltr'>φρενοϐλαϐὴς</span> <span class='ocrx_word' id='word_1_335' title='bbox 2619 2286 2865 2356; x_wconf 78' lang='grc' dir='ltr'>αἵρεσις,</span> <span class='ocrx_word' id='word_1_336' title='bbox 2925 2283 2993 2357; x_wconf 74' lang='grc' dir='ltr'>ἧς</span> <span class='ocrx_word' id='word_1_337' title='bbox 3042 2285 3142 2357; x_wconf 80' lang='grc' dir='ltr'>τὴν</span> <span class='ocrx_word' id='word_1_338' title='bbox 3193 2285 3439 2355; x_wconf 60' lang='grc' dir='ltr'>κενραλὴν</span> <span class='ocrx_word' id='word_1_339' title='bbox 3486 2285 3584 2336; x_wconf 74' lang='grc' dir='ltr'><strong>καὶ</strong></span> <span class='ocrx_word' id='word_1_340' title='bbox 3628 2285 3680 2334; x_wconf 73' lang='grc' dir='ltr'>τὸ</span> 
     </span>
    </p>
   </div>
   <div class='ocr_carea' id='block_1_48' title="bbox 432 2379 3679 2455">
    <p class='ocr_par' dir='ltr' id='par_1_48' title="bbox 432 2379 3679 2455">
     <span class='ocr_line' id='line_1_48' title="bbox 432 2379 3679 2455; baseline -0.001 -19"><span class='ocrx_word' id='word_1_341' title='bbox 432 2384 613 2455; x_wconf 84' lang='grc' dir='ltr'>σῶμα,</span> <span class='ocrx_word' id='word_1_342' title='bbox 659 2385 751 2437; x_wconf 74' lang='grc' dir='ltr'><strong>καὶ</strong></span> <span class='ocrx_word' id='word_1_343' title='bbox 787 2383 855 2434; x_wconf 75' lang='grc' dir='ltr'>τὰ</span> <span class='ocrx_word' id='word_1_344' title='bbox 903 2381 959 2446; x_wconf 77' lang='grc' dir='ltr'>ἐξ</span> <span class='ocrx_word' id='word_1_345' title='bbox 1003 2380 1172 2450; x_wconf 78' lang='grc' dir='ltr'>αὐτῆς</span> <span class='ocrx_word' id='word_1_346' title='bbox 1218 2381 1589 2450; x_wconf 79' lang='grc' dir='ltr'>γεγεννημένα</span> <span class='ocrx_word' id='word_1_347' title='bbox 1621 2379 1852 2434; x_wconf 76' lang='grc' dir='ltr'>ἐνταῦθα</span> <span class='ocrx_word' id='word_1_348' title='bbox 1888 2379 2276 2450; x_wconf 73' lang='grc' dir='ltr'>συντρίψαντες</span> <span class='ocrx_word' id='word_1_349' title='bbox 2311 2380 2386 2450; x_wconf 82' lang='grc' dir='ltr'><strong>τῷ</strong></span> <span class='ocrx_word' id='word_1_350' title='bbox 2417 2381 2556 2452; x_wconf 81' lang='grc' dir='ltr'>ξύλῳ</span> <span class='ocrx_word' id='word_1_351' title='bbox 2580 2383 2680 2452; x_wconf 81' lang='grc' dir='ltr'>τῆς</span> <span class='ocrx_word' id='word_1_352' title='bbox 2739 2381 2903 2454; x_wconf 81' lang='grc' dir='ltr'>ζωῆς,</span> <span class='ocrx_word' id='word_1_353' title='bbox 2964 2384 3064 2446; x_wconf 75' lang='grc' dir='ltr'><strong>τὰς</strong></span> <span class='ocrx_word' id='word_1_354' title='bbox 3114 2384 3305 2453; x_wconf 80' lang='grc' dir='ltr'>ἐτέρας</span> <span class='ocrx_word' id='word_1_355' title='bbox 3372 2382 3679 2434; x_wconf 74' lang='grc' dir='ltr'>διασκοπεῖν</span> 
     </span>
    </p>
   </div>
   <div class='ocr_carea' id='block_1_49' title="bbox 423 2469 3081 2551">
    <p class='ocr_par' dir='ltr' id='par_1_49' title="bbox 423 2469 3081 2551">
     <span class='ocr_line' id='line_1_49' title="bbox 423 2469 3081 2551; baseline 0.001 -20"><span class='ocrx_word' id='word_1_356' title='bbox 423 2478 779 2550; x_wconf 70' lang='grc' dir='ltr'>προσθῶμεν,</span> <span class='ocrx_word' id='word_1_357' title='bbox 811 2477 941 2529; x_wconf 72' lang='grc' dir='ltr'>Θεὸν</span> <span class='ocrx_word' id='word_1_358' title='bbox 973 2477 1185 2548; x_wconf 81' lang='grc' dir='ltr'>ἀρωγὸν</span> <span class='ocrx_word' id='word_1_359' title='bbox 1212 2475 1648 2545; x_wconf 77' lang='grc' dir='ltr'>ἐπικαλούμενοι,</span> <span class='ocrx_word' id='word_1_360' title='bbox 1676 2469 1720 2544; x_wconf 82' lang='grc' dir='ltr'><strong>ᾧ</strong></span> <span class='ocrx_word' id='word_1_361' title='bbox 1745 2476 1879 2548; x_wconf 80' lang='grc' dir='ltr'>τιμὴ</span> <span class='ocrx_word' id='word_1_362' title='bbox 1905 2475 1999 2530; x_wconf 72' lang='grc' dir='ltr'><strong>καὶ</strong></span> <span class='ocrx_word' id='word_1_363' title='bbox 2039 2477 2238 2548; x_wconf 88' lang='grc' dir='ltr'>κράτος</span> <span class='ocrx_word' id='word_1_364' title='bbox 2266 2479 2346 2540; x_wconf 90' lang='grc' dir='ltr'><strong>είς</strong></span> <span class='ocrx_word' id='word_1_365' title='bbox 2372 2478 2577 2541; x_wconf 84' lang='grc' dir='ltr'>αἰῶνας</span> <span class='ocrx_word' id='word_1_366' title='bbox 2611 2477 2842 2533; x_wconf 87' lang='grc' dir='ltr'>αἰώνων.</span> <span class='ocrx_word' id='word_1_367' title='bbox 2890 2480 3081 2551; x_wconf 74' lang='grc' dir='ltr'>Ἀμήν.</span> 
     </span>
    </p>
   </div>
   <div class='ocr_carea' id='block_1_50' title="bbox 780 2586 1647 2652">
    <p class='ocr_par' dir='ltr' id='par_1_50' title="bbox 780 2586 1647 2652">
     <span class='ocr_line' id='line_1_50' title="bbox 780 2586 1647 2652; baseline -0.001 -8"><span class='ocrx_word' id='word_1_368' title='bbox 780 2587 1056 2644; x_wconf 72' lang='lat' dir='ltr'><strong>CONTRA</strong></span> <span class='ocrx_word' id='word_1_369' title='bbox 1104 2586 1647 2652; x_wconf 78' lang='lat' dir='ltr'><strong>CARPOCRASIOS,</strong></span> 
     </span>
    </p>
   </div>
   <div class='ocr_carea' id='block_1_51' title="bbox 700 2697 1736 2764">
    <p class='ocr_par' dir='ltr' id='par_1_51' title="bbox 700 2697 1736 2764">
     <span class='ocr_line' id='line_1_51' title="bbox 700 2697 1736 2764; baseline 0.003 -13"><span class='ocrx_word' id='word_1_370' title='bbox 700 2698 830 2764; x_wconf 81' lang='lat' dir='ltr'><strong>Qua:</strong></span> <span class='ocrx_word' id='word_1_371' title='bbox 865 2707 942 2752; x_wconf 78' lang='lat' dir='ltr'><strong>est</strong></span> <span class='ocrx_word' id='word_1_372' title='bbox 969 2698 1182 2752; x_wconf 78' lang='lat' dir='ltr'><strong>Iucresis</strong></span> <span class='ocrx_word' id='word_1_373' title='bbox 1227 2697 1354 2762; x_wconf 84' lang='lat' dir='ltr'><strong>VII,</strong></span> <span class='ocrx_word' id='word_1_374' title='bbox 1385 2699 1460 2752; x_wconf 84' lang='lat' dir='ltr'><strong>rel</strong></span> <span class='ocrx_word' id='word_1_375' title='bbox 1486 2698 1736 2754; x_wconf 76' lang='lat' dir='ltr'><strong>XXVII.</strong></span> 
     </span>
    </p>
   </div>
   <div class='ocr_carea' id='block_1_52' title="bbox 500 2809 2000 2880">
    <p class='ocr_par' dir='ltr' id='par_1_52' title="bbox 500 2809 2000 2880">
     <span class='ocr_line' id='line_1_52' title="bbox 500 2809 2000 2880; baseline 0.001 -16"><span class='ocrx_word' id='word_1_376' title='bbox 500 2812 538 2866; x_wconf 95' lang='lat' dir='ltr'><strong>I.</strong></span> <span class='ocrx_word' id='word_1_377' title='bbox 577 2811 885 2866; x_wconf 88' lang='lat' dir='ltr'><strong>Secundum</strong></span> <span class='ocrx_word' id='word_1_378' title='bbox 921 2810 1018 2865; x_wconf 89' lang='lat' dir='ltr'><strong>hos</strong></span> <span class='ocrx_word' id='word_1_379' title='bbox 1037 2810 1178 2865; x_wconf 88' lang='lat' dir='ltr'><strong>alius</strong></span> <span class='ocrx_word' id='word_1_380' title='bbox 1204 2810 1422 2880; x_wconf 87' lang='lat' dir='ltr'><strong>quidam</strong></span> <span class='ocrx_word' id='word_1_381' title='bbox 1439 2809 1740 2880; x_wconf 88' lang='lat' dir='ltr'><strong>Carpoeras</strong></span> <span class='ocrx_word' id='word_1_382' title='bbox 1770 2811 2000 2874; x_wconf 81' lang='lat' dir='ltr'><strong>exstitit.</strong></span> 
     </span>
    </p>
   </div>
   <div class='ocr_carea' id='block_1_53' title="bbox 429 2901 2003 2973">
    <p class='ocr_par' dir='ltr' id='par_1_53' title="bbox 429 2901 2003 2973">
     <span class='ocr_line' id='line_1_53' title="bbox 429 2901 2003 2973; baseline 0.001 -17"><span class='ocrx_word' id='word_1_383' title='bbox 429 2903 521 2973; x_wconf 86' lang='lat' dir='ltr'><strong>qui</strong></span> <span class='ocrx_word' id='word_1_384' title='bbox 555 2919 618 2957; x_wconf 80' lang='lat' dir='ltr'><strong>ex</strong></span> <span class='ocrx_word' id='word_1_385' title='bbox 651 2901 894 2955; x_wconf 90' lang='lat' dir='ltr'><strong>mendaci</strong></span> <span class='ocrx_word' id='word_1_386' title='bbox 923 2901 1148 2970; x_wconf 82' lang='lat' dir='ltr'><strong>ingenio</strong></span> <span class='ocrx_word' id='word_1_387' title='bbox 1177 2917 1276 2955; x_wconf 93' lang='lat' dir='ltr'><strong>suo</strong></span> <span class='ocrx_word' id='word_1_388' title='bbox 1309 2902 1582 2970; x_wconf 86' lang='lat' dir='ltr'><strong>propriam</strong></span> <span class='ocrx_word' id='word_1_389' title='bbox 1619 2903 1906 2971; x_wconf 89' lang='lat' dir='ltr'><strong>quamdam</strong></span> <span class='ocrx_word' id='word_1_390' title='bbox 1939 2919 2003 2960; x_wconf 74' lang='lat' dir='ltr'><strong>ac</strong></span> 
     </span>
    </p>
   </div>
   <div class='ocr_carea' id='block_1_54' title="bbox 2495 2594 3294 2659">
    <p class='ocr_par' dir='ltr' id='par_1_54' title="bbox 2495 2594 3294 2659">
     <span class='ocr_line' id='line_1_54' title="bbox 2495 2594 3294 2659; baseline 0 -13"><span class='ocrx_word' id='word_1_391' title='bbox 2495 2594 2682 2647; x_wconf 78' lang='grc' dir='ltr'><strong>ΚΑΤΑ</strong></span> <span class='ocrx_word' id='word_1_392' title='bbox 2725 2595 3264 2648; x_wconf 80' lang='grc' dir='ltr'><strong>ΚΑΡΠΟΚΡΑΣΙΩΝ</strong></span> <span class='ocrx_word' id='word_1_393' title='bbox 3278 2634 3294 2659; x_wconf 94' lang='grc'><strong>,</strong></span> 
     </span>
    </p>
   </div>
   <div class='ocr_carea' id='block_1_55' title="bbox 2381 2705 3426 2776">
    <p class='ocr_par' dir='ltr' id='par_1_55' title="bbox 2381 2705 3426 2776">
     <span class='ocr_line' id='line_1_55' title="bbox 2381 2705 3426 2776; baseline 0.001 -16"><span class='ocrx_word' id='word_1_394' title='bbox 2381 2705 2630 2776; x_wconf 79' lang='grc' dir='ltr'>Ἑϐδόμη</span> <span class='ocrx_word' id='word_1_395' title='bbox 2653 2745 2668 2770; x_wconf 88' lang='grc'><strong>,</strong></span> <span class='ocrx_word' id='word_1_396' title='bbox 2697 2708 2735 2776; x_wconf 74' lang='grc' dir='ltr'><strong><em>ἠ</em></strong></span> <span class='ocrx_word' id='word_1_397' title='bbox 2773 2705 2871 2760; x_wconf 79' lang='grc' dir='ltr'>καὶ</span> <span class='ocrx_word' id='word_1_398' title='bbox 2903 2707 3149 2776; x_wconf 75' lang='grc' dir='ltr'>εἰκοστὴ</span> <span class='ocrx_word' id='word_1_399' title='bbox 3185 2707 3426 2776; x_wconf 74' lang='grc' dir='ltr'>ἑϐδόμη.</span> 
     </span>
    </p>
   </div>
   <div class='ocr_carea' id='block_1_56' title="bbox 2173 2818 3682 2890">
    <p class='ocr_par' dir='ltr' id='par_1_56' title="bbox 2173 2818 3682 2890">
     <span class='ocr_line' id='line_1_56' title="bbox 2173 2818 3682 2890; baseline -0.001 -18"><span class='ocrx_word' id='word_1_400' title='bbox 2173 2821 2253 2872; x_wconf 83' lang='lat' dir='ltr'><strong>A&#39;.</strong></span> <span class='ocrx_word' id='word_1_401' title='bbox 2320 2819 2654 2890; x_wconf 75' lang='grc' dir='ltr'>Καρποκρᾶς</span> <span class='ocrx_word' id='word_1_402' title='bbox 2709 2835 2793 2882; x_wconf 87' lang='grc' dir='ltr'><strong>τις</strong></span> <span class='ocrx_word' id='word_1_403' title='bbox 2849 2818 3034 2888; x_wconf 75' lang='grc' dir='ltr'>ἕτερος</span> <span class='ocrx_word' id='word_1_404' title='bbox 3104 2818 3344 2886; x_wconf 84' lang='grc' dir='ltr'>γίνεται,</span> <span class='ocrx_word' id='word_1_405' title='bbox 3415 2820 3682 2888; x_wconf 69' lang='grc' dir='ltr'>συστήσας</span> 
     </span>
    </p>
   </div>
   <div class='ocr_carea' id='block_1_57' title="bbox 2106 2909 3680 2980">
    <p class='ocr_par' dir='ltr' id='par_1_57' title="bbox 2106 2909 3680 2980">
     <span class='ocr_line' id='line_1_57' title="bbox 2106 2909 3680 2980; baseline -0.001 -17"><span class='ocrx_word' id='word_1_406' title='bbox 2106 2909 2284 2980; x_wconf 79' lang='grc' dir='ltr'>ἑαυτῷ</span> <span class='ocrx_word' id='word_1_407' title='bbox 2323 2910 2580 2980; x_wconf 84' lang='grc' dir='ltr'>ἀθέμιτον</span> <span class='ocrx_word' id='word_1_408' title='bbox 2627 2909 2970 2962; x_wconf 84' lang='grc' dir='ltr'>διδασκαλίαν</span> <span class='ocrx_word' id='word_1_409' title='bbox 2998 2910 3096 2979; x_wconf 78' lang='grc' dir='ltr'>τῆς</span> <span class='ocrx_word' id='word_1_410' title='bbox 3125 2910 3485 2979; x_wconf 75' lang='grc' dir='ltr'>ψευδωνύμου</span> <span class='ocrx_word' id='word_1_411' title='bbox 3528 2911 3680 2962; x_wconf 63' lang='grc' dir='ltr'>αὐτοὶ</span> 
     </span>
    </p>
   </div>
   <div class='ocr_carea' id='block_1_58' title="bbox 429 2990 2060 3068">
    <p class='ocr_par' dir='ltr' id='par_1_58' title="bbox 429 2992 2060 3061">
     <span class='ocr_line' id='line_1_58' title="bbox 429 2992 2060 3061; baseline 0 -13"><span class='ocrx_word' id='word_1_412' title='bbox 429 2995 694 3048; x_wconf 86' lang='lat' dir='ltr'><strong>nefariam</strong></span> <span class='ocrx_word' id='word_1_413' title='bbox 749 3001 952 3047; x_wconf 85' lang='lat' dir='ltr'><strong>sectam</strong></span> <span class='ocrx_word' id='word_1_414' title='bbox 993 2992 1338 3061; x_wconf 79' lang='lat' dir='ltr'><strong>excogitavit,</strong></span> <span class='ocrx_word' id='word_1_415' title='bbox 1384 3000 1438 3046; x_wconf 87' lang='lat' dir='ltr'><strong>et</strong></span> <span class='ocrx_word' id='word_1_416' title='bbox 1487 2993 1738 3049; x_wconf 88' lang='lat' dir='ltr'><strong>omnibus</strong></span> <span class='ocrx_word' id='word_1_417' title='bbox 1788 3010 1999 3049; x_wconf 88' lang='lat' dir='ltr'><strong>morum</strong></span> <span class='ocrx_word' id='word_1_418' title='bbox 2028 3001 2060 3059; x_wconf 83' lang='lat' dir='ltr'><strong>C</strong></span> 
     </span>
    </p>
   </div>
   <div class='ocr_carea' id='block_1_59' title="bbox 2129 2990 3686 3068">
    <p class='ocr_par' dir='ltr' id='par_1_59' title="bbox 2129 2990 3686 3068">
     <span class='ocr_line' id='line_1_59' title="bbox 2129 2990 3686 3068; baseline -0.002 -18"><span class='ocrx_word' id='word_1_419' title='bbox 2129 2997 2354 3068; x_wconf 80' lang='grc' dir='ltr'>’νώμης,</span> <span class='ocrx_word' id='word_1_420' title='bbox 2381 2998 2627 3068; x_wconf 86' lang='grc' dir='ltr'>χείρονας</span> <span class='ocrx_word' id='word_1_421' title='bbox 2654 2999 2869 3050; x_wconf 88' lang='grc' dir='ltr'>πάντων</span> <span class='ocrx_word' id='word_1_422' title='bbox 2898 2990 3052 3059; x_wconf 72' lang='grc' dir='ltr'>οὗτος</span> <span class='ocrx_word' id='word_1_423' title='bbox 3077 2997 3202 3058; x_wconf 83' lang='grc' dir='ltr'>τοὺς</span> <span class='ocrx_word' id='word_1_424' title='bbox 3226 2997 3467 3068; x_wconf 75' lang='grc' dir='ltr'>τρόπους</span> <span class='ocrx_word' id='word_1_425' title='bbox 3503 3013 3686 3063; x_wconf 74' lang='grc' dir='ltr'>κεκτη-</span> 
     </span>
    </p>
   </div>
   <div class='ocr_carea' id='block_1_60' title="bbox 431 3082 2001 3157">
    <p class='ocr_par' dir='ltr' id='par_1_60' title="bbox 431 3082 2001 3157">
     <span class='ocr_line' id='line_1_60' title="bbox 431 3082 2001 3157; baseline -0.001 -17"><span class='ocrx_word' id='word_1_426' title='bbox 431 3088 535 3141; x_wconf 87' lang='lat' dir='ltr'><strong>fuit</strong></span> <span class='ocrx_word' id='word_1_427' title='bbox 576 3087 839 3157; x_wconf 87' lang='lat' dir='ltr'><strong>pravitate</strong></span> <span class='ocrx_word' id='word_1_428' title='bbox 878 3083 1137 3139; x_wconf 88' lang='lat' dir='ltr'><strong>deterior.</strong></span> <span class='ocrx_word' id='word_1_429' title='bbox 1179 3082 1305 3138; x_wconf 70' lang='lat' dir='ltr'><strong>llaec</strong></span> <span class='ocrx_word' id='word_1_430' title='bbox 1343 3085 1487 3138; x_wconf 90' lang='lat' dir='ltr'><strong>enim</strong></span> <span class='ocrx_word' id='word_1_431' title='bbox 1521 3085 1744 3140; x_wconf 69' lang='lat' dir='ltr'><strong>hteresis</strong></span> <span class='ocrx_word' id='word_1_432' title='bbox 1789 3101 1854 3140; x_wconf 77' lang='lat' dir='ltr'><strong>ex</strong></span> <span class='ocrx_word' id='word_1_433' title='bbox 1887 3101 2001 3140; x_wconf 86' lang='lat' dir='ltr'><strong>om-</strong></span> 
     </span>
    </p>
   </div>
   <div class='ocr_carea' id='block_1_61' title="bbox 430 3174 2004 3246">
    <p class='ocr_par' dir='ltr' id='par_1_61' title="bbox 430 3174 2004 3246">
     <span class='ocr_line' id='line_1_61' title="bbox 430 3174 2004 3246; baseline -0.001 -12"><span class='ocrx_word' id='word_1_434' title='bbox 430 3181 581 3234; x_wconf 88' lang='lat' dir='ltr'><strong>nium</strong></span> <span class='ocrx_word' id='word_1_435' title='bbox 616 3178 894 3234; x_wconf 87' lang='lat' dir='ltr'><strong>erroribus</strong></span> <span class='ocrx_word' id='word_1_436' title='bbox 924 3176 1158 3230; x_wconf 83' lang='lat' dir='ltr'><strong>etlloruit</strong></span> <span class='ocrx_word' id='word_1_437' title='bbox 1187 3195 1199 3230; x_wconf 88' lang='lat'><strong>:</strong></span> <span class='ocrx_word' id='word_1_438' title='bbox 1241 3174 1498 3238; x_wconf 89' lang='lat' dir='ltr'><strong>Simonis,</strong></span> <span class='ocrx_word' id='word_1_439' title='bbox 1532 3177 1775 3246; x_wconf 89' lang='lat' dir='ltr'><strong>inquam,</strong></span> <span class='ocrx_word' id='word_1_440' title='bbox 1813 3187 1865 3232; x_wconf 90' lang='lat' dir='ltr'><strong>et</strong></span> <span class='ocrx_word' id='word_1_441' title='bbox 1893 3177 2004 3233; x_wconf 83' lang='lat' dir='ltr'><strong>Me-</strong></span> 
     </span>
    </p>
   </div>
   <div class='ocr_carea' id='block_1_62' title="bbox 432 3265 2002 3338">
    <p class='ocr_par' dir='ltr' id='par_1_62' title="bbox 432 3265 2002 3338">
     <span class='ocr_line' id='line_1_62' title="bbox 432 3265 2002 3338; baseline -0.001 -14"><span class='ocrx_word' id='word_1_442' title='bbox 432 3268 651 3332; x_wconf 91' lang='lat' dir='ltr'><strong>nandri,</strong></span> <span class='ocrx_word' id='word_1_443' title='bbox 687 3267 973 3331; x_wconf 87' lang='lat' dir='ltr'><strong>Satttrnili,</strong></span> <span class='ocrx_word' id='word_1_444' title='bbox 1006 3282 1070 3321; x_wconf 89' lang='lat' dir='ltr'><strong>ac</strong></span> <span class='ocrx_word' id='word_1_445' title='bbox 1105 3266 1377 3329; x_wconf 80' lang='lat' dir='ltr'><strong>Basilidae,</strong></span> <span class='ocrx_word' id='word_1_446' title='bbox 1410 3275 1465 3321; x_wconf 90' lang='lat' dir='ltr'><strong>et</strong></span> <span class='ocrx_word' id='word_1_447' title='bbox 1498 3265 1724 3335; x_wconf 88' lang='lat' dir='ltr'><strong>Nieolai,</strong></span> <span class='ocrx_word' id='word_1_448' title='bbox 1760 3269 2002 3338; x_wconf 87' lang='lat' dir='ltr'><strong>adeoque</strong></span> 
     </span>
    </p>
   </div>
   <div class='ocr_carea' id='block_1_63' title="bbox 429 3357 2001 3432">
    <p class='ocr_par' dir='ltr' id='par_1_63' title="bbox 429 3357 2001 3432">
     <span class='ocr_line' id='line_1_63' title="bbox 429 3357 2001 3432; baseline -0.002 -14"><span class='ocrx_word' id='word_1_449' title='bbox 429 3360 778 3432; x_wconf 81' lang='lat' dir='ltr'><strong>Carpocratis</strong></span> <span class='ocrx_word' id='word_1_450' title='bbox 809 3361 1004 3430; x_wconf 87' lang='lat' dir='ltr'><strong>ipsius,</strong></span> <span class='ocrx_word' id='word_1_451' title='bbox 1040 3369 1152 3413; x_wconf 91' lang='lat' dir='ltr'><strong>tum</strong></span> <span class='ocrx_word' id='word_1_452' title='bbox 1179 3357 1476 3425; x_wconf 85' lang='lat' dir='ltr'><strong>Valentini,</strong></span> <span class='ocrx_word' id='word_1_453' title='bbox 1507 3375 1538 3413; x_wconf 93' lang='lat' dir='ltr'><strong>a</strong></span> <span class='ocrx_word' id='word_1_454' title='bbox 1569 3376 1676 3429; x_wconf 92' lang='lat' dir='ltr'><strong>quo</strong></span> <span class='ocrx_word' id='word_1_455' title='bbox 1711 3370 2001 3432; x_wconf 82' lang='lat' dir='ltr'><strong>prepagata</strong></span> 
     </span>
    </p>
   </div>
   <div class='ocr_carea' id='block_1_64' title="bbox 433 3448 1999 3520">
    <p class='ocr_par' dir='ltr' id='par_1_64' title="bbox 433 3448 1999 3520">
     <span class='ocr_line' id='line_1_64' title="bbox 433 3448 1999 3520; baseline -0.001 -14"><span class='ocrx_word' id='word_1_456' title='bbox 433 3453 524 3506; x_wconf 85' lang='lat' dir='ltr'><strong>illa</strong></span> <span class='ocrx_word' id='word_1_457' title='bbox 551 3465 834 3520; x_wconf 89' lang='lat' dir='ltr'><strong>perperam</strong></span> <span class='ocrx_word' id='word_1_458' title='bbox 869 3450 1015 3504; x_wconf 79' lang='lat' dir='ltr'><strong>dicta</strong></span> <span class='ocrx_word' id='word_1_459' title='bbox 1045 3449 1302 3518; x_wconf 79' lang='lat' dir='ltr'><strong>cognitio,</strong></span> <span class='ocrx_word' id='word_1_460' title='bbox 1337 3464 1457 3519; x_wconf 73' lang='lat' dir='ltr'><strong>qua:</strong></span> <span class='ocrx_word' id='word_1_461' title='bbox 1493 3448 1872 3504; x_wconf 87' lang='lat' dir='ltr'><strong>Gnosticorum</strong></span> <span class='ocrx_word' id='word_1_462' title='bbox 1904 3465 1999 3504; x_wconf 89' lang='lat' dir='ltr'><strong>no-</strong></span> 
     </span>
    </p>
   </div>
   <div class='ocr_carea' id='block_1_65' title="bbox 430 3538 1998 3608">
    <p class='ocr_par' dir='ltr' id='par_1_65' title="bbox 430 3538 1998 3608">
     <span class='ocr_line' id='line_1_65' title="bbox 430 3538 1998 3608; baseline -0.004 -11"><span class='ocrx_word' id='word_1_463' title='bbox 430 3558 553 3597; x_wconf 86' lang='lat' dir='ltr'><strong>men</strong></span> <span class='ocrx_word' id='word_1_464' title='bbox 599 3542 715 3595; x_wconf 85' lang='lat' dir='ltr'><strong>suis</strong></span> <span class='ocrx_word' id='word_1_465' title='bbox 757 3539 1012 3594; x_wconf 91' lang='lat' dir='ltr'><strong>omnibus</strong></span> <span class='ocrx_word' id='word_1_466' title='bbox 1060 3538 1305 3592; x_wconf 79' lang='lat' dir='ltr'><strong>aliinxit:</strong></span> <span class='ocrx_word' id='word_1_467' title='bbox 1361 3539 1708 3608; x_wconf 89' lang='lat' dir='ltr'><strong>indidemque</strong></span> <span class='ocrx_word' id='word_1_468' title='bbox 1755 3538 1998 3595; x_wconf 85' lang='lat' dir='ltr'><strong>Gnostici</strong></span> 
     </span>
    </p>
   </div>
   <div class='ocr_carea' id='block_1_66' title="bbox 428 3628 1998 3700">
    <p class='ocr_par' dir='ltr' id='par_1_66' title="bbox 428 3628 1998 3700">
     <span class='ocr_line' id='line_1_66' title="bbox 428 3628 1998 3700; baseline -0.003 -12"><span class='ocrx_word' id='word_1_469' title='bbox 428 3633 528 3696; x_wconf 88' lang='lat' dir='ltr'><strong>illi,</strong></span> <span class='ocrx_word' id='word_1_470' title='bbox 562 3631 630 3686; x_wconf 90' lang='lat' dir='ltr'><strong>de</strong></span> <span class='ocrx_word' id='word_1_471' title='bbox 656 3630 857 3700; x_wconf 87' lang='lat' dir='ltr'><strong>quibus</strong></span> <span class='ocrx_word' id='word_1_472' title='bbox 898 3629 1139 3698; x_wconf 81' lang='lat' dir='ltr'><strong>proxime</strong></span> <span class='ocrx_word' id='word_1_473' title='bbox 1176 3629 1599 3698; x_wconf 87' lang='lat' dir='ltr'><strong>disputavimus,</strong></span> <span class='ocrx_word' id='word_1_474' title='bbox 1627 3628 1998 3700; x_wconf 82' lang='lat' dir='ltr'><strong>Catagnostici</strong></span> 
     </span>
    </p>
   </div>
   <div class='ocr_carea' id='block_1_67' title="bbox 432 3720 1553 3795">
    <p class='ocr_par' dir='ltr' id='par_1_67' title="bbox 432 3720 1553 3795">
     <span class='ocr_line' id='line_1_67' title="bbox 432 3720 1553 3795; baseline -0.003 -18"><span class='ocrx_word' id='word_1_475' title='bbox 432 3723 637 3795; x_wconf 88' lang='lat' dir='ltr'><strong>potius,</strong></span> <span class='ocrx_word' id='word_1_476' title='bbox 668 3722 769 3776; x_wconf 90' lang='lat' dir='ltr'><strong>hoc</strong></span> <span class='ocrx_word' id='word_1_477' title='bbox 795 3729 879 3777; x_wconf 77' lang='lat' dir='ltr'><strong>est</strong></span> <span class='ocrx_word' id='word_1_478' title='bbox 913 3720 1199 3774; x_wconf 66' lang='lat' dir='ltr'><strong>Damnare:</strong></span> <span class='ocrx_word' id='word_1_479' title='bbox 1225 3720 1553 3791; x_wconf 86' lang='lat' dir='ltr'><strong>appellandi.</strong></span> 
     </span>
    </p>
   </div>
   <div class='ocr_carea' id='block_1_68' title="bbox 509 3811 1998 3884">
    <p class='ocr_par' dir='ltr' id='par_1_68' title="bbox 509 3811 1998 3884">
     <span class='ocr_line' id='line_1_68' title="bbox 509 3811 1998 3884; baseline 0 -16"><span class='ocrx_word' id='word_1_480' title='bbox 509 3814 570 3870; x_wconf 92' lang='lat' dir='ltr'><strong>ll.</strong></span> <span class='ocrx_word' id='word_1_481' title='bbox 609 3813 713 3870; x_wconf 88' lang='lat' dir='ltr'><strong>Sed</strong></span> <span class='ocrx_word' id='word_1_482' title='bbox 745 3822 802 3867; x_wconf 90' lang='lat' dir='ltr'><strong>ut</strong></span> <span class='ocrx_word' id='word_1_483' title='bbox 831 3813 896 3866; x_wconf 90' lang='lat' dir='ltr'><strong>ad</strong></span> <span class='ocrx_word' id='word_1_484' title='bbox 923 3813 1304 3881; x_wconf 85' lang='lat' dir='ltr'><strong>Carpocratem</strong></span> <span class='ocrx_word' id='word_1_485' title='bbox 1337 3811 1574 3876; x_wconf 90' lang='lat' dir='ltr'><strong>redeam,</strong></span> <span class='ocrx_word' id='word_1_486' title='bbox 1611 3813 1656 3868; x_wconf 90' lang='lat' dir='ltr'><strong>is</strong></span> <span class='ocrx_word' id='word_1_487' title='bbox 1686 3829 1998 3884; x_wconf 88' lang='lat' dir='ltr'><strong>supremum</strong></span> 
     </span>
    </p>
   </div>
   <div class='ocr_carea' id='block_1_69' title="bbox 434 3905 2003 3978">
    <p class='ocr_par' dir='ltr' id='par_1_69' title="bbox 434 3905 2003 3978">
     <span class='ocr_line' id='line_1_69' title="bbox 434 3905 2003 3978; baseline -0.001 -16"><span class='ocrx_word' id='word_1_488' title='bbox 434 3909 650 3978; x_wconf 84' lang='lat' dir='ltr'><strong>quidem</strong></span> <span class='ocrx_word' id='word_1_489' title='bbox 693 3907 1019 3977; x_wconf 88' lang='lat' dir='ltr'><strong>principium</strong></span> <span class='ocrx_word' id='word_1_490' title='bbox 1053 3921 1220 3959; x_wconf 90' lang='lat' dir='ltr'><strong>unum</strong></span> <span class='ocrx_word' id='word_1_491' title='bbox 1253 3906 1470 3969; x_wconf 88' lang='lat' dir='ltr'><strong>asserit,</strong></span> <span class='ocrx_word' id='word_1_492' title='bbox 1507 3907 1864 3976; x_wconf 89' lang='lat' dir='ltr'><strong>eumdemque</strong></span> <span class='ocrx_word' id='word_1_493' title='bbox 1907 3905 2003 3960; x_wconf 82' lang='lat' dir='ltr'><strong>Pa-</strong></span> 
     </span>
    </p>
   </div>
   <div class='ocr_carea' id='block_1_70' title="bbox 429 3996 2000 4067">
    <p class='ocr_par' dir='ltr' id='par_1_70' title="bbox 429 3996 2000 4067">
     <span class='ocr_line' id='line_1_70' title="bbox 429 3996 2000 4067; baseline -0.001 -12"><span class='ocrx_word' id='word_1_494' title='bbox 429 4008 638 4055; x_wconf 90' lang='lat' dir='ltr'><strong>rentcm</strong></span> <span class='ocrx_word' id='word_1_495' title='bbox 687 3998 953 4058; x_wconf 90' lang='lat' dir='ltr'><strong>omnium,</strong></span> <span class='ocrx_word' id='word_1_496' title='bbox 994 4005 1048 4051; x_wconf 90' lang='lat' dir='ltr'><strong>et</strong></span> <span class='ocrx_word' id='word_1_497' title='bbox 1085 3996 1444 4067; x_wconf 81' lang='lat' dir='ltr'><strong>incognitum,</strong></span> <span class='ocrx_word' id='word_1_498' title='bbox 1479 4013 1580 4052; x_wconf 90' lang='lat' dir='ltr'><strong>nec</strong></span> <span class='ocrx_word' id='word_1_499' title='bbox 1620 3999 1731 4052; x_wconf 91' lang='lat' dir='ltr'><strong>ullo</strong></span> <span class='ocrx_word' id='word_1_500' title='bbox 1780 3999 2000 4054; x_wconf 89' lang='lat' dir='ltr'><strong>nomine</strong></span> 
     </span>
    </p>
   </div>
   <div class='ocr_carea' id='block_1_71' title="bbox 429 4089 1994 4163">
    <p class='ocr_par' dir='ltr' id='par_1_71' title="bbox 429 4089 1994 4163">
     <span class='ocr_line' id='line_1_71' title="bbox 429 4089 1994 4163; baseline -0.001 -18"><span class='ocrx_word' id='word_1_501' title='bbox 429 4093 818 4163; x_wconf 66' lang='lat' dir='ltr'><strong>signiﬁcatum,</strong></span> <span class='ocrx_word' id='word_1_502' title='bbox 866 4089 1091 4159; x_wconf 88' lang='lat' dir='ltr'><strong>perinde</strong></span> <span class='ocrx_word' id='word_1_503' title='bbox 1141 4098 1197 4142; x_wconf 92' lang='lat' dir='ltr'><strong>ut</strong></span> <span class='ocrx_word' id='word_1_504' title='bbox 1229 4090 1443 4151; x_wconf 69' lang='lat' dir='ltr'><strong>caeteri,</strong></span> <span class='ocrx_word' id='word_1_505' title='bbox 1497 4090 1678 4144; x_wconf 87' lang='lat' dir='ltr'><strong>studet</strong></span> <span class='ocrx_word' id='word_1_506' title='bbox 1733 4106 1994 4145; x_wconf 82' lang='lat' dir='ltr'><strong>asserere.</strong></span> 
     </span>
    </p>
   </div>
   <div class='ocr_carea' id='block_1_72' title="bbox 429 4178 1998 4250">
    <p class='ocr_par' dir='ltr' id='par_1_72' title="bbox 429 4178 1998 4250">
     <span class='ocr_line' id='line_1_72' title="bbox 429 4178 1998 4250; baseline -0.001 -15"><span class='ocrx_word' id='word_1_507' title='bbox 429 4181 688 4236; x_wconf 77' lang='lat' dir='ltr'><strong>Mundam</strong></span> <span class='ocrx_word' id='word_1_508' title='bbox 716 4193 847 4232; x_wconf 83' lang='lat' dir='ltr'><strong>vero</strong></span> <span class='ocrx_word' id='word_1_509' title='bbox 875 4185 929 4232; x_wconf 91' lang='lat' dir='ltr'><strong>et</strong></span> <span class='ocrx_word' id='word_1_510' title='bbox 962 4193 1080 4246; x_wconf 78' lang='lat' dir='ltr'><strong>quae</strong></span> <span class='ocrx_word' id='word_1_511' title='bbox 1111 4178 1313 4232; x_wconf 84' lang='lat' dir='ltr'><strong>mundo</strong></span> <span class='ocrx_word' id='word_1_512' title='bbox 1342 4179 1692 4234; x_wconf 87' lang='lat' dir='ltr'><strong>continentur</strong></span> <span class='ocrx_word' id='word_1_513' title='bbox 1725 4181 1794 4234; x_wconf 90' lang='lat' dir='ltr'><strong>ab</strong></span> <span class='ocrx_word' id='word_1_514' title='bbox 1835 4195 1998 4250; x_wconf 84' lang='lat' dir='ltr'><strong>ange-</strong></span> 
     </span>
    </p>
   </div>
   <div class='ocr_carea' id='block_1_73' title="bbox 427 4267 1998 4340">
    <p class='ocr_par' dir='ltr' id='par_1_73' title="bbox 427 4267 1998 4340">
     <span class='ocr_line' id='line_1_73' title="bbox 427 4267 1998 4340; baseline -0.002 -15"><span class='ocrx_word' id='word_1_515' title='bbox 427 4272 496 4325; x_wconf 90' lang='lat' dir='ltr'><strong>lis</strong></span> <span class='ocrx_word' id='word_1_516' title='bbox 523 4285 647 4324; x_wconf 87' lang='lat' dir='ltr'><strong>esse</strong></span> <span class='ocrx_word' id='word_1_517' title='bbox 679 4267 844 4332; x_wconf 88' lang='lat' dir='ltr'><strong>facta,</strong></span> <span class='ocrx_word' id='word_1_518' title='bbox 886 4268 978 4334; x_wconf 85' lang='lat' dir='ltr'><strong>qui</strong></span> <span class='ocrx_word' id='word_1_519' title='bbox 1012 4267 1289 4338; x_wconf 78' lang='lat' dir='ltr'><strong>incognito</strong></span> <span class='ocrx_word' id='word_1_520' title='bbox 1323 4269 1417 4322; x_wconf 93' lang='lat' dir='ltr'><strong>illo</strong></span> <span class='ocrx_word' id='word_1_521' title='bbox 1464 4278 1686 4338; x_wconf 89' lang='lat' dir='ltr'><strong>parente</strong></span> <span class='ocrx_word' id='word_1_522' title='bbox 1720 4269 1878 4340; x_wconf 79' lang='lat' dir='ltr'><strong>longe</strong></span> <span class='ocrx_word' id='word_1_523' title='bbox 1915 4271 1998 4323; x_wconf 87' lang='lat' dir='ltr'><strong>in-</strong></span> 
     </span>
    </p>
   </div>
   <div class='ocr_carea' id='block_1_74' title="bbox 2107 3087 3683 3158">
    <p class='ocr_par' dir='ltr' id='par_1_74' title="bbox 2107 3087 3683 3158">
     <span class='ocr_line' id='line_1_74' title="bbox 2107 3087 3683 3158; baseline -0.003 -17"><span class='ocrx_word' id='word_1_524' title='bbox 2107 3089 2285 3158; x_wconf 89' lang='grc' dir='ltr'>μένος.</span> <span class='ocrx_word' id='word_1_525' title='bbox 2340 3089 2434 3141; x_wconf 87' lang='grc' dir='ltr'>Ἐκ</span> <span class='ocrx_word' id='word_1_526' title='bbox 2467 3088 2682 3141; x_wconf 84' lang='grc' dir='ltr'>πάντων</span> <span class='ocrx_word' id='word_1_527' title='bbox 2710 3087 2817 3158; x_wconf 83' lang='grc' dir='ltr'>γὰρ</span> <span class='ocrx_word' id='word_1_528' title='bbox 2855 3087 3057 3140; x_wconf 88' lang='grc' dir='ltr'>τούτων</span> <span class='ocrx_word' id='word_1_529' title='bbox 3088 3087 3329 3156; x_wconf 82' lang='grc' dir='ltr'>Σίμωνός</span> <span class='ocrx_word' id='word_1_530' title='bbox 3357 3103 3418 3139; x_wconf 87' lang='grc' dir='ltr'><strong>τε</strong></span> <span class='ocrx_word' id='word_1_531' title='bbox 3448 3088 3554 3140; x_wconf 80' lang='grc' dir='ltr'>καὶ</span> <span class='ocrx_word' id='word_1_532' title='bbox 3584 3089 3683 3140; x_wconf 79' lang='grc' dir='ltr'><strong>Με-</strong></span> 
     </span>
    </p>
   </div>
   <div class='ocr_carea' id='block_1_75' title="bbox 2103 3176 3681 3250">
    <p class='ocr_par' dir='ltr' id='par_1_75' title="bbox 2103 3176 3681 3250">
     <span class='ocr_line' id='line_1_75' title="bbox 2103 3176 3681 3250; baseline -0.003 -19"><span class='ocrx_word' id='word_1_533' title='bbox 2103 3179 2326 3249; x_wconf 87' lang='grc' dir='ltr'>νάνδρου</span> <span class='ocrx_word' id='word_1_534' title='bbox 2349 3217 2362 3241; x_wconf 89' lang='grc'><strong>,</strong></span> <span class='ocrx_word' id='word_1_535' title='bbox 2400 3178 2719 3250; x_wconf 86' lang='grc' dir='ltr'>Σατορνίλου</span> <span class='ocrx_word' id='word_1_536' title='bbox 2748 3195 2808 3230; x_wconf 90' lang='grc' dir='ltr'><strong>τε</strong></span> <span class='ocrx_word' id='word_1_537' title='bbox 2852 3178 2946 3230; x_wconf 74' lang='grc' dir='ltr'><strong>καὶ</strong></span> <span class='ocrx_word' id='word_1_538' title='bbox 2989 3176 3334 3241; x_wconf 83' lang='grc' dir='ltr'>Βασιλείδου,</span> <span class='ocrx_word' id='word_1_539' title='bbox 3373 3177 3476 3228; x_wconf 72' lang='grc' dir='ltr'><strong>καὶ</strong></span> <span class='ocrx_word' id='word_1_540' title='bbox 3524 3177 3681 3228; x_wconf 77' lang='grc' dir='ltr'>Νικο-</span> 
     </span>
    </p>
   </div>
   <div class='ocr_carea' id='block_1_76' title="bbox 2102 3268 3684 3339">
    <p class='ocr_par' dir='ltr' id='par_1_76' title="bbox 2102 3268 3684 3339">
     <span class='ocr_line' id='line_1_76' title="bbox 2102 3268 3684 3339; baseline -0.001 -17"><span class='ocrx_word' id='word_1_541' title='bbox 2102 3270 2254 3329; x_wconf 86' lang='grc' dir='ltr'>λάου.</span> <span class='ocrx_word' id='word_1_542' title='bbox 2281 3269 2375 3322; x_wconf 74' lang='grc' dir='ltr'><strong>καὶ</strong></span> <span class='ocrx_word' id='word_1_543' title='bbox 2403 3268 2567 3322; x_wconf 78' lang='grc' dir='ltr'>αὐτοῦ</span> <span class='ocrx_word' id='word_1_544' title='bbox 2596 3270 2689 3322; x_wconf 85' lang='grc' dir='ltr'>τοῦ</span> <span class='ocrx_word' id='word_1_545' title='bbox 2716 3270 3044 3339; x_wconf 86' lang='grc' dir='ltr'>Καρποκρᾶ,</span> <span class='ocrx_word' id='word_1_546' title='bbox 3075 3268 3154 3321; x_wconf 80' lang='grc' dir='ltr'>ἑτι</span> <span class='ocrx_word' id='word_1_547' title='bbox 3183 3268 3237 3320; x_wconf 84' lang='grc' dir='ltr'>δὲ</span> <span class='ocrx_word' id='word_1_548' title='bbox 3268 3271 3331 3320; x_wconf 86' lang='grc' dir='ltr'><strong>ἐκ</strong></span> <span class='ocrx_word' id='word_1_549' title='bbox 3357 3269 3684 3338; x_wconf 59' lang='grc' dir='ltr'>προφάσεως</span> 
     </span>
    </p>
   </div>
   <div class='ocr_carea' id='block_1_77' title="bbox 2104 3359 3684 3431">
    <p class='ocr_par' dir='ltr' id='par_1_77' title="bbox 2104 3359 3684 3431">
     <span class='ocr_line' id='line_1_77' title="bbox 2104 3359 3684 3431; baseline -0.001 -18"><span class='ocrx_word' id='word_1_550' title='bbox 2104 3360 2536 3431; x_wconf 84' lang='grc' dir='ltr'>ούαλεντίνου,ή</span> <span class='ocrx_word' id='word_1_551' title='bbox 2571 3361 2668 3431; x_wconf 83' lang='grc' dir='ltr'><strong>τῆς</strong></span> <span class='ocrx_word' id='word_1_552' title='bbox 2699 3359 3049 3430; x_wconf 71' lang='grc' dir='ltr'>ψευδωνύμου</span> <span class='ocrx_word' id='word_1_553' title='bbox 3083 3359 3335 3427; x_wconf 86' lang='grc' dir='ltr'>γνώσεως</span> <span class='ocrx_word' id='word_1_554' title='bbox 3370 3359 3522 3430; x_wconf 64' lang='grc' dir='ltr'>ἐφύη</span> <span class='ocrx_word' id='word_1_555' title='bbox 3547 3361 3684 3428; x_wconf 76' lang='grc' dir='ltr'>αἶρεο</span> 
     </span>
    </p>
   </div>
   <div class='ocr_carea' id='block_1_78' title="bbox 2105 3441 3684 3518">
    <p class='ocr_par' dir='ltr' id='par_1_78' title="bbox 2105 3441 3684 3518">
     <span class='ocr_line' id='line_1_78' title="bbox 2105 3441 3684 3518; baseline -0.002 -18"><span class='ocrx_word' id='word_1_556' title='bbox 2105 3465 2206 3511; x_wconf 86' lang='grc' dir='ltr'>σις,</span> <span class='ocrx_word' id='word_1_557' title='bbox 2241 3449 2362 3518; x_wconf 74' lang='grc' dir='ltr'>ἥτις</span> <span class='ocrx_word' id='word_1_558' title='bbox 2394 3448 2433 3499; x_wconf 89' lang='grc' dir='ltr'>Γ</span> <span class='ocrx_word' id='word_1_559' title='bbox 2435 3448 2731 3510; x_wconf 78' lang='grc' dir='ltr'>νωστικοὺς</span> <span class='ocrx_word' id='word_1_560' title='bbox 2754 3449 2881 3510; x_wconf 81' lang='grc' dir='ltr'>τοὺς</span> <span class='ocrx_word' id='word_1_561' title='bbox 2923 3447 3092 3517; x_wconf 80' lang='grc' dir='ltr'>αὐτῆς</span> <span class='ocrx_word' id='word_1_562' title='bbox 3135 3446 3422 3516; x_wconf 81' lang='grc' dir='ltr'>ὠνόμασεν</span> <span class='ocrx_word' id='word_1_563' title='bbox 3442 3488 3461 3510; x_wconf 94' lang='grc'><strong>,</strong></span> <span class='ocrx_word' id='word_1_564' title='bbox 3493 3447 3591 3513; x_wconf 65' lang='grc' dir='ltr'><strong>ἀφ’</strong></span> <span class='ocrx_word' id='word_1_565' title='bbox 3628 3441 3684 3512; x_wconf 72' lang='grc' dir='ltr'>ἧς</span> 
     </span>
    </p>
   </div>
   <div class='ocr_carea' id='block_1_79' title="bbox 2102 3538 3683 3611">
    <p class='ocr_par' dir='ltr' id='par_1_79' title="bbox 2102 3538 3683 3611">
     <span class='ocr_line' id='line_1_79' title="bbox 2102 3538 3683 3611; baseline -0.001 -19"><span class='ocrx_word' id='word_1_566' title='bbox 2102 3542 2149 3593; x_wconf 81' lang='lat' dir='ltr'><strong>oi</strong></span> <span class='ocrx_word' id='word_1_567' title='bbox 2183 3541 2222 3592; x_wconf 90' lang='grc' dir='ltr'><strong>Γ</strong></span> <span class='ocrx_word' id='word_1_568' title='bbox 2225 3541 2477 3592; x_wconf 76' lang='grc' dir='ltr'>νωστικοὶ</span> <span class='ocrx_word' id='word_1_569' title='bbox 2506 3539 2607 3611; x_wconf 76' lang='grc' dir='ltr'><strong>ἤδη</strong></span> <span class='ocrx_word' id='word_1_570' title='bbox 2638 3556 2727 3610; x_wconf 88' lang='grc' dir='ltr'><strong>μοι</strong></span> <span class='ocrx_word' id='word_1_571' title='bbox 2753 3538 3098 3608; x_wconf 84' lang='grc' dir='ltr'>δεδήλωνται,</span> <span class='ocrx_word' id='word_1_572' title='bbox 3122 3540 3571 3608; x_wconf 76' lang='grc' dir='ltr'>καταγνωστικοὶ</span> <span class='ocrx_word' id='word_1_573' title='bbox 3610 3539 3683 3589; x_wconf 67' lang='grc' dir='ltr'><strong>ἂ.-</strong></span> 
     </span>
    </p>
   </div>
   <div class='ocr_carea' id='block_1_80' title="bbox 2103 3631 2553 3702">
    <p class='ocr_par' dir='ltr' id='par_1_80' title="bbox 2103 3631 2553 3702">
     <span class='ocr_line' id='line_1_80' title="bbox 2103 3631 2553 3702; baseline 0.004 -18"><span class='ocrx_word' id='word_1_574' title='bbox 2103 3647 2190 3694; x_wconf 86' lang='grc' dir='ltr'><strong>τες</strong></span> <span class='ocrx_word' id='word_1_575' title='bbox 2215 3631 2304 3683; x_wconf 83' lang='grc' dir='ltr'><strong>τὸν</strong></span> <span class='ocrx_word' id='word_1_576' title='bbox 2332 3631 2553 3702; x_wconf 86' lang='grc' dir='ltr'>τρόπον.</span> 
     </span>
    </p>
   </div>
   <div class='ocr_carea' id='block_1_81' title="bbox 2172 3803 3682 3878">
    <p class='ocr_par' dir='ltr' id='par_1_81' title="bbox 2172 3803 3682 3878">
     <span class='ocr_line' id='line_1_81' title="bbox 2172 3803 3682 3878; baseline -0.003 -17"><span class='ocrx_word' id='word_1_577' title='bbox 2172 3811 2245 3861; x_wconf 94' lang='lat' dir='ltr'><strong>B&#39;.</strong></span> <span class='ocrx_word' id='word_1_578' title='bbox 2287 3803 2456 3872; x_wconf 73' lang='grc' dir='ltr'>Οὗτος</span> <span class='ocrx_word' id='word_1_579' title='bbox 2480 3809 2535 3862; x_wconf 83' lang='grc' dir='ltr'>δὲ</span> <span class='ocrx_word' id='word_1_580' title='bbox 2565 3808 2724 3862; x_wconf 86' lang='grc' dir='ltr'>πάλιν</span> <span class='ocrx_word' id='word_1_581' title='bbox 2751 3809 2862 3862; x_wconf 82' lang='grc' dir='ltr'>ἄνω</span> <span class='ocrx_word' id='word_1_582' title='bbox 2895 3808 2992 3878; x_wconf 84' lang='grc' dir='ltr'><strong>μὲν</strong></span> <span class='ocrx_word' id='word_1_583' title='bbox 3033 3806 3161 3877; x_wconf 86' lang='grc' dir='ltr'>μίαν</span> <span class='ocrx_word' id='word_1_584' title='bbox 3186 3805 3360 3877; x_wconf 77' lang='grc' dir='ltr'>ἀρχὴν</span> <span class='ocrx_word' id='word_1_585' title='bbox 3392 3805 3574 3875; x_wconf 77' lang='grc' dir='ltr'>λέγει,</span> <span class='ocrx_word' id='word_1_586' title='bbox 3599 3806 3682 3858; x_wconf 69' lang='grc' dir='ltr'><strong>καὶ</strong></span> 
     </span>
    </p>
   </div>
   <div class='ocr_carea' id='block_1_82' title="bbox 2103 3898 3677 3971">
    <p class='ocr_par' dir='ltr' id='par_1_82' title="bbox 2103 3898 3677 3971">
     <span class='ocr_line' id='line_1_82' title="bbox 2103 3898 3677 3971; baseline -0.003 -18"><span class='ocrx_word' id='word_1_587' title='bbox 2103 3899 2318 3971; x_wconf 83' lang='grc' dir='ltr'>Πατέρα</span> <span class='ocrx_word' id='word_1_588' title='bbox 2343 3900 2450 3953; x_wconf 83' lang='grc' dir='ltr'><strong>τῶν</strong></span> <span class='ocrx_word' id='word_1_589' title='bbox 2480 3900 2635 3960; x_wconf 82' lang='grc' dir='ltr'>ὅλων.</span> <span class='ocrx_word' id='word_1_590' title='bbox 2652 3901 2746 3954; x_wconf 77' lang='grc' dir='ltr'>καὶ</span> <span class='ocrx_word' id='word_1_591' title='bbox 2771 3900 3066 3967; x_wconf 76' lang='grc' dir='ltr'>ἄγνωστον,</span> <span class='ocrx_word' id='word_1_592' title='bbox 3089 3900 3184 3952; x_wconf 72' lang='grc' dir='ltr'><strong>καὶ</strong></span> <span class='ocrx_word' id='word_1_593' title='bbox 3212 3898 3677 3968; x_wconf 73' lang='grc' dir='ltr'>ἀκατονόμαστον,</span> 
     </span>
    </p>
   </div>
   <div class='ocr_carea' id='block_1_83' title="bbox 2103 3987 3683 4058">
    <p class='ocr_par' dir='ltr' id='par_1_83' title="bbox 2103 3987 3683 4058">
     <span class='ocr_line' id='line_1_83' title="bbox 2103 3987 3683 4058; baseline -0.004 -16"><span class='ocrx_word' id='word_1_594' title='bbox 2103 3989 2191 4042; x_wconf 82' lang='grc' dir='ltr'><strong>ῐσα</strong></span> <span class='ocrx_word' id='word_1_595' title='bbox 2231 3992 2339 4053; x_wconf 88' lang='grc' dir='ltr'>τοῖς</span> <span class='ocrx_word' id='word_1_596' title='bbox 2372 3987 2547 4053; x_wconf 79' lang='grc' dir='ltr'>ἄλλοις</span> <span class='ocrx_word' id='word_1_597' title='bbox 2595 3991 2832 4056; x_wconf 76' lang='grc' dir='ltr'>εἰσάγειν</span> <span class='ocrx_word' id='word_1_598' title='bbox 2875 3988 3226 4058; x_wconf 76' lang='grc' dir='ltr'>βουλόμενοςο</span> <span class='ocrx_word' id='word_1_599' title='bbox 3267 3989 3361 4040; x_wconf 73' lang='grc' dir='ltr'>τὸν</span> <span class='ocrx_word' id='word_1_600' title='bbox 3387 3988 3446 4039; x_wconf 75' lang='grc' dir='ltr'>δὲ</span> <span class='ocrx_word' id='word_1_601' title='bbox 3486 3989 3683 4056; x_wconf 71' lang='grc' dir='ltr'>κόσμον</span> 
     </span>
    </p>
   </div>
   <div class='ocr_carea' id='block_1_84' title="bbox 2102 4081 3681 4153">
    <p class='ocr_par' dir='ltr' id='par_1_84' title="bbox 2102 4081 3681 4153">
     <span class='ocr_line' id='line_1_84' title="bbox 2102 4081 3681 4153; baseline -0.004 -18"><span class='ocrx_word' id='word_1_602' title='bbox 2102 4083 2194 4135; x_wconf 74' lang='grc' dir='ltr'>καὶ</span> <span class='ocrx_word' id='word_1_603' title='bbox 2230 4081 2298 4134; x_wconf 85' lang='grc' dir='ltr'><strong>τά</strong></span> <span class='ocrx_word' id='word_1_604' title='bbox 2340 4083 2396 4136; x_wconf 86' lang='grc' dir='ltr'><strong>ἐν</strong></span> <span class='ocrx_word' id='word_1_605' title='bbox 2425 4081 2502 4152; x_wconf 82' lang='grc' dir='ltr'>τῷ</span> <span class='ocrx_word' id='word_1_606' title='bbox 2533 4082 2720 4153; x_wconf 82' lang='grc' dir='ltr'>κόσμῳ</span> <span class='ocrx_word' id='word_1_607' title='bbox 2763 4082 2867 4134; x_wconf 79' lang='grc' dir='ltr'>ὑπὸ</span> <span class='ocrx_word' id='word_1_608' title='bbox 2900 4082 3145 4150; x_wconf 84' lang='grc' dir='ltr'>ἀγγέλων</span> <span class='ocrx_word' id='word_1_609' title='bbox 3179 4082 3552 4150; x_wconf 75' lang='grc' dir='ltr'>γεγενῆσθαι,</span> <span class='ocrx_word' id='word_1_610' title='bbox 3585 4081 3681 4132; x_wconf 63' lang='grc' dir='ltr'>τῶν</span> 
     </span>
    </p>
   </div>
   <div class='ocr_carea' id='block_1_85' title="bbox 2103 4173 3685 4245">
    <p class='ocr_par' dir='ltr' id='par_1_85' title="bbox 2103 4173 3685 4245">
     <span class='ocr_line' id='line_1_85' title="bbox 2103 4173 3685 4245; baseline -0.003 -18"><span class='ocrx_word' id='word_1_611' title='bbox 2103 4175 2236 4227; x_wconf 87' lang='grc' dir='ltr'>πολύ</span> <span class='ocrx_word' id='word_1_612' title='bbox 2283 4191 2334 4226; x_wconf 90' lang='grc' dir='ltr'><strong>τι</strong></span> <span class='ocrx_word' id='word_1_613' title='bbox 2364 4175 2468 4227; x_wconf 80' lang='grc' dir='ltr'><strong>ὑπὸ</strong></span> <span class='ocrx_word' id='word_1_614' title='bbox 2505 4174 2600 4226; x_wconf 77' lang='grc' dir='ltr'>τοῦ</span> <span class='ocrx_word' id='word_1_615' title='bbox 2649 4174 2862 4245; x_wconf 75' lang='grc' dir='ltr'>Πατρδς</span> <span class='ocrx_word' id='word_1_616' title='bbox 2904 4173 2995 4226; x_wconf 81' lang='grc' dir='ltr'>τοῦ</span> <span class='ocrx_word' id='word_1_617' title='bbox 3031 4173 3311 4241; x_wconf 82' lang='grc' dir='ltr'>ἀγνώστου</span> <span class='ocrx_word' id='word_1_618' title='bbox 3342 4174 3685 4242; x_wconf 67' lang='grc' dir='ltr'>ὑποϐεϐηκό-</span> 
     </span>
    </p>
   </div>
   <div class='ocr_carea' id='block_1_86' title="bbox 2101 4264 3686 4335">
    <p class='ocr_par' dir='ltr' id='par_1_86' title="bbox 2101 4264 3686 4335">
     <span class='ocr_line' id='line_1_86' title="bbox 2101 4264 3686 4335; baseline -0.002 -18"><span class='ocrx_word' id='word_1_619' title='bbox 2101 4282 2228 4320; x_wconf 84' lang='grc' dir='ltr'>των.</span> <span class='ocrx_word' id='word_1_620' title='bbox 2266 4264 2498 4328; x_wconf 82' lang='grc' dir='ltr'>Τούτους</span> <span class='ocrx_word' id='word_1_621' title='bbox 2528 4264 2636 4335; x_wconf 82' lang='grc' dir='ltr'>γὰρ</span> <span class='ocrx_word' id='word_1_622' title='bbox 2679 4265 2857 4332; x_wconf 86' lang='grc' dir='ltr'>λέγει,</span> <span class='ocrx_word' id='word_1_623' title='bbox 2903 4265 3248 4328; x_wconf 76' lang='grc' dir='ltr'>ἀποστάντας</span> <span class='ocrx_word' id='word_1_624' title='bbox 3290 4265 3398 4318; x_wconf 83' lang='grc' dir='ltr'><strong>άπὸ</strong></span> <span class='ocrx_word' id='word_1_625' title='bbox 3435 4265 3544 4335; x_wconf 73' lang='grc' dir='ltr'>τῆς</span> <span class='ocrx_word' id='word_1_626' title='bbox 3583 4267 3686 4316; x_wconf 69' lang='grc' dir='ltr'>ἅνω</span> 
     </span>
    </p>
   </div>
   <div class='ocr_carea' id='block_1_87' title="bbox 426 4355 2060 4430">
    <p class='ocr_par' dir='ltr' id='par_1_87' title="bbox 426 4358 2060 4430">
     <span class='ocr_line' id='line_1_87' title="bbox 426 4358 2060 4430; baseline -0.001 -15"><span class='ocrx_word' id='word_1_627' title='bbox 426 4361 679 4418; x_wconf 88' lang='lat' dir='ltr'><strong>feriorem</strong></span> <span class='ocrx_word' id='word_1_628' title='bbox 711 4359 991 4430; x_wconf 83' lang='lat' dir='ltr'><strong>dignitatis</strong></span> <span class='ocrx_word' id='word_1_629' title='bbox 1014 4359 1260 4413; x_wconf 90' lang='lat' dir='ltr'><strong>ordinem</strong></span> <span class='ocrx_word' id='word_1_630' title='bbox 1287 4366 1492 4414; x_wconf 87' lang='lat' dir='ltr'><strong>tenent.</strong></span> <span class='ocrx_word' id='word_1_631' title='bbox 1517 4358 1622 4414; x_wconf 86' lang='lat' dir='ltr'><strong>Eos</strong></span> <span class='ocrx_word' id='word_1_632' title='bbox 1650 4375 1778 4415; x_wconf 89' lang='lat' dir='ltr'><strong>vero</strong></span> <span class='ocrx_word' id='word_1_633' title='bbox 1808 4361 1997 4417; x_wconf 90' lang='lat' dir='ltr'><strong>statuit</strong></span> <span class='ocrx_word' id='word_1_634' title='bbox 2029 4367 2060 4425; x_wconf 74' lang='grc' dir='ltr'>ι]</span> 
     </span>
    </p>
   </div>
   <div class='ocr_carea' id='block_1_88' title="bbox 2129 4355 3685 4430">
    <p class='ocr_par' dir='ltr' id='par_1_88' title="bbox 2132 4355 3685 4428">
     <span class='ocr_line' id='line_1_88' title="bbox 2132 4355 3685 4428; baseline 0.001 -21"><span class='ocrx_word' id='word_1_635' title='bbox 2132 4355 2397 4427; x_wconf 81' lang='grc' dir='ltr'>υνάμεως,</span> <span class='ocrx_word' id='word_1_636' title='bbox 2427 4356 2569 4410; x_wconf 75' lang='grc' dir='ltr'>οὕτω</span> <span class='ocrx_word' id='word_1_637' title='bbox 2597 4357 2687 4410; x_wconf 82' lang='grc' dir='ltr'><strong>τὸν</strong></span> <span class='ocrx_word' id='word_1_638' title='bbox 2723 4358 2925 4428; x_wconf 81' lang='grc' dir='ltr'>κόσμον</span> <span class='ocrx_word' id='word_1_639' title='bbox 2958 4358 3338 4427; x_wconf 85' lang='grc' dir='ltr'>πεποιηκέναι.</span> <span class='ocrx_word' id='word_1_640' title='bbox 3381 4357 3604 4426; x_wconf 71' lang='grc' dir='ltr'>Ἰησοῦν</span> <span class='ocrx_word' id='word_1_641' title='bbox 3635 4357 3685 4409; x_wconf 74' lang='grc' dir='ltr'><strong>δὲ</strong></span> 
     </span>
    </p>
   </div>
   <div class='ocr_carea' id='block_1_89' title="bbox 383 4447 1995 4519">
    <p class='ocr_par' dir='ltr' id='par_1_89' title="bbox 383 4447 1995 4519">
     <span class='ocr_line' id='line_1_89' title="bbox 383 4447 1995 4519; baseline -0.002 -14"><span class='ocrx_word' id='word_1_642' title='bbox 383 4463 385 4466; x_wconf 83' lang='grc'>·</span> <span class='ocrx_word' id='word_1_643' title='bbox 425 4452 494 4505; x_wconf 89' lang='lat' dir='ltr'><strong>ab</strong></span> <span class='ocrx_word' id='word_1_644' title='bbox 528 4463 782 4519; x_wconf 85' lang='lat' dir='ltr'><strong>suprema</strong></span> <span class='ocrx_word' id='word_1_645' title='bbox 832 4449 1032 4502; x_wconf 89' lang='lat' dir='ltr'><strong>virtute</strong></span> <span class='ocrx_word' id='word_1_646' title='bbox 1064 4447 1378 4502; x_wconf 77' lang='lat' dir='ltr'><strong>deficientes</strong></span> <span class='ocrx_word' id='word_1_647' title='bbox 1427 4449 1688 4502; x_wconf 88' lang='lat' dir='ltr'><strong>mundum</strong></span> <span class='ocrx_word' id='word_1_648' title='bbox 1719 4449 1881 4504; x_wconf 90' lang='lat' dir='ltr'><strong>istum</strong></span> <span class='ocrx_word' id='word_1_649' title='bbox 1915 4448 1995 4502; x_wconf 86' lang='lat' dir='ltr'><strong>fa-</strong></span> 
     </span>
    </p>
   </div>
   <div class='ocr_carea' id='block_1_90' title="bbox 424 4537 1999 4609">
    <p class='ocr_par' dir='ltr' id='par_1_90' title="bbox 424 4537 1999 4609">
     <span class='ocr_line' id='line_1_90' title="bbox 424 4537 1999 4609; baseline -0.001 -11"><span class='ocrx_word' id='word_1_650' title='bbox 424 4543 689 4598; x_wconf 86' lang='lat' dir='ltr'><strong>bricasse.</strong></span> <span class='ocrx_word' id='word_1_651' title='bbox 723 4539 910 4596; x_wconf 84' lang='lat' dir='ltr'><strong>Jesum</strong></span> <span class='ocrx_word' id='word_1_652' title='bbox 959 4554 1123 4609; x_wconf 90' lang='lat' dir='ltr'><strong>porro</strong></span> <span class='ocrx_word' id='word_1_653' title='bbox 1162 4537 1444 4594; x_wconf 87' lang='lat' dir='ltr'><strong>Dominum</strong></span> <span class='ocrx_word' id='word_1_654' title='bbox 1490 4548 1738 4595; x_wconf 89' lang='lat' dir='ltr'><strong>nostrmn</strong></span> <span class='ocrx_word' id='word_1_655' title='bbox 1782 4555 1812 4593; x_wconf 89' lang='lat' dir='ltr'><strong>a</strong></span> <span class='ocrx_word' id='word_1_656' title='bbox 1844 4539 1999 4596; x_wconf 84' lang='lat' dir='ltr'><strong>Jose-</strong></span> 
     </span>
    </p>
   </div>
   <div class='ocr_carea' id='block_1_91' title="bbox 426 4632 2000 4704">
    <p class='ocr_par' dir='ltr' id='par_1_91' title="bbox 426 4632 2000 4704">
     <span class='ocr_line' id='line_1_91' title="bbox 426 4632 2000 4704; baseline 0.003 -18"><span class='ocrx_word' id='word_1_657' title='bbox 426 4635 536 4702; x_wconf 89' lang='lat' dir='ltr'><strong>pho</strong></span> <span class='ocrx_word' id='word_1_658' title='bbox 581 4634 850 4704; x_wconf 76' lang='lat' dir='ltr'><strong>genitum,</strong></span> <span class='ocrx_word' id='word_1_659' title='bbox 885 4634 961 4687; x_wconf 89' lang='lat' dir='ltr'><strong>uti</strong></span> <span class='ocrx_word' id='word_1_660' title='bbox 993 4632 1173 4688; x_wconf 67' lang='lat' dir='ltr'><strong>caeteri</strong></span> <span class='ocrx_word' id='word_1_661' title='bbox 1211 4634 1467 4688; x_wconf 88' lang='lat' dir='ltr'><strong>mortales</strong></span> <span class='ocrx_word' id='word_1_662' title='bbox 1489 4649 1556 4688; x_wconf 76' lang='lat' dir='ltr'><strong>ex</strong></span> <span class='ocrx_word' id='word_1_663' title='bbox 1589 4633 1691 4687; x_wconf 90' lang='lat' dir='ltr'><strong>viri</strong></span> <span class='ocrx_word' id='word_1_664' title='bbox 1725 4634 2000 4690; x_wconf 89' lang='lat' dir='ltr'><strong>mulieris-</strong></span> 
     </span>
    </p>
   </div>
   <div class='ocr_carea' id='block_1_92' title="bbox 421 4720 2002 4792">
    <p class='ocr_par' dir='ltr' id='par_1_92' title="bbox 421 4720 2002 4792">
     <span class='ocr_line' id='line_1_92' title="bbox 421 4720 2002 4792; baseline 0.002 -16"><span class='ocrx_word' id='word_1_665' title='bbox 421 4739 527 4792; x_wconf 88' lang='lat' dir='ltr'><strong>que</strong></span> <span class='ocrx_word' id='word_1_666' title='bbox 583 4725 791 4777; x_wconf 86' lang='lat' dir='ltr'><strong>semine</strong></span> <span class='ocrx_word' id='word_1_667' title='bbox 849 4730 1225 4792; x_wconf 89' lang='lat' dir='ltr'><strong>procreantur.</strong></span> <span class='ocrx_word' id='word_1_668' title='bbox 1262 4720 1415 4776; x_wconf 90' lang='lat' dir='ltr'><strong>llunc</strong></span> <span class='ocrx_word' id='word_1_669' title='bbox 1459 4723 1553 4792; x_wconf 88' lang='lat' dir='ltr'><strong>qui</strong></span> <span class='ocrx_word' id='word_1_670' title='bbox 1611 4724 1748 4778; x_wconf 90' lang='lat' dir='ltr'><strong>nihil</strong></span> <span class='ocrx_word' id='word_1_671' title='bbox 1777 4725 2002 4779; x_wconf 90' lang='lat' dir='ltr'><strong>omnino</strong></span> 
     </span>
    </p>
   </div>
   <div class='ocr_carea' id='block_1_93' title="bbox 421 4813 1998 4886">
    <p class='ocr_par' dir='ltr' id='par_1_93' title="bbox 421 4813 1998 4886">
     <span class='ocr_line' id='line_1_93' title="bbox 421 4813 1998 4886; baseline 0.001 -18"><span class='ocrx_word' id='word_1_672' title='bbox 421 4814 651 4884; x_wconf 77' lang='lat' dir='ltr'><strong>reliquis</strong></span> <span class='ocrx_word' id='word_1_673' title='bbox 679 4814 746 4868; x_wconf 87' lang='lat' dir='ltr'><strong>ab</strong></span> <span class='ocrx_word' id='word_1_674' title='bbox 773 4813 1090 4869; x_wconf 86' lang='lat' dir='ltr'><strong>hominibus</strong></span> <span class='ocrx_word' id='word_1_675' title='bbox 1115 4813 1376 4879; x_wconf 77' lang='lat' dir='ltr'><strong>differret,</strong></span> <span class='ocrx_word' id='word_1_676' title='bbox 1412 4816 1536 4869; x_wconf 66' lang='lat' dir='ltr'><strong>vitae</strong></span> <span class='ocrx_word' id='word_1_677' title='bbox 1576 4815 1749 4869; x_wconf 90' lang='lat' dir='ltr'><strong>solum</strong></span> <span class='ocrx_word' id='word_1_678' title='bbox 1781 4831 1998 4886; x_wconf 78' lang='lat' dir='ltr'><strong>genere,</strong></span> 
     </span>
    </p>
   </div>
   <div class='ocr_carea' id='block_1_94' title="bbox 423 4905 1997 4976">
    <p class='ocr_par' dir='ltr' id='par_1_94' title="bbox 423 4905 1997 4976">
     <span class='ocr_line' id='line_1_94' title="bbox 423 4905 1997 4976; baseline 0.003 -17"><span class='ocrx_word' id='word_1_679' title='bbox 423 4921 487 4959; x_wconf 85' lang='lat' dir='ltr'><strong>ac</strong></span> <span class='ocrx_word' id='word_1_680' title='bbox 524 4905 906 4974; x_wconf 85' lang='lat' dir='ltr'><strong>temperantia,</strong></span> <span class='ocrx_word' id='word_1_681' title='bbox 935 4916 991 4961; x_wconf 90' lang='lat' dir='ltr'><strong>et</strong></span> <span class='ocrx_word' id='word_1_682' title='bbox 1036 4907 1257 4971; x_wconf 88' lang='lat' dir='ltr'><strong>virtttte,</strong></span> <span class='ocrx_word' id='word_1_683' title='bbox 1306 4921 1370 4961; x_wconf 86' lang='lat' dir='ltr'><strong>ac</strong></span> <span class='ocrx_word' id='word_1_684' title='bbox 1401 4907 1614 4976; x_wconf 86' lang='lat' dir='ltr'><strong>justitia</strong></span> <span class='ocrx_word' id='word_1_685' title='bbox 1657 4908 1997 4976; x_wconf 73' lang='lat' dir='ltr'><strong>praestitisse.</strong></span> 
     </span>
    </p>
   </div>
   <div class='ocr_carea' id='block_1_95' title="bbox 416 4997 1998 5069">
    <p class='ocr_par' dir='ltr' id='par_1_95' title="bbox 416 4997 1998 5069">
     <span class='ocr_line' id='line_1_95' title="bbox 416 4997 1998 5069; baseline 0.005 -24"><span class='ocrx_word' id='word_1_686' title='bbox 416 4997 531 5050; x_wconf 84' lang='lat' dir='ltr'><strong>Sed</strong></span> <span class='ocrx_word' id='word_1_687' title='bbox 568 5011 692 5051; x_wconf 92' lang='lat' dir='ltr'><strong>cum</strong></span> <span class='ocrx_word' id='word_1_688' title='bbox 740 4997 961 5053; x_wconf 86' lang='lat' dir='ltr'><strong>firmiori</strong></span> <span class='ocrx_word' id='word_1_689' title='bbox 993 4999 1362 5069; x_wconf 75' lang='lat' dir='ltr'><strong>vegetiorique</strong></span> <span class='ocrx_word' id='word_1_690' title='bbox 1405 5013 1570 5069; x_wconf 87' lang='lat' dir='ltr'><strong>quam</strong></span> <span class='ocrx_word' id='word_1_691' title='bbox 1615 4998 1705 5051; x_wconf 92' lang='lat' dir='ltr'><strong>alii</strong></span> <span class='ocrx_word' id='word_1_692' title='bbox 1751 4998 1998 5053; x_wconf 88' lang='lat' dir='ltr'><strong>homines</strong></span> 
     </span>
    </p>
   </div>
   <div class='ocr_carea' id='block_1_96' title="bbox 428 5087 1997 5160">
    <p class='ocr_par' dir='ltr' id='par_1_96' title="bbox 428 5087 1997 5160">
     <span class='ocr_line' id='line_1_96' title="bbox 428 5087 1997 5160; baseline -0.001 -16"><span class='ocrx_word' id='word_1_693' title='bbox 428 5087 584 5158; x_wconf 77' lang='lat'><strong>103</strong></span> <span class='ocrx_word' id='word_1_694' title='bbox 607 5096 755 5144; x_wconf 87' lang='lat' dir='ltr'><strong>esset</strong></span> <span class='ocrx_word' id='word_1_695' title='bbox 777 5089 957 5148; x_wconf 76' lang='lat' dir='ltr'><strong>anima</strong></span> <span class='ocrx_word' id='word_1_696' title='bbox 989 5091 1269 5159; x_wconf 70' lang='lat' dir='ltr'><strong>praeditus,</strong></span> <span class='ocrx_word' id='word_1_697' title='bbox 1301 5105 1601 5160; x_wconf 85' lang='lat' dir='ltr'><strong>eorumque</strong></span> <span class='ocrx_word' id='word_1_698' title='bbox 1635 5105 1754 5160; x_wconf 65' lang='lat' dir='ltr'><strong>quae</strong></span> <span class='ocrx_word' id='word_1_699' title='bbox 1779 5107 1997 5146; x_wconf 88' lang='lat' dir='ltr'><strong>sursum</strong></span> 
     </span>
    </p>
   </div>
   <div class='ocr_carea' id='block_1_97' title="bbox 497 5245 892 5311">
    <p class='ocr_par' dir='ltr' id='par_1_97' title="bbox 497 5245 892 5311">
     <span class='ocr_line' id='line_1_97' title="bbox 497 5245 892 5311; baseline 0.008 -10"><span class='ocrx_word' id='word_1_700' title='bbox 497 5247 514 5278; x_wconf 79' lang='grc'>⁸</span> <span class='ocrx_word' id='word_1_701' title='bbox 543 5245 702 5301; x_wconf 81' lang='lat' dir='ltr'><strong>Rom.</strong></span> <span class='ocrx_word' id='word_1_702' title='bbox 733 5263 772 5311; x_wconf 88' lang='grc' dir='ltr'><strong>ι,</strong></span> <span class='ocrx_word' id='word_1_703' title='bbox 802 5245 892 5304; x_wconf 72' lang='lat'><strong>2&#39;7.</strong></span> 
     </span>
    </p>
   </div>
   <div class='ocr_carea' id='block_1_98' title="bbox 495 5401 1996 5475">
    <p class='ocr_par' dir='ltr' id='par_1_98' title="bbox 495 5401 1996 5475">
     <span class='ocr_line' id='line_1_98' title="bbox 495 5401 1996 5475; baseline 0.001 -18"><span class='ocrx_word' id='word_1_704' title='bbox 495 5403 606 5474; x_wconf 81' lang='lat' dir='ltr'><strong>(8i)</strong></span> <span class='ocrx_word' id='word_1_705' title='bbox 646 5403 810 5455; x_wconf 78' lang='grc' dir='ltr'>Οὕτω</span> <span class='ocrx_word' id='word_1_706' title='bbox 852 5401 983 5475; x_wconf 58' lang='grc' dir='ltr'>γὰρ,</span> <span class='ocrx_word' id='word_1_707' title='bbox 1033 5403 1202 5470; x_wconf 69' lang='grc' dir='ltr'>φασὶ,</span> <span class='ocrx_word' id='word_1_708' title='bbox 1235 5403 1348 5471; x_wconf 78' lang='grc' dir='ltr'><strong>τὴν</strong></span> <span class='ocrx_word' id='word_1_709' title='bbox 1382 5405 1788 5474; x_wconf 72' lang='grc' dir='ltr'>ἀπειρώὸινον.</span> <span class='ocrx_word' id='word_1_710' title='bbox 1817 5404 1996 5460; x_wconf 82' lang='lat' dir='ltr'><strong>Fabu-</strong></span> 
     </span>
    </p>
   </div>
   <div class='ocr_carea' id='block_1_99' title="bbox 424 5472 1997 5545">
    <p class='ocr_par' dir='ltr' id='par_1_99' title="bbox 424 5472 1997 5545">
     <span class='ocr_line' id='line_1_99' title="bbox 424 5472 1997 5545; baseline 0.001 -19"><span class='ocrx_word' id='word_1_711' title='bbox 424 5472 531 5527; x_wconf 88' lang='lat' dir='ltr'><strong>lam</strong></span> <span class='ocrx_word' id='word_1_712' title='bbox 558 5483 741 5526; x_wconf 82' lang='lat' dir='ltr'><strong>narrat</strong></span> <span class='ocrx_word' id='word_1_713' title='bbox 769 5481 821 5526; x_wconf 92' lang='lat' dir='ltr'><strong>et</strong></span> <span class='ocrx_word' id='word_1_714' title='bbox 850 5472 988 5545; x_wconf 73' lang='lat' dir='ltr'><strong>l’ltn.</strong></span> <span class='ocrx_word' id='word_1_715' title='bbox 1020 5475 1053 5526; x_wconf 93' lang='lat' dir='ltr'><strong>l.</strong></span> <span class='ocrx_word' id='word_1_716' title='bbox 1084 5490 1282 5545; x_wconf 69' lang='lat' dir='ltr'><strong>x,_eap.</strong></span> <span class='ocrx_word' id='word_1_717' title='bbox 1310 5475 1399 5528; x_wconf 69' lang='lat'><strong>(32.</strong></span> <span class='ocrx_word' id='word_1_718' title='bbox 1425 5472 1526 5528; x_wconf 50' lang='lat' dir='ltr'><strong>(&quot;Ini</strong></span> <span class='ocrx_word' id='word_1_719' title='bbox 1551 5478 1703 5530; x_wconf 82' lang='lat' dir='ltr'><strong>tidem</strong></span> <span class='ocrx_word' id='word_1_720' title='bbox 1733 5477 1997 5545; x_wconf 73' lang='lat' dir='ltr'><strong>derogant</strong></span> 
     </span>
    </p>
   </div>
   <div class='ocr_carea' id='block_1_100' title="bbox 425 5543 1958 5616">
    <p class='ocr_par' dir='ltr' id='par_1_100' title="bbox 425 5543 1958 5616">
     <span class='ocr_line' id='line_1_100' title="bbox 425 5543 1958 5616; baseline 0.001 -18"><span class='ocrx_word' id='word_1_721' title='bbox 425 5543 1116 5616; x_wconf 54' lang='lat' dir='ltr'><strong>Philostratus,ﬁngimus</strong></span> <span class='ocrx_word' id='word_1_722' title='bbox 1145 5543 1364 5614; x_wconf 85' lang='lat' dir='ltr'><strong>Tyrius,</strong></span> <span class='ocrx_word' id='word_1_723' title='bbox 1410 5546 1596 5616; x_wconf 80' lang='lat' dir='ltr'><strong>diique</strong></span> <span class='ocrx_word' id='word_1_724' title='bbox 1629 5543 1958 5616; x_wconf 77' lang='lat' dir='ltr'><strong>(-omplures.</strong></span> 
     </span>
    </p>
   </div>
   <div class='ocr_carea' id='block_1_101' title="bbox 500 5609 1996 5685">
    <p class='ocr_par' dir='ltr' id='par_1_101' title="bbox 500 5609 1996 5685">
     <span class='ocr_line' id='line_1_101' title="bbox 500 5609 1996 5685; baseline 0.001 -16"><span class='ocrx_word' id='word_1_725' title='bbox 500 5616 612 5685; x_wconf 64' lang='lat'><strong>(8‘2)</strong></span> <span class='ocrx_word' id='word_1_726' title='bbox 653 5615 782 5665; x_wconf 84' lang='grc' dir='ltr'>Ὅτε</span> <span class='ocrx_word' id='word_1_727' title='bbox 816 5609 894 5682; x_wconf 78' lang='grc' dir='ltr'><strong>ἦν</strong></span> <span class='ocrx_word' id='word_1_728' title='bbox 919 5615 988 5666; x_wconf 77' lang='grc' dir='ltr'><strong>ἐν</strong></span> <span class='ocrx_word' id='word_1_729' title='bbox 1017 5613 1088 5681; x_wconf 80' lang='grc' dir='ltr'>τῇ</span> <span class='ocrx_word' id='word_1_730' title='bbox 1119 5609 1407 5682; x_wconf 54' lang='grc' dir='ltr'>περιφορᾳ</span> <span class='ocrx_word' id='word_1_731' title='bbox 1469 5609 1791 5669; x_wconf 66' lang='lat' dir='ltr'><strong>comitatum</strong></span> <span class='ocrx_word' id='word_1_732' title='bbox 1816 5617 1996 5672; x_wconf 87' lang='lat' dir='ltr'><strong>reddi-</strong></span> 
     </span>
    </p>
   </div>
   <div class='ocr_carea' id='block_1_102' title="bbox 428 5686 1996 5757">
    <p class='ocr_par' dir='ltr' id='par_1_102' title="bbox 428 5686 1996 5757">
     <span class='ocr_line' id='line_1_102' title="bbox 428 5686 1996 5757; baseline 0.002 -16"><span class='ocrx_word' id='word_1_733' title='bbox 428 5686 625 5754; x_wconf 86' lang='lat' dir='ltr'><strong>dimus,</strong></span> <span class='ocrx_word' id='word_1_734' title='bbox 664 5691 721 5739; x_wconf 88' lang='lat' dir='ltr'><strong>ut</strong></span> <span class='ocrx_word' id='word_1_735' title='bbox 755 5699 852 5754; x_wconf 87' lang='lat' dir='ltr'><strong>pro</strong></span> <span class='ocrx_word' id='word_1_736' title='bbox 903 5687 1287 5756; x_wconf 77' lang='grc' dir='ltr'>συμπεριφορᾷ</span> <span class='ocrx_word' id='word_1_737' title='bbox 1337 5695 1648 5756; x_wconf 79' lang='lat' dir='ltr'><strong>usurpetur.</strong></span> <span class='ocrx_word' id='word_1_738' title='bbox 1695 5686 1828 5743; x_wconf 85' lang='lat' dir='ltr'><strong>Cum</strong></span> <span class='ocrx_word' id='word_1_739' title='bbox 1873 5689 1996 5757; x_wconf 87' lang='lat' dir='ltr'><strong>quis</strong></span> 
     </span>
    </p>
   </div>
   <div class='ocr_carea' id='block_1_103' title="bbox 2093 4448 3682 4520">
    <p class='ocr_par' dir='ltr' id='par_1_103' title="bbox 2093 4448 3682 4520">
     <span class='ocr_line' id='line_1_103' title="bbox 2093 4448 3682 4520; baseline 0.001 -19"><span class='ocrx_word' id='word_1_740' title='bbox 2093 4448 2185 4501; x_wconf 85' lang='grc' dir='ltr'><strong>τὸν</strong></span> <span class='ocrx_word' id='word_1_741' title='bbox 2233 4448 2432 4518; x_wconf 81' lang='grc' dir='ltr'>Κύριον</span> <span class='ocrx_word' id='word_1_742' title='bbox 2476 4448 2630 4520; x_wconf 77' lang='grc' dir='ltr'>ἡμῶν</span> <span class='ocrx_word' id='word_1_743' title='bbox 2683 4449 2792 4502; x_wconf 83' lang='grc' dir='ltr'>ἀπὸ</span> <span class='ocrx_word' id='word_1_744' title='bbox 2846 4448 3044 4520; x_wconf 72' lang='grc' dir='ltr'>Ἰωσὴφ</span> <span class='ocrx_word' id='word_1_745' title='bbox 3093 4449 3242 4518; x_wconf 89' lang='grc' dir='ltr'>λέγει</span> <span class='ocrx_word' id='word_1_746' title='bbox 3281 4449 3682 4518; x_wconf 71' lang='grc' dir='ltr'>γεγεννῆσθαι.</span> 
     </span>
    </p>
   </div>
   <div class='ocr_carea' id='block_1_104' title="bbox 2096 4541 3687 4613">
    <p class='ocr_par' dir='ltr' id='par_1_104' title="bbox 2096 4541 3687 4613">
     <span class='ocr_line' id='line_1_104' title="bbox 2096 4541 3687 4613; baseline 0.001 -19"><span class='ocrx_word' id='word_1_747' title='bbox 2096 4541 2348 4612; x_wconf 87' lang='grc' dir='ltr'>καθάπερ</span> <span class='ocrx_word' id='word_1_748' title='bbox 2379 4541 2472 4594; x_wconf 79' lang='grc' dir='ltr'><strong>καὶ</strong></span> <span class='ocrx_word' id='word_1_749' title='bbox 2506 4541 2704 4605; x_wconf 81' lang='grc' dir='ltr'>πάντες</span> <span class='ocrx_word' id='word_1_750' title='bbox 2731 4541 3007 4611; x_wconf 80' lang='grc' dir='ltr'>ἄνθρωποι</span> <span class='ocrx_word' id='word_1_751' title='bbox 3038 4545 3101 4595; x_wconf 83' lang='grc' dir='ltr'><strong>ὲκ</strong></span> <span class='ocrx_word' id='word_1_752' title='bbox 3132 4542 3456 4613; x_wconf 81' lang='grc' dir='ltr'>σπέρματος</span> <span class='ocrx_word' id='word_1_753' title='bbox 3498 4541 3687 4611; x_wconf 51' lang='grc' dir='ltr'>ἁνδῴς</span> 
     </span>
    </p>
   </div>
   <div class='ocr_carea' id='block_1_105' title="bbox 2099 4630 3686 4705">
    <p class='ocr_par' dir='ltr' id='par_1_105' title="bbox 2099 4630 3686 4705">
     <span class='ocr_line' id='line_1_105' title="bbox 2099 4630 3686 4705; baseline -0.003 -17"><span class='ocrx_word' id='word_1_754' title='bbox 2099 4634 2192 4688; x_wconf 75' lang='grc' dir='ltr'><strong>καὶ</strong></span> <span class='ocrx_word' id='word_1_755' title='bbox 2243 4634 2500 4702; x_wconf 83' lang='grc' dir='ltr'>γυναικὸς</span> <span class='ocrx_word' id='word_1_756' title='bbox 2549 4633 2932 4704; x_wconf 80' lang='grc' dir='ltr'>ἐγεννήθησαν.</span> <span class='ocrx_word' id='word_1_757' title='bbox 2982 4630 3136 4687; x_wconf 76' lang='grc' dir='ltr'>Εἶναι</span> <span class='ocrx_word' id='word_1_758' title='bbox 3178 4633 3235 4686; x_wconf 81' lang='grc' dir='ltr'><strong>δὲ</strong></span> <span class='ocrx_word' id='word_1_759' title='bbox 3289 4634 3460 4687; x_wconf 70' lang='grc' dir='ltr'>αὑτὸν</span> <span class='ocrx_word' id='word_1_760' title='bbox 3509 4636 3686 4705; x_wconf 77' lang='grc' dir='ltr'>ὅμοιον</span> 
     </span>
    </p>
   </div>
   <div class='ocr_carea' id='block_1_106' title="bbox 2101 4724 3689 4798">
    <p class='ocr_par' dir='ltr' id='par_1_106' title="bbox 2101 4724 3689 4798">
     <span class='ocr_line' id='line_1_106' title="bbox 2101 4724 3689 4798; baseline -0.001 -21"><span class='ocrx_word' id='word_1_761' title='bbox 2101 4727 2214 4787; x_wconf 87' lang='grc' dir='ltr'>τοῖς</span> <span class='ocrx_word' id='word_1_762' title='bbox 2255 4726 2419 4786; x_wconf 80' lang='grc' dir='ltr'>πᾶσι,</span> <span class='ocrx_word' id='word_1_763' title='bbox 2464 4724 2562 4796; x_wconf 82' lang='grc' dir='ltr'><strong>βίῳ</strong></span> <span class='ocrx_word' id='word_1_764' title='bbox 2608 4726 2664 4778; x_wconf 83' lang='grc' dir='ltr'><strong>δὲ</strong></span> <span class='ocrx_word' id='word_1_765' title='bbox 2696 4725 3090 4797; x_wconf 85' lang='grc' dir='ltr'>διενηνοχέναι,</span> <span class='ocrx_word' id='word_1_766' title='bbox 3140 4725 3479 4798; x_wconf 69' lang='grc' dir='ltr'>σωφροσύνῃ</span> <span class='ocrx_word' id='word_1_767' title='bbox 3510 4744 3573 4779; x_wconf 87' lang='grc' dir='ltr'><strong>τε</strong></span> <span class='ocrx_word' id='word_1_768' title='bbox 3605 4727 3689 4778; x_wconf 67' lang='grc' dir='ltr'><strong>καὶ</strong></span> 
     </span>
    </p>
   </div>
   <div class='ocr_carea' id='block_1_107' title="bbox 2102 4817 3687 4889">
    <p class='ocr_par' dir='ltr' id='par_1_107' title="bbox 2102 4817 3687 4889">
     <span class='ocr_line' id='line_1_107' title="bbox 2102 4817 3687 4889; baseline -0.001 -18"><span class='ocrx_word' id='word_1_769' title='bbox 2102 4819 2268 4889; x_wconf 82' lang='grc' dir='ltr'>ἀρετῇ</span> <span class='ocrx_word' id='word_1_770' title='bbox 2302 4819 2392 4870; x_wconf 79' lang='grc' dir='ltr'><strong>καὶ</strong></span> <span class='ocrx_word' id='word_1_771' title='bbox 2419 4817 2517 4888; x_wconf 85' lang='grc' dir='ltr'><strong>βίῳ</strong></span> <span class='ocrx_word' id='word_1_772' title='bbox 2546 4817 2911 4886; x_wconf 86' lang='grc' dir='ltr'>δικαιοσύνης.</span> <span class='ocrx_word' id='word_1_773' title='bbox 2958 4817 3172 4888; x_wconf 76' lang='grc' dir='ltr'>Ἐπειδὴ</span> <span class='ocrx_word' id='word_1_774' title='bbox 3197 4817 3277 4878; x_wconf 82' lang='grc' dir='ltr'>δὲ,</span> <span class='ocrx_word' id='word_1_775' title='bbox 3314 4819 3513 4887; x_wconf 70' lang='grc' dir='ltr'>φησὶν,</span> <span class='ocrx_word' id='word_1_776' title='bbox 3549 4820 3687 4870; x_wconf 72' lang='grc' dir='ltr'>εὗτο-</span> 
     </span>
    </p>
   </div>
   <div class='ocr_carea' id='block_1_108' title="bbox 2102 4909 3688 4980">
    <p class='ocr_par' dir='ltr' id='par_1_108' title="bbox 2102 4909 3688 4980">
     <span class='ocr_line' id='line_1_108' title="bbox 2102 4909 3688 4980; baseline 0.001 -20"><span class='ocrx_word' id='word_1_777' title='bbox 2102 4926 2189 4961; x_wconf 93' lang='grc' dir='ltr'><strong>νον</strong></span> <span class='ocrx_word' id='word_1_778' title='bbox 2221 4909 2344 4978; x_wconf 77' lang='grc' dir='ltr'>ἔσχε</span> <span class='ocrx_word' id='word_1_779' title='bbox 2373 4909 2550 4980; x_wconf 73' lang='grc' dir='ltr'>ψυχὴν</span> <span class='ocrx_word' id='word_1_780' title='bbox 2597 4909 2746 4980; x_wconf 73' lang='grc' dir='ltr'>παρὰ</span> <span class='ocrx_word' id='word_1_781' title='bbox 2793 4911 2923 4973; x_wconf 79' lang='grc' dir='ltr'>τοὺς</span> <span class='ocrx_word' id='word_1_782' title='bbox 2958 4909 3148 4973; x_wconf 78' lang='grc' dir='ltr'>ἄλλους</span> <span class='ocrx_word' id='word_1_783' title='bbox 3193 4910 3530 4980; x_wconf 79' lang='grc' dir='ltr'>ἀνθρώπους</span> <span class='ocrx_word' id='word_1_784' title='bbox 3553 4953 3568 4972; x_wconf 87' lang='grc'><strong>,</strong></span> <span class='ocrx_word' id='word_1_785' title='bbox 3603 4915 3688 4963; x_wconf 62' lang='lat' dir='ltr'><strong>tu&quot;.</strong></span> 
     </span>
    </p>
   </div>
   <div class='ocr_carea' id='block_1_109' title="bbox 2102 5000 3686 5073">
    <p class='ocr_par' dir='ltr' id='par_1_109' title="bbox 2102 5000 3686 5073">
     <span class='ocr_line' id='line_1_109' title="bbox 2102 5000 3686 5073; baseline 0.003 -24"><span class='ocrx_word' id='word_1_786' title='bbox 2102 5000 2438 5070; x_wconf 78' lang='grc' dir='ltr'>ἐμνημόνευε</span> <span class='ocrx_word' id='word_1_787' title='bbox 2472 5000 2540 5053; x_wconf 74' lang='grc' dir='ltr'>τὰ</span> <span class='ocrx_word' id='word_1_788' title='bbox 2567 5001 2831 5072; x_wconf 81' lang='grc' dir='ltr'>ὁραθέντα</span> <span class='ocrx_word' id='word_1_789' title='bbox 2873 5001 2966 5054; x_wconf 81' lang='grc' dir='ltr'>ὑπ’</span> <span class='ocrx_word' id='word_1_790' title='bbox 2995 5001 3166 5069; x_wconf 80' lang='grc' dir='ltr'>αὐτῆς</span> <span class='ocrx_word' id='word_1_791' title='bbox 3208 5003 3354 5064; x_wconf 79' lang='grc' dir='ltr'>ἅνω,</span> <span class='ocrx_word' id='word_1_792' title='bbox 3384 5003 3483 5054; x_wconf 79' lang='grc' dir='ltr'>ὅτε</span> <span class='ocrx_word' id='word_1_793' title='bbox 3527 5000 3597 5073; x_wconf 77' lang='grc' dir='ltr'>ἦν</span> <span class='ocrx_word' id='word_1_794' title='bbox 3639 5006 3686 5053; x_wconf 77' lang='grc' dir='ltr'>ἐν</span> 
     </span>
    </p>
   </div>
   <div class='ocr_carea' id='block_1_110' title="bbox 2101 5092 3737 5164">
    <p class='ocr_par' dir='ltr' id='par_1_110' title="bbox 2101 5092 3737 5164">
     <span class='ocr_line' id='line_1_110' title="bbox 2101 5092 3737 5164; baseline 0 -21"><span class='ocrx_word' id='word_1_795' title='bbox 2101 5095 2166 5162; x_wconf 80' lang='grc' dir='ltr'>τῇ</span> <span class='ocrx_word' id='word_1_796' title='bbox 2199 5094 2470 5164; x_wconf 73' lang='grc' dir='ltr'>περιφορᾷ</span> <span class='ocrx_word' id='word_1_797' title='bbox 2504 5092 2614 5164; x_wconf 71' lang='lat'><strong>(8‘2)</strong></span> <span class='ocrx_word' id='word_1_798' title='bbox 2646 5092 2738 5146; x_wconf 78' lang='grc' dir='ltr'>τοῦ</span> <span class='ocrx_word' id='word_1_799' title='bbox 2765 5092 3041 5161; x_wconf 85' lang='grc' dir='ltr'>ἀγνώστου</span> <span class='ocrx_word' id='word_1_800' title='bbox 3077 5094 3312 5163; x_wconf 82' lang='grc' dir='ltr'>Πατρὸς,</span> <span class='ocrx_word' id='word_1_801' title='bbox 3343 5095 3688 5150; x_wconf 67' lang='grc' dir='ltr'>ἀπεστάλθαι</span> <span class='ocrx_word' id='word_1_802' title='bbox 3736 5099 3737 5143; x_wconf 72' lang='lat' dir='ltr'><strong>l</strong></span> 
     </span>
    </p>
   </div>
   <div class='ocr_carea' id='block_1_111' title="bbox 969 5248 2416 5322">
    <p class='ocr_par' dir='ltr' id='par_1_111' title="bbox 969 5248 2416 5322">
     <span class='ocr_line' id='line_1_111' title="bbox 969 5248 2416 5322; baseline 0.005 -24"><span class='ocrx_word' id='word_1_803' title='bbox 969 5250 989 5279; x_wconf 84' lang='grc'>¹</span> <span class='ocrx_word' id='word_1_804' title='bbox 1012 5263 1102 5318; x_wconf 88' lang='grc' dir='ltr'><strong>γρ.</strong></span> <span class='ocrx_word' id='word_1_805' title='bbox 1133 5249 1391 5319; x_wconf 62' lang='grc' dir='ltr'>άφισμόν.</span> <span class='ocrx_word' id='word_1_806' title='bbox 1426 5248 1486 5304; x_wconf 89' lang='lat' dir='ltr'><strong>F.</strong></span> <span class='ocrx_word' id='word_1_807' title='bbox 1519 5249 1816 5322; x_wconf 77' lang='grc' dir='ltr'>ἀφρισμόν,</span> <span class='ocrx_word' id='word_1_808' title='bbox 1843 5249 1928 5305; x_wconf 89' lang='lat' dir='ltr'><strong>vel</strong></span> <span class='ocrx_word' id='word_1_809' title='bbox 1970 5248 2416 5320; x_wconf 76' lang='grc' dir='ltr'>άφροδισιασμόν.</span> 
     </span>
    </p>
   </div>
   <div class='ocr_carea' id='block_1_112' title="bbox 2107 5405 3692 5482">
    <p class='ocr_par' dir='ltr' id='par_1_112' title="bbox 2107 5405 3692 5482">
     <span class='ocr_line' id='line_1_112' title="bbox 2107 5405 3692 5482; baseline 0.005 -24"><span class='ocrx_word' id='word_1_810' title='bbox 2107 5405 2318 5482; x_wconf 63' lang='lat' dir='ltr'><strong>facilem</strong></span> <span class='ocrx_word' id='word_1_811' title='bbox 2368 5423 2428 5463; x_wconf 87' lang='lat' dir='ltr'><strong>se</strong></span> <span class='ocrx_word' id='word_1_812' title='bbox 2477 5408 2655 5482; x_wconf 81' lang='lat' dir='ltr'><strong>alteri,</strong></span> <span class='ocrx_word' id='word_1_813' title='bbox 2707 5419 2760 5464; x_wconf 93' lang='lat' dir='ltr'><strong>et</strong></span> <span class='ocrx_word' id='word_1_814' title='bbox 2807 5410 3198 5481; x_wconf 89' lang='lat' dir='ltr'><strong>obsequentem</strong></span> <span class='ocrx_word' id='word_1_815' title='bbox 3249 5413 3494 5482; x_wconf 64' lang='lat' dir='ltr'><strong>prabet.</strong></span> <span class='ocrx_word' id='word_1_816' title='bbox 3559 5415 3692 5469; x_wconf 77' lang='lat' dir='ltr'><strong>Sane</strong></span> 
     </span>
    </p>
   </div>
   <div class='ocr_carea' id='block_1_113' title="bbox 2106 5477 3692 5556">
    <p class='ocr_par' dir='ltr' id='par_1_113' title="bbox 2106 5477 3692 5556">
     <span class='ocr_line' id='line_1_113' title="bbox 2106 5477 3692 5556; baseline 0.005 -26"><span class='ocrx_word' id='word_1_817' title='bbox 2106 5477 2312 5531; x_wconf 86' lang='lat' dir='ltr'><strong>Theod.</strong></span> <span class='ocrx_word' id='word_1_818' title='bbox 2355 5481 2642 5556; x_wconf 31' lang='grc' dir='ltr'>διαγωγῆς.</span> <span class='ocrx_word' id='word_1_819' title='bbox 2673 5477 3106 5556; x_wconf 67' lang='grc' dir='ltr'>νυιιοιιιιιούειιε</span> <span class='ocrx_word' id='word_1_820' title='bbox 3152 5477 3268 5537; x_wconf 55' lang='lat' dir='ltr'><strong>est:</strong></span> <span class='ocrx_word' id='word_1_821' title='bbox 3293 5482 3414 5537; x_wconf 82' lang='lat' dir='ltr'><strong>Nisi</strong></span> <span class='ocrx_word' id='word_1_822' title='bbox 3459 5487 3594 5556; x_wconf 83' lang='lat' dir='ltr'><strong>quis</strong></span> <span class='ocrx_word' id='word_1_823' title='bbox 3633 5484 3692 5538; x_wconf 72' lang='lat' dir='ltr'><strong>ad</strong></span> 
     </span>
    </p>
   </div>
   <div class='ocr_carea' id='block_1_114' title="bbox 2102 5550 3692 5628">
    <p class='ocr_par' dir='ltr' id='par_1_114' title="bbox 2102 5550 3692 5628">
     <span class='ocr_line' id='line_1_114' title="bbox 2102 5550 3692 5628; baseline 0.004 -27"><span class='ocrx_word' id='word_1_824' title='bbox 2102 5550 2404 5628; x_wconf 72' lang='grc' dir='ltr'>περιφοράν</span> <span class='ocrx_word' id='word_1_825' title='bbox 2435 5553 2579 5628; x_wconf 73' lang='lat' dir='ltr'><strong>illam</strong></span> <span class='ocrx_word' id='word_1_826' title='bbox 2612 5552 2861 5628; x_wconf 71' lang='lat' dir='ltr'><strong>deorum,</strong></span> <span class='ocrx_word' id='word_1_827' title='bbox 2891 5563 2943 5607; x_wconf 90' lang='lat' dir='ltr'><strong>et</strong></span> <span class='ocrx_word' id='word_1_828' title='bbox 2972 5550 3692 5628; x_wconf 62' lang='lat' dir='ltr'><strong>circumactionern&#39;Plate-</strong></span> 
     </span>
    </p>
   </div>
   <div class='ocr_carea' id='block_1_115' title="bbox 2098 5623 3694 5742">
    <p class='ocr_par' dir='ltr' id='par_1_115' title="bbox 2098 5623 3694 5742">
     <span class='ocr_line' id='line_1_115' title="bbox 2098 5623 3694 5742; baseline 0.006 -72"><span class='ocrx_word' id='word_1_829' title='bbox 2098 5623 2278 5742; x_wconf 40' lang='lat' dir='ltr'><strong>};i/cagt</strong></span> <span class='ocrx_word' id='word_1_830' title='bbox 2315 5623 2621 5693; x_wconf 77' lang='lat' dir='ltr'><strong>respexisse</strong></span> <span class='ocrx_word' id='word_1_831' title='bbox 2651 5623 3033 5692; x_wconf 78' lang='lat' dir='ltr'><strong>Carpocratem</strong></span> <span class='ocrx_word' id='word_1_832' title='bbox 3059 5623 3355 5690; x_wconf 75' lang='lat' dir='ltr'><strong>existimet,</strong></span> <span class='ocrx_word' id='word_1_833' title='bbox 3399 5625 3480 5683; x_wconf 85' lang='lat' dir='ltr'><strong>de</strong></span> <span class='ocrx_word' id='word_1_834' title='bbox 3515 5631 3694 5699; x_wconf 77' lang='lat' dir='ltr'><strong>quam</strong></span> 
     </span>
     <span class='ocr_line' id='line_1_116' title="bbox 2164 5705 2348 5742; baseline 0 0"><span class='ocrx_word' id='word_1_835' title='bbox 2164 5706 2228 5742; x_wconf 76' lang='grc' dir='ltr'>ιω</span> <span class='ocrx_word' id='word_1_836' title='bbox 2270 5705 2348 5742; x_wconf 92' lang='lat' dir='ltr'><strong>ro.</strong></span> 
     </span>
    </p>
   </div>
   <div class='ocr_carea' id='block_1_116' title="bbox 2164 5705 2348 5745">
    <p class='ocr_par' dir='ltr' id='par_1_116' title="bbox 2164 5705 2348 5745">
     <span class='ocr_line' id='line_1_117' title="bbox 2164 5705 2348 5745; baseline 0.011 -3"><span class='ocrx_word' id='word_1_837' title='bbox 2164 5705 2348 5745; x_wconf 75' lang='grc' dir='ltr'>ιωανο.</span> 
     </span>
    </p>
   </div>
   <div class='ocr_carea' id='block_1_117' title="bbox 3707 5549 3733 6021">
    <p class='ocr_par' dir='ltr' id='par_1_117' title="bbox 3707 5549 3733 6021">
     <span class='ocr_line' id='line_1_118' title="bbox 3707 5549 3733 6021; baseline 0 0"><span class='ocrx_word' id='word_1_838' title='bbox 3707 5549 3733 6021; x_wconf 68' lang='lat' dir='ltr'><strong>i</strong></span> 
     </span>
    </p>
   </div>
  </div>
