3760 6176
116 283 211 343 365

719 276 1091 336 ADVERSUS
1129 275 1472 333 lleRESES
1511 272 1638 328 LIB.
1680 271 1722 329 1.
1764 269 1926 327 TOM.
1968 268 2117 324 ll.o-~
2159 260 2435 324 HAERES.
2467 263 2684 323 XXVII.

3248 272 3355 330 366

120 395 208 451 ὑπὸ
235 392 329 447 τοῦ
358 391 525 446 αὑτοῦ
551 392 795 462 Πατρὸς,
827 374 993 463 φηᾶιν
1011 433 1026 458 ,
1058 392 1139 456 εἰς
1166 389 1263 461 τὴν
1301 387 1467 442 αὐτοῦ
1501 386 1679 458 ψυχὴν

1870 383 2133 455 incogniti
2155 383 2403 440 Parentis
2442 385 2699 439 comitatu
2739 384 2966 449 viderat,
2997 390 3357 455 meminisset.

117 483 373 553 δυνάμεις,
397 482 567 544 ὅπως,
599 481 668 534 τὰ
692 481 955 551 ὁραθέντα
982 482 1118 553 αὐτῇ
1149 478 1675 551 ἀναμνημονεύσασα

119 576 199 631 καὶ
240 573 712 644 ὲνδυναμωθεῖσα,
743 572 889 643 φύγῃ
936 574 1060 636 τοὺς
1105 571 1469 651 κοσμοποιοὺς
1510 569 1677 638 ἀγγέ-

116 674 253 732 λους,
286 668 343 719 ὲν
373 665 451 736 τῷ
484 666 575 719 διὰ
620 667 839 720 πάντων
869 666 1112 737 χωρῆσαι
1142 664 1250 718 τῶν
1293 666 1351 717 ὲν
1380 663 1458 733 τῷ
1485 664 1676 734 κόσμῳ

120 757 445 830 πραγμάτων
476 758 570 809 καὶ
595 754 846 828 πράξεων
876 756 984 809 τῶν
1014 756 1119 809 ὑπὸ
1137 755 1244 813 τῶν
1267 752 1567 824 ἀνθρώπων
1594 770 1678 821 γι-

119 849 371 919 νομένων,
419 849 514 901 mi.
565 851 643 901 ἐν.
681 848 1017 920 παραϐύστῳ
1072 848 1288 902 ἀτόπων
1350 848 1526 918 ἔργων
1582 848 1677 900 καὶ

121 936 377 1007 ἀθεμίτων
397 948 411 967 ⁵
442 938 535 990 καὶ
563 940 711 1001 ὅπως
731 936 817 990 διὰ
844 937 1031 990 πασῶν
1054 935 1164 990 τῶν
1189 934 1439 1007 πράξεων
1464 934 1681 988 ἐλευθε-

122 1029 342 1100 ρωθεῖσα
361 1031 396 1098 ἡ
425 1027 565 1099 αὐτὴ
596 1027 762 1098 ψυχὴ,
788 1028 944 1099 φησι,
965 1026 1059 1080 τοῦ
1104 1026 1299 1097 Ἰησοῦ,
1322 1025 1519 1097 ἀνέλθῃ
1542 1025 1680 1097 πρὸς

119 1122 197 1173 τὸν
220 1120 386 1173 αὐτὸν
416 1120 631 1190 Πατέρα
660 1120 748 1173 τὸν
779 1121 1054 1187 ἄγνωστον
1073 1162 1087 1184 ,
1132 1120 1223 1174 τὸν
1259 1120 1513 1190 δυνάμεις
1543 1120 1680 1190 αὐτῇ

120 1214 501 1270 ἀποστείλαντα
533 1212 759 1275 ἄνωθεν,
789 1214 898 1277 ἴνα,
940 1211 1131 1266 πασῶν
1154 1212 1262 1265 τῶν
1294 1212 1545 1284 πράξεων
1570 1230 1681 1282 χω-

120 1309 324 1380 ρήσασα
356 1307 451 1361 καὶ
476 1304 903 1375 ὲλευθερωθεῖσα
926 1343 939 1367 ,
971 1303 1166 1357 διέλθοι
1198 1304 1331 1375 πρὸς
1359 1304 1520 1357 αὐτὸν
1549 1303 1679 1357 ἄνω.

86 1401 187 1475 ,οὺ
220 1398 331 1470 μὴν
361 1398 419 1451 δὲ
447 1397 584 1452 ἀλλὰ
622 1398 717 1450 καί⁸
746 1395 846 1460 τὰς
884 1395 1075 1466 ὁμοίας
1114 1396 1252 1466 αὐτῇ
1281 1394 1458 1464 ψυχὰς
1489 1395 1558 1448 τὰ
1592 1393 1685 1447 ἴσα

119 1494 246 1562 αὐτῇ
288 1490 719 1560 ἀσπασαμὲνας,
748 1489 839 1542 τὸν
879 1489 1041 1542 αὑτὸν
1073 1490 1272 1559 τρόπον
1308 1485 1684 1557 ἐλευθερωθεί-

122 1602 239 1647 σας,
274 1584 391 1638 ἄνω
417 1584 617 1653 πτῆναι
650 1583 787 1655 πρὸς
807 1584 901 1635 τὸν
936 1582 1208 1649 ἄγνωστον
1236 1578 1481 1650 Πατέρα,
1517 1581 1574 1632 ὲν
1608 1577 1686 1648 τῷ

118 1677 209 1738 τὰς
257 1675 442 1738 πάσας
476 1674 703 1746 πράξεις
739 1675 1026 1747 πραξάσας
1065 1672 1265 1741 ὁμοίως
1312 1670 1417 1723 τῶν
1468 1670 1686 1723 πάντων

122 1767 520 1837 ἀπαλλαγείσας
547 1766 729 1827 λοιπὸν
751 1765 1191 1836 ἐλευθερωθῆναι.

183 2032 296 2103 Τὴν
335 2031 392 2084 δὲ
430 2020 607 2103 ψυχὴν
645 2030 740 2084 τοῦ
792 2024 965 2101 Ἰησοῦ
1014 2032 1069 2083 ἐν
1108 2030 1221 2094 τοῖς
1270 2030 1376 2083 τῶν
1423 2030 1692 2084 Ἰουδαίων

118 2125 293 2179 ἔθεσιν
329 2124 734 2194 ἀνατραφεῖσαν
765 2122 1177 2193 καταφρονῆσαι
1219 2122 1433 2188 αὐτῶν,
1470 2122 1565 2176 καὶ
1605 2122 1693 2176 διὰ

117 2218 271 2273 τοῦτο
321 2217 577 2287 δυνάμεις
610 2216 917 2287 εἰληφέναι,
966 2217 1033 2269 δι’
1073 2209 1147 2269 ὧν
1194 2216 1262 2269 τὰ
1306 2214 1398 2269 ἐπὶ
1439 2216 1693 2270 κολάσεσι

120 2312 262 2382 πάθη
321 2311 593 2381 προσόντα
635 2312 747 2371 τοῖς
795 2307 1105 2380 ἀνθρώποις
1154 2308 1405 2379 δυνηθεὶς
1454 2308 1690 2380 πρᾶξαι,

118 2403 424 2475 ὑπερϐῆναι
464 2401 590 2463 τοὺς
632 2401 996 2469 κοσμοποιοὺς
1040 2399 1277 2468 ἴσχυσεν.
1322 2400 1396 2451 Οὐ
1447 2399 1606 2470 μόνον
1638 2399 1695 2451 δὲ

119 2492 287 2562 αὐτὴν
320 2490 423 2561 τὴν
448 2488 634 2559 ψυχὴν-
652 2487 745 2541 τοῦ
788 2488 960 2557 Ἰησοῦ
991 2487 1150 2541 τοῦτο
1180 2486 1527 2559 δεδυνῆσθαι,
1563 2486 1698 2540 ἀλλὰ

116 2585 209 2637 καὶ
255 2583 356 2652 τὴν
406 2581 709 2652 δυναμένην
765 2579 855 2633 διὰ
901 2579 1010 2632 τῶν
1065 2579 1316 2651 πράξεων
1370 2580 1697 2651 χωρήσασαν

118 2675 427 2747 ὑπερϐῆναι
463 2675 590 2736 τοὺς
629 2673 989 2742 κοσμοποιοὺς
1033 2672 1231 2735 αὐτοὺς
1275 2672 1573 2740 ἀγγέλους,
1604 2672 1700 2725 καὶ⁵

113 2766 254 2839 αὐτὴ
283 2765 383 2821 ἐὰν
413 2764 555 2836 λάϐῃ
587 2763 844 2834 δυνάμεις
868 2804 884 2826 ,
934 2763 1028 2817 καὶ
1060 2763 1127 2817 τὰ
1155 2764 1317 2834 ὃμοια
1352 2763 1534 2837 πράξῃ
1553 2805 1567 2829 ,
1601 2780 1701 2818 κα-

116 2860 298 2931 θάπερ
320 2859 421 2911 τοῦ
446 2855 641 2928 Ἰησοῦ,
671 2856 746 2918 ὡς
772 2857 1051 2925 προεῖπον.
1076 2855 1238 2908 Ὅθεν
1263 2856 1341 2919 είς
1364 2854 1532 2924 τῦφον
1555 2848 1700 2917 οὗτοι

117 2950 448 3021 ἐληλακότες
482 2948 657 3019 μέγαν
681 2949 730 3001 oi
764 2948 868 3000 ὑπὸ
895 2947 989 3000 τοῦ
1016 2942 1325 3012 ἀπατεῶνος
1340 2947 1528 3001 τούτου
1561 2948 1703 3002 ἀπα-

115 3040 411 3111 τηθέντες,
443 3037 668 3098 ἑαυτοὺς
704 3035 1060 3108 προκριτέους
1115 3033 1375 3106 ἡγοῦνται
1412 3030 1505 3089 καὶ
1535 3032 1699 3088 αὑτοῦ

115 3132 207 3185 τοῦ
250 3130 457 3201 Ἰησοῦ.
509 3130 690 3183 Ἀλλοι
724 3129 783 3183 δὲ
825 3128 886 3194 ἐξ
936 3128 1114 3182 αὐτῶν
1148 3127 1249 3181 οὐκ
1299 3124 1472 3197 Ἰησοῦ
1516 3143 1698 3195 φασιν,

112 3224 250 3277 ἀλλὰ
288 3222 507 3295 Πέτρου
539 3224 632 3276 καὶ
667 3218 915 3294 Ἀνδρὲου
957 3222 1052 3274 καὶ
1094 3220 1305 3274 Παύλου
1336 3220 1430 3272 καὶ
1458 3218 1564 3271 τῶν
1599 3217 1705 3271 λοι-

116 3315 233 3369 πῶν
264 3314 591 3369 ἀποστόλων
632 3314 860 3376 ἑαυτοὺς
901 3310 1409 3384 ὑπερφερεστέρους
1446 3305 1585 3363 εἶναι
1618 3309 1707 3362 διὰ

111 3410 210 3476 τὴν
261 3406 582 3478 ὑπερϐολὴν
621 3405 718 3478 τῇς
769 3402 1041 3473 γνώσεως,
1083 3404 1175 3456 καὶ
1218 3403 1280 3456 τὸ
1322 3401 1705 3473 περισσότερον

113 3501 211 3569 τῆς
234 3498 590 3568 διαπράξεως
619 3497 889 3567 διαφόρων
920 3495 1188 3563 διεξόδων.
1220 3494 1402 3549 ’Ἄλλοι
1431 3494 1486 3548 δὲ
1520 3494 1578 3559 ἐξ
1611 3494 1707 3546 αύ-

114 3588 220 3639 τῶν
245 3576 540 3655 ’φάσκουσι
576 3585 742 3656 μηδὲν
782 3584 1148 3657 διενηνοχέναι
1190 3584 1285 3638 τοῦ
1315 3584 1519 3656 Κυρίου
1549 3584 1707 3656 ἡμῶν

124 3677 306 3748 Ἰησοῦ
325 3676 591 3748 Χριστοῦ.
606 3678 674 3729 Αἱ
689 3678 797 3748 γὰρ
823 3678 993 3748 ψυχαὶ
1010 3679 1073 3730 ἐκ
1096 3677 1194 3747 τῆς
1213 3677 1384 3746 αὐτῆς
1406 3678 1707 3749 περιφορᾶς

109 3769 239 3834 εἰσι,
273 3768 381 3821 καὶ
410 3766 612 3838 ὁμοίως
638 3768 778 3823 κατὰ
804 3770 903 3838 τὴν
929 3767 1023 3821 τοῦ
1065 3767 1241 3839 Ἰησοῦ
1289 3768 1504 3822 πάντων
1537 3784 1708 3821 κατα-

111 3858 393 3930 φρόνησιν
434 3857 818 3928 ποιησάμεναι.
856 3858 966 3911 Καὶ
1009 3860 1065 3912 αἱ
1099 3859 1304 3921 πᾶσαι,
1336 3858 1497 3928 φασὶ,
1537 3856 1709 3926 ψυχαὶ

105 3951 206 4021 τῆς
236 3949 433 4021 αὐτῆς
468 3949 752 4020 δυνάμεως
780 3946 1124 4020 ἠξιώθησαν,
1160 3940 1226 4021 ἧς
1259 3950 1351 4003 καὶ
1392 3948 1484 4002 τοῦ
1534 3948 1708 4019 Ἰησοῦ

107 4042 372 4108 ἠξίωται.
408 4041 502 4094 Διὸ
525 4043 620 4095 καὶ
643 4041 818 4096 ταῦτα
847 4059 979 4110 φασι
1024 4045 1220 4113 χωρεῖν
1251 4042 1339 4095 διὰ
1366 4042 1545 4111 πάσης
1569 4042 1710 4115 πρά-

104 4136 268 4201 ξεως,
304 4134 572 4205 καθάπερ
600 4133 791 4205 ἀμέλει
821 4134 914 4187 καὶ
958 4136 991 4205 ἡ
1034 4131 1131 4186 τοῦ
1171 4132 1344 4205 Ἰησοῦ
1377 4128 1706 4204 διελήλυθεν.

106 4228 168 4278 Εἰ
198 4227 260 4279 δὲ
300 4225 409 4279 καί
444 4241 529 4289 τις
563 4224 725 4278 πάλιν
763 4224 1018 4296 δυνηθείη
1064 4225 1205 4296 ὑπὲρ
1236 4225 1327 4278 τὸν
1366 4224 1572 4297 Ἰησοῦν
1612 4241 1711 4278 κα-

104 4317 493 4388 ταφρονῆσαι,
522 4315 919 4388 διαφορώτερος
951 4315 1105 4370 ἔσται
1131 4315 1316 4370 αὑτοῦ.

174 4492 249 4547 Γ’.
312 4480 700 4561 Ἐπιχειροῦσι
730 4484 787 4543 δὲ
831 4490 942 4562 (85)
982 4490 1033 4544 οἱ
1071 4492 1170 4562 τῆς
1208 4490 1467 4561 ἀθεμίτου
1507 4493 1711 4565 ταύτης

103 4586 308 4656 σχολῆς
372 4583 646 4647 παντοίας
698 4584 1069 4656 ἐπιχειρήσεις
1130 4582 1316 4637 δεινῶν
1386 4584 1562 4656 ἔργων
1620 4587 1713 4640 καὶ

101 4677 447 4750 ὀλετηρίων.
495 4675 715 4743 Μαγεία
766 4674 877 4745 γὰρ
924 4675 1051 4745 παρ’
1100 4674 1285 4739 αὐτοῖς
1335 4671 1712 4747 ἐπινενόηται,

98 4771 324 4843 ἐπῳδάς
356 4786 428 4822 τε
456 4766 747 4838 διαφόρους
764 4765 898 4836 πρὸς
926 4767 1101 4819 πᾶσαν
1120 4767 1368 4838 μηχανὴν
1385 4767 1712 4839 ὲιρηύραντο,

1782 471 2061 527 immissas
2088 472 2158 527 ab
2188 473 2379 528 eodem
2415 472 2644 528 Parente
2680 475 2732 526 in
2760 476 2879 543 ejns
2914 478 3151 532 animam
3189 482 3362 536 virtu-

1784 571 1863 617 tes
1890 578 2013 618 esse
2042 564 2253 628 dicunt,
2281 573 2339 618 ut
2369 580 2558 619 eorum
2591 580 2711 635 qua)
2737 581 3022 635 aspexerat
3049 573 3356 638 recordata,

1782 655 2249 725 corroborataque
2289 656 2607 711 conditores
2634 656 2786 712 orbis
2816 660 3037 730 angelos
3078 661 3359 733 etingeret,

1784 746 1888 800 hoc
1944 748 2063 817 ipso
2109 749 2253 818 quod
2308 765 2403 819 per
2436 751 2617 803 omnia
2666 767 2849 806 rerum
2887 768 3007 822 quae
3052 755 3105 807 in
3159 752 3361 811 mundo

1785 847 1934 895 sunt.
1958 840 2342 911 actionumque
2374 858 2494 911 qua:
2517 843 2585 897 ab
2622 842 2934 898 hominibus
2964 847 3361 916 suscipiuntur,

1785 945 1982 1000 genera
2030 932 2309 993 transiret,
2350 933 2594 1003 adeoque
2640 936 2867 991 scelesta
2915 940 3362 1011 exsecrandaque

1786 1024 2095 1078 clanculum
2157 1024 2397 1079 facinora
2465 1038 2821 1098 perpetraret.
2882 1029 2951 1085 Ut
3011 1032 3084 1086 ita
3142 1033 3360 1089 domum

1788 1115 2096 1195 actionibus
2149 1119 2401 1175 omnibus
2464 1122 2780 1190 perfuncta,
2843 1122 3122 1195 liberaque
3172 1127 3363 1181 eadem

1787 1191 1915 1261 Iesu
1978 1207 2158 1261 anima
2221 1210 2559 1281 incognitum
2626 1216 2693 1268 ad
2742 1214 3028 1270 Parentem
3097 1219 3361 1287 evolarct,

1789 1312 1819 1350 a
1877 1313 1985 1367 quo
2038 1301 2142 1355 illae
2188 1311 2346 1356 erant
2400 1305 2631 1361 virtutes
2675 1307 2951 1372 immissae,
3018 1326 3246 1379 quarum
3277 1312 3365 1367 bc-

1791 1389 1987 1444 neficio
2032 1408 2128 1461 per
2170 1395 2355 1448 omnia
2408 1396 2486 1449 uti
2543 1396 2780 1453 diximus
2839 1399 3113 1452 actionum
3166 1417 3367 1471 genera

1789 1484 2061 1543 traducta.
2096 1486 2475 1556 exsolutaque,
2508 1502 2727 1541 sursum
2763 1489 2828 1545 ad
2862 1506 2986 1545 eum
3033 1501 3361 1559 penetraret.

1794 1562 1884 1628 Sic
1906 1590 2026 1644 qua:
2054 1577 2173 1645 ejus
2206 1578 2413 1632 similes
2443 1588 2628 1634 essent
2655 1581 2867 1644 animae,
2895 1581 3087 1635 iisdem
3118 1584 3365 1638 addictas

1794 1668 2011 1732 studiis,
2061 1668 2362 1739 eodemque
2407 1672 2567 1725 modo
2629 1672 2886 1728 liberatas
2927 1673 2993 1727 ad
3026 1675 3365 1745 inc0gnitum

1653 1791 1662 1798 .
1718 1749 1761 1806 Β
1792 1753 2075 1810 Parentem
2108 1758 2327 1814 evolare
2357 1775 2598 1824 sursum,
2628 1762 2754 1816 ddm
2788 1761 3161 1818 functionibus
3191 1767 3367 1820 omni-

1794 1847 1895 1900 bus
1933 1848 2121 1911 obitis,
2152 1856 2207 1904 et
2253 1852 2320 1904 ab
2350 1852 2625 1907 universis
2669 1853 2871 1922 pariter
2900 1855 3165 1924 expeditae
3211 1856 3368 1911 dein-

1794 1951 1924 2005 ccps
1954 1938 2007 1991 in
2032 1937 2338 1993 libertatem
2368 1950 2709 1996 asseruntur.

1864 2026 2066 2083 Verum
2109 2032 2257 2102 quod
2306 2033 2486 2086 anima
2530 2022 2658 2089 Jesu
2706 2035 2763 2087 in
2796 2032 3123 2090 Iudaeorum
3169 2038 3366 2094 ritibus

1795 2121 2056 2183 enntrita,
2085 2123 2309 2194 angelos
2342 2124 2465 2180 illos
2487 2126 2927 2196 contempsisset,
2956 2128 3027 2181 ob
3059 2128 3112 2183 id
3135 2129 3367 2186 virtutes

1801 2213 2098 2281 accepisse,
2134 2214 2337 2284 quibus
2358 2232 2481 2269 cum
2513 2217 2831 2272 constitutis
2858 2218 2922 2271 ad
2960 2234 3151 2289 pinnas
3190 2219 3371 2275 homio

1797 2318 1927 2356 num
1956 2306 2406 2374 perpessionibus
2435 2306 2659 2377 defungi
2696 2309 2983 2377 potuisset,
3022 2311 3209 2364 mundi
3246 2312 3368 2368 illos

1799 2396 2128 2452 architectos
2152 2397 2571 2453 transcenderit.
2598 2398 2781 2469 Neque
2807 2415 2934 2454 vero
2964 2401 3016 2455 id
3047 2416 3210 2455 unam
3237 2402 3369 2458 Jesu

1800 2484 2035 2537 animam
2074 2486 2334 2554 perlicere
2374 2492 2654 2556 potuisse;
2706 2480 2800 2544 sed
2849 2500 2902 2543 et
2940 2491 3100 2544 aliam
3137 2492 3371 2561 quamlia

1799 2573 1907 2636 bet,
1935 2589 2055 2643 qum
2088 2592 2184 2645 per
2217 2577 2462 2631 actiones
2493 2577 2763 2647 ejusmodi
2802 2582 3189 2650 progressione
3225 2582 3371 2635 facta

1802 2674 1969 2734 super
2011 2667 2326 2722 conditores
2382 2668 2536 2722 orbis
2586 2669 2808 2739 angelos
2857 2668 3037 2725 elferri
3086 2674 3322 2741 potuerit
3353 2689 3371 2725 :

1802 2756 1918 2811 haec
1943 2758 2087 2813 enim
2119 2759 2165 2814 si
2197 2759 2339 2814 vires
2370 2760 2639 2830 acceperit
2660 2760 2810 2830 paria
2845 2777 2968 2816 cum
3000 2758 3129 2818 Jesu
3157 2764 3375 2820 eadenp

1803 2864 1910 2918 que
1938 2849 2240 2918 praestabit,
2265 2858 2324 2904 ut
2352 2852 2514 2920 paqu
2556 2861 2680 2908 ante
2718 2853 2974 2907 diximus.
3011 2854 3084 2908 Ex
3120 2873 3228 2926 quo
3270 2858 3376 2911 mis

1805 2939 1914 2994 seri
1942 2939 2032 2994 isti
2066 2940 2385 3010 impostoris
2422 2941 2569 2995 illius
2610 2942 2800 2997 fraude
2840 2942 3051 3013 decepti
3086 2953 3195 2999 tam
3235 2946 3377 3001 inton-

1808 3031 2015 3086 lerabili
2062 3034 2373 3102 arrogantia
2424 3042 2587 3099 sunt,
2643 3042 2703 3088 ut
2750 3050 2809 3089 se
2849 3036 2934 3090 vel
2986 3037 3204 3107 ipsiinct
3245 3036 3376 3094 Jesu

1808 3113 2220 3191 anteponendos
2258 3123 2594 3179 existiment.
2629 3123 2835 3180 Horum
2870 3125 2961 3179 alii
3002 3141 3107 3179 nun
3156 3127 3377 3197 quidem

1804 3212 1956 3276 .Iesu,
1987 3213 2080 3268 sed
2113 3212 2294 3278 Petro,
2329 3214 2582 3278 Andreae,
2618 3214 2811 3282 Paulo,
2859 3220 3071 3273 caeteris
3115 3218 3378 3290 apostolis

1806 3313 2067 3373 praestare
2137 3321 2256 3360 sese
2322 3299 2513 3359 dicunt
2570 3323 2692 3360 cum
2754 3307 3087 3371 abundantia
3142 3288 3380 3379 quadam

1807 3395 2071 3459 scicntia),
2109 3401 2223 3450 tum
2256 3398 2401 3466 quod
2434 3398 2848 3468 progressiones
2883 3400 3063 3453 varias
3090 3414 3152 3453 ac
3184 3400 3381 3455 decnrd

1808 3496 1906 3540 stis
1943 3487 2105 3557 longe
2153 3488 2220 3542 iis
2268 3489 2602 3544 cumulatius
2641 3489 2895 3543 obierint.
2949 3487 3204 3545 Nonnulli
3253 3509 3381 3546 vero

1808 3586 1935 3633 sunt
1965 3579 2056 3649 qui
2083 3579 2224 3633 inter
2254 3595 2312 3634 se
2339 3595 2403 3634 ac
2432 3578 2717 3635 Dominum
2737 3590 2991 3636 nostrum
3022 3579 3208 3637 Jesum
3229 3582 3385 3637 Chri«

1808 3678 1950 3726 stum
1980 3673 2113 3728 nihil
2145 3673 2411 3729 interesse
2434 3685 2712 3731 censeant.
2747 3674 2957 3746 Quippe
2980 3675 3174 3730 anima:
3197 3692 3263 3731 ex
3291 3691 3384 3731 eaa

1807 3764 1928 3821 dem
1950 3782 2138 3823 omnes
2155 3767 2476 3823 circuitione
2498 3776 2644 3832 sunt,
2669 3768 3028 3839 eumdcmqne
3049 3785 3207 3839 quem
3222 3767 3384 3824 Jesus

1808 3866 2176 3928 contemptum
2211 3875 2390 3915 rerum
2417 3862 2661 3915 omnium
2693 3868 3071 3930 susceperunt.
3106 3859 3385 3915 Universae

1808 3965 1993 4021 porro,
2030 3951 2304 4021 inquiunt,
2336 3952 2525 4008 eadem
2562 3969 2669 4024 qua
2697 3951 2826 4008 Jcsu
2867 3943 3047 4006 anima
3080 3951 3131 4005 vi
3163 3961 3291 4007 sunt
3320 3963 3385 4006 ac

1809 4040 2009 4095 virtute
2032 4042 2287 4111 praditae.
2316 4042 2549 4114 Ideoque
2574 4044 2798 4115 perinde
2826 4045 2946 4099 illas
2976 4060 3072 4115 per
3106 4043 3385 4099 actionum

1810 4143 2010 4200 genera
2042 4131 2223 4183 omnia
2269 4132 2502 4195 traduci,
2554 4127 3015 4203 quemadmodum
3051 4127 3179 4189 Jesu
3204 4134 3386 4188 anima

1811 4230 2103 4291 progreSsa
2139 4222 2230 4277 sit.
2269 4222 2422 4290 Quod
2457 4214 2614 4296 104
2638 4225 2683 4281 si
2711 4222 2938 4295 reperiri
2974 4224 3154 4296 aliqua
3188 4227 3383 4296 possit,

1810 4330 1931 4383 quae
1957 4315 2215 4386 majorem
2242 4331 2404 4386 quam
2426 4312 2583 4372 Jcsus
2615 4326 2986 4387 contemptum
3012 4318 3297 4388 suscipiat,
3320 4331 3386 4372 ea

1742 4434 1787 4489 η
1816 4403 1916 4474 ipsi
1950 4405 2167 4485 demum
2201 4405 2503 4463 antecellet.

1886 4496 1972 4551 ΙΙΙ.
2007 4494 2275 4553 Caeterum
2302 4493 2634 4555 detestanda:
2657 4490 2958 4570 disciplina:
2987 4500 3151 4570 hujus
3179 4496 3387 4554 alumni

1813 4588 2154 4643 horribilium
2189 4606 2253 4644 ac
2299 4592 2705 4646 teterrimnrum
2747 4592 3049 4646 facinorum
3096 4591 3243 4645 varia
3293 4607 3359 4662 ge

1814 4697 1944 4734 nera
1977 4683 2296 4737 moliuntur.
2346 4681 2479 4738 Nam
2524 4694 2577 4739 et
2614 4685 2888 4739 maleficas
2932 4692 3078 4740 artes
3108 4693 3386 4747 exercent,

1814 4780 1866 4826 ct
1906 4772 1971 4827 ad
2010 4774 2369 4830 machinanda
2398 4778 2669 4846 quaelibet.
2717 4776 2973 4831 veneficia
3019 4786 3073 4830 et
3104 4776 3387 4829 cautiones

98 4864 240 4938 πρὸς
272 4863 500 4935 φίλτρα
533 4860 627 4913 καὶ
654 4859 936 4929 ἀγώγιμα.
965 4859 1039 4912 Οὐ
1069 4859 1173 4930 μὴν
1210 4859 1265 4912 δὲ
1289 4858 1426 4914 ἀλλὰ
1455 4861 1547 4913 καὶ
1575 4878 1716 4931 παρ-

97 4955 291 5025 έδρους
322 4950 608 5019 δαίμονας
638 4946 852 5010 ἑαυτοῖς
879 4944 1241 5013 ἐπισπῶνται,
1270 4952 1350 5012 εἰς
1377 4944 1440 5003 τὸ
1471 4949 1558 5004 διὰ
1584 4952 1714 5005 πολ-

95 5044 193 5115 λῆς
244 5030 621 5114 μαγγανείας
665 5040 724 5090 ἐν
771 5036 988 5109 ἐξουσίᾳ
1036 5038 1246 5111 μεγάλῃ
1278 5040 1514 5103 πάντων,
1546 5044 1714 5111 φασὶ,

96 5128 434 5199 κυριεύειν,
486 5116 563 5176 ὧν
604 5139 664 5175 τε
704 5122 770 5176 ἂν
804 5120 981 5175 ἐθέλοι
1008 5122 1267 5189 ἕκαστος,
1311 5126 1404 5178 καὶ
1520 5124 1716 5199 πράξει

94 5222 420 5293 ἐπιχειρεῖν
472 5216 797 5287 τολμήσειε,
838 5214 998 5287 δῆθεν
1045 5216 1269 5280 ἑαυτοὺς
1310 5216 1708 5289 ἐξαπατῶντες,

1814 4865 2220 4933 cxcogitarunt,
2250 4867 2397 4921 velut
2428 4867 2493 4921 ad
2523 4867 2721 4937 philtra
2751 4874 2804 4921 et
2834 4866 3037 4921 amoris
3065 4865 3351 4920 illecebras
3372 4887 3388 4919 ι

1814 4954 1923 5007 imo
1956 4957 2115 5010 etiam
2161 4956 2457 5014 familiares
2504 4960 2611 5015 sibi
2652 4958 2919 5028 quosdam
2967 4959 3239 5013 daemones
3273 4958 3363 5014 alii

1814 5045 1987 5113 ciunt,
2016 5055 2073 5101 ut
2107 5049 2496 5120 multiplicibus
2530 5051 2597 5104 iis
2642 5049 2930 5120 praestigiis
2958 5064 3228 5105 summam
3261 5047 3388 5113 sibi,

1822 5135 1881 5189 ut
1910 5138 2085 5202 aiunt,
2139 5140 2192 5194 in
2225 5141 2405 5195 omnia
2439 5149 2764 5211 potestatem
2795 5140 3097 5203 vindicent,
3150 5155 3212 5193 ac
3247 5140 3390 5209 quod

1819 5228 2017 5298 cuique
2058 5228 2299 5297 libuerit,
2347 5240 2401 5287 et
2436 5231 2804 5303 quodcunque
2836 5247 2995 5302 agere
3048 5231 3101 5286 in
3149 5230 3393 5285 animum

163 5422 281 5500 (83)
325 5419 755 5500 ’ξπιχειροῦσι
812 5411 899 5500 δᾷ.
952 5415 1156 5500 Euseb.
1205 5423 1302 5477 lib.
1352 5434 1428 5500 tv,
1486 5437 1607 5500 cap.
1650 5416 1700 5487 7,

92 5491 293 5555 scribit
331 5497 744 5562 Carpocratem
778 5491 981 5563 palam,
1016 5508 1079 5547 ac
1113 5494 1231 5547 sine
1260 5491 1707 5563 tergiversatione

94 5569 394 5625 ntaleficas
431 5571 590 5616 artes
623 5577 747 5633 prae
771 5578 831 5615 se
869 5562 1080 5633 tulisse.
1113 5565 1175 5616 Οἱ
1214 5564 1308 5616 καὶ
1338 5562 1432 5617 τοῦ
1464 5565 1706 5633 Σίμωνος

91 5642 189 5711 οὐχ
212 5638 294 5711 ῶς
325 5631 1108 5711 ὲκεῖνοςλδερύϐδηνεαάλλχῆδη
1135 5634 1228 5711 διαὶ
1250 5631 1585 5711 είς-φανερδν
1609 5637 1707 5700 τὰς

93 5700 346 5783 μα”γείας
377 5700 750 5774 παραδιδόναι
778 5700 952 5772 ἠξίου,
984 5700 1059 5768 ὡς
1085 5700 1177 5757 ἐπὶ
1218 5700 1474 5775 μεγάλοις
1494 5700 1572 5778 ’δὴ
1611 5720 1723 5777 μσς,

1812 5427 2022 5511 vox/auxi.
2054 5432 2440 5511 σεμνυνόμενοι
2473 5442 2586 5511 τοῖς
2612 5440 2751 5494 κατὰ
2782 5433 3102 5511 περιεργίαν
3128 5430 3265 5508 πρὸς
3296 5438 3393 5490 αὖ-

1811 5501 1918 5554 τῶν
1943 5501 2383 5581 εζπιτελουμενοις
2426 5501 2688 5581 φίλτροις.
2708 5501 3141 5581 ,ὀνειροπομποξίς
3172 5501 3279 5581 :tE._
3300 5512 3391 5564 κα)

1813 5574 2106 5651 παρέδροις
2125 5574 2233 5651 τισι
2258 5574 2494 5651 δαίμοσι,
2522 5574 2614 5632 κάὶ
2636 5580 2821 5645 ἄλλαις
2837 5574 3227 5651 ’ὁμοιοτρόπως
3259 5579 3382 5646 άγω

1815 5646 1957 5712 γαῖς.
1985 5645 2181 5704 Eadem
2213 5645 2371 5706 habet
2401 5650 2654 5706 lrenaeus.
