3766 6316
371 318 476 375 367

1773 323 1836 381 ε.
1878 323 2223 380 EPIPHANII

3548 321 3664 380 568

373 437 685 504 imhiverit,
733 438 787 522 id
819 439 1000 511 ipsum
1037 441 1237 498 audeat
1284 413 1584 513 suscipere.
1637 442 1750 500 lloc
1783 452 1951 500 auten

2091 445 2208 517 πρὸς
2235 445 2606 518 πληροφορίαν
2628 445 2727 517 τῆς
2747 442 3164 514 τετυφλωμένης
3185 401 3365 495 αὐτῶν
3391 441 3660 507 διανοίας,

370 544 438 581 eo
457 530 692 585 consilio
718 530 946 597 faciunt,
975 533 1146 603 quod,
1168 534 1244 588 uti
1265 535 1634 590 miserandum
1660 535 1716 600 in
1739 536 1960 590 modum

371 620 584 692 decepti
613 632 762 689 sunt,
788 635 938 680 certo
969 625 1075 681 sibi
1101 627 1488 696 persuadeant,
1515 641 1611 697 per
1633 634 1712 680 tot
1743 633 1963 696 tamque

373 714 592 770 diversa
626 715 870 770 facinora
904 717 1092 773 mundi
1120 718 1548 773 fabricatoribus
1579 717 1808 786 angelis,
1844 732 1964 774 om-

372 805 648 876 nihusque
673 823 795 878 qua:
823 807 878 862 in
910 807 1114 863 mundo
1143 816 1275 863 sunt
1305 807 1600 879 prostratis
1627 822 1692 862 ac
1719 815 1964 862 contem-

374 896 508 968 ptis,
545 897 764 952 illorum
805 914 864 952 se
902 911 1011 952 non
1048 896 1262 961 mundi,
1297 897 1394 953 sed
1430 896 1741 952 fabularum
1781 896 1961 966 potius

376 989 651 1044 artiﬁcum
689 995 1017 1059 potestatem
1055 990 1403 1060 transgredi;
1439 1004 1548 1060 quo
1586 991 1870 1046 caelestem
1903 990 1964 1044 li-

374 1081 640 1135 bertatem
674 1082 981 1148 obtineant,
1021 1092 1074 1137 et
1109 1097 1328 1138 sursum
1361 1082 1607 1153 aspirare
1632 1089 1797 1151 atque
1827 1096 1958 1136 evo-

374 1175 488 1228 lare
529 1175 764 1244 possint.
816 1177 971 1241 Quod
1020 1175 1304 1230 hominum
1355 1191 1527 1245 genus
1579 1175 1646 1228 ad
1700 1175 1961 1231 Ecclesia:

377 1261 466 1318 Dei
507 1263 766 1334 probrum
815 1273 869 1321 et
911 1264 1297 1320 oll‘endiculum
1327 1267 1626 1322 adornasse
1657 1281 1719 1321 ac
1752 1265 1962 1322 submi-

373 1357 516 1411 sisse
551 1354 785 1414 Satanas
823 1357 1036 1412 videtur
1070 1377 1084 1412 :
1140 1359 1340 1428 quippe
1381 1359 1475 1430 qui
1519 1357 1959 1414 Christianorum

374 1448 478 1502 sibi
509 1463 708 1504 nomen
738 1449 1055 1515 indiderint,
1099 1461 1156 1504 ut
1198 1457 1420 1521 propter
1449 1451 1571 1508 illos
1611 1450 1829 1506 oil‘ensae
1862 1467 1960 1506 na-

373 1541 550 1596 tiones
579 1541 649 1596 ab
679 1549 885 1597 sanctae
914 1540 1007 1597 Dei
1037 1541 1295 1597 Ecclesiae
1329 1543 1565 1597 utilitate
1600 1542 1955 1608 abhorreant,

369 1630 786 1700 nuntiatan'ique
820 1631 1108 1686 veritatem
1157 1632 1229 1685 ob
1273 1631 1533 1685 immania
1569 1631 1784 1686 illorum
1825 1630 1960 1686 faci-

369 1737 527 1788 nora,
563 1730 615 1777 et
645 1722 1024 1777 incredibilem
1069 1723 1372 1792 nequitiam
1410 1723 1731 1794 repudient;
1761 1731 1840 1788 ut,
1874 1721 1959 1776 in-

2065 536 2145 589 δτι
2189 536 2246 588 αἱ
2286 534 2533 588 τοιαῦται
2577 535 2941 606 ἐγχειρήσεις,
2978 530 3379 601 κατισχύσασαι
3419 531 3509 584 διὰ
3544 533 3666 584 τῶν

2062 623 2334 679 τοσούτων
2359 624 2632 696 πράξεων,
2663 625 2757 677 καὶ
2779 624 3265 696 καταφρονήσασαι
3296 621 3410 674 τῶν
3446 638 3662 690 κοσμο-

2063 715 2233 770 ποιῶν
2258 717 2528 786 ἀγγέλων,
2559 717 2653 770 καὶ
2677 715 2786 770 τῶν
2812 718 2868 768 ἐν
2897 715 2976 784 τῷ
3004 713 3196 784 κόσμῳ
3216 754 3230 775 ,
3262 712 3665 784 ὑπερϐαίνουσι

2061 807 2159 878 τὴν
2186 807 2292 862 τῶν
2321 807 2498 861 αὐτῶν
2525 807 2854 880 μυθοποιῶν,
2883 807 2946 860 ού
2976 806 3087 878 γὰρ
3110 807 3175 858 ἂν
3206 805 3415 875 εἴποιμι
3447 821 3663 872 κοσμο-

2064 899 2251 965 ποιῶν,
2285 898 2554 966 ἐξουσίαν,
2587 899 2736 962 ὅπως
2763 899 2830 952 ἂν
2861 899 2960 968 τὴν
2985 899 3097 952 ἄνω
3128 896 3448 967 ἐλευθερίαν
3475 897 3662 948 ἀσπα-

2065 1006 2262 1042 σωνται
2283 1028 2298 1052 ,
2339 988 2432 1042 καὶ
2459 989 2558 1060 τὴν
2587 987 2700 1042 ἀνω
2734 987 2932 1057 πτῆσιν
2968 987 3284 1055 κτήσαιντο.
3341 982 3463 1035 Εἰσὶ
3495 982 3553 1034 δέ
3591 975 3661 1034 ἐκ

2061 1075 2156 1130 τοῦ
2193 1077 2409 1129 Σατανᾶ
2441 1075 2551 1146 (84)
2583 1075 3112 1148 παρεσκευασμένοι,
3145 1074 3243 1127 καὶ
3275 1072 3661 1143 προϐεϐλημὲ-

2062 1185 2142 1222 νοι
2174 1171 2254 1232 είς
2279 1169 2479 1232 ὄνειδος
2523 1169 2620 1222 καὶ
2651 1169 2943 1223 σκάνδαλον
2983 1164 3086 1238 τῆς
3113 1167 3208 1220 τοῦ
3243 1165 3382 1219 Θεοῦ
3418 1165 3660 1235 Ἐκκλη-

2064 1262 2204 1325 σίας.
2263 1261 2552 1315 Ἐπέθεντο
2598 1264 2707 1333 γὰρ
2762 1263 2973 1324 ἐαυτοῖς
3025 1260 3257 1329 ἐπίκλην
3311 1255 3657 1330 Χριστιανοί,

2061 1354 2200 1426 πρὸς
2240 1353 2301 1407 τὸ
2332 1354 2776 1419 σκανδαλίζεσθαι
2804 1356 2872 1408 τὰ
2899 1355 3026 1424 ἔθνη
3053 1355 3120 1406 δι’
3148 1351 3348 1414 αὐτῶν,
3393 1351 3489 1404 καὶ
3517 1351 3661 1402 ἀπο-

2065 1444 2393 1517 στρέφεσθαι
2419 1445 2517 1516 τὴν
2547 1445 2648 1514 τῆς
2681 1445 2844 1512 ἁγίας
2867 1443 2960 1497 τοῦ
2991 1442 3127 1496 Θεοῦ
3164 1441 3495 1512 Ἑκκλησίας
3515 1440 3662 1509 ὠφέ-

2060 1538 2231 1604 λειαν,
2278 1539 2372 1592 καὶ
2417 1538 2478 1591 τὺ
2526 1538 2776 1609 ἀληθινὸν
2830 1539 3091 1610 κήρυγμα
3141 1538 3228 1590 διὰ
3275 1538 3376 1607 τῆς
3423 1535 3660 1589 ἐκείνων

2061 1631 2504 1703 ἀθεμιτουργίας,
2539 1631 2631 1685 καὶ
2660 1632 2983 1685 ἀνεικάστου
3019 1631 3432 1702 κακοπραγίας,
3467 1630 3550 1692 εἰς
3595 1629 3660 1680 τὸ

2062 1722 2132 1776 τὰ
2169 1723 2295 1794 ἔθνη
2330 1722 2694 1776 κατανοοῦντα
2735 1723 2916 1776 αὐτῶν
2944 1722 3014 1776 τὰ
3051 1722 3327 1793 ἐπάλληλα
3361 1721 3504 1792 ἔργα
3541 1720 3662 1772 τῶν

371 1827 559 1882 quam,
582 1812 967 1882 frequentibus
1013 1811 1227 1865 illorum
1267 1812 1566 1867 sceleribus
1605 1812 1951 1866 animadver-

2091 1815 2530 1885 .θεμιτουργιῶν,
2563 1814 2862 1885 νομίσαντα
2909 1814 3004 1867 καὶ
3050 1815 3175 1878 τοὺς
3207 1815 3307 1885 τῆς
3351 1813 3520 1881 ἁγίας
3555 1810 3659 1864 τοῦ

371 1905 471 1969 sis,
499 1919 594 1959 eos
622 1919 838 1974 quoque
865 1903 956 1972 qui
981 1917 1012 1957 e
1034 1912 1225 1958 sancta
1250 1901 1342 1958 Dei
1389 1902 1635 1958 Ecclesia
1669 1911 1797 1958 sunt
1825 1903 1960 1961 tales

370 2009 496 2050 esse
528 1994 633 2049 sibi
664 1995 1049 2064 persuadeant,
1102 2002 1265 2065 atque
1299 1995 1373 2048 ita
1409 1994 1478 2049 ab
1516 1995 1804 2049 verissima
1841 1992 1958 2052 Dei.

370 2087 452 2140 uti
475 2085 735 2150 diximus,
761 2085 1015 2140 doctrina
1041 2099 1203 2139 aures
1227 2091 1506 2151 avertant;
1539 2091 1633 2137 aut
1655 2091 1804 2138 certe
1829 2099 1962 2154 pau-

371 2191 562 2232 corum
604 2175 957 2246 improbitate
1000 2186 1294 2248 conspecta
1337 2179 1392 2232 in
1441 2178 1730 2233 universos
1769 2178 1959 2234 eadem

371 2269 663 2324 maledicta
703 2269 1022 2339 conjiciant.
1065 2270 1244 2340 Atque
1280 2286 1343 2324 ea
1387 2270 1603 2325 demum
1641 2285 1806 2324 causa
1849 2279 1956 2336 est,

377 2375 484 2416 cur
513 2361 762 2431 plerique
789 2362 1094 2432 gentilium.
1130 2362 1445 2432 ubicunque
1474 2363 1634 2417 istius
1667 2371 1828 2418 sectae
1860 2362 1957 2416 ho-

372 2453 550 2508 mines
567 2453 1048 2524 deprehenderint,
1065 2453 1268 2507 nullam
1288 2452 1573 2508 nobiscum
1590 2453 1759 2508 velint
1779 2468 1954 2522 neque

370 2545 483 2600 dati
514 2546 854 2616 acceptique,
895 2561 1070 2616 neque
1092 2546 1330 2609 consilii,
1368 2560 1546 2615 neque
1575 2544 1831 2600 audiendi
1863 2546 1949 2601 di-

2070 1905 2204 1958 Θεοῦ
2249 1906 2574 1976 Ἐκκλησίας
2612 1906 2887 1967 τοιούτους
2931 1896 3106 1969 εἴναι,
3143 1905 3535 1976 ἀποστρέφειν,
3578 1903 3664 1966 ὡς

2070 1998 2163 2052 καὶ
2211 2002 2491 2070 προεῖπον,
2540 1999 2638 2070 τὴν
2683 1999 2850 2070 ἀκοὴν
2898 1998 3006 2052 ἀπὸ
3049 1997 3149 2067 τῆς
3193 1997 3286 2051 τοῦ
3328 1997 3467 2051 Θεοῦ
3510 1997 3661 2050 κατά

2067 2089 2326 2162 ἀλήθειαν
2356 2089 2737 2152 διδασκαλίας·
2774 2090 2806 2161 ἢ
2849 2092 2944 2143 καὶ
2995 2089 3238 2160 ὁρῶντάς
3293 2106 3448 2152 τινας
3515 2088 3661 2141 πάν-

2065 2183 2197 2246 τως¹
2221 2183 2418 2252 ὁμοίως
2447 2181 2800 2252 βλασφημεῖν.
2818 2183 2928 2235 Καὶ
2946 2181 3134 2234 τούτου
3158 2183 3320 2234 ἕνεκα
3349 2182 3399 2234 oi
3429 2181 3661 2255 πλείους

2061 2274 2169 2328 τῶν
2208 2273 2412 2335 ἐθνῶν,
2450 2275 2585 2326 ὅπου
2629 2273 2672 2326 δ’
2718 2273 2783 2326 ἂν
2831 2273 2984 2328 ίδωσι
3029 2273 3337 2336 τοιούτους,
3384 2273 3513 2325 οὔτε
3559 2272 3661 2325 ἐπὶ

2061 2367 2316 2438 κοινωνίᾳ
2348 2369 2478 2439 ἡμῖν
2514 2367 2912 2439 προσφέρονται
2935 2366 3281 2438 ληψοδοσίας,
3319 2367 3352 2437 ἢ
3395 2365 3654 2436 γνώμης,

2058 2457 2092 2530 ἢ
2139 2459 2307 2528 ἀκοῆς
2352 2457 2513 2526 λόγου
2557 2456 2700 2511 θείου
2726 2498 2740 2522 ,
2791 2455 2914 2510 οῦτε
2957 2457 3056 2527 τὴν
3103 2457 3274 2527 ἀκοὴν
3319 2456 3655 2518 ἐντιθέασιν,

2058 2549 2394 2620 ἐπτυρμὲνοι
2440 2551 2548 2603 ἀπὸ
2581 2549 2681 2619 τῆς
2714 2549 2822 2602 τῶν
2851 2549 3130 2620 ἀθεμίτων
3164 2549 3578 2620 ἀνοσιουργίας.

367 2644 482 2699 vini
513 2643 666 2699 verbi
699 2641 1012 2697 societatem
1043 2641 1398 2714 conjungere,
1436 2655 1500 2695 ac
1530 2657 1600 2696 ne
1629 2655 1792 2696 aures
1845 2642 2066 2714 quidem
2109 2646 2354 2716 praebere
2397 2644 2737 2713 sustineant;
2788 2644 3101 2715 usqueadeo
3148 2643 3374 2701 uelariis
3425 2645 3656 2699 illorum

368 2733 587 2804 ﬂagitiis
620 2731 980 2797 consternati,
1023 2745 1085 2784 ac
1119 2730 1364 2786 deterriti
1406 2738 1556 2784 sunt.

437 2823 527 2879 IV.
564 2824 736 2879 Porro
769 2824 859 2880 isti
894 2823 948 2878 in
979 2824 1107 2877 luxu
1141 2833 1302 2892 atque
1333 2821 1546 2878 deliciis
1577 2822 1800 2878 assidue
1833 2837 1959 2877 ver-

369 2924 583 2982 santur,
629 2916 876 2985 nihilque
916 2930 1026 2969 non
1067 2916 1133 2968 ad
1175 2929 1467 2984 corporum
1514 2914 1849 2983 voluptatem
1891 2928 1956 2968 ac

365 3009 766 3081 iucunditatem
805 3007 1146 3079 suscipiunt;
1177 3020 1355 3074 neque
1381 3005 1446 3060 ad
1479 3021 1580 3062 nos
1613 3006 1830 3074 penitus
1870 3019 1957 3058 ac-

2125 2823 2199 2875 A'.
2241 2820 2362 2875 Elol.
2397 2821 2453 2874 δὲ
2489 2823 2546 2874 ἐν
2579 2821 2789 2894 ἀσωτίᾳ
2820 2822 3191 2888 διατελοῦντες
3215 2819 3384 2885 οὗτοι,
3415 2825 3518 2878 καὶ
3541 2828 3657 2882 πᾶν

2055 2914 2231 2968 ὁτιοῦν
2269 2914 2627 2986 ἐργαζόμενοι
2666 2915 2804 2986 πρὸς
2854 2916 3154 2970 εὐπάθειαν
3188 2918 3481 2988 σωμάτων,
3518 2921 3656 2990 ἡμῖν

2053 3003 2109 3056 δέ
2139 3003 2275 3066 ὅλως
2305 3004 2404 3057 οὐκ
2439 3004 2770 3073 ἐγγίζοντες,
2797 3006 2845 3057 εί
2879 3007 2952 3076 μή
2982 3024 3034 3058 τι
3065 3007 3174 3078 ἄρα
3203 3008 3340 3078 πρὸς
3367 3009 3428 3062 τὸ
3457 3010 3653 3063 8315a-

369 3102 594 3164 cedunt,
637 3099 740 3153 nisi
789 3098 930 3150 forte
977 3107 1032 3151 ut
1078 3097 1377 3151 imbecilles
1424 3098 1639 3152 animos
1687 3097 1754 3151 ad
1787 3097 1950 3167 impia

2092 3113 2145 3147 at
2177 3094 2353 3166 ψυχὰς
2381 3095 2742 3167 ἀστηρίκτους
2765 3099 2823 3150 ἐν
2848 3101 2912 3169 τῇ
2940 3098 3121 3152 αὐτῶν
3150 3100 3650 3174 κακοδιδασκαλίᾳ.

370 3208 468 3246 sua
497 3190 750 3260 dogmata
791 3188 1089 3258 pelliciant.
1147 3184 1334 3255 Neque
1370 3186 1515 3240 enim
1549 3185 1653 3240 alia
1701 3201 1760 3240 re
1790 3185 1952 3240 nobis

371 3281 578 3337 similes
629 3286 788 3344 sunt,
833 3293 995 3350 quam
1027 3275 1173 3348 quod
1215 3277 1332 3332 solo
1380 3275 1680 3331 Christiani
1730 3275 1954 3331 nomine

368 3374 694 3446 gloriantur,
725 3378 785 3426 ut
807 3371 1052 3426 ementiti
1081 3369 1245 3439 hujus
1271 3368 1523 3423 vocabuli
1547 3367 1730 3438 specie
1758 3367 1954 3436 impro-

372 3468 592 3520 bitatem
615 3478 771 3519 suam
794 3468 1104 3518 exerceant.
1122 3460 1227 3515 Sed
1257 3459 1646 3529 horum,105
1674 3459 1750 3514 uti
1779 3459 1952 3528 scrip-

369 3563 484 3608 tum
501 3563 607 3617 est,
622 3553 888 3624 judicium
913 3552 1214 3622 legitimum
1238 3559 1342 3618 est,
1358 3552 1408 3604 id
1428 3551 1574 3620 quod
1592 3550 1794 3604 Paulus
1823 3565 1952 3620 apo-

369 3645 780 3702 stolustradidit
799 3646 837 3700 ¹.
856 3643 1133 3715 Siquidem
1159 3653 1379 3714 propter
1413 3643 1778 3698 abominanda
1805 3644 1947 3712 ipso-

369 3752 491 3793 rum
520 3737 683 3803 facta,
713 3751 924 3793 merces
947 3735 1056 3791 illis
1086 3746 1455 3790 consentanea
1489 3734 1782 3802 reddetur;
1823 3751 1947 3788 nam

368 3843 494 3883 cum
526 3827 768 3882 animum
799 3843 958 3883 suum
994 3827 1112 3896 rapi
1151 3826 1392 3880 libidinis
1425 3827 1627 3896 impetu
1661 3839 1725 3879 ac
1764 3825 1951 3880 furore

369 3920 740 3993 permiserint,
764 3921 818 3974 in
848 3921 1058 3975 inﬁnita
1083 3936 1204 3977 sese
1226 3921 1565 3992 voluptatum
1589 3936 1786 3992 genera
1811 3937 1950 3991 prm-

371 4012 568 4082 cipites
602 4012 970 4066 committunt.
1005 4011 1082 4066 lta
1102 4013 1244 4067 enim
1276 4013 1581 4083 disputant,
1608 4027 1729 4082 qua:
1757 4015 1823 4066 ab
1852 4013 1946 4067 ho-

369 4105 611 4160 minibus
637 4105 775 4156 mala
803 4102 1143 4173 judicantur,
1174 4119 1234 4160 ea
1267 4105 1492 4158 minime
1522 4105 1658 4158 mala
1682 4119 1823 4171 esse,
1851 4105 1946 4159 sed

367 4197 596 4252 honesta
623 4203 839 4250 natura.
881 4194 1026 4250 Nihil
1055 4197 1202 4251 enim
1237 4205 1431 4251 natura
1457 4198 1660 4251 malum
1690 4205 1808 4264 est;
1851 4197 1946 4254 sed

368 4290 437 4342 ab
459 4287 770 4342 hominibus
793 4287 1058 4342 duntaxat
1081 4303 1246 4358 prava
1270 4299 1583 4344 censentur.
1610 4289 1740 4354 Qua:
1761 4291 1807 4344 si
1825 4292 1947 4360 quis

365 4379 552 4436 Omnia
597 4379 651 4433 in
703 4379 805 4434 hac
855 4394 962 4433 una
1007 4381 1260 4450 praisenti
1312 4381 1419 4435 vita
1466 4381 1777 4452 perfecerit,
1827 4382 1946 4451 ejus

2058 3188 2152 3252 Εἰς
2177 3187 2330 3240 οὐδὲν
2365 3187 2471 3258 γὰρ
2492 3189 2624 3260 ἡμῖν
2653 3188 2984 3259 ὁμοιοῦνται,
3011 3189 3043 3261 ἦ
3077 3191 3237 3262 μόνον
3279 3192 3514 3263 ὀνόματι
3545 3213 3652 3247 κα-

2054 3277 2262 3331 λεῖσθαι
2292 3279 2666 3349 σεμνύνονται,
2693 3280 2842 3343 ὅπως
2867 3279 2954 3333 διὰ
2979 3279 3072 3332 τοῦ
3103 3281 3366 3351 ὀνόματος
3397 3282 3498 3335 τοῦ
3522 3285 3650 3337 ἐπι-

2055 3370 2294 3424 πλάστου
2336 3369 2405 3422 τὰ
2451 3370 2550 3440 τῆς
2586 3371 2794 3424 ἐαυτῶν
2838 3371 3036 3434 κακίας
3065 3372 3429 3442 ἐργάσωνται.
3480 3374 3559 3426 Τὸ
3597 3375 3654 3428 δέ

2055 3464 2229 3533 κρῖμα
2279 3460 2485 3514 τούτων
2532 3460 2676 3514 κατὰ
2716 3461 3201 3534 τὸ·γεγραμμένον
3232 3463 3435 3517 ἔνδικόν
3474 3465 3652 3531 ἐστιν,

2051 3551 2126 3614 ὡς
2169 3553 2197 3604 ὁ
2241 3551 2395 3621 ἀγιος
2430 3551 2641 3616 Παῦλος
2685 3554 2714 3605 ὁ
2760 3553 3056 3616 ἀπόστολος
3096 3553 3233 3624 ἔφη’
3270 3555 3357 3607 διά
3402 3555 3518 3626 γὰρ
3549 3556 3652 3619 τὰς

2053 3639 2230 3704 κακὰς
2261 3640 2441 3693 αὐτῶν
2486 3641 2715 3710 πράξεις
2751 3643 2812 3695 τὸ
2852 3643 3206 3714 ἀνταπόδομα
3243 3645 3652 3717 ἀποδοθήσεται

2053 3732 2254 3794 αὐτοῖς.
2290 3731 2486 3793 Ἀδεῶς
2508 3732 2617 3804 γὰρ
2642 3733 2734 3786 τὸν
2768 3733 2892 3789 νοῦν
2920 3734 3101 3788 αὐτῶν
3127 3737 3207 3798 είς
3237 3733 3453 3808 οἶστρον
3487 3739 3646 3791 ἐκδε-

2051 3821 2318 3887 δωκότες,
2365 3822 2595 3875 πάθεσιν
2640 3823 2844 3894 ἡδονῶν
2891 3826 3101 3896 μυρίων
3144 3827 3371 3891 ἑαυτοὺς
3405 3829 3647 3898 παραδι-

2053 3915 2280 3971 δώκασι.
2315 3916 2452 3968 Φασὶ
2482 3917 2620 3988 γὰρ,
2657 3918 2738 3970 ὅτι
2781 3918 2882 3984 ὅσα
2923 3918 3202 3988 νομίζεται
3236 3919 3388 3988 παρά
3427 3920 3649 3991 ἀνθρώο

2053 4022 2175 4068 ποις
2203 4005 2352 4058 κακά
2382 4001 2545 4070 εἶναι,
2575 4008 2635 4059 ού
2673 4005 2818 4059 κακὰ
2848 4007 3106 4078 ὑπάρχει,
3133 4008 3266 4061 ἀλλὰ
3292 4009 3452 4076 φύσει
3477 4012 3643 4064 καλά.

2051 4098 2215 4153 Οὐδὲν
2255 4100 2364 4170 γάρ
2397 4101 2513 4152 ἐστι
2549 4099 2706 4167 φύσει
2742 4099 2909 4152 κακόν
2933 4115 2947 4129 ⁸
2986 4102 3100 4162 τοῖς
3131 4099 3188 4152 δὲ
3215 4100 3527 4171 ἀνθρώποις
3558 4119 3644 4153 vo-

2054 4188 2266 4260 μίζεται
2296 4186 2436 4242 εἶναι
2457 4190 2656 4260 φαῦλα,
2688 4191 2798 4242 Kal.
2820 4191 2992 4244 ταῦτα
3022 4191 3199 4244 πάντα
3225 4192 3319 4244 ἐάν
3345 4208 3428 4255 τις
3454 4192 3642 4263 πράξῃ

2051 4283 2108 4334 ἐν
2140 4285 2205 4353 τῇ
2241 4284 2337 4354 μιᾷ
2369 4283 2538 4356 ταύτῃ
2570 4285 2863 4355 παρουσία,
2889 4284 3073 4337 οὐκέτι
3116 4285 3641 4354 μετενσωματοῦται

2049 4373 2214 4427 αὑτοῦ
2243 4377 2275 4445 ἡ
2303 4374 2468 4446 ψυχὴ,
2513 4377 2594 4439 είς
2621 4376 2682 4428 τὸ
2713 4375 2872 4430 πάλιν
2905 4375 3463 4446 ἀντικαταὸληθῆναι,

370 4472 552 4525 anima
583 4485 694 4525 non
742 4471 980 4540 amplius
1023 4471 1079 4525 in
1125 4471 1231 4525 alia
1260 4487 1487 4542 corpora
1523 4473 1947 4537 transfunditur,

2095 4465 2162 4517 πὸ
2222 4465 2278 4520 ἓν
2305 4469 2581 4537 ποιήσασα
2638 4469 2817 4521 πᾶσαν
2884 4469 3124 4540 πρᾶξιν,
3191 4466 3640 4538 ἀπαλλαγήσεται

367 4569 428 4614 ιιι
450 4561 504 4615 in
530 4560 672 4614 hanc
700 4559 876 4614 lucem
902 4559 1082 4614 denuo
1105 4570 1458 4628 procreetur;
1486 4559 1580 4614 sed
1601 4560 1748 4613 omni
1777 4562 1948 4615 actio-

368 4667 498 4705 num
529 4665 729 4722 genere
754 4648 1062 4720 perl‘uncta,
1094 4649 1264 4703 libera
1288 4657 1452 4718 atque
1478 4649 1735 4703 immunis
1758 4649 1947 4703 absce-

367 4741 480 4809 det,
512 4757 637 4796 cum
668 4742 874 4797 nullius
899 4741 1079 4796 adhuc
1107 4742 1163 4795 in
1197 4741 1300 4796 hoc
1321 4739 1524 4795 mundo
1556 4739 1739 4796 debito
1775 4741 1946 4795 actio-

369 4835 456 4888 nis
487 4833 779 4904 obligetur.
829 4832 1153 4903 Cujusmodi
1182 4848 1312 4887 vero
1338 4832 1607 4888 actionem
1644 4833 1948 4904 intelligant

368 4939 586 4979 rursum
617 4923 892 4994 explicare
917 4939 1128 4990 vereor,
1157 4939 1225 4979 ne
1249 4924 1395 4980 velut
1423 4935 1674 4995 opertum
1701 4940 1944 4992 caenum,

372 5017 445 5071 ita
487 5017 888 5087 graveolentem
921 5017 1063 5071 hanc
1102 5018 1346 5072 cloacam
1381 5018 1642 5087 aperiam,
1680 5033 1745 5072 ac
1773 5019 1945 5088 pesti-

376 5115 396 5164 t
426 5124 498 5164 ra?
536 5109 822 5178 cujusdam
857 5109 1225 5166 exhalationis
1262 5125 1326 5165 ac
1359 5109 1546 5165 l‘etoris
1595 5111 1942 5166 occasionem

477 5265 492 5297 ⁸
525 5263 684 5320 Rom.
706 5278 743 5329 t,
771 5263 861 5318 27.
935 5266 956 5293 ‘
982 5262 1109 5319 For.
1144 5263 1370 5328 πάντας.

438 5423 552 5492 (84)
581 5422 716 5492 Εἰσὶ
745 5421 813 5474 δὲ
843 5422 911 5492 ἐκ
937 5419 1043 5474 τοῦ
1069 5419 1323 5492 Σατανᾷ.
1344 5421 1704 5478 Perditissimi
1726 5420 1944 5478 haereti-

364 5489 554 5549 corum
571 5491 839 5554 Gnostici,
867 5490 1250 5547 Gnosticorum
1270 5489 1681 5562 Carpocratiani
1699 5494 1940 5556 fuerunt,

365 5575 423 5620 ut
448 5565 540 5635 qui
571 5563 888 5634 turpissima
916 5578 1145 5634 qumque
1164 5561 1366 5635 ﬂagitia
1382 5561 1788 5635 committentes
1807 5565 1942 5635 adeo

366 5633 890 5705 imiierubeScerent,
909 5633 965 5688 ut
979 5635 1140 5705 etiam
1161 5633 1438 5703 glorianda
1463 5651 1525 5688 ac
1544 5651 1654 5705 pra:
1667 5651 1726 5690 se
1745 5634 1945 5689 haben-

363 5706 433 5761 da
467 5713 738 5775 putarent.
775 5703 898 5760 ldeo
935 5705 1002 5759 de
1045 5703 1488 5775 Carpocratianis
1534 5703 1854 5775 nominatim
1887 5711 1940 5761 et

362 5773 620 5841 lieuacus,
641 5786 694 5832 ct
715 5775 886 5832 Clem.
909 5791 969 5831 ιιι
999 5773 1199 5830 Siron}.
1231 5783 1282 5831 et
1309 5773 1597 5842 Eusebius,
1624 5785 1676 5831 et
1701 5774 1940 5844 Epipha-

2053 4558 2503 4629 ἐλευθερωθεῖσα,
2539 4561 2633 4613 καὶ
2665 4561 2862 4631 μηκέτι
2894 4558 3244 4631 χρεωστοῦσά
3276 4575 3327 4610 τι
3355 4557 3467 4610 τῶν
3502 4558 3640 4628 πρὸς

2054 4649 2251 4720 πρᾶξιν
2286 4652 2344 4703 ἐν
2375 4650 2453 4720 τῷ
2481 4651 2692 4722 κόσμῳ.
2724 4652 2892 4704 Ποίαν
2941 4650 2998 4704 δὲ
3031 4650 3228 4722 πρᾶξιν
3259 4651 3455 4714 εἰπεῖν,
3490 4649 3640 4703 δέδια

2054 4743 2237 4808 πάλιν,
2273 4744 2347 4815 μὴ
2379 4744 2638 4816 βορϐόρου
2665 4744 2820 4816 δίκην
2848 4743 3262 4816 κεκαλυμμένου
3292 4743 3480 4812 ὀχετὸν
3501 4744 3640 4796 ἀποο

2055 4834 2280 4905 καλύψω
2302 4875 2317 4898 ,
2365 4836 2457 4888 καί
2491 4854 2600 4890 τισι
2643 4836 2780 4902 δόξω
2818 4837 3114 4907 λοιμώδους
3145 4835 3438 4905 δυσοδμίας
3472 4835 3637 4904 ἐργά-

2053 4927 2243 4992 ξεσθαι
2269 4927 2367 5001 τὴν
2396 4931 2721 5003 ἐμφόρησιν.
2763 4931 2901 4983 Ἀλλ’
2930 4932 3077 5000 ὅμως
3100 4929 3398 4999 ἐπειδήπερ
3422 4928 3483 4994 ἐξ
3507 4928 3638 4996 ἀληο

2053 5019 2202 5084 θείας
2251 5021 2588 5093 συνεχόμεθα
2621 5022 2692 5076 τὰ
2739 5022 2890 5093 παρὰ
2925 5026 3037 5085 τοῖς
3081 5020 3458 5092 ὴπατημένοις
3499 5021 3633 5072 ἀπο.

2052 5111 2310 5183 καλύψαι,
2343 5114 2668 5186 σεμνότερον
2701 5117 2874 5170 εἰπεῖν
2906 5131 2987 5180 τε,
3017 5114 3110 5169 καὶ
3141 5113 3241 5183 τῆς
3267 5111 3526 5184 ἀληθείας
3557 5112 3632 5182 μὴ

2048 5423 2174 5478 nius
2203 5422 2405 5492 aliique
2447 5424 2721 5488 scribunt,
2767 5438 3036 5479 summam
3080 5424 3146 5480 ad
3193 5424 3492 5480 Christiani
3532 5441 3630 5480 no—

2048 5494 2212 5566 minis
2240 5493 2518 5547 inlamiam
2550 5509 2617 5566 ac
2649 5495 2886 5566 dedecus
2921 5510 3016 5550 eos
3053 5507 3080 5548 a
3107 5496 3326 5550 diabolo
3356 5512 3476 5550 esse.
3505 5512 3631 5566 pro-

2045 5563 2264 5626 ductos,
2312 5572 2367 5616 ut
2415 5564 2646 5634 gentiles
2681 5580 2804 5618 cum
2842 5565 3188 5621 Christianos
3232 5567 3482 5620 homines
3508 5563 3628 5618 vtam

2045 5633 2295 5703 impuros
2327 5651 2389 5688 ac
2422 5633 2663 5689 nefarios
2692 5637 2960 5698 viderent,
3000 5652 3028 5688 a
3061 5636 3375 5690 Christiana
3410 5637 3625 5704 profes-

2043 5706 2197 5774 sione
2242 5705 2457 5772 penilus
2505 5706 2884 5761 abhorrerent.
2925 5705 3070 5762 idem
3101 5715 3154 5763 ct
3187 5705 3336 5763 Tert.
3382 5707 3438 5761 in
3467 5707 3623 5774 Apo..

2043 5781 2096 5829 et
2128 5773 2381 5831 Justinus
2408 5775 2769 5845 scripserunt.
