3760 6176
123 177 241 238 569
323 225 330 236 .
772 183 1144 244 ADVERSUS
1181 188 1524 249 HERESES
1562 191 1692 253 LIB.
1732 196 1774 255 Ι.
1815 195 1977 254 ΤΟΜ.
2019 197 2086 256 ll.
2126 199 2487 256 —HA£RES.
2525 199 2737 256 XXVII.
3303 203 3408 259 370

123 290 241 356 ἔξω
271 292 476 363 βαίνειν
497 292 730 365 ἐμαυτὸν
752 301 1173 369 καταναγκάσω.
1192 303 1256 358 Τί
1278 305 1336 359 δὲ
1359 305 1488 360 ἄλλο
1513 326 1564 362 τι
1585 309 1602 339 ί
1625 326 1649 361 τ

1831 311 2158 382 quibusdam
2186 312 2375 368 videar
2395 313 2715 384 praebuisse.
2745 311 2852 369 Sed
2877 313 3252 377 nihilominus,
3283 329 3406 369 cum

132 399 243 474 σαν
285 384 692 455 άῤῥητουργέαν
727 387 821 440 καὶ
849 387 1106 474 ἀθέμιτον
1133 391 1351 464 πρᾶξιν,
1385 396 1452 466 ἢν
1485 397 1545 450 οὐ
1577 397 1649 469 θει

1815 402 1915 455 me
1945 401 2151 457 veritas
2181 401 2300 472 ipsa
2341 403 2744 472 quodammodo
2783 413 2960 474 cogat,
2993 411 3054 457 ut
3092 403 3194 458 hoc
3218 419 3406 458 errore

120 471 223 572 cf:
259 475 354 572 ἐπὶ
383 475 651 572 στόματος
694 477 904 548 φέρειν,
939 472 1086 534 οῦτοι
1115 482 1454 554 πράττουσι;
1487 488 1599 543 Καὶ
1621 507 1649 542 τι

1826 493 2192 548 laborantium
2216 494 2496 549 hominum
2524 509 2724 550 arcana
2747 493 3110 565 patefaciam,-
3123 511 3244 550 eam
3269 496 3404 550 mihi

123 560 278 622 εἶδος
312 561 718 632 ἀνδροϐασιῶν,
763 565 860 618 καὶ
899 565 1264 641 λαγνιστέρων
1327 573 1553 643 ὁμιλιῶν
1592 593 1649 646 πε

1826 585 2208 642 necessitatem
2245 585 2544 656 imponam,
2579 592 2639 642 ut
2667 594 2720 641 ct
2749 585 3154 642 honestioribus
3185 602 3251 642 ea
3284 602 3404 642 ver—

130 653 434 716 γυναῖκας,
461 653 518 705 ἐν
545 652 763 725 ἑκάστῳ
793 655 944 726 μέλει
978 657 1246 730 σώματος,
1279 664 1509 732 μαγείας
1532 683 1591 719 τε
1629 685 1649 721 ι

1825 678 1910 734 bis
1947 691 2224 742 enarrem,
2270 687 2325 732 et
2367 694 2398 732 a
2430 678 2508 734 rei
2552 679 2779 735 veritate
2810 692 3154 748 nequaquam
3200 678 3394 732 abhor-

137 743 504 812 φαρμακείας
547 746 644 800 καὶ
699 747 1144 822 είδωλολατρείας
1203 754 1564 822 ἐκτελοῦντες.
1613 760 1724 813 Καὶ

121 833 294 888 τοῦτο
351 831 493 891 εἶναί
542 856 708 908 φασιν
757 841 1022 914 ἐργασίαν
1067 844 1378 910 ἀποδόσεως
1405 848 1514 903 τῶν
1549 852 1607 904 ἐν
1643 851 1722 923 τῷ

123 927 350 999 σώματι
382 932 766 1004 ὀφειλημάτων
810 936 891 1000 είς
933 937 994 990 τὸ
1025 937 1221 1008 μηκέτι
1265 939 1646 1008 ἐγκαλεῖσθαι,
1689 945 1718 1016 ἦ

1818 783 1989 823 ream.
2043 767 2184 834 Quid
2219 767 2382 839 igitur
2423 767 2514 822 isti
2561 767 2708 822 aliud
2758 775 2956 838 praeter
2997 769 3398 824 exsecrandum

1818 857 1946 911 illud
1977 873 2042 911 ac
2083 857 2405 913 detestabile
2445 857 2710 928 flagitium
2755 859 3123 923 committunt,
3158 859 3303 929 quod
3333 876 3401 914 ne

1817 964 2068 1004 sermone
2092 950 2313 1020 quidem
2345 951 2650 1020 exprimere
2681 950 2829 1016 licet,
2860 950 2962 1003 hoc
2993 957 3077 1005 est
3103 957 3400 1019 pratposte-

123 1024 352 1091 μέλλειν
399 1044 452 1080 τι
500 1027 754 1100 πράξεως
801 1028 960 1101 ἔργον
994 1031 1369 1084 ἀπαιτεῖσθαι·
1403 1035 1497 1088 καὶ
1528 1035 1649 1088 τοῦτ

1816 1059 1932 1098 ram
1974 1046 2207 1096 marium
2249 1042 2727 1104 consuetudinem,
2779 1049 2872 1095 aut
2911 1040 3398 1097 libidinosissimos

119 1117 294 1170 ἕνεκα
331 1118 406 1188 μὴ
434 1119 873 1190 ἀποστρέφεσθαι
908 1122 1007 1192 τὴν
1034 1121 1212 1192 ψυχὴν
1241 1123 1381 1194 μετά
1412 1123 1509 1194 τὴν
1534 1125 1649 1178 ἐντε

1814 1149 1938 1188 cum
1961 1132 2180 1188 feminis
2201 1131 2442 1203 qualibet
2457 1132 2703 1202 corporis
2723 1138 2875 1202 parte
2891 1131 3252 1197 concubitus;
3280 1138 3395 1184 tum

119 1210 213 1262 θεν
266 1211 619 1282 ἀπαλλαγὴν,
657 1214 752 1265 καὶ
795 1213 955 1268 πάλιν
985 1215 1065 1278 εἰς
1098 1217 1586 1288 μετενσωμάτωσιν
1622 1235 1649 1270 κ

1823 1223 2060 1291 magicas
2109 1223 2333 1295 insuper
2374 1230 2540 1287 artes,
2589 1238 2653 1277 ac
2702 1223 2984 1287 veneﬁcia,
3018 1222 3398 1292 idolorumque

119 1302 516 1374 μεταγγισμθν
550 1308 768 1375 χωρεῖν.

1821 1314 2026 1370 cultus?
2048 1314 2224 1384 Atque
2246 1314 2388 1368 hanc
2412 1315 2882 1370 dissolvendarum
2912 1316 3162 1385 corporis
3189 1315 3397 1370 debito-

117 1410 246 1447 rum
273 1397 545 1452 rationem
570 1413 693 1453 esse
715 1399 1064 1468 conﬁrmant,
1091 1417 1162 1457 ne
1187 1403 1446 1473 appellari
1472 1405 1706 1474 amplius
1745 1409 1976 1477 possint,
1999 1417 2092 1462 aut
2118 1410 2188 1464 ab
2218 1409 2284 1464 iis
2314 1410 2452 1478 ipsis
2476 1425 2616 1480 opus
2641 1409 2862 1480 aliquod
2921 1416 3202 1480 repetatur
3219 1451 3234 1476 ,
3304 1423 3398 1462 eo-

113 1503 227 1556 que
279 1490 444 1544 modo
497 1491 633 1546 illud
681 1494 934 1561 obtineri,
969 1503 1030 1550 ut
1069 1512 1138 1552 ne
1183 1508 1538 1569 posteaquam
1579 1501 1705 1555 hinc
1739 1504 2241 1560 excesseritanima
2261 1504 2443 1560 denuo
2464 1512 2792 1571 revertatur,
2824 1513 2880 1561 et
2903 1506 2971 1562 ad
3034 1505 3158 1560 illos
3216 1503 3394 1559 aliena

114 1583 171 1638 in
197 1600 440 1656 eoi-pora
463 1587 729 1644 transitus
755 1605 820 1644 ac
851 1592 1200 1661 migrationes
1224 1595 1352 1650 sese
1374 1596 1594 1651 referat.

187 1680 269 1734 E'.
319 1681 508 1745 υῦτως
561 1683 671 1754 γὰρ
719 1685 831 1753 ἔχει
874 1685 944 1738 τὰ
993 1687 1173 1740 αὐτῶν
1217 1690 1590 1760 συντάγματα,
1637 1707 1649 1741 t

1885 1683 1950 1738 V.
1992 1682 2273 1753 Ejusmodi
2311 1685 2456 1739 enim
2506 1685 2722 1740 illorum
2766 1686 3101 1741 monimenta
3147 1696 3298 1756 sunt,
3333 1699 3395 1746 ut

112 1771 427 1838 ἀναγνόντα
453 1773 544 1827 τὸν
573 1775 791 1827 συνετὸν
818 1775 1116 1846 θαυμάζειν
1159 1780 1251 1832 καὶ⁸
1289 1781 1704 1852 ἐκπλήττεσθαι,

113 1863 209 1914 καὶ
249 1864 507 1917 ἀπιστεῖν
540 1867 587 1918 εἰ
613 1865 784 1918 ταῦτα
815 1866 988 1932 οὓτως
1017 1869 1120 1922 ὑπὸ
1147 1871 1449 1944 ἀνθρώπων
1476 1876 1706 1944 γενήσε-

111 1970 226 2019 ται,
279 1956 346 2007 οὐ
404 1955 564 2026 μόνον
590 1957 700 2009 τῶν
726 1958 850 2012 καθ’
883 1963 1033 2031 ἡμᾶς
1089 1963 1244 2016 πόλιν
1289 1965 1704 2032 κατοικούντων,

113 2045 255 2098 ἀλλά
298 2048 396 2100 καὶ
425 2048 532 2101 τῶν
551 2049 688 2118 μετὰ
705 2049 888 2122 θηρῶν
917 2053 1012 2105 καὶ
1041 2053 1242 2123 ὁμοίων
1258 2054 1419 2128 θηρσὶ
1447 2059 1541 2110 καὶ
1571 2058 1705 2129 κτή-

110 2153 254 2198 νεσι,
296 2139 394 2190 καὶ
443 2140 626 2208 σχεδὸν
655 2142 828 2194 εἰπεῖν
863 2143 932 2196 τά
967 2143 1144 2196 κυνῶν
1175 2146 1267 2198 καὶ
1296 2146 1405 2200 ὑῶν
1447 2149 1706 2218 πράττειν

109 2227 466 2298 τολμώντων.
521 2233 658 2284 Φασὶ
713 2234 856 2307 γάρ’
896 2237 986 2288 Δεῖ
1029 2236 1243 2302 πάντως
1293 2240 1474 2292 πᾶσαν
1512 2241 1706 2312 χρῆσιν

109 2321 326 2376 τούτων
355 2324 647 2389 ποιεῖσθαι,
684 2325 771 2379 ἵνα
810 2327 904 2399 μὴ,
935 2327 1246 2392 ἐξελθοῦσαι
1280 2331 1374 2383 καὶ⁴
1403 2331 1705 2404 ὑστερήσα-

112 2414 205 2466 σαί
249 2432 401 2480 τινος
455 2416 638 2488 ἔργου,
679 2418 870 2472 τούτου
923 2419 1086 2474 ἕνεκα
1128 2422 1584 2494 καταστραφῶσιν
1625 2424 1705 2486 εἰς

110 2505 354 2576 σώματα
383 2508 544 2562 πάλιν
601 2510 657 2563 αἱ
698 2509 887 2581 ψυχαὶ,
931 2514 1010 2574 εἰς
1041 2511 1102 2566 τὸ
1144 2512 1346 2584 πρᾶξαι
1379 2510 1535 2578 αὖθις
1563 2514 1600 2568 ἃ.
1630 2515 1704 2586 μὴ

106 2598 382 2668 ἔπραξαν.
405 2602 512 2655 Καὶ
527 2601 685 2655 τοῦτό
708 2605 846 2666 ἐστι,
863 2605 1025 2672 φασὶν
1043 2604 1272 2676 (85-86),
1297 2607 1432 2678 ὅπερ
1456 2607 1704 2676 ὁΊησοῦς

109 2691 166 2741 ἐν
218 2691 304 2762 τῷ
357 2693 675 2765 Εὕαγγελίῳ
706 2690 828 2748 εἷπε
879 2695 968 2749 διὰ
1027 2696 1344 2768 παραϐολῆς
1372 2698 1490 2750 ὃτι’
1540 2699 1698 2752 Ἴσθι

107 2784 350 2838 εὐνοῶν
367 2784 449 2851 τῷ
476 2786 756 2853 ἀντιδίκῳ
772 2803 910 2851 σου,
947 2789 1016 2842 ἐν
1047 2782 1094 2855 ᾧ
1118 2784 1196 2860 ᾖς
1229 2790 1299 2843 ἐν
1319 2787 1392 2857 τῇ
1417 2788 1536 2854 ὀδῷ
1575 2790 1700 2857 μετ’

109 2874 329 2940 αὐτοῦ,
365 2876 462 2930 καὶ
492 2877 596 2944 δὸς
617 2879 907 2948 ἐργασίαν
928 2879 1314 2948 ἀπηλλάχθαι
1345 2878 1446 2932 ἀπ’
1492 2876 1698 2940 αὐτοῦ,

1811 1776 1856 1829 si
1889 1775 2015 1844 quis
2039 1789 2101 1827 ea
2133 1775 2356 1844 sapiens
2383 1775 2596 1843 legerit,
2629 1775 2982 1830 vehementer
3007 1778 3388 1848 Obstupescat,

1809 1865 2007 1933 vixque
2030 1864 2099 1919 ab
2115 1864 2434 1920 hominibus
2459 1866 2574 1920 ﬁeri
2594 1866 2696 1920 ista
2720 1882 2884 1936 posse
2904 1867 3009 1923 sibi
3037 1871 3388 1939 persuadeat,

1807 1973 1917 2012 non
1952 1957 2116 2012 modo
2149 1957 2218 2014 iis
2253 1958 2430 2013 nosui
2463 1959 2682 2030 generis
2716 1960 3054 2028 hominibus,
3097 1964 3191 2032 qui
3223 1965 3278 2018 in
3310 1981 3394 2020 re-

1807 2047 2028 2118 publica
2054 2057 2372 2113 versantur,
2401 2050 2497 2104 sed
2526 2051 2689 2105 etiam
2716 2049 2808 2116 iis,
2837 2051 2930 2122 qui
2955 2051 3010 2106 in
3040 2053 3222 2110 medio
3246 2055 3391 2110 fera-

1806 2153 1926 2192 rum
1953 2138 2272 2194 earumdem
2303 2155 2368 2194 ac
2390 2141 2661 2211 pecudum
2697 2143 2908 2200 similes
2931 2144 3156 2216 degunt,
3182 2147 3390 2218 quique

1805 2245 1929 2284 cum
1973 2231 2205 2286 canibus
2245 2247 2310 2287 ac
2346 2233 2538 2288 suibus
2583 2235 2732 2304 paria
2759 2238 3152 2306 propemodum
3194 2255 3382 2311 perpe-

1805 2329 1973 2377 trant.
2034 2321 2091 2376 Si
2135 2323 2353 2393 quidem
2389 2325 2626 2395 experiri
2661 2327 2844 2382 omnia
2882 2337 3136 2397 oportere
3174 2330 3386 2397 dicunt,

1805 2430 1872 2470 ne
1900 2430 2134 2485 egressa:
2164 2416 2327 2471 istinc
2353 2417 2570 2482 animae,
2595 2433 2759 2489 opere
2784 2420 2970 2490 aliquo
2997 2426 3388 2492 praetermisso,

1802 2507 1874 2561 ob
1910 2507 1963 2562 id
2005 2523 2200 2564 rursus
2255 2509 2309 2564 in
2357 2523 2588 2580 corpora
2625 2512 3070 2582 compingantur,
3113 2517 3273 2588 106
3330 2529 3388 2572 ut

1803 2597 1934 2652 illud
1997 2597 2314 2668 perﬁciant,
2389 2600 2535 2670 quod
2602 2616 2712 2656 non
2757 2601 3023 2658 fecerunt.
3085 2603 3200 2660 lloc
3257 2622 3390 2662 vero

1802 2687 1980 2758 ipsum
2013 2704 2160 2754 esse,
2201 2689 2348 2760 quod
2379 2690 2436 2744 in
2469 2689 2762 2763 Evangelio
2792 2692 2954 2750 Jesus
2989 2695 3091 2750 hac
3126 2698 3387 2767 parabola

1802 2778 2074 2850 significat
2115 2799 2128 2834 :
2159 2780 2309 2852 Esto,
2345 2781 2540 2852 inquit,
2577 2785 2906 2840 consentiens
2937 2786 3243 2842 adversario
3272 2797 3384 2854 tuo,

1801 2871 1927 2923 dum
1962 2871 2135 2924 adhuc
2171 2889 2226 2926 es
2259 2875 2313 2926 in
2346 2877 2429 2927 via
2473 2891 2592 2928 cum
2620 2877 2756 2945 ipso,
2793 2884 2844 2930 et
2883 2876 2956 2932 da
2988 2893 3198 2946 operam
3235 2889 3293 2934 ut
3319 2883 3386 2935 ab

108 2965 191 3035 μή
232 2980 366 3032 πως
409 2970 442 3022 ὀ
484 2969 788 3036 ἀντίδικος
810 2969 1056 3039 παραδῷ
1082 2987 1156 3025 σε
1196 2968 1278 3036 τῷ
1305 2969 1500 3039 κριτῇ,
1530 2969 1628 3023 καὶ

1808 2979 1859 3017 eo
1889 2963 2158 3018 libereris:
2185 2981 2247 3018 ne
2283 2965 2420 3032 forte
2451 2967 2630 3021 tradat
2660 2977 2709 3021 te
2742 2967 3081 3024 adversarius
3101 2970 3296 3040 judici,
3331 2979 3384 3027 et

114 3058 332 3127 κριτὴς
375 3059 455 3125 τῷ
501 3062 792 3132 ὑπηρέτῃ,
845 3038 942 3117 καὶ
994 3066 1026 3117 ὁ
1053 3038 1353 3132 ὑπηρέτης
1386 3061 1594 3128 ,βάλλῃ
1626 3075 1649 3112 c

1808 3055 1971 3125 iudex
2008 3055 2191 3109 tradat
2224 3066 2273 3110 te
2303 3058 2569 3138 ministro,
2617 3067 2668 3116 et
2705 3060 2944 3114 minister
2973 3062 3029 3115 in
3053 3038 3314 3118 carcerem
3337 3075 3386 3120 te

110 3154 198 3217 εις
233 3152 547 3220 φυλακήν.
579 3154 786 3224 Ἀμὴν,
812 3154 977 3226 ἀμὴν
994 3155 1149 3226 λέγω
1176 3154 1297 3219 σοὶ,
1319 3157 1390 3208 οὐ
1412 3155 1492 3224 μὴ
1527 3151 1700 3218 ἐξέλ-

109 3246 223 3310 θῃς
254 3244 511 3307 ἐκεῖθεν,
542 3245 653 3311 ἕως
676 3246 753 3300 ἂν
767 3242 1003 3314 ἀποδῷς
1033 3248 1137 3301 τὸν
1161 3244 1424 3315 ἔσχατον
1455 3243 1701 3312 κοδράν-

110 3352 240 3401 την.
266 3335 458 3389 Μῦθον
481 3335 540 3388 δέ
573 3354 695 3390 τινα
739 3338 1061 3394 πλάττουσιν
1096 3339 1148 3392 οἱ
1189 3339 1344 3392 αὐτοὶ
1375 3337 1510 3408 πρὸς
1535 3339 1554 3368 ²
1583 3339 1694 3391 ἐπί-

110 3425 272 3498 ληψιν
332 3427 431 3499 τῆς
455 3427 770 3499 παραϐολῆς
815 3429 1052 3500 ταύτης’
1087 3429 1182 3484 καί
1233 3447 1395 3499 φασιν
1435 3426 1574 3484 εἶναι
1606 3432 1700 3485 τὸν

111 3518 387 3571 ἀντίδικον
421 3521 628 3572 ἐκεῖνον
653 3519 761 3572 τῶν
787 3520 878 3574 τὸν
906 3520 1111 3591 κόσμον
1140 3505 1515 3592 πεποιηκότων
1536 3523 1701 3592 ἀγγέ-

111 3608 217 3661 λων
249 3609 374 3672 ἒνα,
409 3610 503 3663 καὶ
539 3612 620 3673 εις
667 3611 800 3664 αὐτὸ
839 3611 1006 3676 ,τοῦτο
1042 3611 1496 3678 κατεσκευάσθαι,
1529 3614 1608 3676 είς
1639 3613 1698 3666 τὸ

111 3701 352 3770 ἀπάγειν
403 3703 502 3766 τὰς
553 3701 730 3773 ψυχὰς
775 3703 913 3774 πρὸς
950 3703 1040 3757 τὸν
1068 3703 1280 3775 κριτὴν,
1324 3704 1423 3768 τὰς
1450 3706 1699 3763 ἐντεῦθεν

111 3790 482 3863 ἐξερχομένας
519 3792 585 3844 ἐκ
621 3792 908 3863 σωμάτων,
942 3795 1120 3847 ἐκεῖσε
1151 3794 1206 3848 δὲ
1235 3786 1592 3868 ἐλεγχομένας
1623 3799 1696 3870 μὴ

114 3885 425 3952 ποιησάσας
468 3886 646 3940 πᾶσαν
688 3885 969 3956 ἐργασίαν.
1038 3887 1429 3957 Παραδίδοσθαι
1481 3889 1538 3944 δὲ
1591 3890 1698 3944 ἀπὸ

112 3976 204 4027 τοῦ
235 3975 502 4046 ἄρχοντος
521 3976 601 4046 τῷ
631 3977 898 4050 ὑπηρέτῃ.
922 3977 1184 4046 Ἀγγελον
1208 3979 1264 4032 δὲ
1295 3977 1434 4034 εἶναι
1454 3981 1546 4034 τὸν
1568 3983 1701 4053 ὑπη-

116 4067 305 4138 ρέτην,
334 4066 832 4138 ἐξυπηρετΟὑμενον
864 4066 943 4137 τῷ
975 4071 1136 4138 κριτῇ
1161 4068 1240 4139 τῷ
1279 4071 1590 4142 κοσμοποιῷ
1617 4074 1699 4136 είς

112 4159 172 4210 τὸ
216 4159 411 4230 φέρειν
470 4159 570 4222 τὰς
602 4158 777 4228 ψυχὰς
800 4158 982 4220 πάλιν,
1014 4159 1107 4212 καὶ
1128 4160 1206 4222 εἰς
1235 4159 1460 4232 σώματα
1493 4181 1701 4232 καταγι

114 4248 287 4317 γίζειν
337 4248 588 4319 διάφορα.
646 4245 801 4303 Εἶναι
857 4252 915 4304 δὲ
951 4251 1042 4304 τὸν
1079 4252 1348 4306 ἀντίδικον
1377 4253 1580 4320 τοῦτον,
1638 4255 1698 4310 ὃν

116 4341 326 4413 ἔφημεν
358 4340 451 4394 τὸν
505 4341 708 4411 Κύριον
741 4341 1018 4413 εἰρηκέναι
1063 4343 1122 4396 ἐν
1163 4342 1240 4414 τῷ
1269 4343 1602 4414 Εὑαγγελίῳ,
1638 4346 1699 4400 ὃν

115 4431 268 4484 αὐτοὶ
331 4431 564 4500 ἄγγελον
610 4431 705 4487 ἕνα
756 4432 864 4485 τῶν
913 4431 1258 4502 κοσμοποιῶν
1299 4449 1483 4502 φασιν,
1528 4433 1700 4506 ὄνομα

115 4523 306 4591 ἔχοντα
338 4523 586 4577 Ἄϐολον.
608 4522 746 4576 Φασὶ
769 4521 877 4596 γὰρ
895 4518 1145 4593 εἶναιτὴν
1163 4522 1406 4592 φυλακὴν
1429 4522 1490 4577 τὸ
1524 4523 1699 4595 σῶμα·

116 4613 203 4666 τὸν
231 4613 291 4666 δέ
329 4613 558 4684 ἔσχατον
602 4612 900 4683 κοδράντην
944 4611 1187 4665 θέλουσιν
1220 4607 1360 4664 εἶναι
1389 4611 1487 4682 τὴν
1514 4630 1704 4683 μετεν-

117 4705 464 4776 σωμάτωσιν.
490 4705 510 4735 ³
546 4703 684 4758 Καθ’
713 4704 949 4774 ἑκάστην
977 4704 1281 4776 παρουσίαν
1299 4704 1562 4759 ἐπιτελεῖν
1598 4722 1705 4759 σω-

120 4797 303 4865 μάτων
326 4795 566 4865 ἐσχάτην
593 4793 810 4866 πρᾶξιν,
831 4795 923 4848 καὶ
950 4793 1143 4866 μηκέτι
1161 4795 1544 4851 ὑπολείπεσθαι
1564 4797 1702 4869 πρὸς

114 4890 173 4942 τὸ
215 4889 478 4959 ἀθέμιτόν
512 4906 564 4940 τι
611 4887 835 4958 πρᾶξαι.
893 4888 986 4940 Δεῖ
1010 4884 1141 4958 γὰρ,
1174 4888 1357 4956 φασιν,
1403 4888 1478 4951 ὡς
1516 4887 1700 4959 προεί-

116 4999 308 5052 πομεν,
344 4983 524 5034 πάντα
555 4980 576 5010 ⁸
625 4978 904 5042 ἐλθοῦσαν,
951 4978 1047 5031 καὶ
1096 4977 1380 5049 πράξασαν
1422 4979 1539 5033 καθ’
1567 4980 1698 5033 ἐκα-

116 5092 256 5137 στον,
282 5074 380 5126 καὶ
416 5070 895 5143 ἐλευθερωθεῖσαν,
939 5071 1183 5126 ἀνελθεῖν
1215 5069 1350 5146 πρὸς
1373 5070 1484 5124 ἄνω
1518 5070 1695 5139 ἄγνω-

1807 3145 2004 3199 mittat.
2038 3145 2225 3210 Amen,
2260 3163 2411 3201 amen
2444 3147 2563 3203 dico
2591 3149 2708 3215 tibi,
2745 3166 2850 3204 non
2874 3152 3015 3206 exies
3046 3153 3185 3218 inde,
3220 3154 3385 3212 donec

1806 3234 1994 3290 reddas
2018 3236 2356 3290 novissimum
2379 3238 2727 3308 quadrantem
2749 3242 2794 3296 ⁸.
2833 3240 2934 3295 Cui
2964 3243 3185 3312 quidem
3214 3246 3386 3300 inter-

1805 3325 2082 3394 pretandae
2137 3326 2410 3396 parabolae
2459 3327 2699 3383 fabulam
2752 3332 3048 3400 quamdam
3085 3336 3384 3391 commenti

1806 3425 1973 3485 sunt;
2017 3425 2073 3474 et
2112 3417 2488 3474 adversarium
2530 3421 2683 3477 illum
2727 3439 2899 3478 unum
2945 3439 3070 3481 esse
3099 3440 3167 3482 ex
3195 3428 3383 3482 mundi

1805 3507 2230 3566 fabricatoribus
2272 3511 2478 3582 angelis
2516 3521 2731 3582 putant,
2777 3515 2871 3585 qui
2914 3515 3078 3585 hujus
3108 3516 3187 3572 rei
3213 3532 3384 3574 causa

1805 3600 1878 3656 sit
1905 3601 2258 3669 constitutus,
2283 3610 2342 3656 ut
2369 3604 2648 3660 oxsolutas
2665 3607 2915 3678 corporis
2937 3608 3193 3676 vinculis,
3217 3617 3383 3681 atque

1807 3693 1934 3748 hinc
1969 3694 2268 3765 migrantes
2308 3696 2522 3753 animas
2567 3696 2633 3752 ad
2677 3697 2918 3768 judicem
2964 3699 3235 3765 deducat;
3288 3703 3381 3758 ubi

1805 3788 2044 3842 nondum
2068 3791 2250 3844 omnia
2270 3791 2594 3861 praestitisse
2614 3792 2878 3847 convicta:
2895 3807 2922 3846 a
2941 3793 3192 3864 principe
3209 3795 3379 3849 mini-

1804 3888 1921 3936 stro
1945 3881 2256 3946 traduntur,
2301 3883 2395 3953 qui
2429 3898 2496 3938 ex
2549 3876 2864 3954 angelorum
2899 3901 3060 3956 grege
3092 3901 3234 3941 unus
3255 3887 3380 3956 opi-

1805 3973 1892 4029 ﬁci
1923 3975 2112 4029 mundi
2133 3975 2490 4045 hujusjudici
2514 3976 2582 4031 ad
2604 3975 3035 4042 transferendas,
3065 3985 3120 4032 et
3147 3977 3203 4032 in
3226 3979 3378 4033 varia

1803 4079 2031 4134 corpora
2063 4066 2426 4134 deportandas
2449 4066 2662 4122 animas
2685 4081 2908 4138 operam
2941 4081 3096 4123 suam
3120 4067 3374 4124 collocat.

1803 4153 1936 4210 Esse
1963 4169 2125 4225 porro
2145 4154 2516 4210 adversarium
2541 4155 2714 4220 illum,
2740 4171 2900 4226 quem
2920 4170 2952 4210 a
2975 4155 3206 4210 Domino
3228 4169 3380 4210 com-

1802 4254 2163 4300 memoratum
2191 4244 2248 4299 in
2276 4243 2570 4316 Evangelia
2597 4245 2860 4310 diximus,
2891 4261 3063 4301 unum
3095 4261 3163 4301 ex
3188 4243 3380 4299 mundi

1803 4337 2104 4391 artificibus
2136 4337 2342 4408 angelis
2371 4338 2591 4392 nomine
2619 4337 2876 4392 Abolum.
2919 4336 3054 4392 Nam
3099 4344 3154 4392 et
3183 4345 3402 4414 custo-_

1731 4394 1774 4450 θ
1801 4423 1943 4477 diam
1987 4439 2112 4479 esse
2154 4439 2354 4495 corpus
2404 4425 2867 4494 interpretantur,
2916 4434 2972 4480 et
3015 4426 3379 4482 novissimum

1798 4516 2157 4586 quadrantem
2202 4515 2580 4586 migrationem
2631 4515 2965 4582 animarum,
3004 4532 3143 4587 quas
3182 4531 3376 4571 acces~

1796 4610 2046 4665 sionibus
2079 4609 2144 4664 ad
2174 4625 2409 4680 corpora
2433 4609 2669 4681 singulis
2703 4611 2926 4666 ultimas
2956 4611 3199 4665 actiones
3221 4609 3378 4665 obire

1802 4719 2022 4759 necesse
2049 4703 2139 4769 sit,
2184 4704 2394 4759 nullum
2435 4711 2494 4758 ut
2519 4703 2752 4772 amplius
2792 4703 2974 4758 scelus
3004 4717 3068 4758 ac
3106 4701 3376 4774 flagitium

1801 4795 2057 4866 supersit.
2105 4793 2332 4866 Oportet
2370 4795 2539 4858 enim,
2578 4801 2637 4848 ut
2668 4802 2824 4848 antea
2865 4792 3072 4848 dictum
3101 4801 3208 4860 est,
3248 4807 3376 4864 per-

1796 4896 2046 4959 vagatam
2064 4889 2268 4951 omnia,
2289 4886 2628 4958 singulisque
2653 4885 2999 4957 perfunctam
3027 4887 3290 4947 animam.
3308 4899 3375 4939 ae

1793 4981 2049 5046 solutam,
2084 4979 2272 5034 mundi
2305 4978 2654 5035 eﬂectoribus
2686 4993 2748 5033 ac
2781 4978 3056 5049 praecipuo
3084 4977 3247 5047 hujus
3272 4992 3374 5030 au~

1792 5082 1942 5128 ctore
1984 5073 2278 5143 superatis,
2328 5070 2397 5126 ad
2442 5086 2757 5142 supremum
2813 5070 2966 5125 illum
3022 5071 3376 5140 ignotumque

170 5226 366 5282 'Fortc
380 5226 435 5280 τί
451 5227 508 5281 δὲ
527 5225 730 5296 ἄλλο
773 5230 792 5256 ³
814 5243 904 5293 γρ.
938 5224 1071 5297 πρὸς
1099 5222 1346 5276 ἐπίπολυ.
1364 5221 1426 5278 F.
1451 5223 1645 5278 ἐπίλυσ

1826 5225 1983 5282 Deest
2003 5227 2268 5281 nonnihil.
2309 5228 2330 5258 ⁸
2347 5225 2472 5282 For.
2497 5229 2577 5290 εἰς
2599 5227 2794 5282 πάντα.
2847 5226 2868 5258 ³
2896 5225 3085 5281 Matth.
3105 5225 3368 5291 v,25,26.

183 5347 388 5418 (83-86)
408 5347 516 5401 Καὶ
535 5346 714 5418 τοῦτό
727 5347 876 5409 ἐστι,
891 5341 1242 5418 φασίν-,νμίᾱθ
1266 5341 1414 5397 Tert.
1438 5342 1472 5396 Ι.
1499 5343 1572 5397 De
1586 5345 1704 5397 ani-

117 5414 218 5479 ma,
245 5434 297 5470 c.
328 5419 418 5472 55.
454 5418 558 5470 Sed
589 5425 641 5470 et
665 5417 945 5477 Irenatum,
974 5415 1092 5467 loco
1117 5414 1296 5475 citato,
1327 5429 1394 5466 ex
1430 5429 1536 5482 quo
1568 5429 1704 5467 non-

118 5489 261 5541 nulla
275 5487 656 5542 Theodoretus
680 5485 988 5550 transtulit;
1011 5483 1275 5553 inquibus
1293 5483 1407 5538 leve
1427 5483 1700 5553 quoddam

1808 5344 1938 5417 παρ’
1971 5345 2150 5417 αὐτοῖς
2176 5347 2245 5398 τὰ
2273 5344 2427 5417 ἄθεα,
2459 5348 2553 5400 καὶ
2577 5346 2841 5417 ἔκθεσμα,
2879 5346 2976 5417 καῖ
3003 5345 3368 5416 ἀπειρημένα,

1807 5415 1917 5484 ἐγὼ
1948 5416 2045 5467 οὐκ
2069 5416 2133 5468 ἂν
2157 5415 2528 5486 πιστεύσαιμι.
2568 5415 2755 5471 frenati
2779 5424 2934 5472 vetus
2961 5415 3234 5485 Interpres
3259 5418 3372 5471 haec

1807 5487 2104 5556 posteriora
2153 5487 2227 5539 ita
2278 5488 2354 5538 uti
2393 5487 2535 5556 apud
2575 5487 2846 5542 'l‘heodor.
2891 5494 3131 5545 exstant,
3177 5487 3372 5556 legisse

120 5559 258 5613 inest
288 5557 568 5628 mendum,
609 5556 754 5628 quod
805 5553 1683 5628 obiter__a_nohis_corrigendum
1791 5553 2023 5628 videtur.
2055 5553 2189 5628 Nam
2221 5557 2403 5628 vertit,
2425 5553 2516 5628 ego
2543 5573 2870 5628 nequaquam
2903 5555 3077 5610 credo.
3112 5553 3372 5628 Scriben—

120 5637 219 5684 cst.
255 5628 462 5686 Scribit
497 5623 664 5701 igitur
697 5627 932 5684 lrenzrus
958 5645 969 5681 :
995 5625 1106 5682 Καὶ
1149 5626 1196 5678 εἰ
1244 5623 1343 5696 μὲν
1378 5623 1649 5698 πράσσετε

1808 5625 1920 5682 lum
1950 5641 2077 5682 vero
2099 5626 2199 5684 οὐκ
2228 5625 2294 5686 ἂν
2319 5623 2674 5700 πιστώσαιμι,
2704 5623 2964 5699 afﬁrmare
2987 5643 3090 5680 non
3119 5627 3310 5681 ausim.
