3766 6300
347 284 440 339 571

1724 284 1781 341 S.
1825 285 2168 343 ΕΡῘΡΠΑΝΠ

3421 283 3434 294 ’
3500 279 3602 334 δη

320 413 649 486 penetrare.
699 398 921 455 Addunt
946 401 1172 471 insuper
1196 402 1278 457 vel
1312 403 1367 457 in
1395 402 1568 473 prima
1600 394 1917 474 migratione

2089 420 2167 465 ον,
2209 399 2522 471 ὑπερϐᾶσαν
2575 399 2702 462 τοὺς
2749 397 3248 468 κοσμοποιΟὒςκαὶ
3279 395 3369 449 τὸν
3405 399 3599 466 κοσμο·
3665 419 3668 421 λ

318 489 611 565 {confectis
634 495 890 549 omnibus
911 511 1128 550 sursum
1155 496 1368 551 evolare
1391 497 1590 551 liberas
1616 513 1753 565 opus
1775 513 1916 560 esse,

321 563 426 638 ivel
460 585 566 640 nisi
593 585 866 638 unicoillo
894 583 1407 640 adventu-universa
1433 585 1778 654 perfecerint,
1803 595 1918 640 tum

343 691 474 728 vero
502 691 828 744 unaquaque
856 677 1180 730 transitione
1209 677 1469 744 paulatim
1493 678 1749 731 omnibus
1784 677 1919 729 faci-

346 767 605 829 noribus,
650 766 980 835 flagitiisque
1023 766 1312 820 defunctas
1357 785 1475 821 sese
1518 769 1570 820 in
1613 769 1916 822 libertatem

347 874 610 914 asserere.
649 857 914 912 Prteterea
936 877 1035 915 nos
1063 862 1150 920 iis,
1181 860 1270 928 qui
1298 859 1444 928 digni
1475 868 1622 921 sunt,
1644 860 1913 927 inquiunt,

348 962 546 1000 arcana
595 948 696 1001 ista
740 949 1163 1014 committimus,
1213 956 1271 1001 ut
1325 964 1445 1016 qiue
1492 963 1614 1002 esse
1662 949 1917 1002 videntur

347 1039 509 1101 mala,
546 1048 738 1092 natura
764 1047 941 1092 autem
973 1040 1193 1093 minime
1224 1047 1373 1104 sunt,
1397 1050 1787 1108 exsequantur,
1821 1055 1915 1093 ea-

345 1141 451 1194 que
494 1143 552 1180 re
592 1127 806 1196 cognita
850 1127 1166 1181 liberentur.
1227 1128 1414 1181 Solent
1461 1144 1586 1182 vero
1617 1129 1918 1197 (Iarpocra-

348 1217 504 1278 tiani,
541 1233 679 1285 quos
712 1218 776 1270 ad
809 1233 962 1271 suam
1003 1226 1205 1272 sectam
1269 1218 1639 1271 fraudulenter
1682 1218 1916 1286 pellexe-

348 1308 476 1369 riut,
508 1308 574 1361 iis
601 1308 865 1362 candente
896 1308 1056 1371 ferro,
1084 1310 1164 1360 vel
1191 1309 1475 1368 novacula,
1505 1311 1584 1362 vel
1611 1324 1709 1362 acu
1734 1318 1913 1362 notam

346 1402 637 1468 quamdam
671 1402 737 1456 ad
775 1403 936 1456 imam
971 1404 1270 1455 auriculam
1304 1403 1635 1471 imprimere.

421 1575 575 1643 107
605 1574 689 1627 Vl.
719 1573 791 1627 Ex
825 1575 1018 1628 horum
1053 1575 1287 1629 factione
1333 1574 1641 1628 Marcelliua
1668 1574 1915 1643 qumdam

271 1659 316 1708 ’ὲ
347 1666 411 1718 ad
443 1681 542 1720 nos
572 1668 733 1731 venit,
759 1683 877 1734 qua:
901 1667 1112 1721 Aniceti
1149 1668 1372 1720 Romani
1397 1668 1634 1736 episcopi
1674 1675 1915 1735 tempore

306 1755 635 1826 "plerosque
676 1750 1054 1822 labefactavit;
1091 1759 1302 1812 Aniceti
1361 1760 1582 1828 inquam
1622 1760 1786 1819 illius,
1819 1760 1910 1827 qui

2089 1764 2222 1825 ὄνοις
2269 1763 2548 1832 Ἀνικὴτου
2579 1762 2875 1814 ἐπισκόπου
2918 1757 3156 1829 Ῥώμης,
3202 1757 3296 1809 τοῦ
3324 1758 3466 1809 κατὰ
3498 1757 3599 1827 τὴν

344 1844 460 1909 Pio,
489 1849 718 1918 aliisque
765 1850 1108 1919 pontificibus
1157 1851 1441 1904 successit.
1473 1850 1682 1904 Etenim
1728 1850 1911 1904 Romae

346 1941 506 2008 primi
561 1942 802 1994 omnium
857 1942 1050 1996 Petrus
1106 1951 1158 1993 et
1211 1939 1413 1994 Paulus
1453 1941 1676 2010 apostoli
1711 1924 1952 2010 paritcr‘

348 2037 508 2098 atque
556 2031 796 2099 episc0pi
851 2029 1087 2084 fuerunt.
1133 2031 1262 2086 Inde
1315 2031 1513 2097 Linus;
1548 2040 1660 2085 tum
1709 2033 1909 2087 Cletus.

345 2121 476 2176 Post
513 2124 652 2176 hunc
679 2122 946 2185 Clemens,
981 2121 1191 2176 Petriet
1219 2123 1370 2175 l'auli
1404 2130 1706 2190 temporum
1733 2139 1912 2192 aequa-

348 2216 435 2278 lis,
467 2216 533 2270 de
562 2233 672 2285 quo
719 2215 920 2270 Paulus
964 2215 1210 2269 meminit
1257 2215 1322 2269 ad
1372 2213 1647 2270 Romanos
1685 2214 1913 2286 [Philip-

348 2306 568 2378 penscs]
621 2307 866 2362 scribens
917 2309 956 2358 ¹.
1004 2305 1187 2375 Neque
1247 2322 1373 2361 vero
1435 2307 1662 2361 miretur
1695 2307 1911 2376 aliquis,

348 2399 490 2467 quod
521 2406 646 2451 ante
673 2399 850 2468 ipsum
879 2399 929 2451 in
955 2397 1286 2465 pontificiam
1317 2398 1630 2466 dignitatem
1663 2397 1750 2450 alii
1783 2413 1914 2466 apo-

349 2492 502 2545 stolis
531 2491 920 2550 successerint,
955 2505 1076 2543 eum
1106 2488 1247 2542 Petri
1281 2504 1343 2542 ac
1376 2487 1528 2541 Pauli
1557 2497 1700 2542 esset
1731 2504 1913 2555 auina-

349 2582 438 2644 lis,
471 2581 662 2636 iisdem
711 2582 855 2636 enim
888 2580 978 2634 ille
1028 2580 1367 2649 temporibus
1402 2581 1549 2633 vixit.
1586 2577 1776 2633 Utrum
1810 2580 1914 2633 illis

421 2694 439 2724 ⁸
469 2692 699 2764 Philipp.
737 2709 806 2760 Iv,
841 2695 892 2748 3.

421 2807 530 2878 (87)
572 2810 670 2860 Ἐν
708 2809 890 2878 Ῥώμῃ
917 2808 1024 2877 γὰρ
1058 2810 1356 2877 γεγόνασι.
1389 2807 1758 2860 Romanorum
1787 2822 1918 2876 pou--

346 2880 578 2942 tilicum,
614 2879 765 2947 quia
813 2882 976 2933 Petro
1020 2879 1252 2948 proximi
1301 2878 1537 2937 fuerunt,
1588 2878 1914 2948 perobscura

351 2952 522 3003 series
562 2946 664 3005 est.
710 2953 963 3016 varieque
1011 2946 1340 3016 Scriptorum
1383 2949 1641 3014 opinione
1685 2946 1913 3012 jactata.

352 3017 426 3070 De
459 3034 564 3087 qua
597 3035 719 3071 cum
759 3027 866 3071 tam
903 3019 1132 3086 insignis
1167 3017 1450 3087 Epiphanii
1491 3017 1640 3087 locus
1681 3018 1782 3070 iste
1821 3017 1911 3077 sit,

353 3086 524 3155 pauca
557 3090 621 3141 ad
655 3103 777 3142 eum
814 3089 992 3156 ipsum
1039 3086 1424 3156 illustrandum
1473 3086 1790 3156 explicanda
1837 3087 1917 3137 vi-

353 3154 570 3210 denlur.
605 3158 682 3209 Ae
721 3154 989 3225 praecipua
1027 3155 1244 3224 quidem
1276 3154 1340 3207 de
1361 3155 1499 3225 Lini
1530 3171 1592 3207 ac
1622 3155 1759 3208 Cleti
1789 3171 1920 3224 pon-

353 3229 555 3282 tificatu
607 3224 979 3281 controversia
1033 3226 1294 3280 nascitur.
1339 3224 1486 3289 Quos
1525 3225 1769 3293 plerique
1813 3242 1918 3279 non

357 3299 499 3351 Petri
549 3312 922 3357 successores,
976 3312 1076 3349 nec
1128 3295 1434 3350 ordinarios
1470 3297 1786 3365 poutiliees;
1826 3298 1919 3350 sed

354 3368 777 3437 ehorepiseopos
806 3367 1080 3422 exstitisse
1114 3373 1325 3435 putant,
1361 3367 1629 3437 ab__eoque
1663 3369 1776 3437 vice
1801 3382 1919 3428 sua,

355 3451 461 3504 quo
507 3435 803 3505 prtesertim
849 3447 1088 3503 tempore
1140 3437 1376 3496 abesset,
1427 3435 1554 3489 Urbi
1614 3436 1919 3503 prail‘eetos.

354 3507 458 3558 Alii
480 3508 761 3577 legitimos
787 3514 840 3558 et
871 3506 1182 3577 ordinarios
1215 3506 1441 3559 faciunt.
1477 3505 1776 3574 Utriusque
1803 3523 1922 3561 sen-

357 3575 563 3630 tentiae
584 3577 916 3629 mentionem
961 3576 1090 3629 facit
1122 3575 1478 3644 Epiphanius,
1499 3583 1564 3630 .et
1595 3583 1714 3628 utra
1746 3577 1926 3629 verior

355 3647 448 3708 sit,
481 3645 747 3700 incertum
785 3647 1059 3714 relinquit.
1092 3645 1329 3698 Priorem
1363 3662 1426 3698 ex
1457 3645 1926 3715 pseudo-Damaso

357 3716 703 3784 amplectitur
743 3715 1008 3770 Onufrius
1055 3718 1107 3770 in
1144 3715 1426 3777 Chronico,
1458 3717 1550 3784 qui
1587 3732 1614 3767 ιι
1644 3716 1805 3768 Petro
1832 3717 1926 3768 ad-

359 3792 464 3856 tiuc
499 3788 796 3856 superstite
828 3787 1249 3856 chorepiscopos
1285 3787 1423 3838 duos
1465 3788 1798 3856 constitutos
1829 3787 1924 3850 ait,

356 3853 584 3917 Linum,
622 3868 783 3924 atque
816 3853 1050 3922 Cletum,
1106 3853 1250 3910 anno
1299 3855 1648 3924 pontificatus
1689 3857 1773 3908 sui
1815 3871 1924 3917 xiv,

357 3927 519 3993 paulo
553 3942 681 3980 vero
717 3936 1006 3996 antequam
1068 3937 1391 3989 moreretur,
1429 3927 1674 3980 eumdem
1708 3925 1925 3996 Petrum

358 4010 732 4051 successorem
763 3995 1048 4052 ordinasse
1073 3999 1405 4051 Clementem
1440 4012 1582 4048 anno
1611 3996 1811 4048 Christi
1838 3995 1925 4048 68.

359 4065 528 4119 Linus
556 4082 718 4135 porro
749 4067 937 4121 eodem
970 4083 1135 4133 anno,
1165 4082 1272 4134 quo
1308 4067 1520 4135 Petrus,
1558 4067 1746 4134 paucis
1781 4081 1931 4118 men-

359 4135 512 4206 sibus
546 4134 870 4206 interjectis,
920 4153 1114 4206 nempe
1167 4152 1220 4188 Ix
1263 4134 1539 4206 liaIZOct.
1591 4151 1786 4204 passus
1825 4143 1927 4206 est.

357 4205 608 4263 Clemens
663 4208 873 4274 primus
927 4205 1061 4275 post
1102 4207 1318 4260 Petrum
1372 4205 1651 4275 Romanus
1690 4205 1932 4275 pontifex

361 4291 538 4332 annos
569 4271 709 4336 sedit
745 4295 819 4340 Ix,
857 4271 1073 4330 menses
1103 4292 1177 4338 Iv,
1207 4276 1322 4329 dies
1359 4292 1503 4328 xxvi.
1537 4274 1638 4338 Qui
1673 4271 1794 4328 cum
1831 4271 1932 4327 Ve-

361 4347 620 4414 spasiano
649 4364 743 4414 vn,
765 4356 816 4402 et
836 4345 958 4400 Tito
987 4363 1016 4398 v
1041 4362 1184 4400 coss.
1209 4360 1348 4397 anno
1370 4345 1572 4398 Christi
1597 4345 1658 4397 77
1689 4353 1933 4397 mortuus

361 4425 529 4477 esset,
579 4433 950 4473 successorem
989 4418 1176 4469 habuit
1213 4417 1426 4469 Cletum
1463 4437 1470 4466 :
1515 4417 1606 4483 qui
1641 4415 1932 4469 Clementis

364 4487 628 4544 hactenus
652 4505 758 4542 non
782 4489 1008 4556 collega,
1028 4487 1119 4541 sed
1144 4485 1674 4556 administerl‘uerat.
1697 4486 1868 4553 Atque
1893 4485 1950 4539 is

363 4559 735 4625 pontificatum
759 4575 854 4614 sex
877 4560 1035 4612 annis
1058 4557 1228 4614 tenuit
1252 4556 1529 4610 mensibus
1559 4571 1609 4618 ν,
1632 4555 1824 4608 diebus
1847 4557 1944 4605 tri—

363 4631 486 4692 bus,
508 4644 627 4682 cum
655 4632 947 4699 episcopus
974 4644 1034 4681 ac
1062 4627 1377 4698 pontificum
1399 4626 1653 4699 minister
1676 4626 1834 4699 annis
1854 4639 1943 4676 an-

363 4707 449 4751 tea
469 4715 560 4763 xx,
579 4694 861 4754 mensibus
888 4716 940 4760 v,
959 4694 1152 4752 diebus
1175 4714 1248 4750 xit
1272 4697 1592 4750 exstitisset.
1615 4694 1679 4748 Ut
1700 4696 1752 4747 in
1773 4705 1940 4748 totum

365 4771 524 4823 annis
557 4786 703 4836 xxvi,
729 4771 1007 4824 Iliensibus
1035 4785 1086 4832 x,
1115 4769 1309 4822 diebus
1333 4782 1398 4823 xv
1427 4769 1797 4836 episcoiiatum
1831 4780 1944 4832 ges~

365 4842 514 4894 serit.
560 4835 790 4895 Moritur
825 4851 1002 4894 autem
1041 4853 1186 4894 anno
1232 4837 1435 4894 Christi
1484 4837 1574 4897 8-1,
1635 4835 1942 4894 Domitiano

366 4926 421 4974 Ix
457 4919 509 4963 et
541 4909 787 4980 Virginio
820 4927 964 4965 coss.
1023 4908 1177 4961 llunc
1208 4908 1502 4980 Anacletus
1543 4905 1774 4970 excepit.
1821 4903 1942 4980 llaec

366 4975 665 5036 Onufrius:
692 4981 738 5032 A
777 4981 977 5049 quibus
1036 4987 1246 5033 veteres
1299 4977 1542 5049 plerique
1572 5047 1580 5049 ἓ
1607 4975 1942 5042 praestantis-

367 5046 846 5120 simiscriptores,
884 5065 948 5103 ac
982 5051 1322 5104 recentiores
1355 5046 1941 5120 dissentiunt;_quateo

369 5138 470 5178 nus
498 5113 692 5174 Linum
724 5130 777 5174 et
801 5120 1035 5180 Cletum,
1069 5121 1182 5172 sive
1207 5117 1547 5176 Auacletum,
1578 5122 1700 5183 post
1724 5113 1940 5172 Petrum

369 5191 663 5261 legitimos,
710 5199 763 5244 et
813 5190 1129 5261 ordinarios
1168 5188 1480 5261 Pontifices
1520 5192 1826 5261 numerant,
1885 5191 1942 5261 ut

370 5254 606 5320 Irenwus
642 5261 735 5314 lib.
771 5277 850 5326 ιιι,
900 5275 1019 5328 cap.
1054 5260 1124 5322 3;
1165 5258 1430 5312 Eusebius
1470 5258 1534 5328 in,
1558 5254 1751 5328 Chron.
1799 5264 1852 5303 et
1886 5254 1941 5328 in

373 5329 649 5395 Historia;
707 5324 916 5385 Tertul.
970 5324 1336 5398 Epiphanius,
1387 5336 1440 5398 et
1493 5327 1581 5398 alii
1643 5324 1935 5398 innumeri.

369 5401 583 5466 Quibus
637 5403 865 5457 libenter
916 5395 1249 5458 accedimus.
1303 5396 1409 5450 Sed
1453 5397 1665 5448 illorum
1703 5395 1941 5466 plerique

369 5465 581 5525 Cletum
612 5470 859 5526 eumdem
893 5488 1015 5526 cum
1050 5469 1311 5522 Anacleto
1349 5466 1572 5520 faciunt.
1610 5466 1737 5530 Qtue
1760 5465 1940 5520 omnia

371 5551 518 5616 recte
550 5544 602 5597 in
635 5543 928 5616 Annalibus
960 5557 1024 5596 ac
1054 5540 1344 5616 diligenter
1363 5538 1624 5616 exposita
1653 5543 1799 5615 sunt.
1823 5533 1940 5616 ‘Sed

373 5614 564 5667 vitiosa
595 5627 682 5670 est
717 5612 916 5668 ibidem
959 5605 1230 5667 annorum
1274 5607 1434 5669 ratio,
1481 5613 1534 5658 et
1579 5606 1780 5660 biennii
1812 5605 1942 5656 d‘lae

372 5687 661 5756 χρονισμός
709 5685 907 5756 ubique
961 5682 1312 5756 commissus,
1362 5677 1427 5730 (ie
1459 5676 1674 5756 quomad
1725 5676 1853 5756 haur.
1887 5690 1939 5738 ιι

373 5744 736 5825 ἱΙῘΒιιιιῑὶιιιιιιδ.
770 5744 1040 5821 Quocirca
1082 5753 1402 5822 castigatam
1433 5744 1743 5826 ptintifieum
1777 5744 1941 5810 liora,

1949 3119 1990 3176 C

1976 4459 2017 4512 D

2027 495 2196 548 ποιόν.
2229 493 2364 545 Φασὶ
2398 492 2454 544 δὲ
2481 491 2662 555 πάλιν,
2691 490 2771 543 ὅτι
2796 491 2877 542 δεῖ
2901 490 3000 543 κᾶν
3017 506 3076 541 τε
3109 491 3164 542 ὲν
3198 491 3298 558 μιᾷ
3327 486 3605 558 παρουσία.

2025 585 2123 653 τῆς
2181 580 2720 653 μετενσωματώσεως
2771 580 3055 651 πραξάσας
3092 580 3276 634 λοιπὸν
3307 581 3422 633 ἄνω
3448 580 3599 632 ἐλευ-

2027 678 2353 750 Θερωοείσας
2383 675 2618 729 ἀπιέναι.
2655 675 2717 727 Εἰ
2745 675 2802 727 δὲ
2834 675 2906 743 μὴ
2937 675 2992 725 ὲν
3027 674 3124 743 μιᾷ
3153 671 3429 744 παρουσία
3460 673 3601 742 πρά-

2027 771 2198 835 ξουσι,
2247 768 2366 822 καθ’
2410 767 2646 837 ἑκάστην
2695 766 2996 836 παρουσίαν
3058 763 3600 834 μετενσωματώσεως

2025 862 2340 931 καταϐραχὺ
2388 859 2687 928 ποιησάσας
2735 857 2964 910 ἑκάστου
2999 856 3159 926 ἔργου
3211 854 3472 923 ἀθεμίτου
3501 854 3602 923 τὴν

2025 952 2304 1021 ἐργασίαν,
2354 947 2536 1000 λοιπὸν
2578 945 3020 1016 ἐλευθερωθῆναι.
3054 944 3285 1011 Λέγουσι
3323 943 3380 994 δὲ
3415 943 3596 1007 πάλιν,

2023 1043 2126 1093 ὅτιο
2155 1043 2277 1104 Τοῖς
2313 1039 2482 1106 ἀξίοις
2527 1038 2697 1091 ταῦτα
2741 1036 3101 1106 καταξιοῦμεν
3145 1035 3468 1104 διηγεῖσθαι,
3512 1037 3602 1088 ἵνα

2026 1132 2270 1202 πράξωσι
2315 1131 2384 1182 τὰ
2409 1129 2664 1182 δοκοῦντα
2692 1125 2828 1179 εἶναι
2863 1127 3029 1190 κακὲ,
3063 1127 3161 1179 οὐκ
3195 1126 3321 1178 ὄντα
3351 1126 3406 1178 δὲ
3439 1127 3602 1193 φύσει

2024 1221 2187 1280 κακὰ,
2243 1219 2328 1272 ἶνα
2357 1217 2618 1288 μαθόντες
2667 1213 3087 1286 ὲλευθερωθῶσι.
3139 1213 3414 1283 Σφραγῐδα
3449 1214 3510 1265 δὲ
3542 1216 3600 1266 ὲν

2024 1309 2276 1378 καυτῆρι,
2321 1308 2353 1377 ἢ
2387 1306 2454 1358 δι’
2492 1302 2889 1373 ἐπιτηδεύσεως
2932 1302 3135 1373 ξυρίου,
3163 1304 3195 1371 ἢ
3229 1302 3449 1371 ῥαφίδος
3479 1305 3600 1354 ἐπι-

2023 1401 2260 1452 τιθέασιν
2292 1391 2437 1450 οὗτοι
2464 1398 2511 1448 οἱ
2553 1395 2655 1447 ὑπὸ
2682 1395 2987 1464 Καρποκρᾶ
3021 1393 3112 1444 ἐπὶ
3133 1393 3220 1444 τὸν
3245 1393 3416 1456 δεξιὸν
3440 1392 3604 1445 λοϐὸν

2022 1490 2112 1544 τοῦ
2137 1490 2272 1551 ὠτὸς
2312 1492 2419 1550 τοῖς
2455 1489 2544 1540 ὑπ’
2571 1485 2748 1538 αὐτῶν
2774 1485 3169 1554 ἀπατωμένοις.

2096 1585 2185 1648 ς’.
2222 1577 2391 1633 ⁷Πλοε
2435 1580 2530 1649 μὲν
2559 1581 2636 1641 εἰς
2661 1580 2806 1650 ἡμᾶς
2840 1578 2937 1647 ἤδη
2977 1575 3090 1646 πῶς
3137 1575 3486 1646 Μαρκελλίνα
3517 1593 3603 1639 τις,

2025 1675 2114 1726 ὑπ’
2140 1672 2316 1726 αὐτῶν
2368 1671 2724 1740 ἀπατηθεῖσα,
2782 1671 2875 1723 καὶ
2923 1668 3147 1729 πολλοὺς
3192 1667 3502 1737 ἐλυμήνατο
3541 1670 3599 1720 ὲν

2019 1855 2262 1925 διαδοχὴν
2317 1855 2468 1917 Πίου,
2519 1853 2752 1906 καὶτῶν
2804 1850 3077 1920 ἀνωτέρω.
3137 1849 3224 1900 Ἐν
3263 1847 3451 1919 Ῥώμη
3481 1847 3598 1918 γὰρ

2019 1945 2270 2012 γεγόνασι
2309 1943 2418 2012 (87)
2451 1943 2653 2013 πρῶτοι
2699 1941 2902 2012 Πέτρος
2934 1941 3025 1992 καὶ
3053 1937 3260 2001 Παῦλος
3282 1939 3330 1990 οἱ
3365 1938 3604 1990 ἀπόστο-

2019 2035 2100 2088 λοι
2126 2033 2274 2087 αὐτοὶ
2304 2033 2586 2085 ἐπίσκοποι
2606 2049 2618 2062 ·
2655 2027 2772 2084 εἶτα
2824 2033 2980 2094 Δῖνος
3006 2047 3020 2062 ·
3054 2025 3173 2081 εἶτα
3197 2030 3410 2098 Κλῆτος
3430 2046 3443 2059 ·
3479 2025 3604 2082 εἶτα

2021 2128 2276 2197 Κλήμης,
2305 2126 2594 2196 σύγχρονος
2645 2123 2718 2176 ὢν
2752 2124 2957 2194 Πέτρου
2993 2125 3084 2176 καὶ
3114 2123 3348 2185 Παύλου,
3381 2117 3440 2175 οὗ
3475 2123 3602 2174 ἐπι-

2024 2216 2348 2287 μνημονεύει
2385 2216 2593 2278 Παῦλος
2633 2217 2688 2268 ὲν
2712 2218 2776 2284 τῇ
2810 2215 2943 2283 πρὸς
2988 2214 3290 2283 Ῥωμαίους
3323 2211 3606 2284 [ψιλὴ-ιτα]

2035 2308 2346 2396 Ἑπιστολῇη
2365 2309 2473 2364 Καὶ
2489 2308 2674 2377 μηδεὶς
2691 2307 2786 2361 Θαυ
2797 2305 3029 2376 μαζέτω,
3051 2307 3130 2358 ὅτι
3150 2304 3429 2377 πρὸαῦτοῦ
3451 2305 3540 2358 ἄλ)
3550 2322 3601 2356 οι

2021 2400 2118 2470 τὴν
2137 2400 2436 2469 ἐπισκοπὴν
2469 2399 2765 2462 διεδέξαντο
2799 2398 2906 2450 ἀπὸ
2934 2397 3039 2448 τῶν
3078 2396 3412 2459 ἀποστόλων,
3444 2395 3600 2460 ὄντος

2021 2492 2211 2544 τούτου
2244 2490 2536 2561 συγχρόνου
2564 2491 2770 2559 Πέτρου
2795 2489 2887 2542 καὶ
2915 2487 3126 2541 Παύλου
3147 2503 3158 2515 ⁸
3189 2488 3284 2541 καὶ
3309 2481 3463 2550 οὗτος
3490 2487 3601 2558 γὰρ

2027 2584 2316 2654 σύγχρονος
2377 2584 2580 2651 γίνεται
2646 2581 2751 2634 τῶν
2809 2580 3138 2634 ἀποστόλων.
3201 2580 3310 2632 Εἶτ’
3361 2574 3458 2631 οὖν
3518 2578 3599 2630 ἔτι

2025 2811 2243 2872 seriem,
2276 2817 2329 2862 et
2359 2807 2423 2862 ad
2455 2821 2612 2860 veros
2651 2820 2822 2858 annos
2851 2803 3124 2858 redactam
3161 2803 3262 2857 hoc
3300 2806 3425 2856 loco
3464 2805 3598 2858 sub-

2021 2883 2238 2950 jiciam;
2273 2894 2461 2950 eorum
2489 2877 2771 2950 duntaxat,
2796 2890 2934 2950 quos
2959 2874 3300 2950 Epiphanius
3320 2883 3593 2950 recenset.

2099 2943 2312 3003 Primus
2342 2949 2504 3017 igitur
2537 2945 2718 2999 Romae
2750 2946 3122 3017 pontificatum
3155 2945 3330 3017 tenuit
3365 2943 3598 3017 Petrus;

2027 3022 2117 3092 qui
2151 3034 2294 3092 anno
2328 3012 2556 3092 Neronis
2593 3031 2691 3068 χιιι
2725 3012 2918 3084 passus
2955 3012 3346 3092 esu-Capitone
3376 3023 3429 3068 et
3457 3012 3601 3067 Rufo

2027 3084 2171 3145 coss.
2205 3090 2296 3159 qui
2333 3096 2415 3142 est
2449 3086 2698 3159 Julianus
2724 3101 2858 3159 exn,
2895 3099 3014 3138 terte
3050 3084 3596 3159 liioIIysiaIIietxviI,

2025 3177 2133 3216 non
2164 3152 2312 3222 ιιιίιι,
2351 3169 2409 3210 ιιι
2439 3166 2523 3210 est
2555 3158 2606 3208 in
2641 3155 2957 3217 Annalibus,
2992 3163 3104 3216 aut,
3137 3152 3452 3224 utOnufrio
3485 3157 3600 3224 pla-

2023 3241 2129 3293 cet,
2169 3245 2356 3286 LXVIII.
2388 3227 2487 3280 llie
2518 3227 2660 3280 enim
2695 3241 2804 3278 uno
2844 3226 3106 3293 duntaxat
3136 3239 3312 3286 anno;
3343 3223 3419 3276 illi
3451 3223 3602 3278 bien—

2025 3292 2122 3356 nio
2149 3314 2337 3354 verum
2375 3306 2588 3365 tempus
2634 3303 3003 3350 antevertunt.
3055 3292 3226 3363 Cujus
3271 3309 3494 3348 causam
3533 3294 3602 3347 ad

2025 3372 2258 3426 lneI-esin
2292 3384 2340 3421 I.I
2375 3371 2708 3436 aperiemus.

2097 3441 2294 3494 Eodem
2331 3433 2474 3491 anno
2511 3435 2677 3490 Linus
2723 3434 3012 3504 successit.
3056 3433 3154 3487 Cui
3200 3449 3374 3487 annos
3423 3433 3610 3504 impu-

2026 3521 2142 3565 tant
2173 3527 2246 3570 xI,
2273 3523 2488 3562 menses
2535 3523 2594 3569 ιι,
2625 3507 2740 3560 dies
2773 3521 2926 3558 xxm.
2964 3503 3214 3572 Idemque
3242 3503 3599 3558 mortuusest

2027 3596 2170 3635 anno
2220 3578 2550 3649 Dionysiano
2594 3591 2822 3638 Lxxvnt,
2878 3573 3027 3644 Sept.
3067 3589 3226 3636 xxIII,
3271 3591 3404 3640 non,
3437 3576 3603 3628 ιιιίΗί

2027 3659 2270 3714 censent,
2307 3663 2471 3702 Lxxx.

2101 3721 2314 3773 Tertius
2343 3719 2534 3770 Linum
2555 3715 2740 3770 Cletus
2765 3713 2996 3783 excepit,
3027 3713 3275 3781 seditque
3298 3727 3479 3769 annos
3503 3729 3600 3774 ιιι,

2028 3805 2244 3844 menses
2293 3805 2392 3850 vII,
2443 3786 2559 3841 dies
2612 3802 2674 3839 ιι.
2727 3784 2874 3854 Obiit
2926 3799 3068 3837 anno
3125 3783 3458 3854 Dionysiano
3492 3800 3600 3847 xei,

2029 3860 2230 3929 Aprilis
2261 3875 2407 3923 xxw,
2440 3854 2698 3929 Trajano,
2732 3863 2785 3910 et
2813 3853 3107 3929 Glabrione
3135 3853 3275 3929 coss.

2101 3929 2338 3997 Quartus
2383 3934 2465 3981 est
2514 3928 2789 3997 Clemens,
2841 3927 2929 3977 cui
2983 3928 3109 3997 anni
3166 3925 3492 3997 tribuuntur
3527 3941 3600 3984 ix,

2032 3994 2246 4054 menses
2269 4013 2342 4061 vt,
2371 3999 2487 4051 dies
2506 4011 2578 4049 vr.
2605 3994 2832 4049 Moritur
2855 4009 2999 4047 anno
3028 3994 3249 4066 Dionys.
3277 3995 3602 4057 centesimo,

2034 4087 2087 4123 Ix
2116 4070 2231 4123 Kal.
2264 4069 2390 4123 Dec.

2025 4140 2028 4144 ’
2103 4140 2340 4205 Quintus
2367 4140 2551 4194 Romae
2581 4133 2794 4208 praefuit
2824 4135 3141 4208 Anacletus,
3165 4135 3326 4191 annis
3350 4151 3427 4201 Ix,
3455 4148 3603 4187 men-

2035 4210 2186 4265 sibus
2215 4227 2294 4273 ιιι,
2330 4210 2523 4264 diebus
2550 4206 2604 4262 x.
2629 4207 2775 4261 Obiit
2802 4221 2944 4259 anno
2975 4206 3098 4260 HO.

2112 4280 2312 4333 Sextus
2358 4279 2659 4341 Evaristus,
2707 4279 2798 4345 qui
2846 4283 2899 4328 et
2948 4278 3068 4345 ipse
3113 4290 3286 4345 annos
3338 4274 3478 4329 sedit
3527 4289 3601 4336 Ix.

2038 4365 2252 4404 menses
2286 4365 2368 4403 ιιι.
2403 4349 2646 4403 Mortuus
2670 4344 2752 4402 est
2783 4360 2924 4399 anno
2960 4344 3080 4408 1719,
3121 4344 3345 4398 Octobr.
3379 4361 3528 4400 xva.

2116 4419 2392 4489 Septimus
2441 4430 2523 4473 est
2573 4416 2900 4479 Alexander,
2940 4419 3032 4486 qui
3067 4433 3096 4469 χ
3131 4431 3306 4489 anuos
3350 4415 3606 4468 Ecclesia}

2046 4487 2276 4554 praefuit.
2328 4497 2420 4544 aut
2473 4489 2634 4543 etiam
2693 4489 2898 4553 aliquot
2958 4503 3024 4540 eo
3079 4487 3313 4553 amplius
3368 4499 3600 4539 menses.

2045 4559 2190 4613 Vixit
2221 4559 2288 4614 ad
2321 4574 2522 4613 annum
2554 4573 2727 4627 usque
2758 4555 2877 4610 150.
2921 4556 3038 4627 Quo
3070 4555 3256 4609 codem
3289 4571 3433 4607 anno

2115 4630 2352 4684 Octavus
2411 4626 2783 4682 Romanorum
2857 4626 3172 4694 pontificum
3239 4633 3459 4678 creatus
3526 4635 3605 4678 est

2043 4699 2256 4754 Xistus.
2292 4701 2342 4752 Is
2381 4700 2539 4752 annis
2574 4699 2760 4752 decem
2800 4697 3031 4766 expletis
3065 4703 3314 4752 mortuus
3348 4705 3433 4755 est
3467 4710 3604 4748 anno

2045 4770 2246 4824 Christi
2283 4770 2500 4823 circiter
2536 4769 2653 4822 ΜΟ.

2116 4839 2300 4892 Nonus
2353 4838 2716 4907 Telesphorus
2768 4852 2940 4890 annos
2975 4834 3115 4907 sedit
3163 4851 3238 4896 xI,
3281 4849 3498 4889 menses
3532 4850 3602 4900 Ix,

2044 4909 2160 4962 dies
2190 4925 2269 4969 ιιι,
2301 4906 2621 4978 martyrium
2663 4907 2790 4962 fecit
2819 4923 2962 4960 anno
3005 4906 3125 4978 152.

2115 4979 2370 5048 Decimus
2401 4975 2664 5048 Hyginus,
2701 4978 2860 5031 annis
2888 4993 2959 5030 Iv.
2999 4977 3100 5041 Qui
3141 4975 3454 5048 obiitanno
3491 4975 3602 5028 1326.

2117 5046 2628 5103 Undecimus—Pius.
2655 5048 2751 5101 Cui
2779 5063 2952 5102 annos
2981 5049 3249 5116 imputant
3274 5046 3508 5098 Annales
3539 5063 3604 5106 Ix,

2046 5134 2261 5174 menses
2293 5135 2367 5172 VI.
2401 5118 2546 5172 Obiit
2575 5133 2717 5171 anno
2750 5117 2870 5170 165.
3511 5118 3518 5124 ”

2118 5187 2479 5243 Duodecimus
2524 5189 2816 5250 Anicetus;
2860 5186 3019 5240 annis
3064 5201 3186 5246 vut,
3236 5184 3420 5239 minus
3466 5201 3607 5238 men-

2045 5259 2197 5314 sibus
2225 5275 2304 5322 III,
2332 5273 2395 5315 ac
2423 5258 2616 5312 diebus
2645 5273 2737 5310 \‘ll.
2767 5258 2995 5310 Moritur
3019 5271 3162 5309 anno
3198 5255 3312 5307 175.

2115 5329 2388 5384 Hactenus
2423 5327 2792 5381 Romanorum
2831 5327 3152 5381 Pontifirum
3197 5325 3368 5379 series
3404 5341 3471 5378 ex
3509 5325 3607 5375 An-

2044 5401 2254 5454 nalibus
2291 5400 2633 5467 deprompta,
2688 5398 2781 5452 sed
2828 5399 2892 5451 ad
2953 5412 3108 5451 veros
3153 5411 3325 5448 annos
3369 5395 3604 5467 redai-ta,

2044 5469 2284 5534 Quorum
2335 5461 2552 5538 quidem
2607 5467 2920 5536 singillatim
2975 5477 3219 5536 tempora
3276 5461 3605 5533 perscrutari

2044 5542 2166 5610 plus
2196 5539 2681 5610 molestize,quaIn
2703 5539 2964 5610 _utilitatis
2996 5539 3186 5610 habet.

2114 5609 2508 5682 ln__Epiphanii
2535 5604 2810 5682 'Catologo
2841 5618 2962 5680 post
2995 5604 3390 5676 Telesphorum
3425 5615 3606 5682 perpe-

2044 5696 2158 5744 ram
2192 5680 2473 5738 Evaristus
2504 5679 2790 5760 reperitur.
2843 5679 2848 5680 ⁷
3439 5681 3443 5685 ’
