3760 6176
133 207 250 266 375

781 207 1148 264 ADVERSUS
1185 205 1526 263 HASRESES
1564 196 1690 261 ΠΒ.
1736 203 1777 259 1.
1819 197 1994 263 TOM.
2021 203 2453 262 ll.-HASRES.
2495 203 2708 258 XXVII.

3309 208 3416 268 37/5

133 324 448 394 περιόντων
478 323 655 376 αὐτῶν
684 324 790 376 ὑπὸ
826 325 1033 395 Πέτρου
1067 324 1336 396 λαμϐάνει
1356 325 1456 396 τὴν
1484 324 1711 396 χειροθε-

1877 322 2007 378 lhuc
2059 322 2449 394 superstitibus
2506 320 2778 391 impositis
2821 320 3076 376 manibus
3120 322 3411 392 episcopus

137 415 267 467 σίαν
288 414 390 484 τῆς
419 415 741 486 ἐπισκοπῆς,
793 417 886 469 καὶ
925 419 1402 488 παραιτησάμενος
1425 419 1583 489 ἧργει
1618 418 1728 487 (λέ-

92 511 100 564 5
134 519 228 570 γει
253 502 366 572 γὰρ
405 503 464 554 ὲν
517 504 614 573 μιᾷ
656 503 764 556 τῶν
801 505 1130 558 Ἐπιστολῶν
1161 507 1358 560 αὐτοῦ’
1405 505 1724 576 Ἀναχωρῶ,

133 581 374 659 ἄπειμι,
423 592 768 658 ἐνσταθήτω
815 597 847 647 ό
900 593 1052 660 λαὸς
1082 595 1188 649 τοῦ
1218 597 1364 650 Θεοῦ
1387 614 1398 626 ·
1427 598 1540 650 τισὶ
1571 597 1728 650 τοῦτο

139 677 559 752 συμϐουλεύων,
585 682 818 754 εὕρομεν
850 685 959 755 γὰρ
979 683 1034 738 ἐν
1054 701 1195 738 τισιν
1218 671 1729 758 ὑπομνηματισμοῖς

134 775 306 827 τοῦτο
352 774 732 845 ἐγκείμενον),
778 776 896 846 ἦτοι
953 775 1092 846 μετὰ
1134 778 1232 847 τὴν
1266 779 1373 830 τῶν
1418 779 1728 833 ἀποστόλων

129 863 397 935 διαδοχὴν
430 865 538 917 ὑπὸ
570 865 784 936 Κλήτου
811 865 906 918 τοῦ
939 867 1240 920 ἐπισκόπου
1272 863 1426 931 οὗτος
1466 869 1729 923 καθίστα-

132 969 254 1016 ται,
307 956 371 1006 οὐ
420 956 559 1009 πάνυ
616 955 804 1024 σαφῶς
839 956 1014 1026 ἴσμεν.
1053 957 1198 1029 Πλὴν
1239 958 1374 1012 ἀλλὰ
1421 960 1514 1014 καὶ
1558 961 1730 1024 οὕτως

133 1042 381 1110 ἠδύνατο
415 1043 492 1096 ἐτι
525 1043 825 1114 περιόντων
865 1043 975 1096 τῶν
1006 1046 1338 1112 ἀποστόλων,
1372 1050 1514 1120 φημὶ
1540 1049 1596 1101 δὲ
1621 1050 1729 1102 τῶν

134 1134 278 1204 περὶ
324 1133 531 1205 Πέτρον
573 1134 667 1186 καὶ
708 1133 941 1197 Παῦλον,
989 1137 1320 1200 ἐπισκόπους
1354 1138 1546 1203 ἄλλους
1592 1140 1728 1193 καθ-

136 1223 429 1287 ίστασθαι,
459 1225 544 1278 διὰ
589 1225 650 1278 τὸ
681 1227 806 1289 τοὺς
833 1216 1163 1292 ἀποστόλους
1203 1228 1461 1292 πολλάκις
1503 1231 1596 1283 ἐπὶ
1633 1231 1729 1295 τὰς

137 1315 311 1377 ἄλλας
350 1315 615 1386 πατρίδας
648 1316 744 1386 τὴν
802 1318 1026 1388 πορείαν
1075 1318 1384 1372 στέλλεσθαι
1414 1320 1500 1374 διὰ
1544 1322 1603 1374 τὸ
1631 1323 1730 1393 κή-

137 1422 338 1478 ρυγμα
353 1405 446 1458 τοῦ
467 1405 723 1477 Χριστοῦ,
752 1405 824 1477 μὴ
845 1407 1100 1460 δύνασθαι
1125 1407 1180 1460 δὲ
1198 1407 1294 1478 τὴν
1324 1409 1432 1461 τῶν
1448 1411 1730 1480 Ῥωμαίων

133 1497 300 1550 πόλιν
334 1499 463 1552 ἄνευ
499 1499 800 1551 ἐπισκόπου
837 1494 996 1552 εἶναι.
1031 1499 1088 1551 Ὀ
1124 1499 1222 1570 μὲν
1252 1500 1359 1571 γὰρ
1384 1501 1594 1565 Παῦλος
1635 1503 1730 1556 καὶ

133 1589 233 1640 ἐπὶ
281 1588 387 1659 τὴν
447 1585 720 1642 Ἱσπανίαν
753 1588 862 1656 (88)
891 1589 1226 1657 ἀφικνεῖται·
1257 1590 1461 1661 Πέτρος
1501 1590 1558 1644 δέ
1602 1592 1730 1644 πολ·

1830 429 1859 467 a
1894 413 2053 468 Petro
2081 423 2456 475 consecratus,
2491 428 2662 481 eaque
2706 411 3005 465 detrectata
3036 413 3317 480 provincia
3343 414 3411 466 ab

1829 504 1976 558 omni
2020 505 2494 559 administratione
2540 502 2814 555 vacaverit
2843 501 2941 570 (ita
2977 502 3122 556 enim
3188 502 3242 556 in
3273 518 3411 571 qua-

1831 595 1956 650 dam
1999 597 2240 665 Epistula
2281 595 2500 664 scripsit
2529 612 2540 645 :
2581 592 2800 656 Recedo,
2829 609 2972 659 exeo,
3000 594 3153 647 instet
3186 593 3408 663 populus

1834 686 1948 750 Dei,
1981 688 2259 742 nonnullis
2289 686 2541 741 videlicet
2585 686 2688 740 hoc
2721 684 2884 739 modo
2917 685 3246 750 consulens;
3278 701 3404 738 nam

1831 779 1884 832 in
1905 777 2234 849 quibusdam
2255 775 2662 831 commentariis
2677 776 2748 828 ita
2767 775 3029 844 scriptum
3055 774 3405 842 reperimus),

1833 883 1900 922 an
1934 869 2114 938 potius
2148 868 2446 924 secundum
2477 863 2753 936 apostolos
2783 866 2849 919 ab
2873 867 3129 935 episeopo
3155 863 3306 918 Cleto
3335 864 3406 919 sit

1832 960 2190 1023 constitutus,
2226 959 2434 1026 liquido
2457 974 2568 1012 non
2586 963 2820 1012 constat.
2851 955 3172 1026 Quanquam
3202 956 3404 1014 velhaic

1832 1050 2047 1120 quidem
2071 1053 2279 1104 ratione
2304 1056 2554 1119 poterant
2576 1048 2884 1104 viventibus
2919 1048 3096 1101 adhuc
3120 1047 3401 1116 apostolis,

1831 1139 1990 1195 Petro
2015 1141 2226 1196 scilicet
2257 1156 2321 1195 ac
2343 1140 2510 1196 Paulo
2534 1140 2774 1210 episcopi
2795 1141 2882 1193 alii
2917 1139 3228 1208 subrogari;
3258 1138 3435 1208 quod‘

1831 1231 1992 1285 iidem
2024 1232 2101 1286 illi
2132 1232 2455 1300 prtedicandi
2479 1232 2750 1301 Evangelii
2786 1232 2955 1300 gratia
2988 1231 3040 1282 in
3071 1222 3206 1283 alias
3241 1230 3403 1285 urbes

1833 1323 2188 1392 regionesque
2215 1321 2611 1391 profectionem
2635 1321 2998 1390 susciperent,
3013 1334 3197 1372 carere
3217 1327 3398 1372 autem

1829 1412 2088 1480 episcopo
2119 1411 2290 1466 Roma
2346 1427 2458 1466 non
2498 1411 2689 1480 pesset
2719 1429 2730 1463 :
2761 1409 3029 1478 siquidem
3094 1406 3296 1461 Paulus
3346 1408 3400 1458 in

1833 1501 2149 1571 Hispaniam
2213 1503 2492 1572 pervenit;
2541 1501 2735 1556 Petrus
2779 1515 2907 1555 vero
2945 1499 3177 1552 Pontum
3211 1513 3275 1551 ac
3308 1496 3400 1549 Bi-

1833 1592 2072 1662 thyniam
2097 1606 2470 1661 saepenumero
2513 1591 2842 1661 peragravit.
2885 1588 2962 1640 Ac
2994 1586 3108 1640 ﬁeri
3143 1599 3274 1640 sane
3301 1599 3400 1653 pc-

133 1669 303 1740 ).άκις
333 1657 534 1740 Πόντον
564 1694 620 1730 τε
646 1679 738 1731 καὶ
768 1678 1018 1732 Βιθυνίαν
1048 1657 1406 1750 ἐπεσκέψατο.
1445 1680 1704 1752 Ἐνεχώρε

1877 1657 1957 1745 tit,
1984 1690 2043 1735 ut
2070 1657 2306 1751 primum
2335 1657 2614 1736 Clemente
2653 1657 2990 1742 constituto,
3013 1693 3136 1731 cum
3172 1677 3218 1729 is
3243 1675 3400 1729 defu-

133 1771 194 1824 δὲ
229 1771 377 1841 μετὰ
411 1770 473 1822 τὸ
522 1769 927 1840 κατασταθῆναι
959 1771 1272 1841 Κλήμεντα,
1317 1773 1410 1826 καὶ
1457 1775 1727 1845 παραιτή-

138 1861 348 1915 σασθαι
391 1861 527 1931 (εἴγε
576 1859 748 1924 οὕτως
797 1862 1044 1932 ἐπράχθη
1070 1878 1083 1893 ⁶
1114 1861 1430 1933 διανοοῦμαι
1469 1863 1598 1934 γὰρ,
1629 1865 1727 1936 οὐχ

133 1951 462 2024 ὁρίζομαι),
495 1950 721 2022 ὕστερον
749 1953 884 2022 μετὰ
913 1953 974 2006 τὸ
991 1955 1431 2025 τετελευτηκέναι
1457 1958 1613 2009 Λῖνον
1635 1958 1727 2010 καὶ

138 2042 365 2111 Κλῆτον
415 2041 913 2105 ἐπισκοπεύσαντας
978 2043 1114 2114 πρὸς
1167 2043 1392 2097 δεκαδύο
1449 2044 1542 2116 ἐτη
1592 2045 1723 2116 (89),

136 2133 379 2186 ἕκαστον
409 2135 548 2206 μετά
577 2136 676 2204 τὴν
701 2134 795 2187 τοῦ
837 2135 993 2203 ἁγίου
1030 2136 1238 2207 Πέτρου
1273 2137 1366 2191 καὶ
1394 2138 1607 2192 Παύλου
1634 2156 1725 2191 τε-

137 2224 366 2297 λευτὴν,
398 2225 496 2296 τὴν
523 2227 613 2278 ἐπὶ
637 2225 715 2297 τῷ
731 2226 1016 2296 δωδεκάτῳ
1035 2226 1144 2280 ἔτει
1174 2226 1283 2298 (90)
1307 2229 1556 2299 Νέρωνος
1582 2246 1728 2298 γενο·

143 2317 346 2386 μένην,
403 2317 591 2371 τοῦτον
648 2313 802 2382 αὖθις
859 2319 1266 2389 ἀναγκασθῆναι
1295 2320 1392 2391 τὴν
1425 2323 1727 2394 ἐπισκοπὴν

142 2410 664 2479 κατασχεῖν.”ομως
695 2411 728 2479 ἡ
760 2409 868 2462 τῶν
894 2411 954 2463 ἐν
982 2409 1163 2482 Ῥώμη
1183 2411 1492 2465 ἐπισκόπων
1513 2413 1727 2485 διαδοχὴ

139 2499 359 2570 ταύτην
411 2499 525 2570 ἔχει
573 2501 671 2571 τὴν
728 2500 1045 2555 ἀκολουθίαν
1069 2518 1082 2530 ·
1129 2503 1333 2574 Πέτρος
1371 2505 1464 2556 καὶ
1497 2504 1726 2570 Παῦλος,

143 2592 307 2653 Αἶνος
336 2593 430 2643 καὶ
460 2591 692 2662 Κλῆτος,
718 2592 969 2664 Κλήμης,
995 2594 1322 2665 Εὐάρεστος,
1364 2595 1726 2667 Ἀλέξανδρος,

139 2677 376 2744 Ξυστός,
410 2679 762 2751 Τελεσφόρος,
792 2683 1118 2754 Εὐάρεστος,
1155 2685 1384 2752 Ὑγῖνος,
1409 2686 1556 2752 Πῖος,
1592 2686 1731 2738 Ἀνί-

139 2785 341 2839 κητος,
375 2772 403 2822 ὁ
428 2771 539 2823 ἄνω
575 2773 631 2824 ἐν
662 2771 740 2842 τῷ
769 2774 1050 2844 καταλόγῳ
1088 2775 1576 2846 προδεδηλωμένος.

220 2861 339 2912 Καὶ
374 2863 449 2931 μή
495 2879 579 2924 τις
625 2862 900 2935 θαυμάσῃ,
939 2865 1019 2917 ὅτι
1051 2865 1256 2919 ἕκαστα
1286 2865 1458 2930 οὕτως
1489 2868 1730 2938 ἀκριϐῶς

1828 1783 1975 1844 geret
2005 1775 2073 1843 (si
2101 1776 2173 1827 ita
2189 1780 2373 1827 tamen
2405 1772 2656 1841 contigit,
2695 1769 2840 1840 quod
2873 1783 2974 1838 ego
3004 1765 3278 1836 opinando
3299 1779 3402 1835 po-

1828 1868 1934 1922 tius
1969 1882 2130 1937 quam
2185 1865 2551 1920 asseverando
2584 1860 2863 1932 dixerim),
2897 1867 3085 1929 postea
3117 1857 3252 1912 Lino
3279 1857 3402 1912 Cle-

1827 1968 1989 2027 toque
2042 1956 2296 2019 mortuis,
2327 1955 2418 2025 qui
2452 1969 2529 2008 xu
2561 1967 2827 2008 annorum
2875 1952 3052 2022 spatio
3089 1949 3401 2020 singulatim

1828 2049 2201 2118 episcopatum
2253 2047 2632 2110 obtinuerunt,
2671 2053 2795 2114 post
2827 2043 3200 2112 apostolorum
3257 2039 3402 2095 Petri

1829 2138 2090 2206 Paulique
2115 2151 2326 2202 necem,
2356 2152 2477 2205 qua:
2510 2136 2564 2189 in
2611 2149 2812 2188 annum
2847 2132 3078 2187 Neronis
3105 2147 3177 2185 xu
3215 2131 3402 2184 incur-

1827 2230 1918 2292 rit,
1946 2237 2060 2282 tutn
2090 2226 2307 2282 demum
2333 2227 2709 2297 pontiﬁcatum
2739 2239 3026 2294 capessere
3055 2223 3126 2277 sit
3155 2229 3397 2278 coactus.

1829 2320 1934 2374 Sed
1962 2328 2242 2388 utcunque
2265 2333 2385 2373 sese
2420 2334 2508 2372 res
2552 2317 2823 2382 habuerit,
2865 2315 3232 2370 Romanorum
3269 2327 3401 2382 pon—

1828 2410 2033 2464 tiﬁcum
2062 2410 2166 2464 ista
2192 2410 2470 2464 successio
2490 2415 2576 2463 est
2605 2427 2617 2462 :
2647 2407 2842 2462 Petrus
2874 2416 2927 2462 et
2968 2406 3194 2468 Paulus,
3230 2405 3402 2459 Linus

1829 2517 1894 2557 ac
1921 2501 2124 2568 Cletus,
2157 2502 2432 2568 Clemens,
2469 2501 2772 2564 Evaristus,
2816 2498 3142 2562 Alexander,
3171 2497 3400 2568 Xystus,

1831 2595 2216 2664 Telesphorus,
2274 2593 2577 2659 Evaristus,
2629 2592 2893 2663 Ilyginus,
2931 2590 3082 2657 Pius,
3113 2590 3400 2653 Anicetus.

1829 2688 1922 2758 qui
1949 2695 2033 2744 est
2056 2703 2086 2741 a
2108 2704 2193 2743 me
2229 2688 2391 2758 paulo
2422 2695 2548 2741 ante
2585 2685 2638 2740 in
2673 2686 3054 2756 episcoporum
3085 2683 3275 2738 ordine
3306 2699 3403 2737 nu-

1830 2786 2093 2834 meratus.
2517 2842 2519 2844 η

1901 2869 1978 2924 Ac
2026 2869 2228 2923 nemini
2277 2884 2412 2936 sane
2461 2868 2660 2923 mirum
2715 2866 2988 2929 videatur,
3033 2881 3131 2920 cur
3188 2864 3402 2936 singula

142 2950 462 3022 διήλθομεν.
491 2953 590 3006 Διὰ
636 2953 744 3025 γὰρ
768 2955 971 3009 τούτων
1005 2957 1090 3010 ἀεὶ
1131 2957 1192 3010 τὸ
1238 2958 1404 3027 σαφὲς
1434 2959 1708 3014 δείκνυται

1877 2970 1982 3016 tnta
2018 2977 2143 3016 cum
2175 2961 2452 3032 diligentia
2506 2958 2896 3028 percurrerim.
2964 2955 3069 3010 Per
3109 2956 3220 3009 haec
3257 2955 3403 3008 enim

157 3041 253 3092 Ἐν
309 3040 520 3111 χρόνοις
569 3043 764 3107 τοίνυν,
807 3043 882 3106 ὡς
943 3043 1150 3115 ἔφημεν
1191 3046 1325 3117 (91),
1372 3048 1732 3120 ’Λνικήτου,ἡ

145 3133 612 3208 προδεδηλωμὲνη
641 3135 988 3204 Μαρκελλίνα
1011 3137 1068 3190 ὲν
1113 3137 1300 3209 Ῥώμῃ
1321 3141 1606 3212 γενομένη,
1634 3143 1734 3212 τὴν

150 3226 337 3296 λύμην
351 3226 452 3296 τῆς
469 3228 770 3298 Καρποκρᾶ
793 3227 1140 3291 διδασκαλίας
1159 3227 1484 3300 ἐξεμέσασα,
1510 3231 1735 3296 πολλοὺς

145 3317 264 3371 τῶν
293 3319 473 3370 ἐκεῖσε
501 3318 860 3389 λυμηναμένη
888 3320 1151 3389 ἠφάνισεο
1202 3321 1296 3376 καὶ
1328 3321 1477 3376 ἔνθεν
1509 3316 1734 3391 γέγονεν

149 3412 188 3479 ἠ
222 3409 372 3479 ἀρχὴ
403 3409 722 3461 Γνωστιγκῖιν
755 3409 860 3462 τῶν
893 3409 1259 3480 καλουμένων.
1290 3412 1510 3482 Ἔχουσι
1552 3413 1608 3467 δὲ
1655 3418 1733 3468 εὶ-

150 3500 326 3562 κόνας
348 3499 732 3569 ἐνζωγράφους
747 3501 835 3553 διὰ
855 3501 1176 3572 χρωμάτων,
1199 3502 1344 3564 τινὲς
1370 3503 1507 3556 δὲέκ
1536 3505 1735 3577 χρυσοῦ

154 3595 254 3646 καὶ
316 3592 582 3663 ἀργύρου,
631 3594 724 3645 κα)⁸
754 3592 956 3662 λοιπῆς
981 3593 1132 3663 ὕλης,
1177 3594 1332 3647 ἅτινα
1368 3597 1739 3668 ἐκτυπωματά

153 3703 331 3754 φασιν
355 3681 494 3737 εἶναι
525 3685 618 3737 τοῦ
663 3685 836 3753 Ἰησοῦ
859 3701 870 3716 ⁸
913 3687 1008 3737 καὶ
1035 3685 1205 3738 ταῦτα
1246 3687 1350 3739 ὑπὸ
1387 3688 1608 3742 Ποντίου
1643 3691 1741 3742 Πι-

155 3778 324 3832 λάτου
347 3776 674 3847 γεγενῆσθαι
703 3776 770 3829 τὰ
809 3775 1175 3846 ἐκτυπώματα
1208 3777 1300 3830 τοῦ
1335 3780 1496 3834 αὐτοῦ
1541 3782 1735 3852 Ἰησοῦ,

154 3870 248 3921 ὅτε
295 3868 548 3938 ἐνεδήμει
579 3866 658 3937 τῷ
696 3867 803 3921 τῶν
843 3867 1146 3938 ἀνθρώπων
1178 3870 1342 3938 γένει.
1396 3873 1649 3945 Κρύόδην
1683 3876 1740 3930 δέ

156 3961 260 4022 τὰς
287 3959 544 4022 τοιαύτας
578 3959 790 4029 ἔχουσιν
822 3961 1032 4024 εἰκόνας
1059 3977 1071 3990 ·
1107 3962 1524 4032 καὶφιλοσόφων
1557 3966 1737 4031 τινῶν,

161 4050 521 4121 Πυθαγόρου,
557 4052 651 4104 καὶ
700 4050 1006 4117 Πλάτωνος,
1043 4053 1138 4106 καὶ
1183 4055 1605 4125 Ἀριστοτέλους.
1648 4061 1741 4113 καὶ

159 4141 370 4195 λοιπῶν
391 4158 406 4173 ο
438 4140 556 4211 μεθ’
588 4135 663 4194 ὧν
707 4141 1008 4211 φιλοσόφων
1053 4144 1146 4196 καὶ
1179 4144 1342 4215 ἕτερα
1373 4146 1739 4218 ἐκτυπώματα

237 4257 352 4328 (88)
375 4256 451 4328 _'0
476 4255 596 4325 μὲν
619 4255 732 4324 γὰρ
758 4257 998 4328 Παῦλος
1021 4258 1118 4311 καὶ
1140 4258 1238 4311 ἐπὶ
1263 4260 1378 4326 τὴν
1412 4261 1735 4318 Ἱσπανίαν.

160 4326 341 4393 Quod
369 4326 640 4382 facturum
691 4343 751 4382 se

163 4415 256 4457 xv.
301 4398 418 4467 28).
1225 4465 1229 4468 _

238 4468 355 4537 (89)
395 4467 990 4533 Ἐπισκοττεύσαντας
1008 4469 1157 4536 πρὸς
1179 4469 1433 4525 δεκαδύο
1458 4472 1582 4538 ἔτη.
1619 4471 1742 4527 Sin-

166 4538 278 4607 guli
308 4538 590 4598 nimirum,
609 4551 733 4590 nam
760 4554 824 4592 ex
857 4538 1075 4593 Eusebii
1105 4541 1363 4595 Chronico
1391 4543 1504 4596 [nec
1526 4553 1741 4596 mutua-

163 4617 258 4731 I’us
287 4618 373 4729 est
406 4607 762 4677 Epiphanius,
794 4609 882 4663 ubi
917 4608 1053 4664 Lino
1081 4627 1154 4679 xi,
1190 4612 1342 4666 Cleto
1376 4628 1451 4665 xu
1484 4614 1612 4666 anni
1641 4613 1740 4666 tri-

207 4694 321 4730 uun
352 4693 437 4731 ur.

207 4684 437 4731 nuntur.

242 4747 360 4823 (Q0)
406 4745 990 4823 Τῂνέιπίδωδεκάτω
1009 4749 1331 4823 «ἔτεα-Ροεεὶ
1360 4759 1488 4808 sunt
1507 4754 1736 4823 apostoli

168 4815 232 4871 L.
269 4815 498 4892 Fonteio
528 4816 834 4892 Capitone.
871 4829 924 4873 et
963 4819 1108 4892 Julio
1155 4820 1297 4875 Rufo
1344 4837 1488 4877 coss.
1538 4815 1738 4892 quibus

171 4902 321 4940 anno
350 4887 582 4942 Neronis
609 4904 704 4941 xui
743 4888 915 4952 ﬁnito,
945 4891 1110 4952 cmpit
1140 4905 1229 4945 xw
1257 4907 1321 4946 ex
1359 4901 1484 4947 ante
1505 4887 1644 4947 diem
1677 4909 1735 4946 ιιι

170 4956 296 5012 Eid.
330 4959 554 5012 Octobr.
584 4956 681 5011 Hic
711 4969 794 5014 est
827 4975 1005 5016 annus
1027 4956 1278 5017 Julianus
1304 4977 1437 5026 cxu,
1469 4979 1590 5018 atra:
1615 4965 1739 5018 Dio-

171 5029 421 5097 nysianae
453 5041 623 5081 uvu.
666 5027 1032 5093 Quamobrem
1064 5046 1173 5085 non
1204 5047 1348 5085 anno
1379 5047 1453 5086 xu
1484 5032 1735 5096 Neronis,

170 5107 232 5150 ut
279 5099 505 5168 scripsit
553 5097 912 5168 Epiphanius,
967 5100 1064 5154 sed
1112 5117 1214 5156 xtu
1261 5102 1478 5158 labente
1535 5105 1736 5158 mortui

171 5175 302 5221 sunt
333 5167 592 5244 apostoli.
615 5167 794 5244 Quem
817 5170 957 5244 dum
976 5169 1266 5244 Eusebius,
1300 5181 1354 5227 ct
1375 5171 1736 5244 Hieronymus

171 5253 263 5311 xiv
286 5239 582 5311 appellant,
610 5237 812 5295 frustra
841 5241 894 5294 in
924 5239 1220 5296 Annalibus
1247 5237 1732 5311 reprehenduntur.

175 5307 385 5360 Etenim
423 5309 670 5382 plerique
700 5311 1135 5382 Christianorum
1173 5307 1506 5382 scriptorum
1559 5315 1736 5368 solent

169 5391 442 5452 annorum
469 5379 643 5452 initia
679 5394 708 5452 a
745 5395 912 5434 verno
953 5379 1311 5452 Pasclialique
1350 5398 1556 5447 mense,
1588 5384 1735 5452 quod

172 5447 699 5527 ecclesiasticianni
738 5459 903 5520 caput
930 5459 1033 5514 est,
1070 5447 1388 5527 arcessere:
1412 5453 1476 5527 id
1521 5447 1665 5524 quod
1705 5469 1734 5507 a

176 5518 312 5596 y'iris
354 5518 586 5596 eruditis
618 5518 980 5596 observatum
1011 5529 1115 5596 est.
1170 5518 1734 5596 Cunrigitur'annus

175 5582 411 5660 Neronis
446 5603 536 5641 xlv
566 5590 796 5658 coeperit
829 5589 1083 5645 Octobris
1119 5607 1171 5645 x1
1213 5592 1338 5645 anni
1369 5582 1569 5648 iuliani
1598 5609 1730 5660 cxu,

177 5653 446 5716 ﬂusebius
467 5672 530 5714 ac
553 5653 746 5735 reliqui
769 5660 888 5733 ejus
914 5660 1124 5719 initium
1151 5677 1178 5716 a
1205 5677 1389 5720 mense
1410 5679 1576 5724 verno
1601 5653 1738 5726 κοιτᾶ

1835 3060 2094 3126 perpetuo
2157 3062 2304 3108 certa
2376 3058 2742 3119 accurataque
2818 3047 3022 3104 veritas
3075 3046 3401 3102 ostenditur.

1835 3145 2199 3211 Quamobrem
2242 3143 2452 3198 Aniceti
2515 3149 2572 3195 ut
2617 3141 2823 3195 dictum
2857 3147 2940 3195 est
2969 3147 3230 3206 tempore,
3265 3137 3404 3192 Mar-

1835 3237 2027 3290 cellina
2056 3235 2216 3304 108
2243 3235 2334 3287 illa
2368 3231 2593 3285 Romam
2623 3231 2870 3297 veniens,
2889 3239 2942 3286 et
2966 3229 3407 3299 Carpocratianaa

1836 3329 2096 3383 doctrina:
2154 3326 2305 3380 virus
2363 3339 2644 3384 evomens.
2677 3323 2878 3377 multos
2920 3321 3030 3374 illic
3081 3334 3264 3374 errore
3305 3333 3406 3373 suo

1837 3421 2159 3490 depravatos
2181 3419 2235 3471 in
2269 3417 2494 3472 exitium
2525 3414 2775 3484 impulit;
2811 3413 3153 3483 indidemque
3187 3410 3408 3465 Gnosti-

1837 3526 2024 3566 eorum
2053 3520 2179 3565 sunt
2204 3508 2439 3563 excitata
2483 3505 2801 3577 primordia.
2832 3503 3040 3558 Habent
3084 3517 3246 3572 porro
3271 3501 3406 3555 Car-

1840 3601 2141 3672 pocratiani
2189 3599 2434 3668 depictas
2491 3595 2767 3651 coloribus
2827 3592 3124 3664 imagines,
3184 3589 3405 3667 quidam

1838 3695 2000 3750 etiam
2041 3705 2236 3747 aureas
2283 3698 2377 3744 aut
2425 3695 2730 3759 argenteas,
2791 3685 2876 3740 vel
2925 3700 2991 3739 ex
3035 3683 3140 3739 alia
3177 3683 3405 3736 materia

1843 3787 2032 3848 factas,
2055 3769 2195 3854 quas
2216 3777 2336 3836 esse
2363 3765 2491 3836 Iesu
2521 3762 2720 3850 eﬁigies
2750 3776 3018 3832 afﬁrmant
3046 3798 3056 3829 :
3082 3774 3408 3842 easdemque

1841 3893 1872 3931 a
1905 3876 2103 3930 Pontio
2165 3873 2340 3928 Pilato
2375 3871 2442 3926 ad
2474 3871 2678 3926 Christi
2735 3866 3147 3923 similitudinem
3201 3864 3407 3920 efﬁctas

1841 3982 1948 4038 quo
1976 3974 2217 4036 tempore
2268 3965 2408 4020 inter
2437 3961 2688 4018 homines
2717 3959 2962 4029 degebat.
2995 3955 3101 4010 Sed
3139 3957 3407 4028 ejusmodi

1844 4058 2106 4129 imagines
2139 4057 2382 4112 occultas
2405 4045 2627 4122 habent,
2649 4071 2860 4111 necnon
2893 4063 2948 4111 et
2965 4052 3407 4124 philosophorum

1842 4147 2222 4220 quorumdam,
2277 4157 2336 4204 ut
2377 4146 2720 4220 Pythagorae,
2765 4145 3028 4210 Platonis,
3071 4143 3404 4206 Aristotelis,

1845 4261 2115 4335 πρόληψιν
2145 4256 2510 4335 usurparunt.
2532 4262 2714 4335 Quare
2749 4260 2884 4335 nihil
2924 4260 2992 4314 ab
3022 4259 3130 4335 illis
3153 4255 3408 4335 commis-

799 4325 1062 4382 Romanis
1112 4329 1526 4386 deuuntiaverat
1565 4331 1734 4401 (Rom.
1770 4339 1816 4395 D
1845 4325 2128 4398 sdmf'uti
2177 4325 2378 4388 nec-ab
2423 4325 2688 4401 Josepho,
2726 4332 2856 4400 qui,
2905 4329 3050 4398 quod
3093 4326 3405 4401 Iudaeorum

1845 4395 2094 4459 historici
2128 4395 2973 4468 consueverantfimperator-uin
3006 4413 3069 4451 ac
3099 4395 3407 4468 principum

1844 4489 2038 4537 annos,
2075 4471 2293 4526 aNisan
2330 4466 2538 4540 saepius
2563 4466 2852 4524 inchoasse
2886 4466 3165 4540 creditur;
3186 4466 3406 4540 t_ametsi

1843 4533 2050 4611 aliquot
2083 4543 2152 4596 ab
2183 4542 2276 4595 illo
2305 4533 2584 4595 mensibus
2621 4541 2894 4611 iniissent.
2914 4537 3032 4611 Qu_o
3061 4537 3154 4589 illa
3186 4533 3406 4586 Talmu-

1841 4606 2106 4666 distarum
2163 4611 2349 4681 regula
2409 4611 2644 4681 pertinet
2691 4628 2705 4664 :
2759 4609 2850 4681 qui
2887 4606 3230 4681 in_Tractatu
3263 4613 3405 4681 tam

1839 4692 2014 4747 tuum,
2054 4696 2174 4751 cap.
2207 4674 2258 4743 ιῖ
2303 4674 2468 4735 ιὀΙ.’5
2506 4680 2735 4751 docent,
2780 4674 3403 4751 lsraelitarumquideul

1840 4746 2028 4821 regum
2083 4746 2256 4806 annos
2305 4751 2374 4805 ab
2415 4749 2768 4821 antecedente
2795 4747 2962 4821 Nisau
2999 4746 3204 4821 or_diri_;
3251 4752 3407 4821 exte-

1840 4814 2028 4877 rorum
2078 4836 2211 4876 vero
2254 4821 2582 4891 principum,
2628 4833 2658 4891 ιι
2707 4816 2874 4872 Tisri.
2914 4814 3399 4891 Quod_etR:lssa-

1840 4893 1972 4947 char
2008 4893 2112 4947 ben
2160 4886 2469 4946 Mordechai
2513 4891 2568 4943 in
2615 4887 2874 4957 Computa
2913 4887 3156 4942 tradidit.
3196 4886 3405 4957 Quam-

1840 4964 2030 5018 obrem
2083 4962 2129 5017 si
2184 4964 2307 5032 quis
2340 4959 2570 5029 exempli
2613 4953 2780 5014 causa
2827 4959 3016 5032 ultimo
3057 4957 3145 5011 die
3195 4953 3404 5032 men_sis

1839 5033 1983 5087 Adar
2023 5026 2249 5099 regnum
2283 5026 2567 5099 capessat,
2619 5030 2866 5099 sequenti
2919 5027 3088 5083 Nisan
3126 5026 3402 5081 secundus

1840 5103 2052 5183 imperii
2097 5099 2900 5183 illiusgannus‘numerabitur.
2943 5107 3058 5183 p11
3091 5103 3404 5183 ζειν-πως

1838 5167 1954 5235 Π-πθ
1981 5181 2120 5259 '1‘an
2154 5181 2273 5259 fuit?
2305 5181 2455 5259 Ityn
2468 5176 2593 5259 Tm}:
2629 5170 2753 5251 Dies
2781 5186 2914 5251 unus
2936 5167 3282 5259 iur/infruniti
3308 5180 3402 5259 paro

1839 5259 1976 5296 anno
2012 5237 2319 5311 'reputatur.
2346 5240 2501 5306 Quod
2529 5243 2573 5296 si
2609 5242 2731 5310 quis
2765 5239 2940 5310 primo
2975 5239 3061 5311 die
3091 5237 3256 5311 Nisan
3291 5250 3404 5290 eae-

1839 5314 2001 5381 pcrit,
2035 5308 2142 5367 non
2175 5321 2298 5368 ante
2338 5308 2637 5367 vertentem
2669 5308 2872 5364 annum
2910 5310 3119 5380 primus
3153 5308 3271 5377 ejus
3303 5322 3403 5358 an-

1839 5399 1942 5437 uus
1973 5385 2304 5438 censebitur.

1910 5453 2021 5524 (91)
2067 5455 2169 5508 Ἑν
2193 5455 2432 5523 χρόνοις
2456 5455 2681 5515 τοίνυν,
2700 5451 2779 5516 ὡς
2823 5447 3176 5524 ἐφημειι.-ξξξ
3201 5445 3403 5524 Irenaeo

1838 5516 1946 5647 lltiill
1975 5516 2108 5589 haec,
2137 5516 2297 5595 quam
2321 5516 2605 5596 sequentia
2636 5516 2914 5576 mutuatus
2937 5516 3047 5575 est.
3079 5517 3210 5574 Vide
3238 5533 3285 5570 c.
3311 5516 3402 5577 24.

1860 5610 1871 5647 ι
1919 5635 1928 5646 .
1959 5611 1996 5647 ι.
3308 5610 3315 5620 ν
3344 5613 3358 5619 -

1860 5610 1928 5647 ID.
1959 5611 1996 5650 Ι.
3308 5610 3358 5620 ’⁷
