3814 6348
362 301 469 358 575

1794 305 1853 366 s.
1889 290 2231 361 EPIPHANII

3535 288 3630 344 57

365 418 732 489 aliorumque,
786 416 988 489 quibus
1018 432 1112 474 eas
1145 434 1285 490 quas
1321 418 1435 475 dixi
1487 418 1693 476 Christi
1741 418 1942 490 eﬂigies

2065 419 2137 473 τοῦ
2173 417 2347 490 Ἰησοῦ
2379 417 2643 480 τιθέασιν,
2679 410 2994 486 ίδρύσαντές
3022 427 3081 464 τε
3114 401 3517 480 προσκυνοῦσι,
3549 400 3672 452 καὶ

365 512 618 572 miscent,
652 519 706 564 et
728 519 942 565 erectas
965 510 1129 566 simul
1159 526 1350 565 omnes
1368 513 1618 576 adorant,
1650 512 1720 566 ad
1743 527 1946 582 easque

367 601 647 669 gentilium
685 602 821 656 ritus
864 602 1176 657 instituunt.
1204 603 1500 659 Collocatis
1549 604 1692 659 enim
1721 605 1945 659 simula-

367 693 480 746 cris
501 693 638 758 isxis,
680 709 801 763 quae
823 709 853 746 a
875 695 1168 764 gentilibus
1197 695 1311 750 ﬁeri
1341 696 1516 750 solent
1535 695 1792 765 deinceps
1822 711 1947 766 per-

371 782 580 837 ﬁciunt.
600 783 832 850 Quinam
862 800 992 839 vero
1021 792 1149 839 sunt
1176 786 1406 855 gentiles
1432 786 1466 838 ii
1503 785 1638 839 ritus
1661 785 1752 837 alii
1779 799 1942 854 quam

370 875 659 940 sacriﬁcia,
695 885 1000 947 cmteraque
1022 878 1240 947 generis
1265 878 1550 946 ejusdem?
1567 877 1834 932 (Steterunt
1872 878 1945 931 ita

371 965 472 1019 soli
503 967 698 1022 animae
739 968 969 1024 salutem
1003 969 1328 1030 attribuunt,
1360 977 1418 1023 ut
1451 969 1519 1023 ab
1551 969 1672 1039 ejus
1702 984 1946 1024 commu-

371 1055 533 1111 nione
558 1072 789 1126 corpora
819 1059 1152 1128 segreganda
1182 1068 1392 1128 putent.

446 1145 558 1200 VII.
597 1147 962 1214 Quamobrem
996 1150 1145 1203 omni
1184 1151 1305 1204 illos
1337 1165 1439 1220 ope
1471 1151 1755 1220 proﬂigare
1794 1165 1947 1220 opor-

371 1245 449 1292 tet
502 1247 665 1308 atque
692 1250 957 1296 evertere.
995 1240 1181 1312 Neque
1212 1243 1355 1296 enim
1385 1253 1470 1297 est
1499 1243 1644 1312 quod
1673 1242 1946 1310 ejusmodi

371 1330 624 1400 dogmata
653 1335 951 1401 praesertim
992 1349 1022 1386 a
1058 1334 1153 1388 tali
1189 1335 1487 1404 impostore
1521 1334 1764 1404 profecta
1796 1334 1948 1403 quis-

373 1423 515 1490 piam
567 1431 900 1479 contemnat.
951 1426 1165 1480 Atenim
1201 1426 1347 1480 dicat
1384 1427 1582 1496 aliquis
1619 1445 1630 1480 :
1667 1424 1857 1479 Nonne
1883 1441 1947 1480 ea

372 1520 500 1563 sunt
528 1516 748 1583 cognitu
781 1515 985 1575 facilia.
1022 1515 1375 1586 stultitiaque
1420 1516 1774 1586 plenissima?
1808 1517 1948 1569 Sunt

370 1617 434 1656 ca
465 1619 613 1657 Vero.
649 1604 753 1660 Sed
784 1587 1166 1677 insipientibus
1185 1609 1347 1664 stulta
1373 1609 1689 1678 plerumque
1719 1621 1947 1678 persua-

371 1693 588 1762 dentur,
618 1697 726 1750 imo
755 1697 919 1750 etiam
945 1699 1241 1768 prudentes
1269 1715 1300 1754 a
1332 1708 1480 1754 recta
1509 1700 1594 1754 via
1633 1698 1943 1762 deﬂectunt,

2045 511 2113 566 τά
2143 513 2252 564 τῶν
2304 510 2472 564 ἐθνῶν
2523 505 2830 561 ἐπιτελοῦσι
2863 504 3156 575 μυστήρια.
3183 500 3496 569 Στήσαντες
3527 492 3669 560 γὰρ

2043 603 2246 666 ταύτας
2264 603 2363 666 τὰς
2384 600 2620 664 εἰκόνας,
2645 599 2715 652 τὰ
2746 597 2852 652 τῶν
2877 595 3044 649 ἐθνῶν
3063 593 3159 661 ἔθη
3183 589 3366 643 λοιπὸν
3385 584 3557 640 ποιοῦ
3567 601 3663 635 σι.

2045 697 2190 750 Τίνα.
2231 695 2289 748 δέ
2336 697 2483 748 ἐστιν
2511 691 2678 746 ἐθνῶν
2705 690 2803 761 ἔθη
2827 689 2940 742 ἄλλ’
2973 687 3007 758 ἢ
3039 686 3220 741 θυσίαι
3253 683 3345 736 καὶ
3368 681 3444 734 τὰ
3474 678 3670 738 ἄλλας

2045 789 2240 860 Ψυχῆς
2263 787 2319 840 δὲ
2356 784 2493 842 εἶναι
2526 785 2694 857 μόνης
2749 780 3022 851 σωτηρίαν
3055 778 3211 848 φασὶ,
3239 776 3334 829 καὶ
3363 771 3494 843 οὐχὶ
3531 787 3671 823 σω-

2050 899 2259 953 ματων.

2118 1151 2187 1207 Z'.
2219 1151 2310 1204 Δεῖ
2359 1148 2536 1202 τοίνυν
2585 1143 2806 1206 τούτους
2851 1137 3175 1210 ἀνατρέπειν
3209 1130 3371 1186 παντὶ
3423 1125 3654 1180 σθένει.

2047 1244 2250 1314 Μηδεὶς
2278 1241 2386 1311 γάρ
2416 1236 2818 1308 καταφρονείτω
2843 1233 3025 1300 λόγου,
3065 1228 3158 1284 καὶ
3195 1223 3426 1296 μάλιστα
3475 1217 3659 1314 ποιρᾲ

2047 1307 2375 1394 ἀπατεῶνοςν.
2419 1328 2555 1382 Ἀλλ’
2585 1307 2726 1379 εἴποι
2770 1341 2851 1386 τις
2885 1323 2978 1375 ἀν·
3010 1318 3083 1372 Ού
3114 1317 3221 1384 γάρ
3253 1314 3366 1366 ἐστι
3394 1307 3660 1379 φωρατὰ

2047 1427 2140 1480 καὶ
2202 1424 2410 1496 μωρίας
2451 1419 2700 1492 ἐμπλεα;
2746 1414 2882 1468 Ἀλλ’
2930 1411 3040 1464 ἐσθ’
3071 1409 3177 1476 ὅπη
3210 1405 3302 1457 καὶ
3339 1401 3406 1456 τὰ
3465 1396 3658 1496 μωρὰ

2048 1516 2225 1571 πείθει
2257 1517 2377 1576 τοὺς
2405 1515 2662 1583 ἄφρονας.
2695 1508 2785 1563 καὶ
2809 1507 2933 1568 τοὺς
2954 1500 3206 1562 συνετοὺς
3230 1492 3654 1568 παρεκτρέπξε,

2048 1608 2143 1661 ἐὰν
2185 1607 2259 1676 μή
2316 1606 2463 1676 παρῇ
2515 1603 2544 1654 ό
2580 1600 2704 1664 νοῦς
2759 1599 2788 1651 ὁ
2837 1599 2895 1649 ἐν
2930 1598 2996 1665 τῇ
3033 1591 3255 1689 ἀληθεία
3291 1584 3652 1689 ἠσκημένος.

2061 1697 2420 1770 Ἐμπεσόντος
2454 1695 2631 1748 τοίνυν
2659 1693 2753 1745 xai.
2772 1688 2963 1742 τούτου
2996 1685 3090 1738 τοῦ
3119 1683 3358 1753 Σίμωνος
3399 1683 3656 1748 μαγείᾳ,

371 1782 475 1838 nisi
505 1787 672 1840 animi
726 1790 808 1843 vis
837 1789 979 1844 adsit
1004 1791 1247 1846 veritatis
1288 1791 1679 1846 exercitatione
1715 1794 1946 1866 ﬁrmata.

2065 1761 2146 1844 cui.
2174 1790 2282 1844 τῶν
2308 1787 2530 1849 λοιπῶν,
2561 1788 2671 1848 τοῖς
2691 1784 2871 1844 αὐτοῖς
2897 1781 2992 1834 καὶ
3011 1777 3198 1831 τοῦτον
3225 1767 3652 1866 ἀνατρέψομεν.

370 1876 734 1940 Quamobrem
781 1895 904 1933 cum
941 1881 997 1936 in
1040 1881 1229 1937 iisdem
1261 1882 1461 1952 quibus
1491 1879 1682 1937 Simon
1725 1881 1950 1952 magicis

371 1974 582 2028 artibus
613 1984 916 2048 caeteraque
949 1995 1198 2034 errorum
1242 1979 1372 2034 faece
1394 1979 1701 2049 Carpocras
1727 1981 1946 2045 haereat,

373 2079 474 2117 nos
502 2067 721 2121 easdem
756 2084 972 2139 quoque
1008 2071 1076 2125 ad
1125 2072 1274 2126 illmn
1325 2072 1676 2127 evertendum
1714 2074 1950 2128 rationes

372 2150 775 2211 adhibebimus.
814 2157 870 2210 Si
905 2159 1047 2213 enim
1099 2159 1283 2229 ignota
1333 2160 1424 2213 illa
1453 2176 1551 2215 nec
1587 2162 1700 2216 ullo
1731 2162 1950 2217 nomine

371 2241 714 2310 explicabilis
761 2249 938 2304 virtus
980 2250 1210 2304 aliorum
1246 2252 1563 2320 angelorum
1615 2267 1776 2307 causa
1827 2253 1946 2316 fuit,

369 2332 456 2385 vel
480 2335 528 2388 ei
563 2337 853 2394 tribuenda
890 2343 993 2396 erit
1059 2343 1387 2410 ignorantia,
1428 2344 1523 2412 qui
1559 2343 1630 2399 sit
1664 2345 1949 2399 universo-

373 2437 492 2477 rum
549 2418 796 2496 parens:
835 2432 979 2501 quod
1048 2432 1270 2503 ignarus
1327 2449 1518 2488 corum
1586 2433 1770 2497 fuerit,
1831 2449 1951 2505 qua:

371 2514 533 2570 iidem
587 2518 662 2572 illi
701 2537 841 2590 quos
899 2523 1220 2594 designabat
1269 2525 1514 2581 eﬂ'ecturi
1561 2534 1718 2581 erant
1751 2528 1948 2597 angeli,

372 2625 548 2678 neque
582 2611 728 2668 istud
777 2615 1018 2677 sciverit.
1052 2617 1432 2674 subtracturos
1459 2634 1518 2674 se
1546 2621 1614 2674 ab
1645 2619 1765 2689 ejus
1797 2627 1950 2689 pote-

371 2707 533 2764 state,
565 2716 737 2774 eaque
759 2719 879 2774 qua:
918 2706 1142 2762 minime
1187 2709 1348 2764 vellet
1394 2708 1686 2779 aliquando
1715 2724 1837 2763 esse
1870 2709 1950 2762 ta-

370 2800 591 2859 cturos,
641 2795 726 2849 vel
775 2797 856 2852 sic
896 2797 1018 2854 illos
1060 2815 1382 2869 procreasse
1429 2801 1696 2858 dicendus
1739 2809 1844 2867 est,
1891 2809 1949 2855 ut

371 2883 514 2954 quod
540 2883 656 2940 lieri
680 2887 847 2943 nollet
881 2888 1122 2945 facturos
1152 2907 1274 2947 esse
1296 2899 1674 2962 cognosceret,
1706 2893 1851 2962 quod
1881 2892 1950 2948 iis

371 2975 690 3032 auctoribus
745 2986 933 3046 postea
987 2980 1059 3034 sit
1111 2989 1403 3036 secutum:
1437 2991 1602 3052 atque
1650 2983 1754 3035 hoc
1789 2982 1950 3036 modo

369 3062 637 3132 quidquid
675 3067 793 3121 ausi
825 3067 913 3120 isti
947 3066 1170 3131 fuerint.
1215 3070 1316 3123 hoc
1354 3071 1446 3124 ille
1473 3081 1525 3125 et
1550 3072 1778 3126 scientia
1809 3072 1947 3143 ipsa,
1977 3113 2020 3170 ϐ

371 3162 425 3206 et
461 3155 826 3211 consensione
876 3172 940 3212 ac
970 3159 1249 3216 voluntate
1282 3160 1531 3230 perfecit.
1579 3163 1746 3234 Igitur
1785 3165 1852 3230 si,
1890 3173 1949 3219 ut

374 3253 501 3300 ante
525 3245 733 3300 dictum
784 3256 889 3312 est,
933 3264 996 3304 ea
1033 3257 1242 3318 nosset,
1273 3267 1394 3323 qua:
1441 3253 1640 3309 facturi
1671 3265 1828 3310 erant
1854 3272 1950 3311 an-

371 3337 499 3404 geli,
551 3353 730 3408 neque
770 3346 950 3393 tamen
985 3339 1101 3395 fieri
1129 3341 1313 3406 vellet,
1356 3358 1457 3398 cur
1484 3359 1579 3400 eos
1603 3345 1696 3415 qui
1738 3346 1791 3400 id
1824 3361 1951 3417 ege-

372 3429 483 3483 rint
517 3430 773 3499 produxit
802 3447 1064 3502 unquam,
1100 3441 1160 3486 ut
1200 3449 1321 3504 quae
1351 3436 1518 3491 nollet
1557 3437 1822 3494 auderent
1849 3440 1951 3493 ali-

373 3521 594 3590 quando
627 3521 852 3578 l‘acere?
887 3524 982 3578 Sin
1015 3526 1237 3596 angelos
1294 3527 1410 3597 ipse
1452 3528 1720 3592 condidit,
1752 3545 1852 3585 sua
1890 3538 1949 3585 ut

376 3613 466 3666 illa
487 3627 649 3680 opera
672 3621 1016 3683 praestarent,
1052 3614 1167 3669 ﬁeri
1197 3617 1362 3688 igitur
1376 3633 1438 3672 ea
1466 3633 1572 3672 non
1607 3618 1800 3684 noluit,
1822 3633 1949 3674 cum

379 3701 539 3772 109
569 3702 690 3757 ideo
728 3712 981 3760 auctores
1026 3705 1242 3761 illormn
1288 3709 1509 3778 angelos
1533 3719 1658 3763 ante
1679 3710 1952 3778 produxe-

376 3794 465 3847 rit.
486 3792 642 3859 Quod
679 3794 727 3850 si
758 3795 823 3849 ad
849 3796 1039 3852 eadem
1084 3798 1176 3853 illa
1217 3797 1464 3855 facienda
1497 3802 1776 3871 produxit,
1803 3814 1856 3858 et
1887 3819 1952 3858 ea

375 3892 556 3940 tamen
583 3901 704 3956 quae
727 3885 869 3942 facta
896 3897 1024 3944 sunt
1049 3890 1351 3959 interdixit,
1373 3892 1654 3949 enimvero
1675 3895 1952 3950 calumnia

375 3990 440 4030 ac
476 3976 682 4030 malitia
710 3978 956 4048 quaedam
989 3979 1326 4037 intercessit.
1364 3981 1421 4036 Si
1455 3998 1584 4038 vero
1613 3985 1722 4040 illis
1749 3993 1810 4038 ut
1840 3983 1954 4040 etii-

375 4073 563 4121 cerent
593 4068 864 4136 permisit,
891 4083 1012 4138 qua).
1032 4085 1163 4124 vero
1191 4079 1319 4124 sunt
1349 4072 1500 4126 abiis
1532 4073 1743 4136 ellecta,
1773 4073 1951 4127 homi-

375 4172 476 4213 nes
512 4157 766 4213 videlicet
793 4167 847 4212 et
874 4159 1103 4226 animas,
1139 4169 1334 4230 prater
1361 4163 1593 4218 istorum
1616 4165 1951 4218 voluntatem

375 4247 444 4303 ad
488 4263 610 4304 sese
657 4263 953 4320 aggregare
999 4250 1207 4317 studet,
1258 4252 1361 4307 hoc
1409 4253 1629 4308 demum
1680 4255 1818 4310 nihil
1851 4257 1954 4308 erit

372 4339 546 4403 aliud,
580 4340 690 4394 nisi
737 4342 1009 4411 cupiditas
1049 4342 1296 4412 quaedam
1323 4345 1624 4400 alienorum
1671 4355 1953 4417 appetens,

2051 1881 2114 1935 El
2143 1882 2250 1953 γὰρ
2275 1883 2307 1950 ή
2344 1880 2619 1946 ἄγνωστος
2643 1876 2735 1928 καὶ
2768 1871 3202 1940 ἀκατονόμαστος
3223 1864 3452 1932 δύναμις
3479 1857 3656 1962 αἰτία

2049 1951 2272 2044 γέγονεν
2317 1971 2491 2026 ἄλλων
2546 1966 2814 2036 ἀγγέλων,
2866 1964 2899 2035 ἢ
2951 1962 3097 2014 ἔστιν
3140 1959 3331 2056 ἄγνοια
3571 1951 3652 2056 τῇ

2052 2043 2214 2136 αὐτῇ,
2263 2063 2508 2117 τουτέστι
2560 2058 2637 2130 τῷ
2689 2057 2857 2128 πατρὶ
2901 2055 3010 2107 τῶν
3050 2053 3206 2114 ὅλων,
3246 2050 3294 2101 εί
3325 2043 3574 2136 “gest
3609 2043 3656 2093 ἃ.

2055 2135 2306 2225 μέλλουσι
2355 2153 2613 2225 πράττειν
2653 2150 2701 2201 οἱ
2749 2147 2840 2200 ὑπ’
2875 2144 3038 2200 αὐτοῦ
3095 2135 3655 2204 κατασκευαζόμενοι

2051 2245 2290 2313 ἄγγελοι,
2321 2243 2614 2310 ἀγνοήσας,
2646 2239 2728 2291 ὅτι
2755 2236 3171 2306 ἀποστήσονται,
3189 2230 3284 2284 καὶ
3308 2228 3655 2298 ποιήσουσιν

2049 2337 2086 2391 ἃ
2114 2338 2188 2408 μή
2221 2336 2382 2398 αὐτὸς
2408 2333 2686 2387 ἐϐούλετοο
2717 2331 2752 2400 ἢ
2787 2328 3010 2392 τούτους
3067 2326 3164 2397 μὲν
3195 2322 3440 2390 ἐποίησε,
3460 2314 3654 2408 γινιὲυ-

2210 2428 2290 2480 ὃτι
2308 2428 2622 2496 ποιήσουσιν
2642 2422 2670 2476 ὃ
2685 2421 2843 2485 αὐτὸς
2859 2421 2919 2473 οὐ
2941 2418 3204 2490 βούλεται,
3218 2413 3344 2484 παρ’
3361 2409 3549 2464 αὐτῶν
3582 2407 3652 2460 δὲ

2050 2522 2262 2590 γέγονε,
2301 2521 2394 2572 καὶ
2423 2519 2574 2570 ἔσται
2603 2515 2692 2568 διὰ
2732 2516 2830 2584 τῆς
2860 2510 3112 2579 γνώσεως
3139 2509 3232 2562 καὶ
3255 2503 3501 2564 εὐδοκίας
3529 2501 3643 2554 afa-

2049 2612 2145 2674 τὸς
2199 2611 2431 2681 ποιήσας
2463 2609 2499 2662 ἃ
2557 2610 2750 2661 ἐκεῖνοι
2778 2603 3194 2674 τετολμήκασιν.
3222 2598 3286 2652 El
3321 2594 3522 2656 τοίνυν,
3558 2591 3649 2652 ὡς

2052 2705 2331 2775 προεῖπον,
2360 2703 2623 2770 ἐγίνωσκε
2660 2701 2758 2769 μὲν
2793 2698 2828 2752 ἀ
2861 2698 3197 2776 ποιήσουσιν,
3229 2691 3330 2745 οὐκ
3367 2685 3652 2758 ήϐούλετο

2049 2797 2106 2849 δὲ
2159 2797 2246 2848 ἵνα
2298 2796 2583 2866 ποιήσωσι,
2633 2793 2740 2846 τίνι
2782 2791 2860 2862 τῷ
2907 2790 3051 2858 λόγῳ
3097 2787 3221 2846 τοὺς
3261 2779 3648 2849 πεποιηκότας

2051 2888 2242 2951 ἐποίει,
2272 2887 2353 2950 είς
2392 2886 2454 2938 τὸ
2486 2886 2746 2956 πράττειν
2781 2883 2817 2937 ἃ
2864 2882 2938 2954 μὴ
2964 2881 3124 2942 αὐτὸς
3165 2875 3444 2939 ἐϐούλετο;
3481 2873 3546 2925 Εἰ
3579 2871 3647 2925 δὲ

2051 2979 2212 3041 αὐτὸς
2250 2979 2348 3049 μὲν
2374 2978 2641 3048 πεποίηκε
2673 2979 2798 3039 τοὺς
2829 2975 3116 3043 ἀγγέλους,
3143 2972 3230 3024 ἴνα
3263 2968 3532 3038 ποιήσωσι
3568 2967 3648 3017 τὰ

2053 3069 2145 3121 ὑπ’
2196 3067 2378 3121 αὐτῶν
2421 3067 2703 3138 γινόμενα,
2751 3067 2859 3138 ἀρα
2905 3063 3062 3135 ήθελε
3092 3059 3365 3130 γενέσθαι,
3399 3057 3483 3111 διὸ
3539 3058 3649 3108 καὶ

2052 3161 2180 3224 τοὺς
2209 3161 2576 3232 πεποιηκότας
2610 3157 3120 3231 προκατεσκεύασεν
3168 3151 3453 3222 ἀγγέλους.
3519 3149 3648 3200 Καὶ

2054 3252 2103 3305 εί
2155 3248 2662 3321 προκατεσκεύασεν
2709 3249 2790 3311 εἰς
2833 3247 2894 3301 τὸ
2940 3245 3181 3314 ποιῆσαι,
3208 3237 3544 3310 ἀπαγορεύει
3582 3237 3646 3289 δὲ

2054 3342 2122 3396 τά
2156 3343 2247 3396 ὑπ’
2281 3343 2457 3396 αὐτῶν
2477 3330 2764 3411 γενόμενα,
2794 3335 3128 3407 συκοφαντία
3167 3334 3230 3388 ἂν
3252 3333 3335 3402 εἴη
3364 3332 3421 3383 ἐν
3454 3328 3643 3400 μέσῳ.

2056 3435 2119 3488 Ei
2169 3435 2227 3488 δὲ
2255 3434 2550 3506 συνεχώρει
2580 3434 2676 3504 μὲν
2701 3431 2795 3486 τοῦ
2829 3433 3001 3484 ποιεῖν
3048 3428 3265 3490 αὐτοὺς,
3297 3423 3546 3495 βούλεται
3579 3420 3648 3474 δὲ

2055 3525 2125 3580 τὰ
2162 3526 2254 3580 ὑπ’
2292 3525 2489 3586 ,αὐτῶν
2524 3526 2811 3596 γενόμενα,
2862 3523 3136 3576 τουτέστιν
3170 3517 3489 3590 ἀνθρώπους
3536 3518 3646 3570 καὶ

2055 3619 2253 3693 ψυχὰς,
2311 3617 2474 3685 πάλιν
2519 3618 2655 3689 πρὸς
2701 3615 2890 3670 ἑαυτὸν
2921 3611 3320 3682 ἀναλαμϐάνειν
3361 3607 3512 3677 παρὰ
3533 3607 3646 3678 τὴν

2056 3715 2260 3769 τούτων
2290 3711 2542 3783 βούλησιν
2561 3727 2574 3742 ·
2613 3711 2720 3781 ἀρα
2753 3709 2905 3762 ἔσται
2947 3703 3226 3769 πλεονεξία
3248 3704 3305 3755 ἐν
3336 3701 3507 3773 μέσῳ,
3537 3701 3644 3752 καὶ

2057 3805 2205 3860 οὐδὲν
2244 3805 2455 3876 ἕτερον,
2509 3801 2907 3875 ἁρπαζομένων
2949 3799 3058 3852 τῶν
3105 3797 3208 3850 ὑπὸ
3247 3795 3355 3848 τῶν
3384 3792 3643 3861 ἀγγέλων

2058 3893 2361 3966 ἀνθρώπων
2394 3893 2500 3947 ὑπὸ
2527 3894 2620 3946 τοῦ
2662 3892 2773 3946 ἀνω
2803 3891 2952 3963 παρὰ
2997 3891 3096 3960 τὴν
3128 3887 3328 3940 τούτων
3354 3883 3639 3955 βούλησιν.

2072 3986 2232 4040 Ἀλλά
2255 3987 2348 4040 καὶ
2378 3986 2635 4057 ἀδράνεια
2661 3984 2745 4055 εἴη
2767 3999 2780 4012 ·
2810 3983 3019 4052 ἐπειδὴ,
3056 3984 3131 4052 μὴ
3150 3979 3309 4043 αὐτὸς
3339 3978 3641 4047 δυνάμενος

2061 4076 2255 4131 ἑαυτοῦ
2269 4079 2458 4141 ποιεῖν,
2472 4075 2708 4148 ἁρπάζει
2719 4076 2786 4128 τὰ
2804 4074 2907 4127 ὑπὸ
2922 4073 3030 4125 τῶν
3043 4073 3132 4125 ὑπ’
3150 4070 3311 4124 αὑτοῦ
3326 4068 3641 4137 γενομένων

2059 4170 2344 4240 γενόμενα.
2365 4170 2476 4223 Καὶ
2503 4169 2652 4222 ἐσται
2675 4168 2858 4223 λοιπὸν
2879 4165 3046 4238 μῦθος
3060 4166 3153 4220 καὶ
3177 4161 3506 4234 μωρολογία,
3525 4157 3639 4211 τῶν

2065 4264 2163 4334 μὲν
2198 4262 2348 4316 κάτω
2399 4261 2680 4331 δυνάμεων
2732 4258 3034 4330 ὑπερϐῆναι
3068 4257 3193 4318 τοὺς
3227 4257 3284 4307 ἐν
3312 4252 3482 4323 μέσῳ,
3509 4249 3639 4311 τοὺς

2063 4355 2120 4408 δὲ
2158 4355 2216 4406 ἐν
2273 4352 2421 4423 μέσῳ
2464 4351 2823 4423 τιμωρεῖσθαι
2867 4349 3072 4412 αἰτίους
3121 4346 3279 4406 ὂντας
3307 4341 3415 4395 τῶν
3444 4340 3638 4393 κάτωο

376 4449 502 4488 cum
534 4433 784 4490 homines
817 4435 886 4489 ab
919 4435 1126 4505 angelis
1160 4434 1321 4490 edicti
1360 4435 1554 4491 iisdem
1599 4438 1734 4508 ipsis
1766 4438 1950 4494 invitis

2065 4443 2156 4496 xui.
2187 4444 2314 4506 τοὺς
2362 4442 2514 4496 κάτω
2545 4441 2682 4511 ὑπὲρ
2713 4440 2840 4502 τοὺς
2885 4438 3082 4508 μέσους
3112 4433 3248 4527 πρὸς
3275 4432 3365 4527 τὸν
3387 4428 3500 4527 ἀνω

377 4542 688 4598 asupremo
746 4528 837 4583 illo
885 4527 1226 4582 dominatore
1274 4528 1584 4598 rapiuntur.
1638 4533 1752 4584 lmo
1793 4533 1956 4586 etiam

378 4621 772 4676 imbecillitatis
823 4621 969 4676 istud
1001 4622 1128 4687 erit,
1180 4636 1304 4676 cum
1337 4621 1453 4691 ipse
1501 4621 1605 4677 sibi
1637 4624 1816 4678 moliri
1859 4641 1955 4678 ne-

377 4719 562 4783 queat,
591 4728 714 4783 qure
753 4723 879 4768 sunt
900 4713 969 4767 ab
1003 4713 1071 4768 iis
1103 4712 1244 4768 facta
1275 4729 1508 4784 quorum
1537 4722 1620 4769 est
1644 4725 1837 4770 auctor
1863 4731 1961 4786 per

377 4806 487 4860 vim
504 4821 569 4861 ac
597 4807 909 4862 violentiam
940 4809 1175 4864 auferre.
1203 4809 1323 4874 Quo
1346 4810 1402 4864 tit
1435 4818 1490 4864 ut
1528 4811 1592 4865 ad
1620 4810 1779 4866 inane
1809 4827 1960 4867 com-

378 4905 621 4951 mentum
657 4912 721 4952 ac
771 4897 1009 4953 fabulam
1041 4907 1157 4954 tota
1188 4901 1403 4956 illorum
1446 4902 1695 4956 doctrina
1726 4903 1956 4971 recidat,

379 5003 502 5056 quae
529 4988 633 5042 hoc
665 4999 908 5056 asserat;
945 4992 1162 5048 tametsi
1218 4992 1417 5046 intima:
1473 4993 1707 5048 virtutes
1751 4996 1959 5050 medio-

379 5081 566 5136 cribus
589 5080 930 5152 subjaceant,
967 5098 998 5136 a
1027 5084 1397 5140 mediocribus
1429 5092 1646 5149 tamen,
1681 5102 1801 5156 qua:
1840 5087 1961 5142 illa-

454 5233 676 5308 ΘΞγού
699 5237 808 5308 γὰρ
831 5238 1102 5302 δύναται,
1129 5239 1167 5294 ἂ
1197 5241 1448 5308 ἐκεῖνος.
1476 5241 1678 5298 Deesse
1709 5244 1961 5299 nonnihil

381 5305 678 5379 huj_us_loc_i
707 5305 1005 5378 integritati
1033 5311 1305 5379 suspicor.
1342 5305 1449 5366 Adt
1478 5313 1611 5374 hac,
1639 5323 1733 5367 aut
1761 5315 1958 5369 similia

381 5376 603 5444 scripsit
639 5376 1001 5450 Epiphanius.
1029 5380 1103 5450 Οὐ
1133 5376 1240 5450 γὰρ
1271 5381 1493 5435 δύναται
1524 5387 1719 5446 ποιεῖν,
1750 5384 1785 5438 δι
1815 5385 1962 5438 ἐκεῖ-

380 5463 470 5508 νος
493 5445 913 5520 ἐπιποθεῖεϊναι
947 5449 1114 5520 αὐτῷ.
1144 5445 1220 5502 Οὔ
1251 5450 1472 5504 δύναται
1515 5452 1569 5505 δὲ
1597 5454 1658 5506 τὸ
1689 5456 1796 5508 πᾶν
1825 5450 1962 5508 εἶναι

379 5517 571 5593 κακον.
603 5518 722 5570 οὐδὲ
755 5517 858 5593 ὑπὸ
889 5517 1076 5572 κακῶν
1102 5521 1400 5588 γεγονέναι.
1423 5521 1538 5577 Duo
1569 5535 1724 5577 crant
1757 5525 1964 5593 Carpo-

378 5587 753 5642 cratianorum
805 5589 1060 5660 dogmata
1097 5587 1121 5645 :'
1151 5587 1380 5645 alterum
1405 5631 1419 5654 ,
1469 5594 1759 5656 mundum,
1803 5587 1961 5649 crea-

379 5666 577 5734 Lasque
635 5675 743 5734 res
776 5675 967 5734 omnes
1005 5676 1108 5734 non
1163 5676 1192 5714 a
1253 5661 1395 5734 bono
1447 5661 1538 5734 illo
1594 5679 1962 5734 suprequne

381 5724 529 5797 Deo,
561 5729 658 5788 sed
697 5730 764 5787 ab
803 5731 1156 5788 inferioribus
1202 5732 1411 5802 angelis
1459 5731 1627 5788 fuisse
1661 5724 1958 5794 conditas:

2062 4533 2270 4598 ζεσθαι,
2313 4531 2406 4585 καὶ
2437 4527 2871 4600 ἐλευθερούσθω,
2921 4525 3065 4593 λέγω
3094 4522 3158 4594 δὴ
3188 4519 3288 4582 τὰς
3314 4515 3492 4587 ψυχὰς
3527 4513 3639 4565 τῶν

2061 4627 2118 4679 ἐν
2143 4624 2266 4696 τῇδε
2305 4625 2371 4693 τῇ
2393 4622 2586 4676 κτίσει.
2640 4621 2738 4691 Είη
2780 4618 2824 4674 δ’
2857 4617 2924 4672 ἂν
2955 4619 2983 4670 ὁ
3015 4615 3112 4688 μὲν
3148 4612 3259 4669 ἀνω
3296 4610 3369 4680 μή
3391 4605 3639 4676 δυνηθεὶς

2061 4720 2287 4788 ποιῆσαι
2331 4714 2564 4784 ἀσθενὴς
2613 4711 2950 4783 κρινόμενος,
2988 4710 3036 4762 οἱ
3085 4707 3142 4760 δὲ
3168 4704 3260 4758 ὑπ’
3283 4700 3448 4757 αὐτοῦ
3487 4699 3640 4768 γενό-

2064 4827 2214 4882 μενοι
2249 4807 2536 4878 δυνάμενοι
2602 4805 2824 4874 ποιῆσαι
2856 4803 2892 4857 ἃ
2930 4802 3091 4862 αὐτὸς
3114 4799 3212 4870 μὲν
3254 4798 3355 4850 οὐκ
3389 4793 3640 4846 ἐϐούλετο

2062 4904 2154 4957 καὶ
2191 4903 2291 4956 οὐκ
2322 4901 2573 4971 ἠδύνατο.
2604 4900 2678 4952 Οὐ
2708 4898 2815 4970 γὰρ
2837 4895 3060 4950 δύναται
3083 4893 3118 4946 ἃ
3140 4893 3344 4953 ἐκεῖνος
3373 4889 3484 4959 (9‘2)
3518 4889 3641 4940 ἐπι-

2062 4994 2236 5058 ποθεῖ,
2267 4991 2406 5048 εἶναι
2433 4992 2581 5063 αὐτῷ
2609 4990 2800 5053 κακὸν,
2834 4988 2954 5042 οὐδὲ
2979 4986 3083 5040 ὑπὸ
3111 4983 3294 5038 κακῶν
3338 4980 3637 5051 γεγονέναι.

2061 5090 2124 5146 Εἰ
2178 5088 2287 5159 γὰρ
2343 5083 2411 5158 ἦν
2467 5086 2656 5149 κακὸν,
2708 5083 2875 5154 ἐχρῆν
2925 5077 3277 5135 ἀπόλλυσθαι.
3314 5076 3379 5128 Ei
3411 5075 3468 5126 δὲ
3503 5073 3638 5135 ὅλως

2061 5235 2316 5306 alterum,
2342 5242 2397 5296 in
2422 5242 2688 5295 malorum
2719 5252 2916 5309 genere
2938 5237 3156 5309 censeri
3179 5236 3473 5309 mundum,
3494 5251 3637 5304 qua:—

2062 5330 2168 5385 que
2196 5315 2398 5367 mundo
2431 5307 2784 5385 continentur
2808 5311 3085 5385 universa.
3117 5307 3422 5385 Utrumque
3445 5308 3636 5385 dogma

2062 5378 2401 5455 Epiphanius
2449 5380 3051 5455 impugnat._Primum
3083 5378 3335 5448 quidem;
3375 5379 3519 5455 quod
3571 5392 3633 5429 ex

2061 5449 2126 5509 eo
2170 5449 2542 5522 'conscquens'
2591 5449 2713 5512 est,
2775 5449 3190 5527 imbecilliorem
3259 5450 3468 5527 angelis
3519 5460 3634 5527 esse

2064 5525 2255 5580 Deum.
2287 5520 2535 5577 Alterum
2573 5537 2722 5587 vero,
2755 5521 2900 5590 quod
2930 5536 3053 5574 cum
3094 5535 3218 5588 pars
3251 5520 3434 5587 aliqua
3470 5520 3636 5590 totius

2064 5595 2453 5651 Universitatis
2491 5593 2722 5649 salutem
2754 5589 3016 5662 Obtincat,
3057 5606 3166 5646 non
3200 5591 3373 5662 possit
3404 5604 3437 5646 a
3467 5589 3636 5643 bono-

2063 5681 2185 5722 rum
2221 5678 2420 5737 genere
2455 5663 2672 5736 penitus
2707 5661 2945 5720 excludi.
