3760 6176
76 208 169 265 577

657 207 1031 265 ADVERSUS
1074 206 1416 264 IIASRESES
1455 207 1582 264 LIB.
1625 210 1638 264 I

1808 211 1873 266 Μ.
1914 211 2070 268 ιι.-
2094 212 2370 272 ΗᾸΞΒΕΞ.
2409 215 2650 272 XXVIII.

3220 221 3328 278 578

76 328 226 400 ρος
253 345 306 380 τι
330 325 423 382 τοῦ
446 327 606 399 ἔργου
641 326 893 392 σώζεται.
916 325 1100 379 οὐκέτι
1128 326 1189 377 τὸ
1220 325 1378 396 ἔργον
1412 325 1632 395 φαῦλον,

1810 346 1859 383 m
1895 344 2077 385 causa:
2106 338 2256 395 sunt,
2293 346 2484 402 pinnas
2514 331 2718 403 expeti,
2751 332 3084 406 intimasque
3119 336 3329 392 media-

73 420 162 472 κᾶν
208 435 265 470 τε
321 419 483 490 μέρος
533 418 695 472 αὑτοῦ
726 419 1029 488 σωζόμενον
1071 419 1398 489 εὑρίσκοιτο,
1440 417 1560 471 οὔτε
1591 420 1640 470 oi

73 510 384 579 ποιήσαντες
417 511 608 578 φαῦλοι
656 511 745 564 τὸν
794 510 1101 582 σωζόμενον
1125 512 1539 582 τεχνησάμενοι.
1577 513 1640 564 Et

71 603 117 654 δὲ
142 603 274 665 ὅλως
310 604 368 669 ἐξ
407 603 653 672 ἀγγέλων
694 605 727 674 ἡ
772 603 940 675 ψυχὴ,
1002 604 1096 658 καὶ
1126 603 1332 657 ἄνωθεν
1376 603 1640 673 λαμϐάνει

71 694 284 763 δύναμιν
316 696 658 766 παραχθεῖσα
680 713 694 727 ο
718 695 828 767 ἄρα
865 713 928 764 γε
951 697 999 750 οἱ
1023 696 1246 765 ἄγγελοι
1278 695 1439 749 πλέον
1469 679 1646 765 σωτηέ

72 787 182 857 pia;
210 784 512 852 τεύξονται,
561 787 645 840 ὅτι
689 789 722 857 ἡ
757 786 852 841 ἀπ’
887 787 1066 840 αὐτῶν
1089 786 1236 856 ψυχὴ
1267 785 1519 850 σώζεται,
1545 787 1641 841 καὶ

71 872 273 940 φαύλων
304 870 459 928 οὖσα.
498 874 818 946 Σωζομένης
853 876 909 929 δὲ
949 876 1143 945 αὐτῆς,
1192 876 1376 929 οὐκέτι
1436 876 1639 945 φαῦλος

68 963 179 1017 οὔτε
241 966 382 1038 αὐτὴ
415 969 449 1037 ἡ
475 965 621 1038 ψυχὴ
669 969 702 1038 ἡ
752 967 1017 1038 γενομένη
1064 968 1170 1021 ὑπὸ
1218 967 1324 1021 τῶν
1365 969 1634 1038 ἀγγέλων,

1748 423 1932 477 oribus
1967 424 2241 494 superatis
2295 425 2362 479 ad
2407 440 2721 495 supremum
2773 427 3016 481 omnium
3049 435 3324 482 auctorem

1747 517 1984 580 evolare,
2037 530 2103 570 ac
2131 516 2442 571 libertatem
2491 517 2794 586 consequi;
2831 518 2932 572 hoc
2966 531 3050 573 est
3083 519 3325 582 animas,
3384 523 3392 539 '

1747 623 1870 678 qua:
1895 608 1946 661 in
1988 608 2091 662 hac
2127 623 2310 662 rerum
2362 607 2710 662 conditarum
2747 609 3105 664 universitate
3151 610 3329 662 conti-

1743 708 1963 754 nentur.
1994 699 2360 766 Quamobrem
2407 715 2699 769 supremus
2747 701 2858 760 ille,
2889 701 2982 771 qui
3009 716 3103 756 eas
3138 715 3329 755 creare

1742 789 2072 857 nequiverit,
2123 788 2519 844 imbecillitatis
2559 800 2840 860 arguetur.
2869 790 3020 858 Quos
3063 791 3178 862 ipse
3197 805 3330 845 vero

1742 879 2083 948 produrerit,
2113 881 2382 949 ejusmodi
2407 897 2530 937 esse
2550 883 2906 950 videbuntur,
2927 885 3021 954 qui
3053 899 3115 939 ea
3149 883 3329 939 facere

1740 969 1978 1038 possint,
2005 986 2127 1040 quae
2153 973 2236 1026 vel
2266 972 2356 1027 ille
2386 973 2641 1039 noluerit,
2669 975 2754 1028 vel
2787 985 2845 1029 ut
2877 976 3114 1029 maxime
3143 975 3325 1040 vellet,

69 1055 178 1108 οὔτε
211 1056 261 1110 οἱ
296 1057 538 1126 ἄγγελοι,
563 1059 622 1124 ἐξ
649 1052 722 1112 ὧν
754 1057 893 1130 αὑτὴ
924 1061 956 1131 ὴ
986 1057 1134 1130 ψυχὴ
1166 1060 1418 1131 ὑπάρχει,

1808 1075 1923 1116 uere
1982 1061 2133 1116 nullo
2183 1062 2343 1118 modo
2374 1065 2632 1134 potuerit.
2686 1063 2873 1134 Neque
2915 1065 3059 1120 enim
3093 1079 3327 1134 quorum

70 1148 148 1202 ille
193 1148 470 1205 desiderio
523 1159 760 1217 tenetur,
790 1167 853 1208 ea
893 1151 998 1223 ipsi
1033 1153 1176 1206 mala
1214 1168 1340 1208 esse
1374 1158 1626 1224 possunt,
1667 1154 1752 1207 vel
1785 1169 1817 1209 a
1851 1154 2009 1209 malis
2038 1154 2326 1224 producta,
2354 1171 2480 1210 nam
2505 1157 2551 1212 si
2580 1158 2722 1211 mala
2764 1165 2923 1220 sunt,
2971 1158 3148 1228 perire
3204 1156 3329 1210 fun-

70 1245 200 1298 ditus
231 1247 501 1315 Oportuit.
527 1246 624 1301 Sin
649 1263 774 1318 pars
800 1256 886 1303 est
907 1247 1089 1318 operis
1119 1249 1302 1318 aliqua
1338 1248 1628 1314 servanda,
1670 1249 1873 1303 malum
1906 1249 2082 1319 ipsum
2121 1265 2246 1306 esse
2272 1265 2382 1305 non
2413 1258 2614 1320 potest,
2653 1253 2699 1306 si
2755 1253 2839 1306 vel
2871 1251 2992 1320 ejus
3033 1251 3142 1304 ulla
3201 1265 3328 1319 pars

69 1336 204 1388 salva
233 1337 508 1406 reperitur
540 1357 554 1392 :
585 1353 761 1408 neque
789 1339 1006 1408 ipsiinet
1035 1341 1276 1395 artiﬁces
1310 1339 1437 1394 mali
1467 1348 1614 1403 sunt,
1656 1341 1749 1410 qui
1772 1357 1894 1395 eum
1917 1342 2010 1411 qui
2043 1343 2348 1398 servandus
2380 1351 2464 1398 est
2498 1342 2701 1398 fuerint
2741 1335 3012 1398 fabricati.
3041 1340 3160 1396 Iam
3189 1342 3236 1395 si
3260 1342 3328 1394 ab

70 1427 263 1497 angelis
291 1430 515 1484 omnino
569 1439 865 1500 propagata
922 1433 992 1485 sit
1033 1432 1237 1496 anima,
1278 1442 1441 1502 atque
1485 1432 1539 1485 in
1567 1433 1741 1485 lucem
1782 1432 2045 1501 producta
2093 1434 2199 1487 vim
2230 1435 2522 1504 quamdam
2555 1435 2776 1490 coalitus
2810 1435 3100 1504 acceperit,
3157 1433 3328 1486 multo

67 1520 223 1590 igitur
275 1524 453 1593 magis
501 1524 733 1579 salutem
790 1523 1117 1578 obtinebunt
1170 1525 1371 1597 angeli,
1398 1540 1521 1578 cum
1569 1526 1638 1578 ab
1677 1525 1810 1593 ipsis
1843 1527 2028 1580 anima
2087 1528 2253 1581 ctiam
2293 1529 2452 1583 malis
2519 1541 2808 1598 procreata
2859 1537 3134 1584 servetur.
3167 1526 3330 1580 Deni-

67 1629 164 1685 que
189 1613 234 1668 si
258 1616 412 1671 salva
441 1629 563 1670 esse
585 1615 758 1685 possit
779 1615 984 1679 anima,
1012 1630 1192 1686 neque
1221 1619 1339 1686 ipsa
1359 1616 1502 1670 mala
1547 1617 1653 1669 erit
1689 1616 1760 1670 ab
1817 1617 2026 1686 angelis
2059 1618 2324 1686 producta
2353 1635 2368 1684 ;
2409 1634 2587 1688 neque
2632 1620 2832 1690 angeli,
2891 1635 2923 1673 a
2970 1619 3170 1689 quibus
3214 1618 3328 1674 lucc

66 1722 232 1768 ortum
271 1710 550 1765 habuerit.

128 1809 206 1860 H’.
244 1807 426 1859 Παντὶ
455 1806 511 1858 δὲ
535 1805 614 1875 τῷ
643 1804 734 1859 τὸν
765 1805 890 1860 νοῦν
919 1806 1232 1878 ἐρρωμένον
1261 1807 1439 1878 ἔχοντι
1465 1805 1638 1861 ἰστέον

1820 1795 1957 1852 VIII.
1991 1796 2069 1852 Ac
2133 1799 2449 1870 quicunque
2497 1799 2656 1856 firmo
2688 1809 2743 1856 et
2787 1803 3061 1858 constanti
3111 1803 3330 1874 ingenio

69 1902 125 1954 ἃν
155 1899 260 1969 εἴη,
288 1900 374 1952 ὃτι
409 1899 594 1962 ἀνοίας
626 1899 743 1952 ἐστὶ
783 1899 845 1952 τὸ
878 1902 986 1954 πᾶν
1019 1900 1174 1954 τοῦτο
1204 1900 1514 1970 ἀγυρτῷδες
1546 1901 1636 1970 έρ-

66 1993 372 2061 γαστήριον.
420 1991 992 2063 Καταισχυνθήσονται
1035 1992 1093 2045 δὲ
1149 1988 1302 2055 αὖθις
1349 1987 1492 2046 οὗτοι
1544 1992 1639 2045 καὶ

65 2083 160 2135 ἀπὸ
205 2081 321 2134 τῶν
368 2080 543 2135 αὐτῶν
591 2080 786 2151 λόγων.
841 2083 905 2137 EI
956 2084 1063 2156 γὰρ
1105 2083 1312 2154 Ἰησοῦς
1366 2085 1466 2136 οὐκ
1531 2083 1640 2136 ἀπὸ

63 2174 326 2246 παρθένου
374 2174 614 2245 Μαρίας,
662 2175 797 2229 ἀλλὰ
841 2176 908 2228 ὲκ
959 2175 1270 2246 σπέρματος
1307 2174 1505 2245 Ἰωσὴφ
1544 2175 1638 2228 καὶ

60 2268 148 2338 τῆς
176 2267 351 2338 αὐτῆς
389 2266 626 2339 Μαρίας,
662 2266 894 2332 σώζεται
930 2266 986 2319 δὲ
1024 2259 1209 2330 οὗτοςο
1256 2267 1363 2338 ἄρα
1409 2268 1504 2320 καὶ
1537 2267 1640 2319 αὺ-

59 2361 134 2412 τοὶ
178 2359 520 2430 σωθήσονται
563 2361 612 2412 oi
659 2357 844 2412 τοῦτον
890 2359 1301 2429 γεγεννηκότες.
1349 2360 1460 2412 Καὶ¹
1509 2358 1557 2411 εί
1603 2361 1636 2429 ή

59 2449 238 2520 Μαρία
264 2451 362 2503 καὶ
407 2451 606 2521 Ἰωσὴφ
640 2451 748 2505 ἀπὸ
778 2449 872 2504 τοῦ
905 2452 1248 2522 Δημιουργοῦ
1281 2451 1634 2524 ὑπάρχουσιν,

60 2543 158 2613 ἄρα
193 2543 286 2595 τὸν
323 2543 669 2614 Δημιουργὺν
698 2543 924 2616 κτίστην
962 2544 1189 2613 ἔφασαν,
1229 2543 1323 2597 καὶ
1364 2541 1547 2608 οὐκέτι
1580 2544 1636 2594 ἐν

61 2635 392 2704 ὑστερήματι
454 2633 607 2689 ἔσται
657 2637 686 2689 ὁ
739 2635 832 2688 τὸν
876 2636 1073 2707 Ἰωσὴφ
1123 2635 1216 2688 καὶ
1263 2634 1362 2702 τὴν
1417 2635 1637 2706 Μαρίαν

60 2725 279 2794 ποιήσας
315 2724 375 2790 ἐξ
412 2718 487 2778 ὧν
529 2727 558 2778 ὁ
608 2724 813 2795 Ἰησοῦς
860 2725 1012 2796 παρὰ
1054 2725 1148 2778 τοῦ
1191 2725 1304 2779 ἄνω
1355 2725 1635 2794 ἀγνώστου

62 2817 260 2886 [ἰατρὸς
295 2817 556 2888 ὑπάρχει.
588 2817 650 2869 Εἰ
683 2816 741 2869 δὲ
769 2817 866 2871 καὶ
906 2816 1070 2880 αὐτὸς
1102 2818 1130 2868 ὁ
1166 2814 1374 2886 Ἰησοῦς
1397 2817 1504 2870 ἀπὸ
1529 2817 1637 2869 τῶν

60 2907 295 2976 ἀγγέλων
327 2907 469 2971 ἐστὶ,
496 2907 590 2960 καὶ⁵
619 2908 648 2960 ὁ
683 2907 1012 2978 δημιουργὸς
1056 2901 1136 2971 εἷς
1175 2908 1289 2960 ἐστι
1337 2907 1446 2960 τῶν
1473 2907 1638 2976 ἀγγέ-

60 3011 180 3053 λων·
215 3002 326 3073 ἄρα
353 3017 421 3071 γε
452 3001 765 3071 ἀτοπήματι
802 2999 879 3071 τῷ
919 2999 1000 3053 ἐνὶ
1033 3001 1232 3064 πάντες
1276 2993 1635 3070 περιπεσοῦν-

58 3107 154 3156 ται,
183 3092 361 3163 ὁποίῳ
389 3092 485 3146 καὶ
515 3093 565 3144 οί
595 3091 815 3160 ἄγγελοι
844 3091 1298 3162 περιπεπτώκασι
1324 3110 1337 3124 ο
1369 3094 1463 3144 καὶ
1505 3090 1638 3145 ἀσύ-

1741 1891 2007 1963 ρτωιιίιιιε
2063 1899 2168 1958 est,
2229 1893 2530 1963 intelligere
2582 1894 2730 1948 istud
2767 1894 2949 1959 debet,
3010 1896 3148 1949 nihil
3208 1913 3332 1953 esse

1741 1991 1852 2038 tota
1889 1983 1994 2036 hac
2037 1982 2429 2038 circulatorum
2465 1984 2680 2039 oflicina
2728 1986 2978 2042 stultius.
3024 1988 3172 2053 Quos
3203 1989 3331 2058 qui-

1740 2074 1866 2128 dem
1901 2072 2020 2127 suis
2075 2073 2321 2144 ipsorum
2372 2077 2554 2132 verbis
2600 2077 2964 2146 ignominiose
3006 2081 3333 2137 convincere

1744 2165 1851 2220 hoc
1884 2166 2046 2220 modo
2071 2181 2387 2235 possumus.
2423 2166 2634 2221 Etenim
2667 2167 2712 2222 si
2742 2166 2904 2224 Iesus
2935 2168 3190 2225 Christus
3219 2187 3332 2227 non

1739 2257 1806 2314 de
1854 2257 2064 2328 virgine
2119 2257 2290 2312 Maria
2341 2267 2526 2322 natus,
2564 2259 2661 2313 sed
2704 2259 2772 2315 de
2821 2259 3049 2331 Iosephi
3094 2264 3328 2327 semine,

1740 2349 2044 2419 eademque
2078 2347 2249 2404 Maria
2291 2359 2625 2421 propagatus
2649 2359 2756 2416 est,
2790 2362 2845 2406 et
2879 2352 2926 2407 is
2957 2354 3187 2408 salutem
3213 2355 3332 2408 adi-

1739 2441 1991 2512 piscitur,
2031 2443 2197 2497 etiam
2252 2442 2376 2498 illos
2401 2444 2692 2512 quiipsum
2734 2445 3025 2511 genuerint
3054 2460 3177 2500 esse
3221 2445 3332 2499 sal-

1741 2550 1836 2590 vos
1865 2541 2106 2604 oportet.
2137 2533 2240 2600 Qui
2266 2535 2312 2590 si
2355 2549 2386 2588 a
2425 2530 2641 2590 summ'o
2670 2535 2767 2590 illo
2797 2536 2994 2605 opiflce
3025 2537 3154 2592 facti
3177 2545 3327 2603 sunt,

1739 2642 1871 2682 sane
1903 2628 2050 2682 hunc
2097 2642 2219 2682 esse
2255 2626 2570 2681 Creatorem
2606 2628 2748 2682 inter
2773 2628 2897 2684 illos
2927 2630 3206 2689 convenit.
3231 2646 3330 2685 ne-

1737 2733 1844 2787 que
1884 2718 1978 2787 qui
2029 2715 2326 2786 Iosephum
2391 2716 2728 2789 Mariamque
2807 2720 3051 2775 condidit
3092 2722 3328 2778 defectui

1739 2807 1976 2877 amplius
2015 2807 2347 2874 ascribetur,
2391 2809 2551 2878 110
2571 2811 2815 2880 aquibus
2843 2810 3004 2867 Iesus
3033 2821 3189 2868 ortus
3219 2824 3326 2875 est,

1738 2901 1832 2970 qui
1869 2901 1937 2954 ab
1963 2903 2149 2972 ignoto
2211 2901 2308 2955 illo
2340 2901 2574 2956 Parente
2607 2904 2886 2972 profectus
2913 2905 3134 2962 est.Sin
3167 2905 3327 2962 Iesus

1739 2991 1904 3046 etiam
1933 2992 2003 3046 ab
2036 2992 2248 3062 angelis
2275 3001 2497 3048 creatus
2525 3004 2631 3056 est,
2660 3002 2716 3049 et
2730 3004 2814 3051 est
2842 2997 3155 3066 angelorum
3183 3014 3328 3053 unus

1739 3083 1921 3156 opifex
1949 3085 2085 3154 ipse,
2119 3085 2173 3138 in
2192 3100 2362 3138 unum
2394 3094 2448 3139 et
2481 3085 2622 3142 idem
2655 3089 2955 3144 absurdum
2989 3090 3160 3145 relabi
3203 3091 3330 3144 uni~

57 3201 236 3238 στατον
281 3161 372 3255 είη
409 3183 478 3236 ἂν
519 3184 580 3236 τὸ
609 3185 738 3253 παρ’
777 3161 955 3236 αὐτῶν
996 3182 1486 3254 δραματούργημα,
1543 3182 1638 3253 δη-

1808 3191 1930 3230 rsos
1953 3191 2178 3231 necesse
2204 3185 2323 3240 est;
2359 3177 2410 3231 in
2439 3179 2586 3249 quod
2612 3189 2664 3234 et
2688 3182 2865 3251 angeli
2896 3183 3114 3252 ipsimet
3139 3185 3328 3238 incur-

56 3277 302 3349 λητηρίου
351 3277 628 3348 ἔμπλεων,
681 3278 775 3330 καὶ
822 3278 1003 3348 πάσης
1050 3277 1238 3341 ίώδους
1291 3277 1638 3341 διδασκαλίας

57 3367 497 3438 μεμεστωμένον.
547 3367 764 3439 Ταύτην
812 3367 868 3420 δὲ
907 3363 1062 3431 αὖθις
1095 3367 1270 3420 ὀπίσω
1321 3367 1636 3438 τρέψαντες,

52 3460 227 3532 ὣσπερ
281 3460 584 3532 δράκοντος
631 3459 870 3530 κεφαλὴν
915 3459 1059 3530 ξύλῳ
1113 3461 1222 3530 τῆς
1268 3459 1504 3523 πίστεως
1545 3460 1642 3512 καὶ

53 3557 142 3623 τῆς
162 3555 432 3627 ἀληθείας
458 3556 553 3608 ἐπὶ
578 3554 680 3625 γῆς
705 3554 1065 3624 λακήσαντες,
1095 3556 1216 3617 ταῖς
1245 3553 1429 3616 ἄλλαις
1462 3552 1642 3630 θηριο-

57 3647 273 3719 μὸρφοις
321 3647 845 3720 προσπελάσαντες,
903 3647 991 3699 ἔπ’
1032 3646 1241 3718 ὀλέθρῳ
1290 3645 1492 3698 τούτων
1546 3645 1641 3698 καὶ

54 3740 148 3794 τῶν
179 3741 448 3795 τοιούτων
481 3740 830 3812 βαδιούμεθα.

476 3947 665 4000 ΚΑΤΑ
704 3943 1210 4016 ΚΗΡΙΝΘῘΑΝΩΝ,

551 4061 712 4114 Ἤτοι
739 4060 1149 4131 Μηρινθιανῶν,

369 4173 601 4244 mea”,
638 4174 678 4242 ἡ
709 4173 810 4229 καί
840 4172 1088 4241 εἰκοστὴ
1115 4171 1319 4243 ὀγδόη.

110 4291 182 4343 Α’.
215 4286 494 4359 Κήρινθος
525 4285 579 4339 δὲ
610 4281 786 4352 αὖθις,
812 4287 920 4355 ξάφ⁹
973 4278 1144 4356 οὗπερ
1192 4287 1240 4340 oi
1283 4284 1638 4355 Κηρινθιανοὶ

49 4377 340 4450 λεγόμενοι,
385 4379 498 4431 ἀπὸ
545 4377 749 4448 ταύτης
792 4377 894 4448 τῆς
935 4375 1234 4447 θηριώδους
1294 4377 1502 4447 σπορᾶς
1544 4376 1636 4428 τὸν

53 4472 216 4542 ῐὸντῷ
255 4472 458 4542 κόσμῳ
500 4469 682 4539 φέρων
729 4469 873 4539 ἧκει.
920 4467 1112 4539 Σχεδὸν
1149 4468 1206 4521 δὲ
1248 4467 1400 4521 οὐδὲν
1449 4467 1634 4536 ἕτερον

1742 3273 1954 3320 rerunt.
2008 3263 2196 3336 Neque
2228 3266 2444 3321 illorum
2486 3267 2670 3322 fabula
2697 3271 2993 3334 constabit,
3033 3272 3207 3328 letalis
3229 3288 3329 3327 cu-

1737 3357 1958 3427 jusdam
1998 3358 2218 3424 veneni,
2246 3371 2310 3412 ac
2343 3358 2617 3428 pestiferae
2651 3360 2919 3415 doctrina:
2961 3361 3184 3418 referta.
3217 3361 3327 3417 Sed

1708 3455 1864 3519 'nos,
1895 3454 2176 3526 proﬂigata
2226 3456 2330 3511 hac
2363 3456 2575 3523 haeresi,
2605 3466 2660 3512 et
2697 3458 2752 3512 in
2808 3457 2987 3529 fugam
3039 3474 3326 3520 conversa.

1740 3548 1966 3618 perinde
2004 3563 2068 3602 ac
2098 3549 2372 3619 serpentis
2402 3550 2580 3619 capite
2605 3550 2725 3605 ﬁdei
2755 3567 2818 3605 ac
2849 3553 3096 3607 veritatis
3128 3553 3328 3607 baculo

1741 3640 1893 3694 humi
1929 3640 2096 3705 illiso,
2127 3641 2197 3696 ad
2227 3641 2365 3696 alias
2383 3648 2754 3697 monstrorum
2795 3643 3097 3698 horrendas
3125 3644 3327 3715 efﬁgies

1742 3738 1996 3800 promoto
2021 3732 2215 3801 gradu,
2258 3731 2507 3788 funditus
2542 3749 2639 3789 eas
2675 3734 2856 3790 delere
2889 3743 3055 3806 atque
3079 3745 3328 3793 evertere

1741 3821 2084 3878 conabimur.

2051 3935 2424 3994 ADVERSUS
2481 3936 3017 4003 CERINTIIIANOS,

2143 4035 2148 4040 ’
2235 4050 2360 4108 Sive
2411 4051 2830 4119 Merinthianos,

1953 4167 2086 4234 Qua:
2126 4176 2206 4222 est
2246 4168 2462 4223 haeresis
2507 4167 2674 4233 VIII,
2705 4168 2784 4224 vel
2819 4166 3110 4225 XXVIII.

1808 4279 1850 4334 I.
1880 4277 2139 4348 Sequitur
2167 4279 2498 4336 Corinthus:
2522 4295 2552 4334 a
2585 4297 2694 4351 quo
2721 4281 3056 4336 Cerinthiani
3082 4281 3322 4339 lucretici

1709 4371 2112 4437 'nominantur,
2141 4373 2234 4442 qui
2292 4373 2485 4427 eodem
2527 4388 2594 4426 ex
2647 4372 2822 4428 ferino
2852 4383 2973 4434 satu
3001 4385 3321 4444 procreatus

1737 4463 1890 4518 virus
1928 4480 2089 4518 suum
2131 4464 2187 4517 in
2227 4464 2414 4519 orbem
2462 4473 2730 4520 terrarum
2771 4465 3036 4535 profudit.
3068 4468 3246 4538 Atque
3277 4470 3322 4524 is

50 4565 184 4636 παρὰ
210 4566 304 4618 τὸν
349 4559 759 4635 προειρημένον
793 4563 1154 4634 Καρποκρᾶν,
1194 4561 1329 4615 ἀλλὰ
1373 4561 1444 4615 τὰ
1493 4563 1632 4616 αὐτὰ

1808 4555 1872 4616 hil
1903 4557 2292 4626 propemodum
2323 4557 2493 4621 aliud,
2521 4573 2683 4627 quam
2710 4559 2870 4612 nobis
2891 4574 3057 4628 supra
3085 4567 3324 4616 conmie-

44 4655 112 4723 τῷ
151 4657 344 4726 κόσμῳ
396 4652 670 4708 κακοποιὰ
717 4653 983 4724 φάρμακα
1017 4654 1388 4710 ἐκϐλυστὰνει.
1429 4655 1509 4709 Τὰ
1543 4653 1632 4708 ῐσα

1808 4657 1984 4705 iratus
2013 4650 2104 4704 ille
2124 4647 2431 4721 Carpocras
2461 4653 2722 4718 asseruit,
2753 4653 3054 4724 eademque
3090 4670 3216 4709 cum
3253 4671 3321 4711 eo

48 4747 143 4818 γὰρ
169 4747 248 4819 τῷ
281 4745 680 4818 προειρημένῳ
709 4749 788 4811 είς
822 4747 913 4800 τὸν
939 4747 1262 4818 Χριστιανὸν
1295 4750 1634 4820 συκοφαντή-

1808 4743 1921 4798 alia
1977 4743 2033 4797 in
2068 4743 2332 4798 mundum
2387 4743 2595 4800 venena
2643 4747 2983 4816 propagavit.
3039 4746 3320 4818 Siquidem

48 4854 150 4903 σας,
185 4839 477 4910 ἐξηγεῖται
506 4838 601 4891 καὶ
627 4832 782 4902 οὗτος
819 4840 886 4891 ὲκ
917 4839 1135 4910 Μαρίας
1163 4840 1259 4893 καὶ
1291 4840 1355 4894 ἐκ
1389 4838 1637 4913 σπέρμα-

46 4947 124 4993 τος
155 4933 358 5002 Ἰωσὴφ
381 4916 479 4982 τὸν
503 4931 739 5002 Χριστὸν
765 4932 1142 5003 γεγεννῆσθαι,
1179 4933 1273 4986 καὶ
1305 4933 1395 4986 τὸν
1431 4932 1635 5003 κόσμον

46 5026 227 5093 ὁμοίως
289 5024 402 5078 ὑπὸ
437 5022 684 5092 ἀγγέλων
717 5023 1067 5094 γεγενῆσθαι.
1115 5025 1282 5078 Οὐδὲν
1325 5025 1436 5098 γὰρ
1482 5017 1637 5088 οὗτος

47 5117 180 5184 παρὰ
214 5118 310 5169 τὸν
342 5115 570 5185 πρῶτον
602 5115 850 5187 διήλλαξε
897 5119 962 5188 τῇ
1020 5118 1299 5188 είσαγωγῇ
1343 5118 1441 5187 τῆς
1469 5115 1634 5169 αὐτοῦ

46 5207 382 5270 διδασκαλίας
411 5207 530 5261 ἀλλ’
561 5207 595 5278 ἦ
626 5208 683 5260 ὲν
714 5207 889 5279 τούτῳ
923 5209 1104 5278 μόνον,
1139 5210 1195 5261 ὲν
1234 5208 1312 5279 τῷ
1343 5209 1628 5279 προσέχειν

44 5301 110 5369 τῷ
140 5301 472 5372 Ἰουδαῖσμῷ
499 5300 606 5353 ἀπὸ
633 5301 851 5373 μέρους.
879 5302 1082 5355 Φάσκει
1115 5301 1171 5356 δὲ
1213 5295 1366 5365 οὗτος
1397 5302 1491 5355 τὸν
1539 5302 1628 5355 νό-

50 5411 133 5462 μον
166 5395 261 5447 καὶ
288 5393 430 5455 τοὺς
468 5394 752 5463 προφήτας
799 5393 906 5446 ὑπὸ
951 5392 1197 5461 ἀγγέλων
1240 5393 1506 5457 δεδόσθαι,
1535 5395 1632 5447 καὶ

46 5487 121 5537 τὸν
155 5487 438 5539 δεδωκότα
483 5485 644 5553 νόμον
683 5485 778 5537 ἕνα
815 5480 954 5538 εἶναι
983 5484 1091 5537 τῶν
1117 5483 1362 5554 ἀγγέλων
1394 5485 1502 5538 τῶν
1542 5484 1632 5540 τὸν

47 5578 230 5647 κόσμον
271 5576 688 5645 πεποιηκότων.
733 5575 978 5645 Ἐγένετο
1015 5575 1072 5629 δὲ
1101 5568 1255 5640 οὗτος
1293 5578 1322 5630 ὁ
1365 5577 1634 5649 Κήρινθος

50 5671 94 5724 ἐν
118 5675 176 5746 τῇ
214 5672 373 5742 Ἀσία
417 5669 736 5744 διατρίϐων,
765 5671 987 5725 κάκεῖσε
1022 5669 1114 5724 τοῦ
1154 5669 1505 5745 κηρύγματος
1536 5671 1633 5724 si“)

1735 4835 1849 4904 pari
1911 4835 1966 4888 in
2003 4835 2290 4891 Christum
2333 4835 2610 4891 calumnia
2655 4845 2864 4901 censet,
2900 4839 3046 4892 hunc
3090 4858 3120 4894 e
3154 4840 3319 4896 Maria

1735 4924 2073 4998 Josepliique
2105 4927 2316 4983 semine
2373 4943 2496 4984 esse
2539 4939 2906 5000 prognatum:
2944 4933 3322 5000 mundumque

1737 5020 1990 5076 similiter
2027 5021 2097 5075 ab
2144 5021 2353 5092 angelis
2386 5019 2731 5075 fabricatum.
2766 5019 2952 5090 Neque
2986 5023 3095 5076 ulla
3136 5023 3239 5075 alia
3262 5038 3322 5077 re

1735 5111 2140 5182 discrepantem
2189 5113 2260 5167 ab
2291 5113 2386 5166 illo
2423 5113 2730 5167 doctrinam
2775 5113 3002 5180 invexit,
3038 5115 3142 5168 nisi
3171 5114 3317 5184 quod

1735 5204 1995 5261 Iudaicos
2054 5205 2218 5260 etiam
2266 5205 2408 5260 ritus
2448 5204 2702 5260 adscivit.
2756 5205 2825 5258 At
2874 5206 3014 5261 idem
3048 5205 3216 5274 legem
3255 5219 3320 5258 ac

1737 5301 2031 5372 prophetas
2061 5300 2131 5354 ab
2153 5300 2363 5370 angelis
2391 5297 2672 5369 profectos
2706 5307 2924 5367 asserit,
2956 5315 3190 5369 eumque
3223 5300 3319 5371 qui

1739 5393 1910 5464 legem
1966 5391 2153 5446 tulerit
2200 5397 2264 5446 ex
2305 5405 2494 5446 eorum
2532 5392 2848 5461 angelorum
2889 5406 3011 5446 esse
3037 5403 3318 5446 numeroa

1739 5484 1940 5555 quibus
1965 5483 2118 5538 orbis
2164 5489 2250 5557 est
2296 5482 2574 5538 conditus.
2613 5481 2786 5539 Porro
2807 5483 3104 5538 Cerinthus
3122 5483 3225 5539 iste
3258 5485 3316 5540 in

1740 5579 1868 5635 Asia
1891 5588 2140 5635 versatus
2168 5578 2472 5633 doctrinam
2501 5593 2655 5636 suam
2674 5577 2918 5649 proferre
2939 5578 3100 5635 isthic
3125 5579 3312 5649 cmpit.

1742 5672 1866 5746 Qui,
1925 5681 1985 5729 ut
2049 5681 2172 5728 ante
2231 5672 2490 5738 diximus,
2539 5672 2760 5728 minime
2807 5687 2835 5726 a
2868 5671 3042 5744 prima
3086 5672 3177 5726 illa
3215 5687 3312 5727 su-
