3814 6330
413 329 520 385 379
545 309 552 314 ’

1823 331 1878 390 s.
1914 323 2287 391 manauit

3621 337 3755 395 380

418 461 714 516 premaque
736 444 939 501 virtute
968 437 1292 502 fabricatum
1320 463 1441 504 esse
1465 444 1728 504 mundum
1756 429 1990 506 censuit.

2138 453 2268 524 ρχὴν
2314 453 2700 524 πεποιημένος.
2739 454 2879 523 Ἤδη
2923 454 2980 508 δὲ
3025 454 3152 527 περὶ
3195 454 3385 508 τούτου
3433 455 3745 525 εἴπομεν,

420 539 557 592 Tum
604 541 675 592 ita
704 539 891 593 docuit
923 557 934 593 :
966 553 1255 610 postquam
1300 541 1390 596 ille
1425 539 1584 596 Jesus
1613 541 1866 607 adolevit,
1905 543 1996 613 qui

419 646 487 684 ex
542 627 762 698 Iosephi
804 629 1096 700 Marimque
1151 633 1356 687 semine
1402 639 1565 689 natus
1600 642 1705 698 est,
1761 635 1815 688 in
1855 634 1999 689 hunc

422 723 705 789 delapsum
733 739 760 775 a
793 739 1008 778 summo
1039 725 1131 779 illo
1167 723 1276 780 Deo
1298 740 1420 780 esse
1446 726 1746 787 Christum,
1784 726 1885 781 hoc
1917 735 2001 781 est

427 810 691 881 Spiritum
729 821 1003 878 sanctum,
1057 815 1322 867 columba:
1375 815 1554 884 specie
1589 816 1653 868 ad
1686 813 1997 877 Jordanem,

425 920 490 957 ac
522 913 633 958 tum
673 905 720 959 ei
787 905 1119 974 incognitum
1156 904 1465 968 Parentem,
1499 914 1550 959 ct
1584 922 1678 976 per
1717 906 1868 960 illum
1904 922 2002 977 po-

427 994 586 1047 steris
621 992 962 1062 patefecisse.
1000 992 1081 1046 0b
1139 993 1301 1061 idque
1346 1009 1468 1046 mox
1495 1002 1552 1047 ut
1598 996 1651 1048 in
1684 995 1860 1065 ipsum
1888 1009 2002 1049 c03-

426 1084 578 1138 icstis
613 1084 700 1135 illa
733 1099 854 1136 sese
887 1083 1058 1136 virtus
1107 1081 1337 1146 infudit,
1369 1091 1617 1151 portenta
1646 1098 1709 1136 ac
1739 1084 2003 1136 miracula

428 1184 696 1245 patrasse,
733 1175 884 1242 ιιι
916 1188 979 1226 ac
1031 1173 1245 1227 demum
1282 1183 1631 1243 posteaquam
1669 1190 1865 1244 passus
1895 1181 2001 1238 est,

429 1265 574 1334 quod
636 1280 666 1318 e
697 1269 837 1318 cmlo
885 1271 1126 1327 venerat,
1180 1264 1369 1319 eodem
1412 1265 1605 1318 relicto
1637 1263 2004 1319 Jesumrevo-

430 1357 595 1410 iasse.
637 1353 821 1408 Jesum
862 1369 1026 1423 porro
1056 1363 1109 1408 et
1143 1355 1346 1408 obiisse
1375 1363 1625 1416 mortem,
1662 1362 1714 1409 et
1744 1355 1807 1409 ad
1839 1357 2003 1409 vitam

430 1448 723 1502 excitatum
779 1461 933 1508 esse;
982 1445 1260 1499 Christum
1313 1461 1444 1500 vero
1503 1447 1596 1515 qui
1650 1447 2006 1501 descenderat

431 1553 605 1607 paena:
637 1537 810 1603 omnis
839 1551 1115 1606 expertem
1162 1553 1226 1592 eo
1273 1537 1417 1592 unde
1453 1547 1674 1592 venerat
1709 1554 2003 1603 reversum,

430 1629 523 1696 qui
580 1629 722 1684 idem
761 1630 850 1684 ilic
909 1638 1014 1694 est,
1060 1630 1151 1698 qui
1199 1630 1467 1684 columbae
1522 1631 1703 1699 specie
1753 1631 2008 1700 delapsus

432 1705 612 1774 fuerat
641 1737 654 1773 :
693 1719 766 1773 ita
787 1716 974 1773 Jesum
1013 1720 1240 1775 minime
1266 1734 1388 1774 esse
1412 1719 1708 1775 Christum.

2098 544 2174 606 ὡς
2219 543 2311 596 καὶ
2362 536 2516 607 οὗτος
2565 545 2860 614 ἐκήρυττεν
2897 546 2996 599 οὐκ
3039 546 3146 600 ἀπὸ
3192 547 3293 616 τῆς
3336 545 3592 616 πρώτης
3631 547 3747 599 καὶ

2099 635 2303 688 ἀνωθεν
2334 634 2615 705 δυνάμεως
2643 636 2733 689 τὸν
2756 637 2958 707 κόσμον
2985 637 3360 706 γεγεννῆσθαι,
3396 636 3645 690 ἄνωθεν
3679 637 3744 689 δὲ

2101 727 2164 779 ἐκ
2204 724 2296 777 τοῦ
2341 725 2451 778 ἄνω
2487 724 2644 788 Θεοῦ,
2684 726 2822 796 μετά
2861 727 2922 779 τὸ
2970 726 3298 798 ἀδρυνθῆναι
3342 727 3438 779 τὸν
3486 727 3744 797 Ἰησοῖν

2099 816 2191 868 τὸν
2238 817 2302 867 ἐκ
2355 815 2666 886 σπέρματος
2719 817 2915 886 Ἰωσὴφ
2953 817 3044 870 καὶ
3092 816 3307 887 Μαρίας
3350 817 3741 886 γεγεννημῶ

2101 921 2208 966 νον,
2240 903 2660 974 κατεληλυθέναι
2703 905 2792 958 τὸν
2836 904 3067 976 Χριστὸν
3101 907 3180 969 εἰς
3219 905 3402 971 αὐτὸν,
3441 907 3733 959 τουτέστι

2102 994 2161 1047 τὸ
2193 994 2413 1065 Πνεῦμα
2455 995 2514 1048 τὸ
2549 996 2702 1063 ἅγιον
2742 996 2798 1049 ἐν
2837 997 2966 1049 εῖδει
3003 999 3330 1069 περιστερᾶς
3353 999 3413 1050 ὲν
3439 998 3531 1068 τῷ
3572 1000 3733 1067 Ἰορ-

2103 1085 2257 1155 δάνῃ,
2283 1085 2377 1138 καὶ
2401 1084 2748 1154 ἀποκαλύψαι
2786 1084 2955 1155 αὐτῷ,
2987 1086 3082 1138 καὶ
3124 1086 3191 1138 δι’
3219 1085 3384 1138 αὑτοῦ
3423 1089 3552 1149 τοῖς
3586 1088 3732 1156 μετ’

2105 1176 2267 1231 αὑτοῦ
2299 1177 2388 1230 τὸν
2419 1177 2692 1244 ἄγνωστον
2727 1177 2962 1246 Πατέρα.
2997 1177 3106 1229 Καὶ
3146 1176 3234 1229 διὰ
3279 1177 3458 1240 τοῦτο,
3507 1177 3731 1246 ἐπειδὴ

2103 1265 2266 1338 ἦλθεν
2300 1271 2331 1339 ἠ
2377 1268 2606 1338 δύναμις
2632 1269 2711 1330 είς
2744 1267 2906 1320 αὑτὸν
2944 1267 3166 1334 ἄνωθεν,
3201 1267 3459 1338 δυνάμεις
3516 1268 3729 1320 ἐπιτε-

2104 1358 2419 1420 τελεκέναι,
2465 1359 2559 1410 καὶ
2599 1356 2760 1410 αὐτοῦ
2806 1356 3132 1420 πεπονθότος
3178 1356 3242 1409 τὸ
3286 1355 3438 1410 ἐλθὸν
3483 1356 3726 1410 ἄνωθεν

2107 1452 2411 1519 ἀναπτῆναι
2449 1448 2556 1501 ἀπὸ
2596 1446 2690 1500 τοῦ
2736 1448 2907 1518 Ἰησοῦ
2959 1449 3089 1502 ἄνω.
3137 1448 3450 1501 Πεπονθότα
3499 1449 3562 1501 δὲ
3615 1448 3727 1499 τὸν

2121 1537 2361 1609 Ἰησοῦν,
2407 1539 2500 1591 καὶ
2557 1519 2715 1590 πάλιν
2759 1537 3156 1608 ἐγηγερμένοψ
3209 1537 3442 1608 Χριστὸν
3494 1539 3559 1590 δὲ
3613 1537 3724 1588 τὸν

2108 1629 2312 1682 ἄνωθεν
2344 1628 2564 1681 ἐλθόντα
2601 1631 2688 1692 ἐίς
2731 1629 2891 1682 αὐτὸν
2929 1629 3110 1699 ἀπαθῆ
3158 1630 3501 1691 ἀναπτάντα,
3563 1631 3723 1699 ὅπερ

2111 1720 2224 1773 ἐστὶ
2249 1719 2310 1772 τὸ
2339 1719 2595 1772 κατελθὸν
2619 1720 2675 1773 ἐν
2707 1719 2835 1772 εἴδει
2869 1721 3215 1790 περιστερᾶς,
3253 1720 3346 1773 καὶ
3368 1719 3430 1772 οὐ
3453 1719 3560 1772 τὸν
3599 1720 3724 1791 Ἰη-

2044 1789 2086 1844 B
2114 1810 2239 1862 σοῦν
2266 1805 2402 1862 εἶναι
2429 1809 2679 1880 Χριστόν.

500 1896 567 1952 il.
600 1897 798 1952 Verum
829 1905 882 1953 et
915 1897 1004 1951 hic
1037 1913 1143 1952 non
1179 1897 1362 1953 minus
1393 1914 1556 1968 quam
1587 1888 1782 1968 reliqui
1819 1913 2010 1952 omnes

429 1990 656 2054 excidit,
675 2000 732 2044 ut
759 1991 958 2044 intueri
987 1991 1142 2046 facile
1160 1992 1410 2061 potestis,
1441 1993 1754 2061 quicunque
1770 1993 2013 2048 veritatis

436 2098 622 2138 amore
683 2083 962 2137 tenemini.
1023 2082 1157 2136 Nam
1206 2099 1328 2137 eum
1377 2098 1406 2136 a
1443 2099 1552 2154 quo
1583 2086 1670 2139 lex
1719 2085 1917 2139 tradita
1941 2086 2015 2141 sit

436 2175 640 2227 bonum
676 2180 838 2242 negat
856 2187 1000 2236 esse,
1031 2173 1189 2241 eujus
1212 2180 1390 2225 tamen
1410 2173 1512 2242 legi
1542 2174 1730 2239 utique
1755 2183 2011 2243 tanquam
2075 2162 2078 2166 ’

434 2263 592 2318 bona:
621 2263 995 2331 obtemperare
1019 2262 1249 2316 videtur.
1276 2261 1378 2327 Qui
1396 2277 1522 2316 vero
1539 2263 1814 2325 convenit,
1841 2271 1900 2316 ut
1921 2263 2015 2333 qui

437 2355 614 2408 maius
643 2354 713 2407 sit
743 2353 939 2406 bonam
971 2354 1136 2424 legem
1161 2355 1600 2424 praescripserit?
1631 2354 1686 2408 Si
1720 2356 1864 2409 enim
1905 2369 2016 2410 non

440 2444 756 2504 adulterari,
799 2445 882 2497 vel
925 2459 1031 2496 non
1085 2443 1339 2498 occidere
1367 2453 1450 2498 est
1477 2446 1787 2509 honestum,
1813 2455 2017 2516 quanto

440 2536 635 2590 melior
679 2537 727 2590 is
779 2544 882 2600 est,
919 2535 1010 2604 qui
1048 2537 1150 2589 ista
1193 2537 1471 2604 praecepit.
1515 2538 1560 2590 si
1594 2537 1638 2590 is
1668 2537 1759 2606 qui
1796 2552 1858 2590 ea
1907 2553 2014 2592 non

440 2627 716 2681 commisit
743 2626 1090 2683 confessione
1110 2617 1352 2681 omnium
1386 2629 1561 2682 bonus
1595 2629 1844 2684 habetur!
1870 2629 2020 2694 Quo-

442 2733 570 2773 nam
600 2725 760 2788 pacto
787 2718 912 2771 mali
945 2719 1230 2787 cujusdam
1263 2719 1524 2773 facinoris
1545 2721 1792 2774 accusari
1815 2730 2015 2790 potest,

440 2810 535 2880 qui
566 2810 705 2864 bona
743 2810 1002 2875 consulit,
1036 2825 1099 2864 ac
1149 2817 1258 2862 tam
1283 2810 1480 2863 bonam
1509 2812 1678 2880 legem
1709 2812 2020 2868 hominibus

441 2901 772 2970 descripsit?
804 2901 1091 2957 Enimvero
1123 2903 1363 2958 furiosus
1390 2911 1443 2957 et
1473 2919 1659 2958 amens
1698 2914 1802 2969 est,
1832 2905 1922 2976 qui
1957 2920 2019 2960 ea

437 2995 648 3062 jactare
679 3008 788 3046 non
820 3003 904 3048 est
927 2994 1155 3047 veritus.
1181 2993 1358 3062 Atque
1385 2993 1524 3048 idem
1547 2996 1657 3057 ille,
1677 2995 1984 3050 charissimi
2005 3035 2019 3062 ,

444 3083 567 3149 fuit,
604 3084 695 3151 qui
731 3081 1102 3150 apostolorum
1134 3089 1382 3150 tempore
1410 3083 1703 3136 tumultum
1744 3083 1893 3136 illum
1927 3098 2022 3137 ex-

2181 1899 2256 1952 B'.
2297 1898 2647 1951 Ἐκπέπτωκε
2681 1896 2737 1951 δὲ
2763 1897 2857 1951 καὶ
2887 1889 3061 1960 οὗτος,
3093 1897 3168 1960 ὡς
3203 1898 3366 1968 όρᾶτε
3398 1896 3615 1959 πάντες
3661 1896 3719 1948 οἱ

2111 1992 2207 2062 τῆς
2225 1989 2480 2060 ἀληθείας
2503 1989 2748 2060 ἐρασταί.
2774 1989 2975 2041 Φάσκει
2998 1989 3104 2059 γὰρ
3125 1989 3214 2040 τὸν
3239 1989 3401 2058 νόμον
3421 1988 3721 2040 δεδωκότα

2112 2082 2214 2135 οὐκ
2275 2080 2498 2148 ἀγαθὸν.
2551 2075 2612 2132 οὗ
2663 2080 2739 2148 τῷ
2791 2079 2938 2149 νόμῳ
2980 2078 3259 2132 πείθεσθαι
3313 2079 3478 2143 δοκεῖ,
3541 2077 3720 2146 δῆλον

2112 2174 2190 2236 δὲ,
2233 2174 2314 2226 ὅτι
2352 2171 2426 2235 ὡς
2467 2171 2673 2240 ἀγαθῷ.
2714 2170 2834 2234 Πῶς
2872 2167 2964 2224 οὖν
3005 2173 3033 2222 ὁ
3080 2171 3312 2242 πονηρὸς
3351 2171 3442 2224 τὸν
3491 2172 3718 2239 ἁγαθὲν

2114 2263 2278 2332 νόμον
2313 2262 2577 2326 δέδωκεν;
2626 2263 2688 2313 Εἰ
2734 2259 2841 2330 γὰρ
2881 2261 3042 2313 καλὸν
3072 2261 3131 2313 τὸ
3163 2261 3236 2332 μὴ
3281 2261 3581 2331 μοιχεύειν,
3612 2262 3716 2313 καὶ

2117 2354 2279 2407 καλὸν
2310 2353 2368 2405 τὸ
2402 2353 2475 2423 μὴ
2513 2353 2777 2421 φονεύειν,
2821 2352 2970 2423 πόσῳ
3003 2369 3064 2421 γε
3091 2354 3288 2422 μᾶλλον
3316 2355 3344 2404 ό
3376 2353 3712 2424 ἐντειλάμ-

2115 2462 2201 2508 νος
2236 2445 2456 2514 βελτίων
2501 2444 2584 2514 εἴη
2606 2486 2618 2506 ,
2676 2446 2770 2497 ἐάν
2803 2462 2865 2512 γε
2900 2449 2927 2498 ὁ
2975 2446 3048 2514 μὴ
3088 2445 3300 2518 πράξας
3332 2446 3538 2514 ἀγαθὸς
3568 2449 3713 2515 ὁμο-

2117 2537 2371 2604 λογεῖταιῐ
2405 2537 2526 2599 Πῶς
2557 2536 2612 2588 δὲ
2645 2536 3147 2606 κατηγορηθήσεται
3193 2538 3337 2590 κακά
3383 2538 3650 2608 πράττων
3678 2542 3710 2592 ό

2117 2629 2177 2680 τὸ
2209 2627 2409 2696 ἀγαθὸν
2449 2627 2850 2697 συμϐουλεύων,
2895 2629 2987 2680 καὶ
3030 2628 3228 2696 ἀγαθὸν
3274 2629 3449 2694 διδοὺς
3490 2631 3705 2700 νόμον;

2131 2721 2290 2773 ’Λλλά
2349 2719 2622 2791 μανιώδης
2660 2722 2688 2773 ὁ
2731 2721 2868 2791 ἀνὴρ
2907 2720 3164 2783 τοιούτοις
3201 2723 3481 2793 ἐγχειρῶν.
3527 2717 3707 2786 Οὗτος

2119 2814 2176 2866 δέ
2206 2815 2372 2875 ἐστιν,
2397 2813 2671 2883 ἀγαπητοὶ
2707 2812 2837 2881 (95),
2870 2807 2951 2875 εἷς
2977 2812 3085 2866 τῶν
3115 2815 3204 2866 ἐπὶ
3233 2814 3339 2866 τῶν
3378 2815 3705 2867 ἀποστόλων

2122 2909 2150 2960 ό
2184 2907 2280 2975 τὴν
2322 2907 2565 2977 ταραχὴν
2611 2906 3003 2976 ἐργασάμενος,
3045 2906 3133 2958 ὅτε
3179 2908 3228 2958 οἱ
3277 2907 3402 2977 περὶ
3439 2907 3702 2960 Ἰάκωϐον

2125 2997 2461 3068 γεγράφασιν
2489 2999 2568 3060 είς
2588 2997 2684 3067 τὴν
2701 2998 3026 3069 Ἀντιόχειαν
3045 2999 3382 3068 Ἐπιστολὴν,
3408 2999 3663 3067 λέγοντες
3682 3016 3697 3028 ι

2129 3088 2247 3140 ’Ὁτι
2278 3087 2542 3156 ἐγνωμέν
2562 3104 2731 3154 τινας
2754 3087 2822 3152 ἐξ
2849 3087 3018 3157 ἡμῶν
3037 3089 3185 3157 πρὸς
3203 3088 3355 3158 ὑμᾶς
3380 3090 3694 3155 ἐλθόντας,

445 3176 658 3239 citavit,
685 3188 809 3226 cum
837 3171 1074 3226 Jacobus
1107 3174 1399 3242 exterique
1423 3175 1654 3243 apostoli
1681 3175 1889 3229 litteras
1910 3175 2019 3227 An-

2134 3178 2223 3231 nal
2267 3177 2641 3244 ταράξαντας
2685 3177 2840 3248 ὑμᾶς
2883 3181 3113 3247 λόγοις,
3155 3176 3246 3247 οἷς
3296 3182 3368 3234 οὐ
3411 3179 3698 3233 δωτειλά-
3766 3191 3767 3200 ‘

446 3267 703 3321 tiochiam
742 3266 1084 3335 scripserunt
1112 3266 1197 3321 his
1224 3267 1406 3320 verbis
1439 3285 1452 3322 :
1489 3267 1753 3332 Quoniam
1775 3269 2018 3336 cognovi-

447 3377 585 3426 mus,
627 3359 882 3430 quosdam
923 3375 955 3411 a
982 3357 1130 3412 nobis
1153 3357 1222 3411 ad
1263 3375 1348 3413 vos
1375 3374 1487 3412 esse
1513 3359 1794 3428 profectos,
1812 3360 2021 3428 suisque

447 3469 535 3507 vos
570 3450 904 3522 perturbasse
963 3449 1308 3512 sermonibus,
1373 3451 1560 3519 quibus
1596 3467 1696 3504 non
1747 3450 2014 3503 mandavi-

449 3561 565 3598 mus
594 3546 634 3608 ¹,
659 3553 767 3598 etc.
821 3540 1078 3612 idemque
1112 3557 1301 3596 eorum
1343 3557 1485 3597 unus
1510 3550 1613 3600 est.
1644 3543 1824 3611 qui‘se
1859 3541 2022 3598 Petro

450 3640 842 3706 opposuerant,
871 3648 994 3686 cum
1049 3633 1116 3687 ad
1160 3642 1410 3687 sanctum
1457 3632 1763 3687 Cornelium
1810 3635 2018 3700 ivisset,

451 3743 481 3781 a
512 3742 622 3797 quo
640 3734 760 3796 post
783 3726 1025 3780 oblatum
1074 3739 1170 3796 per
1195 3725 1374 3779 visum
1415 3727 1664 3795 angelum
1691 3733 1809 3781 erat
1841 3740 2024 3780 arces-

451 3821 593 3874 situs
627 3821 666 3873 '.
699 3817 817 3884 Quo
848 3824 1092 3887 tempore
1129 3817 1416 3872 dubitante
1443 3816 1604 3872 Petro
1629 3817 1851 3873 linteum
1894 3817 2026 3872 illud

453 3927 578 3965 cum
618 3911 704 3973 iis,
739 3927 860 3981 qua:
883 3911 1220 3976 continebat,
1240 3909 1512 3979 obiectum
1542 3919 1644 3973 est,
1669 3918 1723 3963 et
1747 3924 1774 3963 a
1801 3909 2028 3964 Domino

454 4003 597 4057 istud
627 4003 802 4072 ipsum
835 4003 1036 4069 audiit;
1063 4019 1129 4058 ne
1161 4001 1291 4072 quid
1321 4016 1610 4056 commune
1637 4002 1722 4055 vel
1753 4002 2027 4071 impurum

455 4092 769 4160 appellaret.
809 4090 978 4160 Igitur
1005 4091 1297 4145 Cerinthus
1326 4091 1780 4145 circumcisorum
1813 4105 2028 4160 gregem

455 4183 718 4237 adversus
775 4181 994 4236 Petrum
1043 4189 1403 4235 revertentem
1449 4180 1742 4234 commovit
1774 4179 2030 4235 Hieroso-

456 4273 638 4342 lymis,
687 4272 924 4326 dicens:
972 4270 1250 4340 Ingressus
1293 4279 1370 4323 est
1418 4271 1486 4322 ad
1527 4269 1664 4322 viros
1715 4272 2028 4338 prwputium

405 4373 407 4375 '
455 4364 704 4418 [tabentes
732 4365 774 4417 ³.
807 4363 964 4430 Quod
999 4362 1218 4432 quidem
1272 4362 1340 4415 ab
1371 4375 1437 4415 eo
1498 4359 1700 4414 factum
1743 4367 1848 4426 est,
1879 4367 2032 4414 ante—

459 4473 625 4528 quam
676 4472 834 4511 suum
894 4457 948 4509 in
980 4455 1109 4510 Asia
1139 4455 1333 4523 dogma
1373 4451 1716 4521 praedicaret,
1752 4467 1920 4522 seque
1977 4453 2033 4505 in

2119 3272 2289 3338 μεθα.
2327 3269 2430 3322 Kal.
2465 3264 2615 3334 οὗτος
2656 3268 2736 3333 εἷς
2776 3272 2894 3322 ἐστι
2926 3270 3032 3323 τῶν
3060 3271 3417 3324 ἀντιστάντων
3446 3270 3523 3341 τῷ
3555 3271 3696 3341 ἁγίῳ

2127 3359 2337 3430 Πέτρῳ,
2376 3359 2560 3429 ἐπειδὴ
2608 3359 2819 3430 εἰσῆλθε
2867 3358 3001 3430 πρὸς
3046 3361 3341 3430 Κορνήλιον
3381 3361 3471 3412 τον
3515 3363 3690 3428 ἄτιον,

2124 3453 2213 3505 ὅτε
2247 3451 2622 3522 μετεστείλατο
2658 3452 2820 3505 αὐτὸν
2863 3449 3216 3516 καταξιωθεὶς
3239 3452 3499 3514 ὀπτασίας
3525 3453 3692 3519 ἀγγέ-

2125 3546 2240 3599 λου.
2276 3547 2384 3598 Καὶ
2427 3547 2455 3598 ὁ
2487 3545 2692 3616 Πέτρος
2734 3544 2996 3610 ἐδίσταζε,
3032 3546 3126 3598 καὶ
3164 3541 3268 3597 εἶδε
3303 3544 3361 3596 τὸ
3386 3545 3567 3614 ὅραμα
3593 3545 3690 3612 τῆς

2128 3637 2341 3706 ὀθόνης,
2367 3637 2460 3689 καὶ
2497 3636 2567 3688 τὰ
2605 3638 2662 3690 ὲν
2709 3637 2866 3707 αὐτῇ,
2910 3638 3002 3690 καὶ
3037 3637 3236 3707 ἤκουσε
3280 3635 3427 3707 παρά
3463 3635 3687 3708 Κυρίου,

2133 3727 2296 3796 μηδὲν
2341 3726 2515 3779 κοινὸν
2551 3726 2728 3794 λέγειν
2775 3726 2808 3798 ἢ
2849 3725 3176 3796 ἀκάθαρτον.
3217 3720 3382 3788 Οὗτος
3417 3722 3506 3778 οὖν
3549 3743 3687 3794 παρ-

2128 3817 2293 3870 εκίνει
2319 3817 2446 3888 περὶ
2468 3816 2559 3869 τοῦ
2586 3815 2791 3887 Πέτρου
2812 3816 3120 3880 ἀνελθόντος
3145 3818 3223 3880 εἰς
3257 3816 3601 3886 Ἰερουσαλὴμ
3623 3816 3688 3871 τὰ

2130 3909 2309 3980 πλήθη
2336 3909 2447 3960 τῶν
2472 3910 2534 3960 ἐκ
2565 3908 2864 3978 περιτομῆς
2899 3907 3092 3975 λέγων,
3114 3907 3215 3958 ὃτι·
3247 3902 3503 3970 Εἰσῆλθες
3543 3903 3688 3970 πρὸς

2131 3999 2354 4067 ἄνδρας
2397 3999 2802 4067 ἀκροϐυστίαν
2841 3997 3112 4066 ἔχοντας.
3157 3995 3408 4065 Ἐποίησε
3446 3994 3501 4046 δὲ
3538 3994 3688 4046 τοῦτο

2133 4089 2402 4160 Κήρινθος
2435 4090 2561 4159 πρὶν
2597 4087 2629 4157 ἢ
2674 4089 2731 4140 ἐν
2759 4089 2824 4157 τῇ
2860 4087 3013 4157 Ἀσίᾳ
3036 4083 3269 4159 κηρύξαι
3299 4083 3359 4137 τὸ
3395 4082 3554 4138 αὑτοῦ
3592 4086 3686 4152 κή-

2137 4196 2340 4252 ρυγμα,
2366 4179 2457 4232 καὶ
2480 4179 2736 4249 ἐμπεσεῖν
2758 4179 2837 4239 εἰς
2869 4177 2930 4228 τὸ
2965 4177 3346 4249 περισσότερον
3380 4175 3476 4242 τῆς
3503 4173 3685 4227 ἑαυτοῦ

2133 4271 2406 4333 ἀπωλείας
2441 4269 2728 4341 βάραθρον.
2768 4269 2868 4323 Διά
2890 4269 2998 4340 γὰρ
3025 4269 3086 4321 τὸ
3112 4263 3250 4321 εἶναι
3279 4266 3436 4320 αὐτὸν
3463 4265 3683 4337 ἐμπερί-

2127 4379 2327 4433 τομον,
2377 4361 2537 4431 δῆθεν
2569 4361 2865 4424 ἀντιδικίας
2907 4363 3070 4414 ἕνεκα
3117 4359 3225 4412 τῶν
3275 4361 3332 4411 ἐν
3373 4356 3685 4428 ἀκροϐυστίᾳ

2130 4453 2358 4516 πιστῶν,
2382 4451 2470 4509 διὰ
2487 4452 2585 4521 τῆς
2613 4451 2914 4521 περιτομῆς
2941 4451 3038 4517 τὴν
3078 4448 3349 4519 πρόφασιν
3377 4445 3681 4516 ἐθηράεατο.

457 4548 607 4602 exitii
657 4548 740 4603 sui
791 4548 1058 4618 gurgitem
1110 4543 1436 4615 profundius
1495 4543 1830 4597 itmuitteret.
1900 4541 2034 4596 Nam
2074 4559 2197 4598 cum
2231 4542 2592 4597 circumcisus
2651 4543 2738 4595 hic
2775 4549 2944 4606 esset,
2974 4548 3034 4592 ut
3089 4553 3183 4592 eos
3206 4538 3297 4606 qui
3330 4543 3530 4590 retento
3555 4549 3685 4603 pm:-

458 4645 611 4715 putio
647 4643 830 4697 ﬁdeles
868 4649 1025 4696 erant
1072 4641 1448 4704 ulcisceretur,
1491 4639 1839 4692 occasionem
1873 4653 1903 4693 e
1927 4640 2344 4694 circumcisione
2374 4646 2568 4693 nactus
2606 4643 2711 4691 est.
3079 4636 3082 4639 ’

530 4731 616 4786 lli.
642 4731 747 4785 Sed
769 4746 892 4784 cum
913 4729 1176 4782 Dominus
1197 4728 1418 4783 humani
1445 4728 1661 4798 generis
1693 4742 1881 4781 curam
1914 4744 2019 4797 per-

2210 4728 2282 4782 l".
2306 4729 2348 4780 Τ
2351 4727 2412 4780 οὗ
2435 4727 2490 4780 δὲ
2522 4727 2721 4798 Κυρίου
2757 4725 2983 4778 πάντοτε
3012 4723 3110 4795 τὴν
3142 4720 3452 4792 ἐπιμέλειαν
3478 4719 3569 4788 τῆς
3598 4720 3682 4772 ἀν-

462 4834 626 4894 petuo
659 4831 832 4892 gerat,
874 4829 929 4876 et
966 4821 1021 4874 in
1052 4821 1300 4876 veritatis
1331 4820 1643 4874 amantibus
1679 4818 1805 4874 ﬁliis
1835 4826 2037 4872 certam

462 4930 527 4970 ac
555 4919 898 4968 constantem
948 4912 1095 4967 illius
1127 4911 1286 4966 fidem
1335 4912 1579 4966 stabilire
1624 4925 1688 4965 ac
1715 4910 2042 4965 confirmare

461 5004 655 5068 soleat,
689 5016 813 5055 cum
851 5003 1200 5057 sanctissimo
1243 5001 1490 5070 apostolo
1527 4999 1688 5054 Petro
1721 4999 2043 5054 confutandi

466 5092 614 5148 illius
679 5090 994 5145 facultatem
1048 5105 1112 5146 ac
1149 5091 1419 5146 rationem
1459 5089 1720 5152 dedisset,
1753 5089 2039 5144 manifeste

464 5183 722 5238 omnibus
757 5191 842 5239 est
866 5182 1109 5238 Cerinthi
1153 5193 1432 5253 comperta
1467 5182 1757 5238 stoliditas.
1794 5182 1870 5236 ita
1893 5184 2037 5237 enim

467 5277 761 5346 Apostolus
789 5276 1098 5330 locutuscst
1124 5295 1136 5331 :
1167 5275 1278 5346 Ego
1297 5293 1442 5331 erant
1463 5279 1517 5330 in
1545 5277 1807 5330 civitatem
1834 5274 2036 5344 lappa:

463 5379 513 5425 et
546 5367 652 5422 vidi
691 5367 862 5422 media
895 5368 1007 5421 luce
1029 5368 1170 5421 circa
1198 5368 1383 5422 horam
1410 5377 1614 5423 sextam
1641 5369 1796 5438 112
1821 5367 2040 5422 linteum

539 5553 555 5588 ι
590 5550 708 5606 Act.
746 5564 834 5615 xv,
856 5545 926 5600 24
950 5562 1070 5619 sqq.
1151 5547 1170 5578 ¹
1196 5547 1315 5603 Act.
1351 5564 1406 5613 ι,
1440 5547 1506 5602 18
1533 5565 1655 5638 sqq.
1732 5548 1753 5580 ³
1781 5548 1900 5605 Act.
1933 5564 2014 5618 ιι,
2043 5549 2094 5603 5.

2142 4819 2490 4889 θρωπότητος
2512 4815 2854 4886 ποιουμένου,
2877 4815 2970 4867 καὶ
2990 4814 3050 4866 τὺ
3077 4813 3242 4880 σαφὲς
3265 4815 3362 4882 τῆς
3387 4809 3616 4879 ἀληθείας
3631 4812 3680 4862 ἐν

2141 4913 2254 4972 τοῖς
2295 4909 2395 4978 τῆς
2430 4907 2686 4977 ἀληθείας
2728 4908 2862 4970 υἱοῖς
2908 4902 3356 4973 ἀσφαλιζομένου,
3401 4903 3488 4955 καὶ
3523 4901 3679 4962 δόντος

2144 5001 2334 5072 Πέτρῳ
2355 4999 2430 5070 τῷ
2453 4999 2591 5070 ἁγίῳ
2610 4999 2890 5068 ἀποστόλῳ
2912 4995 3236 5065 ποιήσασθαι
3264 4993 3363 5064 τὴν
3395 4992 3519 5062 πρὸς
3540 4992 3677 5045 αὑτὸν

2144 5093 2381 5155 καὶτοὺς
2419 5092 2581 5144 αὑτοῦ
2624 5090 2899 5159 ἐλέγχους,
2945 5087 3152 5160 φανερὰ
3190 5088 3396 5155 γίνεται
3421 5087 3452 5156 ἡ
3474 5084 3556 5136 τοῦ
3582 5086 3678 5152 Κη‹

2149 5183 2325 5255 ρίνθου
2356 5183 2528 5236 ἄνοια.
2557 5181 2696 5252 Φησὶ
2718 5182 2828 5250 γὰρ
2859 5182 2887 5232 ό
2926 5179 3076 5247 ἅγιος
3105 5177 3303 5249 Πέτρος
3323 5195 3335 5207 ’
3381 5175 3511 5246 Ἐγὼ
3540 5176 3677 5244 ἤμην

2143 5278 2211 5329 ἐν
2243 5277 2414 5329 πόλει
2461 5275 2696 5342 Ἰόππῃ·
2740 5275 2839 5329 καὶ
2896 5271 3060 5328 εἶδον
3104 5272 3172 5325 ἐν
3204 5273 3364 5341 μέσῃ
3409 5269 3476 5337 τῇ
3519 5269 3675 5337 ἡμέρᾳ

2145 5369 2277 5437 περὶ
2297 5368 2460 5436 ὥραν
2487 5368 2670 5437 ἕκτην
2696 5368 2916 5436 ὀθόνην
2943 5364 3298 5435 καθιεμένην
3337 5363 3407 5416 ἐν
3441 5361 3676 5433 zérpno'ir

566 5728 654 5799 95)
687 5725 875 5800 Οὗτος
901 5727 967 5788 δέ
994 5729 1187 5797 ἐστιν,
1219 5728 1533 5800 ἀγαπητοί.
1576 5725 1815 5802 ldipsum
1857 5725 2019 5782 Phila:

2134 5740 2186 5781 is
2215 5721 2427 5783 scribit.
