3814 6328
65 326 149 380 33!
658 325 1028 383 ADVERSUS
1062 323 1407 381 lliERESES
1447 322 1571 378 LIB.
1621 323 1663 378 Ῑ.
1707 318 1871 377 TOM.
1910 316 2358 401 “.--"A§RES.
2401 311 2635 370 XXVIII.

3225 313 3335 372 388

63 442 278 511 ἀρχαῖς,
304 442 386 496 ἐν
427 442 478 512 ᾖ
523 439 601 514 ἦν
635 444 835 499 πάντα
880 444 1215 513 τετράποδα
1264 442 1363 497 καὶ
1410 439 1626 510 ἑρπετά

1751 445 1980 507 quatuor
2009 435 2179 488 initiis
2207 425 2468 488 summitti
2490 431 2553 484 de
2571 429 2722 492 caelo,
2758 427 2816 480 in
2846 443 2944 498 quo
2976 433 3126 482 erant
3152 428 3333 482 omnia

63 537 154 585 Kal
192 529 331 587 εἶπέ
361 552 513 602 μοι·
545 534 748 588 Θῦσον
789 535 887 588 καὶ
932 534 1105 604 φάγε.
1151 532 1294 603 Ἐγὼ
1333 533 1404 586 δὲ
1438 528 1644 584 εἷπονο

61 626 238 689 Κύριε,
261 621 602 688 μηδαμῶς-ο
639 622 729 677 ὅτι
766 622 1054 678 οὐδέποτε
1082 621 1288 677 κοινὸν
1315 622 1354 690 ἢ
1393 621 1649 688 ἀκάθαρ-

63 731 148 766 rr-r
174 712 494 781 εἰσῆλθεν
519 718 607 779 εὶς
632 715 699 766 τὸ
727 718 924 783 στόμα
942 732 1082 783 μου.
1123 713 1428 780 Ἀπεκρίθη
1455 711 1523 765 δέ
1546 729 1646 780 μοι

157 804 465 870 δευτέρου
505 803 675 873 φωνὴ
721 804 790 856 ἐκ
840 803 947 857 τοῦ
1009 802 1287 870 οὐρανοῦ·
1335 804 1394 854 Ἃ
1434 804 1466 854 ὁ
1502 801 1647 865 Θεὸς

61 894 393 962 ἐξαθαρισε,
427 895 626 965 σὺ.μὴ
658 897 888 950 κοίνου.
928 895 1036 948 Kal
1075 895 1144 959 ἐξ
1169 894 1359 961 αὐτῆς
1385 892 1512 946 ἰδοὺ
1537 892 1646 946 δύο

61 988 254 1053 dntch
285 988 706 1054 εἱστήκεισαν
733 989 820 1050 εις
849 985 963 1052 τὴν
985 986 1200 1038 οὶκίαν.
1242 983 1355 1039 Καὶ
1387 979 1517 1037 εἶπέ
1542 999 1645 1052 μοι

61 1079 106 1130 τέ
134 1079 385 1146 Πνεῦμα
411 1097 428 1110 ·
467 1079 738 1146 Πορεύου
777 1077 899 1131 σὺν
948 1075 1151 1141 αὐτοῖς
1195 1074 1389 1144 μηδὲν
1425 1075 1645 1142 διακρι-

61 1172 312 1235 summac.
372 1169 500 1222 Kal
549 1169 737 1220 λοιπὸν
781 1166 1081 1237 διηγεῖται,
1127 1166 1204 1228 ὡς
1246 1166 1303 1218 ὲν
1362 1164 1642 1235 παραϐολῇ

57 1255 223 1316 ταῦτα,
257 1255 295 1307 ἃ.
333 1255 491 1324 πρὸς
516 1256 680 1308 αὐτὸν
717 1255 929 1325 εἴρηται
949 1270 962 1284 ·
992 1253 1085 1306 καὶ
1113 1254 1189 1316 ὡς
1223 1253 1284 1305 οὐ
1318 1255 1438 1307 τότε
1473 1253 1645 1307 ἐδίδα-

59 1348 147 1408 ξεν,
173 1346 282 1409 ἕως
320 1348 430 1399 ὅτε
469 1349 501 1398 ὁ
543 1345 746 1416 Κύριος
783 1344 1029 1416 ἐναργῶς
1072 1343 1268 1409 ἔδειξεν
1312 1344 1461 1412 αὐτῷ
1495 1345 1530 1398 δι
1557 1345 1644 1397 διὰ

55 1437 144 1486 τῶν
172 1437 358 1503 λόγων
417 1438 522 1490 καὶ
562 1437 750 1490 τύπων
794 1436 954 1488 αὑτὸν
995 1434 1289 1489 ἐδίδασκεν.
1327 1434 1502 1499 Εὐθὺς
1536 1436 1644 1506 γὰρ

58 1526 197 1577 αλιι-οὖ
226 1527 564 1591 ἀνοίξαντας
584 1527 646 1578 τὸ
673 1526 866 1595 στόμα,
886 1527 973 1578 ὅτε
995 1521 1157 1595 ἦλθεν
1182 1527 1261 1589 είς
1285 1527 1640 1595 Καισάρειαν,

57 1615 269 1665 ἐπέπεσε
319 1615 392 1666 τὸ
451 1614 680 1684 Πνεῦμα
721 1614 782 1666 τὸ
827 1615 980 1681 ἆγιον
1028 1614 1120 1666 ἐπὶ
1171 1615 1485 1685 Κορνήλιον.
1533 1616 1643 1667 Καὶ

60 1703 158 1753 aii-sv
194 1703 424 1774 Πέτρος
471 1699 625 1756 εἶτ-ιε’
675 1701 772 1769 Μή
818 1721 907 1767 τις
965 1701 1214 1756 δύναται
1261 1703 1527 1758 κωλῦσαι
1577 1703 1642 1756 τὸ

1746 527 2125 599 quadrupedia,
2176 533 2224 579 et
2271 523 2501 591 reptilia.
2550 519 2615 574 Et
2645 519 2781 573 dixit
2813 520 2988 572 mihi:
3047 517 3241 572 Occide
3279 528 3329 572 et

1749 617 2028 672 manduca.
2047 616 2172 669 Dixi
2199 624 2372 667 autem
2388 611 2778 681 :Nequaquam,
2800 609 3046 672 Domine;
3059 610 3183 678 quia
3202 607 3313 661 nihi

1747 723 1976 776 unquam
1993 721 2263 760 commune
2277 705 2354 758 vel
2378 701 2950 756 immundumintroivit
2978 701 3028 752 in
3047 717 3104 754 os
3135 716 3326 755 meum.

1753 796 2035 866 Respondit
2065 805 2237 848 autem
2263 795 2391 847 mihi
2428 807 2523 846 vox
2543 792 2605 846 de
2631 792 2755 846 caelo
2779 808 2797 844 :
2833 792 2962 858 Qua:
2999 791 3139 844 Deus
3179 808 3331 844 mun-

1746 888 1911 951 davit,
1957 897 2012 940 tu
2061 903 2123 940 ne
2163 887 2470 940 communia
2504 884 2726 938 dixeris.
2786 882 2854 936 Et
2895 884 3174 952 confestim
3215 899 3330 936 ecce

1747 979 1850 1031 duo
1874 978 1967 1031 viri
1999 977 2276 1030 astiterunt
2310 975 2365 1027 in
2394 973 2570 1028 domo.
2622 972 2688 1025 Et
2711 972 2846 1025 dixit
2874 972 3002 1025 ntihi
3047 970 3276 1039 Spiritus
3307 987 3326 1024 :

1756 1067 1900 1122 Vade
1931 1083 2051 1119 cum
2073 1066 2201 1132 ipsis
2230 1065 2362 1119 nihil
2386 1065 2640 1128 hwsituns
2668 1065 2705 1116 ³.
2735 1069 2912 1131 Atque
2946 1063 3018 1116 ita
3049 1061 3327 1130 deinceps,

1748 1175 1866 1230 qua:
1905 1159 2006 1214 sibi
2045 1158 2294 1212 nuntiata
2342 1164 2469 1211 sunt
2512 1156 2660 1210 velut
2693 1169 2790 1225 per
2827 1154 3141 1224 parabolam
3181 1153 3328 1206 edis-

1747 1253 1880 1307 serit
1913 1270 1926 1303 :
1961 1267 2061 1306 nec
2091 1267 2170 1314 se,
2191 1251 2344 1320 prius
2369 1249 2434 1302 ad
2470 1247 2780 1302 docendum
2819 1246 3142 1310 accessisse,
3164 1259 3327 1314 quam

1745 1351 1930 1412 aperte
1985 1340 2248 1395 Dominus
2278 1353 2343 1392 ea
2390 1344 2741 1406 monstraret,
2772 1351 2894 1406 quae
2925 1336 3107 1390 verbis
3141 1342 3324 1395 antea,

1745 1434 2040 1504 tigurisque
2112 1431 2532 1500 signiﬁcaverat.
2585 1426 2798 1481 Etenim
2848 1427 3071 1480 simulat
3116 1441 3222 1494 que
3263 1441 3326 1480 os

1743 1526 1957 1595 aperire
1982 1525 2147 1594 ccepit
2172 1531 2284 1576 tum
2317 1537 2438 1575 cum
2480 1520 2785 1575 Cmsaream
2827 1521 3024 1589 attigit,
3086 1519 3325 1588 Spiritus

1743 1626 1969 1670 sanctus
1996 1617 2050 1669 in
2082 1613 2393 1668 Cornelium
2418 1612 2676 1680 delapsus
2704 1621 2804 1665 est.
2825 1609 2983 1676 Quod
3003 1611 3092 1664 ubi
3129 1609 3324 1664 Petrus

1743 1708 2049 1773 conspexit,
2113 1705 2385 1775 Nunquid,
2450 1705 2558 1764 ait,
2629 1718 2822 1772 aquam
2881 1703 2997 1772 quis
3053 1702 3325 1770 prohibere

59 1795 188 1861 £1309
385 1797 625 1848 τούτων
650 1793 770 1847 τῶν
792 1794 1275 1857 καταξιωθέντων
1307 1794 1373 1848 τὸ
1399 1795 1626 1864 Πνεῦμα

1740 1806 1909 1866 potest
1937 1796 2001 1850 ab
2035 1796 2136 1861 his,
2183 1773 2270 1864 qui
2321 1794 2525 1862 Spiritu
2575 1802 2783 1856 sancto,
2833 1793 2912 1844 uti
2938 1801 2986 1844 et
3022 1809 3115 1845 nos
3147 1793 3320 1852 initio,

53 1888 106 1937 ti:
141 1886 317 1953 ἄτιον
350 1887 596 1950 λαϐεῖν,
621 1888 703 1952 ὡς
734 1887 833 1939 καί
875 1886 1046 1955 ἡμεῖς
1069 1887 1138 1950 ἐξ
1161 1885 1388 1955 ἁρχ-ῆς;
1421 1887 1494 1939 Τὸ
1531 1889 1638 1940 πᾶν

58 1978 101 2028 ξε
130 1974 187 2045 ἦν
207 1978 380 2030 τοῦτο
409 1981 714 2050 μυστήριον
734 2018 749 2039 .
777 1980 872 2032 καὶ
909 1980 1009 2049 τῆς
1044 1978 1135 2032 τοῦ
1176 1978 1306 2031 Θεοῦ
1334 1978 1637 2049 φιλανθρω-

59 2071 164 2132 πίας
185 2072 381 2140 ἔργον,
410 2072 563 2134 ὅπως
582 2073 610 2124 ὃ
638 2090 696 2124 τε
721 2071 873 2140 ἅγιος
897 2072 1102 2140 Πέτρος
1131 2072 1223 2125 καὶ
1260 2073 1368 2133 πᾶς
1390 2089 1472 2133 τις
1496 2071 1637 2139 γνὼ-

61 2178 206 2224 ςετιι,
229 2164 318 2214 ὅτι
349 2163 464 2214 οὐκ
494 2163 587 2215 ἀπ’
615 2161 919 2233 ἀνθρώπων
964 2163 995 2231 ή
1027 2149 1133 2214 τῶν
1174 2161 1342 2214 ἐθνῶν
1372 2163 1633 2232 σωτηρία,

181 2255 244 2305 ἐκ
273 2253 448 2307 Θεοῦ.
477 2253 762 2324 Προῦλαϐε
799 2253 907 2324 γὰρ
951 2254 978 2304 ὁ
1017 2253 1152 2316 Θεὸς
1189 2253 1370 2307 δοῦναι
1405 2255 1503 2325 τὴν
1537 2255 1637 2306 δω-

61 2347 166 2411 ρεὰν
186 2344 281 2396 τοῦ
308 2345 663 2414 ιῐνεύματος,
692 2345 785 2397 καὶ
817 2346 912 2415 τὴν
955 2343 1047 2396 τοῦ
1090 2344 1320 2413 ἀγγέλου
1349 2346 1632 2410 ὀπτασίαν,

57 2437 133 2486 καὶ
163 2437 259 2505 τὴν
285 2436 572 2506 ἀποδοχὴν
597 2439 694 2506 τῆς
722 2437 904 2506 εὐχῆς,
935 2438 1028 2488 καὶ
1065 2437 1348 2507 νηστειῶν,
1373 2438 1466 2490 καὶ
1500 2439 1634 2506 ἀγα-

61 2526 292 2579 ﬂammis-4
313 2547 327 2560 -
360 2529 458 2580 ἵνα
485 2528 516 2580 ὃ
549 2526 944 2597 ἐπιστεύθησαν
977 2529 1026 2580 οἱ
1068 2529 1371 2594 ἀπόστολοι,
1400 2529 1639 2600 μάλιστα·

57 2619 80 2665 ἐι
103 2618 243 2684 ἆτιος
269 2619 514 2690 Πέτρος.
548 2620 645 2672 καὶ
671 2620 722 2671 οἱ
759 2619 934 2672 λοιποὶ
957 2620 1262 2683 ἀπόστολοι,
1293 2620 1368 2692 μὴ
1403 2622 1634 2674 ἀποστε-

64 2711 245 2776 piabat
269 2710 370 2762 τὸν
397 2712 468 2762 ὲκ
490 2709 628 2763 Θεοῦ
652 2710 794 2764 κατά
821 2710 1073 2780 ἀλήθειαν
1101 2711 1453 2781 κεκλημένον.

116 2803 180 2852 Δ¹.
221 2801 394 2854 Ἀλλά
441 2800 617 2855 ταῦτα
657 2802 756 2872 μὲν
807 2802 925 2854 τότε
977 2801 1437 2872 ὲπραγματεύθη,
1481 2818 1631 2872 κινηο

63 2888 200 2941 θέντα
239 2891 349 2944 ὑπὸ
389 2891 488 2945 τοῦ
533 2891 927 2963 προειρημένου
969 2891 1400 2960 ψευδαποστόλου
1435 2893 1632 2965 Κηρίν-

62 2980 138 3030 Θου
157 2999 168 3010 ·
195 2982 270 3044 ὡς
299 2984 400 3036 καὶ
432 2982 622 3036 ἄλλοτε
653 2984 842 3036 στάσιν
867 2984 1028 3045 αὐτός
1072 3001 1130 3036 τε
1171 2985 1264 3036 καὶ
1301 2987 1349 3038 oi
1385 2987 1500 3056 μετ’
1533 2986 1631 3038 αὑ-

1739 1891 1944 1960 dignati
1966 1893 2122 1943 sunt’
2147 1889 2169 1942 ’ἓ
2200 1887 2313 1941 lloc
2343 1900 2472 1940 vero
2485 1893 2656 1938 totum
2678 1884 2998 1954 mysterium
3022 1885 3319 1952 quoddam,

1739 1997 1804 2036 ac
1839 1979 2038 2034 divina:
2083 1978 2436 2047 benignitatis
2495 1991 2635 2046 opus
2687 1982 2826 2038 erat,
2867 1983 2924 2028 ut
2973 1980 3080 2026 tam
3127 1974 3323 2028 Petrus

1737 2085 1898 2140 quam
1929 2051 2109 2124 caueri
2147 2084 2336 2124 omnes
2365 2068 2765 2138 intelligerent,
2817 2080 2927 2120 non
2975 2065 3316 2127 hominibus,

1737 2162 1830 2216 sed
1864 2160 1974 2216 Deo
2005 2159 2288 2230 gentilium
2316 2159 2547 2214 salutem
2571 2155 3070 2212 essetrihuendam.
3106 2154 3319 2209 Etenim

1737 2268 1936 2308 munus
2005 2252 2139 2307 illud
2192 2250 2362 2304 divini
2423 2249 2682 2319 Spiritus,
2707 2254 2761 2301 et
2808 2248 2988 2318 angeli
3036 2256 3318 2317 aspectum

1735 2344 1920 2414 largiri
1977 2351 2134 2398 antea
2187 2343 2380 2406 voluit,
2427 2357 2638 2398 necnon
2679 2349 2735 2396 et
2819 2341 2968 2396 illius
3017 2341 3322 2410 approbare

1734 2450 1924 2505 preces
1948 2449 2011 2489 ac
2034 2434 2266 2504 jejunia,
2299 2434 2624 2503 reliquaque
2653 2432 2723 2486 ab
2751 2447 2817 2487 eo
2839 2441 3103 2502 prmclare
3126 2440 3277 2502 gesta
3303 2449 3321 2496 ;

1734 2535 1793 2581 ut
1822 2526 1967 2597 quod
2020 2527 2284 2597 apostolis
2321 2526 2703 2596 praecipueque
2750 2523 2931 2590 Petro,
2964 2525 3322 2578 commissum

1733 2615 1937 2679 fuerat,
1993 2631 2058 2671 eo
2113 2631 2180 2670 ne
2231 2617 2502 2684 privatum
2563 2614 2843 2670 hominem
2895 2615 3048 2668 illum
3094 2615 3315 2679 vellent,

1733 2724 1893 2779 quem
1922 2706 2064 2762 Deus
2089 2708 2271 2776 reipsa
2298 2716 2612 2762 vocaverat.

1801 2799 1893 2853 ιν.
1930 2799 2106 2870 Atque
2127 2799 2240 2854 inec
2262 2799 2480 2868 quidem
2504 2813 2570 2853 eo
2587 2798 2747 2852 modo
2780 2804 2911 2852 tunc
2934 2797 3317 2853 administrata

1731 2900 1880 2955 sunt,
1911 2906 2031 2962 quae
2065 2891 2240 2948 falsus
2288 2891 2381 2944 ille
2413 2892 2693 2959 apostolus
2723 2889 3020 2944 Cerinthus
3059 2889 3318 2947 seditiose

1731 2994 2118 3041 commoverat.
2198 2983 2666 3050 Quemadmodum
2731 2983 2864 3037 alias
2925 2981 3316 3053 Hierosolymis

65 3067 139 3162 τοῦ
167 3073 508 3162 εἰργάσαντο
555 3075 614 3126 ὲν
663 3075 801 3146 αὐτῇ
849 3078 912 3145 τῇ
960 3075 1348 3148 Ἰερουσαλὴμ,
1393 3078 1626 3149 ὁπηνίκα

1735 3095 1854 3135 eum
1884 3080 2000 3136 suis
2023 3080 2164 3134 idem
2195 3079 2285 3134 ille
2319 3079 2588 3132 tumultus
2637 3077 2876 3132 concivit
2911 3095 2924 3130 :
2955 3076 3174 3146 quando
3208 3079 3317 3132 sci-

68 3161 248 3225 "1510;
277 3165 486 3235 ἀνῆλθε
523 3166 657 3234 μετὰ
695 3167 876 3230 Τίτου,
927 3167 1003 3230 ὡς
1046 3169 1139 3221 καὶ
1167 3163 1320 3232 οὗτος
1370 3169 1474 3238 ἔφη
1497 3211 1512 3234 ,
1545 3172 1627 3226 ὃτι

69 3252 290 3319 Ἀνδρος
342 3256 766 3324 ἀκροϐὐστους
819 3259 1133 3328 εἰσήνεγκε
1186 3264 1313 3329 μεθ’
1373 3263 1625 3330 ἑαυτοῦ,

68 3343 146 3411 ἥδη
179 3348 301 3415 περὶ
331 3349 531 3400 τούτου
565 3349 758 3416 λέγων,
793 3351 1122 3415 Κεκοίνωκε,
1150 3354 1302 3422 φησι,
1349 3354 1441 3407 τὸν
1475 3355 1627 3423 ἅγιον

66 3433 222 3488 τόπον.
251 3438 345 3491 Διὸ
401 3440 498 3492 καὶ
531 3440 738 3504 Παῦλος
779 3441 963 3510 λέγει’
1009 3443 1160 3497 Ἀλλ’
1203 3443 1344 3498 οὐδὲ
1392 3444 1558 3510 Τῖτος
1595 3448 1628 3499 ό

68 3524 168 3575 σὺν
187 3527 332 3594 ἐμοὶ,
370 3531 613 3598 Ἕλλην
638 3529 742 3594 ὢν,
778 3534 1132 3604 ἠναγκάσθη
1173 3537 1622 3605 περιτμηθῆναιο

67 3612 144 3668 διὰ
167 3617 230 3670 δὲ
266 3622 415 3686 τοὺς
437 3623 876 3691 παρεισάκτους
911 3625 1385 3695 ψευδαδέλφους,
1409 3629 1625 3695 οἵτινες

72 3712 458 3781 παρεισῆλθον
472 3717 936 3784 κατασκοπῆσαι
954 3717 1068 3784 τὴν
1079 3720 1424 3788 ἐλευθερίαν
1436 3719 1622 3789 ἡμῶν,

73 3796 136 3861 ἦν
166 3803 383 3873 ἔχομεν
405 3808 479 3859 ἐν
507 3807 758 3874 Χριστῷ,
800 3804 891 3874 οἷς
928 3809 1069 3863 οὐδε
1097 3813 1244 3878 πρὸς
1280 3811 1438 3880 ὥραν
1465 3813 1626 3877 εἴξα-

77 3907 161 3952 μεν
180 3895 245 3964 τῇ
275 3898 572 3967 ὑποταγῇ.
595 3901 705 3953 Καὶ
727 3904 838 3964 τοῖς
858 3902 916 3954 ἐν
950 3903 1284 3974 ἀκροϐυστίᾳ
1317 3906 1626 3977 παραγγέλ-

75 3983 159 4038 λων
186 3988 368 4058 ἔλεγεν
386 4005 400 4020 ·
426 3991 522 4060 Μὴ
541 3993 964 4063 περιτέμνεσθε
981 4010 992 4023 ·
1018 3994 1130 4057 ὅτι,
1150 3995 1260 4049 ἐὰν
1278 3996 1626 4065 περιτέμνη-

78 4081 177 4141 σθε,
207 4082 461 4148 Χριστὸς
486 4081 641 4152 ὑμᾶς
669 4083 851 4138 οὐδὲν
886 4085 1202 4154 ὠφελήσει.
1257 4087 1523 4156 Διήρκεσε
1567 4087 1624 4140 δὲ

79 4169 100 4235 ἢ
126 4174 377 4244 περιτομὴ
405 4175 582 4246 χρόνῳ
607 4177 1019 4246 ὑπηρετήσασα,
1051 4178 1154 4239 ἕως
1187 4179 1220 4248 ἡ
1254 4178 1452 4246 μείζων
1478 4195 1625 4249 περι-

84 4263 188 4333 τομὴ
212 4267 542 4337 παρεγένετο
562 4307 577 4331 ,
614 4268 858 4320 τουτέστι
890 4269 950 4322 τὸ
984 4269 1206 4340 λουτρὸν
1239 4271 1336 4340 τῆς
1368 4259 1624 4339 παλιγγε-

81 4354 244 4419 νεσίας,
262 4357 340 4422 ὡς
364 4355 527 4409 παντί
550 4373 628 4427 τῳ
648 4357 806 4426 δῆλόν
835 4358 972 4420 ἐστι,
1007 4357 1102 4410 καὶ⁸
1147 4359 1476 4430 σαφέστερον
1517 4359 1622 4412 δεί-

1730 3175 1858 3230 licet
1889 3190 2012 3230 cum
2044 3173 2168 3229 Tito
2201 3173 2404 3230 Paulus
2436 3174 2675 3236 advenit,
2726 3182 2891 3243 atque
2938 3173 3011 3227 ita
3043 3173 3184 3228 idem
3222 3173 3314 3229 ille

1729 3265 1945 3320 locutus
1991 3273 2095 3321 est.
2169 3264 2320 3318 Viros
2340 3265 2654 3334 pra'putium
2709 3264 2957 3318 habentes
3005 3281 3185 3318 secum
3225 3265 3312 3318 in-

1728 3357 1880 3410 duxit
1900 3357 1941 3419 ⁸,
1969 3357 2170 3427 quibus
2197 3354 2263 3408 de
2287 3353 2410 3408 Tito
2445 3354 2785 3425 significabat
2812 3371 2824 3408 :
2850 3351 3052 3408 Locum
3073 3394 3088 3418 ,
3115 3354 3312 3422 inquit,

1728 3451 1981 3499 sanctum
2031 3443 2320 3513 profanum
2374 3442 2522 3498 fecit.
2554 3443 2734 3508 Quare
2782 3444 2857 3496 ita
2890 3441 3094 3498 Paulus
3120 3443 3258 3497 dixit
3293 3462 3309 3499 :

1728 3537 1834 3594 Sed
1857 3553 2015 3607 neque
2045 3538 2192 3590 Titus
2221 3538 2310 3606 qui
2352 3553 2550 3590 mecum
2592 3545 2728 3600 erat,
2754 3553 2872 3589 cum
2901 3544 3035 3591 esset
3069 3537 3304 3605 gentilis,

1727 3630 2024 3698 compulsus
2053 3639 2130 3683 est
2155 3630 2482 3683 circumcidi.
2517 3628 2621 3683 Sed
2653 3639 2864 3697 propter
2885 3627 3312 3683 subintroductos

1728 3715 1894 3791 falsos
1925 3723 2138 3790 fratres,
2157 3722 2246 3789 qui
2278 3721 2688 3774 subintroierunt
2715 3722 2990 3788 explorare
3015 3721 3309 3776 libertatem

1724 3833 1880 3886 quam
1905 3816 2154 3870 habemus
2200 3817 2255 3869 in
2300 3815 2532 3872 Christo.
2567 3817 2771 3882 Quibus
2813 3834 2974 3884 neque
3019 3817 3086 3870 ad
3122 3819 3309 3872 horam

1726 3911 1974 3964 cessimus
2029 3909 2348 3977 subjectione
2380 3910 2424 3960 ⁵.
2463 3907 2674 3963 Deinde
2726 3911 2998 3980 praeputio
3047 3911 3309 3981 prteditos

1726 4001 1812 4056 his
1841 4001 2018 4056 verbis
2072 4002 2432 4055 hortabatur:
2469 3999 2651 4055 Nolite
2681 4003 3010 4056 circumcidi.
3055 4000 3202 4056 Nam
3257 4003 3305 4055 si

1725 4093 2195 4159 circumcidamini,
2216 4093 2457 4148 Christus
2476 4093 2609 4148 nihil
2623 4095 2856 4162 proderit
2876 4095 2919 4149 ⁸.
2943 4094 3306 4150 Circumcisio

1726 4196 1889 4251 porro
1923 4181 2112 4236 tandiu
2168 4198 2328 4238 suum
2378 4192 2594 4252 tempus
2641 4183 2853 4248 habuit,
2899 4183 3073 4239 donec
3127 4183 3307 4253 major

1724 4273 2077 4327 circumcisio
2118 4274 2239 4343 ejus
2283 4281 2369 4329 est
2403 4275 2526 4329 loco
2557 4274 2876 4338 substituta,
2921 4275 3075 4345 113
3106 4291 3305 4345 nempe

1725 4363 1816 4416 illa
1873 4365 2091 4420 lotionis
2141 4366 2330 4420 iterata
2393 4366 2717 4436 generatio;
2787 4366 2840 4420 id
2904 4367 3048 4435 quod
3097 4367 3304 4420 nemini

83 4458 232 4497 ανντιι
271 4448 380 4500 ἀπὸ
421 4447 530 4499 τῶν
583 4447 734 4519 παρά
775 4450 887 4512 τοῖς
933 4449 1250 4514 ἀποστόλοις
1294 4452 1619 4522 εἰρημένων,

1735 4456 2021 4510 obscurum
2077 4464 2182 4522 est,
2241 4457 2658 4526 evidentiusque
2695 4472 2792 4527 per
2819 4472 2883 4510 ea
2917 4473 3038 4526 qua)
3078 4473 3202 4510 cum
3233 4457 3304 4511 ab

84 4534 276 4599 μάλιστα
306 4539 463 4609 παρὰ
497 4539 577 4609 τῷ
622 4540 761 4610 ἁγίῳ
799 4541 1126 4612 ’Λποστόλῳ.
1156 4544 1354 4598 Φάτκει
1393 4544 1498 4616 γὰρ
1529 4545 1622 4598 οὖ-

85 4637 188 4684 οωςο
224 4628 319 4693 οἷς
357 4627 502 4682 οὐδὲ
549 4629 700 4696 πρὸς
730 4629 900 4698 ξῶραν
936 4631 1180 4700 εἴξαμεν
1210 4633 1287 4701 τῇ
1328 4635 1616 4705 ὑποταγῇ.

83 4710 214 4767 Παντὶ
243 4718 294 4770 δὲ
327 4719 406 4788 τῷ
437 4718 742 4790 βουλομένῳ
769 4724 1047 4774 κατανοεῖν
1070 4722 1139 4776 τὰ
1165 4724 1314 4794 παρά
1340 4728 1452 4788 τοῖς
1481 4727 1618 4778 ἀπο-

81 4806 246 4870 στόλοις
288 4813 412 4864 τότε
465 4813 1036 4882 πεπραγματευμένα,
1083 4814 1356 4885 Θαυμάσαι
1407 4816 1615 4882 ἔπεστι,

86 4897 174 4960 πῶς
193 4903 251 4954 τὰ
269 4904 423 4975 παρά
445 4907 508 4974 τῇ
538 4905 744 4974 αἱρέσει
769 4905 1022 4977 ταύτῃ-ἐξ
1052 4908 1290 4971 ἐπινοίας
1313 4908 1620 4977 πνεύματος

83 4988 248 5062 τᾶ-ἀνης
272 4994 636 5064 ἐνεργηθέντα
665 4995 755 5049 τὸν
790 5000 1110 5069 χαρακτῆρα
1142 4998 1483 5052 ὑποδείκνυσι
1511 5000 1618 5052 τῶν

85 5077 148 5130 διὰ
173 5084 262 5134 τῶν
292 5087 562 5159 αἱρέσεων
594 5086 798 5139 τούτων
834 5089 890 5140 ἐν
926 5092 1038 5152 τοῖς
1067 5089 1384 5153 ἀποστόλοις
1411 5091 1510 5162 τὴν
1536 5091 1619 5144 κί-

86 5183 202 5235 νησιν
238 5178 651 5248 ἐργασαμένων.
688 5177 1066 5230 Ἀποστάντων
1109 5178 1216 5249 γὰρ
1261 5179 1484 5244 τούτων,
1526 5183 1619 5234 καὶ

89 5257 145 5319 εἷς
177 5262 625 5330 ’ᾇευδαποστόλους
673 5268 1021 5338 τραπέντων,
1074 5271 1168 5322 καὶ
1214 5269 1403 5333 ἀλλους
1455 5271 1614 5341 ψευδ-

87 5354 363 5420 απῦςτόλους
403 5359 860 5421 ἀποστειλάντων,
907 5359 982 5422 ὡς
1015 5361 1107 5412 καὶ
1144 5359 1242 5430 ἤδη
1271 5361 1612 5432 προείρηται,

91 5438 145 5535 ξῖς
169 5445 245 5515 τὴν
283 5451 612 5519 Ἀντιόχειαν
651 5453 708 5503 ὲν
739 5452 904 5522 ἀρχῇ,
935 5453 1028 5506 καὶ
1061 5453 1140 5516 είς
1176 5452 1367 5517 ἄλλους
1393 5455 1611 5519 τόπους,

90 5530 308 5607 λέγοντας,
333 5545 441 5606 ὅτι,
486 5544 626 5597 Ἐὰν
665 5543 752 5614 μὴ
799 5545 1214 5618 περιτμηθῆτε,
1277 5547 1377 5602 καὶ
1419 5549 1615 5618 5pde-

1728 4546 1852 4600 aliis
1910 4547 2192 4614 apostolis,
2222 4555 2335 4600 tum
2395 4548 2666 4617 principue
2698 4562 2726 4598 a
2767 4545 2938 4600 Paulo
2965 4546 3110 4599 dicta
3149 4554 3302 4610 sunt,

1727 4635 2054 4691 ostenditur.
2106 4638 2185 4690 Ita
2233 4638 2378 4690 enim
2414 4637 2544 4691 ille:
2582 4635 2785 4702 Quibus
2831 4651 2992 4705 neque
3025 4635 3094 4688 ad
3115 4635 3301 4688 harant

1724 4729 1974 4782 cessimus
2025 4727 2365 4797 subjectione.
2422 4726 2577 4794 Quod
2633 4728 2679 4784 si
2743 4727 2866 4796 quis
2908 4743 2971 4781 ea
3017 4742 3138 4796 qua:
3183 4736 3300 4781 tum

1724 4820 1793 4874 ah
1841 4818 2102 4889 apostolis
2158 4828 2312 4889 gesta
2363 4827 2492 4874 sunt
2551 4817 2988 4873 animadvertere
3039 4817 3297 4879 voluerit,
3397 4823 3400 4826 ’

1722 4909 1850 4963 huic
1883 4907 2142 4963 admirari
2171 4909 2494 4979 cumprimis
2519 4915 2793 4972 occurret,
2837 4906 3298 4975 quemadmodum

1720 5015 1840 5068 qua:
1860 5007 1975 5052 tum
2003 4999 2072 5052 ab
2102 5001 2201 5053 hac
2235 4997 2429 5052 haaresi
2449 4995 2728 5051 mendacis
2776 4995 3038 5051 instinctu
3068 4995 3300 5064 spiritus

1721 5091 2097 5147 administrata
2115 5090 2531 5159 suntﬁproprias
2557 5089 2772 5142 illorum
2794 5099 2952 5144 notas
2966 5088 3297 5157 exprimant,

1720 5181 1810 5251 qui
1841 5196 1938 5250 per
1970 5180 2278 5236 istiusmodi
2302 5180 2538 5235 hmreses
2574 5188 2754 5234 motus
2795 5179 2916 5234 illos
2948 5179 3003 5233 in
3032 5179 3298 5248 apostolis

1720 5273 2071 5327 concitarunt
2100 5290 2114 5326 :
2139 5287 2265 5325 nam
2298 5287 2425 5325 cum
2454 5272 2542 5327 isti
2575 5286 2601 5323 a
2647 5271 2771 5325 ﬁdei
2815 5271 3126 5341 integritate
3148 5268 3299 5324 dele-

1721 5369 1943 5431 cissent,
1971 5375 2023 5420 et
2050 5367 2102 5419 in
2127 5365 2292 5420 falsos
2315 5367 2592 5435 apostolos
2622 5372 2807 5420 essent
2831 5362 3102 5428 conversi,
3130 5361 3299 5417 alios-~

1721 5473 1827 5526 que
1867 5455 2090 5526 perinde
2139 5455 2308 5510 falsos
2341 5457 2619 5525 apostolos
2666 5457 2965 5519 misissent,
3015 5453 3110 5526 qui
3140 5454 3292 5508 dice-

1722 5557 1845 5604 rent
1890 5547 2058 5602 :Nisi
2098 5547 2601 5619 :circumcidamini,
2656 5558 2706 5604 et
2763 5546 3076 5603 custodiatis
3128 5546 3300 5616 legem

141 5711 282 5780 ‘Act.
328 5735 406 5787 ιι,
449 5719 601 5783 5-12.
729 5720 852 5780 Act.
887 5740 941 5790 Χ,
968 5724 1062 5783 47.
1133 5725 1155 5757 ³
1181 5726 1298 5782 Act.
1335 5743 1410 5791 τι,
1436 5727 1490 5783 5.
1566 5727 1587 5760 ’⁸
1619 5735 1626 5776 1

1735 5735 1792 5784 tt.
1831 5744 1888 5796 ιι,
1926 5728 2042 5786 5-5.
2123 5727 2142 5760 ³
2179 5727 2356 5786 Galat.
2403 5745 2460 5794 τι,
2486 5727 2550 5787 2.
