3760 6176
472 230 599 301 sis"

1885 244 1942 303 S.
1984 244 2047 301 ΕΙ

2190 247 2225 299 .-\
2237 242 2326 299 NII
3601 243 3672 302 333

479 360 673 431 Moysi,
700 377 804 415 non
834 349 1056 431 potestis
1085 360 1342 426 salvari‘,
1377 360 1570 433 ingens
1602 362 1726 420 inde
1754 364 1890 419 facta
1910 380 2047 420 com-

2189 368 2302 430 ἠτε
2336 363 2443 416 τὸν
2474 363 2663 431 νόμον
2698 357 3015 425 Μωῦσέως,
3044 356 3115 412 οὐ
3146 356 3415 412 δύνασθε
3449 358 3671 427 σωθῆναι·

477 455 647 507 motio
686 461 791 517 est,
828 464 884 507 ut
937 464 1064 509 ante
1094 455 1356 509 diximus.
1404 456 1580 526 Atque
1638 458 1715 511 illi
1769 458 1869 527 ipsi
1928 466 2057 513 sunt

479 559 617 612 quos
656 544 859 599 Paulus
898 544 1063 599 falsos
1096 547 1372 614 apostolos
1405 555 1584 610 vocat,
1613 549 1897 616 operarios
1929 549 2060 601 sub-

480 636 659 701 dolos,
692 636 1152 692 transformantes
1178 654 1235 693 se
1259 638 1312 691 in
1346 640 1623 708 apostolos
1664 639 1869 694 Christi
1909 640 1951 695 '.

554 808 623 863 ν.
663 808 901 865 Μαιιιιωῑ
936 811 1081 866 enim
1122 811 1416 882 Evangelia
1455 826 1563 866 non
1595 813 1826 884 integro,
1871 814 1965 868 sed
1995 830 2060 868 ex

486 915 641 973 parte
680 904 947 957 duntaxat
982 911 1231 969 utuntur,
1264 904 1523 958 nimirum
1556 915 1775 974 propter
1820 907 2065 974 genealo-

487 998 651 1063 giam,
691 1010 812 1064 quive
861 996 980 1064 ejus
1024 1004 1107 1050 est
1152 997 1333 1049 carnis
1368 996 1607 1066 propria,
1653 997 1799 1066 quod
1847 996 2063 1065 quidem

490 1086 765 1158 Evangelii
821 1088 1188 1141 testimonium
1234 1088 1485 1165 aﬂ‘erunt,
1540 1097 1701 1157 atque
1749 1089 1821 1142 ita
1870 1087 2067 1157 praedi—

490 1187 636 1231 cant.
672 1177 869 1247 Suﬁicit
900 1179 1179 1246 discipulo,
1216 1179 1263 1232 si
1312 1180 1379 1232 sit
1423 1179 1559 1232 sicut
1600 1181 1849 1248 magister
1885 1183 1997 1248 ejus
2024 1180 2064 1233 ³.

493 1270 632 1334 Quid
684 1270 867 1339 igitur,
924 1271 1216 1338 inquiunt?
1271 1270 1642 1326 Circumcisus
1681 1280 1763 1327 est
1792 1270 2066 1326 Jesus:tu

492 1376 709 1429 quoque
758 1363 871 1427 ipse
907 1361 1318 1415 circumcidere.
1351 1362 1605 1417 Christus
1650 1378 1715 1416 ex
1761 1364 1893 1431 legis
1930 1380 2068 1432 prae-

492 1451 700 1520 scripto
731 1452 896 1504 vitam
923 1452 1158 1505 instituit
1184 1470 1196 1505 :
1223 1462 1279 1507 tu
1308 1454 1475 1523 igitur
1500 1453 1686 1507 eadem
1724 1454 1909 1510 facito.
1933 1454 2071 1509 Hinc

495 1543 740 1596 nonnulli
773 1544 850 1597 sic
892 1545 959 1597 ab
982 1545 1090 1599 illis
1115 1552 1373 1614 tanquam
1410 1547 1693 1600 venenatis
1728 1547 2071 1616 serpentibus

493 1633 705 1700 abrepti
739 1633 1133 1687 verisimilibus
1163 1633 1378 1687 illorum
1412 1634 1717 1687 rationibus
1763 1634 2074 1688 assentiun-

2168 455 2267 521 οὐχ
2290 457 2323 525 ἡ
2353 452 2593 523 τυχοῦσα
2617 452 2734 505 τότε
2769 450 2981 521 ταραχὴ
3026 448 3264 517 ἐγένετο,
3288 448 3365 509 ὡς
3396 449 3670 520 προείρηται,

2158 546 2269 598 Καὶ
2294 540 2435 598 οῦτοι
2481 546 2615 596 εἰσιν
2658 545 2707 595 oi.
2757 541 2909 611 παρὰ
2945 539 3023 610 τῷ
3059 538 3256 609 Παύλῳ
3285 540 3551 610 εἰρημένοι
3570 542 3673 609 ψευδ-

2160 637 2466 694 απόστολοι,
2514 635 2740 705 ἐργάται
2783 633 2977 697 δόλιοι,
3022 628 3594 700 μετασχηματιζόμενοι
3623 636 3672 696 ιές

2161 725 2488 788 ἀποστόλους
2516 724 2775 795 Χριστοῦ.

2235 819 2309 870 Ε’.
2362 817 2614 887 Χρῶνται
2647 816 2756 886 γὰρ
2798 815 2876 884 τῷ
2914 812 3056 867 κατά
3100 810 3377 865 Ματθαίον
3426 808 3676 881 manus,

2164 909 2271 961 ἀπὸ
2308 909 2528 979 μέρους,
2567 908 2660 959 καὶ
2716 906 2837 975 οὐχ).
2869 905 2976 975 ὂλῳ
3000 921 3013 934 ·
3052 902 3188 956 ἀλλά
3227 901 3317 955 διὰ
3360 900 3462 971 τὴν
3495 906 3677 969 γενεαλο-

2165 997 2291 1065 γίαν
2330 997 2429 1067 τὴν
2465 996 2748 1065 ἔνσαρκον,
2785 995 2881 1048 καὶ
2923 993 3127 1063 ταύτην
3171 990 3476 1062 μαρτυρίαν
3513 992 3677 1061 φέροντι

2167 1086 2274 1139 ἀπὸ
2316 1085 2410 1138 τοῦ
2456 1085 2807 1153 Εὑαγγελὶου,
2843 1084 3004 1138 πάλιν
3033 1083 3304 1150 λέγοντες,
3350 1082 3436 1133 ὃτι
3480 1082 3679 1148 Ἄρκετίιν

2168 1174 2247 1241 τῷ
2266 1174 2523 1245 μαθητῇ,
2556 1175 2655 1228 ἵνα
2688 1173 2928 1243 γένηται
2952 1174 3033 1238 ὼς
3058 1174 3091 1225 ό
3110 1170 3498 1235 διδάσκαλος.
3525 1167 3679 1231 Titii,

2171 1266 2324 1334 (paci;
2351 1265 2703 1336 Περιετμήθη
2728 1266 2757 1316 ὁ
2790 1263 3014 1335 Ἰησοῦς·
3049 1260 3424 1333 περιτμήθητι
3450 1262 3531 1313 καὶ
3551 1262 3679 1321 αὑτός.

2170 1357 2401 1429 Χριστὸς
2436 1357 2577 1409 κατά
2606 1357 2787 1426 νόμον,
2823 1355 3006 1424 φασιν,
3038 1352 3443 1415 ἐπολιτεύσατο,
3471 1352 3549 1403 καὶ
3572 1351 3681 1412 uiti;

2171 1450 2239 1502 τὰ
2276 1449 2365 1500 ἴσα
2397 1449 2642 1517 ποίησον.
2680 1446 2842 1499 Ὅθεν
2889 1445 2982 1499 καί
3016 1462 3160 1507 τινες
3186 1447 3249 1496 ὲκ
3278 1442 3501 1505 τούτων,
3533 1442 3593 1504 ὡς
3614 1445 3685 1495 ὑπὸ

2171 1541 2510 1613 δηλητηρίων
2540 1538 3010 1611 ὑφαρπαχθέντες,
3052 1536 3329 1589 πείθονται
3377 1537 3491 1595 ταῖς
3519 1535 3684 1587 πιθανο-

2174 1633 2380 1701 λογίαις
2419 1631 2509 1685 διὰ
2546 1632 2605 1685 τὸ
2642 1631 2733 1684 τὸν
2778 1630 3011 1701 Χριστὸν
3063 1626 3510 1699 περιτετμῆσθαι.
3540 1626 3619 1678 Τὸν
3650 1628 3686 1678 δὲ

492 1730 604 1785 tur,
638 1736 704 1775 ex
739 1736 805 1774 eo
857 1723 1093 1777 maxime
1124 1724 1268 1791 quod
1301 1731 1353 1775 et
1395 1722 1646 1779 Christus
1695 1724 2043 1778 circumcisio

2189 1723 2386 1778 Παῦλον
2416 1722 2687 1787 ἁθετοῦσι,
2722 1722 2809 1776 διὰ
2839 1723 2899 1775 τὸ
2939 1723 3009 1793 μὴ
3038 1718 3321 1773 πείθεσθαι
3361 1720 3430 1788 τῇ
3460 1721 3684 1787 περιτομῇ.

496 1828 618 1865 nem
665 1814 987 1881 susceperit.
1040 1815 1193 1879 Quod
1241 1815 1309 1868 ad
1353 1814 1581 1868 Paulum
1627 1816 1879 1885 pertinet,
1929 1816 2047 1869 bun

2190 1817 2350 1870 Ἀλλά
2373 1819 2467 1870 καὶ⁵
2490 1816 2836 1869 ἐκϐάλλουσιν
2858 1815 3040 1878 αὐτὸν,
3071 1812 3161 1866 διὰ
3175 1812 3235 1864 τὸ
3256 1811 3544 1882 εἰρηκέναι·
3570 1812 3688 1861 Ὀσιι

497 1906 716 1975 penitus
746 1907 1065 1975 cxplodunt,
1100 1918 1385 1977 propterea
1418 1908 1561 1978 quod
1598 1909 2047 1983 circumcisionen

2189 1908 2246 1961 ἐν
2270 1910 2431 1977 νόμῳ
2456 1908 2819 1970 δικαιοῦσθε,
2851 1905 2960 1973 τῆς
2990 1905 3228 1973 χάριτος
3265 1901 3591 1966 ἐξεπέσατε·
3626 1904 3689 1951 καὶ

497 1998 786 2058 abdicarit,
832 2005 885 2051 et
915 1999 1166 2052 eumdem
1211 2000 1418 2053 idcirco
1450 2002 1725 2070 rejiciunt,
1758 2001 1903 2070 quod
1934 2002 2047 2056 istut

2189 1999 2280 2062 ὅτι,
2348 1998 2489 2051 Ἐὰν
2545 1996 2997 2067 περιτέμνησθε,
3055 1995 3309 2063 Χριστὸς
3368 1989 3519 2061 ὑμᾶς
3565 1990 3694 2045 οὐδὲν

498 2088 861 2154 usurpaverit.
892 2086 1198 2157 Quicunque
1229 2089 1281 2140 in
1319 2088 1424 2157 lege
1447 2088 1822 2157 justiﬁcamihi
1852 2104 1883 2139 a
1905 2087 2081 2157 gratia

495 2178 836 2243 excidistis‘;
886 2186 961 2244 et,
1021 2177 1082 2233 Si
1131 2179 1609 2244 circumcidamini,
1660 2179 1903 2234 Christus
1948 2178 2081 2232 nihil

497 2270 640 2323 vobis
668 2269 898 2337 proderit
916 2272 958 2324 ⁵.

570 2357 659 2412 γι.
703 2361 783 2414 Ad
831 2360 943 2414 haec
984 2359 1280 2417 Cerintbus
1323 2362 1487 2417 homo
1528 2362 1782 2427 stolidus,
1823 2376 1889 2415 ac
1928 2359 2083 2416 stoli—

498 2450 695 2505 dornm
739 2452 1022 2522 magister,
1048 2452 1230 2508 dicere
1276 2454 1410 2507 nihil
1463 2463 1547 2509 est
1583 2454 1816 2519 veritus,
1856 2466 2080 2523 passum

500 2542 719 2612 quidem
764 2557 828 2596 ac
860 2544 1183 2598 cruciﬁxum
1225 2560 1347 2601 esse
1382 2544 1684 2610 Christum,
1726 2545 1967 2600 nondum
2002 2553 2085 2599 ta-

499 2647 624 2687 men
670 2648 700 2685 a
751 2640 985 2688 mortuis
1032 2636 1355 2701 excitatum,
1408 2651 1471 2689 ac
1531 2643 1644 2689 tum
1696 2636 1913 2690 demum
1958 2650 2081 2689 cum

502 2722 705 2775 mortui
742 2732 1027 2793 resurgent
1066 2726 1658 2780 omnesexcitandum.
1699 2727 1885 2796 Itaque
1936 2727 2087 2792 ejus-

504 2815 649 2869 modi
682 2815 899 2870 illorum
939 2825 993 2871 et
1028 2816 1192 2881 dicta,
1223 2824 1277 2872 et
1321 2818 1577 2886 dogmata
1622 2818 1897 2873 cohaerere
1931 2816 2085 2871 nullo

502 2908 666 2961 modo
695 2915 949 2976 possunt.
991 2909 1342 2979 lndidemque
1368 2910 1575 2965 Paulus
1608 2910 1689 2965 sic
1738 2925 1833 2965 eos
1870 2909 1963 2979 qui
1999 2924 2089 2963 re-

504 3006 854 3051 surrecturos
882 3007 1130 3052 mortuos
1159 2998 1463 3053 diuiderent
1490 2999 1783 3066 redarguit.
1810 2997 1870 3053 Si
1894 2998 2089 3051 mortui

2178 2090 2499 2159 ὠφελήσει.

2254 2360 2327 2413 Z'.
2362 2350 2529 2419 Οὗτος
2556 2354 2613 2408 δὲ
2640 2356 2667 2407 ὁ
2689 2351 2959 2425 Κήρινθος
2994 2350 3219 2421 ἀνόητος
3241 2350 3337 2403 καὶ
3364 2347 3699 2417 ἁνοήτωνδιδᾶο

2185 2448 2383 2510 σκαλος
2412 2447 2611 2517 φάσκει
2641 2443 2802 2498 πάλιν
2828 2443 3128 2514 τολμήσας.
3169 2441 3407 2512 Χριστὸν
3440 2440 3699 2493 πεπονθέναι

2184 2542 2277 2595 καὶ
2309 2537 2706 2609 ἐσταυρῶσθαι,
2756 2537 2922 2607 μήπω
2954 2536 3012 2589 δὲ
3052 2532 3378 2605 ὲγηγέρθαι.
3434 2531 3634 2586 usus“

2184 2630 2526 2695 ἀνίστασθαι,
2560 2632 2687 2684 ὅταν
2717 2631 2749 2700 ή
2778 2626 3006 2681 καθόλου
3042 2625 3266 2695 γένηται
3297 2623 3507 2695 νεκρῶν
3526 2623 3701 2675 ἀναστει-

2188 2742 2293 2787 σις.
2351 2723 2653 2776 Ἀσῦστατα
2698 2722 2875 2773 τοίνυν
2918 2718 3094 2772 ταῦτα
3136 2718 3267 2788 παρ’
3317 2716 3543 2779 ἐκείνοις
3580 2715 3637 2766 τά
3666 2731 3702 2764 τε

2190 2818 2408 2888 ῥήματα
2442 2816 2536 2868 καὶ
2569 2814 2834 2884 νοήματα.
2871 2812 3034 2865 Ὅθεν
3065 2812 3160 2863 καὶ
3181 2812 3209 2861 ό
3236 2807 3451 2871 Παῦλος
3480 2807 3704 2873 iunio-‘71;

2192 2921 2351 2974 μενος
2374 2906 2487 2967 τοῖς
2520 2904 2616 2974 μὲν
2645 2901 2937 2957 ἀπιστοῦσι
2967 2904 3034 2972 τῇ
3081 2900 3379 2953 ἀναστάσει
3416 2898 3520 2951 τῶν
3554 2896 3705 2965 νεκρᾷ»,

2187 3000 2254 3067 τῇ
2298 2995 2562 3067 μελλούσῃ
2592 2994 2829 3059 ἔσεσθαι,
2855 2993 3020 3062 λέγει·
3062 2995 3130 3046 El
3156 2992 3355 3059 νεκροὶ
3380 2993 3489 3044 οὐκ
3510 2990 3705 3057 ἐτείρετ-

506 3104 609 3140 non
644 3096 943 3157 resurgunt,
990 3105 1149 3159 neque
1187 3088 1429 3144 Christus
1475 3091 1824 3145 resurrexit“.
1857 3089 2047 3145 Eodem

2192 3107 2305 3155 ται,
2329 3087 2470 3141 οὐδὲ
2494 3086 2747 3155 Χριστὸς
2775 3084 3103 3154 ἐγήγερται·
3137 3084 3230 3137 καὶ
3260 3083 3342 3145 τὸ,
3370 3082 3627 3150 dedme
3645 3084 3703 3131 καὶ

506 3196 613 3249 que
652 3183 885 3249 pertinet
931 3182 1062 3234 illud
1094 3202 1107 3235 :
1149 3181 1384 3237 Edamus
1411 3192 1460 3236 et
1495 3183 1754 3250 bibamus,
1790 3200 1909 3237 cras
1952 3183 2091 3236 enim

506 3273 851 3326 moriemur".
895 3273 1053 3344 114
1081 3273 1217 3327 Tum
1258 3274 1401 3329 istud
1436 3293 1449 3329 :
1494 3273 1675 3329 Nolite
1715 3273 2094 3330 εῖναι-τῖσον-

506 3374 756 3432 rumpunt
789 3364 949 3418 bonos
998 3383 1168 3420 mores
1207 3367 1469 3435 colloquia
1492 3369 1718 3434 prava”.
1764 3368 1842 3421 Ac
1872 3382 2093 3422 rursum

507 3473 632 3522 eos,
681 3458 773 3526 qui
820 3457 1099 3512 Christum
1150 3460 1329 3514 adhuc
1383 3461 1753 3515 resurrexisse
1796 3467 2092 3530 negarent,

508 3548 614 3601 hoc
679 3547 842 3599 modo
888 3549 1209 3601 convincit:
1250 3548 1307 3602 Si
1343 3548 1584 3603 Christus
1628 3567 1731 3603 non
1780 3552 2091 3615 resurrexit,

510 3656 647 3691 uana
686 3647 764 3692 est
807 3640 1118 3706 prwdicatio
1160 3651 1378 3701 nostra;
1408 3642 1585 3694 inanis
1626 3651 1676 3694 et
1712 3642 1840 3709 ﬁdes
1884 3651 2094 3697 vestra:

510 3731 803 3782 invenimur
832 3740 1007 3783 autem
1048 3740 1096 3783 et
1143 3732 1270 3800 falsi
1302 3740 1457 3785 testes
1492 3732 1609 3795 Dei,
1649 3733 1901 3807 quoniam
1928 3734 2098 3786 susci-

512 3824 641 3878 tavit
683 3822 968 3887 Christum,
1015 3841 1165 3892 quem
1198 3841 1302 3877 non
1331 3825 1664 3880 suscitavit’.
1699 3824 1908 3890 Quibus
1952 3824 2096 3879 indi-

509 3923 627 3976 cat,
683 3912 964 3967 Christum
1023 3931 1053 3968 a
1118 3917 1351 3971 mortuis
1400 3917 1698 3970 excitatum
1766 3916 2095 3985 praedicasse

509 4006 730 4073 quidem
779 4007 1083 4077 apostolos,
1125 4007 1391 4078 quasdam
1428 4023 1558 4062 vero
1596 4008 1835 4062 haereses
1877 4007 2115 4065 tametsi.

510 4099 821 4153 surrexisse
879 4098 1158 4153 Christum
1215 4108 1565 4164 assererem,
1618 4107 1961 4153 mortuorum
2014 4108 2098 4152 ta-

514 4205 635 4243 men
674 4191 1133 4244 resurrectionem
1176 4205 1428 4260 negasse.
1482 4190 1692 4243 Etenim
1742 4191 1797 4244 in
1840 4190 1943 4245 bac
1980 4191 2097 4260 ipsa

513 4279 735 4347 regione
781 4280 943 4344 Asiae,
979 4295 1193 4333 necnon
1255 4288 1309 4333 et
1356 4280 1409 4332 in
1443 4277 1655 4333 Galatia
1698 4280 1915 4333 illorum
1950 4280 2100 4349 ejus-

2190 3180 2431 3247 πίωμεν·
2456 3179 2663 3246 αὔριον
2676 3176 2786 3245 γὰρ
2800 3175 3277 3244 ἀποθνήσκομεν·
3294 3173 3394 3227 καὶ
3412 3174 3489 3238 τὸ,
3507 3173 3591 3237 Μὴ
3612 3176 3709 3221 :th-

2192 3270 2401 3326 νᾶσθε·
2425 3272 2773 3340 φθείρουσιν
2794 3269 2908 3337 ἤθη
2938 3269 3170 3336 χρηστὰ
3193 3267 3422 3333 ὁμιλίαι
3441 3262 3617 3315 κακαί·
3640 3264 3708 3311 πάι

2192 3364 2276 3419 λιν
2295 3365 2351 3418 δὲ
2382 3367 2495 3427 τοῖς
2514 3364 2735 3432 λέγουσι
2757 3361 2847 3415 τὸν
2876 3360 3107 3432 Χριστὸν
3149 3359 3377 3430 μηδέπω
3409 3354 3711 3426 ὲγηγερμὲνω

2193 3458 2456 3521 ὡσαύτως
2483 3458 2572 3510 τὸν
2606 3455 2826 3526 ἔλεγχον
2873 3453 3148 3523 ἐπιφέρει,
3181 3452 3377 3521 λέγων·
3421 3454 3489 3505 Et
3521 3448 3710 3516 Xpwric

2194 3551 2305 3603 οὐκ
2348 3548 2673 3618 ἐγήγερται,
2709 3546 2964 3617 μάταιον
3002 3544 3068 3598 τὸ
3110 3543 3389 3613 κήρυγμα
3432 3540 3605 3610 ἡμῶν.
3637 3556 3711 3606 μα·

2196 3641 2330 3694 ταία
2359 3640 2456 3693 καὶ
2479 3641 2517 3708 ἠ
2542 3642 2744 3704 πίστις
2773 3635 2959 3707 ὑμῶν·
2987 3636 3388 3703 εὑρισκόμεθα
3412 3632 3481 3685 δὲ
3511 3630 3595 3684 καὶ
3612 3632 3711 3695 ψει·-

2196 3732 2559 3802 δομάρτυρες
2589 3731 2696 3785 τοῦ
2730 3730 2901 3793 Θεοῦ,
2928 3729 3015 3782 ὅτι
3037 3728 3236 3797 ἤγειρε
3262 3726 3372 3780 τὸν
3398 3720 3644 3793 Χριστὸν,
3667 3720 3713 3771 ὃν

2178 3826 2307 3878 ὀὐκ
2352 3824 2609 3894 ἤγειρεν·
2639 3824 2714 3886 ὡς
2747 3822 2856 3876 τῶν
2910 3823 3009 3893 μὲν
3046 3820 3363 3889 ἀποστόλων
3404 3816 3713 3888 mpura-mn

2197 3917 2432 3987 Χριστὸν
2484 3915 2798 3986 ἐγηγέρθαι,
2856 3914 3016 3967 τινῶν
3077 3913 3136 3967 δὲ
3190 3912 3459 3980 αἱρέσεων
3507 3904 3713 3975 λεγουπῆ

2197 4004 2432 4075 Χριστὸν
2476 4006 2571 4075 μὲν
2618 4003 2936 4075 ὲγηγέρθαι,
2977 4002 3202 4073 νεκροὺς
3245 4001 3303 4054 δὲ
3338 4000 3417 4070 μὴ
3449 3993 3713 4066 ἐγείρεσθαι.

2212 4098 2298 4150 Ἐν
2325 4096 2495 4169 ταύτῃ
2521 4097 2627 4167 γὰρ
2655 4099 2720 4167 τῇ
2762 4096 3003 4167 πατρίδι,
3034 4095 3177 4165 φημὶ
3205 4095 3262 4146 δὲ
3313 4094 3495 4165 Ἀσία,
3654 4086 3715 4140 καὶ

2198 4187 2257 4239 ὲν
2281 4189 2347 4257 τῇ
2380 4187 2617 4259 Γαλατίᾳ
2643 4188 2783 4241 πάνυ
2808 4188 3025 4257 ἤκμασε
3057 4186 3118 4238 τὸ
3152 4185 3361 4238 τούτων
3390 4182 3711 4238 διδασκαλεῖα.

2200 4282 2257 4331 ὲν
2279 4274 2358 4341 οἷς
2384 4278 2476 4333 καί
2500 4297 2551 4332 τι
2585 4278 2935 4349 παραδόσεως
2961 4279 3192 4349 πρᾶγμα
3218 4274 3386 4348 ἦλθεν
3410 4278 3491 4339 εἰς
3512 4276 3651 4346 ἡμᾶς
3668 4271 3719 4327 is:

514 4369 660 4424 modi
708 4370 894 4425 schola
952 4372 1275 4439 cumprimis
1318 4386 1383 4427 ac
1424 4371 1715 4440 disciplina
1776 4370 1977 4426 ﬂoruit.
2022 4371 2047 4424 I

2201 4371 2359 4424 τινῶν
2391 4372 2489 4442 μὲν
2512 4374 2641 4441 παρ’
2664 4373 2846 4435 αὐτοῖς
2872 4370 3290 4444 προφθανὸντων
3313 4368 3613 4436 τελευτῆσαι
3630 4366 3713 4416 ἀίει

511 4477 621 4529 quo
668 4462 815 4517 istud
863 4478 893 4515 a
946 4464 1250 4532 majoribus
1282 4463 1544 4517 traditum
1589 4464 1922 4532 accepimus,
1961 4480 2097 4519 non-

513 4556 695 4611 nullos
720 4570 786 4608 ex
816 4569 884 4610 eo
910 4571 1106 4624 genere
1136 4556 1276 4609 citra
1307 4556 1642 4625 baptismum
1676 4556 2007 4623 excessisse,
2032 4572 2098 4611 ac

513 4662 613 4717 pro
644 4648 710 4701 iis
742 4648 881 4702 alios
925 4649 1257 4718 baptismum
1294 4649 1612 4703 earumdem
1650 4649 1959 4717 suscepisse
2005 4663 2099 4702 no-

516 4740 684 4801 mine,
723 4756 790 4795 ne
819 4756 943 4795 cum
986 4752 1228 4795 extrema
1259 4742 1475 4796 demum
1508 4742 1909 4797 resurrectione
1936 4756 2097 4796 revo-

516 4831 624 4884 cati
655 4833 719 4883 ad
756 4833 919 4885 vitam
967 4844 1172 4897 essent,
1217 4833 1571 4901 praetermissi
1616 4832 1870 4901 baptismi
1912 4846 2101 4901 ptenas

517 4918 908 4987 dependercnt,
937 4934 1099 4991 atque
1129 4923 1250 4991 ejus
1280 4925 1372 4992 qui
1419 4923 1681 4978 mundum
1714 4924 1963 4978 condidit
2001 4923 2103 4976 do-

520 5013 804 5066 minationi
856 5015 1165 5069 subessent.
1211 5014 1381 5084 Cujus
1424 5017 1501 5071 rei
1559 5016 1730 5086 gratia
1778 4996 2101 5085 usurpatum

2207 4462 2600 4533 βαπτίσματος,
2636 4463 2828 4524 ἄλλους
2859 4463 2915 4515 δὲ
2945 4464 3060 4516 ἀντ’
3093 4461 3274 4516 αὐτῶν
3316 4463 3402 4523 εἰς
3437 4460 3592 4526 ὄνομα
3622 4452 3719 4505 ista

2204 4572 2310 4610 νων
2337 4554 2711 4624 βαπτίζεσθαι,
2744 4557 2882 4627 ὑπὲρ
2914 4554 3008 4608 τοῦ
3048 4554 3121 4626 μὴ
3154 4556 3211 4607 ἐν
3236 4556 3302 4625 τῇ
3335 4548 3719 4606 ἀναστάσει

2206 4647 2434 4709 στάντας
2465 4648 2661 4710 αὐτοὺς
2687 4647 2841 4718 δίκην
2869 4645 3053 4703 δοῦναι
3079 4644 3372 4717 τιμωρίας,
3405 4644 3651 4714 βάπτισμα
3670 4638 3719 4707 lli

2204 4737 2513 4809 εἰληφότας,
2539 4737 2796 4807 ’γίνεσθαι
2842 4740 2901 4792 δὲ
2950 4737 3292 4810 ὑποχειρίους
3326 4737 3431 4807 τῆς
3461 4732 3548 4787 τοῦ
3573 4746 3715 4797 xossa-

2202 4830 2355 4884 ποιοῦ
2387 4830 2653 4897 ἐξουσίας.
2689 4832 2800 4885 Καὶ
2822 4831 3010 4884 τούτου
3040 4830 3201 4884 ἕνεκα
3230 4831 3263 4901 ἠ
3292 4828 3582 4900 παράδοσις
3600 4821 3676 4887 (9⁵1
3694 4822 3719 4891 ἦ,

2202 4922 2432 4975 ἐλθοῦσα
2470 4925 2551 4986 εἰς
2592 4925 2740 4993 ἡμᾶς
2768 4940 2901 4994 φησι
2929 4923 3022 4977 τὸν
3055 4922 3218 4975 αὐτὸν
3256 4921 3417 4991 ἅγιον
3465 4914 3719 4972 ’Δπύστολω

2202 5014 2502 5086 εἰρηκέναι·
2542 5017 2613 5068 El
2644 5016 2798 5082 ὅλως
2828 5015 3030 5084 νεκροὶ
3066 5018 3177 5070 οὐκ
3209 5014 3557 5085 ἐγείρονται,
3586 5009 3631 5061 τί
3655 5004 3719 5056 καί

519 5104 655 5158 illud
688 5106 758 5159 ab
792 5108 1054 5174 Apostolo
1079 5107 1267 5161 eadem
1291 5108 1359 5162 ad
1384 5124 1484 5165 nos
1514 5109 1791 5164 auditione
1827 5108 2047 5177 perlattu

2198 5106 2586 5171 βαπτίζονται
2612 5108 2764 5176 ὑπὲρ
2784 5107 3016 5173 auctir;
3045 5107 3240 5170 Καλῶς
3267 5106 3325 5159 δὲ
3360 5106 3508 5161 ἄλλοι
3532 5104 3583 5155 τὸ
3607 5097 3719 5169 ῥητέιπ

515 5205 602 5251 est
634 5216 646 5251 :
683 5195 744 5252 Si
777 5199 990 5252 omnino
1019 5201 1215 5253 mortui
1243 5217 1345 5253 non
1377 5211 1674 5271 resurgunt,
1704 5200 1829 5270 quid
1860 5210 1938 5254 est
1958 5216 2047 5270 qut

2207 5200 2622 5272 ἑρμηνεύοντες,
2657 5203 2821 5271 φασὶν
2853 5203 2934 5255 ὄτι
2982 5203 3032 5255 ol
3065 5200 3352 5272 μέλλοντες
3386 5199 3635 5267 τελευτᾷν,
3656 5192 3719 5242 iiut

592 5358 607 5389 ³
638 5357 756 5412 Act.
792 5375 881 5425 xv,
917 5359 970 5414 1.
1046 5363 1065 5393 ²
1098 5359 1139 5413 ll
1173 5361 1299 5414 Cor.
1334 5376 1407 5425 χι,
1443 5363 1496 5416 3.
1574 5362 1593 5393 ³
1624 5361 1812 5418 Matth.
1844 5377 1899 5424 x,
1932 5360 2025 5413 25.

2197 5362 2325 5417 alat.
2361 5382 2412 5428 v,
2442 5364 2491 5419 ι.
2569 5363 2591 5395 ⁵
2616 5363 2745 5418 ibid.
2779 5364 2835 5419 2.
2915 5365 2935 5395 ⁸
2964 5361 2984 5415 Ι
3014 5364 3142 5418 Cor.
3169 5378 3261 5426 xv,
3305 5359 3398 5416 l6.
3484 5359 3503 5390 τ
3526 5355 3633 5412 ibid.
3656 5348 3709 5401 52-

520 5428 698 5483 “ibid.
732 5432 820 5484 55.
899 5431 919 5461 ⁸
954 5432 1089 5486 ibid.
1123 5431 1331 5497 14,15.

592 5584 704 5658 (94)
744 5586 851 5640 Kal
907 5588 1122 5641 τούτου
1164 5586 1353 5658 ἕνεκα
1387 5588 1424 5655 ἡ
1481 5586 1831 5658 παράδοσις.
1884 5584 2095 5642 Tertul.

2207 5585 2331 5638 stoli
2366 5587 2548 5642 locum
2590 5584 2741 5639 illum
2773 5580 3010 5653 explicat
3031 5579 3128 5636 :de
3157 5594 3269 5651 quo
3293 5578 3719 5648 interpreteswﬁ‘

518 5655 617 5715 lib.
656 5655 731 5711 De
766 5673 938 5713 resur.
969 5668 1023 5712 ct
1051 5675 1080 5711 v
1109 5657 1443 5712 contrallar.
1470 5662 1535 5714 ad
1553 5655 1675 5717 euut
1703 5657 1921 5712 modum
1953 5658 2095 5725 Apo-

2210 5658 2347 5713 sule.
