3760 6176
75 177 177 236 585

686 175 1056 234 ADVERSUS
1091 176 1440 234 HASRESES
1475 176 1602 234 LIB.
1642 178 1684 233 I.
1728 172 1871 234 TOM
1931 174 1996 235 II.
2028 206 2078 218 -
2107 175 2382 233 HIERES.
2424 175 2661 234 XXVIII.

3232 179 3340 254 sas

70 292 168 351 ὦσι
199 295 622 369 κατηχούμενοι,
662 298 757 351 ἐπὶ
785 299 960 371 ταύτῃ
995 302 1062 371 τῇ
1090 300 1268 354 ἐλπίδι
1296 300 1403 371 πρὸ
1431 300 1532 370 τῆς
1564 317 1645 354 τε·

1838 299 2096 354 ιιὶιαηειιν
2131 312 2228 366 pro
2259 298 2466 367 ipsis“!
2513 297 2716 352 Verum
2760 299 2848 353 alii
2901 301 3190 357 commode
3234 302 3339 357 hoc

68 390 264 459 λευτῆς
291 388 520 461 λουτροῦ
553 389 958 455 καταξιοῦνται·
995 392 1328 456 δεικνύντες,
1366 393 1448 447 ὅτι
1489 394 1518 446 ό
1559 411 1650 447 τε-

67 483 336 552 λευτήσας
369 481 464 534 καὶ
492 481 880 552 ἀναστήσεται,
913 481 1008 536 καὶ
1047 481 1135 534 διὰ
1172 480 1334 534 τοῦτο
1382 481 1653 534 ἐπιδέεται

67 572 165 640 τῆς
192 571 282 624 διὰ
307 571 402 624 τοῦ
432 570 660 644 λουτροῦ
695 572 946 642 ἀφέσεως
968 573 1403 644 ἁμαρτημάτων.
1436 572 1653 626 Τούτων

68 663 122 716 δὲ
150 665 200 717 οί
232 663 332 735 μέν
356 663 448 717 τὸν
479 665 714 736 Χριστὸν
753 664 977 736 μηδέπω
1015 665 1314 736 ἐγηγέρθαι
1341 664 1652 736 τιιεκηρύχοι⁶

72 773 171 818 σιν,
202 757 523 810 ἀνίστασθαι
561 757 618 811 δὲ
655 758 795 828 μετά
823 759 1062 813 πάντωνο
1095 761 1146 812 οἱ
1174 759 1252 822 δὲ,
1289 761 1372 814 ὅτι
1401 759 1537 822 ὅλως
1568 777 1652 812 νε-

71 851 188 920 κροὶ
215 850 314 902 οὐκ
359 852 776 921 ἀναστήσονται.
809 850 901 904 Διὸ
937 851 1102 922 μέσος
1131 853 1386 922 χωρήσας
1423 853 1452 904 ὁ
1493 852 1653 913 Ἀπό-

73 941 251 1003 στολος
290 942 427 1012 πρὸς
470 941 816 1012 ἀμφοτέρους
847 940 1071 1005 τούτους
1103 945 1196 995 καὶ
1225 942 1323 1006 τὰς
1348 942 1539 1006 λοιπὰς
1568 943 1655 995 αἱ-

75 1034 269 1104 ρέσεις,
299 1035 358 1086 ἐν
384 1036 450 1105 τῇ
489 1036 589 1105 μιᾷ
621 1035 857 1106 ἐργασίᾳ
889 1036 990 1104 τὴν
1025 1035 1334 1106 ἀνατροπὴν
1360 1034 1654 1104 πεποίηται

71 1128 124 1180 ἐν
169 1127 235 1195 τῇ
281 1126 410 1197 περὶ
449 1126 660 1198 νεκρῶν
712 1127 1026 1190 ἀναστάσει,
1080 1129 1175 1180 καὶ
1206 1129 1263 1180 ἐν
1296 1130 1416 1191 ταῖς
1451 1144 1656 1198 μαρτυ-

75 1220 233 1288 ρίαις,
272 1215 364 1281 αἷς
392 1220 534 1273 κατά
565 1219 874 1290 λεπτότητα
904 1219 1138 1284 διεξιὼν,
1181 1221 1280 1292 τὴν
1307 1219 1530 1290 βεϐαίαν
1557 1219 1654 1272 σύ-

74 1325 255 1363 στασιν
286 1313 584 1378 ἐποιήσατο
615 1314 716 1383 τῆς
758 1311 867 1365 τῶν
905 1310 1113 1383 νεκρῶν
1154 1312 1529 1376 ἀναστάσεως,
1561 1311 1656 1364 καὶ

73 1403 363 1472 σωτηρίας,
414 1405 510 1456 καὶ
555 1403 791 1467 ἐλπίδος,
851 1404 1104 1472 φάσκων·
1141 1405 1238 1458 Δεῖ
1275 1405 1341 1458 τὸ
1391 1405 1656 1473 φθαρτὸν

70 1493 239 1546 τοῦτο
291 1494 667 1550 ἐνδύσασθαι
718 1495 1086 1563 ἀφθαρσίαν,
1145 1497 1244 1550 καὶ
1302 1495 1368 1548 τὸ
1434 1496 1658 1562 θνητὸν

70 1583 241 1638 τοῦτο
268 1585 644 1641 ἐνδύσασθαι
684 1588 1039 1641 ἀθανασίαν·
1072 1588 1167 1641 καὶ
1199 1587 1361 1640 πάλιν
1393 1589 1497 1652 ὅτι,
1520 1590 1655 1655 Χρι-

1753 390 1995 462 Apostoli
2020 391 2228 445 dictum
2268 390 2707 458 interpretantur
2732 392 2800 446 de
2847 391 2916 446 iis
2958 393 3051 462 qui
3102 394 3341 448 instante

1755 489 1948 549 morte,
1997 482 2044 538 si
2089 482 2310 553 quidem
2348 483 2734 537 catechumeni
2777 484 2907 546 sint,
2961 501 3024 537 ea
3078 500 3173 552 spe
3213 486 3338 538 ίηιί

1755 588 1912 629 sacra
1943 573 2216 627 lavatione
2248 583 2584 643 purgantur;
2618 589 2682 627 ac
2709 584 2958 628 mortuos
2985 585 3338 631 SIII'I'Ct‘llII'tIS

1755 681 1876 721 esse
1909 665 2314 728 demonstrant,
2352 667 2423 719 ob
2465 666 2630 734 idque
2661 666 3065 721 condonatione
3098 669 3188 721 illa
3220 686 3340 722 sce-

1757 759 1950 824 lerum,
1986 773 2108 828 qua:
2136 773 2232 828 per
2261 758 2593 826 baptismum
2619 758 2898 813 obtinetur
2934 759 3198 827 indigere.
3235 759 3344 815 Sed

1758 850 1974 904 illorum
2021 851 2111 903 alii
2164 849 2408 902 nondum
2465 848 2746 903 Christum
2796 851 3105 906 surrexisse
3140 851 3340 922 praedi-

1755 949 1903 1005 cant,
1935 956 1999 996 ac
2028 956 2150 995 cum
2199 943 2413 996 caeteris
2458 942 2716 997 omnibus
2760 958 2881 997 esse
2921 957 3342 1007 surrecturum;

1756 1033 1848 1086 alii
1878 1043 2126 1088 mortuos
2167 1040 2517 1088 surrecturos
2552 1049 2790 1103 unquam
2821 1035 3072 1090 funditus
3119 1045 3340 1107 negant.

1756 1124 1801 1179 It
1824 1141 1947 1195 tque
1990 1125 2230 1180 medium
2261 1125 2536 1196 quoddam
2566 1128 2669 1182 iter
2714 1129 2998 1198 ingressus
3043 1129 3344 1198 Apostolus

1758 1234 1884 1272 cum
1937 1226 2208 1288 utrosque
2239 1218 2384 1282 illos,
2425 1228 2538 1272 tum
2587 1219 2828 1289 reliquas
2871 1235 3062 1277 omnes
3105 1222 3343 1278 haereses

1757 1309 1944 1365 eadem
1977 1324 2146 1380 opera
2177 1310 2471 1370 disturbat.
2509 1327 2632 1365 cum
2664 1311 2730 1366 de
2758 1321 3102 1368 mortuorum
3135 1316 3343 1370 excita—

1757 1402 1904 1456 tione
1940 1401 2206 1472 disputat,
2255 1411 2418 1473 atque
2459 1404 2729 1472 ejusmodi
2786 1408 3115 1461 testunoniis
3148 1409 3339 1475 utitur,

1757 1493 1960 1562 quibus
1984 1493 2300 1564 singillatim
2324 1495 2590 1563 expositis
2611 1504 2956 1551 mortuorum
2980 1502 3343 1554 resurrectio-

1757 1598 1904 1649 nem,
1973 1599 2038 1638 ac
2095 1586 2329 1639 salutem
2383 1593 2439 1640 et
2483 1601 2636 1655 spem
2688 1595 2933 1641 nostram
2994 1590 3344 1648 solidissimis

69 1677 213 1743 στὸς
258 1677 571 1746 ἐγήγερται
603 1678 844 1747 ἀπαρχὴ
878 1677 998 1732 τῶν
1035 1678 1498 1747 κεκοιμημένων,
1552 1679 1652 1732 ἵνα

1838 1676 2061 1732 ,ionibus
2094 1676 2402 1740 conﬁrmat,
2448 1677 2532 1730 his
2564 1678 2790 1733 verbis:
2827 1679 3045 1748 Oportet
3086 1682 3182 1735 hoc
3225 1701 3345 1738 cor-

71 1769 164 1831 τάς
224 1769 546 1840 ἀμφοτέρας
591 1770 803 1841 σχέσεις
841 1770 951 1824 τῶν
993 1770 1260 1842 αἱρέσεων
1303 1769 1549 1838 ἐλέγξας,
1591 1771 1652 1823 τὸ

72 1860 370 1929 ἁμὸλυντον
397 1862 498 1930 τῆς
524 1860 872 1924 διδασκαλίας
905 1864 1166 1934 κήρυγμα
1198 1861 1257 1925 ἐξ
1288 1861 1547 1930 ἀληθείας
1576 1863 1650 1912 δι-

71 1952 195 2024 δάξῃ
242 1954 373 2016 τοὺς
420 1951 779 2023 βουλομένους
823 1953 1025 2007 εἰδέναι
1066 1953 1166 2022 τὴν
1205 1951 1299 2005 τοῦ
1345 1951 1482 2005 Θεοῦ
1525 1951 1654 2022 ἀλή-

74 2044 218 2097 θειαν
251 2045 353 2098 καὶ
379 2045 699 2117 σωηριιῦδη
730 2045 1100 2100 διδασκαλίαν.

1759 1769 2004 1836 ruptibile
2026 1768 2240 1822 induere
2273 1771 2739 1838 incorruptionem,
2780 1781 2830 1824 et
2860 1772 2956 1826 hoc
2996 1777 3220 1829 mortale
3262 1778 3344 1830 in-

1757 1861 1917 1914 duere
1943 1863 2399 1916 immortalitatem
2426 1865 2482 1929 ¹;
2511 1879 2574 1918 ac
2598 1881 2819 1920 rursum
2853 1885 2865 1920 :
2898 1867 3140 1923 Christus
3169 1886 3346 1923 resur-

1761 1955 1898 2007 rexit
1943 1955 2193 2023 primitiae
2231 1955 2668 2021 dormientium”,
2723 1968 2784 2012 ut
2833 1960 3116 2014 ambarum
3180 1962 3350 2016 haere-

1761 2061 1917 2101 seum
1960 2048 2422 2116 respondentibus
2461 2048 2561 2103 sibi
2604 2064 2672 2103 ex
2721 2050 2953 2105 adverso
2994 2053 3346 2120 opinionibus

70 2137 352 2192 convulsis
371 2129 556 2192 veram
592 2153 658 2192 ac
685 2138 957 2193 sinceram
990 2137 1316 2194 Christianae
1343 2137 1466 2193 ﬁdei
1518 2137 1866 2208 disciplinam
1933 2139 2005 2195 iis
2071 2139 2334 2206 traderet,
2371 2140 2466 2210 qui
2507 2141 2749 2195 divinam
2799 2143 3087 2198 veritatem
3139 2144 3348 2199 saluta-

69 2244 293 2299 rcmque
320 2229 629 2284 doctrinam
656 2229 858 2284 vellent
891 2231 1192 2300 percipere.

134 2326 218 2380 H'.
256 2323 610 2396 Πανταχόθεν
656 2324 837 2380 τοίνυν
882 2325 1132 2398 φωρατὺς
1173 2326 1238 2381 ἂν
1263 2328 1349 2399 εἴη
1383 2325 1656 2398 Κήρινθος

70 2420 158 2472 καὶ
180 2420 228 2472 0i
253 2418 353 2473 ἀπ’
384 2417 547 2471 αύτοῦ
573 2419 966 2489 ἀπατηθέντες,
1000 2421 1050 2472 οί
1077 2419 1328 2484 τάλανες,
1355 2421 1447 2473 καὶ
1476 2419 1656 2484 ἄλλοις

69 2511 226 2562 αἴτιοι
249 2510 542 2578 γεγονότες
571 2510 866 2577 ἀπωλείας,
889 2511 1000 2566 τῶν
1022 2511 1181 2566 θείων
1200 2506 1435 2583 Γραφῶν
1466 2511 1656 2580 σαφῶς
1686 2589 1690 2595 ι

71 2603 195 2670 ἡμῖν
213 2599 364 2653 κατά
389 2599 696 2671 λεπτότητα
720 2601 848 2670 περὶ
863 2601 1081 2656 πάντων
1098 2601 1287 2671 διηγου
1296 2600 1491 2672 μένων.
1517 2599 1656 2654 Οὔτε

69 2695 170 2766 γὰρ
184 2696 250 2747 ἐκ
275 2694 596 2766 σπέρματος
630 2693 826 2766 Ἰωσὴφ
843 2697 872 2748 ὁ
887 2695 1140 2766 Χριστός·
1161 2696 1284 2748 ἐπεὶ
1313 2695 1432 2758 πῶς
1452 2693 1533 2748 ἔτι
1559 2712 1654 2766 ση-

73 2791 218 2856 μεῖον
249 2787 346 2857 εἴη
378 2787 442 2840 τὸ
470 2787 749 2858 γέννημα;
783 2788 877 2841 καὶ
900 2787 963 2840 τὸ
991 2787 1140 2860 παρά
1167 2787 1244 2858 τῷ
1277 2788 1480 2860 Ἡσαΐᾳ
1506 2790 1660 2858 εἰρη-

74 2880 226 2947 μένον
243 2878 366 2943 πῶς
384 2879 463 2932 ἔτι
500 2877 897 2952 συσταθήσεται
917 2919 932 2945 ,
967 2881 1040 2944 ὡς
1068 2875 1238 2934 εἷπενο
1273 2879 1326 2934 Ἀ
1338 2882 1480 2945 ὑτὸς
1493 2882 1525 2933 ὁ
1541 2880 1662 2933 Κύ-

1838 2321 1998 2392 115
2028 2319 2143 2375 VII.
2199 2321 2470 2398 Quocirca
2515 2320 2892 2392 deprehensus
2953 2327 3195 2398 undique
3249 2329 3352 2386 Ce-

1763 2414 1980 2468 rinthus
2016 2428 2080 2467 ac
2113 2414 2400 2468 convictus
2432 2424 2670 2479 tenetur,
2707 2432 2814 2470 una
2852 2433 2976 2472 cum
3009 2420 3097 2487 iis,
3133 2423 3226 2492 qui
3255 2439 3352 2479 eo-

1762 2507 1886 2562 dem
1931 2507 1988 2561 in
2027 2521 2216 2561 errore
2247 2517 2558 2572 versantur,
2604 2507 2852 2564 infelices
2899 2511 3148 2569 homines
3187 2525 3352 2587 atque

1763 2600 2010 2670 ejusdem
2034 2615 2222 2654 secum
2247 2599 2399 2654 exitii
2430 2599 2554 2654 aliis
2586 2600 2811 2670 insuper
2839 2611 3113 2670 auctores,
3150 2607 3351 2678 quippe

1763 2708 1889 2748 cum
1931 2692 2046 2746 haec
2077 2693 2261 2747 omnia
2295 2707 2468 2748 sacra:
2508 2693 2704 2748 litterae
2734 2697 3024 2767 perspicue
3068 2709 3352 2757 accurate-

1766 2801 1874 2856 que
1910 2786 2073 2842 nobis
2115 2786 2426 2841 edisserant
2455 2804 2469 2840 :
2503 2800 2628 2839 nam
2673 2802 2853 2858 neque
2896 2791 2966 2845 de
2997 2790 3221 2863 Iosephi
3264 2809 3353 2850 se-

1767 2880 1916 2934 mine
1941 2888 2104 2934 natus
2137 2889 2221 2934 est
2249 2879 2507 2935 Christus
2537 2899 2550 2935 :
2589 2881 2681 2951 qui
2714 2884 2858 2938 enim
2889 2884 3198 2954 prodigium
3227 2901 3353 2956 pos-

64 2988 188 3037 ριος
253 2970 442 3024 δώσει
487 2971 631 3040 ὑμῖν
669 2971 945 3042 σημεῖον
992 2971 1146 3027 Ἰδοὺ
1181 2971 1219 3040 ἠ
1267 2970 1563 3040 παρθένος
1596 2971 1660 3023 ἐν

1838 2980 1852 3026 t
1886 2972 2032 3027 illius
2073 2989 2196 3028 esse
2226 2975 2528 3044 generatio,
2580 2990 2643 3030 ac
2686 2976 2832 3045 quod
2877 2976 2947 3030 ab
2977 2976 3110 3031 Isaia
3142 2980 3349 3034 dictum

71 3063 280 3132 γαστρὶ
316 3064 462 3130 ἕξει,
500 3065 598 3118 καὶ
637 3063 870 3129 τέξεται
909 3064 1063 3127 υἱὸν,
1113 3065 1210 3118 καὶ
1238 3064 1306 3117 τὰ
1344 3063 1506 3134 ἐξῆς;
1537 3064 1662 3126 Πῶς

69 3157 120 3207 δὲ
163 3157 245 3210 ἔτι
292 3157 722 3229 πληρωθήσεται
754 3157 815 3210 τὸ
845 3157 1146 3228 ἐἰρημένον
1192 3156 1343 3229 παρὰ
1374 3156 1475 3226 τῆς
1502 3155 1662 3224 ἁγίας

72 3248 354 3320 Παρθένου
392 3249 530 3321 πρὸς
554 3249 645 3303 τὸν
673 3248 934 3322 Γαϐριὴλ·
975 3248 1108 3315 Πῶς
1140 3249 1310 3302 ἔσται
1346 3248 1544 3312 τοῦτο,
1574 3247 1664 3302 ὅτι

69 3341 255 3409 ἀνδρα
283 3344 362 3395 οὐ
405 3343 714 3412 ﬁrmante;
749 3344 844 3396 καὶ
892 3342 1057 3396 αὑτοῦ
1101 3343 1368 3411 λέγοντοςο
1419 3342 1664 3411 Πνεῦμα

70 3432 236 3501 ἅγιον
269 3434 668 3488 ἐπελεύσεται
691 3435 788 3488 ἐπὶ
823 3435 916 3498 σὲ,
957 3436 1055 3488 καὶ
1090 3435 1344 3504 δύναμις
1379 3435 1662 3504 Ὑψίστου

69 3525 417 3580 ἐπισκιάσει
450 3543 571 3592 σοι,
627 3529 722 3580 καὶ
768 3527 837 3581 τὰ
879 3527 1039 3599 ἐξῆς;
1087 3529 1212 3593 Πῶς
1256 3529 1313 3582 δὲ
1357 3529 1519 3584 πάλιν
1562 3530 1663 3583 οὐκ

73 3618 467 3690 ἐλεγχθήσεται
506 3620 684 3674 αὐτῶν
717 3623 749 3692 ή
778 3621 957 3685 ἄνοια,
985 3620 1080 3674 τοῦ
1109 3621 1444 3690 Εύαγγελίου
1475 3621 1662 3690 σαφῶς

71 3709 321 3777 λέγοντος
383 3712 490 3775 ὅτι,
533 3711 764 3779 Εὐρέθη
806 3712 876 3765 ἐν
914 3712 1130 3780 γαστρί
1173 3714 1404 3782 ἔχουσα
1443 3713 1582 3782 πρὶν
1621 3716 1660 3782 ἢ

72 3803 397 3858 συνελθεῖν
417 3805 674 3870 αὐτούς
706 3805 863 3858 Ἔστι
892 3805 948 3858 δὲ
981 3805 1182 3874 γνῶναι
1208 3805 1415 3874 σαφῶς,
1441 3806 1523 3858 ὅτι
1541 3805 1660 3858 οὐδὲ

72 3898 198 3960 ἂιως
240 3897 530 3968 συνῆλθον.
557 3897 648 3967 Μὴ
692 3898 900 3966 γένοιτο
929 3897 1036 3968 γὰρ
1069 3896 1229 3951 τοῦτο
1260 3897 1463 3950 εἰπεῖνῐ
1510 3897 1662 3949 Ἐπεὶ

73 3991 164 4041 οὐκ
201 3991 268 4043 ἂν
315 3989 458 4060 μετά
495 3989 728 4060 σταυρὸν
753 3990 866 4060 (95)
903 3990 1148 4061 προενόει
1191 3989 1535 4061 παραθέσθαι
1566 3990 1662 4041 αύ-

73 4084 162 4152 τὴν
203 4083 437 4153 Ἰωάννῃ
462 4081 539 4153 τῷ
570 4083 711 4153 ἁγίῳ
744 4082 1021 4152 παρθένῳ,
1055 4082 1130 4146 ὡς
1153 4082 1321 4151 λέγει·
1349 4082 1462 4136 Ἴδε
1484 4083 1521 4149 ἡ
1547 4080 1662 4150 μή·

75 4196 175 4246 τηρ
205 4196 352 4232 σουο
385 4179 482 4232 καὶ
514 4182 583 4250 τῇ
618 4179 778 4250 αὐτῇ·
821 4178 941 4234 Ἴδε
975 4182 1008 4230 d
1038 4181 1170 4244 υἱός
1198 4196 1337 4235 σου.
1373 4180 1520 4233 Ἔδει
1551 4181 1662 4252 γὰρ

74 4275 229 4325 αὑτὸν
277 4273 623 4344 παραδοῦναι
674 4273 844 4344 αὐτὴν
889 4275 1000 4337 τοῖς
1039 4274 1209 4344 αὐτῆς
1255 4275 1594 4343 συγγενέσιν,
1626 4275 1657 4346 ἢ
1693 4323 1736 4377 D

74 4370 178 4435 τοῖς
215 4367 439 4428 τέκνοις
484 4365 579 4418 τοῦ
620 4365 838 4437 Ἰωσὴφ,
879 4367 1034 4438 εἴπερ
1070 4362 1209 4439 ἦσαν
1244 4367 1301 4434 ἐξ
1333 4370 1522 4439 αὑτῆς,
1565 4369 1663 4422 Ἰα-

75 4457 228 4528 κώϐῳ
259 4475 338 4527 φη
349 4457 414 4528 μὶ
441 4457 537 4510 καὶ
578 4457 734 4529 Ἰωσῇ
774 4458 868 4510 καὶ
911 4457 1080 4530 Ἰούδᾳ
1111 4458 1204 4512 καὶ
1225 4459 1496 4528 Συμεῶνι,
1525 4459 1662 4522 υίοῖς

74 4547 186 4602 οὖσι
211 4550 308 4603 τοῦ
353 4549 692 4620 Ἱωσὴφ(96)
729 4550 837 4604 ἀπὸ
866 4552 966 4616 τῆς
1003 4549 1169 4622 ἄλλης
1202 4551 1481 4618 γυναικός.
1527 4549 1662 4603 Οὐδὲ

73 4643 194 4714 γὰρ,
238 4645 326 4697 ὅτι
379 4642 650 4715 κέχρηται
700 4646 766 4715 τῇ
815 4643 1099 4715 Παρθένῳ,
1147 4641 1284 4706 ὅλως
1322 4641 1658 4715 εὑρίσκεται,

77 4736 205 4805 μετὰ
240 4736 302 4788 τὸ
334 4735 733 4806 γεγεννηκέναι
761 4737 794 4806 ἡ
829 4734 1108 4807 Παρθένος
1153 4735 1442 4806 ἄχραντος.
1502 4733 1662 4788 Ἀλλά

73 4825 438 4898 περὶτούτων
468 4826 568 4897 ἤδη
603 4825 660 4878 ἐν
686 4824 830 4895 ἄλλῳ
863 4843 952 4896 μοι
991 4824 1136 4894 λόγῳ
1181 4824 1369 4892 σαφῶς
1411 4840 1664 4896 πεπραγ-

77 4921 361 4987 μάτευται,
399 4919 493 4970 καὶ
528 4916 1110 4989 πραγματευθήσεται.
1141 4911 1269 4969 τΩδε
1306 4916 1362 4969 δὲ
1394 4917 1452 4970 ἐν
1483 4915 1660 4986 μέρει,

172 5015 228 5067 ἐν
265 5011 636 5082 παρεκδρομῇ
668 5009 798 5080 περὶ
824 5009 924 5079 τῆς
952 5008 1159 5062 τούτων
1183 5009 1492 5073 ὑποθέσεως
1518 5009 1662 5080 εῖρη-

149 5169 368 5226 ’lCor.
399 5184 491 5231 xv,
519 5167 612 5223 29.
687 5170 708 5199 ³
743 5165 877 5223 ibid.
913 5165 1005 5222 53.
1103 5167 1124 5198 ³
1152 5165 1286 5222 ibid.
1322 5165 1414 5219 ‘20.

74 5249 92 5278 ⁸
120 5242 276 5296 Joan.
305 5249 429 5301 xix,
461 5240 552 5303 26,
577 5237 670 5292 27.

140 5358 247 5429 (95)
311 5358 481 5411 Ἐπεὶ
509 5359 623 5429 οὐκ
664 5355 741 5410 ἂν
777 5354 946 5429 μεεὰΔ
979 5351 1266 5429 σεαυρᾴν.
1310 5350 1453 5405 Idem
1501 5363 1664 5429 argu:

77 5420 310 5484 mentum
348 5438 511 5498 urget
539 5420 807 5481 Adversus
846 5424 1148 5498 Helvidium
1181 5420 1553 5491 Hieronymus
1577 5439 1588 5473 :

76 5500 218 5564 furor
251 5492 456 5561 ca’cus',
491 5510 541 5552 et
588 5500 642 5551 in
675 5500 949 5567 proprium
991 5496 1212 5567 exitium
1245 5509 1387 5567 mens
1419 5507 1611 5544 vesana
1637 5492 1658 5544 ,ν

82 5571 212 5626 Uias
253 5571 326 5624 ad
377 5586 590 5624 crucem
632 5564 848 5622 Domini
889 5577 1112 5620 matrem
1150 5564 1265 5634 ejus
1298 5564 1464 5630 fuisse
1514 5579 1654 5631 pra:-

78 5654 285 5696 scutem.
350 5641 504 5696 Dicis
547 5639 747 5695 Joauni
796 5639 1058 5708 discipulo
1112 5633 1181 5690 ιδ
1228 5634 1566 5698 riduilatem,
1607 5642 1655 5686 et

1521 5164 1543 5195 ’⁸
1577 5164 1684 5219 Isa.
1713 5179 1814 5230 vn,
1849 5163 1934 5216 Η.

1763 3070 1847 3118 est
1872 3064 2090 3133 probari
2116 3065 2343 3120 omnino
2374 3075 2593 3136 posset:
2619 3065 2876 3122 Dominus
2902 3068 3012 3135 ipse
3030 3068 3176 3123 dabit
3207 3071 3351 3125 vobis

1763 3157 1972 3227 signum
1999 3175 2012 3211 :
2043 3156 2178 3210 Ecce
2204 3158 2348 3228 virgo
2385 3159 2658 3227 concipiet,
2683 3171 2732 3211 et
2759 3161 2930 3227 pariet
2954 3161 3126 3228 ﬁlium
3144 3161 3185 3226 ",
3204 3163 3350 3219 etc.?

1763 3249 2013 3316 Quanam
2037 3265 2166 3306 vero
2195 3251 2409 3306 ratione
2434 3251 2619 3320 perlici
2642 3252 2841 3321 poterit
2873 3253 3027 3317 illud,
3055 3253 3202 3323 quod
3237 3253 3349 3307 Ga-

1764 3340 1924 3394 brieli
1962 3339 2129 3411 Virgo
2160 3341 2504 3396 sanctissima
2533 3340 2670 3395 dixit
2702 3359 2714 3396 :
2747 3342 3022 3407 Quomodo
3064 3345 3154 3413 ﬁet
3181 3345 3348 3409 istud,

1763 3434 2013 3504 quoniam
2059 3434 2227 3487 virum
2261 3449 2362 3486 non
2395 3449 2648 3504 cognosco
2669 3433 2732 3486 "l
2759 3435 2846 3488 cui
2887 3434 2975 3490 ille
3021 3437 3302 3506 respondit
3332 3453 3345 3490 :

1754 3524 2001 3594 Spiritus
2035 3535 2251 3580 sanctus
2275 3527 2597 3595 superveniet
2627 3527 2681 3580 in
2712 3537 2781 3590 te,
2811 3537 2860 3582 et
2892 3529 3059 3582 virtus
3083 3531 3351 3585 Altissimi

1763 3618 2100 3672 obumbrabit
2136 3619 2284 3683 tibi“,
2309 3619 2445 3674 etc.?
2463 3617 2657 3674 Nonne
2691 3621 2907 3675 illorum
2942 3637 3090 3677 exeo
3123 3624 3351 3679 stultitia

1765 3709 1926 3768 facile
1959 3714 2326 3776 convincitur,
2358 3713 2501 3784 quod
2534 3713 2741 3768 diserte
2788 3715 2858 3768 in-
2881 3714 3175 3788 Evangelio
3213 3719 3351 3774 scri-

1764 3814 1915 3874 ptum
1957 3813 2080 3860 est:
2115 3803 2338 3858 Inventa
2389 3813 2465 3859 est
2513 3805 2568 3858 in
2600 3816 2751 3858 utero
2813 3807 3007 3860 Itabens
3067 3819 3349 3881 antequam

1765 3896 2098 3949 convenirent
2129 3897 2192 3948 '2'
2221 3896 2359 3950 Illud
2404 3904 2584 3950 autem
2632 3897 3004 3950 certissimum
3071 3907 3173 3965 est,
3210 3916 3348 3953 nun-

1763 4004 1927 4058 quam
1968 3989 2090 4044 illos
2129 3989 2356 4043 omnino
2393 3987 2738 4045 convenisse.
2791 3988 2950 4044 Absit
2996 3991 3141 4045 enim
3193 4000 3255 4045 ut
3294 3989 3350 4046 id

1765 4096 2004 4151 unquam
2037 4081 2306 4135 dicamus!
2352 4080 2567 4150 Alioqui
2599 4096 2723 4134 cum
2769 4081 2822 4135 in
2857 4096 3023 4137 cruce
3064 4085 3346 4153 penderet,

1764 4191 1871 4230 non
1908 4185 2100 4230 sancto
2134 4173 2354 4240 Joanni,
2386 4174 2478 4244 qui
2513 4182 2567 4228 et
2611 4175 2728 4244 ipse
2766 4174 3130 4245 virginitatem
3173 4192 3354 4231 serva-

1765 4270 1864 4332 vit,
1913 4279 2141 4322 matrem
2190 4267 2595 4322 commendaret
2623 4282 2800 4333 suam,
2859 4283 2982 4322 cum
3020 4269 3092 4322 ita
3134 4270 3352 4324 locutus

1765 4369 1848 4416 est
1886 4379 1899 4416 :
1936 4360 2066 4414 Ecce
2128 4369 2296 4413 mater
2351 4370 2463 4413 tua.
2531 4358 2596 4412 Et
2647 4359 2792 4412 illam
2844 4359 3167 4428 alloquens:
3217 4359 3353 4414 Ecce

1766 4455 1915 4522 ﬁlius
1948 4463 2069 4507 tuus
2089 4453 2131 4505 ⁸.
2169 4450 2325 4506 Hanc
2370 4451 2514 4505 enim
2551 4451 2634 4504 vel
2665 4451 2914 4518 cognatis
2950 4451 3064 4506 suis
3095 4453 3349 4504 commit-

1765 4555 1879 4598 tere
1916 4544 2180 4612 oportuit,
2225 4543 2307 4596 vel
2337 4539 2557 4610 Joscphi
2603 4542 2809 4603 liberis,
2856 4542 2900 4595 si
2941 4557 3080 4610 quos
3122 4559 3187 4596 ex
3232 4542 3348 4612 ipsa

1765 4637 2088 4700 sustulerat,
2119 4643 2248 4705 puta
2278 4633 2502 4699 Iacobo,
2532 4632 2683 4698 .Iose,
2722 4633 2888 4696 ludar,
2920 4633 3183 4697 Simeoni,
3210 4651 3352 4705 quos

1763 4729 2036 4800 Iosephus
2083 4729 2185 4782 alia
2230 4744 2296 4783 ex
2331 4741 2500 4781 uxore
2553 4735 2835 4797 genuerat.
2875 4725 3062 4795 Neque
3112 4728 3258 4781 enim
3289 4727 3352 4779 ilo

1773 4825 1882 4878 lum
1911 4839 2034 4878 cum
2072 4822 2242 4875 Maria
2276 4821 2632 4876 consuevisse
2679 4821 2789 4874 ullo
2826 4819 2988 4873 modo
3019 4820 3345 4889 reperimus,

1773 4924 2129 4986 posteaquam
2163 4914 2482 4982 incorrupta
2517 4911 2604 4966 illa
2639 4920 2692 4965 et
2726 4910 3038 4966 castissima
3071 4908 3233 4979 Virgo
3257 4923 3349 4978 pe-

1771 5008 1935 5078 perit.
1973 5004 2177 5060 Verum
2207 5005 2275 5059 de
2300 5003 2388 5058 his
2415 5003 2524 5056 alio
2551 5002 2606 5056 in
2639 5001 2777 5056 libro
2810 5008 3068 5056 accurate
3092 5001 3351 5055 tractavi—

2511 5159 2530 5189 ⁸
2553 5155 2683 5212 ibid.
2722 5156 2812 5211 55.

2039 5157 2412 5224 'Luc.t,54.
2511 5155 2683 5212 °ibid.
2722 5156 2812 5211 55.
2925 5155 3352 5224 'Matth.t,18.

1771 5347 2112 5402 solitudinem
2142 5345 2588 5409 commendatam,
2625 5347 2778 5417 quasi
2818 5347 2980 5417 juxta
3023 5355 3070 5400 te
3113 5363 3214 5400 non
3257 5347 3356 5399 Ita»

1771 5421 1911 5474 beret
1957 5428 2186 5489 quatuor
2235 5418 2503 5489 ﬁliostet
2544 5419 2849 5471 innumeras
2892 5419 3072 5489 ﬁlias,
3129 5433 3354 5485 quarum

1769 5488 2032 5544 consortio
2063 5490 2352 5558 frueretur.
2391 5488 2516 5543 Viti.
2557 5489 2792 5558 August.
2830 5489 2923 5542 lib.
2958 5505 2970 5541 I
3018 5488 3093 5541 De
3136 5503 3262 5555 nup.
3301 5495 3353 5540 et

1766 5575 2010 5626 concup.,
2041 5575 2163 5629 cap.
2203 5559 2258 5629 Ij
2276 5597 2290 5611 .

1839 5625 1950 5704 ‘96)
2000 5625 2154 5698 Υὶοῗς
2185 5625 2326 5685 οὖσι
2367 5628 2474 5685 τοῦ
2512 5627 2755 5697 Ἰωσήφ.
2793 5626 2928 5683 Vide
2961 5627 3095 5682 hair.
3119 5642 3348 5682 “svnt.
