3760 6176
421 173 528 236 387

1786 170 1842 236 S.
1872 169 2003 234 El’ll

2170 172 2214 234 ll
3598 180 3685 237 588

421 306 568 356 mus,
611 265 1081 362 tractabimusque
1126 299 1336 363 postea.
1377 291 1597 346 Interim
1626 290 1730 345 hoc
1772 291 1828 345 in
1877 292 1999 345 loco

2163 311 2207 354 1t,
2251 293 2336 346 ἵνα
2381 294 2476 366 μὴ,
2521 296 2726 367 ἑτέρων
2773 295 3068 368 δηγμάτων
3099 297 3438 368 βουλόμενος
3473 297 3683 366 ποιῆται

423 399 597 455 pauca
624 383 871 453 quaedam
903 383 970 438 de
998 383 1101 437 hoc
1140 392 1462 454 argumento
1496 383 1643 437 velut.
1669 383 1845 437 obiter
1871 383 1998 436 atti-

422 475 622 544 gimus,
669 488 738 528 ne
764 472 893 527 dum
943 473 1065 527 aliis
1102 473 1306 528 mederi
1341 473 1617 527 morsibus
1643 473 1872 542 aliisque
1902 487 1996 526 ve-

424 569 638 620 nenatis
673 565 1017 634 serpentibus
1067 566 1366 620 remedium
1398 566 1590 620 afferre
1633 565 1904 628 volumus,
1943 565 1997 617 in

423 659 527 734 alia
561 657 805 726 quaedam
832 657 974 709 mala
1009 665 1356 712 transversos
1384 657 1614 711 lectores
1638 657 1992 725 abripiamus.

423 750 717 804 Enimvero
767 749 812 802 si
850 749 974 818 quis
1010 748 1207 818 judicii
1245 749 1498 803 nonnihil
1550 749 1768 812 habeat,
1818 748 1998 802 inanis

423 841 649 895 omnino
697 848 752 894 et
801 839 1031 894 ridicula
1073 841 1291 894 illorum
1341 840 1588 894 doctrina
1625 839 2000 908 comprobabi-

423 943 535 999 tur,
583 949 704 1004 qua:
734 941 786 988 et
839 932 907 986 ab
944 933 1208 1002 apostolis
1252 932 1509 987 falsitatis
1552 933 1832 996 convicta,
1881 930 1934 985 et
1968 946 1997 984 a

425 1025 766 1094 sapientibus
794 1022 1073 1086 damnata,
1097 1029 1152 1076 et
1179 1037 1208 1074 a
1237 1022 1348 1076 Deo
1381 1023 1607 1092 ipsaque
1634 1022 1769 1076 adeo
1794 1021 1998 1076 verita—

424 1119 496 1172 tis
523 1116 904 1185 przedieatione
932 1123 1016 1168 est
1042 1115 1237 1182 ejecta.

501 1206 630 1260 Vlll.
669 1208 939 1261 Caeterum
989 1206 1152 1259 iidem
1201 1206 1277 1258 illi
1313 1204 1682 1268 Merinthiani,
1722 1205 1804 1260 sic
1852 1205 1995 1259 enim

425 1299 754 1367 accepimus,
784 1297 1142 1366 appellantur.
1189 1294 1382 1349 Utrum
1412 1311 1539 1348 vero
1565 1294 1857 1348 Corinthus
1883 1293 1998 1362 ipse

425 1390 728 1445 Merinthus
777 1389 884 1441 alio
934 1388 1154 1441 nomine
1199 1387 1270 1440 sit
1319 1387 1500 1440 dictus
1537 1386 1742 1454 liquido
1788 1386 2000 1440 nescire

426 1495 512 1534 me
537 1479 711 1533 fateor
743 1495 757 1533 :
789 1492 857 1530 an
893 1485 1088 1546 praeter
1115 1476 1260 1529 hunc
1295 1476 1432 1529 alter
1457 1490 1523 1529 eo
1554 1475 1776 1530 nomine
1815 1475 2001 1544 appel-

423 1574 566 1627 latus
608 1570 899 1633 exstiterit,
927 1568 1146 1636 adjutor
1186 1568 1330 1623 illius
1360 1576 1413 1622 et
1443 1568 1649 1630 socius,
1682 1567 1733 1620 id
1776 1567 1995 1636 quidem

422 1664 526 1718 soli
558 1663 664 1717 Deo
697 1662 854 1732 116
887 1669 1226 1732 compertum
1258 1668 1361 1714 est.
1393 1659 1506 1713 l-loc
1539 1660 1682 1714 enim
1721 1675 1864 1729 saepe
1885 1660 1998 1729 jam
2032 1655 2074 1708 Β

420 1756 686 1818 diximus,
732 1771 840 1808 non
878 1755 1054 1822 ipsum
1103 1753 1280 1807 solum
1323 1751 1714 1823 l‘lierosolymis
1741 1753 2000 1822 frequent-

424 1857 510 1904 ter
535 1847 797 1918 apostolis
829 1846 1119 1908 restitisse,
1153 1844 1248 1899 sed
1279 1852 1332 1898 et
1356 1846 1449 1914 qui
1479 1860 1602 1898 eum
1628 1846 1680 1898 in
1711 1845 1841 1900 Asia
1872 1856 2000 1901 sunt

415 1941 621 1996 secuti.
651 1939 827 2008 Atque
865 1947 924 1991 ut
957 1954 1099 1991 unus
1136 1937 1388 2006 idemque
1429 1938 1520 1999 sit,
1557 1945 1650 1991 aut
1682 1938 1823 1992 alius
1848 1932 2001 2006 ejns'é

423 2035 548 2088 dem
587 2047 714 2085 cum
758 2030 851 2082 illo
896 2029 1196 2099 opinionis,
1245 2035 1299 2082 et
1348 2028 1585 2097 partium
1619 2027 1818 2093 fautor,
1863 2029 2000 2083 nihil

423 2121 716 2177 admodum
760 2120 947 2176 refert.
982 2118 1177 2173 Forma
1215 2120 1433 2189 quidem
1486 2121 1837 2189 nequissimae
1880 2121 2001 2174 illo-

425 2231 547 2270 rum
577 2213 839 2268 doctriuae
881 2226 943 2265 ac
979 2212 1126 2264 velut
1170 2219 1298 2264 nota
1331 2211 1564 2280 quadam
1606 2211 1874 2280 ejusmodi
1917 2218 2002 2266 est

424 2309 644 2378 qualem
701 2305 1135 2373 descripsimus;
1185 2310 1239 2356 et
1289 2301 1674 2358 Cerinthianos
1727 2302 1890 2356 simul
1936 2318 2001 2357 ac

427 2400 823 2456 Merinthianos
861 2397 1118 2466 appellari
1147 2403 1386 2451 constat.

498 2492 596 2548 His
635 2492 801 2562 igitur
827 2489 892 2544 de
929 2489 1201 2544 horrenda
1230 2488 1446 2542 illorum
1476 2502 1540 2541 ac
1570 2497 1883 2558 serpentum
1927 2489 2004 2543 si-

427 2583 542 2638 mili
589 2581 938 2650 improbitate
980 2579 1296 2648 disputatis,
1334 2579 1399 2633 ad
1446 2595 1540 2634 eas
1589 2597 1712 2650 qua:
1747 2581 2002 2650 deinceps

425 2683 841 2744 consequuntur
871 2671 1236 2741 promovenda
1279 2680 1364 2726 est
1402 2671 1600 2727 oratio.
1644 2670 1749 2726 Sed
1795 2673 2003 2727 haben-

425 2768 508 2821 σιω
538 2767 593 2819 in
640 2765 830 2834 primis
873 2766 1061 2834 gratiae
1109 2773 1256 2828 sunt,
1317 2765 1463 2833 quod
1508 2769 1867 2835 pessimorum
1907 2768 2005 2822 do-

425 2870 672 2930 gmatum
723 2858 948 2926 pelagus
985 2856 1132 2910 istud
1178 2857 1297 2910 sine
1349 2857 1457 2909 ulla
1509 2872 1648 2912 noxa
1692 2861 2003 2915 transmisi-

430 2967 590 3016 mus;
636 2957 689 3004 et
725 2948 858 3002 illud
891 2948 1210 3017 suppliciter
1243 2949 1649 3017 postulandum,
1685 2958 1744 3004 ut
1777 2967 1899 3005 cum
1947 2953 2002 3006 in

430 3045 670 3112 reliquas
713 3042 944 3096 haereses
977 3040 1396 3103 iucurrerimus,
1440 3044 1599 3110 quasi
1641 3044 1693 3096 in
1733 3045 2004 3097 maritima

428 3135 700 3203 quaedam,
749 3147 814 3186 ac
867 3132 1131 3186 monstris
1179 3129 1380 3186 referta
1415 3133 1596 3188 brevia
1637 3132 1823 3199 delati,
1868 3135 2008 3188 nihil

427 3229 499 3282 ab
539 3227 625 3281 his
659 3225 988 3280 incommodi
1023 3226 1316 3294 patiamur,
1355 3225 1451 3280 sed
1503 3226 1572 3279 ab
1615 3241 1678 3279 ea
1711 3243 1831 3296 quin
1870 3229 2010 3282 inter

429 3316 820 3386 disputandum
861 3316 1124 3380 illuxerit,
1167 3318 1397 3372 veritate
1440 3319 1670 3372 salutem
1706 3335 2009 3387 consequa-

347 3407 350 3410 ’
433 3425 578 3470 mur,
620 3424 743 3462 cum
777 3418 829 3462 et
864 3408 1026 3476 hujus
1062 3409 1392 3463 soliditatem
1421 3417 1752 3474 astruemus,
1784 3421 1838 3468 et
1872 3427 2008 3466 con-

431 3501 728 3554 trariarum
791 3499 1068 3553 limreseou
1130 3501 1453 3554 inanitatem
1511 3517 1865 3573 erroremque
1915 3505 2008 3560 de-

433 3592 883 3646 monstrabimus.
928 3590 1085 3656 Quod
1128 3593 1173 3646 si
1225 3592 1496 3661 quispiam
1543 3594 1918 3660 considerare,
1957 3607 2011 3652 et

432 3684 617 3752 aliqua
649 3683 768 3738 illas
799 3684 1126 3738 adumbrare
1170 3684 1528 3740 similitudine
1561 3689 1813 3755 voluerit,
1845 3706 2009 3760 quam

434 3773 703 3828 hactenus
746 3774 1122 3838 refutavimus,
1171 3775 1240 3828 ob
1284 3775 1552 3845 duplicem
1587 3778 1732 3832 illam
1773 3783 2010 3851 appella-

432 3866 636 3918 tionem
670 3881 793 3918 cuni
831 3867 1035 3934 bicipiti
1067 3867 1302 3935 quodam
1351 3880 1602 3938 serpente
1649 3872 1828 3941 reipsa
1859 3888 2011 3928 com-

435 3956 734 4025 parandam
780 3957 1011 4026 putabit,
1047 3973 1220 4027 coque
1261 3960 1458 4028 viperae
1494 3977 1690 4030 genere
1711 3978 1875 4032 quam
1909 3964 2010 4020 Se-

435 4047 701 4117 pedonem
731 4055 944 4112 vocant,
981 4064 1103 4116 qua:
1140 4049 1262 4117 pilis
1299 4058 1412 4103 toto
1446 4067 1676 4122 corpore
1701 4064 1786 4110 est
1817 4070 2008 4124 sparsa

437 4139 796 4205 rubentibus;
831 4155 1007 4208 neque
1050 4156 1248 4210 caprae,
1298 4151 1390 4195 aut
1440 4144 1556 4197 ovis
1590 4147 1638 4198 ei
1690 4155 1883 4200 natura
1927 4149 2010 4202 vel

435 4228 597 4297 pellis
626 4235 732 4290 est,
780 4229 872 4282 sed
915 4230 1216 4297 serpentis;
1255 4233 1552 4302 eademque
1602 4250 1787 4290 morsu
1833 4238 2009 4294 obviis

2106 388 2268 451 ἴασιν,
2295 387 2387 439 καὶ
2414 387 2617 458 ἐτέρων
2639 387 2983 459 δηλητηρίων
3016 387 3148 451 ἄκος
3181 390 3277 442 καὶ
3307 386 3682 457 ἀλεξητήριον,

2104 479 2184 540 εἰς
2216 477 2348 530 ἄλλα
2383 477 2512 540 τοὺς
2546 479 2972 548 ἐντυγχάνοντας
3009 479 3405 549 παρεκτρέψω.
3448 478 3599 546 Πλὴν
3636 482 3684 532 ἐκ

2105 569 2306 631 παντὸς
2335 568 2413 638 τῷ
2441 571 2537 640 τὴν
2562 569 2774 621 σύνεσιν
2805 571 3130 641 κεκτημένῳ
3157 572 3394 639 μάταιος
3425 573 3461 640 ἡ
3496 570 3684 622 τούτων

2105 659 2539 729 καταχλεύαστος
2575 661 2896 714 διδασκαλία
2936 662 3365 731 συσταθήσεται,
3407 660 3574 730 παρὰ
3604 662 3685 729 μὲν

2105 752 2425 816 ἀποστόλοις
2450 752 2805 822 ἐλεγχομένη,
2841 752 2993 822 παρὰ
3023 752 3079 805 δὲ
3107 756 3216 816 τοῖς
3253 756 3510 814 συνετοῖς
3535 768 3686 804 nu-

2104 845 2504 915 γινωσκομένη,
2538 845 2600 896 ὲκ
2629 843 2764 896 Θεοῦ
2794 843 2852 896 δὲ
2879 845 2971 896 καὶ
2996 843 3088 896 τοῦ
3117 844 3283 897 αὑτοῦ
3310 845 3407 897 τοῦ
3439 844 3546 913 τῆς
3571 844 3685 910 άλη-

2105 937 2254 1000 θείας
2278 936 2634 1007 κηρύγματος
2662 933 3056 1005 ἐκϐαλλομένη.

2175 1203 2253 1256 Θ’.
2290 1201 2593 1256 Καλοῦνται
2636 1200 2695 1256 δὲ
2740 1201 2900 1255 πάλιν
2937 1189 3085 1254 οὗτοι
3125 1201 3519 1272 Μηρινθιανοὶ,
3558 1202 3684 1273 ὡςῇ

2105 1293 2334 1347 ὲλθοῦσα
2367 1296 2446 1356 εἰς
2480 1295 2626 1364 ἡμᾶς
2671 1294 2826 1364 φήμη
2869 1294 3132 1364 περιέχει.
3181 1293 3307 1347 Εἴτε
3337 1295 3452 1364 γάρ
3478 1297 3508 1347 ὁ
3535 1295 3688 1356 αὐτὸς

2105 1386 2399 1458 Κήρινθος,
2420 1378 2716 1457 ¹Μήρινθος
2755 1388 2915 1440 πάλιν
2941 1387 3204 1450 ἐκαλεῖτο,
3237 1389 3298 1440 ού
3331 1391 3480 1442 πάνυ
3517 1406 3572 1440 τι
3602 1406 3687 1440 σα-

2107 1477 2223 1546 φῶς
2256 1481 2384 1548 περὶ
2415 1477 2604 1530 τούτου
2650 1480 2828 1547 ῐσμεν’
2878 1479 2988 1530 εἴτε
3028 1478 3186 1541 ἄλλος
3235 1496 3322 1541 τις
3373 1475 3448 1549 ἦν
3484 1481 3690 1550 Μήριν-

2108 1568 2197 1632 θος
2247 1569 2488 1640 ὀνόματι,
2544 1569 2803 1640 συνεργὸς
2855 1569 3048 1638 τούτῳ,
3075 1572 3192 1638 Θεῷ
3225 1572 3522 1638 ἔγνωσται.
3558 1572 3687 1640 Ἤδη

2105 1665 2213 1736 γὰρ
2269 1664 2514 1733 εἴπομεν,
2567 1663 2648 1714 ὅτι
2724 1662 2783 1714 ού
2838 1663 2996 1730 μόνον
3057 1662 3217 1724 αὐτὸς
3272 1665 3331 1714 ἐν
3396 1663 3690 1732 15.903015-

2109 1775 2230 1827 μοις
2269 1755 2530 1815 πολλάκις
2570 1754 2800 1824 ἀντέστη
2859 1756 2974 1816 τοῖς
3030 1754 3373 1818 ἀποστόλοις,
3427 1755 3571 1806 ἀλλὰ
3607 1757 3688 1806 καὶ

2105 1850 2155 1901 oi
2212 1848 2308 1900 σὺν
2359 1845 2508 1916 αὐτῷ
2559 1845 2616 1897 ὲν
2680 1847 2746 1914 τῇ
2799 1843 2974 1914 Ἀσίᾳ.
3006 1844 3153 1915 Πλὴν
3212 1847 3332 1915 ἦτοι
3379 1845 3549 1906 αὐτὸς
3591 1847 3686 1912 εἴη,

2106 1940 2139 2010 ἢ
2195 1940 2289 1994 κοιλ⁵
2339 1939 2496 2002 ἄλλος
2549 1939 2646 1990 σὺν
2698 1938 2846 2008 αὐτῷ
2906 1937 3186 2008 συνεργὸς,
3239 1939 3307 1990 τά
3340 1939 3515 2007 ὃμοια
3547 1936 3692 2006 αὐτῷ

2108 2031 2317 2103 φρονῶν
2343 2032 2437 2084 καὶ
2462 2031 2851 2101 συμπράττων,
2878 2031 2972 2083 καὶ
2998 2029 3070 2082 τὰ
3094 2029 3204 2093 ἴσα,
3234 2030 3390 2082 οὐδὲν
3419 2030 3689 2100 διαφέρει.

2118 2125 2181 2177 Ἡ
2207 2125 2314 2194 γάρ
2343 2127 2491 2177 πᾶσα
2518 2124 2692 2176 αὐτῶν
2714 2123 3053 2192 κακοτροπία
3075 2124 3172 2193 τῆς
3195 2123 3555 2185 διδασκαλίας
3579 2123 3694 2175 τοῦ·

2105 2233 2195 2268 τον
2235 2215 2347 2286 ἔχει
2387 2215 2477 2267 τὸν
2523 2215 2870 2285 χαρακτῆρω
2907 2215 3260 2285 Κηρινθιανοί
3303 2233 3363 2268 τε
3409 2216 3558 2286 ὁμοῦ
3609 2218 3690 2268 nl

2107 2309 2464 2379 Μηρινθιανοὶ
2492 2301 2635 2358 οῦτοι
2671 2305 2980 2359 καλοῦνται.

2183 2397 2290 2452 Καὶ
2318 2396 2490 2449 ταῦτα
2515 2396 2642 2466 περὶ
2664 2395 2764 2464 τῆς
2783 2394 2962 2464 δεινῆς
2993 2396 3088 2448 καὶ
3113 2395 3458 2465 ἑρπετώδους
3490 2395 3692 2464 μοχθη-

2112 2491 2232 2562 ρίας
2274 2488 2454 2541 αὐτῶν
2501 2486 2813 2551 διεξιόντες,
2861 2486 3023 2538 πάλιν
3049 2487 3141 2538 ἐπὶ
3173 2487 3271 2549 τὰς
3305 2485 3437 2555 ἑξῆς
3471 2488 3694 2556 προϐαί-

2109 2597 2293 2652 νομεν·
2341 2578 2791 2650 εὐχαριστοῦντες
2837 2578 2958 2648 μὲν,
3002 2579 3084 2630 ὅτι
3119 2579 3178 2629 τὸ
3220 2577 3463 2645 πέλαγος
3493 2579 3695 2629 τούτων

2109 2674 2215 2729 τῶν
2245 2673 2432 2726 κακῶν
2465 2672 2750 2742 δογμάτων
2778 2671 3028 2736 ἀϐλαϐῶς
3053 2669 3442 2740 διενηξάμεθα·
3469 2671 3698 2739 εύχὸμεο

2109 2785 2188 2820 νοι
2219 2767 2294 2831 δὲ,
2329 2766 2414 2819 ἵνα
2447 2767 2503 2816 ὲν
2533 2767 2654 2827 ταῖς
2687 2763 2812 2833 ἑξῆς
2846 2764 3295 2833 παρεντυχόντες,
3332 2763 3410 2824 ὡς
3460 2765 3544 2825 εἰς
3585 2761 3697 2813 δικ-

2112 2860 2372 2914 θαλάττια
2401 2861 2495 2914 καὶ
2517 2857 2753 2929 θηριώδη
2785 2857 2961 2928 βράχη
2992 2857 3468 2928 παρεμπεσόντες.
3492 2857 3574 2926 μὴ
3598 2857 3698 2908 ἀδιο

2112 2953 2389 3025 κηθῶμεν,
2418 2951 2555 3006 ἀλλὰ
2589 2951 2860 3020 σωτηρίας
2890 2949 3142 3018 τύχωμεν
3173 2947 3271 3017 τῆς
3303 2948 3416 3000 ἀπὸ
3444 2947 3550 3017 τῆς
3577 2947 3700 3015 μελ-

2112 3048 2307 3118 λούσης
2340 3048 2471 3116 ήμῖν
2519 3043 2642 3098 καθ’
2680 3044 2953 3112 ὑφήγησιν
2985 3040 3376 3108 ἀναφαίνεσθαι
3413 3039 3695 3108 ἀληθείας,

2112 3143 2170 3196 ὲν
2205 3140 2284 3210 τῷ
2315 3141 2465 3211 ἡμᾶς
2505 3138 2760 3206 συνιστᾷν
2797 3135 2968 3205 αὑτήν
3006 3151 3065 3186 τε
3093 3135 3187 3186 καὶ
3220 3134 3318 3204 τὴν
3348 3136 3408 3185 ὲν
3437 3134 3581 3203 αὐτῇ
3615 3150 3698 3183 κε-

2111 3232 2399 3302 νοφωνίαν.
2443 3229 2533 3300 Τῷ
2562 3229 2667 3300 γάρ
2698 3219 3008 3299 βουλομένῳ
3035 3229 3278 3287 σκοπεῖν,
3313 3228 3410 3278 καὶ
3451 3225 3553 3288 τὰς
3583 3225 3698 3278 τού-

2111 3343 2219 3378 των
2251 3324 2394 3386 ἰδέας
2437 3323 2799 3394 ἀναγράφειν,
2846 3322 2940 3374 καὶ
2985 3319 3123 3390 αὕτη
3162 3317 3696 3389 παρεικ-ασθήσεται,

2111 3418 2186 3481 ὡς
2221 3416 2436 3486 ἀληθῶς
2470 3413 2746 3482 δικεφάλῳ
2777 3413 2885 3465 τινί
2907 3413 3048 3480 ὄφει,
3081 3411 3167 3465 διὰ
3193 3411 3253 3462 τὸ
3280 3409 3582 3480 διώνυμον,
3612 3412 3698 3460 καὶ

2111 3497 2178 3581 τῇ
2228 3509 2537 3578 καλουμένῃ
2569 3506 2819 3576 σηπεδὸνι
2859 3505 3063 3576 ἐχίδνῃ,
3097 3507 3163 3574 τῇ
3200 3503 3434 3573 κομώσῃ
3464 3504 3568 3572 μὲν
3596 3505 3698 3554 πᾶν

2111 3605 2172 3658 τὸ
2222 3603 2378 3673 σῶμα
2421 3602 2591 3670 αὐτῆς
2643 3602 2700 3652 ἐν
2742 3599 2913 3670 θριξὶν
2940 3597 3216 3668 ὲρυθραῖς,
3251 3595 3353 3647 οὐκ
3395 3595 3602 3664 ἐχούσῃ
3643 3594 3696 3645 δὲ

2112 3695 2232 3747 οὐδὲ
2258 3693 2410 3762 αἰγὸς
2439 3692 2558 3744 οὐδὲ
2584 3690 2860 3762 προϐάτου
2893 3688 3054 3757 φύσιν
3081 3688 3113 3757 ἢ
3145 3686 3329 3756 δορὰν,
3354 3684 3498 3738 ἀλλὰ
3534 3686 3696 3754 sprg-

2111 3786 2228 3849 τοῦ,
2263 3785 2356 3838 καὶ
2387 3785 2484 3856 τὴν
2527 3783 2701 3853 λύμην
2750 3779 3097 3852 ἐργαζομένη
3143 3777 3231 3830 διά
3275 3775 3368 3828 τοῦ
3419 3775 3697 3846 δήγματος

2111 3882 2225 3942 τοῖς
2262 3875 2814 3947 παρεντυγχάνουσιν·
2863 3869 3242 3942 ἀνατρεπούσῃ
3283 3868 3342 3920 δὲ
3381 3871 3516 3930 τοὺς
3565 3870 3694 3936 αὐτῇ

2111 3970 2468 4040 πειθομένους
2496 3968 2571 4038 πὴ
2605 3967 2702 4037 μὲν
2730 3965 2837 4018 ἀπὸ
2877 3963 3113 4025 παλαιᾶς
3143 3961 3448 4034 θρησκείας
3491 3961 3564 4012 τὰ
3605 3961 3696 4028 τῆς

2109 4063 2254 4126 Νέας
2283 4062 2556 4132 Διαθήκης
2581 4057 2934 4128 ἁφανιζούσῃ.
2965 4057 3039 4128 πὴ
3067 4057 3123 4109 δὲ
3143 4054 3232 4107 διὰ
3258 4053 3438 4122 λόγων
3464 4053 3694 4122 ψευδῶν,

2112 4156 2186 4218 ὡς
2207 4155 2315 4208 ἀπὸ
2340 4154 2483 4217 Νέας
2517 4153 2810 4223 Διαθήκης,
2842 4150 2983 4202 κατὰ
3015 4148 3121 4202 τῶν
3148 4145 3256 4200 ἀπὸ
3289 4146 3596 4217 περιτομῆς
3621 4149 3697 4205 εἰς

2113 4246 2344 4314 Χριστὸν
2383 4243 2823 4297 πεπιστευκότων
2863 4241 3175 4294 ἀποστόλων
3207 4238 3306 4301 τὰς
3332 4237 3695 4307 ψευδηγορῖσς

435 4317 746 4387 quibusque
775 4318 938 4380 letum
989 4317 1166 4383 alfert,
1202 4329 1260 4373 ut
1307 4331 1358 4375 et
1393 4323 1617 4379 haeresis
1652 4327 1741 4380 illa
1775 4339 2003 4382 sectato-

2163 4335 2502 4408 εριφερούσῃ·
2538 4329 2605 4405 ἧς
2645 4337 2741 4403 τήν
2786 4350 2844 4385 τε
2878 4331 3039 4400 σῆψιν
3069 4331 3279 4383 καὶτὸν
3312 4330 3411 4387 ἰὸν,
3453 4329 3549 4381 καὶ
3577 4329 3693 4387 τοις

434 4426 526 4465 res
555 4425 685 4465 suos
715 4419 906 4464 enecat
942 4428 956 4464 :
991 4426 1113 4464 cum
1147 4420 1239 4464 aut
1266 4412 1460 4470 Vetere
1495 4415 1845 4473 Testamento
1876 4423 2012 4474 ritu-

433 4519 541 4572 que
567 4501 631 4555 ad
666 4503 1018 4556 evertendum
1054 4503 1261 4557 Novum
1295 4507 1498 4573 utitur;
1523 4522 1615 4564 aut
1651 4512 2011 4570 t'rauduleutis

436 4596 742 4650 rationibus
775 4611 842 4650 ex
886 4593 1037 4649 Novo
1072 4595 1421 4653 Testamento
1462 4601 1820 4673 depromptis,
1873 4623 2007 4678 apo-

2111 4431 2324 4491 ὀδὸντας
2351 4427 2428 4497 τῷ
2457 4426 2595 4495 ξύλῳ
2624 4425 2724 4494 τῆς
2755 4424 3009 4495 ἀληθείας
3042 4422 3334 4484 παίσαντες
3361 4423 3459 4474 καὶ
3485 4421 3690 4487 cna-.95-

2111 4522 2333 4590 ψαντες,
2359 4520 2451 4572 ἐπὶ
2473 4519 2570 4580 τὰς
2597 4517 2910 4588 μετέπειτα,
2940 4516 3015 4577 ὡς
3044 4517 3325 4586 προεῖπον,
3362 4512 3614 4582 χωρῆσαι
3638 4511 3686 4558 ἐν

2115 4616 2180 4684 τῇ
2211 4611 2345 4664 Θεοῦ
2375 4610 2603 4679 δυνάμει
2635 4608 2978 4677 σπεύσωμεν.

427 4687 630 4752 βιαιως,
665 4687 757 4756 qui
791 4687 1266 4743 ecircumcisiune
1299 4690 1367 4743 ad
1433 4693 1634 4748 Christi
1692 4712 1750 4750 se
1806 4699 1983 4766 tidem,
2041 4708 2389 4776 applicarunt
2462 4701 2600 4755 falso
2647 4699 2965 4770 impugnare
3014 4697 3224 4751 nititur.
3266 4695 3441 4764 Cujus
3480 4693 3687 4764 quide

437 4780 714 4834 tabiﬁcum
766 4783 938 4845 virus,
1003 4791 1166 4852 atque
1214 4782 1407 4840 dentes
1441 4790 1699 4856 quoniam
1760 4797 2004 4854 veritatis
2047 4800 2205 4870 quasi
2256 4797 2401 4852 fuste
2455 4795 2809 4850 contudimus
2841 4803 2896 4849 et
2935 4792 3321 4853 contrivimus,
3357 4789 3425 4842 ad
3456 4803 3548 4842 cas
3580 4803 3688 4856 qua:

437 4886 847 4944 consequuntur
877 4878 1225 4944 refellendas,
1290 4883 1367 4934 uti
1437 4885 1675 4942 diximus
1704 4895 2050 4962 progreditur
2089 4912 2152 4951 ac
2185 4895 2407 4950 festinat
2447 4893 2647 4946 oratio.

813 5011 1182 5069 ADVERSUS
1215 5016 1629 5088 NAZAR/EOS,

673 5144 804 5210 Quae
864 5156 941 5199 est
999 5149 1182 5204 ordine
1241 5151 1346 5217 IX,
1401 5157 1478 5209 vel
1527 5156 1742 5213 XXIX.

505 5255 543 5309 l.
589 5257 796 5313 Exinde
838 5259 1078 5317 Nazareni
1112 5267 1344 5334 proximi
1377 5280 1525 5336 sunt,
1567 5274 1822 5342 quisive
1859 5277 2008 5347 prio-

469 5413 616 5496 ,ίθη
657 5413 1028 5496 Ναξίεζρίξιῷν·
1065 5417 1140 5496 De
1184 5419 1494 5491 Nazaraeis,
1564 5430 1648 5484 vel
1707 5430 2008 5491 Nazarenis

429 5486 698 5567 videqtue
717 5487 1056 5567 ad‘Judaicas
1087 5491 1324 5567 haereses
1350 5486 1496 5550 tonio
1523 5502 1704 5566 priore
1735 5486 2003 5561 diximus;

432 5569 561 5640 nam
603 5561 740 5610 istos
771 5561 1118 5640 {prioribus
1161 5564 1410 5640 diversus
1453 5561 1642 5632 fuisse,
1677 5589 1781 5626 non
1816 5577 2006 5629 admo-

433 5623 569 5681 dum
598 5623 894 5696 persuadet
944 5629 1302 5701 Epiphanius.
1356 5637 1524 5692 Erant
1564 5623 1708 5695 enim
1729 5623 2005 5714 anilia,

2527 5033 2717 5088 ΚΑΤΑ
2734 5035 2741 5041 ’
2760 5031 3150 5086 ΝΛΖΩΡΑῙΩΝ
3183 5027 3321 5102 (97),

2423 5175 2730 5243 Ἐνάτη,’ἠ
2765 5175 2864 5228 καὶ
2894 5174 3141 5242 εἰκοστὴ
3199 5173 3405 5239 ἐνάτη.

2181 5281 2258 5334 A'.
2311 5279 2619 5353 Ναζωραῖοι
2667 5281 2902 5352 καθεξῆς
2941 5281 3148 5344 τούτοις
3186 5282 3436 5347 ἕπονται,
3482 5280 3591 5350 ἅμα
3624 5295 3682 5329 τε

2112 5438 2204 5506 qui
2261 5455 2379 5490 cum
2429 5437 2521 5491 Dei
2568 5439 2770 5492 Filium
2815 5442 3190 5509 conﬁterentur
3241 5457 3359 5495 esse
3404 5441 3680 5500 Christum

2116 5509 2292 5561 omnia
2336 5521 2509 5562 tamen
2557 5513 2743 5563 veteris
2794 5511 2919 5579 legis
2966 5511 3350 5575 observabant,
3386 5514 3462 5564 ait
3510 5513 3683 5578 Augu~

2116 5579 2310 5648 stiuus.
2341 5581 2442 5645 Qui
2468 5588 2520 5631 et
2555 5579 2792 5635 Matthtei
2831 5583 3156 5636 l‘lebraicum
3193 5582 3549 5648 Evangelium
3592 5587 3676 5632 ha-

2117 5647 2243 5702 bere
2286 5665 2404 5705 sese
2449 5650 2803 5720 jactitabaut,
2852 5654 2931 5708 uti
2979 5662 3166 5723 postea
3218 5653 3457 5710 dicetur.
3511 5653 3581 5707 De
3619 5651 3678 5704 iis
