3814 6300
80 246 165 305 339

712 239 1082 297 Αονειιευε
1119 238 1463 295 ΗᾸΕΒΕ5Ε8
1500 239 1629 293 LIB.
1674 238 1713 293 Ι.
1753 236 1917 293 TOM.
1960 237 2099 297 ιι.--
2140 236 2412 295 ΗᾸΞΒΕΞ.
2454 239 2644 295 XXIX.

3236 238 3344 301 390

84 367 240 427 αὐτοῖς
267 363 455 431 ὄντες,
486 364 521 435 ἢ
556 364 653 416 καὶ
682 364 790 433 πρὸ
816 364 1019 426 αὐτῶν,
1054 363 1087 434 ἢ
1120 364 1217 415 σὺν
1250 363 1455 426 αὐτοῖς,
1482 362 1514 430 ἢ
1541 363 1656 432 μετ’

1786 376 1851 415 es
1880 359 2009 425 illis,
2046 359 2161 414 sive
2192 360 2449 430 aequales,
2475 361 2591 415 sive
2627 358 2962 428 posteriores
3008 360 3341 425 exstiterint,

83 459 254 517 eam;
280 456 442 528 ὅμως
486 454 797 523 σύγχρονοι·
831 452 892 506 οὐ
924 452 1033 523 γὰρ
1072 451 1462 522 ἀκριϐέστερον
1494 451 1655 506 δύνα-

86 569 164 619 ;1:
189 549 459 612 ἐξειπεῖν,
490 546 635 607 τίνες
656 545 809 607 τίνας
831 542 1153 606 διεδέξαντο.
1183 540 1342 594 Καθά
1370 542 1479 611 γὰρ
1500 540 1655 611 ἔφην,

86 641 348 709 cingente:
390 633 544 708 ἦσαν
591 635 862 706 ἀλλήλοις,
918 634 1014 687 καὶ
1057 634 1219 702 ὃμοια
1261 632 1554 703 κέκτηνται
1591 631 1658 684 τὰ

90 734 409 801 φρονήματα.
454 722 615 781 οὗτοι
646 727 755 798 γὰρ
786 728 999 789 ἑαυτοῖς
1039 726 1209 795 ὄνομα
1251 724 1507 777 ἐπέθεντο
1540 724 1659 793 οὐχ).

89 822 319 891 Χριστοῦ,
351 820 489 873 οὔτε
528 819 661 873 αὐτὸ
700 818 763 871 τὸ
799 818 969 887 ὄνομα
998 817 1092 869 τοῦ
1140 815 1341 886 Ἰησοῦ,
1381 815 1514 868 ἀλλὰ
1547 816 1661 867 Να-

92 916 333 986 ζωραίων.
369 915 487 966 Καὶ
523 914 728 974 πάντες
756 911 812 963 δὲ
847 910 1164 980 Χριστιανοὶ
1193 908 1503 979 Ναζωραῖοι
1541 908 1661 961 τότε

90 1008 321 1067 mai-3m;
364 1002 691 1055 ἐκαλοῦντο.
722 999 918 1067 Γέγονε
948 997 1004 1050 δὲ
1038 997 1126 1049 ἐπ’
1158 996 1323 1065 ὀλίγῳ
1364 996 1541 1067 χρόνῳ
1569 1013 1665 1047 κα-

92 1099 268 1151 λεῖσθαι
300 1097 520 1158 αὐτοὺς
565 1092 883 1155 Ίεσσαίους,
932 1091 1060 1161 πρὶν
1098 1089 1130 1159 ἢ
1177 1088 1272 1141 ἐπὶ
1314 1087 1413 1157 τῆς
1465 1089 1664 1140 Ἀντιο-

92 1196 213 1261 χείας
246 1192 433 1260 ἀρχὴν
462 1188 705 1241 λάϐωσιν
734 1187 783 1239 οἱ
820 1184 1059 1255 μαθηταὶ
1090 1182 1371 1235 καλεῖσθαι
1406 1183 1667 1252 Χριστια-

92 1283 169 1333 vei.
207 1277 549 1333 Ἐκαλοῦντο
585 1276 641 1328 δὲ
678 1275 947 1335 Ἰεσσαῖοι,
980 1270 1068 1324 διὰ
1103 1270 1196 1322 τὸν
1240 1269 1457 1331 Ἰεσσαὶ,
1488 1262 1663 1336 οἶμαι.

102 1370 415 1440 Ἑπειδήπερ
446 1370 477 1421 ὁ
506 1367 669 1420 Δαὸὶδ
702 1364 761 1429 ἐξ
798 1363 1013 1427 Ἰεσσαὶ,
1042 1365 1106 1416 ὲκ
1134 1362 1191 1415 δὲ
1222 1360 1313 1414 τοῦ
1339 1360 1502 1412 Δαῦὶδ
1526 1358 1668 1411 κατὰ

90 1464 315 1532 {2.260va
342 1461 673 1531 σπέρματος
701 1459 733 1528 ἡ
757 1457 964 1529 Μαρία,
992 1454 1375 1526 πληρουμένης
1398 1452 1497 1522 τῆς
1520 1450 1667 1511 θείας

93 1557 122 1605 Γ
124 1554 286 1625 Qui};
318 1551 473 1605 κατᾶ
506 1550 603 1621 τὴν
637 1548 882 1601 Παλαιὰν
915 1546 1189 1616 Διαθήκην
1226 1542 1319 1597 τοῦ
1354 1541 1557 1612 Κυρίου
1585 1540 1670 1591 λέ-

90 1664 254 1715 γοειτκ
279 1646 429 1716 πρὸς
453 1644 547 1697 τὸν
571 1641 753 1696 Δαϐίδ·
783 1642 884 1694 Ἐκ
912 1638 1143 1709 καρποῦ
1169 1635 1276 1705 τῆς
1304 1636 1534 1699 κοιλίας
1555 1650 1670 1687 σου

93 1742 323 1809 θήσομαι
361 1738 471 1791 ἐπὶ
505 1735 611 1790 τοῦ
637 1736 852 1805 θρόνου
878 1750 1011 1788 σου.
1429 1732 1436 1738 ’

148 1920 215 1974 B'.
258 1919 430 1971 Δέδια
482 1916 537 1969 δὲ
589 1914 709 1967 καθ’
747 1912 986 1981 ἑκάστην
1041 1908 1296 1963 ὑπόθεσιν
1334 1906 1552 1973 λέξεως,
1598 1906 1673 1970 ὡς

94 2014 272 2081 ταύτην
312 2010 421 2081 τὴν
474 2008 779 2076 ὑπόμνησιν
839 2001 1102 2065 ποιοῦντι,
1153 1999 1559 2069 παρακινούσης
1607 2016 1673 2068 με

96 2104 175 2173 τξς
202 2099 475 2171 ἀληθείας
504 2098 601 2159 τὰς
636 2097 691 2147 ὲν
722 2094 858 2164 αὐτῇ
898 2094 963 2162 τῇ
1005 2091 1148 2157 λέξει
1177 2090 1409 2160 Θεωρίας
1438 2089 1674 2157 ὑποφαί-

94 2210 207 2252 νειν,
236 2191 326 2242 διὰ
354 2190 423 2241 τὸ
458 2188 532 2258 μὴ
568 2186 700 2237 πολὺ
734 2183 932 2244 πλάτος
962 2178 1419 2252 περιποιήσασθαι
1456 2182 1521 2249 τῇ
1556 2195 1678 2231 συν-

96 2285 224 2348 τάξει
253 2284 361 2353 τῆς
397 2280 729 2351 διηγήσεως.
763 2276 869 2329 Τοῦ
904 2278 1014 2345 γὰρ
1056 2272 1263 2342 Κυρίου
1302 2272 1572 2341 φήσαντος
1600 2270 1677 2339 τῷ

96 2376 260 2439 Διείδ,
311 2376 414 2425 Ἐκ
467 2369 699 2439 καρποῦ
728 2367 836 2436 τῆς
870 2368 1104 2431 κοιλίας
1139 2382 1255 2418 σου
1288 2362 1543 2432 θήσομαι
1580 2362 1677 2415 ἐπὶ

98 2469 184 2522 τοῦ
232 2468 466 2536 θρόνου
511 2480 649 2527 σου,
687 2463 781 2515 καὶ
812 2461 895 2524 τὸ,
941 2460 1162 2528 Ὤμοσε
1200 2458 1415 2524 Κύριος
1456 2456 1535 2522 τῷ
1571 2458 1678 2508 Δα-

99 2562 193 2622 ῖὶό,
250 2561 352 2613 καὶ
399 2560 477 2612 οὐ
522 2554 1110 2625 μεταμεληθήσεται·
1159 2550 1336 2621 δῆλον,
1389 2551 1534 2619 ὠςή
1584 2548 1677 2603 τοῦ

98 2652 214 2705 Θεοῦ
247 2649 598 2723 ἀμετάθετός
643 2648 790 2698 ἐστιν
823 2643 1140 2713 ἐπαγγελία.
1188 2642 1298 2694 Kal
1339 2641 1552 2714 πρῶτον
1584 2642 1680 2711 μὲν

102 2747 168 2796 ἐτι
204 2746 369 2814 ὅρκος
408 2738 563 2809 παρὰ
596 2736 713 2807 Θεῷ
741 2735 793 2787 τί
824 2736 968 2787 ἐστιν
1002 2732 1116 2785 ἀλλ’
1144 2731 1175 2802 ἢ
1209 2733 1310 2784 ὅτι⁹
1345 2729 1681 2797 Κατ’ἐμαυ-

102 2834 191 2885 tri!
217 2834 457 2901 ὤμοσα,
487 2829 651 2899 λέγει
696 2828 954 2894 Κύριος;
1000 2824 1071 2877 Οὐ
1118 2822 1225 2893 γὰρ
1268 2820 1404 2874 κατὰ
1440 2819 1682 2891 μείζονος

107 2929 203 2996 Aa:
236 2929 407 2996 ὅρκον
440 2924 592 2987 Θεὸς,
628 2920 764 2974 ἀλλὰ
790 2918 909 2972 οὐδὲ
940 2916 1134 2987 ὄμνυσι
1160 2915 1223 2967 τὸ
1251 2915 1423 2968 Θεῖον.
1460 2914 1554 2975 Εἰς
1583 2929 1687 2964 πα-

108 3022 355 3089 ράστασιν
409 3018 467 3069 δὲ
502 3013 847 3086 βεϐαιώσεως
898 3013 925 3064 ὁ
970 3010 1125 3077 λόγος
1172 3010 1282 3079 ἔχει
1312 3008 1411 3079 τὴν
1439 3006 1684 3075 δύναμιν.

1760 450 1815 503 in
1848 448 1991 504 idem
2026 449 2137 503 fere
2171 456 2384 519 tempus
2430 452 2739 505 incurrunt.
2786 449 2973 521 Neque
3008 451 3152 505 enim
3200 451 3344 505 aﬂir-

1758 554 1909 593 mare
1945 548 2095 594 certo
2124 553 2419 608 possumus
2447 540 2553 593 utri
2588 540 2726 592 utris
2763 541 3147 595 successerint.
3182 538 3346 610 117

1759 629 1965 684 Eadem
2015 630 2185 695 enim,
2237 639 2296 684 ut
2343 630 2605 697 diximus,
2647 637 2806 685 aetate
2854 631 3131 695 vixerunt,
3182 640 3236 684 et
3290 632 3345 684 in

1763 722 1956 777 iisdem
2011 721 2360 792 dogmatibus
2419 731 2548 777 sunt
2601 722 3065 793 Opinionibusque
3120 725 3345 778 versati.

1762 814 1938 882 Atque
1973 814 2049 867 illi
2072 812 2291 882 quidem
2324 829 2432 867 non
2464 829 2493 866 a
2525 814 2763 878 Christo,
2799 830 2973 883 neque
2997 816 3064 867 ab
3089 811 3218 867 Jesu
3245 830 3348 867 n0;

1764 922 1889 961 men
1922 916 2276 975 acceperunt,
2312 906 2407 961 sed
2440 923 2497 961 sc
2530 905 2820 961 Nazarazos
2865 907 3228 975 appellarunt.
3264 902 3353 959 Si-

1766 998 1983 1068 quidem
2027 998 2329 1053 Christiani
2376 1007 2489 1052 tum
2544 1014 2736 1053 omnes
2789 997 3029 1052 Ναῖοτωὶ
3079 998 3352 1053 vocaban-

1769 1101 1877 1145 tur.
1928 1091 2250 1161 Quanquam
2300 1107 2400 1160 pro
2446 1092 2642 1161 exiguo
2685 1099 2963 1159 tempore,
3020 1089 3349 1144 Jessmorum

1768 1199 1934 1253 penes
1988 1183 2109 1237 illos
2150 1198 2351 1236 nomen
2410 1183 2635 1248 resedit,
2697 1190 2991 1251 antequam
3049 1181 3349 1236 Christiani

1768 1276 2074 1331 Antiochia:
2112 1276 2386 1330 nominari
2434 1276 2723 1346 coeperint.
2770 1275 2847 1329 Ac
2873 1273 3082 1335 Jesszei,
3133 1282 3190 1327 ut
3235 1276 3352 1343 epi-

1769 1382 1891 1432 nor,
1930 1368 1998 1421 ab
2030 1367 2184 1423 Jesse
2222 1366 2601 1421 vocati.suut.‘
2630 1365 2799 1419 David
2845 1366 2988 1420 enim
3024 1364 3177 1421 Jesse
3210 1366 3355 1420 {ilius

1770 1468 1909 1523 erat,
1941 1474 1971 1512 a
2004 1474 2113 1529 quo
2140 1459 2357 1528 generis
2387 1459 2708 1511 continuata
2749 1458 2892 1512 serie
2918 1456 3085 1510 Maria
3109 1459 3310 1527 prodiit
3336 1476 3353 1525 ;

1773 1551 1830 1605 in
1874 1567 2051 1621 eoque
2110 1551 2408 1620 Scriptura:
2454 1565 2627 1615 sacrze
2674 1549 2997 1602 vaticinium
3039 1548 3106 1602 ad
3147 1550 3353 1603 exitum

1774 1644 2096 1712 perductum
2134 1652 2239 1705 est,
2285 1657 2411 1695 cum
2456 1641 2511 1694 in
2546 1639 2742 1695 Vetere
2778 1640 3131 1695 Testamento
3161 1641 3351 1695 Davidi

1702 1747 1742 1802 Β
1775 1732 2037 1790 Dominus
2090 1733 2191 1787 ista
2241 1734 2616 1803 respondisset
2656 1732 2778 1786 :De
2819 1733 2995 1801 fructu
3034 1742 3227 1787 ventris
3277 1734 3357 1786 tui

1774 1842 1968 1895 ponam
1994 1841 2149 1893 super
2182 1825 2353 1878 sedem
2391 1834 2535 1877 tuam
2561 1826 2602 1876 ¹.

1847 1919 1911 1973 ll.
1953 1917 2059 1971 Sed
2089 1918 2221 1973 illud
2246 1918 2297 1970 in
2323 1917 2552 1987 singulis
2582 1916 2880 1987 Scriptura:
2916 1917 3098 1972 verbis
3125 1916 3356 1972 aﬂ‘eren-

1776 2009 1861 2065 dis
1900 2009 2078 2063 vereri
2126 2007 2258 2061 mihi
2292 2007 2585 2072 succurrit,
2628 2008 2695 2062 de
2737 2024 2847 2079 quo
2884 2008 3080 2077 saepius
3116 2022 3360 2062 commo-

1778 2116 1909 2155 nere
1940 2101 2110 2167 soleo,
2158 2115 2228 2154 ne
2259 2100 2389 2153 dum
2427 2115 2542 2162 eas,
2579 2114 2699 2169 qua:
2730 2100 2916 2155 verbis
2961 2100 3099 2171 ipsis
3145 2099 3357 2161 insunt,

1779 2193 2079 2248 sententias
2124 2192 2430 2261 expendere
2466 2192 2712 2246 veritatis
2744 2194 2984 2245 studium
3033 2193 3198 2263 cogit,
3239 2193 3358 2245 lon-

1778 2286 1901 2355 gius
1932 2299 2094 2353 quam
2129 2298 2226 2353 par
2256 2282 2328 2337 sit
2367 2283 2600 2337 instituti
2633 2284 2805 2339 moles
2834 2285 3019 2353 operis
3055 2272 3358 2338 exerescat.

1780 2375 1917 2429 Cum
1953 2376 2115 2444 igitur
2142 2373 2407 2427 Dominus
2438 2372 2626 2427 Davidi
2660 2373 2893 2433 dixerit;
2926 2376 3002 2429 De
3026 2378 3204 2444 fructu
3242 2392 3363 2429 ven-

1785 2466 1883 2519 tris
1922 2467 1996 2518 tui
2038 2482 2229 2534 ponam
2258 2480 2414 2532 super
2446 2465 2617 2518 sedem
2640 2475 2820 2529 tuam;
2855 2475 2909 2519 et
2949 2468 3114 2521 illud:
3149 2466 3365 2521 Iuravit

1781 2557 2039 2612 Dominus
2068 2556 2259 2619 David,
2296 2566 2343 2610 et
2371 2573 2471 2609 non
2492 2556 2756 2625 pwnilebit
2781 2560 2968 2621 eum”;
3003 2556 3354 2611 manifestum

1781 2659 1867 2704 est
1916 2649 2007 2703 Dei
2044 2650 2466 2719 promissionem
2522 2651 2764 2702 revocari
2799 2665 2907 2702 non
2952 2665 3133 2717 posse.
3190 2650 3366 2718 Atque

1785 2743 1839 2798 in
1884 2743 2075 2811 primis
2108 2741 2494 2811 jusjurandum
2561 2741 2691 2795 illud
2746 2742 2891 2812 quod
2932 2742 3041 2795 Deo
3081 2744 3363 2805 tribuitur,

1784 2834 2045 2906 quidnam
2077 2834 2354 2908 estaliud,
2392 2834 2493 2887 nisi
2530 2833 2675 2887 istud
2707 2834 2905 2903 ipsum,
2943 2835 3085 2903 quod
3120 2835 3250 2889 alibi
3276 2836 3363 2887 di-

1787 2928 1965 2981 citur:
2026 2925 2129 2979 Per
2178 2926 2538 2992 memetipsum
2576 2926 2782 2994 juravi,
2830 2926 2959 2979 dicit
3020 2927 3370 2985 Dominus'?

1790 3017 1974 3087 Neque
2018 3018 2163 3071 enim
2207 3031 2303 3087 per
2362 3016 2624 3085 majorem
2677 3018 2914 3088 aliquem
2966 3018 3361 3088 jusjurandum

109 3106 225 3159 Μεθ’
257 3108 431 3177 ὅρκου
466 3104 573 3174 γὰρ
604 3102 783 3172 ὤμοσε
813 3100 1014 3171 Κύριος
1050 3096 1127 3167 τῷ
1184 3096 1366 3159 Δαϐὶδ,
1418 3095 1512 3149 Ἐκ
1553 3113 1678 3166 κοιρσ

1791 3108 1935 3165 Deus
1965 3109 2222 3179 concipit,
2273 3109 2365 3164 sed
2407 3124 2508 3163 nec
2535 3110 2687 3179 jurat
2725 3110 2943 3180 quidem
2982 3114 3226 3168 omnino.
3263 3113 3369 3169 Sed

112 3198 200 3249 ποῦ
249 3199 349 3268 τῆς
427 3196 640 3257 κοιλίας
708 3194 894 3263 θήσειν
958 3191 1051 3243 ἐπὶ
1103 3190 1193 3243 τὸν
1250 3190 1437 3261 θρόνον
1498 3188 1684 3241 αὑτοῦ.

113 3290 463 3363 ιιιρτυροῦσι
493 3288 549 3340 δὲ
573 3289 622 3339 οί
651 3284 958 3350 ἀπόστολοι,
993 3287 1073 3339 ὅτι
1103 3287 1166 3338 ὲκ
1195 3285 1508 3355 σπέρματος
1526 3283 1688 3336 Δαὸὶδ

110 3385 205 3435 ἔδει
252 3384 348 3437 τὸν
402 3380 642 3451 Χριστὸν
686 3377 1030 3449 γεννηθῆναι”
1060 3378 1248 3450 ὥσπερ
1278 3373 1369 3430 οὖν
1400 3377 1492 3429 καὶ
1539 3378 1689 3443 ἐγεν-

112 3476 234 3545 νήθη
272 3477 301 3527 ὁ
341 3474 555 3544 Κύριος
598 3470 757 3541 ἡμῶν
815 3469 1021 3540 Ἰησοῦς
1051 3470 1307 3541 Χριστός.
1350 3470 1591 3539 Παρησω
1632 3468 1689 3520 δὲ

110 3564 161 3617 τὸ
187 3564 392 3637 πλῆθος
424 3563 537 3615 τῶν
570 3561 908 3633 μαρτυρίων,
942 3562 1029 3614 ἵνα
1067 3562 1141 3633 μὴ
1187 3562 1267 3624 είς
1317 3559 1484 3613 πολὺν
1528 3560 1690 3629 ὄγκον

112 3658 287 3725 ἀγάγω
328 3658 422 3710 τὸν
460 3656 638 3723 λόγον,
675 3653 749 3718 ὣς
798 3671 861 3722 γε
893 3656 1172 3724 προεῖπον.
1226 3652 1384 3711 Εἴποι
1433 3652 1478 3705 δ’
1508 3653 1572 3705 ἄν
1606 3668 1688 3715 τις

115 3748 228 3811 ἴσως
248 3770 260 3783 ο
291 3749 403 3801 Τοῦ
436 3746 677 3818 Χριστοῦ
709 3744 1059 3817 γεννηθέντος
1086 3746 1151 3797 ἐκ
1181 3745 1495 3817 σπέρματος
1527 3745 1689 3798 Δαϐὶδ

113 3844 238 3896 κατὰ
268 3844 476 3914 σάρκα,
504 3840 784 3893 τουτέστιν
820 3839 927 3892 ἀπὸ
954 3840 1051 3909 τῆς
1077 3838 1237 3907 ἁγίας
1268 3838 1537 3909 παρθένου
1569 3838 1688 3890 Ma-

118 3935 239 4004 ρίας.
267 3934 377 3987 τίνι
405 3933 645 4003 τῷλόγῳ
662 3932 755 3985 ἐπὶ
778 3930 870 3985 τοῦ
890 3930 1081 4001 θρόνου
1100 3930 1264 3983 Δαϐὶδ
1284 3931 1343 3983 οὐ
1369 3928 1654 3992 καθέζεται
1672 3945 1686 3993 ;

116 4022 335 4081 Ἦλθον
360 4027 497 4095 γὰρ,
558 4026 694 4095 φησὶ
738 4025 799 4077 τὸ
842 4023 1210 4093 Εὐαγγέλιον,
1256 4023 1461 4092 χρῖσαι
1505 4022 1690 4075 αὑτὸν

119 4120 191 4185 εἰς
218 4118 491 4183 ,ϐασιλέα
511 4134 524 4146 ·
568 4117 661 4169 καὶ
690 4117 852 4185 γνοὺς
896 4114 1232 4187 ἀνεχώρησε,
1264 4116 1356 4168 καὶ
1394 4114 1601 4185 ἐκρύϐη
1632 4116 1689 4166 ἐν

129 4212 358 4283 Ἐξρραῖμ
386 4211 544 4264 πόλει
576 4210 678 4280 τῆς
707 4211 939 4281 ἐρήμου.
987 4209 1297 4271 Φθὰσαντες
1327 4209 1382 4261 δὲ
1412 4210 1570 4279 ἡμεῖς
1600 4209 1690 4261 ἐπὶ

117 4304 197 4356 τὸν
226 4306 390 4358 τόπον
432 4302 529 4356 τοῦ
585 4301 748 4373 ῥητοῦ
786 4301 998 4367 τούτου,
1033 4301 1125 4355 καὶ
1172 4299 1514 4372 ἐρωτώμενοι
1562 4303 1690 4372 περὶ

116 4396 204 4465 τῆς
236 4396 549 4469 μαρτυρίας
583 4395 789 4465 ταύτης
837 4396 929 4448 καὶ
961 4395 1059 4465 τῆς
1098 4393 1426 4457 ὑποθέσεως,
1472 4394 1552 4445 ὅτι
1586 4394 1690 4446 τίνι

1789 3216 1851 3254 ea
1908 3199 2166 3269 loquendi
2224 3202 2364 3255 ratio
2400 3201 2465 3253 ad
2514 3201 2868 3256 astruendam
2923 3204 3001 3256 rei
3057 3205 3372 3261 ﬁrmitatem

1790 3293 2044 3363 pertinet.
2060 3290 2193 3344 Nam
2221 3290 2407 3346 Davidi
2424 3293 2784 3361 jurejurando
2804 3295 3055 3363 promisit
3076 3294 3366 3352 Dominus:

1790 3382 1865 3437 De
1902 3383 2081 3437 fructu
2117 3385 2321 3438 ventris
2358 3384 2529 3454 ipsius
2571 3400 2736 3453 super
2788 3385 2971 3439 sedem
3006 3386 3126 3455 ejus
3155 3403 3211 3441 se
3249 3404 3373 3444 esse

1791 3478 2124 3547 positurum.
2165 3475 2243 3529 Ita
2274 3491 2440 3546 porro
2473 3483 2747 3531 testantur
2767 3479 3018 3547 apostoli,
3048 3478 3115 3532 de
3148 3478 3370 3536 Davidis

1792 3568 1957 3636 stirpe
1994 3566 2146 3621 nasci
2182 3564 2458 3621 Christum
2496 3570 2842 3638 oportuisse:
2878 3571 2952 3623 uti
2992 3585 3178 3625 revera
3209 3570 3373 3627 Jcsos

1789 3659 2041 3714 Christus
2094 3658 2357 3714 Dominus
2414 3668 2603 3715 noster
2646 3660 2884 3715 indidem
2936 3663 3206 3718 oriundus
3266 3673 3370 3719 est.

1794 3750 1993 3805 Verum
2030 3766 2131 3821 ego
2155 3767 2224 3807 ne
2259 3751 2629 3821 prolixiorem,
2664 3765 2722 3807 ut
2751 3762 2876 3807 ante
2899 3752 3035 3818 dixi,
3065 3770 3375 3813 sermonem

1792 3843 2119 3907 instituam,
2186 3844 2623 3898 testimoniorum
2692 3847 3085 3914 amplissimam
3156 3850 3373 3918 capiam

1791 3936 2166 4007 praetermitto.
2219 3934 2458 4001 Atenim,
2509 3936 2653 3989 dicat
2689 3937 2914 4006 aliquis,
2946 3937 3081 3991 Cum
3112 3955 3177 3993 ex
3216 3940 3375 3993 Davi-

1793 4028 1877 4081 dis
1910 4028 2102 4095 stirpe,
2137 4034 2410 4095 quatenus
2448 4042 2613 4081 carne
2662 4035 2899 4091 constat,
2947 4041 3268 4100 procreatus
3302 4032 3377 4087 sit

1792 4118 2068 4179 Christus,
2100 4118 2204 4172 hoc
2233 4126 2338 4183 est,
2370 4133 2401 4172 e
2433 4119 2587 4173 beata
2624 4116 2849 4189 Virgine
2894 4119 3082 4185 Maria,
3128 4121 3256 4191 quid
3297 4122 3374 4177 ita

1796 4212 2016 4264 tandem
2047 4212 2099 4263 in
2129 4209 2348 4266 Davidis
2370 4210 2507 4265 solio
2533 4210 2757 4266 minime
2788 4212 3076 4266 consvdit?
3114 4212 3375 4270 Venerunt

1790 4305 1950 4367 enim,
1984 4303 2059 4357 ait
2091 4302 2465 4371 Evangelium,
2487 4310 2541 4354 ut
2562 4302 2731 4369 ipsum
2759 4314 3006 4372 ungerent
3039 4306 3089 4356 in
3124 4321 3289 4374 regem
3316 4305 3369 4364 ⁶;

1794 4406 1847 4451 et
1875 4411 1998 4449 cum
2034 4396 2399 4466 cognovisset,
2432 4400 2682 4461 recessit,
2716 4403 2878 4464 atque
2911 4397 3209 4465 Ephraimi,
3230 4397 3375 4465 quod

120 4488 185 4556 τῷ
210 4489 350 4561 λόγῳ
393 4489 535 4542 κατὰ
568 4488 627 4541 τὸ
665 4487 925 4559 σαρκικὸν
973 4488 1033 4541 οὐ
1085 4487 1440 4558 πεπλήρωται
1474 4488 1565 4539 ἐπὶ
1600 4486 1678 4540 τοι

1794 4490 2051 4559 oppidum
2088 4489 2140 4542 in
2178 4488 2396 4542 deserto
2425 4489 2585 4542 situm
2614 4495 2717 4550 est,
2745 4488 2981 4541 delituit.
3017 4488 3205 4557 Itaque
3237 4504 3377 4557 quo-

120 4578 329 4650 Σωτῆρσ.
359 4580 425 4632 τὸ
460 4578 679 4632 καθίσαι
709 4578 800 4630 ἐπὶ
847 4578 935 4631 τὸν
980 4576 1166 4647 θρόνον
1193 4576 1375 4629 Δαϐίᾶ
1428 4574 1686 4646 ἐνομίσθη

119 4669 213 4739 γὰρ
244 4671 402 4723 τοῦτό
450 4686 561 4723 τισι
617 4669 692 4740 μὴ
742 4667 1174 4739 πεπληρῶσθαι·
1226 4667 1375 4736 ὅμως
1418 4666 1493 4730 ὼς
1543 4666 1690 4721 ἔστιν

119 4761 353 4833 ἐροῦμεν.
411 4762 654 4832 Οὐδεμία
710 4762 819 4833 γὰρ
865 4760 1012 4828 λέξις
1054 4759 1156 4831 τῆς
1200 4761 1363 4830 ἁγίας
1408 4760 1503 4813 τοῦ
1551 4758 1688 4812 Θεοῦ

120 4857 322 4929 Γραφῆς
357 4857 666 4912 διαπίπτει.

182 5042 365 5098 ’Psal.
400 5056 589 5107 cxxxr,
616 5040 704 5095 11.
783 5040 803 5069 ¹
834 5037 975 5093 Psal.
1006 5052 1121 5103 cxx,
1151 5038 1206 5092 4.

124 5196 476 5268 Hieronymus
508 5194 678 5263 Epist.
705 5194 773 5268 ad
800 5193 1058 5268 August.:
1079 5191 1416 5268 Usquejltodie
1436 5200 1683 5259 perlatas

125 5262 339 5321 Orientis
380 5262 690 5336 Syrtagogas
736 5262 1135 5336 integiJudwos
1173 5264 1387 5317 hwresis
1420 5274 1518 5323 est,
1557 5278 1685 5336 qua:

122 5342 293 5391 dicitur
314 5334 665 5400 Minworum,
696 5345 745 5389 et
778 5353 810 5388 a
840 5334 1129 5388 Pliariswis
1165 5350 1301 5386 nunc
1336 5350 1498 5402 usque
1532 5334 1684 5385 dant-

122 5423 279 5471 natur,
307 5426 440 5478 quos
473 5407 624 5478 vulgo
658 5404 951 5478 Naaarwos
982 5416 1300 5478 nuncupant,
1333 5406 1421 5478 qui
1449 5402 1675 5478 credunt

122 5482 167 5532 in
195 5472 462 5534 Christum
492 5472 695 5530 Filium
738 5477 852 5542 Dei,
877 5484 984 5529 etc.
1016 5475 1116 5530 Sed
1140 5475 1265 5527 dum
1296 5472 1472 5527 velunt
1502 5484 1550 5526 et
1580 5472 1681 5524 Ju-

124 5551 209 5603 dwi
236 5568 372 5613 esse,
406 5559 455 5601 et
504 5548 817 5603 Christiani.
854 5563 943 5601 nec
998 5546 1176 5600 Judn'i
1218 5557 1361 5607 sunt,
1398 5561 1487 5598 nec
1524 5542 1680 5598 Chri-

124 5623 282 5675 stiani.
323 5623 467 5689 Ergo
501 5618 746 5673 Nazarzei
778 5617 1091 5672 Christiano
1136 5632 1200 5689 se
1236 5617 1455 5689 neruine
1486 5614 1678 5689 venili-

125 5692 313 5748 tabant.
365 5685 565 5748 Fuisse
603 5705 735 5746 vero
768 5689 863 5759 qui
900 5689 955 5744 in
991 5703 1141 5744 mero
1175 5685 1458 5743 Judaismo
1487 5686 1683 5755 praeci-

1285 5037 1307 5068 ⁸
1343 5035 1477 5092 Gen.
1509 5051 1645 5101 mi,
1683 5034 1768 5091 16.

1790 4582 1934 4635 niam
1973 4587 2282 4649 opportune
2324 4579 2389 4632 ad
2426 4580 2589 4647 hujus
2635 4579 2934 4647 evangelici
2972 4578 3105 4631 dicti
3140 4582 3374 4634 mentio-

1789 4688 1913 4727 nem
1962 4687 2154 4725 sumus
2203 4671 2435 4740 delapsi,
2485 4671 2661 4740 deque
2710 4669 2980 4739 ejusmodi
3039 4673 3372 4731 testimonio.

1788 4772 2219 4835 argumentoque
2266 4772 2394 4818 nata
2423 4764 2654 4833 quaestio
2690 4772 2797 4825 est,
2847 4778 2947 4816 cur
2978 4763 3191 4817 scilicet
3230 4763 3375 4833 quod

1788 4870 1818 4908 a
1849 4856 2117 4926 propheta
2148 4856 2472 4928 praedictum
2505 4854 2702 4924 fuerat,
2742 4856 2905 4926 118
2944 4856 2999 4910 in
3036 4854 3259 4909 Davidis
3289 4869 3376 4909 so-

1846 5036 1867 5067 ¹⁵
1890 5034 2049 5091 Joan.
2086 5052 2160 5103 vr,
2194 5037 2279 5091 15.

1793 5207 1955 5262 puam
1990 5193 2285 5263 quamdam
2335 5193 2527 5248 eodem
2575 5193 2796 5248 nomine
2840 5201 3044 5249 sectam
3074 5193 3380 5247 constitue-

1793 5274 1935 5322 rent.
1970 5268 2037 5318 ab
2071 5280 2180 5318 uno
2216 5264 2521 5334 Epiphanio
2553 5263 2868 5319 didicimus.
2910 5264 2982 5318 De
3022 5265 3213 5317 iisdem
3263 5265 3375 5334 agit

1790 5336 2133 5404 Augustinus
2181 5336 2276 5388 lih.
2321 5351 2336 5388 ι
2383 5346 2568 5387 contra
2618 5334 2959 5390 Cresconium
2990 5350 3113 5404 cap.
3160 5335 3268 5388 5|:
3309 5333 3375 5386 Et

1791 5422 1928 5459 nunc
1959 5418 2079 5477 sunt
2107 5406 2323 5475 quidam
2345 5406 2599 5469 luvretici,
2622 5409 2709 5477 qui
2740 5424 2794 5460 se
2826 5405 3140 5459 Νικίαι-εηοδ
3168 5415 3373 5467 vocant,

1790 5494 1821 5528 a
1853 5475 2123 5529 nonnullis
2159 5488 2333 5529 autem
2368 5475 2767 5547 Symmachiani
2797 5477 3157 5546 appellantur,
3190 5477 3376 5547 etArir-

1790 5548 2163 5601 cumcisionem
2197 5548 2386 5602 habent
2412 5544 2750 5613 Judworum,
2777 5544 2839 5604 et
2866 5544 3189 5617 baptismum
3218 5544 3375 5602 Clari-

1790 5621 2111 5674 slianorum.
