3760 6176
463 196 561 272 sat

1867 221 1925 279 S.
1965 220 2311 278 ΕΡΙΡΗΑΜΙ

3585 232 3662 288 Ξ)θὶ

460 332 537 391 lio
560 336 944 386 consessurum
963 337 1089 388 esse
1105 325 1405 402 Christum,
1429 348 1540 392 non
1564 337 1634 393 sit
1656 337 1713 393 in
1733 337 2036 404 Salvatore,
2080 341 2226 412 quod
2255 342 2322 396 ad
2345 356 2565 397 carnem
2618 343 2876 413 pertinet,
2907 343 3203 414 aliquando
3238 345 3554 416 perfectum.
3585 348 3664 406 Hoc

460 427 602 480 enim
632 433 760 481 sunt
787 426 879 496 qui
922 436 1116 497 negent
1148 427 1430 498 impletum
1463 429 1666 497 fuisse;
1704 446 1804 487 nos
1844 440 2024 488 tamen
2066 435 2222 504 plane
2250 435 2325 489 ita
2354 433 2655 506 contigisse
2705 437 3159 492 monstrabimus.
3201 439 3360 492 Nulla
3421 439 3555 492 enim
3605 443 3665 498 vel

462 521 689 575 minima
713 521 913 575 divinae
945 521 1242 592 Scriptura:
1279 523 1449 579 dictio
1481 533 1660 596 potest
1688 527 1962 582 excidere.

535 615 616 667 Ill.
645 616 918 681 Quocirca
948 617 1178 671 thronus
1197 618 1286 672 ille
1311 617 1532 674 Davidis
1556 633 1620 673 ac
1641 622 1818 690 regale
1839 622 1962 676 solit

2213 620 2288 674 1'".
2325 617 2525 689 Θρόνος
2554 618 2663 688 γὰρ
2679 616 2844 670 Δαὸὶδ
2878 617 2972 670 καὶ
3001 616 3252 688 βασιλικὴ
3278 617 3409 686 ἕδρα
3437 619 3568 674 ἐστὶν
3587 625 3666 695 ﬁt»

465 707 600 760 nihil
622 708 767 761 aliud
801 717 907 772 est,
940 724 1101 778 quam
1135 707 1392 763 Ecclesia:
1418 719 1620 764 sanctae
1647 709 2034 774 sacerdotium,

464 799 612 868 quod
643 799 792 870 regia
825 801 988 855 simul
1042 816 1107 854 ac
1141 789 1421 870 poutiﬁeia
1461 801 1723 870 dignitate
1764 803 1820 855 in
1867 817 2032 855 unum

463 900 746 944 contracta
769 891 818 946 ei
849 890 1111 944 Dominus
1139 891 1406 955 attribuit,
1434 905 1498 944 ac
1526 890 1746 945 Davidis
1768 901 2032 946 aeternum

463 981 619 1046 illud,
650 997 828 1051 neque
857 982 1163 1051 periturum
1196 998 1435 1052 unquam
1467 983 1665 1036 solium
1705 983 1759 1036 in
1790 983 2032 1036 eamdem

463 1076 714 1130 contulit.
741 1075 854 1129 Illic
883 1076 1029 1129 enim
1061 1074 1319 1130 Davidica
1345 1075 1504 1131 sedes
1536 1083 1800 1145 perpetua
1824 1090 2038 1130 succes-

462 1167 618 1222 sione
651 1167 719 1220 ad
747 1166 1025 1221 Christum
1052 1183 1224 1236 usque
1257 1168 1580 1236 permansit,
1605 1182 1728 1220 eum
1759 1167 1905 1220 nullo
1934 1182 2035 1220 un—

460 1277 624 1331 quam
689 1269 934 1330 tempore
978 1261 1044 1315 de
1087 1259 1241 1314 Iuda:
1299 1262 1449 1314 tribu
1506 1261 1777 1330 principes
1834 1258 2036 1313 desiis-

459 1361 616 1419 sent;
662 1352 837 1406 donec
884 1351 978 1406 ille
1021 1353 1168 1407 venit
1202 1353 1288 1404 cui
1321 1353 1549 1421 reposita
1587 1360 1756 1404 erant.
1801 1349 1866 1403 Et
1905 1351 2035 1418 ipse,

459 1445 656 1513 inquit,
695 1443 1008 1512 exspectatio
1056 1443 1286 1513 gentium
1316 1448 1354 1499 '.
1413 1442 1624 1498 Etenim
1673 1443 1777 1496 sub
1833 1443 2036 1497 adven-

459 1547 574 1591 tum
623 1537 826 1591 Christi
869 1535 1083 1590 Domini
1125 1537 1290 1592 desiit
1329 1537 1396 1591 de
1440 1537 1584 1591 tribu
1628 1535 1780 1591 Judae
1825 1537 2034 1606 princi-

455 1643 587 1699 pum
647 1629 740 1682 illa
792 1628 1140 1692 succcessio,
1198 1629 1290 1698 qui
1352 1627 1419 1682 ad
1486 1628 1538 1681 id
1595 1643 1770 1697 usque
1821 1635 2035 1697 tempus

456 1721 644 1792 populi
701 1721 870 1775 duces
917 1719 1156 1775 fuerant.
1209 1719 1345 1774 Nam
1391 1730 1505 1774 tum
1567 1719 1661 1773 illa
1721 1717 1892 1774 series
1953 1718 2038 1771 in-

529 1880 545 1911 ¹
578 1877 714 1934 Gen.
741 1894 889 1943 xux,
924 1877 990 1932 10

2141 712 2208 780 τῇ
2239 709 2370 780 ἁγίᾳ
2415 707 2710 779 Ἐκκλησξᾳ
2758 707 3046 779 ἱερωσύνη.
3085 710 3222 780 ὅπερ
3262 709 3478 778 ἀξέωμα
3511 711 3667 780 βασιλι-

2144 802 2235 854 κόν
2260 818 2318 853 τε
2361 800 2451 853 καὶ
2473 798 2857 871 ἁρχιερατικὸν
2887 800 3022 869 ὁμοῦ
3058 800 3151 852 ἐπὶ
3175 801 3234 852 τὸ
3251 801 3384 854 αὐτὸ
3421 803 3666 870 συνάψαςς

2142 893 2346 964 Κύριος
2389 883 2690 962 ’δεδώρηται
2732 893 2796 961 τῇ
2853 891 2986 961 ἁγίᾳ
3041 890 3206 944 αὐτοῦ
3270 892 3569 964 Ἐκκλησξᾳ,
3603 897 3668 948 τὸν

2143 986 2328 1056 Θρόνον
2367 984 2689 1057 μεταγαγὼν
2741 986 2798 1036 ἐν
2834 985 2969 1054 αὐτῇ
3012 985 3102 1037 τὸν
3139 985 3231 1037 τοῦ
3287 987 3452 1040 Δαόὶδ
3487 988 3551 1058 μὴ
3585 989 3668 1041 6:1-

2141 1077 2394 1131 λείποντα
2442 1078 2521 1138 εἰς
2569 1076 2660 1128 τὸν
2711 1075 2904 1130 αἰῶνα.
2953 1077 3160 1128 Ἐκεῖσε
3207 1077 3314 1148 γὰρ
3363 1079 3504 1130 κατὰ
3537 1081 3669 1134 διαδο-

2141 1169 2241 1238 χὴν
2277 1168 2389 1236 (98)
2449 1168 2702 1238 διήρκεσε
2760 1167 2949 1237 θρόνος
3001 1167 3183 1230 Δαδὶδ,
3241 1168 3346 1231 ἕως
3403 1171 3556 1222 αὑτοῦ
3602 1172 3667 1224 τοῦ

2140 1258 2399 1331 Χριστοῦ,
2439 1259 2512 1330 μὴ
2551 1257 2932 1312 διαλειπόντων
2975 1259 3084 1311 τῶν
3118 1259 3176 1323 ὲξ
3222 1259 3393 1314 Ἰούδα.
3420 1261 3670 1330 ἀρχόντων,

2140 1350 2243 1412 ἕως
2275 1345 2438 1420 ἦλθεν
2465 1343 2512 1415 ᾧ
2548 1350 2618 1402 τὰ
2643 1350 3006 1417 ἀποκείμενα
3037 1346 3134 1418 ἦν.
3171 1351 3281 1404 Καὶ
3318 1350 3499 1415 αὐτὸς
3523 1367 3669 1418 προσ-

2139 1441 2312 1495 δοκία
2329 1440 2537 1504 ἐθνῶν,
2571 1441 2750 1511 φησίν.
2781 1441 3013 1510 Ἔληξαν
3045 1443 3151 1514 γὰρ
3182 1444 3239 1495 ἐν
3262 1445 3327 1512 τῇ
3361 1441 3457 1494 τοῦ
3479 1443 3671 1512 Χριστοῦ

2141 1533 2413 1604 παρουσίᾳ
2457 1535 2504 1584 οἱ
2551 1533 2690 1586 κατὰ
2723 1533 2971 1602 διαδοχὴν
3005 1533 3064 1596 ἐξ
3105 1533 3275 1586 Ἰούδα
3304 1535 3570 1604 ἄρχοντες,
3594 1536 3673 1597 ἕως

2142 1625 2306 1678 αὐτοῦ
2377 1623 2471 1676 τοῦ
2549 1621 2788 1693 Χριστοῦ
2854 1624 3169 1694 ἡγούμενοι.
3227 1624 3457 1677 Διέπεσε
3512 1624 3674 1696 γὰρὴ

2140 1717 2293 1784 τάξις
2323 1716 2460 1788 (99),
2501 1716 2596 1769 καὶ
2628 1715 2778 1784 ἔστη,
2815 1715 2968 1782 ἐξότε
3007 1717 3173 1782 αὐτὸς
3219 1720 3478 1786 γεννᾶται
3504 1721 3556 1772 ὲν
3593 1718 3675 1789 Br,-

528 2036 640 2107 (98)
691 2034 917 2089 Ἐκεῖσε
956 2033 1079 2107 γὰρΔ
1120 2030 1282 2107 θεατὰ-
1321 2028 1632 2107 διᾳδοχήν.
1701 2025 1911 2107 ’ξι-ἰιιιιιι

2143 2039 2265 2107 nere
2299 2023 2530 2107 videtur:
2555 2022 2633 2078 Ex
2653 2039 2775 2107 quo
2808 2039 3154 2107 consequens
3180 2033 3283 2107 est,
3319 2027 3374 2082 in
3406 2029 3680 2085 Alexandro

455 2098 736 2164 vulgarem
771 2107 839 2159 de
876 2098 1079 2158 oraculi
1135 2101 1369 2155 Jacobzei
1407 2098 1860 2168 interpretatione
1899 2111 2027 2168 sen-

457 2181 684 2234 tentiam
736 2176 979 2244 sequitur
1016 2172 1388 2244 Epiphanius.
1417 2165 1683 2244 Quae—Aest
1731 2165 2024 2244 ejusmodi,

459 2261 736 2315 nunquam
767 2236 972 2316 e'tribu
1010 2236 1149 2316 Juda
1187 2241 1462 2316 principes
1480 2236 1814 2316 defuturos,
1839 2236 2028 2316 “donec

453 2307 1048 2386 Christusadveuiret,
1083 2307 1314 2386 hoc—est,
1346 2307 1448 2386 sub
1479 2309 1656 2386 ipsum
1688 2307 1902 2362 Messiae
1931 2307 2026 2386 ad-

455 2397 679 2442 ventum
707 2385 980 2440 desituros
1016 2383 1311 2456 p_rinc_ipes,
1343 2380 1436 2456 qui
1495 2376 1758 2456 hactenus
1803 2376 2025 2456 etrith

451 2457 593 2512 Juda
646 2457 989 2511 exstiterant.
1017 2449 1211 2518 'Quod'
1244 2452 1298 2505 in
1363 2449 1687 2518 Alexandro;
1729 2449 2027 2518 contigisse

457 2535 649 2597 putat;
681 2516 1103 2597 quipostremus
1133 2522 1321 2597 reegia
1369 2521 1458 2574 illa
1491 2518 1643 2572 Judte
1667 2516 1871 2597 familia
1901 2516 2022 2597 fuit.

453 2585 553 2651 Cui
610 2585 850 2650 Herodes
905 2593 1207 2654 successit,
1237 2585 1434 2645 'homo
1491 2604 1666 2657 neque
1714 2585 1866 2640 Juda:
1897 2656 1900 2657 ν
1929 2587 2026 2638 tri-

456 2667 622 2731 bulis,
655 2680 755 2720 nec
782 2665 1006 2718 omnino
1031 2662 1275 2722 .ludzeus,
1315 2662 1409 2731 sed
1434 2656 1722 2731 ldum’aeus,
1752 2665 1805 2709 et
1822 2656 2028 2731 alieni-

451 2751 590 2804 gena
610 2727 630 2790 7:
661 2745 786 2789 ante
815 2749 974 2804 quem
999 2733 1092 2804 qui
1126 2733 1192 2804 de
1213 2731 1356 2804 tribu
1383 2729 1522 2784 Juda
1553 2729 1722 2804 citimi
1756 2727 2028 2804 principes

452 2798 688 2868 fuerant,
727 2798 891 2858 iidem
936 2815 990 2858 et
1016 2798 1097 2856 'ad
1134 2800 1430 2856 Leviticam
1477 2799 1823 2868 pertinebant
1858 2798 2025 2852 veluti

451 2867 848 2939 Machabaei,ac
877 2872 1137 2942 deinceps
1164 2873 1275 2925 alii.
1294 2870 1661 2942 Haecquidem
1689 2867 2026 2942 Epiphanius

450 2959 661 3002 veteres
697 2951 944 2999 secutus.
975 2939 1091 2997 Sed’
1121 2945 1176 2995 in
1206 2943 1308 2994 hac
1345 2939 1604 3009 opinione
1638 2941 1807 3009 multa
1838 2948 1967 3009 sunt
1995 2955 2024 2990 a

451 3018 586 3070 viris
615 3015 792 3069 doctis
822 3014 950 3066 olim
981 3011 1354 3065 animadversa
1372 3007 1397 3070 ,⁷
1411 3011 1604 3078 partim
1636 3007 1793 3071 falsa,
1828 3008 2024 3078 partim

449 3087 642 3148 dubia,
681 3093 735 3140 ct
771 3085 1000 3136 incerta.
1033 3080 1249 3134 Falsum
1291 3087 1375 3134 est
1415 3079 1482 3132 ad
1523 3079 1802 3148 Christum
1853 3093 2026 3146 usque

452 3147 742 3209 Dominum
769 3153 1071 3221 imperasse
1101 3159 1260 3206 natos
1293 3166 1323 3203 e
1352 3151 1498 3221 tribu
1525 3147 1680 3203 Juda).
1713 3149 2023 3221 principes;

451 3243 578 3280 cum
608 3232 689 3279 tot
719 3219 880 3277 annis
915 3230 1098 3284 antea,
1129 3223 1240 3275 imo
1269 3219 1504 3282 saeculis,
1547 3221 1714 3288 stirps
1756 3219 1845 3271 illa
1874 3219 2023 3288 regia

451 3295 738 3349 defecerit.
792 3292 948 3358 Quod
991 3307 1119 3345 vero
1165 3291 1218 3345 in
1267 3289 1597 3345 Machabaais
1646 3289 2020 3342 continuatam

2133 2095 2358 2150 minime
2379 2094 2617 2169 fatalem
2650 2094 2796 2169 illam
2843 2094 3056 2169 imperii
3096 2098 3423 2167 dignitatem
3467 2115 3527 2152 ac
3558 2114 3681 2169 pote—

2131 2173 2328 2220 statem
2363 2166 2630 2230 desiisse;
2669 2167 2764 2220 sed
2818 2179 2940 2234 post
2997 2166 3207 2222 Christi
3262 2166 3599 2224 nativitatem
3639 2181 3684 2226 et

2131 2233 2363 2309 Herodis
2402 2237 2611 2309 obitum
2644 2233 2917 2309 exstingui
2964 2241 3220 2308 cwpisse.
3263 2241 3316 2293 ιιι
3362 2240 3485 2309 ipso
3530 2250 3680 2294 autem

2130 2307 2284 2380 urbis
2317 2306 2532 2362 excidio
2563 2307 2806 2380 inliditus
2829 2306 3082 2363 deletam.
3109 2309 3314 2364 Caetera
3345 2306 3493 2380 apud
3522 2309 3682 2365 Perre-

2128 2375 2280 2447 rium‘
2307 2387 2555 2447 nostrum
2586 2378 2774 2447 legito.

2201 2445 2312 2516 (99)
2349 2445 2597 2500 Διέπεσε
2631 2445 2742 2516 Ίῖὰρ
2773 2447 2812 2515 ἡ
2854 2447 3044 2514 τάξις.
3083 2447 3215 2514 Quae
3245 2449 3333 2503 hic
3376 2451 3447 2504 ab
3477 2449 3685 2520 Epipha~

2127 2516 2221 2587 nio
2266 2524 2581 2582 narrantur,
2636 2533 2814 2587 neque
2858 2533 3045 2573 secum
3079 2521 3392 2584 cohaerent;
3447 2516 3547 2574 nec
3579 2516 3683 2573 cum

2130 2586 2374 2659 histor-im
2409 2587 2514 2659 title
2539 2586 2918 2659 consentiunt;
2943 2587 3336 2659 Legitimorum
3375 2591 3686 2658 principum.

2128 2657 2222 2725 qui
2251 2657 2319 2711 de
2363 2657 2508 2711 tribu
2543 2655 2698 2712 Juda:
2735 2655 3075 2729 prodierant,
3118 2661 3311 2714 seriem
3363 2655 3688 2714 intercidisse

2126 2735 2302 2852 putat,
2331 2743 2442 2798 quo
2479 2736 2721 2798 tempore
2750 2731 2865 2810 imo
2892 2729 3064 2793 ἐξότε,
3096 2729 3200 2812 hoc
3229 2739 3314 2783 est
3348 2739 3686 2800 posteaquam

2175 2797 2387 2852 hrtstus
2425 2797 2764 2852 Bcthleheun
2798 2808 2958 2852 natus
2992 2808 3112 2852 est:
3146 2800 3310 2852 tdaue
3343 2801 3451 2852 sub
3475 2800 3686 2852 Alexan-

2175 2797 2387 2853 hristu’s
2425 2797 2764 2853 Bethlehemi
2798 2808 2958 2854 natus
2992 2808 3112 2855 est:
3146 2800 3310 2868 idque
3343 2797 3451 2854 Sub
3475 2797 3689 2854 Alexan-

2125 2868 2227 2923 dro
2257 2869 2584 2937 contigisse;
2622 2871 2717 2939 qui
2750 2880 3065 2939 postremus
3094 2886 3161 2924 ex
3207 2871 3412 2924 illustri
3456 2885 3521 2923 ac
3565 2886 3688 2938 regna

2127 2939 2216 3009 illa
2265 2939 2469 2992 fatnilia
2523 2939 2648 3003 fuit,
2694 2938 2924 2995 Herodis
2960 2948 3014 2994 et
3056 2941 3285 3009 Augusti
3343 2943 3688 3008 temporibus.

2125 3007 2258 3074 Quae
2284 3010 2470 3063 omnia
2503 3009 2818 3076 perturbata
2847 3021 2998 3074 sunt,
3025 3020 3079 3065 et
3104 3007 3494 3076 ἀσύγκλωσταζ.
3530 3011 3692 3063 Placet

2126 3079 2311 3147 itaque
2336 3078 2595 3146 liquidam
2632 3079 2850 3150 illorum
2885 3089 3188 3150 temporum
3219 3083 3499 3134 rationem
3523 3097 3588 3135 ex
3610 3080 3689 3133 Jo-

2125 3151 2297 3217 sepho
2326 3150 2558 3219 aliisque
2583 3149 2858 3219 colligere.

2200 3220 2388 3273 Simon
2425 3217 2672 3281 Jonathae
2709 3217 2774 3274 ac
2805 3218 2958 3274 Judaa
2991 3219 3318 3274 Macchabaai
3370 3219 3550 3274 frater
3588 3218 3694 3272 Pto-

2127 3289 2297 3344 lemaei
2355 3289 2538 3359 generi
2598 3289 2814 3345 insidiis
2883 3292 3114 3345 moritur
3173 3307 3318 3344 anno
3390 3290 3690 3345 Graecorum

449 3366 615 3432 hujus
646 3364 841 3434 seriem
874 3362 1529 3434 allirmant;_eosdemque
1554 3367 1800 3434 materno
1829 3360 2018 3413 saltem
2050 3378 2090 3434 α
2125 3357 2377 3424 οωιιιγιι,
2412 3357 2432 3411 l
2477 3357 2671 3434 Mach._
2691 3374 2825 3434 cap._
2853 3375 2965 3417 xvi.
2992 3362 3078 3424 M,
3129 3361 3222 3434 qui
3263 3371 3320 3414 et
3352 3359 3693 3434 Sabbaticus

448 3429 647 3504 genere
677 3450 745 3488 ex
785 3433 876 3486 illa
907 3431 1059 3485 Juda:
1087 3432 1250 3504 _tribu
1281 3431 1547 3504 oriundos
1593 3429 1764 3504 fuisse
1784 3447 1799 3494 ;
1821 3445 2019 3504 hcque

449 3499 638 3559 verum
667 3511 793 3568 est;
831 3516 1008 3571 neque
1037 3500 1105 3554 ad
1149 3517 1264 3555 rem
1300 3502 1555 3571 pertinet.
1593 3499 1646 3554 Id
1689 3499 1837 3571 quod
1885 3515 2013 3554 eru-

449 3576 563 3628 dite
583 3573 866 3628 Perrerius
894 3569 1079 3626 noster
1106 3571 1172 3625 ad
1201 3572 1351 3624 illum
1379 3569 1560 3625 Gener.
1591 3571 1768 3624 locum
1793 3570 2018 3624 demon-

449 3653 608 3698 strat.
653 3643 820 3697 Multo
863 3643 1028 3711 igitur
1062 3642 1262 3705 verior,
1303 3649 1356 3695 et
1392 3639 1808 3711 Jacobiﬂverbis
1841 3642 2018 3708 aptior

420 3720 531 3768 'est
585 3714 692 3769 ista
747 3709 1038 3775 sententia,
1075 3721 1135 3765 ut
1175 3726 1300 3765 cum
1347 3713 1524 3766 dixit:
1570 3709 1693 3764 Non
1748 3711 2019 3778 auferetur

446 3793 709 3853 sceptrum
740 3783 803 3836 de
847 3781 1011 3845 Juda,
1051 3782 1347 3853 ueque_dua:
1371 3780 1434 3834 de
1466 3783 1659 3850 femore
1682 3781 1817 3849 ejus,
1857 3781 2018 3834 donec

447 3850 618 3908 veniat
649 3855 739 3922 qui
764 3853 1045 3906 mittendus
1080 3850 1156 3906 est
1181 3850 1330 3922 (Gen.
1361 3868 1507 3922 aiax,
1544 3853 1629 3918 10)
1660 3872 1672 3906 :
1712 3855 1812 3905 hoc
1848 3866 2016 3904 unum

445 3925 596 3989 velit,
631 3921 755 3977 Non
785 3924 1072 3991 auferetur,
1103 3921 1208 3988 vel,
1251 3930 1309 3976 ut
1336 3921 1602 3976 llebraice
1641 3923 1868 3992 legitur,
1909 3938 2018 3974 non

445 3995 664 4049 recedet
707 4007 1004 4062 sceptrum,
1055 3993 1170 4048 sive
1203 3993 1489 4061 imperium
1538 4008 1603 4047 ac
1649 4000 1913 4062 potestas,
1955 3993 2018 4045 de

442 4063 612 4130 Juda,
638 4065 740 4117 hoc
781 4071 865 4119 est
911 4079 939 4115 a
977 4064 1120 4118 tribu
1159 4062 1319 4126 Juda,
1345 4064 1676 4132 regioneque
1715 4063 1826 4124 illa,
1853 4076 2016 4132 quam

444 4135 499 4188 in
527 4135 795 4204 promissa
823 4143 967 4187 terra
996 4135 1303 4204 occuparit,
1330 4135 1528 4202 cuique
1557 4149 1751 4204 nomen
1782 4132 2018 4204 dederit,

444 4213 503 4258 ut
527 4201 624 4274 per
653 4203 846 4258 Judam
879 4211 987 4256 tam
1030 4201 1262 4272 populus
1297 4203 1414 4272 ipsa
1443 4201 1516 4256 ab
1554 4203 1689 4274 Juda
1725 4201 2017 4274 oriundus,

443 4272 544 4326 aut
595 4276 940 4336 nominatus;
991 4289 1155 4342 quam
1211 4277 1359 4343 regio
1408 4274 1486 4325 illi
1538 4273 1799 4326 attributa
1844 4272 2011 4341 signi-

443 4346 656 4398 licetur.
693 4343 828 4396 Nam
881 4345 1098 4397 tametsi
1149 4353 1277 4397 ante
1318 4343 1600 4396 Christum
1654 4344 1921 4396 translato
1965 4343 2018 4395 in

439 4417 845 4484 captivitatem,
881 4429 1257 4482 oppressoque
1321 4412 1475 4467 Judae
1523 4413 1757 4484 populo.
1804 4413 2019 4482 imperii

439 4489 616 4540 series
647 4485 739 4538 illa
777 4485 1083 4553 interrupta
1110 4484 1394 4547 videatur,
1429 4499 1537 4537 non
1574 4491 1753 4537 tamen
1803 4485 2018 4552 penitus

441 4556 690 4619 recessit,
735 4563 830 4607 aut
867 4557 1199 4608 exstinctum
1242 4562 1355 4616 est,
1390 4563 1515 4610 ante
1541 4553 1828 4608 .ludaicum
1872 4554 2020 4606 exci-

441 4626 614 4688 dium,
659 4625 959 4679 secundum
1001 4627 1147 4692 quod
1186 4632 1401 4692 tempus
1445 4625 1665 4692 templo,
1714 4625 1870 4685 urbe,
1913 4625 2017 4676 im-

442 4696 614 4770 perio,
648 4696 1193 4770 ac_1roktrstq._cx1tt_i,
1223 4696 1414 4770 alienis
1452 4696 1658 4770 legibus
1679 4709 1742 4747 ac
1766 4694 2017 4770 domina-
2052 4715 2092 4770 υ

442 4765 577 4817 tioni
618 4765 928 4832 subjacent.
985 4765 1312 4820 Praniderat
1374 4764 1613 4833 Spiritus
1659 4772 1886 4817 sanctus
1932 4763 2018 4816 di-

442 4835 675 4905 vortium
724 4836 854 4888 illud
896 4838 1045 4905 regni
1079 4851 1143 4889 ac
1189 4835 1408 4904 populi;
1441 4851 1563 4888 cum
1593 4834 1695 4887 sub
1742 4835 2016 4905 Roboamo

438 4903 847 4974 aliilsraclitat;
883 4903 995 4972 alii,
1030 4903 1452 4974 Judae’populus
1487 4920 1547 4957 ac
1584 4920 1806 4972 regnum
1835 4904 2018 4974 nonti-

441 4973 560 5026 nari
619 4983 921 5042 coeperunt.
994 4973 1229 5030 Noverat
1295 4973 1364 5029 ab
1424 4974 1662 5044 Assyriis
1720 4973 2017 5043 proﬂigau-

439 5045 569 5096 dum
643 5045 872 5098 alterum
949 5046 1116 5111 illud;
1188 5045 1323 5099 adeo
1375 5054 1432 5098 ut
1495 5044 1782 5113 imperium
1839 5047 1907 5097 ab
1952 5059 2017 5098 eo

440 5129 666 5181 prorsus
720 5116 1028 5168 auferretur
1078 5131 1140 5169 ac
1183 5117 1480 5180 recederet,
1527 5132 1628 5168 nec
1677 5129 1915 5184 unquam
1962 5115 2015 5167 in

440 5191 710 5254 integrum
748 5185 1145 5239 restitueretur.
1182 5185 1361 5249 Quare
1401 5186 1466 5240 ad
1505 5185 1666 5253 hujus
1697 5185 2012 5247 discrimen,

439 5253 722 5326 dealtera
776 5255 866 5307 illa
919 5257 1070 5323 regni
1130 5258 1421 5326 populique
1473 5258 1740 5326 portione,
1773 5271 1894 5325 qua:
1947 5257 2015 5308 ah

436 5322 575 5376 Juda
616 5339 810 5395 magna
843 5341 907 5378 ex
956 5322 1108 5394 parte
1130 5322 1294 5390 'nata,
1327 5322 1379 5380 et
1421 5322 1488 5380 ali
1529 5343 1593 5381 eo
1631 5322 2014 5396 cognominata

437 5401 543 5466 est,
572 5403 626 5466 et
661 5395 726 5466 in
771 5397 892 5463 ejus
928 5397 1135 5450 ditionc
1174 5413 1413 5465 agroque
1451 5395 1735 5462 collocata,
1768 5411 2012 5466 pronun-

423 5463 630 5535 tiavit?
655 5464 774 5518 Non
797 5476 921 5520 ante
954 5463 1292 5520 recessuram
1315 5463 1383 5521 ab
1409 5483 1470 5522 ea
1501 5463 1820 5535 potestatein
1854 5474 2016 5533 atque

438 5533 747 5601 imperium,
777 5552 840 5589 ac
873 5537 1104 5605 reipubl.
1143 5536 1400 5599 formam,
1431 5533 1592 5605 quam
1625 5537 1874 5590 Christus
1904 5537 2002 5589 ad-

439 5607 698 5660 vertisset.
729 5605 853 5660 ﬂate
886 5609 1000 5676 ipsa
1044 5606 1328 5674 utriusque
1358 5608 1508 5676 regni
1536 5611 1867 5675 comparatio
1895 5613 2000 5658 non

437 5677 784 5733 mediocriter
818 5677 1305 5746 adilluslrandum
1345 5678 1626 5731 oraculum
1670 5677 1796 5729 illud
1833 5676 1998 5743 perti-

2123 3441 2263 3492 erat,
2304 3443 2617 3498 quanquam
2644 3429 2916 3500 Iosephus
2953 3447 3100 3486 anno
3128 3429 3313 3500 priore
3351 3431 3405 3484 id
3440 3432 3693 3485 accidisse

2121 3500 2417 3570 significet,
2453 3501 2581 3554 dum
2623 3507 2748 3569 post
2789 3498 3031 3556 Simonis
3071 3498 3276 3555 obitum
3316 3516 3534 3554 annum
3578 3502 3694 3552 Sab-

2119 3569 2384 3632 baticum,
2416 3579 2470 3622 et
2513 3569 2731 3638 quidem
2766 3571 2909 3624 haud
2953 3571 3214 3625 mediocri
3246 3572 3572 3633 intervallo,
3603 3585 3698 3622 cne-

2121 3641 2269 3711 pisse
2316 3640 2508 3693 scribit
2537 3640 2628 3694 lib.
2661 3656 2783 3704 xm,
2826 3657 2946 3711 cap.
2993 3641 3079 3696 15.
3123 3641 3266 3711 Ergo
3306 3656 3464 3695 anno
3505 3641 3693 3710 period:

2117 3710 2348 3765 Iuliana:
2403 3725 2786 3772 ιιιιιιιιιιιχιιχ,
2843 3710 3032 3766 mense
3073 3729 3151 3776 ιιι,
3185 3710 3291 3766 hoc
3341 3721 3432 3765 est
3483 3711 3692 3766 Sebath.

2118 3792 2352 3836 exeunte
2402 3781 2616 3835 scilicet
2655 3782 2853 3844 hieme,
2889 3791 3120 3836 necatus
3165 3790 3269 3837 est.
3324 3781 3540 3836 Eodem
3572 3797 3696 3832 anno

2121 3851 2384 3906 successit
2410 3849 2650 3908 Joannes
2680 3851 2968 3921 Hyrcanus
2997 3854 3117 3921 ejus
3147 3853 3312 3908 ﬁlius.
3347 3850 3458 3917 Qui
3491 3851 3692 3919 quidem

2121 3937 2244 3975 cum
2271 3936 2445 3975 annos
2477 3937 2603 3974 xxxr
2637 3922 2980 3991 imperasset,
3009 3925 3240 3976 moritur
3264 3923 3489 3976 relictis
3514 3938 3545 3973 v
3577 3922 3700 3973 libe-

2121 3995 2218 4045 ris.
2259 3991 2518 4045 Succedit
2551 3992 2901 4047 Aristobulus
2931 4001 3063 4047 natu
3119 3994 3425 4056 maximus,
3463 3992 3562 4061 qui
3604 3993 3698 4060 pri-

2122 4077 2246 4116 mus
2282 4063 2490 4131 regium
2553 4062 2655 4117 sibi
2703 4061 2953 4116 diadema
3005 4065 3262 4129 sumpsit,
3311 4071 3367 4117 et
3418 4078 3572 4131 anno
3606 4078 3697 4112 uno

2122 4130 2384 4203 regnavit.
2408 4130 2529 4197 Quo
2561 4143 2799 4194 mortuo,
2835 4132 3052 4188 Salome
3083 4133 3307 4200 conjux,
3335 4149 3516 4203 quam
3538 4130 3697 4203 Graia

2120 4202 2485 4256 Alexandrum
2536 4211 2759 4263 vocant,
2810 4203 3111 4257 Aristobuli
3161 4202 3387 4267 fratres,
3431 4216 3578 4271 quos
3627 4202 3699 4252 illc

2122 4272 2176 4325 in
2214 4272 2448 4325 vinculis
2488 4271 2787 4337 habuerat,
2825 4275 3008 4336 solvit,
3040 4283 3093 4327 et
3134 4271 3428 4328 Jannaaum
3472 4273 3698 4324 Alexan-

2120 4343 2299 4402 drum,
2332 4343 2426 4410 qui
2459 4350 2510 4395 et
2545 4351 2724 4402 aetate,
2758 4352 2812 4396 et
2846 4343 3224 4413 moderatione
3257 4345 3575 4413 praestabat
3614 4359 3700 4394 ca:-

2121 4415 2276 4475 teris,
2315 4427 2495 4481 regem
2540 4413 2849 4484 constituit.
2891 4412 3158 4484 Regnavit
3192 4412 3280 4467 hic
3318 4429 3511 4467 annos
3543 4428 3696 4466 xxvii.

2121 4484 2462 4550 moriturque
2516 4483 2694 4537 tetatis
2741 4499 2888 4537 anno
2938 4483 3036 4544 XL,
3088 4483 3295 4538 relictis
3347 4498 3487 4536 cum
3549 4497 3698 4535 uxore

2121 4551 2660 4624 Alexandra_liberis
2691 4553 2907 4608 duobus
2959 4553 3230 4624 Hyrcano,
3266 4563 3324 4607 et
3357 4555 3697 4624 Aristobulo.

2120 4624 2188 4676 At
2219 4620 2527 4678 Alexandra
2552 4639 2728 4678 annos
2763 4641 2816 4678 Ix
2857 4620 3082 4693 regnum
3113 4624 3557 4676 administravit.
3590 4621 3698 4673 Pus;

2123 4694 2281 4762 cujus
2321 4694 2528 4762 obitum
2566 4694 2728 4748 ambo
2769 4696 2964 4748 fratres
3007 4695 3077 4747 ita
3135 4695 3278 4746 inter
3327 4709 3390 4747 se
3439 4708 3703 4746 convene-

2123 4771 2270 4826 runt,
2300 4775 2356 4817 ut
2381 4761 2666 4830 Hyrcanus
2688 4766 3064 4832 pontiﬁcatum
3093 4771 3327 4816 teneret.
3349 4763 3701 4817 Aristobulus

2123 4849 2370 4903 regnum.
2402 4834 2673 4888 llircanus
2698 4851 2970 4889 summum
3001 4834 3370 4888 sacerdotium
3410 4835 3544 4886 iniit
3573 4851 3697 4884 Cu».

2125 4903 2436 4964 llorteusio,
2469 4912 2522 4957 ct
2555 4905 2805 4959 Metello:
2835 4904 2929 4973 qui
2957 4913 3041 4958 est
3075 4919 3252 4956 annus
3287 4905 3455 4957 urbis
3521 4920 3700 4956 nun.

2126 4973 2182 5045 ln
2215 4991 2373 5042 quem
2407 4975 2535 5027 anni
2567 4975 2641 5028 illi
2670 4990 2732 5029 ex
2767 4973 3006 5044 Joscpho
3037 4974 3356 5045 singillatim
3398 4985 3702 5028 ennrncraa

2125 5043 2393 5108 incidunt,
2429 5046 2473 5097 si
2511 5059 2676 5097 unum
2704 5043 2968 5098 duntaxat
2998 5059 3064 5098 ex
3106 5043 3171 5099 iis
3196 5046 3536 5098 inchoatum
3574 5047 3704 5095 acci-

2125 5116 2263 5184 pias.
2291 5114 2386 5169 Est
2425 5115 2512 5168 hic
2539 5131 2716 5168 annus
2752 5131 2867 5184 per.
2904 5113 3136 5170 Iuliana:
3181 5131 3564 5174 uualncxu,
3597 5129 3705 5164 ante

2121 5185 2400 5254 vulgarem
2433 5185 2639 5256 Christi
2680 5187 2915 5241 natalem
2949 5186 3038 5250 68,
3083 5187 3315 5256 Augusu
3369 5200 3570 5237 annus
3611 5184 3706 5250 priv

2122 5271 2264 5318 mus,
2293 5257 2339 5309 si
2367 5273 2395 5310 a
2421 5255 2548 5310 Julii
2574 5254 2809 5310 Caesaris
2837 5272 2969 5312 nece
2997 5254 3304 5316 inclinetur,
3330 5256 3554 5309 accidit
3580 5270 3706 5305 3mm

2122 5323 2284 5379 Urbis
2319 5342 2475 5389 nccx,
2525 5327 2734 5395 periodi
2778 5326 3008 5384 Julianae
3054 5341 3423 5381 Inunncux.
3488 5325 3706 5378 Herodis

2123 5411 2252 5449 vero
2283 5399 2512 5464 primus,
2546 5413 2656 5466 quo
2689 5399 2895 5453 scilicet
2930 5415 3154 5466 regnum
3193 5413 3226 5466 ad
3260 5396 3705 5466 Ronaanisrmn-

2121 5476 2344 5522 secutus
2365 5475 2466 5524 est.
2495 5465 2725 5522 incurrit
2754 5472 2806 5521 in
2839 5465 3184 5522 consulatum
3216 5465 3455 5520 Domitii
3483 5465 3708 5524 (λιιι-ιιι,

2108 5543 2162 5589 et
2205 5539 2376 5608 Asinii
2400 5535 2686 5599 Pollionis,
2715 5539 2805 5608 qui
2835 5548 2917 5594 est
2953 5541 3021 5592 ab
3054 5537 3199 5591 Urbe
3225 5536 3470 5608 condita
3505 5550 3706 5592 ιιειιιι.

2109 5607 2320 5674 period.
2349 5606 2553 5663 Julian.
2578 5606 2989 5670 ιιιιιιιιοοιχιιν,
3009 5613 3144 5671 sive,
3175 5617 3232 5660 ut
3265 5607 3355 5659 alii
3387 5609 3642 5676 Agrippa
3663 5619 3706 5652 ει

2106 5677 2333 5732 Caninio
2354 5678 2500 5737 (τάδε.
2516 5695 2624 5748 quo
2642 5696 2786 5734 anno
2804 5681 3023 5747 pacitice
3041 5695 3264 5748 regnare
3283 5681 3468 5747 capit
3481 5718 3496 5740 ,
3510 5690 3712 5745 estqan
