3760 6176
53 182 138 237 595

667 176 1029 234 ADVERSUS
1068 178 1407 233 ll/ERESES
1448 176 1574 231 LIB.

1762 174 1866 229 3M.
1910 173 1971 229 ll.
2013 205 2081 214 —-
2120 173 2376 228 [ΙᾸΞΒΕΞ
2415 172 2602 227 XXIX.

3166 171 3272 227 59-3

50 294 198 363 θλεὲμ
222 293 321 362 τῆς
372 289 631 352 Ἰουδαίας
679 290 778 360 (Ι),
823 290 916 342 ἐπὶ
965 289 1312 359 Ἀλεξάνδρου
1355 287 1448 340 τοῦ
1496 287 1604 341 ἀπὸ

1766 285 1926 340 rcidit
1971 301 2036 339 ac
2081 299 2376 354 suppressa
2423 283 2640 353 penitus
2684 294 2786 350 est,
2829 299 2859 338 a
2886 300 2994 355 quo
3023 284 3272 343 Christus

49 387 222 455 γένους
247 381 522 454 ἱερατικοῦ
552 382 642 434 καὶ
676 380 973 451 βασιλικοῦ.
1014 382 1130 451 Ἀφ’
1159 375 1218 434 οὗ
1257 377 1603 450 Ἀλεξάνδρου

51 479 281 531 διέπεσεν
315 470 471 538 οὗτος
502 476 530 526 6
573 473 773 544 κλῆρος
820 472 930 526 ἀπὸ
977 472 1182 543 χρόνων
1227 470 1391 524 αὑτοῦ
1424 488 1484 523 τε
1514 472 1607 524 καὶ

51 567 296 630 Σααλίνας
336 567 432 636 (2),
465 565 566 633 τῆς
595 564 688 617 καὶ
729 562 1083 634 Ἀλεξάνδρας
1126 561 1485 632 καλουμένης,
1514 562 1608 612 ὲπὶ

51 663 146 723 τοῖς
183 659 396 729 χρόνοις
435 657 672 729 Ἡρώδου
721 654 814 707 τοῦ
859 654 1120 725 βασιλέως
1155 654 1249 706 καὶ
1295 651 1606 720 Αὐγούστου

52 754 143 807 τῶν
182 752 468 822 Ῥωμαίων
515 750 930 822 αὐτοκράτορος.
1006 749 1102 810 Ὃς
1130 747 1224 800 καὶ
1256 745 1490 816 διάδημα
1514 746 1608 796 ἐπ-

53 845 189 898 έθετο
218 842 400 912 ἑαυτῷ
444 845 472 895 6
510 834 1070 912 'Alégav6pogjobrog,
1116 833 1194 900 εἷς
1227 837 1334 890 τῶν
1375 835 1608 907 χριστῶν

53 935 133 988 καὶ
158 932 478 1002 ἡγουμένων
509 933 784 1002 ὑπάρχων.
823 929 1196 998 Συναφοεισῶν
1238 928 1346 999 γὰρ
1387 928 1494 980 τῶν
1519 927 1610 980 δύο

56 1027 222 1098 φυλῶν
276 1025 372 1078 τοῦ
419 1042 478 1078 τε
528 1022 802 1094 βασιλικοῦ
841 1024 934 1077 καὶ
981 1020 1275 1094 ἱερατικοῦ,
1343 1020 1510 1072 ’ἰούδα
1555 1021 1610 1073 δέ

53 1137 177 1188 φημι
212 1118 311 1170 καὶ
343 1116 572 1188 Ἀαρὼν,
605 1117 699 1170 καὶ
723 1115 900 1186 πάσης
921 1118 1017 1185 τῆς
1045 1113 1138 1167 τοῦ
1167 1112 1316 1173 Λευῒ,
1346 1112 1487 1166 οὕτω
1520 1111 1614 1182 βα-

55 1213 205 1273 σιλεῖς
241 1211 338 1262 καὶ
366 1211 530 1279 ἱερεῖς
564 1208 820 1275 ἐγίνοντο.
870 1207 944 1260 Ού
986 1205 1093 1277 γὰρ
1120 1205 1384 1276 διήμαρτὲ
1423 1223 1475 1257 τι
1505 1205 1613 1257 τῶν

53 1303 145 1358 ἀπὸ
177 1304 282 1372 τῆς
314 1302 474 1369 ἁγίας
509 1301 731 1371 Γραφῆς
759 1300 1113 1370 αἰνιγμάτων.
1163 1299 1296 1350 Τότε
1341 1297 1396 1350 δὲ
1431 1296 1613 1349 λοιπόν

53 1394 339 1463 ἀλλόφυλος
377 1391 624 1464 βασιλεὺς
665 1391 928 1463 Ἡρόῇης,
957 1391 1050 1444 καὶ
1081 1390 1262 1443 οὐκέτι
1307 1391 1354 1441 οἱ
1385 1387 1493 1441 ἀπὸ
1520 1388 1612 1440 τοῦ

54 1487 202 1540 Δαϐιδ
245 1485 481 1556 διάδημα
527 1483 809 1537 ὲπὲθεντο’
846 1481 1260 1552 μεταπεσούσης
1295 1481 1351 1533 δὲ
1377 1479 1477 1549 τῆς
1523 1479 1616 1550 βα-

57 1574 255 1644 σιλικῆς
304 1573 571 1644 καθέδρας
605 1574 662 1626 ὲν
710 1572 929 1644 Χριστῷ
975 1571 1068 1625 ἐπὶ
1114 1571 1214 1642 τὴν
1272 1569 1613 1640 Ἐκκλησίαν,

55 1665 148 1718 ἀπὸ
183 1664 288 1734 μὲν
314 1663 462 1716 οἴκου
497 1663 590 1716 τοῦ
621 1661 881 1734 σαρκικοῦ
926 1662 1095 1714 Ἰούδα
1121 1663 1214 1715 καὶ
1259 1661 1616 1732 Ἰερουσαλὴμ

55 1757 106 1810 τὸ
133 1755 411 1825 βασιλικὸν
459 1754 691 1826 μετέστη
743 1754 991 1825 ἀξίωμαο
1028 1755 1234 1825 ἵδρυται
1274 1753 1329 1806 δὲ
1363 1754 1390 1805 ὁ
1430 1753 1616 1826 θρόνος

54 1851 105 1901 ὲν
130 1852 192 1919 τῇ
240 1849 377 1918 ἁγίᾳ
418 1847 512 1901 τοῦ
553 1846 688 1900 Θεοῦ
732 1846 1024 1918 Ἐκκλησία
1075 1847 1154 1910 είς
1185 1847 1276 1899 τὸν
1327 1846 1517 1908 αἰῶνα,
1551 1849 1616 1899 ὲκ

55 1941 135 1994 δύο
168 1941 497 2011 προφάσεων
548 1938 685 2008 ἔχων
730 1938 790 1991 τὸ
833 1938 1068 2007 ἀξίωμα,
1099 1937 1192 1990 τοῦ
1235 1954 1293 1989 τε
1341 1935 1614 2006 βασιλικοῦ

54 2031 138 2082 καὶ
180 2027 280 2082 τοῦ
329 2025 730 2100 ἀρχιερατικοῦ.
781 2027 890 2080 Καὶ¹
935 2027 996 2079 τὸ
1041 2026 1138 2096 μὲν
1192 2025 1466 2096 βασιλικὸν
1509 2026 1615 2078 ἀπο

56 2121 139 2175 τοῦ
165 2120 376 2191 Κυρίου
403 2119 559 2190 ἡιμῦν
599 2119 771 2188 Ἰησοῦ
807 2117 1043 2189 Χριστοῦ
1073 2118 1214 2172 κατὰ
1245 2118 1336 2170 δύο
1365 2118 1616 2189 τρόπους,

54 2214 133 2265 διά
162 2229 221 2264 τε
251 2213 316 2264 τὸ
356 2207 495 2264 εἶναι
523 2210 686 2263 αὑτὸν
719 2213 782 2262 ὲκ
817 2211 1128 2280 σπέρματος
1156 2209 1319 2263 Δαϐὶδ
1345 2210 1438 2262 τοῦ
1473 2209 1621 2279 βασι-

55 2302 183 2364 λέως
234 2299 379 2354 κατὰ
410 2301 606 2371 σάρκα,
643 2299 740 2352 καὶ
791 2298 852 2350 τὸ
903 2294 1042 2350 εἶναι
1085 2297 1267 2362 αὑτὸν,
1302 2298 1436 2370 ὅπερ
1483 2299 1620 2360 ἐστὶ,

56 2391 277 2461 βασιλέα
316 2390 536 2461 μείζονα
568 2390 661 2443 ἀπ’
711 2387 906 2451 αἰῶνος
957 2387 1098 2442 κατὰ
1134 2389 1232 2458 τὴν
1266 2387 1494 2458 θεότητα
1517 2403 1529 2416 ·
1564 2388 1624 2440 τὸ

60 2483 111 2535 δὲ
159 2483 457 2553 ἱερατικὸν,
511 2483 594 2535 ὅτι
644 2479 804 2543 αὐτὸς
850 2479 1137 2551 ἀρχιερεὺς
1189 2479 1282 2531 καὶ
1329 2480 1626 2550 ἀρχιερέων

55 2573 341 2644 πρύτανις.
375 2573 821 2634 Κατασταθέντος
852 2570 1012 2634 εὐθὺς
1053 2569 1244 2623 Ἰακὼὸ
1269 2570 1361 2623 τοῦ
1395 2571 1623 2639 ἀδελφοῦ

57 2656 250 2726 Κυρίου
288 2657 617 2727 καλουμένου
655 2656 746 2708 καὶ
779 2654 1094 2718 ἀποστόλου,
1143 2655 1440 2708 ἐπισκόπου
1481 2653 1627 2725 πρώ-

55 2765 139 2802 του
175 2747 300 2801 υίοῦ
328 2747 420 2801 τοῦ
465 2749 662 2817 Ἰωσὴφ
701 2745 860 2814 φύσει
891 2745 1063 2810 ὄντος,
1100 2748 1158 2798 ὲν
1195 2745 1345 2811 τάξει
1389 2745 1444 2799 δὲ
1475 2746 1625 2799 ἁδελ-

56 2839 151 2907 φοῦ
188 2840 291 2893 τοῦ
337 2839 538 2910 Κυρίου
579 2837 866 2909 κληθέντος
909 2836 998 2889 διὰ
1029 2837 1127 2907 τὴν
1158 2840 1621 2908 συναναστροφὴν.

1706 377 2060 444 Bethlehemi,
2092 378 2234 446 quod
2269 384 2352 431 est
2380 375 2579 432 Judaete
2615 377 2896 447 oppidum,
2929 378 2984 431 in
3015 379 3154 433 hanc
3191 381 3274 434 lu-

1706 484 1823 524 cem
1851 469 2028 524 editus
2056 475 2140 522 est
2168 487 2180 521 :
2213 466 2374 538 idque
2396 458 2532 522 adeo
2559 469 2662 522 sub
2686 469 2999 524 Alexandro
3025 472 3272 540 contigit,

1707 563 1799 632 qui
1849 577 1880 617 e
1933 560 2276 616 sacerdotum
2327 561 2533 629 pariter
2582 575 2646 614 ac
2703 575 2892 630 regum
2945 561 3113 631 stirpe
3159 569 3272 615 erat

1707 651 1993 706 oriundus.
2045 650 2131 704 Ab
2181 649 2345 720 hujus
2379 650 2542 721 igitur
2585 649 2878 704 Alexandri
2931 665 3032 704 nec
3075 665 3183 704 non
3225 659 3275 704 et

1712 744 1966 807 Saaliute,
2021 758 2142 814 qua:
2182 750 2235 797 et
2283 743 2589 797 Alexandra
2634 749 2824 797 vocata
2866 750 2970 807 est,
3017 751 3276 812 tempore,

1711 853 1830 892 sors
1847 847 1931 891 est
1952 835 2041 888 illa
2065 834 2215 905 regni
2245 833 2594 902 conditioque
2625 833 2863 898 sublata,
2887 847 3010 885 cum
3033 819 3276 887 Herodes

1709 929 1927 992 Judteaa,
1959 931 2238 998 Augustus
2264 941 2394 980 vero
2437 925 2809 979 Romanorum
2855 925 3140 994 imperium
3183 925 3254 979 ob

1710 1022 1927 1076 tineret.
1952 1019 2247 1089 thuidem
2267 1019 2569 1072 Alexander
2591 1017 2678 1070 ille
2698 1032 2840 1070 unus
2873 1032 2902 1071 e
2926 1016 3276 1080 cliristoruni,

1714 1112 1816 1166 hoc
1845 1122 1929 1166 est
1964 1117 2262 1164 uuctorum
2310 1110 2622 1178 ducumque
2651 1122 2878 1161 numero
2916 1106 3164 1160 diadema
3201 1105 3278 1159 si—

1713 1205 1880 1259 bimet
1915 1204 2191 1273 imposuit.
2216 1201 2352 1256 Cum
2383 1203 2529 1256 enim
2558 1202 2679 1256 dum
2704 1200 2932 1254 invicem
2956 1199 3131 1253 tribus
3152 1213 3278 1252 con.

1709 1295 1912 1363 junctae
1955 1295 2218 1355 fuissent,
2259 1307 2491 1362 quarum
2543 1291 2715 1346 altera
2763 1289 2948 1360 regni,
2993 1287 3279 1344 sacerdotii

1715 1386 1883 1439 altera
1915 1385 2006 1455 jus
2047 1384 2300 1448 habebat,
2334 1392 2562 1454 eratque
2596 1383 2748 1438 Iudae
2793 1383 2964 1452 prior,
3009 1381 3279 1451 posterior

1715 1477 1949 1532 Aaronis
1987 1493 2049 1530 ac
2085 1476 2338 1532 Levitica:
2367 1478 2546 1548 gentis
2589 1476 2878 1542 universae,
2913 1475 3039 1530 inde
3080 1474 3281 1528 factum

1716 1578 1818 1634 est,
1853 1567 2016 1622 iidem
2072 1576 2130 1621 ut
2183 1583 2338 1638 reges
2384 1583 2448 1622 ac
2478 1567 2792 1622 sacerdotes
2843 1573 3047 1621 essent.
3098 1563 3280 1634 Neque

1717 1661 1862 1716 enim
1907 1661 2073 1713 ullum
2102 1678 2166 1715 ex
2208 1661 2460 1714 obscuris
2503 1675 2784 1713 Sacrarum
2822 1660 3123 1712 litterarum
3154 1672 3281 1710 ora-

1716 1752 1854 1806 culis
1890 1751 2117 1805 veritate
2145 1766 2244 1805 sua
2280 1749 2479 1804 caruit.
2519 1747 2655 1802 Tum
2706 1749 2873 1818 igitur
2906 1746 3149 1802 Herodes
3190 1762 3280 1800 rex

1717 1841 2022 1909 alienigena
2088 1841 2356 1895 submotis
2435 1839 2655 1894 Davitlis
2731 1839 2964 1908 posteris
3039 1836 3283 1890 diadema

1718 1933 1969 2001 sumpsit.
1995 1931 2173 2002 Atque
2201 1931 2412 2001 imperii
2444 1932 2659 1985 deruunt
2694 1931 2833 1985 solio
2859 1932 3204 2000 peregrinum
3233 1931 3284 1984 in

1718 2024 1992 2078 hominem
2022 2025 2306 2086 translato,
2335 2039 2364 2076 a
2393 2024 2630 2077 carnalis
2656 2021 2809 2077 Judae
2840 2024 3044 2078 familia
3080 2041 3143 2079 ac
3172 2024 3272 2079 Hie

1717 2115 2011 2185 rosolymis
2067 2130 2162 2184 per
2220 2115 2497 2168 Christum
2542 2115 2689 2185 regia
2745 2122 2830 2168 est
2879 2116 2930 2169 in
2988 2114 3286 2170 Ecclesium

1719 2208 2000 2261 transfusa
2037 2206 2294 2277 dignitas.
2332 2205 2503 2275 Cujus
2534 2209 2688 2261 sedes
2722 2207 2788 2260 ad
2824 2208 3064 2262 omnium
3095 2223 3284 2277 perpe-

1719 2298 1970 2352 tuitatem
2013 2306 2319 2366 temporum
2364 2299 2419 2351 in
2468 2299 2654 2352 eadem
2693 2298 2812 2368 ipsa
2857 2299 3179 2359 constituta,
3224 2315 3286 2352 ex

1722 2384 2005 2438 ambarum
2034 2385 2382 2454 dignitatum,
2414 2381 2565 2456 reg'ni
2602 2384 2851 2440 videlicet
2878 2401 2943 2438 ac
2973 2385 3287 2446 sacerdotii,

1723 2475 2082 2546 amplitudine
2115 2476 2373 2530 coalescit
2415 2495 2426 2530 :
2462 2491 2588 2530 nam
2615 2475 2760 2546 quod
2794 2476 2861 2531 ad
2893 2476 3095 2546 regiam
3121 2475 3287 2543 maje-

1724 2578 1914 2623 statem
1948 2568 2164 2631 attinet,
2196 2583 2315 2622 eam
2348 2582 2378 2620 a
2415 2567 2639 2622 Christo
2668 2565 2798 2623 Jesu
2832 2565 3065 2621 Domino
3095 2575 3288 2621 nostro

1723 2661 1924 2730 duplici
1969 2660 2094 2728 jure
2127 2659 2581 2714 communicatam
2631 2659 2876 2728 accepit:
2915 2657 3061 2728 quod
3108 2667 3162 2712 et
3199 2656 3288 2713 ille

1723 2759 1996 2820 quatenus
2032 2765 2199 2806 carne
2231 2758 2472 2809 constat.
2507 2750 2574 2804 de
2614 2748 2835 2804 Davidis
2879 2749 3050 2818 stirpe
3094 2762 3291 2819 propa-

1722 2851 1879 2911 gatus
1928 2841 2112 2904 fuerit,
2161 2850 2215 2896 et
2252 2857 2347 2896 rex
2379 2841 2681 2896 divinitatis
2709 2857 2871 2910 quam
2922 2841 3062 2896 idem
3111 2841 3292 2908 habet,

56 2935 264 2988 ratione
311 2933 468 3002 119
512 2933 670 3002 longe
719 2933 791 2986 sit
821 2931 1072 3000 amplior,
1121 2936 1174 2984 et
1225 2937 1482 2985 aeternus.
1532 2931 1837 2987 Sacerdotii
1895 2950 2027 2990 vero
2074 2935 2393 3006 dignitatem
2449 2934 2570 2989 ideo
2623 2935 2849 2989 sortitus
2903 2946 3006 2997 est,
3047 2933 3190 3002 quod
3244 2941 3296 2988 et

55 3028 299 3098 pontifex
346 3030 436 3094 sit,
480 3036 534 3082 et
565 3027 884 3098 pontificum
929 3025 1172 3080 omnium
1221 3026 1530 3080 moderator
1580 3028 1650 3083 ac
1695 3030 1968 3100 princeps.
2017 3030 2198 3096 Quare
2219 3029 2456 3085 Jacobus
2483 3029 2592 3094 ille,
2616 3030 2708 3099 qui
2740 3027 2954 3082 Domini
2989 3033 3155 3081 trater
3197 3039 3296 3093 ap-

56 3125 294 3192 pellatus
340 3130 444 3184 est.
485 3129 540 3176 et
604 3121 845 3191 ejusdem
901 3120 1200 3190 apostolus,
1252 3121 1462 3189 primus
1517 3123 1761 3176 omnium
1843 3134 1928 3182 est
1984 3127 2277 3195 episcOpus
2334 3123 2703 3189 constitutus;
2759 3123 2850 3192 qui
2905 3137 3029 3176 cum
3077 3119 3296 3190 Josepbi

55 3214 327 3269 naturalis
388 3221 534 3268 esset
591 3211 757 3278 ﬁlius,
800 3211 1014 3266 Domini
1053 3209 1221 3266 frater
1251 3212 1324 3268 ob
1359 3211 1414 3266 id
1472 3223 1702 3270 vocatus
1759 3225 1864 3281 est,
1902 3218 2047 3288 quod
2083 3220 2136 3271 in
2159 3217 2295 3286 |ejus
2328 3217 2580 3271 convictu
2625 3232 2688 3270 ac
2731 3214 3128 3272 consuetudine
3178 3229 3298 3270 ver-

54 3319 294 3365 saretur.
911 3358 915 3361 ,
1404 3293 1406 3295 ’

121 3403 197 3456 Δ”.
235 3395 352 3453 Ἦν
377 3397 484 3470 γὰρ
510 3399 539 3450 6
585 3396 835 3461 Ἰάκωΰος
859 3389 1014 3462 οὗτος
1048 3398 1124 3468 (5)
1159 3399 1270 3461 υἱὸς
1303 3398 1396 3452 τοῦ
1433 3400 1610 3469 Ἰωσὴς

1805 3395 1892 3452 IV.
1924 3394 2024 3452 Hic
2049 3396 2195 3452 enim
2217 3395 2436 3466 Iosephi
2460 3411 2524 3451 ex
2547 3395 2656 3450 alia
2678 3395 2782 3451 fuit
2800 3411 2962 3468 quam
2986 3397 3154 3455 Maria
3177 3417 3299 3458 con-

58 3598 219 3652 l'rhis
242 3594 478 3649 condita:
499 3608 730 3648 necxvu.
761 3593 973 3648 Period.
999 3591 1200 3646 Julian.
1223 3607 1631 3648 unuxoccxxvu

59 3678 180 3722 ante
204 3667 485 3734 vulgarent:
512 3664 716 3717 Christi
744 3666 973 3718 natalem
1002 3665 1090 3718 57.
1116 3663 1477 3734 Quamobrem
1509 3665 1633 3718 Ale«

60 3737 255 3792 xandri
287 3733 436 3790 illius
464 3735 645 3788 obitus
681 3742 762 3788 tot
795 3735 956 3789 annis
984 3734 1186 3788 Christi
1213 3741 1415 3798 ortum,
1444 3733 1554 3786 imo
1578 3743 1633 3787 et

57 3807 301 3878 Augusti
321 3815 482 3878 atque
531 3805 759 3878 Herodis
793 3804 1076 3878 imperium
1101 3803 1633 3878 antecessit,_contra

58 3872 221 3947 quam
257 3872 598 3947 Epiphanius
645 3872 884 3944 scripsit;
933 3872 1067 3926 Nam
1114 3874 1366 3947 immanis
1409 3874 1635 3947 ἀναχρο-

57 3943 250 4017 νισμός
284 3943 539 4017 resarciri
574 3943 851 4017 utcunque
885 3943 1204 4017 pot_erit,_si
1231 3943 1410 3996 luxata
1446 3943 1636 4017 [necet

59 4011 239 4072 alieno
268 4017 392 4070 loco
427 4015 599 4084 posita
643 4011 1048 4079 dixe—risfégci'ra
1077 4013 1258 4084 αὐτὸς,
1300 4020 1407 4084 εις.
1453 4011 1542 4084 Utk
1563 4015 1635 4084 ita

60 4091 292 4140 omnino
339 4081 624 4155 legendum
668 4086 772 4155 sit:
813 4085 1038 4155 Διέπεσε
1073 4082 1182 4155 γάρ
1208 4081 1636 4155 -ήᾲτάξις-ὲξότε

55 4159 218 4220 αὐτὸς
251 4152 511 4226 γεννᾶται
555 4157 614 4207 ἐν
659 4154 906 4226 Βηθλεὲμ
947 4152 1048 4222 τῆς
1101 4152 1366 4226 Ἰουδαίας
1394 4153 1486 4204 ἐπὶ
1525 4157 1636 4226 τοῖς

57 4222 284 4297 χρόνοις
316 4225 552 4296 Ἡρώδου
594 4225 686 4278 τοῦ
723 4222 1010 4297 βασιλέως,
1056 4225 1166 4297 καὶ-
1193 4222 1635 4297 Αὐγούστου-τοῦ

69 4292 364 4368 Ῥωμαίων
384 4292 796 4368 ἀὐτοκράτορος
816 4309 831 4325 ⁸
853 4296 956 4368 καὶ
987 4293 1117 4368 ἔστη
1151 4293 1243 4368 ὲπξ
1277 4292 1635 4368 Ἀλεξάνδρου

56 4367 149 4419 τοῦ
180 4358 323 4419 ’ἀπὸ
371 4358 582 4433 γένους’
608 4358 912 4434 ἱερατικοῦ,
956 4364 1050 4416 καὶ
1095 4358 1393 4434 βασιλικοῦ,
1441 4358 1637 4434 ἀφξόὖ

68 4430 427 4504 Ἀλεξάνδρου
463 4430 711 4506 διέπεσεν
751 4430 903 4497 οὗτος
938 4437 965 4486 6
1006 4430 1241 4506 κλῆρος,
1279 4433 1387 4506 ᾁπὸ
1433 4431 1638 4506 χρόνων

55 4507 222 4560 αὐτοῦ
253 4502 458 4565 τεζκαὶ
489 4505 770 4568 Σααλίνας,
803 4507 901 4575 τῆς
933 4506 1046 4575 καὶ
1060 4502 1408 4575 Ἀλεξάνδρας
1440 4502 1636 4575 καλου-

60 4579 255 4646 μένης,
307 4576 366 4637 ὃς
399 4576 495 4629 καὶ
539 4575 807 4645 διάδημα,
853 4571 958 4629 etc.
1004 4571 1115 4627 Hac
1160 4571 1401 4646 quidem
1430 4573 1640 4646 ratione

60 4643 239 4700 labem
284 4647 434 4698 illam
463 4643 710 4729 priorem
735 4646 1060 4729 evitabimus
1084 4683 1098 4725 ,
1141 4658 1319 4729 neque
1345 4643 1635 4729 Alexapdri

54 4721 270 4772 exitum
301 4731 427 4769 cum
461 4710 662 4770 Christi
695 4723 816 4767 ortu
847 4710 1244 4782 copulabituus.
1279 4710 1480 4782 Verum
1511 4713 1638 4768 huic

55 4795 402 4854 conjectura:
419 4793 617 4840 nostr;e
634 4801 740 4838 non
759 4781 1050 4838 admodum
1069 4783 1409 4854 confidimus.
1426 4781 1637 4852 Quippe

2597 3493 2644 3548 /

1735 3595 2009 3649 xandrum
2085 3595 2238 3650 illum
2305 3596 2543 3667 priorem
2629 3603 2683 3652 et
2737 3597 3102 3655 Alexandram
3163 3612 3301 3659 tem-

1735 3681 1885 3736 pore.

1805 3735 2324 3810 (ηςΕν-Βηθλεὲμ
2351 3737 2468 3810 τῆς
2503 3736 2934 3810 Ἰουδαίας-,Αῐῑιι
2973 3741 3028 3794 in
3071 3742 3301 3810 quibus-

1733 3804 1856 3859 dam
1897 3804 2130 3876 hlatrthaai
2157 3804 2578 3876 exemplaribus,
2614 3823 2712 3875 pro
2752 3807 2939 3874 Ἰούδα,
2974 3819 3029 3864 ut
3057 3804 3303 3868 animad-

1737 3881 1894 3929 vertit
1948 3874 2349 3945 Hieronymus;
2384 3876 2528 3944 quod
2566 3874 2667 3931 etsi
2702 3879 2957 3932 vitiosum
3008 3881 3060 3934 in
3089 3883 3300 3938 Comm.

1736 3947 1804 3998 ad
1845 3959 1959 4004 cap.
2000 3960 2038 3998 ll
2078 3944 2323 3998 Matthxi
2363 3954 2514 4010 putet
2560 3961 2699 4010 esse,
2760 3959 2935 4003 tamen
2987 3967 3092 4004 non
3149 3954 3305 4007 aliter

1736 3961 1803 3998 aa
1845 3961 1959 4004 cap.
2000 3961 2038 3998 ll
2078 3961 2322 3998 multum
2351 3961 2514 4070 (putet
2560 3961 2699 4010 esse,
2760 3961 2935 4003 tamen
2987 3967 3092 4019 non
3149 3961 3304 4007 aliter

1736 4017 1966 4089 ipsemet
2000 4016 2052 4089 in
2103 4015 2314 4089 Eusebii
2397 4017 2610 4089 ltronico
2653 4017 2915 4089 scripsit:
2961 4034 3136 4089 neque
3174 4039 3304 4077 vero

1737 4086 2091 4154 improbanda
2123 4094 2206 4141 est
2234 4087 2338 4141 ista
2371 4087 2552 4151 lectio,
2591 4095 2649 4140 ut
2678 4087 2742 4140 ad
2776 4086 3067 4144 Eusebium
3098 4093 3306 4147 Ponta-

1740 4172 1839 4210 cus
1865 4155 2139 4210 observat.

1809 4226 1885 4293 (2)
1918 4226 2112 4296 Αὐτοῦ
2151 4242 2215 4278 τε
2253 4225 2707 4296 καὶηΣααλίνας.
2747 4227 3016 4296 Iasephus
3055 4231 3150 4284 lib.
3181 4248 3304 4296 xm,

1737 4295 2030 4368 Alexandri
2067 4311 2311 4368 uxorem,
2342 4295 2576 4368 Hyrcani
2606 4310 2660 4354 et
2704 4295 3002 4353 AristObuli
3041 4295 3296 4364 matrem,

1738 4366 2109 4440 Alexandrarn
2142 4366 2401 4440 appellat.
2433 4384 2594 4440 quam
2623 4375 2677 4422 et
2716 4377 2943 4440 mortuo
2974 4371 3205 4440 conjuge
3252 4387 3308 4426 Ix

1739 4436 1898 4489 annis
1927 4437 2206 4503 prmi‘uisse
2242 4436 2601 4502 scribit.Qno
2630 4437 2818 4492 eodem
2854 4436 3176 4494 Alexandra:
3209 4457 3308 4494 no-

1741 4508 1884 4577 mine
1905 4505 2211 4577 Aristobuli
2232 4505 2465 4577 Hyrcani
2492 4508 2714 4574 majoris
2737 4509 2831 4560 filii
2859 4524 3078 4562 uxorein
3108 4520 3304 4565 vocat:

1740 4576 2169 4651 Τελευτήσαντος
2194 4576 2249 4628 δὲ
2287 4576 2724 4651 ᾊριστοόούλου,
2745 4579 2972 4651 _inquit,_
3000 4579 3233 4651 Σαλώμη
3271 4583 3304 4651 ἡ

1739 4648 1873 4714 γυνὴ
1908 4645 2093 4706 αὐτοῦ,
2128 4645 2391 4716 λεγομένη
2422 4646 2477 4698 δὲ
2513 4647 2616 4700 ὑπὸ
2653 4647 2917 4770 Ἐλλιηνων
2963 4645 3304 4721 Ἀλεξάνδρα,

1740 4715 1948 4768 λύσασα
1978 4716 2102 4770 τοὺς
2135 4715 2393 4770 ἀδελφοὺς
2418 4717 2602 4770 αὐτοῦ.
2630 4727 2736 4770 etc.
2818 4733 3046 4770 usuuam
3076 4720 3304 4770 Saalimn

1740 4715 1948 4768 λύσασα
1978 4716 2102 4776 τοὺς
2135 4715 2393 4784 ἀδελφοὺς
2418 4717 2602 4781 αὐτοῦ,
2630 4727 2736 4772 etc.
2767 4715 3046 4785 Nusquam
3076 4715 3311 4776 Saalina:

1743 4801 1940 4858 nomen
1982 4787 2135 4858 apud
2170 4786 2464 4858 Josephutu
2498 4788 2672 4857 legere
2705 4789 2945 4842 tuemini.
2982 4788 3308 4858 Quanquam

55 4859 109 4910 in
155 4842 362 4928 l'izeresi
405 4871 454 4914 ι..
483 4855 535 4919 1,
584 4856 773 4928 eadem
816 4869 950 4924 pene
983 4854 1223 4907 historia:
1257 4842 1632 4928 aoyxuetg'ab
1669 4842 1712 4899 Ι)
1740 4872 1846 4907 non
1878 4842 2032 4908 aliter
2057 4855 2230 4928 _illam
2271 4842 2576 4928 Christiani
2618 4858 2932 4928 scriptores,
2961 4842 3312 4928 qiuamﬂlsalié

57 4927 376 4996 Epiphanio
430 4927 674 4996 repetita.
719 4923 849 4991 Quae
900 4932 958 4976 ut
995 4936 1270 4996 postremo
1318 4923 1634 4996 castiganda

56 4993 343 5056 videatur,
386 4995 517 5048 illud
548 5006 727 5049 tamen
763 5010 929 5049 unum
972 4993 1238 5063 supererit
1273 5001 1462 5063 contra
1494 4994 1634 5045 veri-

56 5075 226 5121 tatem
267 5067 515 5120 historia:
539 5067 766 5129 dictum,
804 5067 857 5118 in
895 5062 1205 5117 Alexandro
1239 5062 1633 5116 sacerdotalem

55 5140 208 5190 illam
239 5138 563 5206 regiamque
591 5136 823 5206 desiisse
857 5135 1080 5206 stirpem
1107 5150 1120 5198 ;
1150 5147 1274 5186 nam
1308 5147 1373 5206 ex
1395 5129 1635 5206 Josepho

55 5216 291 5260 constat
321 5203 452 5275 post
477 5203 870 5268 Alexandrum,
906 5203 1238 5275 Hyrcanum,
1269 5209 1322 5256 et
1349 5203 1635 5275 Aristobu-

55 5279 168 5331 lum
220 5293 298 5331 ει
331 5273 550 5330 eadem
603 5276 859 5345 progenie
906 5273 1218 5345 aliquandiu
1265 5273 1634 5345 poutiiicatum

53 5357 229 5416 atque
269 5347 558 5416 imperium
599 5341 922 5416 obtinuisse.
965 5341 1246 5416 Postremo
1277 5341 1546 5416 Joseplius
1584 5344 1635 5395 in

53 5413 212 5472 cal—ce
273 5413 369 5470 lib.
418 5433 508 5468 xlv
555 5417 747 5470 scribit
793 5415 1063 5484 Antigono
1110 5413 1404 5468 Alexandri
1473 5414 1639 5466 fratre

51 5489 374 5543 Aristobuli
421 5488 530 5540 lilio
561 5487 743 5541 securi
788 5485 855 5539 ab
887 5485 1121 5538 Antonio
1155 5498 1436 5553 percusso,
1466 5485 1634 5536 Assa-

53 5574 410 5612 monzezirum
438 5557 663 5626 stirpem
694 5557 946 5626 desiisse,
979 5556 1122 5624 quod
1151 5554 1376 5622 contigit
1401 5553 1638 5622 Agrippa

51 5638 104 5687 τι
125 5629 375 5684 Caninio
406 5625 555 5680 coss.
578 5642 721 5681 anno
745 5625 905 5680 Urbis
925 5640 1155 5690 nccxvu,
1187 5625 1345 5694 longo
1371 5632 1491 5692 post
1518 5626 1641 5677 Ale-

394 5728 668 5789 PATROL.
701 5727 816 5787 Gn.
855 5724 1010 5785 XLI.

1745 4939 1870 5002 nam
1923 4926 2227 5002 nominant.
2267 4925 2533 5002 Eusebius
2582 4929 2635 5002 i_u
2689 4925 3310 5002 Ch‘ronicifﬂieronym.

1741 4998 1935 5068 iuctzp.
1995 5011 2045 5048 Ix
2101 4996 2236 5068 pan.
2275 4998 2474 5068 aliique
2510 5037 2524 5060 ,
2575 5000 2642 5052 de
2682 4998 2881 5068 quibus
2911 5000 3152 5068 Scaliger
3177 4996 3313 5055 Ᾰηὶ-

1741 5064 2003 5117 madvers.
2049 5064 2117 5116 ad
2176 5064 2569 5121 Eusebﬁnum.
2621 5064 2779 5124 1941.
2833 5067 2986 5125 Unus
3037 5064 3313 5127 Marianos

1742 5139 1940 5190 b‘cotus
1987 5151 2132 5188 anno
2180 5137 2366 5189 tuundi
2408 5138 2583 5201 4120,
2620 5141 2982 5194 Alexandram
3038 5142 3312 5194 Salomam

1743 5213 1890 5285 recte
1925 5215 2223 5285 nuncupat.
2258 5207 2454 5285 Eadem
2491 5224 2676 5285 porro,
2712 5210 2817 5285 nisi
2866 5209 3042 5274 fallor,
3075 5213 3316 5265 Alexan-

1744 5277 1864 5348 dra,
1890 5276 2012 5348 sive
2041 5276 2257 5348 Salome
2286 5276 2570 5348 utriusque
2603 5281 2787 5335 fratris
2815 5296 2971 5341 uxor,
2993 5283 3314 5344 Aristobuli,

1745 5357 1796 5419 et
1841 5346 2155 5419 Alexandri,
2198 5347 2338 5419 fuit:
2380 5346 2499 5417 (ιιιαέ
2548 5360 2668 5419 post
2701 5351 2998 5405 Aristobuli
3051 5362 3315 5411 mortem,

1746 5415 2027 5469 Jannwum
2083 5415 2450 5471 Alexandrum
2510 5415 2746 5474 vinculis
2787 5423 2908 5474 itleo
2961 5421 3200 5488 solutum
3249 5421 3318 5476 ad

1743 5490 2195 5561 regnum‘evexit,
2261 5491 2405 5561 quod
2438 5506 2560 5543 cum
2597 5507 2661 5561 eo
2696 5493 2915 5560 nuptias
2947 5493 3278 5561 copulasset.

1815 5556 1888 5630 (ὅ)
2060 5557 2225 5630 rapo
2259 5558 2532 5630 Ἰᾴκωϐος
2563 5556 3031 5625 οὗτος.’ί⁴ἰὐειι“ιὶ
3061 5564 3162 5615 sibi
3197 5577 3320 5630 pero

1745 5629 1917 5680 suasit
1940 5626 2274 5696 Epiphanius
2294 5627 2565 5684 Iacobum.
2592 5631 2849 5685 Minorem
2873 5630 3176 5698 Josephi'B.
3198 5626 3316 5685 Ma-

2980 5729 3051 5785 13
