3814 6278
460 226 563 284 595

1825 210 1883 266 S.
1925 206 2267 264 EPIPHANII

3614 204 3775 265 396

460 351 584 419 iuge
614 345 787 401 filius:
815 344 869 400 id
898 340 1043 413 quod
1071 337 1322 410 pluribus
1351 335 1484 391 locis
1514 349 1544 388 a
1579 348 1665 388 me
1694 346 2027 387 commemo-

2135 330 2198 384 ὲκ
2248 328 2505 398 γυναικὸς
2546 326 2639 383 τοῦ
2688 328 2906 400 Ἰωσὴφ,
2954 328 3055 382 οὐκ
3093 329 3200 384 ἀπὸ
3230 328 3469 400 Μαρίας,
3500 329 3583 393 ὡς
3634 328 3771 383 καὶ

459 449 640 495 ratum
675 447 778 499 est,
812 433 1267 501 manifestiusque
1295 430 1650 498 disputatum.
1696 425 1840 491 Quin
1867 425 2031 479 etiam

460 550 495 587 ε
544 530 763 585 Davidis
811 542 1010 598 genere
1059 530 1420 596 propagatum
1487 520 1638 573 illum
1704 517 2029 588 reperimus,

460 634 649 697 utpote
668 622 891 692 Josephi
918 619 1107 681 filium,
1127 614 1489 683 eumdemque
1510 610 1829 665 Nazarazum
1855 628 1868 663 :
1903 624 2027 663 nam

460 717 685 788 Iosephi
718 714 1015 770 liberorum
1047 709 1136 763 hic
1163 707 1397 775 primus,
1429 718 1493 757 ac
1524 709 1878 758 consecratus
1906 700 2027 754 fuit.

460 812 576 866 lmo
613 818 665 864 et
715 803 974 862 sacerdos
1020 817 1087 856 ex
1122 797 1324 855 veteris
1380 795 1525 849 illius
1576 794 1684 846 ritu
1739 788 2034 847 sacerdotii

464 904 635 959 fuisse
679 897 1014 971 perhibetur.
1049 891 1413 959 Quamobrem
1446 886 1613 942 semel
1656 884 1705 939 ei
1738 881 2033 953 quotannis

464 1000 522 1054 in
561 994 764 1050 Sancta
789 998 1100 1047 sanctorum
1134 997 1452 1038 concessum
1483 988 1566 1035 est
1590 976 1820 1048 ingredi,
1844 990 2036 1046 quem-

464 1087 757 1144 admodum
817 1080 1044 1137 summis
1113 1072 1489 1129 sacerdotibus
1561 1070 1677 1139 lege
1722 1083 1846 1123 esse
1895 1081 2027 1137 prae-

465 1179 730 1249 scriptum
762 1189 794 1229 e
827 1170 1001 1228 sacris
1036 1166 1258 1221 Litteris
1294 1163 1604 1219 didicimus.
1642 1159 1795 1225 Quod
1816 1158 2034 1228 quidem

462 1272 532 1328 de
568 1268 773 1325 Iacobo
806 1263 1051 1335 plerique
1072 1267 1196 1313 ante
1219 1272 1320 1311 nos
1350 1253 1626 1311 memoriae
1648 1251 2031 1322 prodiderunt,

466 1373 528 1421 ut
561 1360 857 1425 Eusebius,
895 1354 1169 1414 Clemens,
1200 1357 1254 1405 et
1290 1349 1403 1403 alii.
1440 1344 1546 1401 Sed
1572 1355 1624 1400 et
1655 1346 1930 1398 bracteam
1955 1342 2034 1397 ei-

464 1456 586 1511 dem
616 1455 672 1508 in
702 1451 879 1521 capite
912 1453 1126 1517 gestare
1155 1441 1397 1503 licuisse,
1426 1453 1565 1508 quos
1585 1436 1833 1507 proxime
1861 1432 2036 1488 nomi-

463 1547 590 1603 navi
624 1542 803 1601 idonei
846 1539 1144 1608 scriptores
1172 1529 1585 1589 commentariis
1629 1527 1745 1581 suis
1776 1531 2032 1581 testatum

463 1640 824 1711 reliquerunt.
860 1631 1127 1699 Quocirca
1161 1624 1442 1685 sacerdos,
1466 1622 1546 1675 uti
1584 1619 1844 1682 diximus,
1874 1615 2033 1671 Jesus

2134 422 2213 483 είς
2250 420 2476 484 πολλοὺς
2524 421 2721 484 τόπους
2760 422 2916 475 τοῦτο
2945 423 3079 493 ἡμῖν
3122 420 3353 491 εἴρηται,
3392 422 3486 475 καὶ
3536 422 3767 489 σα.ςέ-

2135 527 2324 582 στερον
2352 512 2484 581 ἡμῖν
2520 512 3024 582 πεπραγμάτευται.
3070 511 3229 564 Ἀλλὰ
3259 510 3349 564 καὶ
3378 512 3769 583 εὑρίσκομεν

2135 602 2298 655 αὐτὸν
2329 604 2392 654 ἐκ
2425 602 2519 654 τοῦ
2554 602 2716 655 Δαϐὶδ
2748 603 2899 668 ὄντα,
2923 601 3010 655 διὰ
3028 602 3118 655 τὸν
3144 603 3257 655 υίὸν
3283 598 3422 656 εἶναι
3443 604 3543 657 τοῦ
3608 606 3763 657 Ἰωο

2137 692 2243 762 σὴςρ
2286 692 2607 762 Ναζωραῖον
2645 695 2957 763 γενόμενον.
2988 689 3230 767 ’Ἢνογᾶιῑ⁹
3260 696 3618 767 πρωτότοκος
3658 695 3768 766 τῷ

2148 783 2364 853 Ἰωσὴφ,
2400 786 2492 837 καὶ
2542 786 2891 855 ἡγιασμένος.
2935 787 3053 839 Ἔτι
3100 786 3155 838 δὲ
3196 786 3288 839 καὶ
3319 788 3765 857 ίερατεῦσαντα

2136 872 2295 925 αὑτὸν
2326 873 2399 942 (4)
2430 873 2568 927 κατὰ
2596 875 2696 945 τὴν
2743 875 2975 929 παλαιὰν
3008 875 3306 947 ἱερωσύνην
3331 877 3591 949 εὕρομεν.
3638 878 3767 930 Διὸ

2135 966 2229 1019 καὶ
2267 966 2457 1037 ἠφίετο
2504 967 2651 1039 αὐτῷ
2698 969 2845 1034 ἅπαξ
2876 969 2966 1022 τοῦ
3014 968 3257 1023 ἐνιαυτοῦ
3306 972 3385 1034 είς
3425 971 3498 1023 τὰ
3547 971 3763 1039 Ἅγια

2133 1056 2241 1109 τῶν
2280 1057 2448 1124 ἁγίων
2483 1058 2732 1123 εἰσιέναι,
2772 1058 2847 1122 ὡς
2881 1060 2991 1122 τοῖς
3033 1058 3375 1129 ἀρχιερεῦσιν
3425 1058 3763 1111 ἐκέλευσεν

2134 1148 2163 1199 ὁ
2192 1147 2370 1217 νόμος,
2406 1148 2550 1200 κατὰ
2578 1149 2638 1200 τὸ
2670 1149 3070 1219 γεγραμμένον.
3103 1148 3259 1201 Οὕτω
3278 1148 3385 1219 γὰρ
3418 1150 3761 1219 ἱστόρησαν

2135 1238 2319 1291 πολλοὶ
2363 1238 2467 1307 πρὸ
2495 1238 2654 1309 ἡμῶν
2683 1241 2814 1311 περὶ
2853 1238 3037 1303 αὑτοῦ,
3065 1239 3323 1303 Εὐσέϐιος
3353 1257 3411 1293 τε
3439 1241 3540 1293 καὶ
3575 1228 3761 1310 K21}-

2138 1347 2266 1401 μης,
2302 1331 2395 1383 καὶ
2441 1329 2609 1384 ἄλλοι.
2671 1330 2832 1384 Ἀλλὰ
2864 1331 2955 1384 καὶ
2985 1330 3045 1383 τὸ
3094 1331 3325 1385 πέταλον
3359 1333 3451 1384 ἐπὶ
3484 1332 3591 1402 τῆς
3634 1349 3757 1383 γε-

2136 1423 2310 1493 φαλῆς
2358 1421 2486 1493 ἐξῆν
2530 1422 2678 1493 αὑτῷ
2728 1418 2935 1495 φέρειν,
2992 1422 3173 1486 καθὼς
3222 1426 3269 1476 οἱ
3323 1425 3758 1494 προειρημένοι

2136 1510 2438 1578 ἀξιόπιστοι
2507 1512 2697 1584 ἄνδρες
2770 1515 2827 1567 ὲν
2883 1516 2994 1576 τοῖς
3057 1514 3146 1566 ὑπ’
3206 1514 3388 1567 αὐτῶν
3462 1516 3749 1586 ὑπομνη-

2141 1607 2431 1676 ματισμοῖς
2478 1605 2880 1679 ἐμαρτύρησαν.
2943 1608 3139 1678 Ἰερεὺς
3177 1607 3374 1672 τοίνυν,
3416 1609 3493 1672 ὼς
3555 1609 3751 1679 ἔφην,

463 1687 718 1789 Christus
740 1725 1006 1781 Dominus
1037 1728 1227 1775 noster
1266 1718 1322 1771 in
1367 1721 1631 1769 aeternum
1676 1709 1798 1773 fuit,
1834 1724 2032 1764 secun-

2139 1694 2166 1743 ὁ
2199 1693 2400 1764 Κύριος
2437 1694 2595 1764 ἡμῶν
2653 1694 2856 1766 Ἰησοῦς
2888 1695 3119 1765 Χριστὸς
3151 1696 3231 1758 είς
3260 1696 3351 1749 τὸν
3375 1696 3549 1750 αἰῶνα
3575 1702 3753 1752 κατὰ

465 1826 594 1882 dum
625 1818 874 1876 ordinem
893 1809 1255 1867 Melchisedec
1280 1808 1321 1869 ¹,
1346 1805 1596 1872 idemque
1613 1815 1709 1855 rex
1734 1798 2033 1855 secundum

467 1912 809 1985 superiorem
838 1919 902 1960 ac
924 1902 1202 1958 caelestem
1234 1896 1503 1959 ordinem,
1533 1903 1592 1948 ut
1621 1908 1728 1947 una
1760 1908 1883 1947 cum
1919 1893 2036 1963 lege

465 1983 833 2063 sacerdotium
868 1990 1210 2049 transferret.
1252 1987 1379 2042 Fuit
1409 2001 1539 2041 vero
1580 1990 1796 2056 propter
1828 1983 1890 2039 B.
1924 1983 2037 2037 Ma-

465 2097 605 2152 riam
652 2107 684 2147 e
735 2086 958 2142 Davidis
1000 2079 1271 2137 oriundus
1317 2078 1506 2147 stirpe,
1555 2082 1719 2145 atque
1761 2077 1815 2129 in
1866 2075 2034 2145 regali

467 2188 607 2246 solio
660 2182 812 2239 sedet
861 2181 917 2232 in
964 2187 1248 2238 aeternum,
1301 2178 1353 2225 et
1386 2169 1537 2240 regni
1578 2167 1724 2223 illius
1776 2182 1883 2221 non
1934 2168 2036 2221 erit

465 2279 593 2337 ﬁnis
619 2278 661 2333 ³.
694 2272 964 2328 Nimirum
997 2264 1300 2322 transferre
1334 2262 1485 2315 illum
1522 2274 1631 2314 non
1662 2260 1846 2314 minus
1884 2259 2034 2329 regni

466 2387 632 2445 quam
678 2362 971 2425 sacerdotii
1030 2359 1274 2415 ordinem
1325 2352 1569 2425 oportuit
1607 2371 1620 2407 :
1675 2353 1873 2423 quippe
1911 2366 2035 2405 cum

465 2443 589 2537 ejus
620 2474 847 2533 regnum
882 2454 1109 2509 minime
1144 2465 1209 2505 ex
1250 2448 1354 2502 hoc
1386 2446 1585 2501 mundo
1620 2445 1710 2509 sit,
1753 2454 1811 2498 ut
1842 2443 2035 2498 Pontio

463 2535 642 2617 Pilato
690 2554 748 2608 in
800 2545 1093 2617 Evangelio
1142 2539 1493 2611 respondisse
1550 2538 1749 2593 fertur:
1800 2535 2035 2607 Regnum

465 2664 641 2705 meum
654 2660 757 2699 non
776 2654 854 2695 est
879 2638 941 2693 de
963 2637 1057 2689 hoc
1080 2634 1274 2688 mundo
1290 2630 1474 2685 '.Cum
1491 2630 1636 2684 enim
1659 2627 1909 2684 Christus
1934 2629 2035 2684 sub

463 2736 794 2811 quibusdam
833 2730 1181 2801 aanigmalum
1232 2723 1533 2779 involucris
1588 2722 1838 2776 universa
1879 2736 2035 2775 com-

463 2810 659 2903 pleret,
716 2821 862 2895 quod
907 2820 1175 2873 hactenus
1223 2814 1513 2885 gerebatur
1560 2827 1658 2881 par
1706 2810 1807 2863 fuit
1854 2810 2036 2879 aliquo

464 2902 627 2979 tenus
658 2912 962 2989 pervenire.
994 2908 1183 2978 Neque
1216 2920 1347 2961 vero
1383 2904 1505 2959 ideo
1540 2903 1704 2967 venit,
1737 2912 1795 2957 ut
1824 2902 1918 2972 qui
1949 2918 2036 2957 re-

465 3019 687 3087 gnasset
717 3009 1002 3067 hactenus,
1029 3002 1297 3070 imperare
1323 3011 1486 3066 porro
1515 3003 1763 3065 pergeret
1792 3013 1805 3049 :
1836 2996 1931 3051 sed
1968 2995 2035 3050 iis

462 3118 716 3176 regnum,
741 3111 879 3175 quos
906 3093 1268 3148 constituerat
1289 3089 1406 3159 ipse
1438 3087 1726 3176 dilargitus
1756 3093 1862 3149 εει,
1908 3102 1974 3140 ηε
2004 3100 2035 3139 a

466 3174 775 3250 minoribus
820 3183 1069 3256 progredi
1106 3179 1174 3233 ad
1220 3178 1431 3247 majora
1474 3174 1582 3230 dici
1629 3176 1822 3247 possit.
1859 3174 2039 3230 Manet

466 3286 669 3358 quippe
709 3278 864 3337 sedes
906 3275 1076 3341 illius,
1113 3279 1168 3328 et
1208 3270 1358 3341 regni
1410 3268 1531 3339 ejus
1579 3284 1690 3323 non
1736 3268 1839 3323 erit
1892 3267 2035 3334 finis,

467 3384 632 3445 atque
674 3371 730 3425 in
775 3364 996 3422 Davidis
1043 3363 1180 3418 solio
1226 3359 1506 3424 considet,
1557 3369 1843 3430 propterea
1892 3359 2038 3428 quod

467 3464 692 3521 Davidis
729 3473 956 3531 regnum
1004 3453 1308 3516 transtulit,
1344 3452 1506 3522 idque
1554 3452 1735 3521 ipsum
1770 3453 2037 3505 una"cum

468 3553 787 3628 pontificatu
820 3549 995 3607 servis
1044 3544 1161 3601 suis
1205 3543 1457 3607 indulsit,
1491 3542 1595 3596 hoc
1636 3549 1721 3595 est
1753 3541 2039 3597 catholicae

469 3649 730 3706 Ecclesiae
776 3642 936 3713 120
966 3637 1335 3711 pontificibus.
1386 3634 1496 3690 Sed
1533 3634 1706 3689 multa
1756 3634 1825 3691 de
1869 3650 1933 3691 ea
1979 3650 2040 3691 re

469 3738 743 3813 disputari
794 3741 1044 3807 possunt.
1082 3729 1351 3797 Quoniam
1401 3742 1531 3782 vero
1576 3724 1645 3780 ad
1688 3739 1812 3780 eum
1860 3725 2037 3780 locum

537 3873 563 3906 ι
593 3870 755 3927 Hebr.
786 3883 865 3935 vr,
898 3866 990 3922 20.
1064 3866 1085 3897 ²
1112 3863 1245 3920 Luc.
1279 3879 1318 3927 ι,
1346 3863 1437 3918 52.
1513 3863 1534 3895 ⁸
1571 3860 1731 3917 Joan.
1765 3877 1920 3928 xvut,
1943 3860 2033 3919 36.

468 3985 568 4040 ria;
596 3978 848 4050 conjugis
875 3977 1044 4032 filium
1082 3973 1271 4050 fuisse,
1304 3968 1781 4050 ideoque__Domini
1815 3968 2038 4025 fratrem

470 4041 873 4110 nominarifbe
900 4062 1008 4117 qua
1047 4061 1107 4100 re
1144 4046 1349 4117 dictum
1389 4050 1473 4097 est
1498 4041 1604 4117 alio
1632 4044 1684 4117 in
1722 4043 1860 4117 loco.

542 4126 618 4195 (4)
653 4124 779 4195 Ἔτι
904 4110 1001 4171 alat
1040 4112 1704 4195 ἱερατεύσανταιαὺτᾴγ.
1745 4110 1881 4193 illud
1905 4125 2039 4195 vero

470 4180 774 4251 non'modo
800 4188 1020 4248 falsum,
1056 4180 1151 4240 sed
1176 4192 1230 4238 et
1249 4193 1439 4253 contra
1475 4182 1807 4253 hypothesin
1840 4187 1945 4253 est.
1981 4180 2038 4234 Si

469 4262 693 4333 Iosephi
718 4262 860 4333 filius
882 4255 1251 4333 estlacobus,
1276 4250 1746 4333 Josepbusautem
1777 4252 1844 4333 de
1866 4250 2038 4333 stirpe

473 4322 642 4389 David
669 4347 777 4386 non
816 4327 1053 4384 Levitica
1085 4341 1148 4378 ac
1178 4322 1501 4379 sacerdotali
1534 4322 1669 4386 fuit;
1700 4322 1792 4391 qui
1821 4322 2036 4375 tandem

473 4403 734 4463 Sa‘cerdos
762 4415 885 4456 esse
921 4397 1157 4452 Jacobus
1181 4393 1393 4466 potuit?
1436 4392 1594 4447 Dices
1620 4392 2031 4466 maternum__ill_i

509 4460 646 4531 enus
669 4473 737 4528 ab
758 4468 1083 4527 sacerdotali
1106 4460 1249 4521 tribu
1278 4471 1654 4534 propagatum.
1679 4460 1785 4534 Sed
1816 4469 1876 4515 ut
1900 4461 2031 4534 illud

509 4495 646 4531 enus
669 4495 737 4528 al)
758 4495 1083 4527 saccruuuut
1106 4495 1144 4521 ιι
1158 4495 1249 4520 ιυιι
1281 4495 1654 4534 μιυμαδαιυιιι.
1680 4495 1785 4516 lucu
1820 4495 1876 4515 ιιι
1901 4495 2031 4515 mnu

472 4495 697 4609 genius,
729 4543 852 4613 quis
902 4540 1097 4613 nescit,
1137 4536 1283 4607 quod
1334 4533 1659 4604 jampridem
1704 4533 1773 4586 ab
1804 4531 2032 4613 eruditis

470 4602 787 4674 hominibus
840 4602 1119 4681 proditum
1154 4602 1268 4672 ἐει,
1306 4602 1621 4681 maternum
1656 4619 1825 4681 genus
1879 4602 2032 4681 nullo

471 4703 702 4743 numero
733 4674 900 4738 fuisse
931 4700 942 4734 :
976 4679 1174 4734 nedum
1212 4686 1270 4731 ut
1306 4685 1527 4746 propter
1570 4674 2031 4746 illud_jus_ul_lum

471 4759 543 4813 ad
570 4754 932 4811 sacerdotium
962 4750 1161 4805 habere
1184 4743 1468 4819 quisquam
1510 4743 1788 4819 potuerit?
1817 4743 1924 4797 Sed
1962 4744 2033 4796 de

471 4836 586 4882 tota
633 4828 736 4878 hac
778 4822 966 4877 Jacobi
1010 4815 1237 4875 historia
1271 4817 1479 4871 dicetur
1527 4817 1591 4869 ad
1628 4815 1755 4868 hzer.
1802 4828 2032 4878 Lxxvm,

470 4897 563 4951 ubi
598 4895 664 4949 de
696 4893 899 4948 Jacobo
926 4891 1233 4945 uberiorem
1268 4886 1631 4940 narrationem
1666 4884 1925 4937 instituit.

542 4965 617 5033 (5)
658 4964 735 5018 Δι’
784 4962 1112 5033 ’ῆν-αἰτίαν
1156 4956 1437 5033 Ἰεσρςαῖοι
1479 4953 2035 5033 ρῖςαλοῦντο.γϐπῂι·ξ-

474 5022 686 5093 etianos
716 5022 845 5087 olim
873 5030 1109 5085 Jessaeos
1141 5028 1449 5097 appellatos
1475 5026 1645 5079 fuisse
1678 5032 1865 5097 censet
1883 5022 2035 5097 _Epi-

472 5091 710 5179 phanius
738 5118 769 5179 a
798 5100 954 5179 Iesse
981 5091 1577 5179 pavidis-progenitore
1601 5112 1616 5149 :
1651 5101 1747 5179 aut
1779 5095 1847 5174 ab
1876 5091 2028 5179 Ιεεμ,

471 5163 616 5248 quod
661 5172 926 5248 Hebraice
978 5163 1314 5248 θεραπευτην
1339 5163 1943 5248 ἐοιξιίι,,ιιιιιιξωτῆραἔ
1973 5163 2031 5216 In

471 5235 583 5318 quo
615 5260 648 5318 a
681 5242 960 5318 nonnullis
988 5235 1359 5318 vehementius
1384 5237 1578 5318 agitari
1609 5236 1767 5318 solet,
1800 5235 2033 5318 sed-ha:-

470 5304 660 5373 r'eticis
696 5315 886 5374 ferme,
908 5324 1139 5380 quorum
1168 5308 1283 5380 sive
1312 5304 1717 5380 nou'immerito
1740 5304 2034 5375 reprehen-

471 5389 626 5453 dant,
665 5377 1020 5441 intolerabilis
1057 5377 1343 5453 superbia;
1391 5379 1506 5453 sive
1554 5390 2034 5453 perperamhaccu-

471 5444 625 5521 sent,
646 5455 947 5509 vanissima
974 5467 1038 5505 ac
1067 5444 1307 5521 ridicula
1324 5444 1669 5521 impudentia
1690 5453 1792 5499 est.
1818 5444 2032 5521 Ex__hoc

470 5516 639 5615 igitur
669 5541 828 5615 grege
859 5522 1081 5615 quidam
1118 5537 1131 5573 :
1169 5517 1435 5615 Pro[ecto,
1480 5518 1677 5599 inquit.
1720 5531 1835 5615 cun:
1882 5516 2032 5598 illurn

471 5586 976 5668 Epipha‘uii'loc'um
1026 5593 1157 5668 lego,
1188 5588 1320 5668 satis
1364 5588 1550 5640 mirari
1583 5602 1774 5667 pequeo
1804 5586 2030 5667 hominis

470 5657 826 5730 iriséientiam,
857 5676 905 5719 et
944 5665 999 5717 in
1041 5657 1233 5730 lingua:
1255 5657 1712 5730 interpretatione,
1740 5665 1788 5710 et
1816 5658 1869 5709 in
1898 5657 2034 5730 veri-

475 5751 581 5796 tate
625 5726 879 5793 historitr.
909 5735 1050 5790 Adeo
1072 5726 1251 5786 multis
1275 5726 1526 5784 adversus
1561 5737 1835 5795 utrumque
1864 5726 2031 5783 modis

2140 1783 2239 1854 τὴν
2275 1784 2427 1850 τάξιν
2481 1785 2832 1855 Μελχισεδὲκ,
2883 1785 3134 1855 βασιλεύς
3173 1803 3233 1839 τε
3266 1786 3399 1857 ὁμοῦ
3426 1788 3575 1842 κατὰ
3624 1791 3749 1859 τὴν

2142 1875 2293 1941 τάξιν
2318 1877 2414 1948 τὴν
2444 1877 2667 1942 ἄνωθεν,
2707 1879 2791 1931 ἴνα
2824 1878 3107 1949 μεταγάγῃ
3135 1879 3231 1950 τὴν
3268 1880 3572 1953 ἱερωσύνην
3603 1884 3748 1953 ἃ.μο

2142 1970 2206 2038 τῇ
2238 1968 2550 2040 νομοθεσίᾳ.
2582 1967 2688 2021 Τοῦ
2729 1968 2785 2022 δὲ
2831 1968 3140 2039 σπέρματος
3165 1970 3329 2023 Δαδὶδ
3355 1970 3442 2025 διὰ
3466 1973 3569 2044 τὴν
3596 1975 3744 2027 hia.-

2147 2060 2265 2130 ρίαν
2302 2060 2665 2129 καθεζομένου
2696 2062 2752 2112 ἐν
2795 2059 2969 2131 θρόνῳ
3011 2061 3091 2123 είς
3123 2062 3213 2116 τὸν
3257 2062 3447 2128 αἰῶνα,
3478 2066 3573 2117 καὶ
3624 2068 3747 2138 τῆς

2145 2152 2422 2221 βασιλείας
2467 2151 2633 2206 αὑτοῦ
2667 2154 2766 2205 οὐκ
2796 2152 2947 2206 ἔσται
2994 2153 3162 2217 τέλος.
3200 2154 3345 2209 Ἔδει
3394 2157 3506 2230 γὰρ
3553 2160 3745 2213 αὑτὸν

2142 2242 2234 2295 νῦν
2283 2246 2610 2313 μεταγαγεῖν
2639 2242 2737 2312 τὴν
2777 2242 2947 2307 τάξιν,
3004 2243 3097 2296 τοῦ
3138 2261 3199 2296 τε
3249 2244 3542 2315 βασιλείου.
3600 2252 3739 2305 Καὶ

2142 2335 2251 2406 γὰρ
2290 2337 2322 2405 ἡ
2376 2334 2621 2405 βασιλεία
2663 2334 2827 2387 αὑτοῦ
2869 2336 2969 2388 οὐκ
3013 2334 3158 2389 ἔστιν
3203 2337 3309 2390 ἀπὸ
3344 2340 3442 2409 τῆς
3466 2342 3601 2412 γῆς,
3653 2346 3742 2408 ὡς

2147 2427 2330 2495 ἔλεγεν
2364 2429 2420 2481 ὲν
2461 2427 2540 2499 τῷ
2586 2426 2900 2499 Εὐαγγελίῳ
2947 2429 3156 2499 Ποντίῳ
3198 2429 3446 2502 Πιλάτῳ’
3504 2435 3577 2489 Ἦ
3605 2438 3737 2499 βα-

2141 2522 2342 2575 σιλεία
2384 2539 2503 2590 μου
2557 2523 2667 2574 οὐκ
2715 2522 2884 2574 ἐστιν⁴
2928 2521 2995 2575 ἐκ
3038 2522 3144 2576 τοῦ
3188 2524 3423 2593 κόσμου
3471 2530 3715 2583 τούτου

2142 2615 2247 2667 Τοῦ
2276 2614 2384 2685 γὰρ
2418 2612 2654 2685 Χριστοῦ
2686 2612 2751 2666 τὰ
2796 2614 2973 2668 πάντα
3000 2613 3328 2684 πληροῦντος
3360 2617 3427 2671 δι’
3456 2620 3736 2692 αἰνιγμά-

2140 2723 2269 2772 των,
2304 2705 2408 2768 ἓως
2451 2697 2596 2768 τινος
2645 2704 2843 2775 μέτρου
2898 2706 2953 2757 αί
3003 2704 3284 2769 ὑποθέσεις
3336 2706 3589 2776 ἔφθανον.
3651 2715 3737 2765 0'3

2141 2796 2250 2866 γάρ
2291 2790 2476 2866 ἦλθεν,
2526 2795 2611 2848 ἵνα
2662 2795 2946 2866 προκοπὴν
2992 2792 3129 2865 λὰὅη
3167 2793 3441 2864 βασιλείας
3484 2799 3513 2850 ὁ
3559 2798 3739 2869 βασι-

2141 2888 2313 2941 λεύων
2347 2887 2465 2940 ἀεί⁹
2493 2887 2787 2958 ἐχαρίσατο
2832 2888 2888 2940 δὲ
2920 2888 3031 2949 τοῖς
3066 2887 3156 2940 ὑπ’
3189 2887 3351 2940 αὑτοῦ
3382 2889 3736 2964 καθισταμέ-

2143 2998 2252 3044 νοις
2277 2980 2335 3033 τὸ
2371 2980 2656 3050 βασίλειον,
2684 2974 2769 3033 ἵνα
2806 2980 2880 3051 μὴ
2922 2979 3194 3051 ὀνομασθῇ
3226 2981 3333 3033 ἀπὸ
3358 2982 3464 3035 τῶν
3501 2990 3735 3057 μικρῶν

2064 3053 2105 3110 C
2139 3074 2232 3126 ἐπὶ
2281 3071 2349 3125 τὰ
2416 3072 2635 3143 μείζονα
2688 3073 3037 3143 προκόπτειν.
3093 3073 3259 3126 Μένει
3312 3074 3420 3146 γὰρ
3474 3053 3655 3130 αὑτοῦ
3706 3082 3737 3134 ὀ

2143 3168 2349 3240 θρόνος,
2383 3168 2478 3220 καὶ
2530 3168 2631 3235 τῆς
2680 3168 2952 3237 βασιλείας
3004 3166 3167 3220 αὑτοῦ
3197 3168 3295 3220 οὐκ
3346 3168 3497 3221 ἔσται
3538 3169 3732 3233 τέλος,

2141 3261 2234 3314 καὶ
2257 3259 2486 3329 κάθηται
2513 3259 2603 3311 ἐπὶ
2634 3258 2725 3311 τὸν
2753 3258 2938 3329 θρόνον
2977 3258 3169 3311 Δαϐίδ·
3221 3258 3281 3311 τὸ
3313 3258 3584 3329 βασίλειον
3621 3260 3730 3314 τοῦ

2140 3353 2303 3408 Δαϐὶδ
2358 3352 2736 3424 μεταστήσας,
2789 3352 2881 3405 καὶ
2939 3350 3302 3422 χαρισάμενος
3353 3354 3465 3415 τοῖς
3514 3353 3729 3407 ἑαυτοῦ

2140 3445 2343 3507 δούλοις
2372 3444 2489 3513 ἅμα
2536 3446 2603 3513 τῇ
2656 3443 3055 3515 ἀρχιερωσύνη,
3087 3444 3330 3496 τουτέστι
3374 3446 3488 3506 τοῖς
3521 3446 3731 3517 ἀρχιε-

2143 3538 2293 3610 ρεῦσι
2318 3539 2418 3608 τῆς
2470 3536 2761 3607 καθολικῆς
2822 3534 3170 3605 Ἑκκλησίας.
3224 3534 3331 3587 Καὶ
3378 3534 3553 3589 πολλὰ
3598 3537 3727 3590 ἐστι

2141 3629 2267 3700 περὶ
2294 3628 2482 3681 τούτου
2508 3627 2705 3697 λέγειν.
2756 3626 2894 3680 Ἀλλ’
2920 3626 3068 3698 ὅμως
3092 3626 3276 3697 ἐπειδὴ
3310 3627 3389 3689 εἰς
3417 3626 3508 3679 τὸν
3547 3629 3728 3682 τόπον

2140 3719 2369 3792 ἐλήλυθα
2394 3721 2563 3774 εἰπεῖν
2596 3718 2663 3773 δι’
2689 3718 2756 3790 ἢν
2784 3718 2964 3773 αἰτίαν
3005 3720 3251 3771 Ἰεσσαῖοι
3290 3717 3581 3773 ἐκαλοῦντο
3612 3720 3723 3791 (5),

2142 3972 2329 4040 peccat
2351 3970 2403 4022 in
2428 3968 2524 4022 illo
2548 3966 2743 4040 unogde
2770 3968 3054 4021 Nazarwis
3085 3968 3271 4040 capite.
3304 3964 3409 4040 Sed
3436 3965 3503 4020 de
3535 3966 3720 4022 histo-

2139 4036 2219 4096 ria
2251 4055 2374 4093 mox
2404 4039 2609 4093 videro.
2648 4037 2720 4091 De
2750 4039 2987 4093 nominis
3028 4037 3121 4090 τοῦ
3161 4036 3357 4108 Ἰησοῦ
3383 4038 3720 4108 interpreta-

2139 4112 2287 4165 tione
2316 4111 2419 4163 hoc
2447 4110 2607 4179 vulgo
2633 4109 2912 4162 criminari
2957 4109 3134 4179 solent
3164 4127 3177 4162 :
3219 4107 3369 4179 quod,
3393 4107 3572 4179 Ἰησοῦ
3607 4124 3717 4160 ηυ-

2140 4196 2263 4235 ηιεη
2291 4180 2491 4235 Graecae
2524 4176 2751 4248 originis
2790 4194 2913 4233 esse
2938 4176 3251 4242 crediderit,
3279 4178 3406 4248 duo
3426 4176 3522 4229 τοῦ
3555 4179 3717 4231 icio:-

2141 4250 2286 4312 σθαι,
2318 4251 2433 4305 sive
2469 4247 2720 4321 ἰήσασθαι
2746 4250 2923 4321 lonice
2949 4258 3233 4321 concepto,
3268 4247 3413 4318 quod
3433 4254 3526 4321 est
3554 4248 3718 4321 θερα-

2138 4320 2347 4383 πεύειν,
2368 4336 2491 4375 cum
2510 4318 2581 4373 ab
2606 4319 2866 4373 Hebraica
2882 4335 3014 4374 voce
3042 4318 3270 4389 petenda
3299 4318 3539 4372 nominis
3559 4318 3713 4373 illius

2063 4420 2108 4474 υ
2137 4392 2288 4474 notio
2315 4392 2407 4457 sit,
2425 4406 2544 4474 qua:
2563 4390 2913 4474 Salvatoreiii_
2932 4388 3424 4474 significat.Verum
3442 4390 3557 4474 haec
3575 4405 3710 4474 Ξυν-

2134 4461 2384 4533 ωνύμως,
2419 4458 2472 4533 et
2503 4461 2722 4531 quidem
2774 4459 2916 4513 haud
2965 4458 3201 4514 absurde
3247 4460 3529 4533 usurpavit
3564 4458 3710 4533 Epi-

2136 4529 2389 4601 phanius.
2424 4529 2633 4586 Etenim
2661 4538 2793 4594 mm,
2822 4546 2851 4583 a
2879 4545 2987 4599 quo
3013 4540 3234 4594 meum,
3272 4531 3353 4585 vel
3373 4536 3526 4593 3mm,
3562 4529 3707 4584 idem

2133 4600 2218 4657 est
2254 4618 2317 4657 ac
2349 4602 2560 4665 σώζειν,
2591 4600 2737 4669 quod
2791 4601 2844 4654 in
2899 4602 3147 4670 corporis
3190 4601 3466 4670 animique
3495 4602 3709 4656 morbis

2134 4673 2275 4727 idem
2321 4680 2404 4726 est
2452 4688 2516 4743 ac
2566 4669 3012 4743 θεραπεύεινῄειί
3040 4670 3309 4743 ἰάσασθαι.
3339 4669 3707 4743 Quamobrem

2134 4758 2243 4796 non
2270 4741 2568 4813 secundum
2592 4738 2981 4813 Αάὶιριὸολογίαν
3009 4751 3063 4813 et
3113 4738 3709 4813 κυριολεξίανᾘεὺτείο

2134 4829 2197 4883 ea
2235 4829 2340 4865 vox
2369 4811 2689 4883 θεραπεύειν
2738 4820 2920 4872 sonat;
2972 4812 3064 4867 sed
3100 4812 3536 4882 μεταληπικὼς,
3570 4819 3628 4862 ut
3653 4820 3707 4864 et

2132 4881 2340 4946 Jesum,
2368 4881 2459 4951 qui
2492 4883 2709 4952 pr0prie
2739 4884 2977 4936 salvator
3007 4881 3111 4945 est,
3148 4883 3401 4933 medicum
3432 4895 3503 4952 _ac
3547 4896 3704 4931 cura-

2135 4965 2299 5006 torem
2333 4949 2439 5005 non
2472 4949 2815 5007 incommode
2846 4953 3193 5021 interpretari
3220 4953 3399 5005 liceat.
3424 4949 3543 5016 Ipse
3565 4952 3703 5002 enim

2132 5023 2335 5076 salvum
2365 5023 2522 5091 faciet
2548 5022 2794 5091 populum
2826 5040 2856 5075 a
2893 5023 3115 5089 peccatis
3144 5038 3345 5087 eorum,
3380 5021 3454 5075 ait
3477 5020 3700 5091 angelus

2136 5089 2410 5163 (Martini.
2442 5089 2556 5163 2f).
2588 5092 2742 5158 Quod
2774 5092 3225 5162 quemadmodum
3257 5092 3585 5163 praestiterit.
3606 5089 3699 5163 de-

2133 5160 2306 5217 clarat
2335 5160 2531 5219 Petrus
2560 5164 2577 5233 (
2606 5165 2723 5216 Act.
2757 5160 2812 5223 ι’,
2850 5163 2940 5230 58)
2972 5180 2984 5216 :
3018 5163 3121 5228 Qui
3152 5160 3458 5233 pertransiit
3487 5160 3698 5233 benefa-

2131 5235 2333 5300 ciendo,
2365 5246 2412 5288 et
2456 5231 2726 5287 liberanda
2756 5249 2929 5287 unane:
2958 5248 3225 5301 oppressos
3256 5249 3287 5284 α
3318 5230 3549 5283 diabolo.
3585 5230 3699 5301 λιι-

2135 5304 2202 5358 de
2226 5299 2336 5373 jam
2369 5306 2617 5359 Grazcum
2656 5321 2721 5358 ex
2749 5299 3055 5373 propinquo
3079 5303 3425 5364 vocabulum,
3456 5299 3600 5369 quod
3631 5301 3699 5373 ab

2136 5370 2362 5453 Hebraeo
2388 5384 2455 5453 et
2475 5370 2913 5453 pronuntiatione
2942 5370 2993 5427 et
3018 5389 3145 5453 vero
3178 5380 3447 5453 potestate
3460 5386 3576 5451 ,ιιοη
3603 5370 3700 5453 ad-

2133 5444 2353 5499 modum
2373 5441 2718 5508 abhorrebat,
2743 5444 3139 5512 undejnominis
3180 5441 3279 5496 ista
3304 5441 3511 5495 notatio
3535 5442 3694 5511 prod-

2134 5518 2215 5568 iit.
2286 5514 2483 5569 Eadem
2537 5531 2702 5585 porro
2755 5517 3007 5584 leguntur
3057 5513 3196 5585 apud
3243 5512 3696 5585 Cyrilluni_cate-

2133 5587 2283 5639 ches.
2337 5602 2411 5648 vr,
2460 5582 2687 5655 Ἰησοῦς,
2745 5582 2954 5653 inquit,
3006 5582 3205 5655 τοίνυν
3246 5582 3356 5655 ἔστι
3396 5582 3553 5655 Δκατὰ
3608 5582 3700 5655 μὲν

2142 5655 2427 5727 Ἑϐραίους
2459 5652 2681 5727 σωτὴρ,
2711 5652 2851 5727 κατᾷ
2876 5655 2929 5707 δὲ
2968 5654 3065 5725 τὴν
3084 5654 3327 5727 ΔἘλλάδα
3355 5652 3605 5727 γλῶσσαν
3647 5652 3699 5705 τὸ

2132 5722 2407 5797 ἰώμενος·
2458 5722 2642 5797 ἐπειδὴ
2692 5725 2873 5796 ἰατρός
2905 5722 3031 5779 ἐστι
3065 5724 3252 5796 ψυχῶν
3282 5725 3377 5778 καὶ
3414 5722 3697 5794 σωμάτων,
