3760 6176
411 200 513 255 599

1773 187 1829 243 S.
1871 188 2207 246 ΕΡΙΡΗΑΝΙΙ

3518 193 3613 248 400

413 324 479 377 de
509 319 708 392 quibus
740 333 977 389 przesens
1003 314 1287 369 institutus
1322 321 1406 368 est
1444 329 1643 369 sermo.
1687 313 1849 369 Erant
1895 315 1959 369 ill.

2079 315 2226 385 νόμῳ
2259 313 2315 366 δὲ
2348 314 2789 385 προσανέχοντες,
2828 315 2922 368 καὶ
2952 314 3254 386 περιτομὴν
3287 315 3610 384 κεκτημένοι·

415 429 612 480 genere
639 410 854 480 quidem
887 407 1079 469 Judaei,
1113 418 1274 474 atque
1308 405 1374 457 ad
1412 405 1580 473 legem
1610 415 1662 459 et
1685 406 1977 460 circumci-

416 507 623 560 sionem
650 502 1022 554 adluescrant:
1065 497 1160 553 sed
1189 497 1646 568 quemadmodum
1680 498 1772 566 qui
1802 513 1832 552 e
1854 513 1975 566 spec

417 595 538 650 cula
563 593 750 660 procul
770 591 946 659 ignem
973 590 1472 661 aspiciunt,'neque
1493 589 1650 657 cujus
1680 590 1754 642 rei
1781 590 1974 658 gratia,

416 702 643 758 quemve
681 685 747 737 ad
791 697 953 739 usum
999 683 1102 736 hoc
1140 681 1448 736 incendium
1483 680 1772 734 excitatum
1815 679 1977 733 fuerit

415 779 618 838 sciunt,
657 784 966 831 utrumnam
999 775 1065 828 ad
1109 774 1331 829 obsonia
1371 773 1522 841 121
1559 770 1860 840 coquenda,
1894 771 1975 824 ci-

413 865 623 936 bosque
647 865 812 920 victui
840 861 1246 934 priepara'ndos,
1293 878 1362 915 an
1395 871 1453 914 ιιι
1480 863 1682 916 eremia
1715 861 1976 931 aridaque

340 1016 348 1022 ,
413 959 739 1027 virgulta,ut
758 955 978 1018 assolet,
993 960 1425 1016 concremarent;
1445 951 1522 1006 sic
1541 952 1614 1006 iili
1635 952 1775 1006 istud
1796 951 1972 1020 ipsum

413 1049 609 1104 imitati
640 1047 961 1116 semetipsos
992 1045 1244 1099 incendio
1274 1051 1752 1113 consumpserunt.
1793 1041 1972 1113 Siqui-

411 1143 532 1196 dem
565 1141 681 1195 solo
710 1137 836 1194 Jesu
877 1139 1095 1191 nomine
1141 1135 1348 1197 audito,
1393 1135 1810 1204 conspectisque
1854 1151 1974 1204 qum

410 1231 480 1286 ab
515 1229 777 1300 apostolis
807 1227 996 1282 ﬁerent
1025 1227 1290 1296 portentis
1316 1240 1378 1278 ac
1411 1225 1710 1287 miraculis,
1738 1226 1790 1278 in
1819 1226 1970 1279 illum

407 1331 464 1379 et
504 1323 608 1392 ipsi
652 1337 868 1392 quoque
909 1319 1281 1374 crediderunt.
1339 1317 1509 1383 Quem
1561 1332 1684 1371 cum
1719 1315 1970 1372 Nazareti

405 1417 610 1472 scirent
641 1415 696 1468 in
727 1412 968 1482 Virginis
999 1421 1151 1466 utero
1183 1411 1442 1480 genitum,
1481 1418 1643 1479 atque
1674 1410 1728 1464 in
1748 1408 1970 1481 Josephi

408 1504 568 1555 domo
605 1500 888 1562 nutritum,
942 1507 996 1553 et
1045 1499 1248 1554 idcirco
1293 1497 1482 1553 Jesum
1528 1498 1866 1553 Nazarenum
1916 1501 1971 1554 in

409 1591 694 1660 Evangelio
719 1590 1006 1654 nominari,
1025 1589 1474 1659 quemadmodum
1493 1591 1722 1660 apostoli
1746 1591 1974 1660 loquun-

2081 406 2194 460 ἀλλ’
2226 405 2412 475 ὥσπερ
2442 406 2550 458 ἀπὸ
2597 405 2803 458 σκοποῦ
2848 423 2987 470 τινες
3030 407 3350 476 θεασάμενοι
3386 405 3499 477 πῦρ,
3529 404 3617 458 καὶ

2082 497 2155 568 μὴ
2197 499 2485 569 νοήσαντες
2530 497 2595 551 δι’
2646 500 2712 569 ἣν
2757 499 2934 552 αἰτίαν
2981 501 3028 552 οἱ
3077 501 3176 571 τὴν
3220 501 3391 570 πυράν
3433 498 3618 568 uti-qv

2079 589 2388 658 ἐξάψαντες.
2416 590 2448 660 ἢ
2481 591 2876 661 χρησιμότητα,
2917 591 3074 644 τοῦτο
3107 593 3366 654 ποιοῦσιν,
3394 591 3504 662 ἢτὰ
3528 591 3618 659 τῆς

2078 679 2222 750 ζωῆς
2270 681 2474 732 ἑαυτῶν
2509 679 2712 749 ὀψώνια
2760 681 2895 750 πρὸς
2936 681 3132 752 ἐδωδὴν
3179 682 3266 735 διὰ
3317 682 3409 752 τῆς
3452 683 3620 751 πυρᾶς

2077 771 2597 834 κατασκευάζοντες,
2632 771 2664 840 ἦ
2693 773 2784 825 ἐπὶ
2824 771 3116 842 ἀφανισμῷ
3147 789 3307 825 τινων
3337 771 3619 826 καυστικῶν

2078 861 2248 924 ξύλων
2285 862 2317 932 ἢ
2362 863 2651 932 φρυγάνων
2684 863 2790 915 τῶν
2842 863 2946 916 ὑπὸ
2992 865 3161 935 πυρὸς
3207 863 3457 916 εἰωθότων
3499 865 3621 916 ἀνα-

2075 953 2388 1007 λίσκεσθαισ
2437 955 2579 1008 οὕτω
2620 955 2713 1008 καὶ
2752 957 2903 1009 αὐτοὶ
2942 956 3335 1027 μιμησάμενοι,
3363 955 3460 1026 πῦρ
3496 955 3621 1007 ἀνά-

2074 1043 2290 1112 ψαντες.
2323 1045 2548 1107 ἑαυτοὺς
2584 1045 2907 1117 ἐνέπρησαν.
2954 1045 3306 1109 Ἀκούσαντες
3345 1046 3440 1117 γάρ
3466 1045 3620 1115 μόνον

2075 1133 2242 1203 ὄνομα
2283 1133 2478 1203 Ἰησοῦ,
2509 1135 2605 1188 καὶ
2636 1135 2960 1205 θεασάμενοι
3000 1137 3069 1190 τὰ
3111 1136 3398 1208 θεοσήμεια
3429 1136 3494 1188 τὰ
3537 1134 3621 1187 διὰ

2074 1225 2272 1297 χειρῶν
2297 1226 2406 1279 τῶν
2435 1226 2749 1280 ἀποστόλων
2775 1228 3054 1297 γινόμενα,
3097 1230 3191 1282 καὶ
3234 1230 3381 1282 αὐτοὶ
3409 1230 3479 1292 εἰς
3521 1229 3621 1296 Ἰη-

2076 1316 2200 1370 σοῦν
2251 1317 2583 1372 πιστεύουσι.
2636 1318 2859 1382 Γνόντες
2891 1319 2947 1372 δὲ
2992 1319 3152 1371 αὐτὸν
3197 1321 3258 1372 ὲκ
3305 1319 3541 1390 Ναζαρὲτ
3568 1320 3622 1370 ὲν

2073 1411 2268 1482 γαστρὶ
2297 1412 2757 1484 ἐγκυμονηθέντα,
2789 1413 2881 1464 καὶ
2921 1414 2978 1466 ὲν
3009 1414 3142 1480 οἴκῳ
3183 1411 3371 1482 Ἰωσὴφ
3398 1413 3623 1481 ἀνατρα-

2073 1503 2260 1571 φέντα,
2303 1503 2395 1554 καὶ
2426 1502 2514 1556 διά
2556 1503 2715 1556 τοῦτο
2747 1504 2805 1554 ὲν
2851 1502 2925 1573 τῷ
2970 1502 3286 1572 Εύαγγελίῳ
3321 1501 3515 1572 Ἰησοῦν
3539 1500 3624 1556 τὸν

2071 1593 2388 1664 Ναζωραῖον
2429 1593 2742 1658 καλεῖσθαι,
2775 1594 2851 1657 ὡς
2901 1593 2994 1646 καὶ
3035 1595 3086 1646 οἱ
3133 1593 3408 1646 ἀπόστολοί
3444 1610 3623 1661 φασιν,

406 1696 531 1741 tur:
572 1685 755 1738 Jesum
790 1681 1134 1736 Nazarenum
1188 1684 1358 1735 virum
1405 1681 1752 1749 approbatum
1800 1683 1959 1751 signis

2080 1681 2322 1747 Ἰησοῦν
2351 1682 2456 1735 τὸν
2485 1681 2818 1750 Ναζωραῖον
2837 1681 3024 1750 ἄνδρα
3053 1681 3540 1751 ἀποδεδειγμένον
3561 1682 3627 1734 ἐν

404 1794 466 1832 ac
490 1774 801 1844 prodigiis',
826 1788 891 1828 ex
925 1788 990 1826 eo
1021 1787 1218 1827 nomen
1252 1772 1354 1826 sibi
1384 1770 1528 1825 istud
1571 1772 1876 1841 imponunt,
1910 1779 1968 1824 ut

407 1866 645 1922 Nazaraai
678 1873 960 1928 vocentur,
990 1878 1094 1917 non
1134 1863 1381 1926 Naziraai,
1422 1880 1542 1933 qua:
1586 1879 1687 1918 vox
1731 1864 1970 1919 sanctiﬁ-

403 1968 586 2016 catum
617 1960 907 2032 signiﬁcat.
939 1955 1040 2010 llic
1079 1956 1221 2010 enim
1267 1955 1538 2024 quondam
1574 1955 1966 2027 primogenitis,

404 2056 624 2125 Deoque
671 2049 1007 2108 consecratis
1045 2046 1327 2116 dignitatis
1377 2047 1550 2101 honor
1578 2055 1662 2102 est
1709 2047 1964 2102 habitus:

403 2161 634 2218 quorum
659 2161 690 2201 e
719 2157 944 2199 numero
969 2140 1260 2209 Sampson,
1289 2139 1486 2209 aliique
1510 2150 1630 2210 post
1659 2141 1856 2209 ipsum,
1883 2142 1966 2196 vel

401 2250 528 2296 ante
559 2240 736 2309 ipsum
785 2236 1092 2306 complures
1123 2234 1468 2289 exstiterunt.
1505 2231 1615 2286 hno
1648 2243 1701 2286 et
1729 2231 1966 2289 Joannes

399 2331 643 2400 Baptista
673 2344 736 2384 ex
779 2328 873 2381 illo
901 2325 1279 2379 dedicatorum
1313 2321 1422 2376 Deo
1457 2321 1739 2375 hominum
1768 2337 1964 2392 genere

401 2425 535 2490 fuit;
565 2423 657 2495 qui
703 2422 887 2474 vinum
920 2428 1014 2474 aut
1057 2419 1288 2473 siceram
1318 2431 1428 2471 non
1477 2415 1634 2469 bibit.
1671 2413 1793 2468 Fuit
1821 2417 1962 2468 enim

399 2513 712 2570 hominibus
752 2510 1019 2582 ejusmodi
1071 2524 1260 2562 eorum
1306 2506 1555 2577 dignitati
1600 2517 1964 2562 consentanea

397 2605 610 2660 vivendi
643 2603 782 2658 ratio
812 2602 1127 2656 constituta.

470 2698 552 2752 Vl.
594 2696 698 2752 Sed
739 2695 828 2750 alii
867 2693 1152 2748 Nazareros
1185 2692 1395 2760 seipsos
1427 2689 1720 2759 appellant.
1755 2689 1964 2759 Quippe

395 2790 774 2844 Nazareorum
820 2794 967 2840 secta
1015 2783 1293 2837 Christum
1330 2779 1659 2843 antecessit,
1707 2795 1807 2834 nec
1838 2795 1962 2834 eunt

394 2878 666 2951 cognovit.
703 2875 906 2932 Vermn
941 2873 1281 2936 Christiani,
1323 2878 1382 2925 ut
1421 2871 1578 2924 initio
1635 2871 1853 2932 monui.
1896 2869 1964 2924 ab

393 2971 644 3026 omnibus
681 2966 921 3021 Nazaraai
959 2963 1255 3033 nuncupati
1293 2969 1460 3026 sunt,
1507 2960 1962 3031 quemadmodum

2070 1789 2131 1826 τε
2177 1775 2447 1842 σημείοις
2490 1775 2587 1828 καὶ
2637 1774 2863 1841 τέρασι,
2899 1775 2992 1827 καὶ
3039 1774 3108 1827 τὰ
3162 1773 3320 1844 ἑξῆς,
3373 1773 3528 1827 τοῦτο
3572 1774 3626 1826 τὺ

2068 1863 2237 1934 ὄνομα
2269 1853 2605 1918 ἐπιτιθέασιν
2634 1867 2834 1928 αὐτοῖς,
2863 1865 2922 1918 τὸ
2958 1865 3240 1919 καλεῖσθαι
3266 1865 3626 1936 Ναζωραίους,

2067 1955 2185 2025 οὐχὶ
2211 1956 2266 2009 δὲ
2295 1956 2643 2028 Ναζιραίους,
2683 1958 2744 2010 τὸ
2773 1959 3206 2029 ἑρμηνευόμενον
3250 1959 3625 2029 ήγιασμένοκ.

2068 2047 2237 2101 Τοῦτο
2285 2048 2392 2119 γάρ
2438 2051 2552 2112 τοῖς
2602 2048 2663 2101 τὸ
2722 2049 2948 2104 παλαιὸν
2993 2049 3068 2122 (7)
3127 2051 3486 2122 πρωτοτόκοις
3543 2053 3631 2106 καὶ

2066 2138 2183 2208 Θεῷ
2208 2138 2590 2210 ἀφιερωθεῖσιν
2617 2140 2828 2210 ὑπῆρχε
2876 2141 2936 2192 τὸ
2965 2140 3200 2211 ἀξίωμα,
3234 2135 3309 2195 ὧν
3345 2139 3421 2206 εἷς
3451 2145 3630 2214 ὑπῆρ-

2065 2247 2158 2299 χεν
2185 2232 2213 2282 ὁ
2238 2230 2494 2300 Σαμψὼν,
2529 2233 2621 2284 καὶ
2649 2233 2796 2285 ἄλλοι
2831 2234 2947 2302 μετ’
2980 2233 3159 2297 αὐτὸν,
3207 2236 3298 2288 καὶ
3330 2235 3429 2306 πρὸ
3466 2237 3631 2289 αὑτοῦ

2066 2319 2266 2374 πολλοί.
2311 2320 2469 2374 Ἀλλά
2500 2323 2592 2374 καὶ
2635 2323 2882 2392 Ἰωάννης
2910 2325 2937 2376 ὁ
2974 2323 3282 2396 Βαπτιστὴς
3315 2327 3416 2379 τῶν
3452 2327 3634 2379 αὐτῶν

2064 2413 2506 2483 ἀφηγησαμὲνων
2537 2413 2558 2444 ⁵
2592 2411 2669 2479 τῷ
2707 2413 2824 2483 Θεῷ
2851 2414 2944 2466 καὶ
2977 2413 3136 2479 αὐτὸς
3161 2409 3241 2479 εἷς
3267 2417 3498 2487 ὑπῆρχε,
3543 2419 3635 2470 καὶ

2064 2496 2200 2562 οἶνον
2251 2502 2344 2554 καὶ
2409 2501 2600 2572 σίκερα
2661 2502 2761 2556 οὐκ
2815 2502 3018 2557 ἔπινεν.
3077 2506 3298 2576 Ὠριστο
3353 2508 3460 2578 γὰρ
3524 2513 3636 2573 τοῖς

2063 2591 2322 2655 τοιούτοις
2359 2592 2494 2665 αὕτη
2531 2594 2785 2664 ἁρμόδιος
2806 2595 2883 2665 τῷ
2913 2594 3234 2669 ἀξιώματιή
3271 2598 3527 2651 πολιτεία.

2135 2687 2225 2751 σν.
2261 2685 2442 2738 Ἀλλοι
2478 2685 2536 2738 δὲ
2573 2687 2946 2759 Νασαραίους⁸
2977 2689 3052 2758 (8)
3085 2691 3309 2754 ἑαυτοὺς
3348 2692 3633 2746 ἐκάλεσαν.

2062 2771 2170 2830 Ἦν
2194 2777 2302 2848 γάρ
2334 2780 2364 2848 η
2397 2780 2606 2849 αἵρεσις
2632 2779 2740 2831 τῶν
2770 2781 3099 2851 Νασαραίων
3126 2783 3230 2852 πρὸ
3255 2783 3514 2853 Χριστοῦ,
3549 2787 3638 2837 καὶ

2062 2869 2296 2940 Χριστὸν
2326 2870 2424 2922 οὐκ
2461 2871 2596 2941 ᾔδει.
2644 2870 2803 2924 Ἀλλὰ
2841 2873 2934 2925 καὶ
2966 2873 3162 2937 πάντες
3204 2875 3478 2946 ἄνθρωποι
3513 2881 3641 2941 τοὺς

2063 2961 2424 3030 Χριστιανοὺς
2456 2961 2808 3033 Ναζωραίους
2845 2963 3099 3032 ἐκάλουν,
3129 2965 3204 3028 ὼς
3247 2971 3533 3038 προεῖπον,
3567 2969 3642 3032 ὡς

394 3065 469 3118 illi
501 3063 788 3122 dixerunt,
827 3058 920 3128 qui
978 3055 1203 3110 Paulum
1253 3053 1556 3123 apostolum
1601 3059 1958 3107 accusarunt:

2079 3053 2275 3122 λέγουσι
2304 3055 2731 3126 κατηγοροῦντες
2766 3057 2979 3111 Παύλου
3011 3059 3103 3112 toﬁ
3134 3060 3447 3114 ἀποστόλου·
3493 3062 3644 3118 Τοῦ-

392 3151 545 3207 Hunc
564 3190 579 3214 ,
619 3148 905 3218 inquiunt,
940 3144 1198 3199 hominem
1231 3143 1517 3196 invenimus
1545 3141 1849 3211 pestiferum
1868 3179 1882 3203 ,
1912 3151 1961 3195 et

390 3233 803 3311 corrumpentem
829 3236 1160 3306 populum,et
1186 3242 1450 3286 auctorem
1479 3242 1631 3286 secta:
1650 3230 1701 3284 Ν
1707 3247 1963 3285 azarero-

391 3351 510 3390 rum
547 3335 589 3388 '.
639 3334 708 3386 At
737 3337 960 3386 sanctus
1011 3326 1302 3398 Apostolus
1349 3340 1523 3394 neque
1572 3338 1769 3378 nomen
1815 3323 1960 3378 istud

390 3431 606 3501 ejurat,
637 3423 853 3479 tametsi
885 3423 954 3476 ab
1011 3421 1226 3474 illorum
1273 3418 1466 3472 liazresi
1497 3416 1849 3479 abhorreret,
1907 3424 1960 3470 et

389 3521 536 3594 quod
577 3520 678 3574 sibi
709 3514 1144 3571 adversariorum
1172 3510 1514 3581 improbitate
1552 3517 1770 3579 propter
1801 3508 1961 3563 Chri-

392 3621 536 3669 stum
565 3610 874 3678 impositum
906 3612 1023 3660 erat
1057 3602 1382 3658 vocabulum
1408 3642 1424 3668 ,
1459 3600 1687 3655 libenter
1719 3599 1956 3654 admisit.

391 3702 468 3756 Ita
492 3701 634 3756 enim
668 3703 794 3751 ante
835 3692 1073 3748 tribunal
1102 3691 1239 3746 dixit
1284 3708 1298 3745 :
1338 3688 1518 3760 Neque
1548 3690 1601 3742 in
1643 3689 1830 3757 templo
1881 3689 1959 3741 in-

391 3803 634 3850 venerunt
663 3805 742 3844 me
762 3797 884 3842 'cum
912 3787 1088 3856 aliquo
1121 3783 1503 3852 disputantem,
1527 3792 1619 3834 aut
1649 3797 1958 3860 concursum

390 3887 668 3953 facientem
703 3881 896 3943 turba’,
934 3894 1093 3947 neque
1122 3876 1403 3947 quidquam
1436 3890 1615 3928 eorum
1644 3872 1832 3943 quibus
1879 3889 1958 3926 me

389 3983 641 4032 accusant
665 3972 883 4027 admisi.
916 3967 1183 4038 Conﬁteor
1215 3974 1388 4019 autem
1426 3963 1523 4017 hoc
1560 3962 1674 4028 tibi,
1699 3964 1836 4031 quod
1873 3978 1956 4016 se-

389 4068 618 4124 cundum
639 4075 852 4128 sectam,
893 4078 1049 4132 quam
1080 4058 1262 4111 dicunt
1294 4056 1515 4111 heresin
1544 4095 1558 4119 ,
1586 4057 1662 4109 sic
1683 4055 1914 4108 deservio
1936 4070 1954 4107 :

389 4160 602 4214 credens
647 4156 882 4210 omnibus
928 4167 1042 4222 qua:
1090 4151 1146 4203 in
1198 4152 1303 4220 lege
1357 4158 1405 4202 et
1454 4147 1715 4217 prophetis
1762 4147 1957 4214 scripta

389 4262 510 4309 sunt
539 4252 580 4306 ³.
622 4247 808 4316 Neque
835 4260 964 4300 vero
999 4243 1197 4297 mirum
1228 4249 1312 4296 est
1337 4278 1352 4304 ,
1408 4239 1723 4309 Apostolum
1761 4246 1956 4292 semet-

389 4345 564 4414 ipsum
602 4338 940 4394 Nazarenum
971 4333 1214 4388 conﬁteri
1239 4371 1254 4395 ,
1290 4345 1414 4385 cum
1450 4329 1688 4382 universi
1734 4337 1864 4382 tunc
1890 4343 1955 4381 eo

386 4411 603 4489 nomine
641 4427 984 4484 Christianos
1017 4430 1307 4486 vocarent,
1343 4422 1412 4476 ab
1447 4420 1643 4491 Oppido
1682 4417 1912 4473 Nazaret
1935 4459 1950 4482 ,
1986 4411 2027 4465 D

383 4541 483 4581 nec
513 4524 654 4579 ullus
685 4519 908 4574 alterius
933 4523 1078 4572 esset
1109 4515 1260 4569 vocis
1290 4527 1423 4568 usus
1453 4511 1560 4592 illis
1592 4510 1947 4580 temporibus,

387 4617 543 4688 122
581 4629 687 4685 qua
711 4626 806 4667 eos
837 4609 930 4680 qui
961 4605 1182 4663 Christo
1213 4619 1408 4658 nomen
1439 4602 1698 4657 dederant
1730 4609 1950 4671 possent

381 4711 704 4779 exprimere.
730 4703 807 4758 De
832 4715 940 4773 quo
971 4713 1102 4755 sane
1135 4697 1397 4765 scriptum
1425 4701 1528 4756 est,
1559 4692 1806 4763 quoniam
1838 4689 1952 4744 Na-

386 4811 606 4849 zarenus
636 4791 908 4847 vocabitur
936 4789 978 4842 ⁸.
1013 4785 1146 4840 Nam
1192 4795 1245 4840 et
1279 4784 1433 4838 hodie
1467 4783 1697 4837 haereses
1734 4795 1947 4846 omnes,

385 4885 664 4940 Mauiebaai
693 4883 920 4943 scilicet,
944 4877 1306 4933 Mareionistae
1323 4916 1338 4940 ,
1365 4875 1630 4938 Gnostici,
1661 4875 1948 4944 caeterique

384 4977 477 5048 qui
513 4973 801 5029 Christiani
835 4986 940 5025 non
985 4977 1111 5025 sunt
1140 5007 1155 5033 ,
1195 4967 1632 5022 Christianorum
1667 4974 1848 5020 tamen
1878 4965 1946 5019 ab

383 5068 638 5125 omnibus
663 5063 880 5120 nomine
926 5058 1308 5130 comprehendi
1343 5059 1556 5125 solent;
1597 5068 1650 5113 et
1691 5072 1946 5128 unaquae-

2061 3161 2166 3196 τον
2201 3144 2306 3198 τὸν
2336 3145 2646 3214 ἄνθρωπον
2683 3148 2929 3216 εὕρομεν
2971 3151 3201 3220 λοιμὸν,
3235 3153 3331 3205 καὶ
3364 3152 3644 3222 διαστρέ-

2061 3251 2249 3302 φοντα
2282 3237 2386 3288 τὸν
2408 3235 2580 3300 λαὸν,
2627 3239 3056 3308 πρωτοστάτην
3092 3257 3157 3294 τε
3191 3241 3334 3294 ὄντα
3377 3241 3492 3310 τῆς
3525 3243 3645 3297 τῶν

2059 3322 2404 3390 Ναζωραίων
2449 3325 2748 3392 αἱρέσεως.
2793 3328 2850 3381 '0
2891 3329 2948 3382 δὲ
2989 3331 3142 3399 ἅγιος
3174 3331 3503 3398 Ἀπόστολος
3544 3337 3644 3389 οὐκ

2059 3416 2300 3486 ἀρνεῖται
2333 3417 2428 3485 μὲν
2457 3417 2518 3470 τὸ
2545 3417 2731 3489 ὄνομα,
2767 3421 2884 3490 οὐχὶ
2911 3421 3008 3493 τὴν
3039 3422 3240 3477 τούτων
3266 3425 3481 3496 αἵρεσιν
3513 3431 3645 3499 ὁμο-

2059 3507 2250 3575 λογῶν,
2282 3507 2415 3560 ἀλλὰ
2455 3509 2515 3561 τὸ
2555 3509 2725 3580 ὄνομα
2754 3513 2813 3564 τὸ
2849 3513 2955 3565 ἀπὸ
2990 3514 3088 3584 τῆς
3115 3515 3223 3569 τῶν
3247 3517 3646 3586 ἀντιλεγόντων

2060 3599 2342 3664 κακονοίας
2370 3599 2457 3654 διὰ
2485 3602 2574 3655 τὸν
2609 3604 2841 3674 Χριστὸν
2884 3605 3166 3674 ὲπενεχθὲν
3202 3607 3350 3678 αὐτῷ
3380 3611 3644 3680 ἀσμένως

2060 3691 2501 3763 καταδεχόμενος.
2533 3695 2670 3765 Φησὶ
2704 3696 2811 3764 γὰρ
2848 3697 2940 3748 ἐπὶ
2967 3697 3059 3750 τοῦ
3090 3697 3350 3770 βήματος
3388 3703 3549 3756 Οὔτε
3575 3705 3647 3756 ἐν

2057 3782 2137 3848 τῷ
2161 3781 2293 3851 ἱερῷ
2317 3780 2498 3852 εὗρόν
2522 3801 2598 3853 με
2623 3787 2770 3853 πρός
2793 3803 2928 3840 τινα
2959 3787 3404 3858 διαλεγόμενον,
3441 3793 3484 3862 ἢ
3514 3796 3644 3848 ἐπι-

2057 3874 2364 3928 σύστασίν
2409 3892 2541 3928 τινα
2598 3876 2784 3943 ὄχλου
2829 3878 3148 3946 ποιοῦντα,
3195 3883 3339 3937 οὐδὲ
3383 3880 3480 3939 ὧν
3524 3907 3644 3957 μου

2057 3965 2498 4036 κατηγοροῦσιν
2528 3967 2709 4020 οὐδὲν
2733 3970 3050 4037 πεποίηκα.
3091 3973 3396 4046 Ὁμολογτῦ
3434 3978 3512 4032 δέ
3546 3997 3646 4036 σοι

2056 4059 2262 4125 τοῦτο,
2292 4059 2379 4112 ὅτι
2423 4060 2571 4114 κατὰ
2602 4061 2714 4128 τὴν
2745 4062 2905 4128 ὁδὸν,
2935 4062 3015 4131 ἢν
3053 4066 3285 4134 αἵρεσιν
3313 4067 3493 4125 οὗτοι
3535 4074 3646 4142 ρά-

2057 4164 2334 4213 σκουσιν,
2362 4149 2514 4201 οὕτω
2543 4151 2807 4217 λατρεύω
2827 4166 2840 4184 ο
2882 4156 3182 4208 πιστεύων
3213 4156 3367 4211 πᾶσι
3403 4161 3543 4227 τοῖς
3578 4163 3646 4213 ἐν

2055 4235 2135 4302 τῷ
2164 4240 2351 4307 νόμῳ,
2384 4239 2482 4292 καὶ
2512 4241 2581 4293 ἐν
2624 4241 2748 4306 τοῖς
2784 4244 3140 4313 προφήταις.
3179 4249 3288 4300 Καὶ
3324 4251 3390 4302 οὐ
3423 4252 3642 4324 Θαῦμά,

2055 4329 2134 4381 ὅτι
2164 4331 2191 4381 ό
2221 4329 2538 4394 Ἀπόστολος
2565 4332 2816 4402 ὁμολογεῖ
2841 4336 3027 4387 ἑαυτὸν
3049 4336 3391 4409 Ναζωραῖον,

2057 4420 2358 4473 καλούντων
2386 4423 2510 4485 τοὺς
2542 4424 2896 4494 Χριστιανοὺς
2936 4427 3052 4480 τότε
3091 4430 3264 4500 τούτῳ
3294 4432 3378 4502 τῷ
3410 4434 3646 4504 ὀνόματι

2055 4513 2144 4566 διὰ
2181 4511 2432 4586 Ναζαρὲτ
2479 4515 2575 4585 τὴν
2618 4515 2798 4580 πόλιν,
2843 4518 3006 4588 ἄλλης
3048 4521 3123 4590 μὴ
3168 4522 3338 4593 οῦσης
3381 4529 3647 4596 χρήσεως

2055 4601 2132 4673 τῷ
2176 4604 2396 4674 ὀνόματι
2438 4606 2574 4676 πρὸς
2603 4608 2692 4660 τὸν
2722 4610 2928 4681 καιρὸν,
2963 4611 3100 4665 ὥστε
3144 4615 3268 4678 τοὺς
3307 4617 3648 4687 ἀνθρώπους

2057 4693 2238 4748 καλεῖν
2262 4695 2388 4759 τοὺς
2432 4695 2507 4766 τῷ
2538 4696 2753 4770 Χριστῷ
2783 4704 3224 4767 πεπιστευκότας.
3269 4707 3406 4778 Περὶ
3451 4703 3519 4760 οὗ
3552 4710 3650 4777 τέ·-

2056 4800 2328 4854 γραπται,
2375 4785 2503 4839 Ὅτι
2548 4785 2874 4856 Ναζωραῖος
2925 4792 3314 4859 κληθήσεται.
3364 4798 3487 4850 Καὶ
3536 4800 3648 4869 γάρ

2055 4875 2148 4927 καὶ
2178 4874 2272 4928 νῦν
2303 4876 2608 4946 ὁμωνύμως
2636 4879 2685 4930 οἱ
2720 4879 2994 4950 ἄνθρωποι
3031 4883 3210 4948 πάσας
3235 4886 3338 4949 τὰς
3365 4889 3646 4958 αἱρέσεις,

2053 4966 2385 5035 Μανιχαίονς
2413 4967 2472 5019 τέ
2515 4984 2654 5038 φημι
2683 4970 2777 5022 καὶ
2817 4972 3254 5043 Μαρκιωνιστάς,
3287 4977 3650 5041 Γνωστικούς

2051 5075 2110 5110 τε
2150 5058 2244 5111 καὶ
2283 5058 2473 5122 ἄλλους
2508 5061 2862 5129 Χριστιανοὺς
2899 5066 3026 5128 τοὺς
3056 5065 3130 5137 μὴ
3167 5068 3328 5132 ὄντας
3362 5071 3646 5141 Χριστιιι

454 5253 617 5326 ίᾼεξ.Δ
639 5265 699 5311 ιι,
727 5247 817 5326 22:
893 5248 913 5277 ³
945 5244 1063 5299 Act.
1100 5260 1245 5312 xxrv,
1279 5246 1331 5297 5.
1410 5244 1431 5274 ³
1461 5242 1589 5297 ibid.
1617 5242 1814 5296 lS-M.
1892 5242 1959 5295 ‘l

2079 5243 2128 5296 h.
2153 5257 2213 5305 II,
2237 5242 2327 5299 25.
2382 5243 2426 5317 ,⁸
2453 5241 2514 5295 F.
2538 5244 2735 5326 αὐτούς
2751 5247 3215 5317 ἀφιερωσαμένων
3317 5251 3339 5281 ⁸
3364 5268 3465 5322 γρ,
3500 5249 3646 5301 Ἀλλ’

383 5324 442 5378 οὐ
480 5323 536 5376 δὲ
571 5317 926 5388 Νασοραίους.

453 5413 527 5493 (⁷)
573 5409 751 5493 τοῦεο
777 5406 885 5488 γάρ
1069 5407 1146 5493 τι)
1173 5407 1447 5493 arma:
1465 5405 1546 5493 Et
1577 5421 1645 5493 ες
1673 5419 1940 5493 estesse:

384 5473 522 5537 nitis'
557 5473 810 5538 omnibus
847 5473 1147 5548 intelligat,
1180 5476 1374 5548 falsum
1417 5475 1538 5529 erit.
1575 5473 1759 5548 Neque
1793 5477 1937 5548 enim

384 5551 724 5622 primogeniti
779 5564 981 5622 omnes
1024 5543 1261 5622 [Ἴσιδι-εξξί
1325 5543 1578 5622 fuerunt,
1635 5545 1729 5598 sed
1787 5544 1939 5615 ἀορι-

385 5615 632 5690 ὲτως,ὀι
657 5621 724 5676 de
752 5619 1075 5690 quibusdam
1107 5617 1312 5686 accipe.
1349 5622 1405 5667 ut
1439 5615 1504 5670 de
1537 5616 1854 5682 Sampsone,
1884 5623 1940 5669 ct

2047 5403 2093 5459 si
2132 5392 2224 5470 qui
2259 5405 2349 5458 alii
2373 5406 2761 5475 eiusdemmodi
2795 5411 3013 5466 fuerint.

2118 5475 2194 5540 (8)
2222 5476 2562 5552 _"A.}_.10t.6é
2605 5481 3003 5546 Naa'apat'ovc.
3048 5480 3122 5535 De
3171 5482 3257 5538 bis
3301 5482 3533 5552 egimus
3577 5480 3647 5531 ad

2045 5542 2276 5600 liwrcsin
2311 5545 2714 5617 Nazaraaorum,
2735 5542 2854 5621 qua:
2881 5560 2964 5606 est
2993 5554 3048 5606 in
3076 5552 3169 5608 lib.
3204 5568 3244 5619 ι,
3277 5542 3483 5610 ordine
3514 5562 3645 5605 x13.
