  <div class='ocr_page' id='page_1' title='image "/cluster/home/n/w/nwhite01/storage/ocr_20150623/41/hvd.32044011753001/228.png"; bbox 0 0 3760 6176; ppageno 0'>
   <div class='ocr_carea' id='block_1_1' title="bbox 120 264 217 325">
    <p class='ocr_par' dir='ltr' id='par_1_1' title="bbox 120 264 217 325">
     <span class='ocr_line' id='line_1_1' title="bbox 120 264 217 325; baseline -0.01 0"><span class='ocrx_word' id='word_1_1' title='bbox 120 264 217 325; x_wconf 69' lang='grc'><strong>401</strong></span> 
     </span>
    </p>
   </div>
   <div class='ocr_carea' id='block_1_2' title="bbox 747 260 1698 323">
    <p class='ocr_par' dir='ltr' id='par_1_2' title="bbox 747 266 1661 323">
     <span class='ocr_line' id='line_1_2' title="bbox 747 266 1661 323; baseline 0.003 -3"><span class='ocrx_word' id='word_1_2' title='bbox 747 266 1117 323; x_wconf 80' lang='lat' dir='ltr'><strong>ADVERSUS</strong></span> <span class='ocrx_word' id='word_1_3' title='bbox 1158 267 1498 323; x_wconf 67' lang='lat' dir='ltr'><strong>&quot;IERESES</strong></span> <span class='ocrx_word' id='word_1_4' title='bbox 1536 267 1661 323; x_wconf 85' lang='lat' dir='ltr'><strong>LIB.</strong></span> 
     </span>
    </p>
   </div>
   <div class='ocr_carea' id='block_1_3' title="bbox 1870 260 2700 323">
    <p class='ocr_par' dir='ltr' id='par_1_3' title="bbox 1870 260 2700 319">
     <span class='ocr_line' id='line_1_3' title="bbox 1870 260 2700 319; baseline 0 -3"><span class='ocrx_word' id='word_1_5' title='bbox 1870 263 1947 316; x_wconf 70' lang='grc' dir='ltr'>Μ.</span> <span class='ocrx_word' id='word_1_6' title='bbox 1992 262 2054 315; x_wconf 93' lang='lat' dir='ltr'><strong>ll.</strong></span> <span class='ocrx_word' id='word_1_7' title='bbox 2080 291 2151 302; x_wconf 91' lang='lat'><strong>-—</strong></span> <span class='ocrx_word' id='word_1_8' title='bbox 2190 261 2465 319; x_wconf 59' lang='lat' dir='ltr'><strong>HIERES.</strong></span> <span class='ocrx_word' id='word_1_9' title='bbox 2507 260 2700 317; x_wconf 70' lang='lat' dir='ltr'><strong>XXIX.</strong></span> 
     </span>
    </p>
   </div>
   <div class='ocr_carea' id='block_1_4' title="bbox 3270 260 3375 316">
    <p class='ocr_par' dir='ltr' id='par_1_4' title="bbox 3270 260 3375 316">
     <span class='ocr_line' id='line_1_4' title="bbox 3270 260 3375 316; baseline -0.01 0"><span class='ocrx_word' id='word_1_10' title='bbox 3270 260 3375 316; x_wconf 65' lang='lat'><strong>40‘2</strong></span> 
     </span>
    </p>
   </div>
   <div class='ocr_carea' id='block_1_5' title="bbox 119 380 1698 461">
    <p class='ocr_par' dir='ltr' id='par_1_5' title="bbox 119 386 1695 461">
     <span class='ocr_line' id='line_1_5' title="bbox 119 386 1695 461; baseline -0.001 -20"><span class='ocrx_word' id='word_1_11' title='bbox 119 390 238 451; x_wconf 80' lang='grc' dir='ltr'>νοῦς</span> <span class='ocrx_word' id='word_1_12' title='bbox 279 387 524 441; x_wconf 89' lang='grc' dir='ltr'>καλοῦσι·</span> <span class='ocrx_word' id='word_1_13' title='bbox 557 386 648 439; x_wconf 76' lang='grc' dir='ltr'><strong>καὶ</strong></span> <span class='ocrx_word' id='word_1_14' title='bbox 688 388 837 457; x_wconf 82' lang='grc' dir='ltr'>ὅμως</span> <span class='ocrx_word' id='word_1_15' title='bbox 867 389 1071 458; x_wconf 79' lang='grc' dir='ltr'>ἑκάστη</span> <span class='ocrx_word' id='word_1_16' title='bbox 1105 390 1329 461; x_wconf 79' lang='grc' dir='ltr'>αἵρεσις,</span> <span class='ocrx_word' id='word_1_17' title='bbox 1362 388 1561 459; x_wconf 89' lang='grc' dir='ltr'>καίπερ</span> <span class='ocrx_word' id='word_1_18' title='bbox 1601 387 1695 440; x_wconf 75' lang='grc' dir='ltr'><strong>ἄλο</strong></span> 
     </span>
    </p>
   </div>
   <div class='ocr_carea' id='block_1_6' title="bbox 1870 380 3377 461">
    <p class='ocr_par' dir='ltr' id='par_1_6' title="bbox 1873 380 3377 445">
     <span class='ocr_line' id='line_1_6' title="bbox 1873 380 3377 445; baseline -0.003 -6"><span class='ocrx_word' id='word_1_19' title='bbox 1873 400 1903 439; x_wconf 92' lang='lat' dir='ltr'><strong>e</strong></span> <span class='ocrx_word' id='word_1_20' title='bbox 1928 391 2105 443; x_wconf 90' lang='lat' dir='ltr'><strong>secta,</strong></span> <span class='ocrx_word' id='word_1_21' title='bbox 2136 380 2261 435; x_wconf 92' lang='lat' dir='ltr'><strong>licet</strong></span> <span class='ocrx_word' id='word_1_22' title='bbox 2297 382 2404 435; x_wconf 88' lang='lat' dir='ltr'><strong>alio</strong></span> <span class='ocrx_word' id='word_1_23' title='bbox 2431 382 2647 436; x_wconf 83' lang='lat' dir='ltr'><strong>nomine</strong></span> <span class='ocrx_word' id='word_1_24' title='bbox 2672 388 2989 445; x_wconf 76' lang='lat' dir='ltr'><strong>censeatur,</strong></span> <span class='ocrx_word' id='word_1_25' title='bbox 3026 382 3078 437; x_wconf 92' lang='lat' dir='ltr'><strong>id</strong></span> <span class='ocrx_word' id='word_1_26' title='bbox 3120 383 3221 437; x_wconf 95' lang='lat' dir='ltr'><strong>sibi</strong></span> <span class='ocrx_word' id='word_1_27' title='bbox 3272 398 3377 436; x_wconf 87' lang='lat' dir='ltr'><strong>no--</strong></span> 
     </span>
    </p>
   </div>
   <div class='ocr_carea' id='block_1_7' title="bbox 119 476 1690 550">
    <p class='ocr_par' dir='ltr' id='par_1_7' title="bbox 119 476 1690 550">
     <span class='ocr_line' id='line_1_7' title="bbox 119 476 1690 550; baseline -0.001 -20"><span class='ocrx_word' id='word_1_28' title='bbox 119 477 222 541; x_wconf 87' lang='grc' dir='ltr'><strong>λως</strong></span> <span class='ocrx_word' id='word_1_29' title='bbox 258 477 520 547; x_wconf 81' lang='grc' dir='ltr'><strong>λεγομένη</strong></span> <span class='ocrx_word' id='word_1_30' title='bbox 543 515 558 539; x_wconf 89' lang='grc'><strong>,</strong></span> <span class='ocrx_word' id='word_1_31' title='bbox 590 476 939 546; x_wconf 75' lang='grc' dir='ltr'><strong>καταδέχεται</strong></span> <span class='ocrx_word' id='word_1_32' title='bbox 981 478 1137 531; x_wconf 89' lang='grc' dir='ltr'>τοῦτο</span> <span class='ocrx_word' id='word_1_33' title='bbox 1170 479 1463 550; x_wconf 87' lang='grc' dir='ltr'>χαίρουσα,</span> <span class='ocrx_word' id='word_1_34' title='bbox 1491 480 1571 531; x_wconf 82' lang='grc' dir='ltr'>ὅτι</span> <span class='ocrx_word' id='word_1_35' title='bbox 1601 477 1690 530; x_wconf 81' lang='grc' dir='ltr'>διὰ</span> 
     </span>
    </p>
   </div>
   <div class='ocr_carea' id='block_1_8' title="bbox 120 568 1691 643">
    <p class='ocr_par' dir='ltr' id='par_1_8' title="bbox 120 568 1691 643">
     <span class='ocr_line' id='line_1_8' title="bbox 120 568 1691 643; baseline 0.002 -23"><span class='ocrx_word' id='word_1_36' title='bbox 120 568 208 621; x_wconf 88' lang='grc' dir='ltr'><strong>τοῦ</strong></span> <span class='ocrx_word' id='word_1_37' title='bbox 254 570 517 639; x_wconf 84' lang='grc' dir='ltr'>ὀνόματος</span> <span class='ocrx_word' id='word_1_38' title='bbox 562 571 869 639; x_wconf 89' lang='grc' dir='ltr'>κοσμεῖται.</span> <span class='ocrx_word' id='word_1_39' title='bbox 916 569 1143 625; x_wconf 89' lang='grc' dir='ltr'>Δοκοῦσι</span> <span class='ocrx_word' id='word_1_40' title='bbox 1190 572 1299 643; x_wconf 86' lang='grc' dir='ltr'>γὰρ</span> <span class='ocrx_word' id='word_1_41' title='bbox 1340 573 1431 625; x_wconf 83' lang='grc' dir='ltr'>ὲπὶ</span> <span class='ocrx_word' id='word_1_42' title='bbox 1476 572 1552 643; x_wconf 83' lang='grc' dir='ltr'><strong>τῷ</strong></span> <span class='ocrx_word' id='word_1_43' title='bbox 1599 570 1691 623; x_wconf 89' lang='grc' dir='ltr'><strong>τοῦ</strong></span> 
     </span>
    </p>
   </div>
   <div class='ocr_carea' id='block_1_9' title="bbox 118 659 1694 735">
    <p class='ocr_par' dir='ltr' id='par_1_9' title="bbox 118 659 1694 735">
     <span class='ocr_line' id='line_1_9' title="bbox 118 659 1694 735; baseline 0.003 -22"><span class='ocrx_word' id='word_1_44' title='bbox 118 659 348 731; x_wconf 77' lang='grc' dir='ltr'><strong>Χριστοῦ</strong></span> <span class='ocrx_word' id='word_1_45' title='bbox 394 660 757 731; x_wconf 58' lang='grc' dir='ltr'>σεμνύνεσθαι.</span> <span class='ocrx_word' id='word_1_46' title='bbox 792 662 1036 732; x_wconf 84' lang='grc' dir='ltr'>ὀνόματι,</span> <span class='ocrx_word' id='word_1_47' title='bbox 1071 664 1132 717; x_wconf 84' lang='grc' dir='ltr'><strong>οὐ</strong></span> <span class='ocrx_word' id='word_1_48' title='bbox 1165 664 1268 735; x_wconf 76' lang='grc' dir='ltr'><strong>μὴν</strong></span> <span class='ocrx_word' id='word_1_49' title='bbox 1296 667 1360 735; x_wconf 83' lang='grc' dir='ltr'>τῇ</span> <span class='ocrx_word' id='word_1_50' title='bbox 1396 665 1574 717; x_wconf 88' lang='grc' dir='ltr'>πίστει</span> <span class='ocrx_word' id='word_1_51' title='bbox 1603 666 1694 719; x_wconf 79' lang='grc' dir='ltr'><strong>καὶ</strong></span> 
     </span>
    </p>
   </div>
   <div class='ocr_carea' id='block_1_10' title="bbox 116 752 1695 828">
    <p class='ocr_par' dir='ltr' id='par_1_10' title="bbox 116 752 1695 828">
     <span class='ocr_line' id='line_1_10' title="bbox 116 752 1695 828; baseline 0.004 -25"><span class='ocrx_word' id='word_1_52' title='bbox 116 754 225 813; x_wconf 87' lang='grc' dir='ltr'>τοῖς</span> <span class='ocrx_word' id='word_1_53' title='bbox 252 752 454 824; x_wconf 79' lang='grc' dir='ltr'><strong>ἔργοις.</strong></span> <span class='ocrx_word' id='word_1_54' title='bbox 484 752 640 805; x_wconf 84' lang='grc' dir='ltr'>Οῦτω</span> <span class='ocrx_word' id='word_1_55' title='bbox 673 755 768 806; x_wconf 68' lang='grc' dir='ltr'><strong>καὶ</strong></span> <span class='ocrx_word' id='word_1_56' title='bbox 798 755 847 806; x_wconf 73' lang='lat' dir='ltr'><strong>oi</strong></span> <span class='ocrx_word' id='word_1_57' title='bbox 891 754 1034 823; x_wconf 81' lang='grc' dir='ltr'>ἅγιοι</span> <span class='ocrx_word' id='word_1_58' title='bbox 1064 755 1157 808; x_wconf 87' lang='grc' dir='ltr'><strong>τοῦ</strong></span> <span class='ocrx_word' id='word_1_59' title='bbox 1188 757 1421 827; x_wconf 81' lang='grc' dir='ltr'><strong>Χριστοῦ</strong></span> <span class='ocrx_word' id='word_1_60' title='bbox 1459 756 1695 828; x_wconf 79' lang='grc' dir='ltr'>μαθηταὶ</span> 
     </span>
    </p>
   </div>
   <div class='ocr_carea' id='block_1_11' title="bbox 117 844 1695 919">
    <p class='ocr_par' dir='ltr' id='par_1_11' title="bbox 117 844 1695 919">
     <span class='ocr_line' id='line_1_11' title="bbox 117 844 1695 919; baseline 0.003 -22"><span class='ocrx_word' id='word_1_61' title='bbox 117 846 235 898; x_wconf 79' lang='grc' dir='ltr'>τότε</span> <span class='ocrx_word' id='word_1_62' title='bbox 269 844 516 917; x_wconf 77' lang='grc' dir='ltr'>μαθητὰς</span> <span class='ocrx_word' id='word_1_63' title='bbox 539 845 713 915; x_wconf 90' lang='grc' dir='ltr'>Ἰησοῦ</span> <span class='ocrx_word' id='word_1_64' title='bbox 747 847 973 910; x_wconf 81' lang='grc' dir='ltr'>ἑαυτοὺς</span> <span class='ocrx_word' id='word_1_65' title='bbox 997 848 1245 910; x_wconf 77' lang='grc' dir='ltr'>ἐκάλουν,</span> <span class='ocrx_word' id='word_1_66' title='bbox 1270 847 1458 919; x_wconf 82' lang='grc' dir='ltr'>ὥσπερ</span> <span class='ocrx_word' id='word_1_67' title='bbox 1483 845 1574 902; x_wconf 77' lang='grc' dir='ltr'><strong>οὖν</strong></span> <span class='ocrx_word' id='word_1_68' title='bbox 1601 850 1695 901; x_wconf 78' lang='grc' dir='ltr'><strong>καὶ</strong></span> 
     </span>
    </p>
   </div>
   <div class='ocr_carea' id='block_1_12' title="bbox 116 929 1695 1010">
    <p class='ocr_par' dir='ltr' id='par_1_12' title="bbox 116 929 1695 1010">
     <span class='ocr_line' id='line_1_12' title="bbox 116 929 1695 1010; baseline 0.005 -25"><span class='ocrx_word' id='word_1_69' title='bbox 116 929 285 1004; x_wconf 76' lang='grc' dir='ltr'>ἦσαν’</span> <span class='ocrx_word' id='word_1_70' title='bbox 347 934 637 999; x_wconf 85' lang='grc' dir='ltr'>ἀκούοντες</span> <span class='ocrx_word' id='word_1_71' title='bbox 688 935 744 988; x_wconf 83' lang='grc' dir='ltr'><strong>δὲ</strong></span> <span class='ocrx_word' id='word_1_72' title='bbox 788 936 940 1007; x_wconf 84' lang='grc' dir='ltr'><strong>παρά</strong></span> <span class='ocrx_word' id='word_1_73' title='bbox 984 938 1155 991; x_wconf 82' lang='grc' dir='ltr'>ἄλλων</span> <span class='ocrx_word' id='word_1_74' title='bbox 1200 940 1543 1010; x_wconf 75' lang='grc' dir='ltr'>Ναζωραῖοι,</span> <span class='ocrx_word' id='word_1_75' title='bbox 1597 941 1695 994; x_wconf 81' lang='grc' dir='ltr'><strong>οὐκ</strong></span> 
     </span>
    </p>
   </div>
   <div class='ocr_carea' id='block_1_13' title="bbox 117 1023 1696 1099">
    <p class='ocr_par' dir='ltr' id='par_1_13' title="bbox 117 1023 1696 1099">
     <span class='ocr_line' id='line_1_13' title="bbox 117 1023 1696 1099; baseline 0.006 -25"><span class='ocrx_word' id='word_1_76' title='bbox 117 1024 414 1092; x_wconf 73' lang='grc' dir='ltr'>ἠναίνοντο,</span> <span class='ocrx_word' id='word_1_77' title='bbox 447 1023 539 1077; x_wconf 80' lang='grc' dir='ltr'><strong>τὸν</strong></span> <span class='ocrx_word' id='word_1_78' title='bbox 578 1026 778 1079; x_wconf 84' lang='grc' dir='ltr'>σκοπὸν</span> <span class='ocrx_word' id='word_1_79' title='bbox 810 1026 1137 1099; x_wconf 79' lang='grc' dir='ltr'>θεωροῦντες</span> <span class='ocrx_word' id='word_1_80' title='bbox 1166 1030 1272 1081; x_wconf 83' lang='grc' dir='ltr'><strong>τῶν</strong></span> <span class='ocrx_word' id='word_1_81' title='bbox 1301 1029 1459 1082; x_wconf 86' lang='grc' dir='ltr'>τοῦτο</span> <span class='ocrx_word' id='word_1_82' title='bbox 1499 1031 1696 1095; x_wconf 79' lang='grc' dir='ltr'>αὐτοὺς</span> 
     </span>
    </p>
   </div>
   <div class='ocr_carea' id='block_1_14' title="bbox 117 1115 1695 1195">
    <p class='ocr_par' dir='ltr' id='par_1_14' title="bbox 117 1115 1695 1195">
     <span class='ocr_line' id='line_1_14' title="bbox 117 1115 1695 1195; baseline 0.006 -28"><span class='ocrx_word' id='word_1_83' title='bbox 117 1115 453 1179; x_wconf 74' lang='grc' dir='ltr'>καλούντων,</span> <span class='ocrx_word' id='word_1_84' title='bbox 482 1118 562 1170; x_wconf 78' lang='grc' dir='ltr'><strong>ὅτι</strong></span> <span class='ocrx_word' id='word_1_85' title='bbox 601 1117 687 1170; x_wconf 84' lang='grc' dir='ltr'>διὰ</span> <span class='ocrx_word' id='word_1_86' title='bbox 719 1117 952 1191; x_wconf 73' lang='grc' dir='ltr'>Χριστὸν</span> <span class='ocrx_word' id='word_1_87' title='bbox 990 1121 1185 1184; x_wconf 80' lang='grc' dir='ltr'>αὐτοὺς</span> <span class='ocrx_word' id='word_1_88' title='bbox 1217 1121 1472 1175; x_wconf 80' lang='grc' dir='ltr'>ὲκάλουν’</span> <span class='ocrx_word' id='word_1_89' title='bbox 1511 1122 1695 1195; x_wconf 79' lang='grc' dir='ltr'>ἐπειδὴ</span> 
     </span>
    </p>
   </div>
   <div class='ocr_carea' id='block_1_15' title="bbox 116 1208 1693 1285">
    <p class='ocr_par' dir='ltr' id='par_1_15' title="bbox 116 1208 1693 1285">
     <span class='ocr_line' id='line_1_15' title="bbox 116 1208 1693 1285; baseline 0.005 -26"><span class='ocrx_word' id='word_1_90' title='bbox 116 1209 205 1259; x_wconf 82' lang='grc' dir='ltr'><strong>καὶ</strong></span> <span class='ocrx_word' id='word_1_91' title='bbox 246 1208 412 1271; x_wconf 75' lang='grc' dir='ltr'>αὐτὸς</span> <span class='ocrx_word' id='word_1_92' title='bbox 454 1209 483 1259; x_wconf 85' lang='grc' dir='ltr'><strong>ὁ</strong></span> <span class='ocrx_word' id='word_1_93' title='bbox 530 1209 733 1279; x_wconf 83' lang='grc' dir='ltr'>Κύριος</span> <span class='ocrx_word' id='word_1_94' title='bbox 784 1212 992 1280; x_wconf 83' lang='grc' dir='ltr'>Ἰησοῦς</span> <span class='ocrx_word' id='word_1_95' title='bbox 1046 1211 1367 1285; x_wconf 74' lang='grc' dir='ltr'><strong>Ναζωραῖος</strong></span> <span class='ocrx_word' id='word_1_96' title='bbox 1412 1214 1693 1279; x_wconf 78' lang='grc' dir='ltr'>ἐκαλεῖτο,</span> 
     </span>
    </p>
   </div>
   <div class='ocr_carea' id='block_1_16' title="bbox 115 1298 1694 1375">
    <p class='ocr_par' dir='ltr' id='par_1_16' title="bbox 115 1298 1694 1375">
     <span class='ocr_line' id='line_1_16' title="bbox 115 1298 1694 1375; baseline 0.006 -23"><span class='ocrx_word' id='word_1_97' title='bbox 115 1298 305 1371; x_wconf 81' lang='grc' dir='ltr'>ὥσπερ</span> <span class='ocrx_word' id='word_1_98' title='bbox 340 1300 451 1369; x_wconf 76' lang='grc' dir='ltr'>ἔχει</span> <span class='ocrx_word' id='word_1_99' title='bbox 479 1300 549 1354; x_wconf 76' lang='grc' dir='ltr'>τὰ</span> <span class='ocrx_word' id='word_1_100' title='bbox 578 1303 903 1371; x_wconf 83' lang='grc' dir='ltr'>Εὐαγγέλια,</span> <span class='ocrx_word' id='word_1_101' title='bbox 942 1306 1036 1357; x_wconf 70' lang='grc' dir='ltr'><strong>καὶ</strong></span> <span class='ocrx_word' id='word_1_102' title='bbox 1074 1306 1128 1358; x_wconf 79' lang='grc' dir='ltr'>αἱ</span> <span class='ocrx_word' id='word_1_103' title='bbox 1161 1304 1396 1375; x_wconf 82' lang='grc' dir='ltr'>Πράξεις</span> <span class='ocrx_word' id='word_1_104' title='bbox 1420 1306 1528 1359; x_wconf 83' lang='grc' dir='ltr'><strong>τῶν</strong></span> <span class='ocrx_word' id='word_1_105' title='bbox 1558 1309 1694 1362; x_wconf 85' lang='grc' dir='ltr'>ἀπο-</span> 
     </span>
    </p>
   </div>
   <div class='ocr_carea' id='block_1_17' title="bbox 119 1392 1695 1473">
    <p class='ocr_par' dir='ltr' id='par_1_17' title="bbox 119 1392 1695 1473">
     <span class='ocr_line' id='line_1_17' title="bbox 119 1392 1695 1473; baseline 0.006 -29"><span class='ocrx_word' id='word_1_106' title='bbox 119 1392 341 1447; x_wconf 85' lang='grc' dir='ltr'>στόλο›ν“</span> <span class='ocrx_word' id='word_1_107' title='bbox 368 1392 454 1446; x_wconf 78' lang='grc' dir='ltr'>διὰ</span> <span class='ocrx_word' id='word_1_108' title='bbox 482 1394 542 1446; x_wconf 85' lang='grc' dir='ltr'><strong>τὸ</strong></span> <span class='ocrx_word' id='word_1_109' title='bbox 572 1395 631 1446; x_wconf 81' lang='grc' dir='ltr'>ὲν</span> <span class='ocrx_word' id='word_1_110' title='bbox 660 1399 724 1466; x_wconf 82' lang='grc' dir='ltr'>τῇ</span> <span class='ocrx_word' id='word_1_111' title='bbox 760 1396 909 1449; x_wconf 87' lang='grc' dir='ltr'>πόλει</span> <span class='ocrx_word' id='word_1_112' title='bbox 939 1397 1193 1469; x_wconf 78' lang='grc' dir='ltr'>Ναζαρὲτ</span> <span class='ocrx_word' id='word_1_113' title='bbox 1225 1400 1407 1459; x_wconf 76' lang='grc' dir='ltr'>αὑτὸν,</span> <span class='ocrx_word' id='word_1_114' title='bbox 1440 1398 1601 1473; x_wconf 82' lang='grc' dir='ltr'><strong>κώμῃ</strong></span> <span class='ocrx_word' id='word_1_115' title='bbox 1640 1401 1695 1453; x_wconf 81' lang='grc' dir='ltr'>δὲ</span> 
     </span>
    </p>
   </div>
   <div class='ocr_carea' id='block_1_18' title="bbox 118 1485 1698 1563">
    <p class='ocr_par' dir='ltr' id='par_1_18' title="bbox 118 1485 1698 1563">
     <span class='ocr_line' id='line_1_18' title="bbox 118 1485 1698 1563; baseline 0.005 -26"><span class='ocrx_word' id='word_1_116' title='bbox 118 1486 183 1538; x_wconf 70' lang='grc' dir='ltr'>τὰ</span> <span class='ocrx_word' id='word_1_117' title='bbox 226 1485 326 1540; x_wconf 86' lang='grc' dir='ltr'><strong>νῦν</strong></span> <span class='ocrx_word' id='word_1_118' title='bbox 365 1486 521 1560; x_wconf 70' lang='grc' dir='ltr'>οὔσῃ,</span> <span class='ocrx_word' id='word_1_119' title='bbox 554 1488 955 1561; x_wconf 74' lang='grc' dir='ltr'>ἀνατετράφθαι</span> <span class='ocrx_word' id='word_1_120' title='bbox 987 1492 1044 1543; x_wconf 84' lang='grc' dir='ltr'>ὲν</span> <span class='ocrx_word' id='word_1_121' title='bbox 1076 1491 1208 1561; x_wconf 77' lang='grc' dir='ltr'>οἴκῳ</span> <span class='ocrx_word' id='word_1_122' title='bbox 1246 1492 1473 1563; x_wconf 80' lang='grc' dir='ltr'>Ἰωσὴφ,</span> <span class='ocrx_word' id='word_1_123' title='bbox 1508 1510 1698 1563; x_wconf 90' lang='grc' dir='ltr'>γεννη-</span> 
     </span>
    </p>
   </div>
   <div class='ocr_carea' id='block_1_19' title="bbox 119 1578 1695 1655">
    <p class='ocr_par' dir='ltr' id='par_1_19' title="bbox 119 1578 1695 1655">
     <span class='ocr_line' id='line_1_19' title="bbox 119 1578 1695 1655; baseline 0.004 -24"><span class='ocrx_word' id='word_1_124' title='bbox 119 1578 281 1631; x_wconf 87' lang='grc' dir='ltr'>θέντα</span> <span class='ocrx_word' id='word_1_125' title='bbox 314 1578 457 1632; x_wconf 87' lang='grc' dir='ltr'><strong>κατά</strong></span> <span class='ocrx_word' id='word_1_126' title='bbox 486 1579 664 1652; x_wconf 79' lang='grc' dir='ltr'>σάρκα</span> <span class='ocrx_word' id='word_1_127' title='bbox 695 1584 752 1635; x_wconf 85' lang='grc' dir='ltr'>ὲν</span> <span class='ocrx_word' id='word_1_128' title='bbox 782 1581 1028 1653; x_wconf 80' lang='grc' dir='ltr'>Βηθλεὲμ</span> <span class='ocrx_word' id='word_1_129' title='bbox 1067 1584 1175 1636; x_wconf 83' lang='grc' dir='ltr'><strong>ἀπὸ</strong></span> <span class='ocrx_word' id='word_1_130' title='bbox 1204 1584 1419 1655; x_wconf 81' lang='grc' dir='ltr'>Μαρίας</span> <span class='ocrx_word' id='word_1_131' title='bbox 1457 1586 1553 1655; x_wconf 80' lang='grc' dir='ltr'>τῆς</span> <span class='ocrx_word' id='word_1_132' title='bbox 1580 1587 1695 1639; x_wconf 88' lang='grc' dir='ltr'>ἀει-</span> 
     </span>
    </p>
   </div>
   <div class='ocr_carea' id='block_1_20' title="bbox 116 1671 1695 1748">
    <p class='ocr_par' dir='ltr' id='par_1_20' title="bbox 116 1671 1695 1748">
     <span class='ocr_line' id='line_1_20' title="bbox 116 1671 1695 1748; baseline 0.003 -24"><span class='ocrx_word' id='word_1_133' title='bbox 116 1671 391 1743; x_wconf 86' lang='grc' dir='ltr'>παρθένου</span> <span class='ocrx_word' id='word_1_134' title='bbox 416 1672 515 1745; x_wconf 82' lang='grc' dir='ltr'>τῆς</span> <span class='ocrx_word' id='word_1_135' title='bbox 548 1675 1032 1745; x_wconf 86' lang='grc' dir='ltr'>μεμνηστευμένης</span> <span class='ocrx_word' id='word_1_136' title='bbox 1060 1675 1255 1746; x_wconf 84' lang='grc' dir='ltr'>Ἰωσὴφ</span> <span class='ocrx_word' id='word_1_137' title='bbox 1282 1676 1358 1746; x_wconf 82' lang='grc' dir='ltr'>τῷ</span> <span class='ocrx_word' id='word_1_138' title='bbox 1381 1678 1436 1729; x_wconf 82' lang='grc' dir='ltr'><strong>ἐν</strong></span> <span class='ocrx_word' id='word_1_139' title='bbox 1464 1680 1528 1748; x_wconf 85' lang='grc' dir='ltr'>τῇ</span> <span class='ocrx_word' id='word_1_140' title='bbox 1560 1678 1695 1748; x_wconf 81' lang='grc' dir='ltr'>αύτῇ</span> 
     </span>
    </p>
   </div>
   <div class='ocr_carea' id='block_1_21' title="bbox 114 1764 1696 1843">
    <p class='ocr_par' dir='ltr' id='par_1_21' title="bbox 114 1764 1696 1843">
     <span class='ocr_line' id='line_1_21' title="bbox 114 1764 1696 1843; baseline 0.003 -24"><span class='ocrx_word' id='word_1_141' title='bbox 114 1764 375 1837; x_wconf 79' lang='grc' dir='ltr'>Ναζαρὲτ</span> <span class='ocrx_word' id='word_1_142' title='bbox 417 1768 781 1839; x_wconf 83' lang='grc' dir='ltr'>μετῳκηκότι,</span> <span class='ocrx_word' id='word_1_143' title='bbox 833 1768 967 1838; x_wconf 84' lang='grc' dir='ltr'><strong>μετά</strong></span> <span class='ocrx_word' id='word_1_144' title='bbox 1008 1769 1068 1821; x_wconf 87' lang='grc' dir='ltr'><strong>τὸ</strong></span> <span class='ocrx_word' id='word_1_145' title='bbox 1108 1770 1216 1823; x_wconf 82' lang='grc' dir='ltr'>ἀπὸ</span> <span class='ocrx_word' id='word_1_146' title='bbox 1248 1770 1496 1843; x_wconf 84' lang='grc' dir='ltr'>Βηθλεὲμ</span> <span class='ocrx_word' id='word_1_147' title='bbox 1536 1770 1696 1824; x_wconf 82' lang='grc' dir='ltr'>αὑτὸν</span> 
     </span>
    </p>
   </div>
   <div class='ocr_carea' id='block_1_22' title="bbox 120 1858 1463 1933">
    <p class='ocr_par' dir='ltr' id='par_1_22' title="bbox 120 1858 1463 1933">
     <span class='ocr_line' id='line_1_22' title="bbox 120 1858 1463 1933; baseline 0.004 -23"><span class='ocrx_word' id='word_1_148' title='bbox 120 1858 536 1928; x_wconf 80' lang='grc' dir='ltr'>μεταναστάντα</span> <span class='ocrx_word' id='word_1_149' title='bbox 565 1859 623 1913; x_wconf 83' lang='grc' dir='ltr'><strong>ἐν</strong></span> <span class='ocrx_word' id='word_1_150' title='bbox 650 1862 717 1930; x_wconf 78' lang='grc' dir='ltr'>τῇ</span> <span class='ocrx_word' id='word_1_151' title='bbox 748 1859 1004 1931; x_wconf 70' lang='grc' dir='ltr'>Γαλιλαία</span> <span class='ocrx_word' id='word_1_152' title='bbox 1037 1862 1463 1933; x_wconf 83' lang='grc' dir='ltr'>κατοικισθῆναι.</span> 
     </span>
    </p>
   </div>
   <div class='ocr_carea' id='block_1_23' title="bbox 183 2026 1698 2107">
    <p class='ocr_par' dir='ltr' id='par_1_23' title="bbox 183 2026 1698 2107">
     <span class='ocr_line' id='line_1_23' title="bbox 183 2026 1698 2107; baseline 0.002 -22"><span class='ocrx_word' id='word_1_153' title='bbox 183 2035 261 2087; x_wconf 91' lang='lat' dir='ltr'><strong>Z&#39;.</strong></span> <span class='ocrx_word' id='word_1_154' title='bbox 297 2026 457 2087; x_wconf 84' lang='grc' dir='ltr'>Οῦτοι</span> <span class='ocrx_word' id='word_1_155' title='bbox 486 2034 542 2087; x_wconf 84' lang='grc' dir='ltr'>δὲ</span> <span class='ocrx_word' id='word_1_156' title='bbox 571 2034 622 2086; x_wconf 86' lang='grc' dir='ltr'><strong>οί</strong></span> <span class='ocrx_word' id='word_1_157' title='bbox 664 2034 1049 2105; x_wconf 80' lang='grc' dir='ltr'>προειρημένοι</span> <span class='ocrx_word' id='word_1_158' title='bbox 1091 2035 1431 2106; x_wconf 79' lang='grc' dir='ltr'>αἰρεσιῶται,</span> <span class='ocrx_word' id='word_1_159' title='bbox 1464 2036 1591 2107; x_wconf 74' lang='grc' dir='ltr'>περὶ</span> <span class='ocrx_word' id='word_1_160' title='bbox 1624 2030 1698 2090; x_wconf 82' lang='grc' dir='ltr'>ὧν</span> 
     </span>
    </p>
   </div>
   <div class='ocr_carea' id='block_1_24' title="bbox 114 2122 1699 2198">
    <p class='ocr_par' dir='ltr' id='par_1_24' title="bbox 114 2122 1699 2198">
     <span class='ocr_line' id='line_1_24' title="bbox 114 2122 1699 2198; baseline 0.004 -25"><span class='ocrx_word' id='word_1_161' title='bbox 114 2122 358 2176; x_wconf 70' lang='grc' dir='ltr'>ἐνταῦθα</span> <span class='ocrx_word' id='word_1_162' title='bbox 384 2122 480 2194; x_wconf 84' lang='grc' dir='ltr'>τὴν</span> <span class='ocrx_word' id='word_1_163' title='bbox 509 2125 783 2195; x_wconf 77' lang='grc' dir='ltr'>ἀφήγησιν</span> <span class='ocrx_word' id='word_1_164' title='bbox 808 2125 1127 2195; x_wconf 79' lang='grc' dir='ltr'>ποιούμεθα,</span> <span class='ocrx_word' id='word_1_165' title='bbox 1151 2126 1413 2198; x_wconf 78' lang='grc' dir='ltr'>παρέντες</span> <span class='ocrx_word' id='word_1_166' title='bbox 1438 2126 1499 2180; x_wconf 81' lang='grc' dir='ltr'><strong>τὸ</strong></span> <span class='ocrx_word' id='word_1_167' title='bbox 1530 2128 1699 2198; x_wconf 75' lang='grc' dir='ltr'>ὄνομα</span> 
     </span>
    </p>
   </div>
   <div class='ocr_carea' id='block_1_25' title="bbox 113 2214 1697 2291">
    <p class='ocr_par' dir='ltr' id='par_1_25' title="bbox 113 2214 1697 2291">
     <span class='ocr_line' id='line_1_25' title="bbox 113 2214 1697 2291; baseline 0.003 -24"><span class='ocrx_word' id='word_1_168' title='bbox 113 2216 209 2268; x_wconf 89' lang='grc' dir='ltr'><strong>τοῦ</strong></span> <span class='ocrx_word' id='word_1_169' title='bbox 240 2215 442 2286; x_wconf 84' lang='grc' dir='ltr'>Ἰησοῦ,</span> <span class='ocrx_word' id='word_1_170' title='bbox 470 2214 592 2269; x_wconf 73' lang='grc' dir='ltr'>οὔτε</span> <span class='ocrx_word' id='word_1_171' title='bbox 627 2216 919 2282; x_wconf 88' lang='grc' dir='ltr'>Ἰεσσαίους</span> <span class='ocrx_word' id='word_1_172' title='bbox 944 2219 1169 2281; x_wconf 74' lang='grc' dir='ltr'>ἑαυτοὺς</span> <span class='ocrx_word' id='word_1_173' title='bbox 1198 2220 1550 2291; x_wconf 73' lang='grc' dir='ltr'>κεκλήκασιν,</span> <span class='ocrx_word' id='word_1_174' title='bbox 1575 2219 1697 2273; x_wconf 70' lang='grc' dir='ltr'>οὔτε</span> 
     </span>
    </p>
   </div>
   <div class='ocr_carea' id='block_1_26' title="bbox 111 2305 1699 2381">
    <p class='ocr_par' dir='ltr' id='par_1_26' title="bbox 111 2305 1699 2381">
     <span class='ocr_line' id='line_1_26' title="bbox 111 2305 1699 2381; baseline 0.003 -23"><span class='ocrx_word' id='word_1_175' title='bbox 111 2305 226 2359; x_wconf 83' lang='grc' dir='ltr'>τῶν</span> <span class='ocrx_word' id='word_1_176' title='bbox 263 2306 538 2359; x_wconf 80' lang='grc' dir='ltr'>Ἰουδαίων</span> <span class='ocrx_word' id='word_1_177' title='bbox 576 2306 794 2377; x_wconf 76' lang='grc' dir='ltr'>ἔμειναν</span> <span class='ocrx_word' id='word_1_178' title='bbox 836 2308 1049 2378; x_wconf 80' lang='grc' dir='ltr'>ἔχοντες</span> <span class='ocrx_word' id='word_1_179' title='bbox 1088 2308 1148 2361; x_wconf 78' lang='grc' dir='ltr'>τὸ</span> <span class='ocrx_word' id='word_1_180' title='bbox 1178 2308 1366 2379; x_wconf 73' lang='grc' dir='ltr'>ὄνομα,</span> <span class='ocrx_word' id='word_1_181' title='bbox 1408 2308 1530 2361; x_wconf 76' lang='grc' dir='ltr'>οὔτε</span> <span class='ocrx_word' id='word_1_182' title='bbox 1567 2311 1699 2381; x_wconf 82' lang='grc' dir='ltr'>Χρι-</span> 
     </span>
    </p>
   </div>
   <div class='ocr_carea' id='block_1_27' title="bbox 56 2394 1697 2473">
    <p class='ocr_par' dir='ltr' id='par_1_27' title="bbox 56 2394 1697 2473">
     <span class='ocr_line' id='line_1_27' title="bbox 56 2394 1697 2473; baseline 0.003 -23"><span class='ocrx_word' id='word_1_183' title='bbox 56 2394 61 2407; x_wconf 91' lang='grc'><em>’</em></span> <span class='ocrx_word' id='word_1_184' title='bbox 112 2400 367 2461; x_wconf 75' lang='grc' dir='ltr'>στιανοὺς</span> <span class='ocrx_word' id='word_1_185' title='bbox 430 2400 655 2463; x_wconf 76' lang='grc' dir='ltr'>ἑαυτοὺς</span> <span class='ocrx_word' id='word_1_186' title='bbox 716 2402 1096 2471; x_wconf 75' lang='grc' dir='ltr'>ἐπωνόμασαν,</span> <span class='ocrx_word' id='word_1_187' title='bbox 1140 2400 1275 2455; x_wconf 86' lang='grc' dir='ltr'>ἁ).λά</span> <span class='ocrx_word' id='word_1_188' title='bbox 1320 2400 1697 2473; x_wconf 78' lang='grc' dir='ltr'>Ναζωραίους,</span> 
     </span>
    </p>
   </div>
   <div class='ocr_carea' id='block_1_28' title="bbox 110 2487 1697 2563">
    <p class='ocr_par' dir='ltr' id='par_1_28' title="bbox 110 2487 1697 2563">
     <span class='ocr_line' id='line_1_28' title="bbox 110 2487 1697 2563; baseline 0.004 -24"><span class='ocrx_word' id='word_1_189' title='bbox 110 2487 277 2556; x_wconf 78' lang='grc' dir='ltr'>δῆθεν</span> <span class='ocrx_word' id='word_1_190' title='bbox 313 2488 421 2541; x_wconf 77' lang='grc' dir='ltr'>ἀπὸ</span> <span class='ocrx_word' id='word_1_191' title='bbox 451 2489 552 2558; x_wconf 80' lang='grc' dir='ltr'>τῆς</span> <span class='ocrx_word' id='word_1_192' title='bbox 589 2490 681 2543; x_wconf 85' lang='grc' dir='ltr'><strong>τοῦ</strong></span> <span class='ocrx_word' id='word_1_193' title='bbox 716 2491 901 2555; x_wconf 79' lang='grc' dir='ltr'>τόπου,</span> <span class='ocrx_word' id='word_1_194' title='bbox 940 2493 1039 2562; x_wconf 81' lang='grc' dir='ltr'>τῆς</span> <span class='ocrx_word' id='word_1_195' title='bbox 1068 2492 1321 2563; x_wconf 78' lang='grc' dir='ltr'>Ναζαρὲτ</span> <span class='ocrx_word' id='word_1_196' title='bbox 1362 2493 1697 2563; x_wconf 79' lang='grc' dir='ltr'>ἐπωνυμίας.</span> 
     </span>
    </p>
   </div>
   <div class='ocr_carea' id='block_1_29' title="bbox 110 2578 1699 2655">
    <p class='ocr_par' dir='ltr' id='par_1_29' title="bbox 110 2578 1699 2655">
     <span class='ocr_line' id='line_1_29' title="bbox 110 2578 1699 2655; baseline 0.005 -26"><span class='ocrx_word' id='word_1_197' title='bbox 110 2578 193 2630; x_wconf 75' lang='grc' dir='ltr'><strong>Τὰ</strong></span> <span class='ocrx_word' id='word_1_198' title='bbox 223 2580 406 2631; x_wconf 76' lang='grc' dir='ltr'>πάντα</span> <span class='ocrx_word' id='word_1_199' title='bbox 436 2580 491 2632; x_wconf 88' lang='grc' dir='ltr'><strong>δέ</strong></span> <span class='ocrx_word' id='word_1_200' title='bbox 519 2582 654 2633; x_wconf 89' lang='grc' dir='ltr'>είσιν</span> <span class='ocrx_word' id='word_1_201' title='bbox 683 2583 946 2649; x_wconf 84' lang='grc' dir='ltr'>Ἰουδαῖοι,</span> <span class='ocrx_word' id='word_1_202' title='bbox 976 2584 1068 2635; x_wconf 70' lang='grc' dir='ltr'><strong>καὶ</strong></span> <span class='ocrx_word' id='word_1_203' title='bbox 1097 2584 1246 2636; x_wconf 74' lang='grc' dir='ltr'>οὐδὲν</span> <span class='ocrx_word' id='word_1_204' title='bbox 1272 2584 1475 2655; x_wconf 78' lang='grc' dir='ltr'>ἕτερον,</span> <span class='ocrx_word' id='word_1_205' title='bbox 1508 2583 1699 2655; x_wconf 83' lang='grc' dir='ltr'>Χρῶν-</span> 
     </span>
    </p>
   </div>
   <div class='ocr_carea' id='block_1_30' title="bbox 107 2666 1698 2747">
    <p class='ocr_par' dir='ltr' id='par_1_30' title="bbox 107 2666 1698 2747">
     <span class='ocr_line' id='line_1_30' title="bbox 107 2666 1698 2747; baseline 0.006 -27"><span class='ocrx_word' id='word_1_206' title='bbox 107 2686 200 2721; x_wconf 90' lang='grc' dir='ltr'><strong>ται</strong></span> <span class='ocrx_word' id='word_1_207' title='bbox 229 2670 287 2722; x_wconf 80' lang='grc' dir='ltr'>δὲ</span> <span class='ocrx_word' id='word_1_208' title='bbox 315 2666 461 2725; x_wconf 80' lang='grc' dir='ltr'>οῦτοι</span> <span class='ocrx_word' id='word_1_209' title='bbox 486 2673 544 2724; x_wconf 80' lang='grc' dir='ltr'><strong>οὐ</strong></span> <span class='ocrx_word' id='word_1_210' title='bbox 575 2672 732 2742; x_wconf 82' lang='grc' dir='ltr'>μόνον</span> <span class='ocrx_word' id='word_1_211' title='bbox 760 2674 876 2745; x_wconf 68' lang='grc' dir='ltr'><strong>Νέᾳ</strong></span> <span class='ocrx_word' id='word_1_212' title='bbox 901 2673 1163 2745; x_wconf 82' lang='grc' dir='ltr'>Διαθήκῃ,</span> <span class='ocrx_word' id='word_1_213' title='bbox 1191 2673 1326 2727; x_wconf 89' lang='grc' dir='ltr'><strong>ἀλλά</strong></span> <span class='ocrx_word' id='word_1_214' title='bbox 1350 2676 1444 2728; x_wconf 67' lang='grc' dir='ltr'><strong>καὶ</strong></span> <span class='ocrx_word' id='word_1_215' title='bbox 1469 2676 1698 2747; x_wconf 82' lang='grc' dir='ltr'>Παλαιᾷ,</span> 
     </span>
    </p>
   </div>
   <div class='ocr_carea' id='block_1_31' title="bbox 109 2761 1699 2839">
    <p class='ocr_par' dir='ltr' id='par_1_31' title="bbox 109 2761 1699 2839">
     <span class='ocr_line' id='line_1_31' title="bbox 109 2761 1699 2839; baseline 0.006 -26"><span class='ocrx_word' id='word_1_216' title='bbox 109 2761 377 2834; x_wconf 81' lang='grc' dir='ltr'>καθάπερ</span> <span class='ocrx_word' id='word_1_217' title='bbox 413 2764 505 2817; x_wconf 72' lang='grc' dir='ltr'><strong>καὶ</strong></span> <span class='ocrx_word' id='word_1_218' title='bbox 535 2768 582 2817; x_wconf 81' lang='grc' dir='ltr'><strong>οἱ</strong></span> <span class='ocrx_word' id='word_1_219' title='bbox 612 2766 873 2820; x_wconf 89' lang='grc' dir='ltr'>Ἰουδαῖοι.</span> <span class='ocrx_word' id='word_1_220' title='bbox 908 2767 981 2819; x_wconf 79' lang='grc' dir='ltr'>Ού</span> <span class='ocrx_word' id='word_1_221' title='bbox 1010 2766 1117 2838; x_wconf 79' lang='grc' dir='ltr'>γὰρ</span> <span class='ocrx_word' id='word_1_222' title='bbox 1159 2767 1533 2839; x_wconf 83' lang='grc' dir='ltr'>ἀπηγόρευται</span> <span class='ocrx_word' id='word_1_223' title='bbox 1570 2770 1699 2839; x_wconf 86' lang='grc' dir='ltr'>παρ’</span> 
     </span>
    </p>
   </div>
   <div class='ocr_carea' id='block_1_32' title="bbox 110 2854 1701 2929">
    <p class='ocr_par' dir='ltr' id='par_1_32' title="bbox 110 2854 1701 2929">
     <span class='ocr_line' id='line_1_32' title="bbox 110 2854 1701 2929; baseline 0.004 -23"><span class='ocrx_word' id='word_1_224' title='bbox 110 2854 309 2916; x_wconf 70' lang='grc' dir='ltr'>αὐτοῖς</span> <span class='ocrx_word' id='word_1_225' title='bbox 358 2855 649 2925; x_wconf 84' lang='grc' dir='ltr'>νομοθεσία</span> <span class='ocrx_word' id='word_1_226' title='bbox 696 2858 790 2910; x_wconf 71' lang='grc' dir='ltr'><strong>καὶ</strong></span> <span class='ocrx_word' id='word_1_227' title='bbox 842 2859 1114 2929; x_wconf 72' lang='grc' dir='ltr'>προφῆται</span> <span class='ocrx_word' id='word_1_228' title='bbox 1170 2861 1263 2911; x_wconf 77' lang='grc' dir='ltr'><strong>καὶ</strong></span> <span class='ocrx_word' id='word_1_229' title='bbox 1312 2862 1585 2929; x_wconf 77' lang='grc' dir='ltr'>γραφεῖα,</span> <span class='ocrx_word' id='word_1_230' title='bbox 1634 2860 1701 2913; x_wconf 91' lang='grc' dir='ltr'><strong>τά</strong></span> 
     </span>
    </p>
   </div>
   <div class='ocr_carea' id='block_1_33' title="bbox 113 2945 1703 3024">
    <p class='ocr_par' dir='ltr' id='par_1_33' title="bbox 113 2945 1703 3024">
     <span class='ocr_line' id='line_1_33' title="bbox 113 2945 1703 3024; baseline 0.006 -28"><span class='ocrx_word' id='word_1_231' title='bbox 113 2945 273 3015; x_wconf 84' lang='grc' dir='ltr'><strong>παρά</strong></span> <span class='ocrx_word' id='word_1_232' title='bbox 309 2946 587 3024; x_wconf 72' lang='grc' dir='ltr'>Ἰουδαίοις</span> <span class='ocrx_word' id='word_1_233' title='bbox 622 2948 697 3017; x_wconf 90' lang='grc'><strong>(9)</strong></span> <span class='ocrx_word' id='word_1_234' title='bbox 743 2948 1049 3020; x_wconf 86' lang='grc' dir='ltr'>καλούμενα</span> <span class='ocrx_word' id='word_1_235' title='bbox 1090 2950 1297 3013; x_wconf 76' lang='grc' dir='ltr'>Βιϐλία,</span> <span class='ocrx_word' id='word_1_236' title='bbox 1334 2951 1522 3023; x_wconf 79' lang='grc' dir='ltr'>ὥσπερ</span> <span class='ocrx_word' id='word_1_237' title='bbox 1552 2952 1703 3023; x_wconf 74' lang='grc' dir='ltr'>παρὰ</span> 
     </span>
    </p>
   </div>
   <div class='ocr_carea' id='block_1_34' title="bbox 106 3037 1700 3115">
    <p class='ocr_par' dir='ltr' id='par_1_34' title="bbox 106 3037 1700 3115">
     <span class='ocr_line' id='line_1_34' title="bbox 106 3037 1700 3115; baseline 0.007 -30"><span class='ocrx_word' id='word_1_238' title='bbox 106 3037 229 3097; x_wconf 80' lang='grc' dir='ltr'>τοῖς</span> <span class='ocrx_word' id='word_1_239' title='bbox 268 3038 723 3107; x_wconf 76' lang='grc' dir='ltr'>προειρημένοιςο</span> <span class='ocrx_word' id='word_1_240' title='bbox 757 3040 874 3093; x_wconf 83' lang='grc' dir='ltr'>ούδέ</span> <span class='ocrx_word' id='word_1_241' title='bbox 917 3058 970 3093; x_wconf 89' lang='grc' dir='ltr'><strong>τι</strong></span> <span class='ocrx_word' id='word_1_242' title='bbox 1009 3040 1194 3112; x_wconf 74' lang='grc' dir='ltr'>ἕτερον</span> <span class='ocrx_word' id='word_1_243' title='bbox 1219 3037 1363 3095; x_wconf 77' lang='grc' dir='ltr'>οῦτοι</span> <span class='ocrx_word' id='word_1_244' title='bbox 1392 3043 1700 3115; x_wconf 77' lang='grc' dir='ltr'>φρονοῦσιν,</span> 
     </span>
    </p>
   </div>
   <div class='ocr_carea' id='block_1_35' title="bbox 1796 474 3371 543">
    <p class='ocr_par' dir='ltr' id='par_1_35' title="bbox 1796 474 3371 543">
     <span class='ocr_line' id='line_1_35' title="bbox 1796 474 3371 543; baseline -0.002 -13"><span class='ocrx_word' id='word_1_245' title='bbox 1796 474 1961 530; x_wconf 87' lang='lat' dir='ltr'><strong>minis</strong></span> <span class='ocrx_word' id='word_1_246' title='bbox 1995 475 2225 529; x_wconf 85' lang='lat' dir='ltr'><strong>libenter</strong></span> <span class='ocrx_word' id='word_1_247' title='bbox 2258 474 2507 537; x_wconf 80' lang='lat' dir='ltr'><strong>asciscit,</strong></span> <span class='ocrx_word' id='word_1_248' title='bbox 2543 475 2686 543; x_wconf 91' lang='lat' dir='ltr'><strong>quod</strong></span> <span class='ocrx_word' id='word_1_249' title='bbox 2734 474 2835 529; x_wconf 90' lang='lat' dir='ltr'><strong>hoc</strong></span> <span class='ocrx_word' id='word_1_250' title='bbox 2885 490 3008 529; x_wconf 85' lang='lat' dir='ltr'><strong>esse</strong></span> <span class='ocrx_word' id='word_1_251' title='bbox 3048 475 3152 529; x_wconf 88' lang='lat' dir='ltr'><strong>sibi</strong></span> <span class='ocrx_word' id='word_1_252' title='bbox 3190 474 3371 530; x_wconf 83' lang='lat' dir='ltr'><strong>decori</strong></span> 
     </span>
    </p>
   </div>
   <div class='ocr_carea' id='block_1_36' title="bbox 1795 564 3375 639">
    <p class='ocr_par' dir='ltr' id='par_1_36' title="bbox 1795 564 3375 639">
     <span class='ocr_line' id='line_1_36' title="bbox 1795 564 3375 639; baseline -0.003 -16"><span class='ocrx_word' id='word_1_253' title='bbox 1795 582 1957 639; x_wconf 84' lang='lat' dir='ltr'><strong>atque</strong></span> <span class='ocrx_word' id='word_1_254' title='bbox 1986 576 2307 623; x_wconf 87' lang='lat' dir='ltr'><strong>ornamento</strong></span> <span class='ocrx_word' id='word_1_255' title='bbox 2336 565 2560 636; x_wconf 88' lang='lat' dir='ltr'><strong>judicat.</strong></span> <span class='ocrx_word' id='word_1_256' title='bbox 2594 564 2803 635; x_wconf 88' lang='lat' dir='ltr'><strong>Quippe</strong></span> <span class='ocrx_word' id='word_1_257' title='bbox 2840 566 2957 620; x_wconf 91' lang='lat' dir='ltr'><strong>solo</strong></span> <span class='ocrx_word' id='word_1_258' title='bbox 2988 565 3190 621; x_wconf 79' lang='lat' dir='ltr'><strong>Christi</strong></span> <span class='ocrx_word' id='word_1_259' title='bbox 3212 582 3375 620; x_wconf 88' lang='lat' dir='ltr'><strong>voca-</strong></span> 
     </span>
    </p>
   </div>
   <div class='ocr_carea' id='block_1_37' title="bbox 1792 658 3376 729">
    <p class='ocr_par' dir='ltr' id='par_1_37' title="bbox 1792 658 3376 729">
     <span class='ocr_line' id='line_1_37' title="bbox 1792 658 3376 729; baseline -0.002 -13"><span class='ocrx_word' id='word_1_260' title='bbox 1792 662 1941 728; x_wconf 90' lang='lat' dir='ltr'><strong>bulo,</strong></span> <span class='ocrx_word' id='word_1_261' title='bbox 1973 676 2082 715; x_wconf 89' lang='lat' dir='ltr'><strong>non</strong></span> <span class='ocrx_word' id='word_1_262' title='bbox 2113 659 2215 715; x_wconf 73' lang='lat' dir='ltr'><strong>fide</strong></span> <span class='ocrx_word' id='word_1_263' title='bbox 2239 667 2401 729; x_wconf 86' lang='lat' dir='ltr'><strong>atque</strong></span> <span class='ocrx_word' id='word_1_264' title='bbox 2431 658 2689 726; x_wconf 80' lang='lat' dir='ltr'><strong>operibus</strong></span> <span class='ocrx_word' id='word_1_265' title='bbox 2718 659 2935 728; x_wconf 81' lang='lat' dir='ltr'><strong>gloriari</strong></span> <span class='ocrx_word' id='word_1_266' title='bbox 2963 659 3234 713; x_wconf 88' lang='lat' dir='ltr'><strong>videntur.</strong></span> <span class='ocrx_word' id='word_1_267' title='bbox 3269 659 3376 713; x_wconf 85' lang='lat' dir='ltr'><strong>Eo-</strong></span> 
     </span>
    </p>
   </div>
   <div class='ocr_carea' id='block_1_38' title="bbox 1795 750 3372 822">
    <p class='ocr_par' dir='ltr' id='par_1_38' title="bbox 1795 750 3372 822">
     <span class='ocr_line' id='line_1_38' title="bbox 1795 750 3372 822; baseline -0.001 -14"><span class='ocrx_word' id='word_1_268' title='bbox 1795 754 1914 808; x_wconf 89' lang='lat' dir='ltr'><strong>dem</strong></span> <span class='ocrx_word' id='word_1_269' title='bbox 1942 754 2103 807; x_wconf 89' lang='lat' dir='ltr'><strong>modo</strong></span> <span class='ocrx_word' id='word_1_270' title='bbox 2137 752 2311 807; x_wconf 83' lang='lat' dir='ltr'><strong>sancti</strong></span> <span class='ocrx_word' id='word_1_271' title='bbox 2340 750 2544 806; x_wconf 91' lang='lat' dir='ltr'><strong>Christi</strong></span> <span class='ocrx_word' id='word_1_272' title='bbox 2576 750 2829 820; x_wconf 85' lang='lat' dir='ltr'><strong>discipuli</strong></span> <span class='ocrx_word' id='word_1_273' title='bbox 2857 766 2977 806; x_wconf 90' lang='lat' dir='ltr'><strong>sese</strong></span> <span class='ocrx_word' id='word_1_274' title='bbox 3003 759 3114 805; x_wconf 92' lang='lat' dir='ltr'><strong>tum</strong></span> <span class='ocrx_word' id='word_1_275' title='bbox 3148 752 3198 805; x_wconf 88' lang='lat' dir='ltr'><strong>id</strong></span> <span class='ocrx_word' id='word_1_276' title='bbox 3228 754 3372 822; x_wconf 86' lang='lat' dir='ltr'><strong>quod</strong></span> 
     </span>
    </p>
   </div>
   <div class='ocr_carea' id='block_1_39' title="bbox 1793 842 3371 912">
    <p class='ocr_par' dir='ltr' id='par_1_39' title="bbox 1793 842 3371 912">
     <span class='ocr_line' id='line_1_39' title="bbox 1793 842 3371 912; baseline -0.001 -13"><span class='ocrx_word' id='word_1_277' title='bbox 1793 853 1949 900; x_wconf 91' lang='lat' dir='ltr'><strong>erant</strong></span> <span class='ocrx_word' id='word_1_278' title='bbox 1972 842 2101 898; x_wconf 87' lang='lat' dir='ltr'><strong>Jesu</strong></span> <span class='ocrx_word' id='word_1_279' title='bbox 2147 843 2445 912; x_wconf 80' lang='lat' dir='ltr'><strong>discipulos</strong></span> <span class='ocrx_word' id='word_1_280' title='bbox 2488 842 2789 906; x_wconf 83' lang='lat' dir='ltr'><strong>vocabant;</strong></span> <span class='ocrx_word' id='word_1_281' title='bbox 2820 858 2998 911; x_wconf 89' lang='lat' dir='ltr'><strong>neque</strong></span> <span class='ocrx_word' id='word_1_282' title='bbox 3031 850 3211 897; x_wconf 91' lang='lat' dir='ltr'><strong>tamen</strong></span> <span class='ocrx_word' id='word_1_283' title='bbox 3245 858 3371 898; x_wconf 84' lang='lat' dir='ltr'><strong>cum</strong></span> 
     </span>
    </p>
   </div>
   <div class='ocr_carea' id='block_1_40' title="bbox 1796 934 3372 996">
    <p class='ocr_par' dir='ltr' id='par_1_40' title="bbox 1796 934 3372 996">
     <span class='ocr_line' id='line_1_40' title="bbox 1796 934 3372 996; baseline -0.001 -6"><span class='ocrx_word' id='word_1_284' title='bbox 1796 938 1864 991; x_wconf 92' lang='lat' dir='ltr'><strong>ab</strong></span> <span class='ocrx_word' id='word_1_285' title='bbox 1907 937 2030 990; x_wconf 88' lang='lat' dir='ltr'><strong>aliis</strong></span> <span class='ocrx_word' id='word_1_286' title='bbox 2062 935 2331 990; x_wconf 84' lang='lat' dir='ltr'><strong>Nazareni</strong></span> <span class='ocrx_word' id='word_1_287' title='bbox 2362 936 2698 996; x_wconf 84' lang='lat' dir='ltr'><strong>dicerentur,</strong></span> <span class='ocrx_word' id='word_1_288' title='bbox 2739 948 2933 988; x_wconf 85' lang='lat' dir='ltr'><strong>nomen</strong></span> <span class='ocrx_word' id='word_1_289' title='bbox 2964 934 3105 988; x_wconf 82' lang='lat' dir='ltr'><strong>istud</strong></span> <span class='ocrx_word' id='word_1_290' title='bbox 3147 951 3372 991; x_wconf 88' lang='lat' dir='ltr'><strong>recusa-</strong></span> 
     </span>
    </p>
   </div>
   <div class='ocr_carea' id='block_1_41' title="bbox 1796 1024 3369 1095">
    <p class='ocr_par' dir='ltr' id='par_1_41' title="bbox 1796 1024 3369 1095">
     <span class='ocr_line' id='line_1_41' title="bbox 1796 1024 3369 1095; baseline -0.001 -14"><span class='ocrx_word' id='word_1_291' title='bbox 1796 1026 1963 1089; x_wconf 89' lang='lat' dir='ltr'><strong>bant,</strong></span> <span class='ocrx_word' id='word_1_292' title='bbox 1994 1042 2118 1081; x_wconf 89' lang='lat' dir='ltr'><strong>cum</strong></span> <span class='ocrx_word' id='word_1_293' title='bbox 2151 1026 2218 1080; x_wconf 90' lang='lat' dir='ltr'><strong>ad</strong></span> <span class='ocrx_word' id='word_1_294' title='bbox 2262 1041 2451 1081; x_wconf 92' lang='lat' dir='ltr'><strong>eorum</strong></span> <span class='ocrx_word' id='word_1_295' title='bbox 2480 1066 2493 1089; x_wconf 95' lang='lat'><strong>,</strong></span> <span class='ocrx_word' id='word_1_296' title='bbox 2546 1040 2575 1078; x_wconf 92' lang='lat' dir='ltr'><strong>a</strong></span> <span class='ocrx_word' id='word_1_297' title='bbox 2603 1024 2803 1095; x_wconf 89' lang='lat' dir='ltr'><strong>quibus</strong></span> <span class='ocrx_word' id='word_1_298' title='bbox 2832 1024 2909 1078; x_wconf 87' lang='lat' dir='ltr'><strong>sic</strong></span> <span class='ocrx_word' id='word_1_299' title='bbox 2932 1025 3369 1094; x_wconf 80' lang='lat' dir='ltr'><strong>appellabantur,</strong></span> 
     </span>
    </p>
   </div>
   <div class='ocr_carea' id='block_1_42' title="bbox 1799 1116 3376 1187">
    <p class='ocr_par' dir='ltr' id='par_1_42' title="bbox 1799 1116 3376 1187">
     <span class='ocr_line' id='line_1_42' title="bbox 1799 1116 3376 1187; baseline 0 -16"><span class='ocrx_word' id='word_1_300' title='bbox 1799 1118 1957 1172; x_wconf 82' lang='lat' dir='ltr'><strong>ﬁnem</strong></span> <span class='ocrx_word' id='word_1_301' title='bbox 1991 1132 2322 1187; x_wconf 89' lang='lat' dir='ltr'><strong>scopumque</strong></span> <span class='ocrx_word' id='word_1_302' title='bbox 2348 1117 2715 1186; x_wconf 85' lang='lat' dir='ltr'><strong>respicerent,</strong></span> <span class='ocrx_word' id='word_1_303' title='bbox 2751 1116 2843 1185; x_wconf 87' lang='lat' dir='ltr'><strong>qui</strong></span> <span class='ocrx_word' id='word_1_304' title='bbox 2878 1116 2981 1170; x_wconf 90' lang='lat' dir='ltr'><strong>hoc</strong></span> <span class='ocrx_word' id='word_1_305' title='bbox 3011 1131 3132 1171; x_wconf 82' lang='lat' dir='ltr'><strong>sese</strong></span> <span class='ocrx_word' id='word_1_306' title='bbox 3154 1117 3376 1171; x_wconf 89' lang='lat' dir='ltr'><strong>nomine</strong></span> 
     </span>
    </p>
   </div>
   <div class='ocr_carea' id='block_1_43' title="bbox 1796 1208 3373 1279">
    <p class='ocr_par' dir='ltr' id='par_1_43' title="bbox 1796 1208 3373 1279">
     <span class='ocr_line' id='line_1_43' title="bbox 1796 1208 3373 1279; baseline 0 -15"><span class='ocrx_word' id='word_1_307' title='bbox 1796 1210 2000 1266; x_wconf 89' lang='lat' dir='ltr'><strong>Christi</strong></span> <span class='ocrx_word' id='word_1_308' title='bbox 2039 1226 2205 1267; x_wconf 91' lang='lat' dir='ltr'><strong>causa</strong></span> <span class='ocrx_word' id='word_1_309' title='bbox 2254 1210 2563 1273; x_wconf 86' lang='lat' dir='ltr'><strong>donabant;</strong></span> <span class='ocrx_word' id='word_1_310' title='bbox 2615 1208 3053 1279; x_wconf 83' lang='lat' dir='ltr'><strong>quandoquidem</strong></span> <span class='ocrx_word' id='word_1_311' title='bbox 3106 1219 3161 1265; x_wconf 91' lang='lat' dir='ltr'><strong>ct</strong></span> <span class='ocrx_word' id='word_1_312' title='bbox 3212 1209 3373 1265; x_wconf 85' lang='lat' dir='ltr'><strong>Jesus</strong></span> 
     </span>
    </p>
   </div>
   <div class='ocr_carea' id='block_1_44' title="bbox 1799 1300 3374 1373">
    <p class='ocr_par' dir='ltr' id='par_1_44' title="bbox 1799 1300 3374 1373">
     <span class='ocr_line' id='line_1_44' title="bbox 1799 1300 3374 1373; baseline 0 -18"><span class='ocrx_word' id='word_1_313' title='bbox 1799 1302 1915 1373; x_wconf 91' lang='lat' dir='ltr'><strong>ipse</strong></span> <span class='ocrx_word' id='word_1_314' title='bbox 1944 1300 2258 1357; x_wconf 83' lang='lat' dir='ltr'><strong>Nazarcnus</strong></span> <span class='ocrx_word' id='word_1_315' title='bbox 2283 1302 2584 1372; x_wconf 83' lang='lat' dir='ltr'><strong>appellatus</strong></span> <span class='ocrx_word' id='word_1_316' title='bbox 2610 1311 2726 1365; x_wconf 90' lang='lat' dir='ltr'><strong>est,</strong></span> <span class='ocrx_word' id='word_1_317' title='bbox 2758 1310 2817 1356; x_wconf 91' lang='lat' dir='ltr'><strong>ut</strong></span> <span class='ocrx_word' id='word_1_318' title='bbox 2874 1302 2927 1355; x_wconf 91' lang='lat' dir='ltr'><strong>in</strong></span> <span class='ocrx_word' id='word_1_319' title='bbox 2972 1300 3279 1371; x_wconf 83' lang='lat' dir='ltr'><strong>Evangeliis</strong></span> <span class='ocrx_word' id='word_1_320' title='bbox 3320 1312 3374 1357; x_wconf 91' lang='lat' dir='ltr'><strong>et</strong></span> 
     </span>
    </p>
   </div>
   <div class='ocr_carea' id='block_1_45' title="bbox 1798 1394 3374 1464">
    <p class='ocr_par' dir='ltr' id='par_1_45' title="bbox 1798 1394 3374 1464">
     <span class='ocr_line' id='line_1_45' title="bbox 1798 1394 3374 1464; baseline -0.001 -16"><span class='ocrx_word' id='word_1_321' title='bbox 1798 1394 2165 1463; x_wconf 82' lang='lat' dir='ltr'><strong>apostolorum</strong></span> <span class='ocrx_word' id='word_1_322' title='bbox 2191 1394 2416 1450; x_wconf 82' lang='lat' dir='ltr'><strong>Actibus</strong></span> <span class='ocrx_word' id='word_1_323' title='bbox 2444 1394 2669 1463; x_wconf 82' lang='lat' dir='ltr'><strong>legitur:</strong></span> <span class='ocrx_word' id='word_1_324' title='bbox 2706 1409 2804 1463; x_wconf 90' lang='lat' dir='ltr'><strong>pro</strong></span> <span class='ocrx_word' id='word_1_325' title='bbox 2837 1409 2901 1448; x_wconf 91' lang='lat' dir='ltr'><strong>eo</strong></span> <span class='ocrx_word' id='word_1_326' title='bbox 2921 1394 3066 1463; x_wconf 90' lang='lat' dir='ltr'><strong>quod</strong></span> <span class='ocrx_word' id='word_1_327' title='bbox 3094 1396 3145 1448; x_wconf 91' lang='lat' dir='ltr'><strong>in</strong></span> <span class='ocrx_word' id='word_1_328' title='bbox 3174 1394 3374 1464; x_wconf 91' lang='lat' dir='ltr'><strong>oppido</strong></span> 
     </span>
    </p>
   </div>
   <div class='ocr_carea' id='block_1_46' title="bbox 1797 1485 3375 1558">
    <p class='ocr_par' dir='ltr' id='par_1_46' title="bbox 1797 1485 3375 1558">
     <span class='ocr_line' id='line_1_46' title="bbox 1797 1485 3375 1558; baseline -0.001 -18"><span class='ocrx_word' id='word_1_329' title='bbox 1797 1486 2044 1542; x_wconf 73' lang='lat' dir='ltr'><strong>Nazareti</strong></span> <span class='ocrx_word' id='word_1_330' title='bbox 2072 1529 2088 1553; x_wconf 91' lang='lat'><strong>,</strong></span> <span class='ocrx_word' id='word_1_331' title='bbox 2117 1487 2211 1558; x_wconf 92' lang='lat' dir='ltr'><strong>qui</strong></span> <span class='ocrx_word' id='word_1_332' title='bbox 2242 1486 2404 1542; x_wconf 90' lang='lat' dir='ltr'><strong>hodie</strong></span> <span class='ocrx_word' id='word_1_333' title='bbox 2431 1502 2598 1557; x_wconf 84' lang='lat' dir='ltr'><strong>pagus</strong></span> <span class='ocrx_word' id='word_1_334' title='bbox 2648 1493 2731 1541; x_wconf 91' lang='lat' dir='ltr'><strong>est</strong></span> <span class='ocrx_word' id='word_1_335' title='bbox 2756 1527 2771 1551; x_wconf 92' lang='lat'><strong>,</strong></span> <span class='ocrx_word' id='word_1_336' title='bbox 2824 1486 2878 1540; x_wconf 90' lang='lat' dir='ltr'><strong>in</strong></span> <span class='ocrx_word' id='word_1_337' title='bbox 2914 1486 3124 1542; x_wconf 66' lang='lat' dir='ltr'><strong>aedibus</strong></span> <span class='ocrx_word' id='word_1_338' title='bbox 3150 1485 3375 1556; x_wconf 82' lang='lat' dir='ltr'><strong>Josepbi</strong></span> 
     </span>
    </p>
   </div>
   <div class='ocr_carea' id='block_1_47' title="bbox 1799 1576 3376 1649">
    <p class='ocr_par' dir='ltr' id='par_1_47' title="bbox 1799 1576 3376 1649">
     <span class='ocr_line' id='line_1_47' title="bbox 1799 1576 3376 1649; baseline -0.002 -15"><span class='ocrx_word' id='word_1_339' title='bbox 1799 1578 1960 1634; x_wconf 83' lang='lat' dir='ltr'><strong>fuerit</strong></span> <span class='ocrx_word' id='word_1_340' title='bbox 1989 1579 2272 1642; x_wconf 88' lang='lat' dir='ltr'><strong>educatus,</strong></span> <span class='ocrx_word' id='word_1_341' title='bbox 2310 1593 2663 1649; x_wconf 75' lang='lat' dir='ltr'><strong>posteaquam</strong></span> <span class='ocrx_word' id='word_1_342' title='bbox 2696 1578 3028 1633; x_wconf 86' lang='lat' dir='ltr'><strong>Bethlebemi</strong></span> <span class='ocrx_word' id='word_1_343' title='bbox 3054 1577 3122 1631; x_wconf 92' lang='lat' dir='ltr'><strong>de</strong></span> <span class='ocrx_word' id='word_1_344' title='bbox 3152 1576 3376 1646; x_wconf 82' lang='lat' dir='ltr'><strong>Virgine</strong></span> 
     </span>
    </p>
   </div>
   <div class='ocr_carea' id='block_1_48' title="bbox 1801 1667 3375 1739">
    <p class='ocr_par' dir='ltr' id='par_1_48' title="bbox 1801 1667 3375 1739">
     <span class='ocr_line' id='line_1_48' title="bbox 1801 1667 3375 1739; baseline -0.001 -14"><span class='ocrx_word' id='word_1_345' title='bbox 1801 1671 1967 1725; x_wconf 86' lang='lat' dir='ltr'><strong>Maria</strong></span> <span class='ocrx_word' id='word_1_346' title='bbox 1998 1670 2297 1727; x_wconf 90' lang='lat' dir='ltr'><strong>secundum</strong></span> <span class='ocrx_word' id='word_1_347' title='bbox 2326 1685 2546 1724; x_wconf 85' lang='lat' dir='ltr'><strong>carnem</strong></span> <span class='ocrx_word' id='word_1_348' title='bbox 2574 1678 2733 1724; x_wconf 87' lang='lat' dir='ltr'><strong>natus</strong></span> <span class='ocrx_word' id='word_1_349' title='bbox 2756 1677 2859 1732; x_wconf 85' lang='lat' dir='ltr'><strong>est,</strong></span> <span class='ocrx_word' id='word_1_350' title='bbox 2884 1684 3005 1739; x_wconf 75' lang='lat' dir='ltr'><strong>qua:</strong></span> <span class='ocrx_word' id='word_1_351' title='bbox 3037 1669 3253 1738; x_wconf 89' lang='lat' dir='ltr'><strong>quidem</strong></span> <span class='ocrx_word' id='word_1_352' title='bbox 3281 1667 3375 1723; x_wconf 84' lang='lat' dir='ltr'><strong>Jo-</strong></span> 
     </span>
    </p>
   </div>
   <div class='ocr_carea' id='block_1_49' title="bbox 1800 1759 3373 1837">
    <p class='ocr_par' dir='ltr' id='par_1_49' title="bbox 1800 1759 3373 1837">
     <span class='ocr_line' id='line_1_49' title="bbox 1800 1759 3373 1837; baseline -0.004 -18"><span class='ocrx_word' id='word_1_353' title='bbox 1800 1763 1967 1833; x_wconf 90' lang='lat' dir='ltr'><strong>scpbo</strong></span> <span class='ocrx_word' id='word_1_354' title='bbox 1993 1763 2264 1833; x_wconf 89' lang='lat' dir='ltr'><strong>desponsa</strong></span> <span class='ocrx_word' id='word_1_355' title='bbox 2296 1761 2493 1827; x_wconf 82' lang='lat' dir='ltr'><strong>fuerat,</strong></span> <span class='ocrx_word' id='word_1_356' title='bbox 2524 1760 2616 1830; x_wconf 90' lang='lat' dir='ltr'><strong>qui</strong></span> <span class='ocrx_word' id='word_1_357' title='bbox 2640 1759 2890 1815; x_wconf 84' lang='lat' dir='ltr'><strong>Nazarcti</strong></span> <span class='ocrx_word' id='word_1_358' title='bbox 2918 1768 3058 1837; x_wconf 43' lang='lat' dir='ltr'><strong>tunc.</strong></span> <span class='ocrx_word' id='word_1_359' title='bbox 3074 1760 3373 1825; x_wconf 85' lang='lat' dir='ltr'><strong>habitabat,</strong></span> 
     </span>
    </p>
   </div>
   <div class='ocr_carea' id='block_1_50' title="bbox 1798 1852 3377 1909">
    <p class='ocr_par' dir='ltr' id='par_1_50' title="bbox 1798 1852 3377 1909">
     <span class='ocr_line' id='line_1_50' title="bbox 1798 1852 3377 1909; baseline -0.001 -2"><span class='ocrx_word' id='word_1_360' title='bbox 1798 1868 1922 1907; x_wconf 89' lang='lat' dir='ltr'><strong>cum</strong></span> <span class='ocrx_word' id='word_1_361' title='bbox 1957 1854 2150 1909; x_wconf 90' lang='lat' dir='ltr'><strong>relicto</strong></span> <span class='ocrx_word' id='word_1_362' title='bbox 2176 1852 2527 1909; x_wconf 90' lang='lat' dir='ltr'><strong>Bethlchemo</strong></span> <span class='ocrx_word' id='word_1_363' title='bbox 2564 1853 2619 1907; x_wconf 91' lang='lat' dir='ltr'><strong>in</strong></span> <span class='ocrx_word' id='word_1_364' title='bbox 2648 1852 2869 1907; x_wconf 66' lang='lat' dir='ltr'><strong>Galilaza</strong></span> <span class='ocrx_word' id='word_1_365' title='bbox 2898 1852 3231 1907; x_wconf 81' lang='lat' dir='ltr'><strong>domicilium</strong></span> <span class='ocrx_word' id='word_1_366' title='bbox 3264 1853 3377 1907; x_wconf 81' lang='lat' dir='ltr'><strong>col-</strong></span> 
     </span>
    </p>
   </div>
   <div class='ocr_carea' id='block_1_51' title="bbox 1798 1946 2055 2001">
    <p class='ocr_par' dir='ltr' id='par_1_51' title="bbox 1798 1946 2055 2001">
     <span class='ocr_line' id='line_1_51' title="bbox 1798 1946 2055 2001; baseline 0 -2"><span class='ocrx_word' id='word_1_367' title='bbox 1798 1946 2055 2001; x_wconf 81' lang='lat' dir='ltr'><strong>locasset.</strong></span> 
     </span>
    </p>
   </div>
   <div class='ocr_carea' id='block_1_52' title="bbox 1870 2032 3378 2103">
    <p class='ocr_par' dir='ltr' id='par_1_52' title="bbox 1870 2032 3378 2103">
     <span class='ocr_line' id='line_1_52' title="bbox 1870 2032 3378 2103; baseline -0.003 -14"><span class='ocrx_word' id='word_1_368' title='bbox 1870 2036 1981 2089; x_wconf 85' lang='lat' dir='ltr'><strong>VII.</strong></span> <span class='ocrx_word' id='word_1_369' title='bbox 2008 2035 2165 2103; x_wconf 85' lang='lat' dir='ltr'><strong>Quod</strong></span> <span class='ocrx_word' id='word_1_370' title='bbox 2193 2052 2322 2093; x_wconf 90' lang='lat' dir='ltr'><strong>vero</strong></span> <span class='ocrx_word' id='word_1_371' title='bbox 2350 2036 2417 2091; x_wconf 88' lang='lat' dir='ltr'><strong>ad</strong></span> <span class='ocrx_word' id='word_1_372' title='bbox 2449 2035 2735 2091; x_wconf 65' lang='lat' dir='ltr'><strong>hmreticos</strong></span> <span class='ocrx_word' id='word_1_373' title='bbox 2765 2033 2887 2089; x_wconf 90' lang='lat' dir='ltr'><strong>illos</strong></span> <span class='ocrx_word' id='word_1_374' title='bbox 2919 2032 3132 2097; x_wconf 85' lang='lat' dir='ltr'><strong>attinet,</strong></span> <span class='ocrx_word' id='word_1_375' title='bbox 3161 2045 3229 2086; x_wconf 78' lang='lat' dir='ltr'><strong>de</strong></span> <span class='ocrx_word' id='word_1_376' title='bbox 3254 2032 3378 2101; x_wconf 86' lang='lat' dir='ltr'><strong>qui-</strong></span> 
     </span>
    </p>
   </div>
   <div class='ocr_carea' id='block_1_53' title="bbox 1800 2121 3379 2189">
    <p class='ocr_par' dir='ltr' id='par_1_53' title="bbox 1800 2121 3379 2189">
     <span class='ocr_line' id='line_1_53' title="bbox 1800 2121 3379 2189; baseline -0.005 -4"><span class='ocrx_word' id='word_1_377' title='bbox 1800 2130 1902 2185; x_wconf 90' lang='lat' dir='ltr'><strong>bus</strong></span> <span class='ocrx_word' id='word_1_378' title='bbox 1936 2129 2096 2183; x_wconf 90' lang='lat' dir='ltr'><strong>modo</strong></span> <span class='ocrx_word' id='word_1_379' title='bbox 2122 2143 2431 2184; x_wconf 88' lang='lat' dir='ltr'><strong>sermonem</strong></span> <span class='ocrx_word' id='word_1_380' title='bbox 2466 2126 2805 2181; x_wconf 88' lang='lat' dir='ltr'><strong>instituimus</strong></span> <span class='ocrx_word' id='word_1_381' title='bbox 2828 2165 2844 2189; x_wconf 92' lang='lat'><strong>,</strong></span> <span class='ocrx_word' id='word_1_382' title='bbox 2876 2124 3083 2179; x_wconf 88' lang='lat' dir='ltr'><strong>omisso</strong></span> <span class='ocrx_word' id='word_1_383' title='bbox 3117 2121 3244 2178; x_wconf 87' lang='lat' dir='ltr'><strong>.Iesu</strong></span> <span class='ocrx_word' id='word_1_384' title='bbox 3281 2137 3379 2177; x_wconf 83' lang='lat' dir='ltr'><strong>no-</strong></span> 
     </span>
    </p>
   </div>
   <div class='ocr_carea' id='block_1_54' title="bbox 1800 2209 3381 2288">
    <p class='ocr_par' dir='ltr' id='par_1_54' title="bbox 1800 2209 3381 2288">
     <span class='ocr_line' id='line_1_54' title="bbox 1800 2209 3381 2288; baseline -0.008 -14"><span class='ocrx_word' id='word_1_385' title='bbox 1800 2223 1966 2283; x_wconf 88' lang='lat' dir='ltr'><strong>mine,</strong></span> <span class='ocrx_word' id='word_1_386' title='bbox 2020 2235 2196 2288; x_wconf 90' lang='lat' dir='ltr'><strong>neque</strong></span> <span class='ocrx_word' id='word_1_387' title='bbox 2242 2216 2475 2273; x_wconf 62' lang='lat' dir='ltr'><strong>Jessaacs</strong></span> <span class='ocrx_word' id='word_1_388' title='bbox 2534 2216 2743 2284; x_wconf 90' lang='lat' dir='ltr'><strong>seipsos</strong></span> <span class='ocrx_word' id='word_1_389' title='bbox 2794 2219 3021 2273; x_wconf 91' lang='lat' dir='ltr'><strong>vocant,</strong></span> <span class='ocrx_word' id='word_1_390' title='bbox 3072 2226 3251 2280; x_wconf 91' lang='lat' dir='ltr'><strong>neque</strong></span> <span class='ocrx_word' id='word_1_391' title='bbox 3280 2209 3381 2263; x_wconf 84' lang='lat' dir='ltr'><strong>Ju-</strong></span> 
     </span>
    </p>
   </div>
   <div class='ocr_carea' id='block_1_55' title="bbox 1800 2302 3375 2374">
    <p class='ocr_par' dir='ltr' id='par_1_55' title="bbox 1800 2302 3375 2374">
     <span class='ocr_line' id='line_1_55' title="bbox 1800 2302 3375 2374; baseline -0.004 -10"><span class='ocrx_word' id='word_1_392' title='bbox 1800 2310 2037 2365; x_wconf 64' lang='lat' dir='ltr'><strong>daaorum</strong></span> <span class='ocrx_word' id='word_1_393' title='bbox 2071 2308 2391 2364; x_wconf 84' lang='lat' dir='ltr'><strong>vocabulum</strong></span> <span class='ocrx_word' id='word_1_394' title='bbox 2426 2306 2682 2369; x_wconf 85' lang='lat' dir='ltr'><strong>retinent,</strong></span> <span class='ocrx_word' id='word_1_395' title='bbox 2713 2318 2889 2374; x_wconf 91' lang='lat' dir='ltr'><strong>neque</strong></span> <span class='ocrx_word' id='word_1_396' title='bbox 2926 2318 2984 2358; x_wconf 91' lang='lat' dir='ltr'><strong>se</strong></span> <span class='ocrx_word' id='word_1_397' title='bbox 3011 2302 3375 2367; x_wconf 85' lang='lat' dir='ltr'><strong>Christianos,</strong></span> 
     </span>
    </p>
   </div>
   <div class='ocr_carea' id='block_1_56' title="bbox 1800 2396 3377 2467">
    <p class='ocr_par' dir='ltr' id='par_1_56' title="bbox 1800 2396 3377 2467">
     <span class='ocr_line' id='line_1_56' title="bbox 1800 2396 3377 2467; baseline -0.008 -10"><span class='ocrx_word' id='word_1_398' title='bbox 1800 2401 1897 2457; x_wconf 90' lang='lat' dir='ltr'><strong>sed</strong></span> <span class='ocrx_word' id='word_1_399' title='bbox 1926 2400 2236 2456; x_wconf 85' lang='lat' dir='ltr'><strong>Nazarenos</strong></span> <span class='ocrx_word' id='word_1_400' title='bbox 2270 2398 2338 2454; x_wconf 91' lang='lat' dir='ltr'><strong>de</strong></span> <span class='ocrx_word' id='word_1_401' title='bbox 2370 2399 2460 2453; x_wconf 91' lang='lat' dir='ltr'><strong>illa</strong></span> <span class='ocrx_word' id='word_1_402' title='bbox 2495 2398 2599 2451; x_wconf 90' lang='lat' dir='ltr'><strong>loci</strong></span> <span class='ocrx_word' id='word_1_403' title='bbox 2648 2396 3009 2467; x_wconf 89' lang='lat' dir='ltr'><strong>appellatione</strong></span> <span class='ocrx_word' id='word_1_404' title='bbox 3036 2401 3377 2462; x_wconf 88' lang='lat' dir='ltr'><strong>nuncupant,</strong></span> 
     </span>
    </p>
   </div>
   <div class='ocr_carea' id='block_1_57' title="bbox 1800 2486 3379 2561">
    <p class='ocr_par' dir='ltr' id='par_1_57' title="bbox 1800 2486 3379 2561">
     <span class='ocr_line' id='line_1_57' title="bbox 1800 2486 3379 2561; baseline -0.008 -12"><span class='ocrx_word' id='word_1_405' title='bbox 1800 2510 1921 2549; x_wconf 87' lang='lat' dir='ltr'><strong>cum</strong></span> <span class='ocrx_word' id='word_1_406' title='bbox 1951 2493 2169 2547; x_wconf 89' lang='lat' dir='ltr'><strong>interim</strong></span> <span class='ocrx_word' id='word_1_407' title='bbox 2204 2492 2337 2546; x_wconf 89' lang='lat' dir='ltr'><strong>meri</strong></span> <span class='ocrx_word' id='word_1_408' title='bbox 2368 2492 2470 2561; x_wconf 91' lang='lat' dir='ltr'><strong>ipsi</strong></span> <span class='ocrx_word' id='word_1_409' title='bbox 2501 2488 2673 2543; x_wconf 62' lang='lat' dir='ltr'><strong>Judaei</strong></span> <span class='ocrx_word' id='word_1_410' title='bbox 2694 2527 2709 2553; x_wconf 93' lang='lat'><strong>,</strong></span> <span class='ocrx_word' id='word_1_411' title='bbox 2738 2502 2914 2557; x_wconf 90' lang='lat' dir='ltr'><strong>neque</strong></span> <span class='ocrx_word' id='word_1_412' title='bbox 2943 2486 3088 2540; x_wconf 87' lang='lat' dir='ltr'><strong>aliud</strong></span> <span class='ocrx_word' id='word_1_413' title='bbox 3118 2496 3379 2555; x_wconf 69' lang='lat' dir='ltr'><strong>praeterea</strong></span> 
     </span>
    </p>
   </div>
   <div class='ocr_carea' id='block_1_58' title="bbox 1802 2578 3381 2645">
    <p class='ocr_par' dir='ltr' id='par_1_58' title="bbox 1802 2578 3381 2645">
     <span class='ocr_line' id='line_1_58' title="bbox 1802 2578 3381 2645; baseline -0.007 -4"><span class='ocrx_word' id='word_1_414' title='bbox 1802 2587 1929 2642; x_wconf 91' lang='lat' dir='ltr'><strong>sint.</strong></span> <span class='ocrx_word' id='word_1_415' title='bbox 1975 2584 2145 2639; x_wconf 89' lang='lat' dir='ltr'><strong>Porro</strong></span> <span class='ocrx_word' id='word_1_416' title='bbox 2196 2600 2303 2638; x_wconf 89' lang='lat' dir='ltr'><strong>non</strong></span> <span class='ocrx_word' id='word_1_417' title='bbox 2337 2585 2511 2639; x_wconf 91' lang='lat' dir='ltr'><strong>solum</strong></span> <span class='ocrx_word' id='word_1_418' title='bbox 2540 2582 2692 2637; x_wconf 88' lang='lat' dir='ltr'><strong>Novo</strong></span> <span class='ocrx_word' id='word_1_419' title='bbox 2726 2622 2740 2645; x_wconf 95' lang='lat'><strong>,</strong></span> <span class='ocrx_word' id='word_1_420' title='bbox 2770 2581 2864 2637; x_wconf 86' lang='lat' dir='ltr'><strong>sed</strong></span> <span class='ocrx_word' id='word_1_421' title='bbox 2894 2589 2947 2636; x_wconf 85' lang='lat' dir='ltr'><strong>et</strong></span> <span class='ocrx_word' id='word_1_422' title='bbox 2979 2578 3162 2634; x_wconf 76' lang='lat' dir='ltr'><strong>Veteri</strong></span> <span class='ocrx_word' id='word_1_423' title='bbox 3190 2578 3381 2633; x_wconf 81' lang='lat' dir='ltr'><strong>Testa-</strong></span> 
     </span>
    </p>
   </div>
   <div class='ocr_carea' id='block_1_59' title="bbox 1800 2668 3379 2742">
    <p class='ocr_par' dir='ltr' id='par_1_59' title="bbox 1800 2668 3379 2742">
     <span class='ocr_line' id='line_1_59' title="bbox 1800 2668 3379 2742; baseline -0.006 -10"><span class='ocrx_word' id='word_1_424' title='bbox 1800 2685 1985 2733; x_wconf 88' lang='lat' dir='ltr'><strong>mento</strong></span> <span class='ocrx_word' id='word_1_425' title='bbox 2015 2675 2325 2730; x_wconf 69' lang='lat' dir='ltr'><strong>Judaaorum</strong></span> <span class='ocrx_word' id='word_1_426' title='bbox 2354 2675 2527 2731; x_wconf 87' lang='lat' dir='ltr'><strong>instar</strong></span> <span class='ocrx_word' id='word_1_427' title='bbox 2554 2681 2804 2728; x_wconf 90' lang='lat' dir='ltr'><strong>utuntur.</strong></span> <span class='ocrx_word' id='word_1_428' title='bbox 2836 2670 3024 2742; x_wconf 88' lang='lat' dir='ltr'><strong>Neque</strong></span> <span class='ocrx_word' id='word_1_429' title='bbox 3050 2671 3197 2727; x_wconf 89' lang='lat' dir='ltr'><strong>enim</strong></span> <span class='ocrx_word' id='word_1_430' title='bbox 3235 2668 3379 2740; x_wconf 90' lang='lat' dir='ltr'><strong>apud</strong></span> 
     </span>
    </p>
   </div>
   <div class='ocr_carea' id='block_1_60' title="bbox 1803 2759 3379 2837">
    <p class='ocr_par' dir='ltr' id='par_1_60' title="bbox 1803 2759 3379 2837">
     <span class='ocr_line' id='line_1_60' title="bbox 1803 2759 3379 2837; baseline -0.005 -18"><span class='ocrx_word' id='word_1_431' title='bbox 1803 2766 1925 2821; x_wconf 92' lang='lat' dir='ltr'><strong>illos</strong></span> <span class='ocrx_word' id='word_1_432' title='bbox 1954 2767 2087 2837; x_wconf 80' lang='lat' dir='ltr'><strong>legis</strong></span> <span class='ocrx_word' id='word_1_433' title='bbox 2120 2766 2270 2830; x_wconf 86' lang='lat' dir='ltr'><strong>libri,</strong></span> <span class='ocrx_word' id='word_1_434' title='bbox 2314 2764 2611 2835; x_wconf 60' lang='lat' dir='ltr'><strong>propheta,</strong></span> <span class='ocrx_word' id='word_1_435' title='bbox 2644 2772 2738 2817; x_wconf 90' lang='lat' dir='ltr'><strong>aut</strong></span> <span class='ocrx_word' id='word_1_436' title='bbox 2776 2760 3144 2832; x_wconf 86' lang='lat' dir='ltr'><strong>hagiographa</strong></span> <span class='ocrx_word' id='word_1_437' title='bbox 3191 2759 3379 2830; x_wconf 85' lang='lat' dir='ltr'><strong>prohi-</strong></span> 
     </span>
    </p>
   </div>
   <div class='ocr_carea' id='block_1_61' title="bbox 1801 2849 3382 2928">
    <p class='ocr_par' dir='ltr' id='par_1_61' title="bbox 1801 2849 3382 2928">
     <span class='ocr_line' id='line_1_61' title="bbox 1801 2849 3382 2928; baseline -0.004 -15"><span class='ocrx_word' id='word_1_438' title='bbox 1801 2859 2020 2923; x_wconf 88' lang='lat' dir='ltr'><strong>bentur,</strong></span> <span class='ocrx_word' id='word_1_439' title='bbox 2049 2874 2169 2928; x_wconf 80' lang='lat' dir='ltr'><strong>quae</strong></span> <span class='ocrx_word' id='word_1_440' title='bbox 2201 2856 2374 2911; x_wconf 58' lang='lat' dir='ltr'><strong>Judaei</strong></span> <span class='ocrx_word' id='word_1_441' title='bbox 2397 2856 2568 2910; x_wconf 89' lang='lat' dir='ltr'><strong>Biblia</strong></span> <span class='ocrx_word' id='word_1_442' title='bbox 2595 2862 2936 2924; x_wconf 86' lang='lat' dir='ltr'><strong>nuncupant,</strong></span> <span class='ocrx_word' id='word_1_443' title='bbox 2964 2861 3023 2907; x_wconf 89' lang='lat' dir='ltr'><strong>ut</strong></span> <span class='ocrx_word' id='word_1_444' title='bbox 3050 2860 3103 2908; x_wconf 89' lang='lat' dir='ltr'><strong>et</strong></span> <span class='ocrx_word' id='word_1_445' title='bbox 3129 2867 3159 2905; x_wconf 88' lang='lat' dir='ltr'><strong>a</strong></span> <span class='ocrx_word' id='word_1_446' title='bbox 3180 2849 3382 2906; x_wconf 63' lang='lat' dir='ltr'><strong>ludatis</strong></span> 
     </span>
    </p>
   </div>
   <div class='ocr_carea' id='block_1_62' title="bbox 1804 2945 3381 3021">
    <p class='ocr_par' dir='ltr' id='par_1_62' title="bbox 1804 2945 3381 3021">
     <span class='ocr_line' id='line_1_62' title="bbox 1804 2945 3381 3021; baseline -0.005 -16"><span class='ocrx_word' id='word_1_447' title='bbox 1804 2951 2193 3021; x_wconf 80' lang='lat' dir='ltr'><strong>approbantur,</strong></span> <span class='ocrx_word' id='word_1_448' title='bbox 2227 2964 2257 3003; x_wconf 87' lang='lat' dir='ltr'><strong>a</strong></span> <span class='ocrx_word' id='word_1_449' title='bbox 2287 2949 2485 3019; x_wconf 90' lang='lat' dir='ltr'><strong>quibus</strong></span> <span class='ocrx_word' id='word_1_450' title='bbox 2520 2947 2760 3001; x_wconf 65' lang='lat' dir='ltr'><strong>Nazaraai</strong></span> <span class='ocrx_word' id='word_1_451' title='bbox 2804 2946 2951 3001; x_wconf 89' lang='lat' dir='ltr'><strong>nulla</strong></span> <span class='ocrx_word' id='word_1_452' title='bbox 2989 2946 3047 3000; x_wconf 91' lang='lat' dir='ltr'><strong>in</strong></span> <span class='ocrx_word' id='word_1_453' title='bbox 3079 2960 3139 2999; x_wconf 86' lang='lat' dir='ltr'><strong>re</strong></span> <span class='ocrx_word' id='word_1_454' title='bbox 3169 2945 3381 3000; x_wconf 90' lang='lat' dir='ltr'><strong>dissen-</strong></span> 
     </span>
    </p>
   </div>
   <div class='ocr_carea' id='block_1_63' title="bbox 1805 3037 3381 3113">
    <p class='ocr_par' dir='ltr' id='par_1_63' title="bbox 1805 3037 3381 3113">
     <span class='ocr_line' id='line_1_63' title="bbox 1805 3037 3381 3113; baseline -0.004 -17"><span class='ocrx_word' id='word_1_455' title='bbox 1805 3044 1967 3106; x_wconf 86' lang='lat' dir='ltr'><strong>tiunt,</strong></span> <span class='ocrx_word' id='word_1_456' title='bbox 2001 3042 2094 3113; x_wconf 90' lang='lat' dir='ltr'><strong>qui</strong></span> <span class='ocrx_word' id='word_1_457' title='bbox 2124 3041 2192 3095; x_wconf 90' lang='lat' dir='ltr'><strong>ad</strong></span> <span class='ocrx_word' id='word_1_458' title='bbox 2220 3042 2356 3111; x_wconf 81' lang='lat' dir='ltr'><strong>legis</strong></span> <span class='ocrx_word' id='word_1_459' title='bbox 2390 3041 2766 3111; x_wconf 71' lang='lat' dir='ltr'><strong>praescriptum</strong></span> <span class='ocrx_word' id='word_1_460' title='bbox 2808 3054 2871 3093; x_wconf 88' lang='lat' dir='ltr'><strong>ac</strong></span> <span class='ocrx_word' id='word_1_461' title='bbox 2892 3037 3203 3094; x_wconf 75' lang='lat' dir='ltr'><strong>Judzeorum</strong></span> <span class='ocrx_word' id='word_1_462' title='bbox 3232 3051 3381 3091; x_wconf 83' lang='lat' dir='ltr'><strong>more</strong></span> 
     </span>
    </p>
   </div>
   <div class='ocr_carea' id='block_1_64' title="bbox 108 3127 1698 3205">
    <p class='ocr_par' dir='ltr' id='par_1_64' title="bbox 108 3127 1698 3204">
     <span class='ocr_line' id='line_1_64' title="bbox 108 3127 1698 3204; baseline 0.006 -24"><span class='ocrx_word' id='word_1_463' title='bbox 108 3127 254 3180; x_wconf 84' lang='grc' dir='ltr'><strong>ἀλλά</strong></span> <span class='ocrx_word' id='word_1_464' title='bbox 290 3129 438 3181; x_wconf 87' lang='grc' dir='ltr'>κατὰ</span> <span class='ocrx_word' id='word_1_465' title='bbox 462 3129 522 3181; x_wconf 87' lang='grc' dir='ltr'><strong>τὸ</strong></span> <span class='ocrx_word' id='word_1_466' title='bbox 546 3131 807 3202; x_wconf 81' lang='grc' dir='ltr'>κήρυγμα</span> <span class='ocrx_word' id='word_1_467' title='bbox 834 3132 926 3185; x_wconf 91' lang='grc' dir='ltr'><strong>τοῦ</strong></span> <span class='ocrx_word' id='word_1_468' title='bbox 956 3134 1139 3204; x_wconf 86' lang='grc' dir='ltr'>νόμου,</span> <span class='ocrx_word' id='word_1_469' title='bbox 1169 3135 1261 3187; x_wconf 72' lang='grc' dir='ltr'><strong>καὶ</strong></span> <span class='ocrx_word' id='word_1_470' title='bbox 1283 3134 1357 3198; x_wconf 84' lang='grc' dir='ltr'>ὡς</span> <span class='ocrx_word' id='word_1_471' title='bbox 1382 3137 1431 3187; x_wconf 75' lang='lat' dir='ltr'><strong>oi</strong></span> <span class='ocrx_word' id='word_1_472' title='bbox 1461 3136 1698 3190; x_wconf 78' lang='grc' dir='ltr'>Ἰουδαῖοι</span> 
     </span>
    </p>
   </div>
   <div class='ocr_carea' id='block_1_65' title="bbox 1870 3127 3382 3205">
    <p class='ocr_par' dir='ltr' id='par_1_65' title="bbox 1870 3128 3382 3205">
     <span class='ocr_line' id='line_1_65' title="bbox 1870 3128 3382 3205; baseline -0.003 -18"><span class='ocrx_word' id='word_1_473' title='bbox 1870 3135 1990 3188; x_wconf 89' lang='lat' dir='ltr'><strong>nnia</strong></span> <span class='ocrx_word' id='word_1_474' title='bbox 2020 3150 2117 3190; x_wconf 90' lang='lat' dir='ltr'><strong>sua</strong></span> <span class='ocrx_word' id='word_1_475' title='bbox 2148 3134 2400 3205; x_wconf 81' lang='lat' dir='ltr'><strong>dogmata</strong></span> <span class='ocrx_word' id='word_1_476' title='bbox 2432 3132 2772 3203; x_wconf 82' lang='lat' dir='ltr'><strong>proﬁtentur,</strong></span> <span class='ocrx_word' id='word_1_477' title='bbox 2806 3130 2913 3185; x_wconf 88' lang='lat' dir='ltr'><strong>nisi</strong></span> <span class='ocrx_word' id='word_1_478' title='bbox 2950 3130 3095 3201; x_wconf 88' lang='lat' dir='ltr'><strong>quod</strong></span> <span class='ocrx_word' id='word_1_479' title='bbox 3137 3130 3191 3183; x_wconf 92' lang='lat' dir='ltr'><strong>in</strong></span> <span class='ocrx_word' id='word_1_480' title='bbox 3225 3128 3382 3183; x_wconf 83' lang='lat' dir='ltr'><strong>Chri-</strong></span> 
     </span>
    </p>
   </div>
   <div class='ocr_carea' id='block_1_66' title="bbox 106 3219 1701 3301">
    <p class='ocr_par' dir='ltr' id='par_1_66' title="bbox 106 3219 1701 3301">
     <span class='ocr_line' id='line_1_66' title="bbox 106 3219 1701 3301; baseline 0.008 -31"><span class='ocrx_word' id='word_1_481' title='bbox 106 3219 302 3272; x_wconf 74' lang='grc' dir='ltr'>πάντα</span> <span class='ocrx_word' id='word_1_482' title='bbox 338 3221 518 3285; x_wconf 83' lang='grc' dir='ltr'>καλῶς</span> <span class='ocrx_word' id='word_1_483' title='bbox 542 3224 883 3294; x_wconf 81' lang='grc' dir='ltr'>ὁμολογοῦσι,</span> <span class='ocrx_word' id='word_1_484' title='bbox 916 3226 1083 3297; x_wconf 78' lang='grc' dir='ltr'>χωρὶς</span> <span class='ocrx_word' id='word_1_485' title='bbox 1117 3225 1210 3278; x_wconf 91' lang='grc' dir='ltr'><strong>τοῦ</strong></span> <span class='ocrx_word' id='word_1_486' title='bbox 1247 3229 1325 3290; x_wconf 80' lang='grc' dir='ltr'>εἰς</span> <span class='ocrx_word' id='word_1_487' title='bbox 1354 3229 1586 3299; x_wconf 85' lang='grc' dir='ltr'>Χριστὸν</span> <span class='ocrx_word' id='word_1_488' title='bbox 1610 3229 1701 3301; x_wconf 82' lang='grc' dir='ltr'><strong>δῆ-</strong></span> 
     </span>
    </p>
   </div>
   <div class='ocr_carea' id='block_1_67' title="bbox 102 3310 1702 3395">
    <p class='ocr_par' dir='ltr' id='par_1_67' title="bbox 102 3310 1702 3395">
     <span class='ocr_line' id='line_1_67' title="bbox 102 3310 1702 3395; baseline 0.009 -32"><span class='ocrx_word' id='word_1_489' title='bbox 102 3310 205 3364; x_wconf 82' lang='grc' dir='ltr'><strong>θεν</strong></span> <span class='ocrx_word' id='word_1_490' title='bbox 258 3317 706 3370; x_wconf 78' lang='grc' dir='ltr'>πεπιστευκέναι.</span> <span class='ocrx_word' id='word_1_491' title='bbox 758 3318 894 3389; x_wconf 76' lang='grc' dir='ltr'>Παρ⁹</span> <span class='ocrx_word' id='word_1_492' title='bbox 947 3320 1128 3383; x_wconf 67' lang='grc' dir='ltr'>αὐτοῖς</span> <span class='ocrx_word' id='word_1_493' title='bbox 1176 3320 1283 3393; x_wconf 84' lang='grc' dir='ltr'><strong>γὰρ</strong></span> <span class='ocrx_word' id='word_1_494' title='bbox 1335 3322 1429 3375; x_wconf 70' lang='grc' dir='ltr'><strong>καὶ</strong></span> <span class='ocrx_word' id='word_1_495' title='bbox 1493 3324 1702 3395; x_wconf 81' lang='grc' dir='ltr'>νεκρῶν</span> 
     </span>
    </p>
   </div>
   <div class='ocr_carea' id='block_1_68' title="bbox 99 3405 1704 3487">
    <p class='ocr_par' dir='ltr' id='par_1_68' title="bbox 99 3405 1704 3487">
     <span class='ocr_line' id='line_1_68' title="bbox 99 3405 1704 3487; baseline 0.009 -32"><span class='ocrx_word' id='word_1_496' title='bbox 99 3405 422 3468; x_wconf 72' lang='grc' dir='ltr'>ἀνάστασις</span> <span class='ocrx_word' id='word_1_497' title='bbox 451 3407 812 3477; x_wconf 82' lang='grc' dir='ltr'>ὁμολογεῖται,</span> <span class='ocrx_word' id='word_1_498' title='bbox 842 3410 933 3462; x_wconf 83' lang='grc' dir='ltr'><strong>καί</strong></span> <span class='ocrx_word' id='word_1_499' title='bbox 967 3412 1029 3463; x_wconf 82' lang='grc' dir='ltr'>ὲκ</span> <span class='ocrx_word' id='word_1_500' title='bbox 1058 3411 1201 3487; x_wconf 85' lang='grc' dir='ltr'><strong>Θεοῦ¹</strong></span> <span class='ocrx_word' id='word_1_501' title='bbox 1226 3413 1291 3466; x_wconf 77' lang='grc' dir='ltr'>τὰ</span> <span class='ocrx_word' id='word_1_502' title='bbox 1320 3414 1496 3468; x_wconf 86' lang='grc' dir='ltr'>πάντα</span> <span class='ocrx_word' id='word_1_503' title='bbox 1522 3434 1704 3485; x_wconf 85' lang='grc' dir='ltr'>γεγεν-</span> 
     </span>
    </p>
   </div>
   <div class='ocr_carea' id='block_1_69' title="bbox 98 3495 1701 3568">
    <p class='ocr_par' dir='ltr' id='par_1_69' title="bbox 98 3495 1701 3568">
     <span class='ocr_line' id='line_1_69' title="bbox 98 3495 1701 3568; baseline 0.009 -21"><span class='ocrx_word' id='word_1_504' title='bbox 98 3495 338 3565; x_wconf 74' lang='grc' dir='ltr'>νῆσθαι.</span> <span class='ocrx_word' id='word_1_505' title='bbox 380 3497 517 3551; x_wconf 85' lang='grc' dir='ltr'>Ἕνα</span> <span class='ocrx_word' id='word_1_506' title='bbox 543 3498 598 3551; x_wconf 84' lang='grc' dir='ltr'><strong>δὲ</strong></span> <span class='ocrx_word' id='word_1_507' title='bbox 626 3498 758 3552; x_wconf 80' lang='grc' dir='ltr'>Θεὸν</span> <span class='ocrx_word' id='word_1_508' title='bbox 787 3501 1237 3568; x_wconf 85' lang='grc' dir='ltr'>καταγγέλλουσι,</span> <span class='ocrx_word' id='word_1_509' title='bbox 1270 3505 1363 3558; x_wconf 78' lang='grc' dir='ltr'><strong>καὶ</strong></span> <span class='ocrx_word' id='word_1_510' title='bbox 1388 3506 1480 3558; x_wconf 83' lang='grc' dir='ltr'><strong>τὸν</strong></span> <span class='ocrx_word' id='word_1_511' title='bbox 1513 3507 1701 3561; x_wconf 86' lang='grc' dir='ltr'>τούτου</span> 
     </span>
    </p>
   </div>
   <div class='ocr_carea' id='block_1_70' title="bbox 96 3588 1705 3671">
    <p class='ocr_par' dir='ltr' id='par_1_70' title="bbox 96 3588 1705 3671">
     <span class='ocr_line' id='line_1_70' title="bbox 96 3588 1705 3671; baseline 0.009 -32"><span class='ocrx_word' id='word_1_512' title='bbox 96 3588 290 3641; x_wconf 77' lang='grc' dir='ltr'>παῖδα</span> <span class='ocrx_word' id='word_1_513' title='bbox 317 3588 529 3657; x_wconf 82' lang='grc' dir='ltr'>Ἰησοῦν</span> <span class='ocrx_word' id='word_1_514' title='bbox 560 3592 812 3662; x_wconf 79' lang='grc' dir='ltr'>Χριστόν.</span> <span class='ocrx_word' id='word_1_515' title='bbox 850 3592 1140 3664; x_wconf 76' lang='grc' dir='ltr'>Ἐϐραῖκὴν</span> <span class='ocrx_word' id='word_1_516' title='bbox 1169 3595 1224 3648; x_wconf 83' lang='grc' dir='ltr'><strong>δὲ</strong></span> <span class='ocrx_word' id='word_1_517' title='bbox 1254 3596 1527 3652; x_wconf 84' lang='grc' dir='ltr'>διάλεκτον</span> <span class='ocrx_word' id='word_1_518' title='bbox 1558 3601 1705 3671; x_wconf 82' lang='grc' dir='ltr'>ἀκρι-</span> 
     </span>
    </p>
   </div>
   <div class='ocr_carea' id='block_1_71' title="bbox 98 3680 1699 3764">
    <p class='ocr_par' dir='ltr' id='par_1_71' title="bbox 98 3680 1699 3764">
     <span class='ocr_line' id='line_1_71' title="bbox 98 3680 1699 3764; baseline 0.01 -33"><span class='ocrx_word' id='word_1_519' title='bbox 98 3680 226 3745; x_wconf 75' lang='grc' dir='ltr'><strong>σῶς</strong></span> <span class='ocrx_word' id='word_1_520' title='bbox 262 3683 405 3734; x_wconf 81' lang='grc' dir='ltr'>εἰσιν</span> <span class='ocrx_word' id='word_1_521' title='bbox 443 3685 764 3754; x_wconf 76' lang='grc' dir='ltr'>ἠσκημένοι.</span> <span class='ocrx_word' id='word_1_522' title='bbox 804 3686 941 3757; x_wconf 80' lang='grc' dir='ltr'>Παρ⁹</span> <span class='ocrx_word' id='word_1_523' title='bbox 970 3688 1151 3751; x_wconf 76' lang='grc' dir='ltr'>αὐτοῖς</span> <span class='ocrx_word' id='word_1_524' title='bbox 1190 3688 1298 3760; x_wconf 81' lang='grc' dir='ltr'>γὰρ</span> <span class='ocrx_word' id='word_1_525' title='bbox 1326 3693 1433 3754; x_wconf 80' lang='grc' dir='ltr'><strong>πᾶς</strong></span> <span class='ocrx_word' id='word_1_526' title='bbox 1464 3694 1492 3745; x_wconf 82' lang='grc' dir='ltr'>ὁ</span> <span class='ocrx_word' id='word_1_527' title='bbox 1520 3693 1699 3764; x_wconf 84' lang='grc' dir='ltr'>νόμος,</span> 
     </span>
    </p>
   </div>
   <div class='ocr_carea' id='block_1_72' title="bbox 93 3774 1703 3853">
    <p class='ocr_par' dir='ltr' id='par_1_72' title="bbox 93 3774 1703 3853">
     <span class='ocr_line' id='line_1_72' title="bbox 93 3774 1703 3853; baseline 0.006 -27"><span class='ocrx_word' id='word_1_528' title='bbox 93 3777 202 3827; x_wconf 77' lang='grc' dir='ltr'><strong>καὶ</strong></span> <span class='ocrx_word' id='word_1_529' title='bbox 236 3777 294 3828; x_wconf 79' lang='grc' dir='ltr'>οἱ</span> <span class='ocrx_word' id='word_1_530' title='bbox 326 3774 625 3846; x_wconf 71' lang='grc' dir='ltr'>προφῆται,</span> <span class='ocrx_word' id='word_1_531' title='bbox 656 3777 750 3829; x_wconf 68' lang='grc' dir='ltr'><strong>καλ⁵</strong></span> <span class='ocrx_word' id='word_1_532' title='bbox 776 3777 845 3831; x_wconf 80' lang='grc' dir='ltr'>τὰ</span> <span class='ocrx_word' id='word_1_533' title='bbox 872 3778 1117 3850; x_wconf 84' lang='grc' dir='ltr'>Γραφεία</span> <span class='ocrx_word' id='word_1_534' title='bbox 1149 3780 1433 3850; x_wconf 79' lang='grc' dir='ltr'>λεγόμενα,</span> <span class='ocrx_word' id='word_1_535' title='bbox 1466 3784 1606 3853; x_wconf 81' lang='grc' dir='ltr'>φημὶ</span> <span class='ocrx_word' id='word_1_536' title='bbox 1647 3783 1703 3835; x_wconf 87' lang='grc' dir='ltr'>δὲ</span> 
     </span>
    </p>
   </div>
   <div class='ocr_carea' id='block_1_73' title="bbox 92 3866 1700 3942">
    <p class='ocr_par' dir='ltr' id='par_1_73' title="bbox 92 3866 1700 3942">
     <span class='ocr_line' id='line_1_73' title="bbox 92 3866 1700 3942; baseline 0.004 -26"><span class='ocrx_word' id='word_1_537' title='bbox 92 3866 168 3917; x_wconf 68' lang='grc' dir='ltr'><strong>τα</strong></span> <span class='ocrx_word' id='word_1_538' title='bbox 207 3866 499 3936; x_wconf 85' lang='grc' dir='ltr'>Στιχήρη,</span> <span class='ocrx_word' id='word_1_539' title='bbox 530 3868 625 3919; x_wconf 71' lang='grc' dir='ltr'><strong>καὶ</strong></span> <span class='ocrx_word' id='word_1_540' title='bbox 655 3870 709 3920; x_wconf 87' lang='grc' dir='ltr'><strong>αί</strong></span> <span class='ocrx_word' id='word_1_541' title='bbox 749 3868 1047 3930; x_wconf 84' lang='grc' dir='ltr'>Βασιλεῖαι,</span> <span class='ocrx_word' id='word_1_542' title='bbox 1094 3872 1189 3923; x_wconf 69' lang='grc' dir='ltr'>καὶ</span> <span class='ocrx_word' id='word_1_543' title='bbox 1230 3872 1700 3942; x_wconf 79' lang='grc' dir='ltr'>Παραλειπόμενα,</span> 
     </span>
    </p>
   </div>
   <div class='ocr_carea' id='block_1_74' title="bbox 94 3955 1707 4032">
    <p class='ocr_par' dir='ltr' id='par_1_74' title="bbox 94 3955 1707 4032">
     <span class='ocr_line' id='line_1_74' title="bbox 94 3955 1707 4032; baseline 0.003 -22"><span class='ocrx_word' id='word_1_544' title='bbox 94 3956 202 4010; x_wconf 76' lang='grc' dir='ltr'><strong>καὶ</strong></span> <span class='ocrx_word' id='word_1_545' title='bbox 241 3955 486 4029; x_wconf 76' lang='grc' dir='ltr'>Δίσθὴρ,</span> <span class='ocrx_word' id='word_1_546' title='bbox 536 3958 631 4011; x_wconf 74' lang='grc' dir='ltr'>καὶ</span> <span class='ocrx_word' id='word_1_547' title='bbox 674 3958 841 4013; x_wconf 84' lang='grc' dir='ltr'>τάλλα</span> <span class='ocrx_word' id='word_1_548' title='bbox 879 3959 1055 4013; x_wconf 82' lang='grc' dir='ltr'>πάντα</span> <span class='ocrx_word' id='word_1_549' title='bbox 1093 3960 1397 4032; x_wconf 82' lang='grc' dir='ltr'>Ἐὅραῖκῶς</span> <span class='ocrx_word' id='word_1_550' title='bbox 1442 3962 1707 4031; x_wconf 74' lang='grc' dir='ltr'>ἀναγινώο</span> 
     </span>
    </p>
   </div>
   <div class='ocr_carea' id='block_1_75' title="bbox 92 4047 1703 4124">
    <p class='ocr_par' dir='ltr' id='par_1_75' title="bbox 92 4047 1703 4124">
     <span class='ocr_line' id='line_1_75' title="bbox 92 4047 1703 4124; baseline 0.002 -22"><span class='ocrx_word' id='word_1_551' title='bbox 92 4066 338 4111; x_wconf 80' lang='grc' dir='ltr'>σκεται,</span> <span class='ocrx_word' id='word_1_552' title='bbox 373 4047 560 4119; x_wconf 80' lang='grc' dir='ltr'>ὥσπερ</span> <span class='ocrx_word' id='word_1_553' title='bbox 582 4049 772 4119; x_wconf 87' lang='grc' dir='ltr'>ἀμέλει</span> <span class='ocrx_word' id='word_1_554' title='bbox 801 4052 894 4105; x_wconf 71' lang='grc' dir='ltr'><strong>καὶ</strong></span> <span class='ocrx_word' id='word_1_555' title='bbox 912 4052 1063 4123; x_wconf 82' lang='grc' dir='ltr'><strong>παρά</strong></span> <span class='ocrx_word' id='word_1_556' title='bbox 1084 4051 1375 4115; x_wconf 85' lang='grc' dir='ltr'>Ἰουδαίοις.</span> <span class='ocrx_word' id='word_1_557' title='bbox 1420 4053 1508 4106; x_wconf 81' lang='grc' dir='ltr'>Ἐν</span> <span class='ocrx_word' id='word_1_558' title='bbox 1534 4053 1703 4124; x_wconf 85' lang='grc' dir='ltr'>τούτῳ</span> 
     </span>
    </p>
   </div>
   <div class='ocr_carea' id='block_1_76' title="bbox 87 4141 1705 4216">
    <p class='ocr_par' dir='ltr' id='par_1_76' title="bbox 87 4141 1705 4216">
     <span class='ocr_line' id='line_1_76' title="bbox 87 4141 1705 4216; baseline 0.002 -21"><span class='ocrx_word' id='word_1_559' title='bbox 87 4141 154 4195; x_wconf 81' lang='grc' dir='ltr'>δὲ</span> <span class='ocrx_word' id='word_1_560' title='bbox 216 4141 396 4212; x_wconf 82' lang='grc' dir='ltr'>μόνον</span> <span class='ocrx_word' id='word_1_561' title='bbox 441 4141 579 4212; x_wconf 79' lang='grc' dir='ltr'>πρὸς</span> <span class='ocrx_word' id='word_1_562' title='bbox 607 4142 891 4206; x_wconf 85' lang='grc' dir='ltr'>Ἰουδαίους</span> <span class='ocrx_word' id='word_1_563' title='bbox 935 4143 1277 4215; x_wconf 79' lang='grc' dir='ltr'>διαφέρονται</span> <span class='ocrx_word' id='word_1_564' title='bbox 1312 4146 1403 4197; x_wconf 72' lang='grc' dir='ltr'><strong>καὶ</strong></span> <span class='ocrx_word' id='word_1_565' title='bbox 1446 4143 1705 4216; x_wconf 81' lang='grc' dir='ltr'>Χριστια-</span> 
     </span>
    </p>
   </div>
   <div class='ocr_carea' id='block_1_77' title="bbox 89 4231 1705 4305">
    <p class='ocr_par' dir='ltr' id='par_1_77' title="bbox 89 4231 1705 4305">
     <span class='ocr_line' id='line_1_77' title="bbox 89 4231 1705 4305; baseline 0.002 -19"><span class='ocrx_word' id='word_1_566' title='bbox 89 4234 267 4295; x_wconf 82' lang='grc' dir='ltr'>νούς·</span> <span class='ocrx_word' id='word_1_567' title='bbox 327 4231 605 4296; x_wconf 80' lang='grc' dir='ltr'>Ἰουδαίοις</span> <span class='ocrx_word' id='word_1_568' title='bbox 650 4233 749 4303; x_wconf 81' lang='grc' dir='ltr'>μὲν</span> <span class='ocrx_word' id='word_1_569' title='bbox 800 4234 873 4305; x_wconf 84' lang='grc' dir='ltr'><strong>μὴ</strong></span> <span class='ocrx_word' id='word_1_570' title='bbox 924 4235 1357 4304; x_wconf 73' lang='grc' dir='ltr'>συμφωνοῦντες,</span> <span class='ocrx_word' id='word_1_571' title='bbox 1400 4235 1487 4289; x_wconf 80' lang='grc' dir='ltr'>διὰ</span> <span class='ocrx_word' id='word_1_572' title='bbox 1533 4237 1592 4290; x_wconf 90' lang='grc' dir='ltr'><strong>τὸ</strong></span> <span class='ocrx_word' id='word_1_573' title='bbox 1626 4239 1705 4301; x_wconf 81' lang='grc' dir='ltr'>εἰς</span> 
     </span>
    </p>
   </div>
   <div class='ocr_carea' id='block_1_78' title="bbox 1810 3224 3382 3292">
    <p class='ocr_par' dir='ltr' id='par_1_78' title="bbox 1810 3224 3382 3292">
     <span class='ocr_line' id='line_1_78' title="bbox 1810 3224 3382 3292; baseline -0.006 -9"><span class='ocrx_word' id='word_1_574' title='bbox 1810 3238 1953 3283; x_wconf 79' lang='lat' dir='ltr'><strong>stum</strong></span> <span class='ocrx_word' id='word_1_575' title='bbox 1986 3226 2230 3281; x_wconf 89' lang='lat' dir='ltr'><strong>credunt.</strong></span> <span class='ocrx_word' id='word_1_576' title='bbox 2280 3225 2415 3279; x_wconf 84' lang='lat' dir='ltr'><strong>Nam</strong></span> <span class='ocrx_word' id='word_1_577' title='bbox 2446 3233 2500 3280; x_wconf 90' lang='lat' dir='ltr'><strong>et</strong></span> <span class='ocrx_word' id='word_1_578' title='bbox 2530 3233 2775 3281; x_wconf 90' lang='lat' dir='ltr'><strong>mortuos</strong></span> <span class='ocrx_word' id='word_1_579' title='bbox 2804 3224 3032 3279; x_wconf 78' lang='lat' dir='ltr'><strong>excitari</strong></span> <span class='ocrx_word' id='word_1_580' title='bbox 3065 3229 3280 3292; x_wconf 88' lang='lat' dir='ltr'><strong>putant,</strong></span> <span class='ocrx_word' id='word_1_581' title='bbox 3329 3227 3382 3275; x_wconf 88' lang='lat' dir='ltr'><strong>et</strong></span> 
     </span>
    </p>
   </div>
   <div class='ocr_carea' id='block_1_79' title="bbox 1811 3310 3382 3387">
    <p class='ocr_par' dir='ltr' id='par_1_79' title="bbox 1811 3310 3382 3387">
     <span class='ocr_line' id='line_1_79' title="bbox 1811 3310 3382 3387; baseline -0.006 -15"><span class='ocrx_word' id='word_1_582' title='bbox 1811 3334 1841 3372; x_wconf 92' lang='lat' dir='ltr'><strong>a</strong></span> <span class='ocrx_word' id='word_1_583' title='bbox 1878 3318 1984 3373; x_wconf 91' lang='lat' dir='ltr'><strong>Deo</strong></span> <span class='ocrx_word' id='word_1_584' title='bbox 2014 3317 2266 3372; x_wconf 87' lang='lat' dir='ltr'><strong>universa</strong></span> <span class='ocrx_word' id='word_1_585' title='bbox 2315 3315 2597 3387; x_wconf 89' lang='lat' dir='ltr'><strong>producta.</strong></span> <span class='ocrx_word' id='word_1_586' title='bbox 2637 3314 2815 3368; x_wconf 88' lang='lat' dir='ltr'><strong>Unum</strong></span> <span class='ocrx_word' id='word_1_587' title='bbox 2846 3329 2965 3369; x_wconf 91' lang='lat' dir='ltr'><strong>esse</strong></span> <span class='ocrx_word' id='word_1_588' title='bbox 2998 3312 3164 3367; x_wconf 91' lang='lat' dir='ltr'><strong>Deum</strong></span> <span class='ocrx_word' id='word_1_589' title='bbox 3190 3350 3205 3374; x_wconf 95' lang='lat'><strong>,</strong></span> <span class='ocrx_word' id='word_1_590' title='bbox 3238 3310 3382 3379; x_wconf 91' lang='lat' dir='ltr'><strong>ejus-</strong></span> 
     </span>
    </p>
   </div>
   <div class='ocr_carea' id='block_1_80' title="bbox 1809 3400 3383 3478">
    <p class='ocr_par' dir='ltr' id='par_1_80' title="bbox 1809 3400 3383 3478">
     <span class='ocr_line' id='line_1_80' title="bbox 1809 3400 3383 3478; baseline -0.007 -15"><span class='ocrx_word' id='word_1_591' title='bbox 1809 3424 1915 3478; x_wconf 90' lang='lat' dir='ltr'><strong>que</strong></span> <span class='ocrx_word' id='word_1_592' title='bbox 1962 3406 2157 3461; x_wconf 87' lang='lat' dir='ltr'><strong>Filium</strong></span> <span class='ocrx_word' id='word_1_593' title='bbox 2208 3405 2392 3462; x_wconf 83' lang='lat' dir='ltr'><strong>Jesum</strong></span> <span class='ocrx_word' id='word_1_594' title='bbox 2427 3406 2705 3460; x_wconf 89' lang='lat' dir='ltr'><strong>Christum</strong></span> <span class='ocrx_word' id='word_1_595' title='bbox 2754 3402 3069 3474; x_wconf 70' lang='lat' dir='ltr'><strong>praedicant.</strong></span> <span class='ocrx_word' id='word_1_596' title='bbox 3105 3400 3383 3455; x_wconf 69' lang='lat' dir='ltr'><strong>Hebraiczr</strong></span> 
     </span>
    </p>
   </div>
   <div class='ocr_carea' id='block_1_81' title="bbox 1806 3492 3383 3571">
    <p class='ocr_par' dir='ltr' id='par_1_81' title="bbox 1806 3492 3383 3571">
     <span class='ocr_line' id='line_1_81' title="bbox 1806 3492 3383 3571; baseline -0.008 -14"><span class='ocrx_word' id='word_1_597' title='bbox 1806 3517 1938 3557; x_wconf 83' lang='lat' dir='ltr'><strong>vero</strong></span> <span class='ocrx_word' id='word_1_598' title='bbox 1972 3501 2166 3571; x_wconf 71' lang='lat' dir='ltr'><strong>lingua:</strong></span> <span class='ocrx_word' id='word_1_599' title='bbox 2192 3498 2543 3555; x_wconf 88' lang='lat' dir='ltr'><strong>scientissimi</strong></span> <span class='ocrx_word' id='word_1_600' title='bbox 2575 3506 2737 3552; x_wconf 88' lang='lat' dir='ltr'><strong>sunt:</strong></span> <span class='ocrx_word' id='word_1_601' title='bbox 2772 3512 2835 3551; x_wconf 90' lang='lat' dir='ltr'><strong>ac</strong></span> <span class='ocrx_word' id='word_1_602' title='bbox 2864 3512 2987 3551; x_wconf 88' lang='lat' dir='ltr'><strong>cum</strong></span> <span class='ocrx_word' id='word_1_603' title='bbox 3019 3495 3270 3548; x_wconf 88' lang='lat' dir='ltr'><strong>universa</strong></span> <span class='ocrx_word' id='word_1_604' title='bbox 3298 3492 3383 3546; x_wconf 80' lang='lat' dir='ltr'><strong>lex</strong></span> 
     </span>
    </p>
   </div>
   <div class='ocr_carea' id='block_1_82' title="bbox 1810 3588 3384 3665">
    <p class='ocr_par' dir='ltr' id='par_1_82' title="bbox 1810 3588 3384 3665">
     <span class='ocr_line' id='line_1_82' title="bbox 1810 3588 3384 3665; baseline -0.008 -15"><span class='ocrx_word' id='word_1_605' title='bbox 1810 3596 1948 3665; x_wconf 89' lang='lat' dir='ltr'><strong>apud</strong></span> <span class='ocrx_word' id='word_1_606' title='bbox 1977 3596 2099 3650; x_wconf 90' lang='lat' dir='ltr'><strong>illos</strong></span> <span class='ocrx_word' id='word_1_607' title='bbox 2118 3636 2133 3661; x_wconf 95' lang='lat'><strong>,</strong></span> <span class='ocrx_word' id='word_1_608' title='bbox 2163 3602 2277 3649; x_wconf 91' lang='lat' dir='ltr'><strong>tum</strong></span> <span class='ocrx_word' id='word_1_609' title='bbox 2310 3593 2585 3663; x_wconf 72' lang='lat' dir='ltr'><strong>propheta:</strong></span> <span class='ocrx_word' id='word_1_610' title='bbox 2608 3631 2622 3657; x_wconf 95' lang='lat'><strong>,</strong></span> <span class='ocrx_word' id='word_1_611' title='bbox 2652 3600 2707 3647; x_wconf 89' lang='lat' dir='ltr'><strong>et</strong></span> <span class='ocrx_word' id='word_1_612' title='bbox 2736 3588 3101 3660; x_wconf 84' lang='lat' dir='ltr'><strong>hagiographa</strong></span> <span class='ocrx_word' id='word_1_613' title='bbox 3120 3627 3133 3650; x_wconf 88' lang='lat'><strong>,</strong></span> <span class='ocrx_word' id='word_1_614' title='bbox 3172 3588 3273 3639; x_wconf 93' lang='lat' dir='ltr'><strong>hoc</strong></span> <span class='ocrx_word' id='word_1_615' title='bbox 3300 3591 3384 3639; x_wconf 89' lang='lat' dir='ltr'><strong>est</strong></span> 
     </span>
    </p>
   </div>
   <div class='ocr_carea' id='block_1_83' title="bbox 1810 3679 3382 3756">
    <p class='ocr_par' dir='ltr' id='par_1_83' title="bbox 1810 3679 3382 3756">
     <span class='ocr_line' id='line_1_83' title="bbox 1810 3679 3382 3756; baseline -0.006 -15"><span class='ocrx_word' id='word_1_616' title='bbox 1810 3689 1934 3742; x_wconf 86' lang='lat' dir='ltr'><strong>libri</strong></span> <span class='ocrx_word' id='word_1_617' title='bbox 1973 3687 2049 3739; x_wconf 92' lang='lat' dir='ltr'><strong>illi</strong></span> <span class='ocrx_word' id='word_1_618' title='bbox 2095 3687 2187 3756; x_wconf 90' lang='lat' dir='ltr'><strong>qui</strong></span> <span class='ocrx_word' id='word_1_619' title='bbox 2219 3685 2471 3739; x_wconf 80' lang='lat' dir='ltr'><strong>versibus</strong></span> <span class='ocrx_word' id='word_1_620' title='bbox 2508 3684 2750 3738; x_wconf 87' lang='lat' dir='ltr'><strong>distincti</strong></span> <span class='ocrx_word' id='word_1_621' title='bbox 2791 3690 2950 3746; x_wconf 88' lang='lat' dir='ltr'><strong>sunt,</strong></span> <span class='ocrx_word' id='word_1_622' title='bbox 2985 3690 3039 3735; x_wconf 92' lang='lat' dir='ltr'><strong>et</strong></span> <span class='ocrx_word' id='word_1_623' title='bbox 3085 3679 3382 3749; x_wconf 68' lang='lat' dir='ltr'><strong>prophetae,</strong></span> 
     </span>
    </p>
   </div>
   <div class='ocr_carea' id='block_1_84' title="bbox 1816 3769 3385 3848">
    <p class='ocr_par' dir='ltr' id='par_1_84' title="bbox 1816 3769 3385 3848">
     <span class='ocr_line' id='line_1_84' title="bbox 1816 3769 3385 3848; baseline -0.005 -14"><span class='ocrx_word' id='word_1_624' title='bbox 1816 3779 1971 3848; x_wconf 81' lang='lat'><strong>123</strong></span> <span class='ocrx_word' id='word_1_625' title='bbox 2000 3777 2411 3847; x_wconf 86' lang='lat' dir='ltr'><strong>Paralipomeua</strong></span> <span class='ocrx_word' id='word_1_626' title='bbox 2440 3815 2454 3839; x_wconf 94' lang='lat'><strong>,</strong></span> <span class='ocrx_word' id='word_1_627' title='bbox 2503 3775 2727 3837; x_wconf 86' lang='lat' dir='ltr'><strong>Esther,</strong></span> <span class='ocrx_word' id='word_1_628' title='bbox 2758 3780 3061 3840; x_wconf 59' lang='lat' dir='ltr'><strong>caeteraque</strong></span> <span class='ocrx_word' id='word_1_629' title='bbox 3113 3769 3167 3824; x_wconf 92' lang='lat' dir='ltr'><strong>id</strong></span> <span class='ocrx_word' id='word_1_630' title='bbox 3214 3785 3385 3841; x_wconf 80' lang='lat' dir='ltr'><strong>genus</strong></span> 
     </span>
    </p>
   </div>
   <div class='ocr_carea' id='block_1_85' title="bbox 1810 3862 3385 3938">
    <p class='ocr_par' dir='ltr' id='par_1_85' title="bbox 1810 3862 3385 3938">
     <span class='ocr_line' id='line_1_85' title="bbox 1810 3862 3385 3938; baseline -0.006 -14"><span class='ocrx_word' id='word_1_631' title='bbox 1810 3870 2163 3938; x_wconf 75' lang='lat' dir='ltr'><strong>llebraicem</strong></span> <span class='ocrx_word' id='word_1_632' title='bbox 2206 3876 2260 3923; x_wconf 91' lang='lat' dir='ltr'><strong>et</strong></span> <span class='ocrx_word' id='word_1_633' title='bbox 2309 3883 2339 3920; x_wconf 89' lang='lat' dir='ltr'><strong>a</strong></span> <span class='ocrx_word' id='word_1_634' title='bbox 2370 3866 2573 3922; x_wconf 65' lang='lat' dir='ltr'><strong>ludatis</strong></span> <span class='ocrx_word' id='word_1_635' title='bbox 2606 3868 2877 3936; x_wconf 88' lang='lat' dir='ltr'><strong>leguntur.</strong></span> <span class='ocrx_word' id='word_1_636' title='bbox 2912 3862 3027 3916; x_wconf 82' lang='lat' dir='ltr'><strong>Hoc</strong></span> <span class='ocrx_word' id='word_1_637' title='bbox 3060 3863 3226 3933; x_wconf 83' lang='lat' dir='ltr'><strong>igitur</strong></span> <span class='ocrx_word' id='word_1_638' title='bbox 3277 3877 3385 3916; x_wconf 92' lang='lat' dir='ltr'><strong>uno</strong></span> 
     </span>
    </p>
   </div>
   <div class='ocr_carea' id='block_1_86' title="bbox 1813 3956 3386 4033">
    <p class='ocr_par' dir='ltr' id='par_1_86' title="bbox 1813 3956 3386 4033">
     <span class='ocr_line' id='line_1_86' title="bbox 1813 3956 3386 4033; baseline -0.006 -14"><span class='ocrx_word' id='word_1_639' title='bbox 1813 3975 1921 4019; x_wconf 91' lang='lat' dir='ltr'><strong>tam</strong></span> <span class='ocrx_word' id='word_1_640' title='bbox 1945 3979 1975 4017; x_wconf 89' lang='lat' dir='ltr'><strong>a</strong></span> <span class='ocrx_word' id='word_1_641' title='bbox 2002 3962 2223 4028; x_wconf 63' lang='lat' dir='ltr'><strong>Judmis,</strong></span> <span class='ocrx_word' id='word_1_642' title='bbox 2250 3976 2411 4033; x_wconf 91' lang='lat' dir='ltr'><strong>quam</strong></span> <span class='ocrx_word' id='word_1_643' title='bbox 2441 3976 2470 4014; x_wconf 94' lang='lat' dir='ltr'><strong>a</strong></span> <span class='ocrx_word' id='word_1_644' title='bbox 2499 3959 2826 4016; x_wconf 88' lang='lat' dir='ltr'><strong>Christianis</strong></span> <span class='ocrx_word' id='word_1_645' title='bbox 2857 3957 3112 4013; x_wconf 80' lang='lat' dir='ltr'><strong>diﬂ‘erunt</strong></span> <span class='ocrx_word' id='word_1_646' title='bbox 3136 3976 3149 4011; x_wconf 91' lang='lat'>:</span> <span class='ocrx_word' id='word_1_647' title='bbox 3181 3956 3250 4011; x_wconf 90' lang='lat' dir='ltr'><strong>ab</strong></span> <span class='ocrx_word' id='word_1_648' title='bbox 3278 3957 3386 4010; x_wconf 81' lang='lat' dir='ltr'><strong>illis</strong></span> 
     </span>
    </p>
   </div>
   <div class='ocr_carea' id='block_1_87' title="bbox 1811 4048 3387 4128">
    <p class='ocr_par' dir='ltr' id='par_1_87' title="bbox 1811 4048 3387 4128">
     <span class='ocr_line' id='line_1_87' title="bbox 1811 4048 3387 4128; baseline -0.005 -17"><span class='ocrx_word' id='word_1_649' title='bbox 1811 4056 2059 4128; x_wconf 88' lang='lat' dir='ltr'><strong>quidem,</strong></span> <span class='ocrx_word' id='word_1_650' title='bbox 2084 4055 2225 4125; x_wconf 89' lang='lat' dir='ltr'><strong>quod</strong></span> <span class='ocrx_word' id='word_1_651' title='bbox 2278 4054 2332 4107; x_wconf 93' lang='lat' dir='ltr'><strong>in</strong></span> <span class='ocrx_word' id='word_1_652' title='bbox 2381 4052 2653 4108; x_wconf 89' lang='lat' dir='ltr'><strong>Christum</strong></span> <span class='ocrx_word' id='word_1_653' title='bbox 2694 4050 2959 4114; x_wconf 85' lang='lat' dir='ltr'><strong>credant;</strong></span> <span class='ocrx_word' id='word_1_654' title='bbox 3003 4064 3032 4101; x_wconf 91' lang='lat' dir='ltr'><strong>a</strong></span> <span class='ocrx_word' id='word_1_655' title='bbox 3060 4048 3387 4103; x_wconf 83' lang='lat' dir='ltr'><strong>Christianis</strong></span> 
     </span>
    </p>
   </div>
   <div class='ocr_carea' id='block_1_88' title="bbox 1810 4140 3388 4218">
    <p class='ocr_par' dir='ltr' id='par_1_88' title="bbox 1810 4140 3388 4218">
     <span class='ocr_line' id='line_1_88' title="bbox 1810 4140 3388 4218; baseline -0.005 -17"><span class='ocrx_word' id='word_1_656' title='bbox 1810 4164 1960 4212; x_wconf 90' lang='lat' dir='ltr'><strong>vero,</strong></span> <span class='ocrx_word' id='word_1_657' title='bbox 1984 4146 2127 4218; x_wconf 91' lang='lat' dir='ltr'><strong>quod</strong></span> <span class='ocrx_word' id='word_1_658' title='bbox 2152 4143 2394 4199; x_wconf 86' lang='lat' dir='ltr'><strong>Judaicis</strong></span> <span class='ocrx_word' id='word_1_659' title='bbox 2423 4143 2600 4197; x_wconf 89' lang='lat' dir='ltr'><strong>adhuc</strong></span> <span class='ocrx_word' id='word_1_660' title='bbox 2628 4142 2823 4196; x_wconf 91' lang='lat' dir='ltr'><strong>ritibus</strong></span> <span class='ocrx_word' id='word_1_661' title='bbox 2848 4141 3215 4210; x_wconf 86' lang='lat' dir='ltr'><strong>implicentur,</strong></span> <span class='ocrx_word' id='word_1_662' title='bbox 3240 4140 3388 4193; x_wconf 85' lang='lat' dir='ltr'><strong>velut</strong></span> 
     </span>
    </p>
   </div>
   <div class='ocr_carea' id='block_1_89' title="bbox 1811 4230 3388 4304">
    <p class='ocr_par' dir='ltr' id='par_1_89' title="bbox 1811 4230 3388 4304">
     <span class='ocr_line' id='line_1_89' title="bbox 1811 4230 3388 4304; baseline -0.004 -11"><span class='ocrx_word' id='word_1_663' title='bbox 1811 4239 2227 4299; x_wconf 89' lang='lat' dir='ltr'><strong>circumcisione</strong></span> <span class='ocrx_word' id='word_1_664' title='bbox 2250 4277 2265 4301; x_wconf 93' lang='lat'><strong>,</strong></span> <span class='ocrx_word' id='word_1_665' title='bbox 2315 4235 2552 4291; x_wconf 86' lang='lat' dir='ltr'><strong>Sabbato</strong></span> <span class='ocrx_word' id='word_1_666' title='bbox 2578 4275 2593 4299; x_wconf 88' lang='lat'><strong>,</strong></span> <span class='ocrx_word' id='word_1_667' title='bbox 2630 4234 2861 4304; x_wconf 87' lang='lat' dir='ltr'><strong>aliisque</strong></span> <span class='ocrx_word' id='word_1_668' title='bbox 2898 4233 3256 4289; x_wconf 66' lang='lat' dir='ltr'><strong>caeremoniis.</strong></span> <span class='ocrx_word' id='word_1_669' title='bbox 3312 4230 3388 4286; x_wconf 81' lang='lat' dir='ltr'><strong>De</strong></span> 
     </span>
    </p>
   </div>
   <div class='ocr_carea' id='block_1_90' title="bbox 82 4322 1698 4397">
    <p class='ocr_par' dir='ltr' id='par_1_90' title="bbox 82 4322 1698 4397">
     <span class='ocr_line' id='line_1_90' title="bbox 82 4322 1698 4397; baseline 0.002 -21"><span class='ocrx_word' id='word_1_670' title='bbox 82 4322 366 4395; x_wconf 71' lang='grc' dir='ltr'>Χριστὸν</span> <span class='ocrx_word' id='word_1_671' title='bbox 401 4323 850 4376; x_wconf 71' lang='grc' dir='ltr'>πεπιστευκέναι*</span> <span class='ocrx_word' id='word_1_672' title='bbox 886 4322 1230 4395; x_wconf 83' lang='grc' dir='ltr'>Χριστιανοῖς</span> <span class='ocrx_word' id='word_1_673' title='bbox 1258 4325 1313 4378; x_wconf 85' lang='grc' dir='ltr'>δὲ</span> <span class='ocrx_word' id='word_1_674' title='bbox 1354 4326 1426 4397; x_wconf 87' lang='grc' dir='ltr'>μὴ</span> <span class='ocrx_word' id='word_1_675' title='bbox 1460 4329 1698 4397; x_wconf 77' lang='grc' dir='ltr'>ὁμογνω-</span> 
     </span>
    </p>
   </div>
   <div class='ocr_carea' id='block_1_91' title="bbox 1870 4322 3385 4397">
    <p class='ocr_par' dir='ltr' id='par_1_91' title="bbox 1874 4326 3385 4392">
     <span class='ocr_line' id='line_1_91' title="bbox 1874 4326 3385 4392; baseline -0.005 -11"><span class='ocrx_word' id='word_1_676' title='bbox 1874 4329 2028 4384; x_wconf 79' lang='lat' dir='ltr'><strong>iristo</strong></span> <span class='ocrx_word' id='word_1_677' title='bbox 2076 4343 2208 4383; x_wconf 88' lang='lat' dir='ltr'><strong>vero</strong></span> <span class='ocrx_word' id='word_1_678' title='bbox 2244 4334 2392 4382; x_wconf 87' lang='lat' dir='ltr'><strong>certo</strong></span> <span class='ocrx_word' id='word_1_679' title='bbox 2442 4326 2571 4380; x_wconf 90' lang='lat' dir='ltr'><strong>illud</strong></span> <span class='ocrx_word' id='word_1_680' title='bbox 2606 4326 2872 4379; x_wconf 81' lang='lat' dir='ltr'><strong>aﬂirmare</strong></span> <span class='ocrx_word' id='word_1_681' title='bbox 2905 4338 3151 4392; x_wconf 89' lang='lat' dir='ltr'><strong>nequeo,</strong></span> <span class='ocrx_word' id='word_1_682' title='bbox 3200 4329 3385 4375; x_wconf 73' lang='lat' dir='ltr'><strong>utrum</strong></span> 
     </span>
    </p>
   </div>
   <div class='ocr_carea' id='block_1_92' title="bbox 88 4412 1698 4500">
    <p class='ocr_par' dir='ltr' id='par_1_92' title="bbox 88 4414 1698 4490">
     <span class='ocr_line' id='line_1_92' title="bbox 88 4414 1698 4490; baseline 0.002 -22"><span class='ocrx_word' id='word_1_683' title='bbox 88 4416 381 4486; x_wconf 82' lang='grc' dir='ltr'>μοῦντες,</span> <span class='ocrx_word' id='word_1_684' title='bbox 411 4416 498 4468; x_wconf 76' lang='grc' dir='ltr'>διὰ</span> <span class='ocrx_word' id='word_1_685' title='bbox 537 4415 598 4468; x_wconf 79' lang='grc' dir='ltr'><strong>τὸ</strong></span> <span class='ocrx_word' id='word_1_686' title='bbox 643 4414 722 4468; x_wconf 75' lang='grc' dir='ltr'>ἔτι</span> <span class='ocrx_word' id='word_1_687' title='bbox 767 4415 916 4486; x_wconf 83' lang='grc' dir='ltr'>νόμῳ</span> <span class='ocrx_word' id='word_1_688' title='bbox 954 4418 1311 4489; x_wconf 85' lang='grc' dir='ltr'>πεπεδῆσθαι,</span> <span class='ocrx_word' id='word_1_689' title='bbox 1343 4422 1610 4490; x_wconf 84' lang='grc' dir='ltr'>περιτομῇ</span> <span class='ocrx_word' id='word_1_690' title='bbox 1644 4436 1698 4471; x_wconf 87' lang='grc' dir='ltr'><strong>τε</strong></span> 
     </span>
    </p>
   </div>
   <div class='ocr_carea' id='block_1_93' title="bbox 1870 4412 3387 4500">
    <p class='ocr_par' dir='ltr' id='par_1_93' title="bbox 1870 4412 3387 4486">
     <span class='ocr_line' id='line_1_93' title="bbox 1870 4412 3387 4486; baseline -0.007 -12"><span class='ocrx_word' id='word_1_691' title='bbox 1870 4421 2051 4475; x_wconf 73' lang='lat' dir='ltr'><strong>:rinthi</strong></span> <span class='ocrx_word' id='word_1_692' title='bbox 2076 4421 2160 4474; x_wconf 87' lang='lat' dir='ltr'><strong>vel</strong></span> <span class='ocrx_word' id='word_1_693' title='bbox 2208 4418 2458 4473; x_wconf 82' lang='lat' dir='ltr'><strong>Merinthi</strong></span> <span class='ocrx_word' id='word_1_694' title='bbox 2491 4418 2764 4486; x_wconf 83' lang='lat' dir='ltr'><strong>impietate</strong></span> <span class='ocrx_word' id='word_1_695' title='bbox 2802 4417 2890 4469; x_wconf 88' lang='lat' dir='ltr'><strong>illa</strong></span> <span class='ocrx_word' id='word_1_696' title='bbox 2922 4415 3154 4483; x_wconf 86' lang='lat' dir='ltr'><strong>decepti,</strong></span> <span class='ocrx_word' id='word_1_697' title='bbox 3178 4412 3387 4481; x_wconf 89' lang='lat' dir='ltr'><strong>simpli-</strong></span> 
     </span>
    </p>
   </div>
   <div class='ocr_carea' id='block_1_94' title="bbox 82 4505 1698 4580">
    <p class='ocr_par' dir='ltr' id='par_1_94' title="bbox 82 4505 1698 4580">
     <span class='ocr_line' id='line_1_94' title="bbox 82 4505 1698 4580; baseline 0.002 -21"><span class='ocrx_word' id='word_1_698' title='bbox 82 4508 191 4559; x_wconf 72' lang='grc' dir='ltr'>λαὶ</span> <span class='ocrx_word' id='word_1_699' title='bbox 231 4505 518 4576; x_wconf 76' lang='grc' dir='ltr'><strong>Σαϐϐάτῳ</strong></span> <span class='ocrx_word' id='word_1_700' title='bbox 550 4506 644 4558; x_wconf 77' lang='grc' dir='ltr'><strong>καὶ</strong></span> <span class='ocrx_word' id='word_1_701' title='bbox 675 4509 789 4569; x_wconf 85' lang='grc' dir='ltr'>τοῖς</span> <span class='ocrx_word' id='word_1_702' title='bbox 832 4507 1028 4573; x_wconf 79' lang='grc' dir='ltr'>ἄλλοις.</span> <span class='ocrx_word' id='word_1_703' title='bbox 1076 4510 1212 4580; x_wconf 74' lang='grc' dir='ltr'>Περὶ</span> <span class='ocrx_word' id='word_1_704' title='bbox 1252 4510 1488 4580; x_wconf 83' lang='grc' dir='ltr'>Χριστοῦ</span> <span class='ocrx_word' id='word_1_705' title='bbox 1519 4510 1575 4563; x_wconf 85' lang='grc' dir='ltr'><strong>δὲ</strong></span> <span class='ocrx_word' id='word_1_706' title='bbox 1608 4510 1698 4562; x_wconf 74' lang='grc' dir='ltr'><strong>οὐκ</strong></span> 
     </span>
    </p>
   </div>
   <div class='ocr_carea' id='block_1_95' title="bbox 1870 4505 3386 4580">
    <p class='ocr_par' dir='ltr' id='par_1_95' title="bbox 1876 4508 3386 4571">
     <span class='ocr_line' id='line_1_95' title="bbox 1876 4508 3386 4571; baseline -0.005 -5"><span class='ocrx_word' id='word_1_707' title='bbox 1876 4528 1927 4566; x_wconf 92' lang='lat' dir='ltr'><strong>m</strong></span> <span class='ocrx_word' id='word_1_708' title='bbox 1975 4512 2124 4565; x_wconf 91' lang='lat' dir='ltr'><strong>illum</strong></span> <span class='ocrx_word' id='word_1_709' title='bbox 2159 4512 2433 4565; x_wconf 87' lang='lat' dir='ltr'><strong>hominem</strong></span> <span class='ocrx_word' id='word_1_710' title='bbox 2485 4518 2797 4565; x_wconf 88' lang='lat' dir='ltr'><strong>asseverent</strong></span> <span class='ocrx_word' id='word_1_711' title='bbox 2824 4549 2837 4571; x_wconf 95' lang='lat'><strong>,</strong></span> <span class='ocrx_word' id='word_1_712' title='bbox 2898 4524 2988 4571; x_wconf 89' lang='lat' dir='ltr'><strong>an,</strong></span> <span class='ocrx_word' id='word_1_713' title='bbox 3026 4508 3102 4560; x_wconf 90' lang='lat' dir='ltr'><strong>uti</strong></span> <span class='ocrx_word' id='word_1_714' title='bbox 3132 4522 3252 4562; x_wconf 87' lang='lat' dir='ltr'><strong>sese</strong></span> <span class='ocrx_word' id='word_1_715' title='bbox 3298 4520 3386 4559; x_wconf 85' lang='lat' dir='ltr'><strong>res</strong></span> 
     </span>
    </p>
   </div>
   <div class='ocr_carea' id='block_1_96' title="bbox 76 4583 1698 4674">
    <p class='ocr_par' dir='ltr' id='par_1_96' title="bbox 76 4594 1698 4670">
     <span class='ocr_line' id='line_1_96' title="bbox 76 4594 1698 4670; baseline 0.001 -21"><span class='ocrx_word' id='word_1_716' title='bbox 76 4594 217 4649; x_wconf 73' lang='grc' dir='ltr'>οἶδα</span> <span class='ocrx_word' id='word_1_717' title='bbox 247 4597 463 4657; x_wconf 74' lang='grc' dir='ltr'>εἰπεῖν,</span> <span class='ocrx_word' id='word_1_718' title='bbox 494 4597 540 4648; x_wconf 83' lang='grc' dir='ltr'><strong>εί</strong></span> <span class='ocrx_word' id='word_1_719' title='bbox 574 4596 665 4649; x_wconf 80' lang='grc' dir='ltr'><strong>καὶ</strong></span> <span class='ocrx_word' id='word_1_720' title='bbox 702 4598 877 4663; x_wconf 72' lang='grc' dir='ltr'>αὐτοὶ,</span> <span class='ocrx_word' id='word_1_721' title='bbox 911 4602 976 4670; x_wconf 84' lang='grc' dir='ltr'>τῇ</span> <span class='ocrx_word' id='word_1_722' title='bbox 1003 4600 1111 4651; x_wconf 85' lang='grc' dir='ltr'><strong>τῶν</strong></span> <span class='ocrx_word' id='word_1_723' title='bbox 1146 4599 1555 4670; x_wconf 82' lang='grc' dir='ltr'>προειρημένων</span> <span class='ocrx_word' id='word_1_724' title='bbox 1581 4600 1698 4670; x_wconf 58' lang='grc' dir='ltr'>περί</span> 
     </span>
    </p>
   </div>
   <div class='ocr_carea' id='block_1_97' title="bbox 1870 4583 3385 4674">
    <p class='ocr_par' dir='ltr' id='par_1_97' title="bbox 1870 4583 3385 4674">
     <span class='ocr_line' id='line_1_97' title="bbox 1870 4583 3385 4674; baseline -0.002 -19"><span class='ocrx_word' id='word_1_725' title='bbox 1870 4604 1992 4669; x_wconf 66' lang='lat' dir='ltr'><strong>lbet,</strong></span> <span class='ocrx_word' id='word_1_726' title='bbox 2030 4620 2126 4674; x_wconf 89' lang='lat' dir='ltr'><strong>per</strong></span> <span class='ocrx_word' id='word_1_727' title='bbox 2155 4604 2417 4671; x_wconf 88' lang='lat' dir='ltr'><strong>Spiritum</strong></span> <span class='ocrx_word' id='word_1_728' title='bbox 2450 4610 2702 4656; x_wconf 89' lang='lat' dir='ltr'><strong>sanctum</strong></span> <span class='ocrx_word' id='word_1_729' title='bbox 2735 4602 2801 4657; x_wconf 88' lang='lat' dir='ltr'><strong>de</strong></span> <span class='ocrx_word' id='word_1_730' title='bbox 2828 4583 2996 4655; x_wconf 67' lang='lat' dir='ltr'><strong>Maria</strong></span> <span class='ocrx_word' id='word_1_731' title='bbox 3028 4600 3251 4669; x_wconf 80' lang='lat' dir='ltr'><strong>Virgine</strong></span> <span class='ocrx_word' id='word_1_732' title='bbox 3294 4614 3385 4667; x_wconf 83' lang='lat' dir='ltr'><strong>ge-</strong></span> 
     </span>
    </p>
   </div>
   <div class='ocr_carea' id='block_1_98' title="bbox 77 4685 1698 4761">
    <p class='ocr_par' dir='ltr' id='par_1_98' title="bbox 77 4685 1698 4761">
     <span class='ocr_line' id='line_1_98' title="bbox 77 4685 1698 4761; baseline 0.002 -22"><span class='ocrx_word' id='word_1_733' title='bbox 77 4685 404 4759; x_wconf 75' lang='grc' dir='ltr'>Κήρινθον</span> <span class='ocrx_word' id='word_1_734' title='bbox 454 4687 547 4739; x_wconf 75' lang='grc' dir='ltr'><strong>καὶ</strong></span> <span class='ocrx_word' id='word_1_735' title='bbox 588 4688 863 4758; x_wconf 83' lang='grc' dir='ltr'>Μήρινθον</span> <span class='ocrx_word' id='word_1_736' title='bbox 908 4690 1178 4761; x_wconf 80' lang='grc' dir='ltr'>μοχθηρίᾳ</span> <span class='ocrx_word' id='word_1_737' title='bbox 1225 4690 1507 4759; x_wconf 83' lang='grc' dir='ltr'>ἀχθέντες,</span> <span class='ocrx_word' id='word_1_738' title='bbox 1556 4690 1698 4759; x_wconf 56' lang='grc' dir='ltr'>ψιλὸν</span> 
     </span>
    </p>
   </div>
   <div class='ocr_carea' id='block_1_99' title="bbox 1870 4685 3385 4761">
    <p class='ocr_par' dir='ltr' id='par_1_99' title="bbox 1871 4693 3385 4752">
     <span class='ocr_line' id='line_1_99' title="bbox 1871 4693 3385 4752; baseline -0.003 -3"><span class='ocrx_word' id='word_1_739' title='bbox 1871 4708 1980 4750; x_wconf 87' lang='lat' dir='ltr'><strong>tum</strong></span> <span class='ocrx_word' id='word_1_740' title='bbox 2032 4712 2155 4752; x_wconf 90' lang='lat' dir='ltr'><strong>esse</strong></span> <span class='ocrx_word' id='word_1_741' title='bbox 2207 4696 2499 4749; x_wconf 81' lang='lat' dir='ltr'><strong>fateantur.</strong></span> <span class='ocrx_word' id='word_1_742' title='bbox 2530 4695 2798 4750; x_wconf 76' lang='lat' dir='ltr'><strong>Caeterum</strong></span> <span class='ocrx_word' id='word_1_743' title='bbox 2849 4696 2963 4749; x_wconf 73' lang='lat' dir='ltr'><strong>han:</strong></span> <span class='ocrx_word' id='word_1_744' title='bbox 3002 4693 3385 4746; x_wconf 69' lang='lat' dir='ltr'><strong>Nazarmorum</strong></span> 
     </span>
    </p>
   </div>
   <div class='ocr_carea' id='block_1_100' title="bbox 74 4778 1698 4857">
    <p class='ocr_par' dir='ltr' id='par_1_100' title="bbox 74 4778 1698 4853">
     <span class='ocr_line' id='line_1_100' title="bbox 74 4778 1698 4853; baseline 0.002 -22"><span class='ocrx_word' id='word_1_745' title='bbox 74 4778 420 4849; x_wconf 75' lang='grc' dir='ltr'>ἄνθρωπον</span> <span class='ocrx_word' id='word_1_746' title='bbox 448 4778 761 4847; x_wconf 81' lang='grc' dir='ltr'>νομίζουσιν</span> <span class='ocrx_word' id='word_1_747' title='bbox 781 4795 795 4809; x_wconf 77' lang='grc' dir='ltr'><strong>ο</strong></span> <span class='ocrx_word' id='word_1_748' title='bbox 821 4779 875 4850; x_wconf 81' lang='grc' dir='ltr'>ἢ,</span> <span class='ocrx_word' id='word_1_749' title='bbox 915 4779 1096 4843; x_wconf 85' lang='grc' dir='ltr'>καθὼς</span> <span class='ocrx_word' id='word_1_750' title='bbox 1137 4782 1169 4851; x_wconf 84' lang='grc' dir='ltr'>ή</span> <span class='ocrx_word' id='word_1_751' title='bbox 1204 4781 1429 4853; x_wconf 80' lang='grc' dir='ltr'>ἀλήθεια</span> <span class='ocrx_word' id='word_1_752' title='bbox 1458 4782 1589 4852; x_wconf 78' lang='grc' dir='ltr'>ἔχει,</span> <span class='ocrx_word' id='word_1_753' title='bbox 1622 4782 1698 4835; x_wconf 77' lang='grc' dir='ltr'>διὸ</span> 
     </span>
    </p>
   </div>
   <div class='ocr_carea' id='block_1_101' title="bbox 1870 4778 3385 4857">
    <p class='ocr_par' dir='ltr' id='par_1_101' title="bbox 1872 4783 3385 4857">
     <span class='ocr_line' id='line_1_101' title="bbox 1872 4783 3385 4857; baseline -0.002 -16"><span class='ocrx_word' id='word_1_754' title='bbox 1872 4796 1956 4841; x_wconf 88' lang='lat' dir='ltr'><strong>cta</strong></span> <span class='ocrx_word' id='word_1_755' title='bbox 1989 4788 2043 4841; x_wconf 91' lang='lat' dir='ltr'><strong>in</strong></span> <span class='ocrx_word' id='word_1_756' title='bbox 2072 4787 2345 4843; x_wconf 73' lang='lat' dir='ltr'><strong>Bermensi</strong></span> <span class='ocrx_word' id='word_1_757' title='bbox 2378 4788 2593 4842; x_wconf 87' lang='lat' dir='ltr'><strong>civitate</strong></span> <span class='ocrx_word' id='word_1_758' title='bbox 2625 4787 2967 4857; x_wconf 89' lang='lat' dir='ltr'><strong>potissimum</strong></span> <span class='ocrx_word' id='word_1_759' title='bbox 2992 4786 3153 4855; x_wconf 80' lang='lat' dir='ltr'><strong>viget,</strong></span> <span class='ocrx_word' id='word_1_760' title='bbox 3180 4784 3247 4838; x_wconf 91' lang='lat' dir='ltr'><strong>ad</strong></span> <span class='ocrx_word' id='word_1_761' title='bbox 3263 4783 3385 4838; x_wconf 67' lang='lat' dir='ltr'><strong>Ca:-</strong></span> 
     </span>
    </p>
   </div>
   <div class='ocr_carea' id='block_1_102' title="bbox 74 4869 1698 4950">
    <p class='ocr_par' dir='ltr' id='par_1_102' title="bbox 74 4869 1698 4944">
     <span class='ocr_line' id='line_1_102' title="bbox 74 4869 1698 4944; baseline 0.002 -22"><span class='ocrx_word' id='word_1_762' title='bbox 74 4869 449 4937; x_wconf 78' lang='grc' dir='ltr'>Πνεὺματος</span> <span class='ocrx_word' id='word_1_763' title='bbox 491 4870 647 4937; x_wconf 85' lang='grc' dir='ltr'>ἁγίου</span> <span class='ocrx_word' id='word_1_764' title='bbox 689 4872 1045 4942; x_wconf 83' lang='grc' dir='ltr'>γεγεννῆσθαι</span> <span class='ocrx_word' id='word_1_765' title='bbox 1081 4875 1145 4925; x_wconf 84' lang='grc' dir='ltr'><strong>ὲκ</strong></span> <span class='ocrx_word' id='word_1_766' title='bbox 1189 4874 1407 4944; x_wconf 88' lang='grc' dir='ltr'>Μαρίας</span> <span class='ocrx_word' id='word_1_767' title='bbox 1434 4875 1698 4928; x_wconf 76' lang='grc' dir='ltr'>διαϐεϐαι-</span> 
     </span>
    </p>
   </div>
   <div class='ocr_carea' id='block_1_103' title="bbox 1870 4869 3381 4950">
    <p class='ocr_par' dir='ltr' id='par_1_103' title="bbox 1870 4876 3381 4950">
     <span class='ocr_line' id='line_1_103' title="bbox 1870 4876 3381 4950; baseline -0.001 -17"><span class='ocrx_word' id='word_1_768' title='bbox 1870 4897 1897 4933; x_wconf 89' lang='lat' dir='ltr'><strong>n</strong></span> <span class='ocrx_word' id='word_1_769' title='bbox 1935 4878 2167 4950; x_wconf 87' lang='lat' dir='ltr'><strong>Syriam,</strong></span> <span class='ocrx_word' id='word_1_770' title='bbox 2203 4886 2365 4948; x_wconf 89' lang='lat' dir='ltr'><strong>atque</strong></span> <span class='ocrx_word' id='word_1_771' title='bbox 2402 4878 2566 4933; x_wconf 88' lang='lat' dir='ltr'><strong>etiam</strong></span> <span class='ocrx_word' id='word_1_772' title='bbox 2599 4878 2651 4932; x_wconf 92' lang='lat' dir='ltr'><strong>in</strong></span> <span class='ocrx_word' id='word_1_773' title='bbox 2676 4877 2949 4947; x_wconf 87' lang='lat' dir='ltr'><strong>Decapoli,</strong></span> <span class='ocrx_word' id='word_1_774' title='bbox 2976 4878 3130 4946; x_wconf 75' lang='lat' dir='ltr'><strong>juxta</strong></span> <span class='ocrx_word' id='word_1_775' title='bbox 3158 4876 3381 4943; x_wconf 87' lang='lat' dir='ltr'><strong>Pellam,</strong></span> 
     </span>
    </p>
   </div>
   <div class='ocr_carea' id='block_1_104' title="bbox 69 4960 1698 5040">
    <p class='ocr_par' dir='ltr' id='par_1_104' title="bbox 69 4960 1698 5037">
     <span class='ocr_line' id='line_1_104' title="bbox 69 4960 1698 5037; baseline 0.002 -24"><span class='ocrx_word' id='word_1_776' title='bbox 69 4962 334 5015; x_wconf 78' lang='grc' dir='ltr'>οῦνται.</span> <span class='ocrx_word' id='word_1_777' title='bbox 377 4960 537 5012; x_wconf 83' lang='grc' dir='ltr'>Ἐστι</span> <span class='ocrx_word' id='word_1_778' title='bbox 579 4960 635 5013; x_wconf 84' lang='grc' dir='ltr'><strong>δὲ</strong></span> <span class='ocrx_word' id='word_1_779' title='bbox 665 4960 802 5032; x_wconf 77' lang='grc' dir='ltr'>αῦτη</span> <span class='ocrx_word' id='word_1_780' title='bbox 831 4964 863 5032; x_wconf 81' lang='grc' dir='ltr'>ἡ</span> <span class='ocrx_word' id='word_1_781' title='bbox 895 4963 1104 5033; x_wconf 77' lang='grc' dir='ltr'>αἵρεσις</span> <span class='ocrx_word' id='word_1_782' title='bbox 1133 4966 1165 5034; x_wconf 80' lang='grc' dir='ltr'>ἡ</span> <span class='ocrx_word' id='word_1_783' title='bbox 1198 4962 1532 5037; x_wconf 81' lang='grc' dir='ltr'>Ναζωραίων</span> <span class='ocrx_word' id='word_1_784' title='bbox 1559 4967 1615 5017; x_wconf 82' lang='grc' dir='ltr'><strong>ὲν</strong></span> <span class='ocrx_word' id='word_1_785' title='bbox 1641 4967 1698 5035; x_wconf 68' lang='grc' dir='ltr'>τῇ</span> 
     </span>
    </p>
   </div>
   <div class='ocr_carea' id='block_1_105' title="bbox 1870 4960 3384 5040">
    <p class='ocr_par' dir='ltr' id='par_1_105' title="bbox 1896 4967 3384 5040">
     <span class='ocr_line' id='line_1_105' title="bbox 1896 4967 3384 5040; baseline -0.001 -15"><span class='ocrx_word' id='word_1_786' title='bbox 1896 4974 1950 5026; x_wconf 87' lang='grc' dir='ltr'>ἱη</span> <span class='ocrx_word' id='word_1_787' title='bbox 1977 4971 2305 5033; x_wconf 88' lang='lat' dir='ltr'><strong>Basanitide,</strong></span> <span class='ocrx_word' id='word_1_788' title='bbox 2347 4970 2400 5023; x_wconf 92' lang='lat' dir='ltr'><strong>in</strong></span> <span class='ocrx_word' id='word_1_789' title='bbox 2431 4985 2495 5024; x_wconf 91' lang='lat' dir='ltr'><strong>ea</strong></span> <span class='ocrx_word' id='word_1_790' title='bbox 2525 4985 2645 5040; x_wconf 62' lang='lat' dir='ltr'><strong>qua;</strong></span> <span class='ocrx_word' id='word_1_791' title='bbox 2672 4970 2833 5039; x_wconf 78' lang='lat' dir='ltr'><strong>vulgo</strong></span> <span class='ocrx_word' id='word_1_792' title='bbox 2866 4969 3097 5033; x_wconf 82' lang='lat' dir='ltr'><strong>Cocabe,</strong></span> <span class='ocrx_word' id='word_1_793' title='bbox 3123 4967 3384 5023; x_wconf 84' lang='lat' dir='ltr'><strong>llebraice</strong></span> 
     </span>
    </p>
   </div>
   <div class='ocr_carea' id='block_1_106' title="bbox 73 5049 1709 5127">
    <p class='ocr_par' dir='ltr' id='par_1_106' title="bbox 73 5049 1709 5127">
     <span class='ocr_line' id='line_1_106' title="bbox 73 5049 1709 5127; baseline 0.002 -22"><span class='ocrx_word' id='word_1_794' title='bbox 73 5049 429 5123; x_wconf 77' lang='grc' dir='ltr'>Βεροιαίων</span> <span class='ocrx_word' id='word_1_795' title='bbox 457 5052 587 5120; x_wconf 81' lang='grc' dir='ltr'>περὶ</span> <span class='ocrx_word' id='word_1_796' title='bbox 610 5052 710 5122; x_wconf 84' lang='grc' dir='ltr'>τὴν</span> <span class='ocrx_word' id='word_1_797' title='bbox 742 5052 939 5125; x_wconf 86' lang='grc' dir='ltr'>Κοίλην</span> <span class='ocrx_word' id='word_1_798' title='bbox 967 5054 1192 5125; x_wconf 84' lang='grc' dir='ltr'>Συρίαν,</span> <span class='ocrx_word' id='word_1_799' title='bbox 1227 5056 1321 5108; x_wconf 80' lang='grc' dir='ltr'><strong>καὶ</strong></span> <span class='ocrx_word' id='word_1_800' title='bbox 1356 5058 1413 5108; x_wconf 81' lang='grc' dir='ltr'><strong>ἐν</strong></span> <span class='ocrx_word' id='word_1_801' title='bbox 1446 5058 1512 5127; x_wconf 82' lang='grc' dir='ltr'>τῇ</span> <span class='ocrx_word' id='word_1_802' title='bbox 1540 5058 1709 5109; x_wconf 89' lang='grc' dir='ltr'>Δεκα-</span> 
     </span>
    </p>
   </div>
   <div class='ocr_carea' id='block_1_107' title="bbox 68 5143 1709 5218">
    <p class='ocr_par' dir='ltr' id='par_1_107' title="bbox 68 5143 1709 5218">
     <span class='ocr_line' id='line_1_107' title="bbox 68 5143 1709 5218; baseline 0 -19"><span class='ocrx_word' id='word_1_803' title='bbox 68 5149 259 5199; x_wconf 73' lang='grc' dir='ltr'>πόλει</span> <span class='ocrx_word' id='word_1_804' title='bbox 294 5143 441 5213; x_wconf 62' lang='grc' dir='ltr'><strong>περὶ⁴</strong></span> <span class='ocrx_word' id='word_1_805' title='bbox 480 5143 549 5197; x_wconf 86' lang='grc' dir='ltr'><strong>τά</strong></span> <span class='ocrx_word' id='word_1_806' title='bbox 588 5145 688 5215; x_wconf 81' lang='grc' dir='ltr'><strong>τῆς</strong></span> <span class='ocrx_word' id='word_1_807' title='bbox 718 5143 924 5215; x_wconf 89' lang='grc' dir='ltr'>Πέλλης</span> <span class='ocrx_word' id='word_1_808' title='bbox 966 5146 1128 5216; x_wconf 87' lang='grc' dir='ltr'>μέρη.</span> <span class='ocrx_word' id='word_1_809' title='bbox 1164 5147 1258 5199; x_wconf 73' lang='grc' dir='ltr'><strong>καὶ</strong></span> <span class='ocrx_word' id='word_1_810' title='bbox 1287 5149 1344 5199; x_wconf 76' lang='grc' dir='ltr'>ἐν</span> <span class='ocrx_word' id='word_1_811' title='bbox 1376 5151 1441 5218; x_wconf 84' lang='grc' dir='ltr'>τῇ</span> <span class='ocrx_word' id='word_1_812' title='bbox 1478 5148 1709 5201; x_wconf 86' lang='grc' dir='ltr'>Βασανί-</span> 
     </span>
    </p>
   </div>
   <div class='ocr_carea' id='block_1_108' title="bbox 68 5234 1709 5309">
    <p class='ocr_par' dir='ltr' id='par_1_108' title="bbox 68 5234 1709 5309">
     <span class='ocr_line' id='line_1_108' title="bbox 68 5234 1709 5309; baseline 0 -18"><span class='ocrx_word' id='word_1_813' title='bbox 68 5239 190 5291; x_wconf 77' lang='grc' dir='ltr'>τιδι</span> <span class='ocrx_word' id='word_1_814' title='bbox 228 5238 321 5306; x_wconf 80' lang='grc' dir='ltr'>τῇ</span> <span class='ocrx_word' id='word_1_815' title='bbox 358 5234 628 5307; x_wconf 84' lang='grc' dir='ltr'>λεγομένῃ</span> <span class='ocrx_word' id='word_1_816' title='bbox 654 5235 918 5307; x_wconf 76' lang='grc' dir='ltr'>Κωκάϐῃ,</span> <span class='ocrx_word' id='word_1_817' title='bbox 951 5238 1188 5309; x_wconf 77' lang='grc' dir='ltr'>Χωχάϐῃ</span> <span class='ocrx_word' id='word_1_818' title='bbox 1211 5238 1266 5291; x_wconf 83' lang='grc' dir='ltr'>δὲ</span> <span class='ocrx_word' id='word_1_819' title='bbox 1305 5238 1587 5309; x_wconf 76' lang='grc' dir='ltr'>Ἐϐραϊστὶ</span> <span class='ocrx_word' id='word_1_820' title='bbox 1622 5238 1709 5291; x_wconf 90' lang='grc' dir='ltr'>λε-</span> 
     </span>
    </p>
   </div>
   <div class='ocr_carea' id='block_1_109' title="bbox 69 5330 1711 5405">
    <p class='ocr_par' dir='ltr' id='par_1_109' title="bbox 69 5330 1711 5405">
     <span class='ocr_line' id='line_1_109' title="bbox 69 5330 1711 5405; baseline -0.001 -17"><span class='ocrx_word' id='word_1_821' title='bbox 69 5334 361 5405; x_wconf 77' lang='grc' dir='ltr'>γομένῃ.</span> <span class='ocrx_word' id='word_1_822' title='bbox 407 5330 648 5384; x_wconf 85' lang='grc' dir='ltr'>Ἐκεῖθεν</span> <span class='ocrx_word' id='word_1_823' title='bbox 692 5330 801 5400; x_wconf 78' lang='grc' dir='ltr'>γὰρ</span> <span class='ocrx_word' id='word_1_824' title='bbox 829 5333 859 5401; x_wconf 81' lang='grc' dir='ltr'>ἡ</span> <span class='ocrx_word' id='word_1_825' title='bbox 892 5331 1035 5402; x_wconf 86' lang='grc' dir='ltr'>ἀρχὴ</span> <span class='ocrx_word' id='word_1_826' title='bbox 1071 5332 1262 5400; x_wconf 86' lang='grc' dir='ltr'>γέγονε</span> <span class='ocrx_word' id='word_1_827' title='bbox 1310 5332 1449 5402; x_wconf 85' lang='grc' dir='ltr'><strong>μετά</strong></span> <span class='ocrx_word' id='word_1_828' title='bbox 1478 5334 1576 5403; x_wconf 83' lang='grc' dir='ltr'>τὴν</span> <span class='ocrx_word' id='word_1_829' title='bbox 1603 5334 1711 5386; x_wconf 84' lang='grc' dir='ltr'><strong>ἀπὸ</strong></span> 
     </span>
    </p>
   </div>
   <div class='ocr_carea' id='block_1_110' title="bbox 68 5421 1711 5497">
    <p class='ocr_par' dir='ltr' id='par_1_110' title="bbox 68 5421 1711 5497">
     <span class='ocr_line' id='line_1_110' title="bbox 68 5421 1711 5497; baseline -0.002 -17"><span class='ocrx_word' id='word_1_830' title='bbox 68 5427 197 5480; x_wconf 82' lang='grc' dir='ltr'>τῶν</span> <span class='ocrx_word' id='word_1_831' title='bbox 246 5426 337 5477; x_wconf 83' lang='grc' dir='ltr'>Ἱε</span> <span class='ocrx_word' id='word_1_832' title='bbox 350 5421 670 5492; x_wconf 83' lang='grc' dir='ltr'>οοσολύμων</span> <span class='ocrx_word' id='word_1_833' title='bbox 701 5422 1050 5492; x_wconf 80' lang='grc' dir='ltr'>μετάστασιν,</span> <span class='ocrx_word' id='word_1_834' title='bbox 1084 5425 1299 5477; x_wconf 82' lang='grc' dir='ltr'>πάντων</span> <span class='ocrx_word' id='word_1_835' title='bbox 1321 5424 1429 5477; x_wconf 79' lang='grc' dir='ltr'>τῶν</span> <span class='ocrx_word' id='word_1_836' title='bbox 1456 5424 1711 5497; x_wconf 80' lang='grc' dir='ltr'>μαθητῶν</span> 
     </span>
    </p>
   </div>
   <div class='ocr_carea' id='block_1_111' title="bbox 1810 5057 3383 5128">
    <p class='ocr_par' dir='ltr' id='par_1_111' title="bbox 1810 5057 3383 5128">
     <span class='ocr_line' id='line_1_111' title="bbox 1810 5057 3383 5128; baseline -0.003 -13"><span class='ocrx_word' id='word_1_837' title='bbox 1810 5062 2098 5116; x_wconf 80' lang='lat' dir='ltr'><strong>Clwcbabe</strong></span> <span class='ocrx_word' id='word_1_838' title='bbox 2124 5060 2343 5115; x_wconf 91' lang='lat' dir='ltr'><strong>dicitur.</strong></span> <span class='ocrx_word' id='word_1_839' title='bbox 2371 5058 2507 5114; x_wconf 87' lang='lat' dir='ltr'><strong>Hinc</strong></span> <span class='ocrx_word' id='word_1_840' title='bbox 2540 5060 2705 5125; x_wconf 92' lang='lat' dir='ltr'><strong>enim,</strong></span> <span class='ocrx_word' id='word_1_841' title='bbox 2750 5067 2871 5128; x_wconf 88' lang='lat' dir='ltr'><strong>post</strong></span> <span class='ocrx_word' id='word_1_842' title='bbox 2900 5059 3045 5112; x_wconf 90' lang='lat' dir='ltr'><strong>illam</strong></span> <span class='ocrx_word' id='word_1_843' title='bbox 3096 5058 3164 5112; x_wconf 92' lang='lat' dir='ltr'><strong>ab</strong></span> <span class='ocrx_word' id='word_1_844' title='bbox 3193 5057 3383 5112; x_wconf 84' lang='lat' dir='ltr'><strong>Hiero-</strong></span> 
     </span>
    </p>
   </div>
   <div class='ocr_carea' id='block_1_112' title="bbox 1813 5149 3380 5224">
    <p class='ocr_par' dir='ltr' id='par_1_112' title="bbox 1813 5149 3380 5224">
     <span class='ocr_line' id='line_1_112' title="bbox 1813 5149 3380 5224; baseline -0.005 -16"><span class='ocrx_word' id='word_1_845' title='bbox 1813 5153 2035 5224; x_wconf 81' lang='lat' dir='ltr'><strong>solymis</strong></span> <span class='ocrx_word' id='word_1_846' title='bbox 2066 5152 2462 5215; x_wconf 87' lang='lat' dir='ltr'><strong>secessionem,</strong></span> <span class='ocrx_word' id='word_1_847' title='bbox 2515 5152 2731 5205; x_wconf 90' lang='lat' dir='ltr'><strong>illorum</strong></span> <span class='ocrx_word' id='word_1_848' title='bbox 2762 5150 2916 5204; x_wconf 90' lang='lat' dir='ltr'><strong>initia</strong></span> <span class='ocrx_word' id='word_1_849' title='bbox 2956 5149 3195 5219; x_wconf 81' lang='lat' dir='ltr'><strong>profecta</strong></span> <span class='ocrx_word' id='word_1_850' title='bbox 3233 5156 3380 5210; x_wconf 91' lang='lat' dir='ltr'><strong>sunt,</strong></span> 
     </span>
    </p>
   </div>
   <div class='ocr_carea' id='block_1_113' title="bbox 1812 5242 3383 5314">
    <p class='ocr_par' dir='ltr' id='par_1_113' title="bbox 1812 5242 3383 5314">
     <span class='ocr_line' id='line_1_113' title="bbox 1812 5242 3383 5314; baseline -0.004 -15"><span class='ocrx_word' id='word_1_851' title='bbox 1812 5260 1936 5299; x_wconf 91' lang='lat' dir='ltr'><strong>cum</strong></span> <span class='ocrx_word' id='word_1_852' title='bbox 1966 5244 2127 5298; x_wconf 68' lang='lat' dir='ltr'><strong>Pella:</strong></span> <span class='ocrx_word' id='word_1_853' title='bbox 2156 5244 2408 5314; x_wconf 88' lang='lat' dir='ltr'><strong>discipuli</strong></span> <span class='ocrx_word' id='word_1_854' title='bbox 2435 5260 2623 5299; x_wconf 90' lang='lat' dir='ltr'><strong>omnes</strong></span> <span class='ocrx_word' id='word_1_855' title='bbox 2662 5244 2987 5308; x_wconf 85' lang='lat' dir='ltr'><strong>habitarent,</strong></span> <span class='ocrx_word' id='word_1_856' title='bbox 3017 5260 3045 5295; x_wconf 89' lang='lat' dir='ltr'><strong>a</strong></span> <span class='ocrx_word' id='word_1_857' title='bbox 3072 5242 3288 5297; x_wconf 87' lang='lat' dir='ltr'><strong>Christo</strong></span> <span class='ocrx_word' id='word_1_858' title='bbox 3316 5242 3383 5294; x_wconf 87' lang='lat' dir='ltr'><strong>de</strong></span> 
     </span>
    </p>
   </div>
   <div class='ocr_carea' id='block_1_114' title="bbox 1812 5334 3383 5408">
    <p class='ocr_par' dir='ltr' id='par_1_114' title="bbox 1812 5334 3383 5408">
     <span class='ocr_line' id='line_1_114' title="bbox 1812 5334 3383 5408; baseline -0.003 -17"><span class='ocrx_word' id='word_1_859' title='bbox 1812 5337 2165 5407; x_wconf 88' lang='lat' dir='ltr'><strong>relinquenda</strong></span> <span class='ocrx_word' id='word_1_860' title='bbox 2226 5336 2720 5408; x_wconf 83' lang='lat' dir='ltr'><strong>Hierosolymorum</strong></span> <span class='ocrx_word' id='word_1_861' title='bbox 2787 5337 2920 5389; x_wconf 87' lang='lat' dir='ltr'><strong>urbe</strong></span> <span class='ocrx_word' id='word_1_862' title='bbox 2993 5334 3383 5405; x_wconf 67' lang='lat' dir='ltr'><strong>migrandoque</strong></span> 
     </span>
    </p>
   </div>
   <div class='ocr_carea' id='block_1_115' title="bbox 1814 5426 3380 5501">
    <p class='ocr_par' dir='ltr' id='par_1_115' title="bbox 1814 5426 3380 5501">
     <span class='ocr_line' id='line_1_115' title="bbox 1814 5426 3380 5501; baseline -0.002 -19"><span class='ocrx_word' id='word_1_863' title='bbox 1814 5429 2139 5499; x_wconf 67' lang='lat' dir='ltr'><strong>prazmoniti,</strong></span> <span class='ocrx_word' id='word_1_864' title='bbox 2169 5429 2315 5501; x_wconf 77' lang='lat' dir='ltr'><strong>quod</strong></span> <span class='ocrx_word' id='word_1_865' title='bbox 2354 5430 2472 5500; x_wconf 87' lang='lat' dir='ltr'><strong>ejus</strong></span> <span class='ocrx_word' id='word_1_866' title='bbox 2513 5430 2817 5483; x_wconf 89' lang='lat' dir='ltr'><strong>immineret</strong></span> <span class='ocrx_word' id='word_1_867' title='bbox 2847 5428 3078 5482; x_wconf 87' lang='lat' dir='ltr'><strong>obsidio.</strong></span> <span class='ocrx_word' id='word_1_868' title='bbox 3109 5426 3226 5492; x_wconf 78' lang='lat' dir='ltr'><strong>Qua</strong></span> <span class='ocrx_word' id='word_1_869' title='bbox 3257 5427 3380 5495; x_wconf 91' lang='lat' dir='ltr'><strong>qui-</strong></span> 
     </span>
    </p>
   </div>
   <div class='ocr_carea' id='block_1_116' title="bbox 148 5580 1714 5651">
    <p class='ocr_par' dir='ltr' id='par_1_116' title="bbox 148 5580 1714 5651">
     <span class='ocr_line' id='line_1_116' title="bbox 148 5580 1714 5651; baseline -0.003 -11"><span class='ocrx_word' id='word_1_870' title='bbox 148 5586 247 5650; x_wconf 84' lang='lat'><strong>(9)</strong></span> <span class='ocrx_word' id='word_1_871' title='bbox 456 5581 726 5650; x_wconf 59' lang='grc' dir='ltr'>γραφεῗα,</span> <span class='ocrx_word' id='word_1_872' title='bbox 759 5581 828 5635; x_wconf 82' lang='grc' dir='ltr'>τὰ</span> <span class='ocrx_word' id='word_1_873' title='bbox 850 5580 1009 5648; x_wconf 77' lang='grc' dir='ltr'>παρὰ</span> <span class='ocrx_word' id='word_1_874' title='bbox 1046 5581 1375 5647; x_wconf 79' lang='grc' dir='ltr'>Ἰουδαίοις.</span> <span class='ocrx_word' id='word_1_875' title='bbox 1417 5582 1547 5647; x_wconf 65' lang='lat' dir='ltr'><strong>Quae</strong></span> <span class='ocrx_word' id='word_1_876' title='bbox 1572 5583 1714 5651; x_wconf 87' lang='grc' dir='ltr'>ἁγιό-</span> 
     </span>
    </p>
   </div>
   <div class='ocr_carea' id='block_1_117' title="bbox 64 5650 1709 5728">
    <p class='ocr_par' dir='ltr' id='par_1_117' title="bbox 64 5650 1709 5728">
     <span class='ocr_line' id='line_1_117' title="bbox 64 5650 1709 5728; baseline -0.002 -20"><span class='ocrx_word' id='word_1_877' title='bbox 64 5670 303 5728; x_wconf 67' lang='grc' dir='ltr'>τραφα</span> <span class='ocrx_word' id='word_1_878' title='bbox 374 5650 658 5728; x_wconf 78' lang='lat' dir='ltr'><strong>dicuntur.</strong></span> <span class='ocrx_word' id='word_1_879' title='bbox 696 5653 871 5721; x_wconf 85' lang='lat' dir='ltr'><strong>Atque</strong></span> <span class='ocrx_word' id='word_1_880' title='bbox 905 5652 996 5728; x_wconf 83' lang='lat' dir='ltr'><strong>hic</strong></span> <span class='ocrx_word' id='word_1_881' title='bbox 1026 5652 1293 5728; x_wconf 78' lang='lat' dir='ltr'><strong>triplicem</strong></span> <span class='ocrx_word' id='word_1_882' title='bbox 1323 5650 1709 5707; x_wconf 29' lang='lat' dir='ltr'><strong>sacrorutn’li-</strong></span> 
     </span>
    </p>
   </div>
   <div class='ocr_carea' id='block_1_118' title="bbox 66 5722 1708 5792">
    <p class='ocr_par' dir='ltr' id='par_1_118' title="bbox 66 5722 1708 5792">
     <span class='ocr_line' id='line_1_118' title="bbox 66 5722 1708 5792; baseline -0.001 -8"><span class='ocrx_word' id='word_1_883' title='bbox 66 5722 355 5784; x_wconf 60' lang='lat' dir='ltr'><strong>lii-ortu!)</strong></span> <span class='ocrx_word' id='word_1_884' title='bbox 416 5722 769 5789; x_wconf 84' lang='lat' dir='ltr'><strong>partitionem</strong></span> <span class='ocrx_word' id='word_1_885' title='bbox 813 5722 1218 5792; x_wconf 86' lang='lat' dir='ltr'><strong>complectitur,</strong></span> <span class='ocrx_word' id='word_1_886' title='bbox 1256 5740 1375 5792; x_wconf 66' lang='lat' dir='ltr'><strong>qum</strong></span> <span class='ocrx_word' id='word_1_887' title='bbox 1424 5733 1509 5780; x_wconf 88' lang='lat' dir='ltr'><strong>est</strong></span> <span class='ocrx_word' id='word_1_888' title='bbox 1550 5735 1708 5791; x_wconf 71' lang='lat' dir='ltr'><strong>n-un,</strong></span> 
     </span>
    </p>
   </div>
   <div class='ocr_carea' id='block_1_119' title="bbox 1816 5581 3380 5653">
    <p class='ocr_par' dir='ltr' id='par_1_119' title="bbox 1816 5581 3380 5653">
     <span class='ocr_line' id='line_1_119' title="bbox 1816 5581 3380 5653; baseline -0.001 -17"><span class='ocrx_word' id='word_1_889' title='bbox 1816 5584 1918 5637; x_wconf 85' lang='lat' dir='ltr'><strong>hoc</strong></span> <span class='ocrx_word' id='word_1_890' title='bbox 1946 5591 2033 5636; x_wconf 90' lang='lat' dir='ltr'><strong>est</strong></span> <span class='ocrx_word' id='word_1_891' title='bbox 2065 5582 2177 5647; x_wconf 73' lang='lat' dir='ltr'><strong>lex;</strong></span> <span class='ocrx_word' id='word_1_892' title='bbox 2207 5592 2402 5642; x_wconf 52' lang='lat' dir='ltr'><strong>manu</strong></span> <span class='ocrx_word' id='word_1_893' title='bbox 2430 5585 2690 5653; x_wconf 71' lang='lat' dir='ltr'><strong>propheta:</strong></span> <span class='ocrx_word' id='word_1_894' title='bbox 2710 5602 2725 5646; x_wconf 90' lang='lat'><em>;</em></span> <span class='ocrx_word' id='word_1_895' title='bbox 2749 5595 2799 5638; x_wconf 88' lang='lat' dir='ltr'><strong>et</strong></span> <span class='ocrx_word' id='word_1_896' title='bbox 2827 5593 3029 5644; x_wconf 63' lang='lat' dir='ltr'><strong>Dum:</strong></span> <span class='ocrx_word' id='word_1_897' title='bbox 3048 5581 3380 5653; x_wconf 75' lang='grc' dir='ltr'>ἀγιόγραιρα,</span> 
     </span>
    </p>
   </div>
   <div class='ocr_carea' id='block_1_120' title="bbox 1818 5653 3385 5723">
    <p class='ocr_par' dir='ltr' id='par_1_120' title="bbox 1818 5653 3385 5723">
     <span class='ocr_line' id='line_1_120' title="bbox 1818 5653 3385 5723; baseline -0.002 -15"><span class='ocrx_word' id='word_1_898' title='bbox 1818 5656 1929 5708; x_wconf 89' lang='lat' dir='ltr'><strong>sive</strong></span> <span class='ocrx_word' id='word_1_899' title='bbox 1966 5657 2218 5721; x_wconf 72' lang='grc' dir='ltr'>γραφεῖα.</span> <span class='ocrx_word' id='word_1_900' title='bbox 2244 5653 2317 5709; x_wconf 87' lang='lat' dir='ltr'><strong>De</strong></span> <span class='ocrx_word' id='word_1_901' title='bbox 2349 5657 2591 5723; x_wconf 74' lang='lat' dir='ltr'><strong>quovide</strong></span> <span class='ocrx_word' id='word_1_902' title='bbox 2623 5654 2839 5710; x_wconf 84' lang='lat' dir='ltr'><strong>Hieron.</strong></span> <span class='ocrx_word' id='word_1_903' title='bbox 2880 5655 3106 5723; x_wconf 74' lang='lat' dir='ltr'><strong>l‘rblogo</strong></span> <span class='ocrx_word' id='word_1_904' title='bbox 3138 5654 3343 5721; x_wconf 73' lang='lat' dir='ltr'><strong>galeato</strong></span> <span class='ocrx_word' id='word_1_905' title='bbox 3363 5672 3385 5717; x_wconf 75' lang='lat'><strong>;</strong></span> 
     </span>
    </p>
   </div>
   <div class='ocr_carea' id='block_1_121' title="bbox 1820 5724 2663 5791">
    <p class='ocr_par' dir='ltr' id='par_1_121' title="bbox 1820 5724 2663 5791">
     <span class='ocr_line' id='line_1_121' title="bbox 1820 5724 2663 5791; baseline -0.002 -12"><span class='ocrx_word' id='word_1_906' title='bbox 1820 5724 1993 5780; x_wconf 84' lang='lat' dir='ltr'><strong>Eliam</strong></span> <span class='ocrx_word' id='word_1_907' title='bbox 2028 5727 2080 5781; x_wconf 88' lang='lat' dir='ltr'><strong>in</strong></span> <span class='ocrx_word' id='word_1_908' title='bbox 2112 5724 2307 5791; x_wconf 78' lang='lat' dir='ltr'><strong>Thisbi,</strong></span> <span class='ocrx_word' id='word_1_909' title='bbox 2344 5728 2507 5783; x_wconf 82' lang='lat' dir='ltr'><strong>verbo</strong></span> <span class='ocrx_word' id='word_1_910' title='bbox 2534 5736 2663 5785; x_wconf 65' lang='grc' dir='ltr'><strong>π.</strong></span> 
     </span>
    </p>
   </div>
  </div>
