3760 6176
400 240 506 291 405

1782 262 1838 314 δ.
1882 264 2220 321 EPIPHANII

3568 292 3658 335 MM

401 356 523 412 dem
562 360 851 420 occasione
884 366 1086 423 factum
1120 377 1204 425 est
1227 412 1242 438 ,
1289 382 1348 426 ut
1390 374 1444 429 in
1475 375 1654 432 Peraea
1682 378 1748 433 iis
1780 382 1979 451 quibus

2160 404 2187 439 ν
2221 390 2277 441 ὲν
2313 389 2485 461 Πέλλῃ
2520 390 2843 464 ᾠκηκότων,
2888 394 3121 466 Χριστοῦ
3176 397 3452 468 φήσαντος
3505 414 3658 451 κατα-

327 488 361 527 .
400 449 641 507 diximus
671 453 805 510 locis
827 456 1106 527 degerent.
1140 460 1377 533 Indeque
1406 449 1984 527 Nazareorumihaare-

366 576 371 583 ι
401 542 481 596 sis
519 551 648 597 sunt
676 545 909 602 deducta
940 552 1261 619 primordia.

2082 476 2259 546 λεῖψαι
2315 478 2382 532 τὰ
2443 481 2788 553 Ἱεροσόλυμα
2813 524 2826 548 ,
2884 484 2978 537 καὶ
3029 486 3412 558 ἀναχωρῆσαι,

2081 568 2284 639 ἤμελλε
2329 573 2558 644 πάσχειν
2600 575 2935 648 πολιορκίαν.
2990 580 3099 632 Καὶ
3143 582 3209 635 ἐκ
3258 580 3359 650 τῆς
3408 580 3660 650 τοιαύτης

400 636 707 747 ἓποθέσεως
740 641 840 747 τὴιν
866 644 1105 714 Περαίαν
1133 650 1471 720 οἰκήσαντες,
1498 655 1695 721 ἐκεῖσε,
1725 659 1801 722 ὡς
1830 659 1985 730 ἔφην,
2028 636 2314 736 διέτριϐον.
2344 636 2625 724 Ἐντεῦθεν
2647 672 2681 742 ἡ
2708 636 2847 727 κατὰ
2868 675 2995 737 τοὺς
3042 636 3401 747 Ναζωραίόῦς
3458 636 3662 747 αἵρεσις

398 726 525 797 ἔσχε
553 731 652 801 τὴν
681 734 876 805 ἀρχήν.

474 817 606 874 VIII.
647 820 846 879 Verum
897 835 951 882 et
1004 828 1095 884 isti
1141 831 1498 892 nihilominus
1529 839 1814 907 aberrant,
1849 858 1974 900 cum

398 906 467 963 de
489 909 909 971 circumcisione
939 918 1279 988 gloriantur:
1315 935 1368 980 et
1399 931 1777 986 exsecratione
1810 934 1975 988 etiam

400 1015 548 1058 nunc
580 1006 829 1062 obstricti
862 1018 1025 1077 sunt,
1055 1014 1200 1083 quod
1232 1016 1398 1087 legem
1444 1021 1660 1088 penitus
1684 1023 1976 1079 observare

400 1106 691 1163 nequeant.
726 1096 1009 1164 Quomodo
1055 1105 1196 1158 cnim
1230 1107 1363 1177 legis
1412 1109 1703 1166 observare
1753 1114 1977 1168 manda-

401 1192 515 1241 tum
549 1186 693 1244 istud
718 1198 1004 1260 poterunt:
1039 1199 1133 1251 Ter
1164 1202 1447 1268 quotannis
1492 1204 1767 1272 apparebis
1797 1222 1975 1260 coram

400 1277 627 1335 Domino
650 1280 757 1336 Deo
785 1294 873 1339 tuo
901 1302 993 1355 per
1011 1288 1331 1360 Azymorum
1358 1294 1491 1356 dies,
1509 1304 1557 1349 et
1576 1294 1972 1368 Scenopegiam,

398 1382 450 1423 ct
494 1370 835 1431 Pentecosten
865 1418 881 1441 ,
936 1381 993 1433 in
1027 1381 1511 1455 Hierosolymitano
1562 1388 1717 1442 loco'
1754 1390 1776 1442 ?
1836 1390 1973 1445 Cum

400 1464 545 1519 enim
580 1466 663 1522 lex
712 1468 1006 1527 interclusa
1038 1476 1144 1543 sit,
1177 1484 1230 1531 et
1259 1494 1380 1546 quae
1420 1480 1488 1534 ah
1517 1496 1580 1535 ea
1611 1484 1977 1550 praescribun-

402 1563 492 1611 tur
528 1560 710 1627 perlici
741 1563 972 1633 amplius
1004 1581 1113 1621 non
1162 1570 1408 1637 possint,
1460 1573 1686 1628 cuilibet
1722 1576 1977 1645 prudenti

2150 848 2229 902 H'.
2266 848 2645 920 Πεπλάνηνται
2679 850 2735 904 δὲ
2776 852 2869 905 καὶ
2897 846 3069 918 οὗτοι,
3104 856 3411 927 περιτομὴν
3438 854 3662 927 αύχοῦν-

2078 957 2191 1003 τεςα
2219 942 2311 995 καὶ
2338 940 2416 995 ἔτι
2442 943 2492 995 οἱ
2530 942 2762 996 τοιοῦτοι
2809 944 2915 997 ὑπὸ
2956 946 3200 1017 κατάραν
3243 947 3372 1009 εἰσὶ,
3410 949 3492 1019 μὴ
3520 948 3661 1002 δυνάσ-

2081 1052 2232 1104 μενοι
2278 1035 2368 1089 τὸν
2420 1036 2584 1106 νόμον
2639 1036 2943 1108 πληρῶσαι.
2999 1038 3124 1103 Πῶς
3183 1038 3291 1110 γάρ
3343 1040 3661 1112 δυνήσονται

2079 1129 2319 1202 πληροῦν
2367 1129 2436 1183 τὰ
2468 1132 2525 1184 ἐν
2574 1131 2652 1202 τῷ
2691 1131 2841 1202 νόμῳ
2891 1134 3189 1203 εἰρημένα,
3239 1136 3324 1189 ὅτι
3379 1136 3518 1203 Τρὶς
3570 1138 3661 1192 τοῦ

2078 1219 2255 1285 ἔτους
2296 1210 2535 1291 ὀφθήσῃ
2592 1221 2849 1278 ἐνώπιον
2890 1225 3109 1293 Κυρίου
3156 1226 3262 1281 τοῦ
3316 1226 3477 1281 Θεοῦ
3516 1243 3660 1291 σου,

2078 1311 2231 1365 κατά
2278 1329 2342 1366 τε
2398 1312 2471 1367 τὰ
2523 1312 2734 1384 Ἀζυμα
2772 1315 2873 1369 καὶ
2920 1320 3349 1389 Σκηνοπηγίαν
3400 1320 3509 1373 καὶ
3560 1322 3662 1389 τὴν

2076 1395 2540 1473 Πεντηκοστὴν,
2582 1405 2652 1458 ἐν
2690 1404 2772 1472 τῷ
2811 1407 2969 1472 τόπῳ
3014 1408 3478 1480 Ἰεροσολύμων.
3511 1413 3663 1465 Ἀπο-

2080 1494 2420 1560 κλεισθέντος
2453 1495 2562 1568 γὰρ
2588 1496 2680 1550 τοῦ
2705 1498 2899 1570 νόμου,
2931 1501 3025 1555 καὶ
3066 1501 3175 1555 τῶν
3205 1504 3262 1555 ἐν
3291 1503 3372 1574 τῷ
3404 1504 3563 1573 νόμῳ
3597 1504 3661 1574 μὴ

2080 1586 2392 1658 δυναμένων
2422 1587 2778 1658 πληροῦσθαι,
2812 1593 2974 1645 παντὶ
3005 1592 3083 1663 τῷ
3122 1594 3248 1648 νοῦν
3282 1595 3468 1666 ἔχοντι
3508 1598 3662 1664 σαφὲς

400 1651 745 1719 perspicuum
772 1665 877 1721 est,
913 1659 1199 1716 advenisse
1226 1661 1538 1734 Christum,
1571 1682 1678 1722 non
1715 1676 1772 1723 ut
1807 1669 1976 1740 legem

2182 1651 2286 1747 εῖη,
2338 1679 2420 1732 ὅτι
2462 1651 2697 1752 Χριστὸς
2737 1651 2869 1752 ἦλθε
2914 1651 3207 1756 πληρωτὴς
3252 1651 3347 1738 τοῦ
3384 1651 3661 1756 νόμου,.οῦ

400 1754 686 1813 everteret,
722 1751 817 1806 sed
850 1761 910 1807 ut
937 1769 1055 1809 eam
1089 1756 1260 1826 ipsam
1289 1759 1556 1830 impleret,
1586 1770 1641 1818 et
1669 1778 1789 1818 eam
1822 1779 1979 1818 exse-

401 1833 699 1891 crationem
730 1839 999 1907 solveret,
1033 1861 1154 1915 quae
1205 1856 1396 1903 contra
1428 1852 1643 1907 violatae
1692 1854 1827 1925 legis
1870 1856 1978 1909 cri-

402 1938 526 1979 men
581 1925 759 1983 fuerat
809 1935 1127 1991 constituta.
1176 1937 1533 2011 Posteaquam
1585 1945 1729 1999 enim
1765 1945 1978 2018 Moyses

404 2018 717 2075 universam
747 2022 917 2095 legem
945 2029 1345 2100 promulgavit,
1388 2034 1454 2089 ad
1485 2033 1646 2090 ﬁnem
1687 2038 1979 2096 voluminis

401 2114 667 2181 pervenit,
694 2131 759 2170 ac
791 2118 895 2173 sub
922 2121 1211 2177 maledicto
1231 2133 1427 2180 cuncta
1463 2128 1734 2183 conclusit
1757 2147 1772 2185 ι
1803 2130 1976 2186 Male-

401 2203 576 2260 dictus
617 2209 787 2262 omnis
821 2210 912 2278 qui
963 2228 1067 2265 non
1105 2217 1453 2282 permanserit
1500 2218 1555 2271 in
1593 2221 1833 2276 omnibus
1861 2240 1979 2293 quae

402 2296 601 2365 scripta
634 2309 757 2353 sunt
788 2301 841 2355 in
879 2300 1012 2357 libro
1046 2304 1163 2370 hoc,
1188 2316 1247 2360 ut
1294 2308 1462 2376 faciat
1498 2327 1561 2364 ea
1585 2315 1627 2368 ³.
1686 2312 1765 2369 Eo
1795 2314 1980 2385 itaque

400 2383 656 2444 Christus
688 2388 944 2457 advenit,
979 2405 1038 2449 ιιι
1091 2412 1213 2465 qua:
1244 2397 1377 2454 dirae
1417 2401 1704 2471 cujusdam
1742 2383 1979 2464 vinculis

402 2475 813 2547 imprecationis
843 2493 1002 2539 erant
1051 2489 1317 2546 obstricta
1377 2494 1633 2550 solveret.
1685 2497 1843 2571 124
1877 2498 1980 2566 Qui

401 2571 623 2639 quidem
658 2589 755 2644 pro
780 2578 990 2648 exiguis
1020 2580 1146 2647 illis,
1193 2598 1314 2653 quae
1345 2586 1532 2655 perlici
1563 2604 1672 2643 non
1706 2601 1977 2660 poterant,

402 2661 563 2717 nobis
585 2678 778 2736 magna
809 2673 1098 2739 concessit,
1131 2674 1184 2728 in
1210 2676 1408 2745 quibus
1432 2682 1793 2750 exsequendis
1820 2684 1976 2749 nihil,

406 2763 464 2806 ut
490 2754 545 2809 in
577 2757 852 2825 prioribus
893 2762 1023 2828 illis,
1057 2772 1141 2819 est
1172 2767 1317 2836 quod
1351 2783 1473 2823 cum
1502 2771 1672 2827 altero
1694 2784 1975 2845 repugnet.

403 2845 578 2915 Atque
614 2847 718 2904 hoc
764 2850 877 2908 fere
911 2855 1073 2910 modo
1104 2856 1159 2910 in
1188 2858 1336 2913 omni
1390 2861 1721 2918 confutanda
1760 2866 1977 2932 haeresi,

404 2951 522 3006 qua:
550 2934 792 3005 Sahbati,
820 2944 906 2999 vel
928 2946 1386 3017 circumcisionis,
1420 2953 1505 3006 vel
1536 2954 1760 3012 alterius
1789 2958 1982 3028 hujus-

404 3028 554 3084 modi
585 3030 725 3086 ritus
756 3033 1194 3093 observationem
1226 3042 1623 3112 praescriberet,
1642 3026 1983 3119 istudipsum
2009 3026 2051 3083 ο

406 3121 786 3182 demonstrare
836 3130 1178 3196 studuimus,
1213 3133 1501 3190 Dominum
1557 3140 1715 3195 nobis
1747 3158 1867 3212 quae
1898 3159 1988 3199 es~

406 3224 531 3269 sent
562 3215 884 3285 perfectiora
923 3222 1201 3280 tribuisse.
1240 3226 1580 3298 Ecquidnam
1616 3232 1778 3303 igitur
1807 3234 1872 3289 ad
1901 3235 1986 3290 sui

406 3310 818 3367 excusationem
879 3312 1071 3372 alierre
1126 3317 1205 3371 illi
1260 3329 1563 3389 poterunt,
1623 3324 1715 3393 qui
1763 3322 1987 3394 Spiritui

409 3410 604 3456 sancto
635 3417 829 3471 parere
871 3405 1203 3477 detrectant,
1248 3413 1298 3466 ei
1332 3412 1553 3482 inquam
1590 3412 1819 3485 Spiritui
1848 3458 1863 3481 ,
1894 3418 1987 3489 qui

408 3507 507 3562 per
535 3496 813 3563 apostolos
834 3498 1089 3566 edixerit,
1110 3518 1180 3557 ne
1207 3506 1503 3574 gentilibus
1531 3506 1598 3561 ad
1619 3507 1989 3566 Christianam

410 3587 726 3657 religionem
764 3591 1031 3650 traductis
1058 3610 1200 3652 onus
1224 3598 1594 3669 imponeretur
1618 3603 1788 3671 aliud,
1822 3621 1986 3676 quam

411 3677 529 3733 hac
563 3683 903 3738 necessaria:
929 3694 988 3739 ut
1018 3702 1048 3742 a
1079 3691 1365 3761 sanguine,
1400 3700 1454 3748 et
1482 3694 1767 3762 sull‘ocato,
1793 3708 1848 3753 et
1876 3699 1988 3753 for-

411 3768 689 3825 nicatione
740 3778 796 3827 et
850 3772 1012 3830 idolis
1047 3777 1330 3835 immolato
1367 3798 1490 3839 sese
1543 3785 1890 3842 continerent
1924 3790 1992 3845 '?

411 3859 611 3916 Annon
662 3861 847 3918 divina
874 3881 968 3921 eos
996 3870 1245 3927 excidere
1275 3875 1449 3945 gratia
1483 3892 1704 3934 necesse
1727 3887 1832 3942 est,
1865 3896 1989 3935 cum

413 3955 488 4008 ita
519 3964 744 4012 sanctus
772 3956 975 4016 Paulus
1004 3964 1287 4032 apostolus
1328 3967 1640 4038 scripserit:
1679 3967 1740 4025 Si
1768 3973 1994 4026 circum-

414 4054 691 4119 cidamini,
723 4057 967 4114 Christus
990 4059 1124 4115 nihil
1152 4061 1296 4116 vobis
1322 4065 1587 4130 proderit;
1611 4066 1905 4136 quicunque
1939 4067 1993 4119 in

415 4148 525 4218 lege
546 4148 850 4219 gloriamini
876 4168 909 4204 a
946 4154 1122 4221 gratia
1155 4153 1429 4208 excidistts
1447 4155 1501 4207 εἳ

486 4238 577 4292 IX.
619 4239 981 4305 Quamobrem
1018 4250 1209 4297 contra
1241 4243 1381 4298 hanc
1418 4236 1587 4300 etiam
1615 4246 1845 4303 hazresin
1874 4248 1997 4304 bre-

2078 1770 2169 1822 τὸν
2204 1771 2367 1841 νόμον
2413 1771 2750 1837 καταλύσων,
2789 1773 2926 1827 ἀλλά
2975 1774 3066 1829 τὸν
3109 1777 3274 1848 νόμον
3316 1778 3658 1849 πληρώσων,

2079 1858 2174 1913 καὶ
2199 1859 2418 1928 ἀφελεῖν
2448 1861 2547 1932 τὴν
2576 1862 2822 1934 κατάραν
2852 1864 2952 1936 τὴν
2989 1864 3132 1918 κατά
3168 1867 3268 1938 τῆς
3295 1868 3661 1939 παραϐάσεως

2079 1949 2171 2003 τοῦ
2195 1950 2360 2020 νόμου
2386 1951 2715 2020 ὁρισθεῖσαν.
2762 1954 2917 2008 Μετὰ
2948 1954 3057 2028 γὶρ
3096 1956 3158 2010 τὸ
3189 1958 3545 2013 ἐντείλασθαι
3580 1960 3661 2012 τὸν

2078 2044 2318 2098 Μωῡσέα
2352 2046 2530 2099 πᾶσαν
2560 2046 2799 2119 ἐντολὴν,
2827 2042 2989 2119 ἦλθεν
3014 2048 3107 2103 ἐπὶ
3139 2050 3199 2104 τὸ
3236 2052 3418 2122 τέρμα
3457 2051 3561 2122 τῆς
3587 2050 3663 2121 βξ,

2079 2135 2237 2200 ὅλου,
2270 2136 2363 2189 καὶ
2408 2137 2716 2192 συνέκλεισε
2749 2140 2810 2193 τὸ
2855 2141 2965 2194 πᾶν
3012 2142 3092 2206 εἰς
3139 2142 3426 2215 κατάραν,
3470 2142 3661 2211 λέγων’

2080 2227 2549 2297 Ἐπικατάρατος
2605 2230 2725 2299 πᾶς
2771 2232 2839 2300 ὃς
2889 2234 3001 2288 οὐκ
3053 2234 3292 2304 ἐμμένει
3341 2234 3506 2291 πᾶσι
3552 2234 3664 2301 τοῖς

2079 2324 2283 2392 λόγοις
2318 2322 2443 2389 τοῖς
2484 2323 2907 2395 γεγραμμένοις
2949 2325 3019 2379 ἐν
3057 2324 3137 2391 τῷ
3175 2326 3397 2394 βιϐλίῳ
3446 2328 3661 2391 τούτῳ,

2079 2414 2184 2469 τοῦ
2225 2412 2473 2483 ποιῆσαι
2518 2416 2759 2483 αὐτούς.
2789 2413 2991 2470 *Πλθεν
3020 2413 3112 2472 οὖν
3154 2417 3296 2471 λύων
3331 2419 3435 2489 μὲν
3466 2416 3543 2471 τά
3572 2435 3662 2470 πε-

2080 2503 2359 2576 πεδημένα
2387 2505 2605 2576 δεσμοῖς
2635 2508 2747 2570 τοῖς
2777 2507 2876 2578 τῆς
2917 2508 3182 2579 κατάρας,
3215 2508 3584 2580 χαριζόμενος
3609 2506 3663 2560 δὲ

2078 2598 2211 2668 ἡμῖν
2237 2597 2357 2652 ἀντὶ
2384 2597 2492 2651 τῶν
2521 2598 2731 2670 μικρῶν
2754 2597 2863 2651 τῶν
2890 2600 2964 2670 μὴ
2986 2600 3296 2671 δυναμένων
3321 2599 3666 2672 πληροῦσθαι

2079 2690 2148 2744 τὶ
2192 2689 2433 2760 μείζονα,
2465 2690 2557 2744 καὶ
2601 2692 2661 2743 οὑ
2695 2692 2976 2764 μαχόμενα
3005 2691 3226 2765 θάτερον
3268 2692 3499 2764 θατέρῳ
3540 2691 3665 2761 πρὸς

2080 2782 2177 2855 τὴν
2207 2783 2301 2838 τοῦ
2333 2783 2492 2856 ἔργου
2529 2784 2824 2856 πλήρωσιν,
2853 2786 2929 2848 ὠς
2958 2785 3023 2840 τὰ
3049 2786 3310 2857 πρότερα.
3330 2785 3548 2848 ,Οὕτως
3567 2786 3667 2855 γὰρ

2082 2872 2223 2927 κατὰ
2253 2874 2430 2927 πᾶσαν
2462 2874 2671 2946 αἵρεσιν
2703 2874 3014 2944 φθάνοντες,
3042 2876 3101 2930 ἐν
3140 2878 3207 2948 τῇ
3245 2876 3380 2948 περί
3413 2875 3668 2929 σαϐϐατι-

2088 2963 2245 3036 σμοῦ,
2280 2964 2374 3018 καὶ
2399 2966 2719 3036 περιτομῆς,
2744 2965 2838 3019 καὶ
2861 2964 2968 3019 τῶν
2989 2966 3161 3020 ἄλλων
3193 2965 3471 3030 πολλάκις
3497 2968 3674 3037 ἐπειρ-

2086 3055 2394 3126 γασάμεθα,
2426 3056 2544 3120 πῶς
2570 3059 2598 3110 ὁ
2632 3057 2835 3127 Κύριος
2864 3058 2993 3128 ἡμῖν
3022 3056 3089 3110 τὰ
3115 3057 3483 3128 ἐντελέστερα
3517 3058 3675 3127 κεχά-

2088 3164 2289 3217 ρισται.
2340 3147 2465 3213 Πῶς
2510 3144 2601 3203 οὖν
2644 3152 2693 3203 ot
2737 3148 2968 3204 τοιοῦτοι
3001 3150 3329 3222 δυνήσονται
3374 3152 3676 3219 ἀπολογίαν

2087 3239 2253 3309 ἔχειν,
2289 3240 2364 3311 μὴ
2408 3238 2486 3311 τῷ
2516 3240 2794 3312 Πνεύματι
2839 3241 2917 3312 τῷ
2948 3242 3089 3313 άγίῳ
3124 3241 3564 3305 ὑπακούσαντες,
3602 3243 3676 3311 τῷ

2088 3332 2175 3386 διὰ
2204 3333 2312 3385 τῶν
2339 3331 2649 3387 ἀποστόλων
2679 3334 2920 3404 εἰρηκότι
2946 3336 3057 3397 τοῖς
3086 3334 3143 3401 ἐξ
3180 3333 3353 3389 ἐθνῶν
3382 3351 3679 3387 πεπιπευ-

2090 3426 2240 3489 κόσι,
2275 3426 2350 3497 μὴ
2399 3425 2564 3497 βάρος
2601 3426 2959 3493 ἐπιτίθεσθαι,
3008 3427 3149 3498 πλὴν
3196 3428 3305 3481 τῶν
3342 3428 3676 3496 ἐπάναγκες,

2089 3519 2389 3591 ἀπέχεσθαι
2440 3521 2671 3592 αἵματος
2718 3523 2812 3576 καὶ
2860 3520 3087 3575 πνικτοῦ
3135 3523 3231 3577 καὶ
3272 3524 3538 3595 πορνείας
3589 3525 3680 3576 καί

2090 3611 2472 3677 είδωλοθύτου;
2510 3611 2634 3678 Πῶς
2664 3613 2718 3666 δέ
2758 3613 2858 3666 οὑκ
2884 3613 3242 3667 ἐκπεσοῦνται
3267 3613 3372 3684 τῆς
3416 3613 3512 3667 τοῦ
3547 3613 3679 3667 Θεοῦ

2092 3706 2332 3777 χάριτος,
2378 3706 2627 3776 λέγοντος
2656 3707 2873 3760 Παύλου
2902 3707 2997 3761 τοῦ
3041 3708 3199 3775 ἁγίου
3242 3708 3571 3771 ἀποστόλου,
3599 3709 3677 3761 ὅτι

2092 3799 2237 3853 Ἐὰν
2269 3802 2720 3869 περιτέμνησθε,
2753 3800 3010 3870 Χριστὸς
3039 3799 3195 3870 ὑμᾶς
3237 3800 3427 3854 οὐδὲν
3449 3799 3679 3870 ὠφελή-

2092 3905 2207 3943 σει·
2238 3891 2295 3944 οἵ
2321 3908 2479 3958 τινες
2504 3891 2574 3945 ἐν
2597 3893 2757 3961 νόμῳ
2783 3889 3112 3961 καυχᾶσθε,
3151 3888 3262 3959 τῆς
3292 3890 3540 3961 χάριτος
3572 3892 3669 3955 ἐξα

2092 3979 2347 4035 επέσατε
2365 3999 2383 4046 ;

2166 4245 2243 4301 8'.
2277 4246 2528 4318 Ἀρκέσει
2549 4264 2642 4301 ουν
2668 4248 2761 4301 καὶ
2787 4249 2844 4302 ἐν
2877 4247 3049 4319 ταύτῃ
3081 4252 3147 4320 τῇ
3175 4248 3386 4320 αυρέσει
3415 4249 3449 4319 ἡ
3474 4247 3562 4299 δίά
3585 4248 3678 4317 τῆς

414 4332 498 4386 vis
530 4332 621 4385 illa
651 4343 837 4389 nostra
862 4333 1161 4404 disputatio
1202 4334 1450 4391 sulﬁciet.
1486 4335 1669 4393 Facile
1716 4339 1859 4394 enim
1903 4340 1991 4395 isti

2158 4338 2391 4409 ιντομίας
2420 4340 2551 4410 παρ’
2589 4322 2769 4410 ἡμῶνί
2782 4340 3033 4407 διάλεξις.
3070 4340 3471 4408 Εὑθυέλεγκτοι
3498 4338 3605 4409 γάρ
3628 4344 3679 4390 οι

413 4424 588 4479 refelli
620 4426 982 4497 convincique
1012 4437 1262 4497 possunt,
1305 4444 1369 4484 ac
1390 4426 1558 4485 Judaei
1592 4430 1794 4500 potius,
1828 4447 1993 4503 quam

414 4516 660 4586 cuiusvis
690 4519 917 4576 alterius
941 4524 1155 4591 generis
1184 4530 1347 4586 sunt,
1388 4523 1605 4578 tametsi
1635 4522 1837 4580 Judaeis
1882 4526 1995 4581 sint

414 4608 799 4665 inimicissimi.
836 4608 1022 4680 Neque
1055 4610 1201 4665 enim
1249 4610 1559 4667 Judaaorum
1587 4614 1790 4683 posteri
1816 4614 1995 4671 solum

414 4700 632 4771 capitali
664 4702 788 4759 illos
836 4701 964 4757 odio
996 4714 1437 4775 prosequuntur;
1466 4707 1562 4762 sed
1611 4715 1664 4762 et
1691 4721 1852 4762 mane
1874 4748 1889 4774 ,
1931 4721 1996 4763 ac

415 4792 660 4855 meridie,
674 4804 729 4848 et
750 4794 817 4848 ad
837 4810 1142 4866 vesperam,
1168 4804 1251 4850 ter
1271 4798 1336 4851 de
1362 4797 1471 4863 die,
1491 4812 1615 4852 cum
1636 4798 1690 4851 in
1708 4797 1997 4869 synagogis

417 4885 533 4939 suis
584 4884 652 4940 ad
697 4888 979 4943 orandum
1009 4889 1344 4945 conveniunt
1392 4891 1528 4946 diris
1560 4891 1682 4945 illos
1708 4890 1995 4955 devovent,

418 4992 482 5029 ac
506 4978 737 5032 solemni
762 4980 1152 5050 imprecatione
1181 4983 1554 5053 proscribunt.
1583 4983 1661 5037 Ac
1686 4980 1993 5045 Nazaraaos,

419 5068 699 5136 inquiunt,
734 5068 877 5125 Deus
906 5082 1238 5129 exsecretur.
1280 5074 1337 5128 In
1380 5076 1481 5130 hos
1535 5074 1678 5129 enim
1709 5072 1998 5129 oﬂ‘ensiore

417 5168 473 5210 et
518 5160 797 5215 acerbiore
828 5162 1010 5218 animo
1042 5176 1173 5221 sunt
1201 5207 1217 5233 ,
1251 5168 1396 5238 quod
1442 5183 1568 5222 cum
1614 5181 1645 5222 e
1686 5164 1994 5223 Iudaeorum

2098 4428 2351 4497 τοιοῦτοι,
2400 4430 2495 4484 καὶ
2532 4431 2811 4498 εὐάλωτοι,
2868 4432 2961 4485 καὶ
3019 4430 3262 4484 Ἰουδαῖοι
3311 4430 3550 4501 μᾶλλον,
3592 4432 3677 4482 καὶ

2100 4522 2251 4577 οὐδὲν
2292 4522 2497 4595 ἕτερον.
2540 4524 2687 4578 Πάνυ
2731 4525 2787 4579 δὲ
2833 4518 2979 4578 οὗτοι
3022 4522 3206 4595 ἐχθροὶ
3256 4526 3370 4587 τοῖς
3404 4522 3681 4585 ἰουδαέοις

2101 4613 2455 4685 ὑπάρχουσιν.
2491 4614 2566 4667 Ού
2610 4615 2768 4685 μόνον
2802 4615 2911 4687 γὰρ
2952 4617 2999 4668 οἱ
3042 4615 3149 4669 τῶν
3178 4613 3452 4667 Ἰουδαίων
3498 4612 3681 4673 παῖδες

2104 4704 2241 4776 πρὸς
2280 4705 2497 4770 τούτους
2546 4707 2842 4775 κέκτηνται
2889 4709 3083 4777 μῖσος,
3137 4705 3274 4759 ἀλλὰ
3332 4704 3683 4773 ἀνιστάμενοι

2106 4798 2517 4870 ἐσωθενδμο),
2582 4799 2672 4854 καὶ
2713 4800 2885 4871 μέσης
2947 4800 3189 4871 ἡμέρας,
3239 4801 3334 4853 καὶ
3395 4799 3524 4869 περὶ
3586 4798 3681 4865 τὴν

2106 4892 2364 4963 ἑσπέραν,
2404 4893 2524 4964 τρὶς
2552 4892 2649 4963 τῆς
2678 4892 2910 4964 ἡμέρας,
2945 4893 3032 4945 ὅτε
3064 4891 3228 4963 εὐχὰς
3255 4890 3595 4945 ἐπιτελοῦσιν
3620 4892 3682 4941 ἐν

2104 4988 2225 5049 ταῖς
2258 4985 2436 5038 αὐτῶν
2468 4988 2831 5055 συναγωγαῖς,
2859 4986 3169 5058 ὲπαρῶνται
3197 4987 3403 5049 αὐτοῖς,
3436 4987 3532 5038 καί
3557 4987 3680 5037 ἁνα-

2104 5075 2453 5147 θεματίζουσι
2505 5076 2835 5146 φάσκοντες,
2868 5079 2949 5130 ὅτι
2994 5078 3431 5148 Ἐπικαταράσαι
3477 5079 3509 5129 ὁ
3553 5076 3679 5137 Θεὸς

2102 5170 2229 5233 τοὺς
2275 5170 2652 5239 Ναζωραίους.
2712 5170 2823 5224 Καὶ
2867 5170 2975 5240 γὰρ
3028 5170 3242 5235 τούτοις
3298 5170 3677 5244 περισσότερον

491 5325 505 5353 ¹
547 5319 717 5375 Exod.
758 5339 915 5389 xxm,
944 5326 1031 5379 i7.
1109 5329 1129 5358 ²
1171 5325 1327 5381 Deut.
1357 5344 1521 5395 xxv",
1552 5329 1642 5384 26.
1722 5329 1743 5359 ³
1778 5329 1898 5385 Act.
1933 5345 1991 5383 xv

2168 5330 2260 5388 29.
2339 5334 2361 5363 ⁸
2397 5332 2574 5389 Galat.
2608 5350 2659 5398 v,
2694 5332 2751 5398 2,
2792 5332 2845 5387 4.
2923 5331 2944 5363 ⁸
2970 5330 3028 5387 F.
3062 5329 3254 5384 ἕωθεν.

492 5479 602 5554 (lli)
656 5482 841 5554 Ἀλλὰ
904 5483 1294 5554 ἀνιστάμενοι
1351 5485 1597 5541 ἔσωθεν.
1640 5486 1758 5540 Non
1801 5487 1996 5542 dubito

461 5551 549 5604 uin
598 5552 948 5606 scribendum
1000 5555 1071 5609 sit
1110 5551 1298 5609 ἕωθεν.
1334 5556 1489 5621 Quod
1529 5568 1710 5611 autem
1739 5558 1998 5613 Judaicas

461 5568 549 5604 um
598 5565 948 5606 sentiendum
1000 5565 1071 5609 sn
1111 5565 1298 5609 ἕωθεν.
1334 5565 1489 5621 Quod
1529 5568 1710 5611 autem
1739 5565 1998 5613 Judaicas

420 5565 543 5676 illas
592 5623 1009 5690 imprecationes
1040 5626 1091 5679 in
1121 5625 1407 5681 Nazarazos
1441 5628 1724 5683 haereticos
1756 5627 1998 5683 conferri

423 5690 615 5748 Scribit
677 5692 1034 5763 Epiphanius,
1106 5694 1471 5768 Hieronymus
1536 5699 1602 5752 ad
1656 5697 2000 5757 Christianos

2103 5491 2388 5548 transfert.
2425 5489 2501 5545 lta
2553 5494 2697 5547 enim
2754 5491 2846 5545 ille
2888 5496 2960 5543 ad
3013 5489 3127 5545 Isa.
3159 5505 3233 5545 LII
3271 5510 3285 5545 :
3325 5490 3396 5543 Et
3445 5487 3533 5543 sub
3577 5502 3680 5539 λος

2107 5563 2265 5625 mine,
2296 5572 2354 5615 ut
2374 5579 2510 5630 sa’pe
2537 5563 2669 5625 dixi,
2706 5561 3113 5616 Nazarenorum
3143 5570 3221 5616 ter
3247 5562 3303 5617 in
3334 5562 3422 5619 die
3448 5562 3501 5616 in
3528 5554 3679 5612 Chri-

2106 5633 2306 5688 stianos
2336 5642 2619 5703 congerunt
2646 5632 2947 5687 maledicta.
