3760 6176
92 238 181 290 4θό

2520 168 2542 195 κ

692 236 1059 293 ADVERSUS
1096 234 1434 292 ILERESES
1471 235 1597 290 LIB.
1641 237 1661 290 l
1699 235 1863 293 TOM.
1905 236 1967 293 ll.
2009 268 2078 276 —
2118 237 2391 294 H/ERES.
2426 237 2593 293 XXX.

3192 234 3299 293 £06

94 348 330 418 ἐνέχουσι,
355 347 442 401 διὰ
468 348 529 401 τὸ
556 349 662 402 ἀπὸ
690 350 959 406 Ἰουδαίων
998 353 1192 415 αὐτοὺς
1217 352 1394 413 ὄντας,
1424 350 1630 420 Ἰησοῦν

1791 367 1959 407 umero
1996 352 2141 417 sint,
2203 352 2557 407 nihilominus
2611 348 2794 406 Iesum
2851 366 2974 406 esse
3024 348 3302 407 Christum

93 436 362 508 κηρύσσειν
406 434 547 491 εἶναι
579 440 831 509 Χριστὸν,
877 441 1009 510 ὅπερ
1051 440 1196 493 ἐστὶν
1227 439 1466 492 ἐναντίον
1499 437 1633 509 πρὸς

1791 444 2023 499 indicent
2045 483 2060 508 ,
2094 442 2238 514 quod
2268 444 2333 499 iis
2376 444 2467 513 qui
2494 442 2802 497 Judzeorum
2840 442 3015 496 adhuc
3044 458 3301 498 caeremo-

93 529 197 593 τοὺς
240 527 316 581 ἔτι
370 529 674 594 Ἰουδαίους,
719 532 845 594 τοὺς
894 532 1129 602 Χριστὸν
1173 530 1247 601 μὴ
1290 529 1632 599 δεξαμένους.

97 627 293 697 Ἔχουσι
328 626 383 679 δὲ
420 628 481 679 τὸ
510 629 651 681 κατὰ
692 629 968 682 Ματθαῖον
999 628 1108 699 (Η)
1137 628 1467 697 Εύαγγέλιον
1497 626 1634 696 πλη-

94 718 326 788 ρέστατον
362 717 658 788 Ἐϐραῖστί.
703 720 841 790 Παρ’
887 721 1070 781 αὐτοῖς
1099 719 1208 790 γὰρ
1246 717 1430 788 σαφῶς
1458 718 1633 783 τοῦτο,

92 806 250 871 καθὼς
283 806 343 873 ὲξ
372 808 545 878 ἀρχῆς
585 808 797 880 ἐγράφη
838 808 1526 881 Ἐσραῖκοῖς,γράμμασιν,
1558 807 1636 860 ἔτι

92 895 323 959 σώζεται.
372 897 486 949 Οὐκ
520 893 634 951 οῐδα
678 897 755 961 δὲ,
804 899 851 950 εί
897 899 991 952 καὶ
1034 898 1132 963 τὰς
1167 897 1515 968 γενεαλογίας
1539 896 1637 961 τὰς

93 990 182 1043 ἀπὸ
206 989 299 1042 τοῦ
332 989 581 1060 Ἀϐραὰμ
621 992 748 1063 ἄχρι
782 991 1013 1063 Χριστοῦ
1044 992 1331 1062 περιεῖλον.
1360 989 1523 1043 Ἀλλὰ
1545 988 1639 1042 καὶ

91 1082 272 1151 ταύτην
294 1083 665 1153 φωράσαντες,
690 1084 766 1146 ὡς
798 1084 1027 1155 βληχρδν
1051 1085 1144 1137 καὶ
1172 1082 1362 1154 ὀδύνης
1412 1084 1641 1152 ἐμποιη-

93 1174 217 1226 τικὸν
241 1173 328 1225 διὰ.
355 1173 449 1226 τοῦ
482 1173 561 1227 ίοῦ
593 1174 846 1245 σφηκίον,
869 1174 1303 1241 καταθλάσαντές
1324 1191 1381 1226 τε
1408 1176 1517 1237 τοῖς
1542 1173 1641 1242 τῆς

92 1265 324 1334 ἀληθείας
369 1265 565 1334 λόγοις,
593 1266 686 1318 ἐπὶ
720 1266 817 1328 τὰς
849 1265 974 1334 ἑξῆς
1017 1266 1204 1336 ῐωμεν,
1231 1259 1275 1317 ὧ
1299 1263 1637 1334 ἐπιπόθητοι,

94 1356 221 1427 παρὰ
242 1357 379 1409 Θεοῦ
402 1356 678 1421 αἰτοῦντες
700 1356 797 1429 τὴν
820 1356 1095 1428 βοήθειαν.

555 1642 746 1695 ΚΑΤΑ
784 1640 1162 1707 ΕΒΙΩΝΑΙΩΝ,

438 1753 683 1821 Δεκάτῃ,
719 1756 758 1818 ἡ
792 1754 891 1807 καὶ
933 1756 1276 1824 τριακοστή.

1672 1702 1715 1758 Β

154 1868 225 1920 A'.
268 1862 484 1929 Ἑϐίων,
515 1865 608 1935 ἀφ’
642 1860 809 1939 οὗπερ
854 1866 1173 1932 Ἐὅιωναίοι,
1228 1865 1463 1938 καθεξῆς
1515 1870 1644 1923 ἀκο-

90 1958 293 2022 λουθῶν,
324 1958 420 2010 καὶ⁹
442 1958 509 2011 τὰ
540 1959 701 2028 ὃμοια
736 1958 941 2023 τούτοις
982 1960 1274 2031 φρονήσας,
1301 1960 1644 2033 πολύμορφον

88 2049 374 2119 τεράστιον,
410 2048 531 2111 καὶ,
558 2049 634 2112 ὼς
662 2051 856 2116 εἰπεῖν,
886 2052 983 2121 τῆς
1007 2050 1375 2123 μυθευομένης
1414 2054 1647 2107 πολυκε-

91 2142 241 2209 φάλου
277 2140 485 2211 ’Ὕδρας
516 2141 719 2211 ὀφιώδη
758 2141 968 2212 μορφὴν
1006 2144 1063 2195 ὲν
1091 2143 1268 2215 ἐαυτῷ
1291 2145 1648 2199 ἀνατυπωσά-

90 2251 254 2303 μενος,
294 2233 461 2287 πάλιν
515 2233 784 2303 ἐπανέστη
810 2232 886 2304 τῷ
932 2234 1049 2305 βίῳ,
1094 2235 1159 2287 ὲκ
1185 2235 1283 2305 τῆς
1308 2236 1511 2289 τούτων
1548 2237 1647 2307 μὲν

92 2324 268 2393 σχολῆς
299 2325 584 2395 ὑπάρχων,
636 2324 800 2395 ἕτερα
826 2326 882 2378 δὲ
921 2327 1072 2397 παρὰ
1113 2327 1334 2391 τούτους
1366 2328 1647 2399 κηρύττων

88 2417 171 2469 καὶ
219 2416 618 2486 ὑφηγούμενος.
666 2417 751 2479 Ὠς
779 2417 887 2488 γὰρ
925 2417 978 2470 εί
1014 2436 1097 2482 τις
1150 2418 1425 2484 συνάξειεν
1466 2420 1648 2490 ἑαυτῴ

89 2508 145 2559 ὲκ
191 2506 464 2576 διαφόρων
515 2506 677 2560 λίθων
730 2508 923 2577 τιμίων
976 2509 1202 2580 κόσμον,
1255 2511 1351 2565 καὶ
1400 2512 1649 2582 ποικίλης

88 2599 299 2670 ἐσθῆτος
357 2599 594 2669 ἔνδυμα,
646 2600 738 2653 καὶ
779 2601 1051 2669 διαφανῶς
1107 2603 1297 2656 ἑαυτὸν
1349 2605 1646 2674 κοσμήσει·

86 2692 213 2744 οὕτω
244 2694 337 2745 καὶ
364 2686 537 2757 οὗτος,
594 2693 653 2746 τὸ
691 2694 956 2753 ἀνάπαλιν
985 2695 1091 2748 πᾶν
1132 2694 1311 2749 ὁτιοῦν
1352 2695 1521 2749 δεινὸν
1558 2698 1651 2748 καὶ

83 2784 351 2854 όλετήριον
400 2785 494 2837 καὶ
550 2783 833 2853 βδελυκτὸν
872 2786 1153 2857 κήρυγμα,
1195 2786 1438 2856 ἄμορφόν
1470 2803 1527 2838 τε
1561 2786 1652 2839 καὶ

90 2875 367 2940 ἀπίθανον,
405 2874 631 2945 ἀζηλίας
684 2875 933 2946 ἔμπλεων
970 2877 1099 2948 παρ’
1130 2877 1363 2946 ἑκάστης
1391 2878 1652 2948 αἱρέσεως

1734 536 1853 590 rias
1878 535 2084 599 colunt,
2131 535 2382 605 inprimis
2413 542 2494 590 est
2519 535 2876 597 contrarium,
2910 535 3000 604 qui
3025 534 3301 589 Christum

1733 626 1987 682 videlicet
2015 626 2319 697 repudiant.
2345 625 2439 681 Est
2461 641 2588 681 vero
2611 642 2777 696 penes
2808 626 2929 682 illos
2952 626 3302 697 Evangelium

1736 718 2036 772 secundum
2068 717 2376 771 Mattbaaum
2405 758 2420 783 ,
2471 716 3030 788 llebraice.scriptum
3058 760 3072 785 ,
3103 728 3157 773 et
3185 718 3306 788 qui-

1737 808 1859 863 dem
1901 808 2388 865 absolutissimum.
2436 809 2551 865 Hoc
2596 810 2741 865 enim
2797 810 3099 865 certissime
3146 816 3308 881 prout

1738 898 2016 955 Hebraicis
2054 900 2252 955 litteris
2288 900 2441 956 initio
2469 901 2730 971 scriptum
2755 909 2859 966 est,
2893 902 2948 957 in
2987 902 3307 957 hodiernum

1739 999 1951 1061 tempus
1978 1006 2152 1061 usque
2173 1002 2518 1047 conservant.
2543 991 2743 1048 Verum
2770 992 2901 1046 illud
2925 993 3139 1058 nescio,
3176 1010 3306 1047 num

1739 1083 2081 1152 genealogias
2112 1082 2233 1137 illas
2262 1082 2626 1153 amputarint,
2658 1099 2777 1154 qum
2808 1084 2875 1139 ab
2891 1084 3198 1139 Abrahamo
3242 1084 3308 1137 ad

1740 1174 2015 1229 Christum
2030 1190 2201 1245 usque
2232 1174 2502 1246 perducue
2524 1182 2670 1229 sunt.
2697 1174 2978 1231 Postremo
3007 1191 3128 1231 cum
3165 1176 3309 1229 illam

1741 1265 1970 1321 lizeresin
2021 1267 2101 1322 sic
2134 1276 2389 1338 tanquam
2427 1266 2748 1321 imbecillem
2785 1269 3074 1337 quemdam
3126 1278 3180 1323 et
3219 1284 3313 1322 vc~

1740 1366 1998 1412 nenatum
2029 1359 2352 1414 crabronem
2386 1357 2937 1429 deprehenderimus,
2974 1375 3038 1414 ac
3069 1358 3311 1415 veritatis

1742 1450 1985 1503 oratione
2008 1449 2411 1513 obtriverimus,
2442 1464 2541 1503 nos
2564 1450 2631 1504 ad
2661 1450 2795 1505 alias
2820 1449 3099 1521 deinceps,
3129 1466 3161 1505 ο
3187 1450 3313 1504 cha-

1744 1540 1966 1605 rissimi,
2014 1540 2197 1597 divino
2232 1540 2352 1597 freti
2384 1542 2637 1613 praesidio
2658 1543 3033 1613 conferamus.

1937 1652 2092 1723 125
2154 1652 2598 1713 ADVERSUS
2662 1654 3123 1720 EBIONIEOS,

2095 1766 2227 1831 Qua:
2249 1778 2325 1821 est
2349 1767 2562 1823 haeresis
2582 1768 2653 1834 X,
2676 1770 2751 1825 vel
2783 1769 2965 1824 XXX.

1814 1880 1855 1933 1.
1895 1877 2182 1934 Nazaraaos
2211 1879 2402 1945 Ebion,
2435 1896 2464 1935 a
2486 1895 2597 1952 quo
2615 1881 2879 1937 Ebionitze
2900 1880 3316 1950 dicti,proxime

1745 1974 2124 2043 consequitur,
2160 1974 2461 2044 eademque
2507 1990 2632 2029 cum
2668 1975 2777 2030 illis
2805 1975 3061 2046 dogmata
3094 1975 3316 2044 prolite—

1745 2073 1836 2119 tur
1864 2083 1877 2118 :
1909 2063 2056 2135 quod
2089 2064 2421 2119 horrendum
2454 2074 2762 2121 monstrum
2794 2082 2858 2121 ac
2893 2065 3194 2135 multiplex,
3231 2073 3306 2131 et,

1747 2165 1805 2210 ut
1830 2156 1905 2209 ita
1936 2155 2135 2215 dicam.
2167 2154 2429 2212 fabulosae
2460 2157 2626 2220 illius,
2657 2172 2721 2212 ac
2747 2157 3041 2212 multorum
3077 2157 3315 2226 capitum

1748 2244 1935 2316 hydra:
1981 2244 2348 2313 serpentinam
2399 2246 2453 2299 in
2502 2260 2623 2301 sese
2695 2244 2923 2315 ﬁguram
2986 2242 3317 2313 exprimens.

1748 2350 1946 2390 rursus
1976 2335 2046 2389 ad
2081 2336 2307 2390 exitium
2331 2336 2557 2390 humani
2600 2336 2816 2406 generis
2862 2335 3063 2405 erupit.
3091 2333 3168 2388 Ac
3196 2333 3321 2388 licet

1749 2442 1815 2481 ex
1867 2426 2084 2481 illorum
2134 2427 2426 2498 disciplina
2471 2428 2773 2499 prodierit,
2826 2428 3089 2483 nonnulla
3142 2434 3322 2480 tamen

1748 2526 1948 2589 praeter
1998 2535 2162 2589 quam
2206 2521 2276 2574 ab
2327 2520 2436 2574 illis
2477 2521 2803 2586 doceantur,
2880 2518 3117 2573 asseruit
3162 2526 3324 2588 atque

1750 2611 2060 2680 proposuit.
2096 2610 2168 2665 Ut
2195 2612 2342 2666 enim
2373 2612 2416 2667 si
2458 2611 2582 2681 quis
2613 2611 2783 2666 variis
2814 2626 2880 2666 ex
2914 2609 3113 2679 lapillis
3156 2622 3325 2663 orna-

1751 2711 1866 2756 tum
1897 2703 2003 2759 sibi
2049 2704 2285 2775 aliquem
2318 2704 2594 2768 conficiat,
2631 2710 2725 2756 aut
2752 2702 3085 2773 variegatam
3118 2701 3321 2756 colori-

1750 2794 1853 2849 bus
1903 2804 2111 2850 vestem
2160 2795 2388 2859 induat,
2448 2805 2610 2866 atque
2660 2794 2988 2863 exquisitam
3033 2792 3324 2862 quamdam

1751 2886 2069 2955 elegantiam
2098 2885 2383 2953 adhibeat;
2416 2887 2494 2942 sic
2545 2887 2635 2940 ille
2676 2893 2886 2951 contra,
2919 2872 3185 2938 omnibus
3224 2898 3326 2936 un-

86 2967 267 3032 λαϐὼν,
293 2970 488 3021 ἑαυτὸν
530 2969 874 3023 ἁνετύπωσεν
908 2970 987 3033 εις
1026 2969 1265 3033 ἁπάσας.
1300 2971 1643 3041 Σαμαρειτῶν,

1793 2979 1919 3047 ique
1947 2978 2278 3047 perniciosis
2310 2994 2373 3033 ac
2421 2978 2694 3049 pestiferis
2724 2976 3067 3048 dogmatibus
3095 2974 3328 3029 arcessi~

86 3060 176 3130 μὲν
219 3060 329 3130 γὰρ
385 3059 498 3130 ἔχει
556 3061 616 3114 τὸ
655 3060 928 3133 βδελυρὸν,
969 3061 1236 3115 Ἰουδαίων
1280 3060 1338 3115 δὲ
1364 3062 1425 3114 τὸ
1465 3062 1643 3133 δνομοι1

1791 3071 1849 3133 is,
1885 3070 2149 3140 quidquid
2192 3086 2537 3141 unaquaeque
2585 3069 2812 3124 bmresis
2855 3066 3189 3122 horrendum
3241 3066 3325 3119 in-

98 3150 354 3204 Ὀσσαίων
413 3150 469 3203 δὲ
514 3150 609 3203 καὶ
660 3149 998 3221 Ναζωραίων
1043 3152 1139 3205 καὶ
1189 3152 1515 3223 Νασαραίων
1561 3152 1658 3223 τὴν

89 3242 320 3311 γνώμην,
358 3241 733 3312 Κηρινθιανῶν
759 3243 821 3295 τὸ
846 3239 1002 3309 εἶδος,
1032 3244 1539 3316 Καρποκρατιανῶν
1560 3246 1659 3315 τὴν

85 3332 466 3403 κακοτροπίαν,
492 3332 934 3403 καὶΧριστιανῶν
959 3334 1202 3403 βούλεται
1225 3335 1368 3405 ἐχειν
1386 3336 1483 3408 τὴν
1502 3353 1661 3408 προσ-

88 3423 325 3494 ηγορίαν.
387 3425 460 3477 Ού
494 3424 603 3495 γὰρ
650 3424 917 3495 δήπουθεν
961 3426 1059 3496 τήν
1096 3443 1156 3478 τε
1192 3426 1391 3497 πρᾶξιν
1435 3427 1528 3481 καὶ
1563 3426 1661 3500 τὴν

86 3516 304 3587 γνώμην
358 3516 454 3569 καὶ
485 3516 581 3587 τὴν
632 3517 854 3585 γνῶσιν,
888 3518 982 3570 καὶ
1025 3518 1124 3589 τὴν
1162 3518 1268 3573 τῶν
1316 3520 1661 3588 Εὐαγγελίων

86 3608 175 3660 καὶ
234 3608 555 3661 ἀποστόλων
602 3610 730 3679 περὶ
765 3610 1000 3673 πίστεως
1034 3610 1448 3679 συγκατάθεσιν.
1481 3613 1664 3677 Μέσος

84 3699 157 3759 δὲ,
183 3699 257 3763 ὡς
303 3700 503 3765 εἰπεῖν,
530 3700 787 3753 ἁπάντων
846 3701 1147 3772 τυγχάνων,
1199 3702 1350 3756 οὐδὲν
1395 3703 1659 3773 πέφυκεν,

84 3790 212 3842 ἀλλὰ
264 3792 357 3843 ἐπ’
408 3790 557 3861 αύτῷ
606 3791 906 3862 πληροῦται
956 3793 1016 3845 τὸ
1048 3795 1466 3865 γεγραμμένον
1520 3798 1661 3863 Hap‘

88 3881 289 3949 ὀλίγον
320 3881 623 3950 ἐγενόμην
646 3883 715 3935 ὲν
760 3882 939 3935 παντὶ
972 3881 1157 3953 κακῷ,
1184 3884 1381 3954 μέσον
1418 3887 1664 3955 Ἐκκλη-

84 3974 217 4038 aiat;
267 3972 372 4026 καὶ
416 3971 800 4041 συναγωγῆς.
847 3974 1192 4046 Σαμαρείτης
1229 3975 1328 4045 μὲν
1365 3972 1457 4030 οῦν
1482 3978 1557 4031 ὣν
1577 3978 1664 4031 διὰ

86 4064 174 4131 τῆς
198 4064 514 4135 βδελυρίας,
563 4063 800 4134 τοῦνομα
850 4066 1093 4136 ἀρνεῖται
1116 4082 1130 4098 ο
1181 4067 1427 4121 Ἰουδαῖον
1452 4069 1509 4123 δὲ
1538 4071 1664 4123 έαυ-

84 4154 166 4205 τὸν
191 4155 504 4224 ὁμολογῶν,
536 4155 807 4217 Ἰουδαίοις
832 4156 1335 4221 ἀντίκειται,καίτοι
1362 4160 1665 4230 συμφωνῶν

84 4247 260 4309 αὐτοῖς
308 4249 373 4300 ὲν
431 4248 609 4318 μέρει,
665 4247 740 4311 ὡς
774 4247 1004 4316 ὕστερον
1050 4250 1107 4301 έν
1160 4252 1278 4313 ταῖς
1316 4250 1443 4321 περὶ
1476 4252 1663 4305 τούτου

1757 3160 1970 3230 primis,
2008 3168 2061 3216 et
2091 3161 2371 3216 exitiabile
2404 3175 2467 3215 ac
2496 3159 2876 3216 detestandum
2901 3160 3117 3223 asserit,
3149 3164 3327 3226 turpe,

1759 3252 2005 3322 inquam,
2052 3261 2107 3308 et
2151 3253 2416 3308 absonum
2474 3252 2937 3320 absurditatisque
2993 3249 3210 3319 plenum
3274 3254 3331 3304 et

1761 3342 2013 3397 odiosum
2043 3358 2074 3397 e
2119 3343 2351 3414 singulis
2385 3342 2582 3413 dogma
2612 3342 2974 3405 concinnans,
3002 3338 3247 3393 omnium
3274 3337 3331 3391 in

1762 3446 1823 3487 se
1848 3432 2055 3487 formas
2083 3433 2407 3503 speciesque
2438 3433 2741 3487 transtulit.
2778 3430 2914 3485 Nam
2956 3430 3332 3484 Samaritano-

1761 3536 1883 3575 rum
1926 3521 2196 3592 impuram
2228 3523 2677 3591 superstitionem
2715 3520 3009 3576 allectavit.
3051 3521 3093 3573 A
3128 3520 3333 3575 Judmis

1761 3628 2151 3685 porromomen
2180 3615 2422 3684 accepit;
2458 3614 2525 3668 ab
2563 3612 2781 3675 Ossaeis,
2840 3611 3113 3667 Nazaraeis
3142 3620 3197 3666 et
3222 3612 3332 3665 Nae

1762 3707 1949 3763 saraais
1998 3706 2273 3777 dogmata.
2326 3706 2807 3761 Cerinthianorum
2841 3705 3035 3760 deinde
3078 3704 3329 3766 formam,

1763 3798 2317 3869 Carpocratianorum
2345 3798 2667 3868 nequitiam,
2706 3798 3143 3853 Christianorum
3179 3796 3335 3850 deni-

1764 3907 1869 3962 que
1890 3892 2304 3962 appellationem
2334 3905 2600 3961 usurpare
2625 3890 2920 3945 contendit.
2955 3888 3140 3957 Neque
3187 3888 3333 3942 enim

1764 3985 1833 4038 ab
1879 3984 1965 4038 his
1995 3984 2289 4054 postremis
2319 3999 2441 4038 cum
2484 3983 2722 4043 nomine.
2768 3981 2910 4035 facta
2954 3981 3073 4050 ipsa
3102 3980 3331 4048 pariter,

1765 4090 1829 4129 ac
1859 4082 2094 4129 mentem
2135 4074 2636 4143 cognitionemque,
2695 4077 2751 4125 et
2794 4068 3211 4138 Evangeliorum
3252 4075 3329 4119 at-

1764 4181 1871 4236 que
1920 4166 2293 4236 apostolorum
2328 4164 2396 4219 de
2448 4163 2552 4218 fide
2580 4164 2995 4220 consensionem
3040 4158 3337 4229 expressit.

1766 4255 1869 4323 Qui
1912 4273 2035 4312 cum
2083 4258 2296 4312 medius
2341 4256 2434 4320 sit,
2475 4262 2536 4307 ιιι
2589 4254 2664 4307 ita
2707 4252 2906 4315 dicam,
2947 4251 3088 4304 inter
3120 4262 3332 4307 omnes,

84 4340 414 4406 ἀποδείξεσι,
456 4339 666 4393 καὶτοῦ
695 4342 813 4392 κατ’
853 4339 1032 4394 αὐτῶν
1069 4340 1291 4411 ἐλέγχου
1322 4344 1643 4415 παραστήσο

1791 4349 1990 4418 iroprie
2016 4349 2204 4403 nullus
2228 4356 2333 4412 est,
2364 4348 2418 4400 in
2442 4360 2615 4415 eoque
2652 4344 2794 4415 quod
2826 4342 3087 4412 scriptum
3123 4347 3206 4394 est
3232 4338 3333 4391 im-

86 4444 196 4495 μεν,
218 4427 363 4481 Θεοῦ
396 4426 835 4499 ὲπιόοηθοῦντος.

1770 4439 1944 4506 pletur
1979 4457 1994 4491 :
2027 4438 2198 4492 Paulo
2232 4439 2403 4491 minus
2435 4445 2672 4491 versatus
2700 4451 2814 4487 sum
2843 4434 2897 4485 in
2925 4426 3067 4487 omni
3097 4429 3256 4494 malo,
3281 4430 3336 4480 in

82 4526 244 4579 medio
283 4524 550 4578 Ecclesia:
580 4533 630 4578 et
664 4524 957 4595 Synagoga:
984 4525 1024 4577 ⁸.
1084 4524 1254 4594 Igitur
1287 4541 1411 4580 cum
1465 4544 1654 4584 revera
1706 4531 2082 4589 Samaritanus
2132 4535 2202 4588 ob
2253 4532 2640 4589 exsecrandam
2685 4527 2983 4598 nequitiam
3016 4525 3107 4589 sit,
3148 4523 3337 4577 istius-

84 4621 222 4675 modi
281 4632 480 4675 tamen
528 4619 944 4689 appellationem
996 4618 1207 4687 rejicit;
1265 4629 1319 4676 et
1363 4638 1488 4676 cum
1539 4640 1597 4679 se
1646 4627 1787 4681 idem
1838 4626 2085 4683 Judaaum
2138 4628 2303 4682 faciat
2346 4626 2551 4683 Iudaeis
2619 4624 2965 4694 refragatur,
3021 4634 3332 4690 quanquam

82 4734 197 4771 cum
227 4718 322 4783 his
360 4717 552 4786 aliqua
579 4731 646 4770 ex
677 4726 831 4786 parte
867 4716 1164 4779 consentit,
1205 4716 1284 4769 uti
1330 4727 1544 4789 postea,
1574 4737 1699 4776 cum
1731 4724 1797 4778 ad
1824 4741 1945 4794 ejus
1981 4726 2056 4779 rei
2092 4725 2492 4795 probationem,
2538 4731 2592 4781 et
2618 4722 2997 4779 haereticorum
3065 4715 3333 4786 ejusmodi

82 4812 525 4866 confutationem
580 4816 899 4879 perventum
949 4810 1146 4874 fuerit,
1200 4809 1308 4866 Deo
1364 4813 1661 4883 adjuvante
1698 4820 2150 4875 monstrabimus.

147 4930 162 4958 ¹
185 4925 359 4980 Prov.
392 4940 451 4987 v,
482 4923 570 4979 M.

145 5044 257 5114 (H)
304 5043 569 5114 'E'xovgt
619 5040 687 5093 δὲ
733 5042 1007 5114 τὸηκατὰ
1054 5044 1369 5096 Ματθαῒον.
1411 5042 1565 5108 Quod
1611 5049 1666 5096 et

84 5108 463 5184 Hieronymus
504 5108 689 5166 Graece
720 5112 977 5184 reddidit,
1002 5121 1057 5167 et
1091 5115 1225 5184 citat
1274 5114 1390 5183 ipse
1441 5115 1661 5181 saepius.

83 5185 263 5253 Neque
289 5182 443 5236 vero
468 5196 663 5253 purum
690 5191 876 5251 putum
908 5182 1142 5237 Matthazi
1170 5182 1518 5252 Evangelium
1542 5184 1663 5241 fuit.

85 5265 137 5309 ιιι
165 5251 534 5310 existimasse
568 5251 781 5323 videtur
814 5254 1148 5323 Epiphanius
1170 5294 1185 5319 ,
1216 5251 1408 5323 setl'ab
1436 5254 1543 5309 illis
1572 5255 1666 5307 de-

84 5335 399 5394 pravatum,
438 5320 585 5394 quod
609 5330 667 5394 et
700 5320 1050 5394 Evangelium
1086 5323 1227 5377 κατὰ
1264 5322 1547 5394 Ἑϐραίους
1573 5340 1669 5392 ap-

84 5391 244 5464 pellat
275 5391 564 5464 Eusebius
608 5392 702 5445 lib.
736 5409 792 5446 ιιι
828 5391 1204 5464 ΙΙὶδιοιςηηοιψ.
1235 5396 1320 5449 19.
1359 5391 1581 5449 Hieron.
1611 5391 1667 5446 in

82 5460 193 5535 cap.
234 5480 312 5535 sit
359 5460 605 5535 Matt/1;.
626 5478 746 5532 cap.
776 5463 892 5518 13':
943 5460 1012 5517 Iri
1038 5460 1344 5533 Evangelia,
1382 5482 1485 5535 quo
1517 5475 1676 5535 utun-

82 5531 165 5589 tur
210 5533 507 5588 Nazareni
538 5531 818 5597 Ebiouitw,
863 5536 1000 5604 quod
1050 5531 1210 5602 nuper
1248 5536 1303 5587 in
1339 5531 1579 5590 ercum
1612 5534 1675 5587 de

87 5606 311 5661 Heber
349 5619 601 5657 sermone
635 5605 1027 5673 transtulimus,
1050 5614 1098 5656 et
1119 5605 1253 5673 quod
1286 5616 1501 5659 vocatur
1522 5622 1553 5658 a
1574 5605 1678 5673 ple-

85 5680 257 5749 risque
298 5673 563 5731 Hatlhwi
595 5674 969 5742 authenticum,
1012 5672 1163 5730 homo
1197 5674 1311 5741 iste,
1346 5677 1433 5745 qui
1468 5672 1674 5730 aridam

1770 5042 1923 5096 habet
1945 5059 2178 5105 manum,
2201 5044 2563 5097 armentarius
2585 5042 2855 5095 scribitur.
2892 5041 3035 5097 Idem
3061 5042 3113 5096 in
3140 5040 3334 5109 Script.

1769 5113 1950 5167 eccles.
1983 5113 2049 5167 de
2092 5112 2349 5167 Matthazo
2384 5128 2572 5183 agens,
2610 5114 2771 5181 hujus
2806 5112 3129 5167 Hebraicum
3159 5114 3339 5180 ipsum

1772 5184 1827 5237 in
1840 5184 2158 5238 Casariensi
2179 5184 2505 5237 bibliotheca
2534 5192 2868 5238 asservatum
2895 5192 3051 5237 aetate
3080 5197 3177 5236 sua
3210 5198 3342 5236 nar-

1773 5262 1877 5319 rat,
1903 5253 2062 5322 cujus
2097 5254 2200 5308 sibi
2233 5269 2264 5306 a
2294 5252 2565 5309 Nazarazis
2588 5253 2924 5308 esscribendi
2959 5255 3188 5308 facultas
3223 5252 3349 5307 fue-‘

1773 5325 1862 5377 rit.
1902 5322 2005 5378 Sed
2039 5323 2417 5378 Nazarazorutn
2446 5324 2793 5394 Evangelium
2828 5338 3166 5394 nequaquam
3201 5322 3338 5376 Mat—

1780 5394 1903 5447 thaai
1934 5410 2249 5463 germanum
2291 5394 2411 5448 fuit.
2440 5393 2723 5449 Postremo
2752 5410 2879 5447 num
2910 5393 3171 5449 llebraica
3201 5400 3343 5447 vete-

1779 5466 1825 5517 ri
1855 5465 2329 5535 puraquelingua,
2366 5480 2432 5517 an
2467 5464 2710 5535 Syriaca,
2744 5465 2857 5518 sive
2892 5463 3343 5535 Hierosolymita-

1781 5549 1853 5588 na
1914 5534 2231 5605 vulgarique
2301 5534 2581 5589 Mattlneus
2632 5534 2978 5603 Evangelium
3036 5534 3337 5605 scripserit,

1780 5602 2114 5659 nonnisi'ex
2144 5602 2502 5675 ’conjecturis
2552 5602 2891 5674 pronuntiari
2944 5611 3140 5675 potest.
3196 5602 3339 5657 Nihil

1782 5675 1925 5730 enim
1959 5675 2093 5730 certi
2126 5674 2502 5749 exploratiquc
2528 5676 2598 5730 ab
2621 5675 2933 5730 auctoribus
2960 5674 3159 5729 discas.
