3760 6176
395 131 497 186 ω’]

1761 128 1819 184 S.
1859 128 2200 184 EPIPHANII

3534 123 3634 180 1.05

461 243 526 298 ll.
568 241 847 315 Siquidem
875 244 1048 302 Ebion
1082 246 1185 302 iste
1214 245 1458 317 priorum
1487 247 1700 303 illorum
1733 249 1946 318 aequalis

2151 249 2204 300 3'.
2265 238 2430 309 Οὗτος
2485 244 2592 317 γάρ
2621 246 2649 298 ὁ
2689 241 2881 296 Ἑϐίων
2936 239 3229 313 σύγχρονος
3279 241 3377 312 μὲν
3429 239 3636 292 τούτων

393 333 519 399 fuit,
561 344 613 390 et
660 336 903 392 eamdem
954 353 1078 392 cum
1118 339 1253 409 ipsis
1297 340 1562 408 originem
1613 340 1839 410 accepit.
1885 344 1960 393 Ac

395 428 628 498 primum
664 445 695 483 e
725 429 869 482 virili
899 431 1194 485 concubitu
1224 447 1286 485 ac
1312 433 1536 497 semine,
1562 444 1691 502 puta
1715 431 1956 502 Iosephi,

395 531 583 573 natum
626 536 749 575 esse
781 520 1056 576 Christum
1087 524 1344 586 asseruit,
1374 531 1435 576 ut
1475 535 1600 578 ante
1637 525 1962 595 significavi-

395 625 537 672 mus,
564 625 686 664 cum
718 612 792 665 ita
831 612 1071 667 diximus
1105 632 1116 666 :
1149 613 1295 668 hunc
1347 615 1506 686 126
1547 618 1758 670 caeteris
1790 617 1843 670 in
1872 632 1962 671 re-

395 699 498 756 bus
531 702 716 756 eadem
748 717 871 756 cum
910 704 1030 758 aliis
1074 705 1422 770 sentientem,
1469 709 1570 760 hac
1596 722 1701 760 una
1749 692 1806 762 re
1848 708 1962 764 dis-

394 801 641 857 crepare,
684 789 830 859 quod
867 790 1176 847 Judzeorum
1210 795 1350 849 ritus
1376 810 1438 848 ac
1475 799 1826 853 caeremonias
1847 814 1962 853 am«

390 880 583 950 plexus
608 882 712 947 sit,
753 883 935 956 veluti.
964 882 1285 952 Sabbatum,
1337 902 1401 941 ac
1459 888 1957 954 circumcisionem,

393 973 607 1043 aliaque
648 973 702 1027 id
747 990 936 1044 genus,
968 976 1194 1045 perinde
1243 987 1405 1048 atque
1448 996 1478 1034 a
1527 978 1732 1035 Judaeis
1765 997 1830 1036 ac
1863 981 1963 1037 Sa-

391 1066 676 1122 maritauis
707 1066 1086 1122 observantur.
1120 1068 1261 1136 Quin
1287 1072 1448 1126 etiam
1487 1073 1642 1142 plura
1667 1074 1771 1129 iste
1797 1090 1960 1144 quam

390 1155 563 1213 Juda:i
629 1157 1100 1214 Samaritanorum
1173 1163 1480 1218 imitatione
1557 1167 1956 1235 complectitur.

391 1249 524 1303 Nam
568 1258 623 1305 et
655 1250 756 1306 hoc
787 1251 1008 1321 adjecit,
1066 1258 1127 1306 ut
1157 1253 1226 1308 ab
1271 1262 1624 1309 externorum
1679 1257 1960 1312 hominum

390 1349 539 1395 tactu
590 1358 713 1398 sese
753 1344 1082 1408 contineret,
1137 1355 1305 1416 utque
1335 1346 1531 1402 diebus
1561 1348 1793 1418 singulis
1825 1366 1961 1419 quo-

390 1433 493 1490 ties
519 1435 804 1489 mulierem
834 1437 1124 1506 attigisset,
1161 1438 1229 1493 ab
1270 1439 1498 1508 ejusque
1527 1440 1810 1509 complexu
1839 1455 1962 1495 sur-

389 1529 559 1589 geret,
592 1536 732 1591 aqua
767 1538 888 1578 sese
927 1525 1224 1593 prolueret,
1262 1527 1434 1582 sicubi
1469 1527 1586 1593 ejus
1614 1536 1759 1584 esset
1783 1532 1956 1600 copia,

2063 339 2325 408 ὑπῆρχεν,
2374 338 2466 390 ἀπ’
2503 335 2680 389 αὐτῶν
2738 335 2795 386 δὲ
2858 334 2955 386 σὺν
3009 333 3190 396 αὐτοῖς
3241 335 3503 404 ὁρμᾶται.
3563 333 3636 382 Τὰ

2061 431 2251 501 πρῶτα
2300 429 2356 482 δὲ
2404 431 2468 482 ἐκ
2507 429 2847 499 παρατριὸῆς
2903 428 2998 481 καὶ
3059 427 3370 497 σπέρματος
3410 422 3636 493 ἀνδρὸς,

2058 523 2302 577 τουτέστι
2330 523 2425 574 τοῦ
2442 521 2658 592 Ἰωσὴφ,
2681 520 2770 573 τὸν
2796 520 3029 592 Χριστὸν
3047 517 3404 588 γεγεννῆσθαι
3429 516 3636 580 ἔλεγεν,

2061 617 2137 677 ὼς
2159 616 2253 669 καὶ
2275 615 2375 686 ἤδη
2407 616 2537 684 ἡμῖν
2576 614 2922 684 προείρηται,
2953 613 3034 664 ὅτι
3065 611 3145 664 Τά
3185 609 3275 663 ἴσα
3306 612 3420 671 τοῖς
3457 606 3637 669 ἄλλοις

2061 709 2118 760 ὲν
2144 707 2314 760 ἆπασι
2345 705 2575 776 φρονῶν,
2611 707 2669 758 ἐν
2701 703 2872 775 τούτῳ
2909 704 3057 774 μόνῳ
3103 701 3400 773 διεφέρετο,
3455 702 3518 751 ὲν
3565 698 3638 767 τῷ

2059 800 2137 870 τῷ
2169 800 2316 870 νόμῳ
2347 799 2440 851 τοῦ
2488 797 2818 867 ἰουδαῖσμοῢ
2864 796 3219 868 προσανέχειν
3253 794 3390 848 κατά
3429 791 3635 844 σαϐϐα-

2058 891 2268 961 τισμὸν,
2293 890 2386 943 καὶ
2409 889 2550 943 κατὰ
2581 889 2679 960 τὴν
2715 887 3016 958 περιτομὴν
3040 927 3056 952 ,
3098 887 3192 939 καὶ
3229 885 3369 938 κατά
3399 884 3476 936 τὰ
3506 883 3635 937 ἀλλα

2061 984 2235 1037 πάντα
2263 1025 2277 1046 ,
2336 983 2539 1053 ὅσαπερ
2587 980 2737 1051 παρὰ
2801 979 3075 1042 Ἰουδαίοις
3132 979 3223 1030 καὶ
3267 974 3636 1046 Σαμαρείταις

2061 1073 2405 1129 ἐπιτελεῖται.
2461 1074 2581 1126 Ἔτι
2626 1072 2681 1125 δὲ
2736 1071 2906 1125 πλείω
2955 1063 3111 1134 οὗτος
3155 1067 3304 1139 παρά
3335 1068 3464 1129 τοὺς
3522 1067 3637 1117 Ἰου-

2058 1166 2236 1230 δαίους
2258 1164 2458 1235 ὁμοίως
2486 1167 2598 1226 τοῖς
2621 1165 2989 1235 Σαμαρείταις
3013 1162 3419 1230 διαπράττεται.
3461 1159 3633 1229 Προσ-

2059 1258 2210 1310 έθετο
2237 1257 2342 1328 γὰρ
2376 1255 2437 1308 τὸ
2460 1254 2891 1326 παρατηρεῖσθαι
2914 1252 3180 1306 ἅπτεσθαί
3199 1269 3358 1305 τινων
3385 1250 3503 1304 τῶν
3542 1250 3635 1303 ἀλα

2059 1348 2284 1403 λοεθνῶν
2308 1362 2322 1376 ⁸
2360 1346 2478 1400 καθ’
2531 1345 2767 1416 ἑκάστην
2799 1345 2856 1398 δὲ
2907 1343 3139 1416 ἡμέραν,
3174 1344 3226 1395 εί
3252 1360 3377 1395 ποτε
3410 1343 3646 1410 γυναικί·

2061 1437 2378 1508 συναφθείη,
2436 1438 2530 1490 καὶ
2565 1437 2660 1490 ἀπ’
2694 1436 2863 1506 αὐτῆς
2909 1437 3136 1505 ἀναστῇ,
3171 1432 3534 1504 βαπτίζεσθαι
3581 1434 3630 1484 ἐν

2057 1533 2171 1596 τοῖς
2199 1530 2408 1593 ὕδασιν,
2433 1530 2588 1582 εἵπου
2616 1527 2672 1581 δὲ
2702 1527 2769 1581 ἂν
2805 1526 3064 1598 εὐποροίη
3091 1526 3124 1597 ἢ
3156 1525 3429 1595 θαλάσσης
3477 1525 3512 1594 ἧ
3550 1525 3633 1578 ἄλ-

392 1613 620 1667 marinte
649 1613 902 1671 videlicet
952 1625 1045 1670 aut
1090 1618 1317 1674 alterius
1362 1619 1595 1689 generis.
1627 1619 1781 1686 Quod
1812 1621 1857 1676 si

2148 1639 2164 1676 θ
2219 1621 2444 1676 ὑδάτων.
2490 1619 2650 1673 Ἀλλά
2692 1620 2785 1672 καὶ¹
2835 1620 2884 1672 εί
2926 1617 3274 1689 συναντήσειέ
3318 1634 3426 1669 τινι
3475 1616 3633 1670 ἀνιὼν

391 1706 481 1758 illa
511 1706 712 1762 lotione
748 1723 815 1762 ac
860 1710 1134 1766 mersione
1180 1713 1396 1767 rediens
1430 1712 1484 1765 in
1524 1713 1834 1782 quempiam
1878 1713 1960 1767 iu-

390 1807 599 1862 currat,
633 1799 814 1854 denuo
843 1800 911 1855 ad
937 1802 1264 1856 ablueudum
1295 1819 1437 1866 sese,
1475 1818 1618 1873 saepe
1641 1804 1804 1858 etiam
1835 1819 1958 1859 cum

389 1889 526 1959 ipsis
557 1892 905 1948 vestimentis
934 1893 1262 1964 regreditur.
1297 1895 1470 1950 Ilodie
1518 1911 1643 1951 vero
1671 1896 1960 1966 virginitas

390 1981 530 2052 apud
568 1983 691 2038 illos
733 1994 790 2039 et
821 1985 1048 2040 castitas
1080 1987 1307 2040 omnino
1351 1987 1692 2058 prohibetur,
1725 1987 1778 2042 id
1817 1988 1960 2056 quod

390 2081 444 2127 et
471 2083 678 2128 canorae
701 2089 892 2130 omnes
921 2075 1189 2145 ejusmodi
1226 2078 1460 2132 luereses
1495 2088 1779 2148 usurpant.
1824 2076 1959 2131 Nam

390 2166 520 2219 olim
551 2167 618 2222 de
661 2167 976 2236 virginitate
1025 2169 1245 2238 gloriari
1295 2170 1562 2233 solebant,
1602 2169 1858 2224 nimirum
1891 2169 1960 2224 ob

391 2255 652 2312 Jacobum
685 2257 904 2314 fratrem
937 2258 1150 2314 Domini
1185 2278 1198 2313 :
1233 2261 1478 2330 adeoque
1511 2262 1682 2316 libros
1731 2275 1862 2317 suos
1891 2261 1959 2316 ad

391 2348 636 2403 seniores
661 2358 717 2403 et
741 2350 982 2420 virgines
1004 2351 1334 2406 inscribunt.
1372 2351 1476 2408 Sed
1504 2352 1669 2421 hujus
1703 2351 1961 2410 factionis

391 2441 671 2494 exordium
725 2449 847 2510 post
907 2441 1419 2514 Hierosolymitanae
1482 2444 1633 2498 urbis
1686 2443 1958 2498 excidium

391 2532 574 2601 cmpit.
609 2530 726 2598 Quo
756 2540 998 2604 tempore
1019 2533 1316 2589 Christiani
1340 2549 1528 2589 omnes
1549 2550 1673 2590 cum
1703 2536 1758 2589 in
1777 2533 1959 2589 Peraea

391 2621 664 2691 degerent,
695 2629 858 2692 atque
887 2623 939 2676 in
986 2626 1123 2680 urbe
1156 2623 1304 2680 Pella
1347 2625 1715 2694 potissimum,
1749 2619 1869 2696 Quae
1901 2627 1960 2681 in

391 2710 774 2787 Decapolitaua
812 2715 1093 2790 provincia
1135 2723 1240 2786 est,
1269 2715 1426 2791 cujus
1473 2725 1655 2776 exstat
1687 2719 1740 2771 in
1783 2716 1961 2771 Evan-

390 2813 532 2879 gelio
558 2811 764 2865 mentio
808 2813 847 2876 ⁸,
893 2827 1059 2882 prope
1091 2811 1396 2868 Balanteam
1446 2831 1510 2869 ac
1546 2808 1910 2870 Basanitidﬁm
1941 2827 1954 2863 =

391 2915 515 2952 cum
551 2901 684 2963 illic,
718 2901 961 2970 inquam,
1007 2900 1346 2956 domicilium
1394 2905 1778 2972 collocassent,
1829 2907 1958 2960 hinc

394 2990 586 3045 Ebioni
613 2990 739 3044 data
774 3000 858 3047 est
890 2994 1222 3064 propagandi
1250 2997 1457 3050 erroris
1495 2995 1738 3052 occasio.
1770 2997 1873 3062 Qui
1901 2997 1958 3051 in

392 3098 535 3152 pago
587 3083 824 3160 quodam
881 3083 1098 3139 Cocabe
1134 3085 1189 3139 in
1249 3087 1472 3156 regione
1522 3087 1957 3155 Carnaimorum,

394 3176 614 3230 Arnemi
647 3183 700 3231 et
724 3177 1164 3244 Astarotharum,
1197 3187 1250 3235 et
1289 3180 1622 3238 Basanitidis
1655 3192 1832 3240 tractu
1861 3185 1961 3238 ha-

394 3265 570 3323 bitare
622 3269 810 3338 cmpit,
839 3269 1296 3340 quemadmodum
1345 3280 1498 3328 vetus
1542 3275 1609 3329 ad
1653 3290 1754 3330 nos
1787 3293 1963 3347 usque

394 3351 542 3413 fama
569 3361 813 3430 pertulit.
862 3359 991 3416 lnde
1037 3362 1204 3433 igitur
1240 3363 1460 3434 pessimi
1503 3367 1834 3436 praedicandi
1862 3369 1963 3422 do-

395 3453 595 3521 gmatis
622 3452 839 3506 initium
879 3455 1135 3524 sumpsit,
1163 3455 1308 3510 unde
1340 3463 1395 3511 et
1429 3457 1627 3528 impios
1653 3457 1961 3514 Nazarenos

396 3541 634 3612 cmpisse
679 3543 990 3602 docuimus.
1039 3547 1211 3602 Ambo
1260 3551 1402 3602 enim
1457 3549 1671 3605 collatis
1705 3551 1847 3604 inter
1903 3568 1964 3607 se

397 3637 668 3707 capitibus
701 3653 856 3692 suam
907 3639 1046 3694 alter
1077 3656 1200 3694 cum
1251 3641 1423 3695 altero
1466 3643 1868 3712 improbitatem
1899 3659 1962 3697 ac

397 3729 697 3800 nequitiam
729 3732 1172 3786 communicavit.
1209 3733 1388 3802 Atque
1425 3734 1527 3788 etsi
1563 3723 1962 3804 quadamtenus

400 3839 432 3876 ιι
459 3838 518 3877 se
557 3830 746 3877 mutuo
789 3823 1112 3889 dissideant,
1157 3825 1211 3878 in
1244 3826 1605 3896 excogitando
1638 3835 1815 3882 tamen
1842 3844 1966 3898 pra-

398 3914 623 3970 vissimo
646 3913 895 3986 dogmate
923 3931 1045 3972 sese
1075 3917 1306 3972 invicem
1335 3927 1744 3988 expresserunt.
1794 3919 1966 3976 Caete-

398 4023 522 4060 rum
564 4008 784 4062 memini
816 4023 901 4062 me
939 4009 1062 4064 aliis
1101 4009 1153 4063 in
1189 4010 1346 4074 locis,
1378 4027 1501 4065 cum
1536 4013 1798 4068 adversus
1829 4014 1964 4067 alias

399 4099 635 4172 haereses
683 4101 1087 4166 contenderem,
1140 4100 1207 4154 de
1262 4100 1602 4155 Cocaborum
1653 4103 1761 4157 situ
1806 4111 1965 4172 atque

398 4189 598 4244 Arabia
626 4189 955 4259 disputasse.

2058 1715 2166 1768 ἀπὸ
2213 1714 2312 1783 τῆς
2354 1713 2463 1766 τῶν
2495 1712 2699 1765 ὑδάτων
2759 1710 3105 1772 καταδύσεως
3145 1710 3241 1762 καὶ
3298 1707 3633 1778 βαπτισμοῦ,

2058 1800 2316 1863 ὡσαύτως
2337 1799 2498 1852 πάλιν
2533 1799 2819 1869 ἀνατρέχει
2847 1797 3220 1868 βαπτίζεσθαι,
3254 1797 3521 1860 πολλάκις
3550 1797 3634 1848 καὶ

2060 1893 2156 1946 σὺν
2187 1896 2299 1956 τοῖς
2339 1894 2591 1964 ἱματίοις.
2625 1893 2706 1946 Τὰ
2726 1892 2819 1945 νῦν
2848 1891 2906 1945 δὲ
2928 1891 3297 1963 ἀπηγόρευται
3315 1890 3634 1944 παντάπασι

2060 1987 2187 2056 παρ’
2235 1986 2419 2048 αὐτοῖς
2476 1983 2742 2056 παρθενία
2794 2000 2853 2036 τε
2893 1983 2988 2036 καὶ
3043 1981 3358 2053 ἐγκράτεια,
3417 1981 3503 2043 ὡς
3549 1982 3636 2032 καὶ

2058 2077 2211 2148 παρά
2237 2080 2357 2140 ταῖς
2386 2076 2571 2141 ἄλλαις
2611 2076 2822 2146 ὁμοίαις
2851 2075 3020 2146 ταύτῃ
3057 2075 3318 2146 αἱρέσεσι.
3354 2075 3500 2126 Ποτὲ
3534 2073 3635 2142 γὰρ

2057 2168 2356 2240 παρθενίαν
2407 2167 2782 2239 ἐσεμνύνοντο,
2814 2167 2974 2238 δῆθεν
3002 2165 3090 2220 διὰ
3133 2166 3223 2218 τὸν
3257 2165 3522 2218 Ἰάκωϐον
3555 2165 3639 2216 τὸν

2059 2261 2280 2330 ἀδελφὸν
2337 2260 2432 2313 τοῦ
2481 2260 2706 2331 Κυρίου,
2761 2261 2853 2312 καὶ
2885 2257 2954 2311 τὰ
2994 2258 3172 2310 αὐτῶν
3223 2257 3638 2326 συγγράμματα

2059 2352 2448 2424 πρεσϐυτέροις
2479 2352 2573 2404 καὶ
2627 2350 2917 2421 παρθένοις
2957 2351 3248 2419 γράφουσι.
3289 2348 3490 2416 Γέγονε
3527 2348 3638 2417 δὲῆ

2057 2445 2198 2516 ἀρχὴ
2228 2443 2419 2496 τούτου
2447 2442 2559 2512 (12)
2577 2440 2714 2512 μετὰ
2739 2441 2836 2511 τὴν
2857 2439 2961 2492 τῶν
2993 2438 3380 2512 Ἰεροσολύμων
3408 2437 3635 2492 ἅλωσιν.

2072 2535 2286 2607 Ἐπειδὴ
2351 2534 2460 2606 γὰρ
2498 2535 2699 2597 πάντες
2746 2535 2795 2586 οἱ
2841 2534 2921 2594 εἰς
2947 2532 3184 2605 Χριστὸν
3212 2532 3639 2592 πεπιστευκότες

2057 2628 2156 2699 τὴν
2188 2627 2427 2700 Περαίαν
2449 2627 2568 2678 κατ’
2602 2627 2777 2678 ἐκεῖνο
2804 2623 2997 2695 καιροῦ
3031 2622 3360 2694 κατῴκησαν¹
3382 2623 3450 2675 τὸ
3483 2622 3640 2674 πλέον

2058 2722 2117 2772 ὲν
2143 2719 2318 2790 Πέλλῃ
2350 2704 2453 2772 τινὶ
2481 2718 2631 2770 πόλει
2685 2717 2992 2788 καλουμένῃ
3020 2717 3118 2786 τῆς
3147 2714 3510 2777 Δεκαπόλεως
3546 2714 3640 2782 τῆς

2059 2813 2116 2865 ὲν
2141 2811 2219 2878 τῷ
2262 2810 2574 2879 Εὑαγγελίῳ
2604 2808 3018 2880 γεγραμμένης,
3051 2807 3278 2880 πλησίον
3317 2808 3417 2876 τῆς
3460 2807 3638 2857 Βατα-

2059 2902 2212 2969 ναίας
2265 2903 2360 2956 καὶ
2409 2902 2752 2966 Βασανίτιδος
2808 2901 3009 2974 χώρας,
3056 2901 3116 2954 τὸ
3165 2898 3477 2972 τηνικαῦτα
3532 2901 3644 2950 ἐκεῖ

2065 3000 2529 3071 μεταναστάντων,
2560 2998 2655 3050 καὶ
2678 2999 2856 3048 ἐκεῖσε
2905 2993 3285 3066 διατριϐόντων
3308 2989 3517 3050 αὐτῶν,
3550 2991 3640 3056 γέ-

2060 3109 2212 3160 γονεν
2236 3093 2300 3144 ἐκ
2351 3090 2536 3144 τούτου
2592 3090 2862 3162 πρόφασις
2890 3087 2968 3158 τῷ
3001 3086 3235 3139 Ἐϐίωνι.
3269 3085 3380 3137 Καὶ
3412 3086 3641 3155 ἄρχεται

2064 3185 2162 3255 μὲν
2183 3186 2281 3254 τὴν
2318 3183 2634 3254 κατοίκησιν
2669 3180 2812 3252 ἔχειν
2844 3181 2900 3231 ὲν
2939 3176 3182 3249 Κωκάϐῃ
3212 3176 3319 3228 τινὶ
3350 3173 3523 3244 κώμῃ
3556 3175 3642 3225 ἐπὶ

2061 3276 2127 3329 τά
2161 3276 2300 3348 μέρη
2326 3275 2426 3346 τῆς
2452 3272 2729 3347 Καρναῖμ,
2774 3272 2993 3342 Ἀρνὲμ,
3018 3268 3110 3321 καὶ
3147 3265 3453 3337 Ἀσταρὼθ,
3493 3269 3553 3318 ἐν
3579 3267 3642 3337 τῇ

2061 3370 2366 3423 Βασανίτιδι
2413 3366 2585 3439 χώρᾳ,
2625 3366 2700 3429 ὼς
2747 3367 2781 3436 ἡ
2833 3363 3061 3416 ἐλθοῦσα
3117 3364 3196 3422 είς
3238 3361 3389 3430 ἡμᾶς
3443 3359 3644 3426 γνῶσις

2063 3463 2325 3534 περιέχει.
2366 3461 2556 3514 Ἔνθεν
2590 3459 2818 3532 ἄρχεται
2848 3458 2944 3528 τῆς
2976 3455 3151 3524 κακῆς
3190 3453 3356 3508 αὐτοῦ
3389 3452 3644 3505 διδασκα-

2061 3555 2200 3618 λίας.
2243 3555 2362 3608 ὅθεν
2413 3553 2568 3623 δῆθεν
2597 3553 2692 3606 καὶ
2730 3552 2778 3603 οἱ
2812 3548 3123 3620 Ναζαρηνοὶ
3149 3548 3199 3600 oi
3233 3546 3429 3616 ἄνομοι
3462 3546 3644 3614 xysti:-

2062 3647 2350 3717 δήλωνται.
2383 3643 2682 3714 Συναφθεὶς
2731 3643 2839 3713 γὰρ
2861 3634 3012 3702 οὗτος
3038 3639 3289 3700 ἐκείνοις,
3322 3636 3418 3690 καὶ
3449 3639 3640 3688 ἐκεῖνα-οι

2062 3737 2258 3803 τούτῳ,
2283 3735 2538 3805 ἑκάτερος
2565 3733 2673 3787 ἀπὸ
2692 3732 2791 3802 τῆς
2812 3731 3002 3785 ἑαυτοῦ
3033 3729 3336 3800 μοχθηρίας
3364 3728 3445 3798 τῷ
3477 3727 3643 3795 ἑτέρῳ

2068 3828 2357 3898 μετέδωκε.
2381 3828 2491 3879 Καὶ
2514 3825 2858 3896 διαφέρονται
2902 3823 2996 3894 μὲν
3021 3822 3207 3892 ἕτερος
3238 3820 3377 3892 πρὸς
3409 3820 3503 3871 τὸν
3531 3818 3640 3869 ἓτε-

2069 3935 2160 3990 ρον
2186 3918 2327 3971 κατὰ
2347 3936 2420 3981 τι,
2455 3919 2513 3970 ἐν
2535 3917 2674 3986 δὲτῇ
2701 3914 2959 3983 κακονοίᾳ
2985 3912 3246 3984 ἀλλήλους
3267 3913 3374 3964 ἀπε
3385 3911 3638 3980 μάξαντο.

2068 4011 2206 4081 Ἤδη
2235 4010 2292 4063 δέ
2322 4027 2410 4080 μοι
2443 4010 2536 4062 καὶ
2569 4011 2626 4061 ὲν
2651 4008 2829 4070 ἄλλοις
2854 4007 3051 4072 λόγοις,
3079 4005 3170 4058 καὶ
3189 4005 3329 4058 κατὰ
3355 4005 3455 4066 τὰς
3488 4002 3640 4060 ἇὶᾶας

2067 4104 2309 4174 αἱρέσεις
2355 4103 2483 4174 περὶ
2536 4103 2634 4173 τῆς
2678 4099 2996 4162 τοποθεσίας
3048 4099 3354 4159 Κωκάὅων,
3405 4098 3500 4148 καὶ
3551 4096 3641 4161 τῆς

2080 4195 2335 4265 Ἀραϐίας
2362 4196 2448 4248 διὰ
2480 4195 2715 4257 πλάτους
2735 4193 2968 4264 εἴρηται.

471 4281 556 4337 Ill.
600 4283 878 4354 Principio
908 4283 1076 4354 igitur
1126 4282 1320 4347 Ebion,
1353 4291 1412 4337 ut
1460 4283 1594 4348 dixi,
1632 4283 1956 4340 Christume

2154 4285 2214 4338 [η.
2251 4287 2361 4338 Καὶ
2406 4285 2466 4338 τὸ
2505 4285 2604 4356 μὲν
2658 4259 2873 4355 πρῶτον
2904 4278 3012 4354 (l5)
3057 4283 3085 4335 ὁ
3133 4259 3349 4341 meam,
3377 4278 3455 4339 ὡς
3488 4277 3639 4343 ἐςτιν.

398 4377 499 4431 viri
537 4378 766 4441 semine,
796 4377 1052 4430 nimirum
1086 4375 1329 4447 Josephi,
1361 4377 1600 4446 genitum
1642 4376 1962 4432 afﬁrmabat.

470 4533 487 4562 ⁸
520 4532 708 4592 Matth.
738 4548 809 4596 ιν,
851 4531 955 4599 25;
997 4531 1165 4587 Marc.
1196 4548 1249 4596 ν,
1285 4531 1376 4596 20,
1401 4539 1456 4587 et
1489 4548 1584 4600 vn,
1619 4532 1706 4588 51.

471 4691 582 4759 (i2)
621 4694 843 4762 Γέγονε
881 4691 950 4746 δὲ
982 4693 1021 4760 ἠ
1048 4691 1203 4762 ἁρχὴ
1247 4693 1481 4762 τούτου.
1522 4691 1590 4745 At
1621 4691 1815 4746 Chron.
1843 4693 1968 4747 Ale-

399 4765 562 4814 xand.
596 4777 651 4830 p.
691 4761 815 4825 597,
856 4762 1024 4816 refert
1066 4761 1212 4817 anno
1236 4761 1456 4830 Trajani
1482 4778 1609 4827 vin,
1643 4762 1887 4817 Candido
1915 4772 1968 4818 et

399 4832 674 4897 Quadrato
704 4848 848 4888 coss.
890 4832 1266 4887 Ebionitarum
1295 4833 1585 4887 emersisse
1613 4842 1838 4888 sectam.

474 4900 584 4971 (1'5)
611 4903 730 4972 Kal
779 4902 846 4955 τὸ
888 4902 1005 4972 μὲν
1040 4903 1291 4971 πρῶτον.
1335 4901 1543 4971 Duplex
1593 4901 1971 4960 Ebionitarum

406 4971 567 5038 factio
603 4970 730 5034 fuit;
757 4970 998 5026 nam'alii
1031 4970 1238 5028 merum
1268 4988 1330 5026 ac
1359 4970 1660 5041 simplicem
1695 4974 1968 5029 hominem

403 5041 723 5120 asserebant
743 5057 878 5123 esse
907 5041 1313 5123 Jesumkatque
1347 5060 1374 5096 a
1404 5042 1641 5123 {oseplio
1692 5042 1971 5114 Mariaque

403 5114 676 5184 genitum;
708 5111 799 5164 alii
827 5126 857 5164 e
885 5120 1075 5184 sancto
1107 5111 1318 5184 Spiritu
1327 5131 1370 5184 _a
1410 5111 1628 5181 Virgine
1659 5111 1973 5182 susceptum

403 5185 478 5236 ita
517 5180 842 5246 fatebantur,
879 5182 959 5234 uti
991 5180 1162 5236 Deuui
1202 5200 1266 5238 ac
1299 5180 1534 5238 Verbum
1583 5199 1723 5248 esse,
1754 5180 1847 5237 aut
1877 5201 1974 5238 ex-

405 5254 612 5324 stitisse
659 5260 816 5305 antea
868 5260 1147 5324 negarent.
1183 5253 1451 5309 Eusebius
1486 5255 1579 5307 lib.
1615 5270 1692 5319 ιιι,
1728 5270 1848 5324 cap.
1877 5256 1970 5308 2|.

404 5322 666 5396 Origenes
712 5332 897 5396 contra
941 5322 1151 5396 Qelsum
1197 5333 1328 5396 tom.
1366 5339 1405 5375 ιι
1431 5343 1443 5378 :
1473 5324 1670 5396 Ἑὸίων
1688 5341 1770 5396 *τε
1800 5322 1917 5396 ἡγὰρ
1947 5325 1975 5375 ὁ

403 5393 642 5462 πτωχὸς
672 5394 822 5462 παρὰ
855 5392 1130 5456 Ἰουδαίοις
1181 5395 1424 5447 καλεῖται
1448 5436 1462 5458 ,
1520 5395 1612 5446 καί
1666 5392 1974 5447 Ἐὅιωναῐοι

403 5461 829 5536 χρηματίζουσιν
858 5466 908 5516 οἱ
935 5464 1042 5518 ἀπὸ
1071 5464 1345 5536 ξιουδαίων
1385 5465 1475 5517 τὸν
1508 5463 1714 5536 Ἰησοῦν
1742 5464 1815 5527 ὡς
1843 5467 1976 5536 Χρι-

406 5532 529 5586 στὸν
555 5532 1008 5604 παραδεξάμενοι.
1059 5533 1302 5598 Quorum
1345 5550 1538 5604 genera
1572 5535 1658 5586 illa
1691 5535 1798 5588 duo
1833 5535 1870 5587 t'.
1899 5532 1970 5588 ἰιι

405 5600 793 5658 columemorat
820 5600 1016 5660 εὈὗτοι
1068 5606 1124 5658 δέ
1171 5607 1306 5658 εἰσιν
1349 5600 1402 5658 οἱ
1448 5605 1612 5657 διττοὶ
1647 5604 1968 5664 Ἑϐιωναῖοι,

2071 4378 2302 4449 Χριστὸν
2335 4380 2399 4431 ὲκ
2425 4379 2736 4448 σπέρματος
2771 4376 2982 4448 ἀνδρὸς,
3009 4373 3253 4427 τουτέστι
3291 4370 3387 4423 τοῦ
3428 4369 3640 4438 Ίωτῑτᾷι

2069 4694 2185 4762 ἦτοι
2211 4692 2274 4742 ὲκ
2302 4687 2576 4762 Παρθένου
2603 4682 2988 4762 ὁμολογοῦντες
3015 4681 3222 4762 ,δμοίως
3251 4683 3383 4762 ἡμίν
3542 4681 3643 4762 Ἲς-

2072 4753 2216 4822 σοῦν,
2246 4761 2278 4830 ἢ
2317 4753 2413 4831 οὺχ
2451 4759 2592 4812 οὕτω
2621 4753 2970 4831 γεγενῆσθαι,
3003 4754 3118 4806 ἀλλ’
3145 4753 3221 4815 ὡς
3262 4754 3389 4831 τοὺς

2071 4823 2644 4902 ἀνθρώπουςξννθιιιιιιι
2693 4825 3073 4902 Ebioiueorum
3117 4837 3316 4902 nomen
3362 4823 3642 4902 Iatiusuex-

2072 4890 2315 4958 tendisse
2346 4890 2514 4956 videri
2548 4905 2726 4971 potest
2761 4897 3046 4971 Origenes,
3074 4901 3163 4971 ⁵ιιι
3204 4890 3499 4971 ξᾷῠιοιιαξοε
3532 4893 3645 4945 illos

2073 4973 2301 5043 appellet
2327 5012 2341 5034 ,
2367 4971 2458 5040 qui
2490 4962 2614 5043 cum
2639 4966 2839 5043 alioqui
2866 4962 2933 5019 de
2960 4964 3161 5043 gliristi
3188 4962 3478 5043 divinitate
3512 4973 3647 5016 reita

2075 5031 2359 5102 sentirent.
2387 5031 2514 5095 cum
2556 5031 2867 5093 Christiana
2905 5035 3163 5104 religione
3191 5031 3454 5104 Jurdaicas
3483 5048 3646 5084 αυγερ

2076 5115 2286 5168 monias
2323 5108 2729 5181 amplectendas
2771 5103 3534 5181 crederent._Quod_quidem
3574 5110 3646 5151 to-

2034 5174 2162 5238 "mo
2194 5199 2230 5236 ιι
2265 5183 2365 5236 sub
2407 5173 2621 5235 initium
2667 5177 2976 5246 significare
3007 5175 3240 5246 videtur.
3275 5173 3644 5246 Thendqrelus

2075 5255 2141 5309 de
2179 5251 2603 5326 Ebionazis_:_Tov
2637 5248 2700 5326 δε
2719 5241 2930 5318 ’Κύριον
2956 5244 3165 5326 ’ῐησοῇν
3189 5243 3426 5326 Χριστὸν
3454 5241 3515 5304 ἐξ
3539 5243 3645 5324 Ἰω-

2077 5326 2184 5392 σὴφ
2209 5325 2300 5377 καὶ
2329 5324 2426 5392 τῆς
2447 5320 2662 5392 Μαρίας
2679 5314 2844 5392 ἔφησε
2866 5315 3200 5392 γεγενῆσθαι
3201 5353 3224 5392 ._
3239 5314 3532 5392 ᾷνθρξυπον
3559 5314 3646 5379 μὲν

2079 5382 2226 5451 ὅντα.
2263 5382 2430 5463 ἁρετῇ
2465 5393 2522 5444 δὲ
2543 5382 2647 5442 ’καὶ
2677 5382 3011 5463 καθαρότητι
3036 5382 3142 5463 τῶν
3172 5383 3352 5463 ἄλλων
3369 5382 3646 5463 διαςςρον-

2081 5484 2168 5526 τα,
2198 5450 2339 5518 κατά
2369 5450 2430 5516 δὲ
2470 5462 2559 5515 τὸν
2600 5450 2889 5514 Μωσαῖκὸν
2927 5450 3271 5526 πολιτεύοντα
3289 5452 3479 5526 νόμον,
3513 5450 3647 5521 Lego

2083 5523 2472 5599 πολιτεύονται,
2505 5545 2680 5601 neque
2706 5531 2771 5583 ad
2807 5527 3080 5582 Christum
3113 5523 3302 5580 refen'i
3333 5531 3486 5593 puto.
