3814 6320
100 261 199 318 ιω

752 256 1124 311 ADVERSUS
1162 255 1506 313 HERESES
1544 260 1671 315 LIB.
1714 258 1755 314 1.
1799 260 1963 318 ΤΟΜ.
2005 263 2144 317 ll.—
2185 263 2456 319 ll‘zERES.
2498 264 2668 321 XXX.

3182 296 3191 304 ι
3269 265 3375 324 4ὖο

99 372 378 446 ὡρίζετοο
406 377 472 427 ὲκ
500 371 692 443 χρόνου
719 370 775 424 δέ
806 387 948 432 τινος
1001 371 1097 423 καὶ
1129 370 1289 443 δεῦρο
1329 375 1376 425 οί
1413 374 1599 437 αὐτοῦ,
1635 375 1692 437 ὡς

1813 374 2012 431 Verum
2049 379 2334 449 aliquanto
2388 379 2456 434 ab
2496 380 2626 433 hinc
2660 387 2901 449 tempore
2948 378 3001 433 in
3054 378 3377 435 hodiernum

99 470 175 529 είς
205 467 529 520 ἀσύστατον
559 466 654 518 καὶ
680 464 960 535 ἀμήχανον
989 462 1290 534 τρέψαντες
1316 465 1405 518 τὸν
1431 466 1560 519 ἴδιον
1581 466 1703 520 νοῦν

98 561 249 614 ᾰὶλοι
284 558 472 622 ἄλλως
523 558 654 626 παρ’
682 557 867 619 αὐτοῖς
914 554 1153 625 Χριστοῦ
1195 557 1529 626 διηγοῦνται.
1554 560 1705 629 Τάχα

1407 648 1421 660 ἢ

190 644 360 718 οἶμαι
413 648 523 703 ἀπὸ
565 647 659 699 τοῦ
710 645 1049 715 συναφοῆναι
1100 646 1283 709 αὐτοῖς
1342 648 1586 712 Ἠλξαῖον
1612 650 1704 703 τὸν

101 742 591 813 ᾲεὰπροφήτην,
624 739 716 792 τὸν
745 740 894 809 παρά
922 741 1035 802 τοῖς
1075 738 1370 809 Ἀμψηνοῖς
1405 741 1421 771 ¹
1462 740 1556 793 καὶ
1592 742 1707 794 Ὀσ-

102 835 287 902 mysi;
352 833 454 886 καὶ
516 829 883 893 Ἐλκεσσαίοις
939 829 1318 900 καλουμένοις,
1377 830 1454 894 ὼς
1498 832 1703 895 ἐκεῖνος

101 922 421 990 φαντασίαν
478 922 602 975 τινὰ
644 922 775 993 περὶ
810 919 1047 992 Χριστοῦ
1104 921 1392 991 διηγεῖται,
1443 922 1535 974 καὶ
1575 922 1703 993 περὶ

102 1015 240 1067 Πνεύ
250 1032 435 1085 ματος
464 1014 644 1082 ἀγίου.
678 1013 835 1075 Τινὲς
860 1013 968 1081 γὰρ
995 1011 1054 1076 ἐξ
1081 1012 1260 1065 αὐτῶν
1291 1014 1384 1065 καὶ
1418 1013 1587 1084 Ἀδὰμ
1610 1014 1702 1066 τὸν

104 1105 350 1175 Χριστὸν
378 1102 521 1157 εἶναι
550 1104 789 1171 λέγουσι,
817 1103 910 1156 τὸν
937 1102 1154 1173 πρῶτον
1177 1101 1486 1155 πλασθέντα
1518 1119 1578 1154 τε
1607 1104 1702 1155 καὶ

104 1196 505 1265 ἐμφυπθέντα
536 1194 646 1248 ἀπὸ
671 1193 771 1263 τῆς
802 1193 895 1247 τοῦ
928 1193 1064 1247 Θεοῦ
1092 1194 1395 1257 ἐπιπνοίας.
1429 1194 1613 1247 Ἀλλοι
1643 1195 1700 1248 δὲ

104 1288 157 1338 ἐν
172 1287 375 1347 αὐτοῖς
409 1284 663 1352 λέγουσιν
704 1282 910 1336 ἄνωθεν
948 1284 1046 1352 μὲν
1076 1282 1224 1346 ὄντα,
1263 1284 1368 1354 πρὸ
1393 1285 1609 1338 πάντων
1643 1284 1700 1338 δὲ

104 1378 403 1430 κτισθέντα
453 1375 673 1445 πνεῦμα
724 1374 873 1438 ὄντα,
910 1375 1005 1429 καὶ
1038 1375 1179 1446 ὑπὲρ
1241 1376 1505 1444 ἀγγέλους
1549 1376 1698 1438 ὄντα,

104 1468 331 1520 πάντων
364 1483 426 1519 τε
478 1464 818 1535 κυριεύοντα,
868 1464 961 1516 καὶ
1020 1464 1255 1534 Χριστὸν
1302 1464 1578 1533 λέγεσθαι,
1612 1466 1701 1518 τὸν

106 1558 288 1608 ἐκεῖσε
316 1555 375 1607 δὲ
409 1552 587 1607 αίῶνα
628 1552 1032 1624 κεκληρῶσθαι.
1062 1553 1359 1625 Ἔρχεσθαι
1384 1554 1439 1606 δὲ
1468 1554 1702 1608 ἐνταῦθα

104 1648 191 1698 ὅτε
252 1646 537 1716 βούλεται,
591 1644 667 1708 ὡς
711 1646 805 1697 καὶ
851 1647 908 1697 ὲν
957 1643 1037 1715 τῷ
1084 1644 1253 1715 Ἀδὰμ
1282 1641 1434 1716 ἦλθε,
1467 1648 1703 1710 καὶτοῖς

1807 484 1980 538 usque
2007 470 2172 534 diem,
2204 471 2297 539 qui
2328 470 2448 539 ejus
2480 486 2721 525 errorem
2757 472 2929 525 secuti
2982 478 3130 535 sunt,
3183 473 3379 527 animis

1803 575 1990 614 eorum
2058 560 2112 612 in
2178 560 2419 615 absurda
2477 574 2541 613 ac
2600 559 2854 630 perplexa
2911 559 3066 628 127
3129 558 3378 628 quaedam

1804 650 2083 719 abreptis,
2139 649 2230 703 alii
2282 650 2443 703 aliter
2489 648 2557 704 de
2604 648 2824 703 Christo
2875 649 3247 717 pronuntiant.
3304 649 3380 701 Ac

1803 742 2071 812 suspicari
2118 755 2251 795 sane
2303 740 2450 806 licet,
2479 740 2550 795 ab
2593 755 2659 794 eo
2714 746 2958 808 tempore
3002 754 3110 808 quo
3168 754 3223 793 se
3271 738 3379 792 illis

1802 833 2018 889 Elxzeus
2048 833 2298 903 adjunxit
2330 832 2501 888 falsus
2529 832 2749 903 quidam
2783 832 3069 902 propheta,
3107 832 3199 901 qui
3236 829 3379 901 apud

1805 919 2138 990 Sampsenos
2166 928 2222 975 et
2251 918 2496 976 Ossenos
2526 934 2688 992 atque
2718 920 3018 975 Elcesszeos
3050 920 3279 984 exstitit,
3311 920 3380 974 ab

1800 1010 1992 1085 eodem
2050 1009 2273 1065 edoctos
2324 1012 2620 1066 conlictum
2654 1010 2722 1066 de
2774 1011 2996 1066 Christo
3049 1027 3112 1066 ac
3171 1011 3381 1081 Spiritu

1799 1110 1991 1156 sancto
2020 1102 2207 1156 nescio
2235 1102 2367 1171 quid
2407 1101 2621 1157 eﬁutire
2651 1104 2908 1172 cmpisse.
2951 1102 3207 1157 Nonnulli
3235 1103 3381 1157 enim

1799 1206 1865 1247 ex
1905 1192 1973 1247 iis
2003 1191 2271 1247 Adamum
2323 1193 2495 1247 fuisse
2542 1195 2821 1249 Christum
2869 1195 3191 1264 praedicant,
3226 1195 3379 1248 illum

1798 1278 2019 1350 inquam
2044 1278 2330 1345 Adamum,
2360 1282 2451 1350 qui
2485 1282 2695 1350 primus
2722 1297 2752 1336 a
2784 1281 2891 1336 Deo
2924 1281 3197 1337 formatus
3241 1283 3383 1351 ejus-

1800 1370 1923 1424 dem
1956 1378 2040 1425 est
2070 1370 2343 1426 animatus
2373 1371 2574 1426 aiilatu.
2605 1373 2710 1427 Alii
2737 1389 2766 1428 e
2791 1374 2931 1427 caelo
2956 1374 3234 1428 Christum
3262 1389 3383 1429 esse

1800 1457 2154 1522 conﬁtentur,
2198 1460 2293 1515 sed
2341 1468 2467 1515 ante
2500 1461 2682 1514 omnia
2712 1469 2981 1526 creatum,
3015 1477 3080 1516 ac
3122 1463 3381 1531 spiritum

1801 1568 1923 1607 esse
1941 1551 2255 1622 quemdam,
2288 1554 2603 1624 angelisque
2631 1562 2911 1624 prazstare,
2944 1563 3109 1625 atque
3138 1555 3381 1608 omnium

1804 1659 1989 1697 rerum
2044 1643 2385 1698 dominatum
2437 1652 2645 1711 tenere,
2706 1646 2965 1716 appellari
3010 1660 3173 1716 porro
3225 1644 3381 1700 Chri-

109 1737 491 1808 πατριάρχαις
546 1734 800 1803 ἐφαίνετο
852 1733 1171 1803 ἐνδυόμενος
1220 1734 1281 1786 τὸ
1332 1733 1526 1804 σῶμαο
1566 1735 1692 1806 πρὸς

1805 1745 1970 1792 stt-4n.
2005 1737 2108 1803 Qui
2139 1754 2261 1791 eum
2296 1745 2614 1807 perpetuam
2644 1739 2755 1795 illic
2790 1739 3180 1793 habitationem
3214 1737 3381 1793 sorti-

117 1829 379 1900 Ἀϐραάμ
432 1845 495 1881 τε
541 1826 712 1880 ἐλθὼν
756 1827 850 1879 καὶ
895 1824 1082 1878 Ἰσαὰκ
1112 1825 1206 1878 καὶ
1247 1824 1460 1889 Ἰακὼϐ,
1494 1826 1702 1890 ὁαύτὸς

106 1922 188 1974 ἐπ’
249 1921 507 1991 ἐσχάτων
568 1919 675 1972 τῶν
729 1916 951 1989 ἡμερῶν
982 1913 1133 1987 ἦλθε,
1162 1918 1258 1970 καὶ
1286 1920 1417 1972 αὐτὸ
1455 1918 1517 1970 τὸ
1547 1918 1703 1989 σῶμα

104 2014 195 2066 τοῦ
228 2014 409 2083 ’Δδάμ
432 2012 742 2076 ἐνεδύσατο,
765 2012 858 2063 καὶ
881 2008 1037 2080 ὤφθη
1063 2010 1158 2062 ἄνθ
1168 2027 1365 2081 ρωπος,
1396 2010 1489 2063 καὶ
1511 2012 1703 2062 ὲσταυο

110 2106 282 2177 ρὼθη,
318 2106 412 2158 καὶ
434 2104 657 2174 ἀνέστη,
678 2104 772 2157 καὶ
803 2101 1050 2174 ἀνῆλθεν.
1080 2102 1246 2156 Πάλιν
1272 2103 1328 2155 δὲ
1357 2104 1446 2155 ὅτε
1484 2102 1702 2173 βούλον-

106 2214 193 2249 ται
246 2196 529 2263 λέγουσιν,
560 2195 715 2264 Οὐχὶ,
747 2194 885 2247 ἀλλά
908 2196 987 2258 είς
1034 2195 1200 2248 αὐτὸν
1227 2190 1356 2265 ἦλθε
1378 2196 1437 2247 τὸ
1454 2194 1700 2265 Πνεῦμα,

106 2288 243 2357 ὅπερ
276 2289 434 2339 ἐστὶν
466 2288 495 2339 ό
523 2287 776 2357 Χριστὸς,
808 2287 902 2339 καὶ
941 2285 1228 2339 ἐνεδύσατο
1271 2287 1434 2340 αὐτὸν
1467 2286 1560 2340 τὸν
1600 2288 1704 2357 Ἰη·

110 2380 237 2433 σοῦν
272 2380 637 2449 καλούμενον.
689 2379 799 2432 Καὶ
848 2377 1016 2449 πολλὴ
1047 2379 1177 2449 παρ’
1203 2379 1387 2442 αὐτοῖς
1418 2380 1700 2447 σκότωσις,

107 2469 294 2524 ἄλλοθι
343 2469 525 2533 ἄλλως
578 2470 672 2522 καὶ
716 2470 892 2533 ἄλλως
926 2471 1088 2523 αὐτὸν
1123 2470 1551 2541 ὑποτιθεμένοις.
1593 2473 1703 2524 Καὶ

108 2560 360 2630 δέχονται
390 2560 490 2631 μὲν
516 2559 609 2613 καὶ
636 2559 790 2612 αὐτοὶ
806 2559 866 2612 τὸ
887 2558 1030 2612 κατὰ
1046 2557 1323 2611 Ματθαῖον
1350 2558 1699 2626 Εὑαγγέλιον·

107 2654 287 2722 τούτῳ
335 2652 449 2722 γὰρ
488 2652 584 2704 καὶ
634 2651 810 2713 αὐτοὶ,
869 2650 945 2713 ὼς
1004 2651 1097 2703 καὶ
1147 2651 1196 2703 οί
1246 2649 1385 2703 κατὰ
1431 2648 1703 2720 Κήρινθον

109 2744 356 2812 χρῶνται
392 2744 541 2812 μόνῳ
570 2761 581 2773 ·
613 2740 837 2795 καλοῦσι
864 2741 921 2793 δὲ
948 2741 1080 2793 αὐτὸ
1112 2741 1253 2793 κατὰ
1291 2740 1593 2811 Ἑϐραίους,
1627 2740 1702 2803 ὡς

110 2837 175 2888 τά
198 2836 385 2906 ἁληθῆ
419 2837 566 2888 ἐστιν
591 2837 785 2898 εἰπεῖν,
816 2834 896 2887 ὅτι
923 2833 1199 2897 Ματθαῖος
1230 2833 1389 2904 μόνος
1421 2833 1700 2902 Ἐϐραϊστὶ

112 2930 199 2979 καὶ
272 2927 588 2997 Ἑϐραϊκοῖς
646 2924 969 2994 γράμμασιν
1024 2925 1081 2975 ὲν
1134 2926 1199 2993 τῇ
1246 2922 1415 2995 Καινῇ
1458 2922 1702 2995 Διαθήκῃ

111 3020 412 3088 ἐποιήσατο
466 3018 565 3087 τὴν
620 3016 713 3069 τοῦ
752 3014 1082 3083 Εὐαγγελίου
1116 3014 1332 3067 ἕκθεσίν
1364 3032 1423 3067 τε
1472 3014 1567 3068 καὶ
1600 3016 1702 3083 κή-

1806 1839 1893 1886 tus
1935 1833 2024 1895 sit,
2074 1832 2289 1901 quoties
2333 1833 2553 1886 libuerit
2604 1833 2658 1886 in
2709 1834 2823 1889 hmc
2857 1834 3043 1888 intima
3091 1834 3382 1899 delabitur,

1803 1920 2261 1988 quemadmodum
2296 1922 2351 1974 in
2386 1920 2594 1975 Adamo
2624 1920 2899 1977 descendit
2937 1930 2991 1975 et
3052 1924 3382 1991 patriarchis

1805 2025 2032 2080 corpore
2061 2011 2433 2067 circumfusus
2468 2013 2753 2082 apparuit;
2786 2014 2931 2067 velut
2961 2029 3085 2068 cum
3118 2016 3183 2068 ad
3210 2015 3371 2069 Abra-

1805 2103 2051 2169 hamum,
2084 2102 2352 2166 lsaacum,
2382 2113 2434 2158 et
2458 2102 2719 2158 Iacobum
2765 2106 2919 2160 adiit.
2971 2104 3117 2160 Idem
3151 2106 3381 2176 denique

1804 2198 2102 2267 postremis
2137 2198 2473 2267 temporibus
2526 2199 2694 2261 venit,
2741 2197 2935 2252 Adami
2987 2213 3215 2267 corpore
3254 2214 3380 2252 con-

1804 2296 2005 2349 tectus,
2036 2297 2089 2342 et
2118 2288 2284 2341 homo
2311 2288 2462 2343 visus
2497 2296 2601 2350 est,
2654 2289 2710 2341 in
2764 2304 2983 2342 crucem
3017 2289 3264 2343 sublatus
3295 2306 3379 2344 re-

1803 2378 2061 2445 surrexit,
2090 2386 2144 2432 et
2176 2377 2419 2433 ascendit
2452 2378 2505 2432 in
2537 2380 2759 2433 coelum.
2798 2377 3015 2435 Rursus
3043 2381 3132 2435 ubi
3167 2382 3381 2436 libuerit

1806 2469 1879 2522 ita
1917 2484 2039 2523 sese
2082 2485 2194 2522 rem
2227 2468 2429 2523 habere
2462 2465 2697 2538 neg’ant;
2752 2470 2805 2522 in
2854 2486 3086 2539 emnque
3118 2471 3381 2525 duntaxat

1805 2574 1927 2614 sese
1962 2569 2212 2613 sanctum
2242 2557 2508 2613 infudisse
2538 2557 2825 2628 Spiritum,
2855 2560 2946 2628 qui
2972 2570 3057 2614 est
3085 2578 3202 2631 ipse
3230 2562 3381 2615 Citri-

1803 2658 1956 2714 stus,
2024 2665 2259 2719 eumque
2320 2650 2413 2720 qui
2461 2648 2623 2704 Iesus
2682 2658 2912 2704 vocatus
2971 2660 3055 2705 est
3113 2653 3379 2709 induisse.

1804 2739 2168 2806 Quamobrem
2199 2738 2525 2794 densissima
2561 2738 2804 2807 quaedam
2837 2739 2943 2794 illis
2971 2748 3055 2795 est
3087 2742 3260 2796 oli‘usa
3290 2758 3380 2795 ca-

1803 2832 1930 2901 ligo,
1966 2829 2096 2884 dum
2129 2827 2267 2886 alias
2298 2831 2457 2883 aliter
2502 2830 2570 2884 de
2603 2829 2824 2885 Christo
2846 2833 3103 2902 Opinione
3132 2848 3231 2887 sua
3264 2845 3380 2887 sta-

1807 2930 1988 2977 tuunt.
2040 2922 2218 2992 Atque
2275 2924 2629 2993 Evangelium
2683 2924 2759 2977 illi
2810 2925 3030 2993 quidem
3079 2927 3380 2981 secundum

1806 3014 2119 3070 Matthzeum
2147 3015 2466 3080 admittunt,
2501 3032 2609 3086 quo
2642 3017 2759 3071 solo
2791 3016 3266 3073 Cerinthianorum
3298 3020 3380 3075 vel

116 3128 316 3180 ρυγμα.
358 3110 502 3179 Ἤδη
528 3109 584 3162 δέ
610 3125 712 3161 που
738 3108 830 3160 καί
853 3124 995 3170 τινες
1029 3106 1188 3160 πάλιν
1217 3106 1442 3175 ἔφασαν,
1467 3107 1560 3159 καὶ
1591 3107 1692 3159 ἀπὸ

1808 3107 2299 3163 Merinthianorum
2346 3107 2522 3161 instar
2568 3115 2817 3173 utttntur,
2863 3110 3026 3180 idque
3073 3111 3250 3180 ipsum
3297 3126 3379 3167 se-

111 3203 206 3271 τῆς
247 3200 569 3271 Ἑλληνικῆς
593 3200 869 3253 διαλέκτου
901 3199 996 3252 καὶ
1027 3199 1085 3251 τὸ
1118 3198 1258 3252 κατά
1308 3200 1561 3268 Ἰωάννην
1603 3215 1697 3268 με-

110 3294 388 3363 ταληφθὲν
415 3292 676 3364 Ἐϐραῖδα
707 3290 1042 3362 ὲμφέρεσθαι
1076 3293 1132 3343 ἐν
1164 3294 1273 3354 τοῖς
1293 3291 1401 3344 τῶν
1437 3290 1700 3344 Ἰουδαίων

113 3382 566 3451 γαζοφυλακίοις,
613 3383 756 3451 φημὶ
790 3382 846 3433 δὲ
879 3384 992 3444 τοῖς
1049 3384 1106 3433 ἐν
1149 3380 1445 3449 Τιϐεριάδι,
1478 3382 1572 3433 καὶ
1618 3384 1704 3433 ὲν-

112 3470 438 3524 αποκεῖσθαι
461 3472 519 3522 ἐν
546 3470 908 3540 ἀποκρύφοις,
932 3470 1005 3534 ὥς
1018 3489 1159 3535 τινες
1177 3471 1285 3523 τῶν
1307 3472 1413 3524 ἀπὸ
1429 3471 1695 3524 Ἰουδαίων

116 3562 570 3616 πεπιστευκότων
620 3564 973 3633 ὐφηγήσαντο
1007 3565 1138 3634 ἡμῖν
1184 3562 1325 3616 κατὰ
1374 3563 1696 3634 λεπτότητα.

116 3658 183 3708 ω
212 3655 322 3726 μὴν
355 3656 494 3708 ἀλλά
534 3656 627 3708 καὶ
679 3656 787 3709 τῶν
836 3655 1094 3725 Πράξεων
1128 3655 1233 3708 τῶν
1263 3655 1574 3708 ἀποστόλων
1606 3654 1702 3726 τὴν

118 3748 290 3819 βίϐλον
325 3748 600 3813 ὡσαύτως
630 3749 738 3801 ἀπὸ
777 3748 1026 3812 Ἑλλάδος
1062 3746 1313 3818 γλώσσης
1339 3748 1418 3811 είς
1447 3747 1703 3819 Ἐϐραῖδα

118 3840 553 3911 μεταϐληθεῖσαν
582 3841 740 3909 λόγος
765 3840 900 3909 ἔχει,
933 3842 1025 3894 καὶ
1055 3840 1233 3891 ἐκεῖσε
1268 3837 1479 3891 κεῖσθαι
1501 3839 1558 3890 ὲν
1591 3841 1702 3901 τοῖς

116 3934 568 4001 γαζοφυλακίοις,
600 3934 675 3996 ὡς
724 3935 817 4005 κα).
860 3934 967 3986 ἀπὸ
993 3932 1187 3986 τούτου
1212 3934 1338 3995 τοὺς
1365 3932 1697 4000 ἀναγνόντας

127 4024 415 4085 Ἰουδαίους
468 4024 595 4086 τοὺς
651 4024 782 4093 ἡμῖν
833 4022 1290 4095 ύιρηγησαμένους
1345 4024 1424 4086 είς
1466 4023 1698 4094 Χριστὸν

116 4115 571 4169 πεπιστευκέναι.

1803 3199 2045 3254 eundum
2085 3199 2345 3253 Hebraeos
2382 3200 2678 3269 appellant.
2732 3200 2945 3255 Etenim
2976 3216 3105 3255 vere
3138 3201 3270 3256 illud
3302 3201 3378 3255 af-

1800 3292 2018 3363 ﬁrmare
2052 3305 2367 3359 possumus,
2397 3306 2559 3343 unum
2609 3306 2675 3345 ex
2719 3291 2975 3346 omnibus
3016 3290 3149 3345 Novi
3190 3291 3379 3346 Testa.

1798 3382 1966 3437 menti
2001 3382 2363 3452 scriptoribus
2409 3381 2718 3437 Matthazum
2753 3382 3036 3447 Hebraice,
3072 3399 3137 3438 ac
3183 3384 3379 3439 litteris

1799 3475 2079 3530 Hebraicis
2122 3476 2494 3546 evangelicam
2531 3476 2815 3532 historiam
2847 3477 3108 3532 texuisse.
3144 3475 3251 3531 Nec
3287 3478 3378 3531 de-

1801 3565 1951 3621 fuere
1980 3567 2073 3637 qui
2113 3567 2180 3621 de
2209 3565 2439 3622 Joannis
2471 3566 2765 3639 Evangelia
2800 3568 3210 3633 confirmarent,
3247 3569 3378 3624 illud

1801 3655 2064 3712 llebraice
2095 3658 2417 3712 translatum
2462 3655 2750 3712 Tiberiade
2785 3658 2836 3711 in
2864 3657 3178 3712 Iudaeorum
3220 3674 3377 3729 gazo-

1799 3748 2060 3820 phylaciis
2091 3750 2386 3815 asservari,
2420 3757 2475 3804 et
2516 3749 2573 3802 in
2621 3750 3011 3806 secretioribus
3056 3750 3378 3822 quibusdam

1799 3842 2175 3912 penetralibus
2211 3840 2437 3895 recondi
2471 3858 2483 3893 :
2518 3840 2570 3895 id
2611 3843 2755 3910 quod
2802 3843 3049 3895 nonnulli
3096 3843 3249 3907 mihi,
3286 3842 3377 3912 qui

1802 3949 1862 3988 se
1895 3931 1963 3985 ad
1989 3931 2196 3985 Christi
2225 3931 2383 3986 tidem
2410 3946 2439 3986 e
2464 3929 2752 3985 Iudaismo
2778 3933 3192 3998 transtulerant,
3217 3948 3375 3986 accu-

1800 4025 2079 4080 ratissime
2129 4023 2501 4078 declararunt.
2552 4021 2665 4077 imo
2695 4030 2748 4076 et
2800 4023 3165 4092 apostolorum
3212 4023 3376 4078 Actus

1804 4115 1860 4169 in
1922 4112 2251 4168 llebraicum
2323 4127 2631 4167 sermonem
2708 4112 2929 4181 perinde
3002 4127 3297 4166 conversos
3350 4128 3375 4167 ε

115 4207 299 4261 (ἔταο
346 4206 544 4262 iisdem
592 4206 649 4261 in
699 4206 974 4263 thesauris
1013 4208 1201 4263 haberi
1243 4208 1536 4263 multorum
1583 4221 1833 4263 sermone
1864 4206 2175 4276 percrebuit
2221 4206 2362 4276 :qui
2414 4206 2572 4262 nobis
2638 4206 2742 4261 ista
2796 4205 3093 4260 narrabant
3142 4204 3375 4259 indidem

116 4299 447 4354 Christiana:
485 4298 879 4368 amplectenda:
926 4300 1045 4355 lidei
1089 4300 1435 4355 occasionem
1474 4311 1821 4369 acceperunt.

176 4395 251 4445 A'.
288 4387 404 4443 Ἦν
442 4390 499 4444 δέ.
534 4409 619 4455 τις
644 4393 825 4445 αὐτῶν
858 4392 1139 4464 Ἰώσηπος,
1162 4394 1305 4463 οῦχό
1329 4396 1695 4465 συγγραφεὺς,
1728 4401 1776 4458 D

116 4486 203 4537 καὶ
250 4485 695 4555 ἱστοριογράφος,
724 4488 817 4538 καὶ¹
846 4486 1072 4550 παλαιὸς
1111 4487 1340 4550 ἐκεῖνος,
1382 4486 1496 4540 ἀλλ’
1524 4488 1553 4540 ό
1589 4486 1696 4540 ἀπὸ

116 4576 452 4647 Τιϐεριάδος,
478 4578 507 4628 ό
537 4578 594 4630 ἐν
623 4579 831 4651 χρόνοις
850 4577 943 4630 τοῦ
963 4578 1266 4650 μακαρίτου
1289 4580 1695 4633 Κωνσταντίνου

115 4666 200 4718 τοῦ
230 4664 676 4735 βασιλεύσαντος,
707 4667 800 4719 τοῦ
825 4668 1080 4739 γέροντος
1104 4685 1116 4696 ·
1143 4669 1202 4733 ὃς
1249 4671 1343 4723 καὶ
1374 4672 1503 4741 παρ’
1527 4670 1693 4723 αὐτοῦ

115 4757 203 4809 τοῦ
239 4757 512 4827 βασιλέως
561 4757 869 4828 ἀξιώματος
915 4762 1171 4831 κομήτων
1208 4760 1387 4832 ἔτυχε,
1424 4764 1517 4815 καὶ
1541 4762 1694 4827 ἐξου-

119 4850 231 4903 σίαν
259 4850 485 4918 εἴληφεν
522 4851 579 4902 ὲν
611 4852 677 4921 τῇ
714 4851 849 4922 αὐτῇ
880 4851 1154 4923 Τιϐεριάδι
1201 4854 1526 4926 Ἐκκλησίαν
1559 4856 1691 4926 Χρι-

118 4940 222 5008 στῷ
276 4940 519 5012 ἱδρῦσαι,
568 4943 663 4995 καὶ
695 4944 751 4995 ὲν
800 4945 1205 5016 Διοκαισαρείᾳ,
1248 4946 1342 4999 καὶ
1373 4949 1431 5000 ὲν
1465 4949 1691 5018 Καπερ-

117 5032 302 5099 ναοῦμ,
339 5032 436 5084 καὶ
468 5035 589 5095 ταῖς
622 5032 809 5097 ἄλλαις
829 5052 842 5065 ·
883 5034 942 5098 ὃς
968 5036 1062 5089 καὶ
1095 5036 1265 5089 πολλά
1305 5039 1570 5091 πέπονθεν
1601 5040 1691 5091 ὑπ’

117 5121 287 5173 αὐτῶν
330 5122 440 5174 τῶν
506 5123 795 5189 Ἰουδαίων,
852 5126 981 5197 πρὶν
1023 5126 1056 5197 ἢ
1091 5126 1167 5198 τῷ
1194 5128 1412 5181 Βασιλεῖ
1463 5131 1692 5199 ἐμφανι-

119 5212 324 5283 σθῆναι.
386 5207 557 5278 Οὗτός
610 5215 717 5287 γὰρ
770 5218 798 5269 ὁ
854 5216 1114 5288 Ἰώσηπος
1158 5221 1266 5274 τῶν
1323 5223 1453 5291 παρ’
1512 5222 1692 5286 αὐτοῖς

119 5304 501 5376 ἀξιωματικῶν
557 5308 766 5379 ἀνδρῶν
824 5311 1138 5382 ἐναρίθμιος
1168 5308 1257 5383 ἦν.
1300 5314 1420 5367 Εἰσὶ
1458 5315 1514 5367 δὲ
1546 5309 1690 5369 οὗτοι

122 5398 245 5463 μετὰ
291 5396 389 5448 τὸν
440 5397 789 5469 πατριάρχην
844 5399 954 5469 (14)
1000 5400 1286 5453 ἀπόστολοι
1334 5402 1687 5472 καλούμενοι·

183 5531 196 5560 ¹
233 5528 291 5583 F.
320 5530 659 5601 Σαμψηνοίς.

180 5636 283 5712 (14)
327 5640 469 5712 Εἰσὶ
513 5639 583 5693 δὲ
625 5636 791 5695 οὗτοι
826 5644 976 5711 μετὰ
1002 5643 1107 5697 τὸν
1129 5643 1515 5712 πατριάρχην.
1557 5644 1687 5698 Tam

123 5711 551 5777 patriarcharum
580 5750 595 5777 ,
651 5728 814 5783 quam
868 5716 1239 5785 apostolorum
1288 5711 1579 5786 dignitates
1628 5732 1691 5771 ac

1886 4392 1975 4447 IV.
2021 4391 2150 4446 Fuit
2195 4407 2260 4446 ex
2312 4392 2533 4445 illorum
2576 4405 2802 4445 numero
2847 4389 3117 4461 Iosephus
3157 4393 3374 4461 quidam

1798 4500 1906 4540 non
1936 4485 2183 4540 historia),
2214 4484 2302 4538 ille
2341 4483 2576 4552 scriptor
2614 4482 2775 4552 128
2821 4484 3105 4551 antiquus,
3152 4485 3244 4536 sed
3286 4483 3372 4535 Ti-

1797 4578 2142 4633 beriadensis
2176 4577 2334 4639 alter,
2368 4576 2461 4645 qui
2508 4576 2677 4630 beata:
2724 4576 3003 4630 memoria:
3032 4575 3373 4629 Constantini

1798 4669 2030 4725 senioris
2061 4668 2407 4739 imperatoris
2449 4676 2610 4723 aetate
2649 4666 2786 4721 vixit
2818 4686 2831 4721 :
2866 4681 2896 4719 a
2935 4682 3045 4735 quo
3077 4666 3239 4720 etiam
3274 4665 3363 4720 Co-

1797 4762 2039 4815 mitivam
2072 4761 2301 4831 accepit,
2336 4776 2459 4815 cum
2489 4776 2551 4815 ea
2590 4767 2883 4829 potestate,
2912 4766 2973 4812 ut
3006 4774 3130 4811 cum
3164 4760 3216 4813 in
3244 4759 3371 4814 urbc
3420 4792 3421 4795 η

1797 4856 1912 4925 ipsa
1928 4853 2253 4918 Tiberiadis,
2284 4862 2397 4908 tum
2441 4852 2816 4911 Diocmsareae.
2844 4851 3253 4921 Capharnaumi
3312 4868 3374 4907 ac

1795 4947 1991 5001 vicinis
2040 4946 2165 5000 aliis
2216 4946 2271 5000 in
2306 4946 2520 5016 Oppidis
2567 4944 2843 5001 Ecclesias
2878 4943 2929 4996 in
2965 4942 3173 4997 Christi
3206 4944 3378 4997 hono-

1795 5054 1907 5092 rem
1936 5045 2261 5092 exstrueret.
2300 5038 2401 5103 Qui
2436 5037 2654 5108 quidem
2685 5035 3002 5105 priusquam
3036 5036 3100 5089 ad
3134 5036 3372 5106 impera-

1795 5130 1933 5184 toris
1973 5129 2224 5183 notitiam
2276 5128 2634 5198 pervenisset,
2682 5126 3088 5196 quamplurima
3135 5128 3203 5179 ab
3240 5128 3375 5198 ipsis

1793 5215 1996 5272 Iudaeis
2021 5227 2106 5273 est
2135 5232 2352 5286 passus.
2398 5217 2610 5272 Etenim
2641 5218 2730 5270 hic
2762 5217 2877 5286 ipse
2912 5214 3183 5287 Iosephus
3210 5235 3272 5272 ex
3308 5219 3373 5271 il-

1793 5311 1972 5364 lorum
1998 5318 2117 5365 erat
2146 5310 2359 5373 ordine,
2394 5311 2487 5380 qui
2524 5312 2663 5381 apud
2697 5309 2914 5364 Iudaeos
2952 5310 3249 5380 principem
3300 5312 3373 5363 lo-

1793 5416 1917 5455 cutn
1959 5400 2244 5470 dignitatis
2285 5402 2532 5463 obtinent
2563 5420 2575 5456 :
2605 5417 2744 5472 quos
2792 5399 3012 5471 quidem
3067 5402 3365 5454 secundum

1793 5648 2054 5704 vocabula
2089 5649 2231 5718 apttd
2272 5647 2490 5704 Iudteos
2518 5650 2735 5703 nonnisi
2766 5657 2889 5715 post
2915 5648 3065 5718 urbis
3091 5647 3360 5718 excidium

1794 5728 2051 5788 usurpata
2100 5722 2370 5776 videntur.
2412 5720 2482 5776 De
2516 5722 2842 5789 patriarchis
2889 5721 2941 5773 in
2990 5717 3199 5775 Thcud.
3236 5726 3338 5772 cod
