3814 6292
449 256 553 314 ιιι

1820 258 1879 315 S.
1920 255 2258 313 EPII’HANII

3590 256 3708 310 M9.

450 372 819 443 patriarcham
874 371 1151 443 apostolos
1199 374 1505 429 nominant.
1550 374 1807 431 Assident
1837 375 1891 428 hi
1925 390 2018 446 pa-

2125 371 2542 444 προσεδρεύουσι
2581 371 2639 425 δὲ
2668 371 2745 441 τῷ
2782 371 3110 444 πατριάρχῃ,
3131 369 3227 424 καὶ
3266 370 3362 423 σὺν
3386 370 3538 441 αὐτῷ
3561 372 3706 423 πολ-

451 461 709 519 triarchae
751 474 805 520 et
865 479 989 519 cum
1022 480 1087 520 eo
1121 465 1318 534 saepius
1353 465 1448 520 diu
1493 473 1765 536 noctuque
1797 480 2022 520 versan-

452 564 547 609 sur
577 574 592 610 ι
627 554 773 625 quod
809 554 985 609 eidem
1036 570 1066 607 a
1106 556 1353 611 consiliis
1396 555 1527 619 sint,
1576 570 1640 609 ac
1685 557 1751 611 de
1782 556 1850 610 iis
1884 555 2025 611 refe-

454 654 599 711 rant,
631 661 750 716 quae
794 646 859 700 ad
911 647 1079 716 legem
1130 646 1400 715 pertinere
1447 645 1715 701 videntur.
1747 645 1875 699 Erat
1908 654 2022 701 tum

458 738 781 808 patriarclne
834 752 1031 791 nomen
1067 736 1221 792 Ellel.
1262 738 1363 807 (Ita
1422 739 1569 794 enim
1620 745 1675 792 et
1714 754 1743 792 a
1789 736 2025 806 Josepho

452 830 726 884 nominari
777 828 1000 883 solitum
1041 828 1296 892 arbitror,
1348 828 1454 883 nisi
1503 843 1590 883 me
1638 830 1710 883 ob
1760 829 2023 899 temporis

456 922 905 992 longinquitatem
953 920 1090 975 fallit
1118 920 1426 991 memoria.)
1468 920 1517 975 Is
1548 935 1579 975 e
1617 925 1786 991 stirpe
1822 920 2023 974 Gama-

456 1012 597 1068 iielis
638 1012 904 1082 originem
954 1021 1211 1078 traxerat,
1258 1011 1351 1082 qui
1401 1012 1831 1080 patriarchatum
1880 1011 2024 1082 apud

453 1103 577 1156 illos
608 1103 800 1155 tenuit.
839 1099 1011 1166 Quem
1058 1103 1221 1155 etiam
1274 1101 1539 1170 suspicari
1590 1102 1785 1155 merito
1831 1118 2025 1171 possu-

455 1211 603 1256 mus.
639 1203 697 1248 ut
740 1209 770 1246 a
821 1192 1092 1263 plerisque
1121 1193 1394 1262 proditum
1442 1201 1547 1258 est,
1594 1208 1624 1247 e
1668 1194 1827 1263 primi
1878 1195 2023 1250 illius

455 1278 771 1338 Gamalielis
802 1298 999 1353 genere
1026 1297 1150 1337 esse
1184 1291 1528 1351 prognatum,
1561 1281 1654 1351 qui
1688 1282 1790 1336 sub
1814 1281 2021 1336 Christi

455 1376 669 1431 Domini
703 1376 1009 1445 passionem
1041 1382 1231 1429 auctor
1255 1374 1374 1443 ejus
1403 1375 1616 1429 consilii
1660 1372 1861 1429 Juda-is
1898 1374 2020 1438 fuit,

455 1474 572 1519 uta
609 1466 1000 1537 persequendis
1048 1465 1314 1534 apostolis
1369 1466 1724 1520 abstinerent.
1785 1464 2022 1521 Moriens

454 1554 587 1615 Ellel
620 1560 856 1613 vicinum
905 1559 1222 1629 episcopum
1261 1557 1631 1614 Tiberiensem
1678 1559 1926 1624 arcessit,
1956 1560 2024 1613 ab

453 1668 627 1721 eoque
654 1653 860 1707 lotione
889 1666 1046 1707 sacra
1082 1652 1184 1706 sub
1215 1652 1337 1705 vita:
1364 1650 1569 1706 exitum
1600 1667 1697 1721 per
1741 1651 2025 1706 medicina:

2123 464 2277 527 λάκις
2314 464 2407 516 καὶ
2441 466 2499 517 ἐν
2534 465 2689 517 νυκτὶ
2730 463 2826 517 καὶ
2856 465 2913 517 ἐν
2941 464 3128 534 ήμέρᾳ
3163 463 3403 533 συνεχῶς
3426 463 3705 532 διάγουσι,

2122 553 2211 607 διά
2263 551 2324 605 τὸ
2359 553 2747 624 συμϐουλεύειν
2798 554 2893 606 καὶ
2926 554 3218 625 ἀναφέρειν
3259 553 3409 624 αὑτῷ
3438 554 3509 607 τά
3550 556 3705 607 κατὰ

2120 642 2212 695 τὸν
2268 642 2449 714 νόμον.
2496 644 2557 697 Ὀ
2599 643 2656 696 δὲ
2715 643 3060 714 πατριάρχης
3109 646 3228 697 κατ’
3278 644 3455 697 ἐκεῖνο
3498 645 3703 715 καιροῦ

2142 731 2331 800 Ἐλλὴλ
2350 731 2583 803 τοῦνομα
2612 729 2680 804 ἦν
2710 733 2949 803 (νομίζω
2980 733 3108 806 γὰρ,
3132 735 3212 787 ὅτι
3240 734 3411 797 οὕτως
3427 736 3489 789 τὸ
3520 735 3706 804 ὄνομα

2122 823 2284 877 αὑτοῦ
2319 823 2577 895 Ἰώσηπος
2605 824 2811 892 ἔλεγεν,
2844 827 2891 877 εί
2921 824 2996 895 μὴ
3027 826 3136 879 άπὸ
3167 825 3261 878 τοῦ
3291 825 3480 897 χρόνου
3524 827 3707 895 σφάλο

2121 915 2325 985 λομαι).
2386 917 2480 969 Ἐκ
2502 916 2689 983 γένους
2709 916 2765 968 δὲ
2794 915 3074 986 Γαμαλιὴλ
3100 916 3386 986 ἐτύγχανε,
3418 917 3515 969 τοῦ
3556 920 3700 988 παρ’

2121 1006 2303 1069 αὐτοῖς
2331 1006 2619 1077 γενομένου
2652 1006 3009 1077 πατριάρχου.
3046 1007 3199 1059 Ἐστι
3239 1006 3296 1059 δέ
3319 1006 3699 1078 διανοηθῆναι,

2122 1097 2197 1160 ὡς
2236 1097 2329 1149 καὶ
2373 1096 2521 1150 ἄλλοι
2575 1095 2749 1160 οὕτως
2796 1098 3079 1161 ὑπέθεντο,
3126 1097 3315 1151 τοῦτον
3359 1094 3500 1151 εἶναι
3534 1100 3706 1166 γένος

2123 1188 2327 1243 ἐκείνου
2353 1189 2448 1242 τοῦ
2479 1190 2694 1260 πρώτου
2733 1190 2841 1260 (i5)
2874 1191 2914 1242 Γ
2918 1189 3172 1261 αμαλιὴλ,
3203 1188 3298 1241 τοῦ
3331 1190 3425 1242 ἐπὶ
3451 1190 3549 1243 τοῦ
3581 1192 3705 1243 Σω-

2120 1280 2285 1352 τῆρος
2319 1278 2414 1333 τοῦ
2461 1280 2603 1333 κατά
2650 1280 2784 1333 Θεὸν
2828 1280 3325 1351 συμϐουλεύσαντος
3355 1280 3706 1351 ἀποσχέσθαι

2121 1374 2219 1442 τῆς
2251 1372 2392 1425 κατὰ
2440 1371 2559 1439 τῶν,
2586 1371 2895 1425 ἀποστόλων
2939 1372 3247 1443 ἐπιϐουλῆς.
3292 1372 3707 1426 Τελευτῶνδὲὸ

2136 1462 2322 1534 Ἐλλὴλ
2378 1462 2576 1532 ἠξίωσε
2625 1463 2716 1515 τὸν
2766 1463 2886 1517 κατ’
2932 1464 3104 1516 ἐκεῖνο
3149 1464 3340 1535 καιροῦ
3392 1466 3705 1518 ἐπίσκοπον

2122 1554 2494 1625 πλησιόχωρον
2514 1555 2613 1624 τῆς
2640 1554 2904 1625 Τιϐερίων
2921 1554 3070 1621 ὄντα,
3100 1554 3195 1608 καὶ
3228 1556 3525 1626 ἐκομίσατο
3558 1557 3703 1628 παρ’

2122 1645 2285 1697 αὐτοῦ
2324 1645 2384 1697 τὸ
2407 1644 2561 1712 άγιον
2586 1645 2809 1715 λουτρὸν
2835 1645 2929 1698 ἐπὶ
2953 1648 3019 1716 τῇ
3051 1645 3214 1716 ἐξόδῳ
3243 1646 3328 1699 διὰ
3362 1646 3704 1718 προφάσεως

452 1744 693 1813 speciem
724 1744 994 1814 expiatur.
1044 1742 1181 1799 Cum
1216 1744 1359 1798 enim
1392 1745 1704 1814 episcopum
1740 1759 1836 1814 per
1871 1742 2018 1800 Jose-

2125 1736 2220 1807 τῆς
2244 1739 2492 1811 ἰατρικῆς
2517 1736 2845 1800 ὑποθέσεως.
2872 1737 3369 1811 Μεταστειλάμενος
3391 1740 3500 1808 γὰρ
3528 1738 3704 1791 αὑτὸν

453 1836 623 1906 phum
683 1837 832 1891 velut
884 1837 1155 1890 medicum
1203 1846 1506 1901 evocasset,
1540 1836 1806 1893 facessere
1850 1836 2021 1907 jussis

451 1927 745 1994 omnibus,
812 1929 1038 1998 supplex
1088 1929 1239 1982 illum
1302 1929 1613 1996 interpellat
1648 1929 1734 1984 his
1791 1931 2015 1985 verbis:

452 2018 647 2084 Quaeso
691 2027 763 2083 te,
800 2020 997 2090 inquit,
1046 2021 1177 2075 mihi
1214 2030 1271 2075 ut
1304 2022 1507 2078 Christi
1560 2023 1776 2094 signum
1826 2024 2024 2093 imper-

450 2113 577 2166 tias.
621 2110 758 2165 Tum
810 2113 1006 2168 accitis
1055 2114 1321 2169 ministris
1364 2130 1558 2186 aquam
1608 2116 1799 2170 inferri
1846 2116 2019 2187 jubet,

452 2210 711 2270 tanquam
742 2203 1026 2272 aagrotanti
1074 2204 1396 2273 patriarcha
1439 2205 1613 2260 morbi
1648 2204 1920 2275 quoddam
1955 2221 2022 2259 ex

450 2308 594 2362 aqua
646 2294 942 2348 remedium
996 2311 1189 2365 parare
1238 2296 1415 2351 vellet.
1474 2296 1556 2350 llli
1607 2296 1737 2367 quid
1786 2304 2024 2352 strueret

452 2382 650 2451 ignari,
689 2382 955 2452 imperata
1005 2385 1228 2438 faciunt.
1257 2384 1384 2440 Inde
1419 2385 1799 2440 verecundiam
1849 2388 2023 2442 simu-

453 2474 598 2540 laus,
631 2482 683 2529 et
738 2474 1023 2530 universos
1076 2477 1448 2547 abirejubens
1492 2479 1804 2547 patriarcha
1864 2492 2023 2535 sacro

450 2568 777 2639 baptismate
810 2582 875 2622 ac
906 2568 1107 2624 divinis
1138 2570 1416 2640 mysteriis
1447 2570 1694 2625 initiatus
1724 2578 1828 2627 est.

522 2824 584 2880 γ.
626 2824 754 2880 Mihi
788 2841 914 2881 vero
941 2827 1077 2891 haec,
1109 2827 1189 2882 uti
1218 2827 1355 2894 dixi,
1389 2829 1573 2884 omnia
1602 2827 1873 2900 Josephus
1908 2832 2023 2901 ipse

446 2917 725 2973 narrabat.
788 2916 936 2982 Haec,
993 2919 1239 2989 inquam,
1290 2937 1399 2976 non
1460 2922 1680 2976 aliunde
1732 2937 1895 2991 quam
1955 2940 2023 2978 ex

447 3009 681 3079 ipsemet
710 3010 856 3065 illius
882 3026 976 3066 ore
1010 3012 1198 3076 didici,
1228 3028 1351 3066 cum
1394 3013 1582 3067 aifecta
1616 3015 1727 3083 jam
1757 3026 1914 3070 aetate
1944 3016 2023 3071 fo-

448 3108 554 3163 ret,
600 3115 664 3154 ac
696 3116 802 3153 Lxx
852 3102 974 3170 plus
1027 3102 1206 3156 minus
1250 3117 1451 3156 annum
1494 3111 1694 3174 ageret.
1744 3104 1829 3158 Ad
1873 3105 2019 3160 hunc

448 3190 764 3261 Scythopoli
782 3192 1249 3263 diverteram,quo
1272 3209 1329 3249 se
1346 3192 1631 3250 Tiberiade
1658 3196 1749 3252 ille
1771 3198 2020 3252 contule-

449 3293 556 3349 rat,
578 3285 759 3356 ibique
775 3287 1054 3356 splendida
1087 3287 1331 3356 quaedam
1363 3287 1586 3342 aadiﬁcia
1609 3288 1711 3344 sibi
1730 3305 2019 3361 compara-

447 3385 621 3431 verat.
670 3376 810 3431 Tum
845 3379 990 3432 enim
1043 3378 1203 3449 129
1246 3378 1511 3436 Eusebius
1562 3379 1923 3439 Vercellensis
1964 3384 2020 3438 in

451 3467 598 3523 italia
631 3473 937 3540 episcopus,
966 3486 994 3524 a
1032 3471 1354 3526 Constantio
1386 3472 1456 3527 ob
1488 3472 1609 3528 fidei
1657 3476 2019 3547 integritatem

447 3563 698 3616 exsulare
716 3562 1003 3628 jussus,ab
1037 3564 1128 3617 illo
1144 3562 1379 3633 hOSpitio
1413 3572 1532 3618 erat
1557 3567 2019 3638 exceptus.Cujus

450 3653 723 3708 invisendi
777 3656 951 3724 gratia
1007 3671 1130 3710 cum
1169 3672 1269 3727 ego
1310 3665 1363 3712 et
1416 3657 1612 3713 fratres
1652 3661 1873 3729 quidam
1928 3660 2017 3714 alii

452 3747 812 3810 venissemus,
874 3748 1064 3802 iisdem
1121 3766 1219 3805 nos
1274 3752 1482 3806 aedibus
1533 3754 1734 3822 recepti
1794 3754 2016 3809 fuimus.

451 3836 556 3891 Ubi
612 3854 737 3892 cum
785 3837 1023 3907 Josepho
1069 3841 1409 3898 familiariter
1462 3846 1680 3907 versati,
1735 3846 1907 3915 deque
1954 3863 2019 3901 eo

450 3928 715 3983 sciscitati
748 3930 880 4000 quid
905 3931 1007 4001 ipsi
1068 3933 1286 3987 demum
1336 3935 1649 4002 accidisset,
1702 3938 1847 4007 quod
1894 3954 2018 3993 eum

451 4019 593 4089 apud
646 4019 863 4076 Iudaeos
926 4023 1189 4077 illustrem
1250 4024 1419 4081 fuisse
1494 4029 1791 4093 sciremus,
1859 4031 2020 4099 quive

449 4120 615 4181 gesta:
643 4114 721 4168 rei
749 4123 893 4169 esset
919 4115 1074 4181 ordo,
1120 4131 1183 4170 ac
1235 4118 1691 4187 quemadmodum
1739 4123 1806 4176 ad
1858 4124 2017 4177 Chri-

449 4204 658 4262 stianos
707 4209 1031 4274 transisset,
1080 4210 1193 4264 ha‘c
1244 4211 1314 4265 ab
1366 4211 1458 4266 illo
1507 4213 1688 4267 omnia
1739 4214 2019 4273 auditione

524 4358 541 4388 ¹
568 4356 696 4414 For.
732 4361 1056 4417 Βεοκέλλας.

448 4496 687 4596 Ψῗλρξῖἔςν
732 4498 1231 4596 ἑῖξζεῗιηίῖῗίῖ¹.¹.ίέξὶἱ
1271 4501 2009 4596 εξξιηῑπξεῑιξεῖροέειηφιέξιεετξ
2042 4522 2087 4578 n
2114 4521 2325 4596 τυριρεν
2362 4512 2675 4596 ηίετοηιηιί
2726 4515 3049 4596 auctoritate
3104 4513 3415 4596 animari

448 4570 678 4640 apostoli
732 4570 1071 4640 βου-ἰατρίιώ
1089 4574 1234 4627 velut
1281 4588 1589 4628 assessores
1631 4590 1698 4629 ex
1732 4570 2008 4630 communi

447 4649 503 4716 et
536 4638 912 4716 usitata'vocis
934 4643 1153 4696 notione
1176 4644 1309 4716 dicti
1338 4653 1492 4716 sunt,
1519 4646 1665 4714 quod
1697 4645 1761 4699 ad
1792 4647 2013 4716 exigen-

448 4711 547 4763 das
580 4709 945 4781 a_Synagogis
996 4713 1254 4781 pecunias
1301 4714 1368 4767 ab
1415 4709 1505 4768 illo
1538 4709 1916 4780 'mitterentur',
1954 4728 2012 4772 ut

446 4795 516 4833 ex
542 4777 900 4851 cod._'l:he'od'.
933 4777 1077 4851 patet
1099 4782 1190 4837 lib.
1228 4800 1337 4844 xw.
1365 4784 1431 4839 de
1461 4784 1681 4839 Judteis.
1713 4787 1814 4849 Qui
1860 4777 2011 4841 locus

448 4849 592 4924 quod
628 4849 1075 4924 adEpiphanium
1106 4853 1483 4907 illustrandum
1517 4857 1765 4924 inprimis
1780 4858 2011 4919 confert,

450 4920 540 4972 hic
569 4920 927 4996 inscribendas
952 4929 1036 4976 est
1065 4941 1079 4996 ξ
1111 4923 1524 4996 superstitionis,
1562 4920 1757 4996 inquit,
1786 4927 2011 4996 indigna:

447 4998 548 5051 est,
583 4998 641 5067 ut
684 4992 1101 5067 archisynagogi,
1136 4994 1240 5047 sive
1266 4994 1551 5067 presbyteri
1577 4992 1919 5067 Judworum;
1937 4997 2012 5051 rei

448 5076 574 5123 quos
602 5059 703 5125 ipsi
730 5059 995 5128 apostolos
1033 5059 1245 5127 ivocant,
1266 5059 1364 5134 'qui
1392 5059 1459 5117 ait
1487 5067 1791 5135 exigendum
1823 5059 2012 5121 auium

448 5139 603 5197 atque
633 5140 903 5207 argentum
937 5150 975 5207 τι
1010 5134 1310 5207 patriarrha
1352 5145 1489 5189 certe
1517 5134 1743 5205 tempore
1774 5138 2013 5207 dirigun-

450 5209 556 5261 tur,
591 5216 622 5251 a
671 5200 888 5278 singulis
937 5201 1225 5278 Synagogis
1270 5214 1507 5278 exactam
1555 5200 1811 5260 summam
1861 5200 2014 5278 (itque

446 5279 739 5343 susceptain
782 5272 867 5343 ad,
890 5273 1124 5343 eumdem
1152 5272 1450 5341 reportent.
1477 5277 1595 5343 Qua
1648 5278 1711 5331 de
1760 5295 1815 5332 re
1865 5272 2013 5334 enim:

447 5338 700 5417 quidquid
724 5341 1060 5417 considerata
1082 5338 1324 5417 temporis
1348 5338 1549 5400 ratione
1568 5349 1877 5417 conﬁdimus
1901 5366 2011 5403 esse

447 5408 743 5485 collectum,
784 5412 1007 5474 ﬁdeliter
1051 5414 1118 5466 ad
1167 5408 1399 5468 nostrum
1444 5408 1706 5485 dirigatur
1739 5422 2011 5475 terarium.

451 5477 526 5531 De
552 5489 739 5553 cratere
762 5493 935 5536 autent
970 5485 1100 5537 nihil
1123 5486 1373 5553 prmdicto
1394 5477 1719 5541 decernimus
1752 5506 1862 5543 esse
1892 5491 2012 5543 mit-

451 5548 680 5628 tendum.
716 5551 788 5607 De
818 5554 1004 5628 iisdem
1033 5548 1531 5628 pat'riarchisquod
1572 5559 1903 5628 ipiphanius
1926 5561 2011 5613 in-

449 5618 613 5700 dicat,
650 5636 757 5700 non
807 5618 1048 5691 delectu,
1073 5625 1165 5700 sed
1195 5618 1423 5700 generis
1448 5618 1794 5683 successione
1833 5631 2007 5700 digni-

448 5694 613 5746 tatem
655 5694 902 5764 adeptos,
935 5711 997 5751 ac
1039 5694 1355 5767 plerumque
1386 5697 1514 5753 luxu
1552 5714 1615 5755 ac
1647 5699 1857 5757 deliciis
1886 5694 2005 5756 cor-

2121 1825 2208 1879 διά
2238 1826 2332 1879 τοῦ
2354 1827 2747 1899 προειρημένου
2794 1828 3081 1899 Ἰωσήπου,
3111 1829 3186 1891 ὡς
3225 1830 3406 1901 ίατρδν
3434 1831 3703 1897 δντα,κα“ι

2123 1919 2351 1988 ποιήσας
2407 1919 2617 1983 πάντας
2673 1918 2775 1982 ἔξω
2832 1919 3125 1987 γενέσθαι,
3184 1922 3528 1992 παρεκάλεσε
3602 1923 3706 1976 τὸν

2123 2011 2438 2077 ἐπίσκοπον,
2500 2011 2711 2080 λέγων’
2761 2010 3013 2082 Δώρησαί
3064 2029 3152 2082 μοι
3210 2012 3307 2084 τὴν
3357 2016 3415 2068 ἐν
3468 2012 3705 2085 Χριστῷ

2125 2102 2410 2170 σφραγῖδα.
2444 2103 2503 2156 Ὀ
2529 2102 2605 2165 δὲ,
2641 2102 3148 2173 μετακαλεσάμενος
3165 2105 3293 2168 τοὺς
3316 2105 3703 2176 ἐξυπηρετου-

2128 2192 2338 2262 μένους,
2369 2193 2695 2264 προσέταξεν
2715 2193 2858 2265 ὕδωρ
2877 2194 3288 2266 ἐτοιμασθῆναι,
3316 2196 3503 2267 ὠςτῆς
3533 2198 3704 2250 νόσου

2122 2284 2287 2337 ἕνεκα
2337 2284 2587 2356 βοήθημα
2638 2303 2691 2339 τι
2746 2287 3073 2358 προσφέρειν
3116 2287 3323 2358 μέλλων
3368 2288 3435 2341 δι’
3484 2289 3706 2343 ὑδάτων

2124 2373 2364 2426 νοσοῦντι
2398 2374 2607 2444 βαρέως
2667 2374 2745 2445 τῷ
2777 2377 3108 2449 πατριάρχῃ.
3144 2378 3205 2429 υἱ
3237 2377 3293 2430 δέ
3331 2377 3597 2449 ἐποίησαν
3630 2379 3703 2432 τά

2124 2465 2545 2535 ἐπιτεταγμένα.
2583 2466 2655 2518 Οὑ
2685 2466 2794 2538 γάρ
2823 2466 3174 2534 ἐγνώκεισαν.
3231 2469 3419 2533 Αἰδοῦς
3442 2471 3501 2523 δέ
3532 2473 3703 2542 χάριν

2125 2555 2619 2624 προφασισάμενος,
2669 2560 2794 2620 τοὺς
2845 2558 3052 2620 πάντας
3118 2556 3221 2623 ἔξω
3268 2562 3498 2631 ποιήσας
3528 2564 3557 2613 ό
3588 2580 3703 2616 πα-

2122 2647 2388 2718 τριάρχης
2430 2647 2529 2701 τοῦ
2571 2648 2794 2719 λουτροῦ
2833 2648 3179 2714 καταξιοῦται
3237 2653 3330 2705 καὶ
3376 2655 3706 2725 μυστηρίων

2124 2736 2316 2803 ἁγίων.
3200 2758 3203 2759 ⁷

2194 2828 2268 2880 E'.
2305 2827 2363 2881 Ὀ
2388 2828 2447 2881 δὲ
2488 2827 2747 2900 Ἰώσηπος
2796 2831 2918 2901 ἐμοὶ
2957 2832 3104 2903 αὐτῷ
3132 2832 3401 2904 διηλέχθη.
3445 2834 3541 2887 Ἐκ
3570 2835 3704 2888 στό-

2126 2935 2292 2989 ματος
2318 2919 2426 2990 γὰρ
2467 2919 2630 2973 αὑτοῦ
2679 2922 2891 2993 ἀκήκοα
2918 2924 3095 2976 πάντα
3120 2923 3310 2986 ταῦτα,
3335 2925 3428 2977 καὶ
3454 2926 3554 2977 οὐκ
3586 2927 3703 2979 ἀπὸ

2123 3010 2281 3064 ἄλλου
2313 3012 2478 3076 τινὸς,
2510 3013 2567 3065 ἐν
2596 3016 2660 3085 τῇ
2690 3014 2934 3086 γηραλέα
2980 3016 3141 3069 αὑτοῦ
3191 3016 3393 3086 ἡλικίᾳ,
3438 3017 3516 3080 ὼς
3564 3021 3702 3085 περὶ

2121 3120 2223 3156 που
2246 3102 2378 3155 ὲτῶν
2404 3103 2770 3175 ἐϐδομήκοντα
2799 3107 3082 3174 γεγονότος
3106 3107 3289 3171 αὑτοῦ,
3321 3108 3353 3177 ἤ
3387 3109 3481 3160 καὶ
3504 3109 3701 3161 πλειό-

2120 3213 2246 3249 νων.
2284 3196 2417 3267 Παρ’
2462 3196 2608 3267 αὐτῷ
2630 3196 2738 3268 γὰρ
2762 3197 3040 3269 κατήχθην
3062 3200 3119 3251 ἐν
3146 3199 3496 3252 Σκυθοπόλειο
3530 3218 3699 3270 μετα-

2124 3286 2254 3349 στὰς
2277 3286 2385 3356 γὰρ
2412 3287 2510 3357 τῆς
2543 3287 2878 3358 Τιϐεριάδος,
2908 3288 3111 3353 κτίσεις
3132 3292 3248 3342 ἐκεῖ
3271 3292 3327 3343 ἐν
3358 3291 3699 3346 Σκυθοπόλει

2119 3377 2396 3446 διαφανεῖς
2430 3380 2717 3450 ἐκτήσατο.
2764 3380 2851 3433 Ἐν
2892 3382 2999 3450 γάρ
3036 3383 3102 3452 τῇ
3136 3381 3283 3451 οἰκίᾳ
3314 3382 3477 3435 αὐτοῦ
3512 3402 3698 3454 μακα›

2122 3468 2275 3539 ρίτης
2312 3469 2566 3536 Εὐσέϐιος
2607 3472 2636 3523 ό
2683 3472 2779 3542 τῆς
2814 3472 3044 3533 Ἰταλίας
3094 3472 3387 3537 ἐπίσκοπος
3427 3475 3698 3545 Βριγγέλ-

2119 3563 2215 3625 λας
2248 3564 2262 3593 ¹
2295 3561 2404 3632 (16)
2441 3562 2666 3627 πόλεως,
2696 3563 2989 3634 ἐξορισθεὶς
3019 3564 3123 3618 ὑπὸ
3157 3567 3565 3635 Κωνσταντίου,
3608 3568 3699 3621 διὰ

2118 3654 2218 3724 τὴν
2278 3654 2460 3706 πίστιν
2513 3653 2612 3724 τῆς
2655 3654 2961 3724 ὀρθοδοξίας
3005 3656 3284 3720 ἐξενίζετο.
3322 3658 3431 3711 Καὶ
3469 3659 3564 3710 ἐπὶ
3595 3662 3697 3730 τὴν

2118 3745 2403 3815 ἐπίσκεψιν
2428 3747 2615 3799 τούτου
2652 3746 2760 3814 ἐγώ
2806 3764 2864 3799 τε
2894 3748 2987 3800 καὶ
3014 3751 3063 3801 οἱ
3095 3749 3241 3803 ἄλλοι
3267 3750 3482 3820 ἀδελφοὶ
3511 3754 3696 3805 ἐκεῖσε

2118 3838 2418 3907 γενόμενοι,
2444 3839 2537 3891 καὶ
2566 3839 2721 3892 αὐτοὶ
2759 3840 2887 3910 παρ’
2918 3841 3064 3911 αὐτῷ
3100 3842 3465 3912 κατήχθημεν.
3499 3844 3685 3897 Συντυ-

2120 3928 2306 3997 χόντες
2326 3927 2381 3979 δὲ
2408 3927 2486 3998 τῷ
2526 3929 2771 4000 Ἰωσήπῳ
2812 3930 2905 3981 ἐπὶ
2942 3930 3041 3999 τῆς
3088 3931 3251 3984 αὐτοῦ
3280 3934 3477 3999 οἰκίας,
3508 3934 3605 3986 καὶ
3627 3936 3693 3988 τά

2119 4020 2238 4071 κατ’
2268 4019 2426 4073 αὐτὸν
2458 4022 2788 4090 ἐρωτῶντες,
2812 4022 2905 4076 καὶ
2928 4023 3163 4091 γνόντες,
3194 4023 3274 4076 ὅτι
3300 4024 3405 4076 τῶν
3430 4026 3691 4095 ἐμφανῶν

2120 4109 2331 4180 ὑπῆρχε
2358 4109 2508 4181 παρά
2570 4111 2866 4176 Ἰουδαίοις,
2919 4113 3267 4179 άνετάζοντες
3310 4116 3403 4168 καὶ
3428 4116 3528 4186 τὴν
3567 4119 3691 4170 κατ’

2116 4202 2280 4257 αὐτὸν
2309 4201 2579 4271 ὑπόθεσιν,
2616 4204 2708 4257 καὶ
2732 4202 2852 4268 πῶς
2877 4204 2968 4258 τὸν
2995 4207 3074 4270 είς
3098 4207 3525 4277 Χριστιανισμὸν
3555 4225 3690 4279 μετ-

2116 4563 2212 4655 ἒιῖιῖ
2223 4563 2302 4638 ἷιὶ
2314 4563 2325 4578 ’
2339 4563 2674 4655 ὧἱῆίὶιῖ
2687 4563 2903 4653 εᾶᾗῖὶῖί
2921 4563 3053 4638 ’ὶὲὶιῖ
3104 4563 3364 4655 aliis?
3377 4563 3545 4642 vers;
3555 4563 3685 4644 lwéi

2116 4654 2400 4723 effeminati
2432 4654 2841 4708 dominabuntur
2881 4657 2978 4719 eis,
3009 4659 3081 4708 ita
3106 4654 3298 4709 scribit
3330 4675 3345 4710 :
3372 4657 3687 4715 Considere-

2118 4742 2231 4779 mus
2264 4725 2593 4794 patriarchas
2623 4723 2952 4787 Judworum,
2978 4735 3026 4779 et
3053 4726 3281 4794 juvenes.
3323 4727 3425 4781 sive
3468 4744 3685 4795 pueros,

2115 4796 2540 4868 effeminatosque
2572 4812 2631 4847 ac
2660 4794 2858 4850 deliciis
2887 4797 3172 4868 aﬂiuentes,
3191 4806 3241 4851 et
3265 4794 3532 4865 impletum
3555 4816 3685 4867 pro-

2117 4867 2348 4933 phetiam
2385 4881 2497 4919 esse
2526 4881 2813 4933 cernemus.

2188 4936 2298 5001 (15)
2344 4935 2563 4988 Τοῦτον
2598 4931 2749 4987 εἶναι
2796 4935 2966 5003 γένος
2998 4937 3229 4992 ἐκείνου
3270 4939 3375 4993 τοῦ
3424 4939 3678 5005 πρώτου.

2118 5003 2220 5069 Qui
2246 5006 2589 5061 Christianus
2614 5005 2735 5068 fuit,
2770 5014 2827 5058 ut
2854 5022 2918 5059 ex
2943 5008 3094 5062 Actis
3134 5003 3471 5065 lnventionis‘
3502 5012 3681 5066 sancti

2122 5074 2376 5149 Stephani
2396 5084 2628 5149 constat.
2650 5073 2766 5149 Nec
2794 5086 2938 5149 recte
2967 5075 3204 5149 Judaicze
3222 5080 3499 5149 religionis
3523 5088 3678 5134 tena-

2118 5144 2391 5208 cissimus,
2424 5160 2487 5201 ac
2532 5144 2827 5199 Christiani
2861 5147 3096 5201 nominis
3139 5164 3263 5203 osor
3319 5144 3620 5205 acerrimus
3647 5167 3679 5205 a

2118 5216 2441 5283 quibusdam
2505 5215 2674 5271 fuisse
2729 5216 2995 5286 proditur,
3031 5218 3175 5286 quod
3228 5220 3296 5273 ab
3357 5234 3421 5273 eo
3479 5219 3676 5276 Saulus

2120 5295 2431 5355 utrumque,
2471 5286 2573 5340 hoc
2615 5294 2699 5341 est
2732 5284 3026 5339 ’Judaicam
3048 5284 3229 5356 legem
3258 5299 3310 5343 et
3335 5290 3679 5345 Christiano.

2119 5371 2237 5426 rum
2289 5357 2473 5409 odium
2517 5356 2769 5411 didicerit
2814 5375 2827 5410 :
2865 5372 2985 5426 quze
3034 5359 3344 5426 conjectura
3393 5359 3525 5413 levis
3569 5369 3675 5414 est.

2118 5424 2260 5498 Quid
2303 5428 2446 5480 enim
2491 5441 2714 5498 necesse
2753 5424 2918 5487 οδω
2954 5424 3283 5497 ργωορριοτο
3341 5437 3677 5498 postremum

2118 5494 2501 5569 hochausisse
2530 5495 2776 5558 Saulum,
2817 5511 2880 5550 ac
2901 5494 3008 5569 non
3035 5494 3212 5566 potius
3242 5494 3433 5566 suapte
3462 5509 3675 5569 sponte,

2114 5576 2167 5619 et
2190 5566 2437 5639 aliorum,
2462 5567 2675 5619 hortatu
2704 5568 3063 5639 exemploque
3090 5568 3434 5639 suscepisse?

2181 5634 2290 5706 (16)
2308 5638 2667 5761 Ἐῇξισῗθιῖπος
2686 5634 3064 5707 immune.
3088 5634 3541 5709 Carm—Freger
3556 5653 3677 5711 per-

2183 5721 2294 5761 ram
2321 5722 2379 5761 re
2457 5722 2529 5761 ιιι
2562 5749 2572 5760 .

2111 5718 2294 5775 peram
2321 5708 2572 5762 reddidit.
