3760 6176
80 256 163 314 M3

652 245 1019 301 ADVERSUS
1060 240 1400 299 HERESES
1439 239 1566 295 LIB.
1612 237 1654 292 1.
1698 237 1863 295 ΤΟΜ.
1906 229 1970 294 ll.
2008 272 2076 281 —
2113 237 2390 292 HJERES.
2430 236 2599 292 XXX.

3205 236 3312 290 4ιὸ

80 369 236 442 ἦλθεν,
264 363 583 435 ἀκηκόαμεν
622 359 793 413 ταῦτα
826 358 1002 411 πάντα
1045 355 1251 424 σαφῶς,
1281 354 1375 408 καὶ
1403 354 1501 407 οὑκ
1530 352 1563 407 ἀ

1827 362 1913 422 'ta,
1967 369 2075 408 non
2129 353 2305 408 aliena
2356 351 2460 405 fide
2499 350 2775 419 explorata
2812 346 3125 403 didicimus.
3184 349 3312 416 Quae

82 460 366 531 ἐνηχήσεως
410 455 597 525 ἐτέρου
639 451 803 513 τινός.
840 448 1001 502 Ὅθεν
1042 448 1135 501 καὶ
1168 445 1637 517 ἀξιομνημόνευτα

82 553 145 613 εἰς
170 544 452 615 οἰκοδομὴν
493 541 699 595 πιστῶν
732 540 1051 610 νομίσαντες
1083 537 1151 590 τὰ
1183 539 1323 591 κατὰ
1348 539 1437 591 τὸν
1470 538 1637 609 ἄνδρα

44 637 573 721 -ιπραγματευθέντα,
627 634 712 687 διὰ
740 632 835 703 τὴν
865 631 1044 684 αἰτίαν
1071 630 1179 683 τῶν
1220 631 1277 683 ἐν
1316 633 1427 694 τοῖς
1472 630 1638 699 γαζο-

84 734 341 804 φυλακίοις
370 733 450 795 εἰς
487 728 739 801 Ἑϐραῖδα
795 725 1217 798 μετατεθέντων,
1253 725 1313 777 οὑ
1348 724 1638 795 παρέργως

84 828 163 896 τὴν
190 825 368 876 πᾶσαν
398 823 574 875 αἰτίαν
615 819 710 871 τοῦ
751 817 1144 889 προειρημένου
1188 816 1451 886 Ἰωσήπου
1495 832 1642 885 παρα

86 911 445 987 εθέμεθα.⁷ῐίν
462 912 568 985 γὰρ
592 912 619 963 6
644 911 783 982 ἀνὴρ
801 909 861 963 οὑ
886 910 1047 980 μόνον
1075 908 1422 980 Χριστιανὸς,
1451 907 1640 971 πιστὸς

84 1006 420 1072 καταξιωθεὶς
464 1002 733 1072 γενέσθαι,
767 1001 901 1054 ἀλλὰ
944 1001 1039 1054 καὶ
1081 1000 1390 1071 Ἀρειανοὺς
1437 999 1641 1071 σφόδρα

87 1098 415 1170 στηλιτεὺων.
453 1098 539 1149 Ἐν
597 1094 706 1166 γὰρ
727 1098 791 1165 τῇ
852 1092 1000 1146 πόλει
1059 1091 1262 1163 ἐκείνῃ,
1312 1090 1641 1143 Σκυθοπόλει

84 1191 228 1261 φημὶ,
297 1187 457 1257 μόνον
506 1179 660 1247 οὗτος
715 1182 992 1255 ὀροόδοξος
1039 1182 1287 1253 ὑπῆρχε,
1338 1181 1536 1243 πάντες
1586 1179 1643 1232 δὲ

94 1280 365 1354 Ἀρειανοί.
414 1279 521 1333 Καὶ
564 1279 612 1330 εἰ
659 1276 733 1348 μὴ
761 1278 842 1329 ὃτι
884 1277 1059 1346 κόμης
1103 1271 1193 1345 ἦν,
1228 1274 1322 1328 καλ⁵
1354 1273 1528 1327 τὸτοῦ
1553 1273 1646 1326 κό-

84 1391 235 1447 μητος
264 1372 481 1442 ἀξίωμα
513 1370 746 1423 ἐκώλυεν
768 1369 861 1421 ἀπ’
897 1368 1059 1422 αὑτοῦ
1092 1368 1183 1420 τὸν
1211 1366 1319 1419 τῶν
1355 1366 1646 1437 Ἀρειανῶν

81 1462 327 1533 διωγμὸν,
373 1461 473 1514 οὑκ
518 1459 584 1513 ἂν
616 1459 821 1530 ὑπέστη
854 1459 956 1512 κᾶν
992 1460 1050 1511 ἐν
1074 1461 1140 1529 τῇ
1178 1456 1328 1509 πόλει
1349 1455 1646 1527 διατρίϐειν

79 1556 271 1627 ὁάνὴρ,
300 1554 532 1626 μάλιστα
556 1552 648 1605 ἐττί⁵
689 1550 1023 1622 Πατροφίλου
1059 1550 1153 1603 τοῦ
1203 1549 1479 1619 Ἀρειανοῦ
1530 1549 1648 1601 ἐπι-

82 1650 291 1707 σκόπου,
324 1646 416 1699 τοῦ
443 1644 611 1698 πολλὰ
643 1643 961 1713 ἰσχύσαντος
1004 1641 1219 1711 πλούτῳ
1249 1658 1308 1693 τε
1332 1641 1424 1694 καὶ
1453 1640 1647 1708 αὐστη-

80 1742 180 1813 ρίᾳ,
225 1740 325 1791 καὶ
352 1740 416 1809 τῇ
465 1738 601 1808 πρὸς
642 1737 735 1789 τὸν
774 1734 994 1805 βασιλέα
1039 1734 1417 1789 Κωνστάντιον
1447 1731 1645 1802 γνώσει

78 1852 131 1887 τε
161 1832 251 1886 καὶ
285 1830 589 1903 παρρησίᾳ.
615 1824 724 1880 Ἦν
758 1827 812 1880 δὲ
840 1827 937 1880 καὶ
978 1826 1135 1891 ἄλλος
1180 1844 1265 1890 τις
1291 1824 1555 1896 νεώτερος
1587 1828 1646 1879 ἐν

80 1927 134 1994 τῇ
184 1923 343 1975 πόλει
393 1921 500 1974 ἀπὸ
561 1919 826 1991 Ἑϐραίων
880 1918 1054 1990 ὀρθῶς
1116 1918 1406 1985 πιστεύων,
1440 1918 1498 1982 ὃς
1548 1918 1648 1970 οὑκ

79 2015 265 2084 ἐτόλμα
331 2013 473 2068 κατὰ
520 2012 580 2066 τὸ
626 2011 877 2083 φανερὸν,
908 2010 1042 2064 ἀλλὰ
1068 2010 1161 2064 καὶ
1198 2010 1479 2082 κρυφαίως
1503 2010 1649 2080 ἡμᾶς

80 2106 458 2161 ἐπεσκέπτετο.
485 2104 716 2158 Πιθανὸν
745 2104 802 2157 δέ
826 2121 880 2157 τι
906 2104 935 2157 6
974 2102 1232 2172 Ἰώσηπος
1250 2103 1343 2155 καὶ
1368 2100 1649 2170 γελοιῶδες

79 2200 367 2268 ὑφηγεῖτο·
393 2192 547 2268 οἶμαι
571 2195 628 2249 δὲ
678 2194 872 2257 ταῦτα,
903 2194 984 2247 ὅτι
1031 2194 1125 2247 κα)⁸
1158 2192 1442 2263 ηλήθευεν.
1478 2192 1652 2259 Ἔφα-

83 2307 168 2342 σκε
194 2289 330 2359 γάρ,
363 2290 466 2352 ὅτι,
498 2288 905 2358 τελευτησάσης
927 2286 1027 2357 τῆς
1077 2283 1240 2338 αὑτοῦ
1283 2282 1534 2354 συμὸίου,
1567 2282 1652 2335 δε-

78 2384 194 2447 διὼς
224 2388 302 2454 μή
335 2400 411 2453 πη
461 2382 570 2453 ἄρα
615 2381 933 2453 ἀρπάζωσιν
962 2379 1122 2432 αὑτὸν
1153 2380 1202 2431 οἰ
1242 2377 1527 2447 Ἀρειανοὶ,
1558 2376 1653 2429 καὶ

81 2477 461 2546 καταστήσωσι
492 2475 769 2546 κληρικόν.
795 2472 1060 2535 Πολλάκις
1092 2470 1201 2542 γὰρ
1229 2468 1654 2532 κολακεύσαντες

80 2569 235 2622 αὑτὸν
278 2567 568 2639 πεισθῆναι
613 2570 678 2638 τῇ
729 2567 963 2636 αἱρέσει,
998 2562 1356 2634 ὑπισχνοῦντο
1406 2559 1656 2632 μείζονας

80 2658 383 2729 προκοπὰς,
423 2659 471 2710 εἰ
501 2656 617 2710 δέον
645 2655 739 2709 καὶ
773 2654 1077 2724 ἐπισκοπῆς
1131 2651 1299 2707 αὑτὸν
1341 2647 1652 2713 καταξιοὺν.

90 2751 141 2804 ’0
191 2751 248 2803 δέ
302 2749 510 2818 ἔφασκε
556 2748 746 2801 τούτου
791 2748 953 2818 χάριν
1020 2742 1288 2815 συνῆφθαι
1349 2742 1445 2795 καὶ
1496 2740 1658 2810 ἑτέρᾳ

77 2842 316 2911 γυναικὶ,
349 2843 494 2905 ὅπως
516 2840 789 2912 διαδράσοι
816 2838 916 2903 τὰς
942 2838 1121 2893 αὑτῶν
1147 2834 1500 2909 χειροτονίας.

1740 458 1863 495 cum
1909 440 1977 493 ad
2022 440 2260 495 fidelium
2296 439 2582 493 utilitatem
2618 438 2880 492 memoria
2936 437 3100 507 digna
3158 454 3313 492 cum-

1741 531 1931 601 primis
1984 530 2333 591 arbitremur,
2383 538 2601 598 propter
2656 542 2751 582 eos
2802 528 2972 582 libros
2997 529 3087 598 qui
3122 529 3175 582 in
3220 528 3310 582 Ju-

1741 624 1980 677 dzeorum
2040 622 2316 675 thesauris
2389 628 2683 674 servantur
2742 618 3009 674 Hebraico
3067 636 3317 675 sermone

1743 715 2019 779 translati,
2057 730 2178 785 qua:
2213 713 2279 767 ad
2314 711 2610 781 Josephum
2656 712 2806 765 illum
2842 712 3177 781 pertinerent
3223 727 3317 766 ac-

1742 808 1986 860 curatius
2044 804 2270 873 exsequi
2328 803 2623 857 voluimus.
2690 800 2824 856 Nam
2894 803 2940 857 is
2996 819 3106 857 non
3154 802 3318 858 modo

1741 898 2089 952 Christianus
2116 906 2252 962 erat,
2291 910 2522 964 eamque
2561 893 2718 948 fidem
2756 902 3104 964 susceperat,
3140 894 3232 949 sed
3265 902 3320 949 et

1742 989 1977 1044 Arianos
2017 1002 2230 1044 summa
2284 985 2507 1041 infamia
2548 986 2886 1042 traducebat.
2932 987 3140 1058 Quippe
3178 1005 3321 1046 unus

1744 1079 1861 1148 ipse
1898 1085 2100 1132 rectam
2140 1091 2205 1130 ac
2236 1075 2506 1130 sinceram
2549 1073 2709 1127 fidem
2751 1073 3063 1145 Scythopoli
3117 1075 3319 1129 retine-

1745 1171 1858 1234 bat,
1896 1186 2017 1224 cutn
2050 1168 2245 1238 reliqui
2277 1174 2461 1223 essent
2502 1166 2715 1222 Ariani.
2760 1166 2915 1234 Quod
2951 1167 3055 1222 nisi
3106 1166 3321 1222 comitis

1748 1260 2009 1331 dignitate
2071 1259 2263 1315 fuisset
2310 1259 2588 1329 praeditus,
2623 1268 2683 1313 ut
2711 1259 2798 1312 hic
2862 1275 2985 1313 eum
3044 1259 3216 1311 honor
3252 1257 3323 1312 ab

1747 1352 2077 1408 Arianorum
2126 1352 2385 1406 violentia
2440 1359 2705 1417 tueretur,
2750 1366 2819 1406 ne
2864 1350 2918 1405 in
2956 1351 3072 1421 ipsa
3105 1350 3323 1420 quidem

1749 1442 1885 1497 urbe
1941 1442 2029 1496 vir
2082 1441 2173 1497 ille
2222 1442 2583 1505 constitisset,
2624 1442 2930 1511 praesertim
2982 1442 3084 1496 sub
3134 1441 3327 1495 Patro-

1750 1534 1898 1605 philo
1927 1534 2133 1588 Ariano
2180 1534 2459 1604 episcopo,
2508 1534 2609 1605 qui
2641 1544 2695 1587 et
2738 1532 2934 1604 opibus
2973 1541 3028 1587 et
3090 1532 3327 1586 crudeli—

1749 1635 1883 1694 tate,
1913 1634 1968 1680 et
2010 1625 2153 1695 apud
2195 1625 2576 1694 imperatorem
2613 1622 2991 1677 C0ustanlium
3041 1621 3329 1676 familiari-

1679 1697 1719 1752 Β
1750 1725 1860 1772 tate
1903 1725 2067 1785 atque
2117 1714 2350 1769 audacia
2401 1713 2698 1783 plurimum
2756 1717 2986 1781 poterat.
3046 1709 3103 1762 ln
3138 1711 3328 1763 eadem

1747 1808 1911 1864 etiam
1946 1808 2082 1861 urbe
2115 1805 2335 1875 quidam
2367 1812 2482 1857 erat
2517 1812 2674 1857 aetate
2718 1802 2926 1872 junior,
2962 1802 3053 1870 qui
3082 1816 3111 1856 e
3143 1798 3329 1854 Judzeo

1748 1900 2033 1954 traductus
2078 1898 2145 1952 ad
2180 1892 2459 1951 Christum
2510 1894 2782 1948 sinceram
2822 1890 2980 1945 fidem
3019 1890 3329 1955 retinebat;

1749 1993 1904 2062 isque
1931 1990 2078 2060 quod
2116 1988 2340 2043 minime
2386 1985 2564 2056 palam
2613 1984 2857 2045 auderet,
2912 1983 3219 2037 clanculum
3264 1982 3331 2037 ad

1751 2102 1851 2140 nos
1882 2083 2155 2138 veniebat.
2202 2080 2308 2136 Sed
2359 2078 2632 2148 Iosephus
2665 2076 2904 2147 lepidum
2934 2075 3192 2146 quiddam
3226 2090 3332 2128 no-

1751 2178 1837 2234 bis
1885 2192 1949 2230 ac
2005 2175 2298 2231 ridiculum
2357 2171 2636 2233 narrabat,
2691 2184 2791 2224 nec
2837 2167 3030 2222 dubito
3069 2165 3199 2236 quin
3263 2164 3336 2219 sit

1753 2270 2124 2327 verissimum.
2158 2267 2351 2322 Aiebat
2384 2265 2528 2320 enim
2578 2270 2793 2317 mortua
2837 2259 3071 2330 conjuge
3106 2258 3334 2312 veritum

1755 2376 1814 2416 se
1844 2375 1913 2415 ne
1940 2359 2006 2413 ab
2032 2356 2247 2411 Arianis
2275 2356 2540 2410 violenter
2570 2354 2830 2422 abreptus
2862 2350 3099 2405 clericus
3145 2348 3334 2413 fieret;

1757 2467 1899 2521 saepe
1937 2451 2082 2506 enim
2115 2447 2315 2504 blande
2346 2447 2499 2501 illum
2547 2446 2829 2505 adeuntes,
2858 2450 2917 2496 ut
2955 2442 3019 2494 ad
3066 2454 3219 2495 suam
3254 2439 3336 2492 fa—

1764 2546 1998 2599 ctionem
2033 2543 2292 2596 transiret
2333 2539 2709 2601 hortabantur,
2744 2551 2805 2589 ac
2839 2533 3061 2603 majoris
3090 2548 3185 2601 spe
3215 2546 3340 2600 pro-

1758 2655 1947 2695 cessus
1984 2635 2318 2698 alliciebant,
2366 2641 2426 2687 ut
2464 2632 2547 2686 vel
2571 2631 2614 2686 si
2648 2642 2873 2683 necesse
2900 2625 3039 2680 foret
3058 2624 3341 2693 episcopa-

1760 2740 1877 2785 tum
1935 2727 2310 2784 ostenderent.
2360 2726 2563 2781 ﬂorum
2600 2723 2766 2793 igitur
2816 2728 2960 2773 metu
3015 2717 3242 2769 alterum
3283 2728 3342 2768 se

1760 2824 2171 2878 matrimonium
2225 2819 2416 2875 iniisse
2464 2817 2701 2880 dicebat,
2752 2827 2862 2883 quo
2905 2824 2964 2866 se
2997 2809 3065 2863 ab
3097 2807 3188 2862 illa
3225 2820 3342 2859 ma—

1759 2930 1928 2967 nuum
1966 2911 2316 2981 impositione
2352 2908 2627 2961 liberaret.

142 3013 235 3081 (1".
286 3013 451 3067 Ἀλλὰ
483 3013 736 3084 ἐπάνειμι
783 3014 881 3084 τὴν
933 3014 1203 3083 ὑφήγησιν
1248 3010 1352 3080 τῆς
1397 3006 1538 3061 κατὰ
1568 3007 1627 3060 τὸ

1856 3006 1920 3061 Η.
1962 3004 2066 3059 Sed
2099 3004 2164 3058 ad
2196 3000 2519 3073 patriarcha:
2551 2996 2861 3058 historiam,
2904 3001 2958 3049 et
2982 2992 3157 3062 ipsius
3205 2988 3341 3043 adeo

78 3106 430 3178 πατριάρχην
466 3106 794 3169 ὑποθέσεως,
824 3106 918 3159 καὶ
952 3104 1115 3158 αὑτοῦ
1144 3101 1238 3156 τοῦ
1277 3104 1540 3172 Ἰωσήπου

1861 3098 1979 3168 ephi
2022 3097 2309 3151 redeamus
2339 3111 2350 3147 :
2385 3106 2547 3161 quam
2580 3090 2635 3143 in
2672 3089 2936 3142 lectorum
2981 3082 3211 3154 gratiam
3259 3082 3346 3136 iis-

74 3201 163 3253 τοὺ
173 3200 392 3271 μφανὲς
414 3198 554 3253 κατὰ
578 3198 878 3269 λεπτότητα
899 3200 1011 3261 τοῖς
1035 3195 1375 3267 βουλομένοις
1404 3192 1663 3262 ἐντυγχά-

78 3310 184 3345 νειν
241 3292 339 3345 διὰ
389 3292 497 3345 τῶν
559 3292 649 3345 ὑπ’
691 3292 899 3344 ἐκείνου
951 3290 1123 3359 λόγων
1181 3290 1305 3360 ἐμοὶ
1359 3286 1662 3358 εἰρημένων

76 3384 462 3451 ποιησόμενος.
493 3383 603 3436 Καὶ
637 3382 737 3454 ἤδη
772 3382 869 3452 μὲν
902 3380 976 3445 ῶς
1018 3382 1223 3442 ἐκεῖνος
1263 3379 1540 3449 ὑφηγεῖτο,
1569 3374 1662 3427 τοῦ

78 3476 428 3548 πατριάρχου
466 3474 688 3547 λουτροῦ
715 3474 1163 3544 καταξιουμένου,
1200 3471 1287 3525 διὰ
1327 3471 1430 3524 τῶν
1463 3471 1520 3522 ἐν
1545 3472 1665 3531 ταῖς

77 3568 274 3637 θύραις
303 3568 566 3638 ἁρμογῶν
593 3569 721 3621 εἴσω
751 3567 1147 3638 παρακύπτων,
1181 3565 1333 3637 φησὶ,
1378 3562 1665 3617 κατενόουν

76 3660 144 3711 τὰ
178 3659 290 3711 ὑπὸ
337 3659 430 3712 τοῦ
468 3660 764 3712 ἐπισκόπου
798 3658 875 3728 τῷ
913 3658 1227 3730 πατριάρχῃ
1274 3656 1553 3726 γινόμενα,
1588 3655 1666 3717 εἰς

74 3750 200 3802 νοῦν
231 3768 297 3803 τε
330 3750 543 3816 ἔλαϐον,
584 3752 675 3804 καὶ
720 3750 848 3820 παρ’
875 3750 1096 3821 ἐμαυτῷ
1144 3749 1528 3822 ἐταμιευόμην.
1558 3749 1668 3801 Καὶ

77 3842 311 3911 χρυσίου
345 3842 669 3929 όλκήνῇτινα
718 3842 1051 3911 ἱκανωτάτην
1097 3840 1233 3912 ἔχων
1267 3840 1419 3915 παρὰ
1457 3843 1614 3911 χεῖρα
1641 3841 1669 3893 ὁ

76 3931 243 3995 αὑτὸς
274 3931 645 4002 πατριάρχης,
695 3931 943 3993 ἐκτείνας
980 3931 1077 4003 τὴν
1109 3935 1265 4010 χεῖρα
1310 3931 1549 3985 ἐπέδωκε
1591 3929 1670 4001 τῷ

77 4023 395 4093 ἐπισκόπῳ,
428 4013 672 4091 φάσκων,
698 4024 779 4077 ὅτι
800 4024 1084 4096 Πρόσφερε
1115 4025 1253 4095 ὑπὲρ
1285 4023 1440 4094 ἐμοῦ.
1466 4024 1673 4094 Γέγρα-

76 4132 212 4169 πται
252 4115 391 4183 γὰρ,
423 4114 509 4167 διὰ
548 4115 654 4168 τῶν
689 4116 876 4188 ἱερέων
897 4115 990 4169 τοῦ
1025 4116 1159 4169 Θεοῦ
1197 4115 1552 4187 δεσμεὺεσθαι
1578 4116 1674 4168 ml.

77 4208 313 4261 λύεσθαι
359 4208 454 4261 ἐπὶ
477 4209 574 4280 τῆς
610 4209 731 4280 γῆς,
763 4210 857 4262 καὶ
900 4208 1050 4263 ἔσται
1074 4208 1246 4264 ταῦτα
1286 4208 1551 4280 λελυμένα
1578 4209 1674 4262 καὶ

73 4302 357 4373 δεδεμένα
402 4303 461 4355 ἐν
509 4300 588 4372 τῷ
634 4300 864 4373 οὐρανῷ.
904 4302 990 4366 Ὡς
1033 4298 1125 4358 οὖν
1179 4300 1351 4356 ταῦτα
1402 4300 1671 4372 ἐπράχθη,

1763 3196 1906 3256 dem,
1940 3191 2141 3262 quibus
2163 3190 2251 3243 ille
2292 3185 2561 3240 referebat
2584 3180 2789 3244 verbis,
2837 3184 3094 3231 accurata
3128 3173 3231 3227 fide
3262 3189 3347 3228 re-

1763 3285 2236 3360 praesentabimus.
2300 3279 2434 3334 Cum
2478 3277 2663 3345 itaque
2708 3268 3027 3342 patriarcha
3074 3267 3348 3337 baptismo

1767 3358 1911 3435 hunc
1951 3378 2007 3431 in
2042 3374 2265 3429 modum
2317 3371 2648 3429 initiaretur,
2691 3379 2813 3436 ego,
2850 3360 3156 3431 inquiebat,
3190 3358 3350 3427 130

1766 3489 1862 3544 per
1884 3472 2066 3541 janua:
2103 3465 2524 3522 commissuram
2558 3458 2747 3513 furtim
2778 3462 3181 3524 introspectans
3224 3467 3344 3505 om-

1768 3567 1857 3649 nia
1897 3578 2019 3634 quae
2067 3561 2135 3615 ab
2177 3559 2439 3627 episcopo
2486 3550 2809 3624 patriarchae
2854 3549 3049 3604 ﬁerent
3096 3546 3352 3600 observa-

1768 3637 1915 3723 bam,
1945 3671 2009 3710 ac
2040 3654 2331 3722 diligenter
2354 3648 2538 3702 animo
2578 3642 2900 3699 retinebam.
2943 3638 3042 3694 Ubi
3078 3637 3219 3691 inter
3248 3649 3355 3688 caa-

1769 3761 1887 3807 tera
1931 3745 2242 3820 patriarcha
2296 3743 2404 3796 vim
2453 3738 2744 3809 quamdam
2798 3733 2919 3790 auri
2973 3747 3085 3786 non
3147 3728 3354 3783 medio-

1772 3860 1918 3901 crem
1954 3851 2147 3895 tenens
2184 3838 2325 3890 hanc
2369 3833 2629 3904 episcopo
2669 3827 2912 3899 porrexit
2937 3843 2951 3879 :
2976 3835 3052 3889 et,
3098 3822 3204 3877 Pro
3244 3836 3351 3886 me,

1772 3934 1972 4003 inquit,
2013 3929 2226 3985 ollerto.
2263 3926 2540 3994 Scriptum
2574 3927 2659 3975 est
2689 3919 2857 3981 enim,
2892 3932 2920 3969 a
2966 3912 3353 3969 sacerdotibus

1773 4027 1868 4082 Dei
1912 4022 2122 4093 alligari
2155 4020 2405 4088 solvique
2446 4016 2501 4069 in
2535 4012 2702 4068 terris
2734 4010 2941 4074 omnia,
2974 4017 3029 4062 et
3064 4005 3254 4062 eadem
3297 4003 3355 4057 in

1775 4120 1915 4176 cmlo
1962 4117 2139 4171 soluta
2191 4112 2309 4166 fore
2356 4109 2441 4163 vel
2485 4107 2705 4175 alligata
2727 4103 2766 4157 ¹.
2816 4101 2947 4155 Post
2994 4100 3109 4154 haec
3150 4096 3355 4167 apertis

1776 4211 1989 4267 foribus
2034 4201 2557 4268 sciscitantibusque
2611 4195 2678 4250 de
2747 4192 3061 4264 patriarcha
3115 4189 3205 4259 qui
3257 4187 3358 4242 ad-

1777 4311 1955 4367 erant,
1977 4294 2437 4370 quemadmodum
2482 4305 2551 4344 ex
2582 4304 2647 4344 eo
2678 4285 2919 4342 remedio
2957 4284 3180 4346 valeret,
3229 4294 3358 4351 per-

77 4371 232 4466 φησί,
268 4396 374 4449 καὶ
398 4395 773 4467 ὴνοίγησαναῐ
803 4371 981 4466 θύραι,
1006 4396 1254 4467 ἠρωτᾶτο
1285 4392 1389 4447 ὑπὸ
1416 4371 1521 4446 τῶν
1560 4416 1562 4440 ι

1872 4393 2069 4449 nmode
2115 4405 2173 4446 se
2222 4388 2425 4441 habere
2455 4378 2774 4451 respondit:
2803 4377 2933 4447 quid
2969 4375 3112 4429 enim
3150 4371 3357 4425 diceret

75 4487 485 4559 σκεπτομένων
515 4489 543 4539 ὁ
589 4487 952 4558 πατριάρχης,
984 4487 1102 4550 πῶς
1144 4487 1256 4558 ἐχοι
1292 4486 1381 4540 διὰ
1424 4484 1518 4539 τοῦ
1555 4484 1679 4555 βοη-

75 4579 340 4649 θήματος
370 4596 382 4608 ο
420 4580 515 4632 καὶ
550 4579 818 4650 ὡμολόγει
866 4579 1168 4643 καλλίστως
1217 4578 1378 4649 ἔχειν.
1430 4580 1541 4632 Καὶ
1570 4579 1678 4649 γάρ

70 4671 188 4740 ᾔδει
234 4672 268 4724 ὃ
309 4670 521 4738 ἔλεγεν.
560 4671 791 4723 Ἔπειτα
834 4670 890 4723 δέ
925 4671 1137 4742 ἡμέρας
1181 4671 1273 4724 δύο
1317 4670 1350 4741 ἤ
1396 4674 1545 4742 τρεῖς
1589 4671 1678 4725 τὸν
1710 4740 1721 4751 ⁸

72 4765 365 4835 ἀριθμὸν,
413 4764 672 4827 πολλάκις
721 4763 813 4816 τοῦ
865 4765 1162 4817 ἐπισκόπου
1214 4763 1677 4833 ἐπισκεπτομένου

71 4858 241 4910 αὑτὸν
276 4860 348 4910 ἐν
384 4855 569 4926 ἰατροῦ
615 4856 905 4925 προφάσει,
956 4855 1220 4927 ἐκοιμήθη
1263 4856 1290 4908 ό
1337 4857 1679 4927 πατριάρχης

76 4952 221 5019 μετὰ
257 4949 448 5019 καλῆς
483 4948 813 5012 ἀποθέσεως,
846 4950 1119 5021 παραδοὺς
1163 4950 1253 5003 τὸν
1289 4951 1417 5003 ἴδιον
1457 4952 1570 5005 υἱὸν
1596 4967 1690 5003 κο-

74 5044 209 5113 μιδῆ
248 5042 387 5097 νέον
432 5042 562 5094 ὄντα
604 5042 850 5113 Ἰωσήπῳ
882 5060 940 5095 τε
990 5043 1085 5096 καὶ
1128 5043 1271 5113 ἄλλῳ
1315 5044 1421 5098 τινὶ
1452 5044 1689 5097 ἐπιεικε-

74 5139 294 5207 στάτῳ.
337 5134 420 5187 τά
451 5134 631 5188 πάντα
658 5134 838 5188 τοίνυν
869 5136 1167 5206 ἐπράττετο
1196 5135 1282 5189 διὰ
1315 5136 1421 5190 τῶν
1446 5136 1537 5189 δύο
1564 5136 1689 5190 τού-

72 5247 206 5291 των,
226 5227 334 5281 διὰ
354 5227 417 5279 τὸ
438 5226 518 5279 ἐτι
546 5226 637 5279 τὸν
664 5229 1009 5299 πατριάρχην
1037 5228 1199 5283 παῖδα
1224 5228 1352 5281 ὄντα
1380 5229 1683 5301 νηπιάζειν,

72 5324 167 5373 καὶ
200 5324 266 5373 ἐν
326 5320 519 5389 χερσὶν
569 5319 746 5372 αὑτῶν
796 5320 1217 5392 ὰνατρέφεσθαι.
1276 5322 1365 5374 Ἐν
1401 5321 1577 5392 τούτῳ
1608 5321 1686 5392 τῷ

73 5412 262 5484 καιρῷ
299 5411 411 5482 τῆς
440 5411 679 5474 διανοίας
718 5410 811 5464 τοῦ
855 5414 1117 5485 Ἰωσήπου
1146 5414 1535 5485 ἐνοχλουμένης
1560 5413 1688 5466 πολ-

67 5504 237 5568 λάκις
270 5503 377 5556 διὰ
402 5502 511 5557 τῶν
552 5506 857 5576 γενομένων
914 5506 1210 5578 μυστικῶν,
1250 5509 1305 5563 ἐν
1346 5510 1412 5562 τῆ
1464 5506 1606 5563 κατὰ
1628 5507 1688 5560 τὸ

145 5695 162 5723 ¹
196 5688 416 5746 Matth.
454 5703 609 5749 xvtu.
644 5688 727 5744 l8.

1785 4483 2045 4556 praeclare
2075 4485 2317 4533 noverat.
2343 4472 2515 4526 Biduo
2538 4469 2737 4525 dehinc
2770 4466 2855 4521 vel
2888 4465 3092 4527 triduo,
3122 4461 3357 4516 adeunte

1786 4552 1985 4647 saapius
2023 4588 2118 4643 per
2146 4567 2341 4625 medici
2380 4563 2617 4634 speciem
2658 4560 2941 4630 episcopo,
2982 4555 3127 4610 felici
3156 4569 3222 4609 ex
3253 4552 3358 4607 hac

1784 4646 1894 4724 vita
1924 4666 2072 4722 exitu
2114 4658 2423 4733 patriarcha
2454 4654 2712 4717 decessit,
2741 4667 2866 4706 cum
2905 4648 3059 4717 prius
3094 4646 3356 4715 Josepho,

1786 4768 1840 4817 et
1864 4758 2019 4813 alteri
2050 4755 2267 4811 cuidam
2297 4750 2687 4805 honestissimo
2709 4744 2825 4799 viro
2855 4741 3162 4796 tenerrima:
3181 4739 3359 4792 adhuc

1786 4852 1963 4909 aetatis
1997 4850 2165 4905 filium
2195 4843 2585 4900 commisisset.
2633 4839 2903 4905 Quocirca
2939 4834 3121 4888 omnia
3152 4832 3218 4886 ab
3252 4830 3361 4886 illis

1785 4948 2055 5002 ambobus
2091 4938 2637 4999 administrabantur,
2678 4931 2823 5003 quod
2865 4936 3011 4985 esset
3049 4925 3360 4998 patriarcha

1786 5042 1962 5096 adhuc
1993 5047 2151 5094 atate
2194 5051 2328 5106 puer
2355 5049 2416 5087 ac
2450 5026 2842 5102 propemodum
2888 5021 3090 5087 infans,
3133 5026 3188 5075 et
3218 5019 3361 5071 inter

1788 5136 2005 5190 illorum
2036 5146 2232 5186 manus
2261 5128 2609 5182 educaretur.
2642 5120 2746 5175 Per
2785 5117 2925 5172 idem
2964 5123 3180 5184 tempus
3202 5110 3360 5165 Jose-

1789 5230 1881 5300 phi
1920 5227 2159 5280 animum
2212 5219 2509 5275 sollicitum
2542 5215 2775 5271 habebat
2805 5225 2994 5267 eorum
3030 5203 3360 5266 recordatio,

1790 5297 1910 5391 qua!
1934 5319 1987 5373 in
2029 5316 2301 5386 baptismo
2335 5312 2448 5364 fieri
2500 5307 2730 5379 mystica
2766 5315 3074 5370 arcanaque
3110 5297 3360 5353 viderat:

1790 5382 1843 5465 et
1878 5382 2140 5479 quidnam
2171 5410 2353 5473 ageret
2377 5400 2535 5455 anxie
2573 5394 2866 5467 cogitabat.
2902 5387 3258 5446 Commodum
3298 5382 3363 5436 il-

1792 5504 1863 5560 lic
1897 5476 2274 5575 gazophylacii
2304 5493 2440 5550 cella
2468 5489 2714 5562 quantum
2739 5493 2858 5541 erat
2893 5480 3180 5552 obsignata
3206 5476 3362 5547 (gaza
