3760 6176
481 153 587 208 M9

1874 144 1930 200 S.
1975 145 2054 199 ΕΡ

2152 145 2311 200 ΙᾹΝΙΙ
2408 156 2421 173 ’
3609 150 3691 204 ὀξυ

480 268 683 323 factum
728 273 833 331 est,
878 272 938 317 ut
966 261 1082 317 haec
1123 262 1238 317 seni
1290 261 1465 326 alteri,
1504 262 1596 332 qui
1638 276 1760 315 cum
1800 260 2040 332 Joscpho

2152 261 2242 331 τῆς
2272 260 2676 332 προειρημένης
2704 260 2977 329 γυναικός.
3023 261 3115 314 Ἐκ
3144 258 3278 314 Θεοῦ
3322 262 3378 315 δὲ
3412 260 3695 332 βουλήσεως

477 371 617 422 erat,
649 358 702 412 in
758 360 997 410 animum
1040 354 1302 409 venerint.
1350 354 1451 419 Qui
1489 369 1548 407 re
1600 354 1816 424 cognita
1860 353 2044 407 omnia

478 466 604 507 cum
640 448 874 518 Josepho
930 447 1316 501 communicat.
1375 446 1453 499 Ac
1496 446 1726 514 primum
1764 444 2045 498 calamita-

478 549 588 597 tem
633 555 785 596 suam
830 538 1120 607 deplorans
1154 536 1237 591 :0
1284 552 1404 599 nos,
1445 536 1631 599 frater,
1666 537 1916 598 miseros,
1964 536 2046 588 in.

478 633 620 702 quit,
676 646 739 683 ac
776 644 903 683 vasa
956 629 1194 698 perdita!
1248 628 1466 681 cuinam
1509 627 1739 696 appositi
1789 626 2044 681 custodes

483 724 711 777 sumus?
743 718 880 784 Quid
926 718 999 772 rei
1048 724 1194 772 esset
1238 718 1552 772 sciscitatus
1583 716 1871 785 Josephus,
1908 716 2045 770 nihil

481 826 607 871 ante
638 812 824 867 verbis
857 812 926 864 ab
963 825 1037 863 eo
1077 809 1284 870 didicit,
1318 824 1481 877 quam
1520 823 1682 861 manu
1712 808 2042 877 prehensum

479 923 644 964 senex
684 906 736 958 in
776 920 900 959 eum
943 904 1119 955 locum
1154 900 1357 963 eduxit,
1406 901 1496 952 ubi
1538 915 1660 952 cum
1700 900 2046 953 adolescente

478 1000 691 1057 nefaria
724 999 812 1052 illa
842 1012 1036 1050 manus
1067 996 1210 1048 inter
1250 1002 1590 1046 mortuorum
1616 992 1800 1056 busta,
1840 992 2046 1045 maleli-

478 1094 548 1149 cii
583 1108 771 1156 causa,
807 1094 1156 1143 convenerat.
1194 1084 1335 1155 Ergo
1364 1085 1440 1137 illi
1472 1084 1603 1138 foris
1634 1084 1699 1137 ad
1730 1083 2044 1163 ingressum

477 1194 690 1241 stantes
725 1182 926 1246 omnia,
963 1194 1082 1249 quze
1132 1178 1199 1231 ab
1241 1178 1306 1230 iis
1338 1176 1545 1241 fierent,
1596 1176 1917 1237 exaudiunt,
1954 1175 2047 1229 iis—

479 1276 712 1343 demque
746 1271 1076 1327 abeuntibus
1101 1285 1158 1323 se
1189 1269 1520 1323 subducunt.
1558 1266 1742 1337 Neque
1772 1268 1916 1321 enim
1951 1267 2046 1321 ad-

476 1366 699 1421 modum
736 1363 1223 1432 advesperascebat
1253 1379 1264 1413 :
1301 1360 1395 1413 scd
1440 1367 1627 1428 utpote
1661 1359 1763 1414 sub
1790 1374 2043 1413 occasum

476 1459 610 1514 solis
649 1456 812 1510 dubia
847 1456 967 1508 luce
991 1452 1243 1521 {discerni
1277 1452 1455 1505 adhuc
1482 1452 1657 1505 oculis
1699 1451 1903 1521 aliquid
1950 1467 2047 1520 po-

476 1556 637 1603 terat.
664 1547 783 1601 Mox
809 1545 1089 1601 sceleratis
1113 1544 1218 1600 illis
1259 1561 1287 1597 a
1325 1545 1577 1614 sepulcro
1605 1544 1890 1615 digressis,
1920 1560 2043 1598 cum

2145 356 2225 417 είς
2259 351 2381 406 νοῦν
2411 352 2581 406 ταῦτα
2614 349 2743 422 ἦλθε
2776 352 2866 405 τοῦ
2898 352 3056 405 ἄλλου
3081 354 3475 425 πρεσϐυτέρου,
3506 354 3595 407 τοῦ
3622 357 3695 409 σὺν

2159 444 2402 513 Ἰωσήπῳ
2444 444 2820 513 τυγχάνοντος.
2862 444 2919 495 Ὀ
2966 442 3042 503 δὲ,
3079 442 3396 511 αἰσθόμενος
3439 444 3549 497 τῶν
3573 463 3694 511 γινοο

2148 536 2343 606 μένων,
2386 535 2462 605 τῷ
2505 538 2751 605 Ἰωσήπῳ
2779 532 3173 588 ἀνακοινοῦται.
3217 535 3325 588 Καὶ
3368 536 3587 605 πρῶτον
3620 540 3695 605 μὲν

2144 629 2433 693 ταλανίσας
2453 628 2661 690 ἑαυτὸν,
2679 628 2802 697 ἔφη·
2821 627 3078 689 Τάλανες,
3098 626 3483 696 φησὶν,ήμείς,
3506 628 3696 694 ἁδελςὲ,

2145 722 2239 774 καὶ
2259 720 2534 782 ἀπωλείας
2557 720 2745 790 σκεύη,
2772 720 2874 772 τίνι
2899 717 3329 789 προσεδρεύομεν
3354 734 3367 782 ;
3396 720 3426 770 ὁ
3448 719 3509 771 δὲ
3549 720 3696 791 ἰὡπη

2148 828 2266 874 πος,
2298 811 2400 881 τὴν
2429 810 2605 863 αίτίαν
2635 811 2936 881 ἐρωτήσας,
2970 812 3030 863 ού
3067 811 3326 882 πρότερον
3360 811 3563 881 ἤκουσε
3592 817 3697 881 παρ’

2146 902 2308 954 αὑτοῦ
2341 901 2428 954 διὰ
2460 901 2652 970 λόγων,
2680 902 2826 973 πρὶν,
2866 900 3029 956 αὑτοῦ
3051 902 3343 973 λαϐόμενος
3372 903 3477 973 τῆς
3501 905 3700 973 χειρὸςὸ

2148 992 2476 1064 πρεσϐύτης,
2504 995 2757 1064 ἀπήγαγε
2779 993 2870 1046 τὸν
2912 993 3191 1064 Ἰώσηπον,
3215 994 3342 1048 ἔνθα
3361 995 3423 1047 τὸ
3454 996 3701 1065 ἄθροισμα

2146 1086 2192 1137 οἱ
2213 1085 2521 1156 φθοριμαῖοι
2541 1085 2677 1156 μετά
2701 1085 2792 1139 τοῦ
2818 1087 3081 1157 νεωτέρου
3104 1089 3160 1141 ἐν
3184 1091 3293 1150 τοῖς
3314 1090 3565 1158 μνήμασι
3586 1108 3700 1156 ματ·

2147 1177 2371 1245 γανείας
2423 1176 2583 1228 ἕνεκα
2616 1176 2911 1230 ἐποιοῦντο.
2958 1178 3066 1229 Καὶ
3113 1176 3216 1240 ἔξω
3273 1178 3372 1246 μὲν
3409 1178 3514 1247 τῆς
3559 1178 3702 1248 θύρας

2150 1268 2392 1331 στάντες,
2423 1267 2493 1319 τὰ
2523 1269 2652 1339 παρ’
2687 1268 2912 1320 ἐκείνων
2938 1268 3194 1338 γινόμενα
3236 1267 3703 1338 κατηκροάσαντοο

2147 1360 2369 1413 ἐκείνων
2391 1359 2446 1412 δὲ
2475 1358 2745 1423 ἐξιόντων,
2792 1358 3170 1430 ὑπεχώρησαν.
3202 1358 3369 1413 Οῦπω
3401 1360 3515 1429 γὰρ
3558 1361 3704 1427 πο)λῇ

2148 1452 2356 1522 ἑσπέρα
2384 1446 2473 1519 ἦν,
2501 1451 2635 1504 ἀλλά
2664 1450 2738 1513 ὡς
2771 1451 2905 1522 πρὸς
2933 1452 3102 1522 αὐτὴν
3130 1452 3226 1523 τὴν
3255 1453 3407 1523 ἡλίου
3438 1453 3611 1515 δύσιν,
3642 1455 3703 1505 ἔτι

2147 1543 2444 1613 δυναμένου
2497 1542 2770 1613 ὀφθαλμοῦ
2806 1543 3065 1613 ἀμαυρῶς
3112 1544 3257 1596 ἰδεῖν.
3288 1544 3448 1597 Μετὰ
3498 1540 3589 1597 οῦν
3624 1548 3705 1613 τὴν

476 1640 686 1703 collega
726 1636 996 1706 Iosephus
1033 1636 1351 1707 ingreditur.
1398 1636 1469 1689 lbi
1524 1636 1912 1690 maleficiorum
1958 1637 2043 1689 in-

2152 1634 2254 1687 τῶν
2302 1634 2677 1688 ἀσεϐεστάτων
2712 1634 2887 1700 ἔξοδον
2928 1635 3035 1687 ἀπὸ
3064 1634 3157 1688 τοῦ
3200 1637 3471 1705 μνημείου
3505 1638 3555 1688 οί
3598 1640 3707 1707 περὶ

474 1736 776 1784 strumenta
828 1726 1107 1795 reperiunt
1161 1726 1217 1779 in
1262 1726 1486 1779 humum
1533 1726 1934 1796 abjecta,qu:£,
1986 1732 2044 1778 ut

477 1820 680 1887 aiebat,
713 1820 952 1872 humano
976 1826 1105 1887 potu
1130 1832 1192 1871 ac
1221 1818 1484 1886 sanguine
1521 1831 1765 1885 aspersa,
1797 1817 2044 1870 immisto

476 1912 698 1982 pulvere
743 1908 1087 1964 discedentes
1132 1908 1492 1977 reliquerant.
1537 1905 1680 1961 Tum
1726 1922 1857 1961 vero
1896 1922 2046 1962 com-

477 2010 643 2072 perta:
667 2001 881 2055 illorum
912 1997 1145 2065 insidizr,
1188 1999 1574 2067 cognitumque
1600 1997 1755 2066 cujus
1791 1998 1903 2051 haec
1927 2014 2045 2051 mu-

477 2093 624 2146 lieris
653 2106 819 2145 causa
860 2089 1223 2153 molirentur;
1260 2087 1442 2155 itaque
1472 2096 1732 2155 quantum
1765 2096 1911 2140 artes
1942 2086 2046 2139 illa:

477 2191 697 2256 possent
715 2178 1123 2251 exspectabant.
1146 2178 1277 2232 Cum
1302 2177 1435 2230 nihil
1462 2174 1683 2229 venefici
1712 2175 1796 2229 isti
1828 2191 2045 2244 promo-

478 2276 708 2338 vissent,
740 2286 804 2325 ac
827 2287 883 2326 se
921 2270 1117 2323 mulier
1137 2278 1191 2322 et
1219 2268 1422 2321 Christi
1457 2266 1632 2336 signo,
1665 2277 1719 2319 et
1754 2266 1874 2322 lidei
1905 2282 2043 2337 prae-

476 2366 617 2421 sidio
644 2362 977 2423 defenderet,
1011 2361 1287 2430 cognitum
1334 2369 1441 2420 est,
1488 2359 1894 2413 adolescentem
1932 2368 2045 2414 tres

478 2458 720 2525 integras
754 2462 945 2507 noctes
979 2453 1125 2505 illius
1169 2451 1471 2504 allicienda:
1502 2450 1677 2520 gratia
1708 2449 2043 2515 substitisse,

477 2568 541 2607 ac
588 2553 803 2606 demum
849 2565 943 2618 spe
1000 2564 1100 2602 sua
1141 2545 1462 2600 frustratum
1511 2543 2047 2613 cumimpostoribus

475 2643 656 2713 iurgio
702 2642 1070 2698 contendisse.
1117 2639 1361 2693 Tertium
1410 2636 1512 2690 hoc
1567 2634 1835 2705 Iosephus
1874 2634 2044 2689 docu-

476 2744 719 2792 mentum
772 2735 1096 2789 Christianae
1151 2730 1432 2801 religionis
1472 2729 1682 2791 habuit,
1745 2743 1852 2797 quo
1910 2726 2048 2781 nihil

476 2829 743 2883 adversus
773 2824 979 2880 Christi
1028 2839 1227 2878 nomen
1281 2823 1575 2890 crucisque
1618 2821 1830 2889 signum
1868 2821 2048 2873 valere

478 2919 745 2975 ntalelicia
771 2918 1058 2985 comperit,
1101 2931 1274 2985 neque
1310 2921 1594 2984 propterea
1616 2912 1959 2968 Christianus
1990 2918 2050 2965 ut

477 3024 624 3071 esset
652 3014 707 3066 in
739 3012 980 3066 animum
1010 3008 1245 3062 induxit.

550 3104 641 3157 ιχ.
685 3102 998 3159 Secundum
1029 3102 1142 3155 haec
1170 3098 1426 3154 Christus
1465 3100 1513 3153 ei
1545 3114 1603 3154 se
1634 3098 1688 3151 in
1720 3095 1927 3152 somnis
1951 3094 2053 3149 ob-

479 3197 637 3268 iicit:
672 3194 780 3260 Et,
820 3193 950 3264 Ego,
994 3192 1191 3261 inquit,
1241 3207 1357 3244 sum
1403 3190 1596 3258 Iesus,
1640 3206 1790 3260 quem
1828 3188 2053 3255 majores

482 3290 563 3342 tui
594 3289 648 3341 in
705 3302 911 3341 crucem
958 3294 1211 3356 egerunt:
1241 3282 1461 3353 proinde
1514 3285 1568 3337 in
1615 3300 1695 3336 me
1734 3281 1948 3335 credito.
1987 3282 2057 3333 At

479 3379 750 3449 JOSephus
778 3393 848 3433 ne
870 3377 943 3430 ita
965 3377 1119 3446 133
1135 3376 1350 3446 quidem
1374 3375 1662 3444 perpulsus
1684 3374 2053 3428 vehementem

482 3471 539 3525 in
588 3471 834 3523 morbum
879 3484 941 3523 ac
979 3452 1320 3538 desperatum
1362 3468 1573 3521 incidit.
1621 3465 1757 3520 Tum
1795 3464 2057 3519 Dominus

484 3564 535 3618 ei
573 3576 762 3615 rursus
804 3576 1070 3631 apparens
1102 3568 1161 3613 ut
1187 3561 1243 3614 in
1276 3576 1334 3615 se
1369 3559 1615 3613 crederet
1660 3559 1931 3621 hortatur,
1982 3557 2058 3611 ita

485 3653 815 3708 valetudinis
856 3661 1159 3721 compotem
1194 3652 1456 3707 futurum.
1501 3651 1615 3708 Hoc
1660 3652 1751 3707 ubi
1784 3652 2055 3707 facturum

488 3746 695 3814 recepit
717 3760 779 3799 ac
808 3753 1026 3814 repente
1059 3745 1350 3808 convaluit,
1386 3744 1440 3797 in
1472 3744 1659 3799 eadem
1694 3745 1861 3798 animi
1893 3744 2058 3799 obsti-

488 3838 710 3893 natione
760 3836 1013 3907 perstitit.
1052 3835 1229 3902 Quare
1265 3836 1504 3891 secundo
1529 3835 1584 3889 in
1623 3835 1871 3889 morbum
1910 3836 2057 3889 dela-

486 3948 643 4003 psus,
680 3947 743 3985 ac
765 3930 988 4001 perinde
1016 3930 1361 3999 desperatus,
1394 3944 1517 3984 cum
1542 3930 1656 3998 jam
1686 3929 1891 3985 instare
1922 3939 2057 3985 tem-

487 4039 591 4093 pus
629 4032 929 4077 extremum
958 4021 1127 4077 Judaei
1159 4022 1305 4076 illius
1332 4022 1545 4092 cognati
1576 4020 1879 4085 crederent,
1910 4023 2055 4091 quod

485 4116 556 4170 ab
586 4116 653 4169 iis
683 4123 893 4170 secreto
921 4113 1032 4168 fieri
1060 4116 1198 4169 solet
1227 4115 1540 4185 mysterium
1562 4129 1703 4183 aeger
1733 4114 1923 4168 audiit.
1959 4114 2056 4168 Et-

486 4208 632 4261 enim
671 4222 735 4261 ex
770 4206 1095 4276 legisperitis
1129 4206 1348 4275 quidam
1380 4216 1509 4261 natu
1540 4207 1760 4277 grandis
1791 4206 2054 4261 accedens

2159 1725 2420 1796 Ἰώσηπον
2471 1725 2749 1796 εἰσῆλθον·
2782 1727 2875 1779 καὶ
2929 1727 3406 1798 καταλαμϐάνουσι
3453 1729 3547 1781 καὶ
3592 1729 3706 1781 ᾰλὶα

2146 1818 2267 1872 τινὰ
2300 1817 2708 1889 ἐπιτηδεύματα
2742 1819 3059 1888 περιεργίας
3081 1819 3252 1889 χαμαὶ
3285 1821 3620 1890 ἐρριμμένα,
3640 1816 3707 1883 οἷς

2148 1909 2622 1982 προσκενώσαντες
2655 1906 2790 1981 οὖρα
2835 1911 2928 1963 καὶ
2964 1905 3121 1981 αἷμα,
3160 1908 3412 1981 μίξαντες
3450 1912 3618 1973 κόνιν,
3646 1913 3708 1974 6.1;

2148 2006 2352 2066 ἐκεῖνος
2395 2002 2519 2073 ἔφη,
2570 2001 2812 2072 ὲξῆλοον.
2848 2005 3129 2072 Ἐγνωσαν
3158 2003 3213 2056 δὲ
3255 2002 3354 2073 τὴν
3407 2003 3707 2072 ἐπιϐουλὴν,

2146 2096 2234 2148 διὰ
2281 2096 2437 2148 ποίαν
2478 2097 2711 2163 γυναῖκα
2757 2097 2937 2160 αὐτοῖς
2975 2096 3359 2165 ὲκακουργήθη
3408 2096 3604 2157 ταῦτα,
3632 2099 3711 2149 καὶ

2149 2184 2553 2256 παρετηροῦντο
2580 2186 2628 2237 εί
2660 2185 3096 2255 κατισχύσουσιν.
3137 2186 3224 2248 Ὠς
3248 2181 3341 2239 οῦν
3377 2186 3441 2238 ού
3471 2187 3712 2254 κατίσχυ-

2151 2294 2248 2329 σαν
2276 2278 2323 2328 οί
2367 2276 2560 2346 γόητες
2588 2276 2709 2347 (διὰ
2738 2277 2846 2347 γὰρ
2889 2277 2987 2346 τῆς
3032 2278 3322 2347 σφραγῖδος
3358 2278 3457 2329 τοῦ
3490 2278 3711 2348 Χριστοῦ

2150 2370 2243 2423 καὶ
2277 2371 2509 2433 πίστεως
2535 2368 2803 2440 ὲϐοηθήϐη
2841 2371 2873 2439 ή
2900 2370 3106 2440 γυνὴ),
3139 2370 3383 2439 ἔγνωσαν
3414 2371 3505 2423 τὸν
3535 2371 3713 2423 vatim-

2151 2479 2243 2532 ρον
2264 2464 2319 2514 ὲν
2344 2462 2489 2532 τρισὶ
2511 2460 2627 2524 νυξὶ
2652 2460 2737 2514 διὰ
2759 2461 2854 2531 τὴν
2878 2460 2971 2514 τοῦ
2999 2462 3214 2529 γυναίου
3240 2462 3428 2530 ἄφιξιν
3458 2481 3716 2534 προσκαρ-

2148 2553 2475 2622 τερήσαντα,
2503 2554 2582 2613 είς
2621 2551 2843 2623 ὕστερον
2873 2552 2928 2604 δὲ
2961 2554 3337 2623 μαχεσάμενον
3367 2559 3484 2618 τοῖς
3504 2556 3607 2624 τὴν
3638 2574 3717 2607 πε-

2153 2643 2397 2714 ριεργίαν
2460 2630 2884 2714 ποιησαμένοις,
2945 2645 3026 2698 ὅτι
3087 2646 3185 2698 οὐκ
3240 2646 3499 2717 ἐπέτυχε.
3566 2648 3715 2700 τοῦτο

2150 2733 2332 2805 τρίτον
2372 2734 2451 2805 τῷ
2497 2735 2742 2804 Ἰωσήπῳ
2798 2738 3150 2806 κατηχήσεως
3186 2738 3347 2808 ἔργον
3388 2741 3627 2807 ἐγίνετο,
3656 2742 3719 2792 Et:

2152 2827 2249 2879 οὐκ
2279 2827 2515 2896 ἴσχυσεν,
2550 2826 2677 2879 ἔνθα
2703 2827 2873 2898 ὖνομα
2896 2830 3132 2899 Χριστοῦ
3160 2831 3253 2883 καὶ
3294 2833 3541 2901 σφραγὶς
3570 2849 3715 2884 σταυο

2078 2965 2120 3022 C
2158 2915 2271 2985 ροῦ,
2308 2917 2655 2987 φαρμακείας
2688 2917 2935 2989 δύναμις.
2970 2921 3044 2972 Οὐ
3084 2921 3190 2992 μὴν
3228 2921 3286 2974 δὲ
3320 2923 3560 2993 ἐπείσθη
3608 2923 3719 2992 Χρεο

2155 3010 2366 3073 στιανὸς
2396 3009 2667 3077 γενέσθαι.

2222 3100 2298 3156 Θ’.
2327 3103 2556 3155 Ἔπειτα
2609 3102 2853 3171 φαίνεται
2906 3104 3055 3175 αὐτῷ
3102 3107 3159 3158 ὲν
3202 3105 3393 3169 ῦπνοις
3433 3108 3463 3159 ὁ
3507 3108 3717 3178 Κύριος.

2153 3192 2398 3262 φάσκων,
2441 3195 2521 3247 ὅτι
2559 3192 2697 3265 Ἐγώ
2732 3198 2848 3264 ειμι
2893 3196 3149 3264 Ἰησοῦς,
3192 3198 3265 3251 ὃν
3306 3201 3359 3251 οἱ
3404 3200 3510 3251 σοὶ
3546 3202 3721 3267 πνεῖς

2152 3284 2577 3352 ἐσταύρωσαν-ο
2630 3286 2791 3340 ἀλλὰ
2843 3288 3090 3342 πίστευε
3127 3291 3213 3354 εὶς
3261 3288 3390 3357 ἐμέ.
3435 3290 3494 3341 Ὀ
3520 3290 3602 3353 δὲ,
3631 3291 3721 3342 εὗδ’

2153 3376 2296 3429 οῦτω
2347 3376 2606 3442 πεισθεὶς,
2635 3379 2878 3433 ὑπέπεσε
2929 3380 3069 3451 νόσῳ
3110 3380 3342 3451 μεγάλῃ,
3390 3384 3487 3434 καί
3523 3384 3721 3451 ἀπτο-

2157 3467 2343 3539 ρεύθη.
2382 3467 2439 3521 ’0
2471 3469 2528 3521 δὲ
2574 3469 2779 3541 Κύριος
2806 3471 2966 3525 πάλιν
3006 3472 3299 3526 ὀπτάνεται
3347 3474 3528 3543 αὐτῷ,
3564 3478 3723 3544 φήσας

2156 3561 2303 3632 αὐτῷ
2349 3562 2643 3627 πιστεύειν,
2683 3564 2778 3617 κα)⁵
2826 3562 3160 3635 ίαθήσεσθαι.
3212 3563 3270 3617 Ὀ
3308 3564 3363 3616 δὲ
3406 3566 3724 3634 ἐπαγγειλὰο

2159 3669 2316 3721 μενος
2347 3651 2636 3722 ἀνέσφηλε,
2673 3653 2768 3706 καὶ
2800 3653 2961 3706 πάλιν
2986 3654 3205 3722 ἐνέμενε
3230 3657 3297 3725 τῇ
3332 3656 3719 3727 σκληραυχείᾳ.

2154 3744 2249 3806 El;
2270 3743 2522 3815 δευτέραν
2542 3745 2599 3799 δὲ
2624 3744 2784 3798 πάλιν
2815 3746 3111 3799 ὑποπίπτει
3143 3746 3319 3811 νόσον,
3350 3749 3447 3800 καὶ
3472 3749 3725 3809 (hominm;

2156 3836 2525 3907 ἀπηγορεύθη.
2576 3836 2940 3907 Ὑποληφθεὶς
2968 3836 3025 3888 δὲ
3052 3837 3309 3908 τελευτᾷν
3343 3838 3462 3903 (24)
3495 3840 3603 3891 ὑπὸ

2158 3928 2435 3997 συγγενῶν
2492 3927 2656 3982 αὑτοῦ
2703 3928 2988 3995 Ἰουδαίων,
3023 3928 3082 3981 τὸ
3118 3930 3247 3999 παρ’
3290 3930 3472 3981 αὐτῶν
3502 3933 3592 3983 ἀεὶ
3636 3952 3725 3999 μι-

2158 4019 2468 4093 στηριωδῶς
2498 4021 2775 4091 γινόμενον
2806 4020 2956 4090 παρὰ
2999 4020 3201 4072 τούτων
3222 4022 3445 4089 ήκουσε.
3478 4021 3603 4074 Τῶν
3629 4024 3725 4089 γὰρ

2155 4112 2477 4183 νομομαθῶν
2515 4112 2653 4184 ἀνήρ
2682 4130 2765 4175 τις
2807 4111 3173 4184 πρεσϐύτερος
3210 4112 3380 4165 ἐλθὼν
3426 4115 3510 4176 εἰς
3540 4115 3599 4166 τὸ
3644 4111 3724 4175 οἷς

2156 4203 2318 4256 αὑτοῦ
2360 4204 2662 4274 ἀπήγγειλε
2704 4204 2877 4272 λέγων
2908 4204 3010 4269 ὅτι,
3049 4205 3304 4257 Πίστευε
3352 4204 3601 4270 Ἰησοῦν
3632 4208 3727 4257 τίν

489 4296 635 4349 illius
662 4296 775 4349 haec
812 4296 1037 4349 auribus
1068 4296 1444 4350 insusurrabat
1468 4314 1481 4349 :
1508 4295 1693 4362 Crede,
1731 4296 1928 4365 inquit,
1960 4294 2053 4349 Je-

2154 4294 2605 4364 ἐσταυρωμένον
2658 4294 2756 4348 ἐπὶ
2807 4295 3061 4348 Ποντίου
3121 4294 3384 4347 Πιλάτου
3420 4297 3725 4365 ἡγεμόνες,

486 4404 606 4441 sum
640 4388 733 4441 sub
758 4387 949 4442 Pontio
972 4388 1149 4442 Pilato
1196 4390 1341 4442 cruci
1375 4390 1585 4458 aﬁixum
1618 4388 1715 4442 Dei
1747 4387 1970 4453 Filium,
2002 4396 2052 4443 et

483 4492 550 4530 ex
576 4476 755 4530 Maria
799 4490 976 4546 postea
1016 4480 1269 4548 genitura,
1314 4477 1583 4531 Christum
1627 4494 1738 4531 esse
1767 4477 1885 4541 Dei,
1929 4487 1977 4531 et
2022 4495 2055 4531 a

486 4566 708 4618 mortuis
744 4568 1031 4619 excitatum
1060 4583 1078 4620 :
1107 4576 1155 4620 et
1179 4567 1246 4620 ad
1288 4578 1520 4621 mortuas
1551 4567 2054 4637 vivosquejudican-

482 4652 580 4707 dos
626 4670 737 4707 esse
781 4667 1073 4710 venturum.
1117 4656 1276 4711 Omni
1322 4671 1422 4725 ego
1476 4659 1876 4711 asseveratione
1919 4673 2055 4711 con-

485 4743 644 4799 ﬁrmo
692 4746 804 4800 hac
830 4748 959 4801 mihi
984 4745 1280 4817 Josephum
1309 4748 1485 4816 ipsum
1515 4748 1569 4802 in
1600 4749 1677 4803 rei
1709 4759 1870 4819 gesta:
1891 4763 2057 4819 expo—

564 4941 673 5015 (24)
719 4942 1103 5015 Ὑπολῃερθεὶς
1132 4944 1200 4997 δὲ
1224 4944 1528 5011 τελευτᾷν.
1571 4945 1742 5000 Antea
1778 4947 2058 5015 legebatur

492 5011 1267 5085 ύπολειφθείςΣ-νειτιίιγθιιὶιη
1322 5016 1486 5069 Corn.
1549 5011 1862 5085 relictusque
1920 5019 2055 5070 velut

492 5086 801 5156 moriturus.
834 5082 941 5156 Nos
988 5101 1053 5138 ex
1090 5084 1255 5153 Regio
1303 5086 1490 5140 codice
1535 5082 1864 5156 ὑποληφθείς
1901 5089 2058 5141 resti-

492 5154 717 5227 tuimus.
748 5150 900 5227 Quod
933 5162 985 5227 et
1016 5150 1343 5227 narrationis
1370 5158 1537 5210 series
1568 5150 1824 5225 postulat.
1873 5156 2059 5227 Neque

492 5222 635 5274 enim
667 5223 1049 5295 moribundum
1076 5223 1404 5288 Judaeorum,
1427 5222 1641 5295 cognati
1664 5222 2017 5281 deseruerant
2044 5245 2057 5293 ;

493 5306 631 5365 quos
664 5294 948 5365 mysticum
980 5294 1109 5365 illud
1138 5294 1517 5350 insusurrasse
1534 5296 1683 5350 dicit.
1704 5296 1801 5350 llic
1825 5296 2053 5365 Epipha-

492 5362 641 5414 nium
693 5363 909 5434 otiosus,
943 5364 1162 5434 quidam
1219 5372 1448 5434 nugatur
1492 5368 1670 5419 nimia:
1718 5362 2058 5422 credulitatis

492 5441 737 5497 accusat,
770 5433 913 5501 quod
946 5434 1079 5485 falsa
1109 5433 1274 5487 Judaei
1304 5433 1475 5489 iunius
1506 5445 1597 5489 aut
1620 5438 1846 5491 alterius
1872 5452 2061 5490 narra-

490 5502 639 5577 tione
661 5504 915 5577 inductus
936 5505 1349 5577 existimaverit,
1379 5507 1653 5562 morituris
1675 5509 1926 5561 omnibus
1953 5524 2063 5577 my-

491 5574 717 5627 sterium
733 5574 861 5629 illud
886 5574 940 5629 in
960 5590 1144 5630 aurem
1165 5576 1603 5643 immurmurari;
1628 5579 1815 5634 scribit
1830 5579 1976 5632 enim
1997 5574 2059 5631 τὸ

2162 4384 2299 4437 Υίὸν
2323 4384 2468 4437 Θεοῦ
2499 4384 2662 4448 ὄντα,
2694 4384 2791 4437 καὶ
2825 4384 2892 4437 ἐκ
2916 4384 3141 4450 Μαρίας
3168 4383 3428 4451 ὕστερον
3458 4402 3726 4454 γεγεννη-

2148 4472 2354 4540 μένον,
2382 4472 2640 4540 Χριστὸν
2659 4471 2725 4525 δὲ
2750 4473 2894 4525 ὄντα
2924 4472 3091 4537 Θεοῦ,
3118 4472 3216 4525 καί
3241 4474 3311 4525 ἐκ
3342 4475 3576 4541 νεκρῶν
3598 4478 3725 4529 dm-

2154 4562 2410 4618 Utdrta'
2475 4564 2571 4616 καὶ
2619 4563 2709 4617 ὅτι
2761 4564 2943 4629 αὐτὸς
2986 4564 3218 4632 ἔρχεται
3272 4563 3471 4631 κρῖναι
3522 4565 3728 4631 ζῶντας

2154 4660 2253 4712 καὶ
2291 4660 2562 4727 νεκρούς.
2607 4657 2792 4711 Ταῦτα
2826 4660 2853 4710 ὁ
2901 4658 3064 4721 αὐτὸς
3100 4657 3363 4729 Ἰώσηπος
3394 4661 3453 4710 ὲν
3495 4664 3565 4729 τῇ
3603 4663 3729 4728 ὑφη-

2155 4753 2313 4823 γήσει
2360 4752 2543 4820 σαφῶς
2596 4768 2686 4821 μοι
2717 4749 3054 4821 ἀνήγγειλεν,
3102 4750 3177 4813 ὡς
3228 4751 3545 4821 φιλαλήθως
3596 4756 3725 4805 επεν

2158 4947 2287 5029 παρ’
2322 4945 2502 5029 αὐτῶν
2517 4948 2604 5000 ἀεὶ
2632 4949 3017 5029 μυστηριωδῶς
3040 4949 3335 5029 ,μινόμτενον
3355 4947 3727 5027 [μυζᾷμενοιιξ.

2158 5016 2358 5069 Verum
2396 5026 2454 5069 ut
2492 5019 2603 5071 hate
2629 5016 2775 5072 mera
2795 5016 2975 5071 fabula
3008 5016 3098 5084 sit,
3126 5016 3332 5072 nullam
3356 5016 3596 5071 omnino
3616 5036 3729 5071 sau-

2158 5089 2439 5142 ctissimus
2470 5086 2629 5141 Pater
2654 5089 2866 5156 culpam
2895 5090 2992 5141 hac
3016 5090 3071 5141 in
3097 5105 3155 5143 re
3178 5090 3409 5143 sustinet
3432 5105 3447 5149 ;
3479 5089 3726 5157 quiquod

2160 5173 2188 5209 a
2225 5158 2325 5211 lide
2359 5159 2536 5227 dignis
2571 5159 2885 5212 hominibus
2921 5170 3220 5227 aet-operat,
3269 5160 3617 5227 simpliciter.
3664 5170 3729 5209 υυ

2160 5238 2439 5281 narratum
2467 5229 2569 5281 sibi
2595 5236 2732 5291 erat,
2760 5231 2908 5282 nullo
2944 5244 3043 5282 suo
3073 5230 3633 5298 interpositojudicio
3656 5244 3727 5280 re.

2161 5299 2305 5352 tulit.
2341 5298 2478 5363 Quid
2515 5306 2599 5352 est
2636 5309 2815 5352 autem
2865 5314 2963 5351 cur
3004 5300 3071 5352 de
3099 5297 3321 5352 Christo
3362 5302 3653 5367 plerosque
3686 5297 3727 5349 id

2162 5369 2263 5445 sibi
2313 5367 2619 5445 Judazorum
2668 5371 3006 5445 persuasisse
3047 5386 3162 5445 _non
3211 5369 3512 5445 putemus?
3563 5368 3727 5445 {hc-qu:

2162 5440 2305 5491 enim
2341 5440 2623 5492 mentitum
2678 5438 2846 5494 fuisse
2880 5438 3176 5508 Josephum
3211 5440 3474 5492 comitem
3507 5441 3589 5494 vel
3621 5442 3731 5494 Cal-

2162 5511 2413 5564 viuinnus
2447 5510 2549 5565 iste
2577 5510 2684 5565 nisi
2718 5510 3059 5579 impudenter
3085 5510 3319 5563 finxerit.
