3760 6176
59 202 160 257 421

672 194 798 249 AD\
816 190 1039 248 ERSUS
1073 185 1414 243 lleRESES
1454 183 1581 236 LIB.
1624 183 1638 234 Ι

1814 182 1864 236 ιι.
1905 181 1971 236 11.
2014 211 2083 220 -
2120 179 2393 233 ILERES.
2436 178 2604 233 XXX.

3201 176 3305 231 £22

57 320 255 372 εἰπεῖν.
286 314 444 369 Ἀλλά
465 314 559 369 καὶ
582 314 708 383 παρ’
732 310 892 365 ἄλλου
922 306 1065 368 τινὸς
1081 305 1142 357 τὸ
1166 302 1406 356 τοιοῦτον
1435 300 1642 369 ἥκουσα

1814 296 1919 351 nda
1964 295 2103 350 serie
2135 306 2409 347 narrasse.
2454 288 2608 354 Quod
2643 288 2867 359 insuper
2912 289 2981 343 ab
3025 288 3130 344 alio
3167 304 3304 359 quo-

56 410 140 463 ἕτι
170 410 327 471 ὄντος
365 405 615 460 Ἰουδαίου
638 404 724 454 διὰ
747 400 837 452 τὸν
863 400 968 451 τῶν
1006 394 1272 449 Ἰουδαίων
1296 392 1479 461 φόόον,
1508 390 1638 442 ἀνα-

60 503 228 572 μέσον
282 500 339 553 δὲ
397 492 734 566 Χριστιανῶν
791 489 1049 551 πολλάκις
1101 483 1487 556 διατρίϐοντος,
1543 479 1637 533 καὶ

57 594 419 666 Χριστιανοὺς
466 586 733 657 τιμῶντός
766 602 827 637 τε
870 584 966 637 καί
1000 578 1341 650 ἀγαπῶντος.
1388 572 1635 628 συνοδεύ-

58 665 254 749 σαντὸς
283 702 369 755 μοι
398 684 453 735 ἐν
475 682 543 750 τῇ
572 678 764 749 ἐρήμῳ
789 676 887 745 τῆς
911 671 1113 743 Βαιθὴλ
1142 671 1238 723 καί
1284 665 1522 737 Ἐφραῒμ
1545 665 1638 717 ἐπὶ

56 780 154 849 τὴν
185 776 401 849 ὀρεινὴν
435 768 782 842 ἀνερχομένῳ
821 766 927 819 ἀπὸ
949 765 1047 834 τῆς
1087 760 1366 834 Ἱεριχοῦς,
1409 759 1503 811 καί
1540 759 1635 810 ἀν-

56 869 363 924 uesanam
401 864 536 936 πρὸς
563 861 723 914 αὐτὸν
749 858 877 928 περὶ
918 857 1016 927 τῆς
1045 852 1137 907 τοῦ
1164 849 1398 923 Χριστοῦ
1428 864 1635 918 παρου-

58 964 203 1026 σίας,
228 958 327 1011 καὶ
356 954 519 1010 αὐτοῦ
549 953 621 1024 μὴ
650 949 1041 1017 ἀντιλέγοντος.
1073 941 1414 1014 Θαυμάζοντι
1444 939 1500 991 δέ
1526 955 1635 1009 μοι,

56 1052 151 1103 καὶ
180 1048 453 1121 ἐρωτῶντι
481 1044 645 1097 αὐτὸν
676 1041 776 1112 τὴν
804 1038 981 1093 αἰτίαν
1014 1031 1101 1106 (ἦν
1131 1035 1237 1105 γὰρ
1270 1033 1365 1086 καὶ
1397 1046 1639 1099 νομομα-

55 1144 156 1213 θὴς
180 1144 277 1195 καὶ
302 1137 595 1208 δυνάμενος
622 1131 966 1201 ἀντιλέγειν),
996 1127 1138 1191 τίνος
1171 1127 1329 1198 χάριν
1370 1124 1468 1176 οὐκ
1493 1124 1640 1175 ἀντι-

55 1236 228 1302 λέγει,
253 1231 391 1285 ἀλλά
414 1227 659 1281 πείθεται
688 1225 815 1295 περί
836 1218 1071 1292 Χριστοῦ
1114 1216 1288 1289 Ἰησοῦ
1308 1214 1401 1268 τοῦ
1431 1213 1637 1302 Κυρίου

56 1298 239 1399 ἡμῶν,
268 1324 481 1379 ἀκούων
511 1319 579 1372 τὰ
597 1316 853 1371 τοσαῦτα·
878 1309 1192 1380 ἀπεκάλυψέ
1222 1325 1311 1379 μοι
1341 1306 1434 1359 καί
1462 1298 1636 1369 οὗτος,

54 1422 133 1484 ὡς
172 1418 384 1490 μέλλων
425 1412 681 1481 τελευτᾷν
722 1408 921 1479 ἢκουσε
952 1405 1079 1474 παρ’
1128 1398 1306 1454 αὐτῶν
1348 1398 1428 1460 εἰς
1472 1393 1640 1465 ἀκοὴν

53 1513 226 1566 ὠτίου
260 1512 320 1563 ἐν
342 1503 677 1578 ψιθυρισμῷ,
716 1502 799 1554 ὅτι
833 1496 1040 1569 Ἰησοῦς
1071 1492 1303 1565 Χριστὸς
1332 1493 1360 1543 ὁ
1396 1505 1641 1559 σταυρω-

1738 388 1881 457 piam
1913 385 2119 456 accepi,
2154 384 2247 454 qui
2287 381 2504 437 Iudaeus
2540 380 2718 434 adhuc
2748 382 2819 435 ob
2850 380 3064 433 illorum
3100 390 3307 435 metum

1739 487 1879 543 erat,
1911 485 2075 546 atque
2109 476 2251 529 inter
2276 473 2617 528 Christianos
2644 486 2884 541 persmpe
2909 472 3158 541 degebat,
3186 486 3309 526 eos-

1736 585 1842 638 que
1895 576 1949 622 et
1994 565 2321 621 observabat
2352 562 2645 632 plurimum
2693 569 2747 615 et
2797 561 3171 630 amabat:qui
3214 575 3310 628 per

1736 660 1972 714 Bethelis
2024 657 2414 727 Ephraimique
2464 652 2811 707 solitudinem
2851 652 2920 706 ab
2961 652 3096 705 urbe
3132 650 3311 705 Ilieri-

1736 751 1956 805 clmntis
1983 751 2048 803 ad
2072 749 2333 802 montium
2362 746 2490 816 juga
2531 744 2773 799 tendenti
2808 742 2938 796 mihi
2972 743 3224 797 comitem
3253 758 3313 797 se

1737 843 1950 897 itineris
1977 840 2244 910 adjunxit.
2281 837 2419 891 Huic
2449 853 2548 907 ego
2594 850 2718 889 cum
2753 835 2819 889 de
2857 834 3063 889 Christi
3100 834 3311 887 Domini

1737 934 1971 989 adventu
2001 932 2262 987 nonnulla
2291 944 2669 1001 pr0ponerem,
2712 927 2859 981 nulla
2900 927 2953 980 in
3002 942 3060 980 re
3092 933 3310 979 contra-

1738 1026 1972 1080 dicebat.
2015 1023 2132 1089 Qua
2164 1038 2223 1077 re
2261 1022 2556 1091 plurimum
2600 1018 2922 1084 admiratus,
2958 1017 3087 1087 quid
3134 1031 3315 1071 causa:

1742 1116 1959 1170 tandem
1998 1123 2143 1171 esset
2170 1114 2445 1168 hominem
2490 1111 2819 1180 interrogavi
2857 1109 2932 1181 (et
2959 1117 3075 1164 erat
3111 1108 3313 1178 alioqui

1739 1208 1873 1279 legis
1905 1222 2017 1262 suae
2049 1206 2274 1276 peritus,
2301 1219 2365 1258 ac
2405 1202 2718 1272 disputandi
2743 1217 2876 1256 sane
2921 1216 3029 1255 non
3066 1200 3312 1271 expers),

1744 1314 1864 1362 cur,
1895 1301 2139 1369 inquam,
2176 1298 2307 1352 mihi
2338 1296 2473 1350 nihil
2502 1295 2877 1363 responderet,
2906 1308 2968 1347 ac
2999 1293 3065 1348 de
3099 1294 3320 1348 Christo

1738 1392 1868 1449 Jesu
1910 1392 2139 1446 Domino
2169 1397 2358 1444 nostro
2396 1388 2529 1441 mihi
2561 1388 2912 1441 consentiret.
2958 1387 3040 1441 Ad
3074 1403 3193 1456 quae
3227 1387 3319 1441 ille

1742 1486 1993 1554 subjecit,
2042 1481 2428 1537 moribundum
2464 1494 2523 1535 se
2562 1479 2895 1549 quandoque
2941 1493 2972 1531 a
3000 1477 3203 1532 Judaeis
3234 1477 3320 1531 in-

54 1605 179 1667 θεὶς
209 1602 339 1664 Υἱὸς
358 1568 641 1652 ’τοῦ-Θεοῦ
681 1592 861 1664 μέλλει
900 1568 961 1641 σε
997 1588 1223 1658 κρίνειν.
1269 1580 1429 1634 Ἀλλά
1467 1577 1640 1633 ταῦτά

1814 1576 2017 1633 surrari
2058 1576 2162 1630 sibi
2192 1575 2246 1628 in
2281 1588 2466 1626 aurem
2498 1572 2688 1626 leviter
2717 1570 2957 1631 audisse,
2980 1569 3139 1624 Jesus
3160 1568 3321 1623 (111ιαὶ-

57 1653 563 1769 ᾧτ’πέρίτούτων,
595 1653 693 1741 καί
717 1684 858 1738 κατὰ
880 1653 1066 1735 τοῦτον
1099 1678 1190 1731 τὸν
1223 1676 1379 1744 λόγον
1409 1669 1641 1726 ἐνταῦθά

1814 1683 1861 1722 ιε
1890 1665 2188 1720 cruciﬁxus
2228 1663 2322 1719 Dei
2352 1662 2523 1718 Filius
2564 1661 2633 1716 de
2666 1672 2719 1716 te
2747 1661 3034 1731 jndicabit.
3068 1660 3175 1716 Sed
3206 1662 3322 1716 haec

58 1768 158 1859 μοι
198 1785 259 1851 ἐξ
289 1768 549 1853 ἀληθινῆς
574 1777 741 1847 ἀκοῆς
772 1769 1147 1843 παρακείσθω.

136 1971 196 2025 l'.
240 1969 363 2021 Ἔτι
396 1965 451 2018 δὲ
494 1964 522 2016 ὁ
569 1958 829 2028 Ἰώσηπος
875 1958 933 2010 ἐν
975 1952 1115 2021 νόσῳ
1150 1944 1238 2020 ἦν,
1274 1964 1369 2000 και
1408 1958 1644 2004 ακουσας

57 2061 221 2133 παρὰ
252 2057 349 2112 τοῦ
380 2051 772 2128 πρεσϐυτέρου,
809 2049 883 2112 ὠς
919 2048 1197 2116 προεῖπον,
1239 2039 1376 2112 μετὰ
1403 2036 1511 2090 τῶν
1548 2034 1646 2089 ἄλ·-

57 2127 303 2217 λων,ὃτι
340 2127 547 2217 Ἰησοῦς
580 2140 812 2213 Χριστός
844 2156 902 2191 σε
932 2136 1125 2206 κρινεῖ,
1153 2132 1233 2185 ἔτι
1265 2127 1643 2199 ἐσκληρύνετο.

66 2247 138 2298 '0
169 2244 228 2297 δὲ
258 2241 464 2314 Κύριος
490 2236 649 2290 πάλιν
680 2232 815 2303 πρὸς
840 2229 999 2284 αὐτὸν
1033 2226 1174 2280 κατὰ
1195 2224 1292 2294 τὴν
1322 2220 1484 2276 αὑτοῦ
1525 2217 1647 2287 φιλ-

59 2309 390 2405 ανθρωπίαν
443 2330 508 2381 δι’
556 2324 833 2398 ὁράματος
896 2318 1176 2381 ἐνυπνίου,
1236 2314 1398 2379 Ἰδοὺ,
1449 2309 1649 2380 φησὶν,

63 2402 246 2498 ἰῶμαί
288 2439 378 2477 σε’
402 2419 536 2474 ἀλλὰ
562 2415 799 2478 ἀναστὰς
828 2415 1070 2465 πίστευε.
1112 2406 1374 2469 Ἀναστὰς
1402 2404 1458 2457 δὲ
1492 2402 1652 2455 πάλιν

62 2492 182 2579 ἀπὸ
213 2522 318 2590 τῆς
344 2516 521 2575 νόσου,
552 2512 652 2564 ούκ
686 2507 1025 2562 ἐπίστευσεν.
1055 2498 1377 2569 Ὑγιαίνοντι
1403 2496 1459 2548 δέ
1484 2492 1651 2564 αὐτῷ,

60 2584 331 2686 φαίνεται
369 2610 398 2662 ὁ
431 2607 634 2678 Κύριος
681 2600 841 2655 πάλιν
874 2596 995 2650 κατ’
1025 2595 1191 2664 ὄναρ,
1232 2586 1475 2658 ἐγκαλῶν
1510 2584 1656 2686 αύτιὲ

62 2674 139 2763 δι’
172 2708 240 2777 ἥν
266 2702 444 2757 αἰτίαν
473 2674 572 2751 ούκ
600 2695 939 2748 ἐπίστευσεν.
978 2682 1401 2753 Ἐπαγγέλλεται
1429 2679 1485 2732 δὲ
1509 2674 1658 2777 αύτῷ

62 2766 256 2867 λέγων
285 2798 313 2848 ὁ
339 2791 542 2863 Κύριος
572 2789 674 2849 ὅτι,
704 2786 796 2846 Είς
832 2776 1203 2850 πληροφορίαν
1238 2772 1492 2834 πίστεως,
1527 2766 1579 2819 εί
1603 2781 1658 2817 τι

66 2860 266 2963 βούλει
312 2887 369 2938 ἐν
399 2860 619 2952 ὀνόματί
657 2893 754 2948 μου
786 2872 1102 2941 θεοσήμειον
1131 2862 1465 2963 ἐργάσασθται
1484 2901 1514 2963 ,‘
1538 2860 1654 2963 Em:

1742 1760 2026 1820 hactenus,
2058 1756 2203 1827 quod
2244 1755 2312 1809 ad
2348 1770 2460 1810 rem
2498 1762 2817 1825 praesentem
2864 1754 3078 1821 attinet,
3132 1769 3323 1809 revera

1743 1861 1803 1907 ut
1831 1850 2140 1919 accepimus
2166 1848 2310 1901 dicta
2334 1852 2518 1901 sunto.

1814 1942 1881 1996 Χ.
1924 1940 2106 1996 Redeo
2143 1940 2256 2009 jam
2297 1941 2363 1994 ad
2414 1937 2734 2008 Josephum.
2774 1935 2825 1992 Is
2869 1951 2995 1990 cum
3042 1935 3096 1989 in
3132 1934 3324 1989 morbo

1747 2035 1925 2089 adhuc
1956 2040 2122 2097 esset,
2153 2041 2207 2086 et
2233 2046 2262 2084 a
2299 2032 2517 2085 seniore
2558 2031 2698 2083 inter
2736 2029 2842 2081 alia
2874 2028 2989 2082 haec
3022 2041 3143 2097 quae
3182 2026 3324 2079 dixi-

1748 2139 1871 2179 mus
1906 2122 2229 2186 inaudisset,
2256 2119 2416 2175 Jesus
2439 2120 2692 2173 Christus
2721 2119 2788 2173 de
2815 2126 2866 2172 te
2886 2116 3172 2187 judicabit,
3208 2118 3328 2169 ani-

1750 2232 1897 2270 mum
1945 2213 2306 2267 nihilominus
2340 2211 2684 2266 obﬁrmabat.
2730 2210 2897 2280 Igitur
2930 2207 3193 2262 Dominus
3227 2223 3327 2277 pro

1750 2307 1956 2377 ingenti
2007 2322 2104 2360 sua
2146 2320 2272 2375 erga
2325 2304 2575 2357 homines
2622 2300 2996 2356 misericordia
3040 2301 3236 2353 iterum
3277 2297 3330 2352 ei

1754 2415 1813 2455 se
1842 2399 1896 2452 in
1929 2397 2137 2453 somnis
2172 2396 2381 2466 objicit,
2415 2393 2619 2464 Teque,
2652 2393 2747 2459 ait,
2799 2392 3018 2448 sanitati
3054 2392 3320 2457 restituo';

1756 2506 1941 2561 surge,
1973 2490 2153 2553 modo,
2185 2496 2238 2543 et
2272 2503 2415 2542 nunc
2457 2488 2672 2541 demum
2712 2486 2939 2541 credito.
2986 2484 3187 2538 Verum
3238 2484 3331 2538 ubi

1758 2582 2057 2644 convaluit,
2111 2595 2180 2634 ne
2229 2587 2344 2633 tum
2396 2578 2616 2649 quidem
2661 2577 2914 2631 credidit.
2962 2576 3160 2629 lterum
3200 2590 3333 2646 ergo

1760 2671 2216 2743 recuperatajam
2244 2671 2477 2726 sanitate
2515 2685 2610 2740 per
2636 2672 2815 2723 visum
2849 2669 2898 2722 ei
2941 2666 3206 2722 Dominus
3246 2666 3333 2719 of-

1762 2767 1958 2831 fertur,
1995 2776 2048 2820 et
2080 2763 2225 2835 quod
2264 2763 2505 2817 nondum
2537 2760 2860 2815 credidisset
2900 2766 3142 2812 accusat.
3177 2756 3338 2828 134

1763 2860 1894 2914 Inde
1917 2857 2254 2928 amplissima
2280 2855 2526 2926 quaedam
2550 2855 2875 2924 promittens
2897 2851 2976 2906 sic
3003 2851 3333 2920 alloquitur:

64 2941 333 3036 κάλεσαι,
376 2941 530 3038 κάγῶ
569 2941 798 3034 ποιησω.
835 2957 1171 3027 Μαινόμενος
1199 2952 1255 3006 δέ
1282 2969 1365 3015 τις
1392 2946 1461 3022 ἣν
1499 2951 1554 3002 ἐν
1591 2950 1644 3018 τῇ

1818 2960 1836 3005 ι
1874 2952 1992 3013 tibi,
2030 2949 2227 3019 inquit,
2272 2948 2339 3002 de
2373 2945 2653 3015 religionis
2698 2958 2830 2998 mea:
2873 2942 2980 2996 ﬁde
3025 2948 3257 3005 constet,
3290 2941 3339 2996 si

66 3011 361 3133 221:3;
378 3011 603 3134 "7::va
630 3011 727 3131 την
763 3055 915 3109 πόλιν
950 3011 1194 3122 περιῄει,
1228 3011 1371 3118 φημί
1397 3011 1454 3097 δὲ
1481 3046 1536 3097 ἐν
1571 3011 1644 3094 Ἱίἶ

1814 3042 1912 3097 uod
1956 3042 2009 3095 in
2057 3040 2277 3095 nomine
2308 3053 2430 3092 meo
2472 3036 2778 3107 prodigium
2829 3034 3041 3090 efﬁcere
3077 3034 3340 3097 volueris,

63 3161 329 3235 δεριάδι,
378 3157 474 3211 καὶ
523 3153 780 3213 πολλάκις
828 3143 1266 3213 ἐνδιδυσκόμενος
1294 3138 1415 3235 ητὴν
1462 3135 1665 3205 ἐσθῆτα

68 3225 459 3326 διερρήγνυεν,
486 3245 561 3308 ὡς
586 3242 705 3304 ἔθος
730 3241 841 3302 τοῖς
870 3234 1150 3296 τοιούτοις.
1183 3232 1240 3286 '0
1261 3225 1353 3283 οῦν
1382 3227 1664 3297 Ἰώσηπος,

72 3316 412 3415 βούλὸμενος
445 3339 502 3390 ἐν
529 3334 693 3405 πείρᾳ
720 3327 973 3400 γενέσθαι
1015 3324 1110 3378 τοῦ
1153 3322 1449 3393 ὁράματος,
1493 3316 1669 3372 διστάι

72 3406 196 3497 ξων
355 3427 477 3489 ἑτι,
525 3416 663 3476 ἆίδοῖ
712 3418 1012 3487 κατείχετο.
1064 3410 1491 3483 Παραλαμὸἀνει
1538 3406 1668 3477 γοῦν

71 3522 280 3578 τοῦτον
308 3518 475 3583 ἔνδον,
504 3516 597 3568 καὶ
626 3510 955 3572 ἀποκλείσας
982 3506 1078 3577 τὴν
1104 3504 1294 3573 θύραν,
1328 3500 1470 3572 ὕδωρ
1496 3515 1554 3551 τε
1580 3498 1671 3552 λα-

76 3616 203 3667 ϐὼν
234 3614 315 3674 εἰς
349 3609 447 3681 τὴν
486 3610 663 3678 χεῖρα,
696 3604 790 3657 καὶ
822 3597 1128 3671 σφραγίσας
1161 3594 1313 3659 αὐτὸ,
1354 3591 1671 3681 ἐρῤάντισεν

77 3704 184 3757 ἐπὶ
220 3701 314 3754 τὸν
344 3679 566 3768 ἐμμανῆ
595 3693 902 3765 ἄνθρωπον,
935 3689 1112 3759 φήσας
1135 3701 1148 3714 ⁶
1200 3684 1289 3737 Ἑν
1317 3682 1539 3752 ὀνόματι
1576 3679 1670 3733 τοῦ

90 3791 283 3865 Ἰησοῦ
320 3785 642 3859 Ναζωραίου
670 3782 764 3836 τοῦ
797 3776 1196 3852 σταυρωθέντος
1226 3772 1405 3838 ἔξελθε
1426 3813 1441 3837 ,
1472 3771 1532 3823 τὸ
1559 3770 1673 3823 δαι-

83 3864 302 3959 μόνιον,
345 3880 442 3934 ἀπ’
480 3876 665 3941 αὑτοῦ,
698 3876 791 3929 καὶ
824 3872 981 3942 ὑγιὴς
1008 3870 1255 3940 γένηται.
1296 3867 1352 3920 ὐ
1388 3865 1445 3918 δὲ
1473 3864 1677 3935 ἀνθρω⁴

79 3956 228 4040 τιος,
280 3970 593 4042 ἀνακράξας
628 3967 802 4039 μέγα,
853 3964 946 4018 καὶ
978 3962 1151 4034 χαμαὶ
1186 3958 1398 4023 πεσὼν,
1439 3956 1677 4027 ἀφρίσας

81 4066 274 4123 πολλὰ
300 4064 395 4117 καὶ
414 4058 768 4130 σπαραχθεὶς,
793 4055 973 4126 ἔμεινε
1004 4051 1205 4121 πολλὴν
1223 4049 1369 4121 ὦραν
1400 4047 1673 4117 ἀκίνητος.

96 4160 381 4229 Ἰώσηπος
415 4154 472 4207 δὲ
500 4150 767 4221 ὑπενόησε
795 4147 885 4200 τὸν
918 4144 1200 4217 ἄνθρωπον
1223 4142 1493 4197 τεθνάναι.
1535 4142 1592 4194 '0
1621 4143 1679 4195 δὲ

87 4250 243 4323 μετὰ
286 4248 473 4318 ὥραν,
504 4239 921 4312 διατριψάμενος
962 4235 1022 4288 τὸ
1071 4234 1391 4305 πρόσωπον,
1441 4232 1675 4303 ἀνέστη·

1766 3136 2034 3205 meipsum
2081 3134 2295 3196 invoca,
2334 3145 2436 3201 ego
2482 3130 2578 3185 tibi
2610 3129 2901 3200 praestabo.
2940 3129 3071 3182 Erat
3116 3128 3172 3181 in
3205 3127 3342 3182 urbe

1766 3225 2057 3281 Tiberiade
2087 3224 2334 3280 furiosus
2363 3222 2604 3293 quidam,
2655 3220 2803 3274 nudo
2842 3235 3070 3290 corpore
3104 3220 3343 3273 circum-

1768 3334 2028 3379 cursans,
2064 3318 2157 3388 qui
2192 3332 2315 3372 cum
2366 3315 2565 3384 szepius
2596 3312 2935 3378 indueretur,
2973 3320 3033 3366 ut
3070 3311 3343 3381 ejusmodi

1770 3412 2050 3467 hominum
2100 3424 2218 3464 mos
2270 3417 2374 3469 est,
2428 3413 2610 3461 vestes
2664 3421 2793 3460 suas
2842 3405 3138 3460 lacerabat.
3186 3403 3242 3458 In
3276 3417 3345 3459 eo

1767 3502 2035 3573 Iosephus
2055 3516 2174 3572 Quae
2200 3515 2296 3571 per
2318 3500 2497 3555 visum
2516 3504 2797 3568 acceperat
2816 3496 3051 3567 experiri
3076 3497 3337 3565 gestiens,

1769 3595 2018 3649 dubitare
2043 3601 2221 3646 tamen
2251 3590 2519 3652 nonnihil,
2547 3604 2612 3643 ac
2643 3587 2853 3657 pudore
2884 3586 3172 3640 retardari.
3199 3585 3346 3641 Con-

1771 3687 1987 3741 ﬁrmato
2028 3684 2251 3738 tandem
2283 3683 2467 3736 animo
2508 3680 2652 3734 intra
2687 3679 2832 3734 aedes
2876 3679 3125 3745 adducit;
3165 3686 3218 3733 et
3254 3694 3346 3734 oc-

1772 3780 1942 3834 clusis
1961 3777 2170 3832 foribus
2192 3789 2391 3844 aquam
2409 3772 2663 3827 manibus
2687 3771 2971 3836 hauriens,
3001 3778 3054 3825 et
3076 3776 3347 3825 amentem

1774 3874 1924 3927 illum
1968 3885 2132 3925 cruce
2179 3868 2562 3938 consignatum
2606 3880 2904 3935 aspergens
2942 3882 2959 3919 :
3003 3865 3062 3917 In
3104 3863 3346 3923 nomine,

1774 3962 1971 4033 inquit,
2002 3960 2134 4016 Jesu
2161 3958 2429 4013 Nazareni
2455 3957 2703 4011 cruciﬁxi
2747 3957 2856 4023 exi,
2888 3956 3123 4024 dzemon,
3157 3957 3223 4011 ab
3246 3956 3350 4010 hoc

1777 4056 2018 4119 homine,
2067 4054 2221 4122 isque
2253 4067 2420 4107 sanus
2468 4059 2608 4106 esto.
2648 4050 2729 4103 Ad
2760 4050 2873 4104 haec
2917 4050 3007 4103 ille
3042 4050 3351 4103 vociferans

1779 4156 1833 4203 et
1862 4145 2012 4201 humi
2043 4144 2428 4215 procumbens,
2478 4154 2640 4213 atque
2683 4156 2747 4197 ex
2779 4156 2873 4197 ore
2915 4156 3135 4210 spumas
3164 4155 3353 4211 agens,

1781 4253 2009 4309 seseque
2064 4236 2338 4292 dil'anians
2393 4236 2487 4290 diu
2544 4234 2848 4306 permansit
2906 4233 3237 4298 immobilis,
3294 4238 3354 4285 ut

84 4318 191 4396 καὶ
213 4343 231 4372 ³
262 4336 538 4407 θεώμενος
573 4334 673 4403 τὴν
703 4330 835 4383 ἰδίαν
863 4326 1164 4397 γύμνωσιν,
1202 4323 1424 4378 ἐαυτὺν²
1454 4321 1644 4394 ἔκρυψε

1814 4340 2057 4386 mortuum
2081 4330 2191 4400 jam
2222 4345 2344 4384 esse
2371 4328 2643 4397 Josephus
2675 4327 2944 4390 crederet,
2980 4325 3156 4379 donec
3186 4318 3355 4378 inter-

86 4436 193 4489 καὶ
216 4432 322 4494 τὰς
349 4430 535 4499 χεῖρας
569 4425 661 4477 ἐπὶ
692 4425 759 4493 τῇ
787 4418 1016 4491 αἰσχύνῃ
1049 4416 1306 4479 ἐπετίθει,
1351 4416 1548 4485 μηκέτι
1578 4413 1677 4483 φέ-

91 4543 212 4594 ρων
260 4522 394 4575 ίδεῖν
438 4520 536 4589 τὴν
573 4516 707 4569 ἰδίαν
741 4513 1037 4583 γύμνωσιν.
1078 4508 1310 4580 Ὶμάτιον
1338 4507 1394 4560 δὲ
1428 4508 1555 4577 παρ’
1582 4506 1681 4559 αύ-

84 4616 195 4670 τοῦ
229 4614 329 4667 τοῦ
368 4610 632 4681 Ἰωσήπου
655 4647 670 4672 ,
703 4607 761 4673 ἐξ
788 4599 861 4659 ὧν
896 4599 1068 4674 εἶχεν,
1103 4599 1371 4662 ἐνδυθείς,
1407 4600 1486 4661 εἰς
1513 4597 1683 4651 κατὰ-

89 4724 300 4763 στασιν
329 4705 594 4765 συνέσεως
618 4699 712 4753 καὶ
737 4693 1111 4767 σωφρονισμοῦ
1139 4692 1326 4755 ἐλθὼν,
1351 4690 1427 4761 τῷ
1447 4706 1504 4743 τε
1532 4688 1685 4759 ἀνδρί

88 4800 283 4855 πολλὰ
329 4796 736 4870 εὐχαριστήσας
780 4792 873 4845 καὶ
901 4788 1040 4860 Θεῷ,
1082 4789 1260 4857 γνοὺς,
1307 4787 1388 4839 ὅτι
1422 4785 1487 4838 δι’
1520 4782 1683 4837 αὐτοῦ

90 4896 269 4963 ἔτυχε
299 4892 401 4961 τῆς
434 4887 706 4958 σωτηρίας
727 4926 742 4951 ,
773 4885 832 4939 ἐν
858 4886 925 4955 τῇ
956 4883 1107 4936 πόλει
1151 4878 1436 4949 διεφήμιζε
1476 4878 1568 4931 τὸν
1595 4878 1689 4931 ἄν·

89 4990 233 5057 ὅρα,
264 4985 363 5038 καὶ
383 4982 621 5051 γνωστὸν
650 4979 863 5048 ἐγένετο
888 4979 998 5039 τοῖς
1024 4976 1201 5028 ἐκεῖσε
1238 4971 1511 5033 Ἰουδαίοις
1530 4969 1689 5022 τοῦτο

91 5080 169 5132 τὸ
214 5078 468 5146 σημεῖον.
512 5071 749 5141 Θρύλλος
793 5070 851 5123 δὲ
899 5067 1062 5128 πολὺς
1114 5063 1474 5135 ἠκολούθησεν
1519 5062 1577 5114 ἐν
1620 5062 1687 5131 τῇ

96 5169 271 5224 πόλει
291 5208 306 5233 ,
343 5166 609 5234 λεγόντων
628 5178 643 5194 ⁸
689 5165 770 5217 ὅτι
808 5160 1064 5230 Ἰώσηπος
1091 5156 1161 5210 τὰ
1188 5154 1561 5225 γαζοφυλάκια
1599 5155 1693 5207 ἀν-

93 5247 315 5326 οξξας,’
353 5260 450 5311 καὶ
482 5256 655 5329 εὑρὼν
682 5253 1063 5326 γεγραμμένον
1106 5251 1167 5304 τὸ
1208 5250 1376 5319 ὄνομα
1403 5247 1495 5300 τοῦ
1534 5245 1689 5313 Θεοῦ,

96 5355 211 5407 καὶ
262 5351 566 5418 ἀναγνοὺς,
616 5351 817 5418 σημεῖα
869 5345 1077 5416 μεγάλα
1125 5341 1431 5413 ἐργάζεται.
1477 5337 1585 5393 τΗν
1638 5339 1695 5391 δὲ

94 5442 319 5513 ἀληθὲς
350 5440 411 5493 τὸ
441 5442 530 5494 ὑπ’
559 5438 738 5495 αὐτῶν
766 5438 1074 5508 λεγόμενον,
1097 5436 1195 5505 οὐχ
1223 5435 1297 5498 ὼς
1325 5434 1379 5487 δὲ
1407 5430 1558 5487 αὐτοὶ
1589 5430 1691 5483 ῦπ-

196 5624 213 5654 ¹
250 5637 347 5689 γρ.
389 5615 742 5686 θεασάμενος.
820 5612 841 5644 ¹
875 5627 966 5680 γρ,
995 5608 1250 5681 ἔκρυπτε,

1782 4424 1931 4494 jecto
1958 4423 2105 4477 hora:
2139 4423 2314 4493 spatio
2350 4422 2558 4475 vultum
2588 4418 2890 4489 perfricans
2919 4416 3174 4472 surrexit.
3212 4414 3352 4467 Tum

1789 4534 1848 4572 se
1898 4516 2100 4570 nudum
2157 4513 2594 4568 animadvertens
2637 4512 2939 4572 occultare,
2991 4523 3054 4564 ac
3104 4507 3357 4562 manibus

1790 4607 2047 4680 pudenda
2079 4614 2384 4676 protegere,
2416 4619 2479 4658 eo
2507 4618 2567 4657 se
2596 4602 2784 4656 habitu
2810 4599 3055 4668 corporis
3086 4614 3207 4654 esse
3233 4614 3359 4668 per-

1789 4701 2016 4756 moleste
2044 4697 2204 4753 ferre.
2240 4695 2483 4765 Denique
2510 4700 2660 4749 veste
2683 4693 2750 4747 ab
2777 4691 3015 4760 Josepho
3037 4706 3098 4743 ex
3132 4690 3199 4745 iis
3225 4705 3360 4759 qua-

1791 4808 1913 4847 rum
1946 4790 2104 4860 copia
2154 4795 2272 4844 erat
2320 4787 2541 4857 injecta,
2594 4786 2698 4841 sibi
2738 4785 3024 4839 restitutus
3070 4781 3361 4851 animoque

1793 4884 2133 4954 compositus
2181 4896 2407 4952 magnas
2442 4880 2520 4934 illi
2575 4878 2877 4933 secundum
2926 4875 3094 4928 Deum
3156 4875 3363 4944 gratias

1794 4975 1924 5046 egit,
1957 4973 2116 5042 cujus
2135 4988 2193 5027 se
2216 4971 2481 5027 beneﬁcio
2500 4969 2786 5025 liberatum
2824 4972 3176 5037 agnosceret:
3209 4979 3365 5017 eum-

1795 5063 2027 5133 demque
2064 5070 2175 5116 tota
2216 5061 2351 5117 urbe
2385 5058 2743 5130 pervulgavit.
2789 5058 2865 5110 Ita
2899 5054 3208 5109 Judzeorum
3246 5068 3365 5105 om-

1799 5156 1947 5210 nium
2009 5155 2102 5224 qui
2146 5154 2270 5209 istic
2317 5161 2474 5209 erant
2524 5166 2684 5206 aures
2732 5148 2979 5204 miraculi
3030 5148 3177 5201 illius
3220 5144 3365 5197 fama

1800 5244 2058 5315 pervasit.
2096 5243 2173 5297 Ex
2205 5259 2314 5313 quo
2344 5258 2533 5297 rumor
2560 5244 2751 5311 ingens
2781 5237 3111 5310 percrebuit,
3150 5236 3223 5288 ita
3256 5233 3366 5286 illis

1796 5336 2181 5407 jactantibus:
2236 5333 2505 5404 Josephus
2562 5342 2749 5402 aperto
2792 5328 3176 5402 gazophylacio
3229 5323 3367 5378 scri-

1801 5437 1953 5500 ptum
1985 5426 2077 5484 Dei
2120 5443 2320 5482 nomen
2352 5426 2582 5491 invenit,
2613 5439 2788 5496 eoque
2823 5423 2963 5480 lceto
2979 5418 3215 5475 miriﬁca
3246 5428 3371 5485 por-
