3814 6286
476 199 584 254 tes
1873 197 1929 253 s.
1973 196 2313 254 EPIPHANll
3621 225 3723 277 424

478 319 625 365 tenta
659 325 721 365 ac
747 312 989 383 prodigia
1024 311 1171 367 facit.
1197 310 1382 381 Neque
1413 312 1551 367 falso
1582 313 1684 367 ista
1712 312 2021 405 diﬂ‘ereban-

2144 313 2346 368 ενόουν.
2382 314 2503 370 Ἔτι
2529 316 2584 370 δὲ
2612 319 2876 389 ἐπέμενεν
2908 324 3171 397 Ἰώσηπος
3197 329 3635 401 αληρυνὸμενος
3656 338 3720 405 τῇ

476 410 587 463 tur,
613 401 715 455 etsi
758 406 965 455 non'eo
996 402 1204 470 quoilli
1242 400 1664 470 suspicabantur
1706 401 1867 455 modo
1908 416 2021 456 cont

2142 404 2359 476 καρδίᾳ.
2403 407 2561 462 Ἀλλά
2589 411 2617 461 ὁ
2653 410 3029 482 φιλάνθρωπος
3070 417 3201 479 Θεὸς
3226 460 3241 483 ,
3296 400 3600 491 προφάσεις

476 490 735 557 tigerant.
790 489 1010 545 Interim
1065 490 1336 560 Iosephus
1391 492 1689 545 inveterata
1743 491 2042 561 pertinacia

474 581 825 635 obduruerat.
857 580 961 636 Sed
986 582 1445 637 clementissimus
1481 582 1762 646 Dominus,
1796 584 1890 653 qui
1919 598 2041 637 sese

474 667 824 737 diligentibus
856 671 1112 739 praeclara
1160 670 1405 741 quaidam
1455 672 1611 727 oﬂ‘ert
1642 671 2041 742 consequenda:

474 763 669 818 salutis
700 765 970 833 przesidia,
996 766 1182 820 eadem
1218 766 1328 821 illis
1355 765 1620 834 impertit,
1653 781 1793 835 quos
1823 773 2039 820 aeternae

473 856 598 909 vitae
629 854 885 909 felicitate
918 856 1129 926 dignari
1172 857 1479 910 constituit.

540 944 633 999 XI.
668 943 771 1000 Per
802 945 943 1001 idem
974 954 1189 1016 tempus
1223 962 1346 1001 cum
1376 948 1488 1017 jam
1529 950 1840 1018 patriarcha
1871 948 2037 1007 Judas

472 1035 570 1107 (ita
594 1040 738 1092 enim
770 1037 908 1093 forte
930 1040 1247 1109 vocabatur)
1281 1040 1348 1093 ad
1370 1041 1647 1095 robustam
1673 1051 1882 1097 aetatem
1911 1058 2036 1112 per-

471 1128 731 1193 Venisset,
756 1125 1051 1197 Joscphum
1088 1130 1292 1198 praemii
1316 1130 1436 1184 loco
1467 1134 1803 1201 apostolatus
1832 1132 2035 1204 (digni-

469 1221 597 1275 tatis
642 1219 695 1273 id
741 1234 937 1274 nomen
970 1223 1075 1289 est)
1118 1224 1325 1276 honore
1356 1238 1419 1276 ac
1455 1225 1755 1280 commodis
1783 1234 2031 1280 exornat.

471 1311 597 1364 Inde
630 1327 753 1365 cum
779 1313 976 1368 litteris
1000 1314 1053 1367 in
1076 1315 1322 1370 Ciliciam
1348 1317 1734 1387 proficiscitur.
1762 1316 1882 1383 Quo
1907 1334 2033 1372 cum

467 1403 825 1467 accessisset,
874 1418 1201 1474 unoquoque
1240 1421 1302 1460 ex
1344 1407 1542 1476 oppido
1584 1407 1843 1463 decumas
1876 1408 2031 1479 135

467 1505 529 1545 ac
570 1492 837 1560 primitias
880 1508 909 1546 a
955 1496 1377 1563 provincialibus
1406 1496 1609 1552 Judaeis
1649 1498 1919 1567 exigebat.
1954 1502 2032 1553 Ac

468 1589 579 1635 tum
608 1598 740 1637 casu
767 1586 1015 1655 contigit,
1051 1594 1109 1640 ut
1144 1589 1331 1642 nescio
1356 1606 1460 1659 qua
1496 1590 1550 1643 in
1588 1590 1722 1647 urbe
1764 1591 1819 1644 in
1852 1590 2028 1645 vicina

2138 490 2313 558 διδοὺς
2386 499 2661 569 σωτηρίας
2718 503 2830 563 τοῖς
2898 504 3183 569 ἀγαπῶσιν
3240 490 3402 563 αὑτὸν
3474 512 3717 579 ἀγαθὰς,

2139 584 2340 649 ταύτας
2366 588 2592 657 παρέχει
2624 592 2738 653 τοῖς
2760 593 2839 655 εἰς
2862 588 3006 663 ζωὴν
3035 595 3480 667 καταξιουμένοις
3508 602 3716 674 ἀνθρώ-

2141 692 2283 739 ποις.

2209 940 2313 990 IA'.
2356 941 2677 1012 Συμὸέϐηκε
2710 944 2819 1016 γάρ
2855 948 3017 1003 αὐτὸν
3059 952 3147 1005 τὸν
3184 951 3444 1025 Ἰώσηπον
3480 959 3620 1028 μετὰ
3656 962 3715 1014 τὸ

2139 1027 2463 1100 ἀδρυνθῆναι
2505 1032 2702 1085 Ἰούδαν
2732 1034 2823 1087 τὸν
2863 1039 3241 1111 πατριάρχην,
3288 1043 3348 1097 δν
3382 1027 3712 1118 προείπομεν

2137 1122 2300 1192 (τάχα
2330 1125 2438 1195 γὰρ
2466 1125 2637 1190 οὕτως
2669 1128 2940 1197 ἐλέγετο),
2974 1134 3210 1203 ἀμοιϐῆς
3248 1136 3409 1190 ἕνεκα
3432 1140 3601 1209 γέρας
3638 1141 3713 1211 τῷ

2148 1213 2393 1285 Ἰωσήπῳ
2427 1216 2526 1285 τῆς
2558 1218 2858 1291 ἀποστολῆς
2880 1220 3062 1275 δοῦναι
3088 1226 3186 1295 τὴν
3216 1229 3573 1298 ἐπικαρπίαν.
3605 1234 3713 1285 Καὶ

2139 1307 2255 1375 μετ’
2282 1309 2581 1363 ἐπιστολῶν
2609 1305 2763 1375 οὗτος
2799 1314 3190 1371 ἀποστέλλεται
3228 1319 3310 1381 είς
3343 1322 3441 1392 τὴν
3472 1323 3711 1377 Κιλίκων

2135 1401 2258 1470 γῆν.
2294 1404 2417 1468 Ὃς,
2453 1405 2689 1460 ἀνελθὼν
2724 1410 2924 1473 ἐκεῖσε,
2958 1410 3065 1464 ἀπὸ
3109 1412 3345 1485 ἑκάστης
3378 1414 3588 1479 πόλεως
3612 1418 3710 1487 τῆς

2135 1493 2386 1559 Κιλικίας
2418 1497 2485 1550 τὰ
2532 1499 2828 1554 ἐπιδέκατα
2870 1503 2966 1555 καὶ
2998 1502 3097 1567 τὰς
3129 1505 3382 1577 ἀπαρχὰς
3416 1509 3568 1580 παρά
3603 1514 3709 1562 τῶν

2134 1585 2192 1638 ἐν
2227 1590 2291 1659 τῇ
2328 1589 2562 1660 ἐπαρχίᾳ
2606 1592 2873 1646 Ἰουδαίων
2915 1596 3287 1668 εἰσέπραττεν.
3332 1601 3418 1653 Ἑν
3446 1601 3623 1671 τούτῳ
3652 1603 3707 1655 δὲ

464 1674 709 1729 ecclesiae
743 1675 905 1729 domo
931 1678 1318 1732 diversaretur.
1357 1680 1565 1735 Exinde
1594 1692 1876 1737 contracta
1908 1698 2021 1737 cum

2136 1679 2211 1749 τῷ
2243 1682 2420 1751 καιρῴ
2467 1683 2761 1751 κατάγεται
2817 1687 3197 1760 πλησιαίτερον
3234 1691 3333 1760 τῆς
3376 1693 3705 1764 ἐκκλησίας,

465 1766 721 1835 episcopo
752 1767 1121 1821 familiaritate
1145 1770 1284 1823 clam
1315 1772 1385 1825 ab
1420 1786 1485 1825 eo
1519 1771 1932 1843 Evangeliorum
1962 1776 2026 1829 li-

464 1853 620 1907 brum
655 1858 911 1925 postulat,
957 1871 1021 1911 ac
1064 1859 1210 1928 legit.
1244 1858 1309 1911 Et
1342 1863 1600 1930 quoniam
1634 1878 1734 1932 pro
1766 1880 1828 1918 ea
1862 1880 2026 1935 quam

463 1946 682 2013 gerebat
711 1948 941 2016 apostoli
977 1948 1257 2006 functione
1284 1952 1380 2021 (ita
1404 1953 1569 2018 enim,
1594 1961 1652 2007 ut
1687 1954 1945 2019 diximus,
1963 1971 2027 2009 ea

462 2036 697 2108 dignitas
720 2041 965 2111 vocatur)
992 2058 1257 2097 summam
1284 2061 1393 2115 pra:
1417 2061 1475 2100 se
1501 2048 1841 2116 gravitatem,
1866 2056 2029 2118 atque

466 2126 520 2179 in
561 2129 946 2183 constituenda
974 2130 1264 2202 disciplina
1300 2137 1642 2192 severitatem
1679 2136 1905 2201 ferebat,
1937 2141 2026 2194 cui

466 2220 539 2272 rei
568 2221 885 2287 prasstandae
914 2220 1088 2276 fuerat
1113 2226 1339 2287 electus,
1367 2242 1430 2280 ac
1464 2229 1754 2299 plerosque
1791 2246 2025 2301 synago-

468 2309 552 2378 gis
604 2309 909 2377 prsefectos,
965 2320 1019 2366 et
1090 2316 1423 2379 sacerdotes,
1465 2332 1529 2371 ac
1577 2321 1928 2390 presbyteros
1974 2331 2029 2376 et

462 2401 740 2463 Azanitas,
775 2419 884 2473 quo
919 2406 1138 2462 nomine
1186 2407 1449 2478 diaconos
1483 2417 1577 2463 aut
1611 2411 1891 2467 ministros
1931 2427 2025 2481 ap-

463 2492 685 2559 pellant,
718 2494 967 2551 homines
994 2498 1274 2568 improbos
1305 2501 1357 2554 in
1386 2500 1630 2555 ordinem
1659 2503 1939 2571 redegerat
1962 2519 2027 2558 ac

460 2582 722 2653 dignitate
748 2587 1009 2654 privarat,
1049 2590 1343 2645 multorum
1375 2591 1429 2644 in
1464 2607 1522 2645 se
1556 2594 1823 2646 convertit
1863 2595 2020 2647 odia:

459 2676 549 2742 qui
601 2684 657 2728 ut
690 2692 812 2731 eum
861 2679 1278 2743 ulciscerentur,
1339 2683 1611 2738 curiosius
1646 2686 1932 2753 explorare
1969 2694 2024 2739 et

457 2780 578 2834 qua:
608 2766 676 2820 ab
706 2768 797 2822 illo
821 2778 1139 2837 gererentur
1170 2771 1445 2841 inquirere
1471 2789 1817 2843 summopere
1837 2777 2024 2844 cupie-

457 2856 606 2911 bant.
663 2856 744 2912 0b
795 2875 889 2915 eas
942 2860 1104 2930 igitur
1170 2876 1365 2918 causas
1430 2866 1744 2921 acutissime
1801 2868 2019 2923 tandem

456 2947 665 3000 odorati
705 2963 771 3002 ex
803 2949 1098 3018 improviso
1131 2950 1388 3021 impetum
1420 2954 1474 3006 in
1505 2955 1648 3009 aedes
1672 2954 1898 3020 faciunt,
1933 2965 2018 3009 at-

455 3056 560 3109 que
584 3041 637 3093 in
670 3041 784 3109 ipsa
824 3042 1234 3113 Evangeliorum
1262 3045 1493 3101 lectione
1516 3046 1811 3117 Josephum
1839 3052 2022 3121 oppri-
2048 3024 2091 3083 ο

454 3140 628 3184 munt.
666 3130 764 3184 llic
797 3132 935 3186 libro
967 3132 1035 3188 de
1059 3134 1310 3189 manibus
1333 3146 1521 3205 erepto
1546 3136 1818 3194 hominem
1844 3143 2018 3197 corriv

454 3223 627 3291 piunt,
660 3230 714 3277 et
749 3223 815 3277 ad
846 3232 1046 3278 terram
1079 3227 1295 3282 allisum
1326 3228 1710 3297 vociferantes,
1741 3234 2020 3290 maximis-

453 3328 560 3383 que
601 3315 954 3370 contumeliis
994 3326 1253 3374 vexantes
1288 3320 1342 3374 in
1370 3336 1697 3393 synagogam
1718 3324 2017 3395 abducunt,

452 3404 730 3474 virgisque
776 3404 1011 3461 caedunt.
1053 3406 1299 3464 Primum
1352 3411 1456 3466 hoc
1486 3414 1553 3468 ab
1586 3416 1682 3469 illo
1722 3416 2019 3488 legitimum

452 3503 726 3548 certamen
748 3510 846 3563 pro
865 3494 968 3550 fide
995 3507 1329 3568 susceptum.
1357 3500 1438 3555 Ad
1457 3502 1571 3558 haec
1591 3507 1831 3560 accurrit
1866 3510 2019 3566 urbis

450 3583 764 3652 cpiscopus,
789 3599 1022 3654 eumque
1050 3601 1118 3639 ex
1145 3587 1357 3641 illorum
1385 3590 1637 3647 manibus
1665 3593 1847 3662 eripit.
1870 3595 2019 3652 Alias

452 3672 650 3726 deinde
680 3689 802 3727 cum
835 3674 939 3729 iter
964 3685 1210 3746 agentem
1231 3678 1603 3747 offendissent,
1632 3685 1709 3739 sic
1730 3687 1873 3740 enim
1903 3688 2020 3758 ipse

451 3766 732 3829 narrabat,
764 3766 817 3820 in
844 3766 1093 3838 Cydnum
1120 3770 1421 3839 abjiciunt;
1454 3782 1615 3845 atque
1638 3776 1791 3831 illum
1813 3778 2019 3849 impetu

452 3853 694 3911 tltnninis
729 3858 1015 3928 abreptum
1040 3874 1103 3913 ac
1127 3861 1228 3915 sub
1257 3876 1426 3934 aquas
1449 3864 1757 3922 demersum
1790 3871 2019 3939 periisse

450 3948 554 4001 rati
589 3964 918 4019 magnopere
945 3953 1113 4021 gavisi
1145 3963 1291 4008 sunt.
1324 3954 1432 4011 Sed
1469 3957 1517 4013 is
1546 3967 1793 4017 servatus
1830 3970 2017 4033 postea

449 4040 659 4095 caelesti
695 4042 963 4099 lavatione
995 4044 1249 4114 dignatus
1289 4058 1391 4105 est.
1435 4049 1574 4105 Hinc
1602 4052 1670 4106 ad
1700 4055 2015 4110 comitatum

452 4142 742 4202 provectus
764 4135 830 4189 ad
849 4136 1190 4192 Constantini
1208 4138 1553 4210 imperatoris
1577 4144 1871 4199 amicitiam
1902 4162 2019 4216 per-

449 4224 618 4288 venit,
646 4227 803 4294 eique
832 4228 1095 4297 quidquid
1118 4230 1222 4285 sibi
1252 4232 1523 4287 acciderat
1554 4238 1836 4305 exposuit;
1862 4240 2015 4307 prin-

2132 1773 2231 1824 οὑκ
2251 1768 2345 1824 οἷδ’
2375 1774 2548 1828 εἰπεῖν
2581 1777 2638 1828 ἐν
2674 1778 2803 1849 ποίᾳ
2837 1779 3010 1834 πόλει.
3042 1781 3312 1836 Φιλιοῦται
3336 1784 3393 1838 δὲ
3422 1785 3499 1855 τῷ
3531 1788 3706 1839 ἐκεῖσε

2132 1864 2435 1933 ἐπισκόπῳ,
2466 1865 2524 1928 ὃς
2556 1864 2854 1937 λεληθότως
2879 1870 3049 1941 ᾔτησε
3081 1874 3208 1943 παρ’
3240 1873 3403 1926 αὑτοῦ
3434 1874 3501 1927 τὰ
3532 1876 3705 1944 Εὐαγο

2130 1954 2303 2023 γέλια,
2332 1957 2425 2008 καὶ
2451 1956 2679 2025 ἀνέγνω.
2726 1960 2876 2013 Ἐπεὶ
2924 1959 3035 2027 οὖν,
3062 1957 3151 2016 οἷα
3180 1966 3479 2029 ἀπόστολος
3512 1968 3705 2038 (οὕτως

2128 2047 2236 2117 γὰρ
2281 2050 2411 2118 παρ’
2458 2049 2675 2114 αὐτοῖς,
2722 2052 2797 2115 ὡς
2836 2053 3003 2123 ἔφην,
3042 2054 3102 2108 τὸ
3144 2056 3359 2127 ἀξίωμα
3392 2058 3703 2132 καλεῖται),

2129 2140 2555 2211 ἐμϐριθέστατος
2584 2144 2676 2197 καὶ
2703 2145 3022 2217 καθαρεύων
3044 2148 3202 2217 δῆθεν
3230 2150 3296 2202 τά
3330 2151 3409 2213 είς
3432 2153 3707 2206 κατάστα-

2130 2246 2214 2282 σιν
2247 2232 2501 2302 εὐνομίας
2526 2274 2540 2299 ,
2591 2236 2761 2299 οὕτως
2789 2238 3057 2293 ἐπιτελεῖν
3104 2241 3538 2313 προϐαλλόμενος
3572 2245 3702 2313 (25),

2129 2319 2354 2384 πολλοὺς
2383 2324 2489 2377 τῶν
2530 2326 2713 2377 κακῶν
2744 2328 3188 2383 κατασταθέντων
3217 2332 3700 2402 ἀρχισυναγώγων,

2128 2413 2220 2465 καὶ
2263 2414 2471 2483 ἱερέων,
2518 2419 2612 2471 καὶ
2663 2419 3065 2491 πρεσϐυτέρων,
3118 2423 3211 2473 καὶ
3262 2424 3558 2486 Ἀζανιτῶν
3594 2425 3703 2479 τῶν

2128 2505 2256 2573 παρ’
2286 2506 2468 2570 αὐτοῖς
2502 2508 2612 2577 (26)
2646 2510 2909 2564 διακόνων
2958 2514 3407 2583 ἑρμηνευομένων
3432 2516 3463 2585 ἦ
3492 2519 3701 2587 ὑπηρε-

2125 2592 2253 2655 τῶν,
2288 2594 2563 2665 καθαιρῶν
2590 2614 2650 2648 τε
2679 2598 2771 2651 καὶ
2798 2600 3104 2669 μετακινῶν
3133 2600 3229 2653 τοῦ
3261 2601 3572 2672 ἀξιώματος
3596 2605 3700 2656 ὑπὸ

2126 2682 2338 2735 πολλῶν
2364 2686 2656 2739 ἐνεκοτεῖτο
2678 2726 2693 2751 ,
2726 2689 2921 2752 οἵτινες
2963 2690 3149 2762 ῶσπερ
3191 2692 3499 2763 ἀμύνασθαι
3538 2697 3699 2748 αὐτὸν

2125 2776 2455 2844 πειρώμενοι
2501 2776 2967 2848 πολυπραγμονεῖν
3008 2781 3197 2835 τοῦτον
3243 2787 3337 2836 καὶ
3393 2787 3698 2857 ίχνηλατεῖν

2123 2864 2190 2916 τὰ
2246 2866 2375 2934 παρ’
2405 2865 2566 2918 αὑτοῦ
2594 2867 2851 2937 γινόμενα
2879 2870 2938 2921 οὐ
2974 2872 3183 2943 μικρῶς
3212 2875 3560 2942 ἐσπούδαζον.
3598 2883 3699 2935 Διά

2123 2956 2379 3027 τοιαύτην
2424 2957 2479 3009 δὲ
2539 2959 2718 3011 αἰτίαν
2771 2960 3425 3037 πολυπραγμονήσαντες,
3488 2970 3697 3042 ἀθρόως

2124 3053 2455 3124 εἰσέφρησαν
2482 3054 2663 3108 οἶκαδε
2696 3057 2775 3119 είς
2804 3058 2867 3111 τὸ
2898 3060 3063 3113 αὐτοῦ
3095 3063 3361 3130 ἐφέστιον,
3401 3068 3495 3120 κα)⁵
3525 3088 3697 3124 κατα-

2123 3146 2490 3215 λαμϐάνουσιν
2532 3146 2691 3201 αὐτὸν
2730 3148 2799 3203 τά
2849 3152 3155 3220 Εὑαγγέλια
3188 3155 3563 3229 διερχόμενον·
3597 3166 3697 3234 τήν

2123 3256 2181 3291 τε
2211 3238 2389 3309 βίϐλον
2415 3239 2728 3310 κατέχουσι,
2758 3240 2850 3294 τὸν
2872 3242 2928 3295 δὲ
2958 3243 3127 3316 ἄνδρα
3152 3248 3475 3318 ἁρπάζουσι,
3511 3253 3672 3324 σύρον

2120 3345 2212 3392 τες
2250 3329 2460 3400 χαμαὶ,
2497 3330 2589 3384 καὶ
2625 3330 2875 3401 βοῶντες,
2915 3336 3006 3387 καὶ
3032 3337 3215 3400 αἰκίας
3247 3339 3597 3411 ἐπιφέροντες
3636 3346 3695 3396 οὐ

2119 3420 2220 3483 τὰς
2251 3421 2537 3491 τυχούσας,
2566 3423 2838 3493 ἀπάγουσι
2865 3424 2962 3495 μὲν
2991 3427 3070 3490 είς
3098 3429 3197 3499 τὴν
3230 3431 3574 3504 συναγωγὴν,
3602 3437 3694 3487 κοιλ¹

2123 3511 2443 3583 μαστξζουσι
2472 3512 2693 3579 τοῦτον,
2739 3516 2831 3568 καὶ
2869 3516 3008 3569 κατὰ
3048 3517 3139 3570 τὸν
3173 3518 3333 3589 νόμον
3366 3517 3519 3584 οὗτος
3550 3524 3693 3577 αὑτῶ

2120 3600 2334 3671 πρῶτος
2374 3602 2521 3671 ἀγὼν
2550 3604 2776 3672 γίνεται.
2833 3606 3067 3677 Ἐπέστη
3098 3607 3154 3659 δέ
3201 3611 3228 3661 ὁ
3265 3609 3559 3676 ἐπίσκοπος
3597 3615 3689 3683 τῆς

2120 3694 2346 3760 πόλεως,
2379 3697 2475 3748 καὶ
2505 3697 2755 3766 ἀφείλετο
2795 3698 2977 3756 αὐτόν.
3007 3700 3226 3753 Ἀλλοτε
3254 3702 3310 3754 δὲ
3342 3705 3689 3775 καταλαμεά-

2119 3803 2300 3839 νουσιν
2339 3789 2499 3842 αὐτὸν
2528 3792 2586 3842 ἐν
2614 3790 2890 3863 ὁδοιπορίᾳ
2918 3792 3043 3855 τινὶ,
3078 3791 3154 3855 ὡς
3181 3795 3309 3864 ἡμῖν
3349 3796 3685 3868 ὑφηγήσατο,

2118 3879 2212 3931 καὶ
2242 3880 2520 3948 ῥίπτουσιν
2550 3881 2709 3933 αὑτὸν
2750 3884 2829 3945 είς
2871 3882 3075 3936 Κύδνον
3108 3886 3198 3938 τὸν
3228 3890 3487 3957 ποταμόν.
3520 3892 3609 3962 Τῷ
3633 3892 3686 3945 δὲ

2122 3972 2352 4043 ῥεύματι
2398 3972 2593 4025 αὑτὸν¹
2636 3974 2955 4043 ἁρπαγέντα
3001 3976 3307 4040 ἐτόπασαν,
3351 3982 3424 4051 μή
3467 4000 3543 4053 πη
3585 3984 3686 4053 ἄρα

2118 4063 2313 4117 ὄλωλεν
2354 4064 2678 4136 ὑποϐρύχιος
2708 4066 2998 4135 γενόμενος
3041 4072 3153 4132 τοῖς
3195 4069 3350 4124 ὕδασι
3372 4087 3385 4100 ·
3418 4074 3512 4125 καὶ
3547 4074 3685 4144 ἔχαι-

2120 4171 2213 4225 ρον
2237 4155 2328 4207 ἐπὶ
2358 4154 2551 4225 τούτῳ.
2585 4158 2644 4209 '0
2685 4156 2740 4209 δὲ
2780 4157 2961 4229 μικρῷ
3002 4158 3226 4230 ὕστερον
3272 4161 3500 4232 λουτροῦ
3536 4166 3682 4233 ἁγίου

2118 4247 2497 4311 καταξιοῦταιο
2542 4247 2718 4320 ἐσώθη
2770 4251 2897 4321 γάρ.
2933 4252 3139 4303 Ἀνεισι
3175 4252 3231 4305 δὲ
3278 4253 3371 4306 ἐπὶ
3409 4256 3468 4307 τὸ
3514 4273 3682 4327 κομη-

448 4315 625 4385 cipem
663 4332 721 4371 se
752 4316 968 4373 Judaaos
1005 4320 1147 4375 inter
1196 4322 1477 4393 dignitatis
1511 4326 1688 4381 locum
1721 4328 2012 4397 habuisse;

2127 4342 2295 4403 τᾶτον,
2336 4341 2429 4393 καὶ
2452 4341 2678 4411 ιβασιλεῖ
2712 4344 3103 4415 Κωνσταντίνῳ
3133 4345 3421 4413 φιλιοῦται,
3456 4350 3551 4401 καὶ
3594 4352 3682 4403 ἁν-

446 4406 541 4460 sed
572 4408 686 4462 visa
722 4410 824 4463 sibi
873 4410 1179 4481 frequentia
1208 4414 1471 4471 divinitus
1506 4419 1709 4484 oblata,
1750 4421 2013 4478 invitante

444 4496 695 4565 Domino,
728 4510 786 4555 ut
827 4502 893 4557 ad
942 4503 1066 4559 fidei
1103 4506 1540 4579 cognitionisque
1582 4526 1695 4566 suae
1734 4514 2017 4570 sanctissi-

443 4606 584 4644 mam
621 4603 823 4648 sortem
884 4611 948 4651 ac
987 4599 1212 4653 salutem
1240 4616 1363 4656 sese
1396 4603 1735 4661 transferret.
1769 4607 1837 4659 At
1868 4610 2013 4678 opti-

441 4698 565 4738 mus
600 4684 913 4755 imperator,
943 4688 1253 4761 Christique
1283 4710 1470 4750 revera
1508 4712 1720 4765 servus,
1751 4708 1807 4753 et
1828 4700 2013 4757 divino

439 4776 677 4845 quodam
706 4779 850 4833 inter
888 4781 1164 4851 principes
1193 4784 1388 4840 ardore
1412 4798 1533 4857 post
1562 4788 1843 4855 Davidem,
1875 4792 2009 4848 Eze-

441 4868 640 4935 chiam,
677 4878 730 4925 et
759 4869 965 4925 Josiam
1004 4884 1266 4942 aastuans,
1308 4878 1414 4933 hoc
1444 4880 1524 4933 illi
1558 4880 1839 4952 dignitatis
1871 4902 2009 4955 prae-

441 4959 634 5023 mium,
664 4959 811 5030 quod
860 4962 1022 5030 paulo
1053 4972 1179 5018 ante
1214 4967 1523 5034 retulimus,
1555 4976 1806 5036 contulit,
1836 4979 2009 5031 comi—

442 5058 660 5120 temque
716 5052 865 5111 fecit,
923 5051 1118 5119 jubens
1176 5056 1398 5128 insuper
1446 5068 1507 5113 ut
1553 5062 1815 5131 quidquid
1846 5068 2007 5122 vellet

438 5150 668 5211 optaret.
704 5141 863 5213 136
901 5142 993 5199 Ille
1018 5146 1152 5201 nihil
1179 5150 1325 5206 aliud
1357 5152 1467 5207 nisi
1498 5153 1604 5208 hoc
1634 5169 1801 5210 unum
1837 5162 2010 5214 maxi-

512 5300 528 5330 ¹
552 5317 644 5371 γρ.
678 5301 1094 5372 ἁφαρπαγέντα.

508 5414 618 5490 (25)
660 5416 856 5490 Οὕτως
892 5416 1215 5490 Αὲπιτελεῖν
1280 5419 1780 5490 προϐαλλόμενος.
1823 5420 1998 5478 Variis

436 5487 614 5542 modis
645 5487 905 5555 explicari
947 5488 1108 5541 verba
1143 5491 1244 5540 ista
1281 5498 1507 5556 possunt
1540 5511 1550 5543 :
1578 5487 1691 5548 sive
1724 5487 1788 5547 co
1808 5509 1994 5557 sensu,

478 5573 595 5611 nem
622 5557 991 5632 reddidimus;
1026 5558 1137 5609 sive
1165 5572 1321 5632 quem
1354 5559 1649 5617 Cornarius
1683 5565 1951 5632 expressit
1979 5582 1991 5617 :

478 5574 595 5611 nem
622 5574 991 5621 reuoluimus;
1026 5574 1137 5609 sive
1165 5574 1321 5625 quem

437 5574 525 5682 ἓὲε
549 5630 681 5681 enim
708 5645 762 5683 sc
778 5628 953 5695 facere
980 5627 1338 5682 ura'lcndebat.

2119 4431 2269 4483 έθετο
2302 4429 2449 4501 αὐτῷ
2472 4431 2541 4483 τά
2573 4432 2692 4485 καθ’
2726 4433 2918 4487 ἑαυτὸν
2943 4434 3178 4497 ἅπαντα,
3220 4435 3295 4498 ὡς
3321 4432 3389 4507 ἦν
3430 4439 3538 4490 τῶν
3570 4442 3681 4493 κατ’

2129 4522 2409 4585 Ἰουδαίους
2454 4524 2791 4594 ἐξοχωτάτης
2841 4524 3036 4589 ἀξίας,
3087 4529 3181 4581 καὶ
3227 4529 3301 4590 ὡς
3350 4530 3411 4581 αἱ
3443 4530 3680 4584 θεοπτίαι

2114 4613 2262 4684 αὐτῷ
2296 4614 2469 4685 πάντη
2499 4616 2798 4683 ἐφαίνοντο,
2838 4617 3044 4687 Κυρίου
3089 4618 3250 4672 αὐτὸν
3278 4621 3683 4691 προσκαλουμέ-

2116 4722 2205 4757 νου
2233 4708 2310 4769 είς
2337 4706 2435 4777 τὴν
2464 4706 2623 4774 ἁγίαν
2654 4704 2842 4777 κλῆσιν
2868 4708 2962 4759 καὶ
3002 4709 3275 4776 σωτηρίαν
3308 4711 3408 4780 τῆς
3438 4712 3559 4764 κατ’
3591 4714 3680 4765 αὐ-

2113 4795 2202 4849 τὸν
2237 4796 2469 4860 πίστεώς
2496 4814 2554 4850 τε
2584 4800 2674 4851 καὶ
2702 4796 2974 4865 γνώσεως.
3012 4798 3071 4850 '0
3097 4797 3152 4850 δέ
3179 4800 3379 4867 ἀγαθὸς
3409 4800 3673 4871 βασιλεὺς,

2109 4888 2292 4952 δοῦλος
2335 4888 2408 4941 ὣν
2450 4890 2684 4960 Χριστοῦ
2734 4891 2791 4945 ἐν
2832 4889 3080 4961 ἀληθείᾳ,
3114 4891 3209 4944 καὶ
3251 4893 3342 4945 τὸν
3377 4894 3522 4947 κατὰ
3554 4894 3674 4947 Θεὸν

2112 4980 2270 5050 ζῆλον
2320 4984 2377 5034 ἐν
2427 4981 2701 5051 βασιλεῦσι
2750 4980 2889 5053 μετά
2933 4982 3097 5035 Δαϐὶδ
3146 4985 3239 5037 καὶ
3290 4983 3536 5048 Ἐζεκίαν
3590 4986 3675 5037 καὶ

2124 5072 2331 5126 Ἰωσίαν
2376 5074 2707 5143 κεκτημένος
2757 5072 2924 5144 γέρας
2975 5074 3122 5145 αὑτῷ
3165 5074 3411 5141 δίδωσιν,
3460 5076 3536 5139 ὼς
3580 5077 3673 5145 ἢδη

2109 5168 2389 5234 προεῖπον,
2418 5163 2727 5235 ἀξιώματος
2768 5163 2828 5220 ἐν’
2852 5169 2917 5237 τῇ
2950 5167 3114 5220 αὐτοῦ
3149 5167 3414 5240 βασιλείᾳ.
3453 5170 3672 5241 Κὸμητα

2178 5430 2293 5528 (26).
2329 5433 2438 5485 Καὶ
2472 5435 2771 5520 Ἇζανιτῶιρ
2807 5438 2926 5528 τῶν
2964 5441 3100 5509 παρ’
3133 5442 3356 5528 αὐτοῖς.
3396 5442 3670 5528 Judaeij

2102 5513 2300 5555 vocant
2346 5518 2631 5574 synagoga:
2691 5512 3021 5576 ministrum,
3071 5512 3154 5568 vel
3209 5513 3489 5569 aedituum.
3540 5512 3668 5571 Vi'de

2102 5566 2271 5625 Ellam
2308 5573 2359 5625 in
2399 5574 2596 5631 Thisbi.
3270 5612 3277 5621 ι
