3760 6176
87 230 186 284 4ἱῖ

711 229 1076 286 ,ιυνειιευδ
1118 229 1460 288 [ΙΔῈΒΕΕΕΒ
1495 231 1619 289 LIB.
1665 233 1706 287 l.
1745 231 1906 289 TOM.
1947 233 2010 290 ll.
2049 266 2119 277 ——
2158 236 2428 293 HAERES.
2470 237 2638 292 XXX.

3231 240 3333 295 4'26

85 345 192 414 γὰρ
221 343 380 398 αὐτὸν
412 361 711 415 κατεστησε
741 346 876 415 (‘27),
907 347 1082 415 φήσας
1115 348 1262 417 αὺτῷ
1296 349 1465 401 αίτεῖν
1496 349 1656 402 πάλιν

1867 350 2118 406 beneﬁcii
2161 351 2280 405 loco
2312 352 2636 420 postulavit,
2672 350 2778 406 sibi
2818 358 2877 404 ut
2923 351 2980 405 in
3017 351 3330 410 Iudaeorum

83 436 111 488 ὃ
139 435 403 504 βούλεται.
434 435 492 489 '0
511 436 567 488 δὲ
595 437 747 489 οὐδὲν
773 439 1012 507 ᾐτήσατο
1045 437 1181 507 πλὴν
1217 438 1372 491 τοῦτο
1405 439 1657 509 μέγιστον

80 524 322 594 χάρισμα
353 527 535 595 τυχεῖν
561 529 708 596 παρὰ
736 525 830 578 τοῦ
861 525 1145 595 βασιλέως,
1171 526 1233 578 τὸ
1266 529 1654 598 ἐπιτραπῆναι,

79 617 176 667 καὶ
196 615 282 668 διὰ
305 615 722 685 προστάγματος
754 613 1033 684 βασιλικοῦ
1066 617 1415 686 οἰκοδομῆσαι
1438 617 1657 687 Χριστῷ

79 705 374 774 ἐκκλησίας
409 707 465 757 ἐν
486 707 603 765 ταῖς
631 703 816 756 πόλεσι
856 703 950 756 καὶ
978 703 1191 772 κώμαις
1219 705 1326 757 τῶν
1367 705 1654 761 Ἰουδαίων.

83 796 251 848 Ἔνθα
284 814 366 858 τις
395 796 646 848 οὐδέποτε
698 797 914 865 ἴσχυσεν
947 796 1296 865 οἰκοδομῆσαι
1328 795 1618 865 ἐκκλησίας
1639 838 1652 861 ,

77 889 168 941 διὰ
195 889 255 940 τὸ
279 889 416 958 μήτε
431 887 666 956 Ἕλληνα
690 887 825 957 μήτε
855 887 1200 957 Σαμαρείτην
1234 888 1369 958 μήτε
1394 889 1437 939 Χ
1447 905 1656 958 ριστια-

77 981 167 1034 νὸν
199 981 364 1051 μέσον
403 979 580 1033 αὐτῶν
612 975 768 1032 εἶναι.
814 978 984 1031 Τοῦτο
1033 980 1087 1032 δὲ
1131 980 1364 1049 μάλιστα
1403 980 1461 1031 ἐν
1494 979 1652 1031 Τιϐε-

78 1073 250 1142 ριάδι,
298 1071 415 1124 καὶ·
441 1073 498 1122 ἐν
541 1070 951 1140 Διοκαισαρεία,
985 1073 1048 1138 τῇ
1085 1071 1177 1121 καὶ
1205 1070 1530 1138 Σεπφουρὶν,
1561 1071 1656 1122 καὶ

73 1163 130 1213 ἐν
170 1160 459 1230 Ναζαρὲτ,
492 1161 586 1212 καὶ
618 1163 674 1212 ἐν
707 1159 1118 1230 Καφαρναοὺμ,
1157 1159 1486 1228 φυλάσσεται
1523 1160 1652 1231 παρ’

71 1248 258 1309 αὐτοῖς
285 1247 378 1300 τοῦ
415 1247 489 1317 μὴ
512 1243 650 1299 εἷναί
682 1265 802 1300 τινα
836 1247 993 1299 ἄλλου
1023 1249 1226 1311 ἔθνους.

143 1339 225 1391 lB'
287 1337 482 1391 Λαϐὼν
515 1338 569 1390 δὲ
599 1340 627 1390 6
670 1338 930 1408 Ἰώσηπος
959 1339 1027 1391 τὰ
1069 1341 1374 1411 γράμματα
1423 1343 1516 1395 καὶ
1557 1341 1652 1412 τὴν

70 1429 325 1493 ἐξουσίαν
371 1430 504 1499 μετὰ
561 1428 654 1481 τοῦ
704 1429 1012 1499 ἀξιώματος
1070 1431 1161 1485 ἐπὶ
1214 1433 1313 1502 τὴν
1361 1433 1653 1502 Τιϐεριάδα

67 1517 227 1592 ἧκεν,
258 1521 396 1592 ἔχων
431 1521 524 1574 καὶ
551 1522 840 1586 ἐπιστολὰς
867 1523 975 1576 ἀπὸ
1002 1522 1110 1577 τῶν
1147 1523 1442 1594 βασιλικῶν
1473 1525 1655 1578 ἀναλί-

69 1629 251 1678 σκειν,
281 1612 414 1666 ἀλλὰ
461 1610 552 1666 καὶ
597 1613 759 1676 αὐτὸς
788 1613 1035 1682 ὀψωνίοις
1083 1614 1236 1686 παρὰ
1264 1615 1358 1668 τοῦ
1392 1617 1652 1686 βασιλέως

1766 438 1920 508 pagis
1951 439 2208 494 omnibus
2228 448 2283 494 et
2311 440 2527 510 oppidis
2553 440 3008 495 exstruendarum
3041 443 3096 496 in
3129 444 3335 499 Christi

1764 529 2028 584 honorem
2069 530 2428 585 ecclesiarum
2477 539 2724 601 potestas
2767 532 3116 600 imperatoris
3153 535 3336 589 edicto

1765 620 1935 675 ﬁeret.
1967 621 2178 686 Quibus
2209 623 2263 678 in
2294 623 2432 678 locis
2466 639 2627 678 nemo
2651 640 2890 693 unquam
2917 627 3182 682 ecclesias
3205 627 3336 682 aedi-

1765 712 1928 766 iicare
1959 720 2250 782 potuerat;
2290 712 2433 782 quod
2469 715 2652 769 nullus
2690 715 2833 769 inter
2864 732 2958 772 eos
2997 734 3175 788 neque
3205 734 3336 788 gen-

1762 803 1896 866 tilis,
1930 819 2105 872 neque
2139 805 2540 870 Samaritanus,
2577 823 2754 878 neque
2794 809 3144 865 Christianus
3177 811 3332 864 habi-

1761 905 1918 949 taret.
1946 894 2363 965 Prassertimque
2391 897 2701 963 Tiberiade,
2724 899 3098 966 Diocaesareae,
3132 918 3251 970 qua:
3279 911 3332 956 ct

1773 987 2062 1056 Sephurim
2098 989 2320 1051 dicitur,
2357 987 2632 1055 Nazareti,
2666 993 3090 1062 Capharnaiimi,
3128 996 3215 1049 tibi
3249 996 3334 1048 di—

1761 1079 1990 1148 ligenter
2022 1079 2124 1133 hoc
2151 1080 2468 1147 observant,
2501 1098 2662 1138 nemo
2694 1093 2752 1136 ut
2783 1086 2959 1154 gentis
2984 1086 3208 1141 alterius
3237 1087 3335 1140 do-

1760 1169 2023 1222 micilium
2050 1169 2163 1223 illic
2189 1170 2406 1224 habeat.

1830 1338 1946 1393 Xll.
1979 1339 2048 1393 At
2080 1338 2354 1409 Joscplius
2386 1342 2626 1410 acceptis
2671 1357 2794 1396 cum
2839 1359 2902 1397 ea
2947 1351 3217 1413 potestate
3268 1360 3332 1399 ac

1759 1431 2028 1501 dignitate
2065 1434 2267 1488 litteris
2315 1433 2656 1489 'l‘iberiadem
2715 1437 2971 1504 perrexit,
3022 1454 3241 1507 unaque
3278 1447 3333 1491 et

1759 1522 2055 1592 diplomata
2093 1539 2279 1578 secum
2313 1526 2513 1590 attulit,
2564 1526 2768 1594 quibus
2815 1527 3092 1596 impensas
3137 1544 3166 1584 e
3199 1529 3336 1584 ﬁsco

1759 1621 1998 1682 caperet,
2035 1629 2158 1668 eum
2192 1616 2444 1684 privatim
2481 1616 2596 1685 ipse
2631 1616 2901 1686 stipendia
2930 1635 2996 1673 ex
3017 1619 3206 1674 eodem
3239 1636 3332 1674 ac-

67 1708 455 1777 τετιμημένος.
522 1709 780 1779 Ἀρχεται
821 1708 950 1776 γοῦν
996 1711 1054 1762 ἐν
1101 1710 1374 1780 Τιϐεριάδι
1428 1712 1652 1775 κτίζειν.

1842 1712 1982 1757 .eret.
2015 1701 2186 1772 Igitur
2211 1704 2502 1759 Tiberiade
2529 1707 2814 1761 ecclesiam
2839 1707 3109 1763 aedificare
3136 1711 3324 1778 ccepit.

68 1799 222 1862 Ναδς
265 1798 322 1851 δὲ
377 1799 630 1867 μέγιστος
679 1799 737 1850 ἐν
783 1801 848 1868 τῇ
896 1798 1047 1850 πόλει
1090 1801 1437 1871 προϋπῆρχε·
1478 1803 1654 1872 τάχα,

68 1882 250 1956 οἶμαι,
291 1885 616 1958 Ἀδριάνειον
666 1886 826 1938 τοῦτο
868 1887 1114 1938 ἐκάλουν.
1171 1887 1381 1950 Ἀτελὲς
1415 1889 1471 1941 δέ
1499 1889 1658 1943 τοῦτο

68 1979 130 2030 τὸ
167 1977 496 2048 Ἀδριάνειον
521 1978 770 2048 διαμένον
789 1977 930 2047 τάχα
962 1978 1010 2031 οἱ
1048 1978 1256 2031 πολῖται
1296 1979 1375 2040 εἰς
1399 1979 1657 2050 δημόσιον

67 2069 298 2138 λουτρὸν
340 2068 636 2138 ἐπειρῶντο
663 2068 1043 2122 ἐπισκευάσαι.
1081 2070 1258 2140 Ὅπερ
1289 2068 1462 2140 εὑρὼν
1492 2071 1520 2122 6
1551 2068 1658 2122 Ἰώ-

70 2174 252 2226 σηπος
292 2159 357 2210 ἐκ
396 2157 587 2210 τούτου
633 2157 729 2228 τὴν
806 2159 1078 2230 πρόφασιν
1126 2157 1270 2227 ἔσχε.
1307 2160 1414 2212 Καὶ
1447 2159 1521 2223 ὡς
1557 2161 1657 2230 ’ήδη

67 2244 198 2319 εὗρε
230 2249 322 2302 διὰ
355 2253 713 2320 τετραπήχων
743 2249 904 2302 λίθων
937 2251 1304 2321 τετραπέδων,
1350 2250 1458 2315 ἓως
1492 2252 1658 2320 ὕψους

67 2341 218 2404 τινὸς
249 2340 707 2410 ἀνεγηγερμένον,
727 2341 974 2394 ἐντεῦθεν
1003 2343 1230 2412 ἄρχεται
1256 2344 1528 2396 ποιεῖσθαι
1559 2345 1658 2413 τῆς
1692 2358 1694 2361 ·

68 2433 376 2502 ἐκκλησίας
399 2433 497 2503 τὴν
527 2432 864 2502 ἐπιμέλειαν,
897 2433 1186 2486 ’Λσόέστου
1214 2434 1269 2486 δέ
1291 2431 1358 2504 ἦν
1384 2434 1539 2504 χρεία
1564 2436 1660 2488 καὶ

68 2523 170 2592 τῆς
197 2522 371 2592 ἄλλης
397 2523 546 2592 ὕλης.
578 2525 857 2594 Καμίνους
897 2525 1074 2578 τοίνυν
1104 2524 1301 2591 ἔξωθεν
1327 2527 1425 2597 τῆς
1452 2527 1660 2591 πόλεως

69 2615 284 2679 πολλὰς
315 2615 615 2686 προσέταξε
647 2615 916 2684 γενέσθαι,
939 2616 1080 2686 τάχα
1111 2617 1201 2670 τὸν
1234 2618 1466 2688 ἀριθμὸν
1489 2619 1654 2673 ἐπτά·

70 2709 398 2779 φούρνακας
439 2707 497 2760 δὲ
547 2708 856 2780 ἐπιχωρίως
902 2709 1106 2772 ταύτας
1149 2709 1427 2764 καλοῦσιν.
1497 2709 1560 2765 Οί
1603 2711 1659 2763 δὲ

68 2800 266 2858 δεινοὶ.
311 2800 406 2852 καὶ
437 2799 574 2868 πρὸς
600 2801 706 2852 πᾶν
738 2800 1075 2871 ἐπιχείρημα
1106 2799 1355 2872 εὖτολμοι
1397 2802 1658 2870 Ἰουδαῖοι,

68 2889 169 2959 τῆς
205 2891 345 2958 παρ’
377 2889 559 2951 αὐτοῖς
595 2888 680 2940 ἀεὶ
715 2890 1003 2960 γινομένης
1046 2892 1384 2961 μαγγανείας
1425 2893 1525 2945 οὑκ
1555 2895 1660 2946 ἀπ-

67 2981 306 3051 είχοντο.
341 2980 610 3048 Μαγεῐαις
639 2980 746 3050 γάρ
781 2998 888 3033 τισι
927 2981 1020 3033 καὶ
1072 2983 1409 3054 περιεργίαις
1453 2982 1514 3035 τὸ
1552 2982 1660 3054 πῦρ

70 3071 386 3141 καταδῆσαι
419 3072 468 3123 οἱ
507 3071 758 3137 γεννᾶὸαι
813 3070 1052 3123 Ἰουδαῖοι
1100 3072 1498 3143 ἐπετρίϐησανο
1545 3073 1658 3126 ἀλλ’

68 3164 175 3215 οὐκ
203 3164 289 3224 είς
316 3161 469 3224 τέλος
495 3162 738 3231 ἴσχυσαν.
772 3162 968 3232 Ἤργει
1002 3161 1131 3230 γοῦν
1160 3162 1221 3214 τὸ
1251 3163 1380 3233 πῦρ,
1429 3163 1523 3217 καὶ
1564 3165 1663 3216 οὐκ

66 3253 377 3325 ἔπραττεν,
420 3251 556 3305 ἀλλά
597 3253 695 3323 τῆς
731 3251 884 3316 ἰδίας,
931 3252 1004 3315 ὡς
1037 3253 1229 3316 εἰπεῖν,
1263 3253 1477 3321 φύσεως
1507 3253 1664 3316 ἐκτὸς

66 3344 323 3411 ἐγένετο.
363 3344 451 3406 Ὠς
497 3342 551 3395 δὲ
584 3343 634 3394 οἱ
672 3342 770 3412 τὴν
800 3343 1100 3414 καυστικὴν
1133 3343 1267 3415 ὕλην
1299 3346 1664 3417 παραϐάλλειν

67 3437 150 3508 τῷ
185 3437 326 3507 ’πυρὶ¹
373 3435 809 3504 ἐπιτεταγμένοι,
842 3435 985 3504 φημὶ
1014 3435 1070 3486 δὲ
1108 3434 1400 3505 ρώπακας,
1445 3438 1542 3490 εἴτ’
1573 3435 1666 3491 οὖν

69 3526 340 3598 φρύγανα
363 3564 379 3588 ,
408 3524 744 3595 παραθέντες
771 3525 870 3576 οὐκ
899 3525 1182 3595 ἐνήργουν,
1211 3526 1288 3597 τῷ
1325 3529 1569 3600 Ἰωσήπῳ
1607 3530 1667 3582 τὸ

68 3618 330 3689 πραχθὲν
363 3617 663 3686 ἐσήμαναν.
709 3615 934 3686 Δηχθεὶς
984 3613 1076 3668 οὖν
1112 3617 1208 3688 τὴν
1247 3619 1418 3689 φρένα
1445 3623 1473 3672 6
1504 3621 1665 3692 ἀνὴρ,

71 3713 173 3765 καὶ
224 3710 379 3782 ζήλῳ
409 3708 594 3780 ἀρθεὶς
625 3708 703 3779 τῷ
736 3709 871 3779 πρὸς
899 3709 989 3761 τὸν
1033 3709 1256 3780 Κύριον,
1292 3711 1525 3784 ἔδραμεν
1564 3712 1668 3779 ἔξω

67 3807 174 3873 τῆς
212 3803 426 3865 πόλεως
447 3814 458 3825 ’
493 3802 584 3855 καὶ
621 3801 762 3871 ὕδωρ
791 3801 1053 3866 κελεύσας
1081 3803 1369 3874 ἐνεχθῆναι
1400 3807 1457 3860 ὲν
1485 3806 1663 3876 ἄγγει,

68 3899 130 3948 ἐν
169 3895 450 3965 καμψάκῃ
494 3895 665 3965 φημὶ,
719 3895 1007 3950 κακούϐιον
1037 3897 1093 3949 δὲ
1137 3896 1295 3950 τοῦτο
1326 3899 1434 3967 (28)
1465 3901 1512 3952 οἱ
1553 3903 1671 3954 ἐπι-

69 3986 280 4058 χώριοι
306 3985 554 4050 καλοῦσι,
589 3985 768 4039 λαϐὼν
798 3986 858 4039 τὸ
885 3987 1017 4040 αὐτὸ
1050 3987 1217 4057 ἄγγος
1248 3988 1340 4041 τοῦ
1369 3989 1560 4054 ὓδατος
1589 3993 1671 4044 ἐν.

144 4142 272 4212 (9.7)
313 4143 554 4211 Κόμητα
601 4142 711 4212 γὰρ
753 4142 939 4195 αὑτὸν
997 4143 1350 4210 κατέστησε.
1396 4144 1669 4200 Comitum

67 4214 331 4283 dignitas
358 4213 535 4284 nudus
559 4214 678 4267 sine
708 4214 1024 4284 magistratu
1052 4229 1114 4266 ac
1138 4213 1416 4268 iunctione
1435 4217 1673 4284 plerum-

68 4282 184 4351 que
215 4285 419 4336 titulus
463 4282 553 4335 fuit
580 4299 593 4346 ;
628 4293 685 4335 ut
710 4299 775 4336 ex
809 4283 1190 4337 Theodosiano
1218 4284 1403 4339 codice
1433 4282 1669 4339 constat.

68 4355 240 4408 lianc
277 4353 676 4438 Cpnstantinus
723 4353 1015 4438 plerisque,
1066 4361 1125 4405 ut
1164 4353 1334 4438 refert
1379 4355 1669 4436 Eusebius,
1703 4385 1744 4438 D

67 4425 391 4494 concessit.
409 4421 606 4494 Eadem
628 4439 722 4494 per
738 4424 1060 4494 lionorarios
1077 4424 1357 4478 codicillos
1377 4439 1404 4476 a
1428 4426 1670 4494 principe

67 4493 498 4564 conferebatur.
536 4491 651 4556 Qua
687 4491 755 4546 de
786 4509 843 4564 re
873 4492 939 4546 ad
977 4492 1259 4564 Tliemistii
1298 4491 1438 4547 orat;
1470 4512 1519 4548 iv
1551 4491 1670 4564 plu—

66 4567 242 4617 ribus
292 4563 729 4630 disputavimus,
780 4563 870 4616 ubi
917 4563 1186 4630 ejusmodi
1221 4565 1453 4620 codicilli
1499 4563 1672 4618 δέλτοι

66 4632 790 4704 σφυρήλατοιερροιιιιιιιιιι·
816 4650 842 4684 a
878 4632 1198 4688 Themistio.
1223 4633 1275 4687 In
1308 4650 1414 4703 quo
1443 4635 1672 4689 ridicula

62 4713 155 4759 est
195 4705 470 4772 anonymi
503 4704 958 4772 conjectoris,qui
993 4704 1059 4757 de
1087 4704 1480 4758 suburbicariis
1503 4721 1675 4773 nuper

65 4775 334 4843 scripsit,
369 4775 658 4843 oscitantia
695 4789 818 4826 cum
855 4776 969 4843 pari
1007 4774 1334 4842 impudentia
1360 4774 1670 4843 conjuncta.

68 4841 409 4913 Seri'pserat
456 4841 792 4898 Tliemistius
847 4841 1094 4896 oratione
1139 4844 1227 4896 illa
1274 4861 1344 4907 iv,
1389 4841 1508 4913 pag.
1542 4846 1672 4898 edit.

65 4924 297 4970 nostra?
343 4913 463 4984 ll'7,
498 4928 577 4972 se,
609 4929 733 4966 cum
771 4923 954 4982 posset
989 4913 1243 4968 omnibus
1275 4915 1382 4968 illis
1410 4931 1478 4967 ex
1508 4917 1676 4984 impe-

66 4992 298 5039 ratoris
335 4983 666 5054 liberalitate
699 4984 1025 5046 commodis,
1053 4997 1119 5054 ac
1160 4985 1551 5054 voluptatibus,
1584 4983 1678 5037 de-

68 5058 350 5122 liciisijite
381 5053 609 5121 perfrui,
645 5053 818 5106 ὁπόσα
843 5057 962 5116 ταῖς
1007 5053 1210 5116 δέλτοις
1245 5053 1526 5107 ἀκολουθεῖ
1560 5059 1678 5117 ταῖς

69 5123 494 5196 σφυρηλάτοις,
519 5124 620 5176 hoc.
648 5133 751 5188 est,
770 5139 898 5196 qua;
914 5123 1124 5196 tabulas
1148 5123 1269 5196 illus
1292 5134 1680 5196 consequuntur

65 5194 286 5249 malleo
322 5194 568 5254 ductiles,
604 5195 988 5248 communibus
1037 5195 1143 5248 illis
1195 5194 1462 5250 fructibus
1512 5195 1681 5250 fuisse

65 5274 442 5323 contentum,
477 5280 614 5332 quos
653 5266 804 5318 cives
850 5265 1031 5317 caeteri
1077 5264 1310 5334 publicis
1346 5265 1568 5334 tesseris
1599 5272 1682 5316 at-

63 5354 182 5407 que
236 5335 604 5407 imperatoris
640 5335 928 5407 largitione
971 5333 1452 5407 conSequerentur.
1484 5333 1597 5388 Hoc
1626 5336 1680 5387 in

68 5403 202 5462 loco
228 5405 470 5466 δέλτους
500 5403 878 5475 σφυρηλάτους
897 5408 1176 5475 conjector
1195 5406 1329 5458 nihil
1348 5407 1492 5458 aliud
1517 5419 1680 5474 quam

63 5489 341 5534 tesseras
387 5489 511 5527 esse
559 5473 860 5528 contendit.
898 5473 1090 5528 Verum
1153 5475 1280 5541 quid
1327 5491 1448 5530 esse
1503 5473 1683 5544 potest

69 5546 426 5604 absurdius,
460 5558 624 5612 quain
667 5560 729 5598 ex
763 5547 988 5600 tesseris
1021 5545 1127 5598 illis
1159 5546 1528 5599 frumentariis
1565 5561 1684 5598 cre-

65 5621 208 5673 dere
247 5614 479 5686 μακρόν
511 5615 659 5686 illum
703 5614 1002 5686 κατάλογον
1043 5615 1140 5686 τῆς
1181 5617 1410 5684 τρυφῆς,
1447 5616 1538 5668 καὶ
1586 5614 1682 5686 τῆς

65 5683 396 5747 εὐπαθείας
442 5683 748 5738 redundare
799 5684 992 5754 posse?
1049 5683 1352 5741 Prazsertim
1403 5701 1547 5745 cum,
1607 5685 1681 5738 uti

423 5779 697 5839 ΡΛτιιοι..
739 5778 853 5842 Gn.
907 5778 1064 5839 XLI.

1763 1795 1888 1848 Erat
1921 1795 1977 1848 in
2019 1795 2209 1850 eadem
2257 1798 2391 1850 urbe
2434 1798 2693 1866 templum
2732 1798 2925 1866 ingens
2957 1799 3085 1851 olim
3117 1812 3333 1854 exstru-

1757 1892 1927 1946 ctum,
1966 1887 2109 1954 quod
2163 1886 2511 1951 Adrianium,
2569 1889 2673 1942 nisi
2737 1889 2915 1952 fallor,
2959 1892 3327 1959 appellabant.

1759 1976 1914 2041 Quod
1953 1993 2079 2030 cum
2118 1978 2497 2047 imperfectum
2531 1980 2799 2034 hactenus
2833 1983 3148 2042 mansisset,
3175 1984 3332 2052 oppi-

1758 2073 1886 2126 dani
1934 2073 2184 2142 publicas
2225 2073 2278 2126 in
2330 2074 2558 2127 balneas
2619 2085 2957 2130 commutare
3017 2075 3328 2130 studebant.

1759 2156 1874 2212 Hoc
1905 2155 2178 2229 Iosephus
2211 2171 2426 2223 nactus,
2461 2161 2527 2215 ad
2566 2161 2619 2214 id
2667 2163 2812 2229 quod
2849 2163 3033 2217 animo
3067 2179 3334 2234 concepe~

1734 2257 1841 2303 ‘rat
1873 2252 2290 2306 accommodare
2332 2252 2597 2307 instituit.
2644 2254 2709 2306 l;t
2751 2261 2809 2306 ut
2841 2254 3110 2322 quadrato
3153 2255 3335 2324 lapide

1761 2349 2088 2410 quaternum
2125 2343 2439 2397 cubitorum
2490 2353 2695 2398 certam
2742 2346 2807 2399 ad
2843 2347 3185 2400 altitudinem
3217 2361 3334 2400 ere-

1761 2441 1909 2485 ctum
1959 2433 2265 2497 invenerat,
2303 2434 2474 2488 veteri
2517 2443 2808 2490 structura:
2855 2452 3048 2494 novam
3087 2438 3335 2492 ecclesiae

1759 2525 1955 2578 molem
1980 2525 2258 2595 imponere
2291 2529 2503 2580 statuit.
2527 2527 2606 2580 Ad
2637 2527 2689 2580 id
2717 2529 2864 2581 calce
2889 2529 3004 2581 viva
3033 2544 3172 2596 opus
3193 2540 3330 2593 erat,

1761 2615 2083 2685 reliquaque
2122 2617 2268 2669 omni
2303 2617 2553 2670 materia.
2589 2616 2754 2687 Igitur
2783 2619 3027 2672 caminos
3057 2626 3212 2671 extra
3243 2634 3334 2671 ur-

1761 2707 1882 2762 bem
1914 2707 2030 2762 ﬁeri
2070 2723 2178 2761 non
2238 2723 2444 2777 paucos
2488 2709 2738 2777 imperat,
2795 2718 3051 2779 septenos
3091 2711 3333 2775 circiter,

1762 2813 1902 2867 quos
1938 2798 2098 2868 vulgo
2129 2796 2382 2853 fornaces
2417 2799 2722 2852 nominant.
2765 2797 2876 2852 Sub
2909 2800 3024 2854 haec
3061 2799 3230 2856 Judazi
3266 2801 3330 2854 ad

1765 2889 2014 2944 audenda
2051 2890 2304 2958 quaelibet
2334 2889 2562 2958 projecti
2594 2889 2661 2943 ad
2695 2890 2894 2943 usitata
2919 2892 2966 2943 ei
2999 2893 3142 2961 genti
3166 2892 3335 2946 male-

1765 2982 1883 3035 ﬁcia
1938 2981 2262 3052 confugiunt
2339 2981 2550 3034 Etenim
2607 2981 2834 3050 magicis
2889 2983 3224 3036 carminibus
3271 2997 3335 3036 ac

1689 3050 1729 3104 (ἶ
1766 3075 2058 3146 prmsligiis
2093 3050 2199 3128 vim
2246 3074 2386 3144 ignis
2425 3073 2688 3142 impedire
2720 3075 2922 3144 egregii
2959 3074 3207 3140 homines
3241 3091 3336 3144 ag-

1763 3166 1938 3236 gressi
1973 3176 2137 3231 sunt;
2174 3166 2266 3219 sed
2298 3181 2404 3218 non
2442 3173 2706 3234 perpetuo
2741 3175 3052 3234 potuerunt.
3085 3166 3152 3218 At
3178 3166 3336 3219 initio

1764 3265 1946 3310 tamen
2004 3257 2257 3310 cessabat
2311 3256 2473 3325 ignis,
2511 3257 2756 3324 nihilque
2799 3257 3087 3326 coquebat,
3126 3265 3339 3310 natura:

1767 3365 1878 3405 suae
1913 3349 2060 3402 velut
2093 3347 2268 3402 cilicio
2296 3347 2613 3403 destitutus.
2643 3346 2780 3400 Tum
2813 3347 2903 3416 qui
2939 3348 3339 3416 suppeditando

1767 3440 1877 3510 igni
1914 3441 2133 3510 pabulo,
2173 3440 2421 3509 virgultis
2461 3441 2673 3494 scilicet
2721 3454 2785 3493 ac
2815 3439 3140 3494 fructicibus
3183 3449 3338 3494 erant

1768 3531 2022 3599 appositi,
2066 3544 2189 3584 cum
2237 3531 2373 3584 nihil
2423 3545 2480 3584 se
2521 3531 2784 3598 prolicere
2821 3530 3338 3596 animadverterent,

1768 3638 1882 3678 rem
1928 3624 1995 3676 ad
2026 3622 2326 3692 Josepbum
2362 3623 2638 3677 deferunt.
2674 3622 2906 3693 Pupugit
2932 3638 2995 3678 ea
3037 3638 3124 3677 res
3165 3623 3341 3678 homi-

1768 3729 1915 3778 nem,
1958 3715 2252 3782 statimque
2293 3715 2500 3768 cmlesti
2537 3715 2590 3768 in
2641 3715 2927 3768 Dominum
2977 3714 3175 3769 ardore
3215 3731 3341 3771 suc-

1770 3821 1970 3860 census
2008 3814 2162 3860 extra
2194 3806 2382 3859 urbem
2419 3807 2671 3872 advolat;
2711 3820 2907 3874 aquam
2948 3807 3223 3872 postulat;
3261 3808 3342 3859 af-

1772 3895 1942 3950 fertur
1976 3897 2030 3949 in
2075 3909 2226 3949 aeneo
2268 3910 2418 3959 vase,
2464 3894 2609 3962 quod
2654 3909 2976 3963 campsacen
3013 3895 3192 3965 vulgo,
3231 3895 3341 3950 illic

1771 3986 2060 4043 cacubium
2097 3992 2311 4040 vocant.
2346 3983 2424 4038 Eo
2444 3998 2630 4037 coram
2661 3985 2914 4038 omnibus
2947 3993 3169 4053 accepto
3193 3985 3340 4056 (nam

1772 4141 1906 4200 dixi,
1941 4147 2274 4192 tesserarum
2331 4137 2419 4191 illa
2471 4137 2778 4203 commoda,
2810 4155 2930 4208 quae
2961 4153 3083 4194 cum
3135 4140 3343 4208 caeteris

1773 4211 2082 4266 communia
2137 4218 2372 4276 caperet,
2410 4209 2513 4262 illis
2564 4207 2972 4279 opponat,quae
2999 4211 3114 4270 ταῖς
3141 4207 3345 4271 δέλτοις

1773 4279 2054 4334 ἀκολουθεῖ
2081 4281 2195 4341 ταῖς
2228 4280 2610 4349 σφυρηλάτοις.
2637 4280 2746 4347 Age
2771 4295 2934 4345 vero;
2965 4295 3089 4332 cum
3119 4287 3342 4349 orat.Vi,

1775 4367 1892 4420 pag.
1927 4349 2047 4411 166,
2080 4359 2261 4420 negati
2287 4347 2371 4398 ἐπ’
2398 4347 2583 4419 ἐκείνῃ
2627 4353 2691 4420 τῇ
2729 4349 2915 4417 δέλτῳ,
2968 4363 3072 4417 qua
3121 4347 3345 4420 πολιαρτ

1775 4417 1916 4492 χίᾱν,
1951 4420 2051 4472 hoc
2075 4419 2335 4492 _est_urbi_s
2353 4417 2749 4492 praefecturam,
2771 4420 3095 4492 obtinuerat,
3125 4417 3346 4492 gloriari

1776 4486 1930 4551 sese;
1994 4488 2087 4543 sed
2255 4486 2365 4540 alia,
2411 4490 2612 4559 potius,
2673 4488 2738 4559 ἣν
2785 4489 2883 4540 οὐκ
2929 4486 3347 4559 ἐποίησαν

1777 4560 2105 4630 φαντουργοὶ
2123 4557 2246 4630 οὐδὲν
2264 4557 2568 4630 χρυσοχόοι,
2599 4557 2704 4609 hoc
2723 4566 2805 4630 est
2831 4557 3173 4626 imperatoris
3212 4557 3342 4630 lilio,

1777 4625 1938 4700 quem
1989 4625 2184 4697 parens
2234 4625 2353 4680 lidei
2407 4625 3350 4700 siizecommiserat,es_tne_u_t_l‘ru7

1780 4694 2101 4755 mentar'iam
2131 4707 2392 4751 tesseram
2431 4699 2706 4764 etmjector
2736 4697 2822 4750 hic
2853 4696 3122 4751 somniet?
3172 4694 3239 4749 Ut
3281 4695 3347 4748 ad

1779 4769 2074 4838 Joseplium
2108 4767 2345 4838 redeam,
2379 4767 2568 4838 confer
2596 4782 2718 4820 cum
2739 4768 2873 4838 Aboci
2895 4766 3014 4818 loco
3042 4781 3162 4833 qua:
3194 4765 3351 4838 Euse-

1780 4836 1969 4895 bius”
1998 4846 2050 4892 et
2085 4854 2139 4890 Ill
2176 4836 2250 4890 De
2284 4839 2387 4890 vim
2413 4836 2747 4891 Constantini
2792 4837 2977 4900 refert,
3025 4847 3228 4902 quanto
3265 4837 3352 4888 hic

1781 4909 2286 4965 constituendarum
2316 4910 2513 4974 ubique
2545 4907 2900 4961 ecclesiarum
2934 4907 3118 4959 studio
3152 4906 3351 4974 llagra-

1783 4984 1940 5044 verit,
1975 4987 2142 5048 utque
2172 4979 2389 5032 easdem
2423 4977 2658 5047 publicis
2681 4977 2993 5047 sumptibus
3021 4975 3352 5030 exaediﬁcari

1785 5052 2033 5105 voluerit.

1854 5121 1966 5195 (‘28)
2004 5120 2338 5195 Κιικούϐιον
2385 5119 2694 5195 δὲ’-τοῦτο.
2771 5119 2932 5172 Forte
2990 5119 3279 5195 Kouxodpq

1787 5190 1964 5245 Habes
2003 5191 2087 5242 hic
2123 5205 2275 5258 aqua!
2310 5190 2685 5243 benedicdone
2715 5198 3046 5242 consecrata:
3075 5201 3234 5242 usum
3270 5190 3358 5237 in-

1787 5264 1993 5335 signem
2034 5269 2196 5335 atque
2244 5259 2502 5335 fructum.
2535 5260 2655 5320 (fui,
2686 5274 2808 5312 cum
2852 5259 2980 5335 haec
3035 5258 3354 5335 scriberem,

1789 5333 1943 5386 aliine
1976 5326 2240 5399 quiddam,
2258 5345 2321 5382 ac
2352 5331 2625 5399 geminum
2653 5329 2889 5383 occurrit
2913 5327 3057 5399 apud
3079 5326 3356 5399 Pbotiuni,

1789 5419 1939 5456 num.
1973 5394 2061 5462 96,
2096 5416 2164 5453 ex
2211 5394 2445 5470 Georgio
2492 5394 2966 5470 Alexandrinodiii
2996 5397 3168 5470 Actis
3191 5394 3360 5470 sancti

1789 5470 2166 5541 Chrysostami.
2216 5469 2316 5541 Ubi
2358 5462 2499 5524 inter
2522 5477 2715 5524 caetera
2749 5468 2950 5522 Euclia:
2977 5467 3260 5541 cujusdam
3299 5462 3360 5515 ii-

1791 5535 1936 5615 ιὶιιιιῖΔ
1969 5541 2134 5615 refert
2181 5555 2208 5592 a
2261 5540 2317 5593 Β.
2353 5541 2745 5615 Chrysostouio
2794 5553 2966 5615 aqum,
2997 5539 3107 5615 cui.
3147 5535 3359 5615 signum

1791 5612 1972 5666 crucis
2024 5612 2407 5679 impresserat,
2467 5607 2786 5682 aspersione
2839 5607 3286 5678 desperatissimo
3335 5620 3363 5653 ιι

1795 5683 1983 5737 morbo
2016 5682 2327 5737 liberatum.

2771 5115 2932 5172 Forte
2990 5114 3202 5170 Κουκού
3213 5130 3351 5184 μιον.

3062 5767 3130 5830 13
