3814 6284
464 257 567 314 427

1881 241 1936 295 S.
1978 239 2314 296 EPIPHANII

3632 251 3736 304 4⁵28

467 374 534 430 ad
574 373 678 426 hoc
714 368 1086 439 spectaculum
1122 363 1435 419 Judzeorum
1480 361 1640 415 turba
1681 366 2036 418 convenerat,

2154 355 2311 408 .bmov
2344 357 2561 410 πάντων
2589 357 2976 430 (συνηθροίσθη
3006 360 3063 414 δὲ
3099 360 3300 430 πλῆθος
3339 361 3613 416 Ἰουδαίων
3643 366 3730 416 ἐπὶ

469 471 530 516 ιιι
571 462 648 516 rei
687 466 962 523 eventum,
1009 471 1071 511 ac
1120 454 1251 525 quid
1297 453 1514 506 tandem
1555 449 1828 519 Joscphus
1861 456 2042 517 ageret

467 551 758 621 viderent),
801 551 956 620 137
994 547 1176 601 crucis
1229 547 1445 614 signum
1485 558 1649 612 super
1693 540 1825 593 illud
1879 537 2043 609 digito

469 646 642 710 ducit,
675 658 737 696 ac
768 641 897 696 Jesu
935 655 1133 693 nomen
1170 637 1434 690 invocans
1471 648 1665 702 magna
1701 647 1832 686 voce
1863 633 1942 685 sic
1969 631 2043 684 lo-

469 737 656 808 quitur
691 753 703 788 :
742 734 799 787 In
837 733 1055 786 nomine
1088 729 1215 784 Jesu
1253 727 1539 787 Nazareni,
1574 741 1732 794 quem
1761 725 1860 778 mei
1900 722 2043 793 pari-

473 840 557 886 ter
587 836 749 896 atque
782 826 978 878 horum
1015 822 1279 884 omnium,
1313 821 1403 889 qui
1440 820 1525 872 hic
1561 824 1766 880 astant,
1804 816 2042 884 majores

473 937 530 976 tn
561 935 777 974 crucem
810 923 1058 986 egerunt,
1081 914 1194 967 hazc
1229 927 1368 982 aqua
1404 911 1515 964 vim
1547 911 1741 964 habeto
1770 909 1834 962 ad
1867 907 2038 976 magi—

471 1027 567 1066 cas
599 1019 764 1070 artes,
815 1005 1186 1072 maleﬁciaqne
1230 1001 1411 1055 omnia
1469 1000 1876 1069 restinguenda,
1925 1014 2043 1067 qtue

473 1103 564 1156 isti
599 1103 1005 1167 compararunt,
1046 1095 1112 1147 ab
1141 1093 1436 1160 eademque
1471 1090 1550 1144 vis
1597 1089 1704 1158 igni
1742 1103 1839 1142 sua
1885 1087 2045 1139 resti-

471 1199 680 1252 tuatur,
717 1203 824 1258 quo
856 1186 1066 1240 Domini
1112 1185 1306 1238 domus
1347 1182 1553 1234 absolvi
1589 1180 1783 1249 possit.
1823 1178 1917 1233 His
1957 1177 2042 1230 di-

481 1285 606 1348 ctis,
647 1280 964 1335 fornacibus
985 1278 1214 1347 singulis
1245 1291 1441 1345 aquam
1473 1275 1731 1343 aspergit.
1757 1275 1835 1326 Ita
1865 1273 2042 1326 disso-

473 1375 603 1428 lutis
632 1371 918 1442 preestigiis
943 1385 1126 1423 coram
1158 1369 1435 1433 omnibus,
1475 1367 1616 1436 ignis
1636 1363 1905 1420 eﬂ‘erbuit.
1924 1364 2043 1430 Quo

473 1465 741 1518 miraculo
767 1471 1038 1516 commota
1073 1460 1229 1514 turba
1265 1459 1477 1530 magnis
1517 1458 1742 1512 vocibus
1769 1457 2047 1510 exclama-

471 1558 582 1609 vit:
618 1553 772 1609 Unus
788 1563 871 1608 est
904 1553 1066 1615 Deus,
1100 1554 1189 1621 qui
1217 1553 1558 1608 Christianos
1581 1550 1835 1619 adjuvat;
1865 1550 2046 1618 itaque

473 1647 746 1702 discessit.
779 1647 855 1699 Ac
889 1661 1029 1714 smpe
1069 1646 1202 1700 alias
1242 1645 1565 1698 vexantibus
1593 1642 1796 1696 Juda'is
1827 1640 2042 1694 tandem

472 1739 675 1794 veteris
710 1738 898 1808 templi
936 1745 1142 1807 partem
1176 1737 1470 1798 exstruxit,
1511 1735 1564 1788 in
1607 1749 1779 1802 eaque
1821 1745 2041 1801 parvam

471 1829 763 1883 ecclesiam
791 1827 1058 1881 condidit.
1095 1825 1228 1880 Post
1261 1825 1386 1878 inde
1415 1823 1702 1878 discedens
1731 1819 2045 1892 Seythopoli

473 1918 742 1974 consedit.
806 1917 1154 1971 Diocaesarea:
1208 1930 1370 1982 porro
1429 1914 1660 1982 aliisque
1721 1913 1776 1965 in
1831 1910 2046 1979 oppidis

472 2018 753 2080 postremo
790 2007 1050 2062 ecclesias
1088 2004 1392 2060 tediﬁcavit.
1432 2004 1512 2056 Ad
1556 2005 1670 2056 haec
1704 2002 1881 2056 obiter
1920 2015 2039 2052 nar-

473 2101 644 2154 randa
677 2098 910 2169 digressi
946 2097 1171 2160 fuimus,
1211 2111 1400 2149 eorum
1437 2095 1727 2148 occasione
1756 2093 2044 2147 librorum.

476 2195 568 2263 qui
609 2192 748 2261 apud
796 2189 1008 2244 Judteos
1051 2187 1304 2241 translati
1340 2187 1710 2256 reperiuntur,
1741 2181 2046 2252 cujusmodi

473 2294 560 2341 est
625 2283 853 2338 Joannis
915 2281 1305 2350 Evangelium,
1363 2286 1416 2333 et
1475 2278 1844 2347 apostolorum
1876 2277 2046 2328 Actus

477 2378 744 2432 I-Iebraice
770 2372 1044 2430 conversi.
1078 2370 1186 2425 Sed
1225 2370 1292 2426 de
1333 2370 1435 2424 hac
1480 2368 1742 2423 historica
1783 2367 2046 2421 relatione

474 2470 760 2522 hactenus.

543 2731 681 2787 XIII.
713 2729 865 2782 Nune
907 2727 973 2780 ad
1009 2724 1323 2778 inchoatam
1357 2721 1426 2778 de
1469 2722 1736 2777 Ebionitis
1769 2723 2041 2778 narratio-

475 2841 600 2879 nem
626 2817 945 2891 'rcgredior.
996 2815 1276 2885 Siquidem
1314 2815 1384 2868 ob
1420 2813 1660 2867 Mattluei
1692 2814 2044 2884 Evangelium

472 2936 539 2974 eo
590 2917 814 2984 delapsa
865 2920 954 2968 est
994 2911 1194 2976 oratio,
1230 2917 1288 2964 ut
1337 2909 1402 2964 ad
1437 2925 1556 2979 eam
1608 2925 1729 2979 qua:
1775 2909 1843 2963 ad
1887 2925 2048 2966 aures

2145 449 2243 519 τὴν
2273 449 2418 515 θέαν,
2468 452 2526 503 τὸ
2565 452 2974 523 ἀποϐησόμενον
3008 454 3133 507 ἰδεῖν
3169 455 3595 519 σπουδάζοντες,
3640 460 3733 510 καὶ

2145 540 2172 591 ὅ
2206 557 2254 590 τι
2287 543 2683 612 ἐπιχειρήσειεν
2731 542 2991 614 Ἰώσηπος
3027 546 3353 615 πράττειν),
3413 547 3628 617 μεγάλῃ

2120 631 2295 702 ’φωνῇ
2325 634 2352 684 ό
2378 632 2514 705 ἀνὴρ
2545 634 2777 703 σταυροῦ
2812 635 3083 704 σφραγῖδα
3115 635 3322 699 ἐπιθεὶς
3348 637 3427 706 τῷ
3452 637 3613 704 ἄγγει
3648 639 3734 689 διὰ

2145 722 2236 774 τοῦ
2291 723 2420 774 ἰδίου
2463 724 2750 789 δακτύλου,
2804 727 2898 778 καὶ
2949 726 3416 796 ἐπικαλεσάμενος
3459 728 3524 779 τὸ
3564 728 3733 796 ὄνομα

2158 815 2330 885 Ἰησοῦ
2351 856 2364 876 ,
2403 812 2554 868 εἶπεν
2585 818 2784 880 οὕτως’
2831 819 2918 871 Ἐν
2946 818 3170 888 ὀνόματι
3209 819 3384 889 Ἰησοῦ
3415 820 3510 872 τοῦ
3540 821 3734 882 Ναζω-

2149 907 2320 975 ραίου,
2365 902 2426 960 οῦ
2461 907 2810 978 ἐσταύρωσαν
2859 910 2906 960 οἱ
2959 910 3194 980 πατέρες
3231 927 3330 979 μου
3382 911 3474 962 καὶ
3529 911 3730 963 τούτων

2147 1000 2361 1052 πάντων
2388 999 2494 1052 τῶν
2525 999 2926 1072 περιεστώτων,
2953 1002 3179 1071 γένηται
3208 1001 3436 1070 δύναμις
3471 1004 3529 1054 ἐν
3560 1003 3731 1072 τούτῳ

2145 1088 2220 1157 τῷ
2272 1090 2424 1143 ὕδατι
2475 1094 2552 1153 εἰς
2594 1092 2851 1161 ἀθέτησιν
2898 1093 3078 1161 πάσης
3121 1092 3468 1162 φαρμακείας
3501 1094 3596 1145 καὶ
3629 1111 3728 1162 μα-

2146 1183 2318 1249 γείας,
2345 1180 2412 1255 ἦς
2443 1176 2588 1236 οῦτοι
2622 1185 2882 1254 ἔπραξαν,
2915 1186 3008 1236 καὶ
3038 1186 3116 1246 εἰς
3144 1185 3422 1252 ἐνέργειαν
3449 1184 3730 1254 δυνάμεως

2145 1273 2222 1343 τῷ
2256 1276 2390 1344 πυρὶ
2418 1277 2496 1338 είς
2531 1276 2591 1327 τὸ
2621 1274 3029 1346 ἐπιτελεσθῆναι
3063 1277 3152 1327 τὸν
3178 1268 3327 1327 οἷκον
3358 1276 3582 1342 Κυρίου.
3622 1277 3730 1327 Καὶ

2145 1365 2316 1426 οὕτως
2359 1365 2623 1436 λαμϐάνει
2673 1367 2732 1418 τὸ
2779 1366 2924 1436 ὕδωρ
2978 1369 3035 1418 ἐν
3083 1368 3145 1434 τῇ
3198 1366 3360 1435 χειρὶ,
3413 1368 3507 1416 καὶ
3558 1367 3730 1436 ῥαίνει

2147 1458 2360 1526 ἑκάστῳ
2380 1459 2643 1527 φουρνακι
2663 1459 2724 1509 ἐκ
2753 1457 2843 1510 τοῦ
2874 1457 3082 1519 ὓδατος.
3115 1458 3220 1509 Καὶ
3247 1457 3502 1507 ἀνελύετο
3525 1458 3625 1525 μὲν
3664 1457 3728 1507 τέι

2148 1549 2435 1619 φάρμακα,
2470 1549 2528 1601 τὸ
2557 1549 2664 1621 πῦρ
2709 1549 2765 1602 δέ
2801 1549 3030 1602 ἐνώπιον
3063 1550 3278 1601 πάντων
3313 1549 3724 1602 ἀνεόλύττανεν.

2150 1644 2210 1694 Oi
2253 1642 2306 1694 δέ
2357 1643 2622 1712 παρόντες
2667 1643 2831 1712 ὄχλοι,
2883 1643 3330 1712 κραυγάσαντες,
3376 1639 3469 1705 Εἷς
3521 1644 3664 1717 93b;
3701 1648 3727 1697 ό

2150 1731 2358 1801 βοηθῶν
2388 1736 2498 1794 τοῖς
2528 1735 2901 1802 Χριστιανοῖς,
2946 1732 3320 1803 ἀνεχώρησαν.
3366 1735 3635 1798 Πολλάκις
3671 1735 3724 1788 δὲ

2148 1824 2456 1876 κακούντων
2499 1826 2587 1876 τὸν
2630 1826 2797 1895 ἄνδρα
2829 1826 3072 1882 ἐκείνων,
3111 1827 3188 1886 είς
3219 1826 3442 1896 ῦστεμν
3472 1826 3642 1894 μέρος
3676 1845 3724 1879 τι

2145 1913 2237 1965 τοῦ
2272 1914 2398 1966 ναοῦ
2436 1918 2492 1966 ἐν
2533 1916 2805 1984 Τιϐεριάδι
2839 1915 3233 1984 οἰκοδομήσας,
3273 1917 3362 1968 καὶ
3398 1919 3602 1986 μικράν
3636 1918 3727 1967 ἐκ-

2148 2005 2373 2075 κλησίαν
2403 2006 2753 2067 ἀποτελέσας,
2785 2005 2955 2068 οὕτως
2994 2006 3201 2057 ἐκεῖθεν
3228 2006 3595 2075 ἀνεχώρησεν.
3640 2009 3725 2058 Ἐν

2148 2096 2474 2148 Σκυθοπόλει
2506 2097 2560 2148 δὲ
2601 2096 2788 2160 ἐλθὼν,
2825 2098 3162 2166 κατέμεινεν.
3211 2097 3299 2149 Ἑν
3341 2099 3725 2168 Διοκαισαρεία

2145 2187 2201 2238 δὲ
2253 2187 2346 2239 καὶ
2389 2186 2575 2248 ἄλλαις
2617 2187 2728 2238 τισὶ
2774 2187 2994 2249 τελείως
3042 2188 3376 2257 ᾠκοδόμησε.
3437 2188 3626 2240 Ταῦτα
3671 2189 3724 2239 δὲ

2148 2280 2486 2353 πραχθέντα,
2533 2281 2624 2332 καὶ
2670 2279 2902 2332 ἐνταῦθά
2956 2281 3043 2350 μοι
3092 2281 3492 2350 ἐπιμνησθέντα
3541 2283 3724 2335 ἕνεκεν

2147 2370 2244 2439 τῆς
2273 2369 2379 2421 τῶν
2425 2369 2618 2438 βίϐλων
2645 2369 2960 2440 ἑρμηνείας,
3010 2370 3125 2435 πῶς
3171 2372 3278 2423 ἀπὸ
3321 2371 3629 2441 Ἑλληνίδος
3667 2375 3724 2426 τδ

2149 2460 2288 2512 κατὰ
2330 2461 2578 2530 Ἰωάννην
2627 2461 2956 2529 Εὑαγγέλιον
3000 2464 3078 2524 εἰς
3127 2462 3382 2534 Ἐϐραῖδα
3435 2464 3722 2532 μετέπεσε,

2149 2554 2242 2604 κα).
2293 2553 2346 2604 αἱ
2398 2551 2630 2622 Πράξεις
2673 2552 2780 2603 τῶν
2825 2553 3166 2616 ἀποστόλων,
3219 2555 3324 2616 ἕως
3369 2548 3470 2608 ὧδε
3515 2554 3582 2607 τὰ
3626 2559 3725 2625 τῆς

2152 2644 2390 2713 ἱστορίας
2423 2643 2516 2696 καὶ
2540 2645 2862 2713 ὑφηγήσεως
2896 2643 3082 2712 ἐχέτω.

2221 2734 2319 2788 1Γ’.
2367 2733 2648 2804 Ἐπάνειμι
2693 2735 2878 2802 δὲτὴν
2923 2735 3064 2786 κατὰ
3102 2735 3352 2799 Ἐὅίωνος
3397 2737 3726 2807 ποιούμενος

2151 2826 2485 2880 ἀκολουθίαν.
2519 2827 2618 2878 Διά
2659 2829 2768 2898 γὰρ
2800 2827 2860 2878 τὸ
2897 2827 3036 2879 κατά
3080 2829 3352 2880 Ματθαῖον
3393 2828 3725 2896 Εὐαγγέλιον

2153 2917 2352 2989 προῖὼν
2385 2921 2411 2970 ὁ
2454 2919 2607 2985 λόγος
2647 2918 2744 2986 τὴν
2793 2918 3109 2970 ἀκολουθίαν
3154 2922 3233 2981 εἰς
3278 2921 3423 2989 ἡμᾶς
3463 2921 3726 2989 ἐλθούσης

474 3022 699 3069 nostras
730 3015 1057 3080 pervenerat
1089 3005 1377 3059 historiam
1411 3003 1774 3057 enarrandam
1801 3019 2044 3058 necessa-

2154 3007 2401 3074 γνώσεως
2431 3006 2768 3076 παραθέσθαι
2810 3008 3135 3075 ἠνάγκασεν,
3183 3009 3268 3061 Ἐν
3317 3008 3390 3077 τῷ
3424 3009 3554 3074 γοῦν
3593 3012 3725 3081 παρ’

473 3106 560 3158 rio
588 3116 712 3158 sese
734 3104 1109 3152 converteret.
1139 3094 1310 3164 Igitur
1347 3095 1403 3146 in
1433 3108 1520 3155 eo,
1549 3091 1694 3162 quod
1729 3110 1896 3162 penes
1923 3095 2045 3149 illos

473 3202 580 3257 cst,
638 3190 873 3244 Matthzei
921 3186 1234 3256 Evangelia,
1287 3198 1601 3253 quanquam
1655 3199 1722 3236 ne
1772 3183 2043 3252 integrum

474 3285 695 3354 quidem
731 3281 865 3334 illud
898 3279 1122 3343 habent,
1146 3276 1241 3330 sed
1277 3272 1646 3329 adulteratum
1673 3290 1738 3329 ac
1767 3277 2041 3342 mutilum,

473 3376 642 3444 idque
676 3374 856 3442 ipsum
892 3368 1222 3424 i-Iebraicum
1243 3379 1465 3432 vocant,
1504 3369 1575 3422 ita
1609 3373 1873 3440 scriptum
1909 3380 1994 3426 est
2030 3389 2042 3426 :

475 3465 671 3521 Fuisse
703 3470 915 3517 certum
949 3460 1249 3522 hominem,
1287 3461 1507 3514 nomine
1535 3461 1744 3528 Jesum,
1777 3477 2046 3517 annorum

477 3558 696 3613 circiter
726 3555 970 3624 triginta,
1003 3552 1094 3622 qui
1129 3567 1229 3605 nos
1262 3553 1485 3622 elegerit
1506 3569 1518 3612 ;
1541 3553 1634 3621 qui
1661 3553 2045 3623 Capharnaum

477 3649 702 3703 veniens
735 3648 789 3698 in
825 3643 1088 3706 Simonis,
1120 3637 1444 3713 cognomine
1474 3643 1638 3709 Petri,
1665 3646 1807 3699 aedes
1837 3645 2048 3715 ingres-

478 3756 574 3795 sus
601 3745 703 3801 est,
739 3743 1035 3805 apertoque
1080 3749 1177 3789 ore
1223 3749 1324 3789 suo
1357 3735 1494 3788 dixit
1528 3735 1698 3790 :Cum
1744 3737 2045 3791 secundum

478 3829 786 3885 Tiberiadis
823 3831 999 3881 locum
1035 3827 1348 3892 transirem,
1391 3826 1654 3882 Joannem
1695 3837 1748 3882 et
1781 3829 2044 3884 Jacobum

479 3920 725 3976 Zebedaei
769 3918 905 3972 ﬁlios
939 3918 1096 3986 elegi,
1138 3925 1193 3972 et
1227 3915 1530 3979 Simonem.
1571 3927 1624 3972 et
1658 3918 1954 3980 Andream,
1994 3929 2048 3973 et

478 4011 829 4070 Thaddamm.
845 4016 897 4062 et
911 4006 1185 4062 Simonem
1205 4007 1449 4071 Zeloten,
1462 4007 1550 4061 etJ
1559 4008 1718 4063 udam
1732 3996 2046 4074 lscarioten,

477 4113 531 4158 et
559 4114 610 4157 te
631 4101 939 4154 Matthaeum
972 4100 1037 4153 ad
1057 4101 1320 4153 telonium
1339 4100 1615 4154 sedentem
1637 4102 1845 4163 vocavi,
1874 4118 1936 4155 ac
1965 4119 2051 4157 me

480 4195 596 4262 ipse
628 4201 851 4248 secutus
869 4208 947 4246 es.
969 4189 1104 4244 Volo
1130 4191 1312 4258 itaque.
1335 4190 1622 4243 duodecim
1654 4205 1751 4244 vos
1773 4191 2050 4259 apostolos

478 4302 601 4342 esse
645 4285 713 4338 ad
755 4283 1129 4338 testimonium
1187 4283 1426 4336 Israelis.
1501 4280 1565 4333 Et
1628 4289 1745 4335 erat
1811 4284 2052 4338 Joanms

2153 3100 2334 3160 αὐτοῖς
2362 3096 2677 3165 Εὑαγγελίῳ
2703 3097 2841 3149 κατὰ
2886 3095 3162 3148 Ινιατθαίον
3195 3097 3593 3168 ὀνομαζομένῳ,
3629 3102 3727 3169 οὐχ

2152 3189 2257 3257 ὅλῳ
2291 3187 2345 3238 δέ
2389 3185 2768 3256 πληρεστάτῳ,
2816 3186 2951 3239 ἀλλὰ
2984 3186 3370 3257 νενόθέυμένῳ,
3416 3190 3502 3241 καὶ
3539 3192 3727 3262 ἠκρω-

2152 3279 2522 3350 τηριασμένῳ,
2561 3278 2846 3349 Ἐϐραῖκὸν
2880 3279 2936 3331 δὲ
2985 3279 3141 3331 τοῦτο
3178 3279 3461 3342 καλοῦσιν,
3492 3283 3728 3352 ἐμιρέρε-

2152 3389 2261 3438 ται,
2281 3373 2361 3423 ὅτι
2392 3372 2639 3435 Ἐγένετό
2667 3389 2746 3434 τις
2776 3371 2912 3442 ἀνὴρ
2935 3371 3155 3442 ὀνόματι
3187 3372 3411 3441 Ἰησοῦς,
3443 3376 3539 3426 καὶ
3564 3376 3726 3439 αὐτὸς

2153 3464 2228 3526 ὡς
2252 3463 2388 3516 ἐτῶν
2417 3465 2727 3534 τριάκοντα,
2765 3464 2822 3527 ὃς
2875 3463 3154 3528 ἐξελέξατο
3199 3468 3368 3535 ἡμᾶς.
3403 3469 3512 3520 Καὶ
3558 3469 3724 3521 ἐλθὼν

2153 3557 2232 3620 είς
2267 3557 2666 3626 Καφαρναοὺμ,
2715 3555 2959 3625 εἰσῆλθεν
3005 3559 3085 3618 είς
3133 3557 3229 3626 τὴν
3260 3559 3434 3610 οἰκίαν
3483 3559 3722 3629 Σίμωνπ

2153 3646 2246 3698 τοῦ
2275 3645 2660 3715 ἐπικληθέντος
2714 3647 2959 3717 Πέτρου,
3008 3647 3102 3698 καὶ
3162 3634 3376 3712 ἀνοίξας
3427 3650 3487 3700 τὸ
3554 3652 3721 3719 στόμα

2156 3737 2321 3789 αὑτοῦ
2361 3736 2504 3803 εἶπε,
2562 3737 2978 3808 Παρερχόμενος
3015 3739 3163 3808 παρά
3201 3738 3299 3808 τὴν
3335 3739 3530 3810 λίμνην
3568 3743 3723 3794 Τιϐε-

2157 3829 2337 3900 ριάδος
2380 3827 2710 3897 ἐξελεξάμην
2749 3829 2999 3899 Ἰωάννην
3036 3830 3129 3882 καὶ
3172 3831 3423 3883 Ἰάκωϐον
3455 3833 3605 3895 υἱοὺς
3633 3835 3722 3884 Ζε-

2156 3922 2391 3986 ϐεδαίου,
2429 3924 2522 3974 καὶ
2565 3921 2804 3990 Σίμωνα,
2847 3922 2938 3972 καὶ
2987 3921 3257 3992 Ἀνδρέαν,
3310 3923 3404 3974 καὶ
3447 3924 3718 3985 Θαδδαῖον,

2157 4017 2251 4065 καὶ
2298 4014 2515 4082 Σίμωνα
2565 4012 2656 4064 τὸν
2704 4003 2986 4082 Ζηλωτὴν,
3036 4013 3129 4065 καὶ
3172 4013 3372 4067 Ἰούδαν
3419 4017 3508 4068 τὸν
3555 4017 3722 4068 Ἰσκα-

2162 4104 2380 4175 ριώτην,
2425 4104 2514 4158 καί
2550 4122 2607 4156 σε
2653 4106 2748 4156 τὸν
2783 4105 3057 4158 Ἁνῐατθαῖον
3102 4107 3461 4177 καθεζόμενον
3507 4109 3600 4160 ἐπὶ
3631 4109 3720 4160 τοῦ

2158 4197 2408 4249 τελωνίου
2441 4197 2692 4259 ἐκάλεσα,
2731 4196 2823 4249 καὶ
2853 4197 3218 4266 ἡκολούθησάς
3261 4217 3366 4268 μοι.
3414 4200 3587 4268 Ὑμεῖς
3633 4198 3719 4254 οὖν

2163 4286 2420 4357 βούλομαι
2467 4283 2605 4340 εἶναι
2644 4286 2866 4339 δεκαδύο
2913 4288 3259 4351 ἀποστόλους,
3302 4290 3381 4351 εἰς
3429 4289 3720 4360 μαρτύριον

479 4376 783 4446 baptizans,
828 4382 881 4427 et
918 4373 1165 4428 exierant
1200 4372 1263 4424 ad
1303 4387 1427 4425 eum
1471 4370 1754 4434 Pharisaei,
1804 4373 1964 4442 138
1999 4384 2044 4427 et

2156 4379 2248 4431 τοῦ
2295 4379 2529 4449 Ἰσραήλ.
2572 4380 2680 4430 Καὶ
2722 4373 2936 4445 ἐγένετο
2993 4378 3244 4447 Ἰωάννης
3278 4379 3582 4447 βαπτίζων,
3634 4383 3720 4432 καί

478 4467 738 4538 baptizati
773 4473 922 4530 sunt,
963 4475 1018 4520 ct
1052 4465 1230 4518 omnis
1267 4461 1663 4532 Hierosolyma.
1707 4464 1826 4532 Ipse
1866 4475 2046 4518 autem

475 4559 712 4614 Joannes
743 4558 977 4612 habebat
1012 4555 1398 4609 vestimentum
1443 4554 1507 4608 de
1549 4555 1675 4622 pilis
1715 4555 2046 4608 camelorum

476 4661 531 4705 et
567 4666 758 4705 zonam
808 4647 1094 4717 pelliccam
1136 4646 1280 4699 circa
1321 4645 1536 4699 lumbos
1579 4663 1712 4702 suos
1755 4665 1767 4700 :
1803 4655 1857 4702 et
1891 4649 2048 4704 cibus

476 4744 597 4808 ejus
635 4749 752 4796 erat
797 4740 902 4792 mel
955 4737 1224 4798 silvestre,
1272 4737 1430 4806 cujus
1477 4754 1639 4806 sapor
1678 4750 1794 4793 erat
1838 4757 2050 4797 mannre

478 4833 696 4894 similis,
718 4828 1062 4898 velutlagani
1086 4827 1208 4881 frixi
1233 4845 1353 4880 cum
1378 4829 1516 4884 oleo.
1546 4831 1699 4895 Quod
1729 4849 1793 4886 eo
1815 4833 2043 4897 faciunt,

477 4934 537 4978 ut
566 4922 812 4978 veritatis
845 4935 1153 4976 sermonem
1202 4919 1255 4972 in
1303 4920 1646 4975 mendacium
1687 4935 2044 4992 counnutcnt,

477 5026 530 5071 et
563 5031 661 5085 pro
700 5030 764 5069 eo
794 5014 937 5083 quod
969 5022 1053 5068 est
1091 5013 1339 5083 ἀκρίδας,
1385 5015 1486 5067 hoc
1529 5025 1612 5069 est
1655 5015 1915 5082 locustas,
1953 5022 2046 5089 ἐγ-

478 5110 690 5180 κρίδας,
727 5108 828 5161 hoc
858 5115 941 5162 est
979 5107 1231 5177 epichyla
1262 5108 1463 5161 mellita
1491 5108 1842 5164 substituant.
1876 5111 2048 5169 Porro

430 5255 431 5258 η
479 5199 830 5268 Evangelium
858 5199 1073 5252 illorum
1112 5202 1191 5252 sic
1227 5197 1691 5267 incipitzl’actum
1727 5205 1892 5258 estin
1925 5207 2042 5262 die-

479 5294 580 5346 bus
615 5290 844 5344 IIerodis
878 5290 1022 5358 regis
1052 5287 1269 5353 Judtete,
1315 5299 1374 5344 ut
1417 5292 1627 5346 veniret
1669 5293 1907 5352 Joannes
1948 5300 2044 5353 ba-

547 5445 659 5517 (29)
703 5442 784 5501 Οὗ
822 5447 857 5513 ἡ
893 5445 1100 5513 γεῦσις
1137 5442 1215 5517 ﬁt
1263 5446 1366 5498 τοῦ
1411 5447 1629 5514 μάννα.
1673 5449 1775 5514 Qui
1809 5459 1915 5504 tam
1953 5454 2046 5506 ah-

477 5515 644 5572 Surda
699 5517 1142 5585 interpretatione
1195 5515 1375 5568 fucum
1426 5519 1551 5580 huic
1606 5521 1722 5574 loco
1775 5520 2045 5583 faciebant

478 5587 736 5650 haeretici,
755 5587 820 5640 ad
843 5581 903 5641 ea
929 5587 1315 5656 respiciebant,
1341 5603 1459 5655 qua:
1490 5587 1659 5643 Exod.
1689 5608 1774 5644 xvr
1806 5601 1860 5644 et
1878 5581 2041 5649 Num.

479 5673 575 5719 xu.
609 5657 675 5714 de
717 5673 914 5713 manna
951 5658 1200 5728 leguntur
1246 5678 1258 5713 :
1298 5659 1454 5728 cujus
1486 5669 1678 5729 gustus
1711 5661 1879 5716 fuisse
1911 5664 2045 5718 dici-

2155 4471 2375 4540 ἐξῆλθον
2403 4472 2536 4541 πρὸς
2567 4471 2726 4523 αὐτὸν
2743 4471 3042 4540 Φαρισαῖοι,
3064 4471 3156 4523 καὶ
3184 4470 3610 4540 ἐϐαπτίσθησαν,
3635 4476 3717 4525 καὶ

2128 4615 2130 4617 ,
2157 4566 2307 4617 πᾶσα
2342 4564 2710 4635 Ἰεροσόλυμα.
2746 4563 2857 4616 Καὶ
2887 4559 3030 4632 εἶχεν
3051 4566 3078 4616 ὁ
3117 4561 3368 4632 Ἰωάννης
3390 4563 3593 4632 ἔνδυμα
3621 4565 3718 4616 ἀπὸ

2154 4655 2356 4727 τριχῶν
2392 4655 2675 4726 καμήλου,
2716 4655 2808 4708 καὶ
2861 4654 3037 4725 ζώνην
3083 4653 3409 4725 δερματίνην
3456 4656 3585 4725 περὶ
3630 4655 3718 4723 τὴν

2156 4749 2324 4814 ὀσφὺν
2378 4746 2574 4799 αὐτοῦ’
2616 4746 2709 4798 καὶ
2753 4747 2811 4798 τὸ
2871 4745 3066 4817 βρῶμα
3127 4745 3324 4808 αὑτοῦ,
3378 4748 3544 4817 φησὶ,
3603 4747 3715 4815 μέλι

2155 4842 2364 4913 ἄγριον,
2403 4834 2462 4893 οῦ
2518 4843 2549 4912 ἡ
2585 4841 2770 4909 γεῦσις
2810 4837 2876 4910 ἦν
2910 4841 3000 4894 τοῦ
3039 4841 3212 4912 μάννα
3245 4843 3374 4911 (9.9),
3419 4843 3492 4906 ὡς
3539 4846 3715 4915 ἐγκρὶς

2156 4935 2212 4986 ἐν
2235 4933 2431 5004 ἐλαίην
2463 4934 2547 4986 ἵνα
2575 4935 2736 5005 δῆθεν
2773 4934 3186 5005 μεταστρέψωσι
3223 4935 3314 4987 τὸν
3345 4935 3443 5006 τῆς
3471 4937 3715 5007 ἀληθείας

2155 5025 2308 5094 λόγον
2332 5029 2409 5090 εἰς
2437 5026 2650 5096 ψεῦδος,
2683 5027 2776 5080 καὶ
2801 5028 2920 5080 ἀντὶ
2950 5027 3186 5099 ἀκρίδων
3213 5029 3510 5098 ποιήσωσιν
3544 5029 3714 5099 ἐγκρί-

2153 5117 2245 5180 δας
2277 5119 2332 5170 ἐν
2367 5119 2560 5188 μέλιτι.
2609 5119 2670 5171 Ἦ
2706 5119 2762 5171 δὲ
2797 5121 2939 5189 ἀρχὴ
2970 5118 3062 5172 τοῦ
3099 5121 3228 5189 παρ’
3272 5121 3453 5182 αὐτοῖς
3483 5121 3712 5189 E511ny-

2154 5207 2266 5259 λίου
2289 5207 2423 5276 ἔχει,
2449 5209 2529 5260 δτι
2588 5209 2835 5276 Ἰέγένετο
2874 5212 2930 5262 ἐν
2961 5213 3080 5272 ταῖς
3105 5212 3335 5280 ἡμέραις
3365 5211 3603 5280 Ἡρώδου
3629 5211 3711 5262 τοῦ
3793 5241 3796 5258 .

2156 5297 2419 5367 βασιλέως
2465 5299 2562 5368 τῆς
2610 5299 2899 5368 Ἰουδαίας,
2944 5297 3106 5372 ἦλθεν
3164 5301 3416 5372 Ἰωάννης
3451 5303 3610 5372 βαπτὶ

3488 5303 3711 5366 επτίζων

2156 5463 2260 5537 tun.
2293 5456 2367 5537 ὡς
2390 5458 2577 5536 ἐγκρὶς
2605 5461 2659 5537 ἐν
2691 5459 2872 5537 ἐλαίῳ.
2907 5460 3024 5537 Sed
3045 5478 3143 5516 nec
3173 5461 3352 5515 minus
3384 5461 3612 5513 ridicule
3633 5474 3711 5512 no-

2154 5529 2252 5580 stri
2301 5529 2564 5609 temporis
2577 5599 2587 5609 .
2614 5529 2849 5588 haeretici
2897 5532 3117 5604 quidam
3148 5547 3337 5587 vocem
3374 5532 3598 5601 ἀκρίδας
3626 5531 3709 5586 de-

2153 5611 2379 5666 pravare
2409 5606 2590 5653 conati
2627 5608 2774 5654 sunt.
