3760 6176
425 237 518 292 451
1831 221 1888 276 S.
1930 219 2038 275 ΕΡΙ

2141 218 2271 275 AN"
3585 220 3666 276 ἇὖὲ

425 349 797 410 sacrosanctis
831 347 1082 404 ecclesiis
1123 348 1400 419 leguntur.
1433 346 1505 399 Ex
1544 345 1747 416 quibus
1788 351 2005 398 constat
2034 395 2039 406 ε

2141 342 2347 397 ’τολῶν
2363 342 2704 412 ἐγκυκλίων
2747 341 2855 395 τῶν
2911 339 2970 394 ἐν
3010 343 3129 404 ταῖς
3160 339 3345 409 ἁγίαις
3371 339 3666 410 ἐκκλησίαις

426 448 585 514 longe
630 444 699 498 ab
742 443 810 495 iis
844 455 966 510 quae
997 439 1050 492 in
1089 438 1411 492 Circuitibus
1449 437 1558 492 illis
1587 436 1688 491 sub
1731 436 1851 506 ejus
1901 450 2003 489 no-

2141 434 2628 504 ναγινωσκομένων
2648 474 2661 498 ,
2697 434 2781 486 ὅτι
2806 431 2964 486 ἄλλον
2999 431 3111 502 ἔχει
3140 431 3470 503 χαρακτῆρα
3495 433 3529 502 ἡ
3562 433 3666 485 ἐαυ-

425 539 574 591 inine
601 534 911 588 adulterina
939 539 1180 595 exstant,
1224 531 1372 584 illius
1413 527 1571 582 ﬁdem
1604 542 1666 582 ac
1697 542 2004 582 sermonem

2141 526 2200 579 οῦ
2241 524 2423 589 πίστις
2450 527 2546 578 καὶ
2577 526 2605 576 ὁ
2633 524 2791 593 λόγος
2818 523 2968 596 παρὰ
3007 523 3076 576 τά
3101 523 3206 575 ὑπὸ
3232 522 3441 576 τούτων
3469 525 3550 586 είς
3574 524 3666 576 δνο-

426 627 799 682 abhorruisse.
838 623 1052 678 Etenim
1088 622 1454 691 virginitatem
1487 619 1740 674 Clemens
1764 617 2003 681 edocuit,

2141 636 2188 671 ια
2215 617 2380 671 αὑτοῦ
2414 619 2470 670 ἐν
2495 619 2616 679 ταῖς
2647 616 2953 685 Περιόδοις
2981 615 3356 686 νενοθευμένα.
3385 614 3560 677 Αὐτὸς
3586 615 3667 685 γὰρ

429 720 522 774 isti
547 717 839 788 repudiarit
873 733 886 768 :
922 714 1013 768 ille
1059 712 1229 765 Eliam
1278 711 1534 765 Davidem
1564 718 1617 763 et
1651 709 2006 778 Sampsonem

2141 709 2406 780 ταρθενίαν
2445 709 2721 771 διδάσκει,
2758 709 2852 761 καὶ
2904 708 3056 761 αὐτοὶ
3098 708 3160 760 οὐ
3209 707 3480 778 δέχονται.
3528 710 3668 770 Αὖιὲς

430 825 736 879 omnesque
785 807 1080 877 prophetas
1130 802 1514 867 commendat;
1567 800 1834 855 Ebionitie
1859 801 2009 856 dcte—

2141 801 2219 871 ’ὰρ
2257 797 2594 869 ἐγκωμιάζει
2633 799 2820 851 Ἠλίαν
2851 799 2946 851 καὶ
2979 798 3142 851 Δαϐὶδ
3187 798 3283 852 καὶ
3318 798 3561 868 Σαμψὼν
3599 803 3669 851 καὶ

431 906 668 953 stantur.
692 897 873 962 Quare
904 897 958 948 in
992 893 1314 948 Circuitibus
1345 893 1467 946 istis
1497 907 1655 946 suum
1689 891 1755 944 ad
1788 892 2011 946 institu-

432 1001 546 1044 tum
596 988 1080 1043 accommodarunt
1127 985 1331 1047 omnia,
1370 999 1432 1037 ac
1474 983 1541 1038 de
1580 981 1743 1038 Petro
1775 983 2009 1053 plurima

431 1078 714 1133 mendacia
739 1078 1143 1132 conﬁnxerunt.
1170 1075 1490 1144 Cujusmodi
1519 1076 1763 1130 estinter
1792 1087 2005 1140 cratera,

433 1170 676 1239 quotidie
715 1169 866 1223 illum
914 1167 1258 1220 castimonia:
1288 1180 1458 1220 causa
1495 1167 1716 1232 lavisse,
1745 1167 1890 1235 quod
1919 1167 2009 1221 isti

433 1263 616 1318 facere
645 1267 1068 1315 consueverunt.
1098 1257 1236 1312 Tum
1283 1260 1350 1312 ab
1383 1258 1641 1314 animatis
1675 1259 1930 1313 omnibus
1958 1265 2013 1312 et

433 1351 717 1411 carnibus,
738 1348 1054 1418 reliquoque
1079 1347 1251 1408 omni,
1269 1346 1415 1416 quod
1445 1361 1608 1400 carne
1630 1354 1866 1411 constet,
1894 1349 2014 1403 alis-

431 1437 698 1501 tinuisse;
743 1436 1001 1504 quoniam
1052 1434 1120 1488 ab
1164 1435 1232 1488 iis
1285 1442 1396 1487 tam
1438 1435 1612 1489 Ebion
1649 1437 1801 1499 olim,
1850 1451 2011 1504 quam

435 1528 598 1582 hodie
625 1525 892 1579 libionita‘.
926 1539 1118 1579 omnes
1151 1523 1469 1578 abhorrent.
1505 1524 1751 1594 Cumque
1777 1525 2012 1593 aliquem

434 1635 500 1673 ex
526 1619 632 1671 illis
663 1615 1110 1685 interrogaveris,
1135 1630 1235 1669 cur
1260 1614 1480 1668 tandem
1514 1616 1583 1669 ab
1611 1614 1865 1669 animatis
1895 1630 2016 1670 sese

437 1710 740 1774 contineat,
791 1707 938 1760 aliud
968 1707 1102 1759 nihil
1136 1714 1334 1777 printer
1366 1707 1469 1760 hoc
1504 1707 1814 1776 imperitum
1849 1717 1902 1761 et
1932 1707 2016 1759 in-
2049 1686 2090 1741 Β

440 1802 649 1855 sulsum
677 1799 930 1868 excipiet,
965 1798 1109 1867 quod
1141 1799 1230 1852 illa
1258 1814 1288 1852 e
1315 1813 1608 1867 corporum
1641 1800 1792 1853 coitu
1814 1813 2018 1853 concu-

444 1893 670 1961 bituque
698 1890 1013 1960 gignantur,
1052 1905 1111 1944 se
1148 1890 1355 1943 idcirco
1386 1905 1494 1943 non
1523 1890 1688 1943 vesci.
1714 1888 1790 1943 Ex
1825 1905 1933 1959 quo
1958 1890 2020 1942 il-

450 1982 536 2036 .ud
568 1997 915 2052 consequens
964 1989 1070 2045 est,
1125 1981 1226 2036 hos
1279 1982 1428 2051 ipsos
1463 1984 1555 2052 qui
1597 1998 1662 2036 ex
1695 1983 1882 2036 eodem
1918 1983 2020 2036 viri

450 2074 768 2143 feminaeque
803 2073 1092 2142 complexu
1123 2073 1235 2126 nati
1267 2083 1417 2136 sunt,
1457 2074 1852 2129 abominandos
1875 2090 2016 2138 esse,

449 2167 490 2220 si
523 2180 652 2220 vera
683 2173 812 2219 sunt
854 2179 975 2234 quae
1023 2179 1088 2219 ex
1122 2179 1218 2218 ore
1246 2179 1349 2219 suo
1373 2166 1542 2221 stulte
1572 2181 1635 2220 ac
1665 2165 1899 2222 ridicule
1924 2181 2025 2221 vo-

449 2266 720 2312 mtterunt.

477 2384 488 2394 υ
516 2348 657 2403 XVI.
691 2347 958 2402 Caeterum
982 2346 1257 2416 baptismo
1284 2363 1503 2418 quoque
1532 2357 1730 2419 praeter
1755 2348 2028 2419 quotidia-

453 2436 763 2488 nu'nnillum
797 2437 1108 2501 initiantur,
1162 2446 1217 2491 et
1249 2452 1315 2491 ex
1362 2436 1805 2492 Christianorum
1840 2437 2030 2493 Eccle-

453 2526 655 2594 siaaque
691 2527 999 2582 imitatione
1028 2527 1293 2597 mysteria
1324 2525 1574 2597 quaedam
1609 2531 1910 2598 quotannis
1938 2542 2031 2583 ce-

456 2617 692 2681 lebrant,
730 2618 889 2688 140
919 2619 974 2672 in
999 2620 1200 2688 quibus
1239 2634 1408 2689 panes
1442 2635 1686 2690 azymos,
1723 2628 1778 2675 et
1801 2620 1869 2675 ad
1897 2620 2032 2676 alte-

455 2725 572 2764 ram
603 2710 845 2782 mysterii
873 2719 1082 2779 partem
1113 2727 1318 2765 meram
1341 2726 1537 2781 aquam
1558 2711 1836 2768 adhibent.
1863 2711 2031 2780 Duos,

459 2811 519 2856 ut
547 2800 659 2870 jam
695 2801 833 2866 dixi,
867 2815 896 2852 a
930 2800 1041 2855 Deo
1073 2803 1407 2857 constitutos
1443 2811 1720 2868 asserunt,
1754 2795 2034 2858 Christum

458 2899 513 2946 et
558 2892 860 2946 diabolum.
913 2890 1160 2956 Quorum
1212 2891 1288 2944 illi
1337 2892 1531 2958 futuri,
1576 2892 1703 2946 huic
1753 2893 2037 2962 praesentis

2110 892 2320 954 πάντας
2351 892 2478 953 τοὺς
2508 893 2826 962 προφήτας,
2861 891 2954 953 οὓς
2981 885 3130 942 οῦτοι
3171 889 3567 959 βδελύττονται.
3605 893 3668 944 Ἐν

2109 986 2227 1047 ταῖς
2261 979 2354 1036 οὖν
2390 981 2693 1049 Περιόδοις
2719 982 2780 1034 τὸ
2815 983 2924 1034 πᾶν
2963 983 3042 1045 είς
3084 982 3310 1044 ἑαυτοὺς
3358 983 3668 1052 μετήνεγκαν

2113 1073 2589 1144 καταψευσάμενοι
2634 1073 2841 1144 Πέτρου
2875 1071 3015 1126 κατά
3061 1072 3288 1134 πολλοὺς
3319 1072 3588 1143 τρόπους,
3615 1076 3671 1136 ὡς

2114 1164 2279 1217 αὑτοῦ
2312 1162 2431 1216 καθ’
2476 1161 2687 1232 ἡμέραν
2719 1160 3116 1232 βαπτιζομένου
3169 1159 3448 1230 ἁγνισμοῦ
3496 1163 3671 1224 ἕνεκεν,

2113 1255 2362 1324 καθάπερ
2403 1254 2496 1306 καὶ
2516 1246 2681 1305 οὗτοι·
2709 1251 2974 1321 ἐμψύχων
3000 1268 3060 1304 τε
3085 1251 3175 1304 τὸν
3206 1252 3370 1304 αὐτὸν
3400 1252 3673 1321 ἀπέχεσθαι

2114 1348 2209 1402 καὶ
2255 1346 2431 1416 κρεῶν
2453 1385 2467 1410 ,
2519 1345 2596 1407 ὼς
2625 1345 2720 1397 καὶ
2751 1339 2895 1397 οῦτοι
2921 1383 2935 1407 ,
2965 1345 3060 1396 καὶ
3092 1344 3272 1412 πάσης
3302 1343 3477 1414 ἄλλης
3505 1344 3673 1412 ἐδωδῆς

2114 1439 2210 1508 τῆς
2243 1436 2351 1488 ἀπὸ
2380 1434 2599 1504 σαρκῶν
2644 1436 3022 1504 πεποιημένης
3068 1435 3318 1504 λέγουσιν
3343 1475 3356 1498 ,
3405 1436 3673 1506 ἐπειδήπερ

2116 1529 2210 1581 καὶ
2246 1527 2408 1590 αὐτὸς
2446 1527 2638 1580 Ἐϐίων
2672 1527 2766 1581 καὶ
2813 1527 3119 1581 Ἐϐιωνῖται
3158 1526 3444 1590 παντελῶς
3479 1528 3676 1596 ἀπέχον»

2117 1635 2205 1671 ται
2243 1618 2467 1670 τούτων.
2509 1619 2676 1670 Ὅταν
2707 1618 2765 1671 δὲ
2793 1619 3079 1690 ἐρωτήσῃς
3109 1619 3207 1672 ἕνα
3241 1614 3350 1671 τῶν
3379 1618 3561 1672 αὐτῶν
3583 1659 3596 1680 ,
3617 1621 3658 1671 τί

2119 1726 2206 1772 νος
2231 1709 2416 1760 ἕνεκεν
2455 1706 2713 1777 ἐμψύχων
2755 1709 2814 1760 οὐ
2845 1707 3355 1778 μεταλαμϐάνουσι,
3391 1707 3470 1778 μὴ
3497 1708 3678 1776 ἔχοντές

2118 1819 2170 1854 τι
2201 1796 2584 1870 διηγήσασθαι,
2613 1799 2995 1870 ἀποκρίνονται
3029 1801 3324 1862 ἀσυνέτως,
3352 1800 3448 1851 καὶ
3469 1799 3679 1865 λέγουσι,

2119 1891 2218 1943 Δίά
2262 1889 2322 1942 τὸ
2350 1890 2414 1940 ἐκ
2449 1888 2733 1952 συνουσίας
2776 1889 2869 1941 καὶ
2903 1889 3103 1959 μίξεως
3142 1889 3414 1959 σωμάτων
3451 1884 3682 1941 εἷναιαύ-

2120 1983 2207 2044 τά,
2235 1983 2294 2034 οὺ
2330 1982 2818 2052 μεταλαμϐάνομεν
2840 1997 2854 2011 ⁸
2894 1981 2970 2044 ὡς
2999 1976 3142 2035 εἶναι
3170 1982 3370 2044 αὐτοὺς
3398 1981 3558 2043 ὅλους
3580 1982 3681 2041 τοὺς

2123 2075 2231 2128 ἀπὸ
2267 2074 2548 2144 ἐπιμιξίας
2577 2073 2768 2143 ἀνδρός
2808 2089 2868 2125 τε
2915 2072 3012 2125 καὶ
3059 2073 3316 2139 γυναικὸς
3364 2071 3678 2141 βδελυκτοὺς,

2125 2164 2267 2218 κατά
2301 2164 2371 2217 τὰ
2419 2162 2524 2216 ὑπὸ
2555 2163 2650 2216 τοῦ
2702 2163 2968 2234 στόματος
3016 2163 3198 2216 αὐτῶν
3226 2161 3492 2234 ληρωδῶς
3529 2161 3684 2232 ἐξεμι-

2127 2255 2308 2309 θέντα.

2198 2351 2316 2416 [ς’.
2349 2348 2642 2418 Βάπτισμα
2669 2347 2725 2398 δὲ
2758 2347 2852 2400 καὶ
2892 2347 3046 2399 αὑτοὶ
3077 2345 3418 2417 λαμϐάνουσι
3440 2347 3605 2418 χωρὶς
3630 2339 3689 2400 ὧν

2130 2435 2251 2490 καθ’
2288 2436 2503 2506 ἡμέραν
2557 2433 2927 2505 βαπτίζονται.
2967 2435 3262 2507 Μυστήρια
3309 2435 3366 2488 δὲ
3420 2437 3581 2506 δῆθεν
3621 2456 3688 2490 τε·

2129 2528 2281 2582 λοῦσι
2303 2528 2445 2582 κατά
2475 2529 2703 2599 μίμησιν
2735 2527 2845 2582 τῶν
2879 2528 3049 2598 ἁγίων
3077 2531 3135 2581 ἐν
3159 2531 3229 2599 τῇ
3267 2528 3571 2601 Ἐκκλησία
3606 2531 3693 2582 ἀπὸ

2133 2619 2380 2675 ἐνιαυτοῦ
2419 2622 2498 2683 είς
2537 2619 2782 2673 ἐνιαυτὸν
2825 2621 2914 2672 διὰ
2949 2619 3172 2690 ἀζύμων
3200 2660 3216 2683 ,
3247 2621 3435 2674 καὶτὸ
3469 2621 3691 2691 ἀλλομέη

2138 2731 2231 2785 ρος
2276 2713 2370 2766 τοῦ
2412 2713 2710 2784 μυστηρίου
2745 2712 2812 2765 δι’
2847 2711 3037 2776 ὓδατος
3070 2712 3251 2782 μόνου.
3289 2712 3396 2765 Δύο
3448 2714 3507 2766 δέ
3545 2731 3691 2776 τινας.

2137 2805 2212 2868 ὡς
2246 2804 2380 2876 ἔφην
2400 2845 2414 2869 ,
2453 2805 2774 2858 συνιστῶσιν
2803 2807 2869 2858 ἐκ
2890 2803 3024 2857 Θεοῦ
3065 2805 3470 2875 τεταγμένους,
3503 2806 3592 2858 ἕνα
3619 2807 3694 2874 μὲν

2138 2900 2229 2952 τὸν
2254 2897 2514 2969 Χριστὸν,
2542 2896 2638 2949 ἕνα
2671 2895 2728 2948 δὲ
2763 2896 2856 2948 τὸν
2890 2894 3166 2948 διάϐολον·
3201 2895 3296 2948 καὶ
3326 2895 3423 2946 τὸν
3460 2895 3559 2964 μὲν
3585 2895 3694 2964 Χρι-

463 2979 647 3032 saeculi
683 2985 924 3047 potestas
956 2988 1039 3032 est
1069 2979 1386 3042 commissa,
1419 2978 1582 3047 idque
1613 2980 1749 3034 adeo
1777 2979 2038 3050 Omnipo-

2143 2989 2267 3042 στὸν
2303 2989 2522 3057 λέγουσι
2571 2986 2666 3040 τοῦ
2727 2986 3012 3056 μέλλοντος
3058 2985 3254 3049 αἰῶνος
3307 2985 3590 3055 εἰληφέναι
3628 2987 3696 3038 τὸν

465 3069 633 3124 tentis
668 3069 818 3123 illius
863 3069 1121 3122 mandato
1181 3069 1246 3122 ad
1295 3070 1561 3139 cujusque
1618 3073 2040 3141 postulationem

466 3175 590 3214 esse
616 3159 843 3214 factum.
873 3158 954 3213 οι)
985 3158 1038 3212 id
1073 3157 1259 3213 Jesum
1290 3175 1355 3214 ex
1387 3161 1532 3214 virili
1583 3161 1790 3216 semine
1839 3164 2043 3232 produ-

468 3260 616 3304 ctum
647 3251 939 3314 aliirmant,
978 3260 1032 3304 et
1061 3251 1290 3305 electum
1319 3268 1335 3317 ;
1381 3252 1564 3322 itaque
1588 3252 1684 3308 Dei
1711 3253 1906 3308 Filium
1950 3270 2045 3326 ap-

468 3343 726 3414 pellatum
774 3341 843 3396 ab
894 3357 958 3396 eo
1003 3341 1307 3406 Christum,
1360 3343 1452 3413 qui
1482 3344 1536 3397 in
1569 3345 1746 3414 ipsum
1779 3346 2046 3402 columba:

471 3432 646 3502 ﬁgura
675 3431 742 3486 de
769 3432 908 3486 cazlo
938 3431 1196 3502 delapsus
1239 3441 1341 3486 est.
1383 3433 1594 3504 Negant
1623 3451 1752 3490 vero
1785 3451 1816 3490 a
1843 3435 1952 3493 Deo
1982 3437 2047 3492 il-

472 3523 584 3577 lum
608 3539 730 3578 esse
761 3523 924 3578 Patre
948 3525 1212 3594 genitum,
1248 3525 1343 3579 sed
1373 3532 1634 3594 tauquam
1664 3545 1832 3583 unum
1864 3546 1928 3585 ex
1961 3547 2048 3584 ar-

471 3615 755 3685 changelis
782 3625 1048 3678 creatum,
1099 3622 1153 3669 et
1206 3617 1273 3670 iis
1322 3625 1502 3671 tamen
1535 3619 1829 3688 majorem;
1866 3621 1959 3691 qui
1993 3630 2046 3676 et

473 3704 718 3773 angelis,
758 3712 812 3759 et
851 3705 1126 3760 universis
1181 3721 1302 3776 qua:
1359 3714 1487 3759 sunt
1544 3707 1612 3761 ab
1664 3707 2048 3780 Omnipotente

477 3795 697 3848 condita
730 3795 1059 3861 dominetur,
1079 3806 1131 3852 et
1152 3797 1205 3850 in
1232 3798 1375 3852 hunc
1406 3799 1594 3854 orbem
1627 3803 1858 3869 venerit,
1885 3812 2049 3874 atque

474 3887 599 3952 hoc,
624 3884 769 3954 quod
803 3895 887 3941 est
930 3886 985 3940 in
1017 3888 1231 3942 illorum
1259 3887 1574 3960 Evangelio,
1607 3892 1854 3949 docuerit
1879 3893 2044 3965 :Ego,

473 3977 674 4047 inquit.
705 3978 772 4032 ad
811 3979 1124 4048 abroganda
1166 3981 1436 4036 sacrillcia
1476 3984 1620 4051 veni,
1653 3991 1708 4040 et
1737 3985 1844 4040 nisi
1875 3988 2049 4040 sacri-

474 4066 638 4120 ﬁcare
663 4065 961 4130 desieritis,
995 4067 1087 4122 Dei
1121 4068 1176 4122 in
1201 4085 1298 4124 vos
1325 4071 1408 4124 ira
1439 4086 1552 4125 non
1585 4073 1825 4128 cessabit
1849 4092 1861 4127 :
1881 4073 2045 4142 Ejus-

471 4158 620 4211 modi
643 4172 772 4227 ergo
805 4159 1020 4212 ill0rum
1052 4160 1303 4220 instituta
1333 4169 1481 4216 sunt.
1519 4162 1789 4237 Praeterea
1828 4177 2048 4235 aposto-

473 4247 649 4302 lorum
688 4249 824 4304 alios
853 4250 1025 4305 Actus
1055 4250 1472 4320 circumferunt,
1504 4255 1561 4309 in
1588 4256 1787 4324 quibus
1813 4257 2046 4326 plurima

2144 3081 2343 3152 κλῆρον
2369 3122 2384 3146 ,
2427 3080 2516 3133 τὸν
2557 3079 2614 3132 δὲ
2669 3078 2918 3132 διάϐολον
2973 3076 3162 3132 τοῦτον
3212 3078 3605 3132 πεπιστεῦσθαι
3631 3079 3696 3129 τὶν

2144 3173 2335 3234 αἰῶνα,
2360 3174 2430 3225 ἐκ·
2452 3170 2764 3242 προσταγῆς
2796 3169 2956 3239 δῆθεν
2985 3169 3080 3223 τοῦ
3111 3171 3564 3242 Παντοκράτορος
3590 3172 3699 3221 κατᾶ

2144 3261 2360 3332 αἴτησιν
2398 3259 2675 3330 ἑκατέρων
2715 3257 2916 3312 αὐτῶν.
2950 3258 3061 3311 Καὶ
3082 3257 3271 3311 τούτου
3317 3258 3488 3311 ἕνεκα
3528 3258 3698 3327 Ἰησοῦν

2145 3350 2542 3420 γεγεννημένον
2595 3351 2661 3403 ἐκ
2713 3349 3026 3421 σπέρματος
3077 3349 3269 3418 ἀνδρὸς
3319 3348 3583 3418 λέγουσι,
3630 3351 3699 3401 καὶ

2147 3442 2520 3513 ἐπιλεχθέντα,
2542 3443 2637 3496 καὶ
2663 3443 2806 3496 οὕτω
2838 3442 2979 3496 κατά
3017 3443 3246 3514 ἐκλογὴν
3278 3443 3415 3495 Υἱὸν
3439 3443 3575 3496 Θεοῦ
3600 3443 3699 3508 uir-

2148 3533 2343 3596 θέντα,
2387 3535 2496 3588 ἀπὸ
2536 3535 2630 3588 τοῦ
2668 3534 2875 3589 ἀνωθεν
2914 3536 2991 3598 είς
3033 3535 3195 3588 αὑτὸν
3227 3536 3460 3606 ἥκοντος
3500 3535 3698 3606 Χριστοῦ

2148 3629 2204 3681 ἐν
2235 3627 2364 3681 είδει
2393 3628 2742 3698 περιστερᾶς.
2779 3627 2852 3680 Οὐ
2885 3626 3225 3696 φάσκουσιδὲ
3253 3627 3318 3679 ἐκ
3357 3626 3499 3679 Θεοῦ
3524 3628 3700 3696 ﬂata;

2147 3708 2309 3772 αὐτὸν
2336 3719 2728 3790 γεγεννῆσθαι,
2756 3719 2890 3772 ἀλλά
2920 3719 3162 3773 ἐκτίσθαι
3191 3759 3209 3784 ,
3237 3719 3313 3781 ὡς
3337 3720 3437 3772 ἕνα
3466 3721 3572 3772 τῶν
3598 3722 3700 3788 ἀρχ-

2148 3811 2393 3878 αγγέλων
2420 3851 2434 3874 ,
2497 3809 2718 3880 μείζονα
2767 3809 2823 3862 δὲ
2881 3810 3060 3864 αὐτῶν
3105 3810 3234 3863 δντα
3265 3827 3280 3840 ·
3330 3811 3498 3864 αὑτὸν
3544 3812 3595 3864 δὲ
3631 3829 3698 3861 ιι-

2150 3903 2349 3974 ριεύειν
2389 3901 2482 3954 καὶ
2516 3901 2762 3970 ἀγγέλων
2794 3901 2888 3954 καὶ
2912 3903 3129 3954 πάντων
3161 3900 3267 3954 ὑπὸ
3295 3901 3392 3954 τοῦ
3419 3900 3701 3969 Παντοκρᾶ-

2147 4010 2305 4064 τορος
2337 3993 2743 4064 πεποιημένων,
2781 3993 2875 4046 καὶ
2899 3992 3120 4046 ἐλθόντα
3153 3992 3249 4046 καὶ
3285 3993 3698 4064 ὑφηγησάμενοι.

2148 4084 2224 4147 ὡς
2255 4084 2315 4136 τὸ
2350 4085 2479 4157 παρ’
2513 4085 2700 4146 αὐτοῖς
2741 4083 3071 4152 Εὑαγγέλιον
3101 4082 3443 4153 καλούμενον
3471 4084 3701 4154 περιέχει.

2147 4178 2229 4231 ὅτι
2255 4173 2459 4231 *Ηλοον
2490 4175 2790 4230 καταλῦσαι
2820 4175 2918 4239 τὰς
2948 4175 3138 4240 Θυσίας
3158 4218 3172 4241 ,
3206 4178 3304 4229 καὶ
3337 4176 3439 4230 ἐάν
3474 4177 3548 4247 μὴ
3591 4176 3700 4226 ica-3-

2150 4268 2316 4339 σησθε
2370 4266 2463 4320 τοῦ
2497 4267 2680 4331 Θύειν,
2714 4267 2775 4319 οὐ
2831 4267 3101 4320 παύσεται
3146 4269 3240 4336 ἀφ’
3281 4268 3443 4338 ὑμῶν
3489 4271 3523 4339 ἡ
3571 4268 3698 4337 ὀργή.

473 4349 604 4398 sunt
649 4341 945 4411 impietatis
991 4343 1208 4396 illorum
1240 4346 1502 4416 vestigia;
1529 4347 1800 4419 hujusque
1825 4351 2039 4419 potissi-

2152 4359 2255 4413 Καὶ
2285 4357 2456 4412 ταῦτα
2487 4361 2579 4412 καὶ
2604 4357 2828 4410 τοιαῦτα
2859 4359 2979 4410 τινά
3008 4359 3120 4410 ἐστι
3146 4359 3215 4410 τά
3243 4359 3374 4429 παρ’
3407 4361 3589 4419 αὐτοῖς
3611 4359 3702 4407 ἐπι·

473 4448 622 4488 mum
655 4435 982 4489 auctoritate
1016 4435 1140 4488 libri
1183 4436 1249 4489 ad
1298 4440 1716 4508 oppugnandam
1767 4441 2049 4496 veritatem

475 4532 786 4579 armantur.
824 4525 1039 4596 Quippe
1070 4535 1250 4583 certos
1281 4527 1395 4583 illic
1425 4530 1648 4599 gradus,
1678 4530 1732 4585 in
1767 4531 1943 4602 iisque
1960 4530 2052 4586 Ja-

477 4615 600 4668 cobi
629 4617 978 4671 narrationes
1012 4617 1278 4687 quasdam
1308 4620 1603 4690 explicant,
1627 4623 1828 4691 quibus
1856 4622 2051 4676 adver-

478 4719 575 4760 sus
611 4707 874 4776 templum
900 4714 957 4762 et
987 4708 1284 4778 sacriﬁcia,
1321 4710 1611 4780 ignemque
1641 4711 1732 4780 qui
1767 4718 1852 4766 est
1883 4711 1939 4764 in
1975 4712 2054 4766 al-

480 4798 583 4851 tari
617 4799 932 4856 declamans
956 4800 1253 4856 inducitur.

549 5081 837 5139 Accedunt
861 5095 914 5140 et
938 5087 1043 5140 alia
1064 5089 1465 5158 quamplurima
1491 5089 1648 5161 longe
1669 5090 2050 5147 stolidissima.

481 5171 552 5228 Ut
581 5176 665 5230 vel
694 5169 924 5232 Paulum
956 5178 1134 5248 ipsum
1162 5181 1273 5234 illic
1302 5197 1563 5238 accusare
1592 5199 1700 5236 non
1731 5182 2051 5237 erubuerint

481 5267 924 5324 mendacissimis
950 5271 1280 5340 quibusdam
1311 5274 1678 5340 sermonibus,
1716 5289 1852 5344 quos
1883 5274 2049 5329 falso-

478 5376 598 5414 rum
626 5377 691 5416 ex
723 5363 816 5417 'rllo
850 5381 1012 5436 grege
1052 5369 1423 5436 apostolorum
1457 5385 1612 5425 error
1653 5379 1815 5441 atque
1847 5372 2050 5440 impro-

481 5451 621 5507 bitas
655 5455 1005 5525 excogitavit.
1051 5457 1333 5514 Siuuidem
1387 5459 1711 5518 Tarsensem
1763 5462 1914 5517 illum
1948 5478 2048 5518 no-

556 5605 576 5636 ³
604 5603 716 5662 Del.
757 5573 896 5663 forte
935 5611 1022 5665 τά.

2151 4451 2462 4521 τηδεύματα
2485 4490 2499 4514 ,
2555 4448 2788 4520 Πράξεις
2819 4449 2874 4502 δέ
2915 4449 3079 4512 ἄλλας
3113 4448 3368 4501 καλοῦσιν
3423 4448 3701 4503 ἀποστόλων

2153 4536 2322 4606 εἶναι,
2368 4542 2426 4594 έν
2480 4535 2567 4604 αἷς
2604 4539 2776 4592 πολλὰ
2813 4539 2912 4610 τῆς
2963 4539 3214 4602 ἀσεϐείας
3264 4539 3450 4592 αὐτῶν
3503 4538 3699 4609 ἔμπλεα.

2152 4630 2304 4683 ἔνθεν
2341 4630 2410 4684 τὰ
2443 4633 2456 4662 ¹
2493 4631 2554 4682 οὐ
2589 4631 2884 4701 παρέργως
2913 4631 3052 4684 κατά
3077 4631 3176 4701 τῆς
3209 4631 3474 4700 ἀληθείας
3513 4629 3700 4687 tantoa;

2151 4720 2415 4774 ὥπλισαν.
2464 4720 2835 4790 Ἀναϐαθμοὺς
2865 4721 2973 4790 γάρ
3000 4736 3151 4782 τινας
3189 4721 3284 4773 καὶ
3315 4721 3613 4790 ὑφηγήσεις
3637 4718 3702 4783 δῆ-

2153 4811 2248 4864 θεν
2295 4813 2352 4865 ἐν
2407 4815 2520 4875 τοῖς
2569 4811 2905 4882 ἀναϐαθμοῖς
2946 4809 3204 4864 Ἰακώϐου
3238 4811 3612 4872 ὑποτίθενται,
3644 4810 3700 4866 ὡς

2152 4902 2518 4974 ἐξηγουμένου
2549 4903 2692 4956 κατά
2727 4919 2785 4955 τε
2809 4901 2899 4956 τοῦ
2925 4901 3051 4956 ναοῦ
3079 4907 3172 4955 καὶ
3193 4901 3303 4955 τῶν
3341 4901 3568 4964 Θυσιῶν,
3593 4900 3701 4952 κατὰ

2151 5011 2209 5046 τε
2245 4994 2340 5046 τοῦ
2365 4993 2535 5064 πυρὸς
2569 4992 2662 5047 τοῦ
2691 4994 2748 5046 ἐν
2775 4992 2852 5064 τῷ
2879 4991 3270 5064 Θυσιαστηρίῳ.

2222 5084 2334 5136 Καὶ
2372 5083 2508 5136 ἄλλα
2545 5082 2714 5136 πολλά
2746 5083 3076 5152 κενοφωνίας
3113 5083 3327 5154 ἔμπλεα
3351 5101 3367 5114 ·
3412 5085 3492 5147 ὠς
3523 5086 3609 5137 καὶ
3633 5078 3699 5132 τοῦ

2152 5174 2365 5228 Παύλου
2429 5175 2662 5230 ἐνταῦθα
2726 5175 3156 5247 κατηγοροῦντες
3226 5177 3329 5228 οὐκ
3392 5176 3698 5246 derivem:

2153 5269 2509 5333 ἐπιπλάστοις
2574 5271 2685 5322 τισὶ
2745 5270 2844 5340 τῆς
2899 5269 3008 5323 τῶν
3051 5269 3508 5338 ψευδαποστόλων
3559 5268 3698 5322 αὐτῶν

2153 5363 2487 5434 κακουργίας
2505 5363 2596 5415 καὶ
2619 5361 2829 5433 πλάνης
2864 5360 3042 5430 λόγοις
3069 5361 3485 5431 πεποιημένοις·
3517 5359 3698 5427 Ταρσέα

2155 5457 2253 5527 μὲν
2285 5457 2470 5522 αὐτὸν,
2500 5455 2574 5519 ὡς
2605 5455 2767 5519 αὐτὸς
2797 5453 3066 5526 ὁμολογεῖ,
3101 5453 3193 5508 καὶ
3219 5455 3320 5508 οὐκ
3343 5455 3607 5528 ἀρνεῖται,
3631 5449 3700 5502 ii-
