3760 6176
101 219 208 275 £33

739 212 1108 278 ADVERSUS
1145 222 1486 280 HzERESES
1524 225 1626 280 ιω

1865 225 1933 279 Μ.
1978 227 2128 281 ll.--
2167 227 2435 283 ll/ERES.
2478 228 2644 284 XXX.

3252 230 3355 285 ιει

101 353 290 406 γοντες
309 351 324 366 ⁸
365 335 426 401 ἐξ
469 334 736 406 Ἑλλήνων
759 336 815 396 δὲ
840 339 1001 392 αὑτὸν
1029 341 1392 405 ὑποτίθενται,
1427 343 1626 397 λαϐόντι

1869 353 2040 410 nant;
2087 344 2142 398 id
2187 345 2334 415 quod
2365 345 2483 414 ipse
2515 360 2626 398 non
2658 353 2839 416 negat,
2875 345 2986 400 imo
3016 344 3194 415 palam
3228 357 3356 415 pro-

103 426 201 498 τὴν
252 426 521 498 πρόφασιν
553 428 618 479 ἐκ
654 426 744 479 τοῦ
791 428 956 481 τόπου
999 429 1090 483 διὰ
1138 431 1199 484 τὸ
1243 432 1537 505 φιλάληθες
1587 435 1678 486 ὑπ’

103 518 268 572 αὐτοῦ
311 517 475 589 ῥηθὲν
496 558 510 582 ,
550 517 631 571 ὅτι
677 519 937 586 Ταρσεύς
971 522 1086 589 ειμι
1110 560 1124 584 ,
1160 525 1271 575 οὐκ
1304 524 1544 592 ἀσήμου
1571 527 1680 579 πό-

101 613 257 674 λεως
279 607 550 674 πολίτης.
583 603 716 660 Εἶτα
747 608 1043 676 φάσκουσιν
1074 611 1233 663 αὑτὸν
1257 607 1396 666 εἶναι
1423 613 1679 683 Ἕλληνα,

103 698 201 751 καὶ
245 696 542 767 Ἑλληνίδος
581 699 787 769 μητρὸς
827 699 920 752 καὶ
959 699 1220 771 Ἕλληνος
1254 703 1457 775 πατρὸς
1495 704 1676 760 παῖδα.

119 789 534 860 Ἀνασεὸηκέναι
565 790 622 843 δὲ
659 792 740 853 είς
783 789 1163 863 Ἰεροσόλυμα,
1210 795 1304 849 καὶ
1341 797 1530 867 χρόνον
1567 799 1683 850 ἐκεῖ

107 880 475 950 μεμενηκέναι
509 897 523 911 ο
587 880 1049 950 ὲπιτεθυμηκέναι
1125 883 1181 936 δὲ
1245 884 1516 957 θυγατέρα
1587 886 1680 940 τοῦ

104 968 304 1038 ἱερέως
341 968 476 1039 πρὸς
523 969 698 1040 γάμον
747 968 1048 1036 ἀγαγέσθαι
1076 1011 1090 1035 ,
1142 972 1235 1023 καὶ
1278 971 1468 1024 τούτου
1520 972 1683 1026 ἔνεκα

103 1064 446 1135 προσήλυτον
483 1065 769 1134 γενέσθαι,
807 1065 900 1116 καὶ
948 1067 1372 1138 περιτμηθῆναι.
1430 1063 1563 1121 Εἶτα
1608 1069 1682 1140 μὴ

101 1156 339 1211 λαϐόντα
393 1157 490 1229 τὴν
524 1157 691 1228 κόρην
729 1156 1029 1228 ὠργίσθαι,
1079 1157 1169 1211 καὶ⁹
1227 1158 1369 1212 κατά
1418 1161 1681 1231 ἐπιτομῆς

101 1247 476 1319 γεγραφέναι,
507 1249 600 1301 καὶ
635 1248 776 1302 κατὰ
804 1247 1082 1302 Σαϐϐάτου
1116 1249 1210 1302 καὶ
1240 1249 1576 1321 νομοθεσίας.

175 1428 277 1482 ΙΖ¹.
315 1428 472 1482 Ἀλλά
506 1430 648 1484 κατὰ
679 1429 854 1483 πάντα
877 1430 1077 1502 τρόπον
1111 1437 1433 1502 συκοφαντεῖ
1461 1437 1490 1488 ὁ
1517 1433 1686 1498 δεινὸς

98 1520 228 1590 ὄφις
255 1515 439 1584 οὗτος,
472 1523 567 1574 καὶ
597 1521 808 1590 πτωχὸς
835 1525 900 1592 τῇ
942 1523 1172 1594 διανοίᾳ.
1216 1524 1408 1576 Ἑῆίων
1436 1525 1545 1594 γὰρ
1573 1525 1684 1595 ἔχει

101 1610 217 1662 ἀπὸ
247 1610 537 1681 Ἑϐραῖκῆς
565 1613 643 1674 είς
678 1611 900 1664 Ἐλλάδα
918 1611 1099 1682 φωνὴν
1116 1612 1212 1683 τὴν
1236 1613 1528 1684 ἑρμηνείαν
1543 1631 1688 1668 πτω-

1785 433 1986 487 ﬁtetur.
2017 432 2240 488 Addunt
2276 442 2328 488 et
2373 449 2403 488 a
2435 435 2731 504 gentilibus
2759 435 3050 490 oriundum
3085 451 3230 503 esse,
3258 451 3358 490 cu-

1779 523 1997 592 jusdam
2037 525 2327 580 occasione
2360 525 2487 589 loci,
2534 526 2589 580 in
2625 541 2734 595 quo
2780 525 2896 596 ipse
2943 526 3087 594 quod
3121 541 3209 580 res
3239 530 3358 580 erat

1783 615 2014 683 ingenue
2058 615 2331 684 proponit.
2384 615 2685 680 Tarsensis,
2736 615 2934 685 inquit,
2965 632 3056 684 ego
3087 632 3223 676 sum,
3266 610 3360 668 ηεέ
3435 631 3439 634 ·

1782 703 1926 758 urbis
1953 704 2191 759 obscurae
2218 706 2344 758 civis
2375 707 2414 757 ι.
2447 706 2526 758 Ex
2555 719 2663 773 quo
2697 705 2952 774 gentilem
3002 703 3171 760 fuisse
3209 704 3360 758 colli-

1781 801 1936 866 gunt,
1965 803 2020 849 et
2047 803 2280 865 utroque
2307 804 2533 864 parente
2554 797 2743 866 gentili
2774 803 3145 865 procreatum.
3194 796 3358 850 Cum-

1781 902 1888 956 que
1915 885 2355 956 llierosolymum
2387 886 2740 951 accessisset,
2788 893 2842 940 et
2875 885 3076 940 ibidem
3103 885 3350 954 aliquau-

1782 975 1876 1030 diu
1915 975 2229 1040 mansisset,
2287 975 2561 1045 pontiﬁcis
2611 976 2774 1032 ﬁliam
2825 977 3027 1033 ducere
3077 977 3356 1033 statuisse.

1784 1067 1962 1133 Quare
2011 1067 2344 1138 proselytum
2399 1083 2460 1122 sc
2517 1067 2735 1131 fecisse,
2780 1084 2846 1124 ac
2883 1069 3358 1125 circumcisionem

1786 1173 2106 1228 usurpasse.
2136 1157 2333 1214 Postea
2372 1158 2516 1227 quod
2567 1159 2634 1212 ab
2662 1175 2726 1214 eo
2756 1159 3015 1228 conjugio
3043 1159 3358 1228 excidisset,
3386 1194 3390 1200 ι

1785 1248 1987 1302 iratum
2031 1249 2299 1304 adversus
2338 1248 2815 1303 circuincisionem
2846 1259 2898 1304 et
2929 1249 3250 1315 Sabbatum,
3284 1251 3361 1306 le-

1784 1353 2012 1409 gemque
2042 1340 2351 1408 scripsisse.

1859 1427 2018 1482 XVII.
2049 1427 2157 1484 Sed
2183 1439 2424 1500 apertam
2455 1429 2787 1486 calumniam
2828 1432 2990 1486 struit
3012 1433 3242 1488 callidus
3272 1433 3360 1487 ille

1787 1535 2033 1590 serpens,
2050 1520 2340 1594 animoque
2358 1521 2510 1592 15.1
2529 1521 2834 1577 mendicus.
2850 1521 3020 1575 Ehion
3040 1523 3238 1592 quippe
3259 1522 3359 1576 lle-

1789 1611 1974 1665 braica
1996 1627 2099 1666 vox
2115 1611 2302 1666 Graeca
2325 1613 2508 1680 lingua
2530 1611 2824 1668 mendicum
2853 1619 3029 1668 sonat.
3064 1613 3159 1667 Est
3179 1619 3356 1668 autem

103 1702 236 1768 κός.
261 1701 478 1770 Πτωχὸς
493 1700 600 1772 γὰρ
625 1701 701 1764 ὡς
712 1701 924 1771 ἀληθῶς
946 1703 1041 1755 καὶ
1056 1705 1120 1774 τῇ
1137 1703 1340 1774 διανοίᾳ
1355 1683 1448 1757 καὶ
1463 1707 1526 1776 τῇ
1541 1704 1626 1757 ὲλτ

1861 1700 2074 1756 :reticus
2092 1701 2193 1756 iste
2211 1715 2399 1755 revera
2419 1711 2618 1764 mente,
2643 1717 2740 1772 spe
2763 1702 3030 1772 factisque
3053 1704 3354 1766 mendicus,

99 1792 152 1844 δι
185 1792 286 1845 καὶ
310 1791 388 1861 τῷ
414 1791 578 1862 ἔργῳ,
602 1793 833 1863 Χριστὸν
854 1794 1136 1865 ἄνθρωπον
1153 1793 1306 1861 ψιλὸν
1331 1796 1576 1865 νομίσας,
1595 1797 1688 1849 καὶ

99 1885 283 1949 οὕτως
316 1889 374 1940 ὲν
409 1887 651 1956 πτωχείᾳ
699 1887 930 1950 πίστεως
975 1887 1072 1958 τὴν
1125 1887 1314 1940 ἐλπίδα
1352 1888 1482 1958 περὶ
1522 1887 1686 1942 αὐτοῦ

104 1975 464 2046 κεκτημένος.
517 1975 681 2028 Αὐτοὶ
729 1977 784 2028 δὲ
816 1977 977 2047 δῆθεν
1026 1977 1374 2048 σεμνύνονται
1401 2018 1416 2042 ,
1463 1979 1688 2041 ἑαυτοὺς

103 2066 412 2133 φάσκοντες
443 2068 724 2136 πτωχοὺς,
761 2066 851 2120 διὰ
877 2068 938 2120 τὸ
958 2109 971 2132 ,
1004 2070 1164 2137 φασὶν
1188 2112 1204 2135 ,
1245 2071 1302 2122 ὲν
1334 2069 1545 2140 χρόνοις
1582 2070 1688 2122 τῶν

105 2155 426 2208 ἀποστόλων
470 2155 668 2208 πωλεῖν
721 2157 789 2210 τὰ
836 2157 1013 2210 αὐτῶν
1045 2159 1355 2230 ὑπάρχοντα
1378 2201 1393 2224 ,
1425 2159 1519 2212 καὶ
1548 2159 1689 2212 τιθέ-

103 2266 194 2302 ναι
225 2249 381 2320 παρά
411 2249 536 2312 τοὺς
581 2249 747 2314 πόδας
777 2250 885 2303 τῶν
919 2252 1230 2306 ἀποστόλων
1255 2291 1271 2315 ,
1312 2253 1406 2306 καὶ
1433 2255 1512 2316 εἰς
1541 2270 1688 2308 πτω-

103 2341 268 2411 χείαν
313 2343 408 2394 καὶ
454 2340 750 2405 ἀποταξίαν
791 2342 1228 2414 μετεληλυθέναι.
1269 2346 1377 2396 Kal
1405 2344 1491 2397 διὰ
1532 2344 1691 2398 τοῦτο

105 2431 393 2485 καλεῖσθαι
427 2432 533 2485 ὑπὸ
589 2433 804 2486 πάντων
839 2434 971 2503 φασὶ
1013 2433 1238 2505 πτωχοί.
1273 2435 1406 2488 Οὐδὲ
1434 2434 1591 2488 τοῦτο
1633 2435 1690 2488 δὲ

103 2521 312 2591 ἀληθὲς
365 2523 494 2594 παρ’
546 2525 763 2587 αὐτοῖς,
804 2523 940 2578 ἀλλὰ
995 2525 1153 2593 φύσει
1200 2530 1276 2594 τῷ
1329 2524 1441 2577 ὃντι
1501 2525 1690 2580 Ἐϐίων

104 2613 388 2677 ἐκαλεῖτο,
419 2615 556 2668 κατά
581 2615 934 2687 προφητείαν,
963 2613 1134 2687 οἶμαι,
1169 2618 1197 2670 ό
1235 2615 1448 2685 πτωχὸς
1478 2617 1570 2668 καὶ
1596 2616 1693 2669 τά-

102 2702 206 2767 λας
228 2743 246 2764 ,
282 2703 341 2756 τὸ
385 2704 556 2774 ὄνομα
589 2707 654 2758 ὲκ
691 2706 899 2776 πατρὸς
921 2706 1086 2760 αὐτοῦ
1136 2707 1230 2760 καὶ
1276 2705 1481 2778 μητρὸς
1525 2704 1690 2761 αὑτοῦ

107 2795 554 2866 κεκληρωμένος.
615 2797 764 2850 Πόσα
808 2796 866 2849 δὲ
921 2796 1056 2851 ἄλλα
1109 2797 1255 2851 δεινὰ
1297 2800 1390 2852 καὶ
1439 2816 1691 2869 παραπε-

109 2903 242 2958 ποιη
255 2887 410 2957 μένα,
437 2888 533 2939 καὶ
568 2887 866 2958 μοχθηρίας
892 2885 1130 2958 γέμοντα
1178 2890 1306 2960 παρ’
1346 2891 1530 2953 αὐτοῖς
1569 2891 1690 2941 ἐπι-

101 2977 394 3048 τηδεύεται
421 2994 434 3042 ;
464 2977 631 3029 Ὅταν
672 2977 780 3048 γάρ
808 2994 891 3040 τις
915 2976 976 3041 ἐξ
1003 2977 1180 3031 αὐτῶν
1221 2979 1253 3048 ἢ
1295 2980 1434 3050 νόσῳ
1459 2979 1689 3050 περιπέ-

103 3085 188 3120 σοι
211 3107 227 3130 ,
257 3067 291 3137 ἢ
321 3067 426 3119 ὑπὸ
452 3066 680 3137 ἑρπετοῦ
713 3067 934 3138 δηχθείη
957 3107 970 3132 ,
1004 3054 1246 3122 κάτεισιν
1284 3072 1363 3133 είς
1393 3070 1460 3122 τὰ
1500 3070 1686 3135 ὕδατα,

103 3159 201 3213 καὶ
232 3157 574 3211 ἐπικαλεῖται
601 3158 700 3222 τὰς
725 3159 1040 3230 ἐπωνυμίας
1067 3159 1166 3224 τὰς
1193 3163 1250 3214 ὲν
1274 3160 1352 3232 τῷ
1387 3161 1572 3228 Ἦλξαῖ
1596 3162 1688 3216 τοῦ

99 3268 162 3304 τε
192 3249 434 3321 οὐρανοῦ
467 3251 560 3303 καὶ
587 3249 689 3320 τῆς
713 3250 834 3321 γῆς,
865 3251 963 3320 τῆς
992 3269 1050 3304 τε
1081 3251 1205 3315 ἁλὸς
1237 3253 1331 3305 καὶ
1361 3252 1452 3306 τοῦ
1479 3252 1689 3319 ὓδατος,

100 3340 214 3393 τῶν
254 3357 315 3392 τε
346 3340 563 3411 ἀνέμων
590 3341 684 3393 καὶ
721 3340 967 3409 ἀγγέλων
995 3341 1094 3409 τῆς
1131 3341 1506 3413 δικαιοσύνης,
1538 3341 1690 3411 φασὶ,

102 3433 203 3484 καὶ
238 3431 336 3484 τοῦ
367 3433 528 3503 ἄρτου
570 3431 664 3484 καὶ¹
688 3430 891 3485 ἐλαίου.
928 3431 1038 3485 Καὶ
1069 3432 1295 3502 ἄρχεται
1321 3433 1521 3501 λέγειν,
1556 3435 1692 3505 Bon-

103 3520 238 3591 θῆτέ
271 3538 385 3591 μοι,
417 3521 510 3574 καὶ
549 3519 892 3585 ἀπαλλάξατε
923 3519 1017 3573 ἀπ’
1047 3521 1183 3590 ἐμοῦ
1211 3521 1272 3574 τὸ
1309 3521 1548 3593 ἄλγημα.

178 3701 326 3770 Ἤδη
351 3701 409 3754 δέ
442 3718 529 3772 μοι
558 3701 650 3754 xal
676 3699 932 3772 ἀνωτέρω
960 3699 1354 3772 προδεδήλωται
1380 3739 1394 3764 ,
1427 3698 1501 3763 ὡς
1519 3699 1694 3753 ταῦτα

107 3795 208 3864 μὲν
245 3793 444 3847 Ἐϐίων
474 3795 574 3847 οὐκ
619 3794 733 3866 ᾔδει
757 3834 772 3856 ,
812 3793 949 3862 μετὰ
981 3792 1170 3861 καιρὸν
1209 3791 1264 3844 δὲ
1317 3792 1363 3843 οἱ
1420 3792 1514 3844 σὺν
1547 3791 1695 3861 αὐτῷ

105 3884 480 3952 συναφθέντες
514 3883 593 3954 τῷ
649 3884 834 3950 Ἦλξαῒ
870 3884 1134 3955 ἐσχήκασι
1177 3883 1274 3952 μὲν
1303 3881 1397 3934 τοῦ
1443 3882 1696 3946 Ἐὀίωνος

102 3979 205 4046 τὴν
237 3976 544 4048 περιτομὴν
578 3976 672 4029 καὶ
716 3975 777 4029 τὸ
810 3975 1086 4030 Σάϐϐατον
1133 3975 1226 4028 καὶ
1258 3973 1327 4028 τὰ
1355 3974 1480 4046 ἔθη’
1521 3974 1615 4028 τοῦ
1639 3975 1698 4028 δὲ

116 4067 315 4134 Ἦλξαῒ
341 4067 440 4138 τὴν
469 4067 765 4135 φαντασίαν
792 4066 931 4120 ὥστε
958 4066 1199 4138 νομίζειν
1227 4066 1324 4136 μὲν
1345 4065 1436 4120 τὸν
1464 4066 1696 4136 Χριστὸν

103 4155 253 4212 εἶναι
277 4176 334 4211 τι
361 4157 729 4228 ἀνδροείκελον
760 4157 1060 4228 ὲκτύπωμα
1101 4158 1331 4228 ἀόρατον
1366 4157 1693 4230 ἀνθρώποις,

107 4250 312 4320 μιλίων
349 4249 730 4320 ἔνενηκονταὲξ
764 4248 824 4301 τὸ
858 4249 1032 4320 μῆκος
1053 4288 1067 4312 ,
1097 4248 1257 4320 δῆθεν
1304 4248 1526 4320 σχοίνων
1557 4251 1699 4302 εἰκο-

103 4339 478 4409 σιτεσσάρων,
505 4339 566 4392 τὸ
592 4340 649 4392 δὲ
679 4339 879 4401 πλάτος
913 4338 1136 4408 σχοίνων
1163 4339 1241 4404 ἒξ,
1277 4339 1467 4410 μιλίων
1498 4339 1698 4393 εἰκοσι-

100 4431 430 4501 τεσσάρων·
462 4431 521 4484 τὸ
563 4430 734 4500 πάχος
776 4429 832 4483 δὲ
865 4429 1006 4484 κατὰ
1040 4432 1301 4502 μέτρησιν
1334 4431 1500 4502 ἄλλην
1550 4431 1692 4486 τινά.

113 4524 382 4595 ’Λντικρὺ
423 4522 482 4576 δὲ
514 4522 678 4576 αὑτοῦ
710 4521 932 4576 ἑστάναι
981 4522 1074 4575 καὶ
1107 4523 1167 4575 τὸ
1199 4522 1353 4592 άγιον
1382 4523 1608 4595 Πνεῦμα
1639 4526 1698 4578 ὲν

105 4617 243 4669 εῖδει
301 4613 526 4678 θηλείας
567 4614 810 4684 ἀοράτως
833 4630 846 4644 ⁸
881 4613 978 4666 καὶ
1024 4613 1082 4667 τὸ
1113 4613 1243 4666 αὐτὸ
1273 4612 1364 4667 τοῦ
1405 4614 1566 4668 αὐτοῦ
1605 4613 1700 4685 μέ-

109 4725 271 4778 τρου.
316 4707 428 4760 Kal
455 4705 618 4758 πόθεν
641 4745 655 4769 ,
692 4707 874 4776 φησιν,
910 4705 1080 4774 ἔγνων
1111 4705 1177 4760 τὰ
1209 4706 1419 4778 μέτρα;
1463 4706 1698 4776 Ἐπειδὴ,

112 4798 313 4869 φησὶν,
344 4792 484 4850 εἶδον
511 4796 621 4851 ἀπὸ
645 4797 750 4850 τῶν
781 4797 970 4868 ὀρέων,
1002 4799 1083 4852 ὅτι
1116 4801 1171 4852 al
1209 4799 1442 4868 κεφαλαὶ
1472 4799 1700 4869 ἔφθανον

107 4889 305 4946 αὐτῶν
331 4907 348 4922 ·
383 4890 477 4942 καὶ
506 4889 568 4941 τὸ
601 4888 796 4960 μέτρον
822 4888 916 4943 τοῦ
943 4889 1102 4961 ὅρους
1129 4889 1460 4960 καταμαθὼν
1484 4932 1498 4957 ,
1532 4889 1702 4959 ἔγνων

102 4979 362 5053 Χριστοῦ
390 4997 450 5032 τε
473 4979 565 5033 καὶ
584 4978 680 5031 τοῦ
705 4980 861 5047 ἀγίου
890 4979 1206 5052 Πνεύματος
1235 4981 1301 5034 τὰ
1332 4981 1527 5051 μέτρα.
1562 4981 1701 5051 Ἤδη

98 5075 159 5128 δέ
189 5090 291 5144 μοι
317 5071 449 5143 περὶ
481 5070 688 5125 τούτων
725 5073 938 5143 εἴρηται
963 5074 1019 5125 ὲν
1053 5075 1120 5144 τῇ
1147 5073 1290 5126 κατὰ
1327 5073 1588 5127 Ὀσσαίων
1617 5075 1704 5126 al-

107 5165 287 5236 ρέσει.
345 5163 435 5216 Ἐν
465 5162 746 5234 παρεξόδῳ
775 5162 1039 5216 δὲταῦτα
1083 5166 1389 5236 πεποίημαι
1435 5164 1562 5228 νῦν,
1615 5165 1702 5219 ἵνα

107 5257 182 5329 μὴ
205 5256 282 5308 τὰ
318 5253 450 5323 παρ’
486 5253 700 5325 ἑκάστῳ
730 5254 872 5308 ἔθνει
905 5273 964 5308 τε
996 5257 1086 5310 καὶ
1123 5256 1330 5328 αἱρέσει
1363 5256 1522 5321 ὄντα,
1551 5257 1701 5328 εὑρι-

105 5349 366 5418 σκόμενα
393 5345 450 5398 δὲ
493 5346 588 5400 καὶ
627 5349 755 5419 παρ’
783 5348 1024 5422 ἑτέροις,
1055 5350 1336 5422 νομισθείη
1367 5350 1508 5406 κατὰ
1530 5349 1700 5421 λήθην

104 5439 196 5509 ὑφ’
231 5436 406 5510 ἡμῶν
426 5436 704 5508 εἰρῆσθαι.

181 5645 196 5673 ³
234 5644 365 5696 Act-
408 5662 520 5709 xxi,
549 5646 635 5702 39.
713 5647 727 5674 ³
769 5647 888 5698 At
935 5664 1006 5707 iv.
1046 5647 1135 5701 54.

1786 1801 1972 1863 utpote
1987 1793 2079 1862 qui
2097 1792 2376 1847 Christum
2398 1808 2607 1847 merum
2632 1809 2755 1848 esse
2775 1794 3048 1848 hominem
3062 1793 3356 1856 existimet,

1786 1886 1840 1939 in
1871 1899 2045 1954 eoque
2069 1899 2219 1954 spem
2243 1900 2366 1939 cum
2398 1884 2636 1954 quadam
2668 1885 2790 1939 ﬁdei
2820 1885 3166 1940 mendicitate
3188 1886 3358 1940 collo-

1785 1984 1892 2032 cet.
1909 1976 2139 2031 Atenim
2166 1975 2252 2030 isti
2279 1977 2346 2031 de
2373 1991 2435 2030 ea
2459 1992 2516 2032 re
2534 1977 2856 2047 gloriantur,
2883 1992 3050 2046 seque
3079 1976 3359 2032 mendicos

1787 2068 2102 2139 prmdicant,
2149 2069 2296 2137 quod
2337 2069 2739 2138 apostolorum,
2790 2069 3073 2138 inquiunt,
3121 2077 3359 2138 tempore

1788 2175 1906 2214 mos
1933 2167 2081 2215 esset
2110 2160 2252 2214 bona
2280 2175 2380 2214 sua
2407 2158 2812 2222 distrahere,.et
2845 2158 2910 2213 ad
2946 2158 3160 2213 illorum
3195 2158 3358 2228 pedes

1787 2248 2084 2318 abjicere'.
2113 2245 2302 2317 Itaque
2330 2263 2390 2303 se
2423 2248 2641 2302 illorum
2671 2247 2921 2317 exemplo
2947 2247 3015 2302 ad
3048 2246 3359 2301 mendicita-

1791 2345 1896 2393 tem
1931 2336 2123 2406 redigi,
2151 2351 2217 2390 ac
2242 2336 2403 2392 bonis
2437 2337 2693 2392 omnibus
2726 2336 3002 2401 abdicare,
3026 2335 3362 2406 proindeque

1789 2428 1992 2498 passim
2022 2427 2301 2483 mendicos
2331 2429 2612 2497 appellari.
2647 2426 2751 2483 Sed
2780 2428 2881 2482 hoc
2904 2428 2972 2483 ab
3000 2429 3108 2484 illis
3128 2444 3194 2484 ex
3221 2429 3362 2500 inge-

1790 2517 1882 2571 nio
1911 2516 2204 2572 conﬁctum
2242 2525 2365 2583 est;
2412 2533 2535 2572 nam
2570 2517 2762 2572 Ebioni
2799 2518 3077 2587 proprium
3111 2518 3214 2572 hoc
3245 2526 3364 2573 erat

1789 2624 2008 2674 nomen,
2041 2625 2148 2663 non
2180 2609 2299 2666 sine
2329 2609 2588 2664 vaticinio
2626 2617 2807 2664 tamen
2837 2609 3046 2678 aliquo,
3073 2625 3180 2679 quo
3210 2624 3364 2664 men-

1790 2701 1945 2756 dicus
1975 2700 2273 2770 infelixque
2305 2699 2416 2755 fore
2439 2700 2864 2772 signiﬁcaretur,
2901 2715 3027 2756 cum
3065 2716 3093 2754 a
3126 2702 3363 2770 parenti-

1791 2790 1894 2846 bus
1943 2790 1996 2844 id
2048 2791 2286 2845 nominis
2322 2791 2645 2860 accepisset.
2683 2789 2856 2855 Quam
2886 2804 3017 2845 vero
3046 2790 3151 2843 alia
3194 2790 3364 2842 multa

1791 2891 1844 2937 et
1874 2897 2156 2953 perperam
2180 2880 2449 2944 affectata,
2481 2887 2532 2935 et
2558 2881 2822 2935 scelerata
2849 2895 2912 2933 ac
2943 2878 3148 2935 nefaria
3173 2893 3362 2934 eorum

1794 2973 2047 3029 instituto
2077 2975 2371 3044 geruntur!
2411 2972 2637 3038 Quoties
2666 2971 2810 3028 enim
2839 2970 3037 3041 aliquis
3064 2970 3277 3026 illorum
3309 2973 3363 3024 in

1793 3065 2041 3119 morbum
2088 3064 2299 3131 incidit,
2350 3072 2444 3117 aut
2488 3080 2518 3117 a
2568 3071 2820 3133 serpente
2872 3077 3089 3116 morsus
3141 3069 3244 3125 est,
3298 3061 3365 3114 ad

1791 3169 1962 3226 aquas
1993 3155 2297 3210 descendit.
2326 3153 2404 3208 lbi
2435 3154 2830 3225 appellationes
2879 3166 3090 3213 omnes,
3118 3165 3245 3220 quae
3282 3149 3370 3204 El-

1792 3247 1879 3302 xai
1911 3247 2226 3316 complexus
2256 3253 2361 3309 est,
2399 3246 2637 3310 invocat,
2665 3244 2790 3300 coeli
2818 3243 3072 3298 videlicet
3094 3257 3158 3295 ac
3188 3250 3365 3304 terrae,

1793 3339 1922 3394 salis
1976 3346 2028 3392 et
2054 3353 2229 3408 aqua),
2266 3344 2554 3392 ventorum
2590 3344 2645 3390 et
2692 3335 3027 3404 angelorum,
3065 3340 3122 3386 ut
3151 3340 3366 3392 vocant,

1789 3428 2043 3497 justitiaa;
2100 3428 2257 3497 panis
2305 3427 2434 3480 item
2487 3435 2540 3480 et
2589 3427 2716 3481 olei.
2751 3425 2955 3480 Deinde
3000 3425 3242 3479 solemne
3270 3423 3372 3476 hoc

1792 3533 2014 3572 carmen
2049 3517 2288 3587 concipit
2318 3535 2332 3571 :
2361 3517 2563 3572 Adeste
2602 3516 2757 3576 mihi.
2787 3522 2842 3571 et
2871 3514 3016 3569 hunc
3043 3527 3073 3567 a
3095 3528 3182 3568 me
3219 3512 3374 3568 dolo-

1794 3625 1907 3664 rem
1943 3609 2220 3678 depellite.
3051 3653 3056 3657 λ

1863 3697 1981 3754 Jam
2015 3698 2118 3752 hoc
2152 3705 2310 3753 antea
2356 3699 2772 3762 declaravimus,
2802 3696 2989 3750 omnia
3044 3694 3160 3748 haec
3209 3693 3374 3748 Ehio-

1796 3805 1917 3845 nem
1963 3789 2243 3855 nescisse;
2281 3790 2512 3860 ejusque
2563 3788 2864 3858 discipulos
2918 3788 3198 3856 aliquanto
3253 3793 3375 3857 post

1797 3899 1920 3938 cum
1957 3882 2108 3936 Elxai
2151 3883 2522 3938 coalescentes
2553 3883 2620 3937 ab
2652 3881 2858 3936 Ebioue
2887 3879 3370 3936 circumcisionem

1798 3989 1864 4028 ac
1909 3972 2231 4039 Sabbatum,
2264 3973 2513 4043 aliosque
2557 3973 2695 4028 ritus
2741 3971 3040 4042 accepisse.
3090 3969 3173 4025 Ah
3220 3969 3373 4024 Elxai

1797 4080 1926 4120 vero
1978 4065 2250 4120 somnium
2307 4063 2460 4128 illud,
2525 4071 2583 4118 ut
2646 4063 2920 4119 Christum
2980 4061 3208 4116 formam
3255 4077 3376 4118 esse

1798 4157 2091 4225 quamdam
2118 4157 2369 4210 humana:
2396 4156 2651 4221 similem,
2684 4171 2858 4225 neque
2882 4154 3196 4210 hominibus
3226 4170 3378 4224 aspe-

1801 4250 2055 4304 ctabilem
2089 4265 2212 4306 esse
2248 4249 2548 4321 ﬁngerent;
2591 4249 2931 4321 longitudine
2974 4248 3202 4302 millium
3227 4262 3373 4312 XCVI,

1729 4374 1773 4428 D
1802 4343 1894 4412 qui
1919 4349 2046 4398 sunt
2072 4339 2283 4396 schmni
2313 4350 2548 4412 quatuor
2567 4348 2620 4396 et
2645 4340 2834 4410 viginti
2857 4357 2870 4405 ;
2897 4339 3186 4393 latitudine
3204 4339 3378 4393 schoe-

1803 4447 1996 4486 norum
2027 4447 2103 4496 vr,
2140 4432 2242 4486 hoc
2275 4440 2358 4487 est
2387 4432 2614 4486 millium
2646 4445 2804 4496 xxiv;
2839 4429 3189 4484 crassitudini
3221 4427 3378 4482 deni-

1803 4537 1908 4593 que
1939 4521 2096 4575 aliam
2130 4538 2443 4578 mensuram
2486 4521 2807 4576 attribuunt.
2844 4518 3019 4589 Prope
3048 4520 3222 4588 ipsum
3249 4533 3378 4573 vero

1805 4623 1949 4668 stare
1993 4609 2256 4682 Spiritum
2289 4623 2538 4668 sanctum
2569 4612 2819 4667 muliebri
2851 4611 3042 4683 ﬁgura,
3074 4611 3146 4666 ita
3196 4618 3378 4665 tamen

1807 4712 1868 4758 ut
1898 4703 2067 4759 videri
2104 4713 2372 4774 nequeat;
2407 4705 2758 4774 ejusdemque
2792 4719 2916 4759 esse
2952 4717 3236 4757 tnensurze.
3268 4699 3385 4755 Ro-

1805 4811 1902 4866 ges
1928 4795 2072 4851 unde
2101 4811 2194 4850 eas
2226 4811 2514 4852 mensuras
2543 4795 2871 4865 acceperint.
2903 4795 2945 4848 E
2970 4793 3266 4858 montibus,
3295 4793 3380 4847 iu-

1804 4888 2017 4957 quiunt,
2053 4888 2374 4943 observatas
2404 4889 2688 4953 habemus,
2725 4903 2957 4957 quorum
3007 4887 3074 4955 ad
3121 4889 3376 4941 verticem

1803 4978 2020 5033 illorum
2053 4981 2232 5050 capita
2264 4982 2678 5052 pertingebant;
2710 4995 2881 5052 quare
2910 4979 3173 5034 montium
3195 4979 3380 5033 altitu-

1804 5069 1988 5126 dinem
2019 5070 2275 5137 dimensi,
2311 5073 2510 5128 Christi
2543 5088 2607 5126 ac
2638 5072 2814 5128 sancti
2846 5070 3080 5140 Spiritus
3107 5070 3380 5140 magnitu-

1803 5159 1988 5215 dinem
2014 5164 2608 5234 comperimusNerum
2635 5164 2704 5219 de
2735 5164 2818 5220 his
2849 5165 2903 5217 in
2928 5163 3236 5217 Ossaeorum
3272 5162 3380 5215 ha:-

1807 5253 1912 5306 resi
1935 5252 2047 5322 jam
2077 5262 2202 5311 ante
2229 5255 2650 5326 disputavimus.
2688 5255 2754 5311 Et
2783 5271 2930 5311 nunc
2959 5255 3134 5309 obiter
3161 5269 3221 5308 ea
3257 5268 3380 5322 per-

1805 5344 2148 5411 strinximus,
2180 5363 2247 5402 ne
2266 5350 2409 5418 quod
2444 5365 2607 5418 penes
2632 5362 3071 5421 unamquamque
3100 5348 3379 5401 nationem

1808 5456 1873 5495 ac
1891 5453 2093 5495 sectam
2112 5443 2401 5512 reperitur,
2422 5442 2473 5496 id
2504 5444 2549 5498 si
2592 5445 2646 5497 in
2665 5443 2784 5498 aliis
2800 5457 3015 5513 quoque
3032 5447 3378 5522 cerneretur,

1801 5531 1980 5588 alieno
2003 5533 2123 5589 loco
2144 5551 2238 5606 per
2263 5536 2590 5592 oblivionem
2617 5542 3098 5592 commemoratum
3134 5545 3376 5606 putares.
