3814 6324
362 280 471 337 455

1779 281 1836 336 S.
1882 277 2222 336 EPIPHANII

3537 278 3644 332 436

444 394 602 467 142
641 393 826 449 XVIII.
869 393 1012 464 Ergo
1044 396 1216 452 Ebiou
1245 399 1465 454 tametsi
1493 399 1545 452 in
1573 396 1722 462 Asia,
1752 410 1816 450 ac
1841 394 1950 448 Ro-

2122 397 2226 452 IH'.
2259 387 2428 459 Οῦτσς
2458 395 2555 466 μὲν
2583 390 2675 448 οῦν
2698 396 2726 447 ὁ
2763 393 2957 447 Ἐϐίων
2979 393 3074 446 καὶ
3100 393 3263 456 αὐτὸς
3283 394 3342 446 ἐν
3365 396 3432 464 τῇ
3485 393 3644 464 Ἀσίᾳ

369 504 473 542 ma:
497 501 738 543 errorem
770 503 929 543 suum
965 488 1424 553 disseminaverit,
1452 489 1806 543 nihilominus
1840 487 1952 550 spi-

371 593 635 634 nosorum
680 594 905 634 suorum
958 582 1266 650 germinum
1320 582 1708 649 stolonumque
1741 577 1953 631 radices

330 681 332 685 '
372 685 440 724 ex
464 668 755 724 Nabatbaza
778 678 943 740 atque
969 669 1222 727 Paneade
1249 673 1599 742 potissimum
1624 669 1809 732 trahit,
1835 683 1954 722 nec-

372 775 483 814 non
538 768 592 814 et
641 760 954 825 Moabitide,
990 759 1388 831 Cochabisque,
1433 761 1579 830 quod
1625 757 1954 813 Basanitidis

373 852 631 922 oppidum
663 861 748 908 est
776 860 927 908 trans
961 851 1171 908 Adraos
1207 872 1222 908 :
1253 862 1308 909 et
1339 853 1393 907 in
1432 853 1610 908 insula
1641 851 1840 920 Cypro.
1861 835 1956 902 Est

373 943 480 997 hoc
505 944 610 998 illis
637 944 858 1013 insuper
882 945 938 999 in
961 959 1113 999 more
1141 945 1402 1014 positum,
1431 951 1490 998 ut
1518 941 1956 996 adolescentulos

376 1035 511 1090 citra
538 1043 1048 1091 maturammtatem
1075 1035 1142 1089 ad
1170 1037 1390 1104 nuptias
1413 1034 1758 1105 compellant,
1795 1031 1956 1100 idque

377 1126 514 1181 adeo
547 1142 578 1181 a
603 1128 875 1197 magistris
905 1135 1172 1198 potestate
1207 1127 1369 1182 facta.
1403 1127 1615 1182 Habent
1639 1113 1782 1180 enim
1829 1121 1954 1193 pre-

379 1220 629 1290 sbyteros
660 1237 812 1284 suos,
848 1235 912 1275 ac
961 1237 1249 1292 synagoga:
1281 1221 1592 1291 principes;
1621 1234 1746 1273 nam
1793 1231 1956 1287 syna-

379 1327 570 1382 gogam
595 1319 895 1368 conventus
918 1328 1068 1379 suos,
1100 1328 1210 1368 non
1238 1311 1525 1368 ecclesiam
1554 1311 1861 1373 nominant,
1894 1321 1957 1361 ac

378 1403 585 1459 Christi
635 1405 807 1459 solum
852 1420 1051 1460 nomen
1104 1421 1214 1476 prae
1261 1420 1321 1460 se
1370 1406 1574 1459 ferunt.
1601 1402 1788 1473 Neque
1830 1414 1958 1453 vero

287 1517 294 1522 ·
380 1496 505 1550 unis
548 1494 814 1550 duntaxat
843 1497 1051 1566 nuptiis
1096 1497 1387 1552 aliinitates
1424 1497 1568 1550 inter
1620 1511 1679 1550 se
1725 1495 1957 1562 conjun-

376 1597 534 1660 gunt,
567 1589 660 1645 sed
692 1589 738 1646 si
774 1590 862 1644 cui
908 1589 1202 1645 divortium
1251 1589 1428 1644 facere
1475 1588 1714 1648 libuerit,
1749 1602 1813 1642 ac
1857 1601 1959 1641 no-

377 1695 504 1733 vum
530 1681 666 1736 inire
689 1682 1117 1747 matrimonium,
1139 1680 1206 1734 ad
1231 1681 1420 1736 tertias
1438 1689 1490 1737 et
1509 1683 1768 1751 septimas
1787 1697 1960 1754 usque

379 1772 602 1841 nuptias
633 1774 979 1842 permittunt.
1013 1772 1240 1838 Quidvis
1271 1775 1414 1828 enim
1456 1773 1598 1843 apud
1635 1773 1757 1828 illos
1802 1789 1961 1844 agere

379 1863 718 1917 conceditur.
741 1863 912 1918 Porro
929 1863 1323 1927 Abrahamum,
1351 1871 1404 1916 et
1424 1862 1691 1926 Isaacum,
1721 1877 1784 1916 ac
1798 1861 1962 1916 Jaco-

378 1953 529 2016 bum,
548 1961 602 2006 et
621 1951 862 2023 Moysen,
886 1960 1050 2022 atque
1075 1955 1341 2008 Aaronem
1361 1953 1679 2016 admittunt,
1704 1968 1808 2006 una
1836 1967 1960 2006 cum

379 2039 531 2104 Jesu,
589 2041 701 2095 lilio
740 2041 909 2107 Nave,
963 2043 1054 2112 qui
1109 2043 1308 2114 Moysis
1337 2044 1602 2098 duntaxat
1653 2058 1960 2106 successor,

381 2148 559 2203 neque
576 2133 871 2204 quidquam
907 2136 1142 2205 amplius
1177 2136 1361 2191 fuerit.
1383 2135 1692 2192 Secundum
1711 2135 1811 2190 bos
1838 2135 1962 2189 ιιιιι-

382 2225 496 2277 lum
536 2225 702 2282 alium
754 2242 819 2281 ex
861 2228 1141 2298 prOphetis
1186 2231 1485 2292 asciscunt,
1525 2229 1620 2284 sed
1649 2246 1772 2284 cum
1801 2245 1962 2284 exse-

380 2315 632 2371 oratione
673 2320 1027 2387 proscribunt
1062 2335 1124 2372 ac
1156 2320 1428 2387 derident,
1460 2331 1590 2392 puta
1623 2320 1880 2378 Davidem
1912 2332 1965 2377 et

385 2405 754 2476 Saiomonem,
807 2419 969 2481 atque
1019 2410 1236 2477 Isaiam,
1287 2410 1604 2477 Jeremiam,
1663 2411 1962 2477 Danielem,

383 2495 758 2566 Ezechielem;
796 2503 1122 2571 quibuscum
1181 2501 1350 2556 Eliam
1411 2513 1573 2572 atque
1606 2503 1844 2560 Eliseum
1874 2520 1964 2559 τε·-

384 2591 628 2660 pudiant.
644 2591 827 2662 Neque
847 2593 992 2648 enim
1023 2593 1239 2648 illorum
1269 2595 1541 2652 vaticiniis
1566 2598 1962 2663 assentiuntur,

385 2683 480 2739 sed
506 2683 572 2740 iis
601 2684 1119 2742 maledicentissime
1146 2685 1475 2753 detrahunt;
1498 2688 1593 2743 sed
1618 2704 1796 2760 neque
1819 2689 1965 2743 aliud

383 2782 581 2844 praeter
624 2775 975 2848 Evangelium
1026 2778 1318 2850 recipiunt.
1367 2778 1521 2844 Quod
1570 2779 1638 2833 ad
1685 2779 1965 2836 Christum
2035 2785 2042 2790 “

384 2873 618 2937 spectat,
647 2869 894 2923 veritatis
935 2869 1084 2924 hunc
1113 2885 1236 2926 esse
1266 2871 1583 2940 prophetam
1617 2871 1882 2938 sentiunt,
1915 2881 1969 2927 et

384 2955 663 3013 Christum
693 2959 788 3014 Dei
821 2959 1015 3014 Filium
1052 2963 1434 3031 progressione
1462 2963 1696 3034 quadam
1724 2965 1964 3028 virtutis,

2054 488 2115 541 τὸ
2137 489 2156 520 ³
2173 485 2288 558 εἶχε
2313 491 2574 558 κήρυγμα
2601 487 2695 540 καὶ
2725 486 2931 556 Ῥώμῃ,
2949 486 3047 548 τὰς
3065 485 3120 538 δέ
3147 485 3304 557 ῥίζας
3335 486 3445 538 τῶν
3473 488 3644 538 ἀκαν-

2056 580 2239 633 θωδῶν
2303 580 2671 650 παραφυάδων
2737 579 2950 649 ἔχουσιν
3016 579 3123 632 ἀπό
3183 596 3244 631 τε
3310 579 3410 648 τῆς
3461 579 3644 631 Ναϐα-

2053 671 2182 732 τέας
2246 670 2382 739 (51)
2437 671 2530 723 καὶ
2585 669 2856 731 Πανεάδος
2917 669 2976 722 τὸ
3031 669 3279 722 πλεῖστον
3317 709 3332 732 ,
3407 668 3642 722 Μωαϐί-

2055 762 2196 825 τιδός
2236 779 2294 815 τε
2348 762 2441 815 καὶ
2501 761 2781 831 Κωχάϐων
2821 761 2919 831 τῆς
2966 762 3023 813 ἐν
3075 765 3140 831 τῇ
3191 761 3498 814 Βασανίτιδι
3567 766 3640 831 γῇ

2055 854 2309 906 ἐπέκεινα
2355 852 2624 924 Ἀδραῶν·
2657 852 2790 906 ἀλλά
2835 854 2929 905 καὶ
2963 854 3020 905 ἐν
3075 857 3138 923 τῇ
3173 854 3403 924 Κύπρῳ.
3443 855 3642 918 Ἀναγ-

2057 947 2282 1011 κάζουσι
2311 947 2386 1010 δέ,
2420 947 2511 998 καὶ
2541 948 2671 1017 παρ’
2694 947 2905 1016 ήλικίαν
2929 947 3286 1016 ἐκγαμίζουσι
3311 949 3439 1010 τοὺς
3461 947 3639 1012 νέους,

2057 1034 2116 1099 ἐξ
2161 1035 2459 1105 ἐπιτροπῆς
2490 1034 2650 1104 δῆθεν
2703 1035 2813 1087 τῶν
2848 1037 2975 1104 παρ’
3020 1036 3203 1098 αὐτοῖς
3252 1036 3640 1089 διδασκαλίων.

2057 1127 2466 1200 Πρεσϐυτὲρους
2499 1127 2607 1198 γὰρ
2631 1122 2775 1182 οὗτοι
2801 1127 2980 1198 ἔχουσι
3014 1129 3106 1181 καὶ
3128 1129 3640 1198 ἀρχισυναγώγους.

2058 1218 2386 1288 Συναγωγὴν
2414 1218 2470 1271 δέ
2507 1210 2652 1270 οῦτοι
2685 1218 2907 1271 καλοῦσι
2936 1219 3033 1290 τὴν
3071 1219 3276 1272 ἑαυτῶν
3314 1219 3638 1288 ἐκκλησίαν,

2057 1311 2154 1364 καὶ
2199 1311 2319 1380 οὐχὶ
2361 1310 2690 1381 ἐκκλησίανο
2726 1310 2802 1380 τῷ
2849 1309 3069 1380 Χριστῷ
3112 1310 3169 1363 δέ
3211 1310 3435 1378 ὀνόματι
3481 1310 3642 1378 μόνον

2003 1454 2010 1461 ,
2062 1402 2412 1474 σεμνύνονται
2434 1419 2448 1433 ⁶
2481 1403 2576 1456 καὶ
2613 1405 2675 1456 οὐ
2715 1404 2875 1474 μόνον
2909 1403 2987 1454 ἐνί
3029 1419 3136 1456 τινι
3168 1403 3331 1472 γάμῳ
3367 1401 3469 1464 τὰς
3513 1419 3644 1454 συν-

2060 1493 2255 1560 αφείας
2274 1491 2574 1555 ποιεῖσθαι,
2598 1492 2712 1545 ἀλλ’
2736 1493 2784 1544 εί
2818 1493 2910 1545 καὶ
2931 1491 3172 1561 θελήσειέ
3202 1509 3284 1555 τις
3309 1485 3402 1543 τοῦ
3420 1491 3644 1562 πρώτου

2061 1581 2238 1655 γάμου
2265 1583 2702 1652 διαζεύγνυσθαι,
2733 1583 2902 1655 ἑτέρῳ
2931 1583 2986 1636 δὲ
3011 1583 3393 1643 συνάπτεσθαι,
3421 1584 3648 1653 ἐπιτρέ-

2064 1693 2256 1730 πουσιν
2305 1675 2432 1746 ἄχρι
2469 1675 2564 1728 καὶ
2609 1675 2859 1745 δευτέρου
2899 1675 2992 1727 καὶ
3044 1673 3226 1743 τρίτου
3271 1673 3365 1725 καὶ
3411 1673 3646 1742 ἑϐδόμου

2062 1767 2259 1836 γάμου.
2313 1767 2495 1820 Πάντα
2547 1765 2654 1836 γὰρ
2707 1766 2836 1836 παρ’
2869 1764 3050 1826 αὐτοῖς
3102 1763 3272 1826 ἀδεῶς
3318 1763 3644 1835 πράττεται.

2077 1857 2327 1928 Ἀϐραὰμ
2375 1858 2431 1910 δέ
2481 1855 2800 1926 ὁμολογοῦσι
2855 1857 2948 1909 καὶ
3019 1854 3202 1908 Ἰσαὰκ
3256 1855 3349 1906 καὶ
3409 1853 3644 1906 Ἰακώϐ·

2062 1949 2302 2018 Μωῦσῆν
2354 1967 2414 2002 τε
2445 1950 2538 2002 καὶ
2579 1949 2787 2020 Ἀαρὼν
2808 1988 2823 2012 ,
2882 1947 3086 2018 Ἰησοῦν
3117 1965 3176 2000 τε
3203 1947 3294 2000 τὸν
3325 1947 3418 1999 τοῦ
3458 1947 3645 2015 Ναυῆ,

2062 2041 2250 2105 ἁπλῶς
2286 2041 2661 2111 διαδεξάμενον
2706 2040 2944 2094 Μωῦσέα
2971 2080 2986 2105 ,
3033 2040 3185 2093 οὐδὲν
3219 2040 3276 2092 δέ
3306 2040 3456 2091 ὄντα.
3489 2039 3649 2091 Μετά

2062 2136 2284 2200 τούτους
2329 2135 2384 2187 δὲ
2413 2135 2594 2188 οὐκέτι
2637 2133 2959 2204 ὁμολογοῦσι
3013 2150 3133 2186 τινα
3167 2131 3273 2186 τῶν
3320 2131 3647 2203 προφητῶν,

2063 2227 2200 2282 ἀλλὰ
2243 2228 2336 2280 καὶ
2364 2226 2816 2296 ἀναθεματίζουσι
2860 2226 2954 2279 καὶ
2995 2223 3314 2296 χλευάζουσι
3340 2263 3354 2285 ,
3385 2223 3550 2275 Δαϐίδ
3590 2240 3652 2275 τε

2065 2322 2271 2376 καὶτὸν
2304 2319 2619 2391 Σαλομῶνα,
2652 2320 2850 2390 ὁμοίως
2873 2319 2929 2371 δέ
2954 2322 3079 2382 τοὺς
3112 2318 3239 2388 περὶ
3284 2318 3512 2369 Ἡσαΐαν
3550 2316 3651 2369 καὶ

2078 2415 2345 2486 Ἱερεμίαν
2377 2414 2470 2466 καὶ
2515 2412 2711 2482 Δανιὴλ
2743 2393 2849 2465 καὶ·
2878 2409 3163 2479 Ἰεζεκιήλ·
3224 2409 3408 2463 Ἠλίαν
3458 2426 3518 2461 τε
3553 2408 3652 2460 καὶ

2079 2508 2377 2561 Ἐλισσαῖον
2411 2503 2713 2559 ἀθετοῦσιν.
2749 2503 2826 2557 Οὐ
2856 2503 2964 2572 γὰρ
3009 2501 3375 2562 συντίθενται,
3405 2499 3652 2568 βλασφη-

2071 2600 2299 2672 μοῦντες
2332 2599 2430 2661 τὰς
2467 2598 2644 2652 αὐτῶν
2673 2595 3007 2668 προφητείας
3026 2611 3040 2624 ·
3072 2593 3209 2646 ἀλλά
3254 2593 3411 2662 μόνον
3443 2593 3506 2643 τὸ
3533 2591 3652 2642 Εὑ-

2068 2693 2320 2762 αγγέλιον
2341 2691 2606 2762 δέχονται.
2638 2689 2741 2742 Τὸν
2771 2689 2826 2740 δὲ
2853 2687 3086 2759 Χριστὸν
3120 2686 3404 2753 προφήτην
3425 2684 3648 2750 λέγουσι

2066 2784 2165 2855 τῆς
2189 2782 2444 2853 ἀληθείας
2469 2824 2483 2848 ,
2518 2781 2613 2834 καὶ
2658 2780 2890 2851 Χριστὸν
2924 2778 3052 2831 Υίὸν
3091 2775 3225 2830 Θεοῦ
3261 2776 3401 2830 κατὰ
3441 2791 3646 2846 προκο-

2069 2877 2198 2947 πὴν,
2227 2876 2320 2929 καὶ
2349 2874 2492 2928 κατὰ
2517 2873 2807 2943 συνάφειαν
2835 2871 3120 2941 ἀναγωγῆς
3152 2871 3250 2940 τῆς
3280 2868 3484 2922 ἄνωθεν
3513 2867 3648 2936 πρὸς

2071 2969 2232 3022 αὑτὸν
2265 2967 2658 3038 γεγενημένης.
2691 2966 2827 3028 Τοὺς
2855 2965 2912 3017 δέ
2952 2966 3232 3035 προφήτας
3263 2961 3484 3029 λέγουσι
3521 2977 3650 3012 συν-

385 3057 442 3104 et
466 3050 855 3119 conjunctione
883 3066 1009 3105 cum
1038 3051 1146 3107 Deo
1176 3053 1403 3116 factum,
1437 3063 1708 3124 quatenus
1738 3057 1805 3110 ad
1834 3057 1962 3112 sub-

2077 3061 2358 3128 Ξσεωςζδῖ)
2394 3055 2530 3112 εἶναι
2565 3059 2881 3130 προφήτας,
2931 3057 3025 3110 καὶ
3060 3057 3159 3109 οὐκ
3225 3054 3503 3125 ἀληθείας,
3537 3052 3648 3104 Αὐ-

386 3141 538 3194 limia
587 3141 938 3211 ccelestiaque
983 3153 1273 3213 provectus
1335 3152 1438 3200 est.
1489 3144 1792 3214 Prophetas
1840 3163 1968 3202 vero

388 3247 498 3288 non
535 3233 802 3296 veritatis,
830 3233 924 3288 sed
953 3233 1324 3305 intelligentiae
1354 3252 1475 3291 esse
1504 3237 1798 3306 prophetas
1829 3236 1970 3291 arbi-

391 3332 628 3379 trantur.
660 3324 897 3380 Proinde
927 3324 1113 3380 Jesum
1139 3327 1314 3380 solum
1349 3328 1667 3397 prophetam
1708 3337 1761 3383 et
1793 3329 1970 3383 homi-

390 3431 539 3478 nem,
577 3415 783 3486 Deique
811 3415 1007 3471 Filium
1039 3433 1178 3480 esse,
1212 3418 1337 3472 licet
1376 3434 1560 3474 merus
1589 3419 1750 3474 homo
1784 3421 1874 3480 sit,
1911 3426 1970 3472 ut

389 3506 505 3578 iam
533 3507 794 3564 diximus.
821 3507 925 3574 Qui
968 3509 1040 3564 ob
1085 3510 1356 3580 egregiam
1381 3511 1638 3565 virtutem
1672 3510 1766 3566 Dei
1801 3510 1971 3566 Filius

394 3597 656 3667 appellari
702 3599 987 3654 meruerit.
1016 3597 1201 3668 Neque
1250 3616 1380 3655 vero
1428 3600 1631 3672 Moysis
1680 3601 1974 3658 Pentateu-

395 3687 558 3742 chum
584 3687 848 3757 integram
887 3689 1204 3755 admittunt,
1237 3690 1332 3744 sed
1375 3693 1622 3762 quaedam
1667 3695 1829 3749 verba
1865 3693 1974 3750 cir—

396 3779 796 3833 cumscribunt.
830 3780 988 3846 Quod
1021 3782 1064 3836 si
1101 3781 1168 3837 de
1197 3798 1294 3838 esu
1323 3785 1689 3840 auimatorum
1719 3787 1850 3840 illud
1878 3788 1974 3843 ob.

393 3871 555 3941 jicias
585 3889 600 3924 :
630 3871 742 3926 Cur
772 3872 1118 3931 Abrahamus
1147 3875 1375 3930 vitulum
1415 3893 1536 3948 cum
1585 3877 1726 3934 lacte
1767 3881 1974 3950 angelis

398 3965 776 4032 apposuerit‘;
813 3973 907 4018 aut
936 3979 1034 4018 cur
1065 3964 1304 4022 Noemus
1339 3968 1428 4022 illa
1462 3969 1778 4032 comederit,
1812 3981 1864 4025 et
1887 3970 1974 4023 di-

398 4054 610 4109 vinitus
644 4069 968 4126 responsum
999 4059 1291 4128 acceperit,
1335 4057 1515 4114 Macta
1542 4069 1591 4114 et
1625 4061 1887 4118 manduca
1913 4065 1970 4118 ἐ

401 4145 600 4216 quidve
627 4145 853 4216 insuper
875 4147 1094 4204 Isaacus
1123 4158 1176 4203 et
1197 4148 1456 4214 Jacobus,
1489 4167 1553 4206 ac
1581 4152 1794 4223 Moyses
1823 4155 1976 4208 simi-

400 4238 603 4306 literjn
628 4239 922 4294 solitudine
951 4240 1380 4296 sacriﬁcaverint
1413 4259 1426 4296 :
1454 4252 1612 4313 negat
1633 4243 1881 4300 Ehionita
1917 4262 1975 4302 se

401 4329 512 4384 illis
531 4329 780 4385 credere.
797 4329 862 4383 Et
879 4331 1010 4401 quid
1033 4348 1151 4386 mea
1178 4331 1365 4399 refert,
1393 4334 1669 4403 inquiunt,
1694 4337 1783 4390 ubi
1809 4340 1975 4393 semel

2068 3153 2159 3206 τὸν
2187 3151 2243 3206 δὲ
2275 3151 2431 3221 μόνον
2463 3149 2706 3203 θέλουσιν
2735 3145 2872 3202 εἶναι
2897 3149 3202 3220 προφήτην,
3221 3147 3315 3199 καὶ
3337 3145 3648 3216 ἄνθρωπον,

2072 3245 2166 3296 καὶ
2194 3242 2321 3296 Υἱὸν
2352 3241 2485 3294 Θεοῦ
2508 3283 2522 3306 ,
2567 3242 2663 3294 καὶ
2697 3239 2931 3311 Χριστόν
2957 3255 2970 3268 °
3013 3238 3109 3290 καὶ
3141 3238 3294 3305 ψιλὸν
3339 3236 3649 3308 ἄνθρωπον,

2070 3335 2145 3398 ὡς
2183 3333 2548 3405 προείπομεν,
2581 3331 2668 3384 διὰ
2704 3330 2760 3384 δὲ
2811 3329 3012 3400 ἀρετὴν
3049 3329 3163 3398 βίου
3211 3329 3414 3397 ἥκοντα
3467 3329 3547 3389 εἰς
3593 3324 3654 3378 τὸ

2073 3427 2353 3481 καλεῖσθαι
2385 3425 2510 3477 Υίὸν
2543 3407 2698 3477 Θεοῦ.
2731 3421 2866 3474 Οὔτε
2894 3420 3001 3492 γάρ
3041 3420 3285 3492 δέχονται
3315 3418 3411 3490 τὴν
3437 3419 3651 3472 Πεντάο

2072 3533 2263 3586 τευχον
2292 3513 2571 3576 Μωῦσέως
2604 3512 2731 3581 ὃλην
2758 3553 2773 3575 ,
2808 3510 2944 3564 ἀλλά
2983 3528 3104 3563 τινα
3131 3511 3350 3581 ῥήματα
3396 3507 3656 3561 ἀποϐάλ-

2073 3608 2276 3660 λουσιν.
2315 3605 2484 3656 Ὅταν
2528 3602 2586 3654 δέ
2635 3603 2816 3664 αὐτοῖς
2853 3602 3013 3672 εἴπῃς
3052 3603 3178 3670 περὶ
3213 3600 3466 3669 ἐμψύχων
3516 3598 3658 3669 βρώ-

2077 3715 2214 3759 σεως
2237 3715 2250 3728 ⁸
2286 3695 2410 3758 Πῶς
2436 3690 2526 3748 οὖν
2572 3694 2820 3763 Ἀϐραὰμ
2851 3693 3120 3764 παρέθετο
3151 3693 3263 3756 τοῖς
3290 3691 3541 3760 ἀγγέλοις
3564 3691 3658 3743 τὸν

2079 3790 2276 3860 μόσχον
2304 3787 2479 3841 καὶτὸ
2508 3785 2650 3854 γάλα
2675 3803 2688 3850 ;
2717 3783 2748 3855 ἢ
2777 3784 2891 3846 πῶς
2923 3783 3092 3852 ἔφαγε
3127 3782 3270 3846 Νῶε,
3300 3782 3393 3834 καὶ
3419 3783 3657 3850 ήκουσεν

2076 3882 2184 3936 ἀπὸ
2217 3879 2352 3934 Θεοῦ
2373 3879 2639 3948 λέγοντος.
2669 3876 2868 3930 Θῦοόίι⁴
2900 3877 2997 3929 καὶ
3031 3876 3214 3945 φάγῃ
3239 3875 3354 3938 πῶς
3377 3876 3433 3928 δέ
3467 3876 3656 3929 ἰσαάκ

2077 3976 2171 4030 καὶ
2211 3973 2404 4028 Ἰακὼϐ
2446 3971 2642 4024 ἔθυσαν
2667 3969 2743 4040 τῷ
2775 3968 2894 4040 Θεῷ
2917 4011 2931 4033 ,
2962 3969 3160 4039 ὁμοίιος
3198 3968 3254 4020 δέ
3288 3968 3381 4020 καὶ
3412 3967 3657 4035 Μωῦσῆς

2077 4070 2134 4123 ἐν
2166 4069 2231 4139 τῇ
2260 4067 2479 4140 ἐρήμῳ;
2523 4063 2752 4126 ἐκείνοις
2789 4062 2887 4133 μέν
2931 4061 3187 4126 ἀπιστεῖ,
3227 4059 3320 4112 καί
3369 4075 3532 4127 φησι·
3561 4057 3656 4119 Τίς

2077 4159 2235 4230 χρεία
2289 4175 2354 4228 με
2389 4155 2782 4225 ἀναγινώσκειν
2834 4156 2901 4210 τά
2957 4156 3012 4206 ἐν
3056 4153 3134 4223 τῷ
3181 4152 3359 4222 νόμῳ,
3411 4150 3655 4212 ἐλθόντος

2078 4249 2171 4303 τοῦ
2199 4247 2532 4317 Εὑαγγελίου
2555 4264 2568 4312 ;
2598 4246 2769 4302 Πόθεν
2804 4263 2886 4298 σοι
2917 4245 3100 4298 τοίνυν
3128 4243 3196 4302 τά
3223 4244 3349 4314 περὶ
3377 4242 3656 4302 Μωῡσέως

2081 4339 2176 4394 καὶ
2214 4339 2462 4410 Ἀϐραὰμ
2499 4338 2724 4402 είδέναι;
2763 4332 2893 4390 Οἶδα
2923 4336 3060 4406 γὰρ,
3104 4335 3178 4398 ὼς
3215 4334 3528 4405 ὁμολογεῖτε
3557 4335 3656 4387 αὖ·

405 4416 562 4488 143
598 4416 948 4490 Evangelium
995 4422 1218 4476 allatum
1249 4431 1355 4491 est,
1395 4439 1515 4493 quae
1563 4425 1617 4477 in
1652 4425 1769 4497 lege
1797 4427 1970 4481 conti-

2080 4433 2205 4496 τοὺς
2254 4426 2392 4484 εἶναι
2425 4430 2704 4493 δικαίους,
2755 4429 2848 4482 καὶ
2893 4428 3134 4498 πατέρας
3173 4426 3381 4480 ἑαυτῶν
3423 4426 3656 4494 ἐπιγράο

399 4519 604 4565 nentur
650 4514 937 4569 evolvere?
985 4513 1269 4571 Undenam
1324 4517 1489 4588 igitur
1533 4526 1687 4573 tenes
1745 4535 1864 4590 qua:
1913 4519 1970 4575 ad

2082 4524 2266 4596 φεσθε.
2301 4519 2434 4576 Εἶτα
2475 4521 2865 4594 ἀποκρίνεται,
2910 4520 3003 4573 καὶ
3055 4519 3237 4587 λέγει,
3285 4519 3367 4570 ὅτι
3421 4517 3654 4590 Χριστός

401 4601 646 4673 Moysen,
697 4604 1176 4680 Abrahamumque
1226 4609 1538 4679 pertinent?
1588 4610 1725 4666 Novi
1753 4613 1897 4666 enim
1951 4627 1970 4665 ε

2086 4634 2175 4687 μοι
2204 4615 2520 4684 ἀπεκάλυψε
2542 4631 2557 4646 ο
2597 4614 2690 4667 καὶ
2721 4613 3031 4683 βλασφημεί
3053 4611 3120 4663 τὰ
3158 4610 3326 4663 πλείω
3361 4610 3460 4678 τῆς
3499 4627 3654 4678 νομο⁴

400 4694 558 4751 vobis
590 4695 769 4766 justos
801 4698 923 4754 illos
960 4699 1272 4769 praedicari,
1311 4701 1488 4771 iisque
1514 4717 1611 4758 vos
1658 4704 1970 4774 parentibus

2084 4707 2305 4775 θεσίας,
2366 4707 2459 4762 καὶ
2512 4707 2638 4768 τοὺς
2701 4706 2830 4777 περὶ
2880 4701 3116 4774 Σαμψὼν
3175 4701 3271 4756 καὶ
3332 4701 3500 4754 Δαὸὶδ
3562 4703 3652 4755 καὶ

479 4881 494 4910 ⁸
521 4877 656 4934 Gen.
682 4895 840 4946 xvul,
869 4880 959 4937 39.
1024 4883 1044 4912 ¹
1063 4882 1197 4937 Cen.
1233 4898 1308 4944 Ix,
1331 4882 1386 4937 5.
1451 4881 1614 4953 ’Leg.
1644 4882 1878 4938 fortasse
1897 4900 1980 4939 τε.

475 5055 742 5126 (51)Ἀπό
763 5075 828 5110 τε
843 5056 952 5124 τῆς
980 5057 1302 5121 Ναϐατέας.
1342 5055 1610 5125 Corrupta
1639 5071 1741 5110 vox
1769 5065 1851 5110 est
1872 5057 1983 5109 Na-

405 5125 826 5197 6arég§.Neque
844 5129 988 5180 enim
1020 5127 1084 5180 iis
1113 5127 1170 5197 in
1189 5127 1324 5197 locis
1343 5125 1576 5180 Nabatea
1597 5127 1724 5191 ulla,
1755 5127 1860 5197 nisi
1891 5127 1986 5178 fal-

405 5197 506 5250 lor.
538 5195 828 5252 Nahatbrea
856 5197 1098 5266 quidem,
1131 5196 1245 5251 sive
1273 5195 1522 5252 Nabataea
1546 5197 1758 5250 Arabiae
1788 5195 1985 5251 Felicis

405 5267 556 5336 regio
614 5277 842 5331 est,aut
899 5267 948 5322 ei
1001 5275 1149 5321 certe
1199 5268 1468 5335 proxima,
1505 5270 1605 5320 hoc
1654 5279 1738 5322 est
1765 5266 1986 5321 Petraea:

406 5353 554 5408 pars.
588 5337 771 5403 Quare
803 5353 908 5390 non
947 5336 1146 5408 dubito
1169 5338 1302 5405 quin
1328 5336 1562 5408 Batanea
1597 5339 1698 5391 hoc
1743 5338 1864 5392 loco
1907 5338 1984 5408 le-

405 5406 640 5475 gendum
665 5409 779 5478 Asit.
813 5408 1066 5478 θυαε-εει
1115 5406 1283 5478 Syriae
1327 5408 1495 5478 regio,
1542 5407 1877 5478 Palmyrena:
1906 5407 1985 5460 vi-

405 5478 552 5537 cina,
581 5484 634 5532 et
661 5475 930 5541 Paneadi;
957 5475 1185 5532 Ptolem.
1219 5475 1412 5547 Steph:
1433 5497 1446 5532 :
1464 5475 1726 5531 Βατανέαι
1742 5479 1984 5532 συνοικία

406 5547 690 5620 ξορεαςηῇ
723 5549 816 5600 καὶ
848 5547 1088 5601 Βατανέα
1119 5548 1333 5620 ἑνικῶς.
1367 5548 1520 5620 Adde
1547 5560 1600 5604 et
1631 5550 1683 5601 in
1711 5547 1789 5620 0g
1810 5564 1984 5620 regno

410 5616 603 5688 fuisse.
641 5617 778 5672 Hinc
809 5633 906 5688 pro
931 5634 1016 5680 eo,
1045 5619 1188 5688 quod
1224 5617 1455 5681 Hebrmi,
1484 5616 1986 5688 Grmcitllie'Og're-

409 5701 529 5758 gem
560 5686 737 5744 Basan
767 5686 1075 5761 appellant,
1099 5689 1386 5746 Chaldaeus
1431 5698 1575 5778 prin
1623 5686 1804 5756 habet,
1838 5686 1984 5760 quod

2083 5055 2150 5110 ad
2217 5056 2466 5110 Bataneze
2496 5053 2818 5108 vocabulum
2851 5051 3082 5110 accedit.
3121 5057 3181 5104 ut
3203 5049 3268 5105 ad
3300 5065 3374 5103 xu
3408 5047 3522 5104 Jos.
3548 5047 3652 5101 Ma-

2085 5131 2201 5182 sius
2233 5128 2508 5180 observat.
2547 5124 2601 5178 In
2648 5125 2836 5179 eodem
2873 5123 3181 5177 Basanitico
3238 5129 3414 5173 tractu
3453 5119 3551 5172 fuit
3604 5128 3652 5171 et

2084 5197 2246 5250 Edrai
2296 5206 2496 5260 Var-m2,
2523 5195 2707 5249 Graece
2733 5195 2938 5265 Ἀδραῒ.
2975 5192 3148 5258 Quam
3174 5192 3375 5265 Adra_m
3410 5189 3648 5265 _Ptolem.

2085 5277 2235 5337 putat
2261 5259 2402 5321 idem
2435 5259 2656 5321 Masins.
2689 5259 2897 5332 Qum'in
2922 5264 3220 5334 leesyria
3247 5277 3276 5314 a
3305 5259 3535 5315 Ptolem.
3560 5274 3652 5312 nu-

2086 5347 2343 5392 meratnr.

2157 5408 2268 5478 ('52)
2314 5406 2463 5472 Τοὺς
2491 5406 2566 5478 δὲ,
2591 5405 2895 5476 προφήτας
2920 5403 3170 5478 λέγουσι
3202 5401 3551 5478 συνέσεως..
3569 5399 3651 5478 ln-

2087 5471 2398 5551 teliigentiae
2420 5471 2732 5551 prophetas,
2761 5491 2869 5551 non
2909 5471 3512 5551 veritatistappellatos
3539 5471 3652 5551 ideo

2087 5543 2434 5612 crediderim,
2464 5543 2608 5616 qtiod
2655 5547 2871 5601 tametsi
2922 5561 3103 5600 rerum
3151 5543 3542 5616 altissimarum
3573 5543 3652 5594 in'

2088 5619 2380 5683 telligentia
2411 5614 2596 5672 essent
2630 5617 3005 5686 sapientiaque
3064 5614 3298 5687 praediti,
3329 5628 3440 5670 non
3483 5620 3649 5666 tamen

2089 5687 2382 5745 mendacio
2411 5688 2558 5743 omni
2585 5687 2883 5743 caruerint.
