3760 6176
117 234 220 297 457

131 345 315 398 Ἠλίαν
337 345 429 398 καὶ
451 347 702 418 Σαμουὴλ
731 354 824 404 καὶ
874 353 1172 406 Ἐλισσαῖον
1202 354 1294 406 καὶ
1323 355 1447 416 τοὺς
1479 354 1688 416 ἄλλους.

741 237 1110 296 ADVERSUS
1146 239 1489 297 HIERESES
1527 242 1653 297 Lm.
1693 241 1732 296 l.
1776 239 1938 296 ΤΟΜ.
1981 239 2044 293 II.
2085 270 2154 279 ——
2195 238 2467 296 IIJERES.
2507 239 2673 293 XXX.

1798 353 2042 424 gloriari.
2074 352 2150 406 Ad
2185 352 2300 406 hare
2326 352 2400 404 ita
2433 350 2767 420 respondent
2799 368 2810 403 :
2854 344 2968 402 Sibi
3013 347 3065 401 id
3097 362 3125 400 a
3158 347 3381 402 Christo

119 435 466 517 patefactum.
513 438 656 510 Ergo
713 443 910 496 bonam
960 445 1094 514 legis
1151 454 1360 514 partem
1401 447 1794 500 contumeliose
1828 444 2223 506 traducunt,et
2289 444 2648 512 Sampsonem
2707 455 2770 495 ac
2833 439 3116 504 Davidem,
3183 439 3378 505 Eliam,

120 526 354 581 Eliseum
391 541 725 602 casterosque
759 544 1046 605 respuunt.

187 618 287 671 18’.
325 620 638 690 Ἐλέγχεται
665 624 719 676 δὲ
755 627 1090 696 πανταχόθεν
1120 629 1148 679 6
1179 628 1422 699 ἀγύρτης
1464 628 1568 681 ὑπὸ
1595 627 1687 679 τοῦ

1876 621 2003 675 XIX.
2057 620 2161 674 Sed
2205 637 2232 672 a
2294 619 2513 674 Christo
2561 615 2792 670 Domino
2834 616 3052 685 penitus
3117 617 3383 686 impostor

116 707 384 779 Σωτῆρος,
415 712 714 786 διαρρήδην
749 718 844 768 καὶ
881 717 955 780 ὡς
993 719 1049 769 ὲν
1094 718 1365 788 συντόμῳ,
1416 719 1525 771 ἀπὸ
1567 720 1694 788 μιᾶς

117 799 312 865 λέξεως
353 802 414 854 τὺ
453 806 563 857 πᾶν
599 805 764 858 αὐτοῦ
800 808 1111 877 ἐλέγχοντος
1157 810 1256 878 τῆς
1295 811 1576 881 ἀπατηλῆς
1614 811 1694 862 δι-

112 889 442 958 δασκαλίας,
508 897 602 948 καὶ
665 897 948 965 λέγοντος·
1015 895 1232 953 Ἦλθεν
1303 901 1573 968 Ἰωάννης
1626 903 1697 953 ἐν

116 979 233 1044 ὀδῷ
263 981 376 1053 (55)
421 984 813 1054 δικαιοσύνης
844 991 996 1058 μήτε
1022 991 1259 1054 ἐσθίων,
1295 991 1446 1060 μήτε
1483 995 1692 1056 πίνων,

115 1072 216 1124 καὶ
245 1073 518 1142 λέγουσι,
564 1080 878 1146 Δαιμόνιον
900 1082 1046 1148 ἔχει.
1093 1077 1320 1135 Ἶιλθεν
1356 1086 1388 1134 ό
1421 1082 1550 1146 Υἱὸς
1589 1082 1694 1134 τοῦ

115 1162 434 1230 ἀνθρώπου
459 1167 679 1221 ἐσθίων
714 1170 810 1223 καὶ
845 1172 1056 1224 πίνων.
1094 1173 1204 1225 Καὶ
1244 1173 1304 1225 οὐ
1347 1173 1585 1234 πάντως,
1614 1173 1696 1224 ὅτι

117 1252 220 1306 κᾶν
252 1255 312 1307 τὸ
342 1257 502 1326 τυχὸν
530 1259 630 1312 οὐκ
659 1261 841 1330 ἢσθιεν
884 1264 912 1315 6
957 1263 1240 1334 Ἰωάννης,
1291 1265 1322 1334 ἢ
1372 1265 1480 1316 πᾶν
1513 1263 1694 1316 ὁτιοῦν

114 1345 308 1414 ἤσθιεν
337 1349 366 1400 6
399 1349 610 1420 Σωτὴρ,
647 1352 732 1404 ἵνα
765 1370 849 1415 τις
885 1353 1140 1408 ὑπολάϐοι
1173 1356 1265 1407 καὶ
1293 1358 1360 1408 τὰ
1385 1356 1696 1427 ἀπηγορευ-

118 1436 278 1506 μένα.
329 1440 390 1492 Ἦ
418 1441 605 1514 Γραφὴ
639 1443 694 1496 δὲ
723 1444 822 1514 τὴν
851 1444 1086 1514 ἔμφασιν
1116 1446 1266 1517 δηλοί
1293 1447 1390 1516 τῆς
1419 1447 1692 1517 ἀληθείας,

111 1527 192 1591 ὼς
217 1530 282 1582 τὸ
310 1531 483 1600 φάγον
522 1534 686 1587 αὑτὸν
726 1530 864 1588 εἶναι
889 1537 982 1588 καὶ
1010 1538 1295 1608 οἰνοπότην
1333 1538 1480 1592 οὐδὲν
1511 1539 1697 1610 ἕτερόν

113 1621 270 1674 ἐστιν
370 1624 430 1676 τὸ
466 1627 481 1655 ¹
518 1626 657 1696 κρέα
702 1626 905 1680 ἐσθίειν
940 1629 1034 1681 καὶ
1068 1626 1206 1682 οἶνον
1238 1630 1443 1682 πίνεινο
1497 1633 1588 1684 καὶ
1614 1632 1692 1696 τὸ,

116 1713 196 1783 μὴ
235 1715 450 1778 ἐσθίων,
483 1719 620 1787 μήτε
653 1720 842 1782 πίνων,
871 1721 951 1774 ὅτι
982 1722 1159 1792 κρεῶν
1189 1723 1249 1774 οὐ
1284 1721 1574 1793 μετείληφε
1605 1724 1698 1776 καὶ

111 1804 283 1867 οἴνου,
331 1805 447 1857 ἀλλ’
479 1806 511 1876 ἢ
547 1808 784 1878 ἀκρίδων
823 1811 998 1879 μόνων
1049 1813 1077 1864 ὁ
1119 1812 1370 1880 Ἰωάννης
1406 1812 1498 1864 καὶ
1545 1811 1696 1880 μέλι-

112 1909 210 1954 τος
248 1894 644 1964 μετελάμϐανε,
693 1899 851 1969 δῆλον
902 1901 976 1965 δὲ,
1023 1901 1102 1964 ὡς
1146 1902 1239 1955 καὶ
1269 1901 1476 1965 ὓδατος.
1515 1903 1610 1965 Τίς
1640 1903 1696 1956 δὲ

1803 714 1890 767 ille
1923 712 2312 780 manifesteque
2346 710 2632 774 refellitur,
2665 708 2756 777 qui
2790 706 3136 776 depravatam
3165 724 3382 764 omnem

1802 804 1921 873 ejus
1947 803 2254 857 doctrinam
2284 801 2474 870 paucis
2507 799 2688 854 verbis
2717 798 3013 868 redarguit,
3047 813 3170 852 cum
3201 798 3273 852 ita
3298 799 3382 853 lo-

1802 895 2027 966 quitur:
2063 893 2211 946 Venit
2239 891 2470 944 Joannes
2517 891 2570 943 in
2619 891 2701 943 via
2744 890 2976 958 justitice
3015 906 3118 942 non
3154 889 3384 942 mandu-

1802 1005 1950 1051 caus,
2001 1002 2161 1054 neque
2213 983 2410 1047 bibens,
2448 991 2496 1036 et
2563 982 2764 1043 dicunt,
2818 980 3151 1034 Daamouium
3207 981 3381 1036 habet.

1815 1078 1961 1131 Venit
1993 1075 2167 1128 Filius
2211 1076 2434 1128 lioruinis
2477 1074 2804 1128 manducaus
2857 1083 2906 1127 et
2950 1073 3125 1127 bibens
3146 1076 3188 1128 ’.
3226 1071 3383 1138 Quod

1805 1168 2028 1238 perinde
2059 1184 2166 1221 non
2205 1175 2286 1221 est
2319 1165 2696 1237 accipiendum
2747 1181 2810 1219 ac
2883 1165 2926 1219 si
2960 1164 3198 1219 Joannes
3237 1163 3387 1218 nulla

1803 1261 2026 1313 omnino
2055 1275 2132 1323 re,
2167 1259 2420 1313 Christus
2467 1259 2724 1313 omnibus
2763 1259 3093 1327 promiscue,
3141 1257 3384 1325 adeoque

1806 1352 2114 1420 prohibitis,
2141 1358 2472 1405 vesceretur.
2508 1348 2614 1404 Sed
2656 1349 2938 1419 Scriptura
2984 1349 3091 1402 vim
3132 1349 3382 1404 veritatis

1803 1444 2090 1514 expressit,
2116 1452 2194 1505 ut,
2225 1457 2331 1496 non
2353 1444 2689 1495 manducans
2705 1448 2758 1494 et
2775 1441 2987 1501 bibens,
3007 1441 3148 1495 idem
3171 1441 3242 1495 sit
3278 1455 3340 1493 ac
3366 1456 3381 1493 :

1802 1533 2063 1589 Joannem
2100 1533 2359 1589 carnibus
2386 1534 2623 1602 vinoque
2655 1548 2762 1586 non
2793 1548 2973 1596 usum,
3017 1532 3152 1586 nihil
3187 1539 3385 1600 prmter

1807 1630 2047 1682 locustas
2074 1641 2136 1680 ac
2159 1627 2266 1679 mel
2295 1625 2494 1688 edisse,
2526 1631 2584 1676 ut
2606 1639 2800 1692 aquam
2828 1624 3043 1677 interim
3071 1623 3385 1678 adhibuisse

1806 1719 2077 1774 credatur.
2109 1717 2309 1786 Ecquis
2341 1716 2517 1770 nescit
2556 1714 2830 1769 Christum
2860 1715 3147 1769 Dominum
3180 1715 3386 1769 excita-

1807 1817 1918 1861 tum
1944 1823 1974 1860 a
2007 1807 2236 1861 mortuis
2268 1805 2608 1867 comedisse;
2640 1805 3098 1873 quemadmodum
3139 1804 3384 1858 veritatis

1808 1897 2093 1967 Evangelia
2144 1895 2462 1950 continent?
2497 1894 2744 1949 Oblatum
2797 1896 2843 1947 ei
2886 1911 3073 1963 panem
3117 1911 3177 1946 ac
3228 1895 3383 1962 piscis

110 1980 216 2033 οὐκ
247 1979 352 2036 οἶδε
399 1984 490 2036 τὸν
519 1987 746 2058 Σωτῆρα
779 1990 1086 2043 ἀναστάντα
1133 1992 1196 2044 ἐκ
1236 1992 1444 2062 νεκρῶν
1474 1993 1565 2045 καὶ
1597 2010 1696 2061 φα-

1876 1991 1908 2042 εἱ
1934 1989 2274 2059 particulam,
2307 1988 2369 2041 de
2386 1987 2573 2058 quibus
2608 2005 2723 2040 cum
2753 1989 3144 2052 manducasset,
3173 1998 3386 2056 aposto—

115 2069 319 2135 γόντα;
372 2072 623 2144 καθάπερ
677 2075 789 2144 ἔχει
823 2077 890 2129 τὰ
925 2079 1054 2146 ἅγια
1099 2080 1406 2148 Εὑαγγέλια
1445 2081 1542 2151 τῆς
1571 2081 1704 2152 ἀλη-

111 2159 290 2224 θείας,
326 2162 408 2214 ὅτι
455 2164 732 2233 Ἐπεδόθη
769 2167 928 2233 αὐτῷ
963 2169 1143 2236 ἄρτος
1171 2170 1267 2226 καὶ
1302 2169 1486 2239 μέρος
1517 2172 1702 2225 ὀπτοῦ

110 2248 356 2316 ἰχθύος’
383 2252 481 2305 καὶ
515 2254 709 2308 λαϐὼν
740 2257 944 2325 ἔφαγε,
989 2258 1085 2311 καὶ
1131 2259 1318 2312 ἔδωκε
1363 2260 1486 2325 τοῖς
1515 2265 1703 2330 μαθη-

110 2339 283 2406 ταῖς·
321 2341 398 2404 ὡς
438 2346 530 2396 καὶ
558 2347 650 2398 ἐπὶ
688 2346 788 2415 τῆς
818 2349 1091 2420 θαλάσσης
1121 2352 1219 2419 τῆς
1264 2351 1576 2422 Τιϐεριάδος
1607 2371 1703 2405 πε-

110 2432 344 2502 ποίηκε,
397 2436 492 2488 καὶ
540 2437 749 2504 φαγὼν,
806 2441 899 2492 καὶ
932 2440 1164 2503 διαδούς.
1216 2443 1325 2495 Καὶ
1366 2443 1536 2494 πολλὰ
1581 2442 1697 2496 ἔστι

111 2526 248 2594 περὶ
281 2525 472 2578 τούτου
506 2527 707 2595 λέγειν.
752 2533 844 2581 Δεῖ
875 2529 931 2582 δέ
975 2547 1042 2600 με
1072 2531 1214 2583 κατά
1260 2531 1565 2602 λεπτότητα
1617 2535 1696 2597 εἰς

1804 2083 1869 2136 lis
1904 2083 2012 2134 suis
2055 2082 2306 2149 reliquias
2339 2082 2589 2148 impertiit
2623 2081 2662 2133 ³.
2691 2079 2746 2132 Id
2785 2079 2930 2148 quod
2963 2079 3030 2132 ad
3075 2078 3384 2133 Tiberiadis

1806 2191 1955 2230 mare
1979 2175 2125 2238 fecit,
2166 2175 2300 2236 edit,
2338 2175 2582 2242 inquam,
2605 2189 2668 2226 ac
2692 2173 2972 2228 distribuit
3003 2174 3042 2225 ⁸.
3084 2172 3202 2238 Qua
3238 2173 3304 2226 de
3329 2187 3387 2224 re

1806 2265 2037 2334 plurima
2081 2263 2308 2318 dicenda
2344 2264 2502 2318 nobis
2543 2277 2862 2316 occurrunt.
2904 2262 3008 2317 Sed
3054 2261 3119 2316 ad
3166 2261 3387 2330 putidos

1805 2356 1927 2408 illos
1959 2353 2337 2422 absurdosque
2361 2368 2662 2416 sermones,
2696 2354 2786 2422 qui
2823 2355 2889 2408 ab
2923 2353 3055 2423 ipsis
3084 2353 3387 2407 instituun-

1805 2453 1913 2509 tur,
1935 2444 2250 2515 singillatim
2284 2443 2610 2499 relellendos
2661 2454 2825 2514 atque
2847 2445 3170 2500 evertendos
3199 2452 3385 2498 trans-

1804 2537 2024 2593 ferenda
2061 2539 2219 2592 nobis
2258 2544 2340 2590 est
2373 2537 2566 2590 oratio.

109 2618 208 2670 τὸν
239 2619 448 2673 τούτων
503 2621 608 2675 τῶν
637 2623 894 2694 ῥημάτων
928 2624 1036 2678 τῶν
1074 2624 1255 2678 ἑώλων
1317 2643 1377 2678 τε
1411 2628 1503 2680 καὶ
1538 2627 1754 2699 σαθρῶν
1797 2635 1925 2704 παρ’
1963 2634 2147 2696 αὐτοῖς
2181 2632 2598 2704 κηρυττομένων
2645 2634 2799 2702 ἥκειν
2854 2633 3094 2703 ἔλεγχον,
3147 2633 3240 2686 καὶ
3285 2632 3383 2702 τὴν

108 2708 300 2761 αὐτῶν
339 2711 608 2764 ποιεῖσθαι
639 2713 971 2784 ἀνατροπὴν.

182 2807 274 2858 Κ¹.
320 2807 429 2858 Καὶ
461 2807 676 2878 πρῶτον
734 2811 829 2880 μὲν
880 2811 1008 2882 περὶ
1058 2811 1152 2863 τοῦ
1204 2812 1463 2883 Χριστοῦ,
1509 2814 1590 2866 ὅτι
1642 2813 1703 2865 οὐ

106 2897 270 2965 ψιλὸς
301 2895 589 2967 ἅνθρωπος
627 2899 834 2968 ῥητέον.
872 2901 944 2953 Οὐ
973 2900 1194 2954 δύναται
1224 2902 1332 2974 γὰρ
1362 2907 1389 2957 ὁ
1426 2904 1706 2974 γεννηθεὶς

111 2985 267 3038 κατὰ
300 2985 481 3039 πάντα
525 2988 811 3059 ἄνθρωπος
841 2992 1068 3061 σημείου
1099 2993 1261 3045 ἕνεκα.
1290 2993 1369 3062 τῷ
1406 2995 1595 3066 κόσμῳ
1623 2996 1709 3048 δο-

109 3075 416 3145 Θήσεσθαι·
475 3076 551 3138 ὡς
612 3079 740 3148 περὶ
804 3077 968 3131 αὑτοῦ
1027 3079 1386 3150 προεθέσπιζε
1443 3082 1504 3134 τὸ
1555 3082 1708 3150 ἅγιον

113 3165 396 3235 Πνεῦμα,
450 3167 537 3218 ὅτε
584 3166 660 3236 τῷ
722 3167 886 3237 Ἀχάζ
929 3167 1139 3237 ἔλεγεν·
1176 3170 1427 3236 Αἵτησαι
1478 3169 1712 3236 σεαυτῷ

111 3257 401 3325 σημεῖον.
464 3257 723 3312 Κάκείνου
766 3259 840 3330 μὴ
894 3262 1238 3331 αἰτήσαντος,
1291 3262 1413 3314 τότε
1464 3262 1628 3333 φησὶν
1681 3263 1708 3314 6

117 3349 452 3420 προφήτης·
502 3349 695 3416 Αὐτὸς
743 3351 957 3418 Κύριος
1005 3349 1184 3404 δώσει
1234 3351 1376 3420 ὑμῖν
1439 3350 1707 3420 σημεῖον’

130 3438 298 3493 Ἰδοὺ
353 3441 391 3505 ἡ
451 3438 745 3506 παρθένος
795 3440 863 3493 ἐν
897 3442 1106 3508 γαστρὶ
1153 3440 1295 3504 ἕξει.
1339 3441 1613 3512 Παρθένος
1656 3443 1713 3494 δὲ

112 3529 183 3581 οὐ
225 3528 478 3581 καλεῖται
512 3527 622 3598 (54)
653 3531 686 3598 ἡ
721 3528 1047 3597 συναφθεῖσα
1074 3530 1247 3600 ἀνδρὶ,
1279 3529 1372 3582 καὶ
1406 3530 1715 3601 γαμηθεῖσα

113 3623 296 3692 γυνή’
337 3621 603 3692 παρθένος
631 3623 686 3674 δὲ
712 3622 892 3694 ἐκείνη
923 3623 1128 3694 κυρίως
1169 3623 1366 3692 λέγοιτ’
1401 3625 1464 3677 ἂν
1505 3627 1537 3694 ἡ
1583 3625 1712 3678 ἄνευ

114 3714 323 3785 ἀνδρὸς
358 3714 456 3782 τὴν
500 3714 758 3785 σύλληψιν
789 3718 882 3769 τοῦ
917 3714 1048 3768 Θεοῦ
1077 3715 1252 3783 Λόγου
1290 3714 1430 3768 κατὰ
1459 3713 1714 3784 ἀλήθειαν

116 3807 403 3876 ἐσχηκυῖα
423 3823 435 3835 ·
469 3805 542 3869 ὡς
572 3808 666 3859 καὶ
696 3809 855 3871 αὐτὸς
896 3809 1124 3872 Ἡσαΐας
1159 3809 1270 3879 (55)
1303 3810 1360 3861 ὲν
1389 3807 1532 3876 ἄλλῳ
1565 3809 1716 3878 τόπῳ

117 3900 298 3969 φησί·
331 3899 503 3966 Φωνὴ
543 3900 808 3968 κραυγῆς
834 3902 902 3954 ἐκ
935 3904 1189 3970 πόλεως,
1222 3901 1392 3971 φωνὴ
1440 3902 1507 3955 ἐκ
1540 3902 1713 3964 ναοῦ,

115 3992 304 4062 φωνὴ
374 3994 594 4060 Κιιριόυ
665 3994 1156 4062 ἁνταποδόσεως,
1210 3992 1719 4058 ἀνταποδιδόντος

117 4086 261 4150 τοῖς
311 4086 760 4154 ἀντικειμένοις.
807 4087 955 4156 Πρὶν
1003 4088 1042 4154 ἢ
1084 4089 1198 4154 τὴν
1245 4086 1587 4139 ὠδίνουσαν
1627 4102 1719 4138 τε·-

118 4176 286 4245 κεῖν,
317 4177 460 4243 πρὶν
503 4177 542 4244 ἢ
573 4178 770 4232 ἐλθεῖν
807 4180 913 4232 τὸν
945 4181 1135 4233 πόνον
1174 4177 1292 4232 τῶν
1334 4178 1580 4244 ὠδίνων,
1624 4177 1720 4242 ἐξ-

118 4267 346 4336 έφυγε,
399 4268 498 4321 καὶ
534 4268 738 4323 ἔτεκεν
762 4271 967 4339 ἄρσεν.
1023 4273 1116 4337 Τίς
1158 4272 1388 4340 ἤκουσε
1417 4270 1722 4334 τοιοῦτον;

120 4359 162 4425 ἢ
204 4359 305 4424 τίς
336 4358 556 4426 ἑώρακε
587 4361 861 4425 tomum;
895 4366 961 4416 Εὶ
984 4362 1159 4416 ὢδινε
1184 4363 1256 4431 γῆ
1283 4365 1350 4416 ἐν
1369 4361 1477 4433 μιᾷ
1513 4365 1722 4432 ἡμέρᾳ,

121 4452 236 4504 καὶ
271 4453 477 4504 ἔτεκεν
508 4454 682 4519 ἔθνος
712 4457 800 4516 εἰς
832 4455 991 4517 ἅπαξ
1013 4471 1030 4518 ;
1079 4455 1166 4508 ὅτι
1199 4455 1370 4509 didere
1419 4457 1518 4510 καὶ
1561 4456 1726 4509 ἔτεκε

123 4541 296 4596 Σιὼν
326 4543 396 4596 τὰ
423 4543 627 4597 παιδία
649 4544 856 4612 αὐτῆς.
907 4546 1052 4615 Ἐγὼ
1083 4547 1150 4599 δὲ
1178 4546 1369 4601 ἔδωκα
1397 4547 1514 4616 τὴν
1543 4561 1728 4616 προσ-

1885 2811 2001 2864 ΧΧ.
2029 2810 2107 2864 Ac
2151 2810 2386 2880 primum
2419 2808 2484 2865 de
2519 2809 2760 2871 Christo,
2806 2823 2914 2863 non
2965 2826 3174 2865 merum
3220 2813 3380 2868 homi-

1814 2918 1937 2957 nem
1973 2915 2095 2956 esse
2142 2899 2662 2955 demonstrabimus.
2694 2897 2880 2969 Neque
2923 2901 3066 2953 enim
3115 2901 3206 2970 qui
3256 2903 3390 2956 nihil

1814 2993 2038 3048 omnino
2072 2989 2144 3046 sit
2181 2998 2380 3060 prwter
2422 2989 2720 3054 hominem,
2755 2990 2894 3060 signi
2931 2989 3103 3044 instar
3147 2992 3392 3049 exhiberi

1817 3081 2019 3138 mundo
2073 3088 2292 3152 potest:
2337 3081 2481 3150 quod
2518 3079 2756 3149 Spiritus
2805 3089 3028 3136 sanctus
3067 3082 3132 3136 de
3174 3080 3394 3140 Christe

1819 3175 2087 3246 praedixit,
2127 3188 2249 3227 cum
2307 3173 2378 3226 ita
2420 3173 2636 3227 Achazo
2689 3172 2905 3227 locutus
2950 3180 3080 3227 est:
3126 3173 3250 3227 Pete
3300 3175 3394 3228 tit»:

1816 3268 2046 3336 signum.
2081 3265 2178 3317 Illo
2203 3280 2329 3317 vero
2363 3272 2543 3333 petere
2575 3263 2931 3325 detrectante,
2971 3265 3233 3333 propheta
3262 3267 3394 3320 sub-

1810 3359 1943 3428 jecit
1968 3376 1982 3413 :
2016 3354 2134 3426 Ipse
2163 3356 2420 3408 Dominus
2454 3355 2600 3408 dabit
2632 3355 2769 3408 vobis
2807 3357 3013 3424 signum
3042 3372 3058 3408 :
3088 3355 3224 3411 Ecce
3249 3359 3394 3428 virgo

1815 3450 2066 3516 concipiet
2100 3449 2142 3502 ⁵.
2174 3446 2416 3516 Virginis
2466 3461 2630 3516 porro
2676 3447 2894 3500 neruine
2941 3463 3049 3501 non
3085 3463 3148 3502 ea
3199 3449 3396 3503 mulier

1818 3540 2159 3612 signiﬁcatur
2211 3553 2332 3608 quae
2382 3537 2652 3607 nupserit,
2704 3546 2756 3592 et
2793 3553 2914 3592 cum
2943 3539 3062 3592 viro
3105 3539 3395 3608 conjuncta

1819 3635 1911 3698 sit,
1946 3632 2040 3688 sed
2066 3646 2128 3686 ea
2157 3631 2375 3685 demum
2407 3629 2626 3698 proprie
2663 3627 3063 3698 virgodicitur,
3100 3643 3220 3698 quae
3253 3628 3395 3684 divi-

1819 3738 1949 3778 num
1978 3719 2214 3776 Verbum
2251 3720 2304 3772 in
2343 3733 2401 3774 se
2441 3718 2648 3786 absque
2696 3718 2805 3772 ullo
2838 3718 2934 3770 viri
2968 3718 3254 3787 complexu
3303 3734 3397 3788 ge-

1819 3813 2019 3869 nuerit.
2053 3807 2517 3877 Quemadmodum
2557 3806 2716 3878 144
2747 3806 2915 3862 Isaias
2938 3809 3042 3860 alio
3071 3811 3126 3861 in
3156 3809 3276 3862 loco
3320 3817 3399 3862 te-

1821 3917 1994 3963 statur
2024 3924 2038 3958 :
2077 3903 2186 3957 Vox
2213 3903 2232 3931 “
2264 3901 2512 3954 clamoris
2553 3914 2617 3952 ex
2666 3897 2812 3961 urbe,
2847 3913 2944 3951 vox
2983 3916 3010 3952 e
3057 3899 3266 3969 templo,
3300 3915 3398 3953 vos:

1821 3996 2036 4051 Domini
2079 3992 2472 4052 retributionis,
2526 3988 2862 4042 retribuenlis
2927 3990 3172 4044 inimicis.
3236 3991 3398 4043 Auto-

1822 4104 1978 4158 quam
2031 4085 2330 4153 parturiens
2373 4090 2616 4150 pareret;
2682 4089 2963 4149 antequam
3008 4083 3201 4134 veniret
3245 4081 3399 4134 dolor

1823 4188 2028 4248 partus,
2087 4176 2286 4244 effugit,
2320 4183 2366 4226 et
2420 4172 2612 4240 peperit
2657 4171 2970 4224 masculum.
3025 4172 3156 4236 Quis
3203 4173 3400 4225 audivit

1826 4285 2054 4338 unquam
2079 4267 2222 4320 tale?
2251 4279 2298 4318 et
2327 4265 2441 4334 quis
2470 4262 2732 4316 vidit/mit:
2755 4263 2967 4320 simile?
2999 4262 3252 4334 Nunquid
3281 4281 3400 4335 par-

1830 4361 1976 4414 turiit
2004 4368 2145 4412 terra
2185 4357 2268 4410 die
2301 4373 2403 4408 uua
2432 4371 2448 4410 :
2475 4365 2523 4409 et
2565 4354 2760 4425 peperit
2797 4366 2998 4425 gentem
3034 4356 3235 4412 simul?
3277 4358 3402 4426 quia

1829 4450 2109 4520 parturivit
2150 4456 2196 4500 et
2245 4449 2437 4516 peperit
2470 4445 2601 4500 Sion
2634 4447 2774 4514 filios
2807 4461 2946 4498 suos.
2982 4444 3091 4513 Ego
3133 4462 3248 4498 vero
3281 4445 3402 4497 dedi

1833 4543 1965 4622 hanc
1989 4542 2448 4610 exspectationem,
2476 4548 2524 4592 et
2548 4556 2650 4592 non
2682 4539 2940 4592 recordati
2971 4547 3112 4600 sunt,
3144 4538 3270 4590 dicit
3294 4537 3403 4591 Do-

121 4634 357 4688 δοκίαν
386 4636 632 4702 ταύτην,
674 4636 770 4689 καὶ
805 4639 915 4691 οὐκ
963 4638 1382 4706 ἐμνήσθησαν,
1411 4641 1573 4709 λέγει
1603 4641 1710 4694 Κύ-

1876 4637 2020 4690 inus.
2049 4634 2306 4700 Quaenam
2357 4633 2524 4702 igitur
2564 4647 2626 4686 ea
2655 4639 2738 4686 est
2770 4630 3142 4700 exspectatio?
3179 4630 3401 4700 quinam

208 4790 229 4818 ἰ
269 4807 338 4821 ...η
394 4788 562 4821 νινε..-

125 4807 229 4911 6-;
246 4807 361 4910 Ογρ.
394 4807 580 4858 κρεας.

207 5013 332 5085 (55)
376 5009 592 5085 Ἦλθεν
632 5013 904 5079 Ἰωάννης
927 5013 1025 5085 “ex
1069 5012 1212 5085 odd).
1257 5011 1381 5066 llaec
1445 5013 1606 5067 verba
1667 5015 1722 5066 ὲν

131 5083 252 5153 ὁδῳ
280 5083 650 5153 δικαιοσύνης,
688 5086 767 5137 vel
813 5085 882 5139 ab
925 5083 1229 5153 Epiphanio
1277 5086 1502 5150 inserta,
1531 5085 1615 5138 vel
1660 5085 1717 5137 li-

135 5155 461 5209 brariorum
494 5157 624 5207 vitio
651 5154 858 5208 intrusa
888 5164 1034 5208 sunt.

217 5226 342 5297 (54)
382 5223 681 5297 Παρθένος
703 5223 771 5297 ᾃέ
792 5226 862 5297 οὑ
885 5222 1349 5297 xa.tsi'tat.__Vide
1364 5224 1587 5297 omnino
1608 5239 1727 5297 quae

133 5293 370 5356 erudite
415 5297 480 5347 ad
532 5296 682 5356 illum
729 5293 879 5350 Isaiae
929 5296 1106 5348 locum
1159 5293 1379 5348 disserit
1410 5293 1629 5348 Hieron.
1662 5295 1728 5350 de

135 5395 288 5436 voce
318 5361 571 5440 multum
602 5391 706 5444 qua
734 5376 1058 5429 calumniari
1086 5374 1255 5428 Judaei
1305 5376 1500 5430 solent.
1535 5373 1639 5429 Sed
1675 5383 1728 5429 et

138 5450 396 5505 Basilius
431 5449 496 5500 ad
534 5463 602 5500 vn
639 5444 739 5500 lsa.
774 5445 967 5499 eodem
997 5456 1312 5515 argumento
1345 5445 1606 5499 adversus
1631 5445 1728 5497 .lu-

135 5523 302 5575 «lusos
343 5521 532 5582 utitur,
567 5533 674 5584 quo
723 5515 1058 5585 Epiphanius
1105 5515 1383 5568 Ebionitas
1428 5515 1727 5584 redarguit.

134 5589 341 5658 Quod,
378 5590 481 5642 nisi
515 5587 813 5655 parituram
847 5587 1399 5658 virginemproplieta
1435 5586 1734 5658 signilﬁicas-

135 5655 258 5727 siet,
296 5661 505 5715 frustra
536 5665 792 5726 tanquam
841 5657 1054 5726 signum
1110 5655 1239 5710 illud
1293 5655 1468 5725 ipsum
1494 5657 1605 5726 regi
1639 5656 1732 5710 de-

660 4795 678 4824 ²
710 4793 894 4847 Matth.
923 4811 997 4861 χι,
1033 4795 1211 4858 l8,l9.
1290 4800 1309 4830 ³
1334 4798 1467 4853 Luc.
1495 4812 1644 4856 xxrv,
1676 4799 1707 4850 4

1890 4792 2049 4848 Joan.
2072 4789 2233 4856 nul
2261 4805 2379 4860 sqq.

2458 4792 2478 4821 ⁸
2507 4789 2607 4844 lsa.
2643 4805 2739 4854 vn,
2767 4788 2832 4842 I0
2862 4803 2981 4858 sqq.
3062 4787 3081 4817 °
3114 4783 3218 4840 lsa.
3255 4801 3398 4854 um,

1833 5016 2161 5073 nuntiasset.

1906 5087 2017 5158 (35)
2041 5087 2171 5158 7'09
2200 5087 2294 5140 καὶ
2317 5087 2498 5158 aptet;
2531 5086 2788 5150 Ἡσαΐας.
2824 5083 2986 5158 Ilunc
3021 5083 3172 5138 Isaiae
3203 5084 3401 5151 locum,

1833 5155 2088 5226 qnemﬂde
2117 5157 2316 5210 Christi
2352 5155 2561 5210 Domini
2598 5155 2967 5226 generatione.
2999 5169 3064 5208 ac
3116 5170 3404 5226 sacrosan-

1835 5225 1935 5281 Ctte
1988 5225 2228 5294 Virginis
2276 5235 2429 5296 partu
2479 5227 2725 5294 intelligit
2789 5225 3164 5296 Epiphanius,
3199 5225 3406 5296 APatres

1837 5312 2026 5351 omnes
2079 5293 2144 5349 ad
2195 5293 2492 5365 spiritalem
2546 5293 2802 5351 Ecclesia:
2833 5293 3074 5365 'partum
3128 5293 3408 5365 referunt;

1839 5383 1959 5436 quae
1990 5367 2107 5421 sine
2141 5364 2251 5420 ullo
2281 5368 2485 5428 dolore,
2519 5383 2655 5436 pene
2686 5364 2960 5421 momento
2993 5365 3236 5420 inﬁnitos
3260 5364 3388 5418 Chri

1839 5445 1925 5508 sto
1957 5436 2094 5491 lilios
2132 5439 2355 5508 peperit,
2390 5443 2637 5508 paritqne
2665 5439 2929 5508 quotidie.
2958 5437 3034 5508 lita
3063 5436 3122 5508 Ι).
3158 5436 3408 5508 Ilieron.,

1839 5506 2238 5570 'I‘hcodoretus,
2267 5507 2521 5578 Cyrillus,
2555 5506 2751 5564 Euseb.
2780 5509 2869 5564 lib.
2903 5538 2923 5564 Α
2958 5507 3164 5561 Ecclcs.
3196 5506 3410 5570 ltistor..

1840 5591 1961 5648 cap.
1992 5579 2041 5646 4,
2075 5579 2272 5650 aliique
2306 5579 2632 5649 complures.

3275 235 3380 290 458
3445 265 3450 270 ·
