3760 6176
332 117 435 173 459

1752 134 1810 187 S.
1851 133 2192 189 EPIPHANII

3500 136 3607 192 HO

335 237 384 290 hi
421 236 535 301 ﬁlii,
565 237 672 292 nisi
712 238 856 309 quod
888 242 1025 296 citra
1075 247 1412 315 parturicndi
1461 249 1698 303 laborem
1745 249 1908 324 Virgo

2110 273 2157 317 ς.
2193 253 2327 306 Ποία
2352 253 2406 307 δὲ
2445 252 2762 324 προσδοκία,
2794 253 2887 305 καλ⁸
2927 255 3056 307 ποῖα
3085 252 3292 316 παιδία,
3319 252 3436 305 ἀλλ’
3477 254 3514 322 ἦ
3543 252 3606 304 τὸ

336 329 625 398 pepererit,
657 332 801 400 quod
856 349 1124 405 nusquam
1161 347 1317 394 antea
1362 341 1703 412 contigerat?
1733 345 1908 413 quod-

333 421 504 489 queis
531 423 620 490 qui
655 423 802 479 illius
831 436 913 480 est
937 442 1102 482 causa
1134 431 1453 499 productus,
1477 432 1716 489 Joannes
1737 453 1801 490 ex
1831 438 1913 490 di-

337 511 461 564 vina
522 514 889 580 promissione
926 516 1258 589 Elizabetha
1295 532 1591 593 prognatus
1641 525 1731 588 sit,
1785 527 1913 580 licet

337 601 488 654 illum
513 612 803 673 antequam
829 620 1044 676 pareret
1077 623 1249 664 mater
1280 613 1635 681 parturierit?
1667 613 1911 679 Quanam

336 707 465 762 ergo
490 691 666 749 fronte
693 695 896 749 nudqu
933 699 1204 755 hominem
1245 702 1413 757 fuisse
1445 703 1779 759 Salvatorem
1813 721 1913 759 au-

338 782 471 837 dent
501 789 783 842 asserere?
809 791 955 859 quod
996 791 1040 846 si
1075 808 1260 847 verum
1302 803 1468 858 esset,
1515 811 1696 850 nonne
1724 798 1914 865 cogni—

342 873 490 928 tione
516 880 904 946 comprehendi
934 892 1152 949 posset,
1180 893 1371 938 contra
1398 901 1560 955 quam
1592 887 1659 941 de
1693 902 1757 942 eo
1793 887 1917 942 Ilie—

340 967 540 1021 remias
576 973 837 1024 testetur?
862 971 1054 1038 Homo,
1081 976 1276 1044 inquit,
1302 986 1399 1040 est,
1430 988 1477 1031 et
1507 980 1622 1048 quis
1647 989 1916 1049 cognoscet

340 1056 507 1123 ipsum
542 1058 557 1088 ¹
580 1059 601 1111 ?
621 1059 831 1115 Etenim
863 1063 930 1117 de
958 1079 1022 1117 co
1047 1065 1274 1134 loquens
1299 1069 1561 1135 pr0pheta
1596 1069 1740 1123 istud
1766 1084 1919 1123 usur-

341 1157 433 1217 pat
460 1167 474 1205 :
510 1150 641 1216 Quis
672 1165 943 1223 cognoscet
967 1158 1173 1223 ipsum?
1209 1155 1372 1227 Atqui
1415 1160 1712 1228 simplicem
1740 1160 1785 1214 si
1817 1161 1917 1213 ho-

342 1243 542 1296 minem
593 1243 877 1315 intelligat,
907 1247 1133 1301 omnino
1177 1249 1261 1302 vel
1293 1265 1415 1304 eum
1457 1258 1611 1320 pater
1655 1251 1792 1320 ipse,
1836 1251 1918 1304 vel

343 1342 540 1399 mater,
571 1338 896 1414 cognatique
925 1354 1138 1404 omnes,
1177 1357 1240 1395 ac
1273 1342 1458 1408 vicini,
1485 1352 1597 1397 tum
1629 1345 1920 1398 contuber-

341 1428 494 1483 nales
528 1443 592 1482 ac
619 1430 766 1485 cives
797 1442 1211 1503 cognoscerent.

411 1519 528 1573 Jam
568 1536 696 1575 vero
729 1526 986 1591 quoniam
1026 1525 1100 1578 ita
1147 1525 1329 1581 Maria:
1362 1527 1451 1582 ille
1502 1528 1641 1584 fetus
1687 1529 1918 1591 exstitit,

2014 343 2289 414 Παρθένον
2321 345 2577 414 γεννῆσαι
2617 344 2745 398 ἄνευ
2789 343 3013 406 ὠδίνων,
3059 345 3195 414 ὅπερ
3242 343 3485 413 οὐδαμοῦ
3517 360 3610 410 γε-

2015 435 2272 503 γένηται;
2311 433 2404 486 καὶ
2435 433 2495 485 τὸ
2523 433 2614 486 τὸν
2653 433 2720 485 δι’
2762 432 2924 486 αὐτὸν
2969 432 3079 484 ἀπὸ
3123 432 3409 484 Ἐλισάὸετ
3462 432 3610 482 κατὰ

2016 525 2350 593 ἐπαγγελίαν
2426 523 2756 594 γεννηθέντα
2823 524 3074 592 Ἰωάννην
3135 523 3332 586 παῖδα,
3398 525 3449 574 εἰ
3516 526 3609 574 καὶ

2030 616 2280 686 Ἰωάννης
2321 615 2386 668 δι’
2422 615 2626 668 ὠδίνων
2658 614 3016 684 γεγέννηται;
3055 613 3182 677 Πῶς
3221 611 3314 666 οὖν
3361 609 3512 666 οὗτοι
3548 615 3610 664 ἐκ

2019 704 2341 778 σπέρματος
2375 707 2527 777 ψιλὸν
2573 706 2859 778 ἄνθρωπον
2893 703 3167 776 ὁρίζονται
3198 706 3291 757 τὸν
3325 705 3604 774 Σωτῆρα;

2019 800 2136 863 πῶς
2173 801 2229 852 δὲ
2260 801 2320 852 οὐ
2367 798 2761 869 γνωσθήσεται,
2789 797 2865 860 ὡς
2893 797 2987 849 καὶ
3036 797 3305 867 Ἱερεμίας
3343 799 3475 867 περὶ
3509 796 3609 847 αὖ·

2016 891 2110 944 τοῦ
2141 891 2252 962 (56)
2286 908 2469 961 φησιν,
2504 892 2584 944 ὅτι
2630 893 2974 958 ’Ἄνθρωπός
3014 891 3165 955 ἐστι,
3199 889 3297 942 καὶ
3327 890 3420 958 τίς
3458 889 3614 958 γνὼ-

2019 997 2187 1036 σεται
2225 984 2446 1046 αὑτόν;
2500 983 2869 1054 Διηγούμενος
2902 984 3012 1054 γὰρ
3065 983 3093 1034 6
3146 984 3432 1053 προφήτης
3479 984 3612 1052 περὶ

2020 1073 2186 1127 αὑτοῦ
2221 1073 2402 1142 ἔλεγε·
2443 1075 2537 1140 Τίς
2582 1074 2872 1144 γνώσεται
2915 1075 3134 1139 αὑτόν;
3173 1074 3237 1126 Εἰ
3262 1073 3318 1125 δὲ
3359 1075 3494 1144 περὶ⁵
3521 1075 3613 1142 ᾳ-

2021 1165 2111 1217 λοῦ
2145 1165 2329 1233 ἔλεγεν
2372 1164 2683 1236 ἀνθρώπου,
2714 1166 2930 1229 πάντως
2977 1164 3045 1218 ἂν
3077 1165 3170 1218 καὶ
3214 1168 3243 1219 6
3279 1165 3464 1235 πατὴρ
3511 1165 3614 1216 αὑ·-

2022 1257 2110 1310 τὸν
2144 1257 2427 1325 ἐγίνωσκε,
2461 1259 2552 1310 καὶ
2582 1258 2613 1325 ἡ
2662 1259 2864 1328 μήτηρ,
2899 1260 3182 1326 συγγενεῖς
3214 1275 3274 1312 τε
3304 1257 3398 1310 καὶ
3429 1255 3615 1323 γείτο-

2022 1365 2130 1412 νες,
2171 1347 2428 1417 σύσκηνοί
2457 1365 2514 1400 τε
2547 1348 2641 1400 καὶ
2669 1348 3016 1418 πμπολῖται.

2109 1526 2245 1580 Ἀλλ’
2289 1526 2478 1597 ἐπειδὴ
2522 1527 2586 1579 ἐκ
2642 1525 2861 1596 Μαρίας
2917 1524 3016 1596 μέν
3066 1525 3184 1576 ἐστι
3227 1522 3292 1575 τὸ
3343 1521 3618 1591 γέννημα,

343 1613 483 1668 idem
523 1623 581 1668 ut
606 1613 698 1670 Dei
729 1613 966 1672 Verbum
995 1633 1024 1672 e
1054 1618 1192 1673 cmlo
1228 1620 1490 1689 prodierit
1521 1641 1533 1673 :
1570 1637 1747 1689 neque
1776 1621 1919 1675 virili

2110 1620 2232 1673 υθεν
2263 1620 2319 1672 δὲ
2350 1615 2512 1690 ἦλθεν
2551 1621 2580 1672 6
2620 1618 2753 1680 Θεὸς
2784 1619 2980 1686 Λόγος,
3009 1618 3110 1670 οὐκ
3137 1617 3247 1669 ἀπὸ
3301 1615 3620 1684 σπέρματος

341 1707 409 1760 de
436 1707 662 1768 semine,
705 1707 800 1762 sed
837 1708 1046 1763 cmlesti
1082 1718 1234 1779 patre
1263 1712 1502 1778 genitus,
1533 1712 1652 1767 sine
1682 1721 1922 1783 tempore

346 1797 611 1868 initioque
647 1801 776 1865 ullo,
818 1803 1111 1870 postremis
1143 1804 1480 1872 temporibus
1509 1804 1564 1857 in
1597 1812 1810 1858 uterum
1841 1805 1924 1858 in-

345 1891 566 1946 sinuare
601 1908 659 1948 se
689 1890 947 1963 Virginis,
983 1893 1378 1964 forniatamque
1403 1912 1468 1950 ex
1499 1912 1563 1950 ea
1590 1911 1806 1950 carnem
1852 1897 1926 1949 in-

344 1983 512 2040 duere
543 1984 752 2039 voluit:
792 1994 1101 2055 propterea,
1139 1986 1312 2042 Homo
1339 1988 1548 2058 quidem
1571 1997 1668 2052 est,
1705 1990 1799 2053 ait,
1835 1989 1926 2044 sed

342 2075 460 2144 quis
505 2086 775 2145 cognoscet
813 2077 1023 2143 ipsum?
1051 2079 1489 2149 quandoquidem
1536 2080 1678 2136 Deus
1707 2098 1736 2135 e
1785 2084 1926 2137 crelo

344 2163 647 2225 descendit,
705 2165 938 2234 unigena
967 2165 1158 2229 Filius,
1210 2183 1273 2222 ac
1326 2169 1467 2224 Deus
1513 2168 1775 2224 Verbum.
1821 2168 1928 2225 Sed

343 2252 683 2309 incredibilis
708 2255 957 2324 qumdam
985 2264 1068 2310 est
1097 2258 1466 2312 aberrantium
1492 2274 1522 2312 a
1547 2260 1774 2315 veritate
1797 2261 1930 2314 isto-

347 2361 468 2401 rum
519 2346 834 2410 infelicitas,
892 2349 986 2418 qui
1040 2350 1451 2419 prophetarum,
1499 2353 1930 2422 angelorumque

349 2439 678 2494 testimoniis
704 2440 908 2494 relictis
948 2440 1012 2494 ad
1039 2440 1354 2495 haereticum
1379 2440 1641 2498 Ebionem
1685 2443 1933 2498 adiuero-

348 2547 504 2588 scere
528 2532 859 2596 maluerunt,
891 2533 982 2602 qui
1018 2548 1085 2587 ex
1119 2533 1287 2587 animi
1335 2534 1419 2590 sui
1449 2535 1674 2590 libidine
1701 2534 1932 2590 Iudaica

348 2626 601 2681 instituta
633 2627 950 2694 complexus
981 2641 1103 2681 sese
1137 2633 1316 2682 tamen
1355 2642 1384 2680 a
1417 2625 1619 2684 Judaeis
1650 2629 1930 2683 abaliena-

351 2716 444 2770 vit.
479 2715 690 2784 Quippe
721 2714 939 2770 Gabriel
970 2731 1092 2770 cum
1143 2717 1398 2770 nuntium
1439 2732 1598 2772 suum
1635 2717 1702 2771 ad
1751 2715 1934 2786 Virgi-

350 2824 469 2862 nem
493 2808 779 2876 perferret,
805 2816 1129 2861 occurrente
1168 2807 1259 2860 illa
1295 2825 1306 2860 :
1339 2807 1614 2872 Quomodo
1645 2809 1734 2877 ﬁet
1764 2807 1930 2872 istud,

346 2901 595 2968 quoniam
627 2899 793 2950 virum
822 2913 923 2948 non
952 2912 1202 2965 cognosco
1228 2898 1253 2951 ?
1277 2911 1386 2965 quo
1422 2896 1704 2952 securitati
1735 2912 1933 2952 consu-

349 2991 483 3045 leret
521 2989 723 3058 adjecit
756 3007 770 3042 :
807 2987 1042 3057 Spiritus
1085 2987 1299 3040 Domini
1333 2991 1653 3056 superveniet
1695 2990 1748 3042 in
1783 3000 1849 3054 te,
1882 3000 1930 3044 et

349 3083 516 3136 virtus
550 3080 820 3134 Altissimi
855 3078 1188 3132 obumbrabit
1227 3089 1274 3133 te
1304 3095 1322 3132 :
1351 3079 1565 3150 ideoque
1597 3090 1645 3134 et
1670 3081 1806 3150 quod
1838 3099 1934 3136 na-

351 3184 526 3226 δεξιω-
571 3187 636 3226 ea:
670 3180 718 3225 te
753 3179 1015 3234 sanctum,
1070 3171 1343 3224 vocabitur
1384 3169 1562 3226 Filius
1621 3173 1713 3226 Dei
1747 3176 1788 3228 ’.
1832 3173 1934 3229 Ubi

356 3281 454 3336 per
494 3265 607 3319 haec
635 3264 824 3328 verba,
871 3261 1027 3334 145
1068 3262 1206 3332 quod
1237 3272 1503 3326 nascetur,
1554 3264 1622 3318 ab
1668 3265 1784 3334 ipsa
1814 3280 1936 3319 car-

353 3373 503 3417 nem,
535 3364 592 3411 et
645 3354 914 3425 quidquid
970 3356 1037 3408 ad
1083 3356 1371 3409 humanam
1430 3365 1685 3411 naturam
1742 3359 1935 3412 attinet

352 3450 577 3505 duxisse
604 3448 877 3518 signiﬁcat
906 3465 919 3501 :
960 3457 1071 3502 tum
1103 3449 1359 3503 virtutem
1399 3449 1686 3514 Altissimi,
1716 3466 1779 3505 ac
1812 3451 1936 3521 Spi-

353 3542 522 3596 ritum
568 3548 820 3596 sanctum
867 3554 898 3594 e
950 3540 1091 3594 coelo
1129 3548 1374 3595 sanctam
1409 3539 1687 3611 Virginem
1736 3543 1935 3596 obum-

354 3635 582 3697 brasse;
616 3631 1019 3701 unigenamque
1054 3630 1146 3684 Dei
1181 3629 1375 3685 Filium
1418 3647 1480 3686 ac
1502 3631 1668 3688 Deum
1699 3631 1932 3688 Verbum

356 3724 412 3779 in
444 3733 620 3780 terras
664 3724 970 3794 delapsum,
1009 3723 1281 3778 hominem
1331 3739 1454 3780 esse
1500 3724 1727 3788 factum,
1764 3741 1828 3779 ac
1869 3727 1936 3780 de

353 3816 512 3872 beata
542 3814 765 3886 Virgine
794 3831 982 3871 revera
1008 3823 1374 3885 procreatum.
1405 3816 1578 3882 Quam
1608 3819 1774 3869 multa
1807 3826 1936 3872 sunt

355 3911 666 3965 istiusmoui
717 3909 1064 3965 testimonia!
1125 3908 1237 3980 Ego
1294 3925 1421 3965 vero
1474 3911 1935 3979 quemadmodum

355 4002 630 4073 pollicitus
656 4018 799 4066 sum,
835 4017 902 4056 ne
935 4002 1146 4072 longior
1188 4002 1291 4056 hoc
1325 4003 1380 4056 in
1413 4017 1576 4072 opere
1606 4017 1728 4057 esse
1751 4017 1933 4072 c0gar,

356 4095 519 4149 latius
547 4094 763 4163 evagari
804 4108 911 4146 non
939 4093 1108 4147 soleo.

425 4185 570 4241 XXI.
613 4186 788 4241 Venio
816 4200 962 4239 nunc
1001 4185 1068 4238 ad
1101 4199 1163 4239 ea
1193 4199 1314 4253 qua:
1346 4183 1412 4238 de
1438 4182 1601 4237 Petro
1626 4199 1689 4238 ac
1725 4185 1937 4238 caeteris

2026 1712 2238 1783 ἀνδρὸς,
2288 1711 2402 1764 ἀλλ’
2455 1713 2518 1762 ὲκ
2573 1709 2778 1781 πατρὸς
2824 1709 2946 1779 μὲν,
2975 1707 3188 1768 ἄνωθεν
3241 1704 3529 1773 γεννηθεὶς
3565 1706 3622 1754 ἐν

2027 1803 2256 1875 ἀληθείᾳ
2285 1803 2531 1874 ἀχρόνως
2566 1802 2660 1854 καὶ
2689 1801 2960 1872 ἁνάρχως,
3002 1800 3088 1851 ἐπ’
3121 1797 3370 1867 ἐσχάτων
3415 1794 3478 1847 δὲ
3513 1794 3623 1845 τῶν

2027 1897 2250 1969 ἡμερῶν
2273 1896 2571 1965 εὐδοκήσας
2597 1895 2655 1946 ἐν
2693 1895 2876 1965 μήτρᾳ
2903 1890 3156 1960 γενέσθαι
3184 1888 3492 1959 Παρθένου,
3529 1885 3624 1938 καὶ

2028 1987 2087 2052 ἐξ
2143 1987 2314 2056 αὐτῆς
2367 1986 2675 2040 ἀναπλάσαι
2724 1985 2804 2047 είς
2857 1983 3048 2036 ἑαυτὸν
3101 1981 3200 2052 τὴν
3257 1981 3462 2050 σάρκα.
3525 1977 3625 2029 Διὰ

2027 2077 2207 2140 τοῦτο,
2245 2077 2400 2147 φησὶ,
2437 2079 2530 2130 καὶ
2561 2077 2897 2143 Ἀνθρωπος
2921 2076 3034 2145 μέν
3063 2074 3224 2127 ἐστι’
3253 2074 3345 2136 τίς
3376 2070 3445 2124 δὲ
3475 2069 3627 2139 γνώ-

2029 2184 2198 2224 σεται
2235 2168 2457 2231 αὐτόν;
2489 2168 2570 2220 ὅτι
2614 2167 2747 2228 Θεὸς
2786 2165 2991 2220 ἄνωθεν
3018 2161 3200 2235 ἦλθεν,
3241 2165 3271 2215 ὁ
3321 2161 3626 2232 pavorii;

2026 2258 2162 2321 Θεὸς
2199 2257 2392 2325 Λόγος.
2427 2255 2606 2326 Πολλὴ
2639 2256 2696 2308 δὲ
2744 2253 3088 2325 ταλαιπωρία
3121 2253 3228 2305 τῶν
3260 2251 3627 2318 πεπλανημέ-

2030 2368 2157 2414 νων,
2191 2348 2301 2403 τῶν
2340 2347 2785 2416 καταλειψόιντων
2832 2345 2930 2416 μὲν
2965 2341 3261 2416 προφητῶν
3307 2339 3626 2412 μαρτυρίας

2032 2442 2127 2494 καὶ
2181 2439 2448 2508 ἀγγέλων,
2500 2438 2595 2491 καὶ
2630 2436 3016 2507 ἀνασχομένων
3081 2434 3331 2496 Ἐδίωνος
3385 2431 3486 2485 τοῦ
3525 2446 3627 2482 πε-

2034 2528 2207 2598 πλανη
2218 2528 2400 2598 μένου,
2435 2526 2527 2579 τοῦ
2561 2526 2660 2597 τὴν
2689 2524 2884 2578 ἑαυτοῦ
2909 2523 3100 2595 ἡδονὴν
3136 2522 3468 2592 βουλομένου
3498 2521 3628 2588 1:17..-

2036 2622 2183 2692 ροῦν,
2220 2621 2313 2673 καὶ
2345 2619 2415 2673 τά
2476 2618 2742 2672 Ἰουδαϊκὰ
2781 2615 3320 2689 μεταχειριζομένου,
3372 2615 3470 2666 καὶ
3521 2615 3628 2667 ἀπὸ

2047 2713 2311 2768 Ἰουδαίων
2360 2713 2816 2784 ἠλλοτριωμένου.
2847 2709 2950 2774 "ﬂ;
2997 2713 3025 2763 6
3071 2710 3168 2780 μὲν
3215 2708 3486 2778 Γαϐριὴλ,
3541 2709 3627 2760 ὅτε

2034 2812 2100 2881 τῇ
2151 2809 2412 2881 Παρθένῳ
2471 2807 2877 2880 εὐηγγελίζετο,
2928 2807 3098 2876 αὐτῆς
3147 2803 3430 2874 λεγούσης,
3495 2802 3629 2866 Πῶς

2035 2902 2209 2956 ἔσται
2241 2903 2446 2967 ταῦτα,
2485 2902 2575 2955 ὅτι
2606 2900 2795 2969 ἄνδρα
2832 2902 2904 2954 οὐ
2942 2898 3212 2969 γινώσκω
3231 2915 3251 2961 ;
3280 2897 3342 2949 τὸ
3382 2896 3627 2962 ἀσφαλὲς

2037 2997 2422 3067 ὑποτιθέμενος
2473 2995 2576 3065 ἔφη
2600 3013 2613 3024 ’
2667 2994 2909 3063 Πνεῦμα
2950 2993 3170 3061 Κυρίου
3225 2991 3625 3045 ἐπελεύσεται

2035 3088 2133 3141 ἐπὶ
2182 3090 2275 3148 σὲ,
2326 3087 2422 3140 καὶ
2476 3087 2729 3155 δύναμις
2772 3087 3068 3155 Ὑψίστου
3108 3083 3452 3138 ἐπισκιάσει
3504 3098 3623 3135 σοι.

2037 3181 2130 3233 Διὸ
2154 3180 2250 3233 καὶ
2288 3179 2352 3233 τὸ
2396 3181 2772 3250 γεννώμενον
2805 3181 2872 3234 ἐκ
2907 3180 3025 3234 σοῦ
3058 3179 3230 3247 ἅγιον
3252 3175 3625 3243 κληθήσεται

2045 3271 2179 3335 Υἱὸς
2231 3271 2400 3324 Θεοῦ.
2448 3271 2532 3323 Ἐν
2589 3269 2666 3340 τῷ
2715 3270 2824 3341 γὰρ
2871 3270 3045 3322 εἰπεῖν
3097 3267 3164 3321 τὸ
3225 3266 3624 3336 γεννῶμεν-σθ’,

2036 3362 2203 3427 ἔδειξε
2257 3363 2354 3434 μὲν
2397 3363 2494 3434 τὴν
2546 3363 2725 3434 σάρκα
2775 3362 2869 3416 ἀπ’
2915 3361 3114 3431 αὐτῆς,
3165 3360 3261 3414 xui.
3306 3359 3408 3430 τὴν
3459 3358 3626 3427 ἄλλην

2037 3453 2469 3526 ἐνανθρώπησιν,
2504 3452 2712 3507 ἄνωθεν
2741 3452 2797 3505 δὲ
2835 3453 2929 3505 ἀπ’
2962 3449 3206 3522 οὐρανῶν
3251 3447 3348 3519 τὴν
3395 3447 3625 3516 δύναμιν

2035 3547 2131 3600 τοῦ
2170 3547 2450 3616 Ὑψίστου,
2504 3545 2690 3598 καὶτὸ
2729 3545 2882 3612 ἅγιον
2913 3542 3139 3612 Πνεῦμα
3187 3538 3515 3593 ὲπισκιάσαι
3561 3540 3621 3605 τῇ

2040 3638 2171 3708 ἁγίᾳ
2201 3635 2485 3706 Παρθένῳ,
2518 3636 2612 3687 καὶ
2661 3632 2868 3687 ἄνωθεν
2915 3629 3353 3700 καταϐεϐηκέναι
3389 3627 3482 3678 τὸν
3530 3643 3620 3695 μο-

2037 3727 2226 3797 νογενῆ
2259 3724 2392 3778 Θεοῦ
2427 3723 2557 3776 Θεὸν
2586 3725 2777 3790 Λόγον,
2811 3723 2906 3775 καὶ
2949 3720 3024 3783 ὡς
3068 3717 3486 3790 ὲνηνθρώπησε,
3535 3717 3620 3767 καὶ

2038 3821 2113 3883 ὡς
2138 3820 2232 3871 ἀπ’
2284 3816 2454 3887 αὐτῆς
2501 3817 2560 3868 ὲν
2605 3813 2835 3886 ἀληθείᾳ
2883 3812 3167 3884 ἐγεννήθη.
3219 3810 3371 3862 Πόσα
3404 3809 3462 3861 δὲ
3494 3807 3620 3860 ἄλλα

2041 3911 2157 3964 ἐστὶ
2208 3907 2465 3963 τοιαῦταί
2520 3905 2702 3962 Εἵωθα
2757 3907 2836 3971 δὲ,
2887 3905 2963 3967 ὡς
3011 3901 3356 3973 ὑπεσχόμην,
3409 3899 3485 3970 μὴ
3538 3898 3618 3949 62’:

2040 4004 2276 4066 πλάτους
2327 4001 2612 4073 φέρεσθαι,
2647 4000 2733 4052 ἵνα
2771 3998 2846 4070 μὴ
2889 3998 2968 4063 είς
3004 3997 3168 4064 ὄγκον
3218 3993 3388 4047 πολὺν
3433 3992 3618 4059 ἀγάγω

2039 4093 2135 4164 τὴν
2165 4091 2563 4164 πραγματείαν.

2112 4191 2242 4240 KA'.
2287 4187 2422 4258 Περὶ
2450 4187 2506 4239 δὲ
2537 4185 2648 4238 τῶν
2685 4184 2859 4239 ἄλλων
2907 4180 3035 4251 ἑξῆς
3073 4179 3429 4250 διηγήσομαι,
3460 4171 3534 4228 ὧν
3562 4191 3616 4225 τε

355 4280 622 4350 apostolis
671 4278 1042 4334 mentiuntur.
1104 4275 1319 4339 Petrus,
1377 4276 1664 4346 inquiunt,
1722 4276 1931 4330 lavabat

2110 4281 2182 4332 :dt
2209 4279 2416 4350 Πέτρου
2444 4277 2536 4331 καὶ
2569 4278 2677 4330 τῶν
2714 4276 2890 4330 ἄλλων
2920 4273 3233 4328 ἀποστόλων
3263 4267 3616 4337 καταψεύδον-

353 4371 618 4440 quotidie,
653 4371 970 4440 priusquam
1010 4368 1192 4423 cibum
1235 4375 1495 4421 sumeret.
1532 4365 1588 4420 ln
1621 4382 1730 4436 quo
1759 4367 1936 4420 circu-

355 4465 587 4518 latorum
619 4464 888 4533 ejusmodi
936 4461 1309 4517 incredibilem
1349 4460 1703 4524 calumniam,
1745 4475 1809 4513 ac
1841 4477 1938 4514 va-

357 4555 634 4612 ferrimum
675 4559 728 4612 in
761 4572 825 4613 ea
862 4555 1125 4611 tradenda
1163 4554 1454 4624 disciplina
1501 4545 1793 4608 consilium
1853 4552 1934 4605 in-

355 4655 525 4702 tuere.
583 4647 793 4703 Etenim
850 4649 996 4718 quod
1052 4647 1413 4717 inquinantur
1463 4636 1682 4716 saepius,
1729 4661 1792 4698 ac
1844 4661 1938 4714 per

354 4737 631 4792 lasciviam
660 4740 916 4809 pleraque
946 4739 999 4791 in
1031 4741 1137 4791 vita
1173 4747 1420 4807 peccant,
1453 4753 1562 4806 quo
1591 4736 1693 4790 sibi
1725 4743 1932 4789 certam

356 4842 506 4896 spem
536 4843 599 4882 ac
633 4829 884 4884 ﬁduciam
917 4829 1230 4893 concilient,
1264 4843 1402 4897 aqua
1437 4827 1642 4896 largius
1678 4834 1927 4887 utuntur,

274 4909 279 4914 ’
355 4929 414 4971 ut
448 4918 657 4988 seipsos
696 4920 992 4989 decipiant,
1026 4919 1154 4973 dum
1181 4918 1428 4988 repetitis
1455 4917 1608 4972 hisce
1637 4917 1929 4970 lavationi-

355 5011 459 5069 bus
491 5028 658 5083 puros
689 5030 748 5069 se
793 5029 916 5069 esse
954 5029 1113 5082 posse
1143 5012 1444 5068 conﬁdunt.
1471 5011 1646 5081 Atque
1685 5011 1800 5066 haec
1837 5027 1930 5080 per

429 5172 445 5204 ³
478 5169 676 5226 Jercm.
720 5187 854 5238 xvu,
882 5171 934 5226 9.
1013 5171 1184 5225 ’Luc.
1220 5187 1259 5236 I,
1295 5171 1383 5236 54,
1409 5170 1496 5226 55.

425 5329 536 5399 (36)
589 5329 680 5395 Ὡς
722 5329 819 5382 καὶ
854 5329 1137 5397 Ἱερεμίας
1183 5328 1316 5396 περὶ
1370 5328 1576 5381 αὐτοῦ.
1617 5326 1814 5399 Neque,
1853 5327 1940 5399 hic

358 5398 522 5455 loeus'
541 5400 606 5453 ad
638 5401 916 5453 Christum
954 5401 1171 5469 proprie
1211 5400 1480 5468 pertinet:
1514 5402 1730 5453 tametsi
1771 5398 1936 5467 pleri-

353 5489 460 5538 que
505 5471 606 5524 PP.
637 5470 702 5524 ad
729 5486 854 5525 eum
888 5485 1108 5523 sensum
1142 5470 1445 5530 traxerint;
1477 5485 1614 5537 quos
1647 5469 1936 5538 reprehen-

355 5489 369 5526 ί
396 5489 460 5525 ue
507 5489 606 5524 νγ.
637 5489 702 5524 ιια
729 5489 854 5525 81111⁷1
888 5489 1108 5523 SCllSlllﬂ
1142 5489 1445 5530 traxennt;
1477 5489 1614 5537 quos
1647 5489 1936 5538 reprelien-

355 5489 434 5598 Jit
465 5541 845 5613 Hieronymus.
879 5541 1050 5612 Cujus
1073 5541 1293 5610 quidem
1327 5539 1792 5610 interpretationis
1819 5555 1943 5593 cau-

2038 4391 2148 4426 ται.
2187 4373 2334 4433 Ὅτι,
2377 4371 2560 4442 φησὶν,
2611 4371 2639 4422 6
2690 4369 2896 4440 Πέτρος
2948 4365 3069 4420 καθ’
3117 4364 3360 4431 ἑκάστην
3414 4361 3614 4430 ἡμέραν

2040 4461 2370 4533 βαπτισμοῖς
2403 4462 2688 4532 ἐκέχρητο,
2726 4459 2855 4528 πρὶν
2898 4457 2930 4528 ἣ
2985 4457 3077 4510 καὶ
3115 4456 3284 4525 ἄρτου
3330 4449 3489 4504 αὐτὸν
3526 4465 3613 4517 με·

2037 4553 2425 4624 ταλαμϐάνειν.
2472 4553 2580 4605 Καὶ
2629 4552 2731 4622 ὅρα
2778 4548 2839 4602 τὸ
2871 4548 3050 4602 αὐτῶν
3083 4545 3495 4614 συκοφάντημα,
3527 4538 3615 4591 καὶ

2037 4647 2099 4698 τὸ
2130 4645 2359 4699 ὓπουλον
2382 4645 2480 4714 τῆς
2511 4641 2856 4714 ἀγεδρτιῖδδους
2875 4639 3051 4692 αὐτῶν
3077 4636 3445 4697 διδασκαλίας.
3490 4631 3613 4683 ’Arb

2038 4739 2132 4793 τοῦ
2165 4738 2276 4808 γὰρ
2309 4737 2508 4800 αὐτοὺς
2546 4734 2864 4806 μεμιάνθαι,
2898 4732 2992 4786 καὶ⁵
3019 4730 3397 4801 λαγνήστέρως
3428 4725 3611 4779 πολλὰ·

2041 4848 2126 4894 κις
2161 4829 2330 4882 πολλά
2363 4829 2623 4899 πράττειν
2651 4827 2743 4879 ἐπὶ
2777 4826 2874 4896 τῆς
2903 4825 3025 4895 γῆς,
3071 4825 3150 4885 εἰς
3185 4819 3484 4890 πεισμονὴν
3519 4816 3610 4882 τῆς

2039 4919 2248 4973 ἑαυτῶν
2275 4919 2648 4990 πληροφορίας
2678 4916 2756 4987 τῷ
2785 4915 2939 4969 ὕδατι
2969 4912 3208 4983 δαψιλῶς
3241 4911 3497 4983 χρῶνται,
3532 4908 3608 4958 in:

2037 5011 2196 5081 δῆθεν
2231 5012 2460 5075 ἑαυτοὺς
2489 5010 2833 5082 ἀπατήσωσι,
2872 5007 2960 5061 διά
3000 5005 3330 5077 βαπτισμῶν
3359 5003 3494 5072 ἔχειν
3521 4999 3609 5067 τὴν

2039 5339 2154 5378 sam
2185 5318 2525 5375 attulitLXX
2554 5317 2714 5372 lectio
2769 5333 2783 5370 :
2839 5313 2929 5384 qui
2966 5313 3033 5365 ab
3064 5311 3291 5367 l-lehrmo
3316 5323 3364 5367 et
3393 5309 3607 5384 Vulgata

2037 5395 2374 5462 discrepant.
2421 5388 2553 5443 Nam
2593 5383 2868 5441 llelu‘aica’
2903 5401 3004 5438 vox
3238 5383 3567 5438 insrrutabilt
3594 5419 3606 5441 ,

2034 5503 2148 5626 s'ive
2181 5496 2502 5566 desperabile
2526 5494 2812 5566 signiﬁcat.
2848 5492 2913 5545 At
2943 5473 3180 5549 illiw'lm
3217 5491 3316 5545 hoc
3342 5499 3416 5544 est
3441 5488 3606 5550 homo,

2069 5578 2316 5626 exerunt.

2069 5578 2316 5642 egerunt.
