3760 6176
84 220 176 273 HI

733 221 1105 282 ADVERSUS
1144 223 1489 282 IUERESES
1525 216 1642 281 LIB.

1818 226 1942 283 'OM.
1984 228 2129 281 ιι.-
2174 227 2440 282 ιιιΕιιΕε.
2484 225 2649 280 XXX.

3215 222 3316 278 “'3

86 335 334 407 κάθαρσιν
359 337 691 407 νομίζοντες.
721 330 831 394 Kal.
855 342 1027 396 ταῦτα
1054 346 1133 409 είς
1162 346 1290 410 τοὺς
1316 346 1642 415 ἀποστόλους

1818 362 2015 401 minam
2057 348 2445 401 contumeliam
2478 347 2531 399 in
2565 345 2843 415 apostolos
2885 342 3179 398 transferre
3208 324 3317 397 non

86 427 417 499 ὲμπαροινεῖν
462 432 562 483 οὐκ
613 432 977 502 αἰσχύνονται,
1039 436 1230 490 Καίτοι
1280 438 1373 490 τοῦ
1433 439 1638 510 Κυρίου

85 520 379 591 ἐλέγχοντος
437 522 615 574 αὐτῶν
651 524 747 594 τὴν
788 526 1178 596 κακοτροπίαν,
1211 528 1269 580 ὲν
1294 527 1372 599 τῷ
1421 530 1511 581 τὸν
1549 530 1645 583 Πέ-

83 627 205 681 τρον
237 613 528 681 εἰρηκέναι,
581 614 667 666 ὅτε
698 609 829 683 ἦλθε
874 618 999 680 τοὺς
1039 618 1205 681 πόδας
1254 618 1418 671 αὑτοῦ
1470 620 1640 688 νίψαι,

83 703 162 754 ὅτι
195 706 270 756 Οὐ
298 703 381 771 μὴ
412 705 599 774 νίψῃς
633 705 775 771 τοὺς
806 708 996 773 πόδας
1017 726 1137 777 μου
1172 713 1260 776 είς
1298 711 1404 763 τὸν
1436 710 1642 775 αἰῶνα,

84 797 176 849 καὶ
206 797 296 867 τὴν
331 799 710 869 ἀνθυποφορὰν
750 801 855 853 ὑπὸ
880 801 973 854 τοῦ
1024 803 1527 873 Σωτῆροςκὲξιέναι,
1562 804 1644 856 δτι

98 884 223 939 Ἐὰν
244 889 324 958 μὴ
357 891 516 959 νίψω
558 908 674 947 σου
700 893 846 959 τοὺς
887 894 1096 960 πόδας,
1125 898 1237 949 οὐκ
1282 898 1441 964 ἐχεις
1462 897 1645 964 μέρος

79 982 199 1047 μετ’
238 982 396 1050 ἐμοῦ.
446 985 713 1038 Κάκείνου
762 986 923 1041 πάλιν
971 987 1520 1058 ἀνταποκρινομένου,
1564 988 1645 1041 ὅτι

88 1075 167 1127 οὐ
191 1076 374 1143 μόνον
424 1076 564 1142 τοὺς
604 1077 816 1144 πόδας,
858 1080 1017 1133 ἀλλὰ
1056 1080 1154 1132 καὶ
1202 1080 1316 1147 τὴν
1345 1077 1641 1147 κεφαλὴν,

84 1166 240 1235 φησὶν
295 1166 322 1217 6
378 1166 611 1237 Κύριος,
666 1169 746 1221 δτι
807 1169 869 1221 '0
927 1169 1307 1238 λουσάμενος
1362 1169 1524 1232 ἅπαξ
1572 1171 1645 1223 οὐ

83 1257 285 1324 χρείαν·
310 1258 431 1325 ἔχει
464 1259 578 1326 τὴν
611 1261 907 1328 κεφαλὴν,
933 1264 984 1315 εί
1018 1261 1105 1331 μὴ
1132 1262 1273 1327 τοὺς
1311 1262 1500 1327 πόδας
1535 1262 1645 1330 μό-

80 1363 189 1398 νον
215 1364 227 1377 ·
266 1347 395 1400 ἐστι
435 1349 546 1417 γὰρ
596 1350 856 1417 καθαρὸς
902 1350 1064 1416 ὅλος.
1134 1350 1372 1415 Ἔδειξεν
1414 1348 1528 1415 οὖν,
1564 1353 1646 1405 ὅτι

77 1435 140 1485 οὐ
169 1434 269 1505 χρὴ
317 1434 643 1507 βαπτισμοῖς
674 1438 928 1508 χρῆσθαι,
970 1438 1064 1492 καὶ
1102 1437 1279 1491 ἔθεσιν
1317 1440 1643 1509 ἀνωφελέσι,

82 1527 172 1578 καὶ
223 1528 546 1598 ὲντάλμασιν
603 1529 925 1600 ἀνθρώπων,
980 1533 1075 1585 καὶ
1124 1530 1517 1596 διδασκαλίαις,
1571 1532 1649 1595 ὡς

82 1618 174 1670 καὶ
197 1619 253 1671 ὲν
280 1620 447 1691 ἑτέρῳ
473 1621 788 1692 Εὐαγγελίῳ
825 1622 1034 1692 συνῳδὰ
1073 1622 1150 1693 τῷ
1178 1625 1432 1696 προφήτῃ
1465 1606 1642 1692 λέγειέ

65 1708 155 1762 "0
176 1710 319 1777 λαὸς
345 1708 523 1776 οὗτος
556 1713 678 1779 τοῖς
708 1714 943 1782 χείλεσι
968 1732 1044 1783 με
1069 1714 1227 1784 τιμᾷ,
1263 1717 1300 1783 ἠ
1331 1716 1400 1769 δὲ
1428 1718 1643 1787 καρδία
1678 1697 1717 1752 Β

78 1799 273 1853 αὐτῶν
315 1803 509 1870 πόίρω
541 1803 750 1873 ἀπέχει
800 1805 901 1858 ἀπ’
948 1806 1115 1875 ἐμοῦ.
1170 1806 1379 1875 Μάτην
1418 1808 1487 1862 δὲ
1539 1809 1640 1863 σέ-

78 1892 278 1944 ϐονταί
301 1910 397 1961 με,
425 1893 817 1961 διδάσκοντες
846 1895 1264 1962 διδασκαλίας,
1301 1897 1643 1967 ἐντάλματα

76 1982 413 2051 ἀνθρώπων.
504 1986 656 2038 Ἐπεὶ
714 1987 854 2040 κατά
914 1988 1072 2041 ποίαν
1128 1989 1307 2042 αἰτίαν
1366 1989 1644 2059 ἐμέμφετο

76 2074 197 2135 τοὺς
236 2074 558 2145 Φαρισαίους
604 2078 697 2130 καὶ
741 2081 1092 2149 γραμματεῖς
1136 2080 1269 2142 ποὺς
1316 2078 1643 2150 βαπτισμοῖς

76 2164 382 2233 χρωμένους
427 2167 626 2231 ξεστῶν
678 2170 771 2223 καὶ
822 2170 1096 2241 ποτηρίων
1152 2173 1244 2225 καὶ¹
1284 2171 1393 2225 τῶν
1442 2172 1643 2236 ἄλλων,

76 2254 166 2305 καὶ
217 2260 404 2327 πυγμῇ
460 2258 555 2321 τάς
608 2261 795 2331 χεῖρας
841 2261 1232 2332 νιπτομένους,
1286 2262 1377 2315 καὶ
1426 2261 1647 2327 τελείως

74 2344 447 2416 ἀποφαίνεται,
498 2350 581 2403 ὅτι
625 2351 685 2404 τὸ
730 2352 1026 2417 Ἀνίπτοις
1070 2354 1283 2421 χερσίν
1310 2355 1537 2407 ἐσθίειν
1573 2356 1645 2408 οὐ

75 2437 270 2491 κοινοῖ
298 2438 406 2492 τὸν
445 2440 797 2509 ἀνθρωπον;
835 2443 999 2496 Ὥστε
1044 2445 1104 2496 οὐ
1163 2443 1322 2514 μόνον
1358 2444 1420 2496 τὸ
1453 2444 1648 2527 βαπτί·

1747 439 2099 495 erubescunt.
2159 436 2481 506 Quanquam
2547 434 2807 490 Dominus
2857 435 3069 489 illorum
3128 438 3319 504 nequi-

1748 531 1879 585 tiam
1912 528 2198 584 manifeste
2248 528 2547 597 redarguit,
2597 542 2722 581 cum
2754 526 2818 580 ad
2865 525 3008 580 Petri
3058 526 3320 580 lavandos

1744 625 1912 693 pedes
1942 619 2229 684 accedens,
2264 634 2329 673 eo
2365 618 2621 674 dicente:
2649 617 2771 671 Non
2797 617 2993 670 iuvabis
3011 617 3140 670 milii
3166 617 3318 685 pedes

1745 713 1801 765 in
1832 724 2103 772 wternum,
2155 709 2385 778 subjecit
2417 710 2562 763 illico
2589 727 2603 762 :
2640 708 2763 763 Nisi
2793 709 2965 761 lavero
2994 709 3143 775 pedes
3180 717 3318 774 tuos,

1750 821 1854 857 non
1889 802 2101 856 habebis
2132 814 2335 872 partem
2360 819 2558 855 niecum
2586 802 2625 855 ¹.
2662 802 2742 855 Ad
2766 818 2885 870 quae
2904 800 3065 855 Petro
3091 816 3321 870 respon-

1751 897 1952 952 dente:
1992 895 2114 949 Non
2147 896 2317 949 solum
2361 895 2536 964 pedes,
2585 894 2675 948 sed
2719 906 2768 948 et
2825 904 3023 963 caput;
3056 894 3320 956 Dominus

1747 988 1948 1057 adjecit
1980 1007 1992 1041 :
2030 988 2133 1054 Qui
2168 988 2304 1040 lotus
2334 996 2412 1041 est
2442 986 2619 1049 semel,
2655 1002 2756 1039 non
2790 1002 2917 1053 opus
2943 995 3043 1049 est,
3076 996 3132 1038 ut
3163 994 3321 1054 caput

1750 1078 1908 1142 lavet,
1942 1079 2032 1131 sed
2068 1077 2219 1147 pedes
2247 1077 2547 1131 duntaxat:
2581 1087 2656 1130 est
2676 1078 2815 1131 enim
2865 1078 3089 1131 mundus
3115 1086 3255 1130 totus
3276 1078 3317 1126 ².

1749 1170 1959 1237 Quibus
1997 1169 2179 1225 verbis
2203 1169 2501 1223 declaravit
2536 1168 2899 1223 lavationibus
2923 1168 3216 1239 ejusmodi,
3257 1183 3323 1221 ac

1748 1262 2169 1334 supervacaneis
2230 1263 2445 1327 ritibus,
2490 1261 2879 1331 hominumque
2925 1260 3196 1315 mandatis
3258 1274 3323 1314 ac

1748 1354 2016 1409 doctrinis
2052 1354 2127 1408 uti
2164 1353 2298 1407 nihil
2341 1354 2592 1408 attinere.
2630 1353 2731 1407 Cui
2768 1353 2984 1422 quidem
3028 1361 3323 1407 consenta-

1750 1460 1847 1499 nea
1872 1453 2021 1511 sunt,
2056 1460 2175 1515 qua:
2202 1460 2231 1497 a
2255 1444 2489 1514 quodam
2514 1446 2776 1514 propheta
2803 1445 3061 1499 dicuntur
3095 1463 3108 1498 :
3146 1444 3324 1511 Popu—

1750 1537 1832 1592 lus
1861 1539 1957 1592 iste
1988 1537 2145 1592 labiis
2187 1554 2266 1591 me
2295 1538 2539 1599 honorat,
2578 1553 2667 1589 cor
2694 1548 2869 1591 autem
2911 1538 3143 1602 ipsorum
3174 1536 3326 1604 longe

1748 1638 1826 1682 est
1859 1647 1891 1682 a
1921 1644 2030 1691 me;
2062 1628 2266 1698 frustra
2310 1645 2426 1682 vero
2470 1629 2646 1682 colunt
2692 1645 2792 1690 me,
2840 1630 3081 1682 docentes
3127 1627 3328 1681 doctri-

1749 1738 1867 1784 nas,
1916 1723 2171 1773 mandata
2229 1719 2498 1771 hominum
2550 1719 2592 1772 ³.
2647 1718 2789 1783 Quid
2836 1726 2920 1773 est
2974 1720 3119 1774 enim
3181 1718 3327 1787 quod

1751 1810 2059 1864 Pharisaeos
2110 1825 2173 1863 ac
2225 1810 2437 1865 scribas
2493 1811 2791 1879 arguebat,
2832 1808 2976 1879 quod
3027 1809 3328 1878 baptismos

1751 1903 2073 1958 adhiberent
2106 1919 2392 1958 urceorum
2441 1910 2494 1957 et
2526 1903 2779 1967 calicum,
2814 1916 2878 1955 ac
2924 1909 3239 1955 caeterorum
3275 1899 3329 1952 id

1749 2011 1919 2065 genus
1958 1995 2004 2060 ⁸,
2035 2004 2088 2051 ει
2130 1996 2325 2050 crebro
2354 2009 2551 2049 manus
2590 1993 3065 2047 abluerent?cum
3112 1994 3187 2045 ita
3238 1990 3331 2046 de-

1751 2102 1897 2142 mum
1933 2087 2294 2157 pronuntiat:
2333 2086 2511 2140 lllotis
2562 2083 2804 2139 manibus
2844 2083 3165 2137 manducare
3224 2100 3329 2136 non

1752 2178 2029 2249 inquinare
2054 2177 2313 2233 hominem
2342 2179 2384 2231 ⁸.
2440 2175 2621 2240 Quare
2659 2189 2768 2229 non
2804 2188 2993 2228 eorum
3043 2173 3205 2226 modo
3250 2172 3333 2225 lo-

1754 2268 1930 2322 tiones
1955 2267 2251 2330 damnavit,
2287 2265 2445 2336 146
2475 2264 2569 2320 sed
2617 2272 2671 2319 et
2721 2277 2918 2318 manus
2967 2261 3190 2315 abluere
3232 2276 3328 2314 su-

1751 2373 2148 2431 pervacaneum
2195 2374 2318 2413 esse
2359 2357 2566 2421 docuit,
2611 2371 2789 2425 neque
2850 2353 3025 2409 fraudi
3075 2352 3331 2423 cuiquam

1752 2464 1895 2513 esse,
1932 2449 2076 2519 quod
2107 2463 2302 2502 manus
2336 2447 2471 2500 nolit
2504 2447 2712 2501 eluere.

74 2530 259 2593 ζεσθαι
293 2531 496 2586 τούτων
526 2534 842 2605 ἀνέτρεψεν,
875 2535 1011 2589 άλλά
1048 2538 1143 2590 καὶ
1195 2535 1259 2590 τὺ
1317 2535 1466 2607 νίψαι
1499 2540 1688 2610 χεῖρας
1725 2540 1979 2611 περιττὸν
2025 2536 2163 2593 εἶναι
2210 2538 2407 2604 ἔδειξε,
2451 2541 2546 2592 καὶ
2594 2537 2672 2609 τῷ
2717 2536 3025 2608 βουλομένῳ
3067 2534 3170 2597 τὰς
3215 2533 3335 2603 χεῖ·-

74 2642 174 2697 ρας
208 2626 318 2693 (57)
340 2626 619 2682 νίπτεσθαι
652 2630 727 2701 μὴ
758 2625 897 2683 εἶναι
930 2631 1157 2703 βλάϐην.

139 2718 268 2773 KB'.
311 2719 436 2784 Πῶς
472 2721 526 2774 δὲ
556 2724 683 2792 περὶ
732 2726 1083 2796 κρεωφαγίας
1125 2728 1225 2780 οὐκ
1276 2729 1437 2793 εὐθὺς
1479 2731 1511 2800 ὴ
1549 2729 1647 2782 αὐ-

71 2808 175 2861 τῶν
219 2810 378 2865 ἄνοια
418 2811 840 2885 ὲλεγχθήσεται;
895 2817 1114 2889 Πρῶτον
1167 2818 1266 2889 μὲν
1298 2818 1389 2872 τοῦ
1440 2819 1647 2891 Κυρίου

72 2903 344 2969 ἐσθίοντος
391 2906 452 2959 τὸ
492 2910 675 2979 πάσχα
710 2911 818 2963 τῶν
877 2912 1177 2967 Ἰουδαίων·
1228 2914 1415 2984 πάσχα
1458 2912 1514 2966 δὲ
1541 2912 1649 2965 τῶν

86 2998 360 3052 Ἰουδαίων
402 3001 668 3070 πρόϐατον
717 2998 787 3074 ἦν
830 3004 925 3058 καὶ
956 3004 1161 3075 ἄζυμα,
1190 3005 1328 3076 κρέα
1375 3003 1649 3076 προϐάτου

72 3087 210 3141 ὀπτὰ
251 3091 389 3161 πυρὶ
432 3092 740 3162 ἐσθιόμενα,
771 3093 846 3157 ὡς
875 3095 969 3147 καὶ
995 3096 1044 3148 οἱ
1092 3095 1332 3166 μαθηταὶ
1373 3094 1537 3149 αὑτοῦ
1564 3095 1651 3147 λέ-

70 3193 226 3247 γουσι
248 3197 264 3211 ·
316 3181 443 3236 Ποῦ
490 3182 683 3249 θέλεις
728 3183 1136 3254 ἑτοιμάσωμέν
1181 3200 1281 3239 σοι
1331 3185 1546 3255 φαγεῖν
1583 3185 1651 3240 τὸ

70 3272 313 3341 πάσχα;
350 3274 461 3328 Καὶ
492 3274 654 3340 αὐτὸς
695 3277 723 3328 6
754 3275 955 3347 Κύριος
984 3276 1164 3345 λέγει’
1226 3277 1539 3332 Ἀπέλθετε
1566 3280 1653 3345 είς

70 3366 182 3434 τὴν
219 3368 432 3429 πόλιν,
473 3368 572 3421 καί
598 3369 885 3436 εὑρήσετε
926 3369 1240 3438 ἄνθρωπον
1271 3370 1653 3434 ,ϐαστάζοντα

68 3459 362 3528 κεράμιον
392 3459 630 3527 ὕδατος,
665 3461 765 3515 καὶ
805 3462 1261 3528 ἀκολουθήσατε
1297 3461 1459 3527 αὐτῷ
1499 3461 1652 3517 ὅπου

72 3550 308 3620 ὑπάγει,
344 3552 442 3605 καί
491 3552 697 3606 εἴπατε
741 3550 822 3618 τῷ
866 3553 1266 3623 οἰκοδεσπότῃ
1289 3570 1302 3583 ο
1351 3554 1477 3608 Ποῦ
1522 3555 1654 3609 ἐστι

73 3643 134 3697 τὸ
160 3643 503 3713 κατάλυμα,
538 3645 688 3698 ὅπου
720 3646 953 3714 ποιήσω
995 3647 1060 3699 τὸ
1100 3646 1310 3714 πάσχα
1341 3646 1491 3713 μετά
1535 3645 1656 3699 τῶν

66 3734 357 3804 μαθητῶν
380 3754 499 3805 μου
523 3754 541 3800 ;
566 3737 670 3790 Καὶ
702 3736 884 3800 δείξει
913 3736 1053 3806 ὑμῖν
1076 3735 1347 3805 ὑπερῷον
1366 3735 1657 3805 ἐστρωμέ-

70 3845 206 3880 νον·
257 3827 395 3881 ἐκεῖ
438 3827 808 3897 ἑτοιμάσατε.
862 3829 1031 3883 Πάλιν
1080 3828 1136 3881 δὲ
1184 3830 1345 3892 αὐτὸς
1386 3832 1413 3882 ό
1454 3828 1655 3900 Κύριος

68 3916 251 3985 λέγει·
330 3919 643 3987 Ἐπιθυμίᾳ
690 3919 1041 3988 ἐπεθύμησα
1094 3920 1271 3974 τοῦτο
1334 3918 1401 3973 τὸ
1447 3918 1657 3988 πάσχα

66 4010 282 4078 φαγεῖν
320 4012 453 4078 μεθ’
500 4010 686 4079 ὑμῶν.
726 4012 837 4064 Καὶ
882 4012 981 4065 οὐκ
1030 4009 1178 4064 εἶπεν
1224 4011 1411 4075 ἁπλῶς
1447 4011 1653 4081 πάσχα,

72 4100 206 4153 ἀλλά
238 4100 409 4153 τοῦτο
443 4102 504 4153 τὺ
543 4102 748 4171 πάσχα,
780 4102 866 4154 ἵνα
899 4102 971 4173 μή
996 4119 1082 4165 τις
1121 4102 1416 4172 μεθοδεύσῃ
1447 4102 1526 4164 εἰς
1560 4102 1655 4171 τὴν

67 4192 263 4245 ἑαυτοῦ
299 4192 580 4246 ὑπόνοιαν.
612 4193 804 4262 Πάσχα
835 4192 892 4245 δὲ
918 4189 1006 4264 ἦν,
1043 4193 1117 4256 ὡς
1144 4187 1317 4257 εἷπον,
1355 4193 1491 4265 κρέα
1518 4192 1658 4245 ὀπτὰ

70 4285 221 4355 πυρὶ,
256 4286 363 4337 καὶ
393 4284 462 4337 τὰ
496 4284 651 4337 ἄλλα.
686 4285 851 4337 Αὐτοὶ
890 4285 966 4349 δὲ,
1006 4285 1369 4354 ἀφανίσαντες
1406 4285 1501 4355 ἀφ’
1534 4286 1660 4337 ἐαυ-

1818 2725 1983 2785 XXII.
2045 2725 2165 2780 Jam
2220 2726 2363 2797 quod
2421 2726 2489 2781 ad
2554 2740 2713 2780 usum
2776 2724 3023 2778 carnium
3090 2729 3325 2793 spectat,

1751 2833 1932 2872 nonne
1958 2833 2149 2873 eorum
2183 2818 2366 2873 statim
2403 2819 2639 2872 amentia
2674 2815 3055 2883 convincitur?
3090 2813 3332 2869 Primtm

1755 2907 1905 2978 quod
1931 2907 2195 2963 Dominus
2228 2906 2539 2965 Judworum
2587 2908 2788 2977 pascha
2837 2906 3155 2961 comederit.
3188 2905 3332 2958 Cott-

1753 2999 1935 3054 stabat
1959 3008 2140 3053 autem
2176 3000 2377 3068 pascha
2411 2999 2725 3053 Judaeorum
2774 3012 2932 3067 agno,
2974 3012 3036 3050 ac
3077 2996 3193 3051 sine
3226 2994 3334 3049 fer-

1753 3097 1938 3143 mento
1998 3089 2241 3144 subactis
2300 3090 2532 3158 panibus
2579 3107 2593 3143 :
2655 3087 2780 3156 agni
2854 3102 3015 3156 porro
3074 3087 3334 3141 carnibus

1752 3181 1899 3237 vesci
1930 3196 2047 3237 mos
2085 3191 2203 3235 erat
2255 3180 2455 3237 assatis
2488 3180 2622 3250 igni,
2656 3179 2800 3250 quod
2851 3186 2904 3233 et
2956 3179 3187 3247 apostoli
3231 3178 3334 3246 ipsi

1755 3281 2043 3329 testantur.
2090 3271 2188 3326 Ubi
2221 3272 2318 3337 vis,
2346 3271 2618 3341 inquiunt,
2661 3285 2905 3339 paremus
2939 3268 3033 3322 tibi
3062 3267 3333 3323 comedere

1753 3363 2009 3419 Pascha?
2037 3362 2246 3429 Quibus
2278 3361 2541 3416 Dominus
2569 3359 2850 3428 respondit
2884 3378 2896 3413 :
2939 3358 3021 3413 Ite
3056 3360 3107 3412 in
3140 3359 3330 3412 civita-

1755 3465 1890 3520 tem;
1913 3465 1963 3510 et
1984 3448 2266 3509 invenietis
2298 3453 2556 3505 hominem
2587 3451 2896 3518 amphoram
2929 3466 3079 3519 aqua:
3120 3458 3337 3516 portan-

1756 3555 1878 3613 tem,
1912 3546 2189 3617 sequimini
2235 3561 2353 3599 eum
2382 3560 2684 3615 quocunque
2716 3544 2857 3606 ierit,
2892 3552 2941 3596 et
2969 3542 3128 3594 dicite
3154 3540 3326 3609 patri-

1755 3638 1991 3707 familias
2024 3654 2042 3691 :
2079 3635 2177 3691 Ubi
2231 3646 2308 3690 est
2348 3636 2715 3699 diversorium,
2740 3635 2828 3688 ubi
2868 3634 3064 3704 pascha
3102 3649 3221 3685 cum
3247 3630 3335 3684 di-

1755 3730 1971 3797 scipulis
2004 3729 2131 3783 meis
2161 3728 2404 3797 faciant?
2450 3726 2517 3780 Et
2559 3727 2795 3781 ostendet
2836 3726 2976 3780 vobis
3008 3724 3335 3779 ca’naculum

1755 3828 1980 3875 stratum
1996 3836 2013 3873 :
2027 3830 2074 3874 et
2088 3819 2159 3873 ibi
2168 3820 2397 3886 parate“.
2418 3818 2727 3887 lterumque
2743 3816 3020 3871 Dominus:
3039 3815 3334 3877 Desiderio,

1758 3910 1854 3974 ait,
1872 3910 2165 3964 desideravi
2182 3910 2277 3963 hoc
2305 3908 2500 3977 pascha
2533 3907 2855 3962 manducare
2877 3907 3138 3961 vobiscum
3163 3906 3205 3959 ".
3228 3904 3335 3959 Nc-

1757 4016 1863 4069 que
1897 3999 2098 4070 pascha
2134 3999 2454 4068 simpliciter
2494 4000 2653 4064 dixit,
2715 4001 2810 4055 sed
2862 4000 2965 4054 hoc
2995 3998 3235 4068 pascha;
3268 4011 3335 4051 ne

1759 4092 1882 4161 quis
1914 4090 2117 4145 dictum
2153 4091 2280 4144 illud
2317 4092 2544 4146 subdole
2575 4091 2641 4145 ad
2689 4091 2997 4161 opinionem
3041 4105 3193 4144 suam
3242 4102 3336 4141 ac-

1760 4185 2150 4239 commodaret.
2204 4184 2282 4238 Ac
2338 4184 2543 4254 pascha
2591 4183 2725 4238 illud
2781 4199 2973 4239 carnes
3023 4188 3201 4243 erant,
3255 4180 3333 4233 uti

1761 4277 2022 4340 diximus,
2059 4278 2168 4348 igni
2200 4286 2372 4343 tostae,
2406 4294 2529 4333 cum
2581 4278 2703 4332 aliis
2737 4277 3083 4349 quibusdam.
3135 4276 3202 4328 At
3255 4274 3332 4327 illi

68 4378 169 4430 τῶν
197 4378 304 4449 τὴν
334 4376 438 4446 τῆς
465 4377 723 4448 ἀληθείας
751 4377 1090 4443 ἀκολουθίαν,
1123 4378 1357 4448 ἤλλαξαν
1385 4378 1444 4429 τὸ
1474 4377 1636 4448 ῥητὸν

1818 4370 2006 4423 :ritatis
2052 4369 2195 4424 serie
2247 4384 2313 4424 ex
2359 4371 2578 4440 ingenio
2610 4372 2846 4433 sublata,
2882 4369 3043 4423 verba
3080 4368 3168 4420 illa
3212 4381 3333 4419 mu-

68 4472 199 4541 ὃπερ
256 4472 389 4524 ἐστὶ
443 4472 576 4523 πᾶσι
646 4469 882 4541 φανερὸν
933 4471 998 4522 ὲκ
1049 4470 1159 4522 τῶν
1216 4468 1655 4539 συνεζευγμένων

66 4563 288 4627 λέξεων.
342 4563 456 4615 Καὶ
484 4562 748 4632 ἐποίησαν
786 4561 913 4624 τοὺς
949 4559 1196 4633 μαθητὰς
1234 4560 1330 4631 μὲν
1363 4559 1651 4628 λέγοντας·

68 4654 186 4707 11σῦ
222 4653 433 4718 θέλεις
463 4650 873 4721 ἑτοιμάσωμέν
904 4666 1004 4704 σοι
1048 4649 1115 4703 τὸ
1158 4649 1368 4719 πάσχα
1409 4648 1657 4718 search»;

65 4749 158 4801 καὶ
201 4747 380 4801 αὐτὸν
405 4745 567 4816 δῆθεν
602 4746 863 4814 λέγοντα·
914 4744 1008 4815 Μὴ
1041 4743 1305 4814 ἐπιθυμίᾳ
1336 4742 1656 4812 ἐπεθύμησα

66 4840 230 4909 κρέας
263 4838 435 4893 τοῦτο
481 4837 543 4891 τὸ
586 4837 772 4907 πάσχα
801 4838 994 4905 φαγεῖν
1025 4835 1143 4906 μεθ’
1174 4834 1360 4905 ὑμῶν;
1396 4833 1566 4887 Πόθεν
1601 4833 1659 4885 δὲ

63 4934 121 4985 οὐ
151 4934 558 5005 φωραθήσεται
584 4933 616 5003 ἡ
650 4929 829 4985 αὐτῶν
854 4929 1188 5001 ρᾳδιουργία,
1219 4928 1315 4998 τῆς
1341 4925 1661 4988 ἀκολουθίας

64 5025 412 5096 κῳζοὺσης,
462 5026 545 5079 ὅτι
590 5024 654 5078 τὸ
701 5025 772 5096 μῦ
822 5025 914 5079 καὶ
953 5023 1014 5076 τὸ
1046 5018 1153 5094 ἦτά
1198 5023 1313 5074 ἐστι
1366 5018 1658 5090 προσθετά.

74 5118 216 5171 Ἀντὶ
248 5119 357 5171 τοῦ
385 5117 496 5188 γὰρ
521 5119 716 5182 εἰπεῖν,
775 5114 1087 5183 Ἐπιθυμίᾳ
1111 5113 1479 5180 ἐπεθύμησα,
1510 5110 1662 5162 αὐτοὶ

63 5209 432 5279 προσέθηκαν
464 5208 629 5278 τὸμὴ
663 5196 970 5280 ἐπίρρημα.
1003 5202 1172 5267 Αὐτὸς
1205 5204 1260 5257 δὲ
1298 5201 1511 5273 ἀληθῶς
1540 5200 1660 5253 ἕλε-

56 5319 170 5371 γεν,
220 5303 551 5371 Ἐπιθυμίᾳ,
581 5303 932 5371 ἐπεϋόμησα
961 5298 1134 5354 τοῦτο
1174 5298 1241 5351 τὸ
1286 5296 1496 5365 πάσχα
1540 5310 1656 5364 φα-

1764 4467 1966 4523 tarunt,
2002 4462 2147 4530 quod
2181 4467 2265 4515 est
2296 4478 2362 4517 ex
2392 4462 2707 4532 conjunctis
2755 4460 3088 4515 dictionibus
3119 4457 3334 4511 unicui-

1763 4566 1867 4623 que
1893 4553 2263 4619 perspicuum.
2293 4552 2474 4618 Quare
2503 4552 2801 4624 discipulos
2838 4553 2909 4606 ita
2941 4551 3226 4619 loquentes
3258 4546 3336 4600 fa-

1763 4648 1915 4704 ciunt
1941 4669 1953 4705 :
1985 4648 2085 4704 Uoi
2112 4650 2185 4702 vis
2215 4666 2461 4719 paremus
2486 4650 2582 4703 tibi
2613 4650 2878 4704 comedere
2909 4646 3149 4716 pascha?
3180 4644 3337 4698 Chri—

1766 4752 1912 4799 stum
1944 4760 2075 4799 vero
2098 4743 2165 4798 ad
2200 4759 2264 4797 ea
2294 4742 2707 4812 respondentem
2735 4760 2747 4796 :
2776 4739 3027 4809 Nunquid
3061 4736 3337 4791 desiderio

1763 4835 2071 4892 desideravi
2100 4835 2385 4890 comedere
2413 4849 2634 4889 carnem
2665 4834 2766 4887 hoc
2791 4832 2991 4903 pascha
3014 4829 3336 4883 vobiscum?

1761 4929 1929 4999 Atqui
1961 4928 2120 4983 facile
2163 4935 2247 4985 est
2286 4928 2606 4983 sceleratam
2642 4926 2781 4979 hanc
2835 4926 3050 4980 illorum
3083 4923 3334 4979 fraudem

1763 5019 2035 5089 detegere,
2073 5034 2195 5074 cum
2232 5033 2294 5073 ea
2330 5032 2451 5088 quas
2478 5024 2785 5087 sequuntur
2821 5026 3004 5087 aperte
3033 5017 3334 5078 clamitent,

1770 5111 1929 5163 ambo
1956 5124 2079 5165 esse
2111 5108 2379 5164 elementa
2426 5121 2710 5177 perperam
2756 5106 2961 5171 addita,
2995 5107 3244 5161 videlicet
3297 5120 3336 5172 μ

1766 5209 1821 5258 ει
1850 5221 1905 5273 η.
1940 5200 2073 5254 Nam
2107 5216 2207 5270 pro
2236 5216 2304 5256 eo
2352 5200 2496 5270 quod
2531 5208 2635 5265 est,
2676 5199 2946 5255 desiderio
2999 5197 3333 5259 desideravi,

1744 5294 1877 5360 iisti,
1938 5295 2044 5366 μή,
2103 5293 2159 5348 id
2215 5300 2338 5358 est,
2395 5310 2541 5358 num,
2589 5293 2903 5347 adverbium
2950 5291 3332 5360 adjunxerunt.

127 5458 352 5515 ‘Joan.
396 5474 515 5521 xm,
545 5458 578 5513 6
606 5475 727 5529 sqq.
772 5457 811 5529 _’
854 5457 957 5511 lsa.
992 5472 1158 5529 xm,
1182 5454 1267 5511 l5.
1334 5452 1354 5482 ³
1381 5452 1486 5508 lsa.
1516 5467 1667 5520 xxix,
1700 5451 1805 5519 15;
1839 5450 2028 5508 Matth.
2061 5468 2149 5519 xv,
2183 5451 2236 5518 8,
2264 5451 2316 5508 9.
2377 5450 2398 5482 ⁵
2420 5448 2587 5508 Marc.
2614 5464 2712 5519 vtt,
2742 5448 2798 5504 8.
2850 5450 2870 5483 '
2904 5446 3092 5503 Matth.
3128 5464 3217 5516 xv,
3243 5446 3335 5500 20.

53 5530 72 5560 '
105 5529 507 5599 Matth.;xxvr,
550 5527 666 5585 17(
695 5527 733 5560 θ’
766 5527 897 5583 an.
935 5542 1066 5589 χχιι,
1100 5528 1184 5583 15.

119 5641 239 5713 (37)
283 5641 413 5697 Καὶ
445 5640 524 5707 τῷ
541 5638 899 5711 βουλομένῳ
921 5640 1029 5707 τὰς
1050 5640 1269 5712 χεζοας.
1311 5638 1452 5711 Lege
1481 5635 1557 5708 τῷ
1589 5634 1665 5707 μὴ
1698 5634 2022 5708 βουλομένῳ.
