3760 6176
405 191 510 248 U3

1797 225 1801 230 -
1825 192 1882 246 S.
1923 186 2264 245 EPIPIIANII

3581 195 3680 251 ἐϋ

405 311 658 365 Christus
681 325 849 381 porro
879 309 1163 366 verissime
1193 309 1350 375 dixit,
1383 309 1656 366 Desiderio
1690 309 1890 366 desidet

2191 327 2221 361 ν
2240 313 2369 379 μεθ’
2401 296 2588 381 ὑμῶν.
2635 313 2797 365 Αὐτοὶ
2823 312 2878 365 δὲ
2897 352 2912 375 ,
2945 311 3348 382 ἐπιγράψαντες
3382 313 3442 365 τὸ
3483 313 3676 381 κρέας,

405 403 502 456 hoc
543 404 741 472 pascha
793 403 1113 457 manducare
1166 405 1449 457 vobiscum.
1505 403 1715 470 Quibus
1770 404 1993 473 insuper

408 495 733 548 vocabulum
785 495 913 558 hoc,
949 512 1181 558 carnem,
1225 495 1576 558 addiderunt,
1633 511 1799 565 seque
1842 496 1992 564 ipsos

411 585 718 640 miserrime
766 587 1120 655 deceperuut,
1162 602 1285 640 cum
1339 603 1435 656 per
1489 602 1762 640 summum
1812 586 1992 640 scelus

419 679 721 734 adulterata
764 680 1044 749 Scriptura
1095 680 1238 734 hunc
1271 681 1323 733 in
1373 681 1592 734 modum
1637 681 1988 734 extulerunt:

417 769 562 823 Num
586 773 844 824 desiderio
885 771 1180 826 desideravi
1220 774 1316 826 lioc
1353 773 1551 840 pascha
1589 789 1800 826 carnem
1847 790 1992 825 man-

409 861 607 917 ducare
654 864 957 920 vobiscum?
1007 867 1170 935 Atqui
1229 866 1406 935 palam
1464 865 1596 918 illud
1657 865 1989 930 ostenditur,

407 949 690 1007 Christum
730 954 1014 1008 Dominum
1050 966 1103 1010 et
1153 957 1352 1024 pascha
1399 956 1728 1020 celebrasse,
1767 963 1821 1010 et
1871 972 1991 1010 car-

408 1059 509 1098 nes
553 1046 756 1110 edisse,
809 1047 1268 1116 quemadmodum
1325 1047 1457 1101 diti.
1509 1045 1778 1102 Praeterea
1829 1063 1893 1101 ex
1927 1063 1992 1102 eo

408 1139 528 1192 viso
563 1146 796 1208 possunt
829 1140 1102 1206 redargui,
1136 1139 1279 1209 quod
1328 1140 1486 1193 beato
1525 1138 1686 1192 Petro
1719 1148 1993 1194 monstra-

408 1235 524 1280 tum
551 1236 670 1294 est;
705 1243 830 1281 cum
880 1229 1107 1282 linteum
1149 1229 1275 1281 illud
1321 1227 1552 1295 aspexit,
1607 1227 1660 1279 in
1701 1242 1810 1296 quo
1845 1227 1990 1280 lera-

407 1334 529 1373 rum
562 1334 625 1373 ac
665 1321 934 1388 pecudum
971 1327 1023 1374 ct
1058 1321 1329 1389 reptilium
1383 1335 1446 1373 ac
1476 1319 1755 1372 volucrum
1791 1334 1990 1390 genera

409 1412 595 1465 omnia
628 1412 1070 1467 continebantur.
1108 1414 1420 1467 Secundum
1464 1429 1586 1482 qua:
1631 1412 1721 1466 Dei
1767 1414 1855 1466 illa
1886 1427 1988 1465 vox

407 1513 493 1558 est
543 1500 749 1558 audita.
792 1503 978 1575 Surge,
1006 1506 1202 1571 occide,
1245 1515 1293 1559 et
1342 1510 1625 1559 manduca.
1683 1505 1838 1577 147
1885 1504 1992 1558 He-

408 1594 714 1662 spoudente
765 1594 923 1650 Petro
953 1614 965 1650 :
1001 1597 1153 1648 Absit
1199 1596 1460 1649 Domine:
1490 1596 1621 1648 nihil
1657 1597 1793 1650 enim
1842 1612 1987 1649 com-

410 1702 564 1739 mune
596 1690 672 1740 vel
697 1687 1029 1740 immundum
1058 1688 1274 1740 intravit
1304 1688 1356 1740 in
1385 1704 1443 1740 os
1476 1702 1682 1749 meum;
1726 1687 1987 1740 Dominus

410 1779 644 1848 subjecit
683 1797 695 1830 :
733 1780 884 1844 Quod
937 1779 1075 1833 Deus
1126 1781 1448 1848 puriﬁcavit,
1502 1789 1558 1831 tu
1607 1795 1878 1832 commune
1929 1795 1990 1831 ne

409 1871 610 1924 dixeris
638 1872 676 1922 ί.
713 1870 992 1940 Siquidem
1028 1882 1259 1941 utroque
1297 1871 1458 1926 modo
1489 1871 1802 1926 confirmari
1847 1871 1989 1925 veri-

411 1970 498 2015 tas
531 1968 728 2030 potest.
774 1962 902 2016 Sive
935 1960 1079 2016 enim
1128 1963 1392 2026 dixerint,
1429 1962 1494 2016 ad
1527 1962 1708 2016 omnia
1734 1962 1988 2016 esculen-

411 2060 591 2106 torum
644 2067 840 2122 genera
889 2051 1035 2107 Petri
1080 2052 1287 2107 dictum
1342 2053 1470 2106 illud
1521 2054 1813 2122 pertinere.
1864 2067 1987 2106 cum

411 2142 566 2206 dicit,
606 2141 756 2196 Nihil
781 2160 1011 2213 unquam
1035 2160 1306 2198 commune
1344 2145 1420 2198 vel
1453 2144 1817 2208 immundum;
1849 2152 1909 2198 ut
1937 2150 1990 2200 et

410 2233 601 2299 boves,
650 2250 868 2304 capras,
899 2249 1029 2290 oves
1089 2251 1151 2291 ac
1197 2238 1444 2293 volucres
1496 2252 1816 2292 communes
1869 2252 1993 2293 esse

413 2327 666 2392 voluerit,
697 2329 880 2382 statim
924 2329 1048 2385 illos
1078 2330 1226 2399 prior
1257 2329 1376 2398 ejus
1401 2329 1613 2384 vivendi
1658 2330 1797 2384 ratio
1827 2329 1993 2383 refel-

413 2419 494 2474 lit.
531 2421 701 2474 Ducta
737 2422 938 2492 quippe
973 2422 1084 2491 jam
1133 2437 1303 2476 uxore
1330 2437 1454 2476 cum
1501 2431 1552 2477 et
1586 2423 1787 2479 liberos
1825 2423 1992 2477 habe-

414 2519 496 2565 ret
527 2519 580 2565 et
630 2528 872 2578 socrum,
925 2529 954 2566 a
999 2513 1312 2568 Judaeorum
1360 2515 1699 2570 caeremoniis
1751 2531 1872 2570 sesc
1923 2515 1990 2569 ad

411 2602 688 2658 Christum
724 2606 1051 2675 aggregavit.
1088 2606 1155 2658 At
1181 2605 1350 2659 Judaei
1383 2607 1642 2662 carnibus
1672 2617 1989 2673 vescuntur,

411 2709 513 2750 nec
570 2710 757 2749 earum
817 2711 952 2751 usus
1003 2697 1145 2766 apud
1199 2698 1320 2752 illos
1369 2698 1726 2752 exsecrabilis
1767 2710 1851 2754 est
1900 2707 1994 2752 aut

415 2785 742 2856 prohibitus.
769 2787 902 2839 Cum
936 2787 1100 2854 igitur
1124 2786 1281 2841 initio
1312 2789 1569 2854 carnibus
1601 2796 1867 2851 uteretur,
1887 2790 1996 2844 sal-

415 2886 520 2930 tem
552 2877 620 2930 ad
655 2877 706 2930 id
741 2894 914 2946 usque
952 2887 1188 2948 tempus,
1222 2895 1330 2948 quo
1365 2881 1420 2933 in
1472 2881 1750 2936 Christum
1814 2883 1994 2937 Domi-

2095 402 2320 466 ἑαυτοὺς
2353 403 2685 474 ὲπλάνησαν,
2723 405 3217 476 ῥᾳδιουργήσαντες
3249 405 3342 458 καὶ
3394 407 3675 468 εἰπό·.ν’;ες’

2093 492 2150 546 Μ
2160 493 2192 560 ὴ
2227 494 2513 563 ,ἐπιθυμίᾳ
2543 497 2896 566 ἐπεθύμησα
2933 497 3108 551 τοῦτο
3146 498 3212 550 τὸ
3251 498 3465 566 πάσχα
3506 501 3680 567 κρέας

2092 584 2306 652 φαγεῖν
2346 587 2474 653 μεθ’
2509 585 2712 655 ὐμῶγ;
2759 587 2953 656 Σαφῶς
3008 588 3063 641 δὲ
3117 589 3410 650 δείκνυται,
3465 593 3553 643 ὅτι
3592 592 3682 642 καὶ

2098 675 2283 745 πάσχα
2315 677 2625 741 ἐπετέλεσε,
2657 680 2750 731 καὶ
2783 679 2924 749 κρέα
2949 679 3248 750 βέϐρωκεν,
3281 681 3356 739 ὡς
3392 685 3678 751 προεῖπον.

2107 765 2265 818 Ἀλλὰ
2326 768 2418 820 καὶ
2467 768 2576 822 ἀπὸ
2625 769 2719 821 τοῦ
2769 772 3046 841 ὁράματος
3113 772 3538 842 ἐλεγχθήσονται
3589 773 3678 825 to".

2094 856 2572 926 ἀποκαλυφθέντος
2602 858 2679 929 τῷ
2717 861 2857 930 ἁγίῳ
2901 861 3094 932 Πέτρῳ
3122 862 3210 914 διὰ
3237 865 3335 932 τῆς
3363 863 3561 933 ὀθόνης
3589 866 3679 933 τῆς

2093 949 2320 1020 ἐχούσης
2351 949 2527 1003 πάντα
2560 953 2616 1004 ἐν
2661 953 2796 1023 αὐτῇ
2832 953 2996 1025 θηρία
3023 971 3082 1006 τε
3115 956 3208 1008 καὶ
3244 958 3438 1027 κτήνη,
3474 958 3678 1025 ἑρπετὰ

2093 1041 2187 1094 καὶ
2236 1042 2479 1106 πετεινὰ,
2528 1043 2623 1096 καὶ
2678 1043 2863 1113 φωνῆς
2905 1045 3110 1116 Κυρίου
3156 1045 3440 1116 λεγούσης,
3515 1048 3678 1098 Ἀνα-

2092 1133 2262 1198 στὰς,
2298 1134 2508 1199 θῦσον,
2546 1135 2643 1186 καὶ
2671 1134 2840 1203 φάγε.
2879 1136 2990 1188 Καὶ
3019 1135 3111 1189 τοῦ
3144 1137 3353 1206 Πέτρου
3391 1138 3675 1204 λέγοντος·

2094 1223 2413 1294 Μηδαμῶς,
2438 1227 2616 1292 Κύριε
2639 1241 2656 1258 ο
2687 1225 2869 1278 οὐδὲν
2894 1227 3100 1281 κοινὸν
3125 1227 3163 1294 ἢ
3185 1229 3533 1295 ἀκάθαρτον
3559 1232 3676 1280 εισ-

2091 1318 2279 1385 ἦλθεν
2321 1320 2407 1382 εἰς
2448 1317 2516 1371 τὸ
2561 1320 2756 1386 στόμα
2782 1335 2937 1386 μουο
2987 1321 3151 1388 φησιν
3181 1321 3209 1371 6
3239 1319 3482 1388 Κύριος·
3533 1323 3603 1375 ’Δ
3653 1326 3678 1374 έ

2096 1408 2239 1473 Θεὸς
2267 1408 2601 1477 ἐκαθάρισε,
2653 1409 2734 1462 σὺ
2767 1408 2854 1478 μὴ
2898 1411 3124 1463 κοίνου.
3169 1410 3546 1480 Εὑρεθήσεται
3576 1413 3676 1482 γὰρ

2095 1501 2158 1552 ἐκ
2186 1499 2277 1553 δύο
2315 1501 2532 1571 τρόπων
2557 1501 2658 1570 τῆς
2685 1500 2942 1570 ἀληθείας
2969 1504 3001 1571 ἡ
3039 1501 3316 1564 σύστασις.
3348 1502 3408 1554 ΕΞ
3445 1504 3553 1572 μὲν
3578 1507 3676 1572 γὰρ

2094 1589 2277 1660 ἐροῦσι
2313 1590 2451 1643 κατὰ
2495 1591 2710 1644 πάντων
2763 1591 3067 1662 βρωμάτων
3107 1591 3551 1662 διεξεληλυθέναι
3604 1594 3678 1643 λό-

2092 1697 2187 1749 γον
2217 1681 2308 1733 τὸν
2344 1681 2496 1748 ἆγιον
2529 1682 2752 1752 Πέτρον,
2777 1683 2870 1735 καὶ
2904 1682 3101 1750 λέγειν,
3127 1684 3215 1736 ὅτι·
3230 1684 3540 1736 Οὐδέποτε
3570 1701 3678 1735 zot-

2091 1771 2203 1826 νὸν
2245 1772 2283 1839 ἦ
2333 1771 2690 1841 ἀκάθαρτον.
2741 1773 2815 1836 ὡς
2865 1775 2955 1826 καὶ
3005 1774 3152 1843 βόας,
3195 1775 3289 1827 καὶ
3344 1771 3541 1842 αἶγας,
3598 1778 3680 1828 καὶ

2093 1864 2360 1936 πρόϐατα,
2415 1866 2508 1918 καὶ
2556 1865 2754 1935 ὄρνεις,
2791 1866 2945 1919 κοινὰ
2997 1865 3252 1935 λέγεσθαι
3303 1868 3432 1938 παρ’
3491 1867 3676 1937 αὑτῷ.

2093 1956 2254 2019 εὐθὺς
2284 1956 2702 2028 ἐλεγχθήσονται
2751 1960 2816 2010 ὲκ
2856 1960 2956 2027 τῆς
3006 1960 3277 2030 προτέρας
3324 1961 3497 2012 αὑτοῦ
3553 1963 3678 2013 ἀνι-

2095 2048 2350 2118 στροφῆς.
2397 2047 2551 2100 Μετὰ
2579 2047 2688 2120 γὰρ
2716 2048 2776 2101 τὸ
2809 2050 2984 2119 γῆμαι
3025 2051 3117 2103 καὶ
3150 2051 3311 2104 τέκνα
3357 2051 3677 2120 κεκτῆσθαι,

2094 2140 2188 2192 καὶ
2222 2141 2485 2212 πενθεράν
2535 2141 2699 2211 ἔχειν,
2738 2142 2992 2212 συνέτυχε
3043 2143 3121 2210 τῷ
3169 2144 3384 2215 Σωτῆρι
3433 2145 3501 2208 ἐξ
3563 2147 3680 2196 Ἰου-

2095 2233 2260 2287 δαίων
2292 2232 2629 2306 ὁρμώμενος.
2676 2234 2915 2286 Ἰουδαῖοι
2949 2235 3004 2287 δὲ
3039 2236 3133 2287 καὶ
3177 2237 3387 2305 σάρκας
3414 2235 3678 2299 ἐσθίουσι,

2094 2327 2187 2379 καὶ
2238 2325 2557 2396 κρεωφαγία
2608 2327 2735 2395 παρ’
2790 2326 2971 2388 αὐτοῖς
3026 2326 3125 2377 οὐκ
3175 2326 3529 2390 ἐϐδέλυκται,
3577 2328 3680 2378 οἱὲ

2094 2419 2487 2490 ἀπηγόρευται.
2559 2419 2703 2488 Ἀρά
2771 2417 2901 2485 γοῦν
2959 2416 3121 2469 αὐτοῦ
3181 2416 3533 2487 βεϐρωκότος
3602 2419 3680 2469 ἀπ’

2095 2509 2289 2580 ἀρχῆς,
2335 2511 2384 2561 εί
2432 2510 2526 2562 καὶ
2572 2509 2677 2571 ἕως
2718 2507 2811 2561 τοῦ
2862 2508 3189 2578 συναντῆσαι
3237 2508 3313 2578 τῷ
3353 2509 3584 2578 Σωτῆρι
3613 2508 3680 2560 εἴ.

2096 2603 2250 2670 ποιμ’
2310 2600 2397 2665 ἂν,
2449 2600 2822 2670 δειχθήσεται,
2869 2601 2950 2652 ὅτι
2995 2598 3145 2653 οὐδὲν
3201 2600 3380 2653 κοινὸν
3435 2601 3684 2671 ἡγήσατο

2094 2692 2202 2745 τῶν
2228 2692 2288 2744 οὐ
2315 2691 2512 2746 κοινῶν
2555 2692 2882 2762 λεγομένων.
2919 2693 3028 2744 Καὶ
3061 2693 3169 2763 γὰρ
3193 2693 3254 2744 οὗ
3297 2691 3437 2744 κατὰ
3468 2692 3682 2743 πάντων

2095 2785 2382 2855 διεξήγαγε
2414 2784 2476 2837 τό
2525 2785 2700 2838 κοινὸν
2746 2785 2839 2837 καὶ
2885 2783 3212 2854 ἀκάθαρτον,
3250 2783 3388 2835 ἀλλὰ
3435 2782 3578 2851 ⁸περὶ
3621 2782 3684 2833 ὧν

2099 2877 2281 2946 ἔλεγεν
2329 2879 2358 2928 6
2399 2877 2562 2947 νόμος
2613 2875 2807 2929 κοινῶν
2858 2875 2953 2928 καὶ
3002 2875 3346 2945 ἀκαθάρτων.
3409 2873 3595 2925 Πάλιν
3636 2875 3682 2924 δὲ

413 2982 544 3020 num
587 2967 796 3031 incidit,
829 2967 1177 3022 manifestum
1206 2976 1290 3021 est
1316 2968 1449 3021 nihil
1478 2970 1650 3032 illum,
1679 2972 1823 3040 quod
1853 2988 1898 3026 et

2199 2992 2289 3027 του
2327 2973 2652 3043 δειχθέντος,
2690 2973 2770 3024 ὅτι
2820 2970 2880 3023 οὐ
2930 2971 3058 3038 περὶ
3109 2971 3324 3023 πάντων
3366 2967 3480 3019 τῶν
3519 2968 3683 3037 κρέων

413 3073 578 3112 mune
612 3075 720 3112 non
749 3067 917 3125 esset,
953 3074 1052 3128 pro
1085 3063 1361 3114 communi
1386 3061 1642 3116 habuisse
1673 3080 1686 3116 :
1725 3078 1832 3116 non
1855 3065 1997 3118 enim

414 3164 606 3203 omnes
623 3149 776 3203 cibos
799 3151 1105 3206 communis
1133 3151 1507 3223 immundique
1536 3169 1668 3208 voce
1684 3157 2000 3224 complexus

413 3250 520 3305 est,
554 3243 647 3296 sed
682 3257 821 3311 quos
843 3243 1110 3312 ejusmodi
1138 3259 1260 3300 esse
1279 3245 1363 3299 lex
1388 3245 1503 3315 ipsa
1527 3246 1833 3300 deﬁnierat.
1862 3247 1998 3302 Cum

416 3334 586 3404 igitur
609 3343 843 3397 constet,
864 3351 968 3389 non
989 3336 1055 3391 de
1084 3337 1230 3390 omni
1249 3339 1496 3391 carnium
1532 3355 1727 3408 genere
1759 3340 1998 3393 locutum

415 3441 538 3480 esse
560 3425 802 3490 Petrum,
827 3434 883 3480 ut
900 3443 1088 3482 omnes
1105 3444 1226 3482 esse
1247 3434 1562 3485 communes
1580 3431 1804 3495 diceret,
1821 3432 1912 3486 sed
1936 3432 2003 3486 de

419 3517 486 3570 iis
510 3533 646 3586 quas
669 3533 792 3572 esse
823 3534 1140 3572 communes
1175 3520 1590 3586 immundasque
1623 3523 1708 3576 lex
1736 3525 2000 3587 edixerat,

419 3606 566 3662 Deus
582 3616 784 3662 sancta:
799 3610 1002 3664 Christi
1026 3610 1281 3665 Ecclesia:
1303 3621 1485 3666 notam
1511 3612 1851 3684 formamque
1874 3632 2006 3685 prae-

420 3701 688 3767 scribens,
723 3717 1011 3756 commune
1043 3702 1342 3779 quidquam
1386 3706 1656 3774 appellare
1703 3709 2000 3777 prohibuit.

419 3790 615 3845 Omnia
639 3791 838 3860 quippe
871 3807 1003 3861 pura
1028 3801 1177 3856 sunt,
1210 3794 1254 3848 si
1281 3809 1405 3848 cum
1437 3796 1651 3851 actione
1673 3799 1998 3866 gratiarum,

419 3881 628 3952 Deique
659 3883 1036 3939 benedictione
1063 3895 1371 3940 sumantur.
1392 3885 1536 3952 Quin
1567 3890 1730 3944 etiam
1765 3892 2006 3946 vocatio-

420 3991 543 4030 nem
573 3976 812 4046 gentium
846 3977 1018 4030 visum
1044 3978 1172 4032 illud
1202 3979 1584 4047 adumbrabat,
1633 3997 1701 4036 ne
1736 3985 2001 4052 praeputio

421 4067 676 4137 praeditos
731 4083 1049 4123 communes
1106 4070 1459 4139 impurosque
1515 4082 1783 4128 censeret.
1815 4075 2002 4140 Quan—

2104 3066 2253 3137 αὑτῴ
2294 3065 2499 3134 ἔλεγεν,
2533 3065 2608 3127 ὡς
2653 3063 2846 3118 κοινῶν
2880 3065 3097 3115 πάντων
3142 3062 3332 3122 όντων,
3383 3060 3533 3112 ἀλλὰ
3570 3064 3683 3128 περὶ

2104 3160 2212 3214 τῶν
2253 3161 2311 3212 ἑν
2362 3157 2440 3230 τῷ
2485 3159 2632 3229 νόμῳ
2662 3157 2857 3210 κοινῶν
2891 3173 2948 3208 τε
2993 3156 3087 3207 καὶ
3117 3154 3471 3226 ἀκαθάρτων,
3506 3154 3538 3204 ὁ
3568 3154 3686 3213 Θεὸς

2103 3254 2201 3324 τῆς
2232 3253 2394 3322 ἁγίας
2441 3251 2676 3322 Χριστοῦ
2721 3249 3050 3318 Ἐκκλησίας
3095 3248 3186 3300 τὸν
3231 3247 3568 3317 χαρακτῆρα
3597 3263 3684 3298 πει-

2109 3347 2370 3419 ραδιδοὺς,
2404 3345 2585 3412 ἔλεγεν
2618 3340 2766 3411 αὐτῷ
2799 3340 2962 3411 μηδὲν
2998 3338 3172 3392 κοινὸν
3197 3336 3472 3408 ἡγεῖσθαι.
3513 3335 3685 3387 Πάντα

2104 3439 2213 3510 γάρ
2253 3441 2367 3491 ἐστι
2417 3436 2652 3506 καθαρὰ,
2706 3433 2842 3505 μετὰ
2888 3429 3234 3502 εὐχαριστίας
3289 3429 3383 3480 καὶ
3435 3428 3684 3492 εὐλογὲις

2105 3528 2239 3582 Θεοῦ
2288 3527 2693 3598 λαμϐανόμενα.
2767 3521 2926 3575 Ἀλλὰ
2982 3522 3074 3575 καὶ
3125 3519 3387 3590 περὶτῆς
3447 3518 3686 3586 κλήσεως

2104 3623 2214 3677 τῶν
2247 3621 2413 3675 ἐθνῶν
2446 3620 2506 3672 τὸ
2537 3619 2765 3686 αἴνιγμα
2797 3613 2960 3685 εἶχεν,
3003 3615 3091 3666 ἴνα
3129 3613 3202 3682 μὴ
3241 3611 3530 3681 ἡγήσηται
3575 3610 3685 3666 τοὶς

2107 3715 2166 3768 ὲν
2190 3710 2524 3784 ἀκροϐυστίᾳ
2550 3709 2759 3770 κοινοὺς
2787 3707 2818 3777 ἢ
2849 3705 3212 3776 ἀκαθάρτους.
3232 3704 3424 3772 Ὅμως
3460 3704 3494 3771 ὴ
3528 3702 3682 3769 ἔμει-

2110 3822 2194 3868 σις
2223 3803 2316 3856 τοῦ
2345 3803 2552 3873 Πέτρου
2589 3801 2646 3853 οὐ
2670 3800 2797 3870 περὶ
2827 3796 3112 3868 ἀνθρώπου
3144 3793 3256 3865 εἶχε
3281 3795 3382 3864 τὴν
3411 3794 3681 3848 ὑπόνοιαν,

2107 3895 2244 3950 ἀλλὰ
2280 3895 2407 3966 περὶ
2433 3893 2541 3946 τῶν
2571 3894 2629 3944 ὲν
2669 3890 2746 3960 τῷ
2778 3889 2927 3960 νόμῳ
2960 3887 3448 3958 ἀπηγορευμένων,
3604 3884 3682 3934 21':

2110 3987 2272 4040 παντί
2300 4003 2378 4056 τῳ
2407 3983 2574 4051 σαφὲς
2603 3982 2667 4034 ἂν
2703 3981 2786 4052 εἴη
2809 3996 2822 4010 ·
2857 3980 2952 4033 καὶ
2985 3979 3240 4042 ἐξέπεσεν
3274 3975 3457 4029 αὐτῶν
3495 3989 3684 4026 invn-

2109 4080 2266 4152 χόθεν
2303 4080 2330 4131 6
2367 4074 2615 4146 ληρώδης
2643 4073 2818 4138 λόγος.

422 4172 582 4225 quam
612 4157 825 4226 objecta
859 4159 949 4212 illa
977 4157 1139 4213 Petro
1155 4161 1366 4229 species
1389 4177 1493 4215 non
1521 4163 1588 4217 ad
1621 4166 2006 4236 signiﬁcandos
2023 4177 2293 4234 homines,
2312 4169 2404 4226 sed
2425 4168 2489 4222 ad
2524 4182 2586 4221 ea
2602 4181 2720 4236 qua:
2753 4165 2866 4234 lege
2884 4171 3038 4216 erant
3065 4160 3359 4214 interdicta
3380 4156 3682 4228 spectabat;

423 4249 478 4302 id
508 4250 652 4320 quod
679 4263 928 4306 constare
956 4252 1178 4306 cuilibet
1201 4261 1396 4322 potest.
1440 4255 1514 4308 Ita
1548 4259 1786 4328 undique
1819 4271 2105 4335 nugatoria
2138 4283 2200 4320 ac
2243 4264 2378 4319 levis
2412 4262 2630 4315 illorum
2664 4256 2850 4326 opinio
2884 4253 3139 4308 concidat
3172 4265 3401 4304 necesse
3427 4257 3538 4303 est.

494 4348 680 4404 XXIII.
733 4349 894 4403 Iidem
958 4353 1326 4421 apostolorum
1388 4355 1643 4423 nomina,
1708 4373 1815 4427 quo
1865 4361 1979 4416 laci-

2200 4362 2312 4416 KI".
2361 4359 2480 4412 Τῶν
2512 4357 2568 4409 δὲ
2603 4353 2913 4409 ἀποστόλων
2958 4350 3026 4403 τὰ
3053 4350 3297 4418 ὀνόματα
3331 4349 3409 4408 είς
3456 4346 3556 4416 τὴν
3592 4343 3685 4394 τὺκ

423 4444 529 4499 lius
555 4452 851 4500 sectatores
875 4459 1004 4500 suos
1029 4445 1326 4514 pelliciant,
1353 4461 1447 4516 per
1470 4447 1876 4506 simulationem
1910 4455 2008 4509 ad-

423 4539 668 4602 mittunt,
700 4538 899 4608 quibus
943 4537 1107 4591 etiam
1152 4538 1414 4594 conlictos
1453 4543 1715 4608 quosdam
1759 4560 1789 4596 a
1839 4563 1896 4602 se
1943 4547 2009 4601 li—

423 4630 554 4684 bros
587 4629 916 4694 inscribunt,
972 4630 1118 4684 velut
1158 4645 1188 4682 a
1221 4628 1447 4697 Iacobo,
1481 4631 1755 4700 Matthaeo,
1787 4653 1850 4692 ac
1884 4639 2013 4692 reli-

427 4722 552 4790 quis
599 4721 885 4791 discipulis
936 4721 1132 4775 editos.
1200 4720 1344 4776 Inter
1400 4739 1519 4792 qua:
1565 4725 1793 4782 Joannis
1849 4729 2012 4782 etiam

429 4809 660 4876 apostoli
707 4825 906 4862 nomen
961 4809 1296 4873 admiscent,
1347 4828 1456 4880 quo
1513 4831 1701 4869 eorum
1761 4817 2015 4872 vecordia

428 4902 602 4969 possit
629 4915 694 4954 ex
737 4902 883 4955 omni
928 4909 1080 4970 parte
1121 4901 1474 4972 deprehendi.
1515 4906 1646 4961 Nam
1687 4925 1792 4964 non
1826 4926 1891 4965 eo
1925 4927 2020 4965 so-

431 4993 544 5046 lum
574 4993 697 5046 illos
728 4994 924 5063 arguit,
956 4993 1098 5063 quod
1132 4995 1266 5048 dixit
1293 5016 1306 5052 :
1345 4997 1412 5052 In
1443 5001 1701 5070 principio
1733 5014 1846 5056 erat
1892 5003 2017 5058 Ver-

433 5084 577 5145 bum,
607 5093 656 5137 ct
694 5085 918 5140 Verbum
950 5098 1063 5141 erat
1093 5092 1232 5162 apud
1264 5091 1450 5151 Deum,
1487 5104 1537 5148 et
1573 5095 1709 5148 Deus
1739 5107 1852 5150 erat
1888 5097 2016 5151 Ver-

435 5175 557 5240 bum
587 5177 607 5206 ¹
646 5194 658 5230 :
697 5192 882 5231 verum
933 5180 1096 5235 etiam
1147 5183 1289 5251 quod
1339 5185 1538 5253 quibus
1576 5187 1735 5258 148
1787 5189 1839 5241 in
1882 5189 2016 5243 locis

433 5267 610 5323 sancti
644 5268 880 5338 Spiritus
917 5271 1177 5327 instinctu
1218 5291 1336 5344 quae
1367 5292 1397 5328 a
1440 5277 1656 5333 Christo
1693 5279 1921 5335 Domino
1950 5281 2017 5335 de
2078 5267 2082 5272 ’

436 5359 679 5429 quolibet
719 5372 1038 5431 argumento
1073 5367 1280 5436 prolata
1332 5377 1481 5434 sunt,
1530 5380 1785 5428 accurate
1831 5389 2020 5443 prose-

433 5453 668 5524 quitur;
728 5453 1035 5510 divinorum
1092 5459 1479 5529 praphetarum
1537 5464 1863 5520 testimoniis
1916 5467 2022 5520 uti-

515 5615 532 5647 ¹
564 5614 684 5673 Act.
721 5633 773 5680 χ,
806 5619 867 5673 I3
893 5635 1014 5690 sqq.
1092 5621 1110 5651 ²
1146 5618 1303 5674 .Ioau.
1340 5635 1378 5684 ι,
1422 5618 1467 5671 l.

2112 4452 2480 4526 ἠπατημένων
2515 4449 2604 4501 ὑπ’
2641 4445 2820 4500 αὐτῶν
2862 4442 3035 4496 πειθὼ
3081 4439 3470 4512 προσποιητῶς
3514 4439 3683 4506 δέχον-

2113 4563 2222 4608 ται,
2257 4543 2472 4615 βίϐλους
2514 4558 2573 4593 τε
2609 4538 2667 4604 ἐξ
2711 4538 2973 4608 ὀνόματος
3015 4533 3192 4588 αὐτῶν
3225 4532 3566 4601 πλασάμενοι
3605 4532 3683 4581 ἀνι

2114 4637 2442 4708 εγράψαντο,
2471 4633 2627 4702 δῆθεν
2658 4631 2764 4685 ἀπὸ
2797 4626 3088 4699 προσώπου
3117 4623 3399 4686 Ἰακώϐου,
3420 4623 3516 4674 καὶ
3547 4622 3680 4674 Ματ-

2119 4727 2270 4780 θαίου
2291 4768 2305 4793 ,
2340 4726 2432 4779 καὶ
2474 4723 2647 4778 ἄλλων
2689 4718 2967 4792 μαθητῶν.
3001 4717 3090 4769 Ἐν
3125 4710 3207 4778 οἷς
3255 4715 3484 4782 ὀνόμασι
3521 4711 3612 4764 καὶ
3638 4712 3682 4759 τὲ

2119 4818 2286 4888 ὄνομα
2324 4815 2570 4868 Ἰωάννου
2604 4811 2699 4865 τοῦ
2741 4808 3036 4863 ἀποστόλου
3083 4805 3582 4874 ὲγκαταλέγουςιν,
3617 4803 3684 4852 ἵνα

2121 4907 2457 4979 πανταχόθεν
2487 4904 2712 4977 φωρατὴ
2741 4903 2967 4972 γένηται
3003 4901 3036 4971 ἠ
3076 4897 3258 4952 αὐτῶν
3289 4898 3461 4951 ἄνοια.
3497 4896 3573 4948 Οὐ
3607 4895 3685 4962 μί-

2120 5021 2210 5058 νον
2239 5001 2347 5072 γὰρ
2381 4999 2591 5070 ἐλέγχει
2625 4997 2822 5056 αὐτοὺς
2862 4993 3003 5048 κατὰ
3044 4993 3225 5045 πάντα,
3258 4991 3480 5060 τρόπον,
3511 4987 3684 5053 λέγων,

2121 5097 2202 5150 ὅτι
2253 5097 2349 5148 Ἐν
2382 5091 2541 5164 ἀρχῇ
2576 5088 2654 5162 ἦν
2700 5095 2732 5144 o'
2777 5091 2988 5159 Λόγος,
3025 5085 3125 5140 καὶ
3164 5088 3197 5139 ὁ
3239 5085 3428 5152 Λόγος
3453 5078 3534 5148 ἦν
3559 5079 3686 5146 πρῖε

2122 5189 2230 5241 τὸν
2261 5185 2430 5250 Θεὸν,
2468 5183 2565 5238 καί
2598 5183 2740 5248 Θεὸς
2773 5177 2853 5250 ἧν
2882 5183 2914 5234 ό
2940 5180 3130 5247 Λόγος
3152 5195 3168 5210 ο
3203 5175 3343 5229 ἀλλὰ
3372 5175 3464 5226 καὶ
3500 5173 3580 5223 ὅτι
3607 5169 3688 5225 τὰς

2125 5279 2232 5333 τῶν
2259 5279 2430 5348 ἁγίων
2461 5275 2758 5349 προφητῶν
2791 5270 3111 5345 μαρτυρίας,
3146 5269 3204 5320 ἐν
3231 5262 3276 5335 ᾧ
3303 5268 3367 5319 ὲκ
3390 5263 3686 5332 Ilva-331:9;

2129 5371 2283 5440 ἁγίου
2317 5369 2657 5441 ὁρμώμενος,
2689 5368 2781 5421 καὶ
2808 5365 2876 5418 τά
2907 5363 3011 5416 ὑπὸ
3036 5360 3128 5414 τοῦ
3158 5359 3408 5428 Σωτῆρος
3441 5353 3686 5424 simius:

2130 5463 2309 5520 καλῶς
2344 5462 2777 5533 ἁκοιϐολογήσας
2823 5458 2949 5530 περῖ
2996 5455 3235 5530 ἑκάστης
3278 5447 3688 5510 ὑποθέσεως

3494 5647 3544 5692 Ι
