3760 6176
96 249 198 302 us
757 244 1128 300 anvensus
1159 245 1273 300 [LE
1293 243 1512 300 ansas
1555 243 1681 300 LIB.
1728 243 1766 300 l.
1809 243 1973 299 TOM.
2014 243 2076 298 ιι.
2119 276 2186 286 -
2229 245 2502 304 ιιΑειιΕε.
2542 249 2708 308 xxx.
3243 256 3350 316 ita

95 368 172 428 εἰς
216 361 447 433 Χριστὸν
484 361 879 432 πληρωθείσης,
911 361 984 424 ὡς
1015 357 1190 425 εἶπον,
1225 361 1323 425 τὰς
1359 377 1574 432 μαρτυρ

1881 375 1894 422 ;
1945 375 2082 429 quos
2133 362 2207 414 illi
2243 343 2289 414 'a
2342 364 2540 433 seipsis
2598 365 3003 432 abjudicarunt.
3050 365 3163 422 Hoc
3201 372 3346 426 enim

95 457 334 523 ἐξέθετο·
384 455 476 524 ἀφ’
504 447 577 508 ὧν
620 454 914 525 προφητῶν
970 449 1112 507 οὗτοι
1159 454 1382 516 ἑαυτοὺς
1427 453 1580 523 ἀπηλῖ

1863 451 1951 504 tim
2012 453 2164 506 initio
2211 454 2565 520 demonstrat,
2613 456 2876 512 Joannem
2931 458 3228 529 Baptistam
3281 464 3348 518 iis

99 549 346 617 τρίωσαν.
378 545 489 597 Καὶ
521 543 681 607 εὐθὺς
728 543 929 608 ἔδειξεν
949 584 963 607 ,
1001 544 1076 606 ὡς
1108 547 1219 606 τοῖς
1249 543 1384 615 πρὸς
1411 544 1584 596 Ίωάνη

1865 557 1907 596 )S
1928 543 1993 596 ad
2019 559 2077 599 se
2104 543 2361 598 Pharisaei
2400 547 2659 601 miserant
2679 550 3026 618 respondisse
3057 568 3072 604 :
3109 551 3219 622 Ego
3252 569 3350 606 vox

99 639 181 690 τον
213 616 522 704 Βατῖτιστὴν
558 635 662 686 ὑπὸ
707 635 815 687 τῶν
858 635 1169 705 Φαρισαίων
1219 635 1584 703 πεμφθεῖσιν(

1864 636 2050 687 mantis
2090 636 2142 687 in
2173 635 2375 689 deserto
2399 652 2417 689 :
2450 636 2675 707 Dirigite
2717 642 2854 693 viam
2914 641 3128 695 Domini
3175 645 3349 698 :sicut

90 731 180 794 τὸς
209 729 463 799 Ἰωάννης
491 726 862 796 ἀποκρίνεται,
885 725 1080 792 λέγων·
1107 725 1256 792 Ἐγὼ
1279 725 1446 794 ρων-ὴ
1474 725 1575 789 ,βοὶ

1862 728 1897 778 it
1931 725 2105 778 Isaias
2136 727 2384 796 propheta
2415 731 2458 781 ¹.
2491 727 2694 784 Deinde
2739 731 2931 786 iisdem
2969 749 3035 787 ex
3071 735 3347 804 prophetis

90 840 191 886 τος
223 822 292 873 ἐν
335 818 410 887 τῇ
455 817 682 886 ἐρήμῳο
717 819 1020 870 Εὐθύνατε
1064 816 1179 883 τὴν
1235 815 1377 868 ὁδὸν
1424 817 1575 884 Κυρί.

1864 818 1913 870 Id
1962 819 2332 873 testimonium
2382 818 2619 876 Joannes
2679 822 2920 887 adducit,
2973 824 3232 880 nimirum
3283 842 3349 882 ex

89 910 282 974 καθὼς
312 906 481 962 εἶπεν
520 907 762 971 Ἡσαΐας
797 908 830 957 ὀ
869 904 1178 973 προφήτης
1198 945 1210 957 .
1237 904 1346 956 Καὶ
1373 904 1532 957 πάλιν
1564 923 1574 956 ‹

1863 907 1989 974 vide,
2009 925 2130 964 cum
2158 911 2417 965 Dominus
2435 913 2925 970 nummulariorum
2946 933 3162 973 mensas
3191 933 3348 974 ever-

95 1005 179 1066 :6;
207 1003 234 1054 6
266 1002 520 1070 Ἰωάννης
552 999 721 1066 λέγει,
757 997 864 1050 ἀπὸ
893 997 1002 1049 τῶν
1037 997 1334 1067 προφητῶν
1364 995 1541 1049 λαϐὼν
1567 1015 1580 1046 ’1

1887 1014 1949 1052 ac
1981 1000 2116 1052 dixit
2157 1020 2170 1052 :
2225 1001 2406 1056 Nolite
2447 1005 2620 1072 facere
2649 1005 2860 1058 domum
2900 1005 3080 1062 Patris
3112 1011 3213 1063 mei
3246 1010 3348 1063 ἀοι

87 1093 420 1165 μαρτυρίαν,
457 1091 598 1160 φημὶ
641 1089 697 1141 δὲ
739 1089 847 1141 ἀπὸ
879 1088 971 1141 τοῦ
1020 1089 1202 1149 Δαϐὶδ,
1257 1088 1344 1140 ὅτε
1393 1089 1420 1139 6
1461 1086 1572 1157 Κύρ

1865 1107 1910 1141 m
1943 1092 2309 1159 negotiationis
2339 1094 2378 1146 ³.
2417 1093 2730 1150 Meminisse
2773 1097 2916 1151 enim
2964 1099 3039 1151 ait
3073 1101 3349 1168 apostolos

83 1187 186 1248 τὰς
241 1182 520 1253 τραπέζας
571 1180 678 1233 τῶν
730 1179 1092 1232 κολλυϐιστῶν
1152 1177 1486 1248 κατέστρεψε
1512 1217 1527 1241 ,

1862 1181 1914 1235 πί
1939 1191 2052 1235 erat
2084 1183 2343 1252 scriptum
2373 1203 2388 1235 :
2418 1183 2574 1238 Zelus
2597 1187 2784 1240 domus
2812 1199 2914 1242 tua:
2937 1190 3160 1244 comedit
3200 1207 3280 1243 me
3304 1192 3347 1244 ⁸.

82 1271 238 1326 εἴπεο
275 1271 374 1339 Μὴ
408 1268 616 1336 ποιῆτε
648 1269 752 1321 τὸν
780 1263 948 1321 οἷκον
973 1266 1080 1320 τοῦ
1106 1269 1335 1334 Πατρός
1365 1285 1478 1328 μου
1500 1263 1567 1320 oi:

1881 1287 2098 1326 rursum
2127 1274 2266 1327 idem
2295 1272 2532 1330 Joannes
2561 1276 2640 1330 sic
2680 1277 2956 1347 loquitur:
2999 1279 3135 1333 Vidit
3175 1279 3349 1333 Isaias

79 1364 376 1432 ἐμπορίου
410 1379 423 1391 ·
447 1359 858 1430 Ἐμνήσθησαν,
902 1359 984 1411 ὅτι
1028 1353 1097 1428 ἦν
1137 1357 1548 1428 γεγραμμένον·

1468 1373 1548 1409 ον’
1605 1357 1666 1409 Ὀ
1772 1361 1825 1414 in
1866 1362 2068 1430 Spiritu
2101 1375 2284 1417 sancto
2317 1365 2358 1417 ⁵.
2951 1387 2953 1390 ‘

81 1455 269 1522 ζῆλος
293 1452 400 1506 τοῦ
427 1451 594 1504 οἴκου
627 1466 742 1503 σου
775 1447 1067 1517 κατέφαγέ
1099 1465 1194 1517 με.
1232 1448 1340 1501 Καὶ
1371 1447 1531 1501 πάλιν
1579 1447 1740 1512 αὐτὸς
1769 1451 2020 1516 Ἰωάνννς
2054 1449 2238 1519 εἶπεν,
2284 1455 2364 1508 ὅτι
2407 1455 2653 1524 Ἡσαΐας
2707 1454 2867 1513 εἶδεν
2923 1457 3007 1513 ὢν
3039 1461 3110 1513 ἐν
3166 1460 3350 1513 Πνεύ·’

77 1561 222 1614 ματι
257 1543 423 1612 ἁγίῳ.

158 1637 201 1688 Κ
219 1637 286 1686 Δθ.
323 1633 493 1688 Πάλιν
520 1633 577 1685 δὲ
608 1633 636 1684 6
665 1630 826 1693 αὐτὸς
853 1629 964 1701 (38)
999 1631 1151 1699 ἅγιος
1178 1630 1431 1701 Ἰωάννης
1462 1629 1637 1702 κηρύτ

1908 1630 2028 1685 KlV’.
2081 1633 2340 1688 Prmtcrea
2400 1649 2523 1688 cum
2581 1635 2634 1688 in
2689 1637 2813 1691 Asia
2857 1640 3202 1708 praedicando
3257 1633 3393 1700 Dei‘

79 1744 195 1778 των
231 1728 290 1777 ἐν
321 1728 386 1796 τῇ
421 1723 578 1794 Ἀσίᾳ
618 1724 908 1794 ἱστορεῖται
957 1722 1257 1792 παράδοξον
1289 1721 1446 1792 ἔργον
1482 1740 1534 1775 τι

1867 1720 1934 1775 bo
1993 1721 2132 1776 idem
2185 1721 2424 1779 Joannes
2484 1725 2796 1793 insisteret,
2855 1739 2914 1783 ut
2964 1735 3152 1801 quanti
3209 1738 3352 1790 veri-

81 1816 335 1889 ποιηκὼς
377 1817 458 1879 είς
507 1815 868 1885 ὑπογραμμὸν
911 1813 1011 1884 τῆς
1059 1814 1334 1884 ἀληθείας.
1387 1815 1566 1867 Πολιτε

1906 1812 2021 1865 ﬁeri
2062 1811 2280 1868 deberet
2327 1815 2574 1885 exemplo
2623 1832 2724 1872 suo
2764 1823 2993 1887 posteris
3035 1827 3351 1891 praescribe-

79 1908 192 1979 γάρ
229 1907 371 1977 ἔχων
403 1904 860 1974 θαυμασιωτάτην
907 1905 1001 1958 καὶ
1040 1905 1463 1976 συμπρέπουσαν
1502 1905 1564 1957 αὖ

1864 1943 1870 1963 ,
1920 1896 2114 1956 niirum
2161 1903 2418 1972 quiddam
2469 1913 2518 1959 et
2565 1906 2882 1962 inusitatum
2932 1912 3107 1980 egisse
3155 1915 3349 1982 prodi-

77 2001 157 2071 τῷ
188 1998 465 2068 ἀξιώματι
492 1998 591 2068 τῆς
618 1995 941 2063 ἀποστολῆς,
975 1997 1069 2050 καὶ
1112 1997 1232 2067 μηδ’
1267 1997 1402 2060 ὅλως
1443 1997 1562 2050 λουό

1865 2035 1876 2047 .
1906 1993 2040 2047 Cum
2075 1997 2218 2048 enim
2248 1995 2367 2048 vita:
2393 1996 2698 2052 institutum
2740 2009 2946 2055 teneret
2979 2003 3133 2070 plane
3174 2006 3350 2058 admi-

79 2109 193 2155 νος,
230 2088 557 2160 ἠναγκάσθη
591 2088 696 2141 ὑπὸ
725 2087 818 2139 τοῦ
854 2087 1010 2155 ἁγίου
1038 2089 1354 2158 Πνεύματος
1389 2089 1564 2158 προελί

1864 2085 1980 2148 ile,
2033 2086 2192 2153 eique
2248 2101 2411 2156 quam
2469 2089 2690 2158 gerebat
2743 2093 3052 2158 apostolicze
3102 2093 3349 2164 dignitati

77 2183 187 2244 ἕως
217 2198 321 2233 του
353 2178 654 2250 βαλανείου,
689 2177 886 2240 εἰπὼν,
919 2178 1000 2231 ὃτι
1035 2177 1255 2231 Λάϐετέ
1294 2196 1392 2247 μοι
1422 2181 1493 2232 τὰ
1519 2195 1562 2246 2r

1858 2182 2190 2229 isentaneum
2216 2195 2228 2229 :
2256 2175 2390 2230 adeo
2441 2185 2498 2230 ut
2548 2193 2821 2246 nunquam
2861 2182 3084 2234 omnino
3115 2183 3343 2250 Iavare:,

72 2269 441 2334 βαλανεῖον.
489 2267 597 2322 Καὶ
655 2267 762 2320 τῶν
816 2267 1194 2338 συνεπομένων
1247 2267 1555 2338 θαυμαζόντ

1865 2265 2058 2335 [uendo
2105 2272 2282 2319 tamen
2331 2267 2504 2319 sancti
2555 2267 2789 2336 Spiritus
2837 2269 3070 2339 impulsu
3118 2274 3182 2325 ad
3235 2274 3350 2326 bal-

75 2355 249 2428 ἦλθεν
293 2358 375 2421 είς
416 2357 547 2410 αὐτὸ
573 2357 633 2408 τὸ
661 2357 902 2427 λουτρόν.
933 2357 1042 2409 Καὶ
1075 2358 1363 2428 γενόμενος
1409 2360 1544 2430 πρὸς

1862 2373 1900 2411 ιε
1931 2357 2188 2426 prodiens
2221 2377 2234 2410 :
2268 2355 2473 2426 Capite,
2507 2359 2682 2426 inquit
2713 2358 2778 2411 ad
2813 2375 2962 2424 suos,
2991 2378 3106 2430 qua:
3134 2362 3202 2415 ad
3231 2362 3347 2416 bal—

77 2450 316 2503 εἱωθὸτα
367 2447 722 2518 ὑποδέχεσθαι
786 2447 895 2500 τῶν
951 2447 1256 2518 λουομένων
1313 2449 1382 2502 τὰ
1439 2451 1562 2520 ἱμάτ

1966 2450 2241 2503 necessaria
2271 2459 2411 2502 sunt.
2450 2449 2774 2504 Mirantibus
2800 2451 2905 2505 illis
2936 2454 3000 2505 ad
3027 2454 3348 2508 lavationem
3446 2522 3451 2527 _

76 2545 247 2612 ᾗρετο
280 2541 366 2602 τίς
413 2539 559 2592 ἔνδον
592 2539 736 2592 ἐστὶν
776 2540 836 2591 ἐν
876 2538 954 2609 τῷ
1010 2539 1296 2611 βαλανείῳ·
1342 2543 1370 2594 6
1417 2541 1472 2594 δὲ
1516 2543 1561 2594 ὀ]

1861 2543 2022 2594 rexit.
2065 2540 2201 2594 Tum
2254 2543 2318 2595 ad
2363 2559 2486 2597 eum
2531 2543 2621 2612 qui
2677 2543 2972 2597 lavantium
3021 2547 3346 2600 vestimenta

76 2649 195 2700 ριος
223 2631 361 2701 (39),
408 2631 502 2682 ἐπὶ
544 2628 622 2700 τῷ
664 2629 950 2698 φυλάττειν
1006 2631 1196 2698 ἱμάτια
1243 2648 1551 2704 προσκαρτε

1861 2630 2019 2683 vahat
2049 2630 2334 2693 accedens,
2363 2631 2484 2701 quis
2525 2633 2665 2684 intra
2703 2633 2954 2687 balneum
2983 2643 3148 2699 esset,
3188 2637 3344 2690 inter-

76 2725 156 2793 (ἐν
190 2727 312 2786 τοῖς
349 2723 457 2794 γὰρ
486 2722 807 2793 γυμνασίοις
847 2721 1004 2792 ἔργον
1047 2721 1204 2775 τοῦτὸ
1252 2739 1393 2775 τισιν
1429 2724 1561 2792 ὑπάε

1862 2716 1995 2774 'avit.
2033 2723 2099 2774 At
2134 2722 2374 2777 olearius
2421 2723 2667 2791 idemque
2689 2725 2922 2779 vestium
2964 2735 3150 2781 custos
3184 2728 3347 2794 (hanc

72 2813 358 2884 πορισμοῦ
387 2814 551 2866 ἕνεκα
581 2813 681 2882 τῆς
706 2813 1264 2884 ἐφημέρου.,τροφῆς),
1291 2813 1392 2884 ἔφη
1424 2815 1502 2885 τῷ
1529 2817 1557 2867 ά

1863 2828 1912 2864 m
1955 2827 2173 2882 operam
2217 2814 2460 2882 plerique
2502 2815 2680 2867 victus
2731 2815 3032 2884 quotidiani
3072 2817 3242 2886 gratia
3292 2819 3345 2871 in

87 2906 369 2976 Ἰωάννῃ(
387 2905 469 2956 ὅτι
498 2903 693 2956 Ἐϐίων
735 2903 882 2955 ἔνδον
920 2904 1084 2956 ἐστίν.
1124 2903 1376 2974 Ἰωάννης
1401 2903 1478 2965 δὲ,
1506 2905 1572 2956 ευπ

1859 2903 2066 2958 nnasiis
2100 2905 2375 2973 praestant)
2419 2903 2615 2958 Joanni
2654 2906 2933 2974 respondit
2965 2907 3226 2962 Ebionem
3261 2910 3344 2961 in-

73 2996 261 3059 συνεὶς
285 2967 388 3064 τὴν
409 2995 500 3047 τοῦ
527 2995 680 3062 ἁγίου
708 2993 847 3047 Πνεύ
857 3012 1022 3065 ματος
1047 2995 1285 3065 ὁδηγίαν,
1310 2967 1376 3048 δι’
1399 2996 1465 3065 ἢν
1488 2998 1558 3049 ai:

1891 3007 2030 3047 esse.
2060 2967 2176 3059 Quo
2213 2994 2418 3059 audito,
2453 2994 2636 3048 statim
2678 2995 2942 3049 intellexit
2986 3014 3246 3066 quorsum
3279 3001 3345 3052 il-

72 3088 468 3161 προύτρέψατο
517 3087 676 3141 αὑτὸν
721 3087 826 3151 ἕως
875 3087 967 3140 τοῦ
1021 3087 1302 3158 βαλανείου
1362 3089 1537 3158 ἥκειν,

1889 3083 2066 3152 ipsum
2109 3083 2345 3154 Spiritus
2382 3097 2606 3141 sanctus
2657 3088 2995 3151 adduxisset,
3039 3098 3086 3145 et
3133 3099 3190 3143 ut
3229 3091 3345 3144 bai-

71 3181 214 3251 ἔφην
237 3221 253 3243 ,
310 3182 530 3252 μνήμης
574 3179 736 3234 ἕνεκα
773 3179 868 3232 τοῦ
913 3167 1229 3233 καταλιπεῖν
1261 3182 1393 3249 ἡμῖν
1437 3180 1533 3251 τὴν

1860 3191 1894 3229 is
1927 3176 2100 3229 adiret
2151 3185 2297 3230 esset
2349 3177 2638 3232 hortatus:
2667 3178 2923 3233 nimirum
2959 3182 3025 3233 ad
3064 3196 3345 3236 commen-

69 3273 346 3342 ἀληθείας
377 3271 650 3334 ὑπόθεσιν,
691 3271 773 3324 ὃτι
814 3270 958 3332 τίνες
983 3271 1118 3323 εἰσὶν
1143 3272 1191 3323 οί
1223 3270 1395 3323 δοῦλοι
1426 3273 1554 3342 Χριο

1858 3268 2020 3331 udam,
2057 3279 2110 3322 ut
2156 3269 2289 3334 dixi,
2337 3269 2456 3338 ejus
2503 3271 2578 3324 rei
2628 3273 2991 3338 memoriam;
3029 3287 3092 3326 ac
3127 3275 3343 3329 verissi-

67 3365 168 3417 καὶ
195 3362 490 3417 ἀπόστολοι
515 3363 608 3415 καὶ¹
639 3362 745 3414 υἱοὶ
773 3362 870 3432 τῆς
894 3362 1060 3431 αὐτῆς
1089 3361 1344 3432 ἀληθείας
1372 3363 1386 3392 ¹
1410 3377 1423 3392 ⁶
1452 3363 1552 3414 τίνε

1860 3375 1909 3411 m
1941 3359 2068 3412 illud
2099 3359 2291 3428 dogma
2323 3361 2736 3430 relinquendum
2765 3379 2780 3427 ;
2812 3371 2872 3416 ut
2910 3364 3130 3430 quinam
3160 3374 3344 3420 essent

68 3458 192 3510 ἐστι
241 3456 317 3510 τὰ
358 3455 522 3524 σκεύη
562 3454 658 3507 τοῦ
694 3453 965 3525 πονηροῦ,
1016 3454 1114 3507 καὶ
1158 3455 1344 3507 πύλαι
1389 3454 1536 3520 ᾅδου

1858 3451 1962 3505 risti
1997 3451 2134 3505 servi
2167 3460 2214 3504 et
2244 3454 2510 3520 apostoli,
2546 3468 2614 3508 ac
2641 3453 2886 3509 veritatis
2912 3456 3004 3508 lilii
3033 3456 3343 3514 discernere

65 3547 522 3616 κατισχύουσαι
566 3544 678 3612 τῆς
728 3545 981 3612 πέτρας,
1035 3545 1134 3598 καὶ
1185 3544 1296 3612 τῆς
1336 3546 1428 3599 ἐπ’
1475 3549 1550 3599 αὑ

1858 3557 2087 3607 senius;
2135 3543 2357 3612 quinam
2397 3559 2427 3598 c
2465 3545 2743 3598 contrario
2789 3546 2916 3599 mali
2963 3545 3224 3603 daemonia
3271 3551 3343 3602 in-

64 3637 578 3706 οίκοδομηθείσης
629 3637 803 3704 ἁγίας
852 3636 1001 3690 Θεοῦ
1057 3637 1455 3703 Ἐκκληονίαςο
1499 3638 1549 3689 εἰ

1855 3641 2086 3693 umenta,
2128 3633 2517 3703 inferorumque
2556 3645 2743 3703 ρον-ια’,
2774 3652 2890 3705 qua:
2925 3655 3085 3708 neque
3119 3650 3340 3716 petram,

61 3729 320 3800 ταράξας
362 3728 570 3792 ἑαυτὸν,
619 3728 713 3779 καὶ
745 3725 984 3796 οἰμώξας
1022 3726 1204 3797 ἠρέμα
1236 3729 1318 3790 είς
1360 3729 1420 3781 τὸ
1455 3729 1546 3782 πάη

1857 3739 1918 3773 ue
1965 3724 2018 3776 in
2066 3739 2126 3776 ea
2172 3723 2449 3793 fundatam
2497 3742 2558 3778 ac
2588 3726 2881 3780 stabilitam
2927 3728 3216 3784 Ecclesiam
3249 3748 3341 3786 su-

62 3819 339 3882 άκοῧσαι,
387 3820 466 3880 εἰς
511 3817 808 3889 μαρτύριον
847 3818 1241 3888 παραστάσεως
1277 3819 1545 3889 ἁχράντου

1857 3828 1949 3868 are
1975 3822 2201 3884 possent
2223 3817 2265 3869 ⁸.
2297 3817 2466 3886 Igitur
2495 3816 2735 3873 Joannes
2785 3830 3009 3890 repente
3047 3825 3341 3899 conturba-

59 3911 398 3973 δασκαλίας,
448 3911 788 3973 Σπεύσατε,
835 3909 1107 3977 ἀδελφοὶ.
1156 3909 1288 3980 ἔφη,
1323 3910 1544 3976 ἐξέλθω

1854 3943 1868 3967 ,
1901 3914 2060 3975 atque
2098 3909 2458 3977 ingemiscens
2490 3909 2702 3974 leniter,
2739 3918 2795 3964 ut
2846 3912 2915 3965 ab
2957 3915 3209 3968 omnibus
3253 3923 3339 3968 ta-

58 4003 382 4061 ὲντεῦθεν,
402 3999 486 4068 μὴ
513 3999 670 4068 πέσῃ
706 4001 769 4053 τὸ
791 4000 1142 4064 βαλανεῖον,
1175 4001 1272 4054 καὶ
1305 4001 1543 4071 ἁπολώμ

1852 4013 1880 4050 n
1906 3997 2149 4051 exaudiri
2187 4009 2388 4068 posset,
2418 3999 2581 4069 idque
2623 4001 2845 4070 integrae
2874 4017 2937 4055 ac
2978 4003 3208 4060 sincerae
3237 4007 3337 4058 dn-

51 4092 214 4162 μετὰ
270 4092 556 4154 Ἐϐίωνος
602 4091 708 4144 τοῦ
755 4089 936 4144 ἔνδον
981 4092 1051 4144 ἐν
1097 4091 1176 4156 τῷ
1219 4093 1524 4157 ,ϐαλανείῳ

1852 4089 1943 4138 inae
1965 4086 2338 4140 testimonium
2375 4095 2654 4143 exstaret:
2687 4089 2847 4160 149
2884 4089 3193 4160 Properate,
3225 4095 3337 4162 {ra-

57 4184 180 4252 τὴν
232 4182 433 4236 αὐτοῦ
469 4182 768 4237 ἀσέϐειαν.
817 4183 924 4235 Καὶ
965 4183 1149 4254 μηδεὶς
1195 4182 1518 4254 θαυμαζέτω

1851 4192 1882 4238 t,
1911 4177 2105 4246 inquit,
2151 4176 2396 4231 abeamus
2429 4178 2568 4246 hinc,
2606 4197 2668 4234 ne
2711 4181 2910 4236 balnea:
2951 4184 3252 4251 concidant,
3288 4196 3336 4240 et

55 4273 135 4345 τῷ
177 4273 428 4329 ἀκοῦσαι
468 4273 698 4326 Ἐϐίωνα
725 4273 946 4344 Ἰωάννῃ
979 4275 1452 4345 συντετυχηκέναι.
1481 4276 1540 4327 Π(

1852 4287 1874 4321 ιι
1914 4269 2133 4334 Ebione,
2168 4272 2258 4341 qui
2301 4273 2442 4327 intus
2476 4283 2574 4336 est,
2609 4274 2670 4327 ob
2722 4277 2835 4343 ejus
2883 4279 3201 4347 impietatem
3245 4281 3337 4334 ob-

54 4368 284 4437 χρὸνιος
306 4366 420 4436 γάρ
446 4365 779 4435 καταμείνας
807 4364 882 4434 τῷ
908 4365 1005 4436 βίῳ
1027 4367 1054 4418 6
1084 4365 1350 4436 μακάριος
1378 4365 1539 4418 Ἰωάν

1848 4379 2000 4416 tmur.
2027 4360 2213 4432 Neque
2259 4379 2385 4418 vero
2424 4365 2612 4418 mirari
2656 4368 2944 4436 quisquam
2989 4371 3164 4437 debet,
3205 4373 3333 4427 dum

51 4457 364 4529 διήρκεσεν
390 4456 516 4526 ἄχρι
555 4455 653 4524 τῆς
684 4454 778 4507 τοῦ
813 4455 1081 4526 Τραϊανοῦ
1125 4455 1417 4525 βασιλείας.
1448 4456 1536 4509 Πά

1844 4452 1929 4505 ion
1961 4452 2270 4508 occurrisse
2300 4452 2493 4508 Joanni
2535 4455 2752 4510 dicitur.
2787 4457 2884 4513 llic
2916 4460 3059 4513 enim
3099 4463 3189 4515 diu
3240 4464 3329 4516 ad-

51 4550 108 4601 δὲ
136 4551 192 4600 οἱ
240 4546 543 4602 ἀπόστολοι
577 4547 660 4600 ὃτι
694 4546 1112 4618 ἁπαλλοτριοῦσι
1139 4547 1237 4618 τὴν
1279 4547 1373 4599 τοῦ
1396 4547 1536 4600 Ἐὃίο

1845 4541 1976 4594 dum
2029 4542 2183 4604 vixit,
2237 4549 2292 4600 et
2342 4543 2407 4597 ad
2453 4543 2672 4612 Trajani
2725 4549 2971 4616 pervenit
3023 4549 3330 4619 imperium.

53 4643 250 4694 πίστιν
278 4681 296 4703 ,
338 4639 434 4691 καὶ
467 4637 752 4708 ἀλλοτρίαν
799 4638 1076 4708 ἡγήσαντο
1119 4637 1212 4689 τοῦ
1261 4636 1440 4689 αὐτῶν
1483 4655 1538 4690 κτ

1847 4648 1928 4686 rro
1968 4649 2076 4688 non
2126 4632 2362 4689 Joannes
2407 4637 2590 4699 modo,
2635 4639 2726 4692 sed
2771 4647 2823 4692 et
2868 4655 3056 4696 omnes
3107 4659 3332 4712 prorsus

49 4748 300 4802 γματος,
332 4729 430 4782 καὶ
467 4727 560 4782 τοῦ
606 4727 963 4782 ἀποστολικοῦ
991 4728 1356 4798 χαρακτῆρος,
1390 4743 1528 4780 παντ

1848 4725 1988 4778 »ειοὶὶ
2024 4723 2246 4780 Ebionis
2276 4725 2432 4780 iidem
2465 4729 2773 4799 repudiant,
2803 4741 2858 4784 et
2894 4745 2924 4782 a
2960 4733 3074 4787 suis
3110 4734 3333 4804 dogma-

47 4821 215 4890 δῆλον
249 4820 402 4874 ἐστι.
1759 4816 1926 4882 tibus,
1951 4825 2112 4886 atque
2146 4820 2444 4888 apostolico
2473 4820 2564 4874 illo
2584 4822 2899 4879 charactere
2927 4823 3154 4879 alienam
3181 4826 3330 4896 judi-

1757 4915 1920 4962 cant:
1957 4907 2008 4960 id
2033 4907 2177 4977 quod
2209 4909 2500 4980 unicuique
2539 4913 2882 4981 perspicuum
2910 4922 3008 4969 est.

115 4997 260 5051 κε’.
293 4995 442 5066 Περὶ
465 4995 523 5048 δὲ
544 4994 639 5048 τοῦ
665 4996 818 5063 ἁγίου
845 4995 1079 5063 Παύλου,
1103 4995 1178 5059 ὡς
1206 4994 1600 5066 βλασφημοῦντε

1842 4997 1994 5054 KXV.
2027 4998 2182 5065 Quod
2221 5015 2351 5055 vero
2396 5001 2462 5055 ad
2495 5001 2712 5057 beatum
2759 5003 2984 5059 Paulum
3025 5007 3236 5071 attinet,
3274 5009 3327 5062 in

149 5154 166 5183 ί
203 5168 307 5220 πρ.
345 5152 445 5220 τῆς
472 5149 747 5273 ἀληθείας.
859 5151 878 5181 ¹
904 5149 1061 5206 Joan.
1090 5167 1139 5218 ι,
1174 5151 1265 5206 23.
1377 5151 1398 5182 ⁸
1425 5151 1522 5206 Joa

43 5221 305 5276 ‘Mattli.
351 5236 465 5276 nt.
508 5219 529 5272 1
583 5256 597 5271 .

1915 5153 1938 5183 ⁸
1968 5153 2099 5208 ibid.
2142 5153 2247 5221 i7;
2276 5152 2422 5209 Psal.
2453 5171 2642 5223 vam,
2681 5159 2766 5213 10.
2874 5162 2894 5193 ³
2924 5158 3079 5217 Joan.
3112 5178 3212 5229 xu,
3236 5166 3324 5222 41.

114 5335 239 5402 (58)
281 5331 488 5412 Hii-11:?-
509 5330 578 5383 δὲ
600 5333 632 5384 ό
655 5329 856 5395 αὐτός.
896 5329 1049 5412 Hanc
1073 5329 1304 5412 Joannis
1333 5331 1599 5412 historian

1841 5333 1930 5412 69)
1981 5335 2035 5386 Ὀ
2065 5335 2134 5389 δὲ
2162 5339 2452 5407 ὀλεαριος.
2493 5340 2633 5410 Ergo
2657 5341 2888 5412 olearius
2915 5344 3215 5412 appellatus
3237 5357 3323 5403 est

41 5401 226 5459 quam
270 5418 306 5454 ε
369 5401 1022 5480 Ρριγεξνρρ·εοεερςςει,
1057 5403 1223 5456 refert
1252 5401 1518 5480 Irenrlib,
1551 5417 1643 5480 tu,
1742 5401 2186 5480 veStimentorum
2242 5401 2448 5471 custos,
2499 5401 2877 5480 ἱμᾶτιοφύλαξ.
2926 5401 3008 5467 Alli
3072 5401 3212 5470 idem
3250 5401 3324 5474 et

47 5492 169 5541 sap.
208 5474 273 5534 3.
307 5479 370 5525 et
403 5469 611 5542 Euseb.
641 5471 733 5524 lib.
767 5485 825 5542 ιιι
861 5469 1091 5542 "istan,
1123 5486 1243 5540 cap.
1284 5470 1508 5542 εσθαι
1544 5471 1645 5527 Ce—
1741 5475 1918 5526 oleum
1949 5476 2240 5542 prmbebat,
2271 5487 2325 5532 et
2349 5469 2670 5535 vestimenta
2698 5469 2990 5538 servabat?
3021 5469 3326 5539 Annali;

43 5539 335 5603 rintlmm,
367 5557 476 5594 non
509 5541 768 5624 Ebipttem
800 5539 1110 5624 haereticqu
1143 5539 1292 5624 illum
1323 5541 1490 5624 fuisse
1513 5555 1646 5624 eon-
1743 5558 1858 5623 ριον
1898 5539 2378 5624 ΙᾲζοηόυιηζΝεηιι
2399 5559 2468 5624 _et
2503 5550 2880 5624 αποᾷυτήριον,
2914 5552 3101 5610 Latine
3124 5557 3324 5622 spolia-

41 5615 307 5668 scntiunt
337 5626 552 5690 omnes.
579 5611 760 5678 Quare
793 5609 1123 5681 μνημονικόν
1155 5619 1237 5667 est
1269 5611 1489 5680 σφάλμα
1515 5609 1526 5663 1

41 5684 235 5738 nhauii
277 5690 487 5736 nostri.
1000 5727 1002 5732 .

1836 5628 1901 5734 nti
1933 5609 1990 5668 In
2007 5619 2172 5672 veteri
2191 5617 2319 5674 Lex.
2351 5635 2368 5672 :
2397 5618 2686 5691 Spoliaria.
2708 5609 2989 5680 iiteriores
3015 5609 3321 5680 balneorum

1836 5699 1875 5734 ,ιι
1905 5699 1967 5738 te.

40 5684 235 5756 phauii
277 5684 487 5736 nostri.
1000 5727 1002 5732 .

481 5718 487 5732 .
1000 5727 1002 5732 .
1745 5684 1966 5738 cellulw.
