3760 6176
74 268 175 325 με)

756 249 1150 341 ADVERSUS‘
1166 244 1508 304 HASRESES
1544 241 1670 299 υΙΒ.

1857 234 1959 293 3M.
1994 233 2060 290 ll.
2102 264 2170 276 —
2208 231 2486 287 HASRES.
2530 227 2695 283 XXX.

3240 226 3347 282 450

75 383 250 435 τιέων.
281 378 390 432 Kal.
429 374 541 447 γὰρ
584 374 649 426 ἐκ
694 371 1009 441 σπέρματος
1049 339 1157 420 τῶν
1197 365 1468 436 Ἐλλήνων
1511 360 1658 415 Ἀλέ-
1688 368 1706 422 1

1857 369 1909 408 ra
1956 365 2130 415 genus
2178 348 2455 421 quoddam
2504 359 2629 399 esse
2679 354 3039 411 propagatum
3069 347 3107 394 ⁸.
3146 339 3281 395 Nam
3316 355 3346 394 e

79 474 292 543 ξανδρος
340 472 369 523 6
411 465 698 522 Μακεδών.
752 460 915 515 Ἀλλὰ
957 460 1247 529 γενόμενος
1294 455 1455 510 πάλιν
1494 454 1550 505 ἐν
1582 450 1659 522 τῷ

79 568 248 636 τόπῳ,
278 564 363 617 διὰ
402 562 496 614 τὸν
542 556 853 629 ἐμπεσόντα
893 553 1051 621 λόγον
1080 549 1355 619 διεξῆλθον
1398 547 1497 616 τὴν
1531 543 1661 615 περὶ

80 632 278 710 τούτων
302 652 561 724 ἱστορίαν.
589 648 731 718 Πλὴν
753 647 835 698 ὅτι
851 644 958 698 ἀπὸ
980 643 1079 712 τῆς
1095 639 1456 711 μετοικήσεως
1483 632 1663 688 πολλοὶ

83 749 243 812 ἄλλας
276 746 456 816 χώρας
496 741 818 811 οἰκήσαντες
852 734 947 788 τοῦ
986 732 1204 804 Ἰσραὴλ
1234 727 1374 802 ἦσαν
1410 727 1661 798 σπέρμα-

82 855 172 899 τος
194 836 329 890 κατὰ
354 834 622 903 διαδοχήν.
656 828 936 895 Ἐλέγοντο
961 824 1070 894 γὰρ
1098 823 1193 875 καὶ
1219 820 1455 889 ἑκάστης
1481 816 1665 888 χώρας

84 930 407 999 πατριῶται·
438 926 512 987 ὡς
546 922 643 975 καὶ
669 922 723 973 αἱ
751 916 1050 987 Θυγατέρες
1072 912 1165 966 τοῦ
1192 906 1360 981 Ἰοθδρ
1389 910 1485 981 τὴν
1518 907 1666 961 ἀντί-

85 1021 245 1092 λῆψιν
284 1018 375 1072 τοῦ
416 1014 692 1081 Μωύσέως
736 1010 814 1082 τῷ
845 1009 1013 1079 πατρὶ
1039 1004 1402 1077 ἀπήγγειλαν,
1429 1002 1504 1065 ὡς
1534 1002 1667 1053 ἀπο-

88 1120 292 1187 στήσας
332 1116 455 1177 τοὺς
493 1109 757 1180 ποιμένας
792 1105 1041 1158 ἐπότισεν
1074 1100 1265 1155 αὐτῶν
1286 1098 1353 1151 τὰ
1396 1096 1665 1168 πρόϐατα,

89 1211 181 1262 καὶ
210 1206 556 1277 πορευθεῖσαι
590 1201 718 1272 περὶ
746 1197 935 1251 τούτου
968 1192 1275 1264 ὐφηγοῦντο
1303 1189 1380 1259 τῷ
1425 1188 1537 1259 ἰδίῳ
1565 1203 1670 1239 πα-

88 1301 194 1370 τρί.
225 1276 329 1351 Τοῦ
368 1295 423 1349 δὲ
461 1294 713 1360 λέγοντος
735 1331 748 1353 ,
796 1289 855 1341 Τί
896 1286 1225 1355 ὲταχὺνατε
1259 1280 1527 1349 σήμερον
1557 1276 1667 1347 (42)

89 1369 199 1447 τοῦ
247 1388 444 1444 ἐλθεῖν
491 1386 584 1439 ἐπ’
630 1383 852 1444 ιιὺτόν;
895 1378 1124 1446 ἔφασαν,
1169 1376 1251 1427 ὃτι
1288 1370 1469 1437 Ἀνὴρ
1497 1369 1672 1437 Αίγύ-

91 1499 265 1549 πτιος
290 1481 545 1549 ἐρύσατο
588 1473 747 1543 ἡμᾶς
784 1470 902 1526 ἀπὸ
936 1468 1055 1522 τῶν
1081 1465 1398 1536 ποιμένων,
1433 1461 1531 1516 καὶ
1562 1460 1671 1529 ῆι·-

90 1580 316 1643 τλησε,
369 1571 466 1624 καὶ
516 1569 802 1622 ἐπότισεν
858 1560 1029 1629 ἡμῶν
1074 1559 1145 1612 τὰ
1197 1557 1515 1626 θρέμματα.
1564 1551 1673 1605 Καὶ

1761 445 2075 500 ϐταεοοιιιιῐι
2106 455 2306 512 genere
2337 436 2647 491 Alexander
2681 442 2862 487 ortum
2905 437 3209 500 acceperat.
3239 428 3346 484 Ve-

1762 551 1884 590 rum
1944 531 2202 603 quoniam
2265 528 2462 582 iterum
2530 521 2822 579 narrandze
2879 522 3044 590 hujus
3106 519 3349 574 historia:

1764 626 1944 680 oblata
1994 623 2155 678 nobis
2202 619 2424 675 occasio
2474 624 2595 681 est,
2657 616 2710 669 in
2767 630 2886 671 eam
2941 629 3059 669 sum
3122 612 3350 666 fortuito

1764 719 1999 774 delatus.
2044 714 2122 770 Eo
2168 730 2299 769 vero
2341 711 2646 783 pertinebat
2695 708 2877 771 istud,
2937 715 2996 761 ut
3038 706 3352 776 complures

1765 809 2183 865 ostenderemus
2228 806 2285 859 in
2332 818 2395 859 ea
2449 801 2775 873 migratione
2822 799 3004 853 varias
3051 810 3352 867 occupasse

1767 901 1947 963 sedes,
1978 899 2070 969 qui
2105 913 2169 952 ex
2214 893 2515 950 lsraelitica
2549 900 2711 964 gente
2745 892 2976 960 originis
3025 898 3181 945 erant
3220 903 3352 944 suc-

1767 990 2021 1045 cessione
2047 986 2298 1043 derivati.
2336 984 2441 1051 Qui
2464 984 2686 1056 quidem
2719 984 2788 1038 ab
2812 998 2874 1038 ea
2908 982 2999 1036 ubi
3033 981 3355 1036 habitabant

1768 1084 1991 1155 regione
2021 1078 2395 1152 cognominari
2427 1077 2696 1133 solebant.
2732 1072 3199 1142 Quemadmodum
3228 1087 3353 1127 cum

1768 1173 1893 1226 tiliae
1919 1170 2108 1225 Jethro
2152 1169 2370 1223 allatam
2404 1166 2508 1220 sibi
2543 1180 2573 1227 a
2607 1164 2792 1235 Moyse
2826 1179 2981 1233 opem
3018 1162 3230 1233 parenti
3266 1177 3355 1215 rc-

1769 1263 2105 1327 nuntiarent,
2140 1267 2541 1327 narrarentque
2583 1256 2828 1326 depulsis
2870 1272 2899 1309 a
2932 1270 2989 1310 se
3018 1255 3355 1325 pastoribus,

1771 1369 1901 1409 suos
1944 1352 2096 1406 illum
2147 1366 2338 1420 greges
2383 1350 2712 1419 adaquasse,
2764 1349 2890 1412 hoc,
2940 1348 3185 1418 inquam,
3231 1361 3357 1401 cum

1771 1446 1996 1500 domum
2045 1441 2540 1512 reversaeparenti
2586 1441 2873 1505 dixissent,
2923 1440 3239 1495 sciscitante
3270 1438 3360 1492 ni-

1771 1538 1969 1591 mirum
2007 1550 2072 1590 eo
2106 1554 2119 1589 :
2151 1532 2262 1590 Cur
2302 1534 2455 1588 hodie
2498 1533 2711 1586 venistis
2763 1532 2989 1586 velocius
3021 1531 3222 1585 solito?
3256 1528 3362 1583 Bac

94 1623 316 1727 shaec—6’
337 1661 496 1723 αὐτὸς
530 1658 633 1727 ἔφη
671 1656 806 1726 πρὸς
839 1623 1039 1713 αὐτάς·
1067 1650 1170 1702 Διὰ
1201 1623 1267 1727 τί
1286 1623 1395 1699 οὐκ
1423 1644 1672 1714 ἠγάγετε
1705 1715 1706 1720 η

1857 1628 2118 1682 inderunt
2156 1646 2168 1680 :
2217 1625 2307 1679 Vir
2340 1624 2629 1694 Egyptius
2674 1623 2912 1677 liberavit
2960 1639 3054 1677 nos
3092 1623 3155 1676 de
3196 1637 3359 1675 manu

93 1711 584 1815 (λιῠτὸῖννᾶϐδε,ἕνα⁸
602 1711 761 1819 ερὰπῇ
787 1711 1009 1815 ἀρτων,
1036 1743 1132 1805 Τίς
1172 1740 1228 1793 δὲ
1260 1724 1361 1793 οὐκ
1402 1711 1562 1799 οἶδεν,
1589 1737 1671 1788 ὅτι
1705 1715 1706 1720 η

1857 1728 2072 1782 storum,
2105 1718 2316 1785 insuper
2344 1726 2393 1770 et
2422 1715 2597 1769 hausit
2631 1732 2860 1784 aquam,
2899 1725 3180 1785 potumque
3214 1714 3360 1766 dedit

96 1847 339 1916 Μωῦσῆς
383 1844 495 1907 υἱὸς
530 1844 625 1913 μὲν
657 1844 865 1909 γίνεται
895 1836 988 1889 τοῦ
1023 1832 1265 1904 Ἀμρὰμ,
1301 1832 1394 1883 καὶ
1436 1828 1534 1900 τῆς
1563 1826 1677 1880 ἰω-

95 1938 295 2009 χαϐἐτ,
328 1935 551 2008 Ἀμρὰμ
598 1933 654 1986 δὲ
699 1931 792 1985 τοῦ
840 1927 1021 1991 Καὰθ,
1076 1925 1232 1979 Καὰθ
1279 1922 1335 1975 δὲ
1381 1920 1476 1975 τοῦ
1524 1918 1674 1981 Λευῒ,

95 2008 231 2084 nec?
259 2030 314 2083 δέ
343 2028 434 2081 τοῦ
466 2023 684 2087 Ἰακὼϐ,
717 2019 911 2075 Ἰακὼϐ
950 2019 1007 2071 δὲ
1038 2016 1132 2069 τοῦ
1161 2013 1371 2078 Ἰσαὰκ,
1406 2010 1593 2063 Ἰσαὰκ
1621 2008 1678 2062 δέ

97 2122 196 2181 τρῦ
224 2120 505 2191 Ἀϐραάμ
536 2117 646 2169 Καὶ
677 2116 778 2167 οὐκ
810 2112 919 2165 ἀπὸ
957 2109 1048 2163 τοῦ
1086 2104 1363 2162 καλεῖσθαι
1394 2103 1484 2155 τὸν
1514 2103 1680 2155 Μωῦ-

99 2213 201 2267 σέα
244 2212 574 2279 Αίγύπτιον,
626 2206 842 2267 πάντως
890 2205 923 2273 ἡ
970 2200 1067 2270 τῆς
1121 2197 1397 2265 εὐγενείας
1441 2194 1534 2247 καὶ
1586 2191 1680 2245 τοῦ

96 2303 412 2375 σπέρματος
446 2299 694 2353 διέπεσεν
722 2292 1032 2348 ἀκολουθία.
1072 2287 1279 2342 Οὐκοῦν
1316 2281 1481 2349 οῦτοι,
1512 2301 1681 2337 κατα-

95 2396 385 2464 λείψαντες
412 2392 512 2463 τὴν
541 2389 679 2451 ὁδὸν,
711 2389 761 2439 οἱ
791 2385 899 2440 ἀπὸ
926 2382 1018 2436 τοῦ
1045 2381 1301 2442 Ἐϐίωνος
1331 2375 1683 2447 πεπλανημέ-

94 2504 210 2549 νοι,
261 2486 356 2537 ἐπὶ
393 2482 592 2545 πολλὰς
641 2474 1080 2549 διεστραμμένας
1123 2474 1273 2536 ὁδους
1341 2471 1433 2524 καὶ
1482 2470 1682 2538 ἀνάντη

96 2579 291 2652 τρίϐον
314 2578 407 2631 τὸν
438 2575 561 2630 νοῦν
596 2571 977 2627 ἐκδεδώκασιν.

173 2751 326 2820 KG.
370 2748 601 2819 Αὐχοῦσι
646 2746 703 2799 δὲ
754 2744 915 2797 πάλιν
963 2740 1263 2812 περιτομὴν
1310 2738 1553 2810 ἔχοντες,
1594 2738 1688 2791 καὶ

100 2845 465 2919 σεμνύνονται
492 2841 649 2911 δῆθεν
678 2832 816 2890 εἶναι
840 2834 1044 2907 ταύτην
1079 2832 1347 2906 σφραγῖδα
1372 2832 1685 2903 ἡγούμενοι,

98 2941 195 2994 καὶ
224 2933 555 3009 χαρακτῆρα
587 2929 694 2983 τῶν
738 2946 797 2980 τε
835 2926 1189 2997 πατριαρχῶν
1215 2925 1307 2977 κα)⁸
1333 2923 1555 2976 δικαίων
1583 2923 1689 2974 τῶν

97 3028 251 3083 κατὰ
290 3028 383 3079 τὸν
415 3024 576 3092 νόμον
622 3018 1127 3087 πεπολιτευμένων,
1161 3014 1226 3068 δι’
1258 3015 1349 3080 οὒς
1387 3012 1690 3078 ἐξισοῦσθαι

99 3122 339 3181 ἐκείνοις
367 3115 665 3188 νομίζουσι,
708 3112 804 3166 καὶ⁵
843 3111 979 3180 δῆτα
1013 3108 1107 3163 ἀπ’
1136 3108 1299 3161 αὐτοῦ
1331 3107 1421 3160 τοῦ
1457 3106 1691 3179 Χριστοῦ

98 3212 202 3282 τὴν
257 3208 515 3262 σύστασιν
557 3204 759 3273 ταύτης
810 3201 1088 3271 βούλονται
1133 3200 1354 3270 φέρειν,
1391 3199 1466 3261 ὡς
1512 3199 1605 3251 καὶ
1646 3199 1697 3251 οἱ

102 3302 244 3373 περὶ
272 3298 567 3370 Κήρινθον.
596 3296 735 3349 Φασὶ
763 3294 873 3365 γὰρ
902 3293 995 3345 καὶ
1024 3285 1168 3345 οὗτοι
1198 3292 1338 3345 κατὰ
1363 3291 1452 3343 τὸν
1476 3291 1698 3343 ἐκείνων

98 3392 330 3464 ληρώδη
364 3390 537 3457 λόγον·
583 3386 863 3454 Ἀρκετὸν
889 3383 970 3449 τῷ
1000 3382 1236 3453 μαθητῇ
1261 3379 1411 3435 εἶναι
1443 3382 1522 3447 ὡς
1555 3385 1586 3435 ὁ
1617 3381 1702 3434 δι-

100 3487 449 3548 δάσκαλος.
482 3478 830 3551 Περιετμηθη
862 3478 990 3548 γὰρ,
1030 3476 1212 3545 φησὶν,
1248 3478 1275 3527 6
1320 3474 1572 3546 Χριστὸς,
1608 3474 1703 3527 καὶ

104 3580 174 3631 σὺ
214 3572 608 3645 περιτμήθητι.
650 3570 759 3622 Καὶ
791 3569 875 3620 ἵνα
904 3568 1046 3621 κατὰ
1080 3566 1258 3619 πάντα
1286 3566 1482 3636 τρόπον
1511 3582 1701 3617 καται-

104 3668 380 3738 σχύνηται
411 3664 509 3735 τῆς
550 3662 757 3732 πλάνης
798 3658 867 3712 τὰ
916 3658 1228 3727 σπέρματα,
1269 3655 1520 3726 καθάπερ
1554 3654 1704 3724 χαλι-

101 3762 196 3824 νὸς
236 3759 355 3829 (45)
383 3759 449 3827 τῇ
495 3754 735 3823 θαλάσση
786 3753 849 3804 ἐκ
894 3748 1030 3802 Θεοῦ
1077 3747 1315 3819 ὁρισθεὶς
1352 3745 1572 3816 κλεῖθρα
1612 3743 1707 3797 κα)⁵

103 3849 282 3901 πύλαι
308 3846 537 3916 ψάμμον
562 3844 707 3914 ὅριον
733 3840 772 3903 ⁸,
803 3838 897 3892 καὶ
932 3838 1257 3908 πρόσταγμα
1285 3835 1366 3900 τὸ,
1390 3834 1545 3898 "Eon;
1575 3833 1709 3885 τού-

102 3960 219 3997 του
251 3937 505 4005 meum,
536 3935 633 3988 καὶ
678 3935 790 4000 οὐχ
820 3929 1133 3997 ὑπερϐήσῃ
1161 3943 1175 3959 ’
1207 3927 1366 3980 ἀλλὰ
1392 3927 1462 3979 ἐν
1482 3922 1709 3991 σεαυτῇ

104 4025 637 4098 συντριϐήσονταί
670 4038 787 4076 σου
821 4022 893 4075 τὰ
926 4022 1189 4089 κύματα,
1224 4016 1406 4087 φησιν·
1446 4015 1586 4068 οὕτω
1618 4016 1706 4068 καὶ

1857 4020 1919 4058 ne
1973 4003 2289 4056 mandatum
2340 3997 2650 4052 istiusmodi
2692 4011 2704 4046 :

102 4116 264 4175 οὗτοι
294 4121 359 4172 ἐν
386 4119 596 4179 ἑαυτοῖς
622 4111 1250 4181 καταδαπανηθήσονται.
1283 4106 1443 4160 Ἀλλὰ
1470 4107 1584 4159 ἐκεῖ
1613 4105 1712 4176 μὲν

1779 1808 1957 1863 ovibus
1996 1807 2213 1863 nostris.
2256 1805 2561 1874 Statimque
2596 1805 2736 1859 dixit
2771 1806 2878 1857 illis
2911 1821 2923 1855 :
2968 1804 3076 1857 Cur
3114 1822 3217 1857 non
3262 1804 3361 1856 huc

1779 1902 1935 1955 illum
1960 1900 2280 1962 adduxistis,
2312 1908 2368 1952 ut
2399 1896 2688 1951 comedere!
2713 1912 2899 1964 panem
2932 1896 2990 1949 ³⁸2
3017 1895 3153 1961 Quis
3183 1906 3365 1950 autem

1780 1995 1957 2048 nescit
1984 1992 2229 2047 Amrami
2258 1999 2311 2045 et
2350 1988 2666 2044 Jochabette
2702 1988 2871 2042 tilium
2908 1988 3182 2041 exstitisse
3213 1987 3366 2058 Moy-

1782 2099 1914 2151 sen;
1956 2084 2279 2166 Amramum
2330 2078 2547 2143 Caathi,
2601 2077 2868 2131 Gaatbum
2904 2075 3053 2140 Levi,
3098 2075 3243 2129 hunc
3274 2074 3370 2129 Ja-

1782 2176 1926 2239 cobi,
1958 2165 2115 2244 Cujus
2141 2181 2295 2243 pater
2322 2170 2562 2234 Isaacus,
2598 2169 2769 2224 lsaaci
2798 2167 3144 2222 Abrahamus
3173 2165 3373 2221 fuerit?

1778 2268 1969 2339 Neque
2010 2277 2230 2331 tamen,
2280 2281 2380 2336 pro
2427 2280 2494 2319 eo
2542 2262 2689 2341 quod
2734 2262 3025 2333 Egyptius
3065 2261 3373 2332 appellatur

1785 2358 2020 2429 Moyses,
2056 2355 2182 2411 ideo
2227 2353 2531 2409 nobilitatis
2566 2352 2714 2406 illius
2748 2366 2811 2403 ac
2846 2351 3034 2421 stirpis
3082 2357 3167 2405 est
3200 2349 3371 2404 series

1784 2452 2074 2507 exstincta.
2113 2448 2225 2501 Hoc
2259 2447 2427 2518 igitur
2457 2445 2617 2499 modo
2653 2442 2878 2497 Ebionis
2917 2442 3193 2513 discipuli,
3226 2442 3370 2497 velut

1786 2542 2107 2596 aberrantes
2140 2555 2204 2593 ac
2229 2538 2391 2603 devii,
2426 2538 2609 2592 varias
2637 2552 2695 2591 se
2722 2537 2776 2589 in
2808 2536 3066 2606 ambages
3099 2550 3164 2590 ac
3192 2534 3367 2592 ﬂexus

1788 2633 2133 2701 abruptaque
2161 2630 2358 2683 itinera
2384 2626 2797 2681 commiserunt.

1858 2721 2049 2776 XXVI.
2097 2721 2315 2775 Atenim
2370 2717 2848 2772 circumcisionem
2896 2731 3008 2785 pra:
3049 2732 3108 2771 se
3152 2716 3370 2782 ferunt;

1788 2831 1961 2885 eaque
1990 2831 2048 2869 re
2076 2814 2367 2885 plurimum
2392 2811 2718 2881 gloriantur,
2748 2820 2931 2880 utpote
2957 2825 3119 2879 quam
3147 2810 3377 2879 patriar-

1790 2909 2016 2962 charum
2038 2945 2053 2971 ,
2084 2906 2428 2972 aliorumque
2461 2903 2552 2972 qui
2601 2902 2735 2972 legis
2777 2910 3021 2970 tempore
3056 2902 3236 2955 vixere
3284 2900 3375 2970 ju-

1795 3010 2025 3064 storum,
2056 2998 2210 3067 151
2258 3008 2439 3050 nmam
2486 3010 2549 3049 ac
2584 2996 2798 3064 signum
2831 2992 3110 3048 exstitisse
3150 2998 3377 3063 putent;

1797 3106 1905 3162 quo
1939 3091 2103 3145 etiam
2142 3090 2359 3142 nomine
2394 3084 2668 3155 adaequari
2709 3100 2767 3139 se
2799 3082 2921 3137 cum
2966 3084 3074 3140 illis
3105 3084 3379 3137 arbitran—

1798 3192 1935 3237 tur:
1984 3181 2228 3250 adeoque
2273 3178 2474 3233 ChriSti
2525 3178 2696 3247 ipsius
2747 3175 3056 3245 exemplum
3109 3175 3176 3229 ad
3230 3175 3377 3229 illam

1799 3269 2258 3340 comprobandam
2313 3267 2771 3331 accommodant,
2820 3273 2880 3319 ut
2938 3274 2993 3320 et
3040 3266 3378 3321 Cerinthiani

1802 3363 2030 3418 faciunt.
2065 3361 2309 3426 Quorum
2351 3360 2684 3429 ineptissime
2730 3358 3195 3412 accommodatam
3232 3358 3380 3412 illam

1803 3455 2131 3511 sententiam
2166 3461 2433 3521 usurpant
2472 3469 2483 3503 :
2526 3449 3026 3519 Sufﬁcitdiscipulo,
3060 3450 3106 3501 si
3136 3450 3207 3502 sit
3246 3450 3384 3502 sicut

1805 3551 2060 3619 magister
2089 3547 2203 3615 ejus
2247 3545 2288 3600 ⁸.
2318 3545 2573 3598 Christus
2616 3542 2782 3607 enim,
2813 3541 2986 3605 aiunt,
3020 3540 3385 3617 circumcisus

1804 3648 1888 3695 est
1921 3658 1934 3694 :
1970 3648 2022 3693 tu
2059 3639 2222 3708 igitur
2267 3635 2692 3690 circumciditor.
2742 3634 2917 3701 Atque
2958 3641 3017 3685 ut
3060 3607 3266 3687 erroris
3301 3648 3383 3688 se-

1807 3734 1953 3785 mina
1991 3746 2186 3799 magno
2218 3744 2341 3782 cum
2382 3727 2596 3780 illorum
2634 3724 2842 3795 pudore
2875 3724 3247 3794 proﬂigentur,
3278 3740 3388 3779 non

1808 3839 1968 3879 secus
1998 3839 2061 3876 ac
2092 3820 2357 3874 frenando
2392 3818 2528 3871 mari
2570 3818 2718 3871 velut
2762 3817 3017 3885 repagula
3051 3815 3295 3885 quaedam
3327 3830 3390 3869 ac

1811 3923 2001 3984 porta,
2034 3926 2322 3967 arenarum
2352 3925 2379 3960 a
2410 3910 2516 3962 Deo
2546 3908 2717 3962 molcs
2744 3907 2957 3974 objecta
2984 3914 3091 3971 est,
3123 3907 3371 3977 ejusdem

2755 3999 3038 4066 [lucusque
3088 4000 3289 4059 uenies,
3343 4007 3393 4049 et

1814 4113 1917 4150 non
1953 4093 2198 4165 procedes
2248 4091 2501 4160 amplius.
2533 4088 2636 4143 Sed
2667 4089 2723 4140 in
2768 4098 2816 4141 te
2853 4087 3249 4158 confringentur
3287 4089 3380 4158 ﬂu-

104 4217 172 4266 ἐκ
228 4211 387 4264 θείου
436 4177 861 4279 προστάγματος
913 4177 993 4265 είς
1031 4177 1288 4265 εὐταξίαν
1330 4198 1603 4268 θαλάσσης
1650 4198 1706 4250 ἐκ

1857 4196 1929 4240 tus
1980 4187 2057 4239 tui
2090 4185 2186 4253 (ait
2232 4181 2512 4251 Scriptura
2553 4180 2618 4248 ⁵).
2654 4177 2745 4233 Sic
2778 4180 2939 4232 etiam
2978 4179 3052 4232 illi
3099 4178 3155 4232 in
3201 4188 3383 4233 semel-

103 4303 251 4357 Θεοῦ
300 4270 518 4372 εἴρηται
551 4300 579 4351 6
609 4270 705 4350 τοῦ
731 4297 858 4366 ὅρου
897 4293 1084 4361 λόγος’
1122 4291 1355 4344 ἐνταῦθα
1379 4290 1434 4342 δὲ
1460 4290 1553 4359 ἀφ’
1586 4290 1706 4342 ἐαυ-

1857 4295 1966 4336 )SOS
1994 4278 2192 4348 relapsi
2243 4276 2459 4347 penitus
2494 4279 2906 4327 consumentur.
2940 4270 3261 4340 Quanquam
3295 4270 3393 4323 hor

103 4397 209 4466 τῆς
243 4396 279 4465 ἡ
313 4362 486 4445 κακία
511 4390 605 4443 καὶ
634 4390 667 4459 ή
701 4362 876 4457 πλάνη
912 4382 1297 4452 τυφλώττουσα
1326 4381 1417 4433 τὸν
1446 4380 1587 4445 νοῦν,
1621 4379 1706 4432 καὶ

1857 4379 2060 4434 iterest,
2099 4368 2243 4438 quod
2279 4368 2390 4420 illic
2425 4366 2491 4419 ad
2537 4362 2838 4417 coercenda
2874 4363 3046 4414 maria
3079 4362 3267 4416 divino
3298 4362 3371 4414 im

101 4489 202 4541 τὸν
233 4483 442 4554 εὐσεϐῆ
481 4479 741 4549 λογισμὸν
774 4474 1251 4546 ἀποστρεφομένη,
1288 4470 1560 4542 προῦλαϐε
1590 4469 1711 4522 καθ’

104 4578 352 4647 ἑαυτῆς,
401 4575 590 4644 ὥσπερ
636 4570 858 4641 κύματα
900 4568 1207 4637 ἐγείρουσα,
1260 4562 1329 4617 τὰ
1368 4563 1585 4633 σχέτλια
1608 4561 1714 4614 τῶν

106 4663 737 4743 προαπαγγελλομένων
782 4660 965 4722 αὐτοῖς
987 4656 1328 4727 ὐπολήψεων,
1378 4655 1584 4725 ἑτέροις
1616 4651 1716 4705 κύ-

107 4778 291 4833 μασιν
330 4759 500 4828 ἑαυτῇ
537 4753 938 4825 συγκρούουσα,
968 4751 1062 4804 καὶ
1098 4751 1156 4802 ἐν
1198 4750 1361 4818 ἑαυτῇ
1390 4747 1473 4800 ἀεὶ
1501 4763 1719 4817 συντρι-

104 4854 330 4925 ϐομένη
362 4849 561 4920 ἑαυτὴν
586 4846 910 4925 διαλύειν¹”
946 4843 979 4914 ἥ
1011 4842 1261 4913 καθάπερ
1294 4838 1522 4912 ἑρπετὸν
1550 4839 1719 4891 δεινὸν

105 4922 325 5014 ἑαυτῷ(
355 4939 753 5012 λυμαινόμενον
795 4922 890 4989 καὶ
932 4931 1418 5004 ἀντιστρεφόμενον
1467 4929 1574 4983 ἀπὸ
1620 4930 1719 5000 τῆς

104 5036 356 5106 κέρκου,
374 5031 471 5085 καὶ
489 5029 650 5103 ἐαυτρ
682 5026 988 5091 κατεσθίον,
1016 5024 1146 5079 αὐτὸ
1169 5021 1364 5076 ἑαυτοῦ
1392 5018 1722 5074 ἀναλωτικὸν

103 5127 362 5195 γίνεται.
389 5122 562 5177 Τοῦτο
586 5120 694 5193 γάρ
724 5136 856 5189 φασι
884 5115 1211 5187 γεγενῆσθαι
1239 5110 1413 5184 καιρῷ
1435 5111 1539 5165 ὐπὸ
1561 5110 1723 5165 ἀσπί-

183 5328 201 5357 ¹
238 5324 315 5379 F.
354 5321 583 5394 ψάμμος
614 5323 781 5394 ὃριον.
863 5320 901 5351 ί·
923 5317 1236 5390 Legendum
1263 5312 1489 5370 διαλύει.
1564 5312 1586 5343 ’⁸
1618 5312 1635 5366 l
1665 5311 1706 5366 Μ

1876 5310 1993 5377 ι,1.

107 5412 366 5458 xxxvm,
403 5398 488 5447 il.

182 5550 317 5619 (42)
366 5550 426 5602 Τί
454 5548 786 5619 ἐταχύνατε
819 5538 1322 5619 σήμερονηΕτοᾴ.
1360 5552 1423 5598 ιι,
1458 5551 1600 5619 com:
1636 5534 1725 5619 18,

108 5605 619 5688 Διότι’ὲταχύνατέ
656 5617 747 5671 τοῦ
791 5605 1198 5688 παραγενέσθαι
1244 5611 1513 5688 τήμερονς
1570 5605 1725 5688 Αριιά

106 5677 507 5763 Εριριιειιιὶὗιιι
532 5690 742 5743 voculae
770 5677 890 5741 istac
920 5677 1004 5737 ἐπ’
1036 5682 1195 5736 αὐτόν
1228 5677 1571 5735 commodum
1604 5677 1727 5731 nul-

1818 4464 1970 4535 perio
2004 4462 2271 4517 terminus
2306 4460 2394 4513 ille
2424 4456 2755 4511 constitutus
2792 4460 2909 4519 est;
2949 4454 3039 4506 hic
3070 4460 3249 4506 autem
3281 4452 3400 4522 ipsa

1818 4571 1915 4625 per
1950 4570 2070 4609 sese
2117 4551 2379 4621 nequitia,
2417 4558 2577 4618 atque
2610 4556 2895 4601 excazcatze
2942 4546 3141 4599 mentis
3185 4560 3339 4599 error
3369 4560 3401 4599 a

1820 4660 1985 4700 sensu
2044 4642 2262 4713 pietatis
2314 4640 2615 4693 abhorrens
2668 4636 3040 4691 infelicissima
3096 4636 3222 4701 illa,
3280 4653 3403 4707 qua:

1822 4746 1949 4792 ante
1970 4735 2319 4808 protulimus,
2346 4733 2620 4807 dogmata,
2654 4731 2802 4783 velut
2838 4729 3104 4799 quosdam
3134 4729 3188 4783 in
3222 4745 3279 4784 se
3306 4729 3405 4783 ilu-

1826 4839 1946 4886 ctus
1988 4826 2247 4884 excitavit
2284 4826 2456 4895 prius,
2500 4837 2564 4878 ac
2607 4823 2903 4877 contrariis
2937 4820 3190 4878 ﬂuctibus
3226 4823 3399 4887 illisit,

1825 4930 1879 4979 ct
1911 4921 2261 4990 semetipsum
2298 4918 2349 4971 in
2386 4932 2444 4972 se
2484 4930 2783 4971 conversus
2832 4913 3256 4985 confractusque
3291 4915 3404 4971 dis-

1828 5014 2045 5085 sipavit.
2098 5012 2206 5064 Aut
2257 5017 2316 5063 ut
2368 5008 2608 5063 exitialis
2669 5023 2895 5077 serpens
2941 5022 3062 5062 sese
3105 5006 3405 5061 conﬁciens

1828 5108 2043 5178 ipsum,
2088 5112 2142 5159 et
2184 5118 2214 5156 a
2257 5100 2430 5156 cauda
2480 5100 2752 5169 replicans
2801 5114 2865 5154 ac
2914 5100 3199 5154 revolvens
3244 5114 3406 5155 suum

2070 5307 2090 5339 ³
2120 5304 2289 5361 Exod.
2330 5321 2391 5374 ιι,
2431 5304 2497 5360 18
2526 5320 2648 5375 sqq.
2726 5296 2746 5332 ‘
2775 5298 2964 5356 Matth.
2997 5315 3052 5366 ι,
3084 5297 3176 5355 25.
3252 5298 3273 5330 ⁸
3302 5296 3408 5353 Job

1829 5533 1939 5587 lum
1967 5547 2186 5587 sensum
2208 5528 2462 5594 reddunt,
2476 5526 2581 5581 nisi
2602 5528 2658 5589 ἐς
2676 5524 2836 5579 αὐτὸν
2855 5524 3060 5593 ἔφασαν
3079 5521 3402 5579 substituas.

1903 5602 2015 5675 (45)
2055 5600 2331 5675 Καθάπερ
2374 5598 2644 5675 χαλινςές,
2685 5604 2789 5675 et_c.
2832 5596 3043 5675 Leviter
3073 5594 3404 5675 depravatus

1833 5663 1921 5730 hic
1949 5663 2105 5729 locus
2133 5678 2237 5727 est.
2268 5663 2525 5726 Fortasse
2558 5667 2842 5738 legendum
2872 5679 2952 5721 cst
2984 5663 3191 5737 ὡρίσθη
