  <div class='ocr_page' id='page_1' title='image "/cluster/home/n/w/nwhite01/storage/ocr_20150623/41/hvd.32044011753001/253.png"; bbox 0 0 3760 6176; ppageno 0'>
   <div class='ocr_carea' id='block_1_1' title="bbox 359 161 459 219">
    <p class='ocr_par' dir='ltr' id='par_1_1' title="bbox 359 161 459 219">
     <span class='ocr_line' id='line_1_1' title="bbox 359 161 459 219; baseline -0.03 0"><span class='ocrx_word' id='word_1_1' title='bbox 359 161 459 219; x_wconf 71' lang='grc'><strong>451</strong></span> 
     </span>
    </p>
   </div>
   <div class='ocr_carea' id='block_1_2' title="bbox 1739 155 2184 213">
    <p class='ocr_par' dir='ltr' id='par_1_2' title="bbox 1739 155 2184 213">
     <span class='ocr_line' id='line_1_2' title="bbox 1739 155 2184 213; baseline -0.004 -1"><span class='ocrx_word' id='word_1_2' title='bbox 1739 158 1797 213; x_wconf 88' lang='lat' dir='ltr'><strong>S.</strong></span> <span class='ocrx_word' id='word_1_3' title='bbox 1839 155 2184 213; x_wconf 80' lang='lat' dir='ltr'><strong>EPIPHANII</strong></span> 
     </span>
    </p>
   </div>
   <div class='ocr_carea' id='block_1_3' title="bbox 3542 147 3646 204">
    <p class='ocr_par' dir='ltr' id='par_1_3' title="bbox 3542 147 3646 204">
     <span class='ocr_line' id='line_1_3' title="bbox 3542 147 3646 204; baseline 0.019 -2"><span class='ocrx_word' id='word_1_4' title='bbox 3542 147 3646 204; x_wconf 65' lang='grc'><strong>459.</strong></span> 
     </span>
    </p>
   </div>
   <div class='ocr_carea' id='block_1_4' title="bbox 361 247 1846 324">
    <p class='ocr_par' dir='ltr' id='par_1_4' title="bbox 361 251 1846 324">
     <span class='ocr_line' id='line_1_4' title="bbox 361 251 1846 324; baseline -0.002 -14"><span class='ocrx_word' id='word_1_5' title='bbox 361 269 563 324; x_wconf 90' lang='lat' dir='ltr'><strong>corpus</strong></span> <span class='ocrx_word' id='word_1_6' title='bbox 608 251 810 317; x_wconf 79' lang='lat' dir='ltr'><strong>adedit,</strong></span> <span class='ocrx_word' id='word_1_7' title='bbox 858 260 913 308; x_wconf 92' lang='lat' dir='ltr'><strong>et</strong></span> <span class='ocrx_word' id='word_1_8' title='bbox 959 252 1216 310; x_wconf 81' lang='lat' dir='ltr'><strong>absumit.</strong></span> <span class='ocrx_word' id='word_1_9' title='bbox 1259 252 1317 308; x_wconf 90' lang='lat' dir='ltr'><strong>ld</strong></span> <span class='ocrx_word' id='word_1_10' title='bbox 1357 252 1504 309; x_wconf 91' lang='lat' dir='ltr'><strong>enim</strong></span> <span class='ocrx_word' id='word_1_11' title='bbox 1553 251 1684 306; x_wconf 92' lang='lat' dir='ltr'><strong>olim</strong></span> <span class='ocrx_word' id='word_1_12' title='bbox 1729 255 1846 324; x_wconf 91' lang='lat' dir='ltr'><strong>aspi</strong></span> 
     </span>
    </p>
   </div>
   <div class='ocr_carea' id='block_1_5' title="bbox 2158 247 3643 324">
    <p class='ocr_par' dir='ltr' id='par_1_5' title="bbox 2191 247 3643 321">
     <span class='ocr_line' id='line_1_5' title="bbox 2191 247 3643 321; baseline -0.006 -16"><span class='ocrx_word' id='word_1_13' title='bbox 2191 251 2644 321; x_wconf 82' lang='grc' dir='ltr'>συγκλεισοεισῶν</span> <span class='ocrx_word' id='word_1_14' title='bbox 2675 253 2733 306; x_wconf 77' lang='grc' dir='ltr'>ἐν</span> <span class='ocrx_word' id='word_1_15' title='bbox 2767 251 2967 317; x_wconf 85' lang='grc' dir='ltr'>πίθοις,</span> <span class='ocrx_word' id='word_1_16' title='bbox 2999 251 3096 305; x_wconf 73' lang='grc' dir='ltr'>καὶ</span> <span class='ocrx_word' id='word_1_17' title='bbox 3122 248 3364 318; x_wconf 76' lang='grc' dir='ltr'><strong>ἑκάστης</strong></span> <span class='ocrx_word' id='word_1_18' title='bbox 3385 247 3499 317; x_wconf 72' lang='grc' dir='ltr'><strong>τὴν</strong></span> <span class='ocrx_word' id='word_1_19' title='bbox 3531 247 3643 298; x_wconf 78' lang='grc' dir='ltr'><strong>ὲτέο</strong></span> 
     </span>
    </p>
   </div>
   <div class='ocr_carea' id='block_1_6' title="bbox 361 340 1942 412">
    <p class='ocr_par' dir='ltr' id='par_1_6' title="bbox 361 340 1942 412">
     <span class='ocr_line' id='line_1_6' title="bbox 361 340 1942 412; baseline -0.003 -14"><span class='ocrx_word' id='word_1_20' title='bbox 361 344 559 400; x_wconf 83' lang='lat' dir='ltr'><strong>fecisse</strong></span> <span class='ocrx_word' id='word_1_21' title='bbox 584 351 830 404; x_wconf 85' lang='lat' dir='ltr'><strong>narrant,</strong></span> <span class='ocrx_word' id='word_1_22' title='bbox 861 357 1116 412; x_wconf 87' lang='lat' dir='ltr'><strong>quarum,</strong></span> <span class='ocrx_word' id='word_1_23' title='bbox 1144 358 1266 398; x_wconf 92' lang='lat' dir='ltr'><strong>cum</strong></span> <span class='ocrx_word' id='word_1_24' title='bbox 1289 343 1514 397; x_wconf 69' lang='lat' dir='ltr'><strong>inclusa:</strong></span> <span class='ocrx_word' id='word_1_25' title='bbox 1547 340 1709 396; x_wconf 91' lang='lat' dir='ltr'><strong>doliis</strong></span> <span class='ocrx_word' id='word_1_26' title='bbox 1736 348 1942 406; x_wconf 88' lang='lat' dir='ltr'><strong>essent,</strong></span> 
     </span>
    </p>
   </div>
   <div class='ocr_carea' id='block_1_7' title="bbox 362 432 1947 503">
    <p class='ocr_par' dir='ltr' id='par_1_7' title="bbox 362 432 1947 503">
     <span class='ocr_line' id='line_1_7' title="bbox 362 432 1947 503; baseline -0.003 -15"><span class='ocrx_word' id='word_1_27' title='bbox 362 436 592 488; x_wconf 75' lang='lat' dir='ltr'><strong>alteram</strong></span> <span class='ocrx_word' id='word_1_28' title='bbox 619 435 788 488; x_wconf 90' lang='lat' dir='ltr'><strong>altera</strong></span> <span class='ocrx_word' id='word_1_29' title='bbox 821 433 1120 488; x_wconf 88' lang='lat' dir='ltr'><strong>devoravit.</strong></span> <span class='ocrx_word' id='word_1_30' title='bbox 1149 432 1286 487; x_wconf 90' lang='lat' dir='ltr'><strong>Tum</strong></span> <span class='ocrx_word' id='word_1_31' title='bbox 1318 449 1438 503; x_wconf 73' lang='lat' dir='ltr'><strong>qua:</strong></span> <span class='ocrx_word' id='word_1_32' title='bbox 1469 432 1700 487; x_wconf 90' lang='lat' dir='ltr'><strong>ferocior</strong></span> <span class='ocrx_word' id='word_1_33' title='bbox 1730 446 1793 485; x_wconf 91' lang='lat' dir='ltr'><strong>ac</strong></span> <span class='ocrx_word' id='word_1_34' title='bbox 1818 447 1947 486; x_wconf 88' lang='lat' dir='ltr'><strong>cru-</strong></span> 
     </span>
    </p>
   </div>
   <div class='ocr_carea' id='block_1_8' title="bbox 363 523 1948 593">
    <p class='ocr_par' dir='ltr' id='par_1_8' title="bbox 363 523 1948 593">
     <span class='ocr_line' id='line_1_8' title="bbox 363 523 1948 593; baseline -0.004 -13"><span class='ocrx_word' id='word_1_35' title='bbox 363 527 539 580; x_wconf 88' lang='lat' dir='ltr'><strong>delior</strong></span> <span class='ocrx_word' id='word_1_36' title='bbox 569 535 686 580; x_wconf 90' lang='lat' dir='ltr'><strong>erat</strong></span> <span class='ocrx_word' id='word_1_37' title='bbox 715 526 830 580; x_wconf 90' lang='lat' dir='ltr'><strong>sola</strong></span> <span class='ocrx_word' id='word_1_38' title='bbox 862 540 1173 588; x_wconf 79' lang='lat' dir='ltr'><strong>remanens,</strong></span> <span class='ocrx_word' id='word_1_39' title='bbox 1193 532 1493 593; x_wconf 87' lang='lat' dir='ltr'><strong>enectaque</strong></span> <span class='ocrx_word' id='word_1_40' title='bbox 1519 523 1682 589; x_wconf 90' lang='lat' dir='ltr'><strong>fame,</strong></span> <span class='ocrx_word' id='word_1_41' title='bbox 1710 523 1948 592; x_wconf 89' lang='lat' dir='ltr'><strong>seipsam</strong></span> 
     </span>
    </p>
   </div>
   <div class='ocr_carea' id='block_1_9' title="bbox 364 613 1949 688">
    <p class='ocr_par' dir='ltr' id='par_1_9' title="bbox 364 613 1949 688">
     <span class='ocr_line' id='line_1_9' title="bbox 364 613 1949 688; baseline -0.003 -17"><span class='ocrx_word' id='word_1_42' title='bbox 364 633 395 671; x_wconf 89' lang='lat' dir='ltr'><strong>a</strong></span> <span class='ocrx_word' id='word_1_43' title='bbox 452 618 626 672; x_wconf 89' lang='lat' dir='ltr'><strong>cauda</strong></span> <span class='ocrx_word' id='word_1_44' title='bbox 678 618 945 687; x_wconf 84' lang='lat' dir='ltr'><strong>incipiens</strong></span> <span class='ocrx_word' id='word_1_45' title='bbox 1002 617 1264 688; x_wconf 87' lang='lat' dir='ltr'><strong>paulatim</strong></span> <span class='ocrx_word' id='word_1_46' title='bbox 1319 615 1662 684; x_wconf 86' lang='lat' dir='ltr'><strong>consumpsit</strong></span> <span class='ocrx_word' id='word_1_47' title='bbox 1721 632 1733 667; x_wconf 91' lang='lat'><strong>:</strong></span> <span class='ocrx_word' id='word_1_48' title='bbox 1787 613 1949 688; x_wconf 83' lang='lat' dir='ltr'><strong>idque</strong></span> 
     </span>
    </p>
   </div>
   <div class='ocr_carea' id='block_1_10' title="bbox 363 703 1950 778">
    <p class='ocr_par' dir='ltr' id='par_1_10' title="bbox 363 703 1950 778">
     <span class='ocr_line' id='line_1_10' title="bbox 363 703 1950 778; baseline -0.002 -17"><span class='ocrx_word' id='word_1_49' title='bbox 363 708 543 778; x_wconf 90' lang='lat' dir='ltr'><strong>ipsum</strong></span> <span class='ocrx_word' id='word_1_50' title='bbox 597 708 652 761; x_wconf 93' lang='lat' dir='ltr'><strong>in</strong></span> <span class='ocrx_word' id='word_1_51' title='bbox 701 706 938 778; x_wconf 65' lang='lat' dir='ltr'><strong>Egypto</strong></span> <span class='ocrx_word' id='word_1_52' title='bbox 985 706 1280 775; x_wconf 84' lang='lat' dir='ltr'><strong>contigisse</strong></span> <span class='ocrx_word' id='word_1_53' title='bbox 1325 721 1355 758; x_wconf 90' lang='lat' dir='ltr'><strong>a</strong></span> <span class='ocrx_word' id='word_1_54' title='bbox 1398 705 1713 770; x_wconf 85' lang='lat' dir='ltr'><strong>nonnullis,</strong></span> <span class='ocrx_word' id='word_1_55' title='bbox 1755 703 1848 772; x_wconf 92' lang='lat' dir='ltr'><strong>qui</strong></span> <span class='ocrx_word' id='word_1_56' title='bbox 1884 703 1950 758; x_wconf 93' lang='lat' dir='ltr'><strong>de</strong></span> 
     </span>
    </p>
   </div>
   <div class='ocr_carea' id='block_1_11' title="bbox 364 793 1952 868">
    <p class='ocr_par' dir='ltr' id='par_1_11' title="bbox 364 793 1952 868">
     <span class='ocr_line' id='line_1_11' title="bbox 364 793 1952 868; baseline -0.004 -16"><span class='ocrx_word' id='word_1_57' title='bbox 364 815 548 854; x_wconf 89' lang='lat' dir='ltr'><strong>rerum</strong></span> <span class='ocrx_word' id='word_1_58' title='bbox 594 809 789 853; x_wconf 87' lang='lat' dir='ltr'><strong>natura</strong></span> <span class='ocrx_word' id='word_1_59' title='bbox 835 794 1221 868; x_wconf 78' lang='lat' dir='ltr'><strong>seripserunt,</strong></span> <span class='ocrx_word' id='word_1_60' title='bbox 1250 796 1522 867; x_wconf 88' lang='lat' dir='ltr'><strong>proditum</strong></span> <span class='ocrx_word' id='word_1_61' title='bbox 1567 804 1672 850; x_wconf 91' lang='lat' dir='ltr'><strong>est.</strong></span> <span class='ocrx_word' id='word_1_62' title='bbox 1707 793 1864 849; x_wconf 88' lang='lat' dir='ltr'><strong>Unde</strong></span> <span class='ocrx_word' id='word_1_63' title='bbox 1897 801 1952 847; x_wconf 90' lang='lat' dir='ltr'><strong>et</strong></span> 
     </span>
    </p>
   </div>
   <div class='ocr_carea' id='block_1_12' title="bbox 367 884 1951 962">
    <p class='ocr_par' dir='ltr' id='par_1_12' title="bbox 367 884 1951 962">
     <span class='ocr_line' id='line_1_12' title="bbox 367 884 1951 962; baseline -0.005 -15"><span class='ocrx_word' id='word_1_64' title='bbox 367 891 440 947; x_wconf 88' lang='lat' dir='ltr'><strong>ob</strong></span> <span class='ocrx_word' id='word_1_65' title='bbox 470 892 816 962; x_wconf 78' lang='lat' dir='ltr'><strong>Gorgoneum</strong></span> <span class='ocrx_word' id='word_1_66' title='bbox 847 890 1013 944; x_wconf 90' lang='lat' dir='ltr'><strong>veluti</strong></span> <span class='ocrx_word' id='word_1_67' title='bbox 1044 897 1228 959; x_wconf 88' lang='lat' dir='ltr'><strong>caput,</strong></span> <span class='ocrx_word' id='word_1_68' title='bbox 1265 887 1731 957; x_wconf 80' lang='lat' dir='ltr'><strong>Aspidogorgonis</strong></span> <span class='ocrx_word' id='word_1_69' title='bbox 1759 884 1951 940; x_wconf 88' lang='lat' dir='ltr'><strong>rnerito</strong></span> 
     </span>
    </p>
   </div>
   <div class='ocr_carea' id='block_1_13' title="bbox 369 981 1954 1054">
    <p class='ocr_par' dir='ltr' id='par_1_13' title="bbox 369 981 1954 1054">
     <span class='ocr_line' id='line_1_13' title="bbox 369 981 1954 1054; baseline -0.008 -10"><span class='ocrx_word' id='word_1_70' title='bbox 369 988 418 1044; x_wconf 87' lang='lat' dir='ltr'><strong>ei</strong></span> <span class='ocrx_word' id='word_1_71' title='bbox 455 996 538 1042; x_wconf 89' lang='lat' dir='ltr'><strong>est</strong></span> <span class='ocrx_word' id='word_1_72' title='bbox 569 1001 766 1040; x_wconf 85' lang='lat' dir='ltr'><strong>nomen</strong></span> <span class='ocrx_word' id='word_1_73' title='bbox 803 984 1138 1054; x_wconf 90' lang='lat' dir='ltr'><strong>impositum.</strong></span> <span class='ocrx_word' id='word_1_74' title='bbox 1189 981 1450 1037; x_wconf 87' lang='lat' dir='ltr'><strong>Similiter</strong></span> <span class='ocrx_word' id='word_1_75' title='bbox 1482 982 1696 1050; x_wconf 92' lang='lat' dir='ltr'><strong>ineptus</strong></span> <span class='ocrx_word' id='word_1_76' title='bbox 1735 994 1800 1033; x_wconf 91' lang='lat' dir='ltr'><strong>ac</strong></span> <span class='ocrx_word' id='word_1_77' title='bbox 1840 987 1954 1033; x_wconf 80' lang='lat' dir='ltr'><strong>sto-</strong></span> 
     </span>
    </p>
   </div>
   <div class='ocr_carea' id='block_1_14' title="bbox 367 1071 1952 1145">
    <p class='ocr_par' dir='ltr' id='par_1_14' title="bbox 367 1071 1952 1145">
     <span class='ocr_line' id='line_1_14' title="bbox 367 1071 1952 1145; baseline -0.006 -12"><span class='ocrx_word' id='word_1_78' title='bbox 367 1079 514 1133; x_wconf 89' lang='lat' dir='ltr'><strong>lidus</strong></span> <span class='ocrx_word' id='word_1_79' title='bbox 541 1078 734 1139; x_wconf 87' lang='lat' dir='ltr'><strong>Ebion,</strong></span> <span class='ocrx_word' id='word_1_80' title='bbox 771 1075 1105 1145; x_wconf 84' lang='lat' dir='ltr'><strong>Ebionisque</strong></span> <span class='ocrx_word' id='word_1_81' title='bbox 1138 1073 1380 1129; x_wconf 79' lang='lat' dir='ltr'><strong>fautores</strong></span> <span class='ocrx_word' id='word_1_82' title='bbox 1422 1072 1716 1126; x_wconf 87' lang='lat' dir='ltr'><strong>concidere</strong></span> <span class='ocrx_word' id='word_1_83' title='bbox 1742 1071 1952 1139; x_wconf 89' lang='lat' dir='ltr'><strong>seipsos</strong></span> 
     </span>
    </p>
   </div>
   <div class='ocr_carea' id='block_1_15' title="bbox 370 1161 1954 1238">
    <p class='ocr_par' dir='ltr' id='par_1_15' title="bbox 370 1161 1954 1238">
     <span class='ocr_line' id='line_1_15' title="bbox 370 1161 1954 1238; baseline -0.008 -13"><span class='ocrx_word' id='word_1_84' title='bbox 370 1176 803 1231; x_wconf 84' lang='lat' dir='ltr'><strong>anteverterunt,</strong></span> <span class='ocrx_word' id='word_1_85' title='bbox 829 1183 1002 1238; x_wconf 88' lang='lat' dir='ltr'><strong>eaque</strong></span> <span class='ocrx_word' id='word_1_86' title='bbox 1032 1166 1231 1236; x_wconf 87' lang='lat' dir='ltr'><strong>quibus</strong></span> <span class='ocrx_word' id='word_1_87' title='bbox 1263 1165 1611 1235; x_wconf 89' lang='lat' dir='ltr'><strong>potissimum</strong></span> <span class='ocrx_word' id='word_1_88' title='bbox 1649 1161 1954 1232; x_wconf 81' lang='lat' dir='ltr'><strong>gloriantur</strong></span> 
     </span>
    </p>
   </div>
   <div class='ocr_carea' id='block_1_16' title="bbox 370 1256 1952 1325">
    <p class='ocr_par' dir='ltr' id='par_1_16' title="bbox 370 1256 1952 1325">
     <span class='ocr_line' id='line_1_16' title="bbox 370 1256 1952 1325; baseline -0.009 -6"><span class='ocrx_word' id='word_1_89' title='bbox 370 1261 530 1319; x_wconf 84' lang='lat' dir='ltr'><strong>initio</strong></span> <span class='ocrx_word' id='word_1_90' title='bbox 566 1261 925 1318; x_wconf 87' lang='lat' dir='ltr'><strong>sustulerunt.</strong></span> <span class='ocrx_word' id='word_1_91' title='bbox 953 1258 1072 1312; x_wconf 82' lang='lat' dir='ltr'><strong>Non</strong></span> <span class='ocrx_word' id='word_1_92' title='bbox 1100 1258 1244 1312; x_wconf 90' lang='lat' dir='ltr'><strong>enim</strong></span> <span class='ocrx_word' id='word_1_93' title='bbox 1287 1256 1561 1320; x_wconf 84' lang='lat' dir='ltr'><strong>Christus,</strong></span> <span class='ocrx_word' id='word_1_94' title='bbox 1602 1261 1789 1325; x_wconf 89' lang='lat' dir='ltr'><strong>utpote</strong></span> <span class='ocrx_word' id='word_1_95' title='bbox 1827 1268 1952 1306; x_wconf 89' lang='lat' dir='ltr'><strong>cum</strong></span> 
     </span>
    </p>
   </div>
   <div class='ocr_carea' id='block_1_17' title="bbox 371 1345 1953 1418">
    <p class='ocr_par' dir='ltr' id='par_1_17' title="bbox 371 1345 1953 1418">
     <span class='ocr_line' id='line_1_17' title="bbox 371 1345 1953 1418; baseline -0.004 -11"><span class='ocrx_word' id='word_1_96' title='bbox 371 1351 554 1407; x_wconf 83' lang='lat' dir='ltr'><strong>infans</strong></span> <span class='ocrx_word' id='word_1_97' title='bbox 622 1351 798 1406; x_wconf 90' lang='lat' dir='ltr'><strong>adhuc</strong></span> <span class='ocrx_word' id='word_1_98' title='bbox 849 1359 1016 1414; x_wconf 86' lang='lat' dir='ltr'><strong>esset,</strong></span> <span class='ocrx_word' id='word_1_99' title='bbox 1072 1349 1362 1418; x_wconf 91' lang='lat' dir='ltr'><strong>semetipse</strong></span> <span class='ocrx_word' id='word_1_100' title='bbox 1409 1345 1778 1401; x_wconf 87' lang='lat' dir='ltr'><strong>circumcidit.</strong></span> <span class='ocrx_word' id='word_1_101' title='bbox 1846 1345 1953 1400; x_wconf 87' lang='lat' dir='ltr'><strong>Sed</strong></span> 
     </span>
    </p>
   </div>
   <div class='ocr_carea' id='block_1_18' title="bbox 371 1436 1953 1513">
    <p class='ocr_par' dir='ltr' id='par_1_18' title="bbox 371 1436 1953 1513">
     <span class='ocr_line' id='line_1_18' title="bbox 371 1436 1953 1513; baseline -0.004 -16"><span class='ocrx_word' id='word_1_102' title='bbox 371 1443 680 1498; x_wconf 84' lang='lat' dir='ltr'><strong>laudandus</strong></span> <span class='ocrx_word' id='word_1_103' title='bbox 716 1452 1003 1513; x_wconf 80' lang='lat' dir='ltr'><strong>pr0pterea</strong></span> <span class='ocrx_word' id='word_1_104' title='bbox 1039 1442 1356 1496; x_wconf 89' lang='lat' dir='ltr'><strong>misericors</strong></span> <span class='ocrx_word' id='word_1_105' title='bbox 1386 1439 1651 1494; x_wconf 89' lang='lat' dir='ltr'><strong>Dominus</strong></span> <span class='ocrx_word' id='word_1_106' title='bbox 1680 1447 1784 1502; x_wconf 89' lang='lat' dir='ltr'><strong>est,</strong></span> <span class='ocrx_word' id='word_1_107' title='bbox 1808 1436 1953 1508; x_wconf 86' lang='lat' dir='ltr'><strong>quod</strong></span> 
     </span>
    </p>
   </div>
   <div class='ocr_carea' id='block_1_19' title="bbox 373 1529 1954 1604">
    <p class='ocr_par' dir='ltr' id='par_1_19' title="bbox 373 1529 1954 1604">
     <span class='ocr_line' id='line_1_19' title="bbox 373 1529 1954 1604; baseline -0.004 -15"><span class='ocrx_word' id='word_1_108' title='bbox 373 1536 448 1590; x_wconf 91' lang='lat' dir='ltr'><strong>ita</strong></span> <span class='ocrx_word' id='word_1_109' title='bbox 484 1551 542 1589; x_wconf 89' lang='lat' dir='ltr'><strong>se</strong></span> <span class='ocrx_word' id='word_1_110' title='bbox 575 1533 749 1589; x_wconf 88' lang='lat' dir='ltr'><strong>Ebion</strong></span> <span class='ocrx_word' id='word_1_111' title='bbox 795 1533 1113 1604; x_wconf 86' lang='lat' dir='ltr'><strong>imprudens</strong></span> <span class='ocrx_word' id='word_1_112' title='bbox 1161 1531 1448 1600; x_wconf 68' lang='lat' dir='ltr'><strong>obiecerit,</strong></span> <span class='ocrx_word' id='word_1_113' title='bbox 1483 1537 1540 1583; x_wconf 88' lang='lat' dir='ltr'><strong>ut</strong></span> <span class='ocrx_word' id='word_1_114' title='bbox 1576 1529 1798 1583; x_wconf 84' lang='lat' dir='ltr'><strong>minime</strong></span> <span class='ocrx_word' id='word_1_115' title='bbox 1825 1543 1954 1584; x_wconf 89' lang='lat' dir='ltr'><strong>vera</strong></span> 
     </span>
    </p>
   </div>
   <div class='ocr_carea' id='block_1_20' title="bbox 2052 338 3645 416">
    <p class='ocr_par' dir='ltr' id='par_1_20' title="bbox 2052 338 3645 416">
     <span class='ocr_line' id='line_1_20' title="bbox 2052 338 3645 416; baseline -0.007 -18"><span class='ocrx_word' id='word_1_116' title='bbox 2052 360 2152 416; x_wconf 89' lang='grc' dir='ltr'><strong>ραν</strong></span> <span class='ocrx_word' id='word_1_117' title='bbox 2196 343 2688 416; x_wconf 83' lang='grc' dir='ltr'>καταναλωσάσης,</span> <span class='ocrx_word' id='word_1_118' title='bbox 2717 344 2817 414; x_wconf 79' lang='grc' dir='ltr'><strong>τὴν</strong></span> <span class='ocrx_word' id='word_1_119' title='bbox 2848 342 2907 396; x_wconf 83' lang='grc' dir='ltr'>δὲ</span> <span class='ocrx_word' id='word_1_120' title='bbox 2955 341 3298 413; x_wconf 85' lang='grc' dir='ltr'>ίταμωτέραν</span> <span class='ocrx_word' id='word_1_121' title='bbox 3344 340 3444 392; x_wconf 76' lang='grc' dir='ltr'><strong>καὶ</strong></span> <span class='ocrx_word' id='word_1_122' title='bbox 3493 338 3645 406; x_wconf 78' lang='grc' dir='ltr'>χαλε-</span> 
     </span>
    </p>
   </div>
   <div class='ocr_carea' id='block_1_21' title="bbox 2051 431 3645 510">
    <p class='ocr_par' dir='ltr' id='par_1_21' title="bbox 2051 431 3645 510">
     <span class='ocr_line' id='line_1_21' title="bbox 2051 431 3645 510; baseline -0.006 -19"><span class='ocrx_word' id='word_1_123' title='bbox 2051 438 2303 510; x_wconf 84' lang='grc' dir='ltr'>πωτέραν</span> <span class='ocrx_word' id='word_1_124' title='bbox 2350 439 2430 501; x_wconf 80' lang='grc' dir='ltr'>εἰς</span> <span class='ocrx_word' id='word_1_125' title='bbox 2479 437 2703 510; x_wconf 77' lang='grc' dir='ltr'>ὕστερον</span> <span class='ocrx_word' id='word_1_126' title='bbox 2753 436 3121 508; x_wconf 79' lang='grc' dir='ltr'><strong>μεμενηκέναι</strong></span> <span class='ocrx_word' id='word_1_127' title='bbox 3178 436 3347 506; x_wconf 85' lang='grc' dir='ltr'>μόνην</span> <span class='ocrx_word' id='word_1_128' title='bbox 3389 431 3645 486; x_wconf 78' lang='grc' dir='ltr'>καταλειο</span> 
     </span>
    </p>
   </div>
   <div class='ocr_carea' id='block_1_22' title="bbox 2051 524 3647 602">
    <p class='ocr_par' dir='ltr' id='par_1_22' title="bbox 2051 524 3647 602">
     <span class='ocr_line' id='line_1_22' title="bbox 2051 524 3647 602; baseline -0.004 -17"><span class='ocrx_word' id='word_1_129' title='bbox 2051 533 2277 602; x_wconf 83' lang='grc' dir='ltr'>φθεῖσαν</span> <span class='ocrx_word' id='word_1_130' title='bbox 2304 572 2318 595; x_wconf 89' lang='grc'><strong>,</strong></span> <span class='ocrx_word' id='word_1_131' title='bbox 2373 531 2470 584; x_wconf 71' lang='grc' dir='ltr'>καὶ</span> <span class='ocrx_word' id='word_1_132' title='bbox 2520 532 2600 594; x_wconf 87' lang='grc' dir='ltr'><strong>είς</strong></span> <span class='ocrx_word' id='word_1_133' title='bbox 2643 532 2833 582; x_wconf 87' lang='grc' dir='ltr'>πεῖναν</span> <span class='ocrx_word' id='word_1_134' title='bbox 2877 527 3157 592; x_wconf 76' lang='grc' dir='ltr'>ἐλθοῦσαν,</span> <span class='ocrx_word' id='word_1_135' title='bbox 3197 527 3304 580; x_wconf 74' lang='grc' dir='ltr'>ἀπὸ</span> <span class='ocrx_word' id='word_1_136' title='bbox 3353 526 3459 595; x_wconf 75' lang='grc' dir='ltr'>τῆς</span> <span class='ocrx_word' id='word_1_137' title='bbox 3517 524 3647 578; x_wconf 69' lang='grc' dir='ltr'>ἰδίας</span> 
     </span>
    </p>
   </div>
   <div class='ocr_carea' id='block_1_23' title="bbox 2052 613 3646 695">
    <p class='ocr_par' dir='ltr' id='par_1_23' title="bbox 2052 613 3646 695">
     <span class='ocr_line' id='line_1_23' title="bbox 2052 613 3646 695; baseline -0.009 -17"><span class='ocrx_word' id='word_1_138' title='bbox 2052 625 2248 695; x_wconf 79' lang='grc' dir='ltr'>κέρκου</span> <span class='ocrx_word' id='word_1_139' title='bbox 2275 621 2587 694; x_wconf 77' lang='grc' dir='ltr'><strong>ἀρξαμένην</strong></span> <span class='ocrx_word' id='word_1_140' title='bbox 2617 621 2814 692; x_wconf 79' lang='grc' dir='ltr'>ἑαυτήν</span> <span class='ocrx_word' id='word_1_141' title='bbox 2836 618 3338 689; x_wconf 75' lang='grc' dir='ltr'>καταϐεϐρωκέναι,</span> <span class='ocrx_word' id='word_1_142' title='bbox 3370 613 3646 684; x_wconf 70' lang='grc' dir='ltr'>ἱστοροῦσί</span> 
     </span>
    </p>
   </div>
   <div class='ocr_carea' id='block_1_24' title="bbox 2051 705 3645 782">
    <p class='ocr_par' dir='ltr' id='par_1_24' title="bbox 2051 705 3645 782">
     <span class='ocr_line' id='line_1_24' title="bbox 2051 705 3645 782; baseline -0.009 -13"><span class='ocrx_word' id='word_1_143' title='bbox 2051 733 2194 778; x_wconf 88' lang='grc' dir='ltr'>τινες</span> <span class='ocrx_word' id='word_1_144' title='bbox 2226 713 2533 782; x_wconf 81' lang='grc' dir='ltr'><strong>φυσιολόγοι</strong></span> <span class='ocrx_word' id='word_1_145' title='bbox 2566 711 2709 764; x_wconf 84' lang='grc' dir='ltr'><strong>κατά</strong></span> <span class='ocrx_word' id='word_1_146' title='bbox 2753 711 2850 782; x_wconf 79' lang='grc' dir='ltr'><strong>τὴν</strong></span> <span class='ocrx_word' id='word_1_147' title='bbox 2897 710 3210 779; x_wconf 77' lang='grc' dir='ltr'><strong>Αἰγυπτίων</strong></span> <span class='ocrx_word' id='word_1_148' title='bbox 3240 708 3451 778; x_wconf 77' lang='grc' dir='ltr'>χώραν.</span> <span class='ocrx_word' id='word_1_149' title='bbox 3489 705 3645 756; x_wconf 79' lang='grc' dir='ltr'>Ὅθεν</span> 
     </span>
    </p>
   </div>
   <div class='ocr_carea' id='block_1_25' title="bbox 2053 799 3648 876">
    <p class='ocr_par' dir='ltr' id='par_1_25' title="bbox 2053 799 3648 876">
     <span class='ocr_line' id='line_1_25' title="bbox 2053 799 3648 876; baseline -0.009 -17"><span class='ocrx_word' id='word_1_150' title='bbox 2053 806 2147 860; x_wconf 74' lang='grc' dir='ltr'><strong>καὶ</strong></span> <span class='ocrx_word' id='word_1_151' title='bbox 2179 805 2448 876; x_wconf 84' lang='grc' dir='ltr'><strong>ἁρμοδίως</strong></span> <span class='ocrx_word' id='word_1_152' title='bbox 2477 803 2537 856; x_wconf 80' lang='grc' dir='ltr'><strong>τὸ</strong></span> <span class='ocrx_word' id='word_1_153' title='bbox 2559 803 2728 872; x_wconf 76' lang='grc' dir='ltr'>ὄνομα</span> <span class='ocrx_word' id='word_1_154' title='bbox 2758 803 2896 872; x_wconf 77' lang='grc' dir='ltr'>αὐτῇ</span> <span class='ocrx_word' id='word_1_155' title='bbox 2927 802 3202 861; x_wconf 77' lang='grc' dir='ltr'>ἐπέθεντο,</span> <span class='ocrx_word' id='word_1_156' title='bbox 3229 799 3316 851; x_wconf 77' lang='grc' dir='ltr'>διὰ</span> <span class='ocrx_word' id='word_1_157' title='bbox 3341 799 3443 866; x_wconf 73' lang='grc' dir='ltr'>τὴν</span> <span class='ocrx_word' id='word_1_158' title='bbox 3482 813 3648 862; x_wconf 57' lang='grc' dir='ltr'>κεφα-</span> 
     </span>
    </p>
   </div>
   <div class='ocr_carea' id='block_1_26' title="bbox 2053 886 3642 963">
    <p class='ocr_par' dir='ltr' id='par_1_26' title="bbox 2053 886 3642 963">
     <span class='ocr_line' id='line_1_26' title="bbox 2053 886 3642 963; baseline -0.006 -19"><span class='ocrx_word' id='word_1_159' title='bbox 2053 891 2149 963; x_wconf 81' lang='grc' dir='ltr'>λὴν</span> <span class='ocrx_word' id='word_1_160' title='bbox 2192 892 2289 961; x_wconf 83' lang='grc' dir='ltr'>τῆς</span> <span class='ocrx_word' id='word_1_161' title='bbox 2330 891 2592 962; x_wconf 87' lang='grc' dir='ltr'><strong>Γοργόνος</strong></span> <span class='ocrx_word' id='word_1_162' title='bbox 2633 891 2726 943; x_wconf 78' lang='grc' dir='ltr'><strong>καὶ</strong></span> <span class='ocrx_word' id='word_1_163' title='bbox 2776 889 2982 960; x_wconf 75' lang='grc' dir='ltr'>ταύτην</span> <span class='ocrx_word' id='word_1_164' title='bbox 3027 886 3503 957; x_wconf 76' lang='grc' dir='ltr'>’Δσπιδογοργὸνα</span> <span class='ocrx_word' id='word_1_165' title='bbox 3552 901 3642 934; x_wconf 66' lang='grc' dir='ltr'>και</span> 
     </span>
    </p>
   </div>
   <div class='ocr_carea' id='block_1_27' title="bbox 2053 973 3641 1053">
    <p class='ocr_par' dir='ltr' id='par_1_27' title="bbox 2053 973 3641 1053">
     <span class='ocr_line' id='line_1_27' title="bbox 2053 973 3641 1053; baseline -0.006 -17"><span class='ocrx_word' id='word_1_166' title='bbox 2053 984 2289 1046; x_wconf 79' lang='grc' dir='ltr'>λοῦντες.</span> <span class='ocrx_word' id='word_1_167' title='bbox 2320 981 2476 1034; x_wconf 79' lang='grc' dir='ltr'>Οὕτω</span> <span class='ocrx_word' id='word_1_168' title='bbox 2504 983 2599 1034; x_wconf 76' lang='grc' dir='ltr'>καὶ</span> <span class='ocrx_word' id='word_1_169' title='bbox 2625 983 2654 1034; x_wconf 84' lang='grc' dir='ltr'>ὁ</span> <span class='ocrx_word' id='word_1_170' title='bbox 2678 981 3030 1053; x_wconf 56' lang='grc' dir='ltr'>ματαιόψρων</span> <span class='ocrx_word' id='word_1_171' title='bbox 3062 979 3278 1043; x_wconf 78' lang='grc' dir='ltr'>Ἐὁίων,</span> <span class='ocrx_word' id='word_1_172' title='bbox 3305 980 3399 1030; x_wconf 68' lang='grc' dir='ltr'><strong>καὶ</strong></span> <span class='ocrx_word' id='word_1_173' title='bbox 3427 979 3481 1030; x_wconf 85' lang='grc' dir='ltr'><strong>οξ</strong></span> <span class='ocrx_word' id='word_1_174' title='bbox 3511 973 3641 1044; x_wconf 53' lang='grc' dir='ltr'>ἀμᾷ</span> 
     </span>
    </p>
   </div>
   <div class='ocr_carea' id='block_1_28' title="bbox 2055 1069 3649 1144">
    <p class='ocr_par' dir='ltr' id='par_1_28' title="bbox 2055 1069 3649 1144">
     <span class='ocr_line' id='line_1_28' title="bbox 2055 1069 3649 1144; baseline -0.006 -16"><span class='ocrx_word' id='word_1_175' title='bbox 2055 1075 2219 1128; x_wconf 78' lang='grc' dir='ltr'>αὑτὸν</span> <span class='ocrx_word' id='word_1_176' title='bbox 2250 1073 2552 1144; x_wconf 72' lang='grc' dir='ltr'>προῦλαϐον</span> <span class='ocrx_word' id='word_1_177' title='bbox 2584 1073 2810 1136; x_wconf 79' lang='grc' dir='ltr'>ἑαυτοὺς</span> <span class='ocrx_word' id='word_1_178' title='bbox 2852 1072 3305 1141; x_wconf 82' lang='grc' dir='ltr'>κατατέμνοντες,</span> <span class='ocrx_word' id='word_1_179' title='bbox 3356 1069 3454 1122; x_wconf 83' lang='grc' dir='ltr'><strong>καί</strong></span> <span class='ocrx_word' id='word_1_180' title='bbox 3499 1070 3649 1121; x_wconf 65' lang='lat' dir='ltr'><strong>sm-</strong></span> 
     </span>
    </p>
   </div>
   <div class='ocr_carea' id='block_1_29' title="bbox 2059 1155 3646 1237">
    <p class='ocr_par' dir='ltr' id='par_1_29' title="bbox 2059 1155 3646 1237">
     <span class='ocr_line' id='line_1_29' title="bbox 2059 1155 3646 1237; baseline -0.004 -19"><span class='ocrx_word' id='word_1_181' title='bbox 2059 1164 2275 1237; x_wconf 80' lang='grc' dir='ltr'>ροῦντες</span> <span class='ocrx_word' id='word_1_182' title='bbox 2316 1163 2410 1217; x_wconf 84' lang='grc' dir='ltr'>ἀπ’</span> <span class='ocrx_word' id='word_1_183' title='bbox 2452 1162 2628 1233; x_wconf 79' lang='grc' dir='ltr'>ἀρχῆς</span> <span class='ocrx_word' id='word_1_184' title='bbox 2670 1164 2873 1225; x_wconf 72' lang='grc' dir='ltr'>ἐκεῖνα,</span> <span class='ocrx_word' id='word_1_185' title='bbox 2916 1161 3000 1230; x_wconf 68' lang='grc' dir='ltr'><strong>ἐφ’</strong></span> <span class='ocrx_word' id='word_1_186' title='bbox 3029 1155 3112 1225; x_wconf 71' lang='grc' dir='ltr'><strong>οἷς</strong></span> <span class='ocrx_word' id='word_1_187' title='bbox 3141 1161 3236 1214; x_wconf 71' lang='grc' dir='ltr'><strong>καὶ</strong></span> <span class='ocrx_word' id='word_1_188' title='bbox 3263 1159 3646 1228; x_wconf 75' lang='grc' dir='ltr'>σεμνύνονται.</span> 
     </span>
    </p>
   </div>
   <div class='ocr_carea' id='block_1_30' title="bbox 2055 1246 3647 1326">
    <p class='ocr_par' dir='ltr' id='par_1_30' title="bbox 2055 1246 3647 1326">
     <span class='ocr_line' id='line_1_30' title="bbox 2055 1246 3647 1326; baseline -0.004 -17"><span class='ocrx_word' id='word_1_189' title='bbox 2055 1255 2288 1326; x_wconf 83' lang='grc' dir='ltr'>Χριστὸς</span> <span class='ocrx_word' id='word_1_190' title='bbox 2330 1255 2437 1325; x_wconf 88' lang='grc' dir='ltr'><strong>γάρ</strong></span> <span class='ocrx_word' id='word_1_191' title='bbox 2483 1253 2672 1307; x_wconf 75' lang='grc' dir='ltr'>ἑαυτὸν</span> <span class='ocrx_word' id='word_1_192' title='bbox 2715 1254 2773 1306; x_wconf 80' lang='grc' dir='ltr'>οὐ</span> <span class='ocrx_word' id='word_1_193' title='bbox 2811 1253 3138 1324; x_wconf 82' lang='grc' dir='ltr'>περιέτεμε·</span> <span class='ocrx_word' id='word_1_194' title='bbox 3177 1251 3387 1305; x_wconf 76' lang='grc' dir='ltr'>παιδίον</span> <span class='ocrx_word' id='word_1_195' title='bbox 3413 1255 3534 1320; x_wconf 70' lang='grc' dir='ltr'>γὰρ</span> <span class='ocrx_word' id='word_1_196' title='bbox 3563 1246 3647 1318; x_wconf 71' lang='grc' dir='ltr'><strong>ἦν.</strong></span> 
     </span>
    </p>
   </div>
   <div class='ocr_carea' id='block_1_31' title="bbox 2057 1341 3649 1417">
    <p class='ocr_par' dir='ltr' id='par_1_31' title="bbox 2057 1341 3649 1417">
     <span class='ocr_line' id='line_1_31' title="bbox 2057 1341 3649 1417; baseline -0.004 -17"><span class='ocrx_word' id='word_1_197' title='bbox 2057 1347 2192 1414; x_wconf 77' lang='grc' dir='ltr'><strong>Δόξα</strong></span> <span class='ocrx_word' id='word_1_198' title='bbox 2236 1347 2291 1400; x_wconf 85' lang='grc' dir='ltr'>δὲ</span> <span class='ocrx_word' id='word_1_199' title='bbox 2334 1345 2412 1417; x_wconf 80' lang='grc' dir='ltr'>τῷ</span> <span class='ocrx_word' id='word_1_200' title='bbox 2457 1347 2712 1417; x_wconf 85' lang='grc' dir='ltr'>ὲλεήμονι</span> <span class='ocrx_word' id='word_1_201' title='bbox 2750 1345 2888 1415; x_wconf 80' lang='grc' dir='ltr'>Θεῷ,</span> <span class='ocrx_word' id='word_1_202' title='bbox 2919 1345 3002 1397; x_wconf 82' lang='grc' dir='ltr'>ὅτι</span> <span class='ocrx_word' id='word_1_203' title='bbox 3050 1344 3238 1398; x_wconf 75' lang='grc' dir='ltr'>ἑαυτὸν</span> <span class='ocrx_word' id='word_1_204' title='bbox 3283 1341 3649 1414; x_wconf 70' lang='grc' dir='ltr'>προῦϐαλενὸ</span> 
     </span>
    </p>
   </div>
   <div class='ocr_carea' id='block_1_32' title="bbox 2059 1434 3645 1508">
    <p class='ocr_par' dir='ltr' id='par_1_32' title="bbox 2059 1434 3645 1508">
     <span class='ocr_line' id='line_1_32' title="bbox 2059 1434 3645 1508; baseline -0.006 -16"><span class='ocrx_word' id='word_1_205' title='bbox 2059 1439 2270 1503; x_wconf 77' lang='grc' dir='ltr'>Ἐϐίων,</span> <span class='ocrx_word' id='word_1_206' title='bbox 2316 1439 2402 1491; x_wconf 78' lang='grc' dir='ltr'><strong>ἵνα</strong></span> <span class='ocrx_word' id='word_1_207' title='bbox 2448 1439 2515 1491; x_wconf 84' lang='grc' dir='ltr'><strong>τά</strong></span> <span class='ocrx_word' id='word_1_208' title='bbox 2559 1437 2792 1507; x_wconf 80' lang='grc' dir='ltr'><strong>ἀληθινὰ</strong></span> <span class='ocrx_word' id='word_1_209' title='bbox 2841 1437 2914 1508; x_wconf 80' lang='grc' dir='ltr'>μὴ</span> <span class='ocrx_word' id='word_1_210' title='bbox 2949 1436 3281 1507; x_wconf 76' lang='grc' dir='ltr'>ὁμολογήσῃ,</span> <span class='ocrx_word' id='word_1_211' title='bbox 3329 1436 3405 1497; x_wconf 85' lang='grc' dir='ltr'><strong>είς</strong></span> <span class='ocrx_word' id='word_1_212' title='bbox 3440 1434 3509 1485; x_wconf 72' lang='grc' dir='ltr'>τὸ</span> <span class='ocrx_word' id='word_1_213' title='bbox 3554 1434 3645 1485; x_wconf 74' lang='grc' dir='ltr'><strong>καὶ</strong></span> 
     </span>
    </p>
   </div>
   <div class='ocr_carea' id='block_1_33' title="bbox 2057 1525 3650 1601">
    <p class='ocr_par' dir='ltr' id='par_1_33' title="bbox 2057 1525 3650 1601">
     <span class='ocr_line' id='line_1_33' title="bbox 2057 1525 3650 1601; baseline -0.006 -17"><span class='ocrx_word' id='word_1_214' title='bbox 2057 1530 2275 1601; x_wconf 75' lang='grc' dir='ltr'>ἔλεγχον</span> <span class='ocrx_word' id='word_1_215' title='bbox 2327 1530 2476 1601; x_wconf 76' lang='grc' dir='ltr'>αὐτῷ</span> <span class='ocrx_word' id='word_1_216' title='bbox 2520 1528 2792 1598; x_wconf 85' lang='grc' dir='ltr'>γενέσθαι.</span> <span class='ocrx_word' id='word_1_217' title='bbox 2843 1529 2908 1581; x_wconf 72' lang='lat' dir='ltr'><strong>Et</strong></span> <span class='ocrx_word' id='word_1_218' title='bbox 2965 1528 3064 1599; x_wconf 82' lang='grc' dir='ltr'><strong>μὲν</strong></span> <span class='ocrx_word' id='word_1_219' title='bbox 3107 1527 3216 1598; x_wconf 87' lang='grc' dir='ltr'><strong>γάρ</strong></span> <span class='ocrx_word' id='word_1_220' title='bbox 3250 1526 3436 1594; x_wconf 79' lang='grc' dir='ltr'>ἔλεγεν</span> <span class='ocrx_word' id='word_1_221' title='bbox 3493 1525 3650 1578; x_wconf 70' lang='grc' dir='ltr'>αὐτὸν</span> 
     </span>
    </p>
   </div>
   <div class='ocr_carea' id='block_1_34' title="bbox 373 1618 1858 1693">
    <p class='ocr_par' dir='ltr' id='par_1_34' title="bbox 373 1619 1858 1689">
     <span class='ocr_line' id='line_1_34' title="bbox 373 1619 1858 1689; baseline -0.005 -9"><span class='ocrx_word' id='word_1_222' title='bbox 373 1624 683 1689; x_wconf 85' lang='lat' dir='ltr'><strong>confessus,</strong></span> <span class='ocrx_word' id='word_1_223' title='bbox 707 1622 1068 1678; x_wconf 86' lang='lat' dir='ltr'><strong>convincendi</strong></span> <span class='ocrx_word' id='word_1_224' title='bbox 1099 1623 1184 1676; x_wconf 89' lang='lat' dir='ltr'><strong>sui</strong></span> <span class='ocrx_word' id='word_1_225' title='bbox 1213 1636 1404 1676; x_wconf 85' lang='lat' dir='ltr'><strong>ansam</strong></span> <span class='ocrx_word' id='word_1_226' title='bbox 1431 1621 1588 1676; x_wconf 91' lang='lat' dir='ltr'><strong>nobis</strong></span> <span class='ocrx_word' id='word_1_227' title='bbox 1615 1619 1858 1674; x_wconf 74' lang='lat' dir='ltr'><strong>obtrudei</strong></span> 
     </span>
    </p>
   </div>
   <div class='ocr_carea' id='block_1_35' title="bbox 2165 1618 3650 1693">
    <p class='ocr_par' dir='ltr' id='par_1_35' title="bbox 2165 1618 3650 1693">
     <span class='ocr_line' id='line_1_35' title="bbox 2165 1618 3650 1693; baseline -0.006 -18"><span class='ocrx_word' id='word_1_228' title='bbox 2165 1641 2190 1675; x_wconf 94' lang='grc' dir='ltr'><strong>ν</strong></span> <span class='ocrx_word' id='word_1_229' title='bbox 2217 1622 2422 1675; x_wconf 83' lang='grc' dir='ltr'>ἄνωθεν</span> <span class='ocrx_word' id='word_1_230' title='bbox 2456 1623 2661 1691; x_wconf 75' lang='grc' dir='ltr'>ἥκοντα</span> <span class='ocrx_word' id='word_1_231' title='bbox 2697 1619 3130 1693; x_wconf 75' lang='grc' dir='ltr'>περι-τετμῆσθαι</span> <span class='ocrx_word' id='word_1_232' title='bbox 3173 1618 3268 1689; x_wconf 83' lang='grc' dir='ltr'><strong>τήν</strong></span> <span class='ocrx_word' id='word_1_233' title='bbox 3303 1618 3650 1686; x_wconf 70' lang='grc' dir='ltr'>ὀκταήμερον</span> 
     </span>
    </p>
   </div>
   <div class='ocr_carea' id='block_1_36' title="bbox 375 1712 1953 1787">
    <p class='ocr_par' dir='ltr' id='par_1_36' title="bbox 375 1712 1953 1787">
     <span class='ocr_line' id='line_1_36' title="bbox 375 1712 1953 1787; baseline -0.004 -16"><span class='ocrx_word' id='word_1_234' title='bbox 375 1715 431 1772; x_wconf 83' lang='lat' dir='ltr'><strong>Si</strong></span> <span class='ocrx_word' id='word_1_235' title='bbox 479 1717 622 1770; x_wconf 89' lang='lat' dir='ltr'><strong>enim</strong></span> <span class='ocrx_word' id='word_1_236' title='bbox 677 1714 844 1770; x_wconf 91' lang='lat' dir='ltr'><strong>Deum</strong></span> <span class='ocrx_word' id='word_1_237' title='bbox 899 1714 1050 1768; x_wconf 90' lang='lat' dir='ltr'><strong>illum</strong></span> <span class='ocrx_word' id='word_1_238' title='bbox 1102 1729 1255 1778; x_wconf 91' lang='lat' dir='ltr'><strong>esse,</strong></span> <span class='ocrx_word' id='word_1_239' title='bbox 1301 1713 1627 1782; x_wconf 75' lang='lat' dir='ltr'><strong>cmlitusque</strong></span> <span class='ocrx_word' id='word_1_240' title='bbox 1671 1712 1953 1787; x_wconf 77' lang='lat' dir='ltr'><strong>delapsum</strong></span> 
     </span>
    </p>
   </div>
   <div class='ocr_carea' id='block_1_37' title="bbox 375 1789 1952 1875">
    <p class='ocr_par' dir='ltr' id='par_1_37' title="bbox 375 1789 1952 1875">
     <span class='ocr_line' id='line_1_37' title="bbox 375 1789 1952 1875; baseline -0.004 -13"><span class='ocrx_word' id='word_1_241' title='bbox 375 1815 685 1872; x_wconf 84' lang='lat' dir='ltr'><strong>assereret,</strong></span> <span class='ocrx_word' id='word_1_242' title='bbox 736 1815 1042 1875; x_wconf 88' lang='lat' dir='ltr'><strong>octavoque</strong></span> <span class='ocrx_word' id='word_1_243' title='bbox 1089 1805 1178 1860; x_wconf 89' lang='lat' dir='ltr'><strong>die</strong></span> <span class='ocrx_word' id='word_1_244' title='bbox 1223 1820 1254 1858; x_wconf 89' lang='lat' dir='ltr'><strong>a</strong></span> <span class='ocrx_word' id='word_1_245' title='bbox 1301 1803 1468 1858; x_wconf 87' lang='lat' dir='ltr'><strong>Maria</strong></span> <span class='ocrx_word' id='word_1_246' title='bbox 1525 1789 1952 1866; x_wconf 33' lang='lat' dir='ltr'><strong>circumcisum&quot;,</strong></span> 
     </span>
    </p>
   </div>
   <div class='ocr_carea' id='block_1_38' title="bbox 375 1894 1958 1968">
    <p class='ocr_par' dir='ltr' id='par_1_38' title="bbox 375 1894 1958 1968">
     <span class='ocr_line' id='line_1_38' title="bbox 375 1894 1958 1968; baseline -0.004 -13"><span class='ocrx_word' id='word_1_247' title='bbox 375 1910 488 1955; x_wconf 89' lang='lat' dir='ltr'><strong>tum</strong></span> <span class='ocrx_word' id='word_1_248' title='bbox 515 1897 732 1968; x_wconf 88' lang='lat' dir='ltr'><strong>quidem</strong></span> <span class='ocrx_word' id='word_1_249' title='bbox 768 1906 1037 1966; x_wconf 82' lang='lat' dir='ltr'><strong>quatenus</strong></span> <span class='ocrx_word' id='word_1_250' title='bbox 1065 1906 1118 1950; x_wconf 91' lang='lat' dir='ltr'><strong>et</strong></span> <span class='ocrx_word' id='word_1_251' title='bbox 1147 1895 1292 1951; x_wconf 87' lang='lat' dir='ltr'><strong>Deus</strong></span> <span class='ocrx_word' id='word_1_252' title='bbox 1326 1895 1485 1957; x_wconf 89' lang='lat' dir='ltr'><strong>foret,</strong></span> <span class='ocrx_word' id='word_1_253' title='bbox 1531 1904 1585 1950; x_wconf 90' lang='lat' dir='ltr'><strong>et</strong></span> <span class='ocrx_word' id='word_1_254' title='bbox 1622 1894 1677 1948; x_wconf 91' lang='lat' dir='ltr'><strong>id</strong></span> <span class='ocrx_word' id='word_1_255' title='bbox 1723 1895 1863 1948; x_wconf 92' lang='lat' dir='ltr'><strong>ultro</strong></span> <span class='ocrx_word' id='word_1_256' title='bbox 1893 1908 1958 1948; x_wconf 88' lang='lat' dir='ltr'><strong>ac</strong></span> 
     </span>
    </p>
   </div>
   <div class='ocr_carea' id='block_1_39' title="bbox 373 1985 1962 2058">
    <p class='ocr_par' dir='ltr' id='par_1_39' title="bbox 373 1985 1962 2058">
     <span class='ocr_line' id='line_1_39' title="bbox 373 1985 1962 2058; baseline 0.001 -20"><span class='ocrx_word' id='word_1_257' title='bbox 373 1990 652 2045; x_wconf 76' lang='lat' dir='ltr'><strong>voluntate</strong></span> <span class='ocrx_word' id='word_1_258' title='bbox 698 1988 1072 2058; x_wconf 90' lang='lat' dir='ltr'><strong>permisisset,</strong></span> <span class='ocrx_word' id='word_1_259' title='bbox 1105 1988 1414 2057; x_wconf 89' lang='lat' dir='ltr'><strong>speciosum</strong></span> <span class='ocrx_word' id='word_1_260' title='bbox 1446 1985 1704 2056; x_wconf 88' lang='lat' dir='ltr'><strong>quiddam</strong></span> <span class='ocrx_word' id='word_1_261' title='bbox 1743 2001 1806 2040; x_wconf 88' lang='lat' dir='ltr'><strong>ac</strong></span> <span class='ocrx_word' id='word_1_262' title='bbox 1837 2000 1962 2055; x_wconf 88' lang='lat' dir='ltr'><strong>pro-</strong></span> 
     </span>
    </p>
   </div>
   <div class='ocr_carea' id='block_1_40' title="bbox 375 2079 1962 2138">
    <p class='ocr_par' dir='ltr' id='par_1_40' title="bbox 375 2079 1962 2138">
     <span class='ocr_line' id='line_1_40' title="bbox 375 2079 1962 2138; baseline -0.005 0"><span class='ocrx_word' id='word_1_263' title='bbox 375 2083 555 2138; x_wconf 84' lang='lat' dir='ltr'><strong>habile</strong></span> <span class='ocrx_word' id='word_1_264' title='bbox 583 2081 651 2136; x_wconf 89' lang='lat' dir='ltr'><strong>ad</strong></span> <span class='ocrx_word' id='word_1_265' title='bbox 682 2081 1124 2136; x_wconf 87' lang='lat' dir='ltr'><strong>circumcisionis</strong></span> <span class='ocrx_word' id='word_1_266' title='bbox 1163 2079 1692 2134; x_wconf 87' lang='lat' dir='ltr'><strong>commendationem</strong></span> <span class='ocrx_word' id='word_1_267' title='bbox 1726 2079 1962 2132; x_wconf 85' lang='lat' dir='ltr'><strong>circum-</strong></span> 
     </span>
    </p>
   </div>
   <div class='ocr_carea' id='block_1_41' title="bbox 375 2167 1960 2241">
    <p class='ocr_par' dir='ltr' id='par_1_41' title="bbox 375 2167 1960 2241">
     <span class='ocr_line' id='line_1_41' title="bbox 375 2167 1960 2241; baseline -0.004 -14"><span class='ocrx_word' id='word_1_268' title='bbox 375 2172 600 2227; x_wconf 83' lang='lat' dir='ltr'><strong>foraneo</strong></span> <span class='ocrx_word' id='word_1_269' title='bbox 650 2171 808 2241; x_wconf 78' lang='lat'><strong>152</strong></span> <span class='ocrx_word' id='word_1_270' title='bbox 844 2171 937 2225; x_wconf 91' lang='lat' dir='ltr'><strong>isti</strong></span> <span class='ocrx_word' id='word_1_271' title='bbox 975 2170 1317 2241; x_wconf 66' lang='lat' dir='ltr'><strong>praebuisset.</strong></span> <span class='ocrx_word' id='word_1_272' title='bbox 1366 2167 1484 2223; x_wconf 85' lang='lat' dir='ltr'><strong>Jam</strong></span> <span class='ocrx_word' id='word_1_273' title='bbox 1522 2184 1650 2224; x_wconf 88' lang='lat' dir='ltr'><strong>vero</strong></span> <span class='ocrx_word' id='word_1_274' title='bbox 1688 2183 1812 2222; x_wconf 92' lang='lat' dir='ltr'><strong>cum</strong></span> <span class='ocrx_word' id='word_1_275' title='bbox 1846 2183 1960 2222; x_wconf 88' lang='lat' dir='ltr'><strong>me-</strong></span> 
     </span>
    </p>
   </div>
   <div class='ocr_carea' id='block_1_42' title="bbox 378 2257 1961 2328">
    <p class='ocr_par' dir='ltr' id='par_1_42' title="bbox 378 2257 1961 2328">
     <span class='ocr_line' id='line_1_42' title="bbox 378 2257 1961 2328; baseline -0.004 -11"><span class='ocrx_word' id='word_1_276' title='bbox 378 2278 501 2317; x_wconf 86' lang='lat' dir='ltr'><strong>rum</strong></span> <span class='ocrx_word' id='word_1_277' title='bbox 540 2261 694 2314; x_wconf 89' lang='lat' dir='ltr'><strong>illnm</strong></span> <span class='ocrx_word' id='word_1_278' title='bbox 726 2259 1001 2314; x_wconf 89' lang='lat' dir='ltr'><strong>hominem</strong></span> <span class='ocrx_word' id='word_1_279' title='bbox 1030 2275 1172 2323; x_wconf 88' lang='lat' dir='ltr'><strong>esse,</strong></span> <span class='ocrx_word' id='word_1_280' title='bbox 1207 2269 1367 2328; x_wconf 88' lang='lat' dir='ltr'><strong>atque</strong></span> <span class='ocrx_word' id='word_1_281' title='bbox 1409 2258 1476 2311; x_wconf 88' lang='lat' dir='ltr'><strong>ab</strong></span> <span class='ocrx_word' id='word_1_282' title='bbox 1507 2257 1822 2312; x_wconf 91' lang='lat' dir='ltr'><strong>hominibus</strong></span> <span class='ocrx_word' id='word_1_283' title='bbox 1852 2258 1961 2310; x_wconf 92' lang='lat' dir='ltr'><strong>cir-</strong></span> 
     </span>
    </p>
   </div>
   <div class='ocr_carea' id='block_1_43' title="bbox 377 2348 1962 2418">
    <p class='ocr_par' dir='ltr' id='par_1_43' title="bbox 377 2348 1962 2418">
     <span class='ocr_line' id='line_1_43' title="bbox 377 2348 1962 2418; baseline -0.004 -9"><span class='ocrx_word' id='word_1_284' title='bbox 377 2354 684 2408; x_wconf 83' lang='lat' dir='ltr'><strong>cumcisum</strong></span> <span class='ocrx_word' id='word_1_285' title='bbox 747 2349 919 2404; x_wconf 87' lang='lat' dir='ltr'><strong>fuisse</strong></span> <span class='ocrx_word' id='word_1_286' title='bbox 981 2350 1214 2414; x_wconf 88' lang='lat' dir='ltr'><strong>sentiat,</strong></span> <span class='ocrx_word' id='word_1_287' title='bbox 1267 2363 1612 2418; x_wconf 84' lang='lat' dir='ltr'><strong>nequaquam</strong></span> <span class='ocrx_word' id='word_1_288' title='bbox 1661 2363 1830 2417; x_wconf 90' lang='lat' dir='ltr'><strong>puero</strong></span> <span class='ocrx_word' id='word_1_289' title='bbox 1884 2348 1962 2402; x_wconf 86' lang='lat' dir='ltr'><strong>illi</strong></span> 
     </span>
    </p>
   </div>
   <div class='ocr_carea' id='block_1_44' title="bbox 379 2438 1962 2507">
    <p class='ocr_par' dir='ltr' id='par_1_44' title="bbox 379 2438 1962 2507">
     <span class='ocr_line' id='line_1_44' title="bbox 379 2438 1962 2507; baseline -0.002 -10"><span class='ocrx_word' id='word_1_290' title='bbox 379 2444 533 2498; x_wconf 79' lang='lat' dir='ltr'><strong>velut</strong></span> <span class='ocrx_word' id='word_1_291' title='bbox 566 2441 775 2495; x_wconf 89' lang='lat' dir='ltr'><strong>auctori</strong></span> <span class='ocrx_word' id='word_1_292' title='bbox 805 2438 1154 2494; x_wconf 90' lang='lat' dir='ltr'><strong>tribuendum</strong></span> <span class='ocrx_word' id='word_1_293' title='bbox 1179 2445 1298 2503; x_wconf 85' lang='lat' dir='ltr'><strong>est,</strong></span> <span class='ocrx_word' id='word_1_294' title='bbox 1334 2438 1478 2507; x_wconf 89' lang='lat' dir='ltr'><strong>quod</strong></span> <span class='ocrx_word' id='word_1_295' title='bbox 1512 2446 1703 2493; x_wconf 89' lang='lat' dir='ltr'><strong>octava</strong></span> <span class='ocrx_word' id='word_1_296' title='bbox 1738 2439 1809 2493; x_wconf 88' lang='lat' dir='ltr'><strong>sit</strong></span> <span class='ocrx_word' id='word_1_297' title='bbox 1842 2440 1962 2494; x_wconf 89' lang='lat' dir='ltr'><strong>luce</strong></span> 
     </span>
    </p>
   </div>
   <div class='ocr_carea' id='block_1_45' title="bbox 381 2529 1962 2600">
    <p class='ocr_par' dir='ltr' id='par_1_45' title="bbox 381 2529 1962 2600">
     <span class='ocr_line' id='line_1_45' title="bbox 381 2529 1962 2600; baseline -0.004 -10"><span class='ocrx_word' id='word_1_298' title='bbox 381 2533 758 2590; x_wconf 88' lang='lat' dir='ltr'><strong>circumcisus.</strong></span> <span class='ocrx_word' id='word_1_299' title='bbox 792 2529 977 2600; x_wconf 88' lang='lat' dir='ltr'><strong>Neque</strong></span> <span class='ocrx_word' id='word_1_300' title='bbox 1005 2531 1150 2585; x_wconf 92' lang='lat' dir='ltr'><strong>enim</strong></span> <span class='ocrx_word' id='word_1_301' title='bbox 1182 2531 1534 2599; x_wconf 87' lang='lat' dir='ltr'><strong>semetipsum</strong></span> <span class='ocrx_word' id='word_1_302' title='bbox 1567 2529 1834 2598; x_wconf 62' lang='lat' dir='ltr'><strong>praecidit,</strong></span> <span class='ocrx_word' id='word_1_303' title='bbox 1867 2531 1962 2584; x_wconf 87' lang='lat' dir='ltr'><strong>sed</strong></span> 
     </span>
    </p>
   </div>
   <div class='ocr_carea' id='block_1_46' title="bbox 381 2621 1962 2694">
    <p class='ocr_par' dir='ltr' id='par_1_46' title="bbox 381 2621 1962 2694">
     <span class='ocr_line' id='line_1_46' title="bbox 381 2621 1962 2694; baseline -0.003 -13"><span class='ocrx_word' id='word_1_304' title='bbox 381 2627 437 2682; x_wconf 80' lang='lat' dir='ltr'><strong>id</strong></span> <span class='ocrx_word' id='word_1_305' title='bbox 469 2627 537 2680; x_wconf 86' lang='lat' dir='ltr'><strong>ab</strong></span> <span class='ocrx_word' id='word_1_306' title='bbox 571 2625 695 2679; x_wconf 89' lang='lat' dir='ltr'><strong>aliis</strong></span> <span class='ocrx_word' id='word_1_307' title='bbox 741 2639 939 2694; x_wconf 90' lang='lat' dir='ltr'><strong>passus</strong></span> <span class='ocrx_word' id='word_1_308' title='bbox 973 2632 1056 2678; x_wconf 90' lang='lat' dir='ltr'><strong>est</strong></span> <span class='ocrx_word' id='word_1_309' title='bbox 1084 2638 1097 2673; x_wconf 88' lang='lat'>:</span> <span class='ocrx_word' id='word_1_310' title='bbox 1125 2621 1271 2692; x_wconf 89' lang='lat' dir='ltr'><strong>quod</strong></span> <span class='ocrx_word' id='word_1_311' title='bbox 1322 2621 1426 2676; x_wconf 88' lang='lat' dir='ltr'><strong>sibi</strong></span> <span class='ocrx_word' id='word_1_312' title='bbox 1476 2621 1610 2691; x_wconf 90' lang='lat' dir='ltr'><strong>ipsis</strong></span> <span class='ocrx_word' id='word_1_313' title='bbox 1652 2622 1806 2692; x_wconf 87' lang='lat' dir='ltr'><strong>pueri</strong></span> <span class='ocrx_word' id='word_1_314' title='bbox 1853 2638 1962 2676; x_wconf 92' lang='lat' dir='ltr'><strong>non</strong></span> 
     </span>
    </p>
   </div>
   <div class='ocr_carea' id='block_1_47' title="bbox 383 2711 1964 2785">
    <p class='ocr_par' dir='ltr' id='par_1_47' title="bbox 383 2711 1964 2785">
     <span class='ocr_line' id='line_1_47' title="bbox 383 2711 1964 2785; baseline -0.006 -11"><span class='ocrx_word' id='word_1_315' title='bbox 383 2719 629 2782; x_wconf 88' lang='lat' dir='ltr'><strong>faciunt,</strong></span> <span class='ocrx_word' id='word_1_316' title='bbox 679 2730 856 2785; x_wconf 84' lang='lat' dir='ltr'><strong>neque</strong></span> <span class='ocrx_word' id='word_1_317' title='bbox 890 2712 1332 2768; x_wconf 80' lang='lat' dir='ltr'><strong>circumcisiOnis</strong></span> <span class='ocrx_word' id='word_1_318' title='bbox 1381 2718 1638 2767; x_wconf 88' lang='lat' dir='ltr'><strong>auctores</strong></span> <span class='ocrx_word' id='word_1_319' title='bbox 1681 2712 1819 2782; x_wconf 91' lang='lat' dir='ltr'><strong>ipsi,</strong></span> <span class='ocrx_word' id='word_1_320' title='bbox 1868 2711 1964 2767; x_wconf 91' lang='lat' dir='ltr'><strong>sed</strong></span> 
     </span>
    </p>
   </div>
   <div class='ocr_carea' id='block_1_48' title="bbox 2061 1708 3651 1784">
    <p class='ocr_par' dir='ltr' id='par_1_48' title="bbox 2061 1708 3651 1784">
     <span class='ocr_line' id='line_1_48' title="bbox 2061 1708 3651 1784; baseline -0.006 -18"><span class='ocrx_word' id='word_1_321' title='bbox 2061 1713 2167 1766; x_wconf 74' lang='grc' dir='ltr'>ὑπὸ</span> <span class='ocrx_word' id='word_1_322' title='bbox 2192 1714 2288 1783; x_wconf 80' lang='grc' dir='ltr'>τῆς</span> <span class='ocrx_word' id='word_1_323' title='bbox 2310 1713 2549 1784; x_wconf 81' lang='grc' dir='ltr'>Μαρίας,</span> <span class='ocrx_word' id='word_1_324' title='bbox 2581 1711 2642 1764; x_wconf 83' lang='grc' dir='ltr'>τὸ</span> <span class='ocrx_word' id='word_1_325' title='bbox 2665 1710 2988 1781; x_wconf 80' lang='grc' dir='ltr'>τηνικαῦτα,</span> <span class='ocrx_word' id='word_1_326' title='bbox 3024 1709 3156 1772; x_wconf 84' lang='grc' dir='ltr'>Θεὸς</span> <span class='ocrx_word' id='word_1_327' title='bbox 3179 1709 3275 1770; x_wconf 81' lang='grc' dir='ltr'>ὣν,</span> <span class='ocrx_word' id='word_1_328' title='bbox 3304 1708 3398 1761; x_wconf 77' lang='grc' dir='ltr'><strong>καὶ</strong></span> <span class='ocrx_word' id='word_1_329' title='bbox 3440 1725 3651 1775; x_wconf 74' lang='grc' dir='ltr'>συγχω-</span> 
     </span>
    </p>
   </div>
   <div class='ocr_carea' id='block_1_49' title="bbox 2065 1798 3653 1878">
    <p class='ocr_par' dir='ltr' id='par_1_49' title="bbox 2065 1798 3653 1878">
     <span class='ocr_line' id='line_1_49' title="bbox 2065 1798 3653 1878; baseline -0.005 -21"><span class='ocrx_word' id='word_1_330' title='bbox 2065 1805 2173 1878; x_wconf 76' lang='grc' dir='ltr'>ρῶν</span> <span class='ocrx_word' id='word_1_331' title='bbox 2201 1806 2341 1858; x_wconf 87' lang='grc' dir='ltr'><strong>κατά</strong></span> <span class='ocrx_word' id='word_1_332' title='bbox 2368 1804 2504 1858; x_wconf 84' lang='grc' dir='ltr'>ἰδίαν</span> <span class='ocrx_word' id='word_1_333' title='bbox 2535 1803 2804 1865; x_wconf 82' lang='grc' dir='ltr'>εὐδοκίαν,</span> <span class='ocrx_word' id='word_1_334' title='bbox 2831 1805 3089 1874; x_wconf 81' lang='grc' dir='ltr'>παρεῖχεν</span> <span class='ocrx_word' id='word_1_335' title='bbox 3117 1800 3183 1854; x_wconf 80' lang='grc' dir='ltr'>ἂν</span> <span class='ocrx_word' id='word_1_336' title='bbox 3209 1800 3288 1871; x_wconf 79' lang='grc' dir='ltr'>τῷ</span> <span class='ocrx_word' id='word_1_337' title='bbox 3312 1799 3536 1869; x_wconf 71' lang='grc' dir='ltr'>ἁγύρτῃ</span> <span class='ocrx_word' id='word_1_338' title='bbox 3563 1798 3653 1864; x_wconf 74' lang='grc' dir='ltr'>τῆς</span> 
     </span>
    </p>
   </div>
   <div class='ocr_carea' id='block_1_50' title="bbox 2066 1891 3654 1969">
    <p class='ocr_par' dir='ltr' id='par_1_50' title="bbox 2066 1891 3654 1969">
     <span class='ocr_line' id='line_1_50' title="bbox 2066 1891 3654 1969; baseline -0.008 -19"><span class='ocrx_word' id='word_1_339' title='bbox 2066 1898 2364 1969; x_wconf 77' lang='grc' dir='ltr'>περιτομῆς</span> <span class='ocrx_word' id='word_1_340' title='bbox 2406 1895 2818 1964; x_wconf 83' lang='grc' dir='ltr'>πιθανολογίαν·</span> <span class='ocrx_word' id='word_1_341' title='bbox 2865 1897 3027 1948; x_wconf 78' lang='grc' dir='ltr'>ὁπότε</span> <span class='ocrx_word' id='word_1_342' title='bbox 3074 1894 3132 1947; x_wconf 68' lang='grc' dir='ltr'><strong>δε</strong></span> <span class='ocrx_word' id='word_1_343' title='bbox 3176 1892 3330 1962; x_wconf 70' lang='grc' dir='ltr'>ψιλὸν</span> <span class='ocrx_word' id='word_1_344' title='bbox 3364 1891 3654 1961; x_wconf 67' lang='grc' dir='ltr'>ἄνθρωπον</span> 
     </span>
    </p>
   </div>
   <div class='ocr_carea' id='block_1_51' title="bbox 2065 1985 3655 2059">
    <p class='ocr_par' dir='ltr' id='par_1_51' title="bbox 2065 1985 3655 2059">
     <span class='ocr_line' id='line_1_51' title="bbox 2065 1985 3655 2059; baseline -0.005 -18"><span class='ocrx_word' id='word_1_345' title='bbox 2065 1990 2224 2042; x_wconf 65' lang='grc' dir='ltr'>αὐτὸν</span> <span class='ocrx_word' id='word_1_346' title='bbox 2264 1987 2591 2058; x_wconf 85' lang='grc' dir='ltr'>γεγενῆσθαι</span> <span class='ocrx_word' id='word_1_347' title='bbox 2623 1989 2643 2019; x_wconf 86' lang='grc'>³</span> <span class='ocrx_word' id='word_1_348' title='bbox 2679 1987 2771 2042; x_wconf 81' lang='grc' dir='ltr'>ὑπ’</span> <span class='ocrx_word' id='word_1_349' title='bbox 2816 1986 3117 2059; x_wconf 82' lang='grc' dir='ltr'>ἀνθρώπων</span> <span class='ocrx_word' id='word_1_350' title='bbox 3154 1985 3528 2056; x_wconf 71' lang='grc' dir='ltr'>παρεισφέρει</span> <span class='ocrx_word' id='word_1_351' title='bbox 3567 1999 3655 2033; x_wconf 71' lang='grc' dir='ltr'>τῖε-</span> 
     </span>
    </p>
   </div>
   <div class='ocr_carea' id='block_1_52' title="bbox 2067 2073 3655 2152">
    <p class='ocr_par' dir='ltr' id='par_1_52' title="bbox 2067 2073 3655 2152">
     <span class='ocr_line' id='line_1_52' title="bbox 2067 2073 3655 2152; baseline -0.006 -21"><span class='ocrx_word' id='word_1_352' title='bbox 2067 2079 2448 2150; x_wconf 82' lang='grc' dir='ltr'>ριτετμῆσθαι,</span> <span class='ocrx_word' id='word_1_353' title='bbox 2477 2079 2660 2152; x_wconf 59' lang='grc' dir='ltr'>οὐκέτι</span> <span class='ocrx_word' id='word_1_354' title='bbox 2686 2079 2858 2142; x_wconf 81' lang='grc' dir='ltr'>αἴτιός</span> <span class='ocrx_word' id='word_1_355' title='bbox 2888 2081 3035 2131; x_wconf 77' lang='grc' dir='ltr'>ἐστιν</span> <span class='ocrx_word' id='word_1_356' title='bbox 3080 2079 3108 2130; x_wconf 86' lang='grc' dir='ltr'><strong>ὁ</strong></span> <span class='ocrx_word' id='word_1_357' title='bbox 3149 2078 3296 2141; x_wconf 85' lang='grc' dir='ltr'>παῖς,</span> <span class='ocrx_word' id='word_1_358' title='bbox 3331 2077 3378 2127; x_wconf 83' lang='grc' dir='ltr'><strong>εί</strong></span> <span class='ocrx_word' id='word_1_359' title='bbox 3425 2075 3533 2127; x_wconf 69' lang='grc' dir='ltr'><strong>καὶ</strong></span> <span class='ocrx_word' id='word_1_360' title='bbox 3565 2073 3655 2140; x_wconf 68' lang='grc' dir='ltr'><strong>τὴν</strong></span> 
     </span>
    </p>
   </div>
   <div class='ocr_carea' id='block_1_53' title="bbox 2065 2166 3656 2242">
    <p class='ocr_par' dir='ltr' id='par_1_53' title="bbox 2065 2166 3656 2242">
     <span class='ocr_line' id='line_1_53' title="bbox 2065 2166 3656 2242; baseline -0.004 -20"><span class='ocrx_word' id='word_1_361' title='bbox 2065 2172 2405 2242; x_wconf 81' lang='grc' dir='ltr'>ὀκταήμερον</span> <span class='ocrx_word' id='word_1_362' title='bbox 2450 2171 2745 2242; x_wconf 78' lang='grc' dir='ltr'>περιτομὴν</span> <span class='ocrx_word' id='word_1_363' title='bbox 2792 2168 3154 2241; x_wconf 80' lang='grc' dir='ltr'>περιετμήθη.</span> <span class='ocrx_word' id='word_1_364' title='bbox 3201 2170 3276 2221; x_wconf 75' lang='grc' dir='ltr'><strong>Οὐ</strong></span> <span class='ocrx_word' id='word_1_365' title='bbox 3319 2168 3430 2238; x_wconf 78' lang='grc' dir='ltr'>γὰρ</span> <span class='ocrx_word' id='word_1_366' title='bbox 3469 2166 3656 2218; x_wconf 68' lang='grc' dir='ltr'>ὲαυτὶν</span> 
     </span>
    </p>
   </div>
   <div class='ocr_carea' id='block_1_54' title="bbox 2068 2242 3657 2333">
    <p class='ocr_par' dir='ltr' id='par_1_54' title="bbox 2068 2257 3657 2333">
     <span class='ocr_line' id='line_1_54' title="bbox 2068 2257 3657 2333; baseline -0.005 -18"><span class='ocrx_word' id='word_1_367' title='bbox 2068 2263 2415 2333; x_wconf 80' lang='grc' dir='ltr'>περιέτεμεν,</span> <span class='ocrx_word' id='word_1_368' title='bbox 2460 2263 2574 2318; x_wconf 83' lang='grc' dir='ltr'>ἀλλ’</span> <span class='ocrx_word' id='word_1_369' title='bbox 2625 2262 2730 2314; x_wconf 86' lang='grc' dir='ltr'><strong>ὑπὸ</strong></span> <span class='ocrx_word' id='word_1_370' title='bbox 2779 2261 3082 2331; x_wconf 84' lang='grc' dir='ltr'>ἀνθρώπων</span> <span class='ocrx_word' id='word_1_371' title='bbox 3131 2258 3506 2330; x_wconf 76' lang='grc' dir='ltr'>περιετμήθη.</span> <span class='ocrx_word' id='word_1_372' title='bbox 3557 2257 3657 2308; x_wconf 73' lang='grc' dir='ltr'><strong>Καὶ</strong></span> 
     </span>
    </p>
   </div>
   <div class='ocr_carea' id='block_1_55' title="bbox 2067 2347 3656 2424">
    <p class='ocr_par' dir='ltr' id='par_1_55' title="bbox 2067 2347 3656 2424">
     <span class='ocr_line' id='line_1_55' title="bbox 2067 2347 3656 2424; baseline -0.005 -20"><span class='ocrx_word' id='word_1_373' title='bbox 2067 2353 2173 2424; x_wconf 79' lang='grc' dir='ltr'><strong>γὰρ</strong></span> <span class='ocrx_word' id='word_1_374' title='bbox 2204 2354 2253 2403; x_wconf 87' lang='grc' dir='ltr'><strong>οἱ</strong></span> <span class='ocrx_word' id='word_1_375' title='bbox 2290 2351 2478 2415; x_wconf 87' lang='grc' dir='ltr'>παῖδες</span> <span class='ocrx_word' id='word_1_376' title='bbox 2521 2351 2619 2420; x_wconf 81' lang='grc' dir='ltr'><strong>οὐχ</strong></span> <span class='ocrx_word' id='word_1_377' title='bbox 2664 2350 2890 2413; x_wconf 76' lang='grc' dir='ltr'>ἑαυτοὺς</span> <span class='ocrx_word' id='word_1_378' title='bbox 2939 2349 3356 2420; x_wconf 78' lang='grc' dir='ltr'>περιτέμνουσι,</span> <span class='ocrx_word' id='word_1_379' title='bbox 3396 2349 3502 2400; x_wconf 79' lang='grc' dir='ltr'><strong>καὶ</strong></span> <span class='ocrx_word' id='word_1_380' title='bbox 3544 2347 3656 2399; x_wconf 68' lang='grc' dir='ltr'><strong>οἱεὶὲ</strong></span> 
     </span>
    </p>
   </div>
   <div class='ocr_carea' id='block_1_56' title="bbox 2070 2439 3656 2513">
    <p class='ocr_par' dir='ltr' id='par_1_56' title="bbox 2070 2439 3656 2513">
     <span class='ocr_line' id='line_1_56' title="bbox 2070 2439 3656 2513; baseline -0.005 -16"><span class='ocrx_word' id='word_1_381' title='bbox 2070 2443 2230 2497; x_wconf 80' lang='grc' dir='ltr'>αἴτιοί</span> <span class='ocrx_word' id='word_1_382' title='bbox 2255 2446 2361 2496; x_wconf 78' lang='grc' dir='ltr'>εἰσι</span> <span class='ocrx_word' id='word_1_383' title='bbox 2401 2443 2500 2513; x_wconf 81' lang='grc' dir='ltr'>τῆς</span> <span class='ocrx_word' id='word_1_384' title='bbox 2527 2443 2734 2495; x_wconf 80' lang='grc' dir='ltr'>ἑαυτῶν</span> <span class='ocrx_word' id='word_1_385' title='bbox 2779 2443 3101 2512; x_wconf 79' lang='grc' dir='ltr'>περιτομῆς,</span> <span class='ocrx_word' id='word_1_386' title='bbox 3127 2440 3240 2494; x_wconf 82' lang='grc' dir='ltr'>ἀλλ’</span> <span class='ocrx_word' id='word_1_387' title='bbox 3270 2442 3321 2492; x_wconf 86' lang='grc' dir='ltr'>οἱ</span> <span class='ocrx_word' id='word_1_388' title='bbox 3354 2439 3546 2492; x_wconf 79' lang='grc' dir='ltr'>αὐτῶν</span> <span class='ocrx_word' id='word_1_389' title='bbox 3573 2456 3656 2505; x_wconf 77' lang='grc' dir='ltr'>γο-</span> 
     </span>
    </p>
   </div>
   <div class='ocr_carea' id='block_1_57' title="bbox 2069 2532 3660 2605">
    <p class='ocr_par' dir='ltr' id='par_1_57' title="bbox 2069 2532 3660 2605">
     <span class='ocr_line' id='line_1_57' title="bbox 2069 2532 3660 2605; baseline 0.003 -27"><span class='ocrx_word' id='word_1_390' title='bbox 2069 2537 2200 2592; x_wconf 75' lang='grc' dir='ltr'>νεῖς,</span> <span class='ocrx_word' id='word_1_391' title='bbox 2232 2535 2460 2588; x_wconf 80' lang='grc' dir='ltr'>Ἐκεῖνοι</span> <span class='ocrx_word' id='word_1_392' title='bbox 2505 2535 2612 2605; x_wconf 78' lang='grc' dir='ltr'><strong>γὰρ</strong></span> <span class='ocrx_word' id='word_1_393' title='bbox 2645 2534 2865 2605; x_wconf 78' lang='grc' dir='ltr'>βραχεῖς</span> <span class='ocrx_word' id='word_1_394' title='bbox 2909 2534 3081 2596; x_wconf 78' lang='grc' dir='ltr'>ὄντες,</span> <span class='ocrx_word' id='word_1_395' title='bbox 3117 2533 3478 2603; x_wconf 76' lang='grc' dir='ltr'>νηπιάζουσιν</span> <span class='ocrx_word' id='word_1_396' title='bbox 3510 2532 3660 2597; x_wconf 73' lang='grc' dir='ltr'>ἁγνοο</span> 
     </span>
    </p>
   </div>
   <div class='ocr_carea' id='block_1_58' title="bbox 2070 2623 3660 2690">
    <p class='ocr_par' dir='ltr' id='par_1_58' title="bbox 2070 2623 3660 2690">
     <span class='ocr_line' id='line_1_58' title="bbox 2070 2623 3660 2690; baseline -0.004 -13"><span class='ocrx_word' id='word_1_397' title='bbox 2070 2624 2274 2690; x_wconf 78' lang='grc' dir='ltr'>οῦντες,</span> <span class='ocrx_word' id='word_1_398' title='bbox 2305 2627 2402 2678; x_wconf 76' lang='grc' dir='ltr'><strong>καὶ</strong></span> <span class='ocrx_word' id='word_1_399' title='bbox 2447 2626 2567 2679; x_wconf 81' lang='grc' dir='ltr'>οὐδὲ</span> <span class='ocrx_word' id='word_1_400' title='bbox 2611 2625 2787 2678; x_wconf 81' lang='grc' dir='ltr'>οἴδασι</span> <span class='ocrx_word' id='word_1_401' title='bbox 2829 2623 2882 2676; x_wconf 87' lang='grc' dir='ltr'><strong>τί</strong></span> <span class='ocrx_word' id='word_1_402' title='bbox 2925 2627 3113 2688; x_wconf 74' lang='grc' dir='ltr'>αὐτοῖς</span> <span class='ocrx_word' id='word_1_403' title='bbox 3157 2625 3262 2678; x_wconf 74' lang='grc' dir='ltr'><strong>ὑπὸ</strong></span> <span class='ocrx_word' id='word_1_404' title='bbox 3299 2624 3410 2675; x_wconf 83' lang='grc' dir='ltr'><strong>τῶν</strong></span> <span class='ocrx_word' id='word_1_405' title='bbox 3464 2623 3660 2690; x_wconf 69' lang='grc' dir='ltr'>γονέων</span> 
     </span>
    </p>
   </div>
   <div class='ocr_carea' id='block_1_59' title="bbox 2071 2717 2301 2785">
    <p class='ocr_par' dir='ltr' id='par_1_59' title="bbox 2071 2717 2301 2785">
     <span class='ocr_line' id='line_1_59' title="bbox 2071 2717 2301 2785; baseline 0.009 -16"><span class='ocrx_word' id='word_1_406' title='bbox 2071 2717 2301 2785; x_wconf 86' lang='grc' dir='ltr'>γίνεται.</span> 
     </span>
    </p>
   </div>
   <div class='ocr_carea' id='block_1_60' title="bbox 382 2799 3660 2881">
    <p class='ocr_par' dir='ltr' id='par_1_60' title="bbox 382 2799 3660 2881">
     <span class='ocr_line' id='line_1_60' title="bbox 382 2799 3660 2881; baseline -0.003 -15"><span class='ocrx_word' id='word_1_407' title='bbox 382 2825 570 2866; x_wconf 90' lang='lat' dir='ltr'><strong>eorum</strong></span> <span class='ocrx_word' id='word_1_408' title='bbox 604 2809 783 2879; x_wconf 86' lang='lat' dir='ltr'><strong>potius</strong></span> <span class='ocrx_word' id='word_1_409' title='bbox 818 2811 1076 2876; x_wconf 86' lang='lat' dir='ltr'><strong>parentes</strong></span> <span class='ocrx_word' id='word_1_410' title='bbox 1121 2801 1359 2858; x_wconf 88' lang='lat' dir='ltr'><strong>habendi</strong></span> <span class='ocrx_word' id='word_1_411' title='bbox 1425 2811 1577 2858; x_wconf 88' lang='lat' dir='ltr'><strong>sunt.</strong></span> <span class='ocrx_word' id='word_1_412' title='bbox 1628 2801 1842 2857; x_wconf 88' lang='lat' dir='ltr'><strong>Etenim</strong></span> <span class='ocrx_word' id='word_1_413' title='bbox 1894 2799 2152 2874; x_wconf 84' lang='lat' dir='ltr'><strong>pusioncs</strong></span> <span class='ocrx_word' id='word_1_414' title='bbox 2188 2810 2264 2864; x_wconf 91' lang='lat' dir='ltr'><strong>illi</strong></span> <span class='ocrx_word' id='word_1_415' title='bbox 2311 2826 2422 2881; x_wconf 67' lang='lat' dir='ltr'><strong>pm</strong></span> <span class='ocrx_word' id='word_1_416' title='bbox 2474 2811 2701 2866; x_wconf 80' lang='lat' dir='ltr'><strong>infantia</strong></span> <span class='ocrx_word' id='word_1_417' title='bbox 2772 2810 2904 2880; x_wconf 90' lang='lat' dir='ltr'><strong>quid</strong></span> <span class='ocrx_word' id='word_1_418' title='bbox 2946 2809 3048 2864; x_wconf 89' lang='lat' dir='ltr'><strong>sibi</strong></span> <span class='ocrx_word' id='word_1_419' title='bbox 3116 2824 3146 2862; x_wconf 88' lang='lat' dir='ltr'><strong>a</strong></span> <span class='ocrx_word' id='word_1_420' title='bbox 3191 2806 3525 2878; x_wconf 86' lang='lat' dir='ltr'><strong>parentibus</strong></span> <span class='ocrx_word' id='word_1_421' title='bbox 3580 2803 3660 2856; x_wconf 79' lang='lat' dir='ltr'><strong>ﬁat</strong></span> 
     </span>
    </p>
   </div>
   <div class='ocr_carea' id='block_1_61' title="bbox 380 2903 658 2974">
    <p class='ocr_par' dir='ltr' id='par_1_61' title="bbox 380 2903 658 2974">
     <span class='ocr_line' id='line_1_61' title="bbox 380 2903 658 2974; baseline -0.018 -16"><span class='ocrx_word' id='word_1_422' title='bbox 380 2903 658 2974; x_wconf 56' lang='lat' dir='ltr'><strong>fgnorant.</strong></span> 
     </span>
    </p>
   </div>
   <div class='ocr_carea' id='block_1_62' title="bbox 455 2989 1940 3064">
    <p class='ocr_par' dir='ltr' id='par_1_62' title="bbox 455 2989 1940 3048">
     <span class='ocr_line' id='line_1_62' title="bbox 455 2989 1940 3048; baseline -0.003 -1"><span class='ocrx_word' id='word_1_423' title='bbox 455 2993 668 3048; x_wconf 69' lang='lat' dir='ltr'><strong>XXVII.</strong></span> <span class='ocrx_word' id='word_1_424' title='bbox 699 2993 769 3046; x_wconf 87' lang='lat' dir='ltr'><strong>At</strong></span> <span class='ocrx_word' id='word_1_425' title='bbox 798 3007 899 3047; x_wconf 92' lang='lat' dir='ltr'><strong>nos</strong></span> <span class='ocrx_word' id='word_1_426' title='bbox 925 2999 979 3045; x_wconf 91' lang='lat' dir='ltr'><strong>et</strong></span> <span class='ocrx_word' id='word_1_427' title='bbox 1005 2989 1176 3045; x_wconf 91' lang='lat' dir='ltr'><strong>Deum</strong></span> <span class='ocrx_word' id='word_1_428' title='bbox 1208 2989 1363 3044; x_wconf 87' lang='lat' dir='ltr'><strong>illum</strong></span> <span class='ocrx_word' id='word_1_429' title='bbox 1387 3004 1418 3044; x_wconf 90' lang='lat' dir='ltr'><strong>e</strong></span> <span class='ocrx_word' id='word_1_430' title='bbox 1447 2989 1590 3044; x_wconf 73' lang='lat' dir='ltr'><strong>cmlo</strong></span> <span class='ocrx_word' id='word_1_431' title='bbox 1623 2989 1940 3044; x_wconf 89' lang='lat' dir='ltr'><strong>deseendiss</strong></span> 
     </span>
    </p>
   </div>
   <div class='ocr_carea' id='block_1_63' title="bbox 2175 2989 3660 3064">
    <p class='ocr_par' dir='ltr' id='par_1_63' title="bbox 2175 2989 3660 3064">
     <span class='ocr_line' id='line_1_63' title="bbox 2175 2989 3660 3064; baseline -0.003 -19"><span class='ocrx_word' id='word_1_432' title='bbox 2175 2996 2274 3048; x_wconf 76' lang='lat' dir='ltr'><strong>LZ&#39;.</strong></span> <span class='ocrx_word' id='word_1_433' title='bbox 2320 2995 2510 3064; x_wconf 81' lang='grc' dir='ltr'>Ἡμεῖς</span> <span class='ocrx_word' id='word_1_434' title='bbox 2537 2994 2592 3046; x_wconf 87' lang='grc' dir='ltr'><strong>δὲ</strong></span> <span class='ocrx_word' id='word_1_435' title='bbox 2636 2994 2729 3047; x_wconf 74' lang='grc' dir='ltr'>καὶ</span> <span class='ocrx_word' id='word_1_436' title='bbox 2766 2993 2897 3046; x_wconf 81' lang='grc' dir='ltr'>Θεὸν</span> <span class='ocrx_word' id='word_1_437' title='bbox 2922 2991 3084 3045; x_wconf 76' lang='grc' dir='ltr'>αὐτὸν</span> <span class='ocrx_word' id='word_1_438' title='bbox 3112 2989 3345 3060; x_wconf 88' lang='grc' dir='ltr'>λέγομεν</span> <span class='ocrx_word' id='word_1_439' title='bbox 3371 2990 3475 3042; x_wconf 83' lang='grc' dir='ltr'>ἀπ’</span> <span class='ocrx_word' id='word_1_440' title='bbox 3505 2991 3660 3058; x_wconf 68' lang='grc' dir='ltr'>οὐρα-</span> 
     </span>
    </p>
   </div>
   <div class='ocr_carea' id='block_1_64' title="bbox 385 3079 1970 3152">
    <p class='ocr_par' dir='ltr' id='par_1_64' title="bbox 385 3079 1970 3152">
     <span class='ocr_line' id='line_1_64' title="bbox 385 3079 1970 3152; baseline -0.004 -11"><span class='ocrx_word' id='word_1_441' title='bbox 385 3087 643 3150; x_wconf 89' lang='lat' dir='ltr'><strong>dicimus,</strong></span> <span class='ocrx_word' id='word_1_442' title='bbox 675 3094 728 3139; x_wconf 92' lang='lat' dir='ltr'><strong>et</strong></span> <span class='ocrx_word' id='word_1_443' title='bbox 759 3084 812 3137; x_wconf 91' lang='lat' dir='ltr'><strong>in</strong></span> <span class='ocrx_word' id='word_1_444' title='bbox 845 3081 1031 3136; x_wconf 70' lang='lat' dir='ltr'><strong>Maria:</strong></span> <span class='ocrx_word' id='word_1_445' title='bbox 1060 3079 1302 3152; x_wconf 81' lang='lat' dir='ltr'><strong>Virginis</strong></span> <span class='ocrx_word' id='word_1_446' title='bbox 1351 3089 1505 3136; x_wconf 88' lang='lat' dir='ltr'><strong>utero</strong></span> <span class='ocrx_word' id='word_1_447' title='bbox 1551 3081 1795 3150; x_wconf 86' lang='lat' dir='ltr'><strong>legitimo</strong></span> <span class='ocrx_word' id='word_1_448' title='bbox 1837 3090 1970 3135; x_wconf 89' lang='lat' dir='ltr'><strong>tem-</strong></span> 
     </span>
    </p>
   </div>
   <div class='ocr_carea' id='block_1_65' title="bbox 386 3171 1974 3248">
    <p class='ocr_par' dir='ltr' id='par_1_65' title="bbox 386 3171 1974 3248">
     <span class='ocr_line' id='line_1_65' title="bbox 386 3171 1974 3248; baseline -0.003 -17"><span class='ocrx_word' id='word_1_449' title='bbox 386 3191 520 3248; x_wconf 90' lang='lat' dir='ltr'><strong>pore</strong></span> <span class='ocrx_word' id='word_1_450' title='bbox 567 3173 978 3246; x_wconf 89' lang='lat' dir='ltr'><strong>permansisse,</strong></span> <span class='ocrx_word' id='word_1_451' title='bbox 1033 3179 1240 3243; x_wconf 90' lang='lat' dir='ltr'><strong>quanto</strong></span> <span class='ocrx_word' id='word_1_452' title='bbox 1295 3171 1503 3227; x_wconf 91' lang='lat' dir='ltr'><strong>scilicet</strong></span> <span class='ocrx_word' id='word_1_453' title='bbox 1549 3172 1751 3242; x_wconf 80' lang='lat' dir='ltr'><strong>gestari</strong></span> <span class='ocrx_word' id='word_1_454' title='bbox 1792 3171 1974 3226; x_wconf 60' lang='lat' dir='ltr'><strong>caeteri</strong></span> 
     </span>
    </p>
   </div>
   <div class='ocr_carea' id='block_1_66' title="bbox 387 3261 1974 3334">
    <p class='ocr_par' dir='ltr' id='par_1_66' title="bbox 387 3261 1974 3334">
     <span class='ocr_line' id='line_1_66' title="bbox 387 3261 1974 3334; baseline -0.005 -10"><span class='ocrx_word' id='word_1_455' title='bbox 387 3268 677 3324; x_wconf 88' lang='lat' dir='ltr'><strong>infantium</strong></span> <span class='ocrx_word' id='word_1_456' title='bbox 714 3265 910 3329; x_wconf 91' lang='lat' dir='ltr'><strong>solent,</strong></span> <span class='ocrx_word' id='word_1_457' title='bbox 944 3263 1119 3319; x_wconf 92' lang='lat' dir='ltr'><strong>donec</strong></span> <span class='ocrx_word' id='word_1_458' title='bbox 1145 3279 1210 3318; x_wconf 80' lang='lat' dir='ltr'><strong>ex</strong></span> <span class='ocrx_word' id='word_1_459' title='bbox 1243 3263 1337 3319; x_wconf 93' lang='lat' dir='ltr'><strong>illo</strong></span> <span class='ocrx_word' id='word_1_460' title='bbox 1376 3261 1616 3333; x_wconf 82' lang='lat' dir='ltr'><strong>Virginis</strong></span> <span class='ocrx_word' id='word_1_461' title='bbox 1650 3272 1807 3318; x_wconf 85' lang='lat' dir='ltr'><strong>utero</strong></span> <span class='ocrx_word' id='word_1_462' title='bbox 1841 3278 1974 3334; x_wconf 89' lang='lat' dir='ltr'><strong>pro-</strong></span> 
     </span>
    </p>
   </div>
   <div class='ocr_carea' id='block_1_67' title="bbox 389 3348 1974 3434">
    <p class='ocr_par' dir='ltr' id='par_1_67' title="bbox 389 3348 1974 3434">
     <span class='ocr_line' id='line_1_67' title="bbox 389 3348 1974 3434; baseline -0.003 -19"><span class='ocrx_word' id='word_1_463' title='bbox 389 3361 570 3424; x_wconf 90' lang='lat' dir='ltr'><strong>fusus,</strong></span> <span class='ocrx_word' id='word_1_464' title='bbox 603 3358 847 3434; x_wconf 81' lang='lat' dir='ltr'><strong>perfecto</strong></span> <span class='ocrx_word' id='word_1_465' title='bbox 873 3357 986 3426; x_wconf 89' lang='lat' dir='ltr'><strong>jam</strong></span> <span class='ocrx_word' id='word_1_466' title='bbox 1023 3356 1260 3410; x_wconf 89' lang='lat' dir='ltr'><strong>hominis</strong></span> <span class='ocrx_word' id='word_1_467' title='bbox 1295 3355 1441 3425; x_wconf 88' lang='lat' dir='ltr'><strong>quod</strong></span> <span class='ocrx_word' id='word_1_468' title='bbox 1490 3356 1743 3410; x_wconf 91' lang='lat' dir='ltr'><strong>induerat</strong></span> <span class='ocrx_word' id='word_1_469' title='bbox 1777 3348 1974 3425; x_wconf 79' lang='lat' dir='ltr'><strong>cerpo-</strong></span> 
     </span>
    </p>
   </div>
   <div class='ocr_carea' id='block_1_68' title="bbox 387 3435 1972 3520">
    <p class='ocr_par' dir='ltr' id='par_1_68' title="bbox 387 3435 1972 3520">
     <span class='ocr_line' id='line_1_68' title="bbox 387 3435 1972 3520; baseline -0.005 -11"><span class='ocrx_word' id='word_1_470' title='bbox 387 3469 472 3518; x_wconf 83' lang='lat' dir='ltr'><strong>re,</strong></span> <span class='ocrx_word' id='word_1_471' title='bbox 518 3435 826 3520; x_wconf 84' lang='lat' dir='ltr'><strong>susceptam</strong></span> <span class='ocrx_word' id='word_1_472' title='bbox 863 3465 893 3503; x_wconf 92' lang='lat' dir='ltr'><strong>a</strong></span> <span class='ocrx_word' id='word_1_473' title='bbox 938 3463 998 3502; x_wconf 91' lang='lat' dir='ltr'><strong>se</strong></span> <span class='ocrx_word' id='word_1_474' title='bbox 1045 3448 1240 3503; x_wconf 88' lang='lat' dir='ltr'><strong>salutis</strong></span> <span class='ocrx_word' id='word_1_475' title='bbox 1289 3457 1491 3503; x_wconf 69' lang='lat' dir='ltr'><strong>nostra:</strong></span> <span class='ocrx_word' id='word_1_476' title='bbox 1535 3447 1972 3517; x_wconf 88' lang='lat' dir='ltr'><strong>procurationem</strong></span> 
     </span>
    </p>
   </div>
   <div class='ocr_carea' id='block_1_69' title="bbox 389 3539 1974 3616">
    <p class='ocr_par' dir='ltr' id='par_1_69' title="bbox 389 3539 1974 3616">
     <span class='ocr_line' id='line_1_69' title="bbox 389 3539 1974 3616; baseline -0.005 -15"><span class='ocrx_word' id='word_1_477' title='bbox 389 3545 614 3616; x_wconf 84' lang='lat' dir='ltr'><strong>aggredi</strong></span> <span class='ocrx_word' id='word_1_478' title='bbox 665 3542 923 3597; x_wconf 84' lang='lat' dir='ltr'><strong>instituit.</strong></span> <span class='ocrx_word' id='word_1_479' title='bbox 959 3539 1016 3594; x_wconf 93' lang='lat' dir='ltr'><strong>In</strong></span> <span class='ocrx_word' id='word_1_480' title='bbox 1048 3555 1154 3610; x_wconf 87' lang='lat' dir='ltr'><strong>qua</strong></span> <span class='ocrx_word' id='word_1_481' title='bbox 1187 3549 1242 3595; x_wconf 90' lang='lat' dir='ltr'><strong>et</strong></span> <span class='ocrx_word' id='word_1_482' title='bbox 1278 3540 1346 3610; x_wconf 78' lang='lat' dir='ltr'><strong>ad</strong></span> <span class='ocrx_word' id='word_1_483' title='bbox 1389 3539 1532 3595; x_wconf 90' lang='lat' dir='ltr'><strong>diem</strong></span> <span class='ocrx_word' id='word_1_484' title='bbox 1573 3548 1829 3594; x_wconf 87' lang='lat' dir='ltr'><strong>octavum</strong></span> <span class='ocrx_word' id='word_1_485' title='bbox 1864 3554 1974 3594; x_wconf 91' lang='lat' dir='ltr'><strong>non</strong></span> 
     </span>
    </p>
   </div>
   <div class='ocr_carea' id='block_1_70' title="bbox 391 3630 1976 3710">
    <p class='ocr_par' dir='ltr' id='par_1_70' title="bbox 391 3630 1976 3710">
     <span class='ocr_line' id='line_1_70' title="bbox 391 3630 1976 3710; baseline -0.006 -15"><span class='ocrx_word' id='word_1_486' title='bbox 391 3637 576 3710; x_wconf 87' lang='lat' dir='ltr'><strong>specie</strong></span> <span class='ocrx_word' id='word_1_487' title='bbox 627 3645 828 3698; x_wconf 89' lang='lat' dir='ltr'><strong>tenus,</strong></span> <span class='ocrx_word' id='word_1_488' title='bbox 878 3633 973 3688; x_wconf 90' lang='lat' dir='ltr'><strong>sed</strong></span> <span class='ocrx_word' id='word_1_489' title='bbox 1029 3633 1210 3703; x_wconf 88' lang='lat' dir='ltr'><strong>reipsa</strong></span> <span class='ocrx_word' id='word_1_490' title='bbox 1254 3631 1614 3687; x_wconf 87' lang='lat' dir='ltr'><strong>circumcisus</strong></span> <span class='ocrx_word' id='word_1_491' title='bbox 1659 3641 1766 3687; x_wconf 92' lang='lat' dir='ltr'><strong>est.</strong></span> <span class='ocrx_word' id='word_1_492' title='bbox 1812 3630 1976 3686; x_wconf 81' lang='lat' dir='ltr'><strong>Venit</strong></span> 
     </span>
    </p>
   </div>
   <div class='ocr_carea' id='block_1_71' title="bbox 373 3715 1971 3798">
    <p class='ocr_par' dir='ltr' id='par_1_71' title="bbox 373 3715 1971 3798">
     <span class='ocr_line' id='line_1_71' title="bbox 373 3715 1971 3798; baseline -0.007 -12"><span class='ocrx_word' id='word_1_493' title='bbox 373 3731 540 3796; x_wconf 59' lang='lat' dir='ltr'><strong>,enim</strong></span> <span class='ocrx_word' id='word_1_494' title='bbox 589 3737 646 3783; x_wconf 91' lang='lat' dir='ltr'><strong>ut</strong></span> <span class='ocrx_word' id='word_1_495' title='bbox 689 3729 860 3798; x_wconf 83' lang='lat' dir='ltr'><strong>legem</strong></span> <span class='ocrx_word' id='word_1_496' title='bbox 892 3740 957 3780; x_wconf 89' lang='lat' dir='ltr'><strong>ac</strong></span> <span class='ocrx_word' id='word_1_497' title='bbox 1000 3715 1392 3796; x_wconf 88' lang='lat' dir='ltr'><strong>prophetarum</strong></span> <span class='ocrx_word' id='word_1_498' title='bbox 1439 3724 1688 3794; x_wconf 90' lang='lat' dir='ltr'><strong>impleret</strong></span> <span class='ocrx_word' id='word_1_499' title='bbox 1730 3724 1971 3788; x_wconf 86' lang='lat' dir='ltr'><strong>oracula,</strong></span> 
     </span>
    </p>
   </div>
   <div class='ocr_carea' id='block_1_72' title="bbox 395 3813 1975 3886">
    <p class='ocr_par' dir='ltr' id='par_1_72' title="bbox 395 3813 1975 3886">
     <span class='ocr_line' id='line_1_72' title="bbox 395 3813 1975 3886; baseline -0.006 -10"><span class='ocrx_word' id='word_1_500' title='bbox 395 3837 504 3876; x_wconf 75' lang='lat' dir='ltr'><strong>non</strong></span> <span class='ocrx_word' id='word_1_501' title='bbox 531 3827 795 3874; x_wconf 87' lang='lat' dir='ltr'><strong>everteret</strong></span> <span class='ocrx_word' id='word_1_502' title='bbox 823 3819 876 3882; x_wconf 86' lang='grc'><strong>¹;</strong></span> <span class='ocrx_word' id='word_1_503' title='bbox 909 3824 1073 3886; x_wconf 89' lang='lat' dir='ltr'><strong>atque</strong></span> <span class='ocrx_word' id='word_1_504' title='bbox 1107 3825 1165 3870; x_wconf 91' lang='lat' dir='ltr'><strong>ut</strong></span> <span class='ocrx_word' id='word_1_505' title='bbox 1190 3815 1423 3869; x_wconf 89' lang='lat' dir='ltr'><strong>alienam</strong></span> <span class='ocrx_word' id='word_1_506' title='bbox 1456 3829 1563 3870; x_wconf 92' lang='lat' dir='ltr'><strong>non</strong></span> <span class='ocrx_word' id='word_1_507' title='bbox 1596 3813 1768 3869; x_wconf 85' lang='lat' dir='ltr'><strong>fuisse</strong></span> <span class='ocrx_word' id='word_1_508' title='bbox 1800 3814 1975 3884; x_wconf 86' lang='lat' dir='ltr'><strong>legem</strong></span> 
     </span>
    </p>
   </div>
   <div class='ocr_carea' id='block_1_73' title="bbox 392 3906 1976 3978">
    <p class='ocr_par' dir='ltr' id='par_1_73' title="bbox 392 3906 1976 3978">
     <span class='ocr_line' id='line_1_73' title="bbox 392 3906 1976 3978; baseline -0.005 -11"><span class='ocrx_word' id='word_1_509' title='bbox 392 3911 725 3974; x_wconf 88' lang='lat' dir='ltr'><strong>ostenderet,</strong></span> <span class='ocrx_word' id='word_1_510' title='bbox 759 3908 852 3964; x_wconf 90' lang='lat' dir='ltr'><strong>sed</strong></span> <span class='ocrx_word' id='word_1_511' title='bbox 886 3924 914 3961; x_wconf 90' lang='lat' dir='ltr'><strong>a</strong></span> <span class='ocrx_word' id='word_1_512' title='bbox 941 3908 1125 3978; x_wconf 88' lang='lat' dir='ltr'><strong>seipso</strong></span> <span class='ocrx_word' id='word_1_513' title='bbox 1157 3921 1476 3960; x_wconf 87' lang='lat' dir='ltr'><strong>concessam</strong></span> <span class='ocrx_word' id='word_1_514' title='bbox 1506 3906 1572 3959; x_wconf 88' lang='lat' dir='ltr'><strong>ad</strong></span> <span class='ocrx_word' id='word_1_515' title='bbox 1609 3921 1767 3960; x_wconf 90' lang='lat' dir='ltr'><strong>suum</strong></span> <span class='ocrx_word' id='word_1_516' title='bbox 1799 3919 1976 3974; x_wconf 90' lang='lat' dir='ltr'><strong>usque</strong></span> 
     </span>
    </p>
   </div>
   <div class='ocr_carea' id='block_1_74' title="bbox 392 3985 1977 4071">
    <p class='ocr_par' dir='ltr' id='par_1_74' title="bbox 392 3985 1977 4071">
     <span class='ocr_line' id='line_1_74' title="bbox 392 3985 1977 4071; baseline -0.003 -16"><span class='ocrx_word' id='word_1_517' title='bbox 392 4012 612 4071; x_wconf 90' lang='lat' dir='ltr'><strong>tempus</strong></span> <span class='ocrx_word' id='word_1_518' title='bbox 641 4001 744 4054; x_wconf 91' lang='lat' dir='ltr'><strong>sub</strong></span> <span class='ocrx_word' id='word_1_519' title='bbox 773 3985 1104 4069; x_wconf 77' lang='lat' dir='ltr'><strong>quibusdam</strong></span> <span class='ocrx_word' id='word_1_520' title='bbox 1139 3997 1439 4068; x_wconf 77' lang='lat' dir='ltr'><strong>figurarum</strong></span> <span class='ocrx_word' id='word_1_521' title='bbox 1463 3997 1612 4051; x_wconf 90' lang='lat' dir='ltr'><strong>velut</strong></span> <span class='ocrx_word' id='word_1_522' title='bbox 1640 3996 1977 4051; x_wconf 90' lang='lat' dir='ltr'><strong>umbraculis</strong></span> 
     </span>
    </p>
   </div>
   <div class='ocr_carea' id='block_1_75' title="bbox 393 4088 1979 4165">
    <p class='ocr_par' dir='ltr' id='par_1_75' title="bbox 393 4088 1979 4165">
     <span class='ocr_line' id='line_1_75' title="bbox 393 4088 1979 4165; baseline -0.001 -20"><span class='ocrx_word' id='word_1_523' title='bbox 393 4095 702 4165; x_wconf 78' lang='lat' dir='ltr'><strong>perstitisse</strong></span> <span class='ocrx_word' id='word_1_524' title='bbox 737 4106 887 4162; x_wconf 89' lang='lat' dir='ltr'><strong>:quo</strong></span> <span class='ocrx_word' id='word_1_525' title='bbox 935 4091 988 4144; x_wconf 91' lang='lat' dir='ltr'><strong>in</strong></span> <span class='ocrx_word' id='word_1_526' title='bbox 1035 4105 1158 4144; x_wconf 90' lang='lat' dir='ltr'><strong>sese</strong></span> <span class='ocrx_word' id='word_1_527' title='bbox 1206 4104 1271 4142; x_wconf 90' lang='lat' dir='ltr'><strong>ac</strong></span> <span class='ocrx_word' id='word_1_528' title='bbox 1315 4105 1409 4157; x_wconf 88' lang='lat' dir='ltr'><strong>per</strong></span> <span class='ocrx_word' id='word_1_529' title='bbox 1453 4105 1574 4144; x_wconf 89' lang='lat' dir='ltr'><strong>sese</strong></span> <span class='ocrx_word' id='word_1_530' title='bbox 1615 4088 1979 4158; x_wconf 88' lang='lat' dir='ltr'><strong>quodcunque</strong></span> 
     </span>
    </p>
   </div>
   <div class='ocr_carea' id='block_1_76' title="bbox 395 4177 1980 4252">
    <p class='ocr_par' dir='ltr' id='par_1_76' title="bbox 395 4177 1980 4252">
     <span class='ocr_line' id='line_1_76' title="bbox 395 4177 1980 4252; baseline -0.004 -15"><span class='ocrx_word' id='word_1_531' title='bbox 395 4183 497 4252; x_wconf 72' lang='lat' dir='ltr'><strong>legi</strong></span> <span class='ocrx_word' id='word_1_532' title='bbox 527 4182 710 4236; x_wconf 87' lang='lat' dir='ltr'><strong>deerat</strong></span> <span class='ocrx_word' id='word_1_533' title='bbox 736 4187 1014 4249; x_wconf 84' lang='lat' dir='ltr'><strong>postremo</strong></span> <span class='ocrx_word' id='word_1_534' title='bbox 1044 4177 1362 4246; x_wconf 89' lang='lat' dir='ltr'><strong>suppleret;</strong></span> <span class='ocrx_word' id='word_1_535' title='bbox 1389 4177 1691 4246; x_wconf 89' lang='lat' dir='ltr'><strong>eademque</strong></span> <span class='ocrx_word' id='word_1_536' title='bbox 1720 4177 1811 4230; x_wconf 93' lang='lat' dir='ltr'><strong>illa</strong></span> <span class='ocrx_word' id='word_1_537' title='bbox 1843 4178 1980 4248; x_wconf 82' lang='lat' dir='ltr'><strong>figu-</strong></span> 
     </span>
    </p>
   </div>
   <div class='ocr_carea' id='block_1_77' title="bbox 396 4268 1978 4338">
    <p class='ocr_par' dir='ltr' id='par_1_77' title="bbox 396 4268 1978 4338">
     <span class='ocr_line' id='line_1_77' title="bbox 396 4268 1978 4338; baseline -0.001 -12"><span class='ocrx_word' id='word_1_538' title='bbox 396 4287 584 4326; x_wconf 87' lang='lat' dir='ltr'><strong>rarum</strong></span> <span class='ocrx_word' id='word_1_539' title='bbox 621 4271 899 4324; x_wconf 86' lang='lat' dir='ltr'><strong>involucra</strong></span> <span class='ocrx_word' id='word_1_540' title='bbox 925 4269 991 4322; x_wconf 89' lang='lat' dir='ltr'><strong>ad</strong></span> <span class='ocrx_word' id='word_1_541' title='bbox 1020 4269 1320 4338; x_wconf 87' lang='lat' dir='ltr'><strong>spiritalem</strong></span> <span class='ocrx_word' id='word_1_542' title='bbox 1354 4268 1766 4337; x_wconf 78' lang='lat' dir='ltr'><strong>perfectionem,</strong></span> <span class='ocrx_word' id='word_1_543' title='bbox 1801 4284 1864 4322; x_wconf 92' lang='lat' dir='ltr'><strong>ac</strong></span> <span class='ocrx_word' id='word_1_544' title='bbox 1894 4285 1978 4324; x_wconf 89' lang='lat' dir='ltr'><strong>ve-</strong></span> 
     </span>
    </p>
   </div>
   <div class='ocr_carea' id='block_1_78' title="bbox 2075 3081 3662 3155">
    <p class='ocr_par' dir='ltr' id='par_1_78' title="bbox 2075 3081 3662 3155">
     <span class='ocr_line' id='line_1_78' title="bbox 2075 3081 3662 3155; baseline -0.004 -19"><span class='ocrx_word' id='word_1_545' title='bbox 2075 3082 2167 3136; x_wconf 77' lang='grc' dir='ltr'><strong>νοῦ</strong></span> <span class='ocrx_word' id='word_1_546' title='bbox 2211 3084 2452 3148; x_wconf 81' lang='grc' dir='ltr'>ἐλθόντα,</span> <span class='ocrx_word' id='word_1_547' title='bbox 2499 3085 2593 3138; x_wconf 78' lang='grc' dir='ltr'><strong>καὶ</strong></span> <span class='ocrx_word' id='word_1_548' title='bbox 2639 3087 2696 3138; x_wconf 84' lang='grc' dir='ltr'><strong>ὲν</strong></span> <span class='ocrx_word' id='word_1_549' title='bbox 2751 3085 2934 3155; x_wconf 79' lang='grc' dir='ltr'>μήτρᾳ</span> <span class='ocrx_word' id='word_1_550' title='bbox 2981 3081 3260 3153; x_wconf 81' lang='grc' dir='ltr'>Παρθένου</span> <span class='ocrx_word' id='word_1_551' title='bbox 3303 3081 3538 3152; x_wconf 83' lang='grc' dir='ltr'>Μαρίας</span> <span class='ocrx_word' id='word_1_552' title='bbox 3584 3082 3662 3133; x_wconf 67' lang='grc' dir='ltr'><strong>τὸν</strong></span> 
     </span>
    </p>
   </div>
   <div class='ocr_carea' id='block_1_79' title="bbox 2075 3173 3663 3246">
    <p class='ocr_par' dir='ltr' id='par_1_79' title="bbox 2075 3173 3663 3246">
     <span class='ocr_line' id='line_1_79' title="bbox 2075 3173 3663 3246; baseline -0.004 -18"><span class='ocrx_word' id='word_1_553' title='bbox 2075 3175 2264 3246; x_wconf 75' lang='grc' dir='ltr'>χρόνον</span> <span class='ocrx_word' id='word_1_554' title='bbox 2320 3175 2426 3228; x_wconf 79' lang='grc' dir='ltr'>τῶν</span> <span class='ocrx_word' id='word_1_555' title='bbox 2473 3175 2959 3246; x_wconf 83' lang='grc' dir='ltr'>ὲγκυμονουμένων</span> <span class='ocrx_word' id='word_1_556' title='bbox 3005 3173 3212 3226; x_wconf 83' lang='grc' dir='ltr'>παίδων</span> <span class='ocrx_word' id='word_1_557' title='bbox 3262 3189 3663 3242; x_wconf 70' lang='grc' dir='ltr'>παραμεμενηο</span> 
     </span>
    </p>
   </div>
   <div class='ocr_carea' id='block_1_80' title="bbox 2075 3262 3661 3336">
    <p class='ocr_par' dir='ltr' id='par_1_80' title="bbox 2075 3262 3661 3336">
     <span class='ocr_line' id='line_1_80' title="bbox 2075 3262 3661 3336; baseline -0.003 -16"><span class='ocrx_word' id='word_1_558' title='bbox 2075 3267 2229 3330; x_wconf 89' lang='grc' dir='ltr'>κότα,</span> <span class='ocrx_word' id='word_1_559' title='bbox 2275 3266 2380 3330; x_wconf 71' lang='grc' dir='ltr'>ἕως</span> <span class='ocrx_word' id='word_1_560' title='bbox 2421 3265 2640 3330; x_wconf 85' lang='grc' dir='ltr'>τελείως</span> <span class='ocrx_word' id='word_1_561' title='bbox 2681 3265 2790 3319; x_wconf 80' lang='grc' dir='ltr'><strong>ἀπὸ</strong></span> <span class='ocrx_word' id='word_1_562' title='bbox 2825 3266 2924 3336; x_wconf 78' lang='grc' dir='ltr'>τῆς</span> <span class='ocrx_word' id='word_1_563' title='bbox 2963 3263 3296 3335; x_wconf 80' lang='grc' dir='ltr'>παρθενικῆς</span> <span class='ocrx_word' id='word_1_564' title='bbox 3321 3262 3661 3336; x_wconf 60' lang='grc' dir='ltr'>μήτραςιτὲτν</span> 
     </span>
    </p>
   </div>
   <div class='ocr_carea' id='block_1_81' title="bbox 2077 3355 3663 3428">
    <p class='ocr_par' dir='ltr' id='par_1_81' title="bbox 2077 3355 3663 3428">
     <span class='ocr_line' id='line_1_81' title="bbox 2077 3355 3663 3428; baseline -0.001 -19"><span class='ocrx_word' id='word_1_565' title='bbox 2077 3357 2341 3427; x_wconf 80' lang='grc' dir='ltr'>ἔνσαρκον</span> <span class='ocrx_word' id='word_1_566' title='bbox 2381 3355 2793 3428; x_wconf 81' lang='grc' dir='ltr'>ὲνανθρώπησιν</span> <span class='ocrx_word' id='word_1_567' title='bbox 2839 3356 3018 3426; x_wconf 78' lang='grc' dir='ltr'>ἑαυτῷ</span> <span class='ocrx_word' id='word_1_568' title='bbox 3051 3356 3143 3409; x_wconf 75' lang='grc' dir='ltr'><strong>καὶ</strong></span> <span class='ocrx_word' id='word_1_569' title='bbox 3181 3356 3508 3425; x_wconf 74' lang='grc' dir='ltr'>οἰκονομίαν</span> <span class='ocrx_word' id='word_1_570' title='bbox 3534 3359 3663 3408; x_wconf 78' lang='grc' dir='ltr'>οἰκο-</span> 
     </span>
    </p>
   </div>
   <div class='ocr_carea' id='block_1_82' title="bbox 2075 3445 3659 3524">
    <p class='ocr_par' dir='ltr' id='par_1_82' title="bbox 2075 3445 3659 3524">
     <span class='ocr_line' id='line_1_82' title="bbox 2075 3445 3659 3524; baseline -0.001 -20"><span class='ocrx_word' id='word_1_571' title='bbox 2075 3453 2309 3522; x_wconf 83' lang='grc' dir='ltr'>νομήσῃ,</span> <span class='ocrx_word' id='word_1_572' title='bbox 2339 3453 2396 3503; x_wconf 86' lang='grc' dir='ltr'>ὲν</span> <span class='ocrx_word' id='word_1_573' title='bbox 2493 3452 2584 3504; x_wconf 73' lang='grc' dir='ltr'>καὶ</span> <span class='ocrx_word' id='word_1_574' title='bbox 2627 3451 2968 3523; x_wconf 87' lang='grc' dir='ltr'>περιετμήθη</span> <span class='ocrx_word' id='word_1_575' title='bbox 3012 3451 3284 3522; x_wconf 73' lang='grc' dir='ltr'>ἀληθινῶς</span> <span class='ocrx_word' id='word_1_576' title='bbox 3304 3491 3320 3512; x_wconf 92' lang='grc'><strong>,</strong></span> <span class='ocrx_word' id='word_1_577' title='bbox 3354 3453 3457 3504; x_wconf 78' lang='grc' dir='ltr'><strong>καὶ</strong></span> <span class='ocrx_word' id='word_1_578' title='bbox 3584 3451 3659 3502; x_wconf 76' lang='grc' dir='ltr'><strong>δο-</strong></span> 
     </span>
    </p>
   </div>
   <div class='ocr_carea' id='block_1_83' title="bbox 2076 3539 3660 3614">
    <p class='ocr_par' dir='ltr' id='par_1_83' title="bbox 2076 3539 3660 3614">
     <span class='ocr_line' id='line_1_83' title="bbox 2076 3539 3660 3614; baseline -0.003 -18"><span class='ocrx_word' id='word_1_579' title='bbox 2076 3545 2234 3613; x_wconf 84' lang='grc' dir='ltr'>κήσει</span> <span class='ocrx_word' id='word_1_580' title='bbox 2260 3543 2441 3614; x_wconf 83' lang='grc' dir='ltr'>ἡμέρᾳ</span> <span class='ocrx_word' id='word_1_581' title='bbox 2465 3546 2529 3614; x_wconf 83' lang='grc' dir='ltr'>τῇ</span> <span class='ocrx_word' id='word_1_582' title='bbox 2557 3543 2735 3613; x_wconf 79' lang='grc' dir='ltr'><strong>ὀγδόῃ.</strong></span> <span class='ocrx_word' id='word_1_583' title='bbox 2761 3539 2934 3595; x_wconf 85' lang='grc' dir='ltr'>Ἦλθε</span> <span class='ocrx_word' id='word_1_584' title='bbox 2976 3542 3084 3614; x_wconf 77' lang='grc' dir='ltr'>γὰρ</span> <span class='ocrx_word' id='word_1_585' title='bbox 3133 3543 3424 3613; x_wconf 83' lang='grc' dir='ltr'>πληρῶσαι</span> <span class='ocrx_word' id='word_1_586' title='bbox 3471 3544 3564 3595; x_wconf 80' lang='grc' dir='ltr'><strong>τὸν</strong></span> <span class='ocrx_word' id='word_1_587' title='bbox 3588 3542 3660 3593; x_wconf 66' lang='lat' dir='ltr'><strong>v3-</strong></span> 
     </span>
    </p>
   </div>
   <div class='ocr_carea' id='block_1_84' title="bbox 2078 3633 3659 3705">
    <p class='ocr_par' dir='ltr' id='par_1_84' title="bbox 2078 3633 3659 3705">
     <span class='ocr_line' id='line_1_84' title="bbox 2078 3633 3659 3705; baseline -0.001 -19"><span class='ocrx_word' id='word_1_588' title='bbox 2078 3650 2179 3703; x_wconf 89' lang='grc' dir='ltr'><strong>μον</strong></span> <span class='ocrx_word' id='word_1_589' title='bbox 2209 3634 2303 3686; x_wconf 60' lang='grc' dir='ltr'><strong>καὶ¹</strong></span> <span class='ocrx_word' id='word_1_590' title='bbox 2334 3635 2460 3697; x_wconf 70' lang='grc' dir='ltr'>τοὺς</span> <span class='ocrx_word' id='word_1_591' title='bbox 2503 3635 2820 3705; x_wconf 82' lang='grc' dir='ltr'>προφήτας,</span> <span class='ocrx_word' id='word_1_592' title='bbox 2864 3634 2958 3686; x_wconf 75' lang='grc' dir='ltr'><strong>καὶ</strong></span> <span class='ocrx_word' id='word_1_593' title='bbox 3005 3633 3066 3686; x_wconf 78' lang='grc' dir='ltr'><strong>οὐ</strong></span> <span class='ocrx_word' id='word_1_594' title='bbox 3110 3633 3414 3686; x_wconf 81' lang='grc' dir='ltr'>καταλῦσαι</span> <span class='ocrx_word' id='word_1_595' title='bbox 3441 3652 3458 3662; x_wconf 91' lang='grc'><strong>·</strong></span> <span class='ocrx_word' id='word_1_596' title='bbox 3491 3635 3583 3686; x_wconf 74' lang='grc' dir='ltr'><strong>καὶ</strong></span> <span class='ocrx_word' id='word_1_597' title='bbox 3608 3633 3659 3685; x_wconf 72' lang='lat' dir='ltr'><strong>cii</strong></span> 
     </span>
    </p>
   </div>
   <div class='ocr_carea' id='block_1_85' title="bbox 2076 3724 3658 3796">
    <p class='ocr_par' dir='ltr' id='par_1_85' title="bbox 2076 3724 3658 3796">
     <span class='ocr_line' id='line_1_85' title="bbox 2076 3724 3658 3796; baseline -0.002 -19"><span class='ocrx_word' id='word_1_598' title='bbox 2076 3724 2168 3778; x_wconf 77' lang='grc' dir='ltr'><strong>τὸν</strong></span> <span class='ocrx_word' id='word_1_599' title='bbox 2213 3725 2376 3795; x_wconf 78' lang='grc' dir='ltr'>νόμον</span> <span class='ocrx_word' id='word_1_600' title='bbox 2427 3724 2704 3796; x_wconf 88' lang='grc' dir='ltr'>ἀλλότριον</span> <span class='ocrx_word' id='word_1_601' title='bbox 2735 3725 3033 3795; x_wconf 78' lang='grc' dir='ltr'>ἀποφῆναι,</span> <span class='ocrx_word' id='word_1_602' title='bbox 3078 3725 3214 3778; x_wconf 90' lang='grc' dir='ltr'><strong>ἀλλά</strong></span> <span class='ocrx_word' id='word_1_603' title='bbox 3247 3725 3307 3789; x_wconf 78' lang='grc' dir='ltr'>ἐξ</span> <span class='ocrx_word' id='word_1_604' title='bbox 3348 3726 3526 3778; x_wconf 76' lang='grc' dir='ltr'>αὑτοῦ</span> <span class='ocrx_word' id='word_1_605' title='bbox 3573 3727 3658 3795; x_wconf 79' lang='grc' dir='ltr'><strong>μὲν</strong></span> 
     </span>
    </p>
   </div>
   <div class='ocr_carea' id='block_1_86' title="bbox 2075 3816 3657 3888">
    <p class='ocr_par' dir='ltr' id='par_1_86' title="bbox 2075 3816 3657 3888">
     <span class='ocr_line' id='line_1_86' title="bbox 2075 3816 3657 3888; baseline 0 -19"><span class='ocrx_word' id='word_1_606' title='bbox 2075 3816 2470 3888; x_wconf 84' lang='grc' dir='ltr'>δεδωρημένον,</span> <span class='ocrx_word' id='word_1_607' title='bbox 2503 3817 2607 3880; x_wconf 78' lang='grc' dir='ltr'>ἓως</span> <span class='ocrx_word' id='word_1_608' title='bbox 2644 3817 2702 3869; x_wconf 86' lang='grc' dir='ltr'>δὲ</span> <span class='ocrx_word' id='word_1_609' title='bbox 2743 3817 2910 3870; x_wconf 83' lang='grc' dir='ltr'>αὐτοῦ</span> <span class='ocrx_word' id='word_1_610' title='bbox 2954 3820 3011 3870; x_wconf 81' lang='grc' dir='ltr'><strong>έν</strong></span> <span class='ocrx_word' id='word_1_611' title='bbox 3056 3818 3250 3880; x_wconf 80' lang='grc' dir='ltr'>τύποις</span> <span class='ocrx_word' id='word_1_612' title='bbox 3293 3818 3657 3888; x_wconf 75' lang='grc' dir='ltr'>μεμενηκὸτα,</span> 
     </span>
    </p>
   </div>
   <div class='ocr_carea' id='block_1_87' title="bbox 2075 3907 3658 3980">
    <p class='ocr_par' dir='ltr' id='par_1_87' title="bbox 2075 3907 3658 3980">
     <span class='ocr_line' id='line_1_87' title="bbox 2075 3907 3658 3980; baseline 0.001 -21"><span class='ocrx_word' id='word_1_613' title='bbox 2075 3908 2224 3971; x_wconf 80' lang='grc' dir='ltr'>ὅπως</span> <span class='ocrx_word' id='word_1_614' title='bbox 2247 3910 2302 3960; x_wconf 82' lang='grc' dir='ltr'>ὲν</span> <span class='ocrx_word' id='word_1_615' title='bbox 2328 3907 2477 3978; x_wconf 79' lang='grc' dir='ltr'>αὑτῴ</span> <span class='ocrx_word' id='word_1_616' title='bbox 2502 3909 2596 3961; x_wconf 75' lang='grc' dir='ltr'><strong>καὶ</strong></span> <span class='ocrx_word' id='word_1_617' title='bbox 2615 3909 2682 3961; x_wconf 87' lang='grc' dir='ltr'>δι’</span> <span class='ocrx_word' id='word_1_618' title='bbox 2704 3907 2868 3961; x_wconf 83' lang='grc' dir='ltr'>αὑτοῦ</span> <span class='ocrx_word' id='word_1_619' title='bbox 2894 3908 3054 3962; x_wconf 82' lang='grc' dir='ltr'>πάλιν</span> <span class='ocrx_word' id='word_1_620' title='bbox 3077 3909 3214 3980; x_wconf 82' lang='grc' dir='ltr'>ὅπερ</span> <span class='ocrx_word' id='word_1_621' title='bbox 3242 3909 3494 3963; x_wconf 74' lang='grc' dir='ltr'>ἐνέλιπεν</span> <span class='ocrx_word' id='word_1_622' title='bbox 3517 3911 3572 3961; x_wconf 78' lang='grc' dir='ltr'>ἐν</span> <span class='ocrx_word' id='word_1_623' title='bbox 3593 3910 3658 3978; x_wconf 73' lang='grc' dir='ltr'>τῷ</span> 
     </span>
    </p>
   </div>
   <div class='ocr_carea' id='block_1_88' title="bbox 2077 3997 3658 4070">
    <p class='ocr_par' dir='ltr' id='par_1_88' title="bbox 2077 3997 3658 4070">
     <span class='ocr_line' id='line_1_88' title="bbox 2077 3997 3658 4070; baseline 0.001 -20"><span class='ocrx_word' id='word_1_624' title='bbox 2077 3997 2227 4068; x_wconf 77' lang='grc' dir='ltr'>νόμῳ</span> <span class='ocrx_word' id='word_1_625' title='bbox 2261 3998 2545 4070; x_wconf 81' lang='grc' dir='ltr'>πληρωθῆ,</span> <span class='ocrx_word' id='word_1_626' title='bbox 2570 3998 2658 4052; x_wconf 87' lang='grc' dir='ltr'><strong>ἵνα</strong></span> <span class='ocrx_word' id='word_1_627' title='bbox 2691 4000 2740 4050; x_wconf 85' lang='grc' dir='ltr'>οί</span> <span class='ocrx_word' id='word_1_628' title='bbox 2764 3998 2924 4051; x_wconf 85' lang='grc' dir='ltr'>τύποι</span> <span class='ocrx_word' id='word_1_629' title='bbox 2950 4001 3027 4062; x_wconf 88' lang='grc' dir='ltr'><strong>είς</strong></span> <span class='ocrx_word' id='word_1_630' title='bbox 3051 4000 3434 4069; x_wconf 77' lang='grc' dir='ltr'>πνευματικὴν</span> <span class='ocrx_word' id='word_1_631' title='bbox 3458 4001 3658 4052; x_wconf 80' lang='grc' dir='ltr'>τελείω-</span> 
     </span>
    </p>
   </div>
   <div class='ocr_carea' id='block_1_89' title="bbox 2081 4087 3655 4160">
    <p class='ocr_par' dir='ltr' id='par_1_89' title="bbox 2081 4087 3655 4160">
     <span class='ocr_line' id='line_1_89' title="bbox 2081 4087 3655 4160; baseline 0.001 -21"><span class='ocrx_word' id='word_1_632' title='bbox 2081 4104 2163 4139; x_wconf 91' lang='grc' dir='ltr'><strong>σιν</strong></span> <span class='ocrx_word' id='word_1_633' title='bbox 2193 4087 2436 4151; x_wconf 76' lang='grc' dir='ltr'>ἐλθόντες</span> <span class='ocrx_word' id='word_1_634' title='bbox 2462 4089 2518 4141; x_wconf 69' lang='lat' dir='ltr'><strong>sv</strong></span> <span class='ocrx_word' id='word_1_635' title='bbox 2547 4088 2794 4160; x_wconf 78' lang='grc' dir='ltr'>ἀληθεία,</span> <span class='ocrx_word' id='word_1_636' title='bbox 2831 4089 2920 4144; x_wconf 81' lang='grc' dir='ltr'>ὑπ’</span> <span class='ocrx_word' id='word_1_637' title='bbox 2950 4089 3115 4144; x_wconf 79' lang='grc' dir='ltr'>αὑτοῦ</span> <span class='ocrx_word' id='word_1_638' title='bbox 3146 4107 3205 4142; x_wconf 86' lang='grc' dir='ltr'><strong>τε</strong></span> <span class='ocrx_word' id='word_1_639' title='bbox 3233 4091 3330 4142; x_wconf 60' lang='grc' dir='ltr'><strong>καὶ⁵</strong></span> <span class='ocrx_word' id='word_1_640' title='bbox 3363 4090 3474 4142; x_wconf 77' lang='grc' dir='ltr'><strong>τῶν</strong></span> <span class='ocrx_word' id='word_1_641' title='bbox 3506 4089 3655 4143; x_wconf 69' lang='grc' dir='ltr'>αὐτοῦ</span> 
     </span>
    </p>
   </div>
   <div class='ocr_carea' id='block_1_90' title="bbox 2079 4180 3655 4252">
    <p class='ocr_par' dir='ltr' id='par_1_90' title="bbox 2079 4180 3655 4252">
     <span class='ocr_line' id='line_1_90' title="bbox 2079 4180 3655 4252; baseline 0.001 -18"><span class='ocrx_word' id='word_1_642' title='bbox 2079 4180 2392 4235; x_wconf 78' lang='grc' dir='ltr'>ἀποστόλων</span> <span class='ocrx_word' id='word_1_643' title='bbox 2437 4180 2783 4252; x_wconf 82' lang='grc' dir='ltr'>κηρυχθῶσιν</span> <span class='ocrx_word' id='word_1_644' title='bbox 2807 4223 2821 4247; x_wconf 92' lang='grc'><strong>,</strong></span> <span class='ocrx_word' id='word_1_645' title='bbox 2875 4181 3058 4235; x_wconf 80' lang='grc' dir='ltr'>οὐκέτι</span> <span class='ocrx_word' id='word_1_646' title='bbox 3105 4182 3260 4244; x_wconf 73' lang='grc' dir='ltr'>ὄντες</span> <span class='ocrx_word' id='word_1_647' title='bbox 3310 4181 3511 4244; x_wconf 80' lang='grc' dir='ltr'>τύποι,</span> 
     </span>
    </p>
   </div>
   <div class='ocr_carea' id='block_1_91' title="bbox 2079 4273 3656 4346">
    <p class='ocr_par' dir='ltr' id='par_1_91' title="bbox 2079 4273 3656 4346">
     <span class='ocr_line' id='line_1_91' title="bbox 2079 4273 3656 4346; baseline 0 -20"><span class='ocrx_word' id='word_1_648' title='bbox 2079 4273 2324 4343; x_wconf 79' lang='grc' dir='ltr'>ἀλήθεια.</span> <span class='ocrx_word' id='word_1_649' title='bbox 2361 4273 2488 4327; x_wconf 76' lang='grc' dir='ltr'><strong>Ἐπὶ</strong></span> <span class='ocrx_word' id='word_1_650' title='bbox 2528 4273 2703 4344; x_wconf 85' lang='grc' dir='ltr'>τούτῳ</span> <span class='ocrx_word' id='word_1_651' title='bbox 2747 4274 2852 4346; x_wconf 85' lang='grc' dir='ltr'>γὰρ</span> <span class='ocrx_word' id='word_1_652' title='bbox 2885 4273 3189 4346; x_wconf 77' lang='grc' dir='ltr'>ἐπληροῦτο</span> <span class='ocrx_word' id='word_1_653' title='bbox 3233 4275 3296 4327; x_wconf 76' lang='grc' dir='ltr'>τὸ</span> <span class='ocrx_word' id='word_1_654' title='bbox 3330 4276 3388 4326; x_wconf 79' lang='grc' dir='ltr'><strong>ἐν</strong></span> <span class='ocrx_word' id='word_1_655' title='bbox 3418 4275 3501 4344; x_wconf 83' lang='grc' dir='ltr'>τῷ</span> <span class='ocrx_word' id='word_1_656' title='bbox 3526 4275 3656 4343; x_wconf 68' lang='grc' dir='ltr'>νόμῳ</span> 
     </span>
    </p>
   </div>
   <div class='ocr_carea' id='block_1_92' title="bbox 393 4344 1878 4436">
    <p class='ocr_par' dir='ltr' id='par_1_92' title="bbox 393 4357 1860 4430">
     <span class='ocr_line' id='line_1_92' title="bbox 393 4357 1860 4430; baseline -0.001 -14"><span class='ocrx_word' id='word_1_657' title='bbox 393 4363 610 4417; x_wconf 83' lang='lat' dir='ltr'><strong>ritatem</strong></span> <span class='ocrx_word' id='word_1_658' title='bbox 659 4359 920 4430; x_wconf 86' lang='lat' dir='ltr'><strong>perducta</strong></span> <span class='ocrx_word' id='word_1_659' title='bbox 977 4359 1178 4429; x_wconf 82' lang='lat' dir='ltr'><strong>figuras</strong></span> <span class='ocrx_word' id='word_1_660' title='bbox 1219 4373 1343 4412; x_wconf 90' lang='lat' dir='ltr'><strong>esse</strong></span> <span class='ocrx_word' id='word_1_661' title='bbox 1396 4357 1647 4424; x_wconf 86' lang='lat' dir='ltr'><strong>desiisse,</strong></span> <span class='ocrx_word' id='word_1_662' title='bbox 1696 4368 1860 4428; x_wconf 86' lang='lat' dir='ltr'><strong>atque</strong></span> 
     </span>
    </p>
   </div>
   <div class='ocr_carea' id='block_1_93' title="bbox 2170 4344 3655 4436">
    <p class='ocr_par' dir='ltr' id='par_1_93' title="bbox 2173 4361 3655 4436">
     <span class='ocr_line' id='line_1_93' title="bbox 2173 4361 3655 4436; baseline 0 -24"><span class='ocrx_word' id='word_1_663' title='bbox 2173 4361 2392 4430; x_wconf 78' lang='grc' dir='ltr'>ημένον,</span> <span class='ocrx_word' id='word_1_664' title='bbox 2430 4362 2533 4424; x_wconf 76' lang='grc' dir='ltr'>ἓως</span> <span class='ocrx_word' id='word_1_665' title='bbox 2574 4361 2740 4415; x_wconf 77' lang='grc' dir='ltr'>αὑτοῦ</span> <span class='ocrx_word' id='word_1_666' title='bbox 2783 4362 2876 4415; x_wconf 81' lang='grc' dir='ltr'><strong>τοῦ</strong></span> <span class='ocrx_word' id='word_1_667' title='bbox 2909 4363 3101 4434; x_wconf 85' lang='grc' dir='ltr'>χρόνου</span> <span class='ocrx_word' id='word_1_668' title='bbox 3139 4364 3466 4436; x_wconf 82' lang='grc' dir='ltr'>διαρκέσαν,</span> <span class='ocrx_word' id='word_1_669' title='bbox 3495 4365 3586 4416; x_wconf 77' lang='grc' dir='ltr'><strong>καὶ</strong></span> <span class='ocrx_word' id='word_1_670' title='bbox 3611 4365 3655 4414; x_wconf 70' lang='grc' dir='ltr'><strong>ὲν</strong></span> 
     </span>
    </p>
   </div>
   <div class='ocr_carea' id='block_1_94' title="bbox 394 4451 1975 4521">
    <p class='ocr_par' dir='ltr' id='par_1_94' title="bbox 394 4451 1975 4521">
     <span class='ocr_line' id='line_1_94' title="bbox 394 4451 1975 4521; baseline 0 -17"><span class='ocrx_word' id='word_1_671' title='bbox 394 4454 680 4508; x_wconf 81' lang='lat' dir='ltr'><strong>veritatem</strong></span> <span class='ocrx_word' id='word_1_672' title='bbox 727 4451 1036 4517; x_wconf 88' lang='lat' dir='ltr'><strong>transiisse,</strong></span> <span class='ocrx_word' id='word_1_673' title='bbox 1075 4458 1186 4504; x_wconf 87' lang='lat' dir='ltr'><strong>tam</strong></span> <span class='ocrx_word' id='word_1_674' title='bbox 1222 4451 1337 4520; x_wconf 89' lang='lat' dir='ltr'><strong>ipse</strong></span> <span class='ocrx_word' id='word_1_675' title='bbox 1373 4466 1536 4520; x_wconf 90' lang='lat' dir='ltr'><strong>quam</strong></span> <span class='ocrx_word' id='word_1_676' title='bbox 1580 4451 1701 4520; x_wconf 89' lang='lat' dir='ltr'><strong>ejus</strong></span> <span class='ocrx_word' id='word_1_677' title='bbox 1745 4451 1975 4521; x_wconf 88' lang='lat' dir='ltr'><strong>apostoli</strong></span> 
     </span>
    </p>
   </div>
   <div class='ocr_carea' id='block_1_95' title="bbox 394 4540 1976 4614">
    <p class='ocr_par' dir='ltr' id='par_1_95' title="bbox 394 4540 1976 4614">
     <span class='ocr_line' id='line_1_95' title="bbox 394 4540 1976 4614; baseline 0 -18"><span class='ocrx_word' id='word_1_678' title='bbox 394 4544 775 4614; x_wconf 70' lang='lat' dir='ltr'><strong>praedicarent.</strong></span> <span class='ocrx_word' id='word_1_679' title='bbox 815 4540 873 4595; x_wconf 91' lang='lat' dir='ltr'><strong>In</strong></span> <span class='ocrx_word' id='word_1_680' title='bbox 909 4541 1004 4595; x_wconf 93' lang='lat' dir='ltr'><strong>illo</strong></span> <span class='ocrx_word' id='word_1_681' title='bbox 1049 4542 1248 4611; x_wconf 86' lang='lat' dir='ltr'><strong>quippe</strong></span> <span class='ocrx_word' id='word_1_682' title='bbox 1291 4541 1437 4611; x_wconf 89' lang='lat' dir='ltr'><strong>quod</strong></span> <span class='ocrx_word' id='word_1_683' title='bbox 1475 4542 1737 4611; x_wconf 89' lang='lat' dir='ltr'><strong>scriptum</strong></span> <span class='ocrx_word' id='word_1_684' title='bbox 1775 4552 1891 4597; x_wconf 90' lang='lat' dir='ltr'><strong>erat</strong></span> <span class='ocrx_word' id='word_1_685' title='bbox 1922 4543 1976 4596; x_wconf 89' lang='lat' dir='ltr'><strong>in</strong></span> 
     </span>
    </p>
   </div>
   <div class='ocr_carea' id='block_1_96' title="bbox 396 4634 1978 4707">
    <p class='ocr_par' dir='ltr' id='par_1_96' title="bbox 396 4634 1978 4707">
     <span class='ocr_line' id='line_1_96' title="bbox 396 4634 1978 4707; baseline -0.001 -16"><span class='ocrx_word' id='word_1_686' title='bbox 396 4637 530 4707; x_wconf 85' lang='lat' dir='ltr'><strong>lege,</strong></span> <span class='ocrx_word' id='word_1_687' title='bbox 562 4634 862 4706; x_wconf 83' lang='lat' dir='ltr'><strong>perfectum</strong></span> <span class='ocrx_word' id='word_1_688' title='bbox 895 4642 998 4699; x_wconf 89' lang='lat' dir='ltr'><strong>est,</strong></span> <span class='ocrx_word' id='word_1_689' title='bbox 1031 4634 1106 4702; x_wconf 91' lang='lat' dir='ltr'><strong>id,</strong></span> <span class='ocrx_word' id='word_1_690' title='bbox 1133 4635 1376 4705; x_wconf 88' lang='lat' dir='ltr'><strong>inquam,</strong></span> <span class='ocrx_word' id='word_1_691' title='bbox 1403 4635 1544 4704; x_wconf 91' lang='lat' dir='ltr'><strong>quod</strong></span> <span class='ocrx_word' id='word_1_692' title='bbox 1572 4636 1638 4688; x_wconf 92' lang='lat' dir='ltr'><strong>ad</strong></span> <span class='ocrx_word' id='word_1_693' title='bbox 1657 4635 1775 4704; x_wconf 85' lang='lat' dir='ltr'><strong>ejus</strong></span> <span class='ocrx_word' id='word_1_694' title='bbox 1805 4649 1978 4702; x_wconf 86' lang='lat' dir='ltr'><strong>usque</strong></span> 
     </span>
    </p>
   </div>
   <div class='ocr_carea' id='block_1_97' title="bbox 395 4728 1977 4801">
    <p class='ocr_par' dir='ltr' id='par_1_97' title="bbox 395 4728 1977 4801">
     <span class='ocr_line' id='line_1_97' title="bbox 395 4728 1977 4801; baseline -0.003 -17"><span class='ocrx_word' id='word_1_695' title='bbox 395 4740 638 4801; x_wconf 89' lang='lat' dir='ltr'><strong>tempora</strong></span> <span class='ocrx_word' id='word_1_696' title='bbox 677 4730 1013 4799; x_wconf 70' lang='lat' dir='ltr'><strong>perduravit,</strong></span> <span class='ocrx_word' id='word_1_697' title='bbox 1047 4737 1100 4784; x_wconf 90' lang='lat' dir='ltr'><strong>et</strong></span> <span class='ocrx_word' id='word_1_698' title='bbox 1135 4729 1187 4782; x_wconf 92' lang='lat' dir='ltr'><strong>in</strong></span> <span class='ocrx_word' id='word_1_699' title='bbox 1221 4730 1340 4798; x_wconf 86' lang='lat' dir='ltr'><strong>ipso</strong></span> <span class='ocrx_word' id='word_1_700' title='bbox 1367 4729 1480 4798; x_wconf 86' lang='lat' dir='ltr'><strong>jam</strong></span> <span class='ocrx_word' id='word_1_701' title='bbox 1526 4729 1836 4783; x_wconf 86' lang='lat' dir='ltr'><strong>absolutum</strong></span> <span class='ocrx_word' id='word_1_702' title='bbox 1876 4728 1977 4780; x_wconf 90' lang='lat' dir='ltr'><strong>im-</strong></span> 
     </span>
    </p>
   </div>
   <div class='ocr_carea' id='block_1_98' title="bbox 396 4819 1973 4892">
    <p class='ocr_par' dir='ltr' id='par_1_98' title="bbox 396 4819 1973 4892">
     <span class='ocr_line' id='line_1_98' title="bbox 396 4819 1973 4892; baseline -0.002 -15"><span class='ocrx_word' id='word_1_703' title='bbox 396 4824 712 4892; x_wconf 88' lang='lat' dir='ltr'><strong>pletumque</strong></span> <span class='ocrx_word' id='word_1_704' title='bbox 737 4822 920 4884; x_wconf 89' lang='lat' dir='ltr'><strong>desiit,</strong></span> <span class='ocrx_word' id='word_1_705' title='bbox 953 4821 1210 4876; x_wconf 87' lang='lat' dir='ltr'><strong>nimirum</strong></span> <span class='ocrx_word' id='word_1_706' title='bbox 1252 4821 1398 4892; x_wconf 93' lang='lat' dir='ltr'><strong>quod</strong></span> <span class='ocrx_word' id='word_1_707' title='bbox 1436 4819 1680 4889; x_wconf 87' lang='lat' dir='ltr'><strong>Sephora</strong></span> <span class='ocrx_word' id='word_1_708' title='bbox 1710 4819 1926 4875; x_wconf 88' lang='lat' dir='ltr'><strong>dicebat</strong></span> <span class='ocrx_word' id='word_1_709' title='bbox 1959 4837 1973 4874; x_wconf 89' lang='lat'>:</span> 
     </span>
    </p>
   </div>
   <div class='ocr_carea' id='block_1_99' title="bbox 400 4910 1976 4982">
    <p class='ocr_par' dir='ltr' id='par_1_99' title="bbox 400 4910 1976 4982">
     <span class='ocr_line' id='line_1_99' title="bbox 400 4910 1976 4982; baseline -0.002 -15"><span class='ocrx_word' id='word_1_710' title='bbox 400 4911 554 4968; x_wconf 78' lang='lat' dir='ltr'><strong>Stetit</strong></span> <span class='ocrx_word' id='word_1_711' title='bbox 587 4914 802 4981; x_wconf 80' lang='lat' dir='ltr'><strong>sanguis</strong></span> <span class='ocrx_word' id='word_1_712' title='bbox 829 4913 1250 4967; x_wconf 78' lang='lat' dir='ltr'><strong>circumcisionis</strong></span> <span class='ocrx_word' id='word_1_713' title='bbox 1282 4913 1382 4982; x_wconf 80' lang='lat' dir='ltr'><strong>ﬁlii</strong></span> <span class='ocrx_word' id='word_1_714' title='bbox 1413 4913 1512 4966; x_wconf 84' lang='lat' dir='ltr'><strong>mei</strong></span> <span class='ocrx_word' id='word_1_715' title='bbox 1549 4913 1590 4965; x_wconf 80' lang='grc'><strong>’³.</strong></span> <span class='ocrx_word' id='word_1_716' title='bbox 1633 4910 1749 4965; x_wconf 78' lang='lat' dir='ltr'><strong>Non</strong></span> <span class='ocrx_word' id='word_1_717' title='bbox 1787 4912 1924 4964; x_wconf 84' lang='lat' dir='ltr'><strong>dixit</strong></span> <span class='ocrx_word' id='word_1_718' title='bbox 1964 4930 1976 4965; x_wconf 95' lang='lat'>:</span> 
     </span>
    </p>
   </div>
   <div class='ocr_carea' id='block_1_100' title="bbox 397 4999 1985 5072">
    <p class='ocr_par' dir='ltr' id='par_1_100' title="bbox 397 4999 1985 5072">
     <span class='ocr_line' id='line_1_100' title="bbox 397 4999 1985 5072; baseline 0 -18"><span class='ocrx_word' id='word_1_719' title='bbox 397 5000 724 5054; x_wconf 87' lang='lat' dir='ltr'><strong>Circumcidi</strong></span> <span class='ocrx_word' id='word_1_720' title='bbox 787 5000 956 5054; x_wconf 84' lang='lat' dir='ltr'><strong>tilium</strong></span> <span class='ocrx_word' id='word_1_721' title='bbox 999 5018 1197 5057; x_wconf 88' lang='lat' dir='ltr'><strong>meum.</strong></span> <span class='ocrx_word' id='word_1_722' title='bbox 1257 4999 1443 5072; x_wconf 69' lang='lat' dir='ltr'><strong>Nequ&#39;e</strong></span> <span class='ocrx_word' id='word_1_723' title='bbox 1499 5003 1640 5056; x_wconf 90' lang='lat' dir='ltr'><strong>enim</strong></span> <span class='ocrx_word' id='word_1_724' title='bbox 1689 5001 1741 5054; x_wconf 94' lang='lat' dir='ltr'><strong>id</strong></span> <span class='ocrx_word' id='word_1_725' title='bbox 1791 5002 1985 5072; x_wconf 80' lang='lat' dir='ltr'><strong>agebat</strong></span> 
     </span>
    </p>
   </div>
   <div class='ocr_carea' id='block_1_101' title="bbox 400 5090 1986 5162">
    <p class='ocr_par' dir='ltr' id='par_1_101' title="bbox 400 5090 1986 5162">
     <span class='ocr_line' id='line_1_101' title="bbox 400 5090 1986 5162; baseline 0.001 -17"><span class='ocrx_word' id='word_1_726' title='bbox 400 5091 661 5162; x_wconf 81' lang='lat' dir='ltr'><strong>angelus,</strong></span> <span class='ocrx_word' id='word_1_727' title='bbox 714 5098 773 5144; x_wconf 92' lang='lat' dir='ltr'><strong>ut</strong></span> <span class='ocrx_word' id='word_1_728' title='bbox 825 5092 1172 5145; x_wconf 88' lang='lat' dir='ltr'><strong>circumcisio</strong></span> <span class='ocrx_word' id='word_1_729' title='bbox 1229 5090 1415 5158; x_wconf 84' lang='lat' dir='ltr'><strong>fieret,</strong></span> <span class='ocrx_word' id='word_1_730' title='bbox 1466 5107 1642 5162; x_wconf 84' lang='lat' dir='ltr'><strong>neque</strong></span> <span class='ocrx_word' id='word_1_731' title='bbox 1698 5091 1986 5162; x_wconf 90' lang='lat' dir='ltr'><strong>sanguinis</strong></span> 
     </span>
    </p>
   </div>
   <div class='ocr_carea' id='block_1_102' title="bbox 470 5245 1885 5314">
    <p class='ocr_par' dir='ltr' id='par_1_102' title="bbox 470 5245 1885 5314">
     <span class='ocr_line' id='line_1_102' title="bbox 470 5245 1885 5314; baseline -0.001 -15"><span class='ocrx_word' id='word_1_732' title='bbox 470 5249 486 5278; x_wconf 77' lang='grc'>⁸</span> <span class='ocrx_word' id='word_1_733' title='bbox 525 5245 712 5302; x_wconf 80' lang='lat' dir='ltr'><strong>Matth.</strong></span> <span class='ocrx_word' id='word_1_734' title='bbox 757 5264 811 5314; x_wconf 90' lang='lat' dir='ltr'><strong>v,</strong></span> <span class='ocrx_word' id='word_1_735' title='bbox 847 5247 934 5301; x_wconf 75' lang='lat' dir='ltr'><strong>l7.</strong></span> <span class='ocrx_word' id='word_1_736' title='bbox 1010 5249 1030 5278; x_wconf 80' lang='grc'>¹</span> <span class='ocrx_word' id='word_1_737' title='bbox 1067 5245 1237 5302; x_wconf 73' lang='lat' dir='ltr'><strong>Exod.</strong></span> <span class='ocrx_word' id='word_1_738' title='bbox 1275 5264 1347 5312; x_wconf 87' lang='lat' dir='ltr'><strong>IV,</strong></span> <span class='ocrx_word' id='word_1_739' title='bbox 1376 5246 1467 5302; x_wconf 70' lang='lat'><strong>25.</strong></span> <span class='ocrx_word' id='word_1_740' title='bbox 1547 5247 1567 5278; x_wconf 92' lang='grc'><em>³</em></span> <span class='ocrx_word' id='word_1_741' title='bbox 1599 5246 1763 5303; x_wconf 88' lang='lat' dir='ltr'><strong>Deest</strong></span> <span class='ocrx_word' id='word_1_742' title='bbox 1792 5246 1885 5300; x_wconf 87' lang='grc' dir='ltr'><strong>καί</strong></span> 
     </span>
    </p>
   </div>
   <div class='ocr_carea' id='block_1_103' title="bbox 471 5424 1970 5498">
    <p class='ocr_par' dir='ltr' id='par_1_103' title="bbox 471 5424 1970 5498">
     <span class='ocr_line' id='line_1_103' title="bbox 471 5424 1970 5498; baseline 0 -19"><span class='ocrx_word' id='word_1_743' title='bbox 471 5426 582 5498; x_wconf 66' lang='grc' dir='ltr'><strong>(Η)</strong></span> <span class='ocrx_word' id='word_1_744' title='bbox 625 5427 809 5496; x_wconf 78' lang='grc' dir='ltr'>Ὅπερ</span> <span class='ocrx_word' id='word_1_745' title='bbox 859 5426 973 5496; x_wconf 67' lang='grc' dir='ltr'><strong>ἔφη</strong></span> <span class='ocrx_word' id='word_1_746' title='bbox 1024 5428 1062 5494; x_wconf 75' lang='lat'><strong>1}</strong></span> <span class='ocrx_word' id='word_1_747' title='bbox 1108 5424 1415 5498; x_wconf 62' lang='grc' dir='ltr'>Σεπφώρα,</span> <span class='ocrx_word' id='word_1_748' title='bbox 1467 5427 1690 5480; x_wconf 82' lang='lat' dir='ltr'><strong>Mirifica</strong></span> <span class='ocrx_word' id='word_1_749' title='bbox 1747 5435 1831 5481; x_wconf 92' lang='lat' dir='ltr'><strong>est</strong></span> <span class='ocrx_word' id='word_1_750' title='bbox 1861 5425 1970 5480; x_wconf 83' lang='lat' dir='ltr'><strong>luci</strong></span> 
     </span>
    </p>
   </div>
   <div class='ocr_carea' id='block_1_104' title="bbox 399 5497 1967 5567">
    <p class='ocr_par' dir='ltr' id='par_1_104' title="bbox 399 5497 1967 5567">
     <span class='ocr_line' id='line_1_104' title="bbox 399 5497 1967 5567; baseline -0.003 -13"><span class='ocrx_word' id='word_1_751' title='bbox 399 5497 560 5554; x_wconf 87' lang='lat' dir='ltr'><strong>istius</strong></span> <span class='ocrx_word' id='word_1_752' title='bbox 602 5499 1000 5567; x_wconf 86' lang='lat' dir='ltr'><strong>interpretatio,</strong></span> <span class='ocrx_word' id='word_1_753' title='bbox 1048 5514 1208 5566; x_wconf 85' lang='lat' dir='ltr'><strong>quam</strong></span> <span class='ocrx_word' id='word_1_754' title='bbox 1267 5497 1602 5566; x_wconf 71' lang='lat' dir='ltr'><strong>Epiphanius</strong></span> <span class='ocrx_word' id='word_1_755' title='bbox 1642 5498 1817 5555; x_wconf 75' lang='lat' dir='ltr'><strong>aﬂ&#39;ert.</strong></span> <span class='ocrx_word' id='word_1_756' title='bbox 1848 5513 1967 5565; x_wconf 69' lang='lat' dir='ltr'><strong>qua:</strong></span> 
     </span>
    </p>
   </div>
   <div class='ocr_carea' id='block_1_105' title="bbox 398 5567 1967 5639">
    <p class='ocr_par' dir='ltr' id='par_1_105' title="bbox 398 5567 1967 5639">
     <span class='ocr_line' id='line_1_105' title="bbox 398 5567 1967 5639; baseline -0.003 -15"><span class='ocrx_word' id='word_1_757' title='bbox 398 5585 466 5624; x_wconf 79' lang='lat' dir='ltr'><strong>ex</strong></span> <span class='ocrx_word' id='word_1_758' title='bbox 499 5567 638 5622; x_wconf 82' lang='lat' dir='ltr'><strong>LXX</strong></span> <span class='ocrx_word' id='word_1_759' title='bbox 691 5570 920 5625; x_wconf 83' lang='lat' dir='ltr'><strong>lectione</strong></span> <span class='ocrx_word' id='word_1_760' title='bbox 971 5571 1199 5639; x_wconf 83' lang='lat' dir='ltr'><strong>petitur;</strong></span> <span class='ocrx_word' id='word_1_761' title='bbox 1252 5584 1376 5622; x_wconf 85' lang='lat' dir='ltr'><strong>nam</strong></span> <span class='ocrx_word' id='word_1_762' title='bbox 1417 5567 1625 5625; x_wconf 66' lang='lat' dir='ltr'><strong>llcbrmi</strong></span> <span class='ocrx_word' id='word_1_763' title='bbox 1678 5578 1733 5624; x_wconf 88' lang='lat' dir='ltr'><strong>ct</strong></span> <span class='ocrx_word' id='word_1_764' title='bbox 1789 5567 1967 5623; x_wconf 87' lang='lat' dir='ltr'><strong>Latini</strong></span> 
     </span>
    </p>
   </div>
   <div class='ocr_carea' id='block_1_106' title="bbox 2085 4451 3654 4527">
    <p class='ocr_par' dir='ltr' id='par_1_106' title="bbox 2085 4451 3654 4527">
     <span class='ocr_line' id='line_1_106' title="bbox 2085 4451 3654 4527; baseline 0.004 -22"><span class='ocrx_word' id='word_1_765' title='bbox 2085 4451 2234 4522; x_wconf 77' lang='grc' dir='ltr'>αὑτῷ</span> <span class='ocrx_word' id='word_1_766' title='bbox 2283 4452 2674 4523; x_wconf 74' lang='grc' dir='ltr'>ἀφιστάμενον,</span> <span class='ocrx_word' id='word_1_767' title='bbox 2723 4454 2804 4517; x_wconf 83' lang='grc' dir='ltr'><strong>εἰς</strong></span> <span class='ocrx_word' id='word_1_768' title='bbox 2835 4454 3109 4526; x_wconf 87' lang='grc' dir='ltr'>πλήρωμα</span> <span class='ocrx_word' id='word_1_769' title='bbox 3146 4456 3201 4509; x_wconf 77' lang='grc' dir='ltr'>δὲ</span> <span class='ocrx_word' id='word_1_770' title='bbox 3252 4455 3654 4527; x_wconf 73' lang='grc' dir='ltr'>μεθιστάμενον,</span> 
     </span>
    </p>
   </div>
   <div class='ocr_carea' id='block_1_107' title="bbox 2083 4543 3656 4618">
    <p class='ocr_par' dir='ltr' id='par_1_107' title="bbox 2083 4543 3656 4618">
     <span class='ocr_line' id='line_1_107' title="bbox 2083 4543 3656 4618; baseline 0.001 -20"><span class='ocrx_word' id='word_1_771' title='bbox 2083 4547 2220 4615; x_wconf 83' lang='grc' dir='ltr'>ὅπερ</span> <span class='ocrx_word' id='word_1_772' title='bbox 2263 4545 2366 4616; x_wconf 74' lang='grc' dir='ltr'><strong>ἔφη</strong></span> <span class='ocrx_word' id='word_1_773' title='bbox 2407 4549 2439 4617; x_wconf 83' lang='grc' dir='ltr'><strong>ή</strong></span> <span class='ocrx_word' id='word_1_774' title='bbox 2487 4548 2760 4618; x_wconf 81' lang='grc' dir='ltr'>Σεπφώρα</span> <span class='ocrx_word' id='word_1_775' title='bbox 2791 4547 2922 4618; x_wconf 66' lang='grc'><strong>(44)·</strong></span> <span class='ocrx_word' id='word_1_776' title='bbox 2952 4549 3034 4600; x_wconf 79' lang='grc' dir='ltr'>ὅτι</span> <span class='ocrx_word' id='word_1_777' title='bbox 3072 4549 3264 4614; x_wconf 73' lang='lat' dir='ltr'><strong>&quot;Eam</strong></span> <span class='ocrx_word' id='word_1_778' title='bbox 3300 4547 3365 4600; x_wconf 85' lang='grc' dir='ltr'>τὸ</span> <span class='ocrx_word' id='word_1_779' title='bbox 3395 4543 3541 4617; x_wconf 77' lang='grc' dir='ltr'>αἷμα</span> <span class='ocrx_word' id='word_1_780' title='bbox 3563 4546 3656 4612; x_wconf 72' lang='grc' dir='ltr'>τῆς</span> 
     </span>
    </p>
   </div>
   <div class='ocr_carea' id='block_1_108' title="bbox 2085 4635 3656 4708">
    <p class='ocr_par' dir='ltr' id='par_1_108' title="bbox 2085 4635 3656 4708">
     <span class='ocr_line' id='line_1_108' title="bbox 2085 4635 3656 4708; baseline -0.001 -18"><span class='ocrx_word' id='word_1_781' title='bbox 2085 4636 2406 4707; x_wconf 75' lang='grc' dir='ltr'>περιτομῆς</span> <span class='ocrx_word' id='word_1_782' title='bbox 2451 4639 2556 4693; x_wconf 82' lang='grc' dir='ltr'><strong>τοῦ</strong></span> <span class='ocrx_word' id='word_1_783' title='bbox 2607 4639 2847 4692; x_wconf 80' lang='grc' dir='ltr'>παιδίου</span> <span class='ocrx_word' id='word_1_784' title='bbox 2872 4657 3010 4708; x_wconf 85' lang='grc' dir='ltr'>μου.</span> <span class='ocrx_word' id='word_1_785' title='bbox 3061 4641 3173 4692; x_wconf 68' lang='grc' dir='ltr'>Καὶ</span> <span class='ocrx_word' id='word_1_786' title='bbox 3217 4641 3320 4692; x_wconf 77' lang='grc' dir='ltr'>οὐκ</span> <span class='ocrx_word' id='word_1_787' title='bbox 3359 4635 3548 4703; x_wconf 73' lang='grc' dir='ltr'>εἶπεν,</span> <span class='ocrx_word' id='word_1_788' title='bbox 3589 4641 3656 4690; x_wconf 70' lang='grc' dir='ltr'>ὅτι</span> 
     </span>
    </p>
   </div>
   <div class='ocr_carea' id='block_1_109' title="bbox 2081 4729 3655 4802">
    <p class='ocr_par' dir='ltr' id='par_1_109' title="bbox 2081 4729 3655 4802">
     <span class='ocr_line' id='line_1_109' title="bbox 2081 4729 3655 4802; baseline -0.001 -21"><span class='ocrx_word' id='word_1_789' title='bbox 2081 4729 2414 4800; x_wconf 77' lang='grc' dir='ltr'>Περιέτεμὸν</span> <span class='ocrx_word' id='word_1_790' title='bbox 2473 4748 2575 4800; x_wconf 79' lang='grc' dir='ltr'>μου</span> <span class='ocrx_word' id='word_1_791' title='bbox 2631 4732 2692 4784; x_wconf 90' lang='grc' dir='ltr'><strong>τὸ</strong></span> <span class='ocrx_word' id='word_1_792' title='bbox 2756 4731 2989 4785; x_wconf 81' lang='grc' dir='ltr'>παιδίον.</span> <span class='ocrx_word' id='word_1_793' title='bbox 3039 4732 3113 4784; x_wconf 80' lang='grc' dir='ltr'><strong>Οὐ</strong></span> <span class='ocrx_word' id='word_1_794' title='bbox 3159 4731 3272 4802; x_wconf 76' lang='grc' dir='ltr'>γὰρ</span> <span class='ocrx_word' id='word_1_795' title='bbox 3322 4731 3591 4801; x_wconf 77' lang='grc' dir='ltr'>ᾠκονόμει</span> <span class='ocrx_word' id='word_1_796' title='bbox 3632 4735 3655 4780; x_wconf 76' lang='grc' dir='ltr'>ὁ</span> 
     </span>
    </p>
   </div>
   <div class='ocr_carea' id='block_1_110' title="bbox 2085 4820 3654 4900">
    <p class='ocr_par' dir='ltr' id='par_1_110' title="bbox 2085 4820 3654 4900">
     <span class='ocr_line' id='line_1_110' title="bbox 2085 4820 3654 4900; baseline -0.001 -27"><span class='ocrx_word' id='word_1_797' title='bbox 2085 4820 2413 4884; x_wconf 70' lang='grc' dir='ltr'>ἀποσταλεὶς</span> <span class='ocrx_word' id='word_1_798' title='bbox 2477 4821 2740 4892; x_wconf 82' lang='grc' dir='ltr'>ἄγγελος,</span> <span class='ocrx_word' id='word_1_799' title='bbox 2779 4823 2867 4877; x_wconf 85' lang='grc' dir='ltr'>ἵνα</span> <span class='ocrx_word' id='word_1_800' title='bbox 2914 4823 3186 4894; x_wconf 83' lang='grc' dir='ltr'>περιτομὴ</span> <span class='ocrx_word' id='word_1_801' title='bbox 3238 4824 3490 4900; x_wconf 51' lang='grc' dir='ltr'>γένηται(</span> <span class='ocrx_word' id='word_1_802' title='bbox 3540 4821 3654 4875; x_wconf 68' lang='grc' dir='ltr'><strong>ἀλλὰ</strong></span> 
     </span>
    </p>
   </div>
   <div class='ocr_carea' id='block_1_111' title="bbox 2087 4905 3654 4985">
    <p class='ocr_par' dir='ltr' id='par_1_111' title="bbox 2087 4905 3654 4985">
     <span class='ocr_line' id='line_1_111' title="bbox 2087 4905 3654 4985; baseline 0.001 -23"><span class='ocrx_word' id='word_1_803' title='bbox 2087 4910 2207 4962; x_wconf 70' lang='grc' dir='ltr'>οὐδὲ</span> <span class='ocrx_word' id='word_1_804' title='bbox 2242 4911 2303 4964; x_wconf 86' lang='grc' dir='ltr'><strong>τὸ</strong></span> <span class='ocrx_word' id='word_1_805' title='bbox 2337 4905 2473 4982; x_wconf 77' lang='grc' dir='ltr'>αἷμα</span> <span class='ocrx_word' id='word_1_806' title='bbox 2513 4913 2614 4983; x_wconf 82' lang='grc' dir='ltr'>τῆς</span> <span class='ocrx_word' id='word_1_807' title='bbox 2645 4915 2947 4985; x_wconf 81' lang='grc' dir='ltr'>περιτομῆς</span> <span class='ocrx_word' id='word_1_808' title='bbox 2977 4913 3237 4984; x_wconf 73' lang='grc' dir='ltr'>φοϐηθεὶς</span> <span class='ocrx_word' id='word_1_809' title='bbox 3269 4915 3509 4984; x_wconf 79' lang='grc' dir='ltr'>ἀπέστη·</span> 
     </span>
    </p>
   </div>
   <div class='ocr_carea' id='block_1_112' title="bbox 2090 5001 3651 5075">
    <p class='ocr_par' dir='ltr' id='par_1_112' title="bbox 2090 5001 3651 5075">
     <span class='ocr_line' id='line_1_112' title="bbox 2090 5001 3651 5075; baseline 0.003 -23"><span class='ocrx_word' id='word_1_810' title='bbox 2090 5001 2447 5071; x_wconf 86' lang='grc' dir='ltr'>ὑπομνήσεως</span> <span class='ocrx_word' id='word_1_811' title='bbox 2495 5003 2653 5074; x_wconf 85' lang='grc' dir='ltr'>χάριν</span> <span class='ocrx_word' id='word_1_812' title='bbox 2701 5004 2794 5056; x_wconf 80' lang='grc' dir='ltr'><strong>τοῦ</strong></span> <span class='ocrx_word' id='word_1_813' title='bbox 2841 5004 3127 5074; x_wconf 82' lang='grc' dir='ltr'>μέλλοντος</span> <span class='ocrx_word' id='word_1_814' title='bbox 3177 5005 3396 5058; x_wconf 83' lang='grc' dir='ltr'>παιδίου</span> <span class='ocrx_word' id='word_1_815' title='bbox 3429 5007 3494 5058; x_wconf 80' lang='grc' dir='ltr'>τὸ</span> <span class='ocrx_word' id='word_1_816' title='bbox 3539 5001 3651 5075; x_wconf 64' lang='grc' dir='ltr'>αἷμα</span> 
     </span>
    </p>
   </div>
   <div class='ocr_carea' id='block_1_113' title="bbox 2091 5092 3654 5167">
    <p class='ocr_par' dir='ltr' id='par_1_113' title="bbox 2091 5092 3654 5167">
     <span class='ocr_line' id='line_1_113' title="bbox 2091 5092 3654 5167; baseline 0.004 -24"><span class='ocrx_word' id='word_1_817' title='bbox 2091 5092 2191 5161; x_wconf 83' lang='grc' dir='ltr'>τῆς</span> <span class='ocrx_word' id='word_1_818' title='bbox 2229 5095 2531 5166; x_wconf 81' lang='grc' dir='ltr'>περιτομῆς</span> <span class='ocrx_word' id='word_1_819' title='bbox 2568 5096 2738 5166; x_wconf 81' lang='grc' dir='ltr'>ἱστᾷν·</span> <span class='ocrx_word' id='word_1_820' title='bbox 2778 5096 2913 5167; x_wconf 79' lang='grc' dir='ltr'>ὅπερ</span> <span class='ocrx_word' id='word_1_821' title='bbox 2963 5096 3201 5160; x_wconf 86' lang='grc' dir='ltr'>ἀκούσας</span> <span class='ocrx_word' id='word_1_822' title='bbox 3247 5097 3344 5151; x_wconf 77' lang='grc' dir='ltr'><strong>καὶ</strong></span> <span class='ocrx_word' id='word_1_823' title='bbox 3391 5099 3654 5166; x_wconf 61' lang='grc' dir='ltr'>οἰκονομη-</span> 
     </span>
    </p>
   </div>
   <div class='ocr_carea' id='block_1_114' title="bbox 2077 5425 3650 5496">
    <p class='ocr_par' dir='ltr' id='par_1_114' title="bbox 2077 5425 3650 5496">
     <span class='ocr_line' id='line_1_114' title="bbox 2077 5425 3650 5496; baseline -0.001 -16"><span class='ocrx_word' id='word_1_824' title='bbox 2077 5425 2299 5482; x_wconf 84' lang='lat' dir='ltr'><strong>codices</strong></span> <span class='ocrx_word' id='word_1_825' title='bbox 2335 5445 2348 5482; x_wconf 89' lang='lat'><strong>:</strong></span> <span class='ocrx_word' id='word_1_826' title='bbox 2384 5426 2618 5496; x_wconf 79' lang='lat' dir='ltr'><strong>Sponsus</strong></span> <span class='ocrx_word' id='word_1_827' title='bbox 2644 5428 2966 5496; x_wconf 76' lang='lat' dir='ltr'><strong>sanguinum</strong></span> <span class='ocrx_word' id='word_1_828' title='bbox 3001 5439 3055 5481; x_wconf 84' lang='lat' dir='ltr'><strong>tu</strong></span> <span class='ocrx_word' id='word_1_829' title='bbox 3081 5427 3209 5480; x_wconf 80' lang='lat' dir='ltr'><strong>mihi</strong></span> <span class='ocrx_word' id='word_1_830' title='bbox 3239 5445 3315 5491; x_wconf 74' lang='lat' dir='ltr'><strong>es,</strong></span> <span class='ocrx_word' id='word_1_831' title='bbox 3343 5429 3414 5484; x_wconf 85' lang='lat' dir='ltr'><strong>ob</strong></span> <span class='ocrx_word' id='word_1_832' title='bbox 3442 5431 3650 5484; x_wconf 79' lang='lat' dir='ltr'><strong>circum-</strong></span> 
     </span>
    </p>
   </div>
   <div class='ocr_carea' id='block_1_115' title="bbox 2077 5487 3646 5624">
    <p class='ocr_par' dir='ltr' id='par_1_115' title="bbox 2077 5487 3646 5624">
     <span class='ocr_line' id='line_1_115' title="bbox 2077 5487 3646 5624; baseline 0 -75"><span class='ocrx_word' id='word_1_833' title='bbox 2077 5498 2378 5624; x_wconf 66' lang='lat' dir='ltr'><strong>cisipnem,</strong></span> <span class='ocrx_word' id='word_1_834' title='bbox 2420 5487 2639 5555; x_wconf 87' lang='lat' dir='ltr'><strong>habent.</strong></span> <span class='ocrx_word' id='word_1_835' title='bbox 2694 5487 2836 5552; x_wconf 71' lang='lat' dir='ltr'><strong>LXX</strong></span> <span class='ocrx_word' id='word_1_836' title='bbox 2883 5515 3013 5556; x_wconf 85' lang='lat' dir='ltr'><strong>vero</strong></span> <span class='ocrx_word' id='word_1_837' title='bbox 3062 5501 3222 5570; x_wconf 83' lang='lat' dir='ltr'><strong>longe</strong></span> <span class='ocrx_word' id='word_1_838' title='bbox 3270 5487 3380 5555; x_wconf 82' lang='lat' dir='ltr'><strong>alia</strong></span> <span class='ocrx_word' id='word_1_839' title='bbox 3424 5499 3646 5555; x_wconf 81' lang='lat' dir='ltr'><strong>reddide-</strong></span> 
     </span>
     <span class='ocr_line' id='line_1_116' title="bbox 2079 5583 2225 5623; baseline 0.007 -1"><span class='ocrx_word' id='word_1_840' title='bbox 2079 5583 2182 5623; x_wconf 90' lang='lat' dir='ltr'><strong>run</strong></span> <span class='ocrx_word' id='word_1_841' title='bbox 2212 5608 2225 5623; x_wconf 95' lang='lat'><strong>.</strong></span> 
     </span>
    </p>
   </div>
   <div class='ocr_carea' id='block_1_116' title="bbox 2079 5583 2225 5623">
    <p class='ocr_par' dir='ltr' id='par_1_116' title="bbox 2079 5583 2225 5623">
     <span class='ocr_line' id='line_1_117' title="bbox 2079 5583 2225 5623; baseline 0.007 -1"><span class='ocrx_word' id='word_1_842' title='bbox 2079 5583 2225 5623; x_wconf 85' lang='lat' dir='ltr'><strong>runt.</strong></span> 
     </span>
    </p>
   </div>
  </div>
