3760 6176
121 155 228 212 ἑ55

871 151 1242 212 ADVERSUS
1279 153 1625 212 IIASIIESES
1664 155 1792 214 LIB.
1822 157 1864 212 I.
1905 155 2069 214 ΤΟΜ.
2110 155 2174 212 II.
2215 156 2598 215 -—.II1ERES.
2635 159 2800 217 XXX.

3277 165 3384 223 454

122 291 224 337 σας
272 273 503 344 ἀπέστη.
536 272 647 327 Καὶ
679 272 832 325 ποίου
863 274 1096 338 παιδίου,
1127 274 1313 328 ἄκουε.
1346 273 1485 327 Ἀλλ’
1516 275 1548 346 ἢ
1580 292 1679 347 περ

1868 284 1956 331 etu
1980 275 2230 343 recessit,
2265 275 2361 331 sed
2398 284 2456 330 ut
2485 292 2610 331 eum
2646 277 2930 342 infantem,
2957 294 2986 333 a
3010 295 3120 350 quo
3151 281 3386 338 circum-

118 359 181 420 οἶῖ
212 362 365 420 εἶπεν
409 369 438 420 6
482 367 801 437 προφήτης,
834 367 916 418 ὄτι
954 366 1337 433 Θελήσουσιν
1377 369 1430 419 εὶ
1467 367 1705 436 ἐγένον-

118 475 186 511 το
212 458 325 528 (45)
351 459 768 526 πυρίκαυστοι.
798 459 927 512 Ὅτι
961 458 1201 512 παιδίον
1221 459 1514 529 ἐγεννήθη
1538 459 1701 528 ἡμῖν,

119 552 218 604 καὶ
266 553 396 618 υίὸς
424 551 600 619 ἐδόθη
642 550 809 620 ἡμῖν.
840 551 913 604 Τὸ
945 551 1043 621 μὲν
1073 549 1330 619 γεννηθὲν
1363 549 1576 603 παιδίον
1597 549 1705 602 δει-

117 645 253 706 κνὺς
297 645 355 697 ὲν
397 644 646 714 ἀληθείᾳ,
689 645 836 706 ὅπως
883 643 1099 713 σημάνῃ
1128 642 1226 712 τῆν
1262 641 1520 711 ἀληθινὴν
1552 643 1706 696 ὲναν-

117 733 436 805 θρώπησιν·
467 734 528 788 τὺ
551 735 637 799 δὲ,
669 734 800 800 υἱὸς
834 733 1010 800 ἐδόθη
1055 733 1217 802 ἡμῖν,
1246 735 1392 796 ὅπως
1427 732 1574 803 δείξῃ
1611 734 1702 785 τὸν

116 824 326 878 ἄνωθεν
354 825 488 878 Θεοῦ
523 826 716 893 Λόγον,
751 825 844 877 καὶ
881 825 1008 877 Υίὸν
1043 823 1175 876 Θεοῦ
1210 823 1371 876 αὑτὸν
1402 824 1700 893 δειχθέντα,

116 917 212 968 καὶ
265 919 322 969 ἐν
379 917 561 988 μήτρᾳ
594 916 884 986 γενόμενον
932 914 1460 985 ὲνανθρωπήσαντα,
1510 912 1702 981 έχοντα

116 1008 408 1077 ἀμφότερα
437 1007 568 1059 Θεὸν
589 1007 684 1060 καὶ
714 1006 1017 1077 ἄνθρωπον,
1046 1004 1206 1057 αὑτὸν
1235 1003 1389 1069 Θεὸν,
1425 1002 1586 1055 αὐτὸν
1606 1003 1701 1057 ἄν·

115 1098 338 1168 θρωπον
359 1138 373 1162 ,
409 1098 568 1152 αὐτὸν
615 1099 729 1152 υἱὸν
764 1097 967 1152 ἄνωθεν
1003 1097 1252 1161 δοθέντα,
1294 1095 1456 1149 αὑτὸν
1490 1096 1701 1150 παιδίον

114 1188 470 1259 γεννηθέντα.
512 1189 629 1258 Ἐφ’
668 1182 728 1242 οῦ
764 1189 890 1260 ἔστη
936 1187 1120 1242 λοιπὸν
1164 1188 1226 1240 τὸ
1255 1182 1396 1258 αἷμα
1421 1188 1518 1258 τῆς
1546 1205 1702 1259 περι-

112 1281 323 1350 τομῆς,
353 1282 428 1344 ὡς
469 1281 561 1335 καὶ
600 1283 658 1334 ἐν
708 1281 786 1351 τῷ
829 1280 1146 1352 Εὑαγγελίῳ
1181 1281 1350 1350 λέγει·
1385 1281 1515 1334 "Ore
1539 1276 1701 1350 ἦλθον

117 1371 384 1442 Ἕλληνες
443 1373 753 1442 βουλόμενοι
803 1373 962 1426 αὑτὸν
1018 1373 1348 1426 θεάσασθαι·
1397 1372 1490 1425 κα)⁵
1537 1367 1701 1443 ἦλθον

114 1467 256 1536 πρὸς
289 1466 576 1531 Φίλιππον,
619 1467 714 1518 καὶ
755 1467 1005 1536 λέγουσιν
1035 1466 1203 1536 αὐτῷ,
1239 1465 1420 1532 Δεῖξον
1447 1467 1576 1536 ἡμῖν
1609 1465 1701 1518 τὸν

114 1558 350 1626 Ἰησοῦν·
395 1560 488 1612 καὶ
517 1561 544 1612 6
570 1559 835 1622 Φίλιππος
877 1558 955 1629 τῷ
978 1557 1220 1628 Ἀνδρέᾳ,
1257 1557 1352 1609 καὶ⁹
1380 1558 1408 1610 6
1443 1555 1700 1629 Ἀνδρέας

1807 361 2032 416 cisionis
2071 376 2236 416 cruor
2284 363 2614 419 inhibendus
2646 373 2800 429 erat,
2835 365 2892 420 in
2927 370 3248 424 memoriam
3293 388 3384 426 re—

1806 460 2045 508 vocaret.
2096 451 2277 518 Quare
2311 469 2434 508 mox
2481 463 2541 508 ut
2573 455 2709 508 illttd
2757 457 2965 510 audivit
3007 472 3071 513 ac
3111 461 3382 530 praestitit,

1805 558 1836 596 e
1866 543 2046 597 medio
2081 557 2140 596 se
2172 543 2454 598 subduxit.
2484 543 2553 598 At
2579 545 2832 614 quisnam
2867 547 2957 602 ille
2987 547 3206 604 futurus
3237 559 3384 606 esset

1806 633 2009 697 infans,
2039 635 2246 704 accipe.
2281 636 2336 690 ls
2371 636 2515 690 enim
2549 649 2666 691 erat
2699 638 2765 692 dc
2797 653 2907 708 quo
2941 641 3207 710 propheta
3233 641 3383 696 locu-

1805 732 1893 778 tus
1943 731 2027 778 est
2069 739 2082 776 :
2132 715 2202 778 Et
2251 725 2420 780 volent
2465 743 2576 780 esse
2619 728 2736 799 igne
2781 730 3060 787 combusti.
3119 729 3382 796 Quoniam

1803 817 2051 883 parvulus
2098 827 2253 871 natus
2295 829 2372 872 est
2404 821 2571 883 nobis,
2605 829 2654 874 et
2688 821 2834 890 ﬁlius
2865 823 3024 876 datus
3057 832 3134 876 est
3159 825 3307 878 nobis
3338 826 3378 878 ³.

1805 907 2014 973 Quibus
2051 909 2231 965 verbis
2258 910 2496 980 primum
2525 921 2712 966 natum
2748 929 2936 970 revera
2964 915 3263 984 parvulum‘
3283 916 3376 970 dc-

1803 1000 2148 1065 monstravit,
2195 1009 2254 1054 ut
2287 1017 2414 1058 vere
2462 1013 2772 1073 susceptam
2803 1005 2870 1059 ab
2900 1021 2965 1060 eo
3002 1013 3250 1059 naturam
3282 1007 3382 1060 ho-

1803 1091 1967 1146 minis
2001 1093 2350 1162 signiﬁcaret.
2389 1093 2594 1150 Deinde
2638 1096 2906 1165 subjecit,
2942 1097 3088 1165 ﬁlius
3117 1097 3274 1152 datus
3304 1109 3380 1153 est

1803 1181 1986 1246 nobis;
2015 1193 2072 1238 ut
2119 1184 2371 1240 eumdem
2420 1185 2518 1241 Dei
2565 1201 2688 1242 esse
2719 1185 2956 1242 Verbum
2986 1204 3016 1243 e
3048 1191 3187 1243 coelo
3231 1189 3381 1244 dela-

1802 1292 1982 1347 psum,
2014 1275 2219 1346 Deique
2252 1275 2450 1331 Filium
2485 1279 2819 1334 declaratum
2865 1280 3210 1345 ostenderet,
3239 1290 3292 1336 et
3323 1283 3378 1335 in

1804 1381 1958 1426 utero
1999 1372 2238 1442 genitum
2261 1412 2276 1437 ,
2325 1371 2709 1442 hominemque
2756 1375 2990 1439 factum,
3023 1375 3095 1428 ita
3129 1374 3285 1444 153
3317 1382 3378 1429 ut

1802 1460 2073 1531 duplicem
2107 1463 2162 1516 in
2190 1477 2250 1518 se
2283 1469 2554 1527 naturam,
2595 1462 2692 1519 Dei
2723 1466 2996 1531 videlicet,
3030 1467 3378 1537 hominisque

1802 1553 2143 1619 contineret,
2180 1555 2518 1624 proindcque
2551 1553 2716 1611 Deum
2756 1559 2962 1628 pariter
3001 1568 3166 1629 atque
3200 1561 3377 1616 homi-

111 1650 190 1719 τῷ
226 1651 406 1722 Ἰησοῦ
447 1652 573 1724 ἔφη,
608 1652 690 1705 ὅτι
736 1651 900 1717 Τινὲς
941 1653 1240 1718 Ἕλληνες
1261 1651 1595 1714 ,ϐούλονταί
1625 1667 1679 1704 σε

1863 1658 1946 1708 :m,
1982 1651 2036 1698 et
2075 1644 2325 1698 eumdem
2353 1645 2616 1701 divinitus
2649 1648 2888 1703 oblatum
2929 1649 3120 1714 ﬁlium,
3154 1666 3218 1704 ac
3246 1667 3378 1721 pue-

114 1739 472 1797 9εὰσασθαι.
518 1743 628 1794 Καὶ
675 1742 834 1806 εὐθὺς
873 1745 898 1795 6
938 1742 1144 1813 Κύριος
1189 1739 1562 1810 ἀποκρίνεται,
1612 1741 1700 1793 λέ-

112 1846 249 1897 γων·
284 1831 401 1884 Νῦν
440 1833 671 1902 ἔφθασεν
701 1836 733 1905 ἡ
767 1834 890 1899 δόξα
917 1833 1010 1887 τοῦ
1047 1833 1200 1886 Θεοῦ·
1237 1833 1322 1885 ἵνα
1367 1833 1516 1906 δείξῃ
1546 1850 1701 1904 περι-

110 1921 288 1992 τομὴν
345 1924 445 1993 μὲν
492 1925 909 1997 παρερχομένην
952 1924 1049 1996 τὴν
1098 1924 1380 1996 ένσαρκον,
1417 1925 1511 1978 καὶ
1543 1923 1698 1994 τύπῳ

112 2011 542 2082 ὑπηρετήσασαν
587 2014 714 2085 ἄχρι
759 2015 972 2086 χρόνου,
1011 2013 1108 2085 τὴν
1136 2013 1190 2066 δὲ
1231 2015 1288 2067 ὲν
1323 2013 1486 2085 σαρκὶ
1531 2014 1699 2084 ἀκρο-

110 2101 341 2155 ϐυστίαν
391 2105 448 2157 έν
495 2104 762 2175 πνεύματι
813 2106 1040 2176 ἔχουσαν
1095 2106 1317 2176 μείζονα
1369 2104 1692 2176 περιτομὴν,

112 2194 428 2267 θεωροῦσαν
474 2197 726 2268 Χριστὸν,
772 2197 866 2251 καὶ
904 2197 1066 2251 αὐτὸν
1093 2199 1150 2250 ὲν
1183 2196 1411 2250 ἀληθεία
1444 2195 1696 2266 κατειλη-

112 2303 298 2353 φυιαν.

1800 1736 1981 1788 rulum
2012 1743 2220 1789 natum.
2250 1737 2309 1789 In
2331 1750 2439 1805 quo
2468 1737 2910 1795 circumcisionis
2936 1740 3192 1812 deinceps
3214 1757 3377 1796 cruor

1801 1827 1982 1892 stetit,
2034 1835 2092 1880 ut
2137 1827 2190 1880 in
2239 1826 2534 1898 Evangelia
2579 1830 2695 1900 ipse
2737 1840 2988 1887 testatur.
3042 1831 3176 1887 Cum
3230 1835 3373 1888 enim

1799 1920 2031 1990 gentiles
2063 1921 2281 1975 videndi
2311 1923 2431 1991 ejus
2461 1922 2734 1978 desiderio
2778 1924 3146 1979 accessissent
3173 1942 3187 1990 ;
3224 1931 3277 1978 et
3307 1924 3376 1977 ad

1799 2012 2107 2082 Philippum
2144 2015 2410 2070 adeuntes
2458 2015 2724 2070 dixissent
2761 2031 2775 2066 :
2813 2014 3052 2070 Ostende
3085 2015 3242 2071 nobis
3287 2013 3376 2068 Je-

1801 2119 1956 2170 sum;
1983 2119 2046 2158 ac
2073 2104 2358 2175 Philippus
2385 2106 2437 2160 id
2471 2105 2720 2170 Andreae,
2755 2107 3002 2162 Andreas
3035 2104 3256 2162 Christo
3285 2122 3373 2161 re-

1803 2197 2015 2252 tulisset
2059 2198 2144 2252 his
2187 2199 2368 2253 verbis
2400 2217 2412 2252 :
2439 2197 2667 2253 Gentiles
2710 2199 2927 2268 quidam
2978 2199 3150 2254 videre
3197 2208 3244 2253 te
3284 2214 3374 2266 cu-

1798 2287 1948 2356 piunt
1994 2286 2036 2350 ‘,
2076 2286 2340 2343 Dominus
2386 2288 2534 2344 illico
2582 2290 2867 2359 respondit
2896 2289 3090 2345 :Nunc
3129 2291 3375 2360 pervenit

112 2381 286 2450 gloria
337 2381 456 2449 Dei,
508 2391 564 2438 ut
602 2385 1081 2440 circumcisioncm
1128 2399 1314 2439 carnis
1361 2382 1691 2454 prieteriisse
1718 2382 1831 2452 jam
1861 2383 2101 2447 doceret,
2135 2391 2188 2437 et
2223 2381 2291 2435 ad
2319 2390 2526 2438 certum
2586 2393 2799 2453 tempus
2865 2384 3049 2453 ﬁgurae
3091 2383 3372 2446 serviisse,

107 2473 297 2527 carnis
362 2489 492 2530 vero
534 2476 856 2546 praeputium
905 2475 1177 2545 spirituali
1225 2490 1290 2531 ac
1358 2475 1726 2544 praestautiori
1796 2473 2216 2529 circumcisione
2275 2473 2562 2544 praeditum
2621 2476 2978 2546 contemplari
3052 2475 3369 2546 Christum,

109 2561 346 2630 ejusque
386 2562 564 2633 reipsa
601 2572 906 2634 compotem
947 2564 1084 2619 ﬁeri.

176 2655 318 2708 KH’.
356 2653 420 2705 Et
454 2653 510 2704 δὲ
548 2651 826 2722 βούλονται
859 2644 1004 2705 οὗτοι
1034 2651 1232 2721 λέγειν,
1273 2652 1398 2716 Πῶς
1428 2648 1518 2706 οὖν
1554 2653 1691 2722 Χρι-

109 2747 234 2810 στὸς
261 2743 606 2817 περιετμήθη
634 2761 648 2810 ;
683 2744 1006 2798 ἀκούσονται
1033 2787 1046 2810 ,
1081 2745 1161 2798 ὅτι
1199 2745 1336 2816 Ἤδη
1375 2746 1473 2815 μὲν
1497 2739 1608 2808 οὖν,
1644 2737 1689 2796 ὦ

107 2839 542 2909 πεπλανημένοι,
582 2837 866 2908 ἐδείξαμεν
911 2837 1040 2907 ὑμῖν
1088 2835 1154 2889 δι’
1194 2837 1259 2907 ἣν
1297 2834 1474 2889 αἰτίαν
1529 2852 1688 2905 περι-

107 2929 349 3001 ετμήθη.
389 2929 734 3000 Περιετμήθη
769 2927 878 3000 γὰρ
911 2928 1000 2982 διὰ
1035 2927 1264 2991 πολλοὺς
1290 2927 1542 2998 τρόπους.
1580 2927 1691 2980 Καὶ

107 3020 352 3091 πρῶτον,
383 3020 468 3072 ἵνα
508 3019 657 3091 δείξῃ
689 3020 747 3071 ὲν
781 3018 1008 3089 ἀληθείᾳ
1042 3017 1218 3089 σάρκα
1259 3017 1448 3071 ἑαυτὸν
1476 3015 1691 3088 ἀνειλη-

109 3113 289 3180 φέναι,
327 3111 420 3166 διὰ
467 3112 765 3180 Μανιχαῖον
815 3111 908 3163 καὶ
942 3111 1067 3175 τοὺς
1109 3111 1362 3178 λέγοντας
1392 3113 1448 3163 ὲν
1474 3109 1692 3180 δοκήσει

106 3205 446 3274 πεφηνέναι·
495 3203 718 3271 ἔπειτα,
776 3204 862 3256 ἵνα
913 3203 1080 3275 δείξῃ,
1117 3203 1192 3266 ὼς
1241 3203 1342 3255 οὐκ
1389 3197 1457 3272 ἦν
1499 3200 1693 3270 ὁμοού-

107 3313 222 3348 σιον
256 3295 372 3364 (46)
407 3295 466 3348 τὸ
499 3294 658 3365 σῶμα
692 3299 758 3366 τῇ
796 3295 1028 3367 θεότητι,
1091 3293 1167 3357 ὡς
1206 3293 1370 3364 φησὶν
1411 3291 1689 3344 Ἀπολινά-

109 3402 252 3455 ριος·
285 3385 407 3438 ἀλλ’
439 3383 562 3437 οὔτε
595 3384 800 3438 ἄνωθεν
839 3384 971 3437 αὐτὸ
1011 3384 1387 3454 κατενήνοχεν,
1435 3381 1510 3444 ὡς
1541 3380 1690 3448 λέγει

107 3479 463 3542 Οὐαλεντῖνος
483 3495 496 3508 ·
533 3477 625 3530 καὶ
649 3477 735 3530 ἵνα
763 3476 1037 3547 βεϐαιώσῃ
1058 3479 1123 3547 ἢν
1155 3476 1321 3529 πάλαι
1343 3473 1506 3527 ἔδωκε
1535 3490 1692 3544 περι-

104 3569 280 3640 τομὴν
310 3568 536 3631 δικαίως
560 3568 983 3638 ὑπηρετήσασαν
1015 3567 1120 3630 ἕως
1149 3567 1249 3636 τῆς
1283 3565 1447 3620 αὑτοῦ
1479 3582 1688 3636 παρου-

106 3661 251 3725 σίας,
280 3662 380 3714 uati.
409 3661 496 3714 διὰ
529 3661 588 3713 τὸ
615 3659 689 3730 μὴ
721 3659 868 3729 ἔχειν
890 3659 1014 3722 τοὺς
1050 3658 1336 3721 Ἰουδαίους
1369 3657 1686 3725 ἀπολογίαν.

105 3754 166 3805 Ei
199 3753 315 3823 γὰρ
354 3751 428 3822 μὴ
476 3750 843 3821 περιετμήθη,
899 3743 1044 3820 εἶχον
1085 3749 1296 3816 λέγειν·
1344 3749 1458 3802 Οὐκ
1490 3748 1688 3818 ἠδυνά-

107 3841 248 3911 μεθα
281 3841 520 3910 Χριστὸν
543 3839 796 3905 δέξασθαι
821 3840 878 3891 έν
905 3838 1258 3910 ἀκροϐυστίᾳ.
1283 3839 1489 3902 Ἀλλως
1513 3856 1572 3891 τε
1595 3839 1690 3892 καὶ

103 3933 206 3986 ἔδει
245 3931 412 3986 αὐτὸν
446 3931 820 4002 ἐντειλάμενον
848 3931 926 4000 τῷ
972 3930 1222 4002 Ἀϐραὰμ
1261 3931 1686 4002 περιτμηθῆναι,

104 4023 408 4094 σφραγῖδος
441 4022 603 4075 ἓνεκα
638 4020 990 4091 φαινομένης,
1025 4021 1105 4082 εἰς
1133 4019 1301 4074 τύπον
1335 4021 1393 4073 δὲ
1427 4019 1689 4090 ἀληθινῆς

102 4117 194 4168 καὶ
231 4113 471 4186 ἆοράτου
525 4111 804 4183 δοθείσης,
851 4110 948 4164 νῦν
989 4110 1393 4182 περιτμηθῆναι
1438 4111 1642 4182 ταύτην
1668 4111 1684 4141 ί

105 4208 431 4277 βεϐαιῶσαι.
465 4206 715 4273 Ἐγένετο
743 4204 852 4274 γὰρ
879 4205 912 4274 ἡ
948 4203 1245 4274 φαινομένη
1279 4203 1548 4274 περιτομὴ
1571 4203 1686 4256 ένε-
1719 4225 1761 4279 D

105 4316 193 4352 κεν
228 4297 536 4367 ὄισταγμοῦ
574 4296 668 4349 τοῦ
711 4295 981 4365 Ἀϐραὰμ,
1025 4296 1112 4348 ὅτε
1147 4289 1300 4347 εἶπεν
1330 4297 1358 4347 ὁ
1399 4295 1554 4362 ἅγιος
1592 4294 1684 4348 καὶ

104 4393 316 4454 δίκαιος
354 4390 429 4454 ὡς
466 4392 523 4442 ὲν
556 4388 868 4459 δισταγμῷ·
889 4391 960 4441 Εί
987 4387 1065 4453 τῷ
1095 4385 1532 4441 ἑκατονταέτει²
1557 4386 1681 4452 υἱὸς

105 4484 466 4553 γενήσετακ
510 4481 610 4534 καὶ
657 4484 711 4535 εὶ
756 4479 954 4548 Σὰρῤα
982 4480 1021 4546 ή
1060 4479 1380 4548 πρεσϐῦτις
1406 4476 1691 4546 γεννήσει

106 4577 275 4638 vlim;
304 4575 418 4627 Καὶ
440 4573 599 4636 εὐθὺς
630 4575 658 4626 ὁ
697 4570 898 4642 Κύριος
919 4588 932 4602 ·
971 4569 1126 4624 Λάϐε
1158 4587 1260 4640 μοι
1289 4571 1457 4638 κριὸν
1486 4569 1692 4637 τριετί-

104 4665 274 4723 ζοντα
302 4665 441 4735 (4⁸7),
489 4662 590 4716 καὶ
631 4658 770 4730 αἶγα
812 4660 912 4713 καί
954 4659 1234 4729 δάμαλιν,
1279 4659 1372 4711 καὶ
1419 4657 1490 4711 τὰ
1538 4657 1686 4728 έξῆς.

101 4757 205 4812 Καὶ
237 4756 376 4826 περὶ
405 4755 519 4826 τὴν
545 4753 651 4809 τοῦ
679 4754 860 4821 ἡλίου
887 4752 1089 4819 δύσιν,
1116 4752 1196 4816 ὡς
1224 4746 1345 4804 εἶδε
1369 4749 1687 4821 λαμπάδας

165 4919 180 4947 ³
214 4934 313 4984 γρ,
349 4915 442 4968 καὶ
469 4911 694 4982 ταύτην.
773 4911 794 4941 ¹
821 4907 1206 4978 έκατονταέτῃ.

159 5028 288 5100 (-551
321 5027 446 5100 ’ξΟτι
495 5024 872 5100 ρεεζῄσουσιν
914 5025 967 5100 εὶ
1351 5018 1537 5090 Neque
1585 5021 1677 5100 hic

159 5043 276 5100 μδ)
325 5043 446 5078 ὐτι
495 5043 872 5081 υελιιοόυσιν
914 5043 967 5076 ει
1014 5043 1312 5092 squ-mmo.
1352 5043 1537 5090 neque
1587 5043 1676 5093 ntc

93 5116 212 5153 cum
244 5097 480 5152 Hebraeo
507 5043 649 5148 LX):
681 5095 1050 5149 consentiunt.
1085 5091 1315 5162 Vulgata
1343 5100 1531 5144 nostra
1558 5109 1571 5144 :
1606 5089 1676 5144 Et

94 5172 461 5224 vestimentum
494 5167 710 5218 mistum
743 5165 997 5225 sanguine
1031 5163 1131 5216 erit
1166 5164 1220 5215 in
1244 5162 1672 5225 combustionem,

92 5252 136 5293 et
165 5241 322 5293 cibus
355 5238 512 5306 ignis.
549 5235 657 5290 Pro
687 5250 795 5305 quo
828 5228 1025 5298 Graeci,
1059 5232 1152 5285 καὶ
1182 5231 1500 5302 θελήσουσιν
1535 5228 1674 5286 εἶναι

92 5311 479 5380 τωρίκαυστοι.

158 5368 288 5446 (46)
323 5381 568 5432 Ἔπειτα
611 5376 711 5428 ἵνα
737 5375 930 5446 δείξῃ,
956 5375 1035 5438 ὠς
1068 5374 1178 5426 οὐκ
1211 5368 1289 5442 ἦν
1329 5373 1671 5446 ὀμοούσιον.

94 5443 433 5520 Apollinaris
479 5462 697 5503 carnem
733 5445 936 5520 Christi
985 5448 1051 5520 ab
1093 5451 1297 5520 :eterno
1351 5443 1548 5520 fuisse,
1583 5459 1682 5498 nec

96 5512 156 5574 ci
183 5522 441 5591 Virgine!
465 5527 650 5591 natam
696 5517 952 5591 asseruit.
991 5513 1215 5591 Crcgor.
1247 5512 1504 5591 Nazianz.
1537 5521 1679 5591 orat.

97 5608 214 5645 am
257 5579 725 5645 ενΔιαϐεϐαιοῦται
787 5587 895 5658 γὰρ
945 5585 1018 5656 μὴ
1067 5579 1357 5653 ἐπίκτητον
1403 5579 1541 5638 εἶναι
1584 5583 1679 5655 την

1285 4907 1305 4938 ³
1337 4905 1440 4962 Isa.
1474 4923 1548 4971 ix,
1591 4907 1643 4972 5,
1675 4906 1728 4961 6.

1871 2643 2109 2700 XXVIII.
2152 2644 2310 2710 Quod
2337 2645 2383 2701 si
2430 2646 2575 2700 istud
2611 2648 2771 2704 nobis
2799 2649 3062 2720 objiciant
3087 2671 3100 2708 :
3127 2653 3238 2710 Cur
3268 2657 3371 2728 igi-

1799 2744 1888 2789 tur
1917 2736 2280 2790 circumcisus
2315 2746 2396 2792 est
2429 2736 2722 2794 Christus?
2752 2739 2825 2794 ita
2856 2755 2887 2793 a
2921 2742 3080 2799 nobis
3108 2746 3366 2804 audient:

1796 2825 2124 2882 Iamdudum
2152 2829 2391 2896 quidem,
2411 2844 2444 2884 o
2466 2830 2716 2886 homines
2739 2832 2996 2901 opinione
3023 2833 3160 2892 falsa
3186 2838 3367 2895 ducti!

1797 2934 2020 2974 causam
2057 2919 2212 2975 vobis
2258 2935 2357 2974 cur
2402 2929 2549 2977 esset
2589 2922 2951 2979 circumcisus
3002 2928 3368 2986 ostendimus.

1797 3007 1982 3064 Multis
2014 3008 2159 3062 enim
2190 3008 2244 3062 id
2284 3009 2351 3064 de
2386 3010 2571 3066 causis
2600 3011 2889 3067 sustinuit.
2924 3012 3191 3082 Primum,
3227 3029 3284 3072 ut
3309 3036 3370 3077 sc

1793 3114 2015 3155 carnem
2074 3114 2262 3156 revera
2320 3100 2567 3158 induisse
2605 3110 2960 3170 monstraret,
3001 3119 3227 3179 propter
3255 3111 3370 3166 Man

1793 3193 2086 3259 nichaeum,
2120 3200 2479 3264 caeterosque,
2517 3195 2611 3265 qui
2641 3196 3003 3255 similitudine
3037 3204 3276 3271 quadam
3303 3220 3368 3260 ac

1792 3284 1982 3353 specie
2009 3283 2274 3338 duntaxat
2314 3287 2642 3355 apparuisse
2681 3285 3014 3346 docuerunt.
3055 3291 3262 3350 Deinde
3307 3305 3367 3350 ut

1791 3391 1993 3444 corpus
2028 3375 2300 3430 divinitati
2337 3379 2812 3434 consubstantiale
2839 3397 2953 3434 non
2991 3397 3114 3438 esse
3139 3383 3368 3440 demon-

1791 3475 2016 3532 straret,
2049 3477 2108 3522 ut
2141 3468 2478 3539 Apollinaris
2510 3470 2826 3539 existimat;
2857 3489 2960 3529 nec
2989 3489 3020 3529 e
3051 3477 3190 3532 coelo
3218 3478 3368 3533 dela-

1789 3566 1908 3614 tum
1953 3559 2007 3614 in
2065 3567 2262 3624 terras,
2305 3561 2397 3630 qui
2452 3561 2732 3618 Valentini
2773 3579 2930 3618 error
2963 3563 3084 3620 fuit.
3130 3565 3270 3623 Tum
3308 3581 3366 3624 ut

1791 3651 1954 3720 cujus
1999 3651 2129 3705 olim
2181 3651 2628 3708 circumcisionis
2673 3663 2870 3709 auctor
2913 3655 3114 3723 fuerat,
3145 3673 3266 3714 eam
3297 3661 3362 3715 ad

1789 3742 2083 3798 adventum
2130 3757 2306 3811 usque
2353 3757 2514 3797 suum
2555 3744 2901 3800 observatam
2960 3747 3131 3805 fuisse
3166 3752 3364 3807 merito

1790 3833 2210 3903 comprobaret,
2252 3841 2416 3904 atque
2458 3841 2517 3886 ut
2549 3849 2765 3890 omnem
2801 3835 3006 3894 Iudaeis
3045 3843 3364 3896 excusatio-

1789 3939 1916 3979 nctn
1946 3924 2203 3994 eriperet.
2235 3923 2350 3978 Nisi
2378 3924 2524 3978 enim
2557 3925 2922 3983 circumcisus
2954 3929 3116 3994 foret,
3151 3931 3262 3988 hoc
3293 3934 3362 3988 ad

1789 4015 1876 4070 sui
1915 4014 2298 4084 purgationem
2326 4012 2527 4084 aliene
2547 4017 2856 4084 potuissent
2897 4036 2909 4070 :
2937 4017 3047 4075 Nos
3077 4020 3361 4077 Christum

1788 4104 2059 4174 praeputio
2088 4104 2377 4174 praeditum
2419 4105 2653 4174 probare
2688 4109 3055 4176 nequivimus.
3093 4110 3359 4169 Praeterea

1789 4212 1918 4252 vero
1947 4212 2072 4252 eutn
2099 4198 2414 4267 oportebat,
2447 4197 2537 4266 qui
2583 4196 2898 4254 Abrahamo
2924 4202 3360 4260 circumcidendi

1792 4291 1879 4344 sui
1933 4290 2253 4345 mandatum
2293 4289 2573 4358 ediderat,
2611 4300 2666 4346 ut
2710 4291 2777 4345 ad
2831 4295 2944 4348 veri
2980 4302 3033 4348 et
3077 4307 3360 4366 aspectum

1793 4381 2052 4452 fugientis
2101 4382 2538 4465 adumbrandam
2582 4384 2874 4453 imaginem
2904 4400 3174 4455 apparens
3228 4387 3360 4443 illud

1791 4472 2011 4543 signum
2045 4481 2097 4526 et
2137 4472 2472 4540 aspectabile
2515 4487 2630 4541 prae
2665 4487 2724 4527 se
2766 4472 2958 4538 ferret,
3001 4486 3180 4530 ratum
3226 4479 3359 4534 illud

1789 4579 1889 4620 sua
1915 4564 2338 4620 circumcisione
2360 4565 2560 4620 facere.
2586 4565 2723 4620 Nam
2751 4573 2981 4621 externa
3009 4567 3100 4622 illa
3125 4571 3361 4625 circum-

1788 4657 1926 4712 cisio
1980 4656 2296 4710 Abrahamo
2353 4657 2423 4712 ob
2474 4656 2597 4726 ejus
2636 4658 3038 4713 haesitationem
3103 4661 3360 4731 imposita

1787 4749 1924 4816 fuit;
1970 4765 2096 4804 cum
2126 4751 2210 4804 vir
2258 4757 2486 4806 sanctus
2531 4764 2596 4804 ac
2646 4749 2832 4820 justus
2876 4751 3025 4806 velut
3055 4751 3362 4809 dubitando

1805 4909 1827 4938 ⁸
1853 4905 2010 4962 Joan.
2043 4924 2141 4972 xu,
2168 4906 2259 4961 21.

1785 5022 1962 5102 σάρκα
1987 5023 2106 5077 κατ’
2124 5022 2432 5102 οἰκονομίαν
2460 5022 2564 5076 ὑπὸ
2586 5022 2680 5102 τοῦ
2709 5026 3030 5102 μονογενοῦς
3051 5027 3180 5082 Υίοῦ
3198 5047 3364 5102 προσ-

1782 5093 2074 5172 λῃςρρθεῖςαν
2124 5095 2228 5172 ἐπὶ.
2255 5093 2730 5172 μετηαστοιχειώσει
2779 5093 2881 5172 τῆς
2925 5097 3138 5167 φύσεως
3183 5093 3360 5172 ἡμῶν,

1783 5163 1897 5241 ἀλλ’
1932 5163 1991 5230 ἐξ
2013 5166 2186 5235 ἀρχῆς
2213 5165 2268 5216 έν
2299 5163 2375 5234 τῷ
2407 5163 2522 5235 Υίῷ
2540 5163 2650 5238 τὴν
2679 5163 2947 5239 σαρκώδη
2961 5170 3176 5241 ἐκείνην
3202 5163 3362 5240 ἐρύσιν

1761 5232 1943 5297 -εἶναι,
1975 5232 2082 5290 etc.

1855 5307 1967 5376 (47)
2007 5305 2292 5378 Λάϐε-βίοι
2318 5305 2504 5378 τόμον
2543 5305 2804 5378 χάρτου.
2831 5305 2944 5378 Vox
2975 5308 3174 5378 χάρτου
3208 5309 3361 5363 abest

1784 5390 1813 5428 a
1863 5373 2077 5444 vulgata
2127 5373 2267 5430 LXX
2317 5373 2675 5446 interpretum
2723 5373 3123 5432 εάίιὶουεΪΞεᾱ
3150 5379 3205 5432 in
3238 5379 3362 5432 aliis

1787 5447 1938 5527 olim,
1971 5453 2302 5572 ut’apparet,
2338 5445 2496 5501 lecta.
2540 5445 2775 5505 Basilius
2822 5455 3004 5504 autem
3047 5449 3210 5521 τόμον
3241 5466 3360 5502 και-

1787 5534 1877 5571 νου
1917 5537 2057 5572 μεγα
2079 5540 2169 5572 ιω).

1849 5536 1877 5570 υ
1915 5536 2169 5590 μεγαλου.
