3760 6176
109 149 212 204 437

843 143 1214 224 Anvensus
1254 158 1598 220 ιυειιεεεε
1632 157 1678 212 ι.

1841 203 1843 212 .
1889 158 2049 215 ΤΟΜ.
2095 159 2160 216 ll.
2202 195 2270 203 —
2309 164 2585 223 HIERES.
2624 167 2792 227 XXX.
3257 171 3366 228 ὧδ’)

106 272 268 343 νῆσαι
301 275 358 328 ὲν
391 277 458 347 τῇ
482 277 664 351 ἑορτῇ,
693 279 786 334 καὶ
813 284 1181 356 ἀνέκαμπτον,
1202 286 1414 356 ἔμεινεν
1439 281 1645 355 Ἰησοῦς
1668 300 1678 312 ‘

1841 279 2052 334 lurandi
2108 283 2281 353 gratia
2323 283 2758 356 Hierosolymam
2809 288 2946 343 festo
2978 289 3061 342 die
3095 305 3362 358 petitam-

107 366 202 418 καὶ
234 365 459 437 ἐζήτουν
491 370 652 424 αὐτὸν
685 373 743 425 ὲν
775 378 842 446 τῇ
871 377 1167 450 ὁδοιπορίᾳ,
1195 380 1289 431 καὶ
1326 378 1382 429 ὲν
1412 378 1524 438 τοῖς
1557 391 1688 444 συγ-

102 456 316 523 γενέσιν
352 460 552 524 αὐτῶν,
578 463 672 516 καὶ
701 466 799 536 οὐχ
836 467 1108 538 εὕρισκον.
1148 466 1272 539 Εἶχε
1297 469 1404 539 γὰρ
1439 470 1473 538 ἡ
1499 466 1686 537 Μαρία

106 550 442 617 συγγένειαν.
484 553 878 626 Ἀνακάμψασα
906 559 962 613 δὲ
989 561 1084 614 καὶ
1118 560 1352 633 εὑροῦσα
1377 561 1555 621 αὑτὸν,
1583 559 1684 630 ἔφη

103 641 287 712 αὐτῷ·
338 647 398 698 Τί
432 645 576 714 ἡμῖν
605 648 922 717 ἐποίησας,
950 651 1165 706 τέκνον
1179 670 1198 718 ;
1245 652 1399 708 Ἰδοὺ
1436 651 1550 721 ἐγὼ
1586 652 1684 704 καὶ

104 734 138 788 δ
174 734 371 817 ἴατήρ
401 755 518 792 σου
547 739 912 811 ὀδυνώμενοι
941 743 1264 814 ἐζητοῦμέν
1294 759 1388 798 σε.
1425 744 1513 796 Ἐν
1535 743 1685 808 τάξει

102 828 215 898 γὰρ
261 829 468 900 πατρὸς
518 833 546 884 6
591 832 786 903 Ἰωσὴφ
844 834 992 905 αὐτῷ
1035 836 1312 906 ὑπῆρχεν*
1359 834 1420 887 οὐ
1466 826 1584 904 γόιρ¹
1619 829 1685 904 ἦν

103 920 254 989 αὑτῷ
281 923 462 993 πατὴρ
493 924 634 976 κατὰ
661 925 840 994 φύσιν.
866 923 998 979 Εἶτα
1033 929 1062 980 6
1094 927 1300 998 Κύριος
1323 926 1458 998 πρὸς
1479 926 1649 995 αὐτήν
1669 940 1681 952 ·

106 1008 173 1062 Τί
215 1011 304 1066 ὅτι
341 1009 593 1080 ἐζητεῖτέ
628 1033 741 1086 ps;
774 1020 886 1072 οὐκ
917 1019 1135 1088 ᾔδειτε,
1181 1018 1269 1072 ὅτι
1317 1019 1388 1071 ὲν
1420 1017 1543 1082 τοῖς
1581 1019 1686 1070 τοῦ

103 1103 333 1169 Πατρός
355 1121 470 1171 μου
508 1105 604 1158 δεῖ
642 1104 799 1161 εἷναί
822 1124 934 1176 με;
963 1107 1262 1179 σημαίνων,
1291 1108 1374 1160 ὅτι
1405 1109 1433 1160 6
1462 1105 1584 1168 ναὸς
1607 1108 1686 1168 εἰς
1713 1135 1716 1137 -

99 1193 271 1264 ὄνομα
296 1194 431 1247 Θεοῦ
454 1196 670 1269 Πατρὺς
708 1198 1052 1270 ᾠκοδομήθη.
1074 1200 1134 1252 Ei
1157 1199 1336 1251 τοίνυν
1361 1196 1468 1250 ἀπὸ
1489 1197 1683 1267 νηπίου

99 1284 206 1338 οἶδε
239 1286 330 1338 τὸν
358 1288 489 1340 ναὸν
515 1289 608 1341 καὶ
636 1289 725 1342 τὸν
761 1291 1000 1362 Πατέρα.
1031 1292 1130 1344 οὐκ
1162 1291 1270 1362 ἄρα
1296 1290 1449 1360 ψιλὸς
1477 1289 1688 1362 ἄνθρω-

100 1395 200 1442 πος
235 1381 262 1433 6
294 1380 576 1450 γεννηθεὶς
626 1382 854 1454 Ἰησοῦς,
885 1381 1024 1436 ὀὐδὲ
1075 1383 1214 1454 μετὰ
1256 1382 1318 1436 τὸ
1371 1381 1687 1453 τριακοστὸν

98 1471 255 1533 ἔτος,
296 1472 434 1541 μετὰ
465 1471 526 1525 τὸ
567 1472 744 1527 ἐλθεῖν
776 1475 857 1538 εἰς
903 1473 1068 1528 αὐτὸν
1105 1474 1165 1528 τὸ
1212 1472 1351 1538 εἶδος
1394 1474 1495 1544 τῆς
1525 1491 1685 1543 περι-

102 1563 333 1632 στερᾶς,
373 1562 496 1626 Υἱὸς
527 1565 620 1616 καὶ
656 1565 890 1635 Χριστὸς
942 1567 1208 1629 ἐκαλεῖτο,
1247 1566 1382 1620 ἀλλὰ
1419 1567 1580 1630 εὐθὺς
1628 1569 1685 1619 ἐν

99 1653 211 1713 τοῖς
253 1649 350 1702 τοῦ
399 1653 612 1724 Πατρὸς
646 1654 811 1706 αὑτοῦ
851 1655 961 1708 δεῖν
1001 1656 1163 1708 αὐτὸν
1207 1652 1346 1710 εἶναι
1381 1657 1680 1710 ἐδίδασκεν.

103 1743 224 1794 Ὀτι
254 1743 311 1796 δὲ
337 1746 364 1797 ὁ
392 1745 587 1816 Ἰωσὴφ
621 1746 740 1817 οὐχὶ
774 1747 956 1818 πατὴρ
985 1748 1150 1800 αὐτοῦ
1176 1744 1264 1819 ἦν,
1285 1747 1419 1801 ἀλλὰ
1449 1750 1507 1802 ὲν
1535 1747 1684 1814 τάξει

101 1832 326 1904 πατρὸς,
354 1834 516 1888 ἄκουε
551 1834 645 1887 τοῦ
679 1836 842 1888 αὑτοῦ
871 1837 1256 1906 εὐαγγελιστοῦ
1287 1837 1556 1906 λέγοντος,
1589 1839 1683 1892 τοῦ

100 1923 408 1994 γράψαντος
445 1925 552 1979 ἀπὸ
601 1927 892 1998 προσώπου
938 1924 1179 2000 Μαρίας,
1216 1929 1298 1982 ὅτι
1336 1929 1482 1998 Ἐγὼ
1526 1930 1624 1983 καὶ
1654 1933 1686 1984 ό

100 2013 292 2083 πατήρ
331 2032 446 2069 σου
478 2016 838 2086 ὀδυνώμενοι
867 2018 1186 2090 ἐζητοῦμεν
1225 2037 1332 2075 σε·
1371 2022 1533 2075 πάλιν
1570 2022 1684 2085 πῶς

99 2106 299 2176 γράφει
363 2108 570 2178 λέγων·
616 2105 726 2166 Ἦν
773 2111 842 2164 δὲ
891 2113 1121 2181 Ἰησοῦς
1159 2115 1491 2185 ἀρχόμενος
1534 2111 1686 2168 εἶναι

96 2199 176 2264 ὡς
232 2199 389 2252 ἐτῶν
443 2199 797 2269 τριάκοντα,
859 2203 946 2256 ὢν
1001 2202 1166 2271 ὺὶὸς.
1221 2205 1301 2271 ὡς
1354 2204 1682 2276 ἐνομίζετο,

108 2291 356 2360 Ἰωσήφ.
393 2293 482 2346 Ἑν
521 2295 577 2346 δὲ
634 2293 708 2365 τῷ
750 2299 942 2359 εἰπεῖν,
978 2297 1058 2363 ὡς
1107 2297 1438 2366 ἐνομίζετο,
1486 2296 1682 2363 ἔδειξεν

94 2382 256 2437 αὐτὸν
299 2384 376 2454 μὴ
404 2381 543 2439 εἶναι
579 2385 744 2440 αὑτοῦ
773 2389 907 2454 υἱὸν,
930 2388 1065 2442 ἀλλὰ
1090 2389 1428 2461 νομίζεσθαι.

1789 381 1934 437 sent,
1977 373 2336 430 redeuntibus
2379 375 2508 440 illis,
2551 377 2814 431 remansit
2867 375 3065 444 Jesus;
3100 396 3259 447 quem
3315 383 3366 431 in

1790 464 2007 528 itinere,
2040 473 2093 518 et
2119 465 2260 534 apud
2304 478 2569 536 cognatos
2609 467 2686 520 illi
2716 469 3101 537 quaeritabam,
3149 486 3247 522 nec
3288 491 3368 519 εςες

1790 554 1973 624 perire
2007 563 2284 624 poterant.
2336 554 2506 609 Maria
2543 558 2744 627 quippe
2778 559 3162 627 cognationem
3205 563 3368 610 nati.-

1791 645 1907 700 bat.
1959 647 2126 716 Igitur
2161 647 2385 701 cumad
2419 648 2607 702 urbem
2661 649 2996 712 revertisset,
3034 662 3098 701 ac
3149 647 3363 702 tandem

1789 736 1940 790 illum
1985 737 2336 802 olleudisset,
2380 738 2461 793 sic
2510 755 2634 792 eum
2684 738 3024 807 alloquitur:
3076 736 3206 800 Fili,
3243 738 3366 807 quid

1787 827 1962 896 fecisti
1991 828 2180 883 nobis?
2215 827 2348 882 Ecce
2387 845 2479 900 ego
2524 840 2572 882 et
2609 815 2758 898 pater
2794 841 2911 882 tuus
2951 830 3183 883 dolentes
3225 847 3367 898 qun-

1789 919 2030 972 rebamus
2063 929 2128 972 te.
2161 905 2435 989 Iosephus
2464 921 2610 973 enim
2645 921 2762 974 loco
2805 921 2851 974 ei
2886 920 3059 988 patris
3092 928 3227 978 erat,
3256 934 3365 971 non

1788 1011 2061 1066 naturalis
2085 1020 2261 1081 pater.
2289 1011 2370 1065 Ad
2404 1013 2517 1066 haec
2549 1010 2811 1066 Dominus
2837 1031 2849 1066 :
2878 1012 3017 1080 Quid
3047 1023 3144 1077 est,
3165 1013 3363 1081 inquit,

1787 1102 1925 1171 quod
1986 1103 2304 1173 quwrcbalis
2357 1106 2480 1159 mc?
2529 1103 2838 1158 nesciebatis
2878 1105 3013 1174 quod
3055 1106 3107 1156 in
3161 1106 3222 1156 iis
3252 1121 3367 1172 qua:

1789 1194 1974 1249 Patris
2024 1196 2124 1249 mei
2169 1207 2292 1250 sunt
2349 1206 2550 1264 oportet
2586 1213 2665 1249 me
2707 1198 2894 1250 esse“?
2939 1197 3366 1266 ρυοιτοεμωιιεο

1790 1287 2159 1358 signilicabat,
2206 1289 2466 1358 templum
2507 1291 2563 1344 in
2606 1289 2721 1354 Dei,
2759 1289 2864 1343 hoc
2913 1298 2998 1344 est
3041 1289 3222 1344 Patris
3256 1291 3365 1351 sui,

1789 1396 1997 1434 nomen
2027 1379 2203 1435 fuisse
2233 1389 2638 1435 constructum.
2673 1379 3038 1446 Quamobrem
3077 1382 3120 1435 si
3151 1381 3220 1434 ab
3250 1381 3366 1450 ipsa

1792 1469 2188 1538 propemodum
2222 1467 2458 1522 infantia
2489 1471 2775 1540 templum,
2804 1467 3132 1539 Patremque
3164 1487 3369 1540 cogno-

1789 1569 1962 1624 verat,
1993 1561 2183 1630 utique
2213 1576 2325 1614 non
2356 1575 2543 1616 merus
2583 1561 2746 1618 homo
2772 1572 2936 1617 natus
2963 1562 3052 1616 ille
3077 1560 3237 1617 Jesus
3268 1579 3367 1616 ex-

1792 1650 1956 1717 stitit,
1987 1666 2164 1721 neque
2193 1661 2316 1720 post
2349 1666 2556 1706 annum
2602 1649 2822 1706 demum
2869 1669 2999 1713 xxx,
3037 1668 3160 1705 cum
3206 1668 3264 1706 se
3312 1655 3366 1706 iu

1791 1757 1917 1797 eum
1946 1733 2217 1796 columba:
2257 1742 2439 1810 specie
2471 1739 2710 1811 Spiritus
2743 1751 2968 1797 sanctus
3009 1742 3363 1803 insinuasset,

1791 1831 1969 1888 Filius
2001 1847 2065 1886 ac
2093 1831 2351 1887 Christus
2383 1831 2650 1902 appellari
2681 1833 2886 1901 cmpit;
2923 1832 3018 1887 sed
3051 1832 3283 1887 subinde
3312 1833 3366 1884 in

1792 1922 1880 1978 his
1917 1937 2038 1992 quae
2092 1921 2161 1976 ad
2209 1920 2427 1976 Patrem
2483 1936 2642 1976 suum
2698 1922 3017 1986 attinerent,
3066 1923 3274 1978 versari
3310 1939 3368 1977 se

1793 2023 2050 2086 oportere
2096 2013 2306 2068 docuit.
2333 2010 2498 2080 Quod
2551 2027 2684 2068 vero
2736 2012 3010 2083 Iosephus
3057 2029 3168 2068 non
3220 2013 3367 2066 illius

1791 2116 1949 2180 pater
1979 2116 2148 2174 esset,
2188 2107 2284 2164 sed
2313 2110 2487 2163 vicem
2523 2110 2697 2179 patris
2727 2118 2962 2181 gereret,
3001 2109 3130 2164 audi
3169 2126 3236 2166 ex
3277 2111 3368 2163 illa

1789 2200 1982 2256 eodem
2008 2199 2364 2268 evangelista.
2383 2198 2479 2269 qui
2505 2199 2729 2254 Mariam
2761 2199 2836 2253 ita
2857 2201 3166 2271 loquentem
3201 2199 3328 2254 facit
3354 2220 3363 2251 ;

1788 2291 1900 2364 Ego
1925 2301 1974 2346 et
1999 2299 2151 2361 pater
2181 2300 2301 2344 tuus
2331 2289 2565 2345 dolentes
2599 2291 2964 2361 quaerebamus
3000 2290 3250 2355 te.Audi,
3284 2292 3367 2343 in—

1785 2380 2111 2455 quam,quid
2143 2380 2252 2434 alio
2276 2381 2396 2434 loco
2419 2381 2744 2451 scripserit:
2782 2379 2920 2435 Erat
2952 2389 3148 2446 autem,
3169 2381 3366 2450 inquit,

91 2474 249 2532 Iesus
280 2479 536 2546 incipiens
567 2496 681 2534 esse
707 2482 862 2550 quasi
889 2498 1150 2535 annorum
1181 2496 1316 2546 xxx,
1340 2482 1430 2551 qui
1453 2491 1589 2545 erat,
1615 2488 1672 2533 ut
1711 2473 2032 2548 putabatur,
2073 2471 2294 2541 Josephi
2344 2472 2494 2541 ﬁlius
2513 2472 2554 2526 ³.
2589 2471 2692 2526 Ubi
2726 2487 2850 2526 cum
2879 2487 2974 2528 eas
3045 2488 3208 2528 voces
3275 2475 3369 2528 ad-

91 2571 253 2637 didit,
279 2581 339 2624 ut
369 2574 682 2640 putabatur,
716 2585 825 2623 non
861 2571 1036 2641 ipsius
1067 2587 1256 2626 revera
1286 2570 1458 2627 fuisse
1487 2572 1683 2632 lilium,
1725 2565 1821 2622 sed
1855 2564 1930 2618 ita
1966 2561 2237 2616 duntaxat
2272 2561 2518 2616 habitum
2553 2560 2724 2616 fuisse
2759 2561 3126 2618 demonstrat.

159 2666 242 2716 Ν.
291 2660 590 2730 Ἐπιλείψει
645 2661 703 2714 δέ
743 2680 832 2732 μοι
883 2665 911 2714 6
963 2664 1153 2734 χρόνος
1207 2665 1550 2737 διηγουμένῳ
1597 2666 1678 2727 εἰς

92 2756 444 2826 παράστασιν
477 2754 577 2824 τῆς
623 2754 905 2826 ἀληθείας,
936 2757 1029 2808 καὶ
1071 2758 1150 2820 εἰς
1184 2757 1404 2829 ἔλεγχον
1441 2758 1542 2828 τῆς
1575 2775 1680 2828 μα-

90 2845 494 2915 ταιοιρροσύνης
535 2842 807 2908 Ἐϐίωνος,
840 2846 935 2897 καὶ
970 2844 1064 2897 τοῦ
1098 2845 1261 2900 αὑτοῦ
1289 2864 1668 2919 παραπεποιη·

1841 2654 2001 2726 156
2015 2651 2411 2709 XXX.Deﬁciet
2424 2668 2509 2707 me
2527 2653 2807 2722 tempus,si
2825 2653 2891 2707 ad
2907 2657 3368 2726 comprobandam

1785 2750 2092 2813 veritatem,
2115 2761 2179 2802 ac
2199 2759 2308 2801 tam
2332 2745 2582 2810 Ebionis,
2598 2760 2763 2815 quam
2786 2746 3196 2804 absurdissima:
3221 2751 3368 2807 illius

1787 2840 1990 2896 schola:
2034 2837 2387 2894 refellendam
2434 2839 2749 2901 amentiam,
2793 2837 3044 2908 pluribus
3091 2841 3369 2911 disputare

94 2938 258 3009 μένου
305 2938 704 3008 ματαιόφρονος
748 2937 1122 2992 διδασκαλείου
1148 2941 1187 2993 ¹.
1245 2940 1412 2993 Πόθεν
1464 2941 1572 3012 γὰρ
1619 2940 1678 2992 οὐ

1841 2931 2035 2985 )luero.
2073 2929 2210 2996 Quis
2251 2929 2398 2984 enim
2429 2928 2587 2984 facile
2637 2945 2746 2984 non
2787 2931 3041 3003 intelligit
3069 2929 3366 3004 Josephum

93 3031 265 3098 σαφὲς
301 3030 369 3083 ἂν
395 3031 502 3101 εἴη,
535 3031 616 3083 ὃτι
649 3031 708 3083 οῦ
739 3029 922 3101 πατὴρ
948 3026 1014 3102 ἦν
1036 3030 1258 3103 Ἰωσὴφ,
1294 3032 1408 3085 ἀλλ’
1441 3033 1498 3084 ὲν
1529 3031 1682 3098 τάξει

91 3121 304 3192 πατρὸς
338 3120 648 3190 ἐνομίζετο;
675 3119 832 3173 Ἰδοὺ
861 3122 990 3190 γὰρ,
1023 3123 1207 3190 φησὶν,
1237 3123 1275 3190 ἠ
1298 3121 1592 3191 παρθένος
1614 3121 1683 3174 ὲν

88 3215 304 3281 γαστρὶ
362 3213 505 3277 ἕξει,
563 3213 661 3266 καὶ
715 3213 945 3277 τέξεται
988 3216 1138 3268 υἱόν.
1193 3199 1300 3267 Καὶ
1349 3215 1449 3268 οὐκ
1491 3211 1677 3267 εἶπεν·

89 3304 240 3359 Ἰδοὺ
290 3305 333 3372 ἡ
387 3304 563 3374 γυνή.
615 3304 724 3357 Καὶ
781 3303 943 3358 πάλιν
973 3307 1030 3357 ὲν
1087 3305 1258 3376 ἑτέρῳ
1297 3304 1448 3375 τόπῳ
1495 3304 1679 3372 λέγει’

88 3399 197 3452 Καὶ
236 3397 466 3462 τέξεται
490 3395 529 3463 ἡ
568 3395 841 3466 δάμαλις,
873 3396 970 3450 καὶ
998 3397 1275 3464 ἐροῦσιν·
1309 3399 1390 3451 Οὺ
1421 3396 1680 3450 τέτοκεν.

100 3489 330 3560 Ἐπειδὴ
361 3490 466 3560 γάρ
489 3505 631 3552 τινες
653 3489 760 3540 τῶν
788 3489 1102 3558 Μανιχαίων
1132 3490 1226 3543 καὶ
1250 3487 1683 3561 Μαρκιωνιστῶν

86 3583 350 3652 λέγουσιν
385 3583 547 3637 αὐτὸν
579 3584 655 3654 μὴ
686 3582 958 3654 τετέχθαι,
994 3583 1082 3637 διὰ
1115 3584 1274 3637 τοῦτο
1300 3584 1549 3650 τέξεται,
1584 3583 1684 3638 καὶ

87 3676 376 3745 ἐροῦσινο
415 3678 495 3729 Οὺ
541 3675 820 3729 τέτοκενο
869 3675 1056 3745 ἐπειδὴ
1089 3677 1150 3729 οὐ
1181 3677 1399 3732 τέτοκεν
1441 3677 1682 3749 ἡΜαρία

89 3771 152 3821 ἐκ
204 3768 531 3839 σπέρματος
571 3766 784 3839 ἀνδρός.
824 3767 936 3820 Καὶ
976 3761 1120 3821 οὗτοι
1173 3767 1435 3837 μανέντες
1465 3767 1682 3836 λέγουσι

86 3861 306 3930 ψευδῶς
350 3865 414 3913 ὲκ
465 3859 782 3931 σπέρματος
835 3860 1027 3930 ἀνδρὸς
1071 3860 1242 3931 αὐτὴν
1275 3859 1678 3928 γεγεννηκέναι.

90 3956 434 4024 Γεγὲννηκεν
478 3948 570 4006 οῦν
604 3955 638 4024 ἡ
682 3952 912 4023 δάμαλις
946 3951 1101 4015 Θεὸν,
1133 3952 1418 4023 ἄνθρωπον
1450 3953 1507 4005 ἐν
1547 3953 1680 4022 ἀλη-

89 4046 235 4118 θείᾳ.
277 4047 394 4098 Καὶ
421 4045 622 4115 ὅτιμὲν
661 4044 896 4114 δάμαλις,
929 4046 961 4116 ἡ
988 4043 1263 4114 Παρθένος
1294 4044 1556 4106 καλεῖται,
1589 4043 1682 4096 καὶ

84 4139 146 4192 τὸ
199 4137 418 4207 ταύτης
459 4137 708 4207 λείψανον
739 4137 1079 4208 καθαρισμὸς
1106 4133 1173 4208 ἦν
1205 4136 1315 4189 τῶν
1348 4137 1684 4206 κεκοινωμέ-

84 4249 218 4297 νων,
256 4233 426 4286 ἄκουε
458 4229 553 4283 τοῦ
588 4230 753 4300 νόμου
781 4229 1033 4297 λέγοντος
1056 4246 1071 4260 ο
1107 4226 1262 4282 Λάϐε
1293 4246 1392 4298 μοι
1423 4226 1684 4296 δάμαλιν

1786 3024 2014 3078 minime
2045 3023 2195 3078 illius
2229 3028 2534 3094 parentem,
2579 3022 2672 3078 sed
2701 3022 2943 3092 parentis
2972 3023 3094 3079 loco
3121 3024 3366 3080 habitum

1785 3115 2000 3172 fuisse?
2024 3114 2160 3170 Ecce
2190 3115 2354 3179 enim,
2383 3115 2582 3185 inquit,
2623 3115 2768 3185 virgo
2804 3116 3084 3184 concipiet,
3121 3126 3171 3172 et
3199 3119 3368 3188 pariet

1785 3209 1962 3278 ﬁlium
1979 3207 2022 3263 ⁸.
2077 3206 2196 3262 Νοη
2228 3207 2366 3262 dixit
2397 3225 2410 3262 :
2449 3205 2584 3261 Ecce
2632 3207 2844 3262 mulier.
2880 3208 2960 3262 Ac
2991 3223 3211 3264 rursum
3264 3212 3376 3265 alio

1785 3301 1945 3356 loco:
1985 3299 2053 3353 Et
2084 3301 2254 3369 pariet
2283 3298 2469 3362 vitula,
2493 3308 2549 3362 et
2579 3297 2752 3353 dicent
2781 3316 2799 3353 :
2826 3297 2951 3378 Non
2983 3301 3200 3371 peperit.
3233 3299 3365 3354 Nam

1786 3409 1910 3448 cum
1936 3391 2363 3446 Manichazorum
2417 3407 2482 3445 ac
2509 3389 2988 3448 Marcionistarum
3019 3391 3238 3464 quidam
3272 3409 3369 3448 ne—

1785 3493 1913 3554 gent
1948 3484 2100 3538 illum
2142 3493 2304 3552 partu
2351 3484 2408 3537 in
2458 3483 2637 3538 lucem
2676 3484 2909 3549 editum,
2944 3483 3016 3540 ob
3048 3485 3126 3548 id,
3171 3486 3366 3554 pariet,

1786 3578 1985 3648 inquit,
2009 3587 2059 3632 et
2081 3578 2284 3631 dicent:
2312 3577 2431 3631 Non
2447 3577 2665 3646 peperit,
2683 3576 2940 3648 quoniam
2959 3577 3026 3641 de
3041 3577 3144 3633 viri
3162 3579 3369 3634 semine

1787 3667 1958 3722 Maria
1992 3683 2102 3722 non
2140 3669 2371 3739 peperit.
2401 3666 2471 3722 At
2529 3668 2725 3723 furiosi
2781 3669 2874 3724 isti
2923 3668 2990 3724 de
3021 3668 3122 3723 viri
3157 3672 3368 3726 semine

1785 3761 1930 3816 falso
1955 3760 2104 3816 illam
2140 3759 2424 3830 peperisse
2464 3758 2739 3812 dictitant.
2782 3759 2948 3829 Igitur
2979 3759 3147 3813 vitula
3192 3759 3369 3814 homii

1784 3869 1910 3909 nem
1938 3854 2190 3909 eumdem
2229 3866 2294 3907 ac
2345 3851 2515 3906 Deum
2549 3867 2673 3907 vere
2724 3852 2814 3905 illa
2854 3851 3071 3922 quidem
3118 3853 3363 3923 peperit;

1788 3947 1973 4002 vitula:
2006 3959 2176 4016 porro
2218 3945 2439 4000 nomine
2479 3943 2758 4016 Virginem
2798 3944 3104 4010 neminari,
3138 3947 3367 4016 ejusque

1788 4039 2052 4109 reliquias
2081 4037 2150 4092 ad
2186 4052 2285 4093 eos
2313 4036 2407 4107 qui
2439 4036 2642 4107 impuri
2686 4047 2894 4100 essent,
2930 4037 3232 4108 expiandos
3273 4042 3368 4094 ad-

1786 4129 1962 4184 hiberi
1995 4129 2372 4194 consuevisse,
2413 4127 2878 4198 quemadmodum
2923 4131 3005 4184 lex
3049 4131 3165 4200 ipsa
3198 4141 3366 4187 teste-

1788 4229 1901 4283 tur,
1943 4219 2170 4290 accipe:
2229 4218 2408 4284 Sume,
2444 4218 2646 4288 inquit,
2703 4219 2926 4272 vitulam
2977 4221 3155 4290 rufam
3201 4223 3243 4276 ³.
3299 4223 3367 4278 Ut

83 4321 366 4391 zirpp‘a'r'
400 4321 486 4374 ἵνα
522 4318 674 4392 δείξῃ
698 4319 758 4372 τὸ
793 4318 1046 4371 ἐκλεκτὸν
1083 4317 1277 4382 σκεῦος
1318 4318 1414 4386 τῆς
1442 4317 1678 4388 Μαρίας,

1841 4323 2021 4367 ectum
2053 4327 2149 4366 vas
2181 4309 2364 4365 Mariae
2402 4307 2760 4379 signiﬁcaret,
2793 4319 3010 4379 propter
3044 4311 3257 4381 igneam
3309 4314 3366 4367 in

81 4413 172 4466 διὰ
201 4414 268 4466 τὸ
303 4412 588 4484 πυροειδὲς
613 4411 713 4481 τῆς
737 4409 830 4463 τοῦ
864 4410 1118 4480 Σωτῆρος
1152 4409 1404 4479 θεότητος
1435 4407 1683 4480 χωρηθὲν

81 4507 139 4559 ἐν
175 4509 248 4578 τῇ
297 4504 584 4576 Παρθένῳ.
617 4502 744 4570 Πῦρ
776 4501 887 4571 γὰρ
939 4505 971 4556 ὀ
1013 4501 1190 4569 Θεὸς,
1254 4501 1418 4573 φησι,
1465 4516 1685 4555 καταν-

79 4600 382 4652 αλίσκον.
401 4597 510 4649 Καὶ
541 4595 705 4667 φησὶν
721 4597 749 4647 6
769 4595 932 4665 νόμος
956 4593 1217 4664 δάμαλιν
1240 4593 1496 4661 πιερρὰν,
1521 4593 1611 4662 ἐφ’
1642 4592 1681 4660 ᾖ

79 4691 263 4761 ζυγὸς
318 4691 432 4743 οὐκ
492 4687 860 4755 ἀναϐέϐηκεν
906 4687 1004 4740 ἐπὶ
1053 4688 1160 4740 τὸν
1207 4685 1544 4754 τράχηλον·
1598 4683 1684 4735 ἵνα

77 4781 232 4853 δείξῃ
290 4779 394 4847 τὴν
449 4776 728 4847 Παρθένον
778 4776 1046 4846 δάμαλιν,
1102 4775 1176 4846 μὴ
1229 4773 1466 4844 γνοῦσαν
1519 4771 1684 4841 ζυγὸν

76 4872 266 4944 γάμου
294 4869 513 4942 ἀνδρός.
553 4867 714 4920 Ἀλλὰ
751 4867 803 4920 τί
843 4885 933 4938 μοι
966 4866 1034 4919 τὰ
1059 4867 1287 4936 πλεῖστα
1303 4866 1680 4932 διαλέγεσθαι;

75 4965 150 5027 ὡς
175 4963 358 5016 πάλιν
400 4960 628 5023 Ἠσαίας
655 4959 758 5030 ἔφη
788 4960 852 5012 ἐκ
885 4957 1179 5030 προσώπου
1213 4958 1307 5011 τοῦ
1329 4957 1565 5031 Κυρίου’
1601 4957 1683 5010 ὅτι

75 5056 238 5111 Λάϐε
291 5069 399 5108 σοι
433 5053 620 5122 τόμον
665 5049 889 5120 χάρτου
942 5049 1154 5104 καινοῦ
1185 5047 1488 5119 μεγάλου·
1519 5047 1685 5118 τόμον

63 5149 161 5201 ,διὰ
198 5149 269 5201 τὸ
302 5141 449 5198 εἶναι
483 5145 581 5215 μὲν
605 5141 701 5214 τὴν
730 5141 1008 5213 Παρθένον
1041 5143 1107 5196 ἐκ
1131 5141 1447 5213 σπέρματος
1470 5140 1682 5212 ἀνδρὸς,

64 5223 401 5313 ξτετμῆσθαι
447 5236 504 5290 δὲ
546 5236 655 5289 ἀπὸ
688 5235 888 5306 μίξεως
919 5233 1151 5306 ἀνδρῶν,
1187 5234 1283 5288 καὶ
1319 5234 1378 5286 τὸ
1408 5230 1684 5303 τμηθῆναι

83 5285 400 5313 ’ν’τ-ἰνννη
453 5285 503 5290 ⁷-
550 5285 650 5289 ’την
688 5285 884 5306 Γ“τ-”ι·
923 5285 1150 5306 -ντ-ιηίνι
1190 5285 1280 5288 ---νί
1334 5285 1371 5286 η
1445 5285 1458 5303 ι
1509 5285 1521 5302 ι
1580 5285 1591 5302 ι

61 5285 184 5454 ὶὶπὸ
213 5334 331 5404 τῆς
363 5328 473 5384 τῶν
494 5326 797 5401 ἀνθρώπων
827 5327 968 5382 κατὰ
1001 5327 1162 5398 φύσιν
1193 5325 1504 5398 συνηθείας.
1531 5323 1683 5379 Πάν-

142 5519 160 5548 ¹
199 5510 698 5591 μαῖαιοφροσύνης
735 5507 866 5591 διδ..
911 5505 1086 5560 'Luc.
1120 5521 1179 5591 tt.
1202 5505 1272 5560 48
1312 5519 1436 5576 sqq.
1510 5503 1532 5536 ³
1560 5502 1673 5558 Luc

1841 5500 1931 5558 25.
2009 5501 2032 5534 ⁸
2068 5499 2174 5591 Isa.
2207 5502 2400 5570 "1,14.
2488 5503 2514 5536 ⁸
2540 5503 2708 5561 Num.
2739 5521 2856 5573 XIX,
2887 5505 2940 5561 2.

72 5590 160 5646 29.
199 5577 213 5589 ’
249 5591 268 5622 '
307 5577 477 5640 Num;
509 5598 624 5647 nx,
653 5577 710 5636 ἓ.
788 5580 810 5610 ⁸
851 5577 956 5632 Isa.
990 5593 1109 5641 vttt,
1144 5579 1196 5635 1.

420 5679 504 5739 ΡΑ
518 5693 695 5738 rum.
721 5676 840 5736 Gn.
880 5672 1044 5734 XLI.

1790 4403 2075 4460 Salvatore
2094 4405 2203 4459 vim
2226 4402 2552 4465 divinitatis,
2569 4416 2732 4471 quam
2756 4403 2910 4470 virgo
2931 4404 3199 4472 capiebat.
3225 4403 3365 4459 Deus

1786 4497 1948 4560 enim,
1975 4494 2175 4566 inquit,
2215 4494 2353 4564 ignis
2384 4509 2697 4548 consumens
2735 4494 2870 4546 est“.
2912 4495 3004 4546 Ait
3057 4495 3224 4565 igitur
3280 4497 3366 4552 lex

1786 4587 2010 4642 vitulam
2048 4585 2227 4654 rufam
2251 4624 2266 4648 ,
2316 4584 2467 4653 cujus
2507 4583 2646 4638 collo
2669 4583 2900 4636 nondum
2949 4585 3251 4654 impositum
3289 4599 3367 4641 est

1776 4680 1970 4751 jugum
2001 4680 2055 4744 ⁷;
2112 4685 2171 4732 ut
2219 4675 2498 4748 Virginem
2560 4677 2710 4731 illam
2767 4692 2891 4732 esse
2922 4677 3146 4730 vitulam
3192 4680 3362 4750 signi-

1788 4775 1932 4838 ticet,
1966 4786 2087 4841 quae
2133 4770 2448 4839 nuptiarum
2483 4769 2616 4841 jugo
2658 4771 2926 4825 cervicem
2959 4770 3200 4825 nondum
3237 4789 3368 4827 sua-

1786 4863 2022 4919 miserit.
2044 4860 2247 4918 Verum
2272 4862 2404 4933 quid
2427 4862 2518 4916 hic
2550 4863 2803 4934 pluribus
2829 4861 3114 4934 disputare
3141 4881 3368 4920 necesse

1786 4956 1904 5010 est?
1934 4961 2028 5009 aut
2068 4954 2205 5008 illud
2235 4955 2418 5024 ipsum
2450 4969 2908 5020 commemorare,
2941 4956 3085 5025 quod
3121 4955 3224 5010 sub
3262 4956 3368 5012 Do-

1786 5048 1920 5102 mini
1945 5061 2180 5117 persona
2205 5047 2343 5101 dixit
2374 5045 2545 5103 lsaias
2572 5066 2584 5101 :
2612 5048 2802 5118 Accipe
2832 5059 3153 5119 segmentum
3172 5049 3372 5106 charta:

1788 5140 2010 5195 recentis
2044 5155 2107 5192 ac
2137 5139 2360 5208 maioris
2382 5140 2442 5193 εἳ
2477 5139 2577 5195 Ubi
2609 5142 2877 5211 segmenti
2919 5158 3055 5198 usus
3098 5151 3180 5197 est
3212 5161 3373 5198 voca-

1787 5232 1942 5295 bulo,
1975 5231 2123 5301 quod
2151 5231 2257 5286 etsi
2284 5246 2315 5286 e
2345 5231 2489 5286 virili
2513 5234 2722 5287 semine
2752 5244 3051 5304 prepagata
3085 5235 3156 5290 sit
3187 5233 3372 5303 Virg“,

1789 5324 1982 5380 eadem
2017 5332 2198 5379 tamen
2231 5324 2302 5380 sit
2329 5323 2398 5379 ab
2424 5324 2666 5380 humano
2700 5326 2994 5382 concubitu
3023 5329 3372 5398 naturalique

3022 5506 3042 5536 ‘
3074 5505 3238 5561 llebr.
3280 5521 3370 5573 x22,

3031 5671 3105 5729 15
