3814 6304
399 233 504 292 459
1801 242 1856 293 5.
1895 239 1971 292 Er

2081 249 2241 292 mmt
3595 236 3735 293 460

404 353 682 408 hominum
709 354 1109 412 consuetudine
1133 356 1285 412 velut
1312 368 1484 413 secta.
1509 358 1759 416 Universi
1787 363 1971 432 quipp:

2092 375 2184 420 τες
2223 357 2332 427 γὰρ
2364 355 2642 426 ἄνθρωποι
2688 355 2753 407 ὲκ
2787 353 3097 424 σπέρματος
3139 355 3331 424 ανορὺς
3365 353 3752 460 γεννιὶῖινιτέιι.Ι

403 446 654 501 homines
691 462 722 502 e
756 446 899 502 virili
921 449 1138 504 semine
1185 451 1509 521 gignuntur.
1542 451 1613 506 At
1659 453 1863 508 Christi
1895 469 1971 524 ge-

2109 453 2173 503 'H
2206 450 2262 503 δὲ
2297 448 2388 502 τοῦ
2423 447 2662 518 Χριστοῦ
2692 447 2947 518 γέννησις
2999 445 3140 504 κατὰ
3167 446 3329 516 φύσιν
3369 447 3473 516 μὲν
3504 445 3755 530 fuseat-"

401 537 619 601 neratio
647 537 726 590 uti
775 539 1105 594 naturaliter
1155 556 1220 596 ex
1262 542 1512 607 muliere,
1560 541 1732 599 Maria
1779 545 1971 600 scilicel

2097 541 2192 604 κὸς
2246 532 2528 611 Παρθένου
2581 539 2802 609 Μαρίας
2845 537 2943 608 τὴν
2995 536 3412 609 ἐνανθρώπησιν
3465 535 3752 608 {mnf

405 625 650 697 Virgine,
689 638 946 682 naturam
990 631 1146 686 duxit
1185 631 1507 700 humanam,
1541 633 1616 688 ita
1650 642 1851 705 praeter
1893 649 1971 689 na

2095 632 2247 705 παρὰ
2281 632 2446 700 φύσιν
2476 631 2532 683 δὲ
2566 629 2779 701 ἐτμήθη
2815 628 2921 682 ἀπὸ
2945 629 3046 699 τῆς
3085 627 3230 682 κατὰ
3254 629 3356 697 τὴν
3397 628 3722 700 ἀνθρωπόο

400 725 578 772 turam
626 719 696 772 ab
733 719 964 790 originis
1013 721 1269 778 humanae
1321 725 1726 780 consuetudine
1781 734 1971 781 resect:

2093 741 2232 794 τητα
2258 720 2582 785 ἀκολουθίας
2607 736 2622 754 ο
2655 721 2732 783 ὡς
2771 719 2868 773 καὶ
2909 718 3106 772 Ἰακὼϐ
3142 720 3271 792 περὶ
3306 720 3476 772 αὑτοῦ
3505 720 3682 788 λέγει
3704 733 3721 748 ⁶

389 818 518 863 est:
550 809 600 862 id
633 809 1057 879 quodJacobns
1095 812 1162 868 de
1192 827 1258 868 eo
1291 815 1620 884 pronuntiat
1652 816 1738 870 his
1765 815 1950 871 verbis

2092 811 2200 864 Ἐκ.
2240 810 2546 877 βλαστοῦ,
2588 807 2682 864 υἱέ
2725 825 2866 877 μου,
2907 808 3159 876 ἀνέϐης·
3209 809 3305 862 καὶ
3349 810 3454 861 οὐκ
3497 805 3674 862 εἶπεν
3699 823 3754 882 ο.

407 896 486 951 Ea:
508 899 760 969 germine,
785 899 867 969 ﬁli
891 901 984 968 mi,
1001 903 1289 957 ascendiin
1311 906 1350 959 ί.
1382 902 1500 958 Non
1527 904 1664 960 dixit
1687 923 1699 959 :
1720 903 1769 958 E
1798 906 1971 960 semini

2093 904 2196 956 Ἐκ
2236 903 2580 971 σπέρματος
2615 899 2858 968 dri-5611c.
2884 899 2994 952 Καὶ
3029 898 3221 953 τούτου
3263 900 3424 972 χάριν
3462 901 3648 971 φησιν
3689 903 3726 954 ὁ

402 992 707 1047 ascendisti.
746 994 926 1064 Atque
972 994 1179 1052 idcirco
1207 995 1378 1054 lsaias
1409 997 1707 1068 propheta,
1741 999 1856 1055 sive
1894 1013 1971 1070 po

2093 996 2249 1064 ἅγιος
2284 994 2511 1056 Ἡσαΐας
2534 995 2562 1046 ὁ
2594 994 2898 1065 προφήτης,
2931 993 3132 1062 μᾶλλον
3163 993 3222 1046 δὲ
3251 992 3511 1063 ὀπιίύριος
3542 992 3719 1062 αὐτῷ

401 1086 512 1141 tius
554 1085 706 1141 Isaia:
753 1085 1020 1142 Dominus
1053 1087 1199 1142 hunc
1235 1089 1290 1143 in
1323 1089 1548 1144 modum
1600 1089 1819 1146 locutus
1861 1097 1947 1146 est

2091 1086 2270 1156 λέγει·
2311 1085 2468 1140 Λάϐε
2511 1084 2750 1150 σεαυτῷ
2785 1085 2973 1153 νόμον
3018 1084 3242 1154 χάρτου
3265 1105 3280 1117 ·
3329 1085 3389 1138 τὸ
3420 1080 3566 1148 εἶδος
3598 1085 3719 1155 τῆς

402 1177 563 1230 Sume
592 1176 688 1230 tibi
715 1174 918 1232 charta:
945 1186 1286 1250 segmentum.
1320 1177 1443 1244 Quo
1473 1179 1692 1249 quidem
1727 1179 1971 1234 usitatun

2096 1177 2386 1249 συνηθείας
2418 1177 2720 1249 σημαίνων,
2749 1179 2807 1230 ἐν
2846 1171 2889 1244 ᾧ
2914 1176 2984 1229 τὰ
3030 1177 3207 1231 πάντα
3240 1178 3550 1249 γράτουσιν
3586 1180 3716 1230 υἱοὶ

401 1268 722 1323 hominibus
749 1268 1028 1324 scribendi
1053 1284 1350 1324 moremac
1381 1271 1649 1326 rationem
1680 1271 1953 1340 expressit

2091 1271 2200 1324 τῶν
2231 1268 2556 1342 ἀνθρώπων,
2593 1270 2668 1334 ὡς
2703 1271 2799 1322 καὶ
2848 1270 2904 1321 ὲν
2937 1269 3015 1340 τῷ
3053 1268 3332 1339 ἑκατοστῷ
3377 1269 3714 1339 τριακοστῷ

400 1377 510 1432 quo
553 1362 788 1431 pertinet
819 1361 953 1415 illud
987 1376 1017 1416 e
1069 1363 1280 1432 psalmo
1315 1377 1554 1416 cxxxvm
1584 1379 1598 1416 :
1633 1360 1698 1414 In
1732 1361 1865 1417 libro
1901 1371 1971 1415 tut

2091 1364 2263 1434 ὀγδόῳ
2300 1362 2501 1434 ψαλμῷ
2531 1362 2679 1430 λέγει
2699 1379 2711 1391 ·
2760 1361 2893 1415 Ἐπὶ
2927 1361 2994 1414 τὸ
3022 1361 3268 1425 ,βιϐλίον
3311 1378 3430 1416 σου
3462 1363 3711 1428 πάντες

398 1470 578 1522 omnes
609 1454 925 1518 scribentur,
943 1455 1054 1509 dies
1097 1453 1496 1524 formabuntur,
1518 1465 1565 1509 et
1592 1471 1741 1509 nemo
1765 1455 1820 1509 in
1856 1456 1965 1509 eis'

2093 1454 2531 1526 ῃοαδοήσονται,
2563 1453 2787 1524 ἡμέρας
2829 1453 3313 1520 πλασθήσονται,
3353 1454 3448 1507 καὶ
3484 1453 3712 1521 οὐδεὶς

397 1545 535 1600 Nam
583 1561 705 1600 cum
761 1546 902 1600 libro
961 1552 1180 1601 uterum
1232 1547 1594 1616 comparavit.
1651 1545 1946 1616 Pr0pterea

2092 1547 2162 1600 ἐν
2189 1545 2414 1611 αὐτοῖς.
2466 1545 2666 1615 Βιϐλίῳ
2697 1544 2806 1616 γὰρ
2850 1545 3121 1598 ἀπείκασε
3152 1545 3269 1615 τὴν
3316 1546 3554 1616 μήτραν.
3591 1547 3710 1599 Διὰ

399 1637 797 1708 Imperfectum,
845 1639 941 1700 ait,
997 1655 1169 1693 meum
1209 1639 1449 1693 viderunt
1483 1640 1626 1694 oculi
1675 1639 1836 1694 tui':
1885 1639 1971 1693 h01

2093 1638 2250 1691 τοῦτο
2288 1639 2316 1690 ὁ
2355 1636 2519 1690 Δαὸὶδ
2559 1635 2744 1704 λέγει·
2779 1634 2849 1688 Τὸ
2889 1635 3342 1705 ἀκατέργαστόν
3363 1655 3485 1707 μου
3517 1633 3709 1691 εἶδον

398 1739 503 1797 est,
525 1731 966 1786 Proseminatum
1002 1747 1088 1788 me
1121 1741 1413 1802 antequam
1446 1732 1678 1802 tingerer
1700 1730 1948 1804 cognosti

2093 1734 2146 1785 οἱ
2175 1729 2475 1800 ὀφθαλμοί
2516 1744 2634 1783 σου
2657 1745 2671 1758 ο
2716 1727 2966 1780 τουτέστι
2988 1768 3002 1790 ,
3038 1727 3320 1800 Σπαρέντα
3359 1705 3494 1800 πρὶν
3527 1730 3706 1782 ἀπεικ-

400 1824 512 1879 ἱιιιο
542 1827 707 1879 etiam
741 1832 1038 1894 antequam
1079 1825 1489 1896 proseminatus
1522 1824 1712 1880 forem.

2092 1822 2410 1894 κονισθῆναί
2445 1838 2512 1893 με
2555 1821 2726 1889 ἔγνως
2756 1837 2854 1890 με’
2889 1819 3178 1892 πρότερον,
3224 1820 3354 1891 πρὶν
3393 1819 3490 1873 τοῦ
3545 1837 3707 1874 σπα-

2091 1915 2249 1988 ρῆναί
2283 1931 2371 1984 με.

2160 2005 2286 2060 ΛΑ’.
2325 2005 2384 2058 '0
2417 2003 2475 2058 δὲ
2522 2003 2805 2074 Ἐὅραῖκὸς
2842 2001 3170 2073 θαυμαστῶς
3215 2001 3276 2054 τὸ
3309 2001 3464 2072 ῥῆμα
3509 2019 3705 2072 σαφη-

2088 2097 2240 2161 νίζει.
2274 2096 2342 2150 Τὸ
2371 2094 2821 2165 ἀκατέργαστον
2852 2096 2961 2167 γὰρ
3009 2093 3204 2164 γολμὴ
3241 2095 3349 2164 (48)
3381 2095 3694 2160 ἐκάλεσαν,

1801 242 1856 295 5.
1895 239 2241 292 Erlhmmt

472 1999 666 2056 XXXI.
720 1999 828 2055 Sed
882 1999 1149 2056 ilcbraica
1217 2015 1323 2055 vox
1373 1998 1690 2071 expressius
1724 1998 1983 2070 quiddam

315 2155 317 2157 ,
399 2103 580 2150 sonat.
633 2092 742 2148 Pro
773 2108 838 2148 eo
886 2092 1032 2148 enim
1068 2090 1218 2164 quod
1271 2091 1542 2162 legimus:
1587 2089 1981 2161 Imperfectum,

326 4621 338 4650 ι

322 4665 340 4676 ,ο

327 4743 331 4750 ο

398 2185 602 2240 habent
636 2183 738 2248 illi,
769 2181 970 2248 Golme,
1013 2181 1161 2253 quod
1190 2181 1334 2236 idem
1361 2190 1446 2236 est
1479 2186 1642 2250 atque
1677 2180 1839 2245 alica,
1870 2179 1985 2234 sive

398 2293 626 2346 granum
671 2274 888 2338 similw,
925 2273 1070 2343 quod
1104 2271 1361 2327 videlicet
1409 2271 1650 2326 nondum
1697 2271 1753 2326 in
1787 2285 1983 2341 parem

401 2371 628 2437 coaluit,
666 2384 731 2424 ac
769 2369 1059 2425 subactum
1080 2374 1184 2433 est,
1221 2365 1378 2438 157
1414 2366 1510 2422 sed
1538 2382 1569 2422 e
1607 2373 1839 2421 contuso
1867 2365 1983 2418 tru-

398 2463 568 2518 menti
613 2477 784 2533 grano
826 2461 974 2517 velut
1024 2460 1263 2517 medulla
1299 2459 1557 2531 (quaedam
1608 2457 1870 2522 crassior,
1919 2472 1984 2512 ac

402 2555 598 2612 minuti
631 2555 826 2611 calculi
855 2555 1032 2610 instar
1053 2561 1158 2610 est.
1192 2551 1283 2608 Sic
1314 2553 1481 2624 igitur
1501 2566 1563 2607 ea
1583 2566 1718 2607 voce
1746 2551 1980 2621 idipsum

402 2647 550 2719 quod
584 2631 640 2702 in
681 2646 890 2702 semine
927 2646 1165 2701 hominis
1205 2646 1346 2702 inest
1381 2643 1720 2700 simillimum
1757 2657 1984 2698 accura-

402 2741 516 2793 tius
545 2737 854 2808 exprimere
895 2737 1087 2799 voluit,
1120 2751 1246 2791 cum
1281 2735 1420 2792 dixit
1453 2754 1465 2790 :
1500 2733 1896 2804 Imperfectum,
1928 2733 1982 2787 id

399 2841 484 2888 est
527 2828 760 2884 informe
791 2830 903 2898 jam
928 2838 1046 2884 tum
1091 2844 1158 2884 ex
1196 2836 1372 2893 utero,
1422 2828 1532 2882 imo
1569 2835 1696 2881 ante
1741 2835 1980 2891 uterum,

400 2927 639 2980 viderunt
667 2922 806 2977 oculi
835 2923 931 2976 tui.
955 2921 1116 2977 Novit
1146 2923 1289 2978 enim
1318 2921 1501 2976 omnia
1527 2920 1670 2976 Deus
1689 2929 1982 2991 antequam

400 3023 553 3080 liant,
591 3025 650 3070 ut
685 3024 770 3070 est
800 2997 1070 3085 scriptum
1092 3016 1132 3068 ⁸.
1185 3015 1263 3068 Ac
1313 3015 1456 3079 libri,
1517 3013 1850 3084 segmentive
1878 3029 1980 3068 no-

400 3111 548 3164 mine
597 3117 880 3162 naternus
932 3114 1120 3162 uterus
1167 3103 1463 3162 indicatur.
1512 3104 1698 3176 Neque
1742 3120 1872 3161 vero
1907 3105 1982 3159 ita

398 3201 616 3255 locutus
645 3208 761 3255 est:
799 3198 966 3254 Sume
987 3197 1086 3251 tibi
1109 3196 1304 3251 librum
1326 3237 1340 3260 ,
1375 3197 1456 3252 vel
1505 3196 1674 3252 Sume
1690 3197 1791 3252 tibi
1820 3197 1982 3251 char-

399 3298 554 3345 tam:
586 3304 774 3345 verum
816 3297 1038 3352 tomum,
1088 3289 1192 3342 hoc
1234 3296 1320 3344 est
1360 3295 1724 3360 segmentum,
1755 3299 1979 3359 propter

397 3382 570 3444 illam.
600 3398 722 3452 quae
758 3383 814 3436 in
854 3381 1255 3437 consuetudine
1295 3382 1578 3437 hominum
1627 3391 1870 3452 apparet,
1902 3383 1979 3436 si-

396 3475 784 3530 militudinem.
823 3473 930 3530 Sed
957 3474 1191 3539 addidit,
1230 3473 1451 3542 chartae,
1487 3483 1545 3530 ut
1575 3476 1723 3529 illam
1746 3476 1800 3530 in
1823 3483 1980 3531 utero

394 3567 544 3622 velut
595 3567 876 3623 scribendi
925 3567 1035 3622 vim
1076 3566 1402 3622 declararet.
1457 3558 1762 3633 Postremo,
1810 3585 1978 3633 novaz,

396 3659 652 3729 subjecit,
712 3659 790 3713 ob'
817 3667 1092 3714 recentem
1143 3659 1574 3731 inviolatumque
1619 3660 1892 3716 castitatis
1925 3662 1976 3715 in

393 3750 622 3822 Virgine
670 3749 881 3806 ﬂorem.
935 3749 1130 3821 Magna
1165 3751 1368 3822 quippe
1407 3766 1591 3806 coram
1633 3750 1742 3807 Deo
1774 3753 1979 3822 pariter

395 3854 450 3900 et
487 3844 804 3900 hominibus
843 3843 1012 3897 Maria
1059 3841 1223 3914 Virgo
1261 3844 1489 3899 exstitit.
1527 3844 1661 3910 Quis
1690 3845 1835 3900 enim
1866 3860 1975 3899 non

395 3946 514 3985 eam
553 3945 802 4000 magnam
841 3928 1117 4000 praedicet,
1154 3945 1276 4000 quae
1321 3930 1474 3985 illum
1527 3931 1619 4001 qui
1656 3931 1776 4001 capi
1823 3933 1978 3986 nullo

393 4021 556 4078 modo
591 4029 790 4092 potest,
814 4021 1042 4092 ceperit.
1079 4038 1225 4084 eum,
1246 4024 1490 4093 inquam,
1513 4024 1604 4093 qui
1636 4026 1776 4078 caelo
1804 4035 1976 4078 terra-

390 4127 498 4182 que
548 4111 823 4175 contineri
878 4110 1104 4180 nequit?
1155 4095 1257 4175 Qui
1312 4110 1585 4180 ejusmodi
1640 4126 1764 4165 cum
1806 4117 1972 4174 esset,

391 4214 585 4273 sponte
617 4218 716 4260 sua
753 4217 818 4257 ac
860 4203 1166 4266 voluntate,
1200 4218 1312 4256 non
1353 4202 1688 4259 necessitate
1727 4216 1975 4272 compre-

389 4296 555 4352 hendi
587 4310 646 4352 se
674 4309 872 4365 passus
913 4303 1016 4351 est.
1048 4293 1192 4366 Ergo
1233 4309 1490 4366 magnum
1541 4295 1672 4349 illud
1714 4295 1971 4350 volumen

2083 2193 2220 2262 ὅπερ
2243 2189 2600 2261 ἑρμηνεύεται
2643 2188 2918 2257 χόνδρος,
2954 2188 2988 2258 ἢ
3025 2187 3396 2258 σεμιδάλεως
3426 2187 3696 2254 κόκκος,

2087 2277 2248 2348 δῆθεν
2281 2277 2342 2330 τὸ
2391 2277 2614 2348 μηδέπω
2651 2279 2731 2340 είς
2775 2278 2939 2348 ἄρτον
2988 2276 3237 2330 συνελθὸν
3272 2278 3367 2330 καὶ
3407 2277 3700 2349 φυραθὲν,

2086 2368 2200 2422 ἀλλ’
2224 2369 2300 2431 ὡς
2323 2366 2430 2422 ἀπὸ
2448 2369 2647 2424 κόκκου
2672 2369 2818 2422 σίτου
2845 2368 3050 2441 τμηθὲν
3073 2371 3293 2441 χόνδρον
3313 2371 3348 2442 ἢ
3371 2372 3696 2443 χονδρίτης,

2085 2460 2120 2531 ἢ
2151 2459 2322 2531 λεπτὴ
2349 2461 2540 2530 ψηφὶς,
2576 2461 2700 2530 ἥτις
2739 2461 2804 2514 ὲκ
2855 2459 3185 2531 σεμιδάλεως
3224 2460 3453 2529 γίνεται.
3491 2461 3698 2525 Οὕτως

2086 2553 2146 2607 τὸ
2178 2552 2430 2606 ἱσότυπον
2464 2551 2558 2605 τοῦ
2606 2552 2778 2616 εἴδους
2821 2552 2880 2605 τὸ
2926 2552 3256 2622 τεμνόμενον
3295 2551 3355 2617 ἐξ
3384 2553 3694 2624 ἀνθρώπου

2086 2647 2166 2708 είς
2190 2644 2287 2716 τὴν
2318 2643 2527 2714 σπορὰν
2560 2641 2932 2715 ἁκριϐολογῶν
2961 2643 3232 2709 ἀπέδειξε,
3269 2644 3361 2695 καὶ
3384 2645 3579 2715 φησιν,
3608 2647 3694 2707 εἰς

2097 2737 2324 2792 Ἑλλάδα
2375 2735 2651 2789 διάλεκτον
2707 2735 3144 2807 ἑρμηνευομένου
3191 2735 3286 2788 τοῦ
3329 2735 3490 2802 λόγου
3519 2777 3536 2801 ,
3617 2737 3693 2790 Τὸ

2085 2829 2552 2898 ἀκατέργαστον,
2575 2827 2824 2881 τουτέστι
2846 2827 2906 2880 τὸ
2930 2827 3206 2882 ἄπλαστον
3227 2827 3306 2881 ἔτι
3327 2829 3385 2881 ὲν
3407 2829 3619 2900 κοιλίᾳ,
3655 2831 3690 2899 ἦ

2087 2923 2194 2994 πρὸ
2222 2921 2429 2984 κοιλίας
2453 2917 2618 2974 εἶδον
2641 2923 2694 2974 οἱ
2725 2921 3024 2989 ὀφθαλμοί
3049 2936 3188 2975 σου.
3218 2915 3339 2973 Οἵδε
3362 2920 3472 2992 γὰρ
3496 2922 3690 2974 πάντα

2087 3011 2218 3074 Θεὸς
2251 3012 2377 3084 πρὶν
2401 3009 2676 3078 γενέσθαι,
2705 3009 2779 3074 ὼς
2804 3009 3133 3082 γέγραπται.
3171 3011 3319 3082 Πλὴν
3352 3011 3559 3081 βιϐλίον
3592 3014 3690 3064 καὶ

2088 3101 2252 3171 τόμος
2300 3102 2483 3171 μήτρα
2528 3101 2675 3152 ἐστὶν
2707 3101 2741 3169 ἡ
2780 3100 3176 3171 σημαινομένη.
3219 3101 3328 3154 Καὶ
3379 3101 3479 3154 οὐκ
3527 3093 3685 3154 εἷπε·

2084 3190 2232 3243 Λάϐε
2291 3190 2504 3262 σεαυτῷ
2574 3189 2801 3261 βιϐλίον,
2869 3191 2901 3262 ἢ
2972 3191 3118 3245 Λάϐε
3172 3193 3383 3264 σεαυτῷ
3440 3195 3686 3266 χάρτην,

2085 3282 2219 3337 ἀλλὰ
2253 3283 2459 3352 τόμον,
2489 3281 2579 3335 διὰ
2601 3281 2662 3334 τὸ
2701 3280 2896 3346 ἰδιάζον
2929 3282 3076 3355 παρὰ
3109 3283 3206 3356 τὴν
3233 3283 3339 3336 τῶν
3367 3285 3683 3356 ἀνθρώπιον

2087 3374 2391 3445 συνήθειαν.
2443 3372 2693 3442 Χάρτου,
2732 3374 2820 3428 διὰ
2865 3374 2927 3426 τὸ
2975 3376 3247 3446 γραφικὸν
3289 3377 3387 3448 τῆς
3434 3379 3679 3450 μήτρας.

2091 3466 2333 3532 Keue-01'),
2368 3465 2457 3519 διὰ
2485 3467 2546 3520 τὸ
2585 3466 2770 3520 καινὸν
2798 3468 2896 3536 τῆς
2925 3467 3225 3539 Παρθένου,
3257 3470 3350 3523 καὶ
3375 3469 3676 3541 ἄχραντον.

2081 3556 2311 3628 Μεγάλη
2355 3556 2464 3630 γὰρ
2505 3557 2580 3621 ὼς
2613 3558 2828 3627 ἀληθῶς
2867 3557 3165 3631 Μαριάμὴ
3216 3561 3346 3629 ἁγία
3392 3562 3676 3634 Παρθένος

2082 3652 2312 3705 ἐνώπιον
2343 3651 2476 3705 Θεοῦ
2512 3655 2608 3706 καὶ
2641 3652 2962 3724 ἀνθρώπων.
2999 3655 3124 3718 Πῶς
3151 3655 3260 3727 γὰρ
3292 3655 3394 3709 οὐκ
3425 3657 3494 3710 ἂν
3520 3659 3676 3712 εἴπο-

2085 3761 2183 3815 μεν
2215 3743 2420 3814 ταύτην
2460 3744 2724 3815 μεγάλην,
2757 3747 3086 3818 χωρήσασαν
3126 3746 3217 3798 τὸν
3257 3746 3569 3819 ἀχώρητον,
3611 3749 3673 3801 ὃν

2079 3836 2306 3908 οὐρανὸς
2335 3836 2430 3888 καὶ
2469 3836 2538 3908 γῆ
2573 3842 2771 3908 χωρεῖν
2797 3839 2857 3891 οὺ
2887 3836 3167 3904 δύνανται;
3207 3839 3380 3903 Αὐτὸς
3407 3840 3488 3903 δὲ,
3523 3841 3671 3911 ἀχώ-

2083 3947 2242 4001 ρητος
2283 3927 2380 3994 ὢν,
2422 3931 2566 3984 κατὰ
2603 3931 2738 3984 ἰδίαν
2768 3930 3086 4002 προαίρεσιν
3117 3933 3210 3985 καὶ
3242 3933 3493 3988 εὐδοκίαν
3531 3937 3669 4006 ἔχω·

2084 4020 2223 4092 ρήθη
2278 4019 2626 4090 βουλόμενος,
2667 4021 2764 4074 καὶ
2799 4022 2857 4074 οὐ
2914 4022 3057 4074 κατὰ
3102 4023 3365 4093 ἀνάγκην.
3417 4024 3510 4077 Διὸ
3571 4027 3666 4096 μὲ-

2079 4129 2183 4179 γας
2233 4113 2260 4164 ὁ
2318 4112 2484 4182 τόμος
2554 4112 2649 4164 ml.
2705 4113 2930 4176 καινός·
2984 4114 3158 4184 μέγας
3205 4115 3292 4169 διὰ
3329 4115 3392 4168 τὸ
3432 4115 3661 4189 θαῦμαο

2077 4205 2282 4266 καινὸς,
2312 4204 2393 4257 ὅτι
2417 4203 2704 4275 παρθένος.
2740 4207 2870 4270 Καὶ,
2896 4206 3166 4274 Γράψον,
3195 4208 3378 4279 φησιν,
3407 4210 3478 4262 ἐν
3500 4210 3664 4276 αὐτῷ

2076 4295 2314 4366 γραφίδι
2347 4296 2684 4364 ἀνθρώπου.
2718 4299 2829 4352 Καὶ
2865 4300 2964 4353 οὐκ
3005 4296 3148 4353 εἶπεο
3182 4302 3388 4373 Γράφει
3425 4305 3484 4356 ὲν
3515 4304 3660 4373 αὐτῷ

386 4397 470 4446 est
535 4404 600 4444 ac
652 4403 863 4444 recens.
928 4386 1206 4458 Magnum,
1258 4387 1326 4442 ob
1362 4388 1722 4443 miraculum:
1758 4401 1970 4451 recens,

2078 4405 2160 4452 τις
2188 4387 2410 4459 γραφίδι
2454 4387 2765 4460 ἀνθρώπου·
2813 4389 2935 4442 οὐδὲ
2983 4385 3126 4443 εἶπε·
3175 4392 3379 4464 Γράφει
3414 4394 3474 4445 ὲν
3513 4395 3658 4465 αὑτῴ

383 4484 512 4553 quia
564 4482 716 4553 virgo
773 4479 897 4535 fuit.
964 4480 1215 4537 Deinde:
1276 4481 1480 4546 Scribe,
1541 4481 1738 4551 inquit,
1796 4482 1850 4534 in
1904 4498 1964 4535 eo

391 4578 525 4644 ttylo
583 4575 828 4628 hominis.
887 4573 1008 4631 Non
1043 4575 1177 4630 dicit
1242 4595 1253 4631 :
1323 4575 1557 4640 Scribel,
1592 4575 1646 4628 in
1696 4590 1762 4630 eo
1815 4575 1968 4644 quis-

390 4666 532 4737 piam
576 4665 814 4720 hominis
856 4667 1032 4738 stylo;
1085 4682 1284 4738 neque,
1333 4666 1548 4722 Scribet
1579 4667 1634 4722 in
1681 4683 1746 4722 eo
1780 4667 1965 4728 homo.

390 4772 452 4815 ne
483 4773 644 4827 quam
678 4758 806 4814 inde
836 4757 1008 4814 Ebion
1050 4759 1398 4816 occasionem
1431 4761 1718 4830 arriperet.
1751 4759 1886 4814 Nam
1917 4761 1965 4814 si

389 4849 456 4906 ita
506 4851 758 4915 dixisset,
815 4849 1032 4906 Scribet
1083 4851 1138 4905 in
1183 4867 1248 4906 eo
1301 4852 1485 4910 homo,
1518 4851 1775 4922 colligere
1802 4868 1866 4905 ex
1898 4867 1963 4906 eo

384 4947 589 5009 posset,
623 4946 858 4996 satorem
900 4938 1072 4997 fuisse
1108 4939 1430 5012 Josephum,
1459 4939 1848 5012 Christumque
1880 4942 1959 4995 vi-

450 5058 466 5089 ι
501 5056 638 5111 Gen.
675 5073 828 5122 nix,
855 5059 909 5112 4.
989 5062 1009 5091 ⁸
1037 5058 1183 5115 Psal.
1221 5075 1487 5128 cxxxvm,
1527 5059 1615 5116 16.

447 5150 558 5222 (48)
604 5151 674 5206 Τὸ
707 5151 1153 5223 ἀκατέργαστον
1189 5155 1298 5226 γὰρ
1337 5157 1551 5227 τολμήζ
1593 5154 1788 5211 Mirum
1814 5158 1961 5214 unde

377 5241 522 5296 hanc
550 5240 832 5298 Hebraicae
855 5245 1008 5300 vocis
1039 5247 1319 5319 notionem
1347 5231 1760 5319 acceperitn‘m
1787 5249 1958 5318 magi-

377 5333 509 5427 stris
541 5341 647 5427 est
688 5347 834 5427 am:
884 5320 977 5396 δέη
1011 5345 1223 5397 arma:
1259 5318 1323 5397 ‘7:
1360 5349 1418 5398 τι
1453 5348 1593 5427 pm:
1629 5351 1740 5426 qu,
1796 5353 1851 5397 ut
1884 5342 1962 5396 ait

375 5422 682 5483 Kimchius.
720 5426 847 5482 Item
901 5443 998 5483 vas
1045 5430 1288 5484 nondum
1340 5422 1666 5500 perfectum.
1699 5433 1855 5490 Unde
1904 5445 1958 5493 et

323 5515 340 5525 '
375 5533 469 5610 per
502 5518 916 5610 translationem
943 5532 1102 5584 mann
1131 5531 1270 5598 PRD
1304 5535 1423 5610 pan
1461 5535 1638 5594 mm,
1677 5527 1844 5583 Homo
1870 5547 1958 5585 sa-

372 5607 581 5673 pientia
603 5609 799 5676 inanis,
818 5627 880 5665 ac
903 5613 1106 5676 fatuus.
1129 5607 1438 5686 Radixipsa
1469 5618 1793 5688 glomerare,
1811 5630 1862 5676 et
1897 5624 1952 5679 in

373 5715 609 5758 massam
628 5703 872 5784 redigere
897 5706 1187 5780 Signiﬁcat.
1209 5708 1328 5776 Quo
1353 5726 1518 5768 sensu
1543 5694 1668 5772 σευ
1695 5728 1792 5783 pro
1817 5733 1952 5772 mas-

2072 4481 2378 4553 ἄνθρωπος,
2413 4481 2498 4534 ἵνα
2533 4483 2608 4553 μὴ
2647 4481 2782 4554 εὕρῃ
2822 4483 3092 4554 πρόφασιν
3125 4487 3153 4537 ὀ
3207 4484 3417 4539 Ἐ6ίων.
3455 4488 3520 4540 Et
3551 4489 3655 4557 γὰρ

2072 4569 2214 4636 εἷπε,
2267 4573 2474 4644 Γράψει
2525 4578 2581 4627 ὲν
2629 4575 2779 4644 αὐτῷ
2811 4575 3118 4646 ἄνθρωπος,
3155 4573 3298 4648 εἶχεν
3341 4579 3540 4644 εἰπεῖν,
3576 4581 3652 4632 ὅτι

2071 4665 2358 4737 ἄνθρωπος
2396 4664 2595 4736 Ἰωσὴφ
2625 4664 2865 4738 ἔσπειρε,
2902 4668 2995 4720 καὶ
3024 4669 3087 4720 ἐκ
3117 4667 3436 4738 σπέρματος
3465 4671 3652 4742 ἀνδρὸς

2071 4756 2332 4827 ἐγεννήθη
2359 4757 2612 4826 Χριστός.
2643 4756 2734 4827 Τῷ
2754 4757 2811 4811 δὲ
2845 4758 3040 4830 Ἡσαΐᾳ
3062 4759 3166 4830 πρὸ
3186 4759 3529 4814 ἑπτακοσίων
3544 4762 3650 4831 (i9)

2071 4848 2578 4920 πεντηκοντατριῶν
2613 4850 2750 4902 ἐτῶν
2784 4849 2953 4903 πλείω
2981 4851 3013 4922 ἢ
3047 4851 3262 4906 ἐλάσσω
3293 4852 3467 4921 ἔλεγε,
3499 4848 3650 4921 I‘pri-

2068 4946 2210 5012 ψον,
2238 4942 2324 4995 ἵνα
2350 4942 2458 4995 ἀπὸ
2478 4941 2572 4996 τοῦ
2604 4943 2798 5014 καιροῦ
2823 4943 2917 4997 τοῦ
2942 4942 3304 5018 διαστήματος
3333 4948 3471 5018 ὀφθῇ
3506 4952 3648 5002 πᾶσι

1714 5060 1733 5091 ³
1760 5060 1888 5115 ibid.
1970 5063 1992 5094 ⁸
2024 5061 2158 5115 Dan.
2189 5075 2310 5125 xm,
2342 5061 2430 5116 42.

2064 5175 2126 5239 sa
2162 5157 2433 5239 incondita
2499 5159 2860 5239 undeLatina
2895 5178 2998 5217 vox
3027 5163 3252 5233 glomus.
3281 5164 3386 5222 Sed
3411 5183 3511 5238 pro
3529 5169 3639 5239 χόν-

2063 5229 2390 5309 δριρ-.Λιιιι[ιιε
2413 5231 2586 5309 alicui,
2620 5233 2879 5309 similzeve
2909 5229 3080 5303 grano
3107 5252 3382 5309 nunquam
3411 5229 3537 5309 legi:

2137 5282 2245 5370 (ιθ)
2293 5282 2382 5366 is
2401 5282 2468 5373 δέ
2490 5282 2836 5372 necesse;
2854 5282 3640 5373 satisan:“5.73m”...

2064 5373 2339 5445 nologiam
2389 5371 2696 5445 adhibuerit
2734 5373 3092 5444 Epiphanius,
3129 5371 3380 5445 equidem
3434 5385 3630 5437 nescio.

2063 5440 2330 5518 Eusebius
2361 5458 2489 5518 vero
2514 5443 2603 5518 ab
2657 5440 2800 5499 anno
2839 5440 3136 5518 'Achazitx,
3171 5440 3224 5502 in
3259 5466 3418 5518 quem
3453 5454 3632 5507 vatici-

2062 5513 2212 5565 nium
2248 5513 2378 5565 illud
2405 5513 2629 5579 coniicit
2672 5525 2879 5580 noster,
2930 5519 2995 5570 ad
3029 5513 3518 5576 Natalem-Christi
3553 5539 3631 5575 an-

2062 5597 2163 5637 nos
2188 5584 2392 5652 colligit
2426 5584 2556 5650 7.-l8;
2589 5601 2713 5639 nam
2747 5605 2925 5642 nonus
2956 5588 3140 5643 Achaz
3171 5593 3467 5646 ascribitur
3496 5610 3631 5647 anno

2063 5653 2241 5777 ἓὲἓὸ,
2304 5653 2512 5712 Natalis
2569 5656 2770 5714 Christi
2853 5659 3029 5726 “2015,
3093 5660 3439 5717 intervallum
3507 5667 3626 5719 anni

2071 5743 2186 5780 1’10.
