3760 6176
146 232 249 287 66]

898 221 1266 280 ADVERSUS
1304 218 1650 276 "IERESES
1686 216 1812 272 LIB.
1857 217 1896 271 1.
1943 216 2107 271 ΤΟΜ.
2150 215 2212 269 ll.
2257 244 2324 254 —-
2365 211 2636 268 ll/ERES.
2679 209 2848 268 XXX.

145 355 182 425 ἡ
220 351 466 422 ἀλήθεια,
497 350 579 403 ὅτι
615 348 789 411 οὐδεὶς
828 348 1060 418 ἠδύνατο
1092 349 1198 418 πρὸ
1235 347 1574 400 ἑπτακοσίων
1609 361 1736 397 πεν-

1882 341 1928 396 ili
1958 356 2021 396 cx
2047 341 2254 396 semine
2280 345 2641 408 procreatum.
2671 336 2871 391 Verum
2899 335 3049 389 Isaia:
3080 342 3205 391 ante
3222 350 3419 391 necuit

148 440 559 514 τηκοντατριῶν
587 439 722 492 ἐτῶν
754 440 975 508 σπεῖραι
1005 439 1095 492 τὸν
1128 438 1388 508 μέλλοντα
1417 435 1731 505 γεννᾶσθαι.

146 531 296 605 Ἀρα
341 529 434 586 οὖν
467 533 644 603 μάτην
676 531 824 599 λέγει
852 529 928 601 τῷ
958 531 1239 601 Προφήτῃ,
1269 527 1556 597 Γράψον;
1581 526 1734 597 Οὐχί·

146 624 286 678 ἀλλὰ
322 624 408 676 ἵνα
434 622 586 694 δείξῃ
609 622 668 674 τὸ
689 619 915 693 Πνεῦμα
935 622 996 674 τὸ
1019 621 1174 689 ἅγιον
1199 620 1260 673 τὸ
1289 621 1346 673 ὲν
1374 618 1454 690 τῷ
1483 617 1740 690 προφήτῃ

147 717 284 772 αὐτὸ
321 714 672 786 ἐνεργητικὸν
698 713 990 785 γενόμενον
1025 712 1125 783 τῆς
1163 712 1478 783 συλλήψεως
1515 712 1612 783 τῆς
1654 713 1742 763 ὲν-

150 809 360 879 σέιρκου
396 806 631 878 Χριστοῦ
657 806 958 877 παρουσίας
989 807 1045 857 ὲν
1073 804 1323 875 ἀληθείᾳ.
1354 804 1596 872 Πνεῦμα
1629 803 1740 871 γὰρ

147 902 326 969 ἅγιον
343 902 732 954 ἐπελεύσεται
757 898 854 952 ἐπὶ
877 897 970 959 σὲ,
999 898 1164 968 φησιν
1190 899 1218 950 6
1241 896 1473 965 ἄγγελος
1499 893 1742 965 Γαϐριὴλ

143 996 213 1062 τῇ
253 993 462 1064 Μαρίᾳ,
496 992 592 1044 καὶ
620 989 689 1044 τὰ
729 989 874 1060 ἑξῆς.
913 988 986 1040 Τὸ
1018 987 1096 1050 δὲ,
1127 987 1366 1057 γραφίδι
1401 986 1738 1054 ἀνθρώπου,

145 1085 433 1138 τουτέστιν
466 1082 636 1136 εἰκόνι
684 1080 994 1153 ἀνθρώπου.
1045 1079 1366 1150 Ἀνθρωπος
1400 1079 1458 1133 δὲ
1507 1078 1743 1150 Χριστὸς

157 1176 397 1247 Ἰησοῦς,
435 1175 661 1246 μεσίτης
681 1174 816 1228 Θεοῦ
839 1174 931 1226 καὶ
953 1172 1278 1245 ἀνθρώπων,
1313 1170 1503 1241 ἐπειδὴ
1535 1170 1742 1224 ἄνωθεν

145 1265 284 1339 ἦ).οε
313 1267 444 1330 Θεὸς
475 1266 669 1334 Λόγος,
706 1267 769 1318 ὲκ
807 1266 1028 1336 Μαρίας
1059 1265 1115 1317 δὲ
1154 1263 1457 1336 ἄνθρωπος,
1503 1263 1602 1317 οὐκ
1633 1264 1742 1317 ἀπὸ

149 1360 472 1429 σπέρματος
496 1357 687 1428 ἀνδρὸς
711 1373 942 1426 γεγεννη
954 1355 1132 1426 μένος.
1157 1356 1269 1408 Καὶ
1288 1354 1377 1409 διὰ
1397 1353 1555 1408 τοῦτο
1580 1354 1740 1419 εὐθύς

145 1467 317 1520 φησιν
351 1451 380 1501 6
410 1451 720 1521 Προφήτηςο
757 1448 864 1502 Καὶ
907 1445 1150 1514 εἰσῆλθε
1178 1446 1328 1515 πρὸς
1363 1446 1478 1514 τὴν
1507 1445 1739 1515 προφῆ-

144 1559 266 1600 τιν,
301 1542 389 1593 ἵνα
427 1537 574 1610 δείξῃ
614 1539 892 1610 προφῆτιν
937 1537 1035 1608 τὴν
1082 1537 1303 1607 Μαρίαν
1335 1537 1466 1606 (50),
1502 1537 1596 1590 καὶ
1619 1537 1738 1607 οὐχὶ

144 1633 251 1700 τὴν
301 1634 536 1700 γυναῖκα
589 1629 783 1700 Ἀχαζ,
819 1626 894 1692 ὣς
933 1645 1078 1692 τινες
1125 1629 1458 1692 πλανῶνται,
1506 1627 1594 1682 διὰ
1645 1627 1736 1680 τὸν

1809 442 1811 444 ·
1842 430 1968 500 plus
1988 430 2170 484 minus
2201 443 2375 482 annos
2405 427 2573 481 dixit:
2602 425 2806 488 Scribe,
2833 433 2890 477 ut
2920 440 2983 478 ex
3017 431 3132 478 toto
3165 425 3256 477 illo
3286 439 3420 479 tem-

1841 521 1992 590 poris
2025 517 2315 573 intervallo
2341 516 2410 571 de
2434 517 2510 571 rei
2536 516 2769 571 veritate
2795 520 3110 578 constaret;
3152 513 3298 582 qum
3329 529 3422 569 ne-

1843 627 1933 666 mo
1963 618 2088 666 ante
2118 610 2221 666 bos
2253 624 2425 664 annos
2444 623 2638 663 nccuu
2675 622 2798 662 eum
2834 606 2927 677 qui
2963 607 3279 662 nasciturus
3305 614 3422 661 erat

1845 707 1966 754 satu
1994 713 2294 770 propagare
2317 708 2522 769 posset.
2545 697 2683 752 Num
2717 698 2884 768 igitur
2907 695 3112 750 frustra
3143 691 3424 765 Propheta!

1845 792 1979 848 dixit
2013 810 2026 847 :
2060 791 2285 847 Scribe?
2321 790 2540 845 Minime
2575 805 2725 845 vero.
2777 788 2884 844 Sed
2923 796 2980 842 ut
3011 788 3103 843 ille
3134 788 3297 852 idem,
3327 791 3421 858 qui

1845 881 2123 952 pr0phetae
2151 881 2349 946 inerat,
2380 881 2616 950 Spiritus
2639 889 2864 934 sanctus
2891 878 3223 941 ostenderet,
3257 894 3424 949 gene—

1845 974 2077 1028 rationis
2108 989 2168 1030 se
2193 973 2420 1039 Christi,
2452 981 2723 1042 quatenus
2755 988 2923 1028 carne
2953 974 3266 1040 constabat,
3297 987 3427 1028 vere

1847 1073 2128 1120 auctorem
2169 1074 2224 1122 et
2255 1065 2576 1122 etlicientem
2605 1081 2770 1134 ,esse.
2826 1065 3056 1134 Spiritus
3111 1068 3249 1120 enim
3295 1083 3424 1127 san-

1846 1168 1961 1212 ctus
1991 1161 2313 1228 superveniet
2349 1160 2403 1212 in
2437 1169 2504 1226 te,
2537 1159 2612 1212 ait
2642 1158 2825 1213 Maria:
2866 1157 3083 1213 Gabriel
3127 1159 3353 1229 angelus
3379 1161 3422 1221 ²,

1843 1261 1949 1308 etc.
2011 1250 2128 1306 Jam
2187 1254 2332 1322 quod
2393 1253 2616 1321 subjicit
2675 1252 2844 1308 Isaias
2890 1255 3030 1323 slylo
3070 1253 3321 1316 hominis,
3358 1253 3424 1307 ad

1845 1343 2080 1399 hominis
2111 1343 2521 1399 similitudinem
2558 1345 2988 1400 adumbrandam
3040 1346 3294 1416 pertinet.
3339 1344 3426 1400 Si-

1844 1437 2062 1507 quidem
2096 1437 2260 1492 homo
2290 1438 2542 1494 Christus
2571 1436 2733 1494 Jesus
2765 1447 2867 1503 est,
2919 1438 3184 1493 mediator
3229 1438 3321 1494 Dei
3370 1447 3427 1493 et

1844 1528 2124 1584 hominum
2151 1529 2192 1596 ⁸,
2249 1529 2692 1599 quandoquidem
2742 1521 2884 1586 Deus
2941 1532 3176 1587 Verbum
3214 1549 3244 1588 e
3281 1534 3424 1588 coelo

1843 1620 2160 1686 descendit;
2199 1627 2362 1690 atque
2389 1635 2452 1674 ex
2484 1619 2652 1675 Maria
2691 1631 2854 1678 natus
2884 1632 2967 1676 est
2999 1623 3186 1688 homo,
3219 1638 3327 1677 non
3355 1639 3422 1678 ex

159 1722 420 1787 Ἑζεκίαν
449 1721 720 1793 εἰρῆσθαι.
760 1721 902 1791 Ἤδη
931 1720 1040 1793 γὰρ
1071 1723 1098 1774 ὁ
1135 1719 1384 1784 Ἐζεκίας
1415 1719 1609 1772 ἕνδεκα
1638 1718 1735 1788 ἔτη

1882 1725 2082 1765 umano
2114 1718 2236 1766 satu
2273 1711 2598 1780 productus.
2641 1711 2803 1783 158
2843 1714 3188 1785 Proindeque
3235 1716 3421 1772 statim

145 1814 267 1886 εἶχε
297 1813 712 1885 γεγεννημένος.
761 1811 851 1881 Τῷ
899 1812 1009 1881 γὰρ
1040 1811 1215 1882 ἐνάτῳ
1241 1810 1349 1864 ἔτει
1385 1810 1498 1882 (51)
1518 1810 1620 1880 τῆς
1644 1808 1735 1862 τοῦ

147 1908 364 1980 πατρὸς
395 1904 559 1960 αὐτοῦ
609 1904 886 1975 βασιλείας
919 1904 980 1956 τὸ
1018 1904 1167 1974 ῥῆμα
1198 1901 1620 1974 προεφητεύετο·
1657 1902 1739 1954 ὅτι

159 2001 313 2056 Ἰδοὺ
343 2002 383 2066 ἡ
421 1996 709 2066 παρθένος
732 1996 800 2048 ἐν
825 1993 1032 2065 γαστρὶ
1055 1994 1193 2058 ἕξει.
1222 1993 1333 2047 Καὶ
1365 1993 1503 2064 μετὰ
1521 1991 1583 2046 τὸ
1605 1993 1740 2045 ἀπο-

149 2092 342 2146 θανεῖν
369 2092 458 2143 τὸν
489 2090 662 2160 ’Ἄχας
687 2087 1084 2158 βασιλεύσαντα
1106 2085 1626 2158 δεμτέσσαραέτη,
1648 2085 1742 2139 καὶ

144 2185 576 2253 τελευτήσαντα,
610 2180 769 2243 εὐθύς
796 2197 957 2250 φησιν
983 2180 1016 2250 ἡ
1041 2179 1250 2250 Γραφήο
1287 2177 1396 2231 Καὶ
1426 2177 1740 2230 ἐϐασίλευ-

145 2293 268 2330 σεν
299 2274 576 2339 Ἐζεκίας,
605 2272 704 2326 καί
725 2267 804 2342 ἦν
821 2272 1015 2325 εἴκοσι
1037 2269 1185 2324 ἑτῶν
1201 2271 1272 2322 ἐν
1291 2268 1368 2335 τῷ
1385 2269 1742 2334 βασιλεύειν

146 2370 370 2422 αὐτόν.
414 2365 539 2428 Πῶς
576 2361 760 2419 οὖν’ὲν
791 2366 858 2435 τῇ
908 2362 1157 2434 βασιλείᾳ
1203 2360 1296 2415 τοῦ
1344 2360 1546 2432 πατρὸς
1574 2359 1740 2414 αὐτοῦ

145 2457 622 2528 τεσσαρακαίδεκα
673 2455 768 2525 ἐτη
817 2453 980 2507 αὑτοῦ
1024 2453 1460 2524 βασιλεύσαντος,
1528 2469 1743 2523 προφη-

146 2548 452 2619 τευομένου
482 2546 576 2601 τοῦ
615 2548 680 2600 ὲκ
711 2543 990 2617 Παρθένου
1038 2543 1331 2614 γενομένου
1375 2541 1740 2612 Ἐμμανουὴλ,

162 2641 426 2707 Ἐζεκίας
472 2641 888 2712 γεννηθήσεται,
923 2639 951 2690 ὁ
980 2639 1184 2691 εἴκοσιν
1236 2635 1372 2689 ἐτῶν
1421 2634 1742 2704 βασιλεύσας
1783 2692 1790 2698 ,

154 2735 304 2805 μετὰ
334 2733 424 2785 τὸν
461 2733 626 2787 αὐτοῦ
655 2731 900 2804 πατέρας
928 2731 1022 2785 καὶ
1051 2731 1171 2800 οὐχὶ
1206 2729 1404 2800 μᾶλλον
1443 2730 1742 2800 φανήσεται

147 2829 268 2890 τοῖς
304 2827 568 2890 συνετοῖς,
603 2806 817 2896 ὅτιῆδη
857 2825 1070 2895 ὑπῆρχε
1102 2821 1402 2892 γεννηθεὶς,
1439 2822 1527 2874 ὅτε
1553 2824 1581 2875 6
1610 2838 1742 2893 προ-

148 2919 340 2989 φήτης
373 2917 710 2988 προεφήτευε
735 2916 798 2970 τὸ
831 2916 984 2986 ῥῆμα
1020 2916 1114 2970 ἐπὶ
1141 2915 1239 2985 τῆς
1264 2913 1359 2968 τοῦ
1403 2914 1599 2984 Ἀχαζ,
1632 2929 1741 2966 πα-

145 3009 283 3080 τρὸς
343 3007 441 3060 τοῦ
481 3007 746 3072 Ἐζεκίου,
801 3006 1112 3078 βασιλείας;
1149 3006 1384 3077 μάλιστα
1423 3004 1545 3060 οὐδὲ
1601 3021 1740 3077 προ-

147 3099 382 3169 φήτιδος
411 3097 575 3168 οὔσης
601 3099 698 3168 τῆς
731 3099 824 3151 τοῦ
863 3097 1033 3168 Ἄχας
1062 3097 1338 3166 γυναικὸς,
1366 3097 1440 3160 ὡς
1471 3096 1635 3149 παντί
1662 3112 1740 3165 τῳ

144 3190 317 3260 δῆλόν
349 3191 483 3242 ἐστι.
513 3189 702 3260 Μαρία
729 3189 788 3242 δέ
820 3190 967 3242 ἐστιν
991 3191 1024 3259 ἠ
1046 3186 1276 3242 εἰποῦσα
1306 3186 1402 3240 καὶ
1427 3185 1739 3257 προφητεύ-

148 3299 323 3340 cra-sat,
371 3282 454 3333 ὅτι
493 3281 626 3334 Ἀπὸ
655 3281 762 3335 τοῦ
790 3280 908 3334 νῦν
935 3277 1300 3350 μακαριοῦσί
1339 3295 1416 3348 με
1462 3277 1651 3333 πᾶσαι
1678 3279 1738 3330 αἱ

145 3373 358 3442 γενεαὶ
413 3371 521 3441 τῆς
567 3371 703 3442 γῆς.
754 3373 898 3445 Πρὸς
948 3373 1014 3444 ἣν
1066 3371 1280 3443 εἰσῆλθε
1336 3372 1374 3422 Γ
1379 3369 1596 3441 αὗριὴλ,
1643 3369 1738 3423 καὶ¹

146 3464 573 3536 εὐηγγελίσατο,
605 3463 682 3526 ὡς
708 3463 769 3516 τὸ
806 3463 1029 3534 Πνεῦμα
1063 3462 1339 3516 ἐλεύσεται
1369 3463 1427 3515 ἐν
1453 3449 1588 3531 αὐτῇ
1612 3461 1650 3523 ⁸,
1679 3459 1740 3512 τὺ

149 3556 215 3608 ὲν
257 3555 463 3623 Ἡσαΐᾳ.
500 3553 758 3624 λαλῆσαν·
800 3553 894 3606 καὶ
924 3553 1176 3624 γεννήσει
1217 3551 1361 3617 υἱὸν,
1405 3550 1496 3604 τὸν
1534 3550 1739 3620 Κύριον

146 3646 318 3718 ἡμῶν
377 3646 580 3717 Ἰησοῦν
631 3645 884 3718 Χριστὸν,
934 3643 1025 3698 διὰ·
1070 3643 1388 3714 Πνεύματος
1441 3642 1615 3711 ἁγίου,
1648 3641 1742 3694 καὶ

143 3741 257 3793 οὐκ
291 3739 404 3793 ἀπὸ
449 3740 758 3810 σπέρματος
804 3738 1019 3809 ἀνδρὸς,
1071 3739 1148 3802 ὡς
1192 3731 1335 3792 οὗτοι
1385 3734 1742 3806 ἀφραίνοντες

144 3831 251 3884 καὶ
278 3831 642 3901 σψαλλόμενοι
675 3829 1106 3902 βλασφημοῦσιν.

1841 1798 2112 1870 Propheta
2147 1801 2410 1870 subjecit:
2445 1800 2512 1854 Et
2545 1803 2805 1872 ingressus
2826 1813 2901 1857 est
2923 1804 2992 1857 ad
3015 1807 3418 1873 prophetissam,

1843 1901 1902 1944 ut
1921 1891 2321 1961 prophetissam
2349 1891 2570 1946 Mariam
2596 1908 2718 1948 esse
2735 1903 3088 1961 monstraret,
3105 1912 3213 1951 non
3238 1898 3424 1952 Acha:

1844 1997 2091 2045 uxorem,
2121 1983 2187 2037 de
2218 1999 2324 2052 qua
2360 1986 2609 2039 nonnulli
2646 1985 2852 2040 dictum
2885 1987 3016 2041 illud
3043 1997 3265 2058 propter
3288 1990 3424 2046 Eze-

1844 2073 2023 2127 chiam
2065 2073 2202 2129 falso
2253 2077 2623 2146 suspicantur.
2678 2075 2796 2142 Quo
2846 2079 2992 2134 enim
3038 2081 3128 2134 illa
3181 2088 3424 2152 tempore

1844 2165 2197 2237 pronuntiata
2221 2183 2366 2237 sunt,
2393 2187 2443 2226 xu
2466 2171 2574 2242 jam
2601 2187 2776 2230 annos
2799 2181 2961 2228 natus
2989 2183 3108 2229 erat
3135 2175 3419 2232 Ezechias.

1843 2259 1977 2313 Nam
2025 2277 2089 2320 Ix,
2123 2261 2333 2331 imperii
2369 2263 2538 2331 patris
2570 2263 2692 2332 ejus
2727 2278 2870 2318 anno
2917 2266 3238 2320 vaticinium
3289 2267 3423 2322 illud

1843 2351 2050 2407 editum
2110 2352 2252 2408 fuit:
2291 2352 2423 2407 Ecce
2452 2356 2596 2424 virgo
2643 2358 2914 2426 concipiet.
2958 2359 3036 2412 Ac
3081 2369 3298 2414 mortuo
3328 2361 3424 2416 de-

1842 2462 1992 2502 mum
2031 2446 2275 2512 Achazo,
2329 2455 2620 2518 postquam
2665 2465 2839 2506 annos
2873 2467 2961 2505 xw
2993 2455 3263 2522 regnavit,
3297 2471 3423 2511 mox

1846 2535 2134 2606 Scriptura
2165 2536 2346 2606 prodit
2374 2557 2385 2591 :
2419 2536 2486 2591 Et
2533 2541 2764 2608 regnavit
2798 2541 3081 2609 Ezechias,
3107 2556 3323 2618 eratque
3351 2565 3423 2604 xx

1845 2644 2104 2682 annorum
2126 2645 2245 2682 cum
2277 2644 2493 2699 regnare
2525 2635 2760 2699 coepisset
2785 2634 2826 2687 ⁵.
2859 2633 2961 2700 Qui
2992 2637 3160 2708 igitur
3190 2655 3425 2698 consen-

1843 2730 2063 2777 taneum
2094 2729 2196 2787 est,
2229 2729 2310 2786 ut,
2343 2736 2468 2777 cum
2521 2732 2785 2795 regnante
2831 2727 3011 2782 adhuc
3055 2729 3201 2785 illius
3245 2741 3420 2801 patre,

1844 2816 1936 2885 qui
1969 2815 2131 2870 annis
2161 2831 2251 2868 xiv
2287 2817 2592 2886 imperavit,
2617 2817 2686 2872 de
2729 2817 3082 2877 Emmanuele
3113 2837 3179 2878 ex
3211 2824 3425 2896 virgine

1845 2907 2126 2963 nascituro
2158 2908 2427 2978 propheta
2453 2923 2778 2979 responsum
2817 2912 2951 2968 illud
2978 2915 3259 2982 cecinerit,
3293 2918 3425 2974 Eze-

1845 2998 2022 3051 cbiam
2056 2999 2349 3054 oriundum
2380 3014 2502 3055 esse
2529 3001 2859 3070 praedixerit,
2886 3005 2978 3072 qui
3015 3021 3081 3059 xx
3125 3022 3300 3064 annos
3329 3026 3424 3065 na-

1767 3078 1808 3134 C
1844 3097 1934 3145 tus
1981 3092 2228 3160 parentis
2286 3091 2517 3162 imperio
2573 3096 2875 3149 successit?
2934 3095 3124 3154 Nonne
3183 3101 3424 3170 prudens

1845 3181 2080 3252 quisque
2130 3183 2312 3252 potius
2353 3183 2514 3238 facile
2546 3186 2840 3255 perspiciet
2898 3196 3010 3241 tum
3048 3190 3198 3245 illum
3234 3202 3423 3248 natum

1845 3274 2040 3342 fuisse,
2070 3290 2194 3330 cum
2225 3276 2298 3329 ita
2336 3278 2599 3347 propheta
2629 3279 3038 3347 vaticinaretur,
3082 3285 3301 3341 Achazo
3332 3303 3421 3344 re-

1844 3375 2064 3439 gnante,
2095 3369 2187 3440 qui
2222 3368 2467 3425 Ezechiae
2517 3373 2662 3442 regis
2718 3382 2869 3442 pater
2927 3375 3061 3430 fuit?
3117 3377 3425 3438 Praesertim

1847 3475 1972 3514 cum
2002 3474 2071 3515 ne
2101 3460 2450 3530 prophetissa
2490 3463 2708 3532 quidem
2742 3465 2947 3519 Acbazi
2999 3469 3203 3539 conjux
3236 3471 3426 3533 fuerit.

1851 3553 1920 3608 de
1948 3568 2057 3624 quo
2083 3550 2336 3610 dubitare
2363 3571 2524 3610 nemo
2554 3564 2749 3627 poteSt.
2789 3559 3072 3630 Ejusmodi
3105 3579 3232 3620 vero
3254 3565 3426 3622 Maria

1851 3643 2015 3716 Virgo
2049 3645 2174 3710 fuit,
2214 3661 2336 3715 qua:
2383 3648 2607 3705 cccleste
2642 3650 2774 3706 illud
2823 3656 3108 3711 oraculum
3155 3659 3424 3728 protulit:

1849 3731 1935 3785 Ea:
1963 3733 2060 3786 hoc
2095 3750 2234 3787 nunc
2265 3735 2475 3789 beatam
2521 3754 2600 3792 me
2639 3739 2812 3795 dicent
2848 3760 3024 3800 omnes
3067 3752 3427 3816 generationes

1851 3834 2007 3880 terra:
2029 3827 2070 3880 ⁵.
2105 3825 2184 3880 Ad
2213 3841 2378 3896 quam
2412 3829 2698 3900 ingressus
2719 3832 2933 3890 Gabriel
2963 3837 3170 3893 felicem
3205 3841 3352 3898 hunc
3376 3845 3427 3900 ei

142 3926 420 3980 nuntium
461 3925 673 3991 attulit;
725 3923 842 3979 fore
871 3931 932 3979 ut
965 3923 1020 3977 in
1049 3937 1169 3979 eam
1206 3937 1264 3976 se
1310 3920 1550 3991 Spiritus
1614 3920 1938 3983 insinuaret,
2007 3919 2102 3989 qui
2137 3936 2232 3990 per
2288 3921 2493 3983 ,lsaiam
2533 3923 2769 3989 loeutus,
2835 3939 2898 3980 ac
2965 3926 3132 3982 tilium
3192 3943 3426 4001 pareret,

144 4021 456 4076 Dominum
485 4025 736 4074 nostrum
763 4015 948 4073 Jesum
981 4017 1282 4078 Christum,
1315 4017 1407 4086 qui
1465 4016 1533 4070 de
1595 4014 1803 4086 Spiritu
1834 4010 2055 4080 sancto,
2104 4030 2215 4070 non
2261 4031 2329 4070 ex
2381 4016 2519 4072 virili
2576 4019 2783 4075 semine
2833 4025 3151 4094 progenitus
3207 4036 3311 4095 est,
3367 4040 3428 4086 ut

146 4124 417 4172 amentes
449 4115 526 4168 illi
560 4129 626 4169 ac
659 4114 881 4169 fanatici
913 4130 1011 4184 per
1051 4117 1322 4168 summam
1365 4113 1758 4182 blasphemiam
1803 4113 2122 4184 praedicant.

226 4236 248 4268 ⁸
282 4254 377 4307 πρ.
409 4237 495 4290 ἐπ’
529 4237 722 4308 αὐτήν.
800 4236 821 4268 ³
849 4233 984 4290 Luc.
1029 4249 1090 4300 tt,
1126 4235 1215 4290 '55.
1292 4235 1358 4287 ³1
1393 4233 1536 4289 Tim.
1568 4249 1629 4299 tt,
1659 4234 1714 4288 5.

1882 4232 1913 4288 ν
1949 4233 2080 4304 Reg.
2121 4251 2273 4297 xvm,
2312 4235 2367 4290 2.

2448 4238 2468 4267 ⁸
2502 4236 2634 4292 Luc.
2671 4255 2706 4304 ι,
2745 4239 2834 4295 48.

222 4393 348 4462 (50)
389 4393 516 4470 "ira
566 4391 734 4470 ὀξειξῃ
782 4391 908 4470 rip:
932 4392 1185 4470 Μᾳρίςιιξ.
1244 4388 1452 4470 llebrtei
1482 4388 1736 4470 quidam,

1882 4397 2168 4470 ieg._'xvttt,
2203 4401 2256 4448 et
2292 4389 2490 4470 llﬂPar.
2527 4410 2671 4450 xxix.
2712 4396 2893 4462 Quare
2921 4407 3258 4470 postremum
3293 4402 3424 4459 illud

143 4461 357 4535 utputa
401 4464 553 4518 Aben
587 4462 746 4526 Ezra,
792 4473 846 4535 e_t
876 4462 1041 4535 David
1094 4461 1238 4515 Kim.
1277 4462 1332 4535 in
1361 4461 1506 4515 hunc
1538 4461 1739 4526 locum,

143 4531 567 4605 prophetissam
616 4535 762 4605 illam
808 4533 961 4605 Isaiae
1015 4545 1241 4605 uxorem
1292 4531 1740 4605 interpretantur,

143 4601 300 4675 quzé,
337 4607 482 4673 quod
530 4604 846 4675 prophetam
879 4604 1054 4675 virum
1090 4603 1361 4675 habuerit,
1400 4601 1744 4675 prephetjssa

143 4669 548 4750 nuncupeturf
569 4669 807 4750 lliéron.
823 4674 1148 4750 partimhper
1175 4669 1578 4750 prophetissam
1614 4669 1743 4750 Spi:

143 4749 332 4800 ritum
357 4739 642 4806 sanctum,
672 4739 870 4813 partim
902 4742 963 4795 Β.
990 4739 1264 4813 Virginem
1279 4739 1567 4812 intelligit,
1594 4739 1741 4812 quod

142 4823 203 4873 et
240 4816 510 4878 Basilius,
545 4815 745 4882 aliique
773 4821 1098 4883 sequuntur.

219 4887 347 4957 (51)
393 4885 485 4957 Τῷ,
514 4885 624 4954 γὰρ
648 4879 1012 4948 ἑνάτῳἚτει.
1050 4882 1239 4957 Μυηδῇ
1253 4882 1356 4957 hoc
1391 4883 1512 4936 loco
1545 4879 1736 4935 adver-

102 4951 248 5038 jsus
299 4951 360 5010 et
392 4951 656 5035 rationem
707 4963 1048 5038 temporum,
1104 4951 1543 5034 et.S_cripturam
1588 4966 1740 5005 com-

112 5024 334 5082 !missa
369 5035 530 5091 sunt,
587 5027 703 5079 sive
749 5026 1096 5077 librariorum
1146 5024 1305 5082 vitio.
1361 5025 1475 5078 sive
1520 5031 1739 5076 auctore

139 5100 276 5170 ipso
329 5096 482 5170 aliud
523 5105 736 5170 agente.
785 5094 942 5149 [sane
971 5094 1286 5170 vaticinium
1322 5093 1456 5147 illud
1488 5106 1632 5145 anno
1683 5107 1738 5145 Ix

140 5163 348 5224 .bichaz
397 5163 605 5221 editum
644 5166 813 5220 fuisse
861 5172 1036 5234 putat.
1074 5163 1332 5218 Eumdem
1362 5177 1526 5232 porro
1566 5175 1740 5234 annos

140 5252 426 5310 regnasse
473 5252 584 5299 xuv,
617 5250 680 5289 ac
712 5244 824 5310 tum
855 5232 1162 5310 Ezechiam,
1193 5250 1317 5310 cum
1347 5234 1516 5310 Isaias
1542 5232 1739 5286 vatici-

137 5305 322 5365 natus
369 5315 472 5369 est,
523 5321 699 5360 annos
729 5321 780 5359 τι
813 5306 1088 5360 habuisse.
1125 5305 1280 5371 Quod
1328 5305 1373 5359 si
1407 5317 1595 5358 verum
1631 5311 1736 5365 est,

139 5380 430 5435 bimulum
458 5379 629 5433 fuisse
652 5383 868 5445 oportet
896 5375 1206 5436 Ezechiatn,
1235 5391 1360 5429 cum
1386 5384 1539 5446 pater
1566 5373 1738 5442 ipsius

139 5463 392 5520 regnum
436 5449 620 5517 etrapit.
655 5447 819 5516 Atqui
853 5455 910 5500 ut
946 5446 994 5520 is
1024 5447 1424 5520 xtv_duntaxat_
1440 5458 1614 5520 annos
1653 5459 1740 5499 re-

136 5515 433 5591 gnaverit,
457 5515 564 5572 non
594 5519 716 5587 plus
747 5515 836 5573 im
860 5517 1021 5570 annis
1055 5517 1243 5570 habuit
1274 5515 1551 5591 Ezechias,
1575 5529 1738 5591 quem

136 5585 342 5645 [arinen
378 5605 448 5642 xx
479 5585 653 5642 anuus
687 5596 898 5659 natum,
932 5603 1057 5642 cum
1090 5602 1318 5659 regnare
1346 5586 1532 5659 cmpit,
1555 5585 1740 5659 fuisse

139 5662 326 5731 paulo
373 5670 496 5730 post
542 5661 752 5715 scribit.
801 5657 1009 5714 Revera
1043 5654 1224 5713 autem
1266 5674 1369 5712 xxv
1405 5654 1621 5723 habuit,
1668 5654 1732 5711 IV

1846 4461 2287 4542 inanitestecum
2332 4461 2614 4532 Scriptura
2657 4461 2880 4536 pugnat.
2921 4461 2987 4542 Ut
3020 4478 3074 4525 et
3103 4470 3238 4542 illud
3277 4475 3425 4542 quod

1843 4533 2035 4613 asserit
2061 4531 2248 4613 genas
2269 4531 2979 4613 annos’regnasselxtvmui
3013 4555 3102 4594 xvr
3137 4531 3424 4613 Scriptura

1843 4600 2141 4676 tribuit,”
2171 4601 2307 4672 Reg.
2340 4617 2462 4676 cap.
2497 4600 2606 4668 xvi,
2643 4607 2697 4659 2.
2731 4605 2915 4676 Neque
2945 4625 3074 4664 vero
3109 4600 3290 4668 minus
3318 4630 3423 4669 ete—

1841 4679 1957 4751 tera
1988 4671 2459 4751 falsa_sunt._il0c
2493 4675 2636 4751 enim
2653 4671 2966 4751 oraculum,
2994 4679 3142 4751 quod
3169 4680 3323 4738 lsaize
3347 4701 3418 4738 vn

1842 4741 2041 4812 legitur
2072 4758 2084 4794 :
2123 4742 2258 4796 Ecce
2291 4743 2434 4813 virgo
2464 4745 2735 4814 concipiet,
2775 4757 2903 4812 etc.,
2953 4741 3062 4804 sub
3115 4751 3247 4806 illud
3279 4761 3421 4809 tem-

1835 4827 1942 4935 pus
1987 4816 2402 4894 pronuntiatum
2449 4824 2554 4878 est,
2607 4833 2715 4885 quo
2765 4817 2933 4873 Rasin
2980 4837 3073 4875 rex
3125 4820 3315 4892 Syrias,
3368 4833 3423 4880 et

1882 4884 2046 4935 hacee
2093 4883 2236 4935 ﬁltus
2274 4884 2532 4935 Romeline
2580 4902 2671 4935 rex
2715 4887 2876 4935 Israel
2929 4891 3195 4935 ιιιΙνρινςιις
3240 4894 3421 4935 Δριιςινι

1882 4884 2046 4938 hacee
2093 4883 2236 4938 [ilius
2274 4884 2532 4938 Romen-te
2580 4883 2672 4941 rex
2714 4887 2878 4944 Israel
2929 4883 3195 4947 adversus
3234 4883 3423 4950 Aehaz

1837 4957 2134 5008 exercitum
2167 4954 2459 5008 duxerunt.
2495 4954 2613 5008 Jam
2659 4973 2787 5012 vero
2826 4959 3010 5016 Aehaz
3037 4977 3184 5018 anno
3210 4963 3424 5020 Pbacee

1839 5039 2213 5103 XVII-regnare
2240 5025 2426 5103 cmpit,
2447 5024 2532 5103 _lV
2568 5024 2702 5096 Reg.
2739 5045 2848 5103 arvi,
2889 5031 2943 5103 2.
2971 5031 3139 5103 Igitur
3171 5044 3423 5090 mortuus

1838 5092 2161 5174 estha'cee
2187 5092 2344 5174 anno
2362 5095 2544 5174 Achaz
2569 5092 2768 5174 ιγ’-ς’(ιυί
2789 5092 3041 5174 σιοιιιιιίιῆι
3071 5119 3163 5169 xx,
3181 5119 3302 5174 cap.
3328 5121 3422 5168 xv,

1839 5162 2062 5244 dicitur,
2095 5166 2196 5219 hoc
2229 5173 2321 5244 est
2346 5165 2414 5218 ab
2443 5167 2668 5244 e_xordio
2693 5162 2854 5240 regni
2891 5171 3122 5244 Joatban
3152 5162 3163 5227 Ξ
3199 5162 3291 5244 qui
3333 5162 3426 5229 an;

1839 5235 1927 5289 nis
1959 5251 2048 5289 xv:
2082 5237 2350 5304 regnavit.
2384 5235 2506 5289 eod.
2539 5251 2661 5305 cap.
2707 5235 2908 5296 co'mm.
2959 5244 3048 5297 55.
3093 5235 3264 5300 Paulo
3294 5260 3422 5301 vero

1839 5312 1962 5373 post
1987 5305 2303 5386 vaticinium
2342 5305 2474 5386 illud
2497 5346 2510 5368 ,
2544 5307 3032 5386 ’l‘_eglathpha|asar
3063 5316 3421 5386 Assyriorum

1838 5390 1962 5457 ilex,
1987 5375 2146 5457 cujus
2177 5389 2333 5457 opem
2360 5376 2542 5430 Acbaz
2578 5375 2988 5457 imploraverat,
3017 5375 3228 5440 vascaia
3257 5385 3422 5457 Syria

1838 5444 2006 5522 Rasin
2035 5445 2331 5522 interiecit,
2356 5459 2477 5522 cap.
2506 5462 2616 5502 ενι.
2647 5444 2747 5504 Din
2783 5444 3122 5522 itaque-ante
3153 5471 3204 5509 Ix
3237 5444 3422 5509 Aébaz

1839 5515 1969 5570 illud
2002 5513 2236 5592 ablsaia
2271 5513 2589 5592 praedictum
2623 5529 2742 5586 est;
2789 5513 2987 5592 atque,
3041 5525 3118 5578 uti
3165 5525 3424 5579 credibile

1837 5597 1966 5710 est,l
1992 5585 2096 5640 sub
2129 5585 2282 5642 illius
2300 5588 2615 5656 exordium,
2669 5585 2762 5648 aut
2809 5585 3005 5650 saltem
3045 5609 3154 5650 uno
3184 5595 3423 5651 alterove

1845 5672 1940 5710 nos
1995 5671 2159 5710 anno.

1843 5671 1966 5727 ροει
1995 5671 2159 5712 anno.

3314 211 3421 265 4ῦῖ
3517 217 3519 220 ’
