3760 6176
395 293 499 350 467

1771 288 1826 344 S.
1870 288 1932 345 El

2075 288 2215 344 ANII
2501 285 2510 292 ’
3539 289 3620 347 ιιι

394 425 650 480 magnum
684 419 900 470 vocant,
925 426 1023 466 nec
1065 426 1173 464 non
1210 421 1264 465 et
1297 411 1527 466 alterunt
1561 410 1706 480 quod
1746 425 1932 480 parvui

2081 428 2305 465 πτουσιν
2344 406 2504 466 αὗται
2547 412 2604 465 αί
2647 411 2874 484 ἡμέραι,
2911 411 3031 483 ἦτοι
3078 411 3136 466 ἐν
3179 411 3412 482 δεύτερα
3446 411 3614 465 2:66a-

343 485 347 492 ’
392 503 688 573 appellant.
721 503 946 569 Quoties
967 504 1134 574 igitur
1155 503 1271 558 dies
1290 503 1558 572 ejusmodi
1591 505 1644 557 in
1679 504 1976 559 secundam

391 603 518 666 post
545 594 844 650 Sabbatum
877 595 1046 659 diem,
1080 595 1168 650 vel
1202 596 1444 658 tertiam,
1480 602 1573 650 aut
1603 602 1855 665 quartam
1886 595 1975 649 in-

393 684 607 747 eidunt,
661 683 808 740 istud
860 684 1039 753 ipsum
1088 685 1308 740 illorum
1363 684 1616 741 instituto
1674 683 1974 741 Sabbatum

393 786 672 832 censetur.
708 777 892 844 Quare
920 777 1225 835 secundum
1257 777 1590 844 Azymorum
1627 778 1849 843 festum,
1887 779 1976 835 de-

392 868 718 940 ﬁnitumque
749 869 976 926 Sabbati
999 869 1163 934 diem,
1185 884 1262 942 eo
1304 869 1564 934 Sabbato.
1595 875 1740 943 quod
1769 881 1824 928 et
1849 889 1976 944 pro-

394 959 512 1032 prie
543 961 618 1014 ita
661 960 869 1016 dictum
915 972 1020 1026 est,
1062 974 1116 1018 et
1150 962 1480 1033 Azymorum
1519 964 1664 1018 diem
1699 966 1972 1034 sequitur,

395 1066 516 1120 quae
533 1059 586 1108 et
606 1052 724 1122 ipsa
749 1069 848 1124 pro
875 1053 1114 1110 Sabbalo
1134 1062 1411 1117 censetur,
1435 1054 1576 1110 forte
1604 1057 1706 1111 iter
1734 1072 1830 1127 per
1854 1066 1973 1113 sata

394 1143 666 1211 fecerunt,
692 1161 755 1201 ac
777 1148 959 1203 vulsas
988 1149 1171 1218 spicas
1197 1147 1577 1212 aﬁ‘ricuerunt,
1601 1160 1766 1223 atque
1793 1167 1975 1208 come-

391 1239 614 1307 derunt,
649 1249 708 1296 ut
749 1241 963 1296 vincula
1000 1242 1089 1296 illa
1138 1241 1362 1298 Sabbati
1413 1244 1698 1298 sanetione
1747 1244 1972 1299 astricta

396 1334 577 1390 soluta
626 1349 750 1390 esse
801 1344 1175 1396 monstrarent
1224 1338 1403 1406 magni
1459 1337 1610 1392 illius
1656 1337 1972 1392 accessione

393 1425 640 1494 Sabbati,
693 1429 796 1483 hoc
828 1439 912 1483 est
941 1429 1142 1486 Christi
1179 1429 1416 1495 Domini,
1449 1431 1542 1499 qui
1582 1439 1640 1484 ut
1671 1446 1700 1483 a
1731 1431 1972 1500 peccatis

391 1521 601 1576 nostris
631 1521 1042 1590 quiesceremus
1076 1521 1326 1577 indulsit.
1369 1521 1540 1590 Cujus
1571 1523 1794 1589 insuper
1829 1521 1968 1593 ligu-

387 1628 508 1668 ram
543 1612 782 1668 Noemus
810 1613 939 1667 olim
995 1613 1254 1684 praetulit,
1307 1615 1355 1669 is
1401 1629 1562 1683 quem
1597 1623 1786 1668 natum
1818 1621 1973 1684 pater

389 1713 451 1762 ut
476 1706 632 1771 vidit,
666 1707 983 1778 prophetico
1014 1706 1251 1777 quodam
1287 1708 1468 1761 alIIatn
1500 1706 1760 1762 Noemum
1789 1707 1972 1777 appel-

388 1799 492 1854 lari
520 1799 720 1854 voluit:
762 1798 1046 1865 Quoniam,
1090 1800 1288 1880 inquit,
1314 1801 1426 1868 ipse
1452 1800 1680 1868 requiem
1705 1799 1853 1852 dabit
1888 1815 1976 1852 no—

389 1891 467 1945 bis
498 1908 531 1944 a
574 1891 800 1959 peccatis
845 1892 1102 1952 uostris‘,
1154 1890 1258 1944 hoc
1302 1899 1386 1945 est
1433 1890 1724 1944 laboriosis
1769 1889 1974 1944 nostris

388 1981 668 2052 operibus.
697 1980 860 2050 Atqui
891 1977 1131 2036 Noemus
1163 1981 1368 2034 nullam
1403 1996 1434 2033 a
1467 1979 1703 2050 peccatis
1730 1978 1973 2049 requiem

388 2073 593 2136 attulit,
644 2081 703 2128 ut
747 2073 1018 2143 intelligas
1069 2074 1134 2126 de
1181 2072 1401 2127 Christo
1449 2071 1804 2126 vaticinatum
1851 2086 1973 2127 esse

386 2162 741 2226 Lameclnnn,
776 2166 828 2217 in
861 2178 1021 2234 quem
1049 2164 1212 2218 etiam
1244 2162 1361 2233 ipsa
1396 2162 1632 2217 nominis
1666 2161 1806 2216 ratio
1839 2176 1972 2214 con-

385 2258 555 2312 venit.
580 2257 820 2312 Noemus
845 2257 992 2313 enim
1017 2257 1246 2326 requiem
1270 2254 1564 2326 signiﬁcat,
1590 2263 1722 2311 utet
1745 2252 1966 2317 Sebeth,

384 2366 508 2420 qua:
547 2367 651 2405 vox
688 2359 798 2405 tam
844 2349 990 2406 istud
1023 2350 1201 2420 ipsum
1246 2363 1409 2418 quam
1458 2346 1752 2404 Sabbatum
1785 2348 1967 2416 expri-

386 2442 505 2496 mit.
540 2440 697 2508 Quod
731 2443 976 2512 apprime
1007 2441 1231 2497 Christo
1270 2441 1548 2511 congruit,
1584 2441 1639 2495 in
1667 2456 1776 2510 quo
1805 2438 1968 2494 Pater

383 2547 510 2587 cum
563 2531 774 2602 Spiritu
831 2541 1022 2588 sancto
1081 2531 1412 2602 requiescit;
1472 2532 1968 2601 requieveruntque

385 2627 563 2680 sancti
592 2625 659 2680 ad
687 2641 854 2680 unum
894 2639 1106 2690 omnes,
1160 2631 1513 2695 posteaquam
1556 2638 1586 2676 a
1619 2633 1844 2693 peccato
1873 2621 1968 2676 de-

383 2718 662 2773 stiterunt.
699 2716 798 2772 Hic
826 2724 909 2772 est
934 2731 1190 2786 magnum
1216 2715 1725 2786 sempiternumque
1753 2714 1932 2768 Sahba
1951 2743 1964 2754 ο

381 2817 520 2870 tum.
554 2809 714 2879 cujus
741 2824 968 2878 parvum
1020 2809 1150 2863 illud
1203 2809 1485 2878 exemplar
1523 2807 1654 2871 fuit;
1700 2807 1766 2862 ad
1815 2807 1963 2862 illius

381 2903 676 2958 adventum
707 2918 882 2972 usque
905 2902 960 2956 in
985 2917 1142 2957 usum
1173 2902 1502 2967 adhibitum,
1529 2911 1582 2957 et
1606 2901 1673 2956 ab
1697 2902 1817 2970 ipso
1846 2900 1963 2969 lege

378 2997 769 3061 constitutum;
810 2995 880 3050 ab
911 2996 1216 3064 eodemque
1249 2996 1509 3059 solutum,
1543 3000 1597 3047 et
1630 2993 1686 3046 in
1717 2991 1961 3062 Evange-

2077 520 2185 556 των
2201 502 2334 574 (55),
2359 504 2392 573 ἢ
2419 505 2475 558 ὲν
2495 505 2674 576 τρίτῃ,
2704 505 2736 576 ἢ
2759 507 2816 558 ὲν
2841 504 3080 576 τετράδι,
3112 504 3391 558 Σάϐϐατον
3414 505 3497 556 καὶ
3517 505 3613 558 αύτό

2078 596 2262 659 αὐτοῖς
2289 595 2548 665 ὁρίζεται.
2575 595 2666 649 Διὸ
2695 596 2832 668 μετὰ
2848 597 2946 668 τὴν
2969 596 3078 649 τῶν
3095 594 3220 658 Ἀζύ
3229 614 3347 666 μων
3369 595 3611 665 γενομένην

2077 690 2310 760 ἡμέραν,
2331 690 2422 742 καὶ
2441 689 2748 761 ὁρισθεῖσαν
2770 691 2982 762 ἡμέραν
2998 689 3295 752 Σαϐϐάτου,
3313 687 3393 758 τῷ
3407 688 3606 759 tamen,
3630 711 3632 714 ·

2078 782 2239 851 φύσει
2257 782 2335 853 τῷ
2362 783 2498 854 μετὰ
2518 783 2617 854 τὴν
2650 785 2864 855 ἡμέραν
2891 783 3002 836 τῶν
3018 783 3269 853 Ἀζύμων
3291 783 3373 844 είς
3389 779 3609 834 Σάϐϐατόν

2077 875 2485 947 λελογισμένην,
2518 876 2820 948 εὑρέθησαν
2840 875 3207 937 διαϐαίνοντες
3235 872 3325 926 διὰ
3348 873 3450 925 τῶν
3471 873 3597 942 σπορί

2080 987 2216 1039 μων,
2243 968 2338 1022 καὶ
2373 967 2578 1021 ἔτιλλον
2610 967 2870 1037 στάχυας,
2919 968 3014 1020 καὶ
3060 965 3291 1035 ἔψωχον.
3326 965 3422 1016 καὶ
3451 963 3611 1033 ἤσθιον,

2075 1058 2401 1122 δεικνύντες,
2455 1058 2536 1110 ὅτι
2584 1056 2803 1109 λέλυται
2854 1058 2883 1110 ὁ
2913 1055 3108 1125 δεσμὸς
3138 1054 3167 1105 ὀ
3199 1055 3258 1106 ὲν
3293 1052 3374 1122 τῷ
3405 1051 3617 1120 Σαϐϐάτῳ

2075 1153 2409 1224 ὁριζόμενος,
2438 1152 2682 1215 ἐλθόντος
2704 1149 2797 1204 τοῦ
2825 1149 3060 1220 μεγάλου
3091 1147 3396 1212 Σαϐϐάτου,
3418 1145 3617 1200 τουτέστι

2063 1244 2336 1315 Χριστοῦ,
2370 1245 2465 1299 τοῦ
2501 1245 2921 1307 ἁναπαύσαντος
2957 1245 3108 1314 ἡμᾶς
3138 1242 3247 1294 άτοὺ
3274 1239 3386 1293 τῶν
3413 1240 3617 1310 ἁμαρτη·

2080 1337 2264 1406 μάτων
2293 1337 2470 1408 ἡμῶν,
2501 1330 2561 1390 οὗ
2589 1337 2762 1400 τύπος
2785 1332 2854 1407 ἦν
2881 1337 2910 1388 ὁ
2947 1333 3093 1397 Νῶε,
3121 1334 3180 1387 δν
3221 1333 3250 1384 ὁ
3284 1330 3464 1402 πατὴρ
3489 1331 3619 1384 αὑτοῦ

2076 1428 2405 1500 γεννηθέντα
2465 1428 2730 1501 ἑωρακὼς
2798 1427 2939 1481 κατὰ
2999 1423 3372 1497 προφητείαν,
3435 1422 3620 1476 ἐπέθετο

2075 1521 2223 1591 αύτῷ
2268 1521 2441 1593 ὄνομα
2487 1521 2631 1586 Νῶε,
2686 1522 2893 1590 λέγων·
2949 1521 3072 1573 Ὅτι
3103 1515 3284 1585 οὗτος
3323 1518 3620 1572 ἀναπαύσει

2075 1615 2234 1686 ἡμᾶς
2257 1616 2326 1669 ἐκ
2353 1615 2473 1668 τῶν
2497 1613 2796 1684 ἁμαρτιῶν
2827 1613 3019 1682 ἡμῶν,
3041 1613 3163 1683 ἤτοι
3203 1609 3456 1681 σκληρῶν
3479 1609 3620 1680 ἔργων

2077 1707 2254 1779 ἡμῶν.
2292 1707 2350 1760 '0
2376 1707 2499 1764 Νῶε
2525 1706 2583 1760 δὲ
2607 1706 2714 1760 ἀπὸ
2736 1705 3020 1778 ἁμαρτιῶν
3043 1705 3142 1758 οὐκ
3164 1703 3489 1766 ἀνέπαυσεν,
3517 1701 3621 1754 ἀλλὰ

2076 1801 2155 1862 εἰς
2180 1797 2414 1859 Χριστὸν
2445 1797 2850 1868 προεφήτευσεν
2879 1794 2908 1846 ὁ
2943 1793 3138 1864 Λάμεχ
3175 1792 3278 1861 τὴν
3326 1789 3623 1860 προφητείαν

2073 1890 2150 1961 τῷ
2176 1891 2195 1921 ³
2226 1890 2350 1943 Νῶε
2379 1891 2816 1961 ἑρμηνευόμενον
2847 1870 2904 1939 ἐν
2946 1885 3196 1957 ἀληθείᾳ.
3232 1884 3356 1936 Νῶε
3386 1883 3490 1951 γὰρ
3511 1881 3624 1934 ἀνά-

2074 1996 2300 2047 παυσις
2330 1979 2714 2052 ἑρμηνεύεται,
2741 1980 2836 2032 καὶ
2861 1975 3194 2046 Σεϐὲθ.ὄπερ
3209 1973 3544 2037 ἀνάπαυσις
3555 1974 3623 2023 χιιὲ

2073 2072 2376 2127 Σάϐϐατον
2401 2071 2784 2144 ἑρμηνεύεται,
2817 2071 2845 2122 ὅ
2875 2066 3256 2138 ἐστιΧριστδς,
3291 2067 3350 2116 ἐν
3382 2058 3424 2130 ᾧ
3459 2061 3607 2115 άναπέ

2073 2182 2281 2220 παυται
2325 2167 2354 2217 ὁ
2398 2165 2609 2236 Πατὴρ,
2641 2162 2826 2216 καὶτὸ
2854 2161 3008 2230 ἅγιον
3051 2158 3278 2228 Πνεῦμα
3323 2154 3503 2214 αὐτοῦ,
3553 2153 3625 2206 καὶ

2073 2257 2276 2321 πάντες
2317 2258 2462 2326 άγιοι
2502 2256 2780 2327 ἅνθρωποι
2814 2257 2871 2307 ὲν
2911 2251 3060 2323 αὐτῷ
3090 2251 3491 2310 ἀνεπαύσαντο,
3517 2264 3625 2298 παν-

2073 2349 2297 2421 σάμενοι
2317 2349 2425 2402 ὰπὸ
2449 2347 2882 2420 ἁμαρτημάτων.
2917 2336 3088 2407 Οὗτός
3116 2343 3232 2395 ἐστι
3261 2342 3324 2393 τὸ
3353 2340 3492 2410 μέγα
3516 2337 3624 2390 Σάϐ-

2069 2442 2233 2495 ϐατον
2267 2443 2361 2496 καὶ
2389 2441 2576 2506 ἀΐδιον,
2618 2433 2679 2492 οὗ
2724 2439 2892 2502 τύπος
2935 2433 3003 2508 ἦν
3047 2435 3109 2490 τὸ
3153 2433 3351 2506 μικρὸν
3382 2431 3626 2485 Σάϐϐατον

2068 2531 2574 2603 ὲξυπηρετούμενον
2623 2531 2749 2601 ἄχρι
2776 2530 2877 2599 τῆς
2920 2526 3082 2582 αὑτοῦ
3115 2525 3446 2597 παρουσίας,
3479 2539 3624 2592 προσ-

2067 2627 2267 2698 ταχθὲν
2304 2628 2396 2680 ὑπ’
2454 2625 2619 2679 αὐτοῦ
2655 2623 2797 2679 κατὰ
2831 2623 2923 2678 τὸν
2957 2624 3142 2694 νόμον,
3173 2622 3267 2674 καὶ
3300 2623 3358 2673 ὲν
3388 2618 3530 2690 αὐτῷ
3554 2617 3626 2671 λυ.

2068 2717 2182 2783 θὲν,
2236 2718 2330 2772 καὶ
2376 2715 2660 2787 πληρωθὲν
2697 2716 2754 2768 ἐν
2793 2712 2871 2784 τῷ
2921 2712 3261 2782 Εύαγγελίῳ.
3319 2711 3504 2773 Οὕτως
3538 2712 3625 2779 γὰρ

2065 2804 2240 2871 εἶπεν,
2285 2811 2369 2863 ὅτι
2395 2809 2609 2876 Κύριός
2638 2809 2809 2861 ἐστιν
2835 2809 2868 2860 ό
2906 2807 3040 2873 Υἱὸς
3072 2806 3178 2860 τοῦ
3207 2804 3522 2873 ἀνθρώπου
3548 2805 3623 2857 zul

2064 2902 2170 2957 τοῦ
2194 2902 2519 2956 Σαΰϐἁτου.
2552 2900 2714 2956 Ὅθεν
2753 2897 3068 2970 θαρσαλέως
3106 2901 3153 2952 οἱ
3188 2899 3434 2970 μαθηταὶ
3465 2899 3624 2951 λύουσι

2063 2993 2124 3046 τὸ
2151 2993 2448 3048 Σάϐϐατον·
2478 2993 2664 3062 ἐπειδὴ
2689 2994 2783 3047 καὶ
2805 2995 2852 3048 οί
2885 2991 2991 3063 πρὸ
3013 2991 3192 3046 αὐτῶν
3223 2993 3391 3062 ἱερεῖς
3418 2991 3561 3044 ἔλυον
3583 2989 3626 3040 τὸ

379 3087 453 3140 lio
483 3086 703 3140 domum
734 3086 1036 3155 impletum.
1073 3085 1152 3140 Ita
1183 3085 1327 3140 enim
1359 3085 1451 3138 ille
1482 3084 1620 3138 dixit
1652 3101 1665 3138 :
1699 3082 1930 3138 Dominu

2073 3084 2339 3138 Σάϐϐατον
2364 3084 2601 3147 θύοντες,
2636 3086 2732 3138 καὶ
2755 3083 2875 3154 Θεῷ
2900 3083 3090 3147 θυσίας
3118 3083 3536 3153 προσφέροντες,
3557 3083 3624 3135 ἵνα

376 3187 454 3232 εει
488 3177 664 3232 Filius
710 3178 937 3232 hominis
966 3180 1127 3232 etiam
1166 3177 1453 3232 Sabbati’.
1487 3175 1562 3230 Ex
1603 3190 1712 3246 quo
1755 3174 1932 3230 factun

2073 3174 2141 3246 μὴ
2194 3176 2413 3248 άργήσῃ
2465 3175 2624 3230 θυσία
2669 3179 2702 3248 ἡ
2759 3175 3064 3248 ἐνδελεχὴς,
3119 3177 3215 3230 καὶ
3266 3175 3392 3229 καθ’
3435 3176 3624 3247 ἡμέραν

376 3279 482 3335 est,
516 3278 574 3325 ut
596 3269 860 3325 audacter
881 3269 1133 3340 discipuli
1167 3268 1470 3325 Sabbatum
1496 3268 1794 3334 solverent,
1819 3283 1930 3338 pra:

2073 3269 2500 3339 προσφερομένη.
2529 3269 2603 3322 Ού
2639 3269 2797 3340 μόνον
2822 3269 2878 3322 δὲ
2912 3269 3066 3323 αὐτοὶ
3095 3269 3471 3341 προεφήτευω
3490 3269 3535 3322 oi
3561 3268 3623 3322 ίε-

377 3362 566 3416 sertim
616 3376 742 3416 cum
789 3369 845 3416 et
895 3360 1208 3418 sacerdotes
1241 3372 1366 3417 ante
1408 3361 1530 3418 illos
1571 3360 1714 3416 idem
1749 3359 1932 3416 sacriﬁ

2073 3363 2175 3430 ρεῖς
2225 3360 2553 3431 λυθήσεσθαι
2606 3361 2668 3416 τὸ
2715 3361 2995 3417 Σάϐϐατον
3039 3361 3128 3416 διὰ
3170 3362 3266 3415 τοῦ
3319 3362 3395 3433 μὴ
3437 3363 3622 3433 ἀργεῖν·

376 3451 577 3516 cando,
610 3451 1000 3521 oﬁ‘erendoque
1034 3451 1294 3516 facerent,
1328 3467 1396 3506 ne
1426 3451 1558 3519 juge
1604 3448 1736 3504 illud
1775 3449 1932 3519 quoti

2073 3451 2194 3506 Ξιλλὰ
2225 3451 2320 3505 καὶ
2353 3451 2489 3522 αὐτὴ
2516 3455 2548 3522 ἡ
2586 3454 2859 3524 περιτομὴ
2889 3453 3010 3507 ἔλυε
3039 3453 3100 3506 τὸ
3119 3453 3422 3508 Σάϐϐατον.
3451 3455 3624 3507 Γεννω-

375 3545 709 3616 dianumque
739 3544 1070 3601 sacriﬁcium
1116 3544 1562 3599 intermitterent.
1605 3543 1683 3596 Ac
1720 3557 1826 3594 non
1868 3554 1932 3595 sai

2073 3543 2223 3612 μένου
2249 3542 2304 3595 δὲ
2332 3543 2519 3606 παιδὸς
2543 3543 2801 3608 πολλάκις
2822 3545 2878 3596 ὲν
2895 3545 3180 3614 Σαϐϐάτῳ,
3204 3546 3484 3616 ἀναίρεσις
3506 3544 3623 3595 2:6-

374 3637 627 3693 cerdotes
660 3638 838 3692 solum
879 3637 982 3691 hoc
1011 3639 1152 3706 ipso,
1183 3634 1330 3706 quod
1363 3650 1432 3690 ne
1461 3631 1701 3689 Sabbato
1734 3633 1952 3703 quidem

373 3736 561 3784 essent
589 3725 793 3792 feriati,
825 3728 1065 3783 solutum
1097 3725 1229 3782 illud
1254 3725 1318 3780 iri
1354 3725 1447 3780 diu
1469 3734 1596 3780 ante
1621 3723 1954 3793 praenuntia-

372 3817 540 3881 bant;
578 3817 672 3872 sed
703 3825 756 3872 et
781 3817 1136 3875 circumcisio
1166 3819 1282 3887 ipsa
1321 3816 1591 3872 solvebat.
1628 3816 1786 3886 160
1815 3816 1951 3872 Cum

369 3909 518 3964 enim
570 3908 812 3964 Sabhato
863 3926 998 3981 puer
1046 3925 1423 3991 saepenumero
1454 3917 1793 3974 nasceretur,
1830 3908 1951 3978 ejus

371 3997 477 4054 diei
505 3997 820 4070 religionem
858 4000 1210 4056 circumcisio
1240 4001 1498 4067 tollebat;
1529 4007 1690 4068 atque
1723 4000 1795 4053 ita
1822 3999 1951 4054 dua-

369 4090 474 4145 bus
515 4091 622 4146 illis
655 4091 820 4146 rebus
863 4090 1084 4147 Sabbati
1135 4093 1418 4163 abrogatio
1465 4093 1772 4162 signiﬁcata
1823 4099 1950 4145 ante

366 4181 607 4237 videtur.
650 4181 765 4237 Iloc
797 4183 943 4237 enim
981 4191 1232 4247 constat,
1260 4199 1355 4239 eos
1379 4183 1470 4253 qui
1497 4194 1687 4237 natum
1718 4184 1773 4236 in
1807 4184 1946 4237 Sab-

366 4275 498 4329 bato
548 4289 776 4344 puerum
833 4274 1316 4338 circumciderent,
1371 4275 1486 4330 sive
1519 4282 1773 4329 octavum
1802 4274 1944 4329 diem

367 4376 626 4424 accurate
677 4369 974 4424 observare
1019 4368 1238 4431 vellent,
1289 4369 1434 4438 quod
1479 4368 1523 4423 is
1558 4371 1610 4422 in
1647 4365 1942 4422 Sabbatum

2058 3635 2223 3688 ϐάτου
2261 3635 2350 3688 διὰ
2392 3636 2695 3707 περιτομῆς
2717 3635 2945 3705 ἐγίνετο.
2976 3635 3132 3690 Οὕτω
3157 3638 3278 3698 ταῖς
3307 3635 3622 3707 ἀμφοτέραις

2056 3731 2090 3800 ἡ
2118 3727 2272 3792 λύσις
2307 3728 2753 3800 προεθεσπίζετο.
2798 3729 3082 3783 Δείκνυται
3112 3729 3240 3800 γὰρ,
3275 3729 3357 3782 ὅτι
3396 3729 3445 3781 oi
3487 3744 3620 3796 περι-

2053 3824 2342 3892 τέμνοντες
2371 3823 2504 3876 αὐτὸ
2541 3824 2602 3876 τὸ
2646 3822 2902 3893 γεννηθὲν
2941 3824 2999 3876 ἐν
3039 3822 3323 3892 Σαϐϐάτῳ,
3357 3821 3452 3875 ἐὰν
3485 3821 3620 3890 θελή-

2056 3927 2221 3966 σωσιν
2268 3911 2798 3984 ἁκριϐολογήσασθαι
2848 3914 2947 3982 τὴν
2989 3913 3181 3982 ὀγδόην
3215 3913 3449 3983 ἡμέραν,
3489 3913 3618 3984 εὑρί-

2055 4019 2277 4063 σκοντες
2307 3993 2686 4072 ἐμπίπτουσαν
2713 4003 2770 4055 ὲν
2797 4002 3078 4072 Σαϐϐάτῳ,
3115 4003 3211 4055 καὶ
3231 4003 3616 4073 περιτεμιόντες,

2052 4092 2212 4163 ἔργον
2247 4093 2572 4164 εἰργάσαντο
2625 4095 2719 4147 καλ⁵
2750 4095 2812 4146 τὸ
2845 4094 3119 4147 Σάϐϐατον
3158 4093 3377 4149 ἔλυσαν.
3425 4094 3541 4148 Ἐάν
3569 4093 3616 4145 δὲ

2052 4183 2392 4256 ύπέρθωνται
2423 4185 2512 4239 διὰ
2541 4185 2600 4240 τὸ
2631 4185 2706 4257 μὴ
2736 4186 2895 4240 λῦσαι
2922 4188 2981 4240 τὸ
3011 4188 3312 4249 Σάϐϐατον,
3346 4187 3505 4260 ἐνάτῃ
3525 4186 3618 4238 λοι-

2051 4277 2151 4329 πὸν
2204 4278 2594 4349 περιτέμνουσι
2640 4279 2738 4350 τὴν
2790 4282 3116 4353 περιτομήψ
3168 4281 3266 4335 καὶ
3313 4281 3506 4334 ἔλυσαν
3531 4279 3615 4348 τὴν

2049 4366 2373 4437 περιτομὴν,
2425 4368 2518 4421 καὶ
2563 4368 2655 4423 τὸν
2701 4370 2832 4442 περὶ
2876 4370 3046 4441 αὐτῆς
3084 4369 3193 4424 τῶν
3232 4369 3378 4425 ὀκτὼ
3409 4367 3614 4441 ἡμερῶν

366 4459 711 4523 incurrisset,
739 4458 931 4514 eodem
977 4459 1098 4528 ipso
1140 4459 1576 4522 circumcidisse,
1619 4475 1684 4512 ac
1719 4458 1932 4529 proinde

2073 4460 2174 4528 ipov
2199 4458 2294 4512 τοῦ
2325 4461 2767 4532 προστάγματος.

363 4555 544 4624 operis
582 4554 784 4625 aliquid
835 4555 1034 4626 egisse.
1092 4553 1500 4626 Sahbatumque
1535 4557 1792 4610 violasse.
1829 4553 1922 4609 Sin
1961 4555 2259 4624 abrogandi
2296 4554 2516 4611 Sabbali
2559 4565 2702 4613 metu
2753 4557 3054 4624 diﬁ‘errent,
3106 4575 3254 4614 nono
3291 4561 3503 4615 demum
3538 4559 3614 4611 die

363 4652 837 4706 circumcisionem
887 4650 1224 4715 adhibuisse,
1279 4663 1441 4722 atque
1509 4651 1672 4722 hujus
1739 4651 1876 4706 adeo
1939 4651 2130 4726 legem,
2185 4635 2655 4722 praestitutumquc
2691 4653 2899 4708 dierum
2934 4663 3058 4709 octo
3089 4665 3377 4711 numerum
3407 4656 3614 4711 minime

360 4745 622 4800 tenuisse.

436 4835 670 4891 XXXIII.
715 4837 820 4893 Sed
855 4855 921 4892 ne
955 4839 1072 4908 ipsa
1103 4838 1325 4908 quidem
1356 4840 1531 4908 prima
1556 4848 1674 4894 erat
1701 4839 1942 4909 perfecta

360 4928 734 4992 circumcisio,
786 4944 974 4983 verum
1035 4909 1175 5000 signi
1226 4929 1406 4985 instar
1452 4931 1518 4984 ad
1578 4945 1769 4985 eorum
1821 4946 1944 5000 quae

361 5027 551 5090 postea
603 5020 1084 5088 consequebantur
1134 5020 1569 5076 recordationem
1628 5036 1933 5076 concessa:

360 5125 424 5165 ac
458 5110 762 5180 praesertim
792 5111 862 5172 ob
883 5111 1201 5174 Abrahami,
1232 5113 1310 5166 uti
1342 5112 1604 5175 diximus,
1642 5113 1939 5168 haesitatio-

2117 4839 2239 4892 ΛΠ.
2296 4837 2456 4892 Ἀλλὰ
2487 4839 2612 4893 οὔτε
2659 4835 2728 4910 ἦν
2773 4841 2952 4895 τελεία
3007 4844 3039 4913 ἡ
3092 4845 3283 4916 πρώτη
3335 4842 3608 4916 περιτομὴ,

2046 4930 2180 4984 ἀλλὰ
2212 4930 2437 5001 σημείου
2473 4932 2631 5004 χάριν
2661 4933 2836 5005 ἐδόθη,
2885 4937 2964 4998 εἷς
3002 4954 3061 4989 τε
3103 4938 3406 5009 ὑπόμνησιν
3449 4935 3613 4990 αὐτῶν

2048 5024 2186 5094 μετὰ
2212 5025 2403 5077 ταῦτα’
2441 5026 2534 5078 κα)⁸
2560 5025 2648 5078 διὰ
2670 5026 2760 5079 τὸν
2789 5027 3087 5098 δισταγμὸν
3111 5029 3207 5082 τοῦ
3253 5029 3517 5100 ⁸Λϐραὰμ,
3543 5026 3608 5086 ὡς

2044 5114 2387 5185 προείρηται,
2424 5117 2860 5188 ὲπιτιμηθέντος,
2896 5121 2991 5172 καὶ
3021 5119 3196 5172 τύπου
3221 5123 3379 5174 ἕνεκα
3403 5121 3498 5188 τῆς
3525 5135 3609 5186 με-

261 5195 278 5212 ”
356 5218 504 5267 nem,
537 5217 662 5256 cum
695 5202 849 5256 illum
896 5201 1042 5257 Deus
1080 5202 1397 5274 redarguit:
1447 5211 1559 5257 tum
1596 5203 1665 5257 ad
1711 5204 1932 5274 majoris

2073 5204 2213 5276 ’άλης
2236 5205 2334 5276 τῆς
2361 5207 2427 5259 τά
2466 5207 2640 5260 πάντα
2674 5208 2793 5261 κατ’
2831 5209 3053 5280 ίσότητα
3086 5211 3392 5283 πληρούσης
3423 5212 3482 5262 ἐν
3505 5209 3606 5268 τοίς

421 5357 445 5391 ί
476 5356 614 5414 Gen.
643 5375 696 5424 ν,
730 5357 819 5411 29.
899 5359 919 5388 ²
955 5357 1140 5411 Matth.
1179 5374 1275 5424 xu,
1302 5359 1354 5413 8.
1432 5361 1452 5389 ³
1477 5359 1536 5412 F.
1571 5360 1680 5413 τόν.

421 5513 536 5584 (55)
568 5515 728 5570 Ἤτοι
754 5514 825 5567 ἐν
861 5513 1109 5583 δευτέρᾳ
1132 5512 1462 5568 Σαϐϐάτων.
1497 5513 1632 5570 Tres
1659 5517 1923 5571 duntaxat

339 5583 708 5641 .hendOmadis
749 5585 913 5640 ferias
952 5586 1428 5651 commemoravit,
1461 5586 1523 5648 ἓ,
1559 5587 1592 5640 5
1625 5595 1678 5640 et
1706 5587 1758 5640 4.
1814 5586 1918 5642 Sed

351 5668 460 5708 una
480 5655 638 5709 etiam
671 5664 896 5710 ca-teras
919 5654 1310 5724 συνεκδοχικῶς
1335 5656 1647 5722 complexus
1674 5666 1771 5711 est.
1814 5656 1918 5710 Ne~

350 5739 456 5799 que
488 5725 630 5780 enim
672 5734 754 5782 est
794 5727 902 5780 ulla
933 5726 1093 5792 ratio,
1126 5742 1223 5779 cur
1258 5744 1285 5778 λι
1319 5727 1525 5781 ueteris
1559 5743 1632 5782 cu:
1661 5729 1916 5782 solemni-

2030 5524 2170 5594 tates
2203 5518 2692 5594 arceantu_r._Nam
2725 5529 2999 5578 certorum
3035 5523 3247 5579 dierum
3297 5519 3603 5594 superstitio
3639 5516 3648 5523 ”

2031 5588 2141 5651 illa,
2179 5605 2340 5658 quam
2372 5589 2542 5645 Judaei
2577 5594 2891 5658 observant,
2930 5604 2984 5649 et
3016 5595 3069 5649 in
3097 5594 3198 5650 Jad
3230 5588 3487 5649 [lumbam
3513 5605 3602 5641 er-

2028 5660 2229 5782 gnsuit,
2278 5661 2413 5714 nihil
2467 5663 2533 5717 ad
2584 5663 2727 5718 hunc
2761 5664 2956 5725 locum
3010 5667 3164 5724 facit.
3213 5667 3283 5722 De
3329 5680 3430 5738 qua
3467 5660 3601 5716 an”

2027 5747 2046 5784 ι
2066 5745 2380 5786 isseremus.
