3760 6176
87 5503 99 5512 ’
185 5503 317 5581 cap.

143 222 251 283 469

884 227 1254 289 ADVERSUS
1293 230 1636 289 [IERESES
1671 232 1798 290 LIB.
1841 233 1883 289 Ι.
1927 233 2093 290 TOM.
2137 232 2199 287 ll.
2241 259 2312 275 --
2349 230 2624 286 HAERES.
2665 229 2836 286 XXX.

3296 229 3405 288 4Ἱο

132 338 404 404 ,καταξιου
412 338 611 411 μένοις.
637 340 850 414 Ἐκείνη
875 345 972 415 μὲν
989 347 1097 418 γὰρ
1116 347 1165 400 εἰ
1185 341 1254 417 ἦν
1268 348 1518 416 ἁγιστίας
1536 349 1719 413 ἕνεκα,
1754 394 1764 416 Α

1938 365 1998 415 ιε,
2041 359 2204 419 alque
2237 348 2522 417 aequaliter
2567 349 2621 402 in
2657 348 2748 415 iis,
2793 346 2887 417 qui
2928 345 3149 416 quidem
3197 347 3404 419 dignati

149 435 244 486 καὶ
264 433 626 502 κληρονομίας
655 435 897 505 οὐρανῶν
920 436 1198 506 βασιλείας
1234 440 1413 510 χάριν,
1453 441 1561 512 ἄρα
1586 441 1732 493 ἐστέ-

151 541 310 593 ρηται
344 521 527 594 Σάρρα
560 525 658 596 τῆς
698 524 994 594 βασιλείας,
1025 530 1118 581 καὶ
1154 529 1440 592 Ῥεϐέκκα,
1470 531 1566 582 καὶ
1605 531 1729 593 Ala,

151 615 245 667 καὶ
301 615 520 686 Ῥαχὴλ,
565 620 658 669 καὶ
713 617 992 687 Ἰωχαϐὲθ,
1047 621 1142 674 καὶ
1198 621 1388 692 Μαρία
1441 624 1474 692 ἡ
1530 621 1732 691 ἀδελφὴ

150 705 454 769 Μωῡσέως,
489 706 584 758 καὶ
609 707 777 760 πᾶσαι
801 708 856 760 αἱ
884 707 1033 777 ἆγιαι
1058 712 1340 777 γυναῖκες,
1374 711 1468 764 καὶ
1495 711 1557 763 οὐ
1579 711 1736 780 δυνή-

153 813 337 849 σονται
359 797 714 868 κληρονομεῖν
741 796 1014 867 βασιλείαν
1036 798 1300 868 οὐρανῶν,
1329 799 1404 870 μὴ
1424 799 1735 870 δυνηθεῖσαι

150 886 251 956 τὴν
298 885 599 956 περιτομὴν
642 884 733 937 τοῦ
791 885 1046 956 Ἀϐραὰμ
1096 885 1263 956 ἔχειν,
1316 887 1382 956 ἣν
1422 887 1553 950 Θεὸς
1589 885 1736 956 αὑτῷ

149 973 478 1045 δεδώρηται,
522 975 659 1028 κατὰ
691 975 783 1028 τὸν
828 973 1032 1029 τούτων
1079 976 1256 1044 λόγον’
1293 976 1427 1033 εἰδὲ
1460 977 1560 1029 οὐκ
1589 977 1738 1030 ἐστέ-

153 1080 350 1134 ρηνται
381 1056 541 1116 αὗται
573 1064 670 1135 τῆς
705 1064 978 1134 βασιλείας
1006 1065 1114 1118 τῶν
1146 1065 1411 1138 οὐρανῶν,
1454 1067 1630 1120 καίτοι
1675 1069 1735 1120 οὐ

157 1158 552 1225 μετεσχηκυῖαι
588 1157 910 1225 περιτομῆς,
969 1156 1122 1209 οὐδὲν
1175 1157 1282 1226 ἄρα
1337 1157 1508 1228 ἰσχύει
1557 1159 1590 1228 ἡ
1642 1157 1738 1211 νῦν

155 1243 426 1314 ἕνσαρκος
463 1246 751 1315 περιτομή.
791 1245 854 1297 Τί
886 1245 942 1297 δὲ
969 1249 1240 1316 καυχᾶται
1295 1247 1488 1300 Ἐϐίων
1519 1264 1737 1319 περιτο-

156 1335 288 1405 μὴν,
321 1336 480 1388 ὁπότε
520 1335 613 1388 καὶ
646 1338 692 1388 οἰ
730 1335 1112 1407 εἰδωλολάτραι
1159 1336 1270 1408 (56)
1310 1337 1404 1390 καὶ
1456 1339 1735 1409 μιαιρεῖς¹

152 1430 267 1482 τῶν
295 1428 609 1498 Αἰγυπτίων
641 1429 943 1500 περιτομὴν
975 1428 1219 1500 ἕχουσιν;
1258 1431 1416 1484 Ἀλλά
1444 1433 1538 1485 καὶ
1567 1434 1614 1485 οἱ
1638 1432 1741 1484 Σα-

156 1520 413 1592 ρακηνοὶ,
458 1520 508 1573 οἳ
550 1521 643 1572 καὶ
689 1519 1048 1589 Ἰσμαηλῖται,
1085 1519 1386 1591 περιτομὴν
1410 1519 1612 1591 ἔχουσι,
1646 1522 1740 1574 καὶ

155 1595 636 1684 Σαμαμῖταιίκαὶ
673 1611 936 1678 Ἰουδαῖοι,
969 1613 1062 1665 καὶ
1104 1612 1410 1682 Ἰδουμαῖοι,
1442 1614 1535 1666 καὶ
1569 1614 1741 1684 Ὁμη-

1835 441 2056 506 fuerint,
2095 441 2277 496 omnia
2328 439 2683 510 perficientis,
2735 438 3168 493 adumbrandam
3217 440 3408 510 imagi-

1835 543 1978 582 nem.
2007 526 2219 582 Etenim
2251 527 2298 582 si
2323 527 2704 597 ingenerandae
2739 527 3074 591 sanctitatis,
3104 527 3411 582 coelestisve

1833 618 1990 690 regni
2013 617 2161 673 velut
2189 616 2539 672 haereditario
2564 616 2690 686 jure
2721 614 3040 670 conferendi
3068 618 3240 686 gratia
3266 623 3412 671 esset

1837 709 2105 774 instituta,
2140 723 2490 778 consequens
2528 715 2698 772 esset,
2741 706 2932 760 Saram
2989 721 3053 760 ac
3083 705 3410 770 Iteheccam,

1772 867 1780 873 _
1837 807 1889 854 et
1916 799 2066 854 Liam
2099 815 2164 854 ac
2191 798 2513 864 Rachelem,
2560 805 2613 853 et
2655 797 3016 853 Jochabetam
3083 812 3147 852 ac
3182 797 3411 849 Mariam

1837 889 2042 960 Moysis
2093 904 2365 956 sororem,
2411 899 2747 958 cazterasque
2798 895 3018 943 sanctas
3058 876 3314 942 mulieres
3350 902 3416 941 eo

1838 997 1960 1038 esse
1998 996 2166 1052 regno
2208 981 2472 1052 privatas,
2505 995 2606 1035 nec
2636 980 2912 1036 caelestem
2948 979 3094 1033 illam
3129 978 3418 1032 haeredita-
3443 979 3466 1017 ’-

1839 1081 1946 1127 tem
1981 1087 2146 1143 posse
2196 1086 2489 1142 capessere
2535 1090 2549 1125 :
2603 1080 2888 1142 propterea
2939 1069 3082 1140 quod
3123 1070 3430 1122 Abrahami‘

1840 1163 2318 1218 circumcisionem
2341 1178 2607 1232 usurpare
2629 1161 2998 1232 nequiverint,
3022 1175 3210 1231 quam,
3237 1169 3297 1213 ut
3330 1160 3418 1214 isti

1842 1255 2050 1317 volunt,
2101 1252 2248 1308 Deus
2289 1253 2364 1307 illi
2400 1255 2631 1324 largitus
2667 1264 2770 1309 est.
2807 1253 2962 1320 Quod
2997 1254 3038 1308 si
3077 1253 3288 1308 ccelesti
3318 1251 3424 1305 illae

1843 1358 2030 1414 regno,
2081 1345 2298 1398 tametsi
2350 1345 2694 1400 circumcisa!
2749 1361 2857 1398 non
2917 1344 3140 1407 fuerint,
3199 1342 3425 1400 minime

1843 1439 2160 1498 caruerunt,
2190 1433 2326 1487 nihil
2359 1434 2528 1504 igitur
2560 1435 2722 1489 modo
2747 1436 2931 1489 carnis
2954 1435 3046 1489 illa
3073 1431 3424 1488 circumcisio

1845 1525 2084 1594 prodest.
2118 1527 2184 1579 Et
2211 1541 2340 1580 vero
2371 1525 2504 1596 quid
2536 1536 2639 1593 est,
2673 1527 2816 1596 quod
2853 1527 3025 1582 Ebion
3062 1525 3198 1581 adeo
3224 1526 3292 1581 de
3316 1524 3426 1578 eir-

1845 1616 2182 1672 cumcisionc
2204 1632 2302 1672 sua
2327 1617 2610 1688 glorietur,
2637 1632 2760 1672 cum
2786 1626 2840 1672 et
2867 1617 3138 1673 idolorum
3163 1616 3434 1678 cultores,

159 1707 329 1774 ρῖται.
358 1704 574 1758 Τούτων
601 1704 656 1756 δὲ
688 1705 734 1755 οἱ
761 1703 978 1766 πλείους
1000 1703 1060 1756 οὐ
1087 1703 1174 1756 διὰ
1193 1703 1353 1774 νόμον
1377 1702 1533 1756 τοῦτο
1556 1703 1738 1758 ποιοῦ-

1938 1709 2231 1766 ιοοενιιοιεε
2256 1708 2498 1780 Egyptii
2519 1710 2731 1779 seipsos
2749 1718 2966 1780 quoque
2990 1708 3427 1765 circumcidunt?

158 1814 266 1861 σιν,
303 1797 438 1850 ἀλλὰ
469 1797 646 1867 ἀλόγῳ
674 1797 777 1849 τινὶ
807 1795 1085 1867 συνηθείᾳ.

1845 1800 2001 1866 Quod
2063 1809 2115 1856 ct
2173 1803 2450 1868 Saraceni,
2506 1813 2558 1859 et
2608 1803 2923 1868 lsmaelitae,
2967 1817 3031 1858 ac
3067 1802 3424 1866 Samaritani,

154 1883 356 1950 Jud.ei,
403 1888 620 1941 Idumaei
670 1897 724 1943 et
772 1887 1064 1941 lloncritae
1117 1886 1345 1943 faciunt.
1397 1887 1641 1953 Quorum
1676 1887 1730 1943 id
1771 1891 2017 1963 plerique
2043 1909 2151 1949 non
2177 1895 2359 1965 aliqua
2393 1895 2529 1967 lege,
2567 1895 2664 1952 sed
2731 1896 3128 1952 consuetudine
3185 1893 3419 1964 quadam

156 1984 301 2038 citra
334 1985 498 2038 ullam
532 1980 798 2038 rationem
829 1983 1156 2053 suscipiunt.

232 2077 348 2131 Καὶ
374 2074 560 2139 ἁπλῶς
591 2074 755 2128 πολὺν
780 2075 971 2145 χρόνον
997 2074 1260 2129 ἀναλώσω
1283 2075 1746 2146 κατατριϐόμενος

162 2169 245 2230 εἰς
278 2166 380 2237 τὴν
410 2165 600 2218 τούτου
634 2165 927 2237 ληρῳδίαν,
969 2165 1056 2218 διὰ
1085 2165 1146 2218 τὸ
1183 2166 1556 2235 ὲπερείδεσθαι
1583 2167 1748 2222 αὐτὸν

161 2259 346 2330 μάτην
374 2257 454 2329 τῷ.
482 2257 628 2330 ῥητῷ
674 2250 720 2326 ᾧ
763 2257 983 2326 εἴρηκεν
1031 2256 1059 2308 6
1103 2257 1313 2328 Σωτήρ·
1366 2257 1637 2324 Ἁρκετὸν
1672 2256 1753 2323 τῷ

155 2346 400 2418 μαθητῇ
431 2343 581 2401 εἶναι
608 2348 688 2411 ὡς
715 2349 746 2400 ὀ
776 2345 1164 2411 διδάσκαλος
1200 2345 1287 2398 ἵνα
1327 2347 1418 2398 καὶ
1465 2347 1627 2411 αὐτὸς
1672 2365 1755 2401 σε·

163 2440 439 2512 μνὺνηται
470 2438 567 2511 τὴν
603 2439 738 2492 ἰδίαν
777 2437 1086 2509 περιτομὴν
1123 2437 1210 2491 διὰ
1242 2436 1340 2508 τὴν
1377 2438 1472 2491 τοῦ
1513 2440 1754 2511 Χριστοῦ

162 2529 471 2602 περιτομὴν
495 2529 593 2601 τὴν
615 2531 672 2583 ὲν
699 2529 847 2600 αὐτῷ
873 2529 1052 2593 καλῶς
1083 2530 1534 2600 περιτμηθεῖσαν.
1562 2533 1752 2604 Ὅμως

161 2622 358 2692 ἐπειδὴ
384 2621 628 2690 βούλεται
655 2623 682 2674 6
704 2621 982 2692 κτηνώδης
1003 2621 1092 2674 διὰ
1115 2622 1214 2690 τὴν
1241 2622 1376 2693 πρὸς
1403 2623 1492 2676 τὸν
1524 2623 1758 2694 Χριστὸν

166 2715 405 2787 μίμησιν
447 2714 744 2784 λαμϐάνειν
797 2714 986 2768 τοῦτον
1034 2714 1126 2766 τὸν
1173 2715 1352 2784 λόγον,
1401 2717 1502 2769 οὐκ
1544 2716 1758 2787 ὀκνήσω

162 2808 362 2874 δεῖξαι,
397 2808 479 2861 ὅτι
511 2807 570 2882 οὐ
605 2806 694 2860 διὰ
726 2805 882 2862 τοῦτο
920 2807 1155 2880 εἴρηται.
1195 2807 1369 2873 Εὐθὺς
1407 2807 1516 2881 γὰρ
1563 2809 1758 2884 φράξει

165 2902 196 2954 6
225 2901 453 2970 Κύριος,
501 2900 697 2968 λέγων,
737 2901 818 2954 ὅτι
860 2901 922 2954 οὑ
967 2902 1056 2954 διὰ
1089 2899 1250 2953 τοῦτο
1280 2897 1454 2967 εἶπεν,
1499 2882 1756 2956 διὰ

1927 2081 2170 2155 Denique
2200 2085 2492 2157 plurimum
2525 2099 2555 2139 a
2589 2100 2675 2140 me
2696 2084 2957 2154 temporis
2981 2082 3182 2138 insumi
3206 2093 3432 2136 necesse

1857 2175 1947 2239 sit,
1980 2177 2027 2230 si
2059 2177 2113 2232 in
2141 2177 2454 2234 refellendis
2498 2177 2648 2232 illius
2691 2176 2851 2248 nugis
2885 2174 3148 2229 inhaerere
3183 2173 3431 2234 voluero,

1859 2268 1951 2336 qui
1981 2269 2084 2324 hoc
2106 2285 2219 2324 uno
2242 2268 2547 2325 Salvatoris
2577 2269 2726 2324 dicto
2749 2267 2956 2322 frustra
2979 2266 3203 2320 nititur:
3237 2263 3436 2332 Suﬁicit

1859 2358 2117 2427 discipulo
2160 2361 2208 2413 si
2252 2360 2324 2413 sit
2376 2361 2513 2412 sicut
2561 2358 2812 2427 magister
2860 2356 3040 2420 eius”;
3095 2361 3152 2407 ut
3204 2363 3260 2407 et
3319 2352 3469 2421 ipse-

1859 2459 2079 2522 prOpter
2100 2467 2242 2520 eam,
2266 2466 2432 2522 quam
2457 2451 2512 2505 in
2541 2465 2598 2506 se
2629 2447 2829 2504 merito
2860 2445 3115 2500 Christus
3144 2443 3435 2514 expressit,

1858 2545 2339 2601 circumcisionem
2372 2557 2528 2599 suam
2566 2547 2889 2612 arroganter
2922 2545 3180 2594 ostentet.
3217 2535 3440 2591 Verum-

1859 2645 2041 2692 tamen
2071 2635 2330 2706 quoniam
2368 2634 2441 2690 ob
2475 2632 2676 2688 Christi
2714 2631 3074 2686 imitationem
3122 2643 3184 2684 ea
3227 2643 3285 2685 se
3315 2641 3443 2685 seu-

1859 2727 2033 2782 tentia
2061 2743 2230 2797 pecus
2253 2726 2348 2780 illa
2383 2723 2651 2792 defendit,
2684 2723 2871 2778 dicere
2901 2722 3047 2777 haud
3081 2721 3309 2776 verebor
3338 2735 3440 2776 nov

1861 2832 2136 2890 quaquam
2189 2817 2337 2872 illam
2393 2831 2458 2872 eo
2515 2816 2808 2886 pertinere.
2869 2813 3021 2884 161
3062 2810 3256 2866 Statim
3294 2810 3438 2866 enim

1861 2910 2127 2967 Dominus
2162 2909 2380 2980 adjecit,
2436 2923 2547 2963 non
2599 2924 2658 2963 se
2703 2907 2828 2962 ideo
2858 2908 2934 2961 ita
2967 2906 3199 2968 dixisse,
3243 2903 3336 2960 sed
3370 2901 3441 2957 ob

164 2994 296 3057 τοὺς
331 2993 620 3062 διωγμοὺς,
652 2993 748 3047 καὶ
777 2994 874 3064 τὴν
903 2993 1011 3047 τῶν
1027 2993 1288 3048 Ἰουδαίων
1319 2996 1398 3058 εἰς
1426 2993 1587 3047 αὐτὸν
1615 3009 1753 3064 παρ-

1938 3010 2177 3073 ςιυοηιεε
2205 2999 2629 3071 exagitationes,
2675 2997 3099 3068 Judaeorumque
3131 2999 3186 3050 in
3220 3010 3278 3050 se
3305 3009 3442 3048 con-

166 3083 366 3138 οινίαν.
394 3083 504 3137 Καί
535 3101 718 3155 φησιν·
749 3087 818 3138 El
848 3085 952 3154 ἐμὲ
997 3084 1269 3150 ἐδίωξαν,
1313 3084 1412 3139 καὶ
1445 3083 1599 3154 ὑμᾶς
1623 3083 1754 3137 διώ-

171 3176 416 3241 ξουσιν·
443 3177 490 3228 εἰ
521 3176 621 3247 ἐμὲ
651 3177 946 3248 ἐμίσησαν,
975 3178 1070 3231 καὶ
1097 3179 1240 3248 ὑμᾶς
1272 3179 1614 3249 μισήσουσιν.
1641 3179 1762 3232 Οὐκ

167 3271 278 3336 ἐμὲ
329 3269 534 3338 λέγετε
574 3270 780 3336 κύριον
821 3268 919 3322 καί
968 3268 1371 3335 διδάσκαλον;
1412 3271 1522 3325 Καὶ
1565 3270 1763 3335 καλῶς

168 3361 403 3430 λέγετε
440 3361 557 3430 εἰμὶ
588 3360 717 3430 γάρ.
748 3363 816 3415 El
847 3356 962 3416 οὖν
987 3360 1096 3415 τὸν
1120 3361 1557 3429 οἰκοδεσπότην
1584 3363 1764 3415 Βεελ-

171 3454 386 3515 ζεϐοὺλ
418 3452 742 3515 ἐκάλεσαν,
778 3453 946 3519 πόσῳ
976 3470 1043 3523 τε
1080 3451 1324 3522 μᾶλλον
1363 3452 1505 3519 τοὺς
1551 3455 1766 3507 οἰκεια-

174 3546 330 3610 κοὺς
356 3545 582 3611 aurai);
619 3546 733 3609 καὶ,
767 3547 849 3599 Οὐ
890 3543 1137 3599 δύναται
1157 3545 1379 3612 δοῦλος
1424 3542 1578 3600 εἶναι
1613 3545 1766 3614 ὑπὲρ

171 3637 287 3701 τὸν
315 3638 527 3705 κύριον
555 3637 740 3691 αὑτοῦ
762 3677 778 3700 ,
809 3636 952 3689 οὐδὲ
973 3635 1248 3704 μαθητὴς
1291 3636 1446 3706 ὑπὲρ
1473 3637 1580 3691 τὸν
1604 3635 1768 3691 διδά-

173 3732 422 3784 σκαλον
447 3728 653 3783 αὐτοῦ.
688 3729 834 3789 Ἥτω
863 3726 932 3780 δὲ
957 3726 1426 3796 κατηρτισμένος
1447 3727 1597 3784 κατὰ
1618 3727 1769 3781 πάν-

173 3835 252 3872 τα
281 3821 315 3874 ὀ
338 3818 632 3888 μαθητὴς,
664 3819 744 3884 ὠς
766 3822 798 3872 ὁ
823 3818 1211 3883 διδάσκαλος,
1237 3817 1518 3871 τουτέστιν
1551 3817 1768 3889 ἕτοιμος

175 3910 260 3974 εἰς
294 3907 560 3977 διωγμὸν,
597 3908 693 3960 καὶ
723 3907 1066 3975 κακολογίαν,
1106 3907 1201 3959 καὶ
1235 3907 1344 3960 πᾶν
1369 3906 1547 3960 ὁτιοῦν
1580 3909 1770 3977 ἐπιφε-

177 3999 437 4074 ρόμενον.
474 3997 638 4053 Ὅθεν
687 4001 780 4054 καὶ
822 4001 851 4052 ὁ
891 4000 1044 4068 ἅγιος
1086 3998 1330 4062 Παῦλος·
1371 4000 1632 4068 Μιμηται
1649 4015 1769 4068 μου

174 4091 449 4160 γίνεσθε,
485 4088 679 4152 καθὼς
703 4089 863 4159 κάγὼ
890 4088 1165 4158 Χριστοῦ.
1193 4088 1304 4141 Καὶ
1328 4089 1428 4158 οὐχ
1455 4088 1536 4141 ὅτι
1566 4089 1770 4151 ἐκεῖνος

177 4183 442 4253 ἐμιμεῖτο
474 4181 566 4236 τὸν
597 4181 762 4235 αὑτοῦ
793 4181 1060 4252 δεσπότην
1090 4181 1166 4246 ὡς
1197 4180 1296 4234 οὐκ
1331 4179 1459 4233 ἔδει.
1492 4179 1630 4234 Οὐδὲ
1660 4179 1772 4252 γὰρ

177 4275 397 4343 ἔλεγεν,
429 4274 512 4327 ὅτι
543 4273 673 4337 Θεός
718 4276 863 4345 εἰμι,
907 4273 942 4344 ἢ
988 4273 1118 4336 Υἱὸς
1157 4271 1292 4326 Θεοῦ
1337 4273 1474 4342 εἰμι,
1522 4272 1555 4342 ἢ
1600 4272 1772 4341 Λόγος

1861 3093 2135 3149 tumelias.
2169 3091 2266 3158 Ac,
2294 3089 2355 3146 Si
2410 3107 2508 3156 me,
2545 3089 2745 3159 inquit,
2783 3089 3039 3158 persecuti
3090 3095 3244 3151 sunt,
3275 3093 3332 3139 ει·
3353 3100 3440 3137 vos

1860 3181 2299 3252 persequentur';
2338 3180 2385 3236 si
2442 3195 2526 3236 me
2567 3179 2824 3245 oderunt,
2873 3186 2927 3233 et
2971 3193 3068 3232 vos
3106 3176 3236 3230 odio
3277 3173 3443 3228 hahe-

1863 3274 1999 3328 buut
2019 3274 2061 3327 ‘.
2095 3271 2286 3327 Nonne
2317 3287 2396 3325 me
2434 3270 2720 3324 Dominum
2767 3269 2946 3322 dicitis
2989 3283 3050 3321 ac
3096 3264 3445 3333 magistrum?

1865 3363 1935 3417 Et
1964 3374 2100 3417 recte
2138 3363 2339 3426 dicitis,
2389 3377 2505 3416 sum
2548 3360 2736 3413 etenim
2763 3359 2803 3412 '.
2856 3357 2913 3413 Si
2945 3359 3110 3428 igitur
3148 3353 3442 3424 patremfa-

1865 3453 2039 3508 milias
2062 3451 2348 3508 Beelzebub
2371 3459 2703 3515 vocaverunt,
2727 3458 2924 3519 quanto
2945 3448 3111 3517 magis
3133 3446 3444 3501 domesticos
3551 3509 3556 3514 θ

1865 3545 1977 3614 ejus
2004 3545 2066 3598 οἳ
2115 3543 2202 3610 Ει,
2248 3541 2371 3596 Non
2418 3553 2585 3612 potest
2637 3557 2815 3596 servus
2861 3539 3035 3608 major
3075 3554 3184 3592 esse
3231 3536 3445 3590 domino

1867 3636 2040 3690 suo":
2072 3651 2234 3705 neque
2267 3633 2562 3703 discipulus
2595 3633 2884 3718 magistro;
2923 3631 3012 3684 sed
3047 3637 3158 3684 esto
3184 3628 3445 3697 perfectus

1866 3727 1922 3779 in
1952 3725 2193 3781 omnibus
2223 3723 2517 3794 discipulus
2568 3717 2708 3776 sicut
2749 3721 3000 3790 magister
3024 3721 3068 3785 ⁸,
3115 3720 3217 3775 hoc
3263 3726 3348 3774 est
3378 3717 3447 3773 ad

1868 3828 2086 3872 omnem
2125 3814 2492 3880 vexationem,
2523 3828 2588 3869 ac
2627 3811 3088 3876 maledicentiam,
3126 3819 3178 3866 et
3219 3811 3445 3866 adversa

1870 3907 2130 3979 quaelibet
2163 3905 2490 3963 sustinenda
2517 3913 2888 3976 comparatus.
2927 3903 3082 3959 Unde
3113 3912 3167 3959 et
3194 3902 3399 3957 Paulus
3429 3920 3444 3958 :

1871 3997 2208 4066 Imitatores,
2257 3997 2457 4068 inquit,
2491 3998 2595 4052 mei
2623 4004 2808 4064 estote,
2835 3997 2974 4049 sicut
2995 4001 3045 4049 et
3070 4010 3159 4064 ego
3182 3993 3382 4048 Christi
3398 3995 3447 4048 ἰ

1872 4091 2060 4162 Neque
2096 4105 2228 4147 vero
2260 4105 2368 4161 qua
2400 4105 2511 4146 non
2543 4089 2772 4146 decebat
2802 4090 3016 4144 ratione
3047 4087 3331 4143 dominum
3358 4085 3449 4141 ille

1873 4199 2033 4240 suum
2066 4183 2314 4239 imitatus
2349 4191 2453 4239 est.
2516 4181 2634 4240 Non
2661 4182 2806 4240 enim
2837 4181 3006 4238 Deum
3036 4195 3160 4238 esse
3197 4195 3257 4235 se
3284 4177 3446 4242 dixit,

1884 4282 1981 4330 aut
2007 4273 2104 4330 Dei
2133 4274 2356 4340 Filium,
2387 4284 2482 4330 aut
2505 4272 2676 4330 Deum
2706 4273 2969 4329 Verbum.
3009 4270 3138 4338 Sed,
3167 4268 3276 4339 Ego
3307 4284 3446 4330 sum.

177 4368 318 4430 Θεὸς
342 4367 479 4435 εἰμι.
521 4365 683 4434 Λέγει
717 4365 846 4436 γὰρ,
890 4365 972 4418 ὅτι
1025 4364 1171 4434 Ἐγώ
1213 4366 1330 4432 εἰμι
1369 4365 1400 4416 ό
1446 4360 1764 4432 ἐλάχιστος

1938 4366 2074 4438 quit,
2114 4367 2366 4421 minimus
2401 4366 2758 4435 apostolorum
2783 4365 2855 4431 ¹⁰;
2891 4374 2964 4428 et,
2984 4362 3255 4432 Tanquam
3294 4359 3450 4415 abor-

179 4455 304 4511 τῶν
322 4456 704 4510 ἀποστόλων
729 4455 844 4521 καὶ,
863 4454 1132 4523 Ὡσπερει
1159 4469 1239 4521 τῳ
1257 4451 1580 4522 ἐκτρώματι
1597 4453 1764 4523 ὤφθη

180 4548 394 4619 κᾲμοί.
1546 4554 1553 4565 ‘

252 4640 381 4694 AA'.
421 4639 485 4692 Εἰ
507 4638 562 4692 δὲ
584 4637 670 4699 σὺ.
700 4637 910 4702 Ἐϐίων,
937 4637 1233 4708 λαμϐάνεις
1254 4639 1314 4691 τὸ
1339 4635 1774 4710 ρητδντοῦτοὲπί

185 4733 425 4804 μιμήσει
471 4728 706 4800 Χριστοῦ
762 4730 856 4783 καὶ
901 4729 1008 4782 ἀπὸ
1055 4730 1154 4800 τῆς
1197 4728 1520 4801 περιτομῆς,
1558 4722 1625 4799 ἦς
1670 4743 1773 4797 μα-

180 4821 361 4882 ταίως
387 4820 604 4889 φρονεῖς
622 4857 637 4882 ,
673 4818 843 4882 θέλεις
865 4815 1004 4872 εἶναι
1037 4819 1112 4883 ὡς
1135 4821 1164 4872 6
1189 4818 1539 4883 διδάσκαλος,
1575 4817 1774 4888 μᾶλλον

180 4911 242 4966 δὲ
267 4911 350 4975 ὡς
380 4913 409 4964 6
448 4911 668 4980 Κύριος,
705 4910 778 4981 μὴ
812 4913 870 4964 ὲν
901 4913 967 4982 τῇ
1003 4913 1271 4983 περιτομῇ
1301 4910 1449 4980 αὐτῷ
1476 4908 1684 4980 ὁμοιοῦ’
1712 4909 1774 4962 οὐ

179 5005 300 5077 γάρ
335 5019 395 5056 σε
427 5003 718 5074 ὠφελήσει.
754 5004 1072 5074 Παρήνεγκε
1103 5003 1211 5074 γάρ
1235 5005 1264 5056 6
1294 5001 1498 5074 Κύριος
1525 5001 1616 5054 τὸν
1642 5000 1774 5054 ταύ-

189 5113 290 5167 της
315 5095 537 5167 χρόνον,
563 5095 638 5158 ὠς
665 5095 755 5148 διὰ
784 5094 994 5148 πολλῶν
1022 5093 1316 5166 μαρτύρων
1348 5093 1534 5164 σαφῶς
1567 5092 1775 5147 ἐπεδεί-

264 5255 279 5284 ¹
314 5249 379 5304 F.
413 5251 630 5320 ἱερεῖς.-
673 5253 695 5284 ¹¹
728 5249 919 5304 Matth.
945 5265 1000 5314 χ,
1030 5250 1120 5305 25.
1197 5249 1218 5281 ³
1241 5247 1398 5303 Joan.
1431 5247 1646 5320 ηερ.
1721 5246 1743 5277 ⁵

1946 5245 2034 5320 is.

1878 4459 1980 4511 tivo
2012 4457 2154 4512 uisus
2183 4468 2256 4511 est
2284 4467 2333 4511 et
2364 4457 2493 4510 mihi
2520 4459 2580 4510 “.

1949 4629 2190 4687 XXXIV.
2225 4631 2381 4698 Quod
2409 4631 2454 4688 si
2490 4639 2580 4698 tu,
2612 4629 2785 4686 Ebion
2806 4669 2821 4693 ,
2860 4626 3064 4683 Christi
3095 4623 3162 4679 ad
3196 4621 3454 4677 imitatio-

1878 4740 2002 4781 nem
2032 4725 2236 4780 dictum
2283 4723 2417 4780 illud
2457 4737 2714 4793 usurpas,
2757 4721 2922 4777 etrob
2957 4716 3450 4776 circumcisionem,

1881 4831 1989 4887 qua
2022 4824 2081 4871 tu
2115 4815 2320 4872 frustra
2347 4823 2403 4870 te
2430 4815 2672 4886 jactitas,
2709 4811 2953 4884 magistri
2985 4824 3108 4866 esse
3140 4807 3334 4864 similis
3372 4808 3456 4860 vel

1882 4906 2100 4963 Domini
2150 4907 2336 4980 potius
2378 4906 2620 4970 affectas,
2676 4905 2786 4960 noli
2831 4900 3254 4959 circumcisione
3298 4899 3346 4953 ei
3393 4897 3463 4953 si-

1883 4999 2030 5056 milis
2077 5015 2228 5067 esse;
2285 5014 2463 5068 neque
2503 4998 2647 5053 enim
2695 4995 2792 5052 tibi
2833 4993 3094 5066 proderit,
3143 5006 3268 5047 cum
3317 4989 3462 5044 illius

1884 5101 2100 5164 tempus
2149 5090 2414 5150 Dominus
2462 5091 2579 5162 ipse
2629 5086 3149 5157 circumscripserit,
3202 5081 3464 5153 quemad-

2137 5247 2158 5278 ⁸
2184 5245 2343 5302 Joan.
2375 5261 2494 5312 χιιι,
2523 5246 2576 5299 3.
2658 5244 2676 5271 ⁶
2709 5241 2898 5298 Matth.
2930 5257 2986 5306 ι,
3043 5238 3133 5293 25.
3248 5237 3268 5268 τ
3299 5232 3461 5290 Joan.

189 5339 283 5386 xv,
310 5322 406 5376 20.
464 5315 503 5352 ’⁸
533 5319 668 5376 Luc.
694 5336 770 5386 vr,
800 5321 889 5375 40.
965 5321 986 5352 ⁹
1013 5323 1027 5374 l
1059 5321 1185 5378 Cor.
1212 5336 1290 5384 xv,
1318 5321 1368 5373 1.
1453 5319 1498 5350 ¹⁰
1525 5317 1546 5371 Ι
1581 5317 1708 5371 Cor.
1745 5333 1764 5370 ι

2001 5315 2204 5373 “ibid.
2239 5317 2295 5376 8.

267 5441 387 5511 (56)
442 5441 651 5493 Ὁπότε
672 5438 794 5511 ,καί
839 5441 892 5491 οἱ
936 5436 1372 5511 εἰδωλολάτραι.
1426 5433 1652 5511 llicron.
1707 5431 1774 5486 ad

393 5528 471 5564 er.
539 5527 569 5563 χ
596 5529 609 5562 :
662 5507 1016 5577 Multarum,
1039 5508 1248 5577 inquit.
1270 5522 1333 5559 ca:
1371 5506 1601 5574 quadam
1629 5511 1776 5569 parte

188 5575 454 5654 gentium,
486 5588 536 5635 et
566 5581 816 5654 maxime,
844 5595 958 5654 qua:
983 5575 1188 5654 ludicre
1221 5575 1622 5654 Raltirstinmqttc
1655 5589 1774 5624 con-

192 5647 330 5722 ﬁnes
373 5661 536 5716 sunt,
584 5667 744 5721 usque
788 5650 937 5704 hodie
995 5648 1171 5719 populi
1225 5647 1690 5706 Cirtltn’t‘ltlulllut',
1737 5653 1784 5696 et

1885 5435 2148 5501 prwcipue
2182 5431 2430 5504 Egyptii
2456 5429 2769 5504 et‘ldumwi
2789 5469 2804 5492 ,
2857 5426 3173 5504 Ammﬁonitg‘z
3206 5433 3254 5478 et
3288 5421 3465 5504 72109:

1889 5492 2102 5566 bitaafat
2133 5492 2476 5558 onmiswrcarr
2518 5494 2953 5554 Sarracenorum.
2999 5495 3072 5551 De
3102 5493 3374 5566 A‘ngptiis
3403 5492 3467 5566 id

1892 5561 2121 5630 testatur
2151 5574 2478 5632 llet'odotus.
2521 5572 2760 5626 Meminit
2801 5580 2854 5624 et
2885 5568 3031 5639 Orig.
3082 5582 3094 5619 l
3145 5561 3282 5621 eam.
3321 5561 3466 5622 Cels.
3566 5607 3584 5614 -
