3760 6176
306 193 404 246 471

1715 191 1773 248 S.
1814 193 2158 252 EPIPHANI!

3463 193 3570 248 472

306 304 526 359 modum
578 302 789 356 idoneis
840 300 1027 356 multis
1081 301 1310 358 testibus
1367 302 1646 359 evidenter
1698 315 1939 371 osten-t

2052 328 2180 383 ιμεν.
2197 306 2391 374 Ἦλθε,
2419 310 2511 363 καὶ
2529 309 2810 381 ἐπλήρωσε
2838 309 2962 373 δοὺς
2987 310 3083 379 τὴν
3107 304 3318 361 τελείαν
3356 323 3571 378 περιτο-

305 396 507 449 ὁὶ.ι.υε.
544 391 702 448 Venit
729 391 895 454 enim,
926 398 1272 460 veteremque
1305 394 1611 463 complevit.
1647 394 1884 463 perlecta

306 489 526 540 demum
573 501 670 554 per
711 499 809 539 sua
847 486 1103 556 mysteria
1149 486 1568 539 circumcisione
1607 501 1893 543 concessa.

308 576 484 643 Quam
526 592 633 630 non
670 591 777 629 una
811 575 1059 644 corporis
1099 584 1253 645 parte
1299 575 1516 630 deliniri
1559 577 1748 640 voluit,
1800 578 1893 633 sed

309 667 498 721 eadem
548 675 722 720 totum
772 681 973 735 corpus
1021 665 1352 736 obsignavit,
1402 675 1562 735 atque
1604 681 1633 719 a
1673 676 1895 736 peccato

312 758 652 812 circumcidit
687 775 699 811 :
735 772 909 826 neque
947 771 1106 809 unam
1149 756 1418 810 duntaxat
1451 757 1631 826 populi
1661 767 1890 827 partem,

312 859 442 919 puta
471 849 679 901 virilem
717 863 927 911 sexum,
970 847 1064 902 sed
1098 847 1408 900 universam
1449 847 1890 902 Christianorum

312 949 528 1010 gentem
583 939 760 1007 reipsa
818 938 1082 994 servavit:
1125 939 1278 1001 viris,
1319 937 1559 1006 inquam,
1598 947 1652 993 et
1699 939 1892 994 mulie-

315 1033 470 1087 ribus
505 1032 720 1100 signum
762 1028 892 1082 illud
933 1030 1226 1099 impertiite
1251 1029 1462 1098 Quippe
1491 1029 1559 1081 ad
1593 1031 1745 1099 regni
1779 1045 1894 1084 cce-

313 1123 470 1177 lestis
529 1122 832 1176 adeundam
880 1121 1249 1175 hzereditatem
1305 1120 1578 1174 cumulate
1621 1121 1893 1183 omnibus,

316 1229 426 1267 nun
455 1221 682 1282 anguste
707 1213 947 1266 virorum
982 1211 1073 1264 uni
1100 1211 1307 1282 generi,
1335 1211 1481 1264 illam
1512 1210 1685 1280 ipsam
1712 1220 1898 1265 notam

316 1303 544 1373 imponi,
582 1303 729 1356 velut
753 1301 1099 1364 imbecillam,
1133 1301 1342 1355 statuit.
1372 1301 1629 1370 Adeoque
1659 1307 1767 1353 tam
1802 1317 1899 1371 per

317 1409 456 1456 eam,
489 1409 653 1463 quam
687 1408 780 1463 per
819 1392 1076 1446 mandata
1111 1407 1243 1456 sua,
1274 1392 1656 1462 egregiamque
1688 1392 1897 1445 doctri-

316 1499 444 1539 nam
476 1485 697 1540 coeleste
723 1498 948 1552 regnum
979 1482 1290 1537 Christiano
1329 1483 1423 1536 toti
1462 1482 1663 1552 populo
1692 1482 1896 1551 patetis-

1999 404 2105 473 μὴν
2144 402 2252 455 τῶν
2287 400 2452 455 αὐτοῦ
2489 400 2829 472 μυστηρίων,
2861 400 2960 453 οὐκ
2993 401 3051 452 ἐν
3099 399 3179 451 ἐνὶ
3209 399 3362 469 μέλει
3401 397 3573 467 μόνῳ,

1994 493 2109 546 ἀλλ’
2134 493 2254 546 ὅλον
2282 491 2442 561 σῶμα
2462 491 2788 562 σφραγίσας,
2816 491 2909 542 καὶ
2931 487 3242 559 περιτεμὼν
3261 487 3372 540 ἀπὸ
3395 489 3574 556 ἁμαρο

1992 583 2114 644 τίας
2135 599 2148 612 ο
2170 582 2264 634 καὶ
2280 582 2376 650 οὐχ
2407 580 2466 632 ἓν
2494 579 2655 650 μέρος
2681 578 2812 632 λαοῦ
2843 576 3050 642 σώζων,
3074 576 3350 629 τουτέστιν
3381 575 3576 643 ἄνδρας

1996 673 2209 743 μόνους,
2239 671 2372 725 ἀλλὰ
2397 671 2489 724 καὶ
2520 670 2638 722 ὅλον
2667 669 2794 722 λαὸν
2819 669 2911 720 τὸν
2941 667 3047 720 τῶν
3073 666 3414 737 Χριστιανῶν
3439 664 3576 717 κατὰ

1992 765 2270 835 ἀλήθειαν,
2311 763 2508 832 ἄνδρας
2539 779 2596 814 τε
2630 761 2724 814 καὶ
2765 762 3025 828 γυναῖκας
3061 757 3195 828 ὁμοῦ
3238 757 3571 825 σςραγίζων,

1991 856 2087 909 καὶ
2135 855 2215 917 είς
2255 851 2500 924 οὐρανῶν
2552 850 2825 919 βασιλείας
2881 847 3244 920 κληρονομίαν
3308 845 3572 914 ἀφθόνως,

1993 945 2088 997 καὶ
2119 944 2218 997 οὐκ
2245 943 2477 1006 ἐλλιπῶς
2503 943 2585 994 ἐνὶ
2617 942 2856 1011 τάγματι
2879 940 2985 992 τῶν
3017 938 3226 1009 ἀνδρῶν
3253 936 3415 1008 μόνον
3443 935 3575 988 κατά

1993 1034 2277 1088 ἀσθένειαν
2325 1033 2422 1106 τὴν
2470 1032 2743 1104 σφραγῖδα
2791 1031 3069 1102 παρέχων,
3122 1029 3260 1082 ἀλλὰ
3304 1027 3422 1097 λαῷ
3468 1027 3577 1079 ὁλο-

1993 1126 2140 1178 τελεῖ
2185 1126 2272 1178 διὰ
2323 1125 2421 1196 τῆς
2473 1123 2768 1195 σφραγῖδος
2817 1125 2909 1176 καὶ
2958 1121 3184 1174 ἐντολῶν
3232 1121 3329 1174 καὶ
3373 1117 3574 1186 ἀγαθῆς

1994 1217 2342 1280 δεδασκαλίας
2401 1215 2498 1285 τὴν
2560 1214 2834 1284 βασιλείαν
2890 1213 2998 1265 τῶν
3058 1210 3305 1284 οὐρανῶν
3372 1210 3573 1262 rimata—

1995 1307 2232 1359 λύπτων.
2271 1306 2336 1359 Et
2369 1305 2426 1359 δὲ
2463 1306 2537 1369 ὡς
2575 1307 2604 1358 ό
2648 1303 2852 1374 Κύριος
2891 1302 3068 1372 βούλει
3108 1297 3278 1364 εἶναι,
3318 1299 3349 1349 ό
3388 1297 3571 1355 Εδίων.

1996 1395 2272 1448 τουτέστιν
2313 1394 2389 1458 ὡς
2431 1393 2831 1458 όΔιδάσκαλος,
2880 1393 3014 1446 πολύ
3053 1390 3358 1461 ἡπάτησαι.
3399 1387 3491 1456 Μὴ
3523 1387 3575 1438 ὲν

1995 1489 2062 1558 τῇ
2096 1490 2364 1560 περιτομῇ
2393 1487 2717 1550 ἀπεικάζου.

319 1577 411 1630 cit.
439 1577 514 1629 Ac
545 1576 588 1631 si
624 1583 682 1629 tu
720 1573 932 1629 Domini
969 1574 1165 1629 similis
1203 1589 1347 1639 esse,
1391 1573 1493 1628 hoc
1530 1582 1615 1629 est
1653 1573 1896 1646 Magistri
1935 1578 2041 1644 vis,
2069 1580 2275 1636 Ebion!
2309 1581 2658 1637 vehementer
2687 1581 2933 1634 aberras.
2964 1574 3083 1632 Noli
3143 1577 3290 1631 enim
3352 1573 3578 1627 circum-

319 1669 528 1726 cisione
563 1669 664 1723 ista
697 1667 1106 1724 similitudinem
1139 1667 1284 1721 illius
1313 1668 1637 1736 exprimere.

392 1759 590 1814 Verum
633 1758 860 1828 agedum
893 1773 924 1810 a
959 1766 1312 1812 monumento
1346 1756 1611 1811 Lazarum
1648 1772 1896 1822 arcesse,
1931 1765 1939 1819 1

2072 1754 2233 1809 Ἀλλὰ
2289 1757 2516 1809 κάλεσον
2571 1756 2663 1810 τὸν
2725 1756 2976 1828 Λάζαρον
3033 1753 3144 1808 ἀπὸ
3204 1753 3499 1825 μνημείου,
3546 1756 3578 1827 η

321 1860 415 1906 aut
439 1841 591 1904 aliud
635 1849 942 1919 quempiam
977 1859 1248 1902 mortuum
1283 1849 1520 1903 excitato
1556 1867 1568 1902 :
1609 1849 1765 1919 162
1805 1858 1902 1903 aut

322 1941 554 1996 inlecta»
609 1955 752 2009 .3pra
799 1955 1066 2008 repurga;
1122 1939 1281 1994 caecis
1339 1939 1554 2003 visum,
1609 1955 1903 1994 nervorum

323 2032 544 2085 resolui
571 2046 657 2084 me
711 2029 1088 2084 laborantibus
1137 2030 1446 2093 sanitatem,
1479 2029 1525 2084 si
1567 2041 1754 2099 potes,
1815 2046 1902 2086 re-

324 2123 511 2177 stitue.
544 2121 647 2174 Sed
672 2121 794 2176 ideo
822 2136 932 2175 non
961 2128 1136 2192 potes,
1166 2121 1308 2191 quod
1336 2120 1670 2187 inlidelitate,
1703 2121 1910 2176 carnis-

326 2230 432 2282 que
471 2212 723 2276 vinculis,
773 2225 837 2264 ac
879 2210 1010 2282 legis
1051 2210 1384 2280 imperfectis
1424 2211 1764 2266 caeremoniis
1814 2210 1911 2264 illi-

327 2311 488 2373 gatus
525 2301 798 2357 contraria
839 2301 916 2356 illi
950 2301 1135 2356 omnia
1171 2299 1327 2356 facis.
1362 2301 1539 2371 Atque
1568 2309 1626 2355 ut
1653 2310 1912 2370 priestare

329 2394 567 2448 maxime
597 2409 810 2464 posses,
846 2393 898 2447 id
930 2392 1072 2464 quod
1112 2405 1333 2463 propter
1365 2393 1717 2465 depravatam
1754 2393 1911 2447 (idem

329 2497 476 2539 tuam
530 2486 754 2539 minime
808 2493 964 2554 potes
1021 2487 1265 2555 assequi,
1319 2500 1428 2540 non
1486 2485 1662 2539 instar
1706 2483 1913 2538 Christi

332 2577 458 2631 dico
539 2577 738 2646 (neque
801 2578 946 2631 enim
1013 2577 1356 2646 corruptioni
1426 2578 1696 2631 obnoxius
1754 2586 1916 2643 atque

332 2684 518 2723 errore
550 2670 859 2739 implicatus
892 2669 1190 2724 homuncio
1219 2668 1460 2724 conferri
1499 2685 1622 2723 cum
1663 2668 1774 2722 Deo
1815 2684 1910 2738 po-

333 2761 473 2826 tes),
508 2759 602 2814 sed
631 2774 808 2829 neque
851 2758 1059 2815 Christi
1086 2773 1284 2813 nomen
1322 2758 1390 2813 ad
1423 2757 1632 2814 edenda
1671 2757 1916 2828 prodigia

337 2859 495 2920 potes
534 2851 816 2916 invocare;
858 2857 953 2904 aut
989 2850 1036 2904 si
1082 2857 1268 2904 tamen
1312 2849 1674 2911 invocaveris,
1719 2847 1918 2902 ellicies

341 2943 660 3012 quidquam.
713 2941 820 2996 Sed
858 2942 962 2996 etsi
1005 2941 1304 3011 paralytico
1352 2939 1671 2996 suscitando
1716 2937 1921 3008 aliquid

339 3031 601 3096 elliceres,
631 3031 773 3085 idem
806 3031 1012 3100 utique,
1038 3031 1132 3100 qui
1165 3047 1259 3101 per
1280 3029 1410 3086 Iesu
1441 3045 1641 3085 nomen
1670 3045 1922 3100 exsurge-

2007 1845 2164 1902 ἄλλον
2219 1846 2408 1918 νεκρὸν
2455 1846 2685 1917 ἕγειρον,
2735 1845 2972 1916 λεπροὺς
3021 1843 3364 1915 καθάρισον,
3411 1845 3443 1915 ἢ
3499 1861 3583 1897 τυ-

2005 1941 2157 2010 φλοῖς
2193 1940 2414 2010 χάρισαι
2459 1939 2520 1992 τὸ
2565 1939 2804 2010 βλέπειν,
2849 1938 2882 2010 ἢ
2922 1937 3294 2007 παραλυτικὸν
3331 1934 3502 2001 ἴασαι,
3539 1940 3584 1992 si

2005 2033 2157 2105 δύνῃ.
2188 2033 2261 2085 Οὐ
2289 2031 2420 2101 δύνῃ
2447 2031 2524 2093 δὲ,
2551 2031 2632 2083 ὅτι
2655 2030 2916 2092 ἐναντίως
2932 2030 3194 2100 πράττεις
3215 2028 3453 2097 ἀπιστία
3468 2046 3586 2081 κατ-

2008 2127 2302 2196 εχόμενος,
2370 2125 2465 2176 καὶ
2523 2124 2742 2192 δεσμοῖς
2804 2121 3040 2192 σαρκὸς,
3099 2121 3194 2174 καὶ
3263 2119 3587 2189 δικαιώμασι

2008 2218 2173 2287 νόμου
2219 2213 2583 2287 ἀπληρώτοις.
2629 2215 2692 2266 Εἰ
2736 2213 2793 2266 δὲ
2828 2212 2996 2266 ταῦτα
3029 2210 3304 2283 ἡδυνήθης
3353 2211 3586 2281 ποιῆσαι,

2009 2310 2146 2380 ὅπερ
2177 2310 2236 2362 οὐ
2269 2309 2401 2382 δύνῃ
2425 2307 2511 2360 διὰ
2541 2307 2636 2377 τὴν
2664 2305 3024 2359 κακοπιστίαν
3051 2322 3168 2369 σου,
3203 2305 3266 2357 οὐ
3301 2303 3451 2370 λέγω
3471 2303 3540 2366 ὼς
3564 2304 3590 2354 ὁ

2011 2401 2246 2470 Χριστὸς
2272 2402 2351 2470 (οὐ
2381 2399 2488 2471 γὰρ
2515 2399 2646 2472 δύνῃ
2675 2397 3074 2467 ἀπεικασθῆναι
3096 2395 3236 2465 Θεῷ,
3262 2395 3501 2465 φθαρτὸς
3524 2395 3590 2446 ῶν

2011 2489 2296 2560 ἄνθρωπος
2332 2490 2427 2541 καὶ
2487 2487 2902 2558 ὴπατημένος),
2960 2484 3075 2538 ἀλλ’
3136 2483 3261 2536 οὐτε
3318 2483 3384 2536 τὸ
3436 2482 3590 2552 ὕνομα

2013 2581 2250 2653 Χριστοῦ
2277 2579 2369 2632 ἐπὶ
2393 2579 2736 2648 θεοσημείοις
2763 2578 2990 2630 δύνασαι
3020 2573 3472 2630 ἐπικαλέσασθαιο
3500 2574 3590 2626 κᾶν

2013 2690 2074 2726 τε
2099 2670 2417 2742 ὲπικαλέσῃ,
2436 2671 2536 2722 οὐκ
2563 2669 2899 2739 ἐνεργήσει-ς.
2925 2667 2987 2720 El
3009 2667 3063 2718 δέ
3085 2667 3180 2718 καὶ
3199 2665 3341 2728 ὅλως
3366 2665 3590 2733 ὲνεργεῖς

2017 2762 2388 2834 παραλυτικὸν
2424 2760 2757 2830 ἀναστῆσαι,
2789 2753 2935 2829 εῖχεν
2971 2757 3066 2822 ἂν,
3097 2756 3186 2809 διὰ
3213 2756 3311 2808 τοῦ
3346 2756 3591 2824 ὀνόματος

2016 2854 2110 2908 τοῦ
2137 2854 2314 2923 Ἰησοῦ
2346 2852 2618 2916 ἀναστὰς,
2652 2853 2747 2905 καὶ
2787 2851 2999 2904 σύνεσιν
3031 2853 3160 2920 παρ’
3190 2847 3360 2901 αὐτοῦ
3393 2847 3590 2899 λαϐεῖν’

2020 2948 2108 3001 ἵνα
2157 2963 2250 2999 σου
2300 2945 2374 3016 μὴ
2423 2945 2723 3016 ἁνάσχηται
2773 2942 3140 3005 σαϐϐατίξειν,
3191 2939 3333 2993 ἀλλὰ
3383 2940 3468 2992 διὰ
3509 2937 3590 2990 τοῦ

2021 3036 2284 3106 ὀνόματος
2341 3035 2432 3087 τοῦ
2487 3033 2780 3104 ἱασαμένου
2842 3032 3064 3102 μαθεῖν,
3126 3032 3208 3083 ὅτι
3265 3025 3458 3097 ’Ἆρον
3503 3029 3594 3080 τὼ·

341 3130 446 3186 rct,
479 3122 547 3176 ab
581 3137 646 3176 eo
681 3122 801 3190 ipso
835 3121 1068 3191 quadam
1103 3131 1288 3190 posset
1323 3121 1604 3192 sapientia:
1637 3122 1756 3176 luce
1791 3136 1917 3191 per-

2052 3126 2349 3196 ράϐϐατόν
2371 3139 2510 3189 σου,
2535 3123 2634 3176 καὶ
2659 3124 2918 3191 πορεύου
2945 3123 3033 3186 εὶς
3063 3121 3169 3174 τὸν
3196 3116 3373 3172 οἶκόν
3405 3135 3512 3171 σου
3536 3116 3595 3168 ἐν

342 3211 519 3273 fundi,
551 3226 619 3264 ne
656 3225 718 3265 se
748 3217 898 3263 tuam
947 3211 1013 3265 ad
1072 3208 1296 3266 Sabbati
1344 3211 1783 3266 observationem
1829 3226 1923 3265 ac-

344 3301 710 3356 commodaret
738 3320 752 3368 ;
795 3315 858 3354 ac
889 3317 985 3371 per
1015 3301 1135 3370 ejus
1169 3316 1199 3355 a
1233 3317 1343 3372 quo
1369 3311 1516 3358 esset
1549 3311 1795 3365 sanatus,
1829 3318 1928 3358 no-

346 3408 469 3446 men
499 3391 604 3446 hoc
631 3392 868 3446 disceret
903 3410 917 3445 :
944 3391 1091 3446 Tolle
1111 3392 1394 3462 grabatum
1426 3403 1594 3456 tuum,
1634 3403 1683 3448 et
1716 3394 1844 3447 vade
1873 3393 1928 3447 in

347 3484 559 3538 domum
595 3493 738 3537 tuam
773 3483 1008 3538 Sabbato
1034 3485 1073 3539 ¹.
1105 3484 1372 3540 Cmtcrum
1399 3484 1503 3539 hoc
1531 3500 1562 3538 a
1593 3485 1750 3540 nobis
1772 3491 1930 3539 antea

349 3585 830 3630 commemoratum
883 3583 987 3640 est,
1045 3575 1140 3646 qui
1192 3592 1257 3630 ex
1313 3576 1403 3630 illa
1459 3585 1608 3632 secta
1647 3584 1796 3640 sunt,
1827 3590 1922 3630 eos

349 3671 499 3723 varie
558 3668 625 3723 de
679 3669 898 3723 Christo
948 3669 1171 3725 sentire.
1205 3667 1339 3722 Nam
1374 3667 1519 3738 quod
1560 3667 1627 3722 ad
1664 3667 1920 3723 Ebionem

351 3762 529 3831 ipsum
566 3747 816 3830 pertinet,
854 3777 1062 3816 merum
1099 3761 1247 3814 illum
1283 3761 1557 3816 hominem
1592 3775 1658 3815 ex
1687 3760 1924 3814 humano

352 3851 642 3906 concubitu
672 3860 822 3920 putat
854 3867 973 3907 esse
1001 3861 1343 3922 prognatum.
1365 3853 1433 3904 At
1463 3851 1556 3921 qui
1588 3849 1831 3905 Ebionaei
1857 3850 1926 3906 de

2020 3213 2317 3277 Σαϐϐάτῳ.
2353 3212 2491 3281 Ἤδη
2514 3211 2570 3264 δέ
2599 3228 2686 3282 μοι
2720 3211 2955 3280 εἴρηται,
2982 3209 3057 3272 ὡς
3076 3207 3354 3280 διαφόρως
3386 3208 3593 3265 Exacto;

2023 3304 2206 3358 αὐτῶν
2244 3303 2373 3375 περὶ
2408 3302 2646 3373 Χριστοῦ
2690 3301 3000 3355 ὑποϐάλλειο
3051 3299 3181 3353 ποτέ
3231 3299 3334 3369 μὲν
3381 3301 3411 3352 ό
3450 3297 3594 3358 αὐτὸς

2038 3395 2236 3448 Ἐϐίων
2267 3396 2442 3463 λέγων
2476 3397 2541 3450 ἐκ
2575 3393 2920 3465 παρατριὸἦς
2959 3393 3110 3463 ψιλὸν
3127 3393 3421 3461 ἄνθρωπον
3452 3388 3594 3442 αὐτὸν

2025 3485 2382 3556 γεγενῆσθαι·
2425 3486 2613 3541 ἄλλοτε
2643 3486 2700 3538 δὲ
2733 3488 2780 3538 οί
2815 3485 2909 3538 ἀπ’
2943 3485 3106 3537 αὐτοῦ
3136 3484 3470 3545 Ἐϐιωναῖοι,
3498 3480 3595 3533 ἅνω

2027 3575 2255 3645 δύναμιν
2293 3576 2359 3628 ἐκ
2395 3575 2530 3628 Θεοῦ
2568 3573 2867 3644 κεκτῆσθαι
2906 3575 3053 3636 Υξδν,
3099 3574 3191 3627 καὶ
3233 3572 3428 3626 τοῦτον
3473 3567 3594 3621 κατὰ

2029 3668 2218 3740 καιρὸν
2261 3669 2352 3720 τὸν
2392 3668 2565 3740 Ἀδὰμ
2616 3667 2898 3722 ἐνδύεσθαί
2944 3684 3002 3720 τε
3033 3667 3126 3720 καὶ
3161 3655 3470 3718 ἐκδύεσθαι.
3509 3655 3594 3712 Ἦν

2028 3759 2128 3822 τὰς
2177 3759 2469 3829 διαφόρους
2519 3758 2748 3830 γνώμας
2805 3759 2864 3812 ἐν
2925 3757 3151 3827 δυνάμει
3199 3752 3341 3806 Θεοῦ
3399 3749 3594 3820 ἁνετρέο

2029 3850 2234 3921 φαμεν.

354 3945 652 3999 illovocati
688 3951 836 4008 sunt,
871 3944 1058 4000 nescio
1113 3959 1277 4014 quam
1323 3934 1379 4000 in
1446 3945 1587 4002 crelo
1622 3945 1880 4000 virtutem
1944 3941 2208 3999 divinitus
2259 3943 2565 3998 obtinuisse
2599 3941 2791 4004 ﬁlium,
2831 3940 3189 4008 eamdemque
3230 3952 3334 3992 suo
3365 3950 3426 3990 se
3476 3942 3586 3987 tem-

354 4052 486 4106 pore
539 4037 594 4090 iu
640 4037 715 4089 Δί’
761 4052 906 4089 ’.ιιιιῐι
955 4036 1288 4103 insinuasse,
1336 4039 1665 4107 emisseque
1714 4043 1924 4107 postea.
1965 4035 2209 4102 Quorum
2236 4035 2482 4090 omnium
2513 4035 2888 4104 discrepantes
2918 4033 3216 4087 sententias
3280 4028 3464 4082 divina
3507 4037 3593 4093 op:

357 4127 482 4182 t'reti
516 4127 744 4180 hactenr
776 4165 778 4167 -
818 4127 1137 4182 evertimus.

429 4219 791 4286 Quamobrem
823 4219 953 4289 quid
986 4235 1086 4289 ego
1111 4220 1315 4276 diutius
1350 4219 1703 4290 importuosis
1734 4220 1842 4275 illis
1873 4220 1928 4274 in

2107 4213 2218 4266 Καὶ
2246 4211 2300 4264 τί
2334 4228 2422 4281 μοι
2454 4209 2842 4282 ἕτιδιατρίδειν
2888 4209 2945 4262 ἐν
2969 4205 3247 4277 ἀλιμένοις
3283 4204 3381 4258 καὶ
3422 4199 3592 4272 agnit-

357 4313 496 4367 locis
530 4327 594 4366 ac
633 4312 777 4366 velut
817 4311 1090 4366 aestuariis
1126 4326 1457 4376 commoror,
1501 4325 1621 4382 qua:
1675 4309 1927 4365 inundari

2052 4321 2152 4356 :sat
2198 4302 2398 4366 τόποις,
2427 4301 2518 4373 πὴ
2564 4301 2663 4372 μὲν
2704 4298 3165 4370 ἐπικλυζομένοις,
3195 4296 3272 4367 πὴ
3303 4296 3361 4349 δὲ
3385 4293 3594 4362 καταξη-

359 4405 515 4468 alias,
563 4403 696 4457 alias
739 4403 1006 4458 exsiccari
1057 4403 1266 4468 solent;
1319 4418 1383 4456 ac
1438 4404 1664 4472 piscium
1719 4402 1930 4470 copiam

362 4495 562 4565 saepius
592 4494 645 4547 in
671 4494 827 4548 littus
853 4494 1050 4562 ejicere
1065 4534 1080 4552 .
1105 4495 1246 4548 inter
1267 4509 1404 4564 quos
1425 4493 1672 4549 venenati
1689 4493 1929 4563 quidam.

361 4585 666 4654 cujusmodi
689 4593 817 4640 sunt
839 4584 1154 4653 pastinacae,
1189 4584 1476 4647 dracaena),
1507 4583 1789 4643 caniculae,
1825 4595 1937 4634 mu-

363 4691 542 4742 mnaz,
583 4692 770 4731 eorum
811 4675 904 4745 qui
949 4676 1015 4729 ad
1054 4691 1205 4729 oram
1253 4676 1400 4729 illam
1445 4675 1725 4728 ambulant
1773 4671 1936 4742 pedes

363 4769 568 4824 exitiali
631 4784 871 4834 veneno,
944 4767 1024 4820 uti
1087 4765 1350 4828 diximus,
1419 4765 1717 4821 infestant?
1783 4762 1938 4817 Hunc

365 4860 530 4928 igitur
560 4860 736 4912 locum
773 4859 1018 4929 ingentes
1052 4858 1162 4913 Deo
1201 4859 1404 4930 gratias
1436 4871 1602 4928 agens
1629 4856 1938 4926 praeteribo,

366 4951 511 5020 quod
553 4951 666 5004 haec
706 4952 930 5021 insuper
968 4967 998 5004 a
1038 4952 1197 5007 nobis
1232 4950 1547 5027 propulsata
1586 4949 1658 5004 sit
1697 4949 1946 5014 haeresis,

436 5113 454 5143 ¹
485 5109 644 5165 Joan.
678 5126 711 5164 v
762 5109 814 5162 8.

447 5270 559 5340 (57)
610 5269 909 5340 Τρυγόνας
939 5267 1022 5340 ’δέ
1065 5266 1380 5340 φημιηκαὶ
1423 5265 1767 5340 δρακαίνας.
1809 5262 1951 5317 Plin.

373 5335 470 5393 lib.
501 5335 581 5402 ni,
613 5335 744 5410 cap.
768 5339 866 5394 48:
905 5335 1078 5410 IEque
1105 5337 1410 5410 pestiferth
1455 5336 1657 5410 animal
1685 5348 1954 5396 araneus;

375 5414 543 5477 spina:
590 5411 645 5463 in
683 5406 848 5463 ilorso
880 5407 1062 5461 aculeo
1103 5409 1314 5460 noxius.
1362 5406 1465 5459 Sed
1501 5407 1704 5477 nullum
1733 5419 1955 5477 usquam

377 5475 759 5534 eLIsecrabilius
784 5522 798 5542 ,
829 5495 988 5546 quant
1037 5477 1219 5530 radius
1273 5491 1425 5543 super
1470 5475 1694 5529 caudam
1721 5475 1954 5546 eminens

382 5553 637 5618 trygonis,
680 5545 847 5620 quam
879 5549 1046 5620 nostri
1074 5549 1416 5620 pastinacam
1458 5547 1721 5620 appellant
1747 5586 1760 5610 ,
1789 5545 1956 5620 quin:-

383 5613 607 5677 ιιίιῖεέαιί
639 5613 1018 5696 magnitudine.
1053 5614 1300 5676 Eiianus
1334 5618 1368 5672 ι.
1397 5634 1435 5673 ιι
1471 5613 1547 5670 ne
1577 5618 1830 5682 auim.,c.
1863 5613 1958 5678 50,

2041 4394 2398 4467 ραινομένοις·
2427 4392 2487 4457 ἐξ
2514 4386 2697 4462 ὧνπερ
2734 4391 2930 4463 ἰχθύων
2971 4388 3332 4462 ἐκϐράσματα
3367 4385 3594 4446 nonam;

2039 4487 2268 4555 γίνεται,
2311 4487 2405 4540 καὶ
2447 4487 2558 4548 τοῖς
2600 4485 2726 4536 ποσὶ
2769 4483 2880 4545 τοῖς
2927 4480 3022 4544 τὰς
3068 4479 3230 4550 ὄχθας
3270 4476 3472 4530 τούτων
3491 4490 3594 4546 μετ-

2044 4581 2184 4632 ιοῦσι
2223 4577 2330 4630 τῶν
2356 4578 2559 4641 τόπων,
2592 4577 2657 4629 ἐκ
2685 4574 2779 4631 τοῦ
2837 4575 3112 4645 ἀναμέσον
3138 4570 3248 4623 τῶν
3280 4569 3472 4640 ἰχθύων
3495 4564 3593 4620 τινὰ

2045 4670 2227 4722 ίοϐόλα
2259 4664 2428 4730 εἶναι,
2461 4667 2727 4739 τρυγόνας
2758 4665 2816 4719 δέ
2850 4681 2992 4736 φημι
3025 4661 3116 4715 καὶ
3152 4658 3451 4731 δρακαίνας
3481 4655 3591 4724 (57),

2045 4763 2139 4816 καὶ
2166 4762 2499 4832 καρχαρίας,
2537 4761 2632 4813 καὶ
2668 4757 2992 4828 σμυραίνας,
3025 4754 3100 4816 ὼς
3132 4752 3232 4822 ἤδη
3266 4750 3591 4822 προείρηται,

2050 4854 2253 4926 βλάϐην
2311 4855 2526 4923 ἐμποιεῖ
2557 4868 2572 4916 ;
2609 4847 3020 4919 Παρελεύσομαι
3080 4844 3259 4898 τοίνυν
3311 4843 3404 4896 τὸν
3459 4841 3593 4893 τόπον

2049 4945 2227 5012 αὖθις,
2255 4944 2374 5016 Θεῷ
2404 4941 2776 5015 εὐχαριστῶν,
2814 4941 2895 4994 ὅτι
2921 4939 3015 4993 καὶ
3045 4934 3251 5007 ταύτην
3287 4935 3388 5006 τὴν
3417 4933 3592 5002 αἵρεσιν

2055 5267 2353 5317 venenatos
2386 5257 2566 5329 pisces
2601 5259 3011 5315 commemorat,
3039 5250 3280 5329 gobium,
3311 5247 3588 5329 draconem:

2057 5309 2713 5398 liirtrvr-r'dinetnﬂ,‘quorum
2791 5309 3161 5398 tanieri_'\"ir'us
3210 5309 3428 5398 minimc
3465 5309 3591 5398 ξειξξς

2631 5377 3132 5470 ρι’τθεοιιιίεείιηιιιυ
3175 5405 3298 5444 esse
3335 5377 3591 5470 docendi?

2058 5462 2317 5527 muramis
2348 5470 2488 5524 Plin.
2540 5462 2843 5523 libfxuu,
2881 5479 3001 5531 cap.
3033 5464 3088 5529 4,
3136 5473 3386 5515 muraenae
3418 5462 3590 5509 mersas

2059 5546 2295 5614 ipsarum
2331 5543 2518 5610 capitis
2552 5541 2722 5594 cinere
2751 5542 3027 5591 sanantur.
