3760 6176
80 279 183 335 473

834 277 1207 335 ADVERSUS
1244 270 1591 331 HA‘LRESES
1626 265 1760 327 LIB.
1797 268 1838 326 1.
1883 270 2048 329 TOM.
2086 273 2151 329 ll.
2177 306 2245 316 —
2279 275 2555 335 I'lAillES.
2591 279 2781 335 XXXI.
3251 278 3361 338 4"?!»

80 398 154 459 εἰς
182 394 429 450 τούπίσω
456 395 783 470 ὲτρέψαμεν,
802 399 875 455 ,οῦ
902 400 1217 472 παρέργως,
1262 398 1397 453 ἀλλὰ
1427 398 1519 453 καὶ
1543 401 1610 451 ὲπ

1850 414 1938 452 am
1975 414 2084 453 non
2117 398 2293 455 obiter
2321 400 2521 466 solum,
2554 402 2649 456 sed
2681 418 2894 458 summa
2923 420 3047 458 curn
3078 403 3359 475 diligentia

82 485 257 556 μελῶς
299 488 638 556 ὲλέγξαντες.
682 490 801 543 Ἐπ’
846 491 1009 555 ἄλλας
1050 492 1106 544 δὲ
1154 491 1391 563 καθεξῆς
1447 492 1672 553 ἑαυτοὺς

79 577 371 647 ἐπιδῶμεν,
390 581 683 653 ἀγαπητοὶ,
706 583 836 636 Θεὸν
856 583 1169 653 αἰτούμενοι
1187 582 1400 653 βοηθὸν,
1413 584 1559 647 ὅπως
1572 582 1679 650 τῆς

80 668 414 738 ἐπαγγελίας
440 672 503 725 τό
520 672 793 744 πλήρωμα
817 674 977 738 αὐτὸς
1011 674 1079 727 δι’
1109 676 1141 744 ἡ
1150 674 1263 745 μῶν
1283 673 1566 747 τελειώσῃ.

82 808 266 860 ΚΑΤΑ
282 808 775 861 ΟΥΑΑΕΝΤΙΝΩΝ
795 810 928 877 (58),
944 810 1084 862 ΤΩΝ
1118 812 1238 863 ΚΑΙ
1259 810 1669 875 ΓΝΩΣΤΙΚΩΝ,

569 924 899 993 Τριακοστὴ
928 925 1150 995 πρώτη.

145 1038 225 1090 Α’.
270 1038 429 1091 Μετὰ
460 1038 684 1103 τούτους
713 1041 841 1103 τοὺς
870 1039 1245 1104 Ἐϐιωναίους,
1280 1041 1669 1111 καλουμένους,

80 1123 149 1181 ὧν
185 1129 286 1201 τὴν
337 1130 634 1202 μοχθηρίαν
679 1130 1072 1198 διοδεύσαντες,
1118 1132 1577 1202 ἐπαγγειλάμενοι
1612 1149 1672 1185 τε

79 1221 211 1274 Θεοῦ
251 1222 481 1291 δυνάμει
516 1221 616 1285 τὰς
649 1221 778 1292 ἑξῆς
819 1222 1022 1293 ἐτέρων
1070 1223 1253 1294 θηρῶν
1307 1224 1540 1295 μορφὰς,
1581 1225 1673 1277 καὶ

83 1316 190 1377 ἰοὺς
214 1314 484 1385 ἑρπετῶν,
512 1315 766 1384 δήγματα
788 1330 847 1367 τε
878 1316 972 1368 καὶ
997 1315 1299 1386 δηλητήρια
1325 1316 1572 1386 ἐχούσας,
1598 1316 1673 1379 ὼς

80 1411 135 1461 ὲν
162 1410 285 1471 ταῖς
321 1408 499 1462 αὐτῶν
540 1408 908 1471 διδασκαλίαις
930 1448 944 1472 ,
986 1409 1061 1472 ὡς
1099 1408 1205 1461 ἀπὸ
1234 1410 1514 1480 χάσματος
1546 1411 1673 1464 ἰδεῖν

84 1502 291 1562 ἔνεστι,
332 1500 598 1570 πυρϐὁλου
643 1500 675 1570 ἦ
726 1499 959 1571 ἑρπετοῦ
999 1498 1172 1552 δεινοῦ
1206 1502 1299 1553 καὶ
1355 1500 1669 1571 βασιλίσκου

83 1595 475 1665 κεκυημένας,
542 1594 633 1645 ἐπὶ
695 1593 792 1664 τὴν
857 1593 964 1646 τῶν
1030 1594 1397 1646 Οὑαλεντίνων
1461 1595 1671 1664 αἵρεσιν

83 1688 337 1757 διέξειμι,
386 1688 477 1739 τὶν
522 1687 739 1758 ἔλεγχον
784 1687 962 1739 αὐτῶν
1017 1688 1161 1742 κατὰ
1205 1688 1433 1759 δύναμιν
1483 1690 1670 1743 ποιού-

85 1797 279 1848 μενος,
331 1778 439 1832 τῶν
487 1778 550 1849 δὴ
605 1780 698 1832 καὶ
745 1778 1064 1832 Γνωστικῶν
1116 1781 1327 1843 ἑαυτοῖς
1380 1780 1670 1835 ὲπιθέντων

78 1870 279 1938 ὄνομα,
315 1863 390 1921 ὧν
414 1868 668 1939 διατοραὶ
698 1868 795 1940 μέν
826 1870 931 1922 εἱσι
971 1869 1103 1922 δέκα
1138 1870 1194 1923 ἐν
1230 1872 1325 1941 μιᾷ
1361 1871 1540 1941 πληγῇ
1572 1872 1671 1941 τῆς

79 1961 257 2015 αὐτῶν
301 1962 673 2032 ὀνειροπολίας
716 1961 987 2029 συζυγιῶν
1029 1980 1087 2014 τε
1127 1963 1219 2016 καὶ
1259 1963 1546 2031 ὀγδοάδων,
1580 1966 1672 2018 καὶ

77 2053 513 2123 ἀρῥενοθηλειῶν
545 2054 780 2106 αἰωνίων
821 2055 834 2084 ¹
871 2054 1213 2123 ἁλληνάλλως
1248 2058 1551 2127 ἰσορρόπως
1580 2075 1671 2110 πε-

79 2144 432 2215 πληγμὲνωΨ
456 2144 637 2196 οὐκέτι
666 2145 762 2214 μὲν
785 2146 925 2198 κατὰ
943 2145 1166 2216 χρόνους
1188 2147 1398 2200 τάττων
1418 2148 1671 2219 διαδοχῆς

76 2238 169 2306 τὴν
204 2237 483 2301 σύνταξιν,
520 2236 653 2289 ἀλλὰ
692 2236 835 2290 κατὰ
880 2238 1179 2307 πρόσϐασιν
1221 2242 1313 2308 ἀφ’
1367 2240 1557 2312 ἐτέρας
1592 2245 1671 2305 εἰς

77 2330 269 2398 ἑτέραν
297 2328 663 2400 διερχόμενος.
700 2327 789 2380 Ἔν
830 2330 910 2381 ὲνὶ
943 2329 1052 2401 γὰρ
1086 2331 1262 2401 χρόνῳ
1298 2326 1438 2385 οῦτοι
1470 2334 1670 2397 πάντες

74 2422 145 2483 ὡς
178 2419 429 2490 μύκητες
461 2421 524 2471 ὲκ
550 2420 652 2488 γῆς
678 2419 1088 2490 ἁνεὸλάστησαν
1111 2463 1122 2483 ,
1163 2424 1256 2475 καὶ
1284 2422 1472 2495 ὥσπερ
1500 2427 1669 2477 κακό-

77 2529 246 2582 ρεκτα
280 2513 379 2563 καὶ
408 2511 617 2582 δυσώδη
660 2511 897 2582 βοτανῶν
929 2511 1283 2583 βλαστήματα
1306 2556 1319 2580 ,
1353 2517 1447 2569 καὶ
1478 2518 1669 2587 χόρτος

73 2602 421 2673 ἀκανθώδης,
447 2604 540 2656 καὶ
571 2605 645 2667 ὡς
674 2604 877 2672 φωλεὸς
902 2604 1441 2677 πολλῶν¹σκορπίων,
1466 2608 1524 2672 ἐξ
1554 2610 1671 2673 ἑνὸς

75 2694 278 2756 πάντες
298 2694 494 2764 καιροῦ
518 2694 595 2764 τῷ
627 2695 726 2765 βίῳ
756 2695 1097 2766 ὲῦλάστησαν
1131 2698 1244 2758 καὶ,
1275 2698 1350 2761 ὡς
1386 2703 1667 2769 προεῖπον,

71 2788 226 2857 δίκην
249 2789 512 2857 μυκήτων
538 2790 600 2858 τῇ
629 2788 879 2860 ἀμορφία
900 2790 1004 2842 ὑπὸ
1031 2790 1160 2861 μίαν
1181 2790 1317 2854 θίξιν
1342 2794 1667 2863 πεφήνασιν,

74 2880 146 2941 ὡς
199 2882 300 2932 καὶ
358 2880 435 2950 τῷ
484 2881 769 2951 ἁγιωτάτῳ
822 2883 1095 2953 Εἰρηναίῳ
1149 2884 1250 2954 ἤδη
1310 2886 1434 2955 περὶ
1492 2886 1670 2939 αὐτῶν

74 2973 423 3043 προείρηται.
465 2974 757 3043 Σύγχρονοι
791 2976 896 3045 γὰρ
930 2976 1216 3043 γεγόνασιν
1263 2972 1406 3029 οῦτοι
1448 2979 1667 3040 πάντες

1778 492 2095 547 refellimus.
2118 492 2274 548 Nune
2303 494 2370 547 ad
2393 494 2529 550 alias
2556 503 2923 560 transeamus,
2946 495 3154 557 dilecti,
3179 511 3242 551 ac
3263 496 3358 550 Dei

1777 587 2093 657 praesidium
2127 588 2506 657 imploremus,
2539 597 2596 642 ut
2618 589 2762 658 quod
2796 589 2898 643 hoc
2927 605 3091 660 opere
3109 591 3357 659 suscepi-

1776 694 1897 734 mus
1914 681 2187 734 cumulate
2214 695 2309 749 per
2329 696 2429 736 nos
2460 680 2526 735 ad
2555 684 2757 735 exitum
2776 682 3046 749 ﬁnemque
3073 682 3354 751 perducat.

1858 816 2140 872 CONTRA
2177 817 2630 884 VALENTINOS,
2674 819 2828 873 SIVE
2867 818 3270 883 GNOSTICUS,

2205 934 2338 1000 Qua:
2365 944 2442 988 est
2475 933 2687 988 haeresis
2713 932 2929 989 XXXI.
3027 939 3033 945 ’

1849 1047 2005 1119 163
2024 1046 2061 1104 l.
2080 1045 2440 1116 Posteaquam
2457 1044 2829 1105 Ebionitarum
2848 1044 3141 1115 nequitiam
3157 1044 3359 1116 impro-

1777 1141 2111 1210 hitatemque
2136 1138 2527 1210 percurrimus,
2553 1155 2675 1192 cum
2698 1146 2925 1194 caeteras
2963 1138 3195 1191 aliorum
3235 1152 3355 1194 ser-

1776 1236 2018 1305 pentium
2054 1233 2280 1297 formas,
2314 1248 2378 1287 ac
2416 1248 2627 1287 venena
2661 1232 2958 1285 tradituros
2996 1245 3097 1284 nos
3126 1244 3247 1283 esse
3276 1229 3356 1284 si-

1777 1343 1897 1380 mus
1926 1325 2185 1395 polliciti,
2223 1339 2457 1395 quorum
2494 1332 2547 1379 et
2576 1324 2822 1378 exitiales
2854 1329 2981 1377 sunt
3011 1337 3226 1377 morsus
3247 1361 3260 1383 ,
3296 1328 3356 1374 ut

1773 1435 1838 1473 ex
1870 1418 2084 1472 illorum
2116 1416 2464 1486 dogmatibus
2491 1417 2638 1470 velut
2667 1417 2807 1469 rictu
2828 1413 3063 1486 quodam
3095 1429 3355 1484 apparere

1774 1519 1974 1581 potest,
2008 1518 2061 1565 et
2092 1510 2243 1579 igniti
2274 1509 2583 1580 cujusdam,
2615 1509 2987 1579 teterrimique
3017 1507 3210 1578 anguis
3262 1516 3357 1561 aut

1775 1604 2017 1658 basilisci
2054 1604 2225 1658 instar
2262 1601 2393 1655 editi
2433 1611 2583 1665 sunt,
2623 1601 2690 1654 ad
2727 1599 3137 1654 Valentinorum
3173 1599 3266 1669 qui
3298 1614 3357 1653 se

1775 1696 2067 1751 Gnosticos
2097 1696 2402 1766 appellant,
2437 1693 2776 1749 refutandam
2817 1693 3066 1747 haeresim
3098 1708 3183 1746 me
3221 1706 3357 1745 con-

1706 1768 1747 1823 B
1776 1790 1968 1855 feram,
2003 1789 2148 1859 quod
2186 1789 2405 1858 quidem
2452 1803 2547 1856 pro
2596 1787 2740 1841 virili
2781 1793 2933 1855 parte
2973 1786 3217 1839 conabor
3253 1784 3357 1839 clli-

1774 1898 1918 1936 cere.
1952 1879 2154 1934 [lorum
2197 1879 2379 1947 itaque
2421 1878 2607 1931 decem
2658 1877 2883 1930 omnino
2926 1877 3158 1930 divortia
3206 1884 3355 1930 sunt.

1777 1972 1881 2026 Sed
1913 1986 2105 2025 omnes
2141 1979 2323 2023 tamen
2356 1983 2465 2021 uno
2506 1966 2650 2021 velut
2685 1967 2794 2021 ictu
2831 1967 3127 2037 proﬂigatis
3170 1969 3359 2021 nescio

1773 2064 1973 2134 quibus
2003 2062 2238 2133 parium,
2270 2068 2323 2115 ct
2363 2059 2693 2129 ogdoadum,
2728 2069 2890 2128 atque
2918 2061 3148 2112 marium
3179 2069 3231 2113 et
3287 2059 3360 2113 fe-

1772 2160 2045 2212 minarum
2070 2173 2282 2211 teonttm
2315 2165 2518 2213 temere
2542 2158 2794 2210 conlictis
2817 2158 3050 2211 somniis
3076 2156 3360 2225 aequaliter

1776 2252 2064 2307 feriuntur.
2100 2250 2284 2320 Neque
2322 2266 2449 2305 vero
2484 2252 2536 2303 in
2573 2252 2787 2304 illorum
2822 2248 3174 2303 confutaudis
3204 2264 3359 2304 erro—

1774 2346 1928 2400 ribus
1972 2356 2276 2413 temporum
2321 2351 2403 2397 cst
2449 2326 2735 2395 rdtineuda
2778 2342 3093 2405 successio;
3151 2339 3248 2395 sed
3290 2340 3359 2393 ab

1775 2454 1882 2493 una
1913 2436 2164 2506 progredi
2192 2435 2258 2489 ad
2292 2436 2519 2488 alteram
2549 2433 2780 2488 haeresiu
2813 2448 3039 2488 necesse
3066 2441 3150 2488 est
3176 2450 3190 2499 ;
3222 2448 3360 2501 quo-

1774 2531 1919 2584 niam
1951 2530 2141 2582 eodem
2166 2544 2195 2582 e
2223 2535 2366 2581 terra
2398 2539 2640 2596 tempore
2661 2541 2852 2581 omnes
2872 2526 3159 2596 langorum
3186 2527 3360 2579 instar

1772 2631 2091 2693 eruperunt.
2134 2622 2309 2692 Atque
2340 2630 2400 2674 ut
2430 2621 2593 2674 noxia
2628 2619 2926 2688 l'oetidaque
2955 2618 3202 2689 quazdam
3237 2620 3362 2673 her-

1742 2717 1963 2769 Ibarum
1994 2714 2261 2783 germina.
2297 2712 2377 2766 vel
2410 2712 2590 2765 dumis
2618 2726 2681 2764 ac
2705 2711 2953 2765 sentibus
2975 2709 3211 2764 obsitum
3236 2725 3363 2779 gra-

1774 2820 1919 2867 men,
1952 2805 2035 2859 vel
2065 2805 2299 2872 denique
2331 2803 2407 2855 uti
2438 2801 2623 2871 plures
2650 2816 2715 2855 ex
2742 2802 2933 2854 eodem
2967 2814 3101 2854 cavo
3130 2798 3354 2869 scorpii,

1776 2900 1848 2953 ita
1872 2900 1949 2952 illi
1975 2914 2165 2953 omnes
2192 2898 2381 2951 eodem
2407 2907 2649 2966 tempore
2675 2896 2727 2948 iu
2760 2896 2897 2949 hanc
2928 2894 3093 2948 vitam
3119 2894 3360 2948 ellloruc-

1774 3001 1939 3058 ruat;
1994 3007 2079 3051 ac,
2126 2992 2269 3060 quod
2317 2992 2479 3059 paulo
2529 2999 2652 3042 ante
2695 2989 2903 3042 dictum
2941 2995 3045 3048 est.
3097 2993 3358 3056 tanquam

73 3067 306 3128 ἕκαστος
362 3066 417 3118 δὲ
467 3066 573 3118 ἀπὸ
625 3066 717 3119 τοῦ
776 3068 962 3139 ἑτέρου
1016 3069 1113 3141 τὴν
1166 3070 1340 3139 κακὴν
1398 3072 1612 3142 πρόφασ

1849 3086 1926 3155 :tgi
1980 3084 2242 3137 inusitata
2289 3080 2524 3150 quadam
2563 3077 2810 3135 fmditate
2849 3076 3039 3133 eodem
3084 3085 3361 3130 momento

73 3159 499 3229 ἑρανισάμενοι,
559 3160 716 3223 ἄλλος
770 3162 877 3214 ἀπὸ
938 3161 1096 3216 ἄλλου
1149 3163 1227 3216 ἔτι
1288 3167 1671 3235 περισσότερον

74 3254 377 3318 ἐπιδειξὶας
404 3252 725 3323 βουλόμενος
758 3255 939 3326 χάριν,
975 3255 1153 3326 ἑαυτῷ
1187 3258 1539 3327 προετύπωσε
1561 3260 1674 3313 δια-

73 3347 248 3418 φορὰν
303 3346 485 3415 κακῆς
535 3347 886 3417 ὲξευρέσεως.
925 3350 1035 3401 Καὶ
1088 3350 1287 3413 πάντες
1333 3350 1672 3417 Γνωστικοὺς

72 3441 304 3503 ἑαυτοὺς
362 3440 674 3508 ὠνόμασαν.
732 3440 1082 3505 Οὐαλεντῖνός
1113 3460 1204 3507 τε,
1260 3445 1437 3514 φημὶ,
1487 3446 1580 3509 καὶ
1622 3448 1671 3499 οἱ

71 3532 175 3602 πρὸ
212 3530 387 3585 αὑτοῦ
425 3533 739 3586 Γνωστικοί·
780 3533 914 3588 ἀλλὰ
958 3536 1049 3587 καὶ
1084 3535 1420 3607 Βασιλείδης,
1446 3540 1537 3591 καί
1567 3540 1672 3591 Σα-

70 3627 342 3696 τορνῖλος,
400 3630 495 3679 καὶ
542 3626 904 3696 Κολορϐασδς,
956 3627 1290 3696 Πτολεμαῖός
1333 3648 1390 3682 τε
1439 3633 1530 3683 καὶ
1571 3633 1668 3685 Σε-

71 3718 318 3781 κοῦνδος.
376 3721 735 3789 Καρποκρᾶς,
772 3720 866 3771 καὶ
911 3718 1059 3772 ἄλλοι
1090 3720 1324 3786 πλείους.
1376 3723 1534 3776 Ἀλλὰ
1572 3725 1670 3787 τὰς

70 3815 251 3875 πάσας
302 3811 540 3865 ἐνταῦθα
579 3812 946 3881 ὀνομάσαντες
991 3812 1077 3866 διὰ
1119 3812 1218 3883 τὴν
1261 3814 1319 3868 ἐν
1369 3817 1447 3867 ἐνί
1495 3817 1669 3889 καιρῷ

70 3906 336 3977 σύσχεσιν
375 3904 593 3957 πάντων
632 3905 731 3975 τῆς
779 3904 1106 3971 ἀναδύσεως,
1150 3906 1245 3961 καὶ
1295 3908 1667 3963 κακοϐλάστου

66 3998 199 4065 ὁμοῦ
251 3997 363 4066 τὴν
398 3997 629 4049 ἑκάστου
666 3998 873 4067 σπορᾶς
911 3997 1199 4051 κακονοίαν
1245 3999 1352 4054 ἰδία
1387 4001 1667 4073 ἀφηγησά-

69 4086 227 4156 μεθα.
265 4084 427 4147 Τέως
463 4084 519 4136 δὲ
548 4086 639 4137 ἐπὶ
673 4085 763 4138 τὸν
795 4087 1154 4157 προκείμενον
1182 4090 1667 4162 αἱρεσιάρχην.κα“ι

66 4178 481 4247 τραγῳδοποιὸν
524 4177 874 4248 ἐλευσόμεθαο
912 4180 1055 4250 φημὶ
1086 4180 1143 4233 δὲ
1174 4183 1545 4249 Οὐαλεντῖνον,
1574 4189 1667 4240 καὶ

66 4274 158 4339 τὴν
186 4269 365 4323 αὑτοῦ
399 4270 770 4331 διδασκαλίαν.
794 4270 893 4341 τὴν
920 4272 1029 4325 ἀπὸ
1059 4273 1157 4343 τῆς
1188 4275 1428 4347 μεγάλης
1464 4279 1665 4350 ταύτης

64 4364 99 4413 Γ
103 4362 388 4433 νωστικὴν
424 4362 758 4431 ἐπαγγελίας
792 4364 1173 4434 ὑπάρχουσαν,
1211 4374 1665 4443 καταγνωστικῆς

1776 3177 2017 3231 universi
2056 3181 2456 3247 proruperunt,
2493 3171 2952 3242 quemadmodum
2990 3168 3056 3222 de
3092 3169 3198 3222 illis
3232 3169 3360 3220 olim

1775 3270 2012 3325 lrenmus
2032 3271 2288 3339 praeclara
2316 3267 2394 3319 vir
2416 3265 2711 3319 sanctitate
2738 3261 3132 3333 pronuntiavit.
3161 3259 3365 3329 {Equa-

1774 3365 1851 3418 lcs
1904 3364 2049 3418 enim
2105 3362 2181 3415 illi
2233 3360 2426 3414 omnes
2470 3359 2819 3415 exstiterunt,
2876 3356 2976 3418 sic,
3022 3363 3080 3407 ut
3132 3353 3365 3422 quilibet

1773 3456 2066 3526 pessimam
2090 3456 2158 3508 ab
2186 3454 2358 3508 altero
2387 3452 2730 3522 disciplinam
2757 3465 2821 3505 ac
2850 3450 3050 3519 dogma
3082 3457 3365 3502 mutuatus

1774 3550 1967 3613 fuerit;
2004 3547 2164 3614 alius,
2198 3548 2441 3616 inquam,
2479 3546 2628 3600 velut
2661 3552 2889 3598 exortus
2922 3543 2991 3597 ab
3022 3541 3215 3602 altero,
3253 3554 3366 3607 qun

1773 3657 1832 3695 se
1862 3641 2098 3711 amplius
2128 3646 2463 3703 ostentaret,
2497 3636 2879 3692 scclestissimi
2917 3633 3211 3689 commenti
3250 3632 3363 3686 dis-

1773 3743 2089 3804 crepantem
2132 3732 2423 3804 quamdant
2467 3730 2699 3784 formam
2747 3744 2811 3782 ac
2850 3711 3119 3781 rationem
3149 3724 3365 3793 excogi-

1771 3823 1918 3877 tarit.
1947 3820 2048 3888 Qui
2075 3838 2133 3876 se
2161 3838 2353 3877 omnes
2375 3819 2667 3874 Gnosticos
2692 3816 2969 3872 couununi
3000 3814 3366 3884 appellatione

1770 3914 1878 3968 dici
1926 3914 2237 3967 voluerunt.
2278 3910 2601 3979 Cujusmodi
2644 3908 2968 3962 Valentinus
3011 3906 3135 3967 fuit,
3173 3912 3226 3959 et
3266 3910 3367 3974 qui

1771 4006 1923 4060 illum
1960 4003 2204 4059 Gnostici
2238 4007 2660 4072 praecesserunt.
2697 3999 2937 4068 Itemque
2969 3996 3234 4051 Basilides
3256 4035 3270 4059 ,
3300 4010 3365 4049 ac

1772 4100 2110 4163 Saturnilus,
2135 4108 2189 4155 et
2228 4097 2585 4162 Colorbasus,
2617 4112 2680 4151 ac
2706 4095 3031 4150 Ptolemaeus
3084 4100 3137 4148 et
3157 4092 3366 4147 Secun-

1770 4192 1896 4254 dus,
1925 4189 2309 4261 Carpocrates,
2344 4189 2547 4259 aliique
2576 4189 2909 4258 complures.
2944 4186 3157 4253 Quibus
3186 4184 3367 4239 omni-

1769 4285 1872 4340 bus
1915 4283 2101 4348 sectis,
2149 4282 2295 4353 quod
2340 4280 2531 4336 eodem
2578 4281 2832 4351 prodiere
2885 4288 3150 4349 tempore,
3195 4278 3363 4333 simul

1773 4378 2085 4442 recensitis,
2116 4392 2265 4432 nunc
2287 4374 2556 4445 cujusque
2574 4378 2723 4429 velut
2754 4382 2908 4429 satus
2940 4373 3113 4428 labem
3147 4388 3210 4426 ac
3239 4386 3370 4442 per-

63 4452 114 4504 δὲ
139 4453 427 4524 ληρωδίας
448 4494 462 4515 ,
496 4452 572 4514 ὡς
608 4456 719 4516 τοῖς
752 4458 990 4518 συνετοῖς
1030 4461 1547 4532 καταγινωσκομένη
1579 4480 1612 4516 επ

1849 4470 1975 4525 :iem
2022 4469 2336 4540 singillatim
2376 4483 2661 4538 exponam.
2715 4467 2820 4521 Sed
2868 4466 3045 4535 ipsum
3096 4465 3149 4518 in
3172 4462 3372 4534 primis

66 4546 319 4614 ρίσκεται
351 4546 451 4598 καὶ
478 4544 901 4613 καταγέλαστος.

1776 4563 2048 4618 hmreseos
2086 4570 2249 4630 caput
2285 4575 2349 4614 ac
2389 4558 2672 4629 tragmdiae
2715 4565 2992 4612 auctorem
3036 4554 3361 4626 aggrediar:

63 4635 427 4691 Valentinum
487 4638 763 4707 illlelligO,
835 4637 1320 4716 Vulentiuianaque
1374 4647 1658 4721 dogmata,
1699 4674 1822 4729 quae
1853 4658 1923 4713 ab
1955 4659 2201 4727 speciosa
2235 4657 2323 4711 illa
2389 4641 2775 4711 Gnosticorum
2826 4652 3168 4725 professione
3209 4649 3374 4722 165

61 4730 420 4797 prodierunt,
458 4745 596 4799 quas
635 4733 1037 4802 catagnosticas
1080 4739 1263 4806 potius
1317 4757 1515 4813 nugas,
1564 4749 1612 4803 lu

1858 4760 2125 4814 amnatas,
2171 4752 2447 4820 appellare
2484 4750 2643 4812 licet,
2699 4749 2776 4802 uti
2829 4746 3036 4818 pridem
3090 4746 3371 4816 sapientes

61 4836 152 4875 eas
182 4822 660 4885 condemnarunt,
690 4839 753 4878 ac
790 4825 1024 4891 ludibrio
1058 4828 1253 4899 dignas
1283 4832 1611 4895 habuerunt.

126 4912 202 4968 B’,
247 4913 617 4976 Οῦαλεντῖνος
652 4914 751 4984 μὲν
794 4910 887 4967 οὖν
949 4911 1100 4982 οὗτος
1160 4921 1335 4994 χρδνῳ
1367 4925 1667 5000 διαδέχεται

59 5005 182 5068 τοῦς
219 5005 340 5077 πρὸ
374 5003 547 5057 αὐτοῦ
588 5009 1085 5079 προτεταγμένους,
1126 5012 1445 5088 Βασιλείδην
1480 5039 1538 5074 τε
1575 5024 1670 5077 καὶ

59 5099 415 5170 Σατορνῖλον,
452 5096 688 5153 Ἐϐίωνά
720 5117 778 5152 τε
811 5102 903 5154 καὶ⁸
940 5104 1211 5175 Κήρινθον
1241 5108 1335 5159 καὶ
1365 5110 1665 5181 Μήρινθον,

59 5190 300 5253 καὶτοὺς
330 5189 477 5258 ἀμφ’
506 5189 721 5254 αὐτούς.
753 5185 913 5245 Οὗτοι
941 5193 1048 5266 γὰρ
1075 5198 1274 5260 πάντες
1296 5198 1353 5251 ὲν
1382 5200 1463 5252 ἐνὶ⁹
1491 5204 1671 5275 καιρῷ

60 5279 126 5348 τῷ
157 5279 263 5350 βίῳ
299 5279 501 5343 κακῶς
516 5282 785 5351 ἐφύησαν,
818 5284 982 5356 ὀλίγῳ
1010 5287 1066 5340 δὲ
1101 5289 1335 5359 πρόσθεν
1374 5292 1573 5361 μᾶλλον
1618 5298 1669 5349 οἱ

57 5373 181 5441 περὶ
217 5371 511 5442 Κήρινθον
544 5374 638 5426 καὶ
664 5376 940 5444 Μήρινθον
966 5379 1059 5431 καὶ
1089 5378 1337 5437 Ἐδίωνα.
1376 5383 1529 5455 ’Ἅμα
1560 5384 1668 5455 γὰρ

62 5469 160 5530 τοῖς
213 5467 328 5538 ἤδη
383 5482 475 5536 μοι
519 5467 625 5539 πρὸ
670 5470 848 5524 αὐτῶν
895 5472 1284 5544 δεδηλωμένοις
1328 5475 1665 5549 ἀνεφύησαν.

127 5569 142 5593 ι
180 5563 321 5618 For.
359 5563 598 5619 αἰώνων.

1840 4930 1904 4984 ll.
1959 4930 2130 5001 Igitur
2180 4928 2505 4984 Valentinus
2559 4928 2664 4982 istc
2710 4926 2989 4997 prioribus
3039 4926 3149 4981 illis
3198 4943 3228 4981 a
3282 4944 3371 4984 me

1769 5032 1927 5077 antea
1955 5020 2409 5076 commemoratis
2438 5030 2679 5089 tempore
2700 5028 2779 5075 est
2804 5019 3097 5089 posterior,
3131 5018 3368 5075 Basilide

1767 5116 2047 5178 nimirum,
2082 5130 2147 5169 ac
2183 5112 2488 5177 Saturnilo,
2521 5112 2752 5179 Ebioue,
2778 5112 3042 5167 Cerintho
3070 5127 3134 5167 ac
3164 5111 3368 5166 Meriti-

1770 5205 1886 5271 tho,
1912 5220 2217 5275 eorumque
2243 5204 2434 5259 sociis.
2466 5203 2749 5274 Siquidem
2775 5220 2967 5259 omnes
2990 5220 3100 5259 uno
3122 5213 3367 5273 tempore

1777 5298 1842 5353 ad
1877 5298 2101 5351 humani
2136 5298 2354 5368 generis
2380 5298 2608 5351 exitium
2633 5298 2840 5367 profusi
2869 5305 3025 5361 sunt;
3051 5311 3365 5366 quanquam

1777 5388 2073 5444 Cerinthus
2128 5404 2192 5444 ac
2251 5388 2554 5444 Meriathus
2595 5399 2649 5444 et
2691 5388 2863 5444 Ebion
2900 5391 3178 5460 paululum
3215 5396 3351 5441 ante-

1775 5482 1949 5553 gressi
1982 5490 2147 5549 sunt;
2190 5500 2253 5539 ac
2291 5497 2416 5537 cum
2454 5482 2699 5554 iis,quos
2737 5489 2865 5537 ante
2899 5481 3022 5537 illos
3056 5479 3363 5550 percensui,

123 5656 241 5744 ᾖδε)
271 5658 752 5744 -ρραῖετξζίνωςνι
938 5660 1440 5744 νέιῐριιιὶιιίίιηοειιπι
1496 5669 1659 5744 nugis
1701 5678 1897 5741 prmtcr
1927 5671 2212 5740 lrcnteum,
2253 5672 2501 5744 aliosque
2530 5680 2763 5737 veteres,
2830 5686 2897 5725 ex
2960 5664 3365 5725 recentioribus

61 5726 498 5803 diligentissime
527 5726 826 5800 disputavit
858 5729 1197 5791 Pantmelius
1232 5736 1300 5791 ad
1326 5736 1550 5793 Tertull.
