3814 6280
375 5325 378 5328 .
464 5290 614 5328 mum
659 5283 754 5330 aut

497 244 607 308 873

1908 272 1967 329 S.
2005 271 2350 332 EPIPHANII
2555 273 2563 280 ’
3715 270 3794 328 Hi

499 364 721 435 prodire
751 380 1056 441 cmperunt.
1093 374 1364 437 Valentini
1398 398 1563 454 porro
1597 388 1829 458 patriam
1861 405 1926 447 ac
1955 393 2059 448 stir

2162 393 2300 466 _T-ijv
2335 391 2434 464 μὲν
2466 387 2559 445 οῦν
2591 388 2756 444 αὐτοῦ
2791 390 3059 463 πατρίδα,
3093 389 3126 464 ἢ
3161 389 3325 445 πόθεν
3359 404 3524 452 ουτος
3574 388 3794 460 γεγένη

501 473 624 527 pem
679 461 924 533 plerique
973 471 1247 527 nesciunt.
1301 474 1418 531 Non
1468 479 1611 534 enim
1658 480 1840 536 locum
1881 485 2083 554 ipsum.

503 549 646 606 unde
692 553 961 611 oriundus
1002 571 1170 626 esset,
1219 567 1550 636 scriptorum
1602 572 1746 628 ullus
1793 576 2082 644 expressit.

500 637 702 696 Verum
732 644 800 699 ad
839 661 941 702 nos
967 649 1244 710 auditione
1270 657 1385 711 sola
1415 661 1660 728 quaedam
1683 661 1804 732 ejus
1837 665 1912 720 rei
1943 665 2082 720 fama

499 735 781 802 pervenit;
808 753 970 808 quam
1002 744 1220 811 quidem
1251 751 1706 818 praetereundam,
1741 755 2085 828 patriamque

497 825 724 880 omnino
763 829 1214 890 dissimulandam
1259 855 1368 895 non
1409 842 1680 912 arbitror;
1732 847 1949 902 tametsi
1992 865 2085 904 ve-

497 914 635 971 ritas
660 918 714 971 in
742 922 995 994 ambiguo
1015 930 1189 996 posita
1219 931 1452 988 videtur.
1482 934 1594 992 Nos
1628 938 1896 1009 quidquid
1925 955 2082 996 acce-

498 1007 678 1076 pimus
708 1026 770 1066 ea
799 1013 866 1070 de
895 1032 973 1083 re,
995 1020 1354 1088 proferemus.
1396 1026 1533 1084 Sunt
1571 1007 1664 1101 qui
1693 1007 2079 1090 Plirebonitcm

498 1096 650 1153 illum
683 1101 886 1160 faciant
912 1124 977 1162 ex
1000 1110 1219 1182 Egypti
1253 1117 1488 1186 quadam
1516 1096 1648 1187 ora;
1679 1123 1821 1179 unde
1847 1125 2082 1180 Alexan-

496 1188 670 1246 driam
697 1197 978 1265 profectus
1005 1202 1097 1266 sit,
1127 1205 1310 1275 ibique
1338 1209 1651 1268 Graacorum
1688 1217 1898 1273 artibus
1926 1219 2082 1274 insti-

496 1292 666 1340 tutus.
719 1287 766 1339 A
805 1290 1003 1358 quibus
1049 1303 1102 1348 et
1151 1295 1421 1355 llesiodia:
1464 1302 1812 1375 Theogonia‘,
1861 1324 1925 1364 ac
1970 1328 2078 1366 xxx

497 1374 713 1430 illorum
746 1379 994 1449 deorum,
1025 1402 1162 1456 quos
1187 1389 1385 1446 ibidem
1413 1394 1502 1450 ille
1528 1401 1821 1465 recensuit,
1855 1416 1919 1455 ac
1945 1418 2079 1471 gen-

494 1467 669 1522 tilium
721 1470 1026 1530 fabularum
1071 1479 1127 1534 in
1173 1481 1355 1540 animo
1402 1502 1502 1542 suo
1547 1493 1854 1562 exemplum
1904 1493 2078 1548 infor-

491 1558 678 1615 mavit.
719 1560 855 1618 Tum
897 1567 966 1621 ab
1006 1569 1093 1637 iis,
1123 1574 1215 1642 qui
1258 1577 1340 1630 vel
1380 1591 1480 1632 suo
1520 1588 1782 1652 tempore,
1828 1585 1914 1647 vel
1953 1596 2078 1642 ante

492 1665 551 1704 se
580 1665 610 1703 a
639 1654 866 1711 veritate
898 1673 1260 1727 recesserant,
1293 1679 1574 1726 mutuatus
1597 1689 1862 1741 errorem,
1887 1678 2074 1734 eadem

2187 503 2298 550 ται,
2326 486 2377 538 οί
2406 484 2590 539 πολλοὶ
2610 477 2913 554 ἀγνοοῦσιν.
2935 485 3010 537 Οὐ
3033 485 3140 555 γάρ
3155 502 3258 537 τινι
3288 483 3397 535 τῶν
3419 481 3794 551 συγγραφέων

2191 575 2496 646 μεμέληται
2534 575 2726 628 τούτου
2753 561 2924 641 δείξαι
2959 574 3052 627 τὸν
3083 575 3266 627 τόπον.
3305 574 3400 636 Εἰς
3436 573 3603 643 ἡμᾶς
3641 571 3704 623 δὲ
3737 571 3794 634 ὡς

2187 667 2444 740 ὲνηχήσει
2465 685 2548 732 τις
2575 667 2798 738 ἐλήλυθε
2821 669 2996 738 φήμη’
3021 665 3103 719 διὸ
3125 665 3183 718 οὐ
3210 662 3694 736 παρελευσόμεθα
3719 660 3794 714 καί

2186 761 2274 812 τὸν
2313 761 2476 814 τόπον
2521 759 2712 813 τούτου
2757 760 2832 831 μὴ
2877 757 3310 822 ὑποδεικνύντες,
3355 758 3414 810 ἐν
3456 755 3794 825 ἀμφιλέκτιςι

2189 850 2286 920 μὲν
2339 851 2439 923 ἤδη
2483 851 2552 904 τὰ
2603 850 2778 923 ἀληθῆ
2814 852 2829 882 ¹
2888 849 3101 920 λέγειν,
3147 850 3297 922 ὅμως
3346 849 3445 919 τὴν
3497 850 3591 910 εἰς
3654 849 3794 917 ἡμᾶς

2184 940 2443 996 ἐλθοῦσαν
2485 943 2647 1010 φάσιν
2681 943 2742 996 οὐ
2792 943 3159 1012 σιωπήσομεν.
3189 941 3439 1008 Ἐφασαν
3472 937 3602 1008 γὰρ
3633 937 3794 991 αὐτόν

2183 1051 2324 1097 τινες
2350 1033 2458 1103 (59)
2476 1034 2800 1105 γεγενῆσθαι
2833 1033 3174 1104 Φρεϐωνίτην
3200 1032 3297 1102 τῆς
3328 1030 3623 1098 Αἰγύπτου
3659 1046 3794 1097 παρ

2182 1122 2436 1194 αλιώτην·
2490 1127 2546 1178 ὲν
2575 1123 2952 1194 Ἀλεξανδρείᾳ
2986 1123 3043 1176 δὲ
3092 1120 3487 1175 πεπαιδεῦσθαι
3543 1119 3657 1190 τὴν
3691 1118 3794 1170 τῶν

2195 1215 2459 1284 Ἑλλήνων
2500 1215 2771 1269 παιδείαν.
2811 1213 2972 1267 Ὅθεν
3012 1212 3105 1266 καὶ
3144 1212 3204 1264 τὸ
3245 1213 3465 1282 μίμημα
3498 1210 3614 1279 τῆς
3651 1211 3794 1262 κατᾶ

2180 1306 2272 1359 τὸν
2317 1307 2556 1360 Ἡσίοδον
2590 1307 2878 1374 Θεογονίας
2910 1305 3018 1357 τῶν
3067 1304 3197 1375 παρ’
3235 1303 3381 1373 αὐτῷ
3417 1303 3497 1373 τῷ
3548 1302 3793 1369 Ἦςιὴ)

2179 1400 2474 1470 τριάκοντα
2499 1397 2637 1451 θεῶν
2668 1397 2998 1467 λεγομένων,
3035 1397 3130 1450 καὶ
3158 1395 3318 1459 αὐτὸς
3346 1395 3442 1465 τὴν
3475 1393 3789 1463 ὲθνόμυθον

2183 1491 2398 1561 ποίησιν
2431 1493 2510 1554 εἰς
2546 1490 2635 1543 τὸν
2666 1489 2858 1543 ἑαυτοῦ
2893 1487 3017 1541 νοῦν
3050 1487 3249 1549 λαϐὼν,
3278 1488 3372 1541 καὶ
3400 1487 3510 1539 ἀπὸ
3536 1486 3659 1539 τῶν
3693 1485 3790 1536 σὺν

2182 1581 2332 1652 αὑτῷ
2368 1581 2463 1635 καὶ
2522 1583 2629 1652 πρὸ
2679 1580 2844 1634 αὐτοῦ
2893 1581 2991 1651 τῆς
3033 1580 3290 1651 ἀληθείας
3333 1580 3786 1633 ἐκπεπτωκότων

2179 1672 2276 1744 τὴν
2327 1673 2580 1726 ὑπόνοιαν
2629 1672 3008 1742 κτησάμενος,
3069 1669 3161 1722 καὶ
3217 1668 3376 1732 αὐτὸς
3423 1669 3493 1721 τὰ
3551 1669 3652 1720 ἴσα
3711 1668 3786 1734 τῷ

490 1757 615 1795 cum
648 1742 904 1816 Hesiodo,
947 1754 1170 1809 mutatis
1202 1758 1464 1814 duntaxat
1501 1765 1836 1831 nominibus,
1859 1770 2061 1841 excogi-

2194 1742 2419 1837 Ἡσιόδῳ
2470 1766 2576 1820 ἀπὸ
2631 1765 2834 1835 ἐτέρων
2902 1763 3181 1833 ὀνομάτων
3240 1764 3318 1825 είς
3373 1761 3545 1832 ἓτερα
3623 1777 3782 1830 μετα-

491 1839 601 1886 tata
634 1835 700 1888 ad
737 1840 1279 1903 circunweniendum
1313 1851 1612 1909 humanum
1645 1874 1815 1926 genus
1848 1859 2071 1917 invexit.

490 1921 701 1978 Etenim
749 1929 879 1983 deos
925 1933 1013 1986 ille
1058 1951 1162 1989 xxx
1203 1947 1256 1991 et
1300 1956 1504 2007 agonas,
1543 1947 1902 2018 cwlestesque
1929 1953 2075 2006 toti—

489 2015 610 2070 dem
661 2019 822 2074 orbes
857 2025 1159 2080 constituit.
1199 2028 1440 2095 Quorum
1486 2036 1695 2104 primus
1728 2015 2069 2114 est—Bythus,

489 2116 549 2159 ut
579 2107 705 2162 huic
737 2111 930 2167 insano
982 2116 1223 2184 videtur;
1261 2126 1718 2192 quemadmodum
1770 2131 1933 2186 etiam
1975 2151 2072 2189 au-

488 2204 608 2250 ctor
635 2200 754 2270 ejus
795 2204 1072 2272 opinionis
1102 2224 1166 2264 ac
1197 2215 1447 2269 conditor
1477 2215 1744 2275 llesiodus
1775 2223 1928 2292 prius
1953 2240 2072 2278 om-

489 2290 654 2346 nibus
679 2292 785 2350 diis
813 2296 994 2353 Chaos
1034 2316 1155 2358 esse
1186 2305 1342 2360 dixit.
1378 2311 1540 2380 Atqui
1566 2311 1743 2369 Chaos
1776 2290 1835 2369 et
1859 2315 2070 2387 Bython

485 2380 627 2435 idem
658 2385 882 2440 omnino
911 2389 1222 2457 significare
1253 2412 1412 2452 nemo
1443 2409 1527 2455 est
1565 2403 1658 2472 qui
1691 2406 1920 2462 nesciat.
1962 2408 2068 2464 Sed

483 2473 901 2532 circumforanei
945 2482 1232 2541 nebulonis
1270 2491 1474 2560 tragice
1523 2492 1866 2551 decantatam
1913 2499 2070 2554 fabu-

482 2562 611 2628 iam,
668 2580 732 2621 ac
774 2569 1038 2626 nefariam
1086 2574 1387 2632 doctrinam
1445 2585 1752 2641 considera.
1821 2587 2066 2659 Triginta

480 2659 658 2725 enim,
703 2669 762 2716 ut
800 2674 883 2721 cst
939 2667 1179 2734 dictum,
1236 2689 1416 2729 mones
1466 2678 1676 2743 statuit,
1721 2698 1858 2750 quos
1904 2687 2064 2739 etiam

479 2753 610 2808 deos
639 2757 907 2842 .appellat,
944 2763 1257 2830 quindecim
1295 2784 1496 2834 mares,
1535 2773 1868 2845 totidemque
1908 2777 2065 2832 femi-

480 2859 603 2902 nas.
639 2829 745 2902 Sed
785 2865 992 2905 aconcm
1036 2858 1331 2923 quemlibet
1367 2876 1465 2930 par
1499 2865 1663 2919 maris
1715 2882 1778 2920 ac
1827 2867 2062 2933 feminae,

479 2947 590 2990 tam
631 2939 747 3015 ipse
795 2958 958 3011 quam
1008 2946 1128 3014 ejus
1175 2949 1428 3018 discipuli
1478 2965 1710 3022 vocant,
1749 2969 1816 3029 ‘ut
1867 2960 2062 3015 hinarii

477 3028 588 3083 sint
639 3047 727 3096 xv,
753 3049 890 3102 quas
941 3039 1210 3107 syzygias,
1253 3040 1356 3095 hoc
1403 3050 1485 3097 est
1526 3028 1760 3100 duorum
1810 3050 2059 3121 collegia,

479 3123 784 3178 nominant.
834 3125 974 3180 [line
1020 3143 1203 3184 aaones
1274 3147 1378 3185 xxx
1429 3150 1658 3192 numero
1699 3152 2059 3212 consurgunt,

476 3228 711 3284 quorum
747 3215 946 3271 femina
978 3220 1231 3288 quaelibet
1263 3238 1294 3278 e
1328 3239 1481 3280 mare
1521 3241 1625 3282 suo
1666 3241 2064 3302 consequentes

477 3321 662 3362 mones
691 3321 1033 3380 progenerat.
1069 3311 1311 3378 Quorum
1345 3318 1588 3372 omnium
1623 3323 1842 3376 nomina
1875 3325 2064 3393 suhje-

476 3395 655 3457 cimus
675 3414 874 3468 ;caque
890 3402 1321 3472 suntejusmodi,
1346 3406 1878 3482 165utunicuique
1895 3415 2062 3470 maris

478 3490 825 3558 appellationi
850 3509 1009 3548 suum
1037 3497 1248 3550 femina:
1271 3513 1550 3554 nomean
1577 3503 1808 3558 adverso
1837 3521 2062 3575 respon-

477 3581 624 3638 deat.
665 3583 915 3653 Ampsiu,
951 3589 1170 3642 Auraan
1199 3608 1212 3656 ;
1246 3590 1452 3655 Bucua,
1488 3591 1770 3663 Thartuu;
1812 3595 2058 3664 Ubueua,

476 3671 822 3730 Thardeadie
852 3694 866 3742 ;
903 3675 1142 3745 Merexa,
1190 3683 1467 3738 Atarhaba
1497 3703 1510 3750 ;
1568 3685 1746 3751 Udua,
1815 3689 2013 3745 Cesten
2043 3709 2056 3756 ;

477 3761 621 3827 Udu,
656 3763 798 3832 Vac;
856 3767 1042 3832 Eslen,
1075 3772 1382 3842 Amphain;
1442 3773 1732 3845 Essumcn,
1767 3777 2055 3851 Vanauin;

476 3854 694 3923 Lamer,
721 3857 929 3928 Tarde;
955 3863 1240 3932 Athames,
1277 3865 1474 3934 Susin,
1515 3868 1721 3939 Allora,
1759 3871 2055 3942 Bueiaiha;

477 3948 843 4018 Danaddaria,
863 3955 1080 4024 Allora;
1107 3957 1350 4028 Dammo,
1375 3961 1551 4028 Oren;
1577 3962 1928 4035 Lanapheeh,
1952 3969 2058 4022 Au-

473 4040 816 4112 damphech;
859 4044 1379 4116 Emphibochebaud
1406 4070 1420 4118 ;
1449 4055 1809 4122 Assiovache,
1864 4057 2053 4126 Belin;

474 4131 799 4198 Dexarichc.
833 4136 1092 4193 Masemo.
1125 4139 1224 4196 llic
1255 4143 1472 4198 illorum
1504 4148 1640 4202 ordo
1673 4160 1777 4213 est,
1805 4151 1933 4207 dum
1959 4167 2056 4223 per

473 4226 707 4280 marium
738 4226 1172 4300 feminarmmjue
1199 4235 1453 4306 conjugia
1489 4251 1866 4296 recensentur.
1904 4244 2054 4299 Alio-

470 4319 605 4390 quin
635 4320 749 4374 haec
780 4321 995 4376 illorum
1052 4327 1351 4381 secundmn
1409 4332 1820 4388 successionem
1880 4337 2054 4393 series

2182 1855 2440 1924 ποιήσας,
2482 1853 2712 1924 ἠθέλησε
2757 1855 3025 1922 φαντάσαι
3058 1852 3149 1904 τὸν
3193 1851 3416 1921 κόσμον.
3457 1851 3778 1921 Τριάκοντα

2180 1942 2288 2015 γὰρ
2327 1943 2422 1997 καὶ
2461 1939 2613 2006 οὗτος
2651 1942 2805 2006 θεοὺς
2837 1943 2931 1995 καὶ
2964 1943 3186 2006 αἰῶνας,
3217 1943 3310 1993 καὶ
3338 1941 3613 2010 οὐρανοὺς
3652 1940 3774 2008 βοὺο

2179 2035 2329 2090 λεται
2356 2036 2731 2107 παρεισάγειν·
2765 2029 2837 2087 ὧν
2870 2037 2897 2088 δ
2930 2035 3026 2104 μὲν
3065 2033 3279 2105 πρῶτός
3313 2035 3426 2086 ἐστι
3451 2035 3629 2096 Rufio;
3658 2074 3672 2096 ,
3707 2033 3777 2095 ὡς

2179 2129 2271 2181 καὶ
2296 2127 2455 2191 αὐτὸς
2481 2127 2584 2198 ἔφη
2607 2127 2887 2198 ἀφραίνων
2914 2129 2978 2198 τῇ
3003 2125 3230 2195 διανοίᾳ·
3263 2127 3422 2179 ὁποῖα
3444 2126 3652 2195 ἀμέλει
3684 2126 3772 2176 καὶ

2175 2219 2205 2270 ὁ
2236 2218 2398 2274 αὑτοῦ
2436 2218 2733 2290 προϐολεὺς
2771 2218 2870 2290 τῆς
2901 2219 3105 2280 ἑννοίας
3151 2217 3390 2281 Ἡσίοδος
3429 2219 3585 2280 Χάος
3620 2217 3768 2279 πρώ-

2176 2330 2332 2365 τιστα
2356 2312 2493 2365 θεῶν
2523 2312 2647 2384 ἔφη.
2674 2313 2818 2376 Χάος
2847 2313 2903 2366 δὲ
2934 2314 3026 2366 καὶ
3051 2312 3217 2374 Βυθὸς
3245 2313 3349 2365 τίνι
3375 2314 3474 2365 οὐκ
3499 2314 3572 2366 ἂν
3606 2313 3769 2380 σαφὲς

2177 2404 2282 2473 εἴη,
2335 2402 2408 2466 ὼς
2457 2403 2518 2456 τὸ
2568 2403 2856 2474 ὁμώνυμον
2905 2404 3195 2475 κέκτηται;
3246 2404 3389 2472 Ὅρα
3431 2403 3485 2456 δὲ
3534 2404 3642 2474 τὴν
3681 2403 3768 2455 τοῦ

2176 2494 2412 2566 ἀγύρτου
2443 2495 2933 2566 τετραγῳδημένην
2972 2495 3320 2566 μυθοποιίαν,
3354 2497 3444 2548 καὶ
3480 2496 3765 2567 μοχθηρὰν

2174 2585 2538 2640 διδασκαλίαν.
2577 2589 2880 2659 Τριάκοντα
2910 2588 3019 2660 γὰρ
3045 2583 3219 2652 οὗτος,
3258 2589 3332 2652 ὡς
3368 2589 3528 2658 ἔφην,
3563 2590 3763 2652 αἰῶνας

2176 2677 2425 2748 βούλεται
2477 2682 2778 2751 παριστᾷν,
2819 2679 2911 2743 οὒς
2951 2681 3044 2736 καὶ
3089 2680 3239 2744 θεοὺς
3287 2681 3570 2750 ὀνομάζει,
3613 2681 3764 2734 δεκα-

2174 2769 2332 2823 πέντε
2363 2771 2627 2843 ,ἄρρεναῧ
2667 2773 2760 2826 καί
2804 2771 3024 2843 θήλειας
3075 2772 3342 2836 τοσαύτας
3383 2768 3523 2825 εἶναι
3568 2774 3757 2842 λέγων.

2174 2863 2441 2916 ’Ἑκαστον
2481 2864 2537 2916 δὲ
2581 2865 3185 2936 αἱῶναάῤῥενὸθηλυν,
3227 2866 3320 2918 καὶ
3361 2867 3562 2934 ζεῦγός
3601 2885 3761 2938 φησιν

2171 2955 2333 3018 αὐτὸς
2357 2957 2451 3008 καὶ
2478 2957 2528 3007 οἱ
2558 2955 2743 3010 αὐτοῦ.
2771 2957 3075 3010 Δεκαπέντε
3103 2957 3158 3009 δὲ
3180 2957 3376 3020 δυάδας
3409 2960 3578 3026 φασὶν
3604 2954 3756 3022 εἶναι,

2171 3046 2238 3111 ἃς
2264 3048 2523 3116 συζυγίας
2553 3048 2796 3102 καλοῦσι·
2825 3050 2916 3103 τὸν
2960 3049 3188 3121 ἀριθμὸν
3209 3050 3266 3102 δὲ
3298 3046 3434 3104 εἶναι
3462 3053 3757 3124 τριάκοντα

2168 3139 2390 3205 αἰῶνας,
2425 3141 2662 3212 ἑκάστην
2691 3142 2746 3194 δὲ
2786 3142 3005 3212 θήλειαν
3036 3145 3230 3213 γεννᾷν
3268 3143 3374 3197 ἀπὸ
3401 3144 3495 3197 τοῦ
3533 3147 3753 3218 ἄρρενος

2165 3235 2292 3299 τοὺς
2333 3235 2566 3306 κατεξῆς
2604 3236 2824 3298 αἰῶνας.
2870 3230 3022 3288 Εἶναι
3063 3235 3120 3287 δὲ
3157 3235 3414 3300 τούτους,
3448 3237 3526 3299 ὡς
3565 3237 3752 3290 ὑποτέ-

2163 3343 2361 3380 τακται
2397 3327 2538 3382 κατά
2572 3327 3001 3398 ἀντιπαράθεσιν
3044 3327 3274 3380 ἑκάστου
3318 3328 3615 3399 ἀρῤενικοῦ
3643 3327 3747 3378 ὀνο-

2167 3438 2334 3492 ματος
2367 3421 2700 3491 τεταγμένου
2734 3421 2992 3492 ἄντικρυς
3028 3419 3122 3473 τοῦ
3173 3419 3408 3491 θηλυκοῦ
3451 3419 3745 3490 ὀνόματος.

2163 3513 2256 3566 καὶ
2283 3513 2447 3565 ἔστιν’
2475 3513 2729 3583 Ἀμνζιιοῦ,
2755 3513 2972 3584 Λύραάν
3001 3511 3134 3583 (60)⁶
3164 3511 3424 3574 Βουκούα,
3453 3510 3742 3582 Θαρδουοῦ·

2162 3604 2496 3666 Οὐϐουκοῦα,
2537 3605 2886 3675 θαρδεαδείη·
2949 3606 3202 3676 Μερεξᾶ,
3255 3605 3596 3676 ’Δταρϐαϐἱο
3650 3605 3741 3654 Οὐ-

2161 3693 2323 3757 δοῦα,
2367 3694 2606 3766 Κέστην·
2643 3695 2844 3760 Οὑδοῦ,
2879 3695 3052 3750 Οὺάκ·
3088 3696 3301 3766 Ἐσλὴν,
3339 3697 3601 3766 Ἀμφαίψ
3634 3697 3740 3747 Ἐσ-

2164 3787 2381 3858 σουμὲν,
2415 3789 2710 3842 Οὐαναυΐν’
2742 3790 2955 3861 Λάμερ,
2991 3789 3187 3862 Τάρδε·
3234 3790 3489 3861 Ἀθαμὲς,
3539 3791 3740 3844 Σουσίν·

2160 3878 2424 3951 Ἀλλωρᾶ,
2475 3881 2762 3935 Βουκιαθὰ·
2821 3883 3173 3954 Δαναδδαρία,
3225 3882 3485 3951 ’Λλλωρᾶ-
3517 3881 3735 3954 Δαμμῶ,

2160 3967 2342 4040 Ὡρήν·
2387 3971 2679 4042 Λαναφὲχ,
2738 3973 3056 4044 Αὐδαμςρὲχ·
3111 3973 3570 4044 Ἐμφιϐοχεὸαῦδο
3629 3975 3737 4024 Ἀσ-

2160 4063 2396 4132 σιουαχὲ,
2438 4063 2627 4134 Βελίμ·
2674 4063 2954 4135 Δεξαριχὲ,
2991 4065 3257 4136 Μασεμῶ.
3297 4067 3402 4117 Καὶ
3436 4065 3613 4128 οὕτως
3647 4064 3737 4135 μὲν

2159 4161 2472 4228 σύγκεινται
2492 4160 2566 4224 ὡς
2595 4161 2736 4215 κατά
2769 4161 3029 4229 συζυγίαν
3062 4161 3467 4233 ἀρῤενρθήλεοςο
3510 4163 3571 4212 ὲν
3598 4161 3648 4212 δὲ
3679 4160 3732 4226 τῇ

2157 4249 2449 4320 ἀκολουθίᾳ
2491 4251 2632 4304 κατὰ
2670 4251 2918 4322 διαδοχὴν
2961 4251 3152 4314 οὕτως’
3201 4249 3455 4320 ’Λμψιοῦ,
3504 4248 3732 4321 Αὐραάν,

2157 4340 2422 4402 Βουκούα,
2453 4341 2744 4411 Θαρδουοῦ,
2769 4342 3109 4407 Οὐὸουκούα,
3137 4342 3482 4413 Θαρδεαδείη.
3501 4339 3728 4410 Μερεξὶ,

471 4420 558 4468 est
593 4431 606 4468 :
639 4415 889 4484 Ampsiu,
921 4417 1163 4486 Auraan,
1200 4418 1405 4488 Bucua,
1467 4421 1750 4492 Tharduu,
1800 4425 2048 4498 Ubucua,

2162 4434 2541 4505 Αὑταρϐαρόᾶ,
2594 4435 2840 4502 υΰδοῦα,
2893 4436 3130 4505 Κέστην,
3181 4432 3475 4494 Οὑδουοῦα,
3529 4431 3727 4499 Ἐσλὴν.

473 4503 839 4573 Thardeadie,
893 4507 1130 4578 Merexa,
1186 4513 1523 4579 Autaharha,
1580 4515 1779 4583 Udua,
1837 4510 2058 4590 Cc'sten,

477 4595 694 4666 Uduua,
749 4598 935 4663 Eslen,
981 4601 1294 4673 Amphaim,
1339 4604 1631 4675 Essumen,
1665 4608 1936 4678 Vanauin,
1964 4612 2062 4667 La-

467 4693 732 4763 mcrtade,
761 4695 1223 4763 Athamessumin,
1249 4699 1454 4766 Allora,
1487 4700 1783 4767 Cubiatha,
1818 4703 2058 4760 Thamo-

465 4782 598 4847 dan,
628 4783 944 4852 Saddarias,
981 4787 1146 4852 Oren,
1195 4789 1794 4864 Lanaphecudaphech,
1833 4797 2054 4868 Emphi-

468 4872 662 4940 boche,
717 4876 897 4944 Bara,
953 4879 1085 4944 Asi,
1139 4879 1398 4949 Uchabe,
1461 4882 1659 4950 Belin,
1727 4885 2048 4954 Dexariche,

540 5026 558 5060 -‘
582 5045 673 5098 γρ.
705 5035 807 5102 τὴν
838 5033 1032 5106 ἀληθῆ.

533 5202 647 5276 (59)
675 5205 950 5284 Ἐφασαξ·
975 5209 1086 5281 γὰρ
1117 5215 1304 5270 αὐτόν
1329 5232 1508 5284 τινες.
1541 5216 1928 5277 Phrehonitem
1955 5236 2053 5277 no-

839 5279 1181 5359 raefeCturam
1246 5301 1423 5356 neque
1464 5279 1613 5359 apud
1661 5288 2049 5358 Ptolemaeum,

464 5361 644 5422 neque
674 5348 820 5422 apud
851 5348 1166 5422 diligentem
1203 5348 1389 5410 earuin
1428 5348 1611 5413 rerum
1647 5360 1916 5416 Ortclium
1965 5348 2053 5417 re;

501 5418 646 5499 erio;
684 5419 780 5472 sed
803 5418 1260 5499 ,_qni'_vocahulo
1292 5429 1576 5497 proximus
1597 5470 1613 5499 ,
1657 5431 2047 5499 Pharbzetiten,

502 5487 606 5540 aud
647 5490 836 5558 procul
870 5487 1030 5548 inari.

537 5558 649 5628 (60)
699 5559 976 5629 Ἇμψιοῦ,
1009 5565 1272 5632 Αὑραάν.
1328 5566 1568 5624 Barbara
1605 5570 1719 5626 hac
1764 5581 1892 5629 sunt
1939 5588 2049 5628 aeo-

462 5643 593 5712 num
625 5632 847 5685 nomina
883 5652 893 5712 ς
929 5633 1072 5689 haud
1099 5638 1215 5691 seio
1249 5654 1317 5693 an
1345 5639 1824 5712 exi/Egyptiorum
1858 5645 2040 5712 lingua

465 5698 737 5771 profecta;
775 5717 842 5758 an
879 5711 1115 5772 temere,
1166 5718 1330 5779 atquc
1374 5711 1438 5765 ad
1477 5698 1742 5767 tevr'r'orem
1783 5698 2036 5770 conficta.

2114 4597 2119 4602 ἢ
2161 4526 2419 4595 Ἀμφαὶν,
2471 4525 2792 4597 Ἐσσουμὲν,
2847 4525 3137 4594 Οὑαναυῒν,
3192 4525 3533 4597 Λαμερτάδε,
3591 4522 3726 4576 Ἀθα-

2164 4616 2483 4688 μεσσουμὶν,
2531 4616 2795 4689 Ἀλλωρᾶ,
2859 4617 3161 4683 Κουόιαθά,
3202 4617 3491 4688 Λαμωδάν,
3547 4614 3726 4668 Σαδξα-

2163 4707 2315 4780 ρίας.
2375 4708 2557 4779 Ὠρὴν,
2618 4710 3130 4781 Λαναφεκουδαφὲχ,
3189 4708 3506 4780 Ἐμφιδοχὲ,
3571 4703 3722 4777 Bapi.

2154 4800 2295 4862 Ἀσὶ,
2347 4800 2578 4872 Οὑχαϐὲ,
2637 4803 2825 4874 Βελὶμ,
2870 4803 3151 4874 Δεξαριχὲ,
3201 4801 3494 4873 Μασεμών.
3530 4803 3597 4854 Αἱ
3633 4798 3722 4852 τῶν

2152 4891 2432 4962 ὀνομάτων
2477 4895 2761 4966 ἑρμηνεῖαι
2810 4897 2948 4948 εἰσιν
2993 4895 3129 4949 αἴδε’
3183 4894 3369 4962 Βυθδς,
3425 4895 3561 4966 Σιγὴ
3607 4891 3717 4965 (61),

2158 5221 2367 5295 Duplex
2397 5223 2594 5295 horum
2625 5221 2796 5295 series
2829 5233 2932 5280 est.
2980 5221 3037 5278 ln
3071 5223 3252 5294 priore
3279 5225 3453 5295 paria,
3482 5243 3547 5284 ac
3577 5229 3713 5294 επιξυ-

2157 5294 2285 5366 γίας
2315 5294 2607 5366 copulassc
2632 5294 2884 5360 videtur;
2914 5295 2968 5348 in
3001 5294 3306 5366 posteriore
3343 5297 3463 5353 sine
3495 5301 3600 5354 ulla
3639 5314 3710 5352 co-

2157 5365 2284 5434 pula
2336 5364 2652 5448 singillatim
2701 5364 3104 5448 percensuiése.
3167 5366 3415 5448 Cumque
3479 5371 3710 5448 nonnulla

2157 5436 2230 5489 sit
2275 5437 2568 5509 utrobique
2612 5445 2890 5509 certorum
2945 5437 3226 5509 nominum
3253 5437 3596 5505 differentia,
3643 5454 3696 5509 po

2157 5505 2444 5560 steriorem
2475 5507 2596 5588 ideo
2631 5507 2917 5588 veriorem
2951 5507 3212 5588 arbitror,
3259 5509 3404 5577 quod
3449 5527 3554 5564 xxx
3600 5505 3704 5588 dun-

2159 5584 2309 5629 taxat
2340 5577 2625 5639 vocahula,
2657 5587 2793 5646 quot
2830 5579 3083 5632 videlicet
3111 5576 3318 5642 itiones
3364 5590 3513 5646 sunt,
3559 5581 3696 5636 conti-

2155 5656 2312 5710 neat;
2353 5647 2523 5700 altera
2562 5663 2758 5702 xxxiii.

2221 5716 2330 5785 (6i)
2373 5719 2583 5784 Βυοός,
2617 5717 2780 5785 Σιγὴ.
2817 5718 3126 5786 ΙΑξςριιιιιιιιι
3161 5720 3384 5773 omnino
3420 5719 3605 5788 Βυθὸς,
3636 5719 3700 5775 καὶ
