3760 6176
52 293 141 355 477

776 280 1146 340 onnnsvs
1183 278 1526 338 HERESES
1558 277 1690 337 LIB.
1729 279 1772 337 ι.
1815 279 1980 337 Ton.
2022 282 2173 338 n.—
2211 281 2481 338 means.
2522 219 2722 337 xxxi.

3173 280 3276 336 478
3366 326 3369 330 ,

52 410 180 474 Νοῦς
209 410 303 463 καὶ
341 405 611 476 Ἀλήθεια,
647 401 817 471 Λόγος
855 401 946 454 καὶ
968 400 1112 470 Ζωὴ,
1152 397 1472 467 Ἀνθρωπος
1509 395 1603 449 καὶ

1763 411 2010 452 asemon.
2061 397 2302 463 Quorum
2340 399 2452 453 haec
2488 407 2572 454 est
2611 393 3012 464 interpretatio,
3051 391 3274 464 Bylhos,

52 500 350 572 Ἐκκλησία,
405 495 771 567 Παράκληπος
809 493 903 546 καὶ
944 492 1154 557 Πίστις,
1199 488 1471 560 Πατρικδς
1515 487 1609 540 καὶ

53 593 245 657 Ἐλπὶς,
269 588 543 661 Μητρικὺς
572 586 666 639 καὶ
699 585 936 654 Ἀγάπη,
968 581 1206 643 Ἀείνους
1239 580 1332 632 καὶ
1365 578 1601 640 Σύνεσις,

50 683 276 752 Θελητδς
299 682 328 732 ὁ
347 679 438 733 καὶ
458 677 594 740 Φῶς,
623 675 717 728 καὶ
736 665 1106 743 Μακαριότης’
1128 667 1609 738 Ἐκκλησιαστικὸς

53 775 135 828 καὶ
153 772 342 842 Σοφία,
369 768 560 830 Βύθιος
589 767 680 819 καὶ
702 765 883 831 Μίξις,
914 763 1214 832 Ἀγήρατος
1233 759 1327 813 καὶ
1354 758 1608 821 Ἔνωσις,

53 864 323 936 nam;qu
361 860 458 916 καὶ
499 857 828 928 Σύγκρασις,
871 851 1182 923 Μονογενὴς
1227 849 1320 903 καὶ
1369 847 1608 917 Ἑνότης,

55 965 101 1015 ’Λ
110 961 323 1030 κίνητος
354 954 446 1009 καὶ
477 951 686 1020 Ἡδονή.

112 1027 267 1103 Κατὰ
291 1046 348 1099 δὲ
378 1042 610 1116 ἀριθμὸν
633 1037 882 1108 διαδοχῆς
910 1035 1004 1090 καὶ⁵
1040 1031 1361 1094 ἀκολουθίας
1385 1029 1493 1083 ἀπὸ
1516 1027 1609 1082 τοῦ

52 1141 299 1197 ἀνωτάτω
324 1130 763 1202 ἀκατονομάστου
791 1125 1005 1197 Πατρὸς
1036 1125 1128 1177 καὶ
1161 1121 1332 1175 Βυθοῦ
1359 1121 1488 1192 παρ’
1517 1119 1613 1172 αὐ-

52 1239 150 1298 τοῖς
175 1228 573 1302 ὀνομαζομένου
602 1224 709 1287 ἕως
739 1221 928 1274 τούτου
972 1217 1067 1271 τοῦ
1101 1215 1223 1269 καθ’
1267 1215 1416 1286 ἡμᾶς
1443 1213 1610 1282 οὐρα-

52 1327 132 1382 νοῦ
179 1327 212 1378 ὁ
259 1322 366 1376 τῶν
405 1319 698 1390 τριάκοντα
743 1311 972 1384 ἀριθμὸς
1016 1308 1188 1371 οὕτως
1221 1307 1360 1378 ἔχει·
1407 1303 1611 1369 Βυθδς,

53 1420 205 1490 Σιγὴ,
251 1415 428 1479 Νοῦς,
476 1407 760 1479 Ἀλήθεια,
802 1405 1012 1472 Λόγος,
1059 1401 1214 1470 Ζωὴ,
1257 1398 1611 1468 Ἀνθρωπος,

65 1486 372 1579 Ἐκκλησία,
413 1500 789 1572 Παράκλητος,
833 1495 1045 1556 Πίστις,
1079 1490 1372 1562 Πατρικὺς,
1403 1486 1612 1549 Ἐλπὶς,

54 1577 346 1674 Μητρικδς,
408 1593 652 1663 Ἀγάπη,
693 1588 960 1649 Ἀείνους,
1012 1583 1252 1646 Σύνεσις,
1291 1577 1546 1650 Θελητὸς,
1587 1578 1616 1630 ὁ

56 1667 139 1750 καί
160 1667 303 1755 ᾧῶς,
337 1684 710 1756 Μακαριότης,
742 1673 1241 1746 Ἐκκλησιαστικὸς,
1281 1671 1467 1740 Σοφία,
1506 1667 1580 1721 Βύ
1601 1696 1614 1708 -

1719 484 1875 556 Sige:
1905 485 2018 542 Nus
2047 496 2100 542 et
2137 487 2378 543 Veritas:
2407 489 2583 559 Logos
2613 495 2666 542 et
2694 485 2849 539 Vita:
2871 483 3065 547 Homo,
3093 483 3280 538 Ecele«

1712 579 1826 633 sia:
1860 577 2194 643 Paracletus,
2225 578 2419 634 Fides:
2447 578 2734 640 Paternus,
2767 575 2904 645 Spes
2932 595 2944 629 :
2976 574 3273 638 Maternus,

1711 670 1995 723 Charitas:
2029 671 2222 730 Ainus,
2251 668 2504 740 Synesis:
2532 665 2963 734 Theietus,quod
2994 673 3047 719 et
3071 665 3279 719 Lumen

1713 762 1934 827 dicitur,
1965 761 2248 817 Beatitudo
2279 777 2293 815 :
2326 761 2766 822 Ecclesiasticus,
2811 756 3128 828 Sapientia:
3173 756 3279 826 By-

1713 855 1883 919 thius,
1921 855 2116 911 Miris:
2148 855 2436 925 Ageratus,
2472 852 2648 908 Unio:
2685 851 3026 919 AutOpliyes,
3049 847 3281 916 Tempe-

1712 949 1887 1003 :atio:
1913 946 2220 1018 Unigenita,
2244 944 2434 1000 Uuitas
2465 961 2479 997 :
2512 942 2830 1004 lmmobilis,
2860 939 3146 1008 Voluptas.

1784 1037 1938 1103 Quod
1979 1038 2025 1093 si
2059 1036 2424 1091 successionis
2468 1034 2660 1088 ordine
2706 1044 2994 1086 numerare
3035 1027 3199 1088 velis,
3251 1038 3281 1076 a

1715 1145 1970 1200 supremo
2007 1129 2098 1182 illo
2130 1143 2228 1181 nec
2260 1126 2458 1181 eifabili
2507 1123 2688 1188 Patre,
2727 1137 2884 1191 quem
2931 1119 3140 1189 Bython
3184 1130 3284 1168 no-

1715 1223 1944 1285 rninant,
1973 1221 2039 1275 ad
2067 1221 2310 1285 citimqu
2343 1233 2517 1287 usque
2555 1216 2772 1276 uelum,
2811 1211 3135 1266 tricenarius
3167 1223 3282 1259 nu—

1716 1327 1901 1366 merus
1954 1311 2057 1365 hoc
2116 1310 2273 1363 modo
2320 1307 2592 1376 colligitur
2625 1325 2636 1359 :
2669 1304 2894 1374 Bytlius,
2937 1301 3087 1370 Sige,
3146 1296 3280 1356 Nus,

1719 1403 1950 1468 Veritas,
1977 1402 2176 1471 Logos,
2208 1399 2352 1463 Vita,
2385 1397 2575 1457 Homo,
2616 1395 2856 1449 Ecclesia
2878 1433 2892 1456 ,
2941 1391 3280 1448 l’aracletus,

1717 1493 1899 1556 Fides,
1937 1493 2224 1557 Paternus,
2255 1490 2410 1560 Spes,
2450 1488 2747 1547 Maternus,
2778 1485 3054 1545 Charitas,
3085 1480 3282 1540 Ainus,

1720 1587 1963 1658 Synesis,
2013 1583 2291 1644 Thcletus,
2327 1581 2440 1636 sive
2471 1579 2700 1641 Lumen,
2757 1573 3063 1633 Beatitudo,
3096 1567 3286 1622 Eccle-

1719 1679 2016 1742 siasticus,
2076 1674 2385 1744 Sapientia,
2452 1671 2695 1742 Bytliius,
2739 1667 2939 1725 Mistio,
2994 1665 3284 1729 Ageratus,

57 1789 176 1850 θιος,
198 1749 382 1850 Μίξις,
413 1749 732 1850 Ἀγῆρατ-ος,
758 1773 1011 1830 Ἕνωσις,
1038 1764 1340 1834 Αὐτοφυῆς,
1365 1761 1614 1832 Σύγκρα-

1774 1771 1884 1832 nio,
1941 1767 2277 1835 Autophycs,
2329 1760 2711 1832 Temperatio,
2760 1755 3028 1823 Unigeua,
3074 1749 3286 1810 Unitas,

58 1899 150 1944 σις,
181 1871 518 1943 Μονογενὴς,
560 1866 798 1936 Ἐνότης,
834 1860 1135 1928 Ἀκίνητος,
1176 1855 1389 1923 Ἡδονή.

116 1972 185 2025 I".
229 1968 341 2022 Καὶ
373 1964 509 2031 αὕτη
539 1961 634 2031 μὲν
681 1959 714 2029 ἡ
757 1954 863 2008 τῶν
895 1952 1187 2024 τριάκοντα
1233 1945 1442 2000 αἰώνων
1484 1944 1615 2010 παρ’

56 2062 227 2122 αὑτοίς
256 2049 697 2127 μυθοποιουμὲνη
732 2043 1030 2117 τραγῳδία,
1068 2039 1162 2094 καὶ
1203 2041 1237 2108 ἡ
1272 2038 1413 2089 κατΞι
1463 2034 1617 2098 συζυ-

56 2155 166 2223 γίαν
192 2143 562 2218 πνευματικοῦ
596 2139 757 2211 δῆθεν
789 2134 1156 2206 πληρώματος
1196 2127 1518 2196 κενοφωνία,
1549 2125 1616 2195 ἢν

57 2219 140 2301 ἐάν
163 2261 247 2308 τις
276 2239 581 2310 συγκρίνων
607 2237 674 2305 τῇ
701 2231 850 2303 παρὰ
889 2227 1133 2296 Ἡσιόδῳ,
1161 2225 1254 2276 καὶ
1282 2219 1614 2291 Στησιχόρῳ,

58 2341 142 2394 καὶ
185 2337 300 2398 τοῖς
331 2330 508 2393 ἄλλοις
545 2326 794 2396 ποιηταῖς
829 2319 937 2374 τῶν
976 2317 1243 2386 Ἑλλήνων
1281 2310 1614 2383 παράθηται,

55 2430 193 2501 εὖροι
238 2427 306 2480 ἂν
352 2424 417 2476 ὲκ
457 2416 801 2490 παραλλήλου
855 2412 922 2466 τὰ
964 2407 1104 2464 αὐτὰ
1135 2407 1291 2464 ὅντα.
1339 2403 1433 2457 καὶ
1466 2400 1617 2453 οὐδὲν

54 2523 246 2590 ἕτερον,
266 2515 362 2570 καὶ
390 2516 454 2567 ὲκ
483 2511 670 2566 τούτου
691 2507 978 2576 γνώσεται,
995 2502 1070 2565 ὡς
1095 2499 1245 2553 οὐδὲν
1278 2497 1461 2566 ἕτερον
1483 2493 1616 2545 θαυ-

59 2583 251 2684 μαστὸν
284 2611 335 2661 οἱ
379 2606 486 2658 τῶν
516 2601 805 2672 θαυμάτων
834 2595 1177 2667 αἱρεσιάρχαι
1227 2583 1618 2660 μυστηριωδῶς

56 2678 471 2770 ἐπαγγέλλονται
515 2694 714 2761 λέγειν.
739 2689 901 2742 Οὐδὲν
936 2685 1044 2756 γὰρ
1087 2681 1303 2751 ἇλλο,’ἢ
1352 2678 1618 2746 Ἑλλήνων

56 2791 397 2862 ἁπεμάξαντο
447 2783 544 2855 τὴν
599 2781 928 2834 ἐπίπλαστον
990 2772 1100 2838 ἕξιν
1155 2772 1254 2840 τῆς
1320 2765 1617 2838 ὲθνομύθου

57 2884 253 2952 πλάνης
286 2880 383 2933 καὶ
428 2872 772 2935 διδασκαλίας
793 2909 806 2932 ,
843 2867 990 2921 οὐδὲν
1024 2861 1436 2923 ἀλλοιώσαντες,
1479 2858 1619 2927 πλὴν

59 2975 147 3043 τῆς
170 2972 303 3043 παρ’
339 2969 520 3029 αὐτοῖς
553 2958 1078 3034 παραπεποιημένης
1119 2950 1458 3024 βαρϐαρικῆς
1506 2950 1621 3000 ὀνο-

61 3041 392 3136 ματοποιίας.
462 3056 620 3111 Οὕτω
665 3056 774 3125 γάρ
828 3069 958 3120 φασι
1011 3049 1104 3102 καὶ
1155 3047 1205 3098 οί
1250 3043 1378 3113 περὶ
1439 3041 1620 3093 Ἡσίο-

1723 1858 2038 1921 Immobilis,
2071 1856 2351 1923 Voluptas.

1794 1953 1883 2006 ΙΙΙ.
1927 1946 2208 2018 Ejusmodi
2277 1953 2354 1998 est
2412 1938 2642 1994 celebris
2697 1935 2782 1988 illa
2833 1931 3052 2002 triginta
3078 1941 3289 1983 Leonum

1725 2044 1927 2108 fabula,
1960 2039 2389 2104 inanissimaque
2417 2030 2702 2101 spiritalis,
2739 2036 2796 2080 ut
2823 2031 3036 2087 vocant,
3057 2020 3292 2088 comple-

1726 2137 1886 2191 menti
1905 2135 2026 2202 conj
2037 2133 2177 2202 ugia.
2195 2130 2324 2195 Quae
2338 2129 2383 2182 si
2413 2126 2537 2195 quis
2559 2138 2684 2176 cum
2706 2119 2948 2178 Hesiodi,
2970 2111 3290 2174 Stesichori,

1725 2228 2063 2294 aliorumque
2096 2222 2406 2276 Graecorum
2440 2225 2719 2286 poetarum
2760 2210 2979 2271 fabulis,
3018 2205 3292 2267 conferat,

1725 2318 1912 2372 eadem
1963 2331 2086 2369 cum
2145 2313 2252 2365 illis
2309 2309 2526 2379 penitus
2576 2320 2718 2366 esse,
2755 2317 2932 2371 neque
2969 2299 3076 2354 ulla
3131 2298 3184 2351 in
3235 2309 3295 2348 re

1727 2409 2040 2474 discrepare
2070 2401 2398 2472 compcriet:
2432 2396 2781 2464 iudidemque
2809 2397 3125 2462 cognoscet,
3157 2385 3294 2440 nihil

1727 2496 1874 2551 aliud
1903 2508 2026 2548 esse
2059 2488 2420 2545 admiratione
2450 2485 2697 2554 dignum,
2727 2481 2871 2552 quod
2904 2478 2993 2534 isti
3033 2475 3292 2530 miriﬁca-

1729 2605 1846 2643 rum
1874 2588 2134 2640 hercseon
2183 2578 2514 2641 conditores,
2562 2577 2706 2630 velut
2739 2590 2936 2626 arcana
2962 2569 3206 2640 quzedam
3234 2582 3297 2618 ac

1728 2677 2006 2751 mysteria,
2058 2687 2224 2745 penes
2271 2686 2329 2726 se
2363 2684 2484 2723 esse
2535 2667 2877 2736 proﬁtentur.
2929 2663 3088 2732 166
3150 2659 3296 2712 Nihil

1727 2773 1870 2827 enim
1908 2763 2530 2831 aliud,nisiGr:ecorum
2571 2759 2813 2826 poeticas
2845 2771 3040 2824 nugas,
3078 2767 3139 2804 ac
3170 2764 3298 2819 gen-

1729 2863 1905 2916 tilium
1933 2859 2147 2922 deliria,
2191 2864 2244 2913 et
2279 2857 2495 2909 inanem
2553 2854 2838 2908 scientiam
2889 2850 3297 2916 expresserunt.

1730 2967 1908 3021 neque
1955 2949 2250 3020 quidquam
2291 2955 2498 3016 praeter
2531 2960 2694 3001 voces
2755 2942 3107 2998 innovarunt,
3163 2949 3302 3003 quas

1730 3043 1805 3098 illi
1847 3042 2097 3098 barbaris
2118 3040 2574 3110 appellationibus
2605 3049 2889 3107 perperam
2922 3032 3296 3085 detorserunt.

62 3109 392 3136 ι’·-η---ν-ντ-
478 3109 491 3111 τ
677 3109 688 3123 ι
743 3109 754 3125 .
841 3109 853 3120 .
1325 3109 1337 3113 -

57 3159 137 3212 δον
164 3155 302 3228 (6‘2).
356 3152 580 3224 Πρῶτον
614 3148 828 3201 πάντων
865 3144 1072 3213 γίνεται
1101 3141 1267 3203 Χάος,
1307 3137 1394 3189 ἵνα
1427 3135 1614 3186 εἴπωσι

1763 3150 1802 3187 .a
1830 3133 1973 3187 enim
2013 3131 2094 3184 vel
2126 3133 2241 3206 ipse
2275 3129 2692 3201 phil050pliatur
2729 3125 3018 3180 Hesiodus.
3055 3121 3298 3174 Primum

60 3224 403 3302 Βυθόν·ἐῐτα
445 3242 597 3308 Νὺξ,
631 3237 888 3310 Ἔρεϐος,
947 3234 1056 3302 Γῆ,
1112 3229 1323 3299 Αἰθὴρ,
1378 3224 1620 3296 Ἡμέρα,

65 3343 234 3412 Ἔρως
255 3381 269 3404 ,
304 3338 514 3407 Μῆτις,
548 3333 759 3403 Μόρος,
796 3329 980 3396 ,Ὀῖζὺς
1002 3366 1017 3389 ,
1073 3325 1284 3393 Πότμος
1305 3361 1318 3385 ,
1363 3321 1622 3389 Νέμεσις,

60 3431 282 3501 Μῶμος,
316 3427 564 3495 Φιλότης,
600 3422 861 3484 Θάνατος,
900 3417 1194 3487 Δυσνομία,
1219 3416 1428 3484 Γήρως,
1463 3413 1623 3481 Ἄτη,

61 3499 296 3594 Ἵμερος,
320 3519 495 3590 Λήθη,
515 3515 741 3579 ’Ὑπνος,
775 3510 1028 3581 Ὑσμίνη,
1055 3503 1384 3575 Λυσιμελὴς,
1408 3499 1624 3571 ’Ύ6ρις,

61 3592 371 3685 Εὐφρόνιος,
409 3609 614 3678 Αἴγλη,
662 3602 1134 3672 Παυσιμὲριμνος,
1182 3595 1424 3665 Ἀπάτη,
1471 3592 1629 3644 Ἡδυ-

64 3683 231 3776 μελῖς,
265 3704 440 3774 Ἔρις.
474 3699 586 3751 Κατ⁹
625 3688 778 3759 οὗτος
803 3696 831 3747 ὁ
863 3693 959 3763 μὲν
985 3689 1214 3762 ἀριθμὸς
1242 3687 1385 3740 κατὰ
1409 3683 1632 3738 ἀκολου-

62 3798 176 3851 θίαν
225 3791 622 3867 ἀρρενοθήλεος
649 3787 820 3850 οὕτως
866 3784 979 3855 ἔχει
1023 3781 1118 3852 τὴν
1156 3777 1548 3851 τριακοντάδαο
1584 3776 1630 3828 εί

61 3891 112 3943 δέ
145 3906 227 3952 τις
271 3885 548 3954 θελήσειεν
585 3882 732 3943 ἰδεῖν,
770 3877 884 3940 πῶς
925 3875 1284 3943 πλαττόμενοι
1328 3862 1472 3922 οὗτοι
1505 3885 1632 3920 συνο

62 3984 318 4035 ἅπτουσιν
356 3977 414 4029 ἓν
468 3973 602 4044 πρὸς
646 3971 705 4024 τὺ
739 3970 816 4032 ἓν,
851 3967 1000 4038 εὖροι
1044 3965 1109 4019 ἂν
1149 3963 1322 4024 οὕτως
1367 3957 1634 4013 συναπτό-

67 4091 193 4144 μενα
239 4071 342 4125 καὶ
394 4064 799 4135 συνεζευγμένα
840 4059 1112 4130 ἀλλήλοις,
1153 4056 1189 4111 ἃ
1225 4057 1336 4118 τοῖς
1382 4051 1635 4121 ποιηταῖς

63 4167 257 4232 ἔδοξεν,
299 4163 376 4226 ὡς
409 4161 500 4214 τὸν
543 4158 640 4229 μὲν
686 4155 853 4207 nunc»
889 4151 1056 4205 Νυκτί
1090 4167 1149 4203 τε
1191 4149 1284 4200 καὶ
1332 4147 1465 4214 Σιγῇ
1508 4160 1635 4195 συν-

64 4259 293 4327 άψαντες
349 4252 609 4322 ἐποίησαν
648 4249 753 4319 Γῆν
798 4244 1125 4316 γεννᾶσθαι’
1158 4240 1304 4295 ἄλλοι
1351 4238 1409 4289 δὲ
1455 4235 1636 4306 Οὐρα-

63 4353 164 4416 νὸν,
196 4351 260 4404 ὃν
307 4348 374 4419 δὴ
421 4347 514 4400 καὶ
553 4343 843 4413 Ὑπερίονα
896 4339 1214 4407 κεκλήκασι.
1249 4334 1351 4386 Τὸν
1380 4331 1435 4384 δὲ
1481 4329 1638 4383 αὐτὸν

1725 3223 1966 3278 omnium
2001 3221 2182 3276 Chaos
2214 3220 2511 3284 exstitisse,
2551 3232 2648 3287 pro
2702 3231 2810 3286 quo
2857 3214 2932 3266 illi
2966 3208 3304 3265 Profundum

1730 3315 2093 3370 substituunt.
2122 3315 2320 3367 Secuta
2343 3323 2426 3366 est
2454 3310 2592 3371 Nox,
2617 3310 2846 3369 Erebus,
2875 3305 3065 3386 Terra,
3087 3301 3303 3368 Ether,

1731 3407 1876 3472 Dies,
1921 3407 2110 3470 Amor,
2142 3404 2468 3468 Consilium,
2508 3401 2722 3462 Fatum,
2780 3399 3073 3463 Aﬁrumna,
3105 3396 3303 3458 Casus,

1728 3501 1996 3561 Nemesis,
2032 3499 2264 3561 Motnus,
2302 3496 2578 3558 Amicitia,
2614 3493 2779 3556 Mors,
2801 3490 3067 3555 Licentia,
3130 3488 3306 3541 Sene-

1730 3604 1873 3658 ctus,
1914 3592 2036 3658 Ate,
2076 3589 2442 3651 Desiderium,
2473 3585 2710 3649 Oblivio,
2775 3583 3037 3645 Somnus,
3093 3578 3306 3648 Pugna,

1731 3686 2053 3754 Lysimeles,
2105 3681 2468 3741 Contumelia,
2509 3676 2879 3748 Euphronius,
2930 3672 3108 3743 Egle,
3143 3671 3311 3724 Cura~

1733 3797 1855 3835 rum
1914 3778 2191 3840 solatium,
2250 3773 2443 3835 Fraus,
2497 3769 2861 3840 Hedymeles,
2921 3765 3032 3819 Lis.
3077 3763 3176 3816 llic
3219 3763 3310 3815 ille

1734 3886 1999 3928 numerus
2057 3877 2163 3930 est,
2214 3866 2308 3936 qui
2345 3863 2576 3916 marium
2632 3861 3069 3925 feminarumque
3125 3853 3309 3908 conti—

1735 3974 1900 4020 nuata
1958 3963 2099 4017 serie
2141 3961 2495 4014 trieenarium
2531 3955 2712 4010 cilicit.
2763 3949 2917 4016 Quod
2962 3949 3008 4003 si
3043 3946 3167 4015 quis
3197 3945 3313 3999 aui-

1737 4060 2076 4114 madvcrtere
2103 4057 2251 4119 velit,
2281 4050 2741 4124 quemadmodum
2761 4046 2850 4101 isti
2874 4043 3313 4111 uniuscujusque

1737 4167 1860 4206 cum
1893 4150 2067 4204 altero
2104 4147 2505 4217 copulationem
2554 4142 2867 4202 instituant,
2897 4134 2969 4191 ita
3003 4132 3314 4203 composita

1738 4252 2160 4312 coniparataque
2201 4242 2341 4294 inter
2378 4254 2436 4293 se
2482 4237 2573 4290 illa
2601 4240 2915 4304 cognoscet,
2957 4227 3315 4299 quemadmo-

1740 4335 1869 4389 dum
1905 4350 1934 4387 a
1968 4335 2143 4402 poetis
2175 4331 2536 4387 constitutum
2604 4325 2860 4395 legimus.
2907 4319 3064 4374 Velut
3093 4332 3214 4371 cum
3247 4329 3311 4369 ex

62 4445 229 4514 τῇγῇ
280 4439 621 4508 συναφθέντα
671 4435 805 4504 φασὶ
855 4429 1240 4502 γεγεννηκέναι
1299 4425 1533 4497 ἄρσενάς
1576 4441 1614 4476 τι

1765 4427 1902 4497 lythi
1928 4442 2052 4480 cum
2085 4423 2255 4478 Nocte
2289 4439 2352 4476 ac
2388 4419 2618 4474 Silentio
2651 4415 3038 4484 conjunctione
3070 4423 3318 4479 procrea-

63 4537 149 4590 καὶ
176 4535 430 4606 θηλείας,
451 4533 546 4584 καὶ
573 4530 698 4592 τοὺς
728 4526 962 4595 καθεξῆς
982 4523 1182 4594 ὁμοίως
1210 4521 1314 4584 ἕως
1339 4519 1436 4589 τῆς
1461 4517 1642 4586 πάσης

63 4629 233 4682 αὐτῶν
283 4627 591 4696 ποιήσεως,
639 4623 715 4684 ὡς
749 4621 862 4692 ἔχει
894 4621 928 4690 ἡ
983 4617 1283 4686 ἀπέραντος
1323 4611 1417 4666 τοῦ
1467 4607 1642 4663 Βυθοῦ

62 4718 308 4790 ληρώδης
339 4713 602 4785 φλυαρία.
648 4711 844 4782 Εὓροις
873 4709 918 4761 δ’
969 4708 1033 4761 ἂν
1061 4707 1233 4769 οὕτως
1264 4700 1645 4772 συναπτόμενά

63 4828 120 4862 τε
154 4812 250 4864 καὶ
300 4805 734 4876 συζευγνύμενα,
765 4802 861 4856 καὶ
913 4798 1186 4868 δυνάμενα
1217 4793 1361 4847 οὕτω
1396 4791 1642 4848 συντίθε-

67 4903 216 4958 σθαιο
246 4903 436 4964 Χάος,
497 4897 646 4962 Νὺξ,
683 4893 946 4966 Ἔρεϐος,
999 4891 1106 4962 Γῆ,
1153 4887 1356 4959 Αἰθὴρ,
1395 4885 1642 4956 Ἡμέρα,

69 4997 276 5066 Ἥρως,
328 4994 534 5062 Μῆτις,
579 4988 795 5058 Μόρος,
829 4985 1040 5049 Ὀῖζὺς,
1087 4982 1333 5052 Πότμος,
1371 4979 1643 5050 Νέμεσις,

66 5085 288 5155 Μῶμος,
332 5081 581 5150 Φιλότης,
615 5066 873 5140 Θάνατος,
905 5074 1198 5142 Δυσνομία,
1235 5071 1447 5142 Γήρως,
1483 5069 1643 5137 Ἀτη,

67 5177 303 5248 Ἵμερος,
333 5172 513 5243 Λήθη,
538 5170 765 5232 ’Ύπνος,
802 5165 1054 5236 ’Υσμίνη,
1076 5161 1403 5232 Λυσιμελὴς,
1427 5159 1645 5226 ”Υ6ρις,

69 5269 385 5340 Εὑςρρόνιος,
422 5262 616 5331 Αἴγλη,
649 5258 1112 5328 Παυσιμέριμνος,
1154 5253 1382 5324 Ἀπάτη,
1417 5251 1649 5320 Ἢδυμε-

67 5361 172 5430 λὴς,
213 5359 402 5429 Ἔρις.
437 5355 500 5408 Et
532 5353 590 5406 δὲ
620 5349 876 5422 προσέχοι
903 5366 989 5412 τις
1028 5345 1106 5416 τῷ
1133 5343 1310 5398 αὐτῶν
1345 5341 1646 5412 πλάσματι,

68 5519 215 5585 Σιγή,
253 5524 317 5570 ιιι
343 5516 397 5569 in
430 5510 920 5585 caeteris_paril_)us.
954 5509 1029 5561 Ac
1061 5522 1184 5585 eum
1219 5513 1328 5560 tota
1362 5505 1650 5585 ill-ascries

71 5574 213 5658 apud
238 5587 513 5658 irenaaum
560 5591 614 5637 et
641 5574 1037 5658 Tertullianum
1074 5579 1302 5658 legatur,
1338 5575 1467 5644 quid
1505 5574 1648 5644 apud

71 5647 316 5724 singulos
347 5656 629 5724 diversum
663 5654 736 5707 sit
769 5666 869 5705 suo
903 5651 1021 5724 loco
1055 5647 1361 5724 docebitur.

134 5713 248 5795 {'52)
297 5727 468 5783 Οὕτω
501 5722 612 5792 γάρ
644 5739 791 5792 φασι
822 5720 920 5774 καὶ
960 5723 1010 5772 01
1050 5717 1179 5784 περὶ
1213 5717 1318 5769 τῦν
1353 5713 1646 5771 Ἡσίοδον.

1745 4527 1856 4572 tam
1916 4531 2039 4570 esse
2088 4514 2313 4568 Terram
2362 4511 2654 4572 ailirmant,
2688 4509 2794 4568 vel,
2827 4513 2886 4558 ut
2920 4503 3034 4566 alii,
3079 4500 3315 4562 Caelum,

1743 4623 1905 4679 quem
1928 4617 1980 4661 et
2017 4604 2382 4676 liyperionem
2406 4605 2622 4654 vocant.
2641 4594 3012 4662 Eunidemquc
3031 4606 3152 4643 eum
3172 4595 3319 4642 terra

1745 4701 2057 4772 copulatum
2103 4711 2280 4750 mares
2335 4693 2674 4761 fetninasqne
2722 4689 2994 4760 genuisse,
3033 4690 3194 4752 atque
3244 4681 3320 4736 ita

1746 4811 1842 4866 per
1888 4801 2055 4848 totam
2113 4790 2352 4844 fabulam
2428 4785 2683 4842 omnibus
2733 4779 3000 4835 accidisse
3053 4773 3316 4846 reliquis;

1746 4887 2052 4956 cujusmodi
2114 4887 2274 4954 plane
2320 4892 2404 4938 est
2464 4877 2748 4949 nugatoria
2795 4876 2888 4929 illa
2936 4871 3093 4943 Bythi
3163 4879 3324 4939 atque

1749 4977 2144 5035 inextricabilis
2192 4975 2442 5030 historia.
2489 4970 2726 5025 Possunt
2767 4981 2896 5021 vero
2937 4965 3082 5018 hunc
3110 4961 3165 5015 in
3208 4975 3325 5015 mo-

1749 5074 1878 5130 dum
1921 5071 2135 5127 fereilla
2155 5069 2296 5123 inter
2315 5081 2435 5122 sese
2452 5079 2544 5134 per
2566 5060 2816 5130 conjugia
2851 5055 3324 5127 copulari:Chaos,

1751 5166 1888 5229 Nox,
1920 5161 2352 5225 Ercbus,Terra,
2378 5155 2590 5217 ASther,
2615 5153 2758 5215 Dies,
2784 5153 2973 5212 Amor,
2998 5147 3325 5207 Consilium,

1754 5260 1970 5322 Fatum,
2007 5255 2291 5317 IErumna,
2323 5246 2800 5312 Casus,Nemesis,
2844 5243 3076 5306 Momus,
3105 5241 3327 5295 Concu-

1754 5355 1922 5417 bitus,
1960 5349 2126 5410 Mors,
2149 5343 2415 5407 Licentia,
2449 5338 2735 5405 Senectus,
2773 5337 2894 5402 Ate,
2958 5331 3322 5394 Desiderium,

1754 5507 1891 5562 Cum
1941 5501 2203 5558 vocaoula
2258 5499 2398 5568 ipsa,
2449 5511 2565 5568 tum
2609 5493 2742 5568 ordo
2787 5491 3001 5568 illorum
3051 5501 3115 5541 ac
3159 5481 3328 5568 series

1755 5551 2440 5647 ιῖιῖιῖ-ἰτηὶῖιί(Ξῐίιιρεῖυιιίυ
2465 5563 2828 5647 il_l.o_catalogo
2863 5560 3197 5627 discrepant.
3223 5551 3330 5605 Sed"

1759 5637 1812 5701 in
1851 5647 2007 5716 nugis
2049 5642 2391 5713 μικρολογεῖν
2419 5637 2665 5706 putidum
2699 5640 2782 5688 cst
