3814 6350
453 325 563 384 ϐ’ῒ9

1864 323 1922 381 s.
1968 322 2313 378 EPlPllANll
3651 325 3765 380 ά,

456 442 694 503 Ublivio,
731 441 988 506 Somnus,
1037 437 1246 511 Pugna,
1298 439 1621 512 Lysimeles,
1676 440 2037 507 Contumelia,

2169 442 2238 494 :a‘t
2277 440 2564 514 βουληθείη
2611 445 2837 513 γνῶναι,
2869 445 2944 509 ὡς
2976 445 3084 500 ἀπὸ
3125 444 3235 498 τῶν
3278 437 3594 514 κοσμικιῖῑν,
3665 457 3770 493 ac:

457 531 828 602 Euphronios,
859 531 1148 601 Splendor,
1203 533 1474 588 Curarum
1525 533 1800 596 solatium,
1832 531 2029 594 Fraus,

458 623 816 694 Hedymeles,
869 623 991 689 Lis.
1044 624 1124 679 Ac
1171 626 1486 695 quicunque
1543 625 1610 679 ad
1652 625 1776 680 illas
1823 623 2033 679 l'abulas

459 717 698 770 animmn
736 716 1020 784 adjecerit,
1063 733 1126 772 ac
1174 732 1502 786 mgnuscere
1557 716 1702 771 istud
1763 715 2030 780 voluerit;

458 807 916 876 quemadmodum
950 809 1020 862 ab
1043 809 1264 872 exteris,
1290 823 1354 861 ac
1387 807 1717 862 Graecanicis
1751 821 2032 860 commen-

2152 533 2478 603 Ἑλληνικῶν
2513 537 2782 606 ποιήσεων
2803 539 2842 602 ί,
2868 537 2926 602 ἐξ
2946 531 3020 592 ὧν
3046 533 3190 592 οὗτοι
3223 534 3764 608 ἐνεὸροντήθησεε·

2106 652 2110 654 ~
2144 624 2320 693 μάτην
2354 626 2740 691 ἐνθουσιῶντες
2784 628 2820 682 ἃ
2865 629 2940 700 μὴ
2975 629 3075 693 δεῖ,
3116 631 3196 690 είς
3238 627 3676 699 ματαιοπονίαν
3743 639 3774 674 1-

2141 715 2234 767 καὶ
2269 716 2513 787 κάματον
2561 721 2845 792 ἀνωφελῆ,
2905 721 3052 794 εὖροι
3105 722 3172 775 ἂν
3229 720 3434 784 αὐτοὺς
3485 716 3772 771 τοσοῦ-’.τι

2144 805 2345 872 μᾶλλον
2381 809 2849 882 πεπλανημένους.

459 893 551 963 tis,
578 899 723 953 unde
741 899 817 952 illi
844 898 1046 953 frustra
1073 899 1310 952 fanatico
1339 900 1484 952 velut
1537 898 1720 953 furore
1749 897 1814 951 ad
1848 897 2068 966 indigna
2099 897 2348 965 quaedam
2384 899 2594 955 incitati
2623 913 2771 967 sunt,
2813 904 2869 957 in
2933 901 3121 957 irritos
3181 907 3439 966 conatus,
3494 901 3764 954 vaniss

461 1007 714 1060 tuamque
752 992 916 1045 animi
941 991 1343 1045 contentionem
1377 989 1689 1056 inciderint,
1715 990 1873 1058 longe
1895 1003 1990 1043 eos
2030 987 2236 1042 Graecis
2266 991 2398 1058 ipsis
2440 993 2653 1062 turpius
2689 995 2975 1050 aberrasse
3003 995 3236 1064 reperiet

530 1105 621 1163 ιν.
653 1107 733 1160 Ab
768 1107 834 1160 iis
869 1105 1180 1176 primordiis
1235 1104 1399 1159 altius
1446 1101 1757 1173 indagando
1811 1101 2036 1163 sublati,

462 1198 606 1251 aliud
638 1194 910 1266 quoddam
975 1209 1148 1264 genus
1209 1192 1353 1263 quod
1417 1191 1758 1263 llysterema,
1805 1191 1912 1245 hoc
1957 1198 2043 1244 est

461 1292 718 1360 defectum
751 1289 832 1344 vel
855 1289 1131 1358 penuriam
1163 1293 1382 1348 vocant,
1404 1284 1628 1340 furiosis
1655 1285 1771 1338 suis
1805 1283 2040 1354 ingeniis

462 1384 737 1439 invenisse
769 1397 828 1436 se
858 1389 1209 1451 putaverunt.
1251 1379 1407 1433 lluuc
1427 1378 1703 1434 defectum
1738 1379 1875 1432 alias
1905 1374 2038 1431 Om-

461 1477 825 1546 nipotentem,
857 1481 1021 1540 atque
1057 1469 1320 1542 Opiﬁcem
1353 1481 1574 1535 vocant,
1607 1483 2038 1538 naturarumque

464 1566 804 1629 conditorem
837 1578 852 1616 :
888 1579 916 1616 a
941 1578 1049 1633 quo
1079 1572 1131 1617 et
1167 1565 1524 1633 posteriorem
1565 1561 1866 1634 ogdoadem
1920 1566 2042 1631 post

462 1666 719 1728 septenos
751 1655 911 1709 orbes
943 1655 1064 1708 ραιιί
1105 1655 1171 1708 ad
1213 1655 1412 1725 prioris
1467 1655 1731 1726 ogdoadis
1766 1652 2034 1722 exemplar

2214 1101 2286 1155 A'.
2327 1103 2489 1157 ’Ὅθεν
2536 1106 2629 1160 καὶ
2659 1105 2736 1160 ἔτι
2770 1106 3114 1177 ὑψηλοτέρως
3145 1105 3540 1177 ἐξερευνῶντες
3570 1106 3712 1177 asp
3731 1123 3776 1157 ε

2144 1191 2400 1265 ᾠήθησαν
2423 1238 2438 1262 ,
2486 1198 2581 1251 καὶ
2620 1199 2934 1271 ’Υστέρημα
2970 1198 3046 1270 τῷ
3096 1199 3209 1269 ἰδίῳ
3257 1199 3441 1252 αὑτῶν
3480 1199 3786 1268 δαιμονε-

2145 1285 2324 1340 σθέντι
2375 1286 2695 1359 διανοήματι
2747 1289 3024 1360 ἐξευρεῖν,
3067 1288 3201 1358 ὅπερ
3254 1287 3580 1358 ’Υστέρημα
3645 1289 3785 1339 καέ

2145 1379 2568 1451 Παντοκράτορα
2599 1381 2695 1434 καὶ
2729 1379 3071 1451 Δημιουργὸν
3101 1379 3348 1442 καλοῦσι,
3375 1380 3472 1431 καί
3499 1379 3787 1446 κτίστης.

2143 1471 2370 1524 οὑσιῶν·
2399 1473 2489 1540 ἀφ’
2523 1467 2691 1543 οὗπερ
2724 1473 2884 1526 πάλιν
2915 1472 3011 1526 καὶ
3037 1472 3267 1542 ὑστέραν
3309 1470 3542 1540 ὀγδοάδα
3595 1469 3788 1539 μετέ

2146 1563 2286 1617 ἑπτὰ
2329 1565 2596 1636 οὐρανοὺς
2637 1564 2861 1618 καλοῦσι
2895 1565 3037 1618 κατὰ
3075 1563 3170 1636 τὴν
3217 1562 3436 1634 πρώτην
3464 1562 3790 1630 ὐγδςιᾶἱα

2144 1656 2578 1726 ἀφομοιωθεῖσαν
2658 1656 2945 1712 ἐκτίσθαι²
2975 1697 2989 1721 ,
3059 1656 3223 1710 αὑτοῦ
3300 1656 3457 1718 ὖντος
3540 1657 3608 1706 ἐν
3683 1657 3790 1722 τῇ

457 1750 694 1805 cllictam
724 1754 1012 1810 asserunt;
1053 1748 1210 1818 167
1235 1764 1358 1802 cum
1395 1749 1447 1802 in
1473 1747 1719 1817 ogdoade
1755 1751 2044 1800 censeatur

2169 1749 2411 1818 Ογδοάδι,
2437 1749 2530 1804 καὶ
2547 1750 2686 1804 ἑπτὰ
2717 1751 2978 1823 οὑρανοὺς
3001 1751 3116 1820 μετ’
3144 1749 3307 1802 αὑτὸν
3335 1747 3756 1813 πεποιηκότος
3775 1789 3789 1798 .

462 1844 599 1914 ipse,
624 1858 689 1896 ac
713 1849 914 1910 septem
932 1851 1046 1908 post
1081 1859 1138 1896 se
1160 1841 1297 1895 alios
1320 1841 1481 1895 orbes
1506 1838 1841 1909 produxcrit,
1857 1837 2044 1891 Eidem

462 1937 829 2007 Hysteremati
867 1938 1140 1993 sincerum
1175 1934 1539 2000 nescioquem
1562 1947 1790 1996 :eonem,
1824 1945 1887 1984 ac
1906 1930 2046 1984 dcte-

465 2027 629 2082 rioris
657 2045 820 2083 sexus
848 2036 1125 2098 expertem
1163 2034 1435 2080 conantur
1477 2025 1812 2096 adjungere;
1851 2023 1945 2092 qui
1978 2037 2044 2078 eo

465 2118 532 2172 ad
567 2121 1024 2190 complementum
1062 2118 1290 2181 venerit,
1329 2125 1387 2170 ut
1420 2118 1659 2171 animam
1713 2114 2036 2184 requireret.

465 2227 588 2281 quae
619 2228 649 2265 a
674 2219 916 2266 materna
953 2210 1230 2280 Sapientia
1261 2224 1324 2261 ex
1359 2208 1468 2261 alto
1499 2207 1876 2261 descenderat.
1922 2203 2041 2258 Jam

467 2315 598 2353 vero
632 2300 796 2353 etiam
832 2298 1136 2352 Achamoth
1167 2298 1292 2350 ficto
1314 2296 1536 2350 nomine
1567 2296 1860 2349 commenti
1894 2302 2043 2359 sunt,

465 2406 627 2459 quem
660 2400 713 2446 et
750 2390 1105 2454 Salvatm-em,
1145 2396 1198 2443 rt
1233 2387 1573 2450 Tcrminnm,
1607 2395 1659 2442 et
1692 2386 1963 2448 Crucem,
1992 2394 2046 2439 ct

468 2481 787 2546 Finitorcm,
815 2488 870 2534 et
900 2478 1386 2545 Transductorem,
1428 2486 1481 2534 et
1515 2476 1703 2532 Jesum
1745 2476 2043 2546 appellant.

468 2574 559 2635 qui
588 2588 682 2643 per
709 2570 932 2626 Mariam
955 2573 1100 2626 velut
1135 2571 1324 2624 tubum
1345 2569 1692 2638 listulamque
1719 2566 2041 2637 permearit.

469 2663 624 2718 Hunc
652 2679 776 2720 esse
803 2664 984 2718 lumen
1026 2680 1055 2717 a
1094 2662 1380 2731 superiore
1401 2659 1622 2715 Christo
1657 2659 1938 2722 dill'usum,
1976 2657 2046 2711 ob

468 2755 632 2826 idque
682 2758 862 2828 patrio
911 2756 1135 2811 nomine
1172 2754 1382 2808 Lumen
1431 2753 1502 2808 ob
1547 2751 1678 2804 illud
1713 2752 2048 2805 caelestem)-

470 2848 686 2914 miuari,
722 2863 786 2901 ac.
817 2847 884 2900 de
918 2847 1203 2916 superiore
1249 2844 1471 2900 Christo
1493 2882 1508 2906 ,
1544 2840 1835 2911 Verboqne
1884 2839 2046 2894 (λιιι-ἱ·-

471 2949 614 2996 stum
638 2941 825 2995 itidem
866 2950 920 2995 et
959 2939 1216 3003 Verbum,
1270 2939 1363 2993 sed
1404 2946 1458 2991 et
1506 2934 2042 3003 Mentcmprzeteren,

469 3048 534 3086 ac
577 3033 914 3086 Salvatorem
968 3030 1174 3084 vocari.
1224 3028 1487 3082 Eumdem
1542 3041 1705 3095 porro
1752 3023 2042 3079 Parentem

2150 1843 2357 1912 ’Ὠσπερ
2398 1842 2765 1915 Ὑστερήματι
2795 1841 3073 1912 βούλονται
3103 1842 3393 1895 συνάπτειν
3420 1841 3523 1909 μὲν
3552 1839 3790 1907 ἀμιγῆ

2143 1952 2263 1988 τινα
2291 1934 2463 1989 αἰῶνα
2503 1935 2594 1988 καὶ
2630 1935 2954 2006 ἀθήλυντον*
2989 1935 3068 1996 είς
3099 1931 3371 2004 πλήρωμα
3399 1931 3456 1985 δὲ
3494 1929 3786 1982 ἐνταῦθα

2144 2028 2396 2094 ἐλθόντα,
2430 2029 2525 2082 καὶ
2582 2027 2915 2098 ἀναζήτησιν
2943 2026 2964 2057 ³
3005 2026 3104 2096 τῆς
3154 2025 3325 2096 ψυχῆς
3384 2025 3485 2094 τῆς
3522 2022 3784 2077 ἄνωθεν

2143 2120 2251 2174 ἀπὸ
2281 2123 2379 2192 τῆς
2414 2120 2685 2191 μητρικῆς
2727 2121 2926 2188 Σοφίας
2959 2117 3238 2188 ἐλθούσης.
3269 2117 3409 2187 Ἤδη
3435 2116 3537 2169 καὶ
3568 2117 3778 2185 Ἀχαι-

2147 2211 2264 2282 μὼθ
2302 2211 2580 2282 βούλονται
2607 2211 2668 2264 τὸ
2693 2210 2862 2282 ὄνομα
2888 2209 3289 2272 ἀνατυποῦντες
3318 2209 3410 2262 καὶ
3440 2208 3772 2269 πλάττειν,

2143 2303 2202 2356 ὃν
2235 2302 2299 2373 δὴ
2330 2302 2424 2356 καὶ
2453 2302 2683 2372 Σωτῆρα
2724 2301 2910 2364 καλεῖ,
2946 2302 3042 2354 καὶ
3075 2302 3242 2367 Ὄρον
3262 2341 3276 2366 ,
3321 2300 3417 2354 καὶ
3457 2299 3763 2370 Σταυρδν,

2145 2395 2240 2448 καὶ
2275 2393 2585 2465 Ὀροθέτην,
2620 2394 2715 2445 καὶ
2743 2391 3106 2461 Μεταγωγέα,
3141 2393 3235 2444 καὶ
3276 2391 3487 2461 Ἰησοῦν
3517 2391 3616 2444 τὸν
3653 2391 3764 2443 διὰ

2147 2487 2382 2557 Μαρίας,
2405 2486 2479 2550 ὡς
2505 2484 2592 2538 διὰ
2621 2484 2878 2555 σωλῆνος,
2918 2483 3274 2556 παρελθόντα.
3309 2481 3457 2538 Εἶναι
3483 2483 3542 2534 δέ
3565 2482 3761 2534 αὑτὸν

2148 2579 2262 2648 φῶς
2295 2577 2401 2632 ἀπὸ
2434 2577 2526 2632 τοῦ
2588 2577 2700 2631 ἄνω
2742 2576 3007 2649 Χριστοῦ,
3037 2576 3131 2631 καὶ
3175 2576 3262 2629 διὰ
3308 2573 3465 2628 τοῦτο
3500 2590 3756 2644 πατρω-

2146 2670 2390 2740 νυμικῶς
2438 2669 2718 2724 καλεῖσθαι
2759 2669 2879 2734 Φῶς
2916 2669 3004 2724 διὰ
3036 2669 3098 2722 τὸ
3131 2670 3243 2723 ἄνω
3289 2668 3423 2738 φῶς,
3455 2669 3554 2719 καὶ
3589 2667 3752 2735 Χρι-

2150 2763 2271 2815 στὸν
2298 2761 2385 2815 διὰ
2422 2762 2513 2814 τὸν
2542 2761 2654 2816 ἄνω
2691 2761 2944 2831 Χριστὸν,
2992 2759 3087 2815 καὶ
3132 2760 3304 2828 Λόγον
3341 2757 3430 2810 διὰ
3475 2757 3573 2809 τὸν
3623 2757 3754 2811 ἅνω

2148 2851 2338 2920 Λόγον,
2372 2851 2463 2904 καὶ
2489 2851 2631 2905 Νοῦν
2655 2851 2916 2914 ὡσαύτως
2947 2851 3174 2920 Σωτῆρα
3213 2849 3488 2918 λέγεσθαι.
3529 2847 3649 2900 Ἀεὶ
3681 2846 3750 2899 δὲ

2149 2941 2498 3013 ὑπερϐαίνειν
2522 2942 2614 2996 τὸν
2643 2942 2807 2996 αὑτοῦ
2834 2942 3064 3014 πατέρα,
3088 2943 3179 2995 τὸν
3202 2947 3407 3012 Δημιου
3419 2943 3546 3012 ργόν
3568 2958 3580 2970 ο
3611 2956 3747 2991 συν⁸

2150 3033 2440 3103 αναφέρειν
2461 3033 2517 3086 δὲ
2542 3034 2668 3098 τοὺς
2694 3033 2843 3104 αὑτῷ
2871 3033 3226 3104 πειθομένους
3256 3033 3370 3102 ἅμα
3407 3029 3559 3101 αὑτῷ
3593 3030 3745 3101 πρὸς

471 3142 670 3187 suum,
707 3125 812 3179 hoc
846 3131 928 3177 cst
961 3121 1312 3176 Conditorem
1367 3117 1798 3173 transcendere:
1847 3129 1911 3168 ac
1955 3115 2047 3184 qui

2169 3125 2256 3188 τὰς
2274 3125 2385 3178 ἄνω
2420 3125 2682 3195 συζυγίας
2711 3125 2804 3178 τοῦ
2841 3125 3225 3196 πληρώματος.
3257 3126 3363 3178 Καὶ
3388 3119 3432 3177 ὦ
3467 3124 3570 3193 τῆς
3602 3123 3741 3176 τοῦθ

473 3218 572 3272 sibi
621 3216 778 3271 (idem
833 3216 1105 3277 habeant,
1157 3211 1221 3266 ad
1277 3225 1533 3281 suprema
1589 3208 1678 3262 illa
1735 3207 2050 3276 pleromatis

471 3310 701 3379 collegia
725 3323 908 3364 secum
941 3307 1188 3361 evehere.
1223 3303 1267 3358 Ο
1289 3319 1464 3374 nugas
1483 3301 1766 3371 anilesque
1800 3299 2046 3353 fabulas!

473 3402 586 3473 Ego
620 3417 748 3456 vero
780 3399 1138 3454 nihilominus
1158 3412 1242 3459 ea,
1273 3397 1350 3451 uti
1385 3411 1505 3452 sum
1532 3393 1838 3465 pollicitus,
1875 3405 2050 3460 expo-

473 3511 634 3559 nam;
663 3501 830 3561 nique
874 3491 979 3561 ipsi
1033 3490 1098 3544 ad
1146 3498 1430 3559 poetarum
1457 3503 1520 3540 ac
1559 3485 1850 3556 gentilium
1901 3499 2053 3537 com-

475 3593 659 3639 menta
700 3584 890 3638 deliria
926 3599 1023 3638 sua
1057 3582 1282 3652 propius
1316 3577 1808 3634 accommodarint.
1847 3575 2054 3630 Practer

475 3677 612 3739 haec,
655 3675 955 3730 secundum
997 3672 1376 3728 Tricenarium
1437 3671 1613 3736 illum,
1649 3669 1890 3725 medium
1935 3667 2054 3721 uni-

476 3783 601 3822 cum
642 3783 837 3822 non'ien
895 3782 956 3821 ac
1001 3768 1119 3820 sine
1160 3764 1374 3817 felninaz
1406 3765 1693 3818 consortio
1744 3760 2052 3816 solitarium

476 3866 883 3929 excogitat-unt;
914 3869 1026 3914 tum
1071 3860 1234 3912 aliam
1300 3871 1522 3913 rursum
1551 3870 1580 3908 a
1610 3854 1908 3910 Conditore
1937 3866 2058 3922 pro-

471 3953 718 4029 ductam,
747 3968 812 4005 ac
847 3952 1069 4024 perinde
1115 3952 1168 4004 iu
1214 3948 1367 4020 paria
1413 3948 1678 4018 digestam
1713 3943 2053 4016 Ogdoadem.

477 4045 650 4114 Cujus
685 4045 803 4099 hazc
825 4052 954 4099 sunt
982 4044 1286 4098 vocabula:
1329 4040 1682 4110 Exepaphus,
1720 4035 2054 4108 Porphyrio,

477 4136 713 4198 Clotho,
760 4136 1036 4199 Rhuaces,
1087 4134 1371 4197 Lachesis,
1424 4130 1747 4202 Epiphaon,
1797 4129 2055 4198 Atropos,

479 4231 774 4304 l-lypcrion,
822 4230 1106 4298 Asterope.
1161 4224 1443 4296 Ejusmodi
1496 4232 1779 4294 poetarum
1826 4222 2054 4275 istorum

479 4334 564 4382 est
595 4338 777 4386 scena,
804 4336 925 4392 quae
960 4328 1013 4375 et
1041 4319 1178 4374 alias
1217 4316 1651 4389 quamplurimas
1690 4314 1944 4377 deorum,
2000 4322 2059 4369 ut

479 4424 700 4478 vocant,
744 4412 1137 4484 appellationes
1170 4410 1437 4474 continet,
1468 4407 1705 4463 marium
1739 4422 1804 4460 ac
1836 4406 2058 4461 l'cmina-

480 4525 625 4571 rum,
661 4523 782 4577 qua:
818 4507 974 4560 aliter
1004 4505 1071 4558 ab
1106 4504 1228 4558 aliis
1261 4511 1542 4572 conceptre
1580 4501 1648 4554 ad
1695 4514 1899 4553 ccccxv
1939 4513 2058 4569 per-

480 4602 725 4655 veniunt.
756 4597 1082 4664 Quinetiam
1127 4596 1191 4649 ad
1225 4595 1456 4648 aliarqu
1494 4593 1774 4648 haareseon
1801 4606 1919 4660 qum
1953 4590 2056 4646 sibi

482 4693 748 4759 tragicam
784 4685 1092 4742 istiusmodi
1129 4700 1380 4756 pompam
1420 4686 1721 4749 asciscunt,
1757 4698 2060 4754 propagan-

483 4785 582 4840 das
610 4783 872 4852 origines,
909 4795 1044 4834 nova
1075 4779 1322 4850 quaedam
1347 4777 1608 4833 addidere
1644 4777 1877 4832 somnia.

540 4898 750 4952 Etenim
763 4906 885 4967 post
894 4897 1173 4967 superiora
1187 4893 1276 4947 illa
1292 4893 1506 4947 nomina
1522 4888 2060 4960 l-Iesiodus,0rpheus

485 4999 538 5045 et
553 4988 904 5044 Stesichorus
921 4996 1078 5042 natos
1088 5001 1210 5042 esse
1240 4983 1651 5040 dicuIitleum
1670 4990 1724 5036 et
1744 4979 2058 5045 Tartarum,

489 5081 786 5134 Saturnum
818 5093 883 5134 ac
901 5077 1131 5146 Rheam,
1176 5077 1364 5133 Jovem
1408 5081 1462 5130 et
1497 5073 1802 5137 Iunonem,
1842 5073 2063 5142 Apollo-

487 5185 632 5225 ncm.
669 5165 999 5237 Neptunum,
1048 5178 1207 5237 atque
1238 5166 1552 5227 Plutonem,
1589 5164 1870 5230 aliosque,
1919 5176 2060 5229 quos

489 5259 804 5329 singillatim
836 5268 1143 5323 recensent,
1192 5258 1532 5312 innumeros.
1569 5254 1859 5310 Fecundus
1912 5253 2058 5332 enim

491 5351 706 5405 illorum
743 5365 900 5404 error
927 5359 1031 5410 est,
1065 5364 1128 5422 ac
1163 5350 1466 5420 multiplex,
1486 5349 1579 5418 qui
1603 5345 1843 5402 absurda
1871 5343 2061 5399 nescio

491 5459 612 5514 qua:
633 5441 1021 5495 vocabulorum
1057 5421 1300 5496 monstra
1331 5439 1663 5510 parturiens,
1693 5447 1857 5508 atque
1895 5450 2064 5490 exco-

493 5533 695 5602 gitaus,
720 5530 987 5585 inﬁnitam
1034 5530 1340 5585 fabularum
1365 5540 1601 5601 segetem
1633 5527 1894 5599 proludit.
1918 5525 2050 5593 Qua)

2150 3233 2257 3269 των
2287 3217 2556 3288 ληρῳδίας
2582 3219 2676 3272 καὶ
2701 3217 2970 3290 τοσαύτης
3013 3219 3394 3289 ματαιολογίας
3416 3207 3434 3271 ί
3466 3216 3739 3288 Παραθή-

2155 3326 2316 3380 σομαι
2346 3309 2422 3370 δέ,
2448 3309 2524 3374 ὡς
2558 3313 2836 3380 προεῖπον,
2863 3312 2955 3364 καὶ
2982 3311 3058 3375 ὡς
3083 3313 3235 3364 αὑτοὶ⁵
3270 3307 3595 3373 συνέζευξαν
3618 3311 3737 3371 τοῖς

2153 3404 2458 3472 ποιητικοῖς
2520 3403 2614 3455 καὶ
2685 3402 3000 3474 ἐθνομὺθοις
3058 3402 3338 3472 πλάσμασι
3404 3402 3502 3471 τὴν
3552 3400 3738 3453 αὐτῶν

2153 3492 2216 3562 λη
2227 3491 2494 3563 ρολογίαν.
2533 3493 2689 3565 Μετὰ
2720 3493 2815 3565 τὴν
2863 3493 3234 3566 Τριακοντὰδα
3264 3493 3320 3546 δὲ
3357 3491 3418 3544 τὸ
3449 3491 3508 3543 ἓν
3559 3490 3736 3560 ὄνομα

2158 3586 2323 3655 μέσον
2366 3584 2459 3637 καὶ
2512 3585 2840 3655 ἁθήλυντον,
2902 3586 2996 3638 καὶ
3063 3587 3179 3654 μετ’
3232 3583 3392 3637 αὑτὸν
3439 3583 3538 3654 τὴν
3587 3583 3734 3635 κατα

2157 3675 2419 3742 συζυγίαν
2477 3674 2637 3727 πάλιν
2667 3675 2909 3744 Ογδοάδα
2949 3676 3262 3746 εὑρεθεῖσαν
3313 3675 3419 3729 ἀπὸ
3472 3674 3567 3728 τοῦ
3624 3680 3730 3746 Δη-

2160 3763 2417 3836 μιουργοῦ
2470 3763 2632 3818 πάλιν
2683 3765 2987 3836 δυναμένην
3035 3765 3319 3838 χαλκοῦτω
3363 3765 3729 3822 συντίθεσθαι.

2155 3858 2266 3912 Καὶ
2294 3858 2409 3910 ἐστι
2448 3855 2518 3909 τὰ
2540 3856 2776 3927 ὀνόματα
2805 3856 2950 3910 τάδε’
2985 3857 3202 3928 πρῶτος
3232 3857 3554 3928 Ἐξέπαφος,
3591 3859 3728 3929 Πορ-

2159 3951 2385 4022 φυρίων,
2413 3947 2635 4012 Κλωθὼ,
2666 3948 2917 4013 Ῥὺακος,
2943 3949 3194 4020 Λάχεσις,
3214 3951 3512 4020 Ἐπιφάων,
3538 3951 3727 4022 Ἀτρο-

2159 4058 2295 4104 πος,
2355 4039 2654 4110 Ὑπερίων,
2687 4037 3015 4110 Ἀστεροπή.
3077 4041 3186 4094 Καὶ
3226 4040 3361 4112 αῦτη
3406 4041 3504 4111 μὲν
3551 4042 3582 4110 ἡ
3622 4041 3727 4094 τῶν

2161 4130 2402 4203 ποιητῶν
2432 4131 2640 4185 τούτων
2689 4131 2862 4202 σκηνὴ
2888 4171 2903 4195 ,
2939 4131 3137 4202 ἔχουσα
3170 4133 3264 4185 καὶ
3318 4131 3483 4197 ἄλλας
3532 4133 3726 4196 πολλὰς

2157 4223 2474 4294 ὀνομασίας,
2499 4222 2636 4276 θεῶν
2670 4223 2796 4296 παρ’
2830 4223 3014 4286 αὑτοῖς
3045 4223 3461 4294 ὀνομαζομένων
3489 4224 3725 4296 ἀρρένων

2159 4332 2219 4367 τε
2251 4315 2345 4369 xal.
2378 4313 2625 4384 θηλειῶν,
2663 4313 2834 4377 ἄλλως
2863 4314 3014 4384 παρα
3050 4331 3162 4367 τισι
3205 4313 3533 4386 λεγομένων,
3575 4315 3722 4368 δυνα-

2167 4406 2346 4477 μένων
2375 4407 2600 4476 ποιῆσαι
2646 4409 2742 4460 καὶ
2777 4407 3105 4477 τριακοσίων
3141 4407 3569 4478 ἐξηκονταπέντε
3609 4409 3721 4480 ἀρι-

2167 4498 2323 4569 θμὸν,
2355 4499 2446 4552 καὶ
2474 4499 2552 4552 ἔτι
2581 4500 2662 4563 εἰς
2687 4499 2958 4570 πρόφασιν
2982 4499 3091 4552 τῶν
3131 4498 3306 4552 ἄλλων
3337 4501 3595 4570 αἱρέσεων
3622 4501 3721 4555 τῶν

2166 4590 2369 4662 ταύτην
2398 4590 2557 4643 πάλιν
2586 4589 2682 4661 τὴν
2708 4590 2975 4662 τραγικὴν
3018 4588 3272 4643 ὑπόθεσιν
3313 4589 3718 4662 ἐνστησαμένων

2166 4681 2616 4752 ὀνειρωττὸντων.

2238 4880 2390 4934 Μετά
2428 4882 2534 4954 γὰρ
2570 4881 2637 4934 τὰ
2667 4880 3037 4953 προειρημένα
3081 4879 3320 4950 ὀνόματα
3349 4896 3513 4948 φασιν
3536 4869 3717 4950 οἱπερὶ

2179 4973 2421 5026 Ἡσίοδον
2439 4973 2532 5025 καὶ
2549 4972 2752 5044 Ὀρφέα
2783 4974 2874 5026 καὶ
2891 4972 3219 5044 Στησίχορον
3235 4971 3590 5041 γεγεννῆσθαι
3622 4972 3713 5024 Οὑ-

2171 5065 2332 5138 ρανόν
2360 5083 2420 5117 τε
2449 5066 2543 5118 καὶ
2573 5065 2875 5135 Τάρταρον,
2895 5065 3100 5136 Κρόνον
3130 5081 3189 5116 τε
3218 5064 3314 5116 καὶ
3351 5065 3527 5130 Ῥέαν,
3553 5066 3639 5117 Δία
3663 5082 3710 5117 τε

2169 5159 2264 5212 καὶ
2293 5159 2364 5210 ’Ἤ
2374 5175 2490 5229 ραν,
2519 5159 2613 5211 καὶ
2641 5157 2971 5220 Ἀπόλλωνα,
3005 5156 3312 5210 Ποσειδῶνά
3347 5173 3406 5209 τε
3450 5159 3538 5210 καὶ
3568 5158 3712 5210 Πλου-

2170 5267 2339 5311 τωνα.
2372 5252 2465 5303 καὶ
2501 5249 2725 5322 μυρίους
2762 5249 2948 5302 λοιπὸν
2990 5250 3116 5312 τοὺς
3159 5249 3286 5320 παρ’
3332 5250 3513 5314 αὑτοῖς
3545 5251 3711 5319 ὄνομα·

2173 5341 2449 5414 ζομένους.
2486 5341 2662 5412 Πολλὴ
2692 5341 2800 5414 γὰρ
2827 5341 3030 5394 τούτων
3063 5344 3095 5412 ἡ
3123 5341 3378 5412 ἁπατηλὴ
3407 5341 3465 5406 ἐξ
3493 5343 3711 5405 ὑπονοίας

2176 5435 2372 5506 πλάνη,
2409 5435 2443 5504 ἦ
2476 5452 2561 5497 τις
2603 5434 2936 5502 κενοφωνίαν
2969 5435 3364 5504 ὲγκισσήσασα,
3397 5435 3490 5486 καὶ
3519 5433 3708 5504 ἐξευρα-

2160 5527 2300 5600 μένη
2335 5527 2562 5590 πολλοὺς
2609 5527 2808 5598 μύθους
2845 5525 3252 5598 ὲποιητεύσατο.
3284 5526 3396 5579 Καὶ
3429 5524 3563 5595 αῦτη
3588 5525 3708 5580 ἐστὶν

574 5735 590 5764 ¹
620 5750 708 5804 γρ.
741 5731 994 5805 ποιητῶν.
1071 5737 1088 5766 ³
1121 5733 1182 5791 ν.
1225 5734 1406 5788 Codex
1438 5727 1680 5787 ἐκτίσθαι
1715 5733 1950 5804 λέγουσι.
2027 5733 2047 5765 ³
2080 5730 2139 5786 F.
2176 5730 2283 5784 ἀπὸ
2315 5729 2680 5803 πληρώματος
2712 5729 2791 5797 δέ,
2824 5738 2877 5786 et
2907 5730 3026 5782 κατ’
3066 5728 3416 5800 ἀναζήτησιν.
