3814 6286
507 243 614 298 485

1902 239 1962 294 S.
2003 237 2347 293 EPII’HANII

3689 233 3788 293 484

508 353 576 407 iis
617 352 707 421 qui
739 367 803 405 ex
857 351 977 422 ipso
1009 358 1064 408 et
1115 351 1169 406 in
1211 365 1331 421 Ipso
1374 363 1521 414 sunt,
1552 366 1672 406 sese
1724 349 2070 420 patefaceret.

2178 350 2341 422 θηλυν
2370 350 2656 404 ἀντίτυπον
2685 365 2784 423 της
2813 348 3118 424 προσούσης
3150 353 3166 383 ⁸
3195 351 3481 424 Τετράδος,
3539 351 3695 420 ἣτις
3729 346 3788 422 ἧι

506 443 700 498 Postea
760 440 1015 498 Veritatis
1065 454 1365 496 maternam
1429 441 1731 511 pruniciam
1785 440 2072 510 proferens

503 544 786 604 parentem
845 549 1004 589 suum
1053 535 1120 588 ad
1165 533 1324 605 169
1367 534 1451 588 sui
1513 548 1753 587 amorem
1785 532 2070 602 pertraxit.

504 623 684 692 Quare
712 623 874 678 ambo
930 623 1247 692 incorrupta
1298 623 1669 692 c0pulatione,
1697 637 1761 676 ac
1789 635 2072 691 nunquam

504 725 822 774 senescente
854 716 1243 786 conjunctione
1275 716 1550 771 commisti
1597 725 1752 771 sunt.
1782 714 1937 770 Unde
1959 714 2076 783 spi-

507 810 683 863 ritalis
727 809 960 861 marium
1021 822 1084 861 ac
1127 806 1449 861 feminarum
1529 806 1792 877 quadriga
1849 807 2072 878 prodiit,

507 899 707 970 prioris
755 900 982 953 alterius
1037 898 1266 964 similis,
1315 914 1438 969 quae
1496 899 1562 954 iis
1590 906 1844 968 quatuor,
1877 898 2070 970 Bytho,

507 988 653 1059 Sige,
682 988 862 1051 Patre,
904 1003 966 1041 ac
991 985 1235 1042 Veritate
1275 988 1587 1043 constabat.
1624 986 1907 1042 Posterior
1942 1003 2074 1043 vero

507 1081 597 1134 illa
650 1096 716 1135 ex
760 1080 919 1135 Patre
971 1095 1036 1135 ac
1092 1080 1218 1151 Sige
1261 1080 1525 1150 producta
1564 1079 1676 1134 haec
1719 1087 1835 1134 est:
1877 1078 2072 1146 Homo,

507 1169 785 1236 Ecclesia,
834 1169 1070 1235 Sermo,
1126 1170 1271 1224 Vita.
1335 1170 1492 1224 Tunc
1553 1170 2074 1240 comprehendentis
2107 1168 2124 1185 '

505 1263 687 1316 omnia
719 1262 875 1333 Bythi
901 1244 1180 1317 voluntate
1207 1261 1380 1316 Homo
1430 1271 1594 1331 atque
1634 1261 1876 1318 Ecclesia
1894 1272 2074 1332 pater-

505 1368 700 1407 norum
729 1368 1044 1408 sermonum
1103 1367 1372 1408 memores
1418 1353 1761 1430 invicemque
1789 1354 2072 1424 congressi

501 1445 863 1499 Prunicorum
912 1445 1148 1502 marium
1211 1459 1275 1498 ac
1349 1443 1670 1498 feminarum
1731 1445 2070 1502 Dodecadem

501 1541 860 1604 procrearunt
890 1553 903 1589 :
939 1551 1118 1590 mares
1168 1535 1420 1590 videlicet
1497 1535 1656 1592 istos,
1711 1533 2070 1599 Paracletutn,

500 1624 831 1688 Paternum,
900 1625 1226 1688 Maternum,
1279 1625 1498 1686 Ainum,
1563 1622 1869 1688 Theletum,
1929 1626 2072 1695 quod

2173 443 2379 508 Βυθὸς,
2424 443 2584 513 Σιγὴ,
2617 443 2837 513 Πατὴρ,
2868 443 3139 515 ’Δλήθεια.
3186 443 3334 513 Λῦτη
3377 443 3435 496 δὲ
3469 445 3508 513 ἡ
3573 445 3656 495 ἐκ
3699 441 3788 495 eos]

2173 536 2387 606 Πατρὺς
2425 536 2518 588 καὶ
2547 535 2647 606 τῆς
2686 536 2851 606 Σιγῆς
2895 535 3123 608 Τετράς,
3154 534 3492 606 Ἀνθρωπος,
3533 533 3788 602 Ἑκκλιγ

2175 627 2284 692 σία,
2319 627 2510 696 Λόγος,
2545 629 2689 698 Ζωή.
2717 627 2850 680 Τότε
2877 627 2970 680 τοῦ
3007 628 3182 680 πάντα
3209 627 3574 698 περιέχοντος
3604 625 3788 679 Βυιθοέ

2175 718 2436 790 θελήματι
2479 721 2508 772 6
2545 719 2862 790 Ἀνθρωπος
2905 720 3000 773 καὶ
3044 721 3078 789 ἡ
3124 718 3420 787 Ἐκκλησία
3468 715 3788 788 πατρικῶν

2178 811 2506 883 μνησθέντες
2533 810 2706 879 λόγων
2733 811 2997 881 συνῄεσαν
3020 812 3251 873 ἑαυτοῖς,
3279 811 3374 862 καὶ
3403 809 3788 863 ἀποδεικνῦσι

2175 903 2456 956 Δωδεκάδα
2501 903 2840 974 Προυνείκων
2878 903 3257 974 ἀρῤενόθηλυν.
3293 902 3357 954 Οἱ
3403 897 3494 954 οὖν
3528 900 3788 972 ἇῤῥενές

2176 993 2281 1044 εἱσι
2331 991 2715 1063 Παράκλητος,
2766 991 3077 1061 Πατρικὸς,
3121 989 3431 1061 Μητρικὸς,
3480 989 3788 1050 Ἀείνους,

2174 1082 2426 1154 Θελητὸς,
2463 1083 2491 1135 ὅ
2520 1084 2635 1134 ἑστι
2658 1083 2797 1147 Φῶς,
2828 1080 3329 1152 Ἐκκλησιαστικός.
3363 1081 3431 1132 Ai
3456 1079 3513 1133 δὲ
3548 1079 3788 1150 Θήλειαι

2175 1176 2364 1238 Πίστις
2383 1214 2399 1239 ,
2428 1175 2614 1234 Ἐλπὶς
2633 1217 2648 1240 ,
2678 1175 2890 1246 ’Λγάπη
2912 1215 2926 1239 ,
2967 1175 3218 1237 Σύνεσις,
3256 1173 3528 1244 Μακαρία,
3569 1173 3787 1240 Σοφία,

2178 1267 2469 1336 μετέπειτα
2500 1266 2558 1320 δὲ
2606 1266 2776 1333 Λόγος
2821 1265 2916 1318 καὶ
2961 1266 3103 1334 Ζωή.
3158 1265 3266 1317 Καὶ
3313 1265 3484 1326 αὐτοὶ,
3547 1263 3622 1314 τὸ
3679 1261 3787 1328 τῆς

2174 1359 2431 1421 αἰνέσεως
2475 1356 2884 1420 ἁναπλάσαντες
2928 1356 3188 1427 δώρημα,
3222 1357 3434 1417 ἑαυτοῖς
3465 1351 3783 1420 ἐκοινώνη-

2176 1466 2294 1502 σαν.
2320 1445 2428 1503 Ἶίν
2465 1449 2521 1500 δὲ
2554 1451 2586 1520 ἡ
2625 1448 2876 1501 κοινωνία
2919 1433 3096 1500 αὐτῶν
3135 1448 3196 1499 τὸ
3224 1446 3452 1516 θέλημα.
3487 1445 3610 1496 Καὶ
3650 1459 3787 1493 συνα

2173 1535 2417 1599 ελθόντες
2448 1536 2782 1602 ἁνεδείξαντο
2807 1535 3018 1590 Δεκάδα
3057 1536 3419 1605 Προυνείκων,
3448 1533 3545 1586 καὶ
3581 1530 3780 1585 αὐτῶν

2175 1627 2622 1698 ἀρρενοθηλειῶν.
2679 1621 2777 1679 Ὦν
2827 1629 2875 1680 οἱ
2926 1628 3026 1696 μὲν
3073 1625 3297 1696 ἄρῤενές
3356 1625 3464 1677 εἰσι
3519 1623 3779 1685 Βύθιος,

501 1718 642 1772 idem
679 1728 761 1773 est
805 1733 867 1771 ac
901 1717 1132 1782 Lumen,
1160 1716 1637 1779 Ecclesiasticum;
1668 1714 1894 1770 feminas
1927 1731 2070 1784 vero,

2178 1719 2506 1790 ’Λγήρατος,
2556 1719 2840 1788 Λύτοφυὴς
2859 1760 2873 1782 ,
2905 1719 3233 1788 Μονογενὴς,
3259 1717 3565 1787 ’Λκὶνητος.
3602 1709 3774 1767 οὗτοι

500 1807 713 1873 Fidem,
735 1810 919 1879 Spem,
951 1809 1308 1872 Charitatem,
1333 1807 1771 1876 Intelligentiam,
1805 1805 2070 1862 Fortuna-

500 1907 634 1964 tam,
668 1899 1024 1969 Sapientiam.
1057 1899 1262 1954 Deinde
1295 1897 1486 1952 Sermo
1517 1912 1581 1950 ac
1614 1895 1732 1951 Vita
1761 1899 1925 1952 etiam
1965 1899 2067 1968 ipsi

502 1992 679 2046 laudis
708 2007 905 2045 munus
927 1990 1264 2060 ellingentes,
1291 2005 1476 2045 secum
1501 1990 1732 2044 invicem
1766 1992 2070 2046 consociati

502 2093 651 2138 sunt.
671 2081 802 2148 Qua:
824 2083 1044 2152 quidem
1061 2082 1397 2138 consociatio
1419 2083 1698 2138 voluntate
1715 2083 1830 2137 sola
1849 2093 2070 2153 peracta

2176 1811 2275 1882 τὴν
2302 1810 2684 1882 προσωνυμίαν
2717 1810 2813 1880 τὴν
2844 1813 2863 1841 ²
2892 1809 3048 1876 δόξαν
3077 1809 3170 1862 τοῦ
3203 1808 3380 1861 πάντα
3409 1807 3778 1879 περιέχοντος

2180 1905 2521 1974 ἐποιήσαντο.
2559 1904 2622 1955 Ai
2655 1903 2712 1955 δὲ
2749 1903 2980 1972 θήλειαι,
3009 1900 3190 1964 Μίξις,
3217 1900 3469 1964 Ἒνωσις,
3498 1898 3778 1969 Σύγκρα-

2182 2011 2286 2058 σις,
2325 1994 2576 2064 Ἐνότης,
2625 1994 2838 2063 Ἡδονήο
2865 1993 2959 2046 καὶ
3006 1987 3161 2046 αὗται
3215 1991 3312 2061 τὴν
3365 1988 3773 2060 προσωνυμίαν

2179 2086 2258 2147 είς
2293 2085 2450 2152 δόξαν
2479 2086 2578 2156 τῆς
2603 2085 2766 2155 Σιγῆς
2799 2085 3269 2155 περιεποιήσαντο,

502 2185 600 2230 est.
623 2174 765 2244 Ergo
797 2173 938 2227 inter
964 2187 1084 2227 sese
1114 2173 1389 2228 commisti
1414 2170 1774 2227 Prunicorum
1806 2172 2066 2228 decadem
2106 2190 2169 2228 ex
2229 2177 2471 2230 maribus
2497 2191 2744 2245 peraeque
2780 2189 2843 2230 ac
2876 2174 3096 2230 feminis
3139 2181 3484 2230 constantem
3550 2187 3772 2244 genue-

501 2280 650 2325 runt.
706 2269 878 2337 Cujus
935 2269 988 2322 hi
1039 2275 1169 2323 sunt
1222 2282 1439 2322 mares:
1477 2267 1726 2338 Bythius,
1782 2268 2073 2338 Ageratus,
2113 2270 2749 2341 Autophyes,Unigena,
2800 2265 3210 2323 lmmobilis.lli
3287 2269 3354 2323 ad
3419 2267 3775 2322 continentis

501 2363 682 2417 omnia
717 2359 1129 2415 contestandam
1161 2359 1388 2428 gloriam
1441 2359 1660 2412 sibimet
1714 2359 1836 2428 ejus
1890 2361 2307 2430 appellationem
2338 2361 2672 2417 indiderttnt.
2706 2361 2944 2417 Femina:
2971 2376 3099 2415 vero
3125 2371 3252 2415 sunt
3316 2361 3497 2416 Mistio
3534 2379 3548 2414 :
3595 2361 3766 2423 Unio,

504 2453 866 2524 Temperatio,
897 2450 1114 2519 Unitas,
1148 2450 1436 2521 Voluptas.
1495 2451 1631 2517 Quae
1690 2467 1881 2508 omnes
1939 2453 2006 2507 ad
2059 2453 2322 2508 honorem
2389 2454 2543 2526 Siges
2601 2455 2929 2526 pertinentia
2973 2455 3234 2510 vocabula
3283 2455 3536 2510 similiter
3599 2470 3769 2509 usur-

503 2563 567 2618 pa
577 2556 722 2602 runt.

577 2641 659 2696 Vl.
697 2642 834 2696 Cum
857 2642 1022 2712 igitur
1053 2642 1338 2698 absolutus
1368 2642 1472 2698 hoc
1506 2643 1668 2698 modo
1701 2641 1960 2697 Veritatis
1989 2655 2072 2711 pa-

2253 2641 2342 2706 ς’.
2374 2638 2808 2709 Τετελειωμένης
2829 2633 2922 2692 οὖν
2949 2638 3048 2708 τῆς
3072 2638 3209 2692 κατὰ
3232 2639 3448 2711 Πατέρα
3470 2639 3765 2711 Ἀληθείας

503 2727 674 2789 remis
715 2730 1088 2791 ‘Tricenarius
1137 2734 1311 2800 foret,
1361 2751 1520 2806 quem
1587 2735 1789 2788 terreni
1835 2734 2072 2788 homines

2183 2731 2501 2802 Τριακάδος,
2538 2733 2604 2801 ἥν
2630 2731 2679 2783 οἱ
2705 2730 2932 2798 ἐπίγειοι
2959 2730 3032 2800 μὴ
3058 2731 3404 2799 ἐπιστάμενοι
3437 2731 3762 2802 ἀριθμοῦσι,

504 2827 817 2896 ignorantes
862 2834 1190 2889 munerant,
1232 2835 1442 2882 etcum
1495 2827 1560 2880 ad
1608 2827 1784 2896 ipsum
1821 2839 2072 2894 pervene-

2184 2822 2279 2873 καὶ
2321 2821 2518 2873 ὁπόταν
2553 2820 2779 2873 ἔλθωσιν
2813 2821 2899 2872 ἐπ’
2927 2820 3126 2889 αὐτὴν,
3164 2821 3358 2890 μηκέτι
3395 2820 3638 2890 ἀριθμὸν
3679 2820 3766 2872 εὑ-

501 2918 634 2981 rint,
666 2918 818 2971 nullo
852 2919 1085 2988 amplius
1114 2926 1332 2987 reperto
1370 2933 1621 2980 numero,
1664 2917 1857 2971 iterato
1882 2916 1935 2968 in
1963 2929 2072 2970 sese

2190 2910 2501 2982 ρίσκοντες,
2546 2909 2908 2963 ἀνακυκλοῦσι
2955 2911 3114 2964 πάλιν
3153 2909 3511 2981 ἀριθμοῦντες
3565 2912 3758 2980 αὐτήν.

502 3017 777 3064 retexunt.
821 3008 1100 3077 Ejusmodi
1136 3017 1316 3064 autem
1364 3010 1453 3063 ille
1487 3018 1607 3063 est:
1640 3008 1880 3078 Bythus,
1923 3005 2082 3075 Sige,

503 3099 686 3163 Pater,
727 3100 965 3165 Veritas,
1011 3099 1204 3158 llomo.
1247 3100 1514 3164 Ecclesia,
1547 3100 1758 3162 Sermo,
1794 3097 1934 3163 Vita,
1979 3096 2084 3150 Pa-

2191 3004 2346 3055 Ἔστι
2371 3003 2425 3054 δὲ
2456 3002 2643 3065 Βυθὸς,
2675 3001 2828 3072 Σιγὴ,
2871 3001 3078 3072 Πατὴρ,
3104 3000 3376 3072 Ἀλήθεια,
3411 3001 3759 3073 Ἄνθρωπος,

2185 3093 2498 3163 Ἐκκλησία,
2523 3093 2716 3162 Λόγος,
2749 3092 2890 3163 Ζωὴ,
2924 3091 3213 3162 Πατρικὸς,
3238 3092 3543 3163 Μητρικδς,
3575 3094 3760 3164 Παρὰ-

504 3199 717 3252 ternus,
747 3190 1048 3252 Maternus,
1083 3188 1418 3255 Paracletus,
1459 3187 1954 3256 Ainus,Theletus.
1992 3188 2072 3244 Ec

2187 3187 2402 3256 κλητος,
2429 3186 2684 3250 ’Λείνους,
2716 3183 2966 3255 Θελητδς,
2999 3183 3506 3254 Ἑκκλησιαστικὸς,
3543 3185 3756 3248 Πίστις,

506 3281 883 3344 clesiasticus,
919 3281 1112 3346 Fides,
1146 3281 1315 3352 Spes,
1354 3281 1607 3336 Charitas
1629 3320 1644 3343 ,
1689 3279 2080 3352 lntrlligentia,

507 3375 847 3439 Fortunata,
901 3373 1210 3444 Sapientia,
1256 3374 1504 3445 Bythius,
1557 3374 1853 3444 Ageratus,
1919 3373 2084 3429 Auto-

502 3467 695 3538 phyes,
732 3464 999 3536 Unigeua,
1031 3465 1353 3528 lmmobilis,
1391 3465 1589 3530 Mistio,
1621 3464 1892 3533 Cognitio,
1923 3464 2084 3520 Tent-

503 3559 733 3628 peratio,
763 3555 978 3620 Unitas,
1012 3554 1296 3624 Voluptas.
1317 3555 1454 3610 Tutn
1475 3556 1568 3626 qui
1591 3557 1845 3612 universa
1870 3569 2081 3612 summa

504 3665 603 3705 sua
626 3650 891 3720 sapientia
925 3649 1164 3702 continet
1197 3646 1504 3718 Ogdoadem
1536 3649 1758 3703 alteram
1792 3649 1910 3703 loco
1937 3647 2082 3717 prio-

503 3740 582 3794 ris
613 3739 759 3792 illius
803 3753 866 3792 ac
909 3738 1178 3807 primaria:
1228 3735 1606 3807 appellandam
1641 3753 1765 3792 esse
1799 3743 2078 3798 statuens.

503 3845 626 3900 quae.
656 3829 708 3882 in
742 3827 1061 3883 Tricenario
1107 3835 1387 3897 permanet
1425 3829 1623 3896 (neque
1667 3829 1810 3882 enim
1836 3829 2081 3896 ingentes

504 3917 898 3989 Magnitudinis
931 3918 1158 3988 spiritus
1188 3917 1429 3972 coerceri
1462 3918 1574 3970 ullo
1601 3932 1659 3971 se
1681 3931 1910 3971 numero
1933 3916 2082 3970 sine-

506 4013 678 4078 bant).
715 4025 811 4079 pro
839 4011 1083 4064 maribus
1123 4025 1300 4063 mares
1328 4009 1465 4063 alios
1509 4009 1820 4073 substituit,
1866 4007 2077 4070 Unum,

505 4105 768 4169 Tertium,
798 4102 1084 4167 Quintum,
1103 4100 1402 4170 Septimum
1425 4117 1438 4152 :
1467 4102 1802 4169 totidemque
1826 4099 2076 4161 feminas,

507 4193 818 4256 Binarium,
889 4191 1254 4256 Tcrnarium,
1316 4191 1644 4250 Senarium,
1700 4189 2074 4245 Octonarium.

2186 3278 2395 3340 Ἐλπὶς,
2430 3277 2666 3347 ’Λγάπη,
2707 3275 2949 3338 Σύνεσις,
2993 3275 3285 3346 Μακαρία,
3321 3275 3508 3343 Σοφία,
3542 3275 3752 3337 Βύθιος,

2187 3368 2505 3438 Ἀγήρατος,
2537 3366 2840 3436 Αὑτοφυὴς,
2870 3365 3152 3434 Ὀλογενὴς
3172 3364 3215 3429 ³,
3243 3363 3544 3432 Ἀκίνητος,
3574 3365 3753 3430 Μξξις,

2184 3454 2409 3517 Γνῶσις,
2453 3453 2781 3523 Σύγκρασις,
2823 3452 3061 3524 Ἐνότης,
3109 3451 3318 3523 Ἡδονή.
3353 3453 3486 3506 Τότε
3524 3455 3557 3506 6
3583 3454 3756 3507 πάντα

2183 3547 2452 3618 περιέχων
2497 3547 2709 3600 συνέσει
2756 3549 2820 3617 τῇ
2867 3546 3277 3616 ἀνυπερϐλήτῳ,
3321 3546 3660 3616 δογματίσας
3699 3562 3751 3597 τε

2183 3637 2449 3708 κληθῆναι
2478 3638 2670 3709 ἑτέραν
2699 3637 2961 3706 Ὀγδοάδα
2995 3638 3114 3690 ἀντὶ
3138 3637 3237 3707 τῆς
3267 3637 3538 3708 προούσης
3565 3638 3750 3692 αὐθεν-

2180 3731 2336 3800 τικῆς
2367 3731 2666 3798 Ὀγδοάδος,
2697 3731 2816 3801 ἦτις
2856 3731 2914 3782 ἑν
2955 3729 3032 3800 τῷ
3081 3730 3298 3801 ἀριθμῷ
3333 3730 3431 3800 τῆς
3455 3728 3748 3798 Τριακὰδος

2185 3823 2334 3893 μὲνει
2383 3825 2463 3892 (οὐ
2515 3822 2624 3895 γὰρ
2665 3818 2734 3893 ἦν
2775 3822 3053 3892 Μεγέθους
3097 3823 3350 3895 φρόνημα
3396 3825 3477 3884 εἰς
3521 3822 3748 3894 ἀριθμὸν

2182 3913 2443 3982 πίπτειν)·
2479 3914 2805 3984 ἀντέστησεν
2851 3915 2973 3966 ἀντὶ
3016 3913 3123 3966 τῶν
3169 3914 3410 3986 ἀρσένων
3438 3915 3568 3978 τοὺς
3599 3915 3746 3984 ἀρσε-

2180 4021 2306 4067 νας,
2351 4004 2527 4058 Μόνον
2545 4042 2561 4062 ,
2607 4003 2798 4076 Τρίτον
2818 4045 2831 4067 ,
2878 4005 3132 4074 Πέμπτον
3151 4043 3165 4065 ,
3209 4003 3470 4074 Ἕϐδομον
3488 4020 3502 4033 ·
3530 4004 3630 4056 καὶ
3657 4001 3745 4063 τὰς

2183 4095 2420 4166 θηλείας,
2460 4095 2655 4159 Δυάδα,
2697 4095 2970 4166 Τετράδα,
3017 4095 3240 4161 Ἐξάδα,
3287 4095 3561 4162 ’ογδοάδα.
3605 4095 3743 4160 Αὕτη

2179 4183 2271 4240 οὖν
2302 4188 2335 4258 ἡ
2375 4187 2596 4255 Ὀγδοάς
2629 4189 2776 4240 ἑστιν
2803 4190 2835 4258 ἠ
2871 4187 3253 4257 ἀντικληθείσα
3281 4187 3400 4240 ἀντὶ
3426 4190 3525 4258 τῆς
3556 4187 3743 4259 προούσ

508 4283 666 4353 170
694 4281 820 4336 llazc
845 4289 929 4336 est
973 4280 1187 4352 Ogdoas
1224 4282 1336 4348 illa,
1371 4297 1492 4348 quae
1531 4281 1834 4350 superioris
1863 4280 2072 4350 Ogdoa-

2183 4295 2281 4348 σης
2319 4277 2628 4346 Ὀγδοάδος’
2669 4277 2859 4343 Βυθοῦ,
2903 4278 3134 4348 Πατρός,
3179 4276 3521 4348 Ἄνθρωπον,
3553 4279 3738 4344 Λόγου,

503 4377 587 4428 «tis
614 4389 811 4427 nomen
841 4373 908 4426 ad
951 4387 1071 4427 sese
1097 4373 1413 4426 transtulit:
1446 4372 1625 4443 Bythi,
1657 4371 1856 4436 Patris,
1888 4371 2072 4425 Homi-

502 4467 609 4530 nis,
653 4464 954 4528 Sermonis,
1008 4463 1191 4534 Siges,
1241 4463 1529 4528 Veritatis,
1579 4463 1870 4527 Ecclesiae,
1917 4462 2069 4517 Vitze.

499 4558 632 4626 Qua:
665 4557 880 4628 quidem
923 4557 1214 4626 conjuncta
1246 4555 1565 4613 Luminibus
1597 4566 1712 4620 est,
1761 4566 1814 4611 et
1847 4557 2069 4611 absolu-

501 4667 588 4709 tus
617 4653 970 4709 Triceuarius
1009 4652 1203 4717 evasit,
1253 4666 1316 4704 ac
1354 4650 1502 4719 prior
1543 4647 1870 4703 Octonarius
1915 4647 2070 4717 quie-

499 4763 680 4811 scens,
701 4762 824 4800 cum
848 4754 905 4801 et
935 4745 1138 4815 Bythus
1165 4760 1258 4813 per
1282 4742 1665 4813 Magnitudinis
1693 4742 2066 4796 fulcimentum

497 4839 647 4900 exiit,
687 4847 748 4891 ut
790 4853 912 4891 cum
942 4835 1259 4892 Tricenario
1287 4850 1407 4889 sese
1431 4835 1730 4904 capularet.
1760 4832 1898 4888 Vere
1926 4834 2070 4888 enim

495 4937 549 4981 et
572 4926 830 4981 Veritatis
862 4927 1024 4982 Pater
1071 4943 1194 4981 cum
1237 4925 1478 4980 Ecclesia
1507 4941 1838 4994 congressus
1867 4932 1984 4986 est,
2019 4932 2067 4979 e‘

497 5017 777 5072 Maternus
803 5015 982 5070 Vitam
1029 5018 1258 5071 sortitus
1300 5026 1417 5077 est,
1452 5021 1505 5068 et
1530 5013 1844 5069 Paracletus
1875 5013 2039 5068 Unita

495 5118 624 5171 tem,
663 5115 719 5161 et
759 5107 956 5162 Unitas
985 5122 1108 5162 cum
1132 5095 1388 5162 Veritatis
1415 5105 1644 5160 Parente
1672 5105 1922 5176 copulata
1961 5115 2062 5167 est,

492 5208 546 5256 ct
585 5213 706 5252 cum
740 5195 864 5268 Sige
902 5196 1160 5254 Veritatis
1196 5199 1285 5252 ille
1315 5197 1518 5252 Parens
1549 5197 1669 5252 fuit.
1700 5198 1769 5251 At
1797 5197 2059 5267 spiritalis

576 5376 590 5405 ¹
625 5373 683 5428 F.
717 5375 1010 5446 προούσης.
1085 5378 1105 5406 ¹
1142 5373 1201 5428 F.
1240 5377 1319 5439 εἰς
1348 5377 1469 5445 τήν.
1546 5375 1566 5405 ³
1592 5374 1717 5428 Cor.
1755 5373 2080 5445 Μονογενής.

2178 4371 2274 4421 καὶ
2299 4368 2485 4438 Σιγῆς,
2511 4368 2813 4440 ’Λληθείας,
2845 4364 3194 4439 Ἑκκλησίας,
3222 4369 3395 4439 Ζωῆςο
3421 4369 3543 4438 ἥτις
3568 4367 3735 4439 ήνώθη

2176 4466 2289 4526 τοῖς
2314 4464 2460 4515 Φωσὶ
2496 4463 2642 4532 (68),
2683 4461 2776 4514 καὶ
2813 4461 3031 4529 ἐγένετο
3073 4461 3115 4514 Τ
3122 4459 3314 4531 ριακάς
3345 4459 3734 4530 ἀπηρτισμένη,

2177 4556 2270 4610 καὶ
2304 4558 2337 4627 ἡ
2372 4556 2614 4627 προοῦσα
2660 4554 2884 4623 Ὀγδοάς
2928 4553 3348 4624 ἀναπαυομένη,
3397 4553 3426 4604 ὃ
3469 4568 3528 4604 τε
3584 4551 3735 4610 Βυθὺς

2176 4644 2363 4716 ἐξῆλθε
2405 4645 2680 4713 Μεγέθους
2726 4644 3055 4715 στηρίγματι
3088 4644 3348 4713 ἑνωθῆναι
3381 4643 3446 4711 τῇ
3487 4638 3732 4712 Τριακάὄι

2175 4738 2312 4808 αὑτὴ
2355 4733 2421 4807 ἦν
2448 4737 2489 4790 ’⁵.
2525 4738 2602 4808 Τῇ
2635 4736 2744 4807 γὰρ
2789 4735 3016 4808 ἀληθεία
3059 4736 3154 4788 καὶ
3184 4737 3213 4788 6
3240 4734 3426 4804 Πατὴρ
3469 4736 3566 4804 τῆς
3594 4734 3730 4800 Ἀλη-

2171 4828 2320 4891 θείας
2359 4828 2656 4898 συνήρχετο
2689 4830 2755 4898 τῇ
2786 4825 3116 4898 Ἐκκλησία,
3148 4827 3242 4879 καὶ
3268 4829 3294 4878 ό
3326 4824 3606 4895 Μητρικὸς
3636 4819 3727 4889 εἶχε

2168 4921 2266 4991 τὴν
2297 4919 2467 4991 Ζωὴν,
2495 4922 2589 4972 καὶ
2610 4921 2637 4971 6
2662 4919 3020 4990 Παράκλητος
3046 4919 3143 4989 τὴν
3177 4917 3388 4979 Ἐνάδα,
3413 4917 3507 4969 καὶ
3531 4917 3564 4986 ἡ
3592 4916 3726 4971 'Ev‘a;

2164 5011 2357 5082 ἡνοῦτο
2389 5010 2466 5081 τῷ
2512 5012 2688 5081 Πατρὶ
2733 5011 2835 5080 τῆς
2859 5011 3180 5081 ’Λληθείας,
3222 5011 3371 5062 καὶὸ
3412 5007 3600 5078 Πατὴρ
3643 5003 3726 5070 τῆς

2165 5101 2442 5175 Ἀληθείας
2469 5099 2537 5176 ἦν
2563 5103 2700 5174 μετὰ
2724 5103 2821 5172 τῆς
2839 5103 3025 5172 Σιγῆς.
3043 5102 3100 5155 ’0
3126 5103 3297 5170 Λόγος
3315 5096 3369 5154 δὲ
3396 5102 3423 5152 6
3452 5112 3723 5170 πνευματι-

2164 5198 2256 5262 κὸς
2270 5198 2542 5252 ἐκοινώνει
2568 5195 2864 5264 Πνεύματι,
2881 5196 2973 5248 καὶ¹
2992 5194 3252 5265 ἀφθάρτῳ
3271 5193 3565 5263 συγκράσει
3580 5185 3724 5241 ποιῶν

2160 5376 2180 5405 ⁸
2211 5373 2270 5426 F.
2310 5376 2344 5444 ἡ
2377 5375 2624 5444 Τριακάς
2663 5373 2802 5443 αὕτη
2825 5368 2914 5445 ἦν,
2942 5371 3036 5428 sed
3064 5371 3180 5425 haec
3211 5375 3492 5436 corrupta.

561 5549 672 5619 (68)
698 5550 857 5624 Ἦτις
891 5549 1091 5619 virumn
1119 5549 1242 5624 τοῖς
1276 5550 1458 5606 Φωσί.
1498 5551 1639 5618 Quid
1693 5553 1736 5608 si
1774 5552 1933 5606 αἱῶσι
1974 5568 2072 5623 pro

2178 5553 2252 5606 ηε
2297 5553 2581 5624 legendum
2619 5554 2721 5610 sit?
2764 5552 2876 5608 Sed
2945 5539 3067 5623 qua:
3127 5555 3432 5621 sequuntur
3487 5542 3714 5616 perplexa

493 5630 625 5680 sunt
658 5621 972 5688 admodum,
1004 5630 1058 5677 et
1091 5622 1346 5676 obscura.
