3760 6176
55 246 143 294 ιόῖ)

776 234 1148 292 ADVERSUS
1190 234 1532 291 IL‘ERESES
1572 235 1620 288 Ll

1822 233 1990 291 TOM.
2032 236 2098 292 ιι.
2139 267 2209 279 -
2240 195 2527 294 umens.
2567 234 2759 293 xxxr.

3237 232 3348 292 £86

55 358 110 410 τὺ
131 356 284 419 τέλος
319 354 414 408 τοῦ
441 355 794 425 Αύτομήτρος
819 355 862 420 ¹,
898 355 1286 427 ἀδιχοτόμητον
1321 357 1418 427 τὴν
1441 355 1620 408 ἐαυτοί

1797 373 1938 411 armo
1988 372 2112 412 cum
2183 357 2391 428 Spiritu
2447 358 2763 426 incorrupta
2812 354 3046 428 quadam
3101 355 3340 410 commi-

53 447 373 500 ἁνάπαυσιν.
392 447 454 497 Ἡ
479 438 572 498 οῦν
595 443 859 514 Τριακὰς,
883 443 1234 515 ἀπαρτίσασα
1264 444 1421 515 βύθια
1437 445 1641 516 μυστή-

50 555 152 608 ρια,
191 536 412 600 τελείως
450 537 664 607 ἄγαμον
693 537 714 566 ’
757 537 818 588 ἐν
854 536 1153 607 ἀφθάρτοις
1192 537 1444 604 ἀπέδειξε
1485 535 1641 606 φῶτα

51 626 323 698 ἄφθαρτα,
370 626 530 681 ἅτινα
561 625 782 697 Ἐνὸτης
805 625 826 657 ³
865 626 1262 699 ὠνομάσθησαν
1299 627 1498 693 τέκνα,
1546 627 1642 682 καὶ

47 719 514 790 ἁχαρακτήριστα.
542 713 722 771 Ἦσαν
755 713 848 773 οὖν
886 718 1083 791 μικροῦ
1121 719 1195 790 μὴ
1229 719 1640 790 παρακειμένου

45 811 194 872 ἐκτὸς
231 812 545 882 φρονήσεως
571 810 961 882 ἀναπαυόμενο.
1006 813 1173 882 χωρὶς
1202 811 1460 875 Ἑννοίας.
1503 811 1643 881 Περὶ

43 905 142 975 γὰρ
167 899 230 958 οὗ
249 922 332 967 τις
349 904 604 975 πράσσει,
627 904 720 958 ἐὰν
745 905 820 976 μὴ
839 902 932 975 νοῇ
948 903 1273 970 καθολικῶς,
1295 905 1357 957 οὐ
1382 904 1637 976 πράσσει.

47 998 170 1051 Τότε
193 997 501 1068 γενομένων
515 997 624 1050 τῶν
648 997 860 1066 φώτων,
880 991 954 1050 ὧν
967 997 1064 1068 τὴν
1080 997 1480 1068 πολυπλήθειαν
1503 997 1642 1068 πρὸς

45 1089 268 1161 ἀριθμὸν
292 1087 525 1151 ἐξειπεῖν
541 1087 642 1140 οὐκ
659 1087 975 1155 ἀναγκαῖον,
994 1085 1265 1158 περινοεῖν
1282 1085 1360 1138 δέ’
1383 1086 1640 1156 (ἕκαστον

47 1181 142 1251 γὰρ
160 1180 225 1232 τὸ
263 1180 392 1232 ἴδιον
420 1179 590 1248 ὄνομα
613 1177 956 1250 κεκλήρωται
985 1179 1052 1231 δι’
1069 1177 1365 1246 ἐπίγνωσιν
1383 1178 1639 1249 ἀρρήτων

49 1273 407 1343 μυστηρίων·)
434 1274 466 1341 ἡ
499 1257 591 1322 οὖν
619 1269 774 1340 Σιγὴ,
804 1267 1127 1340 βουληθεῖσα
1147 1271 1228 1332 είς
1249 1268 1477 1338 ἐκλογὴν
1499 1267 1642 1336 γνώ-

48 1381 174 1426 σεως
201 1364 449 1424 ἅπαντας
477 1354 641 1422 ὦσαι,
682 1359 882 1430 συνῆγε
927 1362 994 1429 τῇ
1029 1358 1256 1430 δευτέρᾳ
1295 1357 1637 1430 ἀντι-τεθείσῃ

47 1454 281 1522 ’(λγδοάδι
328 1453 590 1522 ἀφθάρτῳ
635 1450 815 1520 μίξει,
857 1453 1008 1520 νοῖκῇ
1041 1450 1096 1502 δὲ
1133 1449 1404 1520 βουλήσει.
1440 1443 1550 1502 Ἦν
1580 1448 1637 1502 δὲ

50 1546 216 1615 αὐτῆς
246 1547 280 1615 ὴ
313 1543 466 1614 νοῖκὴ
494 1542 744 1613 βούλησις
766 1541 989 1611 Πνεῦμα
1006 1541 1068 1593 τὸ
1098 1542 1273 1609 ἅγιον,
1306 1540 1366 1592 τὸ
1395 1542 1453 1593 ἐν
1484 1539 1633 1610 μέσῳ

47 1641 144 1692 τῶν
175 1639 350 1707 ἁγίων
383 1635 741 1703 Ἐκκλησιῶν.
789 1631 961 1685 Τοῦτο
1001 1628 1093 1686 οὖν
1123 1633 1203 1696 εἰς
1236 1631 1336 1702 τὴν
1372 1631 1633 1702 δευτέραν

1751 448 1928 503 stione
1961 449 2291 519 conjunctus
2338 459 2452 511 est,
2496 456 2550 502 et
2583 447 2952 502 Autometoris
2993 447 3151 502 ﬁnem
3175 487 3190 512 ,
3240 447 3347 503 hoc

1751 550 1836 596 est
1877 557 2192 611 perennem,
2218 555 2321 595 nec
2358 541 2720 609 interruptam
2749 539 2986 610 quietem
3019 554 3174 593 suam
3206 538 3341 595 eﬁ'e-

1743 630 1838 685 cit.
1875 632 2241 698 Quamobrem
2271 630 2364 686 ubi
2393 629 2746 685 Tricenarius
2779 628 3049 700 profunda
3085 631 3174 684 illa
3224 646 3344 702 my-

1745 721 1916 774 SIcria
1949 722 2198 792 peregit,
2244 722 2365 776 sine
2399 722 2527 775 ullis
2558 720 2782 775 omnino
2816 719 3045 790 nuptiis,
3081 721 3342 776 utincor-

1743 820 1905 882 rupto
1950 817 2391 884 sempiternoque
2441 813 2625 884 generi
2679 812 2971 876 convenit,
3018 813 3338 884 incorrupta

1742 901 1928 958 itidem
1958 906 2180 970 lumina,
2214 920 2335 975 quae
2368 902 2559 958 Unitas
2600 904 2964 974 appellantur,
2997 913 3252 975 tanquam
3286 905 3343 958 ﬁ-

1741 995 1846 1050 lios
1876 996 2156 1066 produxit,
2192 1005 2246 1052 et
2280 997 2499 1066 quidem
2541 997 2824 1050 informes.
2870 995 3134 1051 Jacebant
3168 998 3338 1068 igitur

1742 1089 2134 1158 propemodum
2183 1090 2540 1158 intelligentia
2570 1090 2720 1142 omni
2769 1089 3031 1143 destituta
3058 1131 3073 1155 ,
3119 1104 3182 1143 ac
3215 1090 3337 1145 sine

1742 1182 1852 1235 ulla
1899 1181 2066 1234 animi
2115 1181 2336 1235 notione
2383 1182 2757 1250 quiescebant.
2795 1180 3070 1252 Quidquid
3117 1183 3263 1236 enim
3303 1199 3333 1237 a

1741 1273 1995 1344 quopiam
2040 1266 2254 1343 agitur,
2311 1274 2380 1328 ab
2441 1289 2545 1335 eo.
2590 1274 2698 1328 nisi
2746 1275 3003 1330 universe
3041 1275 3330 1347 intelligat,

1739 1366 1919 1435 agitur
1945 1364 2106 1419 hihil.
2148 1363 2307 1419 Hunc
2342 1365 2396 1418 in
2424 1364 2647 1418 modum
2677 1367 2983 1436 procreatis
3009 1367 3329 1432 luminibus,

1737 1471 1969 1526 quorum
2003 1456 2410 1512 multitudinem
2443 1458 2785 1512 numerando
2825 1474 3157 1528 percensere
3187 1461 3328 1516 nihil

1738 1563 1967 1603 necesse
2016 1557 2129 1614 est,
2181 1549 2366 1605 animo
2410 1564 2540 1604 vero
2599 1552 3069 1621 comprehendere
3114 1562 3331 1624 oportet

1738 1640 1885 1709 (nam
1922 1641 2350 1711 unumquodque
2402 1656 2557 1696 suam
2611 1643 3028 1711 appellationem
3077 1647 3329 1701 sortitum

48 1730 299 1796 Ὀγδοάδα
324 1728 546 1799 πέμψας
567 1727 607 1790 ⁸,
633 1726 818 1779 ἔπεισε
848 1725 944 1777 καὶ
975 1725 1144 1796 αὐτὴν
1177 1724 1441 1795 ἐνωθῆναι
1465 1725 1620 1797 αὐτῇ.

1797 1740 1836 1794 ι,
1865 1747 1986 1802 qua:
2018 1748 2082 1787 ex
2110 1721 2444 1788 arcanorum
2475 1735 2858 1804 mysteriorum
2907 1739 3220 1807 cognitione
3259 1740 3329 1796 de

49 1823 221 1892 Γάμος
251 1816 345 1875 οῦν
380 1818 678 1873 ἐτελειοῦτο
707 1820 763 1870 ἐν
794 1820 906 1881 τοῖς
933 1816 1035 1886 τῆς
1075 1816 1356 1886 Ὁγδοάδος
1385 1817 1626 1888 μέρεσιν,

49 1911 333 1980 ἐνουμένου
373 1909 467 1962 τοῦ
517 1908 669 1976 ἁγίου
718 1906 1037 1978 Πνεύματος
1079 1906 1157 1977 τῷ
1187 1908 1370 1978 Μόνῳ,
1406 1908 1500 1961 καὶ
1532 1908 1632 1978 τῆς

48 2002 240 2066 Δυὰδος
267 2001 347 2072 τῷ
380 2001 582 2071 Τρίτῳ,
611 1999 706 2053 καὶ
732 1999 826 2053 τοῦ
857 1999 1055 2071 Τρίτου
1082 2002 1147 2070 τῇ
1189 1998 1390 2066 Ἐξάδι,
1416 1999 1507 2052 καὶ
1533 2000 1632 2071 τῆς

49 2093 328 2161 Ὀγδοάδος
361 2093 439 2163 τῷ
483 2093 760 2164 Ἐδδόμῳ,
792 2092 887 2146 καὶ
919 2091 1014 2145 τοῦ
1052 2092 1311 2163 Ἑϐδόμου
1342 2094 1406 2163 τῇ
1443 2092 1627 2158 Δυάδι,

49 2189 135 2240 καὶ
187 2187 307 2256 τῆς
332 2187 545 2253 Ἐξάδος
591 2187 669 2258 τῷ
716 2188 979 2258 Πέμπτῳ.
1033 2186 1170 2256 ’Ὀλη
1224 2186 1280 2239 δέ
1325 2187 1359 2256 ἡ
1409 2184 1632 2252 Ὀγδοὰς

50 2278 268 2348 συνῆλθε
300 2279 438 2349 μετὰ
464 2279 659 2350 ἡδονῆς
697 2279 974 2349 ἁγηράτου
995 2278 1088 2330 καὶ
1105 2278 1380 2348 ἀφθάρτου
1410 2277 1628 2349 μίξεως.

49 2373 115 2424 Οὐ
148 2371 258 2442 γάρ
292 2367 360 2442 ἦν
387 2372 667 2442 χωρισμὸς
700 2371 961 2440 ἀλλήλων·
991 2365 1059 2437 ἦν
1086 2370 1141 2422 δὲ
1177 2369 1480 2440 σύγκρασις
1509 2368 1628 2440 μεθ’

47 2463 228 2534 ἡῶνῆς
275 2463 531 2533 ἀμώμου,
577 2463 671 2517 καὶ
715 2461 953 2527 ἀνέδειξε
1002 2461 1243 2515 Πεντάδα
1287 2459 1632 2532 Προυνείκων

48 2554 380 2624 ἁοηλύντων,
411 2547 484 2607 ὧν
518 2554 585 2606 τὰ
613 2553 853 2625 ὀνόματά
886 2554 1001 2606 ἐστι
1037 2551 1208 2606 ταῦτα
1229 2569 1242 2582 ·
1283 2551 1630 2622 Καρπιστὴς,

58 2645 363 2718 Ὀροθέτης,
393 2647 780 2717 Χαριστήριος,
817 2647 1048 2714 Ἀφετος
1070 2685 1083 2709 ,
1115 2642 1502 2712 Μεταγωγεύς.
1530 2637 1632 2697 Οὖ-

45 2757 117 2791 :0:
160 2741 262 2811 τῆς
308 2740 618 2808 Μεσότητος
668 2739 1065 2810 ὠνομάσθησαν
1115 2738 1241 2791 υίοί.
1274 2737 1544 2808 Βούλομαι
1574 2735 1630 2789 δέ

48 2832 185 2901 ὑμᾶς
219 2831 542 2900 γινώσκειν,
598 2832 860 2902 ’Λμψίοψ
909 2831 1122 2902 Αὐρὰν,
1163 2830 1436 2892 Κουκουὰ,
1483 2830 1626 2900 Θαρ-

44 2925 211 2991 δοοοῦ,
250 2924 592 2990 Ούδουκουὰ,
625 2924 958 2995 Θαρδεδδεῖν,
989 2923 1229 2995 Μερεξὰ,
1273 2922 1460 2994 Ἀτάρ.
1486 2923 1630 2994 Βαρ-

45 3012 109 3064 ϐὰ
140 3013 192 3076 ³,
244 3013 527 3076 Οὐδουκᾶ,
573 3013 809 3083 Κέστην,
852 3013 1116 3084 Ούδουὰχ,
1159 3013 1375 3084 Ἐσλὴν,
1429 3014 1625 3084 Ἀμφέ,

1735 1823 2075 1893 promitur):
2116 1825 2183 1879 ad
2233 1825 2475 1882 scientia:
2526 1825 2795 1880 delectum
2849 1831 3149 1898 perpellere
3201 1833 3327 1885 uni-

1734 1930 1922 1970 versos
1950 1914 2078 1985 Sige
2107 1916 2353 1987 cupiens,
2405 1918 2471 1972 ad
2523 1921 2824 1973 secundam
2857 1921 3328 1993 substitutamque

1735 2005 1884 2059 illam
1929 2007 2046 2061 loco
2081 2008 2305 2062 alterius
2339 2008 2653 2079 Ogdoadcm
2701 2011 2950 2080 adiunxit
2972 2054 2986 2076 ,
3019 2015 3328 2083 corruptela

1734 2097 1915 2154 omnis
1947 2110 2168 2170 experte
2206 2099 2638 2170 conjunctione,
2701 2103 2796 2160 sed
2846 2105 3126 2162 voluntate
3179 2107 3328 2178 ejus-

1737 2190 1886 2245 modi
1939 2208 2060 2262 quze
2104 2192 2206 2248 sub
2262 2193 2680 2265 intelligentiam
2730 2195 2969 2252 caderet.
3005 2196 3327 2267 Cujusmodi

1733 2281 2030 2336 voluntatis
2063 2283 2300 2354 impetus
2337 2284 2579 2355 Spiritus
2611 2295 2838 2340 sanctus
2879 2294 2982 2352 est,
3010 2289 3106 2358 qui
3137 2289 3190 2343 in
3221 2305 3331 2345 me-

1733 2373 1825 2428 dio
1859 2384 2173 2428 sanctarum
2211 2375 2578 2430 Ecclesiarum
2613 2378 2837 2432 residet.
2877 2378 3050 2444 Quem
3085 2396 3209 2434 cum
3243 2397 3330 2438 se-

1698 2513 1701 2516 .
1733 2466 1970 2519 cundam
2007 2465 2073 2518 ad
2096 2463 2406 2536 Ogdoadem
2439 2467 2817 2537 allegassct,ci
2841 2473 3114 2539 persuasit
3136 2488 3325 2529 secum

1733 2564 1794 2610 ut
1824 2556 1938 2626 ipsa
1973 2558 2343 2626 copularetur.
2384 2557 2654 2623 Quocirca
2702 2561 2756 2614 in
2796 2562 3026 2632 singulis
3055 2562 3330 2635 Ogdoadis

1735 2645 1982 2714 partibus
2011 2647 2302 2700 celebratae
2322 2649 2528 2717 nuptiae
2558 2657 2709 2704 sunt.
2733 2648 3014 2721 Siquidem
3043 2669 3167 2708 cum
3203 2653 3328 2712 Uno

1735 2735 1972 2808 Spiritus
2004 2746 2227 2806 sanctus
2256 2740 2586 2810 conjunctus
2613 2749 2698 2796 est
2734 2761 2745 2796 :
2778 2758 2903 2796 cum
2935 2743 3123 2799 Tertio
3153 2745 3319 2818 Dyas,

1732 2828 1950 2886 Tertius
1979 2845 2102 2886 cum
2138 2829 2357 2887 llexadc
2379 2873 2393 2898 ,
2433 2841 2488 2889 et
2518 2849 2642 2889 cum
2673 2834 2919 2904 Septimo
2950 2836 3188 2908 Ogdoas,
3227 2841 3326 2896 Se-

1731 2924 1938 2993 ptimus
1972 2938 2096 2978 cum
2138 2923 2340 2996 Dyade,
2377 2940 2502 2981 cum
2527 2926 2732 2994 Quinto
2768 2928 2965 2985 llevas.
2995 2931 3073 2984 lta
3110 2932 3328 3001 Ogdoas

1734 3015 1990 3071 universa
2023 3033 2301 3088 nunquam
2328 3027 2700 3076 marcescente
2732 3022 3029 3093 voluptate,
3055 3033 3217 3095 atque
3244 3028 3326 3080 in-

46 3103 377 3174 Ναισουμέν,
443 3106 733 3169 υύανανὶν,
772 3105 1109 3178 Λαμεταρδὲ,
1144 3105 1619 3176 Ἀθαμεσσουμὴν,

1797 3122 1882 3178 gra
1942 3108 2370 3180 incorruptaque
2419 3112 2677 3168 mistione
2733 3116 3106 3186 conjungitur.
3166 3116 3325 3174 Nulla

46 3195 310 3267 ’Λλλωρὰ,
355 3197 667 3262 Κουϐιαθὰ,
704 3197 999 3268 Ναδδαρία,
1040 3197 1270 3268 Δαμμὰ,
1304 3197 1486 3268 Ὠρὴν,
1519 3198 1626 3250 Λα·

44 3290 229 3357 ναφὲκ,
276 3289 577 3359 Ούδοινφέχ,
633 3289 1019 3360 Ἐνφοιθιϐοχὲ,
1048 3288 1260 3360 Βαῤῥὰ,
1291 3288 1624 3360 Ἀσσιουαχὲ,

44 3380 225 3451 nam,
255 3381 583 3451 Δεξαριχέμ,
615 3381 839 3452 Μασέμ.

1735 3201 1934 3269 quippe
1983 3201 2052 3253 ab
2092 3201 2324 3257 invicem
2373 3203 2649 3272 separatio
2679 3203 2822 3259 fuit:
2857 3208 2952 3262 sed
2984 3219 3169 3264 mutua
3205 3226 3324 3265 om-

1733 3290 1883 3344 nium
1909 3306 2033 3344 cum
2055 3291 2445 3346 honestissima
2471 3294 2750 3362 voluptate
2787 3299 3124 3367 temperatio.
3164 3302 3318 3372 171

1734 3380 1808 3434 Ex
1849 3396 1957 3449 qua
2000 3380 2360 3436 Prunicorum
2393 3384 2643 3439 muliebri
2671 3401 2804 3442 sexu
2846 3392 3148 3444 carentium
3185 3395 3323 3460 Qui.

45 3476 227 3529 uarius
256 3477 543 3537 exoritur,
579 3475 738 3543 cujus
785 3473 898 3528 haec
930 3481 1059 3528 sunt
1122 3473 1388 3529 vocabula
1425 3492 1438 3528 :
1480 3473 1782 3545 Carpistes,
1852 3472 2178 3530 l‘lorothctcs
2203 3516 2216 3535 .
2272 3475 2672 3542 Cbaristerius,
2715 3481 2993 3550 Aphetus,
3049 3484 3322 3559 Methago—

42 3587 192 3637 gens.
227 3569 294 3624 Hi
347 3569 738 3626 Mediocritatis
766 3569 857 3623 t'ilii
888 3571 1062 3623 vocati
1087 3578 1236 3625 sunt.
1263 3569 1436 3626 Velim
1464 3578 1645 3625 autem
1687 3586 1716 3623 a
1741 3569 1894 3624 vobis
1921 3572 2201 3642 cognosci,
2229 3572 2478 3642 Ampsiu,
2515 3574 2722 3638 Anran,
2785 3576 2992 3642 Cucua,
3046 3581 3321 3662 'l'bardus,

42 3660 292 3729 Uliucua,
329 3661 701 3725 Thardeddin,
734 3661 971 3724 Merexa,
1003 3661 1156 3725 Atar,
1199 3661 1394 3743 Barba,
1425 3661 1636 3724 Uduca,
1683 3659 1903 3724 Ccsten,
1935 3660 2198 3726 Uduach,
2263 3661 2459 3726 Eslen,
2507 3665 2736 3735 Amphc,
2786 3667 3095 3737 N:esumen,
3141 3659 3321 3728 Vana;

41 3760 148 3823 nin,
176 3756 528 3823 Lametardc,
575 3757 1070 3820 Athamessumen,
1102 3741 1635 3824 AllorarCubiatha,
1675 3756 1972 3822 Naddaria,
2009 3756 2268 3825 Damma,
2327 3756 2471 3813 Oren
2498 3799 2512 3823 ,
2588 3759 2910 3832 Lanaphcc,
2953 3765 3320 3836 Udanphech,

43 3853 546 3926 llmphcetbiboche,
600 3853 793 3917 Barra,
826 3851 1186 3919 Assiovache,
1227 3852 1420 3915 Bclim,
1453 3850 1834 3917 Dexaricliem,
1868 3850 2094 3906 Masem.

192 3973 590 4042 Πεπλήρωται
622 3973 692 4025 τὰ
723 3973 841 4026 ἀπὸ
867 3971 984 4025 τῶν
1023 3971 1464 4028 Οὐαλεντίνων.

106 4089 178 4139 Ζ¹.
212 4088 333 4140 Καὶ
368 4085 546 4139 ταῦτα
577 4086 674 4156 μὲν
717 4085 824 4139 ἀπὸ
870 4085 1073 4157 μέρους
1114 4087 1222 4139 τῶν
1276 4085 1496 4156 βιϐλίων
1528 4087 1627 4140 αύ-

37 4181 134 4232 τῶν
163 4179 551 4251 παρατεθέντα
593 4179 698 4241 ἓως
733 4171 835 4230 ὧδέ
881 4196 970 4249 μοι
1006 4179 1264 4248 εἰρήσθω.
1301 4179 1626 4251 Ἐποιήσατο

35 4268 86 4320 δὲ
126 4261 288 4331 οὗτος
335 4268 396 4320 τὸ
442 4268 703 4339 κήρυγμα
734 4268 828 4321 καὶ
860 4269 917 4320 ἐν
962 4267 1242 4339 Αἰγύπτῳ,
1275 4269 1397 4323 ὅθεν
1439 4269 1502 4342 δὴ
1531 4269 1626 4324 καὶ

35 4360 102 4422 ὡς
128 4361 367 4429 λείψανα
403 4359 616 4430 ἐχίδνης
646 4358 849 4412 ὀστέων
880 4357 960 4412 ἔτι
994 4361 1052 4413 ἐν
1086 4359 1349 4431 Αἰγύπτῳ
1382 4361 1623 4432 περιλεί-

35 4469 184 4505 πεται
213 4452 418 4504 τούτου
445 4453 478 4521 ἡ
509 4451 706 4522 σπορὰ,
736 4451 792 4504 έν
813 4469 874 4505 τε
901 4451 979 4522 τῷ
997 4451 1300 4524 Ἀθριϐίτῃ,
1328 4454 1420 4506 καὶ
1449 4455 1624 4525 Προσ-

33 4541 226 4612 ωπίτῃ,
267 4539 371 4594 καὶ
398 4539 740 4612 Ἀρσενοττῃ,
779 4540 874 4592 καὶ
904 4537 1167 4614 Θηϐαἲδῃ,
1197 4542 1292 4595 καὶ
1319 4545 1431 4606 τοῖς
1471 4543 1624 4596 κάτω

35 4631 217 4701 μέρεσι
254 4631 365 4701 τῆς
394 4629 699 4701 παραλίας,
725 4631 820 4683 καὶ
845 4631 1429 4706 Ἀλεξανδρειοπολίτῃ.
1459 4634 1622 4689 Ἀλλὰ

31 4721 114 4773 καὶ
147 4722 206 4774 ἐν
263 4718 464 4794 Ῥώμῃ
505 4719 744 4774 ἀνελθὼν
792 4722 1117 4794 κεκήρυχεν.
1169 4724 1262 4786 Ei;
1306 4725 1530 4796 Κύπρον
1565 4725 1620 4779 δὲ

32 4811 343 4892 ἐληλυθὼς,
371 4812 450 4874 ὡς
494 4811 752 4881 ναυάγιον
798 4813 1038 4878 ὑποστὰς
1085 4813 1242 4884 φύσει
1272 4818 1617 4888 σωματικῶς,

31 4902 117 4973 τῆς
148 4905 398 4966 πίστεως
431 4904 622 4976 ἐξέστη
640 4945 655 4966 ,
684 4905 778 4958 καὶ
805 4905 897 4959 τὸν
928 4905 1054 4960 νοῦν
1082 4906 1380 4980 ἐξετράπη.
1407 4909 1620 4980 Ἐνομί-

29 4994 140 5056 ζετο
173 4996 288 5067 γὰρ
319 4996 428 5066 πρὸ
451 4996 640 5050 τούτου
671 4998 836 5068 μέρος
858 4995 1002 5066 ἔχειν
1025 4997 1307 5063 εὐσεϐείας
1331 5000 1426 5053 καὶ
1454 5000 1621 5072 ὀρθῆς

30 5088 254 5151 tinam;
312 5090 373 5140 ἐν
425 5091 536 5151 τοῖς
591 5089 1013 5160 προειρημένοις
1058 5089 1265 5153 τόποις.
1325 5091 1410 5144 Ἐν
1456 5091 1511 5144 δὲ
1551 5095 1616 5164 τῇ

28 5179 229 5252 Κύπρῳ
275 5181 474 5234 λοιπὸν
517 5183 600 5244 εἰς
645 5181 872 5252 ἔσχατον
923 5183 1179 5247 ἀσεϐείας
1221 5183 1470 5255 ἐληλακε,
1524 5186 1619 5239 καὶ

29 5269 281 5326 ἐϐάθυνεν
320 5274 520 5326 ἑαυτὸν
565 5276 624 5328 ἐν
667 5273 840 5347 ταύτῃ
888 5277 954 5348 τῇ
999 5276 1478 5352 καταγγελλομένη
1523 5280 1614 5334 ὑπ’

28 5364 177 5417 αὑτοῦ
217 5365 527 5437 μοχθηρίᾳ.

86 5456 246 5525 Λέγει
277 5457 342 5509 δὲ
373 5458 539 5521 αὑτός
572 5475 631 5511 τε
662 5458 756 5513 καὶ
791 5460 840 5512 οί
887 5460 1054 5513 αὑτοῦ
1087 5460 1178 5513 τὸν
1218 5461 1422 5534 Κύριον
1457 5464 1613 5535 ἡμῶν

26 5545 220 5616 Ἰησοῦν
245 5550 514 5622 Χριστὸν,
542 5551 618 5615 ὡς
647 5550 803 5622 ἔφην,
845 5553 936 5604 καὶ
964 5552 1192 5624 Σωτῆρα
1224 5555 1318 5608 καὶ
1351 5556 1609 5626 Χριστὸν,

1800 3973 2069 4028 Hactenus
2110 3990 2176 4028 ea:
2221 3975 2439 4029 illorum
2497 3976 2649 4032 libris
2682 3995 2745 4032 ea
2799 3978 3242 4050 deprompsimus.

1800 4086 1910 4140 Vll.
1937 4086 2206 4143 Praeterea
2229 4089 2281 4141 in
2303 4088 2539 4161 [Egypto
2567 4106 2785 4162 quoque
2810 4093 3064 4165 dogmata
3092 4097 3182 4152 illa
3215 4115 3317 4155 sua

1727 4182 2059 4252 prorogavit.
2101 4181 2178 4235 Ex
2217 4197 2328 4252 quo
2379 4191 2658 4254 tempore,
2696 4186 2777 4240 sic
2811 4194 3074 4258 tanquam
3111 4191 3318 4261 viperi-

1728 4287 1924 4327 norum
1957 4272 2168 4327 ossium
2217 4273 2502 4343 reliquim.
2544 4275 2795 4346 quaedam
2846 4278 2960 4331 illic
3001 4281 3214 4335 semina
3249 4282 3318 4338 il-

1660 4401 1699 4453 D
1729 4366 1836 4421 lius
1869 4364 2060 4420 relicta
2092 4373 2251 4429 sunt,
2287 4367 2592 4436 praesertim
2627 4369 2677 4421 in
2722 4369 3089 4437 Athribitide,
3115 4371 3318 4430 Prosc-

1728 4453 1928 4525 pitide,
1964 4455 2350 4519 Arsenoitide,
2387 4470 2451 4510 ac
2478 4455 2756 4511 Thebaide
2809 4458 3173 4528 praefectura;
3211 4480 3314 4518 nec

1729 4560 1836 4598 non
1860 4546 1913 4598 in
1938 4545 2185 4600 inferiori
2220 4562 2286 4600 ac
2319 4549 2615 4608 maritima,
2647 4550 2894 4620 adeoque
2944 4552 3315 4610 Alexandrina

1724 4637 1966 4707 regione.
2030 4636 2174 4703 Quin
2226 4638 2388 4694 etiam
2449 4639 2678 4695 Romam
2733 4640 3016 4712 profectus
3066 4661 3310 4704 errorem

1725 4745 1884 4785 suum
1925 4731 1982 4784 in
2016 4745 2080 4785 ea
2113 4732 2248 4787 urbe
2278 4732 2589 4804 dissipavit.
2624 4733 2730 4794 Sed
2763 4737 2831 4791 ad
2874 4736 3116 4810 Cyprum
3161 4741 3312 4796 dela-

1723 4831 1836 4888 tus,
1864 4822 1987 4879 ﬁdei
2016 4823 2396 4896 naufragium,
2435 4826 2584 4881 velut
2618 4830 2870 4899 corporis
2916 4829 3170 4896 fecisset,
3207 4834 3312 4888 ibi¢

1718 4915 1840 4972 dem
1870 4931 2092 4986 passus.
2125 4917 2369 4970 animum
2407 4918 2632 4972 omnino
2664 4919 3001 4988 depravavit.
3027 4922 3307 4992 Siquidem

1721 5010 1986 5063 hactenus
2017 5016 2226 5077 partem
2266 5008 2488 5078 pietatis
2528 5009 2800 5079 aliquam,
2825 5011 3163 5084 sinceraque
3187 5015 3305 5072 ﬁdei

1718 5096 1954 5151 retinere
1989 5096 2096 5151 illis
2142 5097 2196 5150 in
2237 5097 2374 5153 locis
2415 5097 2720 5154 videbatur.
2767 5101 2824 5154 In
2855 5101 3036 5172 Cypro
3070 5119 3202 5160 vero
3240 5108 3305 5161 ad

1719 5196 2022 5244 extremum
2061 5189 2356 5258 impietatis
2391 5191 2681 5262 prolapsus
2721 5200 2838 5258 est,
2890 5209 3060 5266 seque
3096 5197 3150 5250 in
3187 5212 3305 5252 eam

1721 5295 1884 5350 quam
1940 5287 2121 5334 tuetur
2182 5279 2511 5352 ﬂagitiorum
2563 5283 2913 5356 disciplinam
2973 5287 3144 5344 altius
3201 5289 3303 5343 im-

1721 5375 1929 5429 mersit.

1792 5466 1887 5523 Est
1920 5476 2098 5523 autem
2126 5469 2242 5523 haec
2288 5469 2504 5526 illorum
2542 5472 2728 5542 opinio
2763 5493 2774 5528 :
2806 5473 2993 5530 Jesum
3025 5477 3304 5532 Christum

1723 5558 2013 5616 Dominum
2067 5570 2314 5617 nostrum
2365 5562 2706 5621 Salvatorem
2744 5582 2886 5628 esse,
2916 5569 2994 5622 uti
3019 5569 3301 5634 diximus.

86 5703 187 5762 3F.
219 5706 645 5778 Ᾱύτομὴτορος.
726 5709 746 5739 '
779 5705 842 5761 F.
873 5707 1206 5794 τελειώσασα
1241 5711 1436 5784 γάμον.
1518 5717 1536 5747 ³
1565 5714 1624 5770 F.
1668 5717 1968 5791 Ἑνὸτητος.
2048 5719 2068 5752 ⁸
2096 5717 2157 5773 F.
2207 5719 2490 5792 πέμψασα.
2568 5725 2588 5758 ³
2624 5724 2688 5782 V.
2733 5725 3062 5801 Ἀταρϐασά.
