3760 6176
436 177 540 232 187

1855 188 1914 243 S.
1957 185 2294 247 EPIPHANII

2186 189 2294 247 tNll
3349 168 3368 178 “
3585 195 3671 252 ιιι

437 311 501 351 ac
522 296 896 365 Christum,et
924 298 1196 369 Verbum;
1229 321 1292 361 ac
1315 305 1744 378 Tt-aJuctorem;
1774 318 1829 366 et
1861 309 1920 365 Fi

2182 315 2212 367 L‘t
2240 313 2434 383 Λόγον,
2466 315 2560 368 καὶ
2601 313 2860 386 Σταυρδν,
2890 313 2983 369 καὶ
3017 313 3389 385 Μεταγωγέα,
3416 314 3504 368 καὶ
3545 313 3667 384 Ὀρο-

373 403 376 406 ’
435 394 609 443 torem
628 403 694 443 ac
724 387 1064 447 Terminum.
1099 392 1359 453 Eutudem
1383 415 1584 469 corpus
1628 416 1659 456 e
1684 403 1826 456 cmlo
1863 403 2019 458 detu-

434 476 585 542 lisse,
616 493 679 532 ac
707 488 968 550 tanquam
999 499 1141 553 aqua
1179 503 1273 556 per
1305 490 1545 544 ﬁstulam
1567 530 1582 552 ,
1616 491 1697 547 sic
1733 493 1886 547 illum
1925 510 2020 564 per

364 633 367 637 η
433 568 660 623 Mariam
702 574 967 630 transisse
1022 576 1332 648 Virginem,
1386 599 1564 652 neque
1613 585 1910 655 quidquam
1952 602 2018 640 ex

431 662 555 732 ejus
598 673 756 721 utero
795 669 1130 739 sumpsisse,
1169 672 1265 729 sed
1295 689 1326 728 e
1355 677 1496 730 cmlo
1529 677 1767 733 traxisse
1790 694 2012 749 corpus.

432 753 620 826 Neque
659 773 788 813 vero
823 761 1056 829 primum
1098 764 1248 819 illum
1291 765 1527 822 Verbum
1593 785 1716 824 esse
1761 779 2014 834 censent,

434 865 610 919 neque
639 853 943 920 proximum
972 857 1040 911 ab
1059 873 1124 912 eo
1161 858 1439 916 Christum
1461 902 1474 922 ,
1513 864 1604 932 qui
1637 863 1693 917 in
1743 864 1884 918 cCelo
1915 880 2015 918 su-

433 955 655 1009 premus
680 941 821 997 inter
843 960 1024 1002 mones
1065 949 1297 1016 residet;
1339 951 1432 1006 sed
1485 953 1605 1022 ejus
1647 954 1813 1010 unius
1845 951 2014 1012 causa

431 1034 755 1102 productum
777 1075 792 1099 ,
827 1044 886 1089 ut
937 1039 992 1092 in
1035 1046 1212 1097 terras
1247 1043 1503 1115 delapsus
1533 1047 1779 1117 spiritale
1803 1064 1975 1120 genus
1996 1088 2012 1114 ,

431 1125 574 1193 quod
615 1141 645 1180 e
679 1128 818 1182 coelo
852 1128 1008 1182 duxit
1037 1132 1303 1203 originem
1325 1175 1341 1198 ,
1369 1136 1647 1194 liberaret.
1676 1137 2013 1195 Mortuorum

430 1220 890 1275 resurrectionem
915 1223 1267 1282 inliciantur:
1294 1229 1361 1283 de
1380 1245 1488 1300 qua
1518 1231 1806 1286 ridiculam
1825 1249 2013 1303 quam-

430 1307 553 1364 dam
588 1309 826 1366 fabulam
869 1321 1094 1384 texunt;
1144 1320 1300 1390 172
1337 1337 1444 1376 non
1477 1323 1580 1378 hoc
1612 1324 1790 1394 ipsum
1823 1341 2011 1380 resur-

429 1414 559 1469 gere
603 1417 834 1472 corpus,
866 1405 961 1460 sed
1006 1409 1238 1464 alterum
1273 1427 1340 1466 ex
1383 1414 1574 1468 eodem
1617 1424 1829 1483 ortum,
1862 1419 2009 1488 quod

429 1493 674 1562 spiritale
723 1508 1077 1568 nuncupant:
1129 1518 1304 1573 neque
1351 1513 1532 1562 tamen
1579 1510 1860 1574 omnium,
1911 1511 2008 1567 sed

425 1596 616 1637 eorum
665 1583 966 1655 duntaxat,
1011 1607 1152 1662 quos
1192 1594 1268 1647 iiii
1323 1596 1600 1666 spiritales
1649 1611 2007 1672 nuncupant,

426 1679 594 1744 atqu‘e
619 1691 809 1732 eorum
843 1680 1037 1746 etiam,
1064 1698 1205 1753 quos
1225 1687 1490 1744 animales
1513 1699 1731 1755 vocant,
1756 1692 2009 1748 dummo-

425 1766 496 1820 do
524 1767 673 1837 juste
712 1769 1050 1844 honesteque
1083 1793 1142 1832 se
1165 1788 1376 1849 gerant.
1407 1781 1680 1849 Cteteros,
1718 1787 1808 1855 qui
1843 1797 2012 1844 mate—

427 1858 591 1914 riales
635 1860 705 1914 ab
742 1862 850 1928 iis,
909 1873 964 1919 et
1009 1882 1135 1922 cum
1188 1884 1353 1926 carne
1397 1877 1642 1930 concreti
1691 1892 1756 1932 ac
1808 1882 2010 1935 terreni

427 1953 792 2022 appellantur,
830 1956 1057 2014 interire
1090 1960 1360 2028 funditus,
1399 1982 1578 2037 neque
1608 1968 1716 2024 ulla
1746 1972 1830 2026 sui
1857 1981 2012 2041 parte

425 2044 653 2099 servari.
683 2044 856 2101 Porro
872 2057 1125 2108 naturam
1156 2070 1450 2126 quamque,
1470 2073 1534 2112 eo
1560 2060 1703 2116 unde
1721 2061 2006 2131 prodierit,

424 2135 646 2188 reverti.
699 2135 858 2193 Velut
896 2155 1018 2209 qua:
1061 2157 1185 2198 cum
1217 2147 1448 2202 materia
1491 2160 1752 2206 concreta
1795 2161 1916 2218 est,
1955 2155 2010 2210 in

423 2238 544 2277 eam
591 2225 764 2296 ipsam
808 2229 1074 2298 refundi;.
1111 2249 1178 2290 ex
1214 2250 1380 2293 carne
1410 2255 1542 2294 vero
1577 2252 1831 2314 terraque
1861 2261 2012 2302 com-

422 2322 637 2384 pactam
665 2318 718 2372 in
743 2328 940 2376 terram
965 2325 1237 2382 recedere.
1253 2326 1465 2385 Etenim
1495 2339 1604 2387 tres
1630 2333 1703 2388 illi
1731 2334 2008 2395 hominum

420 2407 644 2467 ordines
679 2415 1043 2482 constituunt,
1080 2419 1444 2488 spiritalium.
1471 2425 1816 2493 animalium,
1851 2439 2012 2500 atque

419 2507 745 2562 carnalium.
793 2509 865 2564 Ex
905 2512 1106 2580 quibus
1151 2515 1383 2584 primum
1441 2533 1498 2573 se
1541 2519 1788 2576 ordinem
1833 2522 2012 2580 facere

420 2594 693 2664 dictitant,
720 2600 799 2653 uti
828 2609 881 2656 et
907 2599 1200 2660 Gno-ticos
1221 2647 1236 2671 ,
1279 2607 1372 2677 qui
1403 2624 1582 2680 neque
1614 2612 1818 2670 laboris
1849 2616 2012 2672 ullius

420 2685 732 2758 indigeant,
777 2703 1142 2764 praeterquam
1184 2701 1552 2768 cognitionis,
1597 2707 2008 2774 appellationis-

418 2793 526 2850 que
557 2785 942 2852 mysteriorum
964 2827 980 2852 ,
1005 2804 1128 2858 quae
1169 2806 1336 2861 penes
1371 2794 1494 2850 illos
1520 2809 1649 2851 sunt
1668 2839 1682 2860 ,
1714 2807 1768 2855 et
1794 2801 2012 2871 quidvis

418 2871 642 2944 impune
667 2875 846 2932 facere
883 2894 983 2948 pro
1019 2882 1250 2939 arbitrio
1289 2886 1518 2955 possint.
1554 2887 1697 2943 Fieri
1724 2894 1872 2947 enim
1901 2897 2009 2950 non

2123 405 2307 475 θέτην,
2344 406 2436 458 καὶ
2467 405 2653 476 Ὅρον.
2683 405 2822 459 Φασὶ
2861 406 2918 460 δὲ
2950 405 3160 460 ἄνωθεν
3199 404 3597 475 κατενηνοχέναι
3623 405 3672 457 τὸ

2124 497 2302 568 σῶμα,
2340 499 2435 552 καὶ
2477 498 2553 562 ὡς
2594 499 2682 552 διὰ
2735 498 2974 568 σωλῆνος
3022 498 3188 568 ὓδωρ,
3231 496 3321 550 διὰ
3362 496 3568 568 Μαρίας
3590 497 3671 565 τῆς

2121 589 2399 661 Παρθένου
2431 589 2826 660 διεληλυθέναι.
2876 590 3060 659 Μηδὲν
3109 589 3166 642 δὲ
3211 587 3320 642 ἀπὸ
3361 587 3456 659 τῆς
3498 589 3670 657 11196::-

2119 681 2275 751 νικῆς
2309 683 2521 752 μήτρας
2545 681 2849 752 εἰληφέναι,
2877 680 3012 734 ἀλλὰ
3037 681 3242 734 ἄνωθεν
3271 679 3331 732 τὸ
3357 679 3510 749 σῶμα
3530 680 3670 748 ἔχειν,

2118 774 2194 838 ὡς
2226 776 2505 844 προεῖπον.
2539 774 2629 845 Μὴ
2673 770 2810 828 εἷναι
2844 774 2902 827 δὲ
2934 774 3095 827 αὐτὸν
3120 773 3211 826 τὸν
3257 775 3468 845 πρῶτον
3502 775 3671 842 Λόγον,

2123 868 2256 939 μηδὲ
2289 867 2376 921 τὸν
2407 867 2546 939 μετὰ
2581 867 2671 920 τὸν
2715 867 2887 936 Λόγον
2927 865 3194 938 Χριστὸν,
3222 867 3310 920 τὸν
3340 865 3449 920 ἄνω
3477 867 3592 919 ὄντα
3624 869 3673 917 ἐν

2115 962 2228 1022 τοῖς
2273 960 2385 1014 ἄνω
2420 959 2601 1012 αἰῶσι.
2647 958 2847 1012 Τοῦτον
2887 957 2944 1010 δὲ
2983 959 3251 1026 φάσκουσι
3293 957 3672 1028 προϐεϐλῆσθαι

2115 1050 2182 1106 δι’
2219 1049 2369 1102 οὐδὲν
2415 1051 2600 1121 ἕτερον
2633 1049 2667 1120 ἢ
2704 1049 2862 1120 μόνον
2909 1050 2988 1111 εἰς
3023 1048 3083 1101 τὸ
3131 1048 3303 1102 ἐλθεῖν
3349 1051 3443 1102 καὶ
3485 1048 3673 1100 ἀνασῶ-

2118 1145 2312 1197 σασθαι
2344 1145 2356 1174 ⁸
2389 1142 2450 1195 τὸ
2498 1142 2654 1210 γένος
2698 1142 2758 1192 τὸ
2807 1139 3012 1194 ἄνωθεν
3058 1140 3444 1210 πνευματικόν.
3493 1139 3590 1210 Τὴν
3625 1139 3670 1190 δὲ

2114 1236 2221 1289 τῶν
2266 1233 2474 1304 νεκρῶν
2525 1232 2822 1286 ἀνάστασιν
2863 1229 3265 1302 ἁπαρνοῦνται,
3305 1230 3590 1298 φάσκοντες
3630 1247 3671 1280 τι

2118 1324 2361 1396 μυθῶδες
2387 1324 2480 1378 καὶ
2503 1323 2766 1395 ληρῶδες,
2796 1323 2870 1394 μὴ
2895 1321 2955 1374 τὸ
2987 1321 3148 1390 σῶμα
3174 1320 3331 1373 τοῦτο
3353 1319 3669 1381 ἀνίστασθαι,

2113 1419 2226 1472 ἀλλ’
2253 1419 2440 1489 ἕτερον
2473 1417 2571 1487 μὲν
2597 1415 2656 1480 ἐξ
2689 1414 2873 1476 αὐτοῦ,
2899 1413 2926 1466 ὃ
2953 1414 3017 1485 δὴ
3053 1413 3422 1483 πνευματικὸν
3454 1412 3668 1465 καλοῦσι·

2116 1514 2274 1585 μόνον
2303 1512 2361 1566 δὲ
2394 1511 2615 1565 ἐκείνων
2652 1509 2763 1562 τῶν
2793 1510 2922 1578 παρ’
2956 1509 3141 1568 αὐτοῖς
3172 1505 3575 1576 πνευματικῶν,
3598 1507 3672 1558 καὶ

2110 1608 2218 1661 τῶν
2261 1607 2438 1662 ἄλλων
2465 1604 2712 1675 ψυχικῶν
2747 1601 3098 1673 καλουμένων
3118 1641 3132 1665 ,
3159 1603 3253 1654 ὲάν
3290 1618 3354 1669 γε
3388 1601 3440 1652 οί
3478 1600 3671 1668 ψυχικιὶ

2113 1700 2658 1771 δικαιοπραγήσειαν.
2708 1697 2846 1759 Τοὺς
2889 1695 2945 1748 δὲ
2996 1695 3212 1756 ὑλιικοίις
3259 1693 3356 1746 καὶ
3409 1693 3673 1762 σαρκικοίις

2115 1795 2212 1849 καὶ
2250 1793 2474 1864 γηίνους
2525 1788 2896 1858 καλουμένους
2950 1787 3299 1840 παντάπασιν
3341 1784 3673 1846 ἀπόλλυσθαι,

2115 1886 2210 1941 καὶ
2240 1885 2360 1956 μηδ’
2391 1884 2526 1947 ὅλως
2565 1881 2856 1946 σώζεσθαι.
2884 1879 3098 1949 Χωρεῖν
3143 1878 3201 1932 δὲ
3245 1877 3488 1947 ἑκάστην
3516 1877 3676 1930 οὐσίαν

2114 1978 2252 2050 πρὸς
2276 1978 2400 2040 τοὺς
2437 1975 2600 2038 ίδίους
2641 1973 2816 2044 αὐτῆς
2843 1970 3164 2044 προϐολέας,
3199 1970 3300 2041 τὴν
3364 1969 3465 2039 μὲν
3514 1969 3676 2036 ὑλικὴ-δ

2113 2075 2177 2143 τῇ
2212 2070 2312 2142 ὓλῃ
2347 2067 2718 2138 ὲκδιδομένην,
2759 2064 2856 2137 καλ.
2890 2064 2952 2117 τὸ
2982 2061 3242 2134 σαρκικδν
3286 2063 3481 2132 γήινον
3514 2062 3576 2130 τῇ
3600 2062 3674 2130 γῇ.

2113 2165 2253 2236 Τρία
2285 2161 2394 2233 γὰρ
2425 2160 2684 2230 τάγματα
2719 2155 2974 2256 καλοῦσιν
3003 2151 3512 2256 εἶναικάνθρώπωνῖ
3542 2167 3678 2202 πνευ-

2116 2253 2383 2327 ματικῶν,
2418 2249 2685 2322 ψυχικῶν,
2715 2244 3015 2318 σαρκικῶν.
3044 2245 3118 2296 Τὸ
3144 2244 3200 2296 δὲ
3237 2243 3432 2312 τάγμα
3459 2243 3518 2294 τὸ
3544 2257 3680 2346 πνει-

2117 2345 2344 2419 ματικὸν
2379 2343 2604 2405 ἑαυτοὺς
2647 2340 2923 2408 λέγουσιν,
2957 2336 3147 2407 ὥσπερ
3190 2336 3285 2388 καὶ
3336 2335 3678 2395 Γνωστικοὺς.

2113 2439 2208 2492 καὶ
2243 2438 2381 2508 μήτε
2425 2434 2674 2504 καμάτου
2708 2428 3122 2499 ὲπιδεομένους,
3152 2427 3197 2532 ἢ.
3226 2426 3393 2528 μόνον
3427 2426 3526 2494 τῆς
3563 2426 3681 2532 γνώ-

2114 2547 2272 2594 σεως,
2307 2527 2402 2580 καὶ
2429 2525 2536 2579 τῶν
2580 2522 2975 2594 ἐπιρρημάτων
3004 2519 3113 2574 τῶν
3141 2518 3322 2572 αὐτῶν
3361 2518 3678 2588 μυστηρὼν..

2114 2625 2230 2676 Πᾶν
2259 2621 2315 2674 δὲ
2345 2617 2524 2673 ὁτιοῦν
2560 2619 2731 2670 ποιεῖν
2759 2613 2928 2678 ἀδεῶς
2962 2613 3191 2666 ἕκαστον
3230 2610 3439 2673 αὐτῶν,
3471 2609 3561 2662 καὶ
3596 2627 3682 2677 μη-

2111 2715 2198 2768 δὲν
2233 2710 2672 2784 πεφροντικέναι.
2703 2707 3036 2780 Ἐξάπαντος
3063 2704 3170 2774 γάρ
3201 2719 3337 2771 ’.ρασι
3362 2701 3682 2802 σωθήσεσθαι

2113 2803 2479 2877 πνευματικὸν
2518 2802 2598 2868 ὃν,
2626 2802 2688 2855 τὸ
2720 2798 2899 2853 αὐτῶν
2931 2797 3142 2868 τάγμα.
3178 2795 3343 2897 Τδδὲ
3385 2795 3682 2897 ἕτερον.

2111 2917 2230 2972 γμα
2255 2898 2364 2953 τῶν
2393 2895 2696 2968 ἀνθρώπων
2725 2894 2783 2946 ὲν
2827 2891 3014 2962 κόσμῳ
3033 2931 3048 2954 ,
3077 2889 3212 2959 ὅπερ
3239 2887 3474 2958 ψυχικὸν
3506 2887 3683 2939 καλοῦ-

417 2979 616 3034 posse,
639 2968 770 3038 quin
805 2971 1030 3026 omnino
1067 2988 1260 3028 eorum
1287 2977 1446 3041 ordo,
1481 2987 1671 3049 utpote
1709 2983 1899 3052 spirita

2197 3012 2220 3057 ν,
2253 2990 2345 3058 ἀφ’
2372 2986 2567 3042 ἑαυτοῦ
2593 2983 2862 3049 σώζεσθαι
2899 2980 2974 3052 μὴ
3002 2979 3323 3049 δυνάμενον.
3353 2980 3402 3030 εἰ
3440 2978 3515 3047 μή

417 3058 648 3112 salutem
680 3061 948 3116 obtineat.
985 3061 1300 3120 Secundum
1329 3068 1609 3125 hominum
1641 3075 1734 3143 qtti
1759 3075 1813 3128 in
1845 3093 2006 3130 ιιιιιιι-

416 3148 488 3204 do
523 3159 651 3206 sunt
682 3153 932 3208 ordiuctu
953 3195 966 3217 ,
998 3171 1161 3225 quem
1192 3158 1486 3215 animalem
1512 3176 1730 3230 vocant,
1761 3183 1858 3236 per
1886 3185 2008 3226 sese

416 3245 651 3298 salutem
690 3247 912 3316 assequi
953 3263 1118 3319 posse
1160 3259 1398 3320 negant,
1437 3255 1542 3309 nisi
1582 3256 1892 3322 laboribus,
1917 3277 2005 3316 re-

415 3345 612 3406 cteque
645 3336 803 3392 factis
836 3339 940 3393 sibi
988 3356 1109 3395 eam
1140 3342 1403 3398 vindicet.
1441 3346 1512 3400 At
1559 3349 1653 3418 qui
1706 3353 2006 3410 materialis

415 3425 699 3483 hominum
747 3429 884 3486 ordo
916 3432 1140 3500 dicitur,
1171 3450 1295 3489 eum
1322 3453 1496 3507 neque
1518 3455 1773 3510 capacem
1811 3448 2004 3516 cogni-

415 3516 585 3571 tionis
605 3533 729 3574 esse
781 3529 1009 3588 putant;
1063 3538 1240 3594 neque
1289 3530 1507 3584 tametsi
1553 3532 1716 3600 velit,
1761 3537 2005 3607 recipere

414 3621 535 3662 eam
575 3625 736 3680 posse
758 3612 850 3682 qui
883 3629 945 3667 cx
1001 3615 1093 3668 illo
1139 3633 1337 3687 genere
1373 3620 1443 3674 slt
1474 3640 1486 3675 :
1523 3625 1865 3697 proindeque
1893 3638 2003 3686 tam

413 3699 595 3754 anima
641 3716 804 3771 quam
841 3719 1070 3774 corpore
1103 3709 1323 3777 penitus
1363 3711 1611 3768 interire.
1660 3716 1814 3782 Quod
1872 3735 2003 3776 vero

412 3805 616 3847 conum
654 3794 721 3848 ad
754 3811 914 3850 suum
944 3801 1219 3868 pertinet,
1257 3818 1382 3857 cum
1431 3805 1694 3874 spiritalis
1735 3809 1845 3875 sit,
1891 3829 2002 3868 una

411 3898 540 3938 cum
590 3886 765 3941 altero
808 3891 1048 3958 quodam
1082 3893 1328 3949 interiori
1360 3911 1593 3968 corpore
1638 3904 1848 3957 servari
1877 3922 2004 3961 sen-

410 3975 574 4041 tiunt,
612 3977 757 4047 quod
810 3979 916 4051 ipsi
966 3983 1212 4052 spiritale
1254 4001 1456 4057 corpus
1492 3990 1642 4046 inani
1673 3997 2004 4063 peruasione

411 4079 754 4141 nuncupant.
795 4075 1078 4130 Anitnales
1113 4093 1278 4146 porro
1325 4090 1448 4150 post
1491 4084 1812 4142 diuturnam
1846 4105 2004 4145 exer-

412 4161 770 4228 citationem,
813 4166 904 4220 ubi
948 4167 1305 4226 Conditorem
1344 4179 1830 4246 transcenderint,
1873 4182 2001 4237 sur-

410 4269 532 4309 sum
589 4265 810 4313 evectos
863 4262 1072 4331 angelis
1125 4263 1331 4320 Christi
1374 4270 1670 4328 comitibus
1731 4277 1996 4347 attribui,

2109 3084 2344 3156 καμάτῳ
2375 3080 2470 3135 καὶ
2513 3074 2904 3147 δικαιοπραγίᾳ
2931 3071 3130 3170 Δἑαυτὸ⁸
3161 3067 3509 3170 άναισὼσειε..
3535 3066 3682 3170 ne:

2111 3177 2291 3232 ὑλικὸν
2323 3174 2510 3243 τάγμα
2537 3169 2644 3224 τῶν
2674 3171 2730 3221 ὲν
2771 3166 2850 3236 τῷ
2881 3166 3068 3236 κόσμῳ
3107 3163 3412 3235 ἀνθρώπων
3445 3163 3582 3262 μήτε

2108 3267 2302 3323 νασθαι
2335 3265 2533 3336 χωρεῖν
2562 3259 2659 3331 τὴν
2683 3257 2884 3328 γνῶσίν
2923 3256 3251 3358 (pa-cupitae
3287 3252 3545 3358 δέχεσθαι
3571 3252 3687 3302 ταύ-

2107 3379 2226 3432 την,
2259 3357 2364 3411 κᾶν
2389 3354 2532 3408 θέλοι
2561 3354 2589 3406 ὁ
2618 3355 2682 3406 ἐκ
2708 3348 2898 3403 τούτου
2913 3347 3328 3446 Δ’τιιῦ-τιὶγμιικεος

2108 3448 2444 3507 ἀπόλλυσθαι
2487 3445 2546 3500 δὲ
2592 3444 2708 3515 ἅμα
2758 3443 2855 3495 σὺν
2897 3438 3045 3510 ψυχῇ
3095 3439 3190 3491 καὶ
3236 3436 3470 3506 σώματι.
3522 3435 3597 3487 To
3640 3434 3687 3484 δὲ

2110 3543 2317 3599 ἑαυτῶν
2360 3541 2572 3611 τάγμα.
2612 3533 2984 3607 πνευματικὸν
3012 3531 3099 3598 δν,
3144 3529 3413 3594 σώζεσθαι
3458 3530 3559 3632 ξῖδ-’ν
3582 3527 3683 3632 Ed"

2111 3654 2241 3708 ματι
2288 3634 2433 3704 ἄλλῳ
2478 3629 2744 3702 ὲνδοτέρῳ
2789 3628 2899 3680 τινὶ
2949 3627 3090 3690 ὄντι,
3143 3627 3283 3695 ὅπερ
3329 3624 3484 3677 αὐτοὶ
3539 3624 3688 3691 σῶμα

2107 3726 2477 3798 πνευματικὸν
2522 3721 2746 3778 καλοῦσι
2793 3718 3210 3788 φανταζόμενοι.
3247 3716 3383 3779 Τοὺς
3427 3716 3488 3768 δὲ
3538 3715 3683 3782 ψυχι-

2105 3820 2268 3885 κοὺς,
2306 3814 2659 3886 κεκμηκότας
2693 3810 2828 3865 πολὺ
2876 3812 2971 3864 κα)⁸
3015 3808 3577 3881 ὺπεραναϐεδηκότις
3609 3806 3690 3857 τὶν

2105 3912 2479 3986 Δημιουργὸν,
2526 3909 2638 3963 ἄνω
2676 3906 2911 3960 δίδοσθαι
2959 3908 3070 3967 τοῖς
3116 3904 3371 3973 ἀγγέλοις
3409 3905 3531 3965 τοῖς
3583 3901 3688 3970 ἅμα

2105 4006 2328 4079 Χριστῷ
2361 4000 2533 4069 οὖσιν,
2575 4001 2727 4056 οὐδέν
2755 4018 2808 4052 τι
2834 3999 2940 4052 τῶν
2973 3997 3243 4068 σωμάτων
3277 3995 3689 4066 κομιζομένους,

2105 4099 2242 4154 ἀλλὰ
2273 4098 2432 4170 μόνον
2458 4098 2560 4160 τὰς
2585 4094 2766 4166 ψυχὰς
2799 4095 2856 4146 ὲν
2883 4091 3210 4162 πληρώματι
3245 4091 3569 4161 εὑρεθείσας
3599 4091 3692 4155 τῆς

2103 4189 2282 4244 αὐτῶν
2319 4187 2596 4258 γνώσεως,
2629 4187 2723 4238 καὶ
2751 4185 2841 4238 τὸν
2873 4182 3214 4254 Δημιουργδν
3248 4182 3697 4255 ὑπερϐεϐηκυξας

2102 4280 2341 4334 δίδοσθαι
2373 4281 2484 4342 τοῖς
2516 4275 2652 4350 μετὰ
2679 4274 2772 4328 τοῦ
2797 4273 3030 4346 Χριστοῦ
3059 4272 3315 4341 ἀγγέλοις
3345 4275 3420 4333 εἰς
3448 4273 3693 4340 νύμφας.

410 4367 587 4421 neque
664 4353 960 4425 quidquam
1014 4373 1242 4414 suorum
1292 4362 1484 4420 eil‘erre
1533 4382 1861 4439 corporum,
1916 4376 2011 4430 sed
2054 4377 2268 4431 animas
2319 4375 2467 4430 solas
2517 4373 2830 4428 absolutum
2887 4378 3091 4424 statum
3165 4367 3508 4438 cognitionis
3578 4365 3702 4420 ade-

409 4455 565 4518 ptas,
604 4446 899 4506 Conditore
921 4465 1214 4524 superato,
1247 4457 1448 4515 Christi
1491 4464 1850 4532 stipatoribus
1893 4473 2105 4544 angelis
2140 4473 2196 4526 in
2232 4469 2584 4526 matrimonio
2604 4465 2882 4522 collocari.

481 4539 616 4594 Vlll.
652 4541 930 4611 Ejusmodi
972 4547 1083 4601 fere
1111 4558 1196 4602 est
1227 4550 1446 4607 illorum
1475 4555 1695 4626 fabula;
1726 4563 1828 4617 etsi
1871 4565 1963 4634 plu

2213 4565 2252 4617 L'.
2291 4563 2525 4632 Τοιαυτη
2560 4560 2706 4614 ἐστὶν
2733 4559 2765 4630 ἡ
2788 4555 2907 4611 κατ’
2936 4554 3132 4618 αὐτοὺς
3158 4553 3465 4626 τραγῳδία,
3503 4554 3698 4623 έχουσι

409 4629 562 4685 tibus
611 4630 838 4700 insuper
894 4635 1055 4706 nugis
1114 4649 1367 4694 contexta
1432 4643 1522 4699 sit.
1582 4629 1886 4718 Ego'vero
1932 4669 1996 4708 ea

405 4722 672 4777 duntaxat
697 4727 989 4796 proposui,
1021 4744 1144 4799 qua:
1190 4730 1244 4784 in
1272 4734 1512 4790 medium
1563 4739 1797 4807 proferri
1835 4759 1998 4814 opor-

407 4821 523 4868 tere
546 4813 956 4886 duxi,quorum
978 4819 1045 4874 ad
1085 4836 1188 4877 nos
1217 4824 1412 4878 notitia
1451 4832 1801 4896 pervenerit,
1835 4813 1997 4889 nimi-

410 4921 531 4960 rum
575 4906 848 4964 undenam
895 4913 1164 4971 oriundus
1214 4915 1319 4972 iste
1358 4919 1550 4989 fuerit,
1597 4939 1706 4993 quo
1747 4932 1995 4998 tempore

408 4995 637 5064 vixerit;
665 5000 809 5056 unde
829 5005 1036 5060 erroris
1071 5021 1389 5079 argumenta
1421 5017 1740 5084 sumpserit,
1772 5033 1896 5087 quae
1924 5019 1995 5074 sit

409 5089 555 5146 illius
589 5090 873 5163 doctrina,
903 5114 1010 5168 qua
1055 5099 1109 5155 in
1151 5118 1212 5158 re
1241 5111 1454 5161 tantum
1494 5109 1697 5164 malum
1721 5118 1995 5166 terrarum

405 5182 526 5236 urbi
563 5184 868 5254 pullularit,
905 5192 1062 5263 173
1107 5196 1204 5250 sed
1241 5200 1386 5269 quod
1423 5202 1489 5255 ad
1527 5203 1834 5258 doctrinam
1863 5221 1994 5275 spe-

383 5267 541 5347 ictat,
568 5292 710 5343 eam,
735 5288 796 5334 ut
828 5282 1035 5340 dictum
1065 5296 1183 5355 est,
1217 5267 1482 5349 duntaxat
1511 5312 1577 5351 ex
1607 5309 1761 5368 parte
1805 5299 1994 5354 decla-

406 5370 684 5435 ravimns;
718 5383 914 5434 caetera
950 5395 1048 5450 per
1081 5397 1169 5438 me
1203 5385 1460 5444 subtilius
1491 5391 1768 5460 explicare
1798 5393 1954 5448 nolui
1979 5438 1994 5462 ,

362 5366 526 5547 lcum
571 5467 834 5528 adversus
872 5472 1190 5531 haereticum
1230 5480 1482 5538 eumdem
1529 5485 1907 5543 elucubratam
1959 5502 1991 5542 a

2099 4656 2198 4728 μὲν
2245 4655 2340 4709 καὶ
2390 4654 2560 4707 πλείω
2601 4651 2827 4704 τούτων·
2876 4647 2986 4717 ἐγὼ
3018 4647 3074 4700 δὲ
3121 4649 3283 4717 μόνον
3323 4648 3496 4700 ἅτινα
3546 4645 3696 4714 ςέςεε

2095 4750 2392 4818 ἀναγκαῖον
2441 4743 2578 4799 εἶναι
2629 4742 2924 4815 ἡγησάμην
2974 4742 3051 4802 εἰς
3107 4738 3697 4846 τοὺμὶρανὲςφἐλθεῖνΣ

2095 4840 2251 4895 ταῦθ’
2283 4839 2662 4911 ὑπηγόρευσα,
2693 4837 2770 4900 ὡς
2805 4837 2838 4906 ἠ
2879 4834 3134 4936 aliqua;
3168 4831 3389 4936 γνῶσις.
3407 4831 3583 4902 ἦλθε,
3617 4831 3696 4936 τςῗ

2097 4933 2260 4986 πόθεν
2309 4933 2555 5003 ὡρμᾶτο,
2606 4933 2662 4983 ὲν
2710 4927 2882 4990 ποίοις
2932 4925 2988 4978 δὲ
3022 4927 3235 4993 καιροῖς
3281 4923 3546 4993 ὑπῆρχε,
3619 4923 3704 4972 zz“.

2097 5025 2207 5079 ἀπὸ
2241 5023 2411 5078 ποίων
2451 5023 2550 5086 τὰς
2599 5020 2900 5094 προφάσεις
2945 5015 3132 5086 εἴληφε
3153 5057 3167 5079 ,
3214 5015 3302 5068 καὶ
3327 5013 3428 5075 τίς
3461 5016 3638 5066 αὐτου
3673 5031 3700 5078 τς

2092 5115 2412 5170 διδασκαλία
2433 5157 2446 5180 ,
2494 5115 2610 5185 ἅμα
2648 5130 2709 5166 τε
2747 5111 2885 5164 τίσιν
2916 5109 3216 5180 ἐϐλάστησε
3240 5107 3311 5177 τῷ
3338 5107 3469 5177 βίῳ
3516 5107 3704 5165 κακὴ,

2093 5207 2202 5262 ἀπὸ
2253 5208 2450 5278 μέρους
2486 5223 2580 5270 τε,
2632 5205 2706 5267 ὡς
2751 5203 2916 5274 ἔφην,
2961 5201 3060 5272 τῆς
3097 5200 3282 5254 τούτου
3321 5198 3706 5255 διδασκαλὶκ

2091 5300 2496 5372 ἐμνημόνευσα.
2544 5297 2624 5350 Τὰ
2675 5298 2730 5350 δὲ
2777 5295 2937 5350 λοιπὰ
2971 5295 3071 5365 τῆς
3114 5290 3272 5348 αὑτοῦ
3311 5291 3712 5359 latenti;

2090 5395 2190 5448 οὐκ
2219 5390 2530 5463 ἠϐουλήθην
2572 5391 2666 5443 ἀπ’
2713 5389 2950 5461 ἐμαυτοῦ
2997 5385 3269 5450 συντάξαι,
3307 5382 3533 5455 εὑρὼν

400 5478 526 5520 cum
571 5467 834 5528 adversus
872 5472 1190 5531 haereticum
1230 5480 1482 5538 eumdem
1529 5485 1885 5542 elucubratan

2224 5485 2494 5555 ιγιωτάτῳ
2525 5483 2803 5555 Εἰρηναίῳ
2848 5481 2926 5554 τῷ
2965 5479 3174 5554 ἀρχαίῳ
3204 5477 3290 5548 τὴν
3347 5477 3500 5530 κατ’
3548 5477 3709 5531 uim

476 5621 491 5652 ⁸
515 5638 606 5692 Ἃρ.
637 5623 932 5687 ἀνασῶσαι.
