3760 6176
165 125 268 184 489

862 110 1236 183 Λονειιδυε
1274 124 1619 182 ΙΙᾹΞΒΕΞΕΞ
1657 126 1694 180 L

1919 126 2082 185 TOM.
2127 126 2195 184 11.
2234 158 2304 171 —-
2342 127 2618 187 UERES.
2655 129 2847 184 XXX].

3312 126 3418 181 £90

164 242 539 316 πραγματείαν
572 243 966 315 γεγενημένην.
999 246 1143 308 Ἕως
1168 244 1223 298 δὲ
1254 244 1444 299 τούτου
1480 247 1547 298 τὰ
1580 246 1694 315 όλίγ

1917 248 2193 302 actissimo
2234 247 2439 303 lrenmo
2475 248 2903 318 disputationem
2949 245 3244 302 inveniam.
3283 243 3424 309 Quo-

162 334 326 388 ταῦτα
362 334 675 399 διεξελθὼν,
710 335 777 387 τὰ
824 336 949 405 ἑξῆς
978 337 1086 388 ἀπὸ
1124 336 1232 389 τῶν
1262 337 1357 389 τοῦ
1401 339 1737 410 προειρημέ-

162 442 249 478 νου
276 426 464 496 ἀνδρὸς
494 425 679 479 δούλου
709 426 865 489 Θεοῦ,
896 427 1187 497 Εἱρηναίου
1220 428 1274 479 δέ
1318 447 1481 500 φημι,
1509 429 1606 501 τὴν
1640 446 1739 483 πα-

164 517 375 587 ράθεσιν
401 518 701 589 ὁλοσχερῶς
725 520 1040 590 ποιήσομαι.
1072 520 1224 589 Ἔχει
1252 519 1307 572 δὲ
1334 520 1524 583 οὕτως⁸

392 717 487 770 Ἐκ
520 716 641 770 τῶν
668 717 773 771 τοῦ
807 718 981 789 ἁγίου
1013 718 1122 788 (69)
1154 720 1500 787 Εἱρηναίου.

224 834 300 885 6'.
320 834 442 889 .‘Err‘v.
462 834 561 905 τὴν
577 834 831 905 ἀλήθειαν
854 836 1350 907 παραπεμπόμενοί
1366 854 1528 904 τινες,
1549 841 1737 895 ἐπεισ-

153 923 344 990 άγουσι
394 924 583 991 λόγους
628 925 840 994 ψευδεῖς
872 928 965 980 κα)⁵
992 926 1338 995 γενεαλογίας
1368 933 1625 999 ματαίας,
1657 936 1739 988 αἴ-

151 1032 295 1078 τινες
316 1016 571 1087 ζητήσεις
604 1018 801 1087 μᾶλλον
830 1020 1147 1088 παρέχουσι,
1173 1020 1356 1084 καθὼς
1374 1024 1402 1074 ὁ
1420 1024 1740 1090 Ἀπόστολός

150 1122 339 1176 φησιν,
373 1106 406 1177 ἦ
437 1107 724 1178 οἰκοδομὴν
754 1107 888 1159 Θεοῦ
924 1109 1021 1177 τὴν
1053 1109 1110 1159 ὲν
1140 1108 1318 1161 πίστει
1344 1126 1355 1137 ·
1400 1111 1493 1162 καὶ
1525 1112 1613 1165 διὰ
1640 1114 1735 1184 τῆς

157 1196 483 1267 πανούργως
506 1199 1019 1269 συγκεκροτημένης
1049 1198 1404 1270 πιθανότητος
1433 1203 1740 1272 παράγουσι

147 1292 241 1344 τὸν
271 1292 393 1344 νοῦν
425 1291 534 1344 τῶν
568 1293 957 1363 ἀπειροτέρων,
994 1292 1088 1345 καὶ
1116 1293 1615 1363 αἱχμαλωτίζουσιν
1645 1298 1741 1349 αύ-

145 1390 294 1451 τοῦς,
325 1388 772 1460 ῥᾳδιουργοῦντες
802 1390 870 1441 τὰ
900 1390 1055 1457 λόγια
1084 1391 1311 1461 Κυρίου,
1346 1390 1608 1463 ἐξηγηταὶ
1638 1411 1739 1448 κα·-

139 1482 234 1533 κοὶ
286 1480 395 1532 τῶν
446 1480 624 1544 καλῶς
666 1482 972 1552 εἰρημένων
1016 1482 1314 1553 γινόμενοι,
1375 1486 1468 1538 καὶ
1516 1485 1741 1550 πολλοὺς

135 1572 545 1643 ἀνατρέπουσιν
592 1574 896 1640 ἀπάγοντες
939 1574 1137 1636 αὐτοὺς
1182 1577 1453 1646 προφάσει
1486 1576 1742 1645 γνώσεως

136 1667 254 1719 ἀπὺ
286 1666 381 1719 τοῦ
426 1667 545 1720 τόδε
576 1668 638 1719 τὸ
670 1670 781 1721 πᾶν
812 1669 1224 1739 συστησαμένου
1275 1672 1367 1723 καὶ
1400 1672 1741 1741 κεκοσμηκό-

135 1775 255 1821 τος,
293 1759 371 1822 ὼς
404 1759 735 1830 ὑψηλότερον
768 1777 842 1822 τι,
874 1760 967 1813 καὶ
1004 1759 1187 1830 μεῖζον
1227 1760 1442 1831 ἔχοντες
1477 1763 1740 1828 ἐπιδεῖξαι

135 1846 237 1898 τοῦ
268 1846 365 1898 τὸν
392 1847 645 1918 οὐρανὸν,
680 1848 774 1901 καὶ
799 1848 897 1918 τὴν
920 1848 1044 1918 γῆν,
1070 1851 1162 1902 καὶ
1185 1851 1361 1903 πάντα
1382 1852 1450 1905 τὰ
1479 1853 1536 1904 ὲν
1558 1854 1740 1918 αὐτοῖς

133 1938 507 2006 πεποιηκότος
528 1938 660 1991 Θεοῦ
681 1958 693 1969 ·
723 1939 964 2004 πιθανῶς
994 1942 1089 2010 μὲν
1106 1943 1437 2013 ἐπαγόμενοι
1458 1946 1545 1998 διὰ
1567 1945 1740 2015 λόγων

132 2027 343 2099 τέχνης
363 2030 487 2092 τους
508 2032 801 2100 ἀκεραίους
824 2034 902 2095 είς
926 2032 1015 2084 τὸν
1031 2032 1125 2085 τοῦ
1151 2033 1331 2105 ζητεῖν
1354 2036 1578 2106 τρόπον,
1609 2038 1739 2092 ἀπι-

133 2119 325 2183 θάνως
364 2121 421 2173 δὲ
455 2123 787 2187 ἀπολλύντες
831 2125 1027 2187 αὐτοὺς
1069 2128 1125 2179 ἐν
1172 2128 1248 2197 τῷ
1293 2129 1607 2201 βλάσφημον
1648 2133 1741 2184 καὶ

132 2212 319 2280 ἀσεϐῆ
353 2213 451 2283 τὴν
484 2214 711 2285 γνώμην
749 2215 928 2269 αὐτῶν
950 2219 1378 2284 κατασκευάζειν
1406 2225 1484 2285 είς
1517 2222 1607 2275 τὸν
1633 2226 1739 2294 Δη-

135 2306 430 2376 μιουργὸν,
454 2306 585 2376 μηδὲ
606 2307 663 2359 ἐν
685 2308 760 2377 τῷ
777 2308 1099 2378 διακρίνειν¹
1129 2311 1442 2382 δυναμένων
1468 2312 1526 2366 τὸ
1545 2313 1741 2383 ψεῦδος

130 2396 248 2448 ἀπὸ
274 2397 372 2449 τοῦ
411 2397 667 2469 ἀληθοῦς·
714 2401 747 2470 ἡ
798 2400 905 2469 γὰρ
946 2402 1120 2471 πλάνη
1168 2403 1288 2456 καθ’
1314 2405 1484 2476 αὐτὴν
1517 2407 1615 2476 μὲν
1642 2408 1742 2460 οὐκ

130 2489 533 2555 ἐπιδείκνυται,
552 2492 637 2543 ἵνα
664 2493 737 2563 μὴ
766 2510 831 2560 γυ
840 2493 1111 2558 μνωθεῖσα
1136 2496 1357 2565 γένηται
1386 2498 1736 2570 κατάφωροςο

132 2581 363 2651 πιθανῷ
387 2581 443 2633 δὲ
474 2584 843 2655 περιϐλήματι
879 2584 1204 2657 πανούργως
1236 2591 1609 2661 κοσμουμένη,
1650 2592 1742 2644 καὶ⁵

128 2671 320 2740 αὐτῆς
355 2672 454 2742 τῆς
498 2674 757 2743 ἀληθείας
818 2676 1190 2747 ἀληθεστέραν
1235 2681 1435 2750 ἑαυτὴν
1481 2683 1741 2753 παρέχειν

128 2763 437 2831 φαίνεσθαι
458 2766 477 2794 ⁹
512 2765 600 2817 διὰ
626 2766 725 2835 τῆς
749 2766 948 2831 ἔξωθεν
975 2771 1275 2837 φαντασίας
1307 2774 1421 2835 τοῖς
1454 2774 1741 2845 ἀπειροτέ-

131 2870 259 2923 ροις
276 2870 291 2882 ⁸
321 2852 503 2916 καθὼς
522 2855 625 2907 ὑπὸ
648 2855 741 2907 τοῦ
769 2856 1074 2927 κρείττονος
1098 2859 1256 2929 ήμῶν
1280 2860 1496 2931 εἴρηται
1520 2864 1743 2915 ἐπὶτῶν

126 2946 428 3009 τοιούτων,
464 2948 544 2999 ὅτι
573 2947 735 3001 Λίθον
773 2949 868 3001 τὸν
904 2949 1084 3020 τίμιον
1122 2951 1435 3022 σμάραγδον
1460 2954 1611 3018 ὄντα,
1649 2957 1742 3008 καὶ

128 3042 517 3112 πολυτίμητόν
541 3059 680 3095 τισιν
711 3042 873 3105 ὕαλος
901 3042 1203 3115 ἐνυϐρίζειν
1237 3044 1324 3098 διὰ
1350 3045 1543 3116 τέχνης
1568 3065 1738 3118 παρο-

128 3134 474 3204 μοιουμένη,
502 3135 702 3187 ὁπόταν
731 3134 805 3205 μὴ
840 3139 989 3206 παρῇ
1020 3137 1047 3187 ὁ
1073 3135 1276 3190 σθένων
1303 3138 1615 3208 δοκιμάσαι,
1647 3142 1742 3193 καὶ

1838 339 1982 392 circa
2002 339 2188 407 paucis
2212 338 2316 391 huc
2353 353 2524 405 usque
2558 352 2586 388 a
2616 352 2701 391 me
2723 336 3188 400 commemoratis,
3213 335 3424 405 reliqua

1838 445 1903 483 ex
1947 429 2092 482 illius
2141 428 2315 498 ipsius
2370 426 2460 481 Dei
2505 429 2648 481 servi
2694 442 2857 497 opere
2902 434 3215 496 pertexam;
3262 434 3425 494 atque

1838 521 2071 591 ipsamet
2101 520 2285 575 lrentei
2320 522 2481 575 verba
2505 560 2517 583 ,
2567 536 2633 575 ne
2665 528 2871 574 mutata
2912 518 3132 589 quidem
3178 517 3385 594 syllaba
3407 556 3425 583 ,

1840 613 2149 688 subjiciam.
2176 612 2315 667 Sunt
2342 614 2455 667 hazc
2484 612 2755 681 ejusmodi
2794 630 2809 668 :

2335 724 2419 777 Ea:
2458 734 2641 778 sancto
2682 723 2713 777 Ι
2718 740 2909 778 remeo.

1912 837 2003 893 1X.
2033 837 2167 893 Cum
2198 837 2446 907 plerique
2477 838 2705 893 veritate
2732 843 3042 906 contempta
3071 835 3236 891 falsas
3260 850 3428 905 quas~

1820 926 1965 982 'dam
1999 931 2347 986 narrationes
2399 940 2453 986 et
2496 932 2687 986 inanes
2718 930 3064 1001 genealogias
3106 928 3424 989 obtrudant,

1841 1038 1962 1091 qua:
1980 1023 2307 1091 quaastiones
2334 1031 2599 1092 praestant
2629 1022 2823 1092 magis,
2848 1028 2906 1075 ut
2925 1019 3219 1090 Apostolus
3246 1017 3426 1086 loqui-

1843 1122 1931 1166 tur
1951 1114 1991 1181 ⁵,
2014 1130 2176 1183 quam
2200 1115 2617 1169 aediﬁcationem
2640 1114 2750 1178 Dei,
2773 1129 2893 1184 qua:
2916 1120 3001 1167 est
3023 1113 3076 1165 in
3093 1111 3195 1165 ﬁde
3218 1127 3230 1161 :
3264 1118 3427 1179 atque

1845 1206 2005 1261 iidem
2032 1208 2105 1260 illi
2129 1208 2323 1262 callida
2347 1208 2756 1278 artiliciusaque
2779 1208 3022 1263 oratione
3050 1204 3428 1274 imperitorum

1843 1299 2055 1354 animos
2080 1300 2380 1370 decipiant,
2413 1315 2478 1355 ac
2509 1302 2657 1355 velut
2679 1302 2925 1371 captivos
2956 1299 3267 1367 abripiant;
3294 1295 3427 1349 dum

1842 1399 1896 1443 et
1915 1391 2137 1444 oracula
2163 1392 2348 1446 divina
2373 1392 2695 1463 depravant,
2723 1401 2773 1448 et
2798 1402 2945 1447 recte
2972 1391 3118 1446 dicta
3142 1402 3427 1460 perperam

1845 1482 2307 1553 interpretantur:
2354 1494 2471 1538 tum
2507 1500 2639 1539 vero
2672 1500 2836 1554 quam
2871 1484 3137 1553 plurimos
3172 1482 3238 1534 ab
3262 1479 3428 1547 hujus

1846 1574 2085 1631 universi
2107 1578 2392 1631 conditore
2438 1584 2492 1633 et
2520 1578 2835 1632 ordinatore
2866 1576 2996 1640 Deo,
3028 1575 3160 1630 falsa
3191 1572 3423 1644 quadam

1843 1667 2112 1723 abductos
2155 1672 2337 1738 specie
2374 1671 2725 1741 cognitionis,
2759 1672 2811 1724 in
2846 1669 3141 1740 perniciem
3173 1667 3425 1733 trahant;

1842 1760 1997 1829 quasi
2038 1761 2327 1817 sublimius
2372 1762 2579 1832 aliquid
2620 1778 2683 1817 ac
2724 1762 2901 1830 majus
2940 1776 3005 1815 eo
3048 1760 3428 1815 demonstrare

1843 1852 2077 1922 possint,
2115 1852 2208 1922 qui
2258 1854 2458 1907 coelum
2512 1862 2843 1923 terramque,
2889 1868 2953 1907 ac
2994 1868 3117 1922 quae.
3150 1854 3217 1906 iis
3245 1853 3426 1906 conti-

1843 1950 2046 1997 nentur
2076 1943 2261 1998 omnia
2304 1944 2646 2014 procrearit:
2702 1945 2841 1999 adeo
2871 1952 2929 1998 ut
2960 1942 3237 2013 simplices
3265 1943 3428 1996 mini-

1844 2051 2041 2106 meque
2074 2037 2249 2091 malos
2294 2037 2546 2092 homines
2578 2037 2777 2092 fucatis
2810 2036 3156 2091 sermonibus
3186 2034 3253 2087 ad
3284 2032 3430 2087 veri-

1845 2129 1972 2183 tatis
1993 2127 2396 2200 indagationem
2422 2130 2620 2185 blande
2644 2130 2939 2184 admodum
2978 2130 3227 2191 illiciant,
3247 2140 3429 2197 neque

1845 2231 2023 2277 tamen
2060 2222 2259 2278 blande
2300 2223 2424 2277 illos
2471 2224 2527 2278 in
2565 2223 2791 2279 exitium
2828 2223 3135 2293 impellant,
3169 2221 3299 2275 dum
3329 2219 3430 2274 ad-

1844 2331 2039 2370 versus
2092 2329 2274 2369 rerum
2320 2314 2568 2385 opiﬁcem
2614 2330 2841 2386 pronam
2886 2314 2953 2369 ad
2994 2313 3430 2369 maledicendum

1844 2408 2176 2477 impiamque
2213 2417 2450 2463 mentem
2492 2409 2766 2478 injiciunt,
2814 2408 2959 2479 quod
3003 2423 3191 2464 verum
3226 2421 3257 2460 a
3292 2405 3431 2461 falso

1844 2500 2157 2555 discernere
2191 2501 2523 2570 quibuscum
2561 2506 2728 2571 agunt
2786 2507 3104 2570 nequeant:
3142 2514 3250 2552 non
3284 2500 3430 2552 enim

1844 2590 2055 2647 falsitas
2089 2594 2235 2647 nuda
2286 2608 2351 2648 ac
2383 2592 2617 2662 simplex
2648 2594 2994 2663 pr0ponitur,
3037 2606 3105 2646 ne
3145 2591 3262 2646 suis
3292 2590 3432 2645 intc—

1845 2688 2117 2752 gumentis
2150 2686 2368 2740 evoluta
2398 2686 2735 2756 deprehendi
2763 2685 2920 2740 facile
2944 2685 3150 2755 possit;
3182 2683 3277 2741 sed
3309 2700 3434 2754 spc-

1844 2776 2013 2831 ciosis
2036 2778 2337 2834 involucris
2360 2780 2501 2833 miro
2527 2778 2758 2833 artiﬁcio
2792 2778 3080 2849 perpolita,
3120 2787 3178 2831 ut
3205 2787 3431 2832 externa

1845 2882 2042 2937 pompa
2085 2876 2247 2940 atque
2286 2871 2438 2926 cultu
2470 2872 2701 2926 veritate
2741 2870 2860 2939 ipsa
2891 2867 3300 2939 quodammodo
3340 2883 3435 2922 ve-

1772 2982 1816 3042 ρ
1847 2959 2048 3015 riorem
2082 2977 2203 3017 sese
2226 2962 2511 3017 rudiorum
2543 2963 2719 3018 oculis
2750 2962 3041 3031 subjiciat:
3075 2959 3433 3031 quemadmo-

1846 3053 1975 3107 dum
1999 3052 2068 3107 ab
2092 3054 2274 3124 aliquo
2299 3056 2457 3125 longe
2478 3072 2638 3125 quam
2671 3072 2771 3111 nos
2794 3054 3173 3125 priestantiore
3199 3054 3266 3108 de
3287 3054 3435 3122 ejus-

1847 3144 1994 3199 modi
2025 3148 2443 3215 pronuntiatum
2480 3157 2595 3203 est:
2632 3146 2935 3217 Exquisita:
2958 3161 3185 3216 gemma:
3214 3160 3277 3199 ac
3304 3160 3432 3214 pre—

122 3226 312 3295 τέχνῃ
336 3224 604 3291 διελέγξαι
640 3226 739 3294 τὴν
774 3225 1099 3295 πανούργως
1149 3227 1473 3298 γενομένην·
1509 3230 1639 3283 ὅταν
1687 3231 1743 3283 δὲ

123 3320 383 3387 ἐπιμιγῇ
414 3319 442 3369 ὁ
485 3318 684 3385 χαλκὸς
727 3319 806 3379 είς
843 3316 937 3369 τὸν
966 3318 1230 3390 ἄργυρον,
1271 3318 1354 3382 τίς
1386 3319 1622 3385 εὐκόλως
1654 3322 1743 3383 δυ-

122 3411 374 3479 νήσεται
405 3408 592 3461 τοῦτον
619 3408 889 3480 ἀκεραίως
921 3408 1246 3478 δοκιμάσαι;

1844 3230 2152 3289 liosissimte
2217 3237 2506 3307 smaragdo
2560 3236 2792 3291 similem
2839 3238 2908 3289 ab
2949 3234 3251 3289 artiﬁcibus
3314 3233 3430 3287 ﬁeri

1844 3325 2077 3377 vitreum
2105 3325 2372 3395 lapillum,
2417 3342 2527 3381 non
2568 3326 2688 3382 sine
2721 3326 2957 3397 quadam
3003 3326 3150 3380 illius
3190 3325 3430 3394 injuria;

1849 3416 1953 3469 nisi
1989 3424 2188 3485 praesto
2223 3418 2316 3482 sit,
2353 3420 2443 3489 qui
2476 3418 2824 3474 discernendi
2853 3418 3047 3489 peritia
3081 3418 3276 3481 valeat,
3305 3418 3431 3486 qui—

123 3521 253 3575 que
280 3514 403 3557 arte
450 3520 547 3558 sua
598 3505 771 3561 fretus
816 3506 1178 3560 adulterinam
1234 3507 1379 3559 illam
1431 3522 1699 3577 gemmam
1766 3510 2191 3585 simulatamque
2233 3516 2561 3587 dignoscat:
2599 3517 2697 3573 sed
2718 3532 2842 3572 cum
2909 3533 2984 3573 res
3051 3524 3279 3587 argento
3332 3515 3433 3567 mi—

125 3604 361 3659 scetur,
395 3597 521 3665 quis
548 3596 651 3651 hoc
683 3596 840 3653 facile
869 3598 1192 3668 sincereque
1228 3599 1547 3653 discernat?

211 3692 345 3742 ἰνα
380 3686 474 3742 οὖν
511 3689 585 3760 μὴ
632 3690 729 3761 τὴν
760 3691 1035 3761 ἡμετέραν
1072 3692 1248 3744 αἰτίαν
1286 3690 1744 3762 συναρπάζωνταί

117 3800 319 3845 τινες,
339 3782 415 3844 ὡς
435 3782 683 3852 πρόϐατα
712 3783 816 3834 ὑπὸ
841 3781 1042 3846 λύκων,
1082 3782 1404 3851 ἀγνοοῦντες
1431 3785 1627 3847 αὐτοὺς
1658 3784 1745 3837 διά

120 3874 245 3944 τὴν
295 3872 497 3936 ἔξωθεν
542 3873 640 3943 τῆς
692 3873 1016 3943 προϐατείου
1058 3873 1219 3943 δορᾶς
1256 3874 1545 3945 ἐπιϐουλὴν
1565 3874 1606 3939 ³,
1652 3874 1745 3938 οὒς

117 3966 451 4034 φυλάσσειν
519 3965 902 4036 παρήγγελκεν
945 3968 1078 4036 ἡμῖν
1117 3969 1144 4018 ὁ
1177 3966 1401 4035 Κύριος,
1442 3968 1603 4038 ὃμοια
1647 3968 1744 4038 μὲν

116 4056 475 4118 λαλοῦντας,
508 4056 737 4125 ἀνόμοια
772 4056 828 4108 δὲ
868 4055 1199 4127 φρονοῦντας
1220 4073 1232 4085 ·
1276 4059 1568 4125 ἀναγκαῖον
1604 4061 1694 4130 ήγτ

1917 4062 1934 4108 ι
1963 4056 2214 4110 animus:
2248 4056 2624 4110 necessarium
2655 4057 2862 4126 putavi,
2896 4071 3021 4110 cum
3056 4057 3111 4113 in
3134 4057 3429 4128 Valentini,

115 4153 364 4222 σάμην,
404 4148 636 4220 ἐντυχὼν
665 4152 775 4212 τοῖς
822 4150 1178 4220 ὑπομνήμασι
1208 4150 1335 4214 τῶν,
1372 4151 1446 4214 ὡς
1474 4152 1628 4205 αὐτοὶ
1653 4153 1694 4204 λε

1941 4157 2215 4208 asserunt,
2245 4147 2639 4217 discipulorum
2666 4150 3091 4205 commentarios
3118 4151 3428 4216 inciderim,

113 4260 368 4313 γουσιν,
384 4242 732 4295 Οὐαλεντίνου
755 4241 1030 4313 μαθητῶν,
1055 4243 1217 4305 ἐνίοις
1238 4243 1280 4295 δ’
1300 4244 1477 4295 αὐτῶν
1492 4245 1585 4296 καὶ
1609 4261 1694 4315 συγ

1924 4255 1975 4292 tn
2010 4240 2218 4309 aliquot
2259 4239 2426 4293 etiam
2460 4254 2525 4293 ex
2562 4239 2779 4293 illorum
2824 4256 3055 4295 numero
3102 4257 3432 4314 congressus

110 4331 361 4395 ϐαλὼν,
398 4333 492 4384 καὶ
523 4331 963 4401 καταλαϐόμενος
998 4330 1096 4401 τὴν
1134 4331 1360 4401 γνώμην
1396 4332 1597 4396 αὐτῶν,
1639 4351 1694 4403 μι

1917 4331 2072 4393 erim,
2116 4330 2243 4394 tibi,
2280 4345 2313 4383 o
2339 4331 2683 4394 charissime,
2741 4340 3059 4399 portentosa
3091 4333 3181 4387 illa
3218 4350 3282 4388 ac
3306 4352 3434 4405 pro-

108 4425 313 4479 νῦσαί
336 4442 441 4487 σοι,
463 4425 729 4495 ἀγαπητὲ,
754 4424 823 4477 τὰ
845 4423 1123 4494 τερατώδη
1142 4424 1235 4477 καὶ
1256 4423 1426 4494 βαθέα
1453 4426 1694 4497 pacati,th

1918 4424 2022 4478 nda
2072 4422 2381 4493 signiﬁcare
2422 4423 2716 4493 mysteria;
2772 4440 2894 4493 quae
2944 4424 3159 4495 quidem
3210 4442 3317 4481 non
3364 4430 3434 4483 ad

104 4518 150 4572 ἃ
190 4517 270 4570 οὐ
320 4516 525 4579 πάντες
553 4515 844 4587 χωροῦσιν,
874 4516 995 4568 ἐπεὶ
1020 4514 1094 4586 μὴ
1119 4516 1319 4579 πάντες
1340 4516 1427 4568 τὸν
1452 4517 1694 4585 ἐγκέφαλι

1920 4524 2072 4584 ptum
2097 4514 2341 4569 omnium
2367 4512 2597 4579 faciunt,
2624 4514 2766 4583 quod
2798 4530 2904 4569 non
2931 4531 3124 4572 omnes
3146 4518 3429 4573 cerebrum

108 4605 541 4672 ὲξεπτύκασιν,
593 4607 743 4669 ὅπως
780 4607 875 4660 καὶ
914 4608 999 4670 σὺ,
1040 4605 1224 4677 μαθὼν
1265 4607 1424 4673 αὐτὰ,
1474 4608 1606 4660 πᾶσι
1635 4625 1694 4660 το

1926 4608 2199 4676 spuerint,
2218 4612 2346 4660 utet
2374 4616 2428 4660 tu
2462 4607 2696 4677 cognitis
2721 4607 3097 4672 iis,universis
3124 4610 3216 4680 qui
3248 4617 3431 4666 tecum

109 4700 291 4773 μετᾶ
331 4699 431 4751 σοῦ
456 4698 663 4769 φανερὰ
688 4700 942 4772 ποιήσῃς,
962 4700 1055 4752 καὶ
1080 4700 1416 4771 παραινέσῃς
1442 4700 1623 4763 αὐτοῖς
1647 4718 1694 4769 φη

1917 4706 1988 4751 mt
2034 4696 2223 4751 eadem
2274 4695 2542 4762 declares,
2581 4712 2645 4751 ac
2688 4712 2934 4761 moneas,
2979 4698 3057 4751 uti
3101 4700 3431 4754 altissimum

103 4790 427 4858 λάξασθαι
460 4791 548 4843 τὸν
582 4790 741 4860 βυθὸν
770 4790 869 4861 τῆς
904 4790 1109 4855 ἀνοίας,
1145 4792 1239 4844 καὶ
1267 4790 1367 4859 τῆς
1401 4791 1481 4852 είς
1510 4789 1694 4861 Χριστὲ

1917 4806 2004 4844 um
2045 4790 2289 4846 stultitia:
2334 4799 2495 4859 atque
2528 4788 2583 4843 iu
2611 4790 2888 4844 Christum
2930 4791 3281 4861 blasphemiae
3305 4808 3436 4864 gur-

105 4882 511 4959 βλασφημίας
536 4899 548 4913 ·
587 4883 700 4947 καὶ,
733 4882 914 4946 καθὼς
942 4882 1167 4953 δύναμις
1195 4885 1348 4953 ἡμῖν,
1390 4883 1488 4953 τήν
1513 4898 1573 4934 τε
1603 4881 1694 4951 γνό

1917 4888 2014 4935 tem
2057 4880 2320 4934 dcvitenl.
2372 4878 2581 4948 Itaque,
2627 4879 2808 4948 quoad
2857 4880 2909 4933 in
2960 4895 3047 4935 me
3095 4882 3259 4935 situm
3308 4884 3434 4947 erit,

105 4996 244 5051 μην
280 4973 482 5027 αὐτῶν
512 4974 618 5026 τῶν
650 4974 743 5027 νῦν
781 4974 1311 5045 παραδιδασκόντων,
1352 4973 1495 5041 λέγω
1534 4972 1598 5044 δὴ
1640 4974 1694 5027 τι]

1917 4987 2043 5025 ιτυιη
2087 4970 2179 5041 qui
2227 4970 2432 5025 erroris
2478 4970 2641 5025 hodie
2682 4970 2933 5041 magistri
2977 4977 3125 5036 sunt,
3172 4972 3434 5026 nimirum

103 5089 267 5141 περι
309 5064 681 5135 Πτολεμαῖον,
716 5065 1035 5136 ἀπάνθισμα
1073 5060 1239 5117 οὖσαν
1264 5064 1361 5135 τῆς
1395 5063 1694 5118 Οὑαλεντίν⁴

1917 5064 2163 5127 ,olemzei,
2212 5061 2442 5133 ejusque
2492 5069 2856 5126 sectatorum,
2913 5063 3007 5133 qui
3052 5078 3116 5118 ex
3159 5061 3434 5118 Valentini

1841 5201 1863 5233 ⁸
1892 5198 1954 5254 F.
1987 5199 2266 5270 ἐπιϐολήν.
2340 5198 2403 5253 ⁸1
2437 5198 2577 5253 Tim.
2610 5215 2650 5264 t,
2687 5200 2741 5253 4.

1855 5315 2001 5386 quod
2037 5315 2167 5386 olim
2194 5313 2383 5370 Billius
2420 5314 2645 5378 fecerat,
2672 5316 2962 5385 diligenter
2991 5316 3347 5375 contulimus,
3376 5320 3432 5367 et

1855 5384 2074 5441 nostras
2116 5384 2368 5455 Billiique
2414 5388 2761 5455 conjecturas
2782 5384 2868 5440 ’ad
2900 5387 3203 5457 marginem
3254 5386 3429 5439 ascri-

1854 5457 2087 5526 psimus,
2137 5473 2317 5539 neque
2357 5457 2653 5539 quidquam
2706 5458 2809 5539 nisi
2855 5474 2918 5512 ex
2968 5465 3211 5538 veterum
3263 5470 3428 5509 manu

1852 5538 2202 5585 exaratorum
2236 5527 2341 5585 ﬁde
2371 5527 2427 5583 in
2451 5537 2711 5585 contextu
2744 5529 2864 5599 ipso
2896 5528 3248 5583 mutavimus.

1923 3693 2287 3760 Quamobrem
2322 3708 2390 3748 ne
2421 3694 2515 3763 qui
2545 3694 2707 3763 culpa
2736 3703 2926 3749 nostra
2953 3704 3213 3765 tanquam
3240 3711 3370 3754 oves
3398 3715 3432 3755 a

1853 3781 2016 3851 lupis,
2046 3782 2124 3836 sic
2153 3782 2223 3835 ab
2250 3782 2744 3851 illis'abripiautur,
2777 3783 2935 3855 174
2957 3800 3094 3854 quos
3118 3788 3300 3841 ovium
3317 3789 3433 3858 pel-

1852 3873 1995 3927 libus
2044 3880 2217 3927 tectos
2266 3873 2608 3942 ignorarint;
2648 3874 2961 3942 Cujusmodi
2997 3877 3433 3936 cavendos‘esse

1850 3962 2117 4017 Dominus
2144 3962 2405 4032 praecipit,
2434 3977 2667 4031 quorum
2693 3964 2889 4016 similis
2912 3979 3113 4028 sermo,
3147 3967 3433 4024 dissimilis

190 5208 214 5239 ί
258 5204 436 5259 lren.
477 5201 550 5273 μὴ
574 5201 888 5273 διακρίνειν.
963 5203 984 5233 ¹
1017 5199 1077 5257 F.
1116 5201 1345 5273 παρέχει
1380 5202 1461 5257 vel
1496 5201 1766 5271 (petiverat.

192 5320 348 5391 (69)
396 5318 492 5391 Ἐκ
523 5316 643 5370 τῶν
673 5317 780 5370 τοῦ
821 5317 1013 5385 ἁγίου.
1056 5317 1358 5391 Plurimum
1382 5316 1476 5391 vel
1501 5316 1605 5391 hoc
1635 5330 1748 5391 ιιηο

100 5386 395 5455 noinirle
418 5388 485 5442 de
512 5390 657 5441 omni
685 5394 1004 5457 posteritate
1030 5389 1259 5442 meritus
1275 5394 1360 5442 est
1381 5386 1741 5457 Epiphanius,

97 5464 298 5542 quod
339 5460 473 5527 ejus
515 5458 698 5542 studio
738 5458 940 5542 factum
983 5468 1088 5522 est,
1130 5468 1189 5511 ut
1218 5458 1403 5542 Ireniei
1432 5458 1736 5539 fragmenta

96 5527 536 5611 dumdamuex
583 5537 737 5581 tanto
782 5529 929 5611 illius
962 5527 1746 5611 operum.naufragiojs‘uper-

94 5598 373 5671 ésseut.
425 5598 537 5654 Nos
565 5614 629 5652 ea
660 5613 784 5652 cum
816 5598 1007 5651 Latina
1050 5598 1221 5654 veteri
1272 5598 1739 5671 interpretatione,

450 5694 706 5756 Parnm.
760 5693 1066 5756 Gn.XLI.
1188 5700 1194 5706 '
2961 5690 3025 5752 16
