3760 6176
331 117 423 174 491

1703 107 1760 163 S.
1803 104 2142 162 EPIPHANII

3495 101 3599 154 49?

334 237 519 292 schola
543 232 914 298 efﬂoruerunt,
940 231 1265 287 sententiam
1297 238 1553 286 accurate
1579 245 1642 284 ac
1670 230 1907 284 breviter

2095 228 2223 298 ιλῆς,
2244 228 2522 298 συντόμως
2542 227 2633 280 καὶ
2658 225 2841 296 σαφῶς
2862 222 3302 294 ἀπαγγελοῦμεν,
3319 225 3412 277 καὶ
3431 225 3603 294 ἀφορ-

334 342 639 397 exponam;
688 333 742 382 et
785 324 853 378 ad
886 338 1004 379 eam
1036 321 1383 379 refutandam
1425 321 1620 377 idonea
1655 336 1772 395 .pro
1808 321 1911 374 mei

337 429 528 491 captus
554 417 848 488 exiguitate
875 422 1191 486 argumenta
1220 429 1538 485 suggeram:
1566 413 1765 484 quibus
1792 427 1914 482 quae

341 511 409 564 ab
459 508 565 562 illis
618 505 878 560 dicuntur
923 504 1258 574 perabsurda
1308 503 1640 572 minimeque
1697 503 1910 556 veritati

343 607 708 653 consentanea
756 610 878 649 esse
922 593 1405 655 demonstrabitur,
1458 594 1675 648 tametsi
1735 610 1914 662 neque

343 689 563 758 scriptis
597 686 893 757 quidquam
932 686 1254 740 elucubrare
1293 687 1693 748 consueverint,
1739 702 1914 754 neque

313 827 316 830 .
345 781 559 835 dicendi
585 781 707 835 sita
737 795 822 834 me
852 779 1082 833 facultas
1108 777 1498 832 exercitatione
1519 779 1765 846 quaesita.
1808 776 1913 833 Sed

343 887 431 926 me
465 872 704 926 charitas
743 871 1013 932 hortatur,
1063 877 1121 922 ut
1159 884 1223 923 ea
1269 869 1365 923 tibi
1412 870 1632 938 tuisque
1661 869 1917 938 degmata

339 962 700 1036 patefaciant,
757 977 879 1031 qua:
923 961 989 1015 ad
1037 962 1184 1015 hunc
1227 961 1498 1015 occultata
1543 960 1685 1014 diem
1731 961 1915 1014 divina

339 1059 501 1112 modo
522 1055 697 1126 gratia
715 1060 962 1125 prompta
983 1055 1236 1109 omnibus
1261 1061 1558 1122 apertaque
1581 1062 1726 1109 sunt.
1765 1052 1915 1106 Nihil

340 1150 478 1202 enim
507 1157 580 1200 est
615 1145 896 1204 occultum,
933 1142 1070 1213 quod
1103 1159 1204 1196 non
1234 1142 1513 1207 reveletur,
1550 1154 1597 1198 et
1632 1142 1916 1198 abscondi-

344 1232 474 1302 tum,
509 1238 646 1308 quod
685 1255 786 1292 non
811 1236 1073 1292 sciatur‘.

414 1330 483 1384 X.
509 1331 798 1384 EnimVero
814 1329 949 1383 nihil
967 1328 1070 1384 crit
1088 1343 1186 1382 cur
1210 1343 1238 1380 a
1263 1327 1438 1390 nobis,
1457 1328 1548 1398 qui
1575 1329 1713 1382 inter
1735 1326 1917 1383 Gallos

342 1421 608 1491 degimus,
642 1427 804 1489 atque
824 1421 876 1474 in
892 1420 1137 1476 barbarae
1159 1420 1355 1490 lingua:
1377 1418 1728 1474 meditatione
1747 1420 1918 1488 pluri-

342 1528 491 1566 mum
527 1512 777 1582 occupati
820 1527 1029 1576 sumus,
1053 1512 1347 1566 oratoriam
1365 1511 1550 1582 exigas
1577 1512 1912 1574 facultatem,

2018 321 2123 391 μὰς
2168 318 2408 389 δώσομεν
2447 319 2582 373 κατά
2625 320 2723 390 τὴν
2767 319 3038 389 ἡμετέραν
3073 317 3420 387 μετριότητα,
3459 315 3600 385 πᾴις

2014 412 2073 464 τὸ
2103 411 2428 482 ἀνατρέπειν
2474 411 2663 481 αὐτὴν,
2719 411 2981 462 ἁλιλὸκοτα
3029 411 3121 462 καὶ
3169 408 3496 477 ἀνάρμοστα

2015 504 2238 576 ἀληθείᾳ
2277 503 2674 566 ἐπιδεικνύντες
2703 503 2771 555 τὰ
2802 503 2892 555 ὑπ’
2927 500 3107 553 αὐτῶν
3133 499 3420 569 λεγόμενα,
3459 499 3605 567 μήτε

2016 597 2350 668 συγγράφειν
2393 595 2705 666 εἰθισμένοι,
2743 597 2881 664 μήτε
2917 594 3090 660 λόγων
3125 592 3319 660 τέχνην
3353 590 3607 660 ήσκηκὸο

2013 705 2102 752 τες
2123 705 2136 718 ο
2167 688 2384 758 ἀγάπης
2408 687 2465 740 δὲ
2485 689 2630 758 ἡμᾶς
2661 685 3110 756 προτρεπομένης
3144 682 3224 735 σοι
3253 700 3309 735 τε
3338 683 3431 734 καὶ
3457 683 3607 733 πᾶσι

2013 781 2127 842 τοῖς
2157 780 2294 848 μετά
2317 777 2408 830 σοῦ
2437 777 2670 848 μηνῦσαι
2691 778 2758 828 τὰ
2785 776 2944 846 μέχρι
2972 774 3069 838 μὲν
3091 773 3185 827 νῦν
3208 772 3603 843 κεκρυμμένα,

2015 870 2116 941 ήδη
2138 870 2195 922 δὲ
2221 869 2362 922 κατὰ
2388 870 2486 939 τὴν
2516 868 2672 939 χάριν
2711 867 2802 920 τοῦ
2834 864 2970 920 Θεοῦ
3005 868 3086 927 εἰς
3133 864 3366 934 φανερὸν
3396 863 3604 931 ἐληλυ-

2018 961 2146 1014 θότα
2185 961 2506 1030 διδάγματα.
2569 957 2758 1012 Οὐδὲν
2793 960 2902 1027 γάρ
2941 958 3076 1010 ἐστι
3117 954 3605 1023 κεκαλυμμένον,

2015 1051 2048 1105 ὃ
2078 1053 2187 1106 οὐκ
2216 1048 2805 1118 ἀποκαλυφθήσεται,
2825 1047 2922 1101 καὶ
2949 1045 3236 1116 κρυπτὸν,
3276 1045 3307 1098 ὃ
3349 1048 3424 1099 σὺ
3449 1061 3608 1112 γνω-

2016 1143 2325 1211 σθήσεται.

2088 1319 2143 1376 l'.
2174 1317 2290 1373 Ούκ
2322 1301 2673 1388 ἐπιζητήσεις
2694 1316 2750 1368 δὲ
2782 1318 2912 1386 παρ’
2937 1316 3094 1385 ἡμῶν
3113 1317 3223 1388 (70)
3247 1319 3354 1372 τῶν
3379 1321 3436 1372 ἐν
3461 1319 3607 1371 Κελ-

2017 1413 2129 1474 τοῖς
2159 1409 2562 1481 διατριϐόντων,
2612 1408 2704 1460 καὶ
2749 1406 2874 1477 περὶ
2920 1406 3193 1479 βάρϐαρον
3233 1410 3520 1463 διάλεκτον
3549 1411 3610 1461 τὸ

2021 1504 2267 1556 πλεῖστον
2300 1498 2707 1570 ἀσχολουμένων
2738 1497 2909 1566 λόγων
2946 1499 3164 1570 τέχνην,
3217 1503 3282 1572 ἢν
3322 1504 3424 1556 οὐκ
3465 1504 3611 1573 ἐμά-

344 1618 506 1674 quam
527 1618 804 1673 nunquam
823 1602 1142 1670 didicimus;
1159 1617 1336 1672 neque
1357 1602 1626 1658 scribendi
1646 1602 1914 1672 peritiam,

2095 1615 2202 1666 αεν,
2231 1595 2353 1648 οὔτε
2376 1596 2604 1665 δύναμιν
2626 1593 3008 1662 συγγραφέως,
3036 1595 3104 1663 ἣν
3128 1594 3230 1647 οὐκ
3251 1596 3608 1666 ἠσκήσαμεν,

343 1697 432 1750 cui
455 1711 730 1765 nunquam
751 1695 1087 1761 studuimus;
1116 1709 1290 1764 neque
1307 1695 1562 1749 dictionis
1577 1702 1824 1749 ornatum
1856 1710 1918 1749 ac

345 1789 551 1849 fucum,
585 1802 749 1856 quem
772 1788 989 1856 penitus
1011 1787 1348 1858 ignoramus.
1377 1785 1517 1852 Quin
1545 1788 1724 1857 potius
1754 1802 1916 1857 quaen

345 1880 504 1933 nobis
540 1877 880 1947 simpliciter,
899 1893 962 1932 ac
993 1893 1119 1933 vere
1145 1877 1464 1946 vulgarique
1492 1892 1744 1934 sermone
1769 1881 1834 1933 ad
1868 1887 1920 1937 te

310 1965 312 1967 ’
352 1986 416 2024 ex
444 1968 709 2023 charitate
731 1967 1071 2033 scribuntur,
1115 1983 1180 2024 ea
1212 1984 1278 2024 ex
1326 1968 1597 2024 charitate
1629 1972 1918 2040 suscipias,

350 2068 516 2129 atque
559 2066 747 2129 utpote
788 2060 962 2130 magis
995 2059 1060 2113 ad
1091 2060 1143 2115 id
1187 2059 1547 2130 praestandum
1569 2062 1816 2127 idoneus,
1840 2065 1920 2120 sic

349 2158 611 2219 tanquam
642 2149 849 2203 semina
867 2149 1113 2218 quaedam
1140 2157 1194 2205 et
1217 2150 1370 2204 initia
1392 2165 1423 2204 a
1445 2151 1604 2207 nobis
1621 2157 1917 2223 acceperis,

349 2256 489 2296 nova
524 2239 664 2310 apud
707 2247 761 2294 te
791 2239 1107 2294 accessione
1149 2240 1511 2310 locupletiora
1551 2241 1739 2310 facies,
1779 2253 1833 2302 et
1867 2247 1920 2300 in

349 2332 548 2388 mentis
577 2343 684 2386 tua:
709 2332 1007 2400 spatiosum
1037 2332 1219 2388 sinum
1244 2334 1544 2400 recondita,
1579 2353 1699 2406 qua:
1732 2339 1921 2408 paucis

351 2439 381 2477 a
409 2439 493 2477 me
521 2422 811 2492 perstricta
843 2429 993 2486 sunt,
1019 2421 1270 2478 uberiore
1296 2421 1475 2478 fructu
1505 2428 1920 2496 compensabis:

351 2528 418 2567 ac
441 2513 679 2583 denique
707 2511 974 2582 quidquid
1017 2526 1047 2566 a
1079 2527 1165 2567 me
1195 2526 1386 2582 parum
1424 2514 1654 2570 viriliter
1669 2513 1926 2588 ‘explica-

353 2609 467 2655 tum
495 2602 677 2665 fuerit,
701 2602 843 2671 apud
863 2610 988 2656 tuos
1002 2615 1229 2656 nervose
1255 2601 1572 2674 fortiterque
1595 2603 1920 2676 disputabis.

351 2694 528 2763 Atque
561 2701 617 2747 ut
647 2709 744 2766 ego
771 2693 865 2748 tibi
896 2695 1114 2749 illorum
1144 2696 1467 2750 sententiam
1493 2697 1801 2766 perdiscere
1830 2716 1925 2756 cu-

354 2786 543 2854 pienti,
581 2801 688 2839 non
730 2800 848 2839 cam
889 2783 1051 2838 modo
1083 2783 1362 2840 declarare
1396 2785 1601 2854 studui,
1643 2789 1800 2860 175
1830 2792 1925 2847 sed

2017 1688 2140 1742 οὕτε
2175 1686 2557 1756 καλλωπισμὸν
2587 1686 2804 1751 λέξεων,
2839 1684 2961 1737 οῦτε
2997 1683 3351 1758 πιθανότητα,
3403 1689 3475 1754 ἦν
3508 1687 3612 1740 οὐκ

2019 1780 2254 1850 οἴδαμεν.
2306 1778 2464 1832 Ἀλλὰ
2494 1777 2680 1841 ἁπλῶς
2707 1778 2802 1832 καὶ
2844 1780 3057 1851 ἀληθῶς
3087 1783 3180 1834 καὶ
3217 1778 3511 1842 ἰδιωτικῶς
3543 1780 3612 1831 τὰ

2024 1875 2161 1946 μετὰ
2189 1873 2410 1943 ἀγάπης
2448 1889 2527 1925 σοι
2557 1871 2855 1941 γραφέντα,
2902 1870 3040 1939 μετά
3083 1871 3300 1941 ἀγάπης
3331 1873 3398 1924 σὺ
3429 1887 3612 1939 προσ-

2019 1967 2164 2038 δέξῃ,
2188 1966 2280 2019 καὶ
2301 1963 2461 2027 αὐτὸς
2485 1964 2739 2032 αὐξήσεις
2767 1961 2904 2016 αύτά
2926 1962 3077 2034 παρά
3102 1962 3329 2033 σεαυτῷ,
3355 1963 3456 2015 ἅτε
3490 1965 3611 2024 ικα-

2021 2057 2250 2127 νώτερος
2277 2055 2431 2126 ἡμῶν
2467 2053 2766 2122 τυγχάνων,
2804 2055 2965 2107 οἱονεὶ
3001 2053 3286 2125 σπέρματα
3302 2055 3397 2107 καὶ
3425 2054 3612 2124 ἀρχὰς

2021 2147 2197 2204 λαϐὼν
2217 2147 2344 2218 παρ’
2359 2144 2534 2217 ἡμῶν,
2549 2145 2640 2196 καὶ
2660 2145 2716 2198 ἐν
2732 2143 2808 2214 τῷ
2825 2145 3015 2198 πλάτει
3034 2161 3127 2196 σου
3145 2143 3236 2195 τοῦ
3249 2143 3338 2196 νοῦ
3354 2145 3451 2195 ἐπὶ
3474 2144 3613 2195 πολὺ

2023 2238 2466 2311 καρποφορήσεις
2486 2235 2554 2288 τά
2578 2235 2644 2287 δι’
2672 2233 2867 2302 ὀλίγων
2890 2233 2977 2301 ὑφ’
3009 2233 3165 2303 ἡμῶν
3192 2232 3486 2303 εἰρημένα,
3523 2235 3611 2284 καῖ

2023 2329 2262 2393 δυνατῶς
2285 2327 2660 2400 παραστήσεις
2700 2327 2809 2388 τοῖς
2842 2324 2978 2394 μετά
3009 2324 3102 2376 σοῦ
3146 2323 3213 2377 τὰ
3245 2323 3495 2386 ἀσθενῶς
3526 2326 3614 2392 ὑφ’

2024 2421 2178 2494 ἡμῶν
2209 2418 2611 2491 ἐπηγγελμένα.
2666 2418 2775 2470 Καὶ
2812 2416 2886 2478 ὡς
2920 2417 3079 2487 ἡμεῖς
3110 2415 3612 2486 ἐφιλοτιμήθημεν,

2023 2515 2190 2571 πάλαι
2218 2511 2507 2584 ζητοῦντος
2551 2526 2644 2562 σου
2696 2507 2886 2579 μαθεῖν
2918 2506 3016 2578 τὴν
3046 2506 3268 2576 γνώμην
3296 2508 3512 2574 αὐτῶν,
3545 2509 3617 2578 μὴ

2027 2609 2187 2679 μόνον
2236 2622 2317 2658 σοι
2353 2603 2572 2672 ποιῆσαι
2601 2599 2856 2671 φανερὰν,
2911 2597 3044 2653 ἀλλά
3074 2599 3168 2652 καὶ
3204 2600 3389 2669 ἐφόδια
3417 2601 3617 2653 δοῦναι

2028 2698 2162 2769 πρὸς
2189 2696 2248 2750 τὸ
2285 2692 2639 2748 ἐπιδεικνύειν
2669 2691 2836 2763 αὐτὴν
2882 2690 3081 2761 ψευδῆ·
3136 2690 3278 2744 οὕτω
3312 2691 3370 2744 δὲ
3403 2692 3518 2744 καὶ
3555 2693 3616 2743 σὺ

2026 2789 2317 2861 φιλοτίμως
2345 2789 2456 2848 τοῖς
2495 2785 2699 2846 λοιποῖς
2731 2783 3092 2854 διακονήσεις,
3122 2783 3261 2837 κατά
3295 2784 3398 2854 τὴν
3443 2784 3617 2854 χάριν

352 2876 546 2928 idonea
580 2890 796 2944 quoque
829 2875 1080 2944 praesidia
1111 2874 1175 2928 ad
1206 2875 1351 2929 illam
1382 2877 1810 2934 convincendam
1844 2891 1920 2936 at-

2098 2900 2126 2935 ν
2156 2879 2292 2952 πρὸς
2322 2878 2412 2932 τοῦ
2432 2877 2636 2948 Κυρίου
2664 2893 2744 2928 σοι
2768 2875 3078 2946 δεδομένην,
3104 2878 3183 2938 εἰς
3203 2876 3262 2928 τὸ
3285 2875 3500 2946 μηκέτι
3521 2894 3616 2928 rcu-

353 2964 482 3018 tuli:
538 2968 608 3020 ita
663 2974 716 3020 et
759 2973 815 3019 tu
847 2980 945 3035 pro
974 2979 1035 3020 ea
1065 2980 1186 3034 quae
1214 2973 1392 3022 tecum
1428 2981 1458 3020 a
1487 2967 1599 3024 Deo
1623 2975 1926 3028 communi-

354 3065 476 3112 cata
510 3058 680 3125 gratia
718 3067 820 3122 est,
861 3063 1182 3111 cazterorum
1238 3058 1483 3127 impense
1529 3062 1835 3121 rationibus
1873 3076 1925 3122 et

2037 2972 2361 3046 ρασύρεσθαι
2381 2969 2506 3031 τοὺς
2531 2966 2846 3038 ἀνθρώπους
2875 2967 2981 3021 ὑπὸ,
3007 2969 3110 3037 τῆς
3135 2966 3355 3021 ἐκείνων
3384 2967 3616 3020 πιθανο-

2031 3067 2214 3137 λογίας
2242 3063 2405 3132 οῦσης
2435 3059 2710 3128 τοιαύτης

355 3152 570 3206 utilitati
598 3151 822 3216 servies,
843 3167 909 3206 ne
936 3151 989 3204 in
1009 3158 1283 3220 posterum
1307 3152 1593 3223 quisquam
1618 3157 1812 3215 blanda
1831 3163 2044 3221 illorum
2073 3159 2596 3234 oratione‘capiatur.
2617 3157 2748 3222 Qua:
2778 3155 2832 3209 in
2855 3154 2999 3210 hunc
3020 3156 3237 3210 modum
3260 3171 3381 3213 sese
3403 3157 3616 3211 habet:

423 3246 700 3317 Principio
740 3249 794 3301 in
822 3246 1247 3302 sublimitatibus
1277 3246 1405 3314 illis,
1454 3265 1576 3320 quae
1605 3268 1782 3324 neque
1804 3258 1930 3314 visu

355 3340 581 3409 percipi,
630 3353 806 3408 neque
845 3338 1210 3408 appellatione
1239 3339 1347 3393 ulla
1375 3345 1762 3412 comprehendi
1796 3363 1924 3418 pos—

362 3439 509 3494 sunt,
547 3431 843 3500 perfectum
875 3430 1049 3485 inesse
1079 3431 1368 3500 quemdam
1395 3432 1626 3490 IEonem
1652 3450 1925 3508 asserunt,

362 3536 521 3590 quem
554 3527 609 3574 et
645 3520 878 3589 primum
923 3518 1231 3584 Parentem,
1263 3529 1318 3574 et
1350 3519 1580 3591 Bythum
1622 3529 1928 3586 nominant.

363 3607 518 3662 Hunc
559 3623 680 3662 cum
724 3608 873 3661 nullo
924 3608 1046 3663 loco
1075 3609 1341 3664 contineri
1384 3625 1484 3666 nec
1522 3613 1692 3669 videri
1725 3627 1927 3686 posset,

359 3699 746 3768 sempiternum
781 3714 881 3753 nec
909 3699 1149 3769 genitum
1180 3700 1233 3753 in
1270 3701 1452 3770 quiete
1474 3711 1639 3774 atque
1671 3707 1782 3761 otio
1810 3707 1932 3762 infi-

363 3791 493 3846 nitis
535 3805 914 3860 perseverasse
981 3791 1214 3846 saeculis.
1259 3793 1504 3859 Quocum
1541 3794 1800 3851 Ennmam
1833 3814 1930 3853 ex—

361 3883 567 3937 stitisse
593 3881 815 3951 pariter,
844 3896 1007 3950 quam
1039 3881 1131 3936 isti
1163 3880 1405 3937 Gratiam
1432 3898 1495 3938 ac
1519 3885 1682 3955 Sigen
1713 3897 1929 3942 vocant.

361 3977 438 4026 Ac
457 3971 623 4026 fuisse
641 3981 854 4040 tempus
873 3971 1186 4041 aliquando,
1209 3987 1330 4026 cum
1354 3973 1559 4044 Bythus
1577 3975 1667 4031 ille
1687 3977 1930 4031 omnium

361 4079 426 4118 ex
463 4078 583 4117 sese
615 4061 912 4130 primordia
934 4062 1236 4131 producere
1267 4065 1536 4132 voluerit,
1572 4080 1635 4120 ac
1673 4076 1932 4138 tanquam

362 4153 588 4216 semina,
622 4167 744 4222 quae
771 4153 826 4205 in
850 4151 1010 4224 Sigen
1041 4154 1300 4223 aequalem
1336 4170 1399 4209 ac
1441 4171 1748 4227 comparem
1775 4175 1930 4215 suam

2102 3257 2331 3325 Λέγουσι
2360 3252 2470 3322 γὰρ
2490 3249 2612 3304 τινὰ
2633 3247 2772 3302 εἶναι
2795 3251 2852 3303 ἐν
2877 3250 3129 3320 ἀοράτοις
3155 3251 3245 3303 καὶ
3267 3251 3617 3319 ἀκατονομάο

2032 3365 2178 3411 στοις
2200 3345 2452 3417 ὑψώμασι
2484 3343 2686 3396 τέλειον
2712 3341 2892 3395 Αῐῶνα
2915 3343 3148 3411 προιόντα
3167 3357 3180 3370 ’
3215 3342 3402 3394 τοῦτον
3423 3342 3496 3394 δὲ
3529 3344 3615 3394 καὶ

2032 3441 2357 3512 Προπάτορα
2372 3439 2414 3500 ¹,
2435 3435 2526 3488 καὶ
2549 3434 2714 3487 Βυθὸν
2734 3434 2898 3486 καλοῦ
2908 3451 3008 3487 σιν.
3027 3434 3368 3504 ’Υπάρχοντα
3383 3434 3429 3486 δ’
3450 3435 3618 3487 αὐτὸν

2032 3525 2311 3597 ἀχὼρητον
2358 3523 2453 3576 καὶ
2499 3523 2747 3592 ἀόρατον,
2787 3522 2958 3574 ἀΐδιόν
2989 3539 3048 3574 τε
3071 3523 3165 3575 καὶ
3197 3523 3527 3592 ἀγέννητον,
3563 3527 3617 3576 ἐν

2032 3610 2258 3689 ἠσυχίᾳ,
2312 3614 2404 3668 καὶ
2452 3612 2658 3684 ἠρεμίᾳ
2715 3612 2881 3684 πολλῇ
2931 3613 3211 3680 γεγονέναι
3255 3615 3311 3664 ἐν
3359 3615 3616 3685 ἀπείροις

2040 3706 2200 3761 αἱῶσι
2230 3705 2452 3776 χρόνων.
2499 3703 2871 3774 Συνυπάρχειν
2895 3703 2937 3755 δ’
2961 3704 3108 3773 αύτῷ
3133 3705 3225 3757 καὶ
3247 3706 3526 3769 Ἐννοιεν,
3554 3711 3614 3777 ἣν

2035 3798 2100 3869 δὴ
2123 3797 2215 3850 καὶ
2242 3796 2437 3865 Χάριν,
2473 3795 2566 3848 καὶ
2587 3794 2752 3862 Σιγὴν
2781 3792 3104 3863 ὀνομάζουσι
3126 3813 3140 3825 ’
3159 3795 3254 3848 καὶ
3287 3798 3614 3868 ἐννοηθῆναί

2039 3905 2167 3942 ποτε
2190 3889 2283 3956 ἀφ’
2313 3885 2505 3939 ἐαυτοῦ
2531 3885 2894 3955 προϐαλέσθαι
2919 3885 3011 3940 τὸν
3035 3887 3200 3939 Βυθὸν
3223 3886 3411 3941 τοῦτον
3433 3892 3615 3961 ἀρχὴν

2037 3976 2144 4031 τῶν
2169 3976 2408 4033 πάντων,
2433 3975 2526 4044 καὶ
2553 3973 2802 4045 καθάπερ
2825 3975 3044 4046 σπέρμα
3067 3975 3164 4045 τὴν
3187 3977 3461 4048 προϐολὴν
3487 3980 3613 4031 ταύ-

2037 4085 2156 4139 την,
2199 4068 2265 4138 ῆν
2295 4065 2658 4137 προϐαλέσθαι
2690 4065 2963 4136 ἐνενοήθη,
3001 4067 3096 4119 καὶ
3139 4068 3426 4134 καθέσθαι,
3452 4071 3532 4133 ὡς
3555 4074 3610 4124 ἐν

2041 4159 2222 4228 μήτρᾳ
2255 4156 2387 4227 (71),
2429 4158 2496 4226 τῇ
2538 4155 2952 4227 συνυπαρχούσῃ
2985 4157 3164 4227 ἐαυτῷ
3196 4159 3356 4229 Σιγῇ.
3394 4161 3612 4230 Ταύτην

361 4244 520 4314 quasi
555 4242 838 4298 matricem
873 4241 1093 4298 infudit.
1133 4244 1263 4298 Eam
1295 4261 1461 4316 porro
1489 4250 1696 4306 semine
1722 4251 1814 4306 illo
1837 4268 1920 4307 ex-

2123 4247 2521 4316 ύποδεξαμένην
2550 4246 2608 4298 τὸ
2633 4245 2852 4316 σπέρμα
2882 4246 3058 4309 τοῦτο,
3092 4247 3184 4300 καὶ
3217 4249 3499 4319 ἐγκύμονα
3523 4268 3612 4318 γε-

360 4343 516 4405 cepto
549 4335 851 4406 gravidam,
880 4337 1097 4392 domum
1130 4336 1366 4392 similem
1395 4339 1627 4408 genitori
1653 4343 1934 4410 suo,Nun,

359 4428 732 4498 a-qnalemque
763 4427 1059 4498 peperisse,
1093 4429 1184 4498 qui
1218 4429 1368 4485 solus
1385 4427 1637 4487 Parentis
1667 4435 1939 4504 magnitu-

360 4518 539 4573 dinem
564 4527 800 4589 caperet.
834 4518 1097 4574 Eumdem
1116 4518 1236 4573 Nun
1254 4521 1415 4575 etiam
1438 4519 1736 4592 Unigenam
1759 4526 1937 4579 nomi-

362 4618 510 4674 nant,
557 4620 608 4664 et
655 4609 892 4674 Patrem,
947 4619 1002 4664 et
1046 4610 1381 4680 Principium
1419 4627 1602 4667 rerum
1648 4616 1936 4677 omnium;

362 4716 592 4770 quocum
627 4717 732 4756 una
766 4711 1054 4773 procreata
1085 4703 1156 4757 sit
1189 4701 1427 4760 Veritas.
1490 4705 1642 4760 Hanc
1671 4721 1792 4762 esse
1823 4709 1935 4777 pri-

363 4807 502 4843 mam
523 4807 584 4844 ac
607 4793 902 4863 principem
930 4794 1079 4847 illam
1095 4792 1572 4865 Pytlragoraaorum
1593 4797 1934 4867 quadrigam,

361 4900 520 4954 quam
546 4894 596 4938 et
616 4885 990 4939 universorum
1018 4885 1253 4941 radicem
1279 4887 1568 4956 appellant.
1595 4887 1733 4941 Sunt
1755 4895 1934 4942 autem

364 4975 566 5048 Bythns
597 4992 658 5030 ac
687 4975 844 5045 Sige;
896 4986 1011 5029 tum
1044 4976 1156 5030 Nus
1200 4991 1262 5030 ac
1299 4975 1535 5030 Veritas.
1570 4976 1780 5039 Postea,
1808 4992 1932 5031 cum

366 5065 560 5135 quibus
586 5064 652 5118 de
675 5064 854 5120 causis
876 5065 1175 5133 productus
1201 5072 1346 5120 esset
1381 5063 1623 5134 Unigena
1643 5066 1929 5130 sensisset,

2033 4339 2262 4408 νομένην
2292 4338 2602 4408 ἀποκυῆσαι
2636 4337 2776 4391 Νοῦν
2804 4339 2988 4408 ὅμοιόν
3018 4356 3077 4391 τε
3103 4339 3198 4392 καὶ
3227 4340 3342 4392 ἴσον
3374 4342 3453 4412 τῷ
3482 4361 3612 4414 προ-

2034 4429 2265 4489 ϐαλόντι,
2304 4428 2396 4481 καὶ
2428 4428 2586 4498 μόνον
2613 4427 2889 4499 χωροῦντα
2915 4430 2976 4482 τὸ
3007 4430 3235 4501 μέγεθος
3260 4431 3354 4485 τοῦ
3377 4434 3609 4503 Πατρός.

2034 4519 2136 4571 Τὸν
2179 4519 2236 4570 δὲ
2268 4517 2410 4570 Νοῦν
2442 4517 2629 4571 τοῦτον
2673 4520 2762 4571 καὶ
2790 4519 3064 4589 Μονογενῆ
3096 4520 3350 4586 καλοῦσι,
3379 4526 3476 4574 καὶ
3504 4525 3612 4576 Πα-

2032 4609 2186 4679 τέρα,
2221 4610 2335 4666 καὶ,
2355 4610 2550 4680 Ἀρχὴν
2581 4611 2685 4663 τῶν
2717 4611 2962 4664 πάντων·
3007 4614 3529 4683 συμπροϐεϐλῆσθαι
3557 4617 3610 4668 δὲ

2032 4701 2178 4772 αὐτῷ
2194 4700 2491 4770 Ἀλήθειαν.
2512 4703 2620 4754 Καὶ
2637 4701 2772 4753 εἶναι
2794 4703 2994 4771 ταύτην
3023 4703 3241 4772 πρῶτον
3263 4705 3282 4734 ³
3335 4707 3426 4756 καὶ
3449 4707 3610 4775 ἀρχέ-

2033 4808 2188 4861 γονον
2231 4791 2610 4863 Πυθαγορικὴν
2666 4793 2997 4864 τετρακτὺν,
3051 4795 3117 4864 ἣν
3164 4796 3259 4847 καὶ
3304 4796 3459 4865 ῥίζαν
3504 4799 3609 4848 τῷν

2034 4883 2250 4935 πάντων
2276 4881 2549 4935 καλοῦσιν.
2602 4883 2757 4936 Ἐστι
2786 4883 2891 4955 γὰρ
2918 4884 3085 4947 Βυθὸς
3110 4887 3202 4938 καὶ
3232 4886 3382 4956 Σιγὴ,
3419 4886 3609 4938 ἔπειτα

2031 4975 2175 5037 Νοῦς
2203 4975 2294 5027 καὶ
2326 4974 2600 5046 Ἀλήθεια.
2635 4975 2966 5047 Αἰσθόμενόν
2987 4993 3046 5028 τε
3070 4977 3159 5029 τὸν
3182 4979 3464 5046 Μονογενῆ
3488 4978 3606 5030 τοῦ-

2031 5083 2120 5119 τον
2154 5067 2239 5136 ἐφ’
2277 5063 2358 5131 οἷς
2399 5067 2730 5138 προεϐλήθη,
2770 5068 3061 5140 προϐαλεῖν
3108 5068 3201 5122 καὶ
3253 5069 3410 5122 αὑτὸν
3438 5069 3609 5136 Λόγον

400 5242 417 5272 ί
455 5239 643 5293 Matth.
678 5255 732 5304 Χ,
766 5238 856 5296 26.
934 5242 953 5270 ²
979 5239 1118 5296 lren.
1148 5243 1239 5294 καὶ¹
1265 5243 1562 5315 προαρχὴν,
1597 5243 1708 5298 καί.
1776 5245 1796 5274 ³
1819 5245 1901 5298 An

2095 5247 2192 5317 qv?

439 5423 543 5492 (70)
585 5425 706 5476 Οὐκ
741 5423 1114 5496 ἐπιζητήσας
1143 5423 1219 5496 δὲΔ
1245 5426 1379 5491 παρ’
1406 5424 1590 5494 ἡμῶν.
1619 5425 1774 5491 Quod
1803 5442 1924 5496 per-

364 5509 542 5558 peram
579 5501 735 5548 antea
765 5494 986 5566 Δέλφοις
1005 5510 1103 5564 pro
1129 5493 1347 5557 Κελτοῖς
1374 5493 1670 5563 legebatur,
1689 5513 1756 5552 ex
1781 5493 1911 5569 Reg.

2033 5427 2153 5482 cod.
2188 5431 2513 5486 auctoritate
2548 5431 2893 5485 sustulimus.

2097 5499 2205 5569 (7-1}
2251 5503 2352 5555 Καὶ
2398 5501 2682 5557 καθέσθαι
2719 5502 2799 5567 ὡς
2832 5502 3139 5572 ἐνμήφᾳ.
3187 5502 3434 5576 Εκρυηε.
3485 5504 3598 5562 καί.
