3814 6284
169 278 273 334 895

910 267 1280 325 ADVERSUS
1318 267 1660 325 [L-‘ERESES
1697 268 1825 323 LIB.
1869 269 1913 323 1.
1959 267 2127 324 ΤΟΜ.
2171 270 2236 324 ll.
2279 303 2345 315 —
2385 271 2656 326 HAERES.
2689 269 2860 324 XXXI

3332 271 3438 327 494

177 372 272 425 καὶ
334 365 490 436 Ζωὴν
547 365 766 435 πατέρα
806 363 1024 416 πάντων
1076 363 1186 416 τῶν
1258 363 1374 432 μετ’
1429 364 1591 416 αὑτὸν
1652 365 1764 415 ἐσο-

1878 377 1991 415 mox
2035 362 2213 432 ipsum
2259 343 2503 418 vicissim
2543 363 2881 429 Sermonem,
2913 361 3199 433 Vitamqne
3245 380 3442 434 prepa-

180 463 370 532 μένων,
408 457 505 510 καὶ
544 457 739 528 ἀρχὴν,
767 455 858 508 καὶ
885 455 1163 525 μόρφωσιν
1196 454 1393 517 παντὸς
1426 454 1519 506 τοῦ
1549 453 1762 524 πληρώ-

181 570 364 625 ματος.
419 552 515 603 Ἐκ
545 551 609 620 δὴ
643 549 736 601 τοῦ
772 548 946 617 Λόγου
988 549 1081 600 καὶ
1115 547 1214 615 τῆς
1245 546 1398 614 Ζωῆς
1456 547 1764 616 προϐεϐλῆ-

182 646 299 698 σθαι
323 643 470 696 κατὰ
502 641 765 708 συζυγίαν
790 641 1108 710 ’Ἄνθρωπον
1146 641 1238 692 καὶ
1274 639 1618 710 Ἐκκλησίαν.
1655 641 1765 694 Καὶ

180 739 309 790 εἶναι
358 734 568 804 ταύτην
615 733 910 804 ἀρχέγονον
943 731 1234 798 ’ογδοὰδα,
1293 729 1448 801 ῥίζαν
1493 733 1587 784 καὶ
1636 733 1765 785 ὑπό-

183 845 365 881 στασιν
409 827 522 878 τῶν
565 827 802 882 πάντων,
846 826 1096 891 τέτρασιν
1144 822 1369 890 ὀνόμασι
1419 823 1543 890 παρ’
1583 823 1766 886 αὐτοῖς

181 919 571 989 καλο·.›μένιι›ν¹,
589 916 763 986 Βυθῴ,
784 917 876 968 καὶ
891 913 1002 983 NQ»,
1029 913 1120 965 καὶ
1140 915 1317 983 Λόγῳ,
1336 914 1427 965 xui.
1444 914 1565 966 Ἀνθ
1573 913 1760 986 ρώπῳ.

185 1009 331 1064 Εἶναι
387 1011 498 1080 γὰρ
543 1009 726 1062 αὐτῶν
773 1008 1002 1060 ἕκαστον
1039 1005 1758 1078 (72)ὰρρενόθηλυνοῦτως·

183 1105 393 1174 πρῶτον
433 1103 526 1155 τὸν
553 1101 882 1173 Προπάτορα
922 1101 1160 1171 ἡνῶσθαι
1206 1099 1349 1154 κατὰ
1393 1100 1652 1168 συζυγίαν
1696 1103 1762 1171 τῇ

183 1194 367 1250 ἑαυτοῦ
400 1193 638 1264 Ἐννοίᾳ·
677 1192 763 1245 τὸν
796 1193 851 1244 δὲ
879 1193 1178 1261 Μονογενῆ,
1215 1192 1460 1245 τουτέστι
1491 1191 1579 1244 τὸν
1598 1192 1762 1255 Νοῦν,

182 1293 238 1360 τῇ
269 1288 526 1359 Ἀληθείᾳ
545 1305 560 1318 ’
595 1287 685 1339 τὸν
706 1285 761 1338 δὲ
786 1286 956 1352 Λόγον
991 1288 1055 1354 τῇ
1085 1287 1204 1354 Ζωῇ
1228 1302 1240 1314 ·
1278 1285 1371 1336 καὶ
1400 1284 1489 1336 τὸν
1523 1283 1767 1354 ’Ἄνθρω-

183 1399 278 1435 πον
303 1383 370 1450 τῇ
408 1379 729 1448 Ἐκκλησία.
770 1377 1006 1438 Τούτους
1035 1377 1092 1429 δὲ
1115 1377 1240 1439 τοὺς
1270 1375 1480 1438 Λξῶνας
1507 1376 1584 1438 είς
1608 1373 1764 1438 δόξαν

182 1471 270 1524 τοῦ
289 1470 501 1540 Πατρὸς
526 1468 799 1538 προϐεϐλη
809 1470 1024 1538 μένους,
1053 1465 1413 1536 βουληθέντας
1445 1466 1537 1518 καὶ
1569 1466 1766 1529 αὐτοὺς

181 1561 264 1615 διὰ
292 1563 386 1614 τοῦ
416 1562 549 1614 ἰδίου
586 1562 808 1626 δοξάσαι
839 1563 929 1615 τὸν
962 1563 1205 1633 Πατέρα,
1240 1562 1532 1633 προϐαλεῖν
1565 1563 1764 1633 προϐο-

182 1651 274 1714 λὰς
290 1654 346 1703 ἐν
360 1652 593 1721 συζυγία
607 1670 620 1681 ·
643 1652 733 1703 τὸν
760 1652 859 1721 μὲν
880 1652 1050 1720 Λόγον
1069 1653 1162 1704 xui.
1181 1651 1451 1723 τὴνιΖωὴυ
1473 1652 1610 1723 (72‘)
1627 1652 1766 1722 μετὰ

1869 472 2046 524 gasse,
2069 471 2256 510 eorum
2288 472 2408 524 quae
2434 464 2554 525 post
2583 456 2759 525 ipsum
2785 455 2964 509 futura
2992 463 3175 509 essent
3197 457 3443 512 omnium

1869 557 2170 618 parentem,
2218 563 2282 603 ac
2320 549 2674 620 principium,
2721 559 2774 604 et
2803 548 3122 617 pleromatis
3157 549 3322 602 totius
3352 564 3448 602 ex-

1867 643 2203 712 politionem.
2266 641 2384 696 Jam
2429 658 2494 697 ex
2543 639 2808 696 Sermone
2849 640 3080 710 Vitaque
3132 656 3230 710 par
3277 656 3444 695 unum

1866 742 2140 796 exortum,
2179 732 2466 787 Hominem
2511 741 2673 800 atque
2704 732 3024 786 Ecclesiam.
3071 732 3149 785 lta
3193 733 3449 802 primige-

1868 826 2015 878 niam
2064 841 2186 880 esse
2236 825 2524 879 conﬂatam
2561 824 2911 894 'Ogdoadem,
2957 825 3197 877 onmium
3262 839 3444 877 rerum

1831 914 2281 984 _fundamentum
2325 929 2389 968 ac
2436 915 2696 978 radicem,
2734 930 2854 982 qua
2896 915 3113 984 quidem
3163 917 3445 984 quaternis

1867 1006 2182 1059 nominibus
2213 1014 2451 1069 constat,
2499 1005 2691 1078 Bytho,
2736 1006 2836 1071 No,
2872 1005 3157 1068 Sermone,
3193 1006 3443 1062 Homine.

1868 1095 2161 1161 Quodlibet
2191 1095 2337 1150 enim
2383 1111 2481 1165 par
2525 1112 2732 1150 marem
2779 1112 2842 1149 ac
2887 1097 3141 1150 fetuinam
3179 1099 3443 1152 continet.

1867 1187 1943 1240 Ac
1968 1187 2204 1256 primum
2255 1202 2390 1241 sane
2431 1202 2816 1256 summumque
2855 1186 3142 1241 Parentem
3178 1203 3303 1241 cum
3337 1186 3448 1242 En-

1869 1292 1990 1331 nma
2040 1292 2137 1331 sua
2177 1278 2366 1333 iniisse
2419 1277 2767 1348 coniugium;
2820 1275 3120 1347 Unigenam
3160 1294 3289 1333 vero
3334 1280 3447 1335 sive

1866 1370 1988 1424 Nun
2019 1385 2144 1424 cum
2165 1371 2438 1436 Veritate;
2468 1366 2785 1426 Sermonem
2819 1385 2943 1423 cum
2970 1369 3127 1437 Vita;
3160 1369 3447 1426 Hominem

1867 1477 1990 1516 cum
2033 1461 2295 1517 Ecclesia.
2333 1463 2463 1516 Post
2489 1462 2694 1517 [Eones
2731 1463 2868 1518 istos
2896 1461 3148 1517 Parentis
3179 1463 3245 1516 ad
3277 1462 3447 1519 decus

1865 1553 2205 1622 gloriamque
2226 1555 2458 1624 genitos,
2492 1569 2615 1608 cum
2653 1555 2720 1608 ad
2750 1555 2868 1624 ejus
2902 1556 3128 1626 gloriam
3159 1556 3450 1613 refundere

1868 1644 2071 1713 aliquid
2104 1654 2387 1715 cuperent,
2423 1646 2597 1700 ascito
2625 1645 2728 1700 sibi
2753 1647 3008 1716 conjugio
3042 1662 3234 1702 novam
3259 1663 3449 1702 susce-

183 1744 237 1795 τὸ
274 1742 640 1814 προϐαλέσθαι
671 1743 762 1794 τὸν
792 1743 1111 1814 ’Ἄνθρωπον
1146 1744 1242 1795 καὶ
1279 1742 1374 1813 τὴν
1410 1742 1758 1812 Ἐκκλησίαν,

1878 1738 2012 1806 pisse
2069 1739 2331 1792 sobolem.
2394 1737 2549 1792 Velut
2603 1738 2920 1793 Sermonem
2962 1737 3243 1809 Vitamque
3291 1741 3450 1811 176

182 1835 365 1898 ἄλλους
397 1835 531 1888 δέκα
562 1835 796 1899 Αὶῶνας,
840 1828 916 1888 ὧν
937 1836 1005 1888 τὰ
1035 1836 1277 1906 ὀνόματα
1305 1836 1521 1904 λέγουσι
1555 1835 1728 1890 ταῦτα
1747 1851 1760 1864 ·

185 1927 366 1987 Βὺθιος
395 1927 490 1978 καὶ
521 1925 704 1989 Μίξις,
742 1927 1041 1997 Ἀγήρατος
1069 1928 1164 1979 καὶ
1193 1927 1446 1992 Ἕνωσις,
1479 1926 1766 1996 Αὑτοφυὴς

183 2019 272 2070 καὶ
295 2017 512 2087 Ἡδονὴ,
549 2017 830 2086 Ἀκίνητος
855 2018 948 2070 καὶ
972 2017 1305 2088 Σύγκρασις,
1334 2017 1643 2088 Μονογενὴς
1673 2016 1767 2068 καὶ

183 2110 458 2180 Μακαρία.
504 2104 664 2162 Οὗτοι
709 2109 840 2162 δέκα
867 2109 1094 2188 Αἰῶνεὶς,
1124 2109 1216 2172 οὓς
1245 2110 1338 2162 καὶ
1372 2111 1671 2178 φάσκουσιν
1705 2109 1769 2161 ἐκ

182 2205 354 2271 Λόγου
383 2203 481 2256 καὶ
512 2202 669 2270 Ζωῆς
714 2202 1148 2273 προϐεϐλῆσθαι.
1207 2203 1311 2254 Τὸν
1365 2202 1419 2253 δὲ
1451 2200 1768 2272 ’Ἄνθρωπον

184 2298 271 2348 καὶ
311 2295 479 2347 αὑτὸν
530 2293 823 2364 προϐαλεῖν
857 2295 994 2363 μετὰ
1034 2295 1132 2363 τῆς
1186 2292 1510 2363 Ἐκκλησίας
1554 2291 1768 2354 Λίὦνας

182 2388 403 2448 δώδεκα,
458 2381 541 2449 οἷς
593 2383 767 2439 ταῦτα
808 2386 876 2439 τὰ
921 2386 1161 2455 ὀνόματα
1207 2385 1550 2455 χαρίζονται·
1583 2385 1770 2452 Παρά-

184 2479 373 2549 κλητος
421 2477 518 2530 καὶ
552 2477 764 2538 Πίστις,
801 2476 1073 2545 Πατρικὸς
1098 2475 1191 2527 καὶ
1235 2475 1441 2538 Ἐλπὶς,
1493 2473 1772 2544 Μητρικὸς

183 2571 270 2623 καὶ
316 2569 571 2637 Ἀγάπη,
605 2566 867 2628 ,Ἀείνους
923 2565 1017 2618 καὶ
1079 2566 1321 2627 Σύνεσις,
1379 2564 1470 2616 καὶ
1557 2563 1767 2632 Εκκλη-

185 2657 456 2720 σιαστικὺς
527 2664 619 2708 και
691 2654 1049 2727 Μακαριότης
1078 2693 1093 2718 ,
1147 2651 1379 2724 Θελητός
1451 2651 1546 2705 καὶ
1604 2651 1773 2720 Σοφία

183 2751 307 2821 (73).

246 2838 408 2896 Οὗτοί
463 2841 603 2893 εἰσιν
662 2841 710 2894 οἱ
775 2840 1069 2912 τριάκοντα
1138 2837 1344 2902 Αἰῶνες
1400 2836 1500 2906 τῆς
1563 2834 1772 2906 πλάνης

181 2933 379 2994 αὐτῶν,
421 2936 471 2986 οἱ
511 2933 859 3003 σεσιγημένοι
887 2933 981 2984 καὶ
1021 2931 1094 3002 μὴ
1136 2931 1546 3000 γινωσκόμενοι.
1605 2927 1775 2981 Τοῦτο

183 3028 240 3080 τὸ
277 3028 513 3098 ἀόρατον
555 3026 649 3078 καὶ
683 3023 1051 3094 πνευματικὸν
1085 3024 1203 3075 κατ’
1246 3023 1441 3084 αὐτοὺς
1474 3022 1768 3092 πλήρωμα,

183 3120 336 3190 τριχῆ
364 3117 717 3187 διεσταμένον
740 3117 816 3178 εἰς
839 3115 1084 3182 όγδοάδα,
1118 3115 1210 3166 καὶ
1237 3113 1455 3175 δεκάδα,
1486 3112 1578 3164 καὶ
1607 3110 1769 3164 δωδε-

184 3210 336 3262 κάδα.
379 3209 490 3260 Καὶ
519 3207 610 3260 διὰ
632 3205 789 3258 τοῦτο
822 3206 912 3258 τὸν
945 3205 1174 3274 Σωτῆρα
1211 3203 1460 3271 λέγουσιν
1488 3201 1628 3269 (οὐδὲ
1662 3201 1768 3272 γὰρ

184 3299 384 3370 Κύριον
436 3296 724 3366 ὀνομάζειν
767 3295 926 3347 αὑτὸν
979 3293 1220 3363 θέλουσι)
1291 3292 1584 3362 τριάκοντα
1627 3289 1770 3342 ἔτεσι

185 3390 319 3443 κατὰ
348 3389 412 3440 τὸ
438 3386 672 3456 φανερὸν
700 3385 864 3454 μηδὲν
892 3383 1268 3453 πεποιηκέναι,
1293 3381 1670 3434 ἐπιδεικνύντα
1710 3380 1771 3432 τὸ

187 3483 486 3550 μυστήριον
533 3477 738 3529 τούτων
776 3477 884 3528 τῶν
930 3474 1166 3527 Δίώνων.
1230 3474 1389 3526 Ἀλλὰ
1427 3476 1520 3528 καὶ
1553 3475 1646 3526 ἐπὶ
1671 3473 1771 3544 τῆς

186 3571 503 3644 παραϐολῆς
528 3569 635 3621 τῶν
663 3571 741 3631 εἰς
769 3568 858 3620 τὸν
882 3566 1181 3637 ἀμπελῶνα
1208 3566 1582 3637 πεμπομένων
1607 3567 1770 3635 ἐργα-

185 3664 284 3715 τῶν
319 3662 456 3730 φασὶ
481 3659 838 3730 φανερώτατα
865 3659 989 3720 τοὺς
1006 3657 1300 3727 τριάκοντα
1326 3654 1545 3718 τούτους
1561 3655 1771 3718 Αίῶνας

188 3753 556 3826 μεμηνύσθαι.
625 3753 940 3821 Πέμπονται
986 3749 1094 3819 γὰρ
1139 3750 1187 3800 οί
1242 3748 1338 3818 μὲν
1381 3748 1510 3818 περὶ
1548 3747 1771 3817 πρώτην

185 3848 352 3920 ὥραν,
391 3849 440 3899 oi
464 3846 520 3898 δὲ
546 3845 674 3914 περὶ
704 3844 915 3915 τρίτην,
949 3843 998 3894 οἱ
1033 3842 1089 3893 δὲ
1118 3842 1245 3912 περὶ
1277 3841 1463 3909 ἕκτην,
1487 3840 1535 3891 οἱ
1562 3838 1616 3891 δὲ
1645 3837 1772 3908 περὶ

185 3940 402 4009 ἐνάτην,
457 3936 608 3989 ἄλλοι
647 3934 702 3987 δὲ
749 3935 876 4004 περὶ
904 3932 1218 4001 ἑνδεκάτην.
1258 3929 1644 4000 Συντιθέμεναι
1677 3925 1769 3982 οὖν

184 4033 232 4083 αἱ
264 4029 664 4101 προειρημέναι
694 4018 832 4096 ὧραι
869 4027 948 4088 είς
974 4024 1190 4086 ἑαυτὰς,
1226 4023 1316 4076 τὸν
1344 4023 1451 4075 τῶν
1480 4023 1772 4092 τριάκοντα

185 4121 419 4194 ἀριθμὸν
459 4119 852 4189 ἀναπληροῦσι.
893 4117 1008 4170 Μία.
1029 4116 1138 4187 γὰρ
1171 4116 1266 4168 καὶ
1297 4117 1447 4186 τρεῖς
1472 4115 1566 4167 xui.
1592 4113 1651 4177 ἒξ
1678 4115 1771 4166 καὶ

185 4215 340 4267 ἐννέα
389 4213 485 4266 καὶ
526 4211 720 4264 ἕνδεκα
763 4211 1055 4282 τριάκοντα
1103 4209 1364 4279 γίνονται.
1422 4206 1520 4260 Διὰ
1560 4206 1615 4258 δὲ
1665 4209 1771 4260 τῶν

257 4368 275 4399 ¹
305 4368 448 4421 lren.
473 4363 838 4435 καλουμένην.
917 4366 938 4394 ¹
969 4361 1160 4419 Matth.
1197 4379 1288 4428 xx,
1332 4363 1357 4416 1
1387 4378 1508 4432 sqq.

259 4523 375 4592 (79.)
419 4519 590 4575 Εἶναι
624 4521 734 4591 γὰρ
763 4520 962 4575 αὐτῶν
992 4521 1274 4575 ἕκαστον.
1301 4518 1494 4592 Utrum
1526 4519 1766 4592 {Bonum

190 4590 488 4664 quemlibet
545 4590 1045 4664 hermaphroditum
1099 4607 1221 4664 esse
1253 4590 1768 4664 volneritYalenti-

192 4662 314 4727 nus,
347 4681 417 4716 an
453 4666 604 4733 paria
637 4663 752 4732 ipsa
781 4665 958 4732 potius
985 4663 1250 4730 intelligat
1281 4679 1348 4717 ex
1375 4662 1509 4716 mari
1541 4663 1772 4718 femina-

190 4751 296 4804 que
327 4734 678 4804 constantia,
719 4733 958 4786 dubitari
1001 4733 1161 4804 haud
1189 4734 1460 4804 immerito
1498 4749 1630 4788 sane
1669 4749 1769 4802 po-

193 4802 314 4859 test.
347 4803 460 4874 Par
488 4804 706 4872 quidem
737 4805 912 4872 ipsum
941 4802 1275 4874 ἀρρενόθηλυ
1302 4803 1402 4858 hoc
1439 4805 1556 4874 loco
1588 4805 1768 4857 nomi-

195 4877 344 4938 nari,
417 4873 617 4944 docent
676 4889 739 4928 ea
805 4889 926 4944 quae
982 4873 1374 4942 Subiit-iumen
1433 4873 1568 4928 Cum
1622 4877 1767 4929 enim

192 4947 468 5006 dixisset,
536 4941 676 5016 εἷναι
726 4941 839 5016 γὰρ
896 4941 1355 5016 αὑτῶνέκαστον
1404 4944 1768 5015 ἁρῤενόθηλυν

193 5016 395 5078 οὕτως,
423 5015 720 5085 [quomodo
767 5014 818 5068 id
866 5017 957 5068 liat
999 5015 1236 5069 ostendit
1286 5014 1340 5066 in
1375 5014 1766 5084 sequentibus;

194 5088 334 5155 quod
383 5095 438 5139 et
489 5085 649 5138 Pater
693 5102 814 5138 cum
853 5086 1091 5149 Ennma,
1129 5093 1196 5155 et!
1222 5099 1401 5138 mares
1433 5085 1614 5138 ueteri
1646 5100 1768 5138 cum

197 5153 310 5228 suis
335 5156 694 5228 comparibus
717 5156 1152 5228 conjunctismt.
1185 5153 1370 5225 Itaque
1399 5155 1770 5228 ἀρρενόθηλυν

197 5226 404 5279 ideirco
437 5223 705 5289 nominat,
743 5229 867 5294 quia
897 5226 1158 5296 coniuges
1195 5223 1341 5296 sunt.
1381 5223 1544 5294 Atqui
1571 5223 1770 5281 Valen-

197 5298 392 5350 tiniani
430 5299 534 5366 ipsi
567 5297 936 5367 ἀρρενόθηλυν
970 5297 1137 5349 Βυθόν
1176 5295 1413 5367 [Eanum
1446 5297 1768 5366 principem,

183 5378 244 5438 et
267 5368 538 5436 originem
573 5366 627 5420 in
662 5369 800 5424 libro
827 5384 928 5422 suo
958 5375 1154 5422 vocant
1182 5385 1236 5438 η.
1355 5366 1418 5419 Ει
1443 5384 1568 5422 cum
1588 5369 1774 5423 Tetra-

183 5438 314 5507 idem
364 5439 727 5507 posteriorem
748 5480 762 5502 ,
795 5439 1062 5493 Decadem
1113 5455 1177 5492 ac
1214 5437 1552 5494 Dodecadcm
1587 5456 1773 5494 nume-

195 5451 314 5492 oem
364 5451 762 5507 posteriorem,
795 5451 1062 5493 uecaaem
1113 5455 1177 5492 ac
1214 5451 1552 5494 uouecauem
1587 5456 1773 5494 nume-

182 5451 758 5583 μουμῂρρενόοηλυν
804 5520 1096 5583 utramque
1137 5509 1442 5579 appellant,
1467 5525 1587 5583 non
1627 5511 1776 5580 quod

196 5580 401 5651 singuli
430 5579 640 5651 Eones
681 5579 1111 5651 ltermapbroditi
1143 5589 1349 5644 essent,
1386 5581 1478 5634 sed
1508 5579 1652 5650 quod
1688 5596 1774 5651 pa-

197 5650 273 5704 ria
294 5649 360 5705 ὲν
389 5653 456 5721 τῇ
484 5649 647 5721 ὁμάδι
683 5649 916 5706 marium
954 5650 1391 5720 feminarumque
1419 5649 1773 5706 continet-cn-

196 5726 304 5776 tur.
341 5721 617 5788 Quocirca
645 5722 780 5778 nihil
821 5721 888 5778 ad
920 5721 1067 5777 hunc
1104 5721 1293 5778 lrcnaei
1321 5723 1522 5786 locum,
1561 5731 1618 5776 ut
1651 5724 1773 5794 opi-

1869 1838 1990 1898 post
2029 1828 2314 1885 Hominem
2345 1829 2751 1897 Ecclesiamque
2797 1832 3044 1900 genitos,
3089 1831 3275 1886 decem
3311 1834 3448 1888 alios

1869 1921 2074 1977 {Eoncs
2123 1923 2398 1988 edidisse;
2461 1938 2694 1991 quorum
2745 1922 2861 1976 lucc
2899 1924 3118 1977 nomina
3155 1926 3448 1978 commenti

1869 2023 2044 2070 sunt:
2101 2015 2374 2085 Bytbium,
2432 2014 2761 2076 Mistionem,
2809 2017 3123 2084 Ageratum,
3184 2015 3446 2083 llenosin,

1869 2108 2175 2178 Autophye,
2213 2106 2580 2178 Voluptatem,
2619 2107 3450 2179 lmmobilem,Syucrasin,Uni-

1870 2213 2062 2267 genam
2087 2207 2139 2252 et
2163 2197 2479 2252 Macariam.
2511 2197 2576 2251 Hi
2605 2205 2732 2253 sunt
2757 2196 2965 2253 x’Eones
2990 2198 3198 2266 decem,
3223 2215 3361 2270 quos
3382 2215 3450 2256 ex

1875 2291 2138 2346 Sermone
2193 2290 2425 2362 Vitaque
2485 2293 2782 2362 productos
2861 2302 3107 2347 narrant.
3163 2293 3448 2350 Hominem

1870 2382 2066 2438 deinde
2116 2393 2170 2437 et
2214 2383 2510 2439 Ecclesiam
2551 2384 2756 2438 .Eones
2805 2383 3092 2439 duodecim
3171 2388 3448 2456 genuisse,

1873 2477 2072 2546 quibus
2089 2475 2201 2530 haac
2220 2475 2472 2546 imposita
2491 2477 2851 2530 suntnomina
2878 2493 2890 2527 :
2921 2475 3448 2541 Paracletus,Fides.

1872 2567 2161 2631 Paternus,
2213 2567 2367 2636 Spes,
2388 2566 2986 2632 Maternus,Charitas,'
3013 2570 3208 2632 Ainus,
3251 2571 3452 2625 Intelli-

1875 2661 2078 2728 gentia,
2095 2654 2529 2720 Ecclesiasticu's,
2547 2656 2818 2721 Felicitas,
2839 2658 3116 2726 Theletus,
3152 2660 3450 2728 Sapientia.

1949 2749 2014 2804 Hi
2066 2759 2197 2806 sunt
2225 2751 2438 2804 illorum
2459 2750 2717 2819 Opinione
2733 2750 2952 2804 conﬁcti
2981 2750 3188 2806 Aiones
3207 2751 3452 2821 triginta,

1876 2842 1969 2913 qui
2015 2841 2204 2897 tandiu
2259 2843 2312 2895 in
2375 2841 2592 2895 silentio
2640 2849 2693 2896 et
2751 2840 3088 2896 obscuritate
3137 2844 3448 2912 jac‘uerunt.

1877 2935 1991 2990 lloc
2016 2935 2146 2989 illud
2168 2933 2414 3004 spiritale
2437 2948 2613 3001 neque
2631 2932 2955 3002 aspectabile
2977 2935 3452 3003 complementum,

1878 3022 2023 3094 quod
2070 3022 2140 3076 ab
2165 3022 2299 3092 jistis
2333 3022 2689 3076 constituitur
2714 3021 2982 3075 trifariam
3015 3023 3366 3078 distributum
3397 3027 3452 3080 in

1875 3116 2196 3186 ogdoadem,
2244 3114 2505 3169 deradem
2556 3122 2610 3169 et
2657 3114 3009 3169 dodecadem.
3084 3117 3261 3184 Atque
3312 3119 3454 3172 banc

1875 3210 2050 3280 ipsam
2093 3224 2218 3263 esse
2258 3223 2481 3262 causam
2523 3214 2794 3274 statuunt,
2834 3223 2934 3263 cur
2975 3207 3227 3264 Salvator
3255 3191 3455 3282 {neque

1871 3301 2019 3354 enim
2069 3298 2358 3352 Dominum
2420 3299 2695 3368 appellare
2752 3298 2964 3366 volunt)
3015 3298 3257 3354 tricenos
3307 3307 3454 3354 totos

1872 3407 2046 3446 annos
2074 3391 2251 3460 palam
2272 3391 2442 3460 egerit
2471 3390 2628 3453 nihil,
2652 3399 2712 3444 ut
2741 3390 2844 3446 hoc
2867 3389 3454 3462 Eonummysterium

1871 3482 2160 3538 indicaret.
2194 3481 2334 3548 Quin
2379 3483 2540 3536 etiam
2574 3482 2627 3535 in
2657 3483 3033 3551 operariorum
3068 3487 3161 3555 qui
3192 3487 3258 3542 ad
3291 3489 3454 3544 vitem

1870 3576 2151 3630 colendam
2171 3575 2455 3628 mittuntur
2467 3576 2770 3645 paraboln',
2786 3576 3006 3646 triginta
3019 3579 3238 3634 eosdem
3251 3580 3458 3638 {Eones

1869 3669 2157 3738 perspicue
2183 3668 2520 3738 significatos
2541 3676 2817 3724 asserunt.
2859 3669 3074 3725 Etenim
3113 3674 3202 3727 alii
3237 3675 3461 3730 circiter

1873 3759 2060 3813 horam
2111 3761 2342 3828 primam
2401 3760 2554 3814 missi
2600 3768 2768 3824 sunt;
2828 3761 2920 3814 alii
2964 3764 3202 3830 tertiam,
3249 3775 3457 3821 sextam

1877 3850 1990 3914 alii,
2046 3865 2110 3902 ac
2155 3864 2377 3914 nonam,
2446 3864 2509 3903 ac
2562 3858 2838 3919 postremo
2888 3853 3251 3909 undecimam.
3327 3858 3461 3924 Qua:

1879 3956 2071 3995 omnes
2102 3942 2155 3994 in
2203 3956 2323 3995 sese
2354 3940 2597 3996 conﬂata:
2629 3942 2983 3997 tricenarium
3019 3943 3274 4002 eﬂiciunt.
3322 3949 3458 4004 Nam

1884 4051 1988 4087 una
2023 4042 2075 4087 et
2101 4043 2232 4097 tres,
2264 4042 2318 4087 et
2348 4050 2465 4102 sex,
2489 4049 2553 4090 ac
2577 4050 2770 4090 novem
2793 4051 2916 4089 cum
2947 4036 3198 4093 undecim
3234 4041 3458 4111 triginta

1809 4150 1852 4205 ο
1881 4126 2178 4195 Complent.
2227 4123 2438 4192 Quibus
2499 4127 2650 4182 horis
2695 4127 2920 4182 totidem
2973 4128 3178 4186 IEones
3230 4131 3457 4188 indicari

1884 4229 2139 4271 censent:
2190 4234 2363 4287 eaque
2391 4220 2608 4275 demum
2644 4235 2766 4276 esse
2809 4237 3004 4294 magna
3057 4223 3146 4277 illa
3194 4233 3247 4280 et
3288 4224 3460 4280 admi-

1875 4541 1998 4587 uor,
2035 4526 2266 4592 pertinet
2297 4524 2440 4593 quod
2470 4540 2499 4578 e
2533 4524 2763 4580 Tertull.
2792 4525 3036 4593 affertur,
3070 4528 3164 4583 lib.
3195 4537 3334 4582 cont.
3368 4529 3442 4583 Va

1874 4596 2002 4649 (ent.
2041 4610 2163 4663 cap.
2209 4594 2321 4648 δός
2360 4595 2467 4647 Alii
2501 4605 2688 4648 contra
2723 4599 2888 4662 magis
2943 4610 2992 4651 et
3036 4599 3367 4661 masculum,
3409 4612 3457 4654 et

1875 4665 2125 4738 [emittam
2152 4666 2356 4738 dicunt,
2391 4682 2454 4718 ne
2483 4666 2620 4738 apud
2647 4670 2787 4719 solos
2817 4667 3079 4722 Lunenses
3109 4669 3456 4738 hermaphroo

1871 4736 2054 4798 ditant
2091 4736 2356 4789 existimet
2391 4737 2676 4789 Annalium
2719 4748 3100 4792 commentator
3134 4736 3454 4796 FeneStella.

1873 4806 1998 4861 llaec
2032 4808 2177 4859 enim
2207 4823 2316 4879 non
2350 4823 2416 4861 ex
2447 4805 2743 4879 Valentini.
2776 4808 2870 4862 sed
2911 4809 3030 4875 ejus
3056 4810 3455 4879 discipulorum

1873 4879 2166 4939 sententia,
2205 4893 2233 4930 a
2275 4876 2614 4932 Tertulliano
2645 4887 3170 4933 commemorantur.

1946 4947 2080 5016 (72')
2120 4948 2231 5002 Τὸν
2251 4947 2368 5017 μὲν
2392 4949 2598 5016 λόγον,
2625 4947 2723 5002 καὶ
2747 4949 2862 5016 τὴν
2887 4949 3078 5014 Ζωήν.
3121 4950 3320 5005 Confer
3345 4951 3459 5005 hac

1873 5035 1998 5072 cum
2029 5017 2536 5073 Valentinianorum
2587 5020 2902 5074 narratione
2928 5038 2981 5072 n.
3016 5021 3070 5075 5.
3099 5021 3458 5076 Animadver-

1876 5098 1994 5150 tes.
2048 5091 2205 5161 aliter
2252 5091 2368 5142 haec
2403 5091 2502 5161 ab,
2532 5089 2736 5143 lreuzeo
2763 5131 2776 5151 ,
2827 5089 3057 5144 Tertull.
3113 5093 3455 5161 caztcrisque,

1873 5176 2038 5230 quam
2072 5159 2542 5232 aValentinianis
2574 5162 2844 5230 exposita.
2895 5161 3047 5231 Piget
3089 5164 3233 5216 enim
3282 5159 3457 5232 nugas

1874 5232 2047 5296 istas,
2109 5231 2563 5301 ineptissimaque
2623 5232 2811 5287 deliria
2881 5234 3261 5304 scrupulosius
3335 5231 3459 5303 per-

1875 5318 1965 5369 seq
1975 5319 2048 5355 ul.

1945 5373 2054 5443 (75)
2081 5371 2341 5439 Θελητὸς
2370 5372 2470 5427 καί
2500 5374 2707 5443 Σοφία.
2740 5373 3050 5439 Thcletum,
3077 5391 3186 5430 non
3211 5374 3457 5429 Teletum

1876 5444 2226 5498 scribendum
2254 5459 2375 5498 esse
2409 5444 2599 5499 Graeca
2625 5447 2764 5515 ipsa,
2801 5461 2924 5500 cum
2957 5447 3122 5501 veteri
3155 5445 3344 5500 lrenzei
3374 5447 3459 5498 in-

1875 5522 2116 5583 terprete
2170 5515 2522 5583 persuadent.
2581 5516 2690 5571 Nec
2739 5517 3046 5572 audiendus
3103 5515 3455 5576 Pammelius,

1875 5587 1966 5654 qui
2004 5583 2224 5639 Telctus
2272 5588 2496 5648 mavult,
2551 5589 2706 5656 quasi
2748 5587 3046 5656 perfectum
3080 5587 3234 5640 dicas
3261 5626 3274 5647 .
3315 5586 3459 5655 quod

1877 5657 2025 5709 nulla
2052 5657 2421 5724 grammatica:
2451 5659 2592 5709 ratio
2629 5658 2849 5726 patitur.
2884 5657 3138 5714 Telcstus
3173 5657 3319 5710 enim
3351 5671 3460 5712 nou

1877 5726 2095 5782 Telctus
2122 5726 2410 5782 dicendum
2448 5727 2646 5782 fuerat.
