3814 6320
353 292 459 350 495
1735 280 1794 337 S.
1836 277 2178 336 EPIPHANII
3523 271 3670 329 496

293 405 298 410 “
354 411 524 464 randa
558 420 870 476 arcanaque
906 403 1192 476 mysteria,
1235 417 1394 473 quem
1427 415 1585 456 suum
1621 400 1786 455 veluti
1819 406 1932 453 tru-

2070 397 2192 469 »ρῶν
2219 393 2346 458 τοὺς
2375 393 2585 458 Αἰῶνας
2633 392 2976 465 μεμηνῦσθαι
3023 389 3268 446 θέλουσιο
3324 389 3427 444 καὶ
3465 387 3669 442 ταῦτ’

353 509 500 554 ctum
528 495 847 568 proferunt;
881 510 944 550 ac
970 496 1015 551 si
1043 495 1176 565 quid
1200 491 1346 547 aliud
1370 498 1476 558 est,
1504 489 1650 561 quod
1675 491 1728 544 in
1761 490 1934 544 sacris

2070 484 2171 541 ἷναι
2204 487 2269 539 τὰ
2297 487 2508 558 μεγάλα
2531 487 2622 539 καὶ
2645 485 2935 555 θαυμαστὰ
2965 483 3058 537 καὶ
3092 483 3380 553 ἀπόρρητα
3415 479 3667 550 pus-1+;-

354 589 574 645 Litteris
594 596 744 643 certo
762 601 988 641 numero
1008 584 1546 656 comprehensumiad
1567 581 1935 649 futilemcom-

2076 597 2150 640 ια,
2202 579 2236 633 ἃ.
2279 575 2721 650 καρποφοροῦσιν
2759 575 2934 634 αὐτοὶ,
2983 575 3077 627 καὶ
3117 574 3168 626 εἴ
3206 573 3308 625 πού
3341 590 3395 624 τι
3434 573 3559 624 τῶν
3592 573 3671 623 ὲν

353 681 766 750 mentitiamque
800 679 1037 734 fabulam
1073 665 1474 732 accommodari
1505 675 1696 746 possit.

2070 672 2229 743 τλήθει
2272 670 2578 742 εἰρημένων
2618 670 2675 721 ἐν
2715 671 2833 731 ταῖς
2867 667 3114 738 Γραφαῖς
3149 664 3404 735 δυνηθείη
3451 678 3664 735 προσ-

2036 760 2294 832 αρμόσαι,
2326 760 2419 812 καὶ
2445 759 2660 812 εἰκάσαι
2688 757 2764 828 τῷ
2798 756 3076 825 πλάσματι
3115 754 3314 807 αὐτῶν.

2100 853 2200 904 ΙΑ’.
2216 852 2318 904 Τὸν
2335 850 2432 921 μὲν
2449 846 2539 902 οὖν
2552 849 2880 921 Προπάτορα
2897 846 3074 900 αὐτῶν
3089 845 3455 915 γινώσκεσθαι
3475 843 3664 914 μόνῳ

2037 945 2252 1013 λέγουσι
2275 943 2352 1014 τῷ
2383 942 2442 1007 ἐξ
2468 942 2630 996 αὑτοῦ
2653 942 2896 1010 γεγονότι
2918 941 3232 1007 Μονογενεῖ,
3267 936 3518 989 τουτέστι
3556 933 3663 1002 τῷ

2038 1036 2152 1107 NQ),
2182 1039 2296 1099 τοῖς
2337 1035 2392 1087 δὲ
2419 1035 2623 1097 λοιποῖς
2652 1035 2814 1086 πᾶσιν
2841 1033 3070 1102 ἀόρατον
3105 1031 3198 1082 καὶ
3231 1028 3659 1096 ἀκατάληπτον

2039 1129 2321 1198 ὑπάρχειν.
2377 1126 2554 1188 Μόνος
2601 1125 2659 1177 δέ
2707 1127 2735 1178 ὁ
2774 1122 2917 1187 Νοῦς
2958 1123 3078 1175 κατ’
3122 1123 3319 1183 αὐτοὺς
3359 1120 3660 1190 ἐτέρπετο

2040 1219 2257 1289 θεωρῶν
2303 1219 2391 1271 τὸν
2423 1218 2661 1289 Πατέρα,
2712 1217 2804 1270 καὶ
2842 1216 2902 1268 τὸ
2945 1213 3172 1286 μέγεθος
3218 1213 3277 1264 τὺ
3311 1213 3657 1282 ἀμέτρητον

2040 1310 2205 1365 αὑτοῦ
2255 1310 2552 1373 κατανοῶν,
2607 1309 2891 1379 ἠγάλλετο,
2943 1308 3037 1360 καὶ
3077 1307 3331 1358 διενοεῖτο
3371 1305 3470 1358 καὶ
3513 1306 3657 1364 τοῖς

2039 1400 2244 1464 λοιποῖς
2278 1399 2478 1452 Αἰῶσιν
2516 1397 2982 1452 ἀνακοινώσασθαι
3025 1396 3086 1448 τὸ
3121 1394 3348 1466 μέγεθος
3387 1393 3484 1446 τοῦ
3513 1395 3654 1445 Πα-

2039 1493 2185 1562 τρδς,
2221 1491 2406 1564 ἡλίκος
2435 1509 2495 1544 τε
2518 1492 2611 1546 καὶ
2637 1492 2759 1554 ὂσος
2797 1489 3033 1560 ὑπῆρχε.
3076 1489 3185 1540 Καὶ
3209 1488 3282 1550 ὡς
3300 1483 3368 1558 ἦν
3385 1486 3652 1556 ἄναρχὸς

360 1597 448 1640 tus
477 1586 584 1648 hic,
625 1597 900 1654 quamque
931 1580 1273 1635 admirabilis
1302 1579 1474 1644 loret;
1511 1586 1679 1650 utque
1705 1588 1758 1634 et
1790 1581 1939 1648 prin-

2074 1602 2098 1636 ε
2133 1586 2226 1638 καὶ
2259 1584 2563 1655 ἀχώρητος,
2596 1585 2691 1637 καὶ
2715 1587 2776 1637 ού
2811 1582 3154 1651 καταληπτὸς
3183 1582 3327 1634 ἰδεῖν.
3372 1582 3650 1651 Rati-sxa

357 1676 502 1746 cipio
545 1683 778 1739 careret,
819 1681 872 1728 et
917 1671 1067 1726 nullo
1103 1670 1282 1740 spatio
1351 1684 1414 1724 ac
1458 1670 1772 1740 cognitione
1819 1669 1939 1738 capi

2072 1678 2095 1730 ὲ
2123 1677 2283 1730 αὐτὸν
2311 1679 2342 1748 ἡ
2367 1678 2501 1746 Σιγὴ
2526 1675 2775 1748 βουλήσει
2815 1674 2908 1727 τοῦ
2941 1674 3173 1745 Πατρὸς,
3225 1672 3313 1726 διὰ
3356 1674 3418 1725 τὸ
3447 1673 3651 1725 θέλειν

357 1776 563 1841 posset.
597 1767 705 1822 Sed
751 1766 804 1820 id
844 1781 954 1836 quo
983 1763 1165 1818 minus
1201 1770 1507 1833 praestaret,
1553 1760 1716 1831 Sigen
1741 1761 1807 1814 de
1833 1759 1930 1813 Pa-

2070 1769 2249 1832 πάντας
2289 1769 2484 1831 αὐτοὺς
2513 1770 2590 1832 εἰς
2635 1767 2843 1820 ἔννοιαν
2885 1767 2977 1819 καλ⁹
3009 1766 3171 1819 πόθον
3216 1763 3496 1835 ζητήσεως
3531 1764 3649 1816 τοῦ

357 1863 531 1918 reutis
579 1859 910 1930 repressisse
945 1857 1204 1912 consilio:
1253 1855 1393 1924 quod
1433 1854 1520 1907 ille
1555 1854 1709 1923 177
1735 1852 1939 1908 .lEones

2070 1863 2439 1933 προειρημένου
2458 1861 2810 1931 Προπάτορος
2826 1860 3005 1912 αὐτῶν
3027 1861 3273 1928 ἀγαγεῖν.
3305 1861 3414 1912 Καὶ
3448 1860 3499 1911 οἱ
3529 1860 3650 1928 μὲν

359 1970 552 2010 omnes
583 1951 786 2008 summi
814 1951 880 2005 ad
912 1949 1168 2004 Parentis
1205 1947 1452 2000 nOtitiam
1494 1945 1940 2014 desideriumque

2072 1953 2216 2006 οιποὶ
2240 1951 2440 2023 ὁμοίως
2471 1952 2677 2014 Αἰῶνες
2709 1953 2882 2021 ἡσυχῇ
2911 1965 3029 2013 πως
3055 1950 3354 2002 ὲπεπόθουν
3380 1950 3474 2002 τὸν
3501 1966 3651 2020 προ-

356 2042 659 2116 perducere
701 2041 988 2096 niteretur.
1042 2040 1118 2092 Ac
1149 2037 1331 2092 caeteri
1361 2035 1580 2106 quidem
1606 2051 1673 2090 ex
1699 2033 1937 2088 onnum

2070 2044 2200 2097 ιολέα
2236 2043 2331 2096 τοῦ
2371 2043 2685 2114 σπέρματος
2729 2041 2906 2095 αὐτῶν
2941 2042 3090 2105 ἰδεῖν,
3135 2043 3229 2095 καὶ
3258 2041 3356 2112 τὴν
3384 2042 3646 2111 ἄναρχον

357 2150 521 2206 grege
561 2141 839 2188 auctorem
871 2141 1216 2200 satoremque
1253 2143 1436 2192 suum,
1467 2127 1569 2182 hoc
1601 2135 1684 2181 est
1717 2127 1939 2196 stirpem

2070 2136 2196 2201 ιὶζαν
2233 2136 2547 2207 ἱστορῆσαι·
2584 2134 2852 2206 προήλατο
2887 2134 2942 2187 δὲ
2975 2134 3107 2187 πολὺ
3129 2137 3158 2187 ὁ
3193 2134 3501 2197 τελευταῖος
3533 2133 3647 2186 καὶ

358 2227 513 2281 illam
556 2225 906 2294 radicemque
933 2223 1190 2294 principii
1241 2230 1515 2292 expertem
1548 2220 1748 2282 omnis,
1779 2233 1942 2274 nosse

2075 2228 2304 2292 εώτατος
2341 2230 2439 2300 τῆς
2468 2229 2776 2291 Δωδεκάδος
2797 2227 2895 2298 τῆς
2933 2227 3036 2279 ὑπὸ
3066 2225 3159 2279 τοῦ
3193 2225 3508 2297 Ἀνθρώπου
3536 2226 3649 2277 καὶ

361 2318 594 2373 comiter
614 2328 682 2371 ac
709 2315 987 2371 moderate
1026 2314 1342 2384 cupiebant.
1380 2311 1486 2369 Sed
1513 2310 1789 2381 Sapientia
1816 2311 1943 2365 ulti-

2070 2319 2138 2389 ἧς
2154 2318 2474 2388 Ἐκκλησίας
2487 2319 2755 2389 προὸεὸλη
2767 2318 2922 2389 μένος
2933 2316 3418 2387 Δὶὼν,τουτέστινή
3436 2317 3645 2385 Σοφία.

387 854 479 908 Xl.
498 855 681 911 I-lisita
694 855 1026 921 constitutis,
1038 855 1270 924 primum
1284 850 1725 906 illunil’arentem
1739 847 1936 903 abUni-

356 962 492 1016 gena
509 949 646 1012 solo,
667 961 828 1016 quem
846 947 892 1000 is
911 945 1189 1016 produxit,
1215 941 1308 1013 qui
1341 942 1480 996 idem
1499 949 1553 995 et
1582 938 1695 994 Nus
1710 939 1954 1001 dicitur,,

357 1041 610 1111 cognosci
631 1039 892 1095 deﬁniunt
920 1056 932 1105 ;
957 1037 1024 1092 ab
1043 1037 1268 1105 reliquis
1285 1033 1540 1089 omnibus
1565 1047 1740 1102 neque
1763 1031 1934 1085 videri

358 1147 542 1201 posse,
581 1147 759 1202 neque
792 1130 976 1184 animo
1017 1126 1484 1196 intelligentiaque
1521 1123 1932 1193 comprehendi.

357 1225 722 1292 Quamobrem
747 1238 872 1277 cum
904 1219 1157 1275 Parentis
1195 1217 1656 1288 contemplatione
1688 1230 1810 1270 sese
1849 1214 1937 1268 ille

350 1333 502 1372 unus
531 1317 849 1378 oblectaret,
887 1323 1049 1382 atque
1085 1312 1350 1365 immensa
1382 1310 1528 1365 illius
1563 1309 1938 1378 magnitudine

358 1405 739 1478 cognoscenda
766 1404 1113 1459 vehementer
1139 1401 1462 1464 exsultaret,
1509 1400 1771 1454 statuisse
1812 1399 1939 1454 reli-

353 1499 483 1568 quis
497 1497 766 1552 IEonibus
781 1493 1031 1549 Parentis
1050 1491 1264 1563 aperire
1282 1490 1712 1563 magnitudinem
1729 1508 1744 1556 ;
1759 1505 1937 1560 quan-

362 2425 486 2465 mus
526 2417 768 2478 natuque
802 2408 1063 2462 minimus
1093 2404 1235 2460 [Eon
1266 2421 1331 2460 ex
1366 2405 1457 2458 illa
1483 2391 1787 2466 Dodecade,
1821 2417 1943 2472 qua:

361 2505 432 2557 ab
458 2502 688 2556 Homine
717 2500 1070 2569 Ecclesiaque
1091 2506 1384 2570 propagata
1413 2506 1517 2561 est,
1548 2499 1704 2568 longe
1725 2498 1942 2552 caeteris

365 2593 826 2663 intemperantius
847 2606 967 2648 sese
989 2591 1206 2644 extulit.
1234 2590 1422 2660 Itaque
1449 2591 1568 2646 sine
1591 2590 1799 2650 Theleti
1822 2604 1946 2643 con-

359 2687 509 2756 jugis
537 2685 885 2754 copulatione
906 2682 1244 2738 aﬂ‘ectiouem
1275 2684 1330 2738 in
1361 2699 1418 2739 se
1440 2683 1731 2753 quamdam
1759 2697 1946 2737 susce-

361 2778 463 2848 pit,
490 2794 612 2850 quze
649 2778 703 2831 in
737 2776 917 2831 Mente
947 2789 1011 2829 ac
1039 2773 1278 2831 Veritate
1307 2783 1485 2846 empta
1515 2776 1689 2845 prius,
1715 2775 1770 2829 in
1803 2774 1941 2828 infc-

362 2873 523 2928 liceiu
558 2871 709 2925 illum
743 2876 798 2923 et
851 2868 1195 2923 aberrantem
1226 2866 1457 2922 IEonein
1489 2866 1776 2921 incubuit:
1827 2881 1947 2936 qua:

365 2962 548 3033 specie
568 2959 786 3032 quidem
811 2959 1096 3014 charitatis
1124 2959 1384 3022 excitata,
1410 2971 1600 3012 revera
1625 2957 1946 3012 temeritatis

363 3062 528 3124 atque
557 3051 797 3106 audacia:
813 3049 936 3114 fuit,
959 3049 1106 3119 quod
1125 3063 1248 3102 cum
1276 3046 1518 3117 perfecto
1535 3045 1768 3099 Parente
1792 3060 1948 3099 com-

364 3144 643 3197 municata
687 3140 911 3194 minime
963 3137 1160 3194 fuerat.
1220 3135 1350 3190 Erat
1387 3145 1567 3191 autem
1617 3137 1731 3190 haec
1777 3136 1942 3191 animi

365 3234 679 3296 commotio,
711 3231 961 3286 Parentis
1005 3229 1315 3300 inquirendi
1355 3228 1618 3294 studium,
1661 3227 1842 3297 cujus,
1887 3237 1946 3282 ut

367 3327 546 3392 aiunt,
591 3324 1018 3398 magnitudinem
1062 3323 1372 3395 cognitione
1398 3322 1616 3392 assequi
1649 3323 1946 3378 contende-

365 3419 478 3472 bat.
498 3411 699 3472 Verum
719 3416 922 3471 frustra
948 3415 1248 3478 laborabat,
1275 3415 1418 3485 quod
1452 3430 1574 3469 eam
1602 3429 1716 3468 rem
1737 3429 1943 3469 concu-

369 3508 736 3574 piverat,qu:e
757 3504 990 3559 obtineri
1012 3504 1162 3556 nullo
1189 3503 1349 3556 modo
1373 3512 1578 3572 posset.
1606 3504 1793 3572 Itaque
1819 3518 1943 3558 cum

368 3600 424 3651 in
491 3611 708 3651 summa
771 3597 1122 3650 contentione
1165 3601 1216 3649 et
1263 3598 1535 3648 anxietate
1589 3603 1942 3662 versaretur;

369 3700 433 3738 ac
465 3693 685 3754 propter
707 3691 762 3738 et
793 3683 1062 3738 inﬁnitam
1092 3682 1459 3747 altitudinem,
1492 3691 1545 3738 ct
1573 3682 1824 3740 Parentis
1847 3699 1947 3738 na.

369 3783 554 3830 turam
587 3775 881 3846 ejusmodi,
919 3783 978 3830 ut
1022 3774 1091 3830 ad
1133 3789 1251 3829 eam
1287 3774 1453 3830 nullis
1485 3776 1732 3846 vestigiis
1763 3791 1949 3845 perve-

369 3868 534 3931 niret,
575 3875 628 3922 et
658 3867 730 3922 ob
752 3882 907 3923 suam
938 3867 992 3922 in
1022 3867 1176 3921 illum
1196 3865 1433 3936 denique
1468 3866 1810 3931 charitatem,
1834 3882 1948 3938 pm

370 3960 492 4029 ejus
529 3960 798 4014 suavitate
828 3975 1042 4029 semper
1083 3959 1226 4014 ultra
1269 3969 1635 4028 procurreret,
1667 3968 1947 4028 postremo

371 4052 507 4105 nihil
547 4067 669 4107 esse
700 4052 927 4122 pr0pius
978 4051 1204 4114 factum,
1247 4065 1410 4120 quam
1451 4059 1510 4104 ut
1545 4049 1601 4104 in
1637 4050 1947 4105 universam

371 4145 630 4214 absorpta
673 4152 924 4197 naturam
965 4158 1025 4198 se
1065 4143 1306 4198 resoluta
1343 4151 1697 4208 vanesceret;
1743 4143 1849 4198 nisi
1895 4144 1950 4197 in

2042 2412 2153 2464 Kal
2181 2410 2346 2464 ἔπαθε
2372 2411 2545 2473 πάθος
2570 2413 2696 2465 ἄνευ
2732 2411 2830 2479 τῆς
2860 2409 3160 2477 ἐπιπλοκῆς
3185 2407 3277 2460 τοῦ
3303 2407 3469 2476 ζυγοῦ
3491 2410 3506 2438 ¹
3534 2407 3645 2459 τοῦ

2044 2501 2277 2573 Θελητοῦ
2299 2518 2310 2532 ·
2359 2502 2387 2555 ὃ
2412 2501 2677 2574 ἐνήρξατο
2719 2503 2816 2573 μὲν
2855 2504 2911 2555 ἐν
2939 2505 3050 2562 τοῖς
3082 2504 3209 2572 περὶ
3238 2500 3327 2554 τόν
3359 2500 3508 2555 Νοῦν
3534 2502 3647 2554 καὶ

2044 2595 2142 2666 τὴν
2165 2593 2470 2666 Ἀλήθειαν,
2511 2593 2870 2665 ἀπέσκηψεΐὲ
2909 2596 2989 2657 εἰς
3016 2593 3202 2647 τοῦτον
3227 2593 3316 2646 τὸν
3341 2610 3642 2663 ’παρατρα-

2047 2689 2237 2751 πέντα,
2293 2687 2564 2759 πρόφασιν
2602 2687 2699 2758 μὲν
2736 2687 2977 2756 ἀγάπης,
3018 2686 3222 2756 τόλμης
3249 2686 3304 2738 δὲ
3341 2685 3428 2738 διὰ
3460 2685 3519 2738 τὸ
3555 2686 3644 2756 μὴ

2046 2778 2473 2850 κεκοινωνῆσθαι
2493 2776 2568 2848 τῷ
2585 2778 2757 2848 Πατρλ¹
2775 2777 2850 2847 τῷ
2871 2777 3078 2847 τελείῳ,
3103 2777 3286 2838 καθὼς
3307 2778 3399 2829 καὶ
3419 2775 3639 2840 ὀΝοῦς.

2049 2869 2120 2922 Τὸ
2141 2871 2197 2923 δὲ
2227 2869 2396 2934 πάθος
2427 2865 2565 2923 εἶναι
2596 2867 2822 2940 ζήτησιν
2850 2867 2943 2921 τοῦ
2977 2869 3208 2939 Πατρός.
3270 2867 3467 2921 Ἤθελε
3496 2867 3642 2940 γὰρ,

2047 2957 2123 3021 ὡς
2151 2959 2389 3026 λέγουσι,
2420 2957 2482 3011 τὸ
2505 2959 2731 3027 μέγεθος
2761 2957 2922 3011 αὑτοῦ
2958 2958 3310 3012 καταλαϐεῖν·
3343 2957 3536 3010 ἔπειτα
3559 2958 3642 3029 μὴ

2047 3049 2360 3120 δυνηθῆναι,
2402 3049 2488 3103 διὰ
2521 3050 2580 3102 τὸ
2618 3049 2862 3120 ἀδυνάτῳ
2889 3049 3162 3102 ἐπιϐαλεῖν
3196 3049 3504 3121 πράγματι,
3535 3051 3640 3102 καὶ

2051 3143 2109 3195 ἐν
2153 3141 2330 3212 πολλῷ
2367 3143 2506 3196 πάνυ
2554 3141 2724 3210 ἀγῶνι
2765 3142 3075 3212 γενόμενον,
3111 3141 3198 3194 διά
3219 3159 3276 3194 τε
3306 3142 3367 3194 τὸ
3401 3141 3644 3212 μέγεθος

2049 3233 2143 3286 τοῦ
2177 3233 2392 3304 βάθους,
2423 3235 2516 3287 καὶ
2538 3234 2597 3286 τὸ
2618 3232 3017 3303 ἀνεξιχνίαστον
3037 3233 3130 3286 τοῦ
3155 3234 3385 3302 Πατρὸς,
3414 3235 3512 3288 καὶ
3533 3234 3641 3304 τὴν

2051 3326 2185 3396 πρὸς
2215 3325 2376 3380 αὑτὸν
2408 3325 2639 3396 στοργὴν
2668 3327 3040 3396 ἐκτεινόμενον
3073 3327 3159 3378 ἀεὶ
3188 3326 3281 3378 ἐπὶ
3310 3327 3370 3378 τὸ
3396 3325 3641 3396 πρόσθεν

2051 3417 2156 3469 ὑπὸ
2197 3417 2296 3486 τῆς
2337 3416 2669 3488 γλυκύτητος
2715 3417 2899 3482 αὐτοῦ,
2946 3417 3255 3470 τελευταῖον
3291 3415 3358 3470 ἂν
3382 3433 3640 3470 καταπεο

2051 3507 2268 3570 πόσθαι,
2305 3509 2397 3560 καὶ
2427 3509 2785 3562 ἀναλελύσθαι
2817 3511 2896 3573 εἰς
2933 3511 3030 3581 τὴν
3060 3509 3187 3580 ὃλην
3215 3507 3424 3574 οὐσίαν,
3468 3512 3517 3562 εὶ
3559 3511 3639 3580 μὴ

2049 3602 2114 3671 τῇ
2136 3598 2462 3672 στηριζούσῃ
2479 3602 2574 3656 καὶ
2594 3602 2749 3665 ἐκτὸς
2772 3601 2865 3654 τοῦ
2887 3603 3126 3673 ἀρρήτου
3147 3601 3407 3672 μεγέθους
3427 3601 3640 3670 φυλασ-

2052 3694 2216 3764 σούσῃ
2245 3692 2310 3745 τὰ
2339 3693 2434 3746 ὅλα
2464 3693 2721 3764 συνέτυχε
2751 3694 2995 3765 δυνάμει.
3033 3694 3246 3765 Ταύτην
3272 3695 3328 3748 δὲ
3355 3695 3454 3764 τὴν
3476 3693 3642 3746 δύνα-

2054 3800 2146 3854 μιν
2174 3785 2266 3835 καὶ
2287 3784 2452 3854 Ὄρον
2475 3784 2753 3850 καλοῦσιν,
2785 3786 2874 3855 ὑφ’
2897 3780 2965 3857 ἦς
2992 3785 3323 3856 ἐπεσχῆσθαι
3353 3786 3448 3838 καὶ
3471 3788 3638 3857 ἐστηο

2053 3874 2254 3947 ρίχθαι,
2301 3875 2394 3929 καὶ⁸
2427 3877 2587 3947 μόγις
2615 3878 3019 3950 ἐπιστρέψαντα
3050 3879 3127 3941 εἰς
3160 3877 3348 3930 ἐαυτὸν
3380 3877 3476 3930 καὶ
3513 3895 3635 3929 πει-

2053 3967 2269 4030 σθέντα,
2314 3970 2812 4039 ὅτι.ἀκατάληπτὸς
2845 3973 2988 4024 ἐστιν
3026 3973 3053 4024 ὀ
3091 3970 3300 4042 Πατὴρ,
3331 3971 3636 4025 ἀποθέσθαι

2050 4055 2148 4126 τὴν
2193 4057 2463 4128 προτέραν
2505 4059 2800 4130 ἐνθύμησιν
2834 4062 2928 4114 σὺν
2958 4060 3035 4132 τῷ
3076 4063 3436 4133 ἐπιγινομένῳ
3469 4064 3634 4117 πάθει

2056 4149 2118 4200 ὲκ
2147 4148 2240 4200 τοῦ
2273 4150 2576 4221 ἐκπλήκτου
2607 4152 2816 4205 ἐκείνου
2852 4152 3147 4224 θαύματος.

369 4251 489 4289 eam
526 4233 794 4288 Virtutem
840 4232 1146 4299 incidisset,
1200 4234 1290 4287 cui
1321 4233 1892 4302 corroborandorum,
1925 4245 1978 4290 et
2014 4237 2449 4310 inexplicabilem
2477 4253 2629 4297 extra
2672 4245 3094 4314 magnitudinem
3133 4248 3635 4303 conservandorum

369 4329 611 4383 omnium
656 4344 854 4384 munus
887 4336 1004 4383 erat
1075 4328 1420 4381 attributum.
1475 4326 1606 4380 Eam
1651 4343 1814 4397 porro
1882 4327 2150 4387 Virtutem
2190 4335 2296 4388 alio
2347 4334 2564 4391 nomine
2630 4334 2832 4407 Horum
2896 4338 3189 4407 appellant.
3245 4338 3326 4392 Ab
3376 4339 3481 4392 hac
3541 4355 3640 4394 co-

371 4425 594 4478 hibitam
660 4423 1145 4494 conlirmatamque
1186 4421 1519 4493 Sapientiam
1569 4439 1710 4495 aegre
1751 4424 1817 4478 ad
1865 4429 2220 4498 semetipsum
2285 4431 2536 4496 rediisse,
2583 4433 2910 4504 demumque
2967 4451 3286 4505 persuasum
3341 4437 3634 4493 habentem

370 4537 478 4574 non
509 4534 669 4588 posse
689 4517 974 4574 Parentem
1011 4534 1170 4574 suum
1195 4519 1507 4591 cognitione
1533 4521 1945 4591 comprehendi,
1987 4525 2225 4594 priorem
2269 4527 2656 4598 cogitationem
2717 4545 2841 4584 cum
2888 4533 3177 4600 posteriori
3241 4535 3634 4601 commotione,

369 4627 492 4682 qua:
529 4627 594 4666 ex
642 4621 865 4682 stupore
899 4611 990 4667 illo
1048 4623 1102 4668 et
1145 4613 1502 4670 admiratione
1548 4623 1675 4668 nata
1722 4614 1917 4682 fuerat,
1958 4620 2194 4674 exuisse.

440 4706 556 4760 ΧΗ.
602 4705 708 4760 Sed
743 4706 972 4761 istorum
1008 4707 1230 4776 quidam
1281 4707 1426 4761 illam
1475 4706 1770 4778 Sapientia:
1823 4726 1942 4780 per-

2123 4714 2222 4771 ΠΥ.
2270 4717 2438 4771 Ἔνιοι
2490 4717 2549 4770 δὲ
2601 4720 2779 4773 αὐτῶν
2829 4721 2981 4786 πῶς¹
3010 4722 3070 4776 τὸ
3102 4721 3271 4786 πάθος
3304 4723 3406 4793 τῆς
3434 4725 3634 4794 Σοφῐας

372 4800 760 4862 turbationem,
796 4813 860 4853 ac
889 4799 1289 4855 restitutionem
1337 4799 1540 4869 quibus
1575 4801 1738 4871 nugis
1769 4801 1948 4856 invol-

371 4891 540 4945 runt?
585 4889 854 4944 Nimirum
899 4906 1020 4945 cum
1066 4891 1336 4958 ejusmodi
1376 4892 1581 4962 aliquid
1630 4895 1948 4963 appetisset,

371 4983 517 5053 quod
570 4982 689 5050 ejus
740 4991 1062 5051 potestatein
1116 4983 1593 5054 cognitionemque
1645 4995 1949 5054 superaret,

371 5074 658 5152 informem
686 5072 974 5141 quamdam
1008 5083 1170 5144 atque
1197 5075 1528 5130 inconditam
1560 5075 1799 5133 edidisse
1826 5079 1952 5134 sub-

372 5165 650 5229 stantiam,
681 5164 1056 5234 ejusdemque,
1081 5182 1242 5235 quam
1279 5167 1532 5235 habebat,
1561 5175 1767 5226 naturze
1795 5171 1951 5226 femi-

373 5271 497 5349 nam
529 5256 825 5326 peperisse.
859 5256 1035 5322 Quam
1076 5267 1136 5312 ut
1178 5260 1577 5327 animadvertit,
1611 5264 1848 5334 primum
1876 5265 1948 5320 ob

447 5412 463 5441 ¹
488 5407 548 5462 F.
590 5409 843 5478 συζύγου.

372 5479 527 5543 τέλος
559 5478 679 5551 ἔχῃ.

449 5639 557 5713 (7t)
603 5641 965 5713 qlaif_59tio'zr
997 5643 1120 5713 εἶχε
1150 5642 1395 5710 θή1ειαν
1422 5645 1631 5700 τεκεῖν.
1674 5649 1946 5704 Assensus

374 5721 494 5764 eum
526 5711 587 5766 ιι.
631 5710 690 5765 Ρ.
724 5710 987 5770 Frontoni
1024 5710 1238 5782 Ducam,
1283 5720 1373 5788 qui
1423 5718 1477 5772 iu
1518 5719 1663 5774 netis
1701 5719 1767 5775 ad
1799 5721 1944 5777 hunc

923 5409 1036 5466 'F.
1090 5413 1206 5478 πῶς
1275 5422 1367 5470 aut
1422 5416 1683 5487 interrog.
1742 5419 2070 5477 adhibenda.

2059 4808 2154 4862 καὶ
2181 4807 2280 4879 τὴν
2311 4811 2644 4885 ἐπιστροφὴν
2675 4812 3080 4882 μυθολογοῦσιν,
3109 4814 3352 4885 ἀδυνάτῳ
3382 4817 3477 4869 καὶ
3501 4819 3636 4870 ἀκα-

2057 4899 2316 4972 ταλήπτῳ
2347 4903 2629 4975 πράγματι
2658 4905 2825 4976 αὐτὴν
2868 4908 3290 4978 ἐπιχειρήσασαν
3321 4913 3502 4962 τεκεῖν
3542 4911 3635 4962 ού·-

2061 4992 2182 5045 σίαν
2228 4993 2493 5066 ἄμορφον,
2521 4997 2638 5049 οἵαν
2666 4996 2826 5067 φύσιν
2868 4994 2978 5069 εἶχε
3001 4999 3218 5071 θήλειαν
3240 5000 3260 5031 ³
3291 5005 3470 5054 τεκεῖν
3499 5002 3633 5069 (74).

2059 5081 2126 5154 ἥν
2152 5086 2246 5138 καὶ
2276 5089 2686 5158 κατανοήσασαν
2719 5089 2932 5159 πρῶτον
2973 5090 3072 5160 μὲν
3099 5090 3404 5163 λυπηθῆναι
3448 5094 3538 5147 διὰ
3576 5096 3636 5147 τὸ

2058 5175 2244 5241 ἀτελὲς
2284 5178 2384 5248 τῆς
2427 5181 2726 5248 γενέσεωςο
2761 5181 2950 5235 ἔπειτα
2997 5182 3298 5254 φοϐηθῆναι
3339 5185 3471 5256 μηδὲ
3509 5187 3634 5239 αὐτὸ

2057 5263 2197 5322 εἶναι
2230 5269 2451 5335 τελείως
2489 5271 2701 5344 ἔχεινδο
2751 5270 2868 5329 εἶτα
2915 5276 3170 5346 ἐκστῆναι
3216 5279 3310 5330 καὶ
3357 5279 3630 5350 ἀπορῆσαι

2161 5424 2181 5455 ³
2231 5426 2301 5484 ιτ.
2355 5425 2420 5485 F.
2485 5429 2692 5500 θήλεια.
2777 5429 2796 5463 ⁸
2832 5430 2894 5488 F.
2962 5431 3034 5504 μὴ
3072 5434 3164 5488 καὶ
3221 5435 3351 5487 αὐτὸ
3387 5435 3449 5487 τὸ
3497 5433 3631 5492 εἶναι

2055 5654 2240 5726 πεπιξεὶ
2267 5655 2446 5726 locum
2476 5657 2636 5710 hanc.
2669 5670 2833 5725 quam
2870 5658 3264 5726 expressimus,
3301 5662 3624 5716 sententiam

2054 5725 2266 5790 probat.
2302 5725 2404 5782 Sec
2443 5744 2543 5784 nec
2570 5728 2879 5795 pwnitenda
2910 5725 3126 5801 vulgata
3168 5730 3336 5786 altera
3363 5734 3554 5788 lectio.
