3760 6176
158 256 267 312 497

868 267 1241 326 ADVERSUS
1280 270 1620 328 IIAERESES
1660 272 1786 328 LIB.
1831 274 1870 328 I.
1915 271 2080 328 TOM.
2121 272 2184 328 ll.
2229 305 2296 316 —
2335 277 2613 336 IIIERES.
2643 277 2834 336 XXXI.

3330 281 3436 338 498

160 374 435 477 ζητοῆσαν
479 381 579 452 τὴν
621 385 820 450 αἰτίαν,
856 388 951 461 καὶ
983 389 1164 444 ὅντινα
1203 391 1401 463 τρόπον
1444 393 1751 465 ἀποκρύψει

1951 413 2107 451 ncam
2173 397 2594 466 inchoatamque
2647 395 3051 467 generationem
3104 397 3290 452 animo
3339 397 3440 453 do»

158 468 225 522 τὸ
272 470 445 539 γένος.
480 474 1012 554 Ἐγκαταγενομένην
1055 483 1113 536 δὲ
1155 485 1266 546 τοῖς
1311 483 1507 537 πάθεσι
1560 484 1743 539 λαϐεῖν

161 562 522 636 ῢπιστροςρὴν,
558 569 649 621 καὶ
684 571 775 623 ἐπὶ
821 572 912 624 τὸν
943 574 1162 647 Πατέρα
1191 575 1519 645 ἀναδραμεῖν
1550 594 1744 647 πειρα·

164 651 384 723 σθῆναι,
419 657 514 710 καὶ
559 659 720 731 μέχρι
766 662 912 727 τινος
961 665 1311 737 τολμήσασαν
1366 667 1744 737 ὲξασθενῆσαι,

163 745 265 797 καὶ
305 746 470 801 ἱκέτιν
500 749 594 802 τοῦ
627 752 840 825 Πατρὸς
865 756 1137 823 γενέσθαι.
1173 757 1530 830 Συνδεηθῆναι
1562 759 1618 812 δὲ
1649 761 1746 813 αὐ-

162 836 236 904 τῇ
269 836 514 903 καὶτοὺς
545 840 765 907 λοιποὺς
789 845 1024 912 Αίῶνας,
1057 847 1294 916 μάλιστα
1336 848 1392 902 δὲ
1441 849 1533 903 τὸν
1583 851 1744 904 Νοῦν.

178 926 464 983 Ἐντεῦθεν
497 931 712 1000 λέγουσι
745 936 969 1008 πρώτην
993 939 1166 1010 ἀρχὴν
1199 940 1492 1011 ἐσχηκέναι
1524 943 1622 1013 τὴν
1657 944 1745 995 οὐδ

166 1016 295 1071 σίαν
323 1022 386 1073 ἐκ
412 1023 540 1093 τῆς¹
575 1025 816 1094 ἀγνοίας,
856 1030 950 1082 καὶ
991 1030 1091 1100 τῆς
1117 1031 1314 1102 λύπης,
1343 1031 1556 1086 καὶτοῦ
1585 1033 1749 1103 φόϐου

168 1110 266 1162 καὶ
298 1111 400 1182 τῆς
429 1115 857 1186 ἐκπλήξεως.,’0
903 1120 960 1174 δὲ
1008 1122 1195 1194 Πατὴρ
1235 1123 1328 1178 τὸν
1361 1125 1754 1196 προειρημένον

140 1277 142 1279 γ
169 1201 344 1272 Ὃρον
372 1206 464 1259 ἐπὶ
483 1206 691 1271 τούτοις
717 1209 803 1264 διὰ
829 1212 923 1264 τοῦ
949 1215 1288 1282 Μονογενοῢς
1316 1215 1679 1286 προϐάλλεται
1699 1219 1754 1270 έν

165 1296 344 1349 εἰκόνι
399 1299 504 1370 ἰδίᾳ
559 1301 852 1371 ἀσύζυγον,
881 1305 1196 1376 ἀθήλυντον.
1229 1308 1332 1362 Τὸν
1379 1308 1488 1379 γὰρ
1541 1309 1758 1380 Πατέρα

167 1386 309 1438 ποτὲ
339 1387 436 1456 μὲν
459 1388 596 1458 μετὰ
624 1390 884 1459 συζυγίας
911 1395 1010 1465 τῆς
1039 1396 1225 1466 Σιγῆς,
1257 1397 1385 1450 ποτὲ
1413 1399 1471 1450 δὲ
1501 1399 1595 1451 καὶ
1618 1400 1758 1470 ὑπὲρ

167 1476 368 1549 ἄρρεν,
405 1479 498 1532 καὶ
545 1480 686 1552 ὑπὲρ
729 1483 866 1553 θῆλυ
915 1481 1053 1540 εἶναι
1104 1487 1334 1541 θέλουσι.
1364 1489 1468 1543 Τὸν
1513 1490 1570 1543 δὲ
1594 1490 1759 1561 Ὅρον

170 1565 368 1619 τοῦτον
412 1569 505 1620 καὶ
533 1569 956 1650 Συλλυτρωτὴν³
987 1576 1081 1628 καὶ
1115 1576 1437 1648 Καρπιστὴν
1469 1578 1564 1630 καὶ
1605 1577 1761 1650 Ὀρο-

171 1656 343 1728 θέτην
374 1659 468 1712 καὶ
493 1661 840 1731 Μεταγωγέα
868 1663 1110 1720 καλοῦσι.
1135 1667 1232 1720 Διά
1253 1667 1310 1720 δὲ
1328 1667 1422 1721 τοῦ
1449 1669 1616 1740 Ὅρου
1641 1668 1764 1722 τού-

1851 491 2020 546 Iuisse
2049 510 2062 545 :
2099 498 2215 544 tum
2249 491 2422 544 vereri
2451 491 2705 558 coepisse,
2742 504 2810 544 ne
2843 491 2929 544 vel
2961 490 3078 559 ipsa
3113 504 3232 544 esse
3261 489 3438 544 omniv

1850 596 1920 635 no
1974 580 2267 642 desineret.
2321 580 2664 648 Proindeque
2724 580 3010 634 attonitam
3074 588 3126 634 et
3186 579 3438 634 haesitan-

1849 683 1956 729 tem
1984 689 2206 729 causam
2241 674 2500 741 indagare
2533 673 2858 737 instituisse,
2893 688 2955 725 ac
2977 671 3438 742 quemadmodum

1852 765 2018 820 fctum
2053 781 2211 820 suum
2243 769 2522 821 occultare
2552 773 2757 834 posset.
2797 765 2939 834 Ergo
2980 765 3036 818 in
3085 764 3314 834 pristina
3348 764 3438 817 illa

1853 859 2220 913 commotione
2251 864 2692 928 perseverantem
2745 858 3083 913 convertisse
3108 872 3250 922 sese,
3287 864 3341 910 et
3371 855 3439 909 ad

1855 949 2136 1004 Parentem
2173 950 2452 1006 studuisse
2481 965 2781 1006 recurrere.
2818 949 2980 1020 178
2999 949 3154 1015 Quod
3182 964 3304 1002 cum
3340 947 3441 1001 ali-

1854 1053 2060 1113 quanto
2097 1052 2338 1114 tempore
2371 1045 2766 1105 contendisset,
2802 1043 3162 1098 succubuisse
3189 1041 3437 1106 demum,
3489 1056 3491 1058 ·

1857 1143 2021 1203 atque
2064 1135 2128 1188 ad
2174 1134 2461 1190 Parentem
2497 1152 2618 1192 sese
2651 1137 2950 1206 supplicem
2983 1134 3290 1204 abjecisse;
3344 1134 3440 1188 ad-

1861 1223 2029 1279 fuisse
2075 1233 2129 1278 et
2180 1224 2475 1279 advocatos
2519 1223 2728 1281 Eonas
2780 1225 3043 1293 reliquos,
3082 1239 3144 1278 ac
3207 1222 3438 1277 Mentem

1861 1315 1914 1368 in
1946 1315 2157 1385 primis.
2178 1315 2356 1386 Atque
2386 1317 2527 1371 hanc
2560 1317 2790 1387 primam
2819 1316 3140 1370 substantiae
3170 1316 3439 1385 originem

1859 1408 2158 1471 exstitisse,
2190 1424 2310 1477 qua:
2335 1423 2399 1462 ex
2433 1408 2761 1480 ignorantia,
2788 1416 2840 1462 et
2875 1408 3081 1475 dolore,
3121 1423 3183 1462 ac
3211 1414 3355 1461 metu
3388 1413 3438 1462 et

1863 1507 2086 1568 stupore
2117 1499 2399 1568 prodierit.
2431 1503 2498 1554 At
2521 1499 2683 1555 Pater
2702 1500 2932 1564 Horum,
2963 1500 3076 1556 sive
3097 1499 3439 1564 Terminum,

1865 1604 2024 1658 quem
2071 1590 2330 1654 diximus,
2357 1598 2480 1660 post
2516 1591 2641 1647 illos
2674 1607 2865 1646 omnes
2895 1607 3048 1645 suam
3099 1590 3165 1644 ad
3215 1589 3444 1659 efﬁgiem

1865 1679 2122 1749 produxit
2143 1681 2418 1750 comparis
2440 1695 2505 1735 ac
2536 1680 2754 1736 feminei
2781 1696 2944 1737 sexus
2963 1689 3263 1750 expertem.
3287 1679 3443 1735 lIunc

170 1764 272 1842 ⁴ι,του
304 1751 437 1818 φασὶ
461 1752 794 1824 κεκαθάρθαι
821 1757 915 1809 καὶ
945 1757 1266 1829 ὲστηρίχθαι
1296 1759 1394 1830 τὴν
1429 1761 1646 1830 Σοφίαν,
1674 1762 1768 1815 καὶ

1951 1769 2017 1822 im
2067 1769 2243 1838 ipsum
2300 1769 2586 1826 Parentem
2644 1773 2777 1827 alias
2813 1787 2936 1826 cum
2990 1770 3113 1842 Sige
3166 1771 3442 1840 copulant,

171 1840 696 1914 ἀποκατασταθῆναι
730 1848 797 1916 τῇ
835 1843 1086 1918 συζυγίᾳ.
1122 1849 1500 1920 Χωρισθείσης
1531 1851 1639 1922 γὰρ
1668 1853 1765 1922 τῆς

186 1927 574 1999 Ἑνθυμήσεως
605 1932 700 1985 ἀπ’
735 1934 909 2005 αὐτῆς
947 1937 1043 1990 σὺν
1072 1937 1149 2008 τῷ
1183 1940 1546 2011 ὲπιγινομένῳ
1570 1940 1763 2005 Πάθει,

171 2021 352 2093 αὐτὴν
376 2025 471 2094 μὲν
505 2027 656 2090 ἐντὸς
686 2028 1048 2101 πληρώματος
1067 2031 1237 2095 εἶναι,
1269 2033 1369 2104 τὴν
1398 2033 1454 2087 δὲ
1501 2033 1769 2106 Ἐνθύμη·

174 2130 268 2166 σιν
303 2115 477 2186 αὐτῆς
507 2120 605 2172 σὺν
631 2119 710 2191 τῷ
736 2121 904 2176 Πάθει
941 2123 1044 2176 ὑπὸ
1084 2123 1178 2177 τοῦ
1209 2126 1376 2197 Ὅρου
1408 2127 1768 2198 ἀφορισθῆναι

174 2203 277 2256 καὶ
303 2206 778 2280 ἀποστερηθῆναι³
800 2227 813 2242 ⁸
847 2214 942 2266 καὶ
969 2213 1126 2278 ἐκτὸς
1160 2215 1326 2269 αὐτοῦ
1361 2217 1659 2288 γενομένην
1690 2213 1769 2270 εἶ-

172 2312 272 2349 ναι
329 2299 428 2368 μὲν
478 2305 853 2378 πνευματικὴν
895 2306 1106 2372 οὐσίαν,
1134 2310 1371 2380 φυσικήν
1417 2327 1539 2363 τινα
1566 2309 1772 2373 Αἰῶνος

172 2389 364 2460 ὁρμὴν
404 2394 796 2462 τυγχάνουσαν,
832 2398 1076 2470 ἄμορφον
1119 2399 1176 2453 δὲ
1220 2401 1312 2453 καὶ
1339 2401 1572 2454 ἀνείδεον
1596 2401 1684 2456 διά
1713 2403 1766 2455 τὶ

181 2482 360 2552 μηδὲν
388 2485 732 2542 καταλαϐεῖν.
768 2490 880 2543 Καὶ
914 2490 1002 2544 διὰ
1032 2489 1192 2546 τοῦτο
1219 2491 1430 2563 καρπὸν
1452 2493 1651 2565 ἀσθενῆ
1679 2494 1770 2548 καὶ

179 2573 360 2645 θῆλυν
389 2578 549 2633 αὑτὸν
567 2580 812 2650 λέγουσι.

1869 1857 2004 1911 alias
2034 1872 2195 1926 supra
2233 1859 2400 1915 maris
2431 1875 2494 1916 ac
2523 1859 2736 1914 feminae
2767 1860 3130 1914 conditionem
3153 1860 3442 1915 extollunt.

1872 1946 2074 2001 Horum
2107 1963 2236 2003 vero
2272 1950 2435 2003 etiam
2470 1949 2911 2020 Redemptorem,
2954 1966 3018 2005 ac
3061 1950 3367 2020 Carpisten,
3394 1959 3447 2006 et

1873 2038 2225 2106 Ilorotheten,
2259 2055 2323 2096 ac
2355 2039 2859 2098 Circumductorem
2892 2050 3106 2097 vocant.
3129 2042 3174 2094 Α
3200 2058 3307 2112 quo
3330 2057 3451 2114 per—

1871 2141 2152 2201 purgatam
2217 2145 2283 2184 ac
2341 2131 2722 2186 confirmatam
2754 2132 3088 2202 Sapientiam
3119 2142 3365 2198 narrant,
3396 2142 3454 2188 et

1873 2221 2128 2291 conjugio
2155 2222 2484 2276 restitutam.
2519 2223 2880 2293 Posteaquam
2911 2223 3054 2278 enim
3083 2215 3448 2296 Enthymesis,

1866 2313 1978 2366 hoc
2031 2320 2116 2390 est
2162 2313 2440 2383 cogitatio,
2477 2315 2544 2367 ab
2587 2315 2678 2368 illa
2727 2322 2812 2370 est
2862 2331 2984 2369 cum
3037 2318 3454 2386 superveniente

1866 2401 2250 2456 Commotione
2300 2412 2543 2459 secreta:
2582 2412 2695 2457 tum
2729 2403 2846 2474 ipsa
2874 2404 3092 2474 quidem
3145 2405 3287 2459 intra
3341 2405 3456 2472 ple-

1866 2506 2027 2546 roma
2061 2500 2301 2560 recepta,
2330 2491 2680 2562 Enthymcsis
2723 2509 2854 2549 vero
2903 2510 3025 2548 cum
3077 2494 3459 2550 Commotione

1879 2584 1947 2639 ab
1978 2582 2126 2640 Horo
2151 2586 2411 2655 relegata,
2449 2593 2503 2640 et
2555 2586 2624 2642 in.
2661 2600 2826 2643 cruce
2864 2588 3075 2651 suﬂixa,
3106 2596 3270 2660 atque
3303 2596 3456 2643 extra

175 2667 658 2739 Complementum
704 2676 895 2744 procul
928 2677 1222 2735 amandata
1253 2678 1520 2746 constitit,
1556 2685 1619 2734 ut
1647 2675 1955 2735 substantia
2017 2676 2110 2730 illa
2143 2677 2362 2748 quidem
2415 2677 2681 2748 spiritalis
2714 2691 2881 2747 esset,
2941 2689 3130 2751 utpote
3193 2681 3458 2736 naturalis

179 2766 440 2834 qumdam
472 2767 554 2822 vis
579 2767 775 2827 [Bonis
807 2780 861 2827 et
900 2773 1156 2843 impetus,
1194 2775 1290 2831 sed
1319 2757 1474 2831 rudis
1501 2775 1690 2830 eadem
1718 2781 1772 2829 et
1809 2770 2084 2836 informis,
2155 2771 2300 2842 quod
2346 2772 2482 2825 nihil
2528 2781 2674 2829 esset
2728 2775 2952 2830 omnino
3003 2784 3316 2830 consecuta.
3375 2774 3459 2830 Ob

181 2857 356 2924 idque
381 2873 678 2926 praecocem
728 2862 878 2916 illum
923 2862 1160 2920 fructum
1212 2872 1376 2936 atque
1406 2864 1759 2929 imbecillum,
1799 2871 1853 2916 et
1882 2861 2165 2916 muliebris
2197 2861 2530 2918 conditionis
2556 2878 2677 2918 esse
2705 2871 3012 2918 memorant

260 2953 362 3005 II".
403 2954 558 3008 Μετά
598 2955 654 3009 δὲ
707 2957 768 3010 τὺ
809 2958 1167 3030 ἀφορισθῆναι
1221 2961 1425 3032 ταύτην
1470 2960 1624 3023 ἐκτὸς
1679 2957 1773 3012 τοῦ

1951 2954 2090 3010 XIII.
2133 2955 2404 3012 Caeterum
2436 2957 2526 3012 ubi
2554 2956 2670 3011 haec
2701 2972 2729 3010 a
2749 2956 3056 3012 Pleromate
3097 2957 3325 3027 depulsa
3352 2963 3460 3022 est,

183 3043 562 3116 πληρώματος
595 3047 703 3102 τῶν
729 3048 969 3115 Αίώνων,
994 3052 1092 3122 τήν
1120 3069 1179 3104 τε
1210 3031 1438 3124 Μητέρα
1461 3051 1628 3120 αὐτῆς
1648 3051 1773 3103 ἀπο-

1951 3057 2056 3105 ]ιοι·
2078 3065 2208 3105 vero
2239 3048 2306 3103 ad
2332 3049 2648 3119 coniugium
2678 3065 2837 3105 suum
2862 3050 3202 3120 postliminio
3221 3063 3458 3112 reversa,

189 3139 604 3210 κατασταθῆναι
632 3143 698 3212 τῇ
733 3141 840 3212 ἰδίᾳ
869 3140 1123 3214 συζυγίᾳ,
1157 3143 1248 3196 τὸν
1290 3142 1570 3212 Μονογενῆ
1618 3140 1780 3194 πάλιν

186 3232 391 3301 ἑτέραν
431 3232 796 3303 προϐαλέσθαι
838 3232 1099 3304 συζυγίαν
1131 3234 1273 3287 κατά
1304 3232 1648 3304 προμήθειαν
1687 3230 1781 3285 τοῦ

189 3324 433 3394 Πατρὸς,
467 3325 555 3378 ἵνα
587 3324 660 3396 μὴ
684 3325 886 3396 ὁμοίως
907 3324 1081 3396 ταύτῃ
1115 3325 1262 3398 πάθῃ
1291 3342 1372 3388 τις
1405 3323 1514 3378 τῶν
1540 3322 1782 3388 Αίώνων,

190 3413 438 3484 Χριστὸν
483 3415 579 3468 καὶ
615 3413 839 3486 Πνεῦμα
874 3416 1028 3484 ἆγιον
1057 3417 1137 3480 είς
1166 3415 1328 3486 πῆξιν
1356 3416 1449 3468 καὶ
1487 3413 1786 3486 στηριγμὺν

189 3505 296 3558 τοῦ
344 3506 729 3578 πληρώματος,
777 3509 868 3578 ὑφ’
899 3502 973 3562 ὧν
1007 3507 1435 3578 καταρτισθῆναι
1475 3507 1602 3570 τοὺς
1645 3507 1786 3559 Alt?)-

192 3615 322 3661 νας.
357 3599 460 3652 Τὸν
512 3600 609 3670 μὲν
655 3601 762 3671 γὰρ
793 3602 1028 3672 Χριστὸν
1066 3600 1274 3664 διδάξαι
1303 3601 1497 3664 αὐτοὺς
1529 3600 1789 3669 συζυγίας

197 3686 391 3757 φύσιν,
442 3688 730 3760 ἀγεννὴτου
769 3690 1073 3760 κατάληψιν
1109 3689 1496 3756 γινώσκοντας,
1537 3688 1790 3751 ίκανοὺςδ

195 3775 369 3844 εἶναι,
397 3780 758 3850 ἀναγορεῦσαί
787 3799 844 3834 τε
879 3785 936 3836 ὲν
972 3783 1154 3844 αὐτοῖς
1182 3781 1281 3852 τὴν
1314 3781 1407 3834 τοῦ
1436 3781 1650 3851 Πατρδς
1673 3781 1792 3833 ὲπί-

197 3889 436 3941 γνωσιν,
464 3875 545 3925 ὅτι
570 3890 630 3925 τε
659 3873 946 3945 ἀχώρητός
979 3875 1098 3926 ἐστι
1127 3874 1222 3926 καὶ
1251 3873 1658 3943 ἀκατάληπτος,
1700 3873 1794 3925 καὶ

199 3967 308 4018 οὐκ
334 3965 481 4017 ἔστιν
503 3965 626 4018 οὔτε
659 3966 784 4019 ἰδεῖν
818 3966 942 4019 οὕτε
979 3965 1207 4019 ἀκοῦσαι
1241 3966 1418 4028 αὐτὸν,
1452 3966 1484 4037 ῆ
1514 3966 1602 4018 διὰ
1633 3967 1791 4037 μόνου

203 4057 303 4111 τοῦ
337 4058 678 4126 Μονογενοῦς
709 4058 1057 4128 γινώσκεται.
1102 4061 1212 4114 Καὶ
1252 4059 1313 4112 τὸ
1342 4059 1441 4130 μὲν
1483 4059 1652 4112 αῐτιον
1698 4059 1795 4129 τῆς

202 4148 440 4201 αἰωνίου
494 4148 754 4218 διαμονῆς
797 4153 911 4212 τοῖς
964 4149 1172 4212 λοιποῖς
1203 4148 1262 4202 τὸ
1293 4148 1506 4219 πρῶτον
1559 4147 1796 4218 κιιιταλη⁹

206 4239 350 4290 πτὸν
391 4240 656 4308 ὑπάρχειν
713 4240 823 4310 (75)
864 4239 956 4293 τοῦ
1015 4240 1228 4310 Πατρδς
1253 4280 1268 4303 ,
1307 4240 1404 4310 τῆς
1441 4239 1498 4292 δὲ
1535 4239 1800 4308 γενέσεως

205 4331 384 4386 αὐτοῦ
444 4333 539 4383 λαί
595 4332 926 4403 μορφώσεως
982 4333 1044 4384 τὸ
1098 4331 1446 4401 καταληπτὸν
1493 4331 1659 4384 αὐτοῦ
1690 4371 1705 4395 ,
1754 4324 1799 4400 ᾧ

203 4423 274 4494 δὴ
301 4424 326 4453 ⁸
362 4423 475 4486 ἴσος
523 4424 657 4479 ἐστι.
725 4424 835 4477 Καὶ
879 4422 1051 4477 ταῦτα
1086 4424 1181 4493 μὲν
1231 4425 1260 4474 ὁ
1303 4423 1428 4494 ἄρτι
1477 4423 1800 4495 προϐληθεὶς

205 4514 459 4584 Χριστὸς
507 4515 564 4566 ἐν
612 4514 793 4577 αὐτοῖς
837 4514 1268 4586 ἐδημιούργησε·
1310 4514 1371 4568 τὸ
1421 4514 1477 4567 δὲ
1525 4513 1583 4567 ἓν
1636 4513 1806 4567 Πνεῦ-

209 4623 294 4678 μα
345 4607 408 4657 τὸ
456 4605 607 4674 ἀγιον
652 4606 1007 4672 ὲξισωθέντας
1066 4607 1262 4669 αὐτοὺς
1316 4604 1522 4669 πάντας
1580 4607 1804 4677 εὐχαρι-

206 4702 368 4754 στεῖν
419 4699 624 4763 ἐδίδαξε
658 4739 673 4761 ,
719 4701 813 4753 καὶ
855 4699 954 4771 τὴν
1002 4699 1260 4771 ἀληθινὴν
1312 4701 1618 4754 ἀνάπαυσιν
1662 4702 1804 4772 ἡγή-

207 4812 372 4848 σατο.
403 4790 592 4854 Οὕτως
617 4810 676 4844 τε
712 4796 891 4863 μορφῇ
918 4794 1013 4845 καὶ
1042 4793 1232 4864 γνώμῃ
1281 4793 1428 4856 ἴσους
1458 4794 1803 4865 κατασταθῆο

206 4906 304 4942 ναι
338 4887 471 4949 τοὺς
501 4885 713 4948 Αἱῶνας
742 4885 980 4954 λέγουσι,
1010 4887 1216 4948 πάντας
1269 4885 1593 4955 γενομένους
1635 4885 1802 4948 Νόας,

206 4982 314 5034 καὶ
365 4977 578 5041 πάντας
630 4977 856 5046 Λόγους,
905 4973 1001 5030 καὶ
1059 4975 1263 5039 πάντας
1297 4974 1661 5047 Ἀνθρώπους,
1711 4977 1806 5029 καὶ

207 5072 436 5132 πάντας
484 5068 785 5139 Χριστούς’
825 5067 919 5120 καὶ
969 5067 1066 5130 τὰς
1123 5065 1342 5136 θηλείας
1379 5067 1580 5136 ὁμοίως
1633 5067 1813 5132 πάσας

219 5159 546 5230 ’Δληθείας,
582 5157 675 5210 καὶ
708 5157 886 5219 πάσας
910 5157 1082 5220 Ζωάς,
1106 5157 1198 5209 καὶ
1225 5155 1540 5226 Πνεύματα,
1573 5156 1666 5209 καὶ
1690 5156 1812 5210 Ἐκ-

191 5246 480 5320 άλησίας.
512 5247 878 5318 Στηριχθέντα
911 5246 968 5300 δὲ
997 5246 1090 5300 ἐπὶ
1107 5245 1282 5317 τούτῳ
1312 5244 1380 5299 τὰ
1409 5243 1525 5311 ὅλα,
1557 5246 1651 5299 καὶ
1678 5247 1809 5300 ἀνα-

294 5433 313 5463 ¹
354 5429 503 5486 Iren.
544 5429 643 5500 τῆς
673 5428 827 5498 ὕλης.
901 5430 920 5459 ⁸
951 5425 1012 5479 F.
1043 5426 1273 5498 σταυρὸν
1323 5427 1416 5480 καὶ
1473 5425 1774 5496 λυτρωτήν.
1850 5423 1870 5455 ³
1901 5422 1961 5478 F.
2017 5422 2528 5493 ἀποσταυρωθῆναι.

211 5501 368 5564 υἱός.

1884 3152 1998 3196 tum
2052 3142 2119 3196 de
2167 3139 2416 3196 Parentis
2448 3141 2701 3206 consilio,
2740 3157 2806 3195 ne
2847 3141 2978 3211 quid
3012 3141 3190 3196 simile
3237 3141 3465 3210 posthac

1885 3231 2049 3286 Ᾱέἶοηί
2099 3231 2260 3286 alicui
2310 3233 2686 3303 contingeret,
2741 3231 3034 3298 fulciendo,
3093 3231 3473 3302 firmandoque

1885 3318 2171 3388 pleromati
2199 3333 2400 3372 novum
2420 3332 2520 3387 par
2550 3315 2733 3370 ferunt
2757 3316 2825 3371 ab
2843 3315 3091 3387 Unigena
3113 3317 3466 3386 productum,

1886 3405 2162 3462 Christum
2195 3422 2256 3460 ac
2286 3405 2551 3477 Spiritum
2582 3416 2832 3462 sanctum
2854 3424 2868 3474 ;
2893 3421 3126 3476 quorum
3155 3422 3319 3476 opera
3338 3405 3469 3460 A110-

1888 3514 1986 3554 nes
2013 3499 2297 3555 ordinatos
2321 3514 2386 3554 ac
2414 3500 2751 3570 compositos
2781 3514 2922 3555 esse.
2951 3496 3160 3568 Quippe
3191 3497 3468 3553 Christum
3523 3493 3536 3505 ’

1891 3589 2132 3660 conjugii
2164 3597 2360 3643 natura
2408 3599 2572 3660 atque
2600 3589 2835 3661 lngeniti
2867 3588 3357 3658 comprehensione
3386 3604 3473 3643 eo-

1891 3681 2039 3751 gnita
2086 3681 2340 3736 docuisse
2389 3689 2677 3737 contentos
2728 3695 2852 3736 esse
2883 3679 3003 3735 illos
3034 3688 3286 3749 oportere
3315 3700 3328 3733 :
3361 3679 3472 3733 Pa-

1892 3771 2102 3841 trisque
2153 3772 2294 3826 inter
2338 3773 2459 3826 illos
2504 3772 2835 3842 praedicasse
2890 3771 3168 3839 notitiam;
3212 3773 3474 3828 nimirum

1895 3865 2040 3918 hunc
2066 3879 2242 3932 neque
2278 3863 2655 3918 circumscribi
2681 3863 2923 3917 locorum
2952 3861 3151 3931 spatio,
3173 3878 3346 3932 neque
3375 3879 3474 3918 co-

1896 3956 2139 4025 gnitioue
2171 3969 2332 4024 posse
2362 3954 2591 4024 percipi,
2623 3969 2686 4009 ac
2739 3969 2807 4009 ne
2837 3954 2956 4008 visu
2995 3954 3216 4024 quidem
3262 3955 3347 4010 vel
3372 3969 3475 4011 au-

1898 4049 2011 4103 ditu
2045 4049 2398 4111 contrectari,
2431 4048 2526 4102 sed
2556 4062 2652 4117 per
2687 4045 2988 4117 Unigenam
3019 4046 3286 4101 duntaxat
3312 4046 3477 4104 intel-

1902 4142 2012 4212 ligi.
2041 4141 2118 4196 Ac
2148 4141 2294 4212 quod
2320 4139 2560 4211 primum
2588 4140 2732 4195 inest
2763 4140 2819 4194 in
2847 4139 3026 4208 Patre,
3055 4139 3200 4208 quod
3235 4153 3479 4208 compre-

1903 4233 2067 4287 hendi
2115 4248 2224 4288 non
2272 4239 2472 4303 potest,
2505 4230 2556 4286 id
2599 4246 2820 4287 causam
2859 4245 2982 4286 esse
3019 4230 3254 4292 caneris,
3286 4245 3385 4284 cur
3423 4230 3481 4284 in

1904 4326 2295 4396 sempiternum
2324 4333 2536 4394 tempus
2559 4332 2944 4394 permaneant;
2970 4322 3115 4393 quod
3145 4337 3272 4378 vero
3302 4323 3354 4377 in
3389 4321 3484 4405 illo

1906 4416 2029 4486 ipso
2057 4416 2444 4485 comprehendi
2478 4423 2679 4486 potest,
2699 4423 2852 4470 ortus
2883 4429 3074 4470 eorum
3106 4428 3170 4467 ac
3198 4412 3481 4468 formatio-

1908 4511 1993 4565 nis
2043 4523 2167 4564 esse
2214 4523 2459 4574 causam,
2486 4508 2592 4563 hoc
2642 4517 2725 4563 est
2767 4504 2982 4562 Filium.
3019 4504 3144 4560 "me
3191 4511 3320 4559 sunt
3361 4517 3484 4572 qua:

1907 4607 2162 4662 Christus
2212 4621 2404 4661 recens
2438 4605 2493 4659 in
2523 4604 2632 4660 illis
2659 4604 2838 4659 editus
2868 4601 3092 4657 molitus
3117 4605 3220 4655 est.
3257 4598 3326 4651 At
3359 4596 3482 4666 Spi-

1910 4703 2048 4757 ritus
2079 4683 2307 4756 sanctus
2339 4715 2530 4755 omnes
2569 4699 2636 4754 ad
2673 4699 3040 4768 aequalitatem
3080 4693 3334 4749 redactos
3368 4705 3486 4760 gra-

1910 4795 2013 4849 tias
2039 4793 2239 4848 habere
2266 4791 2572 4862 perdocuit,
2592 4806 2656 4845 ac
2681 4804 2861 4845 veram
2882 4787 3042 4857 179
3068 4785 3304 4856 quietem
3335 4797 3484 4836 com-

1912 4886 2255 4940 monstravit.
2283 4885 2360 4938 Ita
2387 4885 2602 4938 demum
2639 4881 2881 4951 ejusdem
2913 4889 2966 4934 et
3000 4879 3188 4932 formae
3228 4886 3282 4931 et
3315 4874 3484 4928 animi

1913 4977 2119 5033 Eones
2164 4992 2286 5031 esse
2327 4975 2521 5038 factos,
2554 4983 2614 5028 ut
2654 4975 2898 5026 universn
2944 4971 3148 5042 pariter
3193 4973 3248 5022 et
3279 4966 3486 5021 Mentes

1909 5077 2113 5130 essent,
2151 5078 2203 5121 et
2236 5067 2552 5131 Sermones,
2583 5073 2636 5119 et
2663 5062 2942 5127 Homines,
2976 5077 3039 5115 ac
3065 5058 3268 5114 Christi
3294 5075 3309 5123 ;
3336 5055 3492 5112 siuti--

1909 5155 2140 5224 literque
2197 5153 2410 5208 feminae
2465 5168 2656 5207 omnes
2706 5166 2772 5206 ex
2823 5165 3001 5219 aequo,
3033 5158 3087 5203 et
3119 5147 3393 5202 Veritates
3439 5148 3492 5196 et

1910 5245 2046 5302 Vita:
2073 5246 2271 5312 forent,
2325 5260 2389 5299 ac
2441 5242 2698 5314 Spiritus,
2745 5250 2800 5298 et
2841 5240 3114 5296 Ecclesiae.
3177 5234 3488 5292 Secundum

2611 5422 2632 5452 ⁸
2668 5421 2810 5476 Iren.
2848 5417 3092 5476 ἑαυτοοτς.
3170 5416 3190 5447 ⁸
3220 5410 3406 5469 ιινθιι.ὃ
3428 5411 3491 5480 δη

297 5626 420 5696 (75)
465 5625 534 5679 Τὸ
580 5621 1237 5696 πιζῦτοννΑκαταιιηρττὸν
1269 5621 1582 5692 ὑπάρχειν.
1634 5621 1711 5677 Ita
1759 5621 1773 5678 i

1951 5632 1986 5691 ι.
2017 5620 2184 5679 Basil.
2225 5627 2281 5675 et
2324 5617 2381 5672 in
2407 5611 2598 5685 Regio.
2626 5607 2732 5667 Sed
2767 5604 3147 5675 ἀκατάληπτον
3193 5614 3260 5655 ex
3308 5597 3492 5650 Irenau'

216 5693 542 5769 interprete
567 5703 622 5753 et
649 5693 878 5763 Tertull.
908 5693 1214 5757 legendum.
