3814 6338
354 308 457 364 499
1738 300 1790 356 S.
1834 298 2173 354 EPIPIIANII
3531 291 3667 348 500

355 427 458 482 hoc
511 424 755 480 solidatis
805 422 1285 494 corroboratisque
1330 423 1604 485 omnibus.
1635 437 1696 476 ac
1737 423 1917 492 quiete

2028 421 2347 490 παυσάμενα
2384 419 2585 482 τελέως
2627 417 2764 490 μετά
2784 417 3025 489 μεγάλης
3045 419 3219 489 χαρᾶς
3237 433 3409 487 φησιν
3433 413 3661 485 ὓμνῆσ

355 519 576 586 otioque
629 515 969 574 constituto.
1021 514 1327 569 vehementi
1375 514 1497 568 illos
1551 528 1674 566 eum
1725 511 1917 582 gaudio

2033 530 2120 565 σαι
2153 511 2243 564 τὸν
2277 511 2626 583 Προπάτορα,
2665 510 2864 581 πολλῆς
2905 509 3202 580 εὐφρασίας
3239 509 3656 578 μετασχόντα.

358 621 627 661 smumum
661 605 940 659 Parentem
973 605 1222 659 laudibus
1246 605 1527 669 extulisse,
1556 603 1647 672 qui
1679 620 1740 656 ex
1777 617 1838 654 ea
1865 619 1917 655 re

2029 600 2131 653 Kal.
2161 601 2300 671 ὑπὲρ
2337 601 2436 670 τῆς
2468 600 2712 664 εὐποιίας
2741 601 2942 670 ταύτης
2966 600 3124 670 βουλῇ
3157 603 3256 670 μιᾷ
3284 604 3382 653 καὶ
3411 598 3658 670 γνώμῃ

357 701 626 768 ingentem
660 697 821 749 animi
859 696 1089 750 fructum
1123 712 1184 748 ac
1218 697 1545 765 voluptatmi
1577 693 1798 764 ceperit.
1821 694 1917 762 lgi-

2028 693 2086 745 τὸ
2133 694 2240 746 πᾶν
2282 692 2550 764 πλήρωμα
2595 693 2702 746 τῶν
2745 692 2984 758 Αἰὼνων,
3022 691 3477 754 συνευδοκοῦντος
3532 689 3654 743 τοῦ

359 800 445 842 tur
475 795 529 841 ut
562 788 609 840 ei
641 788 827 856 gratize
860 786 1061 856 aliquid
1097 787 1382 848 referrent,
1408 785 1473 839 de
1499 785 1772 838 communi
1804 799 1917 837 om-

2028 783 2263 855 Χριστοῦ
2313 786 2406 837 καὶ
2449 783 2542 837 τοῦ
2596 783 2931 854 Πνεύματος.
2963 783 3055 836 τοῦ
3089 783 3145 835 δὲ
3180 784 3398 854 Πατρὺς
3425 782 3654 836 αὐτῶν

358 885 504 933 nium
545 880 763 933 decreto
811 895 875 932 ac
922 880 1209 939 sententia,
1245 878 1571 946 suffragante
1611 877 1828 931 Christo
1860 892 1917 932 ac

2029 875 2660 947 συνεπισφραγιζομένου
2688 915 2703 939 ,
2754 876 2853 930 ἕνα
2904 876 3131 929 ἕκαστον
3170 875 3278 928 τῶν
3329 875 3594 927 Ᾱὶὡνων
3628 914 3648 938 ,

357 970 586 1040 Spiritu,
612 969 770 1024 Patre
797 986 924 1024 vero
953 971 1360 1039 comprobante,
1396 969 1618 1032 factum,
1641 981 1698 1022 ut
1724 970 1917 1038 smguli

2028 969 2162 1039 ὅπερ
2191 966 2334 1038 εἶχεν
2359 970 2415 1020 ὲν
2441 967 2618 1037 ἑαυτῷ
2643 966 2924 1021 κάλλιστον
2950 968 3040 1020 καὶ
3069 967 3443 1037 ἀνθηρότατον
3480 983 3646 1017 συν-

356 1061 670 1129 pieromatis
693 1058 918 1122 mones,
955 1061 1097 1127 quod
1129 1061 1183 1112 in
1219 1075 1276 1113 se
1306 1059 1821 1129 prmstantissimum
1859 1073 1917 1112 ac

2028 1059 2423 1127 ενεγκαμένους
2470 1059 2564 1111 καὶ
2611 1058 3050 1127 ἐρανισαμένους,
3095 1059 3188 1110 καὶ
3222 1056 3395 1109 ταῦτα
3431 1057 3645 1126 ἁρμο-

358 1147 801 1202 florentissimum
837 1148 1117 1211 haberent,
1151 1147 1205 1200 id
1237 1147 1290 1199 in
1316 1147 1548 1200 medium
1582 1145 1835 1199 afferrent
1860 1160 1917 1199 ac

2028 1152 2150 1216 δίως
2180 1151 2496 1216 πλέξαντας,
2528 1151 2622 1203 καὶ
2664 1150 2919 1220 ἐμμελῶς
2963 1148 3288 1213 ἐνώσαντας,
3331 1148 3646 1220 προεαλὲ-

359 1239 786 1292 contribuerent.
818 1236 1024 1303 Quibus
1050 1237 1305 1291 omnibus
1340 1237 1474 1291 scite
1499 1237 1815 1305 compositis
1842 1244 1922 1288 at-

357 1345 462 1398 que
491 1330 765 1398 eleganter
796 1329 1086 1391 contextis,
1113 1343 1312 1381 novum
1345 1329 1629 1398 quemdam
1661 1327 1827 1383 fetum
1855 1328 1920 1382 ad

351 1421 510 1487 Bythi
552 1421 719 1475 decus
750 1428 802 1476 et
839 1423 1064 1490 gloriam
1101 1422 1414 1490 protulisse,
1451 1421 1552 1475 hoc
1593 1433 1677 1476 est
1706 1423 1926 1477 absolu-

351 1514 619 1568 tissimam
652 1513 1131 1582 pulchritudinem,
1163 1529 1226 1567 ac
1261 1513 1433 1578 sidus,
1466 1512 1760 1582 perfectum
1813 1514 1925 1582 ple-

349 1603 574 1656 romatis
602 1601 863 1669 fructum,
893 1602 1077 1657 Jesum
1111 1604 1341 1667 scilicet,
1369 1604 1459 1672 qui
1493 1611 1545 1658 et
1581 1603 1833 1657 Salvator
1855 1605 1926 1658 sit

347 1692 549 1754 dictus,
579 1698 633 1744 et
660 1692 932 1758 Christus,
955 1701 1008 1746 et
1026 1691 1284 1754 Verbum,
1319 1708 1384 1746 ac
1413 1694 1647 1762 denique
1680 1696 1923 1763 paternis

2029 1244 2151 1296 σθαι
2179 1244 2570 1314 προϐλήματαδ
2605 1245 2683 1305 εἰς
2716 1242 2879 1312 τιμὴν
2926 1243 3019 1294 καὶ
3067 1241 3224 1305 δόξαν
3274 1241 3371 1292 τοῦ
3407 1238 3640 1301 Βυθοῦ,

2025 1335 2355 1403 τελειότατον
2406 1333 2600 1396 κάλλος
2638 1351 2695 1386 τε
2739 1335 2831 1386 καὶ
2859 1334 3056 1403 ἄστρον
3086 1331 3178 1384 τοῦ
3227 1331 3641 1401 Πληρὼμιτος

2025 1427 2228 1479 τέλειον
2261 1427 2471 1497 καρπὸν
2497 1426 2587 1479 τὸν
2621 1425 2850 1496 Ἰησοῦν,
2876 1426 2933 1479 ὃν
2959 1426 3053 1478 καὶ
3077 1426 3304 1496 Σωτῆρα
3327 1443 3639 1496 προσαγο-

2028 1517 2308 1589 ρευθῆναι,
2349 1517 2442 1570 καὶ
2489 1518 2742 1588 Χριστὸν,
2779 1518 2868 1570 καὶ
2915 1517 3086 1584 Λόγον
3138 1518 3634 1588 πατρωνεδμικῶς,

2028 1609 2120 1662 καὶ
2155 1608 2337 1676 (κατὰ)
2369 1608 2563 1669 πάντα,
2589 1609 2674 1661 διὰ
2710 1609 2770 1660 τὸ
2796 1609 2902 1661 ἀπὸ
2930 1609 3144 1662 πάντων
3179 1605 3337 1672 εἶναι,
3373 1611 3637 1680 δορυφό-

2031 1716 2158 1769 ρους
2193 1716 2251 1751 τε
2283 1699 2461 1752 αὐτῶν
2493 1700 2572 1762 εἰς
2602 1699 2765 1769 τιμὴν
2792 1702 2890 1770 τὴν
2916 1699 3094 1752 αὐτῶν
3121 1702 3402 1771 ὁμογενεῖς
3434 1702 3631 1770 ἀγγεῖα

348 1785 586 1841 Αέοηιηη
638 1791 882 1844 omnium
939 1790 1252 1844 nominibus
1307 1790 1618 1859 insignitus,
1661 1789 1802 1859 quod
1858 1790 1917 1843 ab

2028 1792 2148 1853 λους
2183 1807 2246 1843 συ
2255 1788 2719 1860 μπροὸεϐλῆσθαι.

349 1880 603 1936 omnibus
632 1882 832 1950 pariter
858 1883 928 1936 sit
954 1882 1006 1935 in
1039 1882 1214 1936 lucem
1246 1883 1443 1938 editus.
1481 1882 1584 1937 Sed
1613 1893 1666 1938 et
1727 1883 2045 1938 honorarios
2109 1883 2228 1952 ejus
2263 1882 2544 1950 satellites,
2577 1881 2819 1951 ejusdem
2855 1898 2976 1937 cum
3000 1883 3092 1938 illo
3155 1883 3367 1954 generis
3431 1899 3628 1954 ange-

348 1979 431 2031 los
453 1975 642 2027 eodem
673 1982 917 2042 tempore
946 1975 1263 2043 productos.

414 2061 558 2118 XIV.
600 2063 712 2117 Hoc
744 2066 905 2134 igitur
933 2063 1043 2118 fere
1077 2072 1250 2118 totum
1280 2075 1363 2121 est
1389 2065 1617 2120 interius
1642 2064 1916 2120 Pleroma-

346 2156 418 2210 tis
449 2155 908 2234 instrumentum;
943 2156 1055 2210 haec
1104 2157 1245 2210 male
1289 2156 1487 2220 affecti,
1517 2171 1580 2210 ac
1626 2172 1916 2226 propemo-

345 2246 476 2302 dum
513 2249 767 2302 exstincti
814 2247 1007 2304 z’Eonis
1038 2248 1343 2313 calamitas,
1375 2247 1503 2300 dum
1532 2247 1585 2300 in
1617 2247 1921 2316 inquisitio—

344 2349 468 2388 nem
500 2349 622 2389 sese
651 2331 828 2388 Patris
852 2331 1137 2409 intendens
1157 2333 1508 2402 multiplicem
1549 2334 1602 2386 in
1639 2334 1918 2387 materiam

345 2427 694 2497 dispergitur.
728 2425 850 2480 llaec
874 2427 1168 2497 sexangula
1198 2425 1460 2490 Termini,
1496 2425 1655 2496 Styli,
1691 2428 1920 2482 Redemo

346 2515 542 2584 ptoris,
574 2513 856 2584 Calrpistze,
909 2513 1169 2569 Finitoris
1197 2529 1260 2569 ac
1289 2513 1646 2569 Traductoris
1697 2529 1924 2584 compa-

345 2606 472 2659 ctio.
511 2605 633 2660 llam
662 2606 862 2674 prioris
891 2605 1091 2660 Christi
1120 2605 1404 2677 sanctique
1439 2603 1674 2674 Spiritus
1716 2621 1780 2660 ex
1815 2619 1923 2674 pte-

350 2699 576 2753 nitentia
622 2697 799 2754 Patris
855 2699 1063 2753 emteris
1125 2698 1395 2753 Azionibus
1447 2705 1605 2752 aetate
1653 2698 1923 2767 posterior

345 2787 620 2857 generatio
651 2805 664 2840 :
691 2802 753 2841 ac
785 2787 1011 2842 secundi
1043 2787 1272 2852 Christi,
1306 2801 1468 2856 quem
1501 2794 1554 2839 et
1585 2784 1920 2840 Salvatorem

343 2878 649 2943 nominant,
692 2893 756 2933 ex
811 2879 1037 2933 collecta
1087 2879 1226 2947 stipe
1270 2877 1500 2931 molitio.
1528 2875 1659 2943 Quae
1706 2878 1908 2941 omnia,

345 2984 444 3037 pro
475 2985 541 3025 eo
565 2969 709 3039 quod
742 2985 850 3022 non
886 2984 1076 3024 omnes
1097 2952 1162 3022 ad
1195 2984 1311 3024 eam
1347 2968 1711 3039 cognitionem
1735 2969 1913 3024 idonei

2087 2062 2184 2112 lA'.
2225 2060 2373 2131 Αὕτη
2410 2060 2507 2130 μὲν
2537 2055 2628 2112 οὖν
2659 2061 2805 2114 ἐστιν
2846 2063 2879 2132 ἡ
2927 2062 3077 2124 ἐντὸς
3104 2061 3475 2132 πληρώματος
3507 2066 3624 2118 ὑπ’

2019 2151 2196 2204 αὐτῶν
2243 2151 2506 2221 λεγομένη
2552 2153 2924 2222 πραγματεία,
2953 2155 3046 2206 καὶ
3073 2155 3104 2222 ἡ
3135 2154 3227 2206 τοῦ
3269 2157 3622 2221 πεπονθότος

2019 2243 2242 2305 Αίῶνος,
2275 2243 2368 2296 καὶ
2401 2241 2537 2312 μετὰ
2574 2243 2768 2313 μικρὸν
2789 2245 2809 2272 ⁸
2837 2243 3192 2306 ἀπολωλότος,
3225 2243 3301 2306 ὡς
3341 2249 3402 2298 ἐν
3429 2247 3618 2317 πολλῇ

2023 2331 2121 2402 ὕλῃ
2171 2331 2259 2385 διὰ
2307 2331 2532 2402 ζήτησιν
2573 2331 2667 2384 τοῦ
2717 2332 2927 2402 Πατρὸς
2973 2333 3246 2403 συμφορὰ,
3277 2337 3372 2387 καὶ
3417 2339 3450 2406 ἡ
3504 2337 3616 2390 τοῦ

2027 2421 2214 2491 ’Ὀρου,
2243 2421 2337 2473 καὶ
2379 2420 2599 2482 Στύλου,
2631 2421 2725 2473 καὶ
2775 2421 3085 2491 Λυτρωτοῦ,
3118 2422 3209 2474 καὶ
3255 2425 3614 2494 Καρπιστοῦ,

2023 2510 2115 2562 καὶ
2156 2509 2455 2580 ⁸οροθέτου,
2495 2511 2586 2563 καὶ
2617 2511 3421 2580 Μεταγωγέωςεσωὲξὰγωνος
3459 2516 3613 2585 σύμυ

2023 2601 2228 2672 πηξιςτ,
2250 2602 2341 2654 καὶ
2376 2603 2408 2672 ἡ
2434 2601 2526 2654 τοῦ
2567 2601 2782 2672 πρώτου
2812 2603 3047 2672 Χριστοῦ
3081 2605 3174 2658 σὺν
3206 2604 3284 2674 τῷ
3318 2607 3613 2676 ιινεὺματι

2019 2691 2096 2760 ’τῷ
2133 2690 2274 2761 ἀγίφ
2308 2694 2372 2744 ἐκ
2405 2691 2688 2762 μετανοίας
2722 2691 2825 2744 ὑπὸ
2862 2691 2953 2744 τοῦ
2991 2693 3202 2762 Πατρὸς
3227 2693 3407 2746 αὐτῶν
3439 2712 3617 2762 μετα-

2017 2784 2311 2854 γενεστέρα
2357 2784 2466 2836 τῶν
2505 2782 2721 2836 Αἰώνων
2759 2783 2988 2852 γένεσις,
3022 2785 3112 2836 καὶ
3145 2786 3176 2854 ἡ
3220 2782 3314 2836 τοῦ
3341 2785 3611 2854 δευτέρου

2017 2875 2275 2946 Χριστοῦ,
2299 2875 2356 2928 ὃν
2386 2875 2478 2928 καὶ
2493 2875 2717 2946 Σωτῆρα
2745 2874 3015 2942 λέγουσιν,
3041 2875 3098 2942 ἐξ
3124 2877 3314 2946 ἐράνου
3344 2876 3612 2943 σύνθετος

2021 2969 2355 3037 κατασκευή.
2394 2965 2577 3018 Ταῦτα
2604 2966 2660 3019 δὲ
2690 2966 2938 3036 φανερῶς
2970 2967 3066 3036 μὲν
3105 2968 3178 3037 μὴ
3212 2966 3488 3039 εἰρῆσθαι,
3511 2970 3608 3022 διὰ

348 3058 544 3124 forent,
576 3075 684 3114 non
716 3069 899 3129 aperte
929 3058 1253 3129 signiﬁcata,
1281 3059 1374 3114 sed
1399 3061 1633 3115 obscure
1656 3060 1915 3112 duntaxat

2028 3058 2078 3110 τὸ
2129 3058 2202 3128 μὴ
2239 3057 2446 3120 πάντας
2487 3059 2683 3128 χωρεῖν
2714 3056 2812 3126 τὴν
2840 3057 3060 3125 γνῶσιν,
3104 3058 3498 3129 μυστηριωδῶς
3544 3060 3609 3113 δὲ

345 3167 407 3206 ac
435 3167 530 3222 per
554 3152 840 3222 aenigmata
875 3151 942 3206 iis
973 3151 1064 3220 qui
1097 3152 1394 3222 intelligere
1417 3162 1639 3222 possent
1669 3167 1699 3206 a
1730 3149 1917 3205 Salva-

342 3249 462 3297 tore
513 3241 834 3297 adumbrata
885 3242 1213 3311 prmdicant,
1260 3241 1328 3295 ad
1360 3257 1482 3297 eum
1519 3242 1767 3297 videlicet
1796 3256 1917 3295 mo-

344 3330 496 3386 dum.
526 3331 766 3387 Primum
797 3332 1022 3403 triginta
1058 3333 1180 3388 illos
1220 3331 1424 3390 IEones
1459 3333 1704 3400 totidem,
1737 3338 1796 3386 ut
1835 3331 1920 3384 div

344 3423 545 3490 ximus,
575 3439 841 3477 annorum
885 3423 1114 3478 indicari
1148 3439 1398 3487 numero.
1432 3424 1631 3495 quibus
1663 3423 1795 3477 nihil
1825 3436 1920 3493 pa-

253 3566 264 3576 _
343 3513 450 3566 lam
485 3522 696 3583 gestum
726 3528 755 3565 a
785 3511 1066 3568 Salvatore
1111 3513 1322 3576 dicunt,
1354 3513 1408 3568 in
1437 3515 1728 3568 vinitorum
1764 3529 1918 3584 para-

343 3603 466 3657 bola
511 3603 999 3659 demonstratum‘.
1048 3602 1251 3661 Deinde
1299 3605 1522 3658 Paulum
1577 3606 1918 3672 apertissime

343 3693 563 3748 eosdem
596 3693 756 3763 180
786 3693 916 3748 'illos
941 3693 1164 3760 Aiones,
1195 3710 1257 3748 ac
1300 3710 1539 3764 persaepe
1580 3694 1916 3766 nominasse,

346 3789 508 3848 atque
539 3779 624 3834 bis
650 3781 811 3834 etiam
847 3781 1022 3836 verbis
1051 3796 1238 3836 eorum
1271 3781 1513 3836 ordinem
1539 3796 1826 3836 servasse:
1852 3778 1917 3833 In

299 3897 303 3901 ~
347 3885 521 3922 omnes
577 3871 931 3940 generationes
987 3873 1303 3927 swculorum
1349 3874 1528 3926 δαίωίὶ
1569 3875 1611 3926 ⁸.
1652 3871 1916 3930 Praeterea

349 3974 473 4013 cum
505 3961 560 4014 in
597 3961 893 4030 gratiarum
928 3962 1143 4016 actione
1176 3978 1279 4016 nos
1315 3962 1386 4015 ita
1429 3962 1682 4023 dicimus,
1716 3961 1782 4015 In
1812 3979 1918 4016 sae.

348 4051 468 4104 cula
519 4051 852 4116 swculorum,
898 4053 1077 4107 nullos
1121 4054 1256 4107 alios
1304 4053 1508 4109 Eones
1561 4054 1914 4124 significare:

347 4141 676 4210 omninoque
720 4142 932 4210 quoties
977 4140 1120 4195 Ᾱζοη
1171 4141 1444 4197 Eonesve
1486 4158 1920 4197 commemoran-

347 4244 458 4296 tur,
492 4249 622 4289 suos
664 4235 729 4288 ad
771 4236 893 4289 illos
946 4235 1135 4290 referri
1185 4246 1407 4292 censent
1451 4247 1723 4306 oportere.
1767 4239 1917 4291 Illam

345 4342 476 4381 vero
507 4327 802 4382 dodecadis
831 4325 1067 4380 [Eanum
1104 4329 1544 4398 propagationem
1580 4329 1918 4386 duodenario

347 4433 615 4474 annorum
647 4419 873 4473 indicari
909 4435 1158 4486 numero,
1186 4426 1317 4490 quot
1361 4435 1535 4476 annos
1577 4436 1702 4474 cum
1757 4429 1917 4478 natus

345 4520 493 4567 esset
546 4511 808 4567 Dominus
851 4529 974 4567 cum
1027 4513 1161 4584 legis
1194 4512 1509 4568 doctoribus
1541 4512 1850 4583 disputabat
1874 4515 1914 4570 ³.

343 4598 555 4666 Quibus
602 4609 655 4655 et
703 4603 1076 4672 apostolorum
1110 4603 1378 4658 delectum
1429 4603 1711 4673 adjiciunt,
1744 4605 1916 4674 siqui-

340 4694 462 4747 dem
482 4693 556 4748 ιιιί
580 4693 866 4749 duodecim
897 4695 1285 4750 exstiterunt‘.
1318 4694 1575 4765 Reliquos
1599 4711 1760 4764 porro
1784 4697 1915 4750 1E0-

341 4800 441 4838 nes
470 4785 836 4856 duodeviginti
866 4787 921 4841 in
944 4801 1010 4841 eo
1029 4787 1429 4856 repraesentari,
1450 4789 1594 4856 quod
1626 4789 1694 4841 ab
1723 4805 1907 4843 resur-

340 4876 584 4930 rectione
614 4892 711 4931 sua
744 4879 986 4942 totidem,
1026 4887 1084 4931 ut
1118 4889 1391 4945 asserunt,
1425 4895 1642 4934 menses
1672 4897 1796 4935 cum
1829 4882 1910 4938 di-

340 4969 566 5037 scipulis
626 4977 993 5025 commoratus
1037 4978 1139 5025 est.
1171 4971 1283 5024 lmo
1341 4980 1395 5025 et
1454 4972 1728 5041 prioribus
1777 4973 1912 5028 dua-

337 5060 443 5114 bus
489 5059 634 5113 illius
679 5061 912 5116 nominis
961 5062 1154 5117 litteris
1185 5081 1201 5115 t
1234 5071 1285 5117 et
1317 5081 1349 5134 η
1385 5063 1671 5119 manifeste
1695 5067 1916 5120 octode-

338 5152 443 5203 cim
473 5149 679 5204 [Eones
706 5153 957 5220 exprimi.
999 5152 1134 5207 Nam
1168 5154 1314 5208 illam
1367 5155 1603 5209 Eonum
1655 5158 1913 5213 deeadem

339 5239 514 5306 primo
564 5241 800 5294 nominis
835 5243 1104 5296 elemento
1145 5244 1456 5299 auluinurari
1499 5254 1691 5317 putant
1732 5249 1914 5303 :ideo-

412 5393 428 5422 ¹
469 5393 658 5466 Matth.
688 5411 780 5466 _xx,
811 5397 832 5448 1
859 5412 979 5466 sqq.

1055 5400 1074 5429 ¹
1106 5397 1304 5467 Ephrs.
1341 5416 1421 5462 Ill,
1456 5401 1526 5454 20
1602 5403 1622 5433 ³
1651 5401 1781 5456 Luc.
1820 5419 1890 5464 ιι)
1917 5401 2004 5455 46.

2021 3149 2124 3202 ὑπὸ
2166 3147 2260 3201 τοῦ
2311 3147 2560 3219 Σωτῆρος
2606 3147 2693 3201 διὰ
2738 3147 3059 3219 παραϐολῶν
3111 3148 3454 3218 μεμηνῦσθαι
3488 3154 3606 3214 τοῖς

2022 3244 2221 3293 συνιεῖν
2268 3240 2585 3310 δυναμένοις
2627 3238 2818 3302 οὕτως.
2850 3239 2988 3301 Τοὺς
3043 3237 3140 3309 μὲν
3167 3237 3274 3308 γὰρ
3299 3239 3606 3308 τριάκοντα

2018 3333 2230 3396 Αίῶνας
2261 3330 2603 3402 μεμηνύσθαι
2629 3331 2715 3383 διὰ
2738 3330 2844 3382 τῶν
2871 3331 3162 3401 τριάκοντα
3190 3329 3438 3393 ὲτῶν,ὡς
3466 3348 3605 3401 προ-

2020 3423 2249 3494 έφαμεν,
2279 3424 2335 3476 ὲν
2375 3416 2455 3484 οἷς
2485 3420 2635 3473 οὐδὲν
2665 3422 2722 3472 ὲν
2751 3419 2968 3491 φανερῷ
2997 3420 3261 3490 φάσκουσι
3292 3423 3604 3492 πεποιηκὲ-

2018 3531 2105 3567 ναι
2139 3514 2229 3565 τὸν
2256 3511 2503 3582 Σωτῆρα,
2533 3511 2625 3563 καὶ
2646 3510 2734 3563 διὰ
2755 3511 2854 3580 τῆς
2880 3511 3191 3581 παραϐολῆς
3213 3511 3320 3564 τῶν
3345 3513 3605 3583 ἐργατῶν

2018 3603 2110 3656 τοῦ
2144 3601 2483 3672 ἀμπελῶνος.
2511 3602 2618 3654 Καὶ
2638 3601 2728 3653 τὸν
2751 3601 2959 3654 Παῦλον
2991 3601 3343 3671 φανερώτατα
3377 3601 3604 3669 λέγουσι

2017 3695 2205 3748 τούσδε
2259 3693 2467 3757 Αίῶνας
2503 3693 2787 3762 ὀνομάζειν
2821 3693 3097 3757 πολλάκις,
3131 3694 3210 3746 ἔτι
3256 3694 3312 3746 δὲ
3359 3694 3451 3747 καὶ
3494 3696 3603 3764 τὴν

2018 3787 2168 3851 τάξιν
2191 3785 2369 3840 αὐτῶν
2391 3785 2748 3856 τετηρηκέναι
2776 3785 2946 3848 οὓτως
2977 3787 3195 3839 εἰπόντα
3215 3804 3227 3813 ·
3263 3790 3366 3852 Εἰς
3393 3788 3606 3854 πάσας

2019 3878 2126 3943 τὰς
2153 3875 2360 3946 γενεὰς
2383 3875 2501 3929 τῶν
2528 3875 2756 3929 αἰώνων
2778 3876 2883 3930 τοῦ
2904 3875 3132 3942 αἰῶνος.
3154 3877 3311 3929 Ἀλλά
3331 3878 3424 3929 καὶ
3450 3880 3604 3948 ἡμᾶς

2020 3971 2114 4024 ἐπὶ
2139 3969 2240 4040 τῆς
2278 3968 2627 4038 εὐχαριστίας
2651 3967 2928 4036 λέγοντας,
2955 3971 3058 4034 Εἰς
3083 3969 3224 4032 τοὺς
3242 3967 3462 4034 αἰῶνας
3485 3968 3603 4021 τῶν

2020 4060 2267 4134 αἰώνων,
2304 4059 2543 4122 ἐκείνους
2573 4060 2699 4122 τοὺς
2736 4058 2948 4123 Αίῶνας
2978 4060 3280 4130 σημαίνειν.
3317 4062 3428 4113 Καὶ
3458 4061 3601 4112 ὅπου

2020 4155 2163 4208 Λῐὼν
2198 4156 2230 4227 ἢ
2266 4155 2468 4218 Αἰῶνες
2496 4153 2868 4223 ὀνομάζονται,
2901 4152 2999 4221 τὴν
3036 4150 3310 4222 ἀναφορὰν
3337 4153 3416 4213 εἰς
3449 4150 3599 4202 ὲκεί-

2020 4264 2141 4310 νους
2172 4243 2309 4300 εἶναι
2340 4245 2548 4299 θέλουσι
2574 4263 2585 4276 ο
2619 4245 2713 4316 τὴν
2763 4244 2820 4296 δὲ
2847 4243 2949 4313 τῆς
2994 4242 3287 4306 δωδεκάδος
3319 4242 3425 4294 τῶν
3452 4241 3598 4294 Ald)-

2021 4353 2126 4388 νων
2156 4335 2424 4406 προϐολὴν
2463 4333 2758 4405 μηνύεσθαι
2787 4333 2872 4386 διὰ
2897 4331 2989 4386 τοῦ
3015 4331 3314 4401 δωδεκαετῆ
3344 4332 3472 4384 ὄντα
3504 4331 3599 4384 τὸν

1950 4400 1992 4454 D
2024 4423 2226 4496 Κύριον
2255 4423 2600 4495 διαλεχθῆναι
2620 4427 2729 4485 τοῖς
2754 4423 3243 4493 νομοδιδασκάλοις,
3267 4424 3360 4476 καὶ
3385 4423 3476 4476 διὰ
3495 4425 3597 4494 τῆς

2023 4515 2130 4570 τῶν
2159 4515 2467 4569 ἀποστόλων
2501 4516 2749 4584 ἐκλογῆς.
2780 4514 2996 4568 Δώδεκα
3025 4515 3132 4585 γὰρ
3159 4514 3464 4568 ἀπόστολοι.
3484 4515 3597 4568 Καὶ

2021 4611 2146 4672 τοὺς
2175 4608 2393 4671 λοιποὺς
2435 4608 2707 4661 δεκαοκτὼ
2740 4608 2950 4670 Λὶῶνας
2985 4607 3344 4677 φαεδεροῦσθαι
3378 4605 3465 4658 διὰ
3497 4605 3596 4659 τοῦ

2025 4697 2158 4768 μετά
2191 4698 2291 4768 τὴν
2337 4700 2398 4751 ἐκ
2431 4697 2639 4768 νεκρῶν
2667 4698 2959 4751 ἀνάστασιν
3002 4696 3273 4749 δεκαοκτὼ
3327 4696 3462 4766 μησὶ
3510 4695 3593 4748 λὲο

2013 4808 2129 4858 γειν
2176 4790 2574 4860 διατετριφέναι
2623 4790 2783 4842 αὑτὸν
2839 4791 2934 4842 σὺν
2985 4791 3095 4851 τοῖς
3130 4788 3414 4859 μαθηταῖς.
3435 4785 3596 4840 Ἀλλὰ

2018 4882 2112 4932 καὶ
2144 4879 2231 4932 διὰ
2261 4879 2368 4932 τῶν
2399 4881 2822 4951 προηγουμένων
2863 4879 2957 4932 τοῦ
2996 4879 3254 4949 ὀνόματος
3296 4878 3458 4930 αὑτοῦ
3505 4877 3594 4930 δύο

2017 4972 2379 5042 γραμμάτων,
2416 4972 2510 5026 τοῦ
2538 4990 2595 5025 τε
2654 4973 2784 5027 ἰῶτα
2836 4973 2928 5026 καὶ
2976 4971 3068 5024 τοῦ
3113 4967 3238 5047 ἦτα,
3276 4971 3399 5033 τοὺς
3436 4972 3592 5025 δεκα-

2016 5061 2160 5115 οκτὼ
2201 5063 2411 5127 Λίῶνας
2452 5065 2706 5135 εὐσήμως
2765 5064 3082 5135 μηνύεσθαι.
3134 5064 3244 5116 Καὶ
3290 5063 3416 5127 τοὺς
3462 5063 3591 5116 δέκα

2015 5156 2226 5221 Alfean
2257 5159 2517 5222 ὡσαύτως
2559 5159 2645 5212 διὰ
2689 5158 2783 5211 τοῦ
2849 5159 2981 5212 ἰῶτα
3009 5159 3360 5229 γράμματος,
3393 5156 3420 5208 ὃ
3452 5173 3584 5232 τερο-

2013 5253 2227 5322 ηγεῖται
2269 5251 2362 5305 τοῦ
2401 5253 2658 5323 ὀνόματος
2705 5252 2890 5313 αὐτοῦ,
2923 5253 3241 5322 σημαίνουσι
3275 5249 3588 5318 λέγεσθαιεο

2083 5404 2102 5436 ⁸
2134 5403 2316 5459 Matth.
2386 5423 2438 5472 x,
2492 5407 2527 5459 2
2575 5423 2693 5477 sqq.
2790 5408 2811 5438 ⁸
2837 5405 2894 5460 F.
2933 5406 3238 5477 πρόϐλημα.
3313 5407 3333 5435 ⁸
3362 5403 3421 5458 F.
3451 5405 3592 5460 κατά

340 5463 556 5534 μικρόν.
631 5464 649 5494 ⁷
686 5463 825 5520 lren.
849 5463 1198 5523 κάὶάίὼνων.
1243 5469 1416 5541 σύμπ.
1493 5473 1512 5503 ⁸
1539 5471 1598 5526 F.
1634 5471 1990 5543 σημαίνεσθαι
2023 5472 2259 5543 λέγουσι.

411 5619 892 5706 (ἸϐὶρἛξιξγωφ-ος
923 5626 1247 5706 σέμειῃξις.
1282 5626 1444 5706 vetus
1470 5627 1608 5683 lren.
1631 5631 1913 5706 interpres

2028 5653 2035 5686 ι
2083 5633 2300 5689 Αἰώνων
2347 5637 2542 5706 legisse
2606 5635 2836 5691 videtur.
2881 5632 3040 5690 Forte
3071 5632 3173 5700 ἔξω
3199 5631 3305 5686 τῶν
3366 5629 3589 5684 Attii-mw

341 5690 638 5764 αύμπηξις.

675 5692 807 5749 Nam
836 5696 901 5751 de
931 5694 1200 5752 Eonibus
1232 5699 1389 5767 paulo
1423 5713 1547 5753 tlllli.‘
1613 5692 1814 5754 dictum
1872 5710 1977 5756 est.
