3772 6188
172 207 281 264 50!

931 211 1300 272 ADVERSUS
1340 213 1683 272 HERESES
1724 215 1851 271 LIB.
1893 216 1934 270 l.
1978 215 2142 272 TOM.
2178 213 2246 273 ll.
2282 247 2353 258 —-
2386 218 2660 276 HIERES.
2695 219 2886 276 XXXI.

3340 219 3446 276 502

174 329 276 380 καὶ
325 327 414 381 διὰ
459 327 618 382 τοῦτο
660 330 942 403 εἰρηκέναι
988 332 1080 385 τὸν
1111 334 1369 406 Σωτῆραο
1414 336 1580 390 ’Ῑῶτα
1622 336 1693 390 ἓν
1731 337 1768 405 ἣ

1952 352 1980 391 e
2010 352 2040 390 a
2071 335 2350 392 Salvatore
2375 338 2580 393 dictum
2617 359 2631 395 :
2668 338 2789 395 Iota
2813 357 2996 406 unum,
3027 349 3118 395 aut
3151 356 3285 394 unus
3315 354 3446 409 apex

167 418 284 487 μία
315 422 524 487 κεραία
539 424 611 476 οὐ
633 422 714 491 μὴ
751 424 1042 494 παρέλθῃ,
1060 425 1169 491 ἕως
1195 425 1270 479 ἂν
1288 427 1484 482 πάντα
1503 429 1762 499 γένηται.

251 510 327 562 Τὸ
373 511 431 565 δὲ
487 515 614 584 περὶ
668 515 760 569 τὸν
809 517 1108 574 δωδέκατον
1137 521 1318 575 Αίῶνα
1345 522 1566 591 γεγονὸς
1600 523 1768 586 πάθος

171 600 654 675 ὑποσημαίνεσθαι
677 607 893 676 λέγουσι
919 612 1018 682 τῆς
1041 613 1375 678 ἀποστασίας
1395 614 1484 668 διὰ
1505 613 1706 668 Ἰούδαν
1725 616 1765 678 ¹,

169 690 238 755 ὃς
289 695 588 762 δωδέκατος
637 695 704 770 ἦν
746 701 855 754 τῶν
881 703 1214 766 ἀποστόλων,
1251 707 1547 776 γενομένης
1576 706 1767 777 προδο-

175 785 308 850 σίας
339 787 646 859 δείκνυσθαι
688 791 936 861 λέγουσι’
965 795 1060 848 καὶ
1090 797 1171 850 ὅτι
1209 797 1288 867 τῷ
1321 798 1604 869 δωδεκάτῳ
1640 797 1768 868 μηνὶ

175 874 408 931 ἔπαθεν.
440 877 704 951 Ἐνιαυτῷ
745 882 855 954 γὰρ
890 884 969 938 ἑνὶ
1005 885 1284 955 βούλονται
1329 888 1490 942 αὑτὸν
1531 887 1668 958 μετὰ
1708 889 1768 941 τὸ

176 967 474 1041 βάπτισμα
506 972 672 1034 αὐτοῦ
703 977 1220 1047 κεκηρυχέναι.Ἔτι
1243 999 1301 1034 τε
1326 981 1418 1034 ἐπὶ
1444 982 1544 1052 τῆς
1571 982 1769 1052 Αἱμορς

178 1064 420 1134 ῤοὺσης
473 1065 785 1132 σαφέστατα
827 1068 985 1121 τοῦτο
1039 1070 1366 1142 δηλοῦσθαι·
1410 1073 1616 1126 δώδεκα
1659 1074 1767 1146 γὰρ

174 1152 282 1224 ἐτη
316 1155 596 1210 παθοῦσαν
620 1159 790 1230 αὐτὴν
818 1161 922 1213 ὑπὸ
944 1161 1044 1232 τῆς
1067 1154 1161 1217 τοῦ
1189 1166 1438 1238 Σωτῆρος
1467 1168 1768 1238 παρουσίας

173 1245 635 1316 τεθεραπεῦσθαι,
668 1251 952 1324 ἀψαμένην
983 1256 1076 1309 τοῦ
1106 1258 1413 1323 κρασπέδου
1443 1259 1626 1315 αὐτοῦ.
1659 1262 1769 1314 Καὶ

171 1333 274 1386 διὰ
317 1336 476 1389 τοῦτο
518 1339 795 1410 εἰρηκέναι
829 1342 920 1394 τὸν
951 1344 1208 1416 Σωτῆρα”
1245 1348 1341 1413 Τίς
1372 1365 1491 1416 μου
1533 1349 1768 1418 imam;

173 1426 518 1481 Διδάσκοντα
561 1431 687 1494 τοὺς
719 1431 1063 1505 μαθητὰςτὸ
1099 1437 1321 1505 γεγονὸς
1354 1441 1412 1492 ὲν
1443 1441 1556 1504 τοῖς
1599 1441 1766 1494 Αίῶσι

177 1522 508 1589 μυστήριον,
538 1520 636 1592 τὴν
664 1523 806 1576 ἴασιν
834 1525 928 1578 τοῦ
957 1527 1285 1592 πεπονθότος
1332 1529 1555 1594 Αίῶνος.
1573 1532 1635 1584 Ἡ
1658 1532 1765 1603 γὰρ

175 1609 438 1664 παθοῦσα
477 1611 681 1667 δώδεκα
708 1615 825 1688 ἔτη,
851 1619 1032 1689 ἐκείνη
1059 1621 1091 1690 ή
1121 1619 1346 1692 δύναμις
1383 1624 1764 1694 ὲκτεινομένης

175 1702 380 1772 αὐτῆς,
409 1706 502 1756 καὶ
547 1708 626 1767 είς
665 1707 892 1778 ἄπειρον
927 1711 1157 1782 ῥεούσης
1180 1713 1283 1782 τῆς
1314 1713 1523 1778 οὐσίας,
1565 1715 1640 1778 ὡς
1681 1714 1766 1767 λέ-

170 1809 398 1860 γουσιν.
423 1798 471 1848 εί
506 1797 577 1869 μὴ
610 1797 811 1866 ἔψαυσε
839 1800 932 1853 τοῦ
970 1804 1282 1875 φορήματος
1309 1805 1495 1865 αὑτοῦ,
1523 1807 1766 1860 τουτέστι

171 1886 285 1954 τῆς
322 1884 596 1958 ’ἀληθείας
642 1891 740 1960 τῆς
790 1892 1013 1963 πρώτης
1056 1896 1331 1965 τετράδος,
1367 1897 1490 1967 ἥτις
1537 1897 1623 1951 διὰ
1671 1899 1766 1951 τοῦ

172 1979 497 2047 κρασπέδου
533 1983 855 2051 μεμήνυται,
879 1985 1107 2060 ἀνελύθη
1140 1987 1205 2042 ἂν
1233 1991 1314 2053 εἰς
1336 1990 1434 2060 τὴν
1463 1990 1650 2043 οὐσίαν
1674 1992 1769 2044 αὑ-

177 2067 491 2136 τῆς.Ἀλλὰ
539 2071 665 2143 ἔστη
721 2076 813 2128 καὶ
862 2076 1140 2131 ἐπαύσατο
1184 2078 1278 2132 τοῦ
1325 2080 1632 2144 πάθους.Ἡ
1660 2082 1768 2153 γὰρ

172 2156 476 2222 ἐξελθοῦσα
523 2162 751 2234 δύναμις
773 2167 963 2219 τούτου
977 2169 1018 2232 ²,
1045 2163 1184 2222 εἶναι
1200 2169 1254 2223 δὲ
1269 2170 1471 2243 ταύτης
1499 2172 1769 2244 τὸνὍρον

173 2245 450 2314 θέλουσιν,
483 2251 847 2321 ἐθεράπευσεν
881 2257 1067 2327 αὐτὴν,
1100 2260 1278 2313 καὶτὸ
1306 2261 1477 2324 πάθος
1503 2261 1764 2333 ἐχώρισεν

172 2339 281 2390 ἀπ’
308 2341 496 2412 αὐτῆς.
526 2344 599 2395 Τὸ
623 2344 680 2397 δὲ
701 2346 929 2419 Σωτῆρα
957 2348 1048 2400 τὸν
1082 2351 1146 2402 ὲκ
1173 2351 1389 2405 πάντων
1416 2353 1543 2406 ὄντα
1575 2355 1634 2406 τὺ
1660 2356 1768 2409 πᾶν

172 2424 323 2482 εἶναι
362 2430 451 2484 διὰ
484 2433 576 2485 τοῦ
622 2433 780 2504 λόγου
819 2437 935 2501 τοῦ,
965 2439 1096 2493 Πᾶν
1117 2441 1298 2510 appar
1333 2443 1635 2513 διανοῖγον
1658 2445 1770 2514 μή·

169 2536 352 2586 τραγ,
373 2521 658 2592 δηλοῦσθαι
679 2526 943 2596 λέγουσιν.
957 2533 1070 2599 Ὃς,
1097 2533 1156 2586 τὸ
1178 2536 1283 2588 πᾶν
1299 2534 1393 2600 ὢν,
1422 2536 1652 2608 διήνοιξε
1671 2538 1768 2608 τὴν

175 2611 401 2683 μήτραν
423 2615 522 2685 τῆς
537 2616 913 2691 Ἐνθυμήσεως
931 2622 980 2692 (7
990 2623 1064 2691 7),
1081 2625 1173 2678 τοῦ
1191 2627 1516 2691 πεπονθότος
1543 2629 1765 2693 Αίῶνος,

171 2704 278 2756 καὶ
308 2704 682 2781 ἐξορισθείσης
711 2711 867 2778 ἐκτὸς
909 2714 1003 2768 τοῦ
1054 2717 1438 2789 πληρώματος,
1472 2722 1538 2792 ἢν
1582 2721 1645 2793 δὴ
1677 2724 1769 2775 καὶ

170 2795 444 2868 δευτέραν
478 2800 736 2868 Ὀγδοάδα
771 2804 1013 2872 καλοῦσι,
1044 2811 1172 2880 περὶ
1202 2806 1270 2882 ἧς
1301 2811 1494 2882 μικρὸν
1542 2812 1766 2886 ὕστερον

171 2888 438 2959 ἐροῦμεν.
469 2892 578 2944 Καὶ
607 2894 713 2947 ὑπὸ
745 2895 840 2949 τοῦ
887 2898 1100 2954 Παύλου
1130 2900 1185 2952 δὲ
1211 2903 1460 2974 φανερῶς
1493 2904 1581 2958 διὰ
1608 2905 1766 2958 τοῦτο

1872 445 1973 481 non
2007 428 2316 496 prwleribit,
2346 430 2506 483 donec
2547 430 2727 483 omnia
2756 431 2947 498 ﬁant“.

1939 522 2058 577 Jam
2117 538 2244 578 vero
2294 522 2598 578 duodecimi
2647 521 2840 577 Eonis
2883 521 3246 576 calamitatem
3267 517 3447 589 prodi-

1869 616 2018 670 tione
2074 613 2223 668 Juda:
2244 615 2286 680 ⁸,
2332 615 2424 684 qtii
2487 613 2855 684 apostolorum
2919 609 3277 665 duodecimus
3325 609 3442 671 fuit,

1870 705 2154 762 commode
2183 705 2477 771 declarari;
2515 704 2662 757 velut
2709 703 2870 756 etiam
2895 701 2947 754 in
2980 715 3044 755 eo
3073 698 3218 770 quod
3249 697 3448 752 duode-

1870 799 2014 854 cimo
2041 814 2228 853 mense
2257 813 2453 868 passus
2484 805 2588 852 est.
2617 794 2739 850 Uno
2779 795 2922 849 enim
2971 793 3257 856 duntaxat,
3290 800 3444 859 post-

1871 902 2032 956 quam
2062 887 2366 957 baptizatus
2390 893 2494 951 est,
2525 899 2670 938 anno
2697 881 2864 936 divini
2889 880 3036 935 verbi
3062 879 3447 949 praedicatione

1872 979 2116 1032 functum
2164 993 2286 1033 esse
2336 982 2602 1032 statuunt.
2640 973 2745 1029 Se‘d
2792 972 3079 1043 perspicue
3126 968 3446 1038 cumprimis

1872 1071 2002 1126 illud
2051 1073 2105 1124 in
2153 1085 2216 1125 ea
2259 1069 2487 1124 muliere
2516 1072 2973 1129 demonstratum,
3013 1078 3133 1133 quae
3165 1061 3446 1132 sanguinis

1873 1163 2136 1232 prolluvio
2168 1161 2466 1216 laborabat.
2497 1159 2627 1226 Qua:
2656 1174 2776 1212 cum
2809 1154 3096 1210 duodecim
3126 1152 3237 1222 jam
3274 1167 3447 1205 annos

1869 1270 1936 1310 eo
1982 1255 2172 1309 morbo
2223 1251 2646 1316 conflictaretur,
2696 1247 2997 1304 Salvatoris
3049 1245 3304 1308 adventu,
3357 1243 3447 1297 ubi

1873 1346 2145 1401 ﬁmbriam
2196 1345 2314 1415 ejus
2369 1345 2565 1415 attigit,
2605 1343 2832 1398 salutem
2886 1338 3246 1409 recuperavit.
3274 1337 3447 1402 Quam

1871 1442 1942 1496 ob
1984 1455 2206 1495 causam
2261 1438 2511 1494 Salvator
2559 1439 2756 1492 dixerit
2787 1456 2798 1490 :
2845 1435 2975 1502 Quis
3005 1450 3086 1488 me
3119 1432 3355 1502 tetigit"?
3389 1439 3446 1483 ut

1871 1532 2169 1602 discipulos
2209 1532 2526 1602 mysterium
2558 1527 2685 1581 illud
2721 1527 2863 1594 quod
2897 1527 2951 1579 in
2982 1523 3251 1578 [Eonibus
3277 1524 3451 1576 conti-

1870 1629 2043 1689 gerat,
2087 1629 2251 1688 atque
2285 1619 2428 1672 illam
2463 1617 2638 1671 allecti
2685 1615 2876 1669 Aionis
2921 1613 3259 1667 curationem
3291 1612 3450 1664 doce-

1872 1719 1972 1765 ret.
2004 1711 2214 1764 Etenim
2246 1710 2440 1763 mulier
2467 1724 2587 1777 quze
2633 1707 2792 1760 annis
2817 1703 3104 1759 duodecim
3145 1706 3445 1772 aegrotavit,

1869 1804 2045 1856 virtus
2090 1802 2180 1855 illa
2221 1811 2501 1872 propterea
2531 1807 2633 1860 est,
2672 1797 2814 1867 quod
2849 1803 3066 1850 extenta
3096 1803 3260 1865 atque
3288 1795 3339 1848 in
3373 1795 3450 1848 in-

1873 1895 2085 1948 ﬁnitum
2129 1893 2389 1963 dissipata
2421 1891 2722 1946 substantia
2751 1889 2907 1951 foret,
2936 1888 3039 1942 nisi
3075 1897 3348 1957 gestamen
3396 1886 3450 1938 il-

1871 1985 1977 2041 lius
2014 1986 2280 2056 attigisset
2317 2004 2328 2039 :
2363 1983 2468 2038 hoc
2523 1990 2605 2039 est
2642 1979 2958 2046 Veritatem,
3001 1994 3119 2048 quae
3168 1979 3220 2031 in
3276 1977 3449 2046 prima

1873 2074 2103 2130 Tetrade
2135 2083 2476 2140 numeratur,
2496 2082 2548 2128 et
2578 2088 2672 2144 per
2697 2071 2963 2124 litnbriam
2992 2069 3319 2125 ostenditur.
3344 2066 3450 2121 Sed

1872 2169 2118 2224 substitit
2161 2168 2439 2230 nimirum,
2485 2174 2647 2236 atque
2680 2165 2748 2217 ab
2793 2180 2859 2218 eo
2910 2163 3101 2216 morbo
3151 2160 3446 2216 convaluit.

1870 2259 2079 2328 Quippe
2104 2259 2278 2312 virtus
2301 2271 2328 2308 a
2369 2257 2477 2310 lilio
2515 2269 2820 2325 progressa,
2855 2268 3013 2321 quem
3059 2251 3240 2304 lloron
3278 2251 3451 2303 inter-

1872 2355 2175 2418 pretantur,
2211 2345 2533 2400 medicinam
2563 2345 2760 2407 attulit,
2789 2351 2840 2396 et
2871 2344 2938 2396 ab
2967 2344 3112 2395 omni
3146 2341 3450 2394 incommo-

1873 2441 1943 2494 do
1971 2439 2242 2494 liberavit.
2268 2438 2424 2504 Quod
2455 2446 2633 2491 autem
2673 2437 2922 2490 Salvator
2953 2435 3086 2504 ipse,
3112 2434 3201 2503 qui
3234 2434 3302 2487 ab
3334 2447 3454 2486 om-

1873 2533 2034 2587 nibus
2064 2538 2244 2586 ortum
2279 2529 2508 2600 accepit,
2543 2539 2738 2584 natura
2793 2528 3032 2582 omnium
3077 2533 3309 2587 constet,
3347 2524 3457 2580 co!-

1873 2625 1961 2691 ligi
1992 2641 2057 2678 ex
2091 2623 2175 2677 his
2213 2623 2366 2693 181
2401 2622 2582 2677 verbis
2611 2621 2927 2677 existimant
2964 2619 3165 2674 :Omne
3198 2613 3453 2671 masculi-

1871 2729 1994 2767 num
2043 2710 2350 2780 adaperiens
2403 2711 2665 2765 vulvam“.
2709 2709 2806 2762 Hic
2852 2711 2995 2763 enim
3036 2709 3215 2762 omnia
3251 2707 3453 2777 pariter

1870 2805 2160 2868 exsistens,
2187 2803 2597 2874 Entbymeseos,
2629 2803 2733 2856 hoc
2761 2813 2845 2856 est
2869 2799 3226 2871 Cogitationis
3261 2800 3421 2852 matri
3439 2828 3454 2839 -

1871 2914 1988 2954 cem
2019 2896 2248 2968 aperuit,
2283 2895 2460 2951 allecti
2496 2895 2703 2950 scilicet
2743 2893 2959 2959 Aionis,
2985 2901 3038 2948 et
3081 2908 3111 2946 a
3156 2893 3455 2962 pleromate

173 2982 438 3052 εἰρῆσθαι
481 2984 696 3052 λέγουσι
716 3004 732 3019 ο
779 2990 889 3044 Kal
933 2993 1114 3058 αὐτός
1141 2994 1272 3047 ἐστι
1305 2995 1380 3050 τὰ
1411 2996 1637 3050 πάντα·
1672 2998 1764 3050 καὶ

1952 2989 2180 3059 ιεοιιίριί,
2209 3002 2370 3059 quam
2397 2995 2451 3042 et
2479 2985 2772 3043 secundam
2796 2983 3108 3056 Ogdoadem
3139 2992 3357 3044 vocant,
3387 2981 3454 3036 de

175 3075 378 3128 πάλιν·
407 3078 613 3132 Πάντα
639 3083 726 3147 εὶς
754 3084 961 3150 αὑτὸν,
997 3085 1095 3138 καὶ
1120 3086 1188 3150 ἐξ
1216 3089 1400 3142 αὐτοῦ
1425 3090 1496 3142 τὰ
1527 3090 1722 3143 πάντα
1747 3107 1760 3121 °

175 3170 276 3221 καὶ
310 3170 506 3226 πάλινο
550 3173 652 3227 Ἐν
687 3174 849 3240 αὐτῷ
901 3179 1166 3231 κατοικεῖ
1204 3178 1326 3233 πᾶν
1365 3181 1428 3234 τὸ
1476 3182 1765 3251 πλήροψα

175 3258 293 3325 τῆς
321 3263 630 3329 θεότητος⁸
664 3267 756 3318 καὶ
783 3266 862 3331 τὸ,
884 3268 1541 3337 Ἀνακεφαλαιώσασθαι
1586 3273 1653 3324 δὲ
1695 3273 1768 3326 τὰ

173 3349 385 3404 πάντα
411 3353 482 3405 ἐν
525 3353 606 3419 τῷ
645 3356 873 3425 Χριστῷ
895 3357 992 3411 διὰ
1023 3360 1129 3412 τοῦ
1177 3360 1344 3426 Θεοῦ,
1376 3361 1767 3432 ἑρμηνεύουσιν

178 3439 466 3511 εἰρῆσθαι,
492 3443 588 3495 καὶ
612 3443 667 3496 εί
696 3463 817 3499 τινα
849 3446 983 3501 ἄλλα
1011 3447 1258 3502 τοιαῦτα.

255 3712 360 3766 1Ε’.
401 3715 632 3767 Ἔπειτα
681 3716 810 3786 περὶ
866 3717 956 3769 τοῦ
995 3719 1161 3788 Ὅρου
1213 3721 1414 3782 αὐτῶν,
1459 3721 1516 3773 ὃν
1560 3721 1624 3792 δὴ
1679 3724 1772 3775 καὶ

179 3805 433 3858 πλείοσιν
460 3806 686 3874 ὀνόμασι
725 3806 969 3874 καλοῦσι,
1003 3809 1096 3862 δύο
1123 3811 1404 3882 ἐνεργείας
1442 3812 1583 3882 ἔχειν
1612 3815 1773 3866 αὑτὸν

179 3897 640 3966 ἀποφαινόμενοι,
672 3899 769 3969 τὴν
806 3899 1128 3971 ὲδραστικὴν
1161 3904 1254 3955 καὶ
1293 3903 1391 3975 τὴν
1422 3908 1769 3976 μεριστικήνο

179 3991 282 4042 καὶ
329 3989 480 4043 καθὰ
530 3992 629 4060 μὲν
660 3990 874 4060 ἐδράζει
903 3993 994 4046 καὶ
1036 3995 1298 4066 στηρίξει,
1336 3997 1578 4069 Σταυρὸν
1612 3994 1771 4060 εἶναι,

180 4080 326 4133 καθὸ
351 4082 371 4111 ³
401 4082 462 4134 δὲ
489 4083 700 4154 μερίζει
734 4087 825 4138 καὶ
851 4085 1094 4157 διορίζει,
1129 4089 1324 4159 Ὅρον’
1353 4091 1444 4143 τὸν
1478 4093 1574 4162 μὲν
1606 4093 1775 4146 Σταυ-

183 4173 280 4241 ρὸν
305 4171 326 4202 ⁸
353 4171 530 4236 οὕτως
562 4173 778 4242 λέγουσι
819 4180 1192 4249 μεμηνυκέναι
1231 4181 1329 4244 τὰς
1367 4184 1645 4254 ἐνεργείας
1680 4187 1776 4238 αὐο

177 4265 301 4318 τοῦ.
337 4267 453 4318 Καὶ
491 4267 704 4337 πρῶτον
746 4270 845 4339 μὲν
879 4272 978 4341 τὴν
1013 4273 1336 4344 έδραστικὴν
1365 4276 1422 4329 ὲν
1451 4277 1528 4348 τῷ
1562 4280 1735 4332 εἰπεῖν
1758 4297 1770 4310 ·

184 4355 290 4418 Ὃς
323 4357 399 4408 οὑ
422 4355 707 4418 ﬁcta-nitier
736 4359 844 4411 τὸν
871 4363 1136 4430 σταυρὸν
1167 4365 1374 4429 αὑτοῦ,
1398 4367 1494 4418 καὶ
1519 4368 1772 4422 ἀκολου-

178 4445 280 4498 θεῖ
299 4463 422 4514 μοι,
453 4449 723 4515 μαθητὴς
752 4450 894 4519 ἐμὸς
933 4455 1004 4506 οὐ
1039 4453 1288 4507 δύναται
1332 4456 1636 4524 γενέσθαι·
1657 4459 1767 4522 καὶ,

183 4537 379 4605 Ἀρας
404 4539 514 4591 τὸν
536 4541 799 4608 σταυρὸν
833 4543 943 4611 (78)
969 4545 1156 4598 αὐτοῦ
1181 4546 1503 4601 ἀκολουθεῖ
1512 4567 1614 4616 μοι
1634 4565 1647 4578 °
1673 4550 1770 4621 τὴν

175 4627 235 4680 δὲ
268 4629 610 4701 διοριστικὴν
646 4633 810 4687 αὑτοῦ
843 4637 902 4688 ὲν
929 4635 1008 4706 τῷ
1047 4638 1219 4690 εἰπεῖν
1239 4655 1252 4669 ο
1287 4641 1408 4692 Οὐκ
1441 4630 1632 4710 ἦλθον
1651 4643 1766 4706 βα·

175 4719 320 4773 ,ἱεῖν
346 4720 616 4788 εἰρήνην,
645 4724 804 4778 ἀλλὰ
830 4725 1148 4796 μάχαιραν.
1174 4729 1282 4781 Καὶ
1311 4731 1402 4783 τὸν
1440 4731 1688 4803 Ἰωάννην
1711 4733 1767 4786 δὲ

177 4810 443 4878 λέγουσιν
467 4812 600 4866 αὐτὸ
615 4813 771 4868 τοῦτο
793 4818 1426 4888 μεμηνυκέναι,εξπόντα
1446 4837 1457 4850 °
1484 4822 1550 4875 Τὸ
1575 4823 1768 4876 πτύον

1867 3097 1975 3153 qua
2013 3081 2176 3152 paulo
2201 3087 2327 3151 post
2358 3093 2603 3148 agemus.
2630 3078 2750 3144 Quo
2788 3085 2841 3131 et
2871 3075 3110 3144 Paulum
3136 3077 3313 3146 ipsum
3347 3090 3454 3128 ma-

1868 3171 2061 3229 nifeste
2092 3173 2419 3242 respexisse,
2445 3186 2569 3225 eum
2614 3170 2752 3225 dixit
2789 3186 2802 3222 :
2846 3167 2910 3221 Et
2945 3169 3056 3236 ipse
3088 3176 3166 3221 est
3192 3165 3452 3231 omnia';

1871 3278 2200 3333 rursumque
2237 3283 2249 3317 :
2289 3263 2482 3318 Omnia
2511 3263 2566 3315 in
2590 3262 2784 3330 ipsum,
2831 3270 2880 3315 et
2922 3276 2988 3316 ea:
3028 3261 3140 3330 ipso
3169 3257 3444 3321 omnia”;

1870 3363 2034 3426 atque
2065 3356 2258 3410 iterum
2290 3374 2302 3410 :
2338 3353 2403 3408 In
2445 3356 2556 3420 ipso
2587 3353 2790 3408 habitat
2823 3353 2991 3408 omnis
3019 3348 3285 3421 plenitudo
3313 3348 3450 3400 diri-

1873 3450 2053 3503 m'latis
2073 3450 2111 3480 “
2135 3466 2150 3516 ;
2189 3449 2295 3502 imo
2326 3447 2486 3502 illud:
2519 3447 2826 3502 Instaurare
2851 3446 3028 3500 omnia
3048 3445 3102 3498 in
3131 3442 3341 3498 Christo
3367 3456 3457 3509 per
3537 3457 3542 3460 ·

1878 3543 2039 3595 Deum
2061 3543 2126 3604 η,
2157 3541 2227 3595 ab
2260 3556 2323 3596 ea
2369 3551 2552 3595 mente
2575 3540 2782 3594 dictum
2821 3539 3116 3608 accipiunt,
3155 3551 3218 3591 ac
3262 3535 3305 3590 si
3347 3549 3453 3603 qua

1874 3639 2004 3686 sunt
2034 3632 2197 3700 hujus
2231 3631 2446 3701 generis
2478 3630 2603 3684 alia.

1948 3722 2061 3776 XV.
2092 3723 2244 3789 Quod
2272 3740 2398 3778 vero
2437 3724 2502 3777 ad
2538 3722 2740 3776 Ilorum
2790 3723 3042 3791 pertinet,
3080 3735 3240 3789 quem
3285 3719 3448 3787 pluri-

1876 3813 1977 3868 bus
2005 3815 2323 3869 nominibus
2355 3813 2651 3883 appellant,
2683 3815 2878 3882 cuique
2899 3813 3008 3865 duo
3039 3811 3338 3865 olliciorum
3365 3827 3456 3879 go-

1876 3919 2005 3958 nera
2059 3905 2327 3968 tribuunt,
2392 3903 2733 3959 sustentandi
2791 3902 3042 3957 videlicet
3094 3909 3256 3971 atque
3329 3917 3454 3970 par-

1879 3999 2066 4065 tiendi,
2104 3999 2176 4053 ita
2228 4007 2286 4052 ut
2336 4006 2606 4068 quatenus
2661 3998 2815 4052 fulcit
2869 4011 2933 4051 ac
2987 3997 3245 4062 sustinet,
3280 3994 3450 4060 Crux,

1878 4099 2149 4161 quatenus
2216 4091 2451 4159 partitur
2510 4106 2572 4144 ac
2631 4089 2852 4158 dividit,
2921 4088 3136 4153 Horus,
3206 4088 3308 4141 hoc
3372 4095 3463 4142 est-

1879 4179 2170 4237 Terminus
2249 4183 2602 4248 nominetur;
2639 4182 2798 4250 hujus
2826 4196 2954 4250 ergo
2998 4180 3306 4234 functiones
3351 4179 3454 4232 hoc

1879 4271 2042 4327 modo
2103 4289 2134 4328 a
2190 4273 2472 4328 Salvatore
2543 4273 2838 4343 significari
2902 4271 3256 4340 przcdieant:
3327 4285 3450 4323 nam

1809 4349 1848 4402 ί)
1880 4366 2024 4420 illam
2081 4367 2389 4422 stabiliendi
2425 4365 2792 4434 fulciendique
2829 4367 2934 4417 vim
2987 4363 3168 4420 cruris
3219 4363 3453 4432 imagine

1879 4458 2271 4520 demonstrari,
2307 4471 2430 4511 cum
2465 4455 2664 4509 dicitur
2692 4473 2704 4508 :
2737 4454 2840 4520 Qui
2872 4470 2974 4506 non
3010 4453 3211 4521 bajulat
3249 4469 3454 4506 crucem

1879 4565 2027 4602 suam
2049 4557 2096 4602 et
2110 4549 2342 4616 sequitur
2362 4564 2462 4612 me,
2481 4546 2770 4616 discipulus
2784 4561 2895 4599 esse
2918 4561 3059 4598 meus
3078 4561 3177 4598 non
3202 4554 3369 4614 potest
3389 4543 3451 4597 "z

1877 4649 1949 4703 ct,
1969 4640 2176 4694 Tollens
2199 4655 2400 4693 crucem
2433 4654 2584 4693 suam
2610 4639 2844 4708 sequitur
2864 4653 2943 4690 me
2979 4635 3042 4690 ιδ.
3062 4637 3323 4702 Alteram,
3348 4649 3455 4705 qua

1875 4732 2138 4786 discernit
2179 4745 2243 4784 ac
2291 4729 2506 4792 dividit,
2545 4729 2632 4784 his
2673 4728 2894 4783 verbis:
2932 4723 3054 4779 Non
3097 4726 3210 4779 veni
3253 4725 3456 4778 mittere

1873 4822 2171 4886 pacem,sed
2203 4820 2435 4890 gladium
2453 4820 2515 4873 ⁸⁵.
2542 4817 2696 4884 Quod
2719 4817 2893 4887 ipsum
2915 4831 2945 4868 a
2971 4813 3179 4869 Joanne
3209 4813 3454 4867 declara-

258 4970 282 5047 '_
317 4969 394 5047 F._
434 4970 522 5024 διὰ
563 4972 1084 5047 ⁵ζιῆςᾼᾲᾼποστασίας
1161 4977 1257 5047 τῆς
1318 4978 1506 5032 Ἰούδα.
1611 4983 1630 5011 ²
1681 4977 1822 5032 lrcn.
1907 4977 1998 5031 τοῦ
2057 4978 2193 5031 υἱοῦ.
2254 4975 2371 5030 Mox
2433 4975 2654 5047 ταυτην.
2763 4975 2780 5005 ⁸
2816 4975 2926 5027 καί.
2974 5044 2984 5047 _
3087 4971 3144 5047 Ιξῖ
3202 4971 3452 5047 literne}.

176 5041 437 5121 f-'-‘!.='.“."-
556 5041 680 5121 ’,δέ
718 5043 1116 5121 multum.
1149 5041 1363 5121 usa.

177 5111 224 5142 ¹⁹
265 5111 406 5165 ibid.

254 5299 380 5375 (Ti)
440 5298 710 5375 Διῄνοιξε
752 5301 867 5375 τὴν
912 5303 1148 5372 μήτραν
1186 5304 1297 5375 τῆς
1341 5307 1777 5375 Ἐνθυμήσεως.

181 5370 570 5440 Entbymesis,
609 5373 713 5424 nisi
749 5370 938 5434 fallor,
997 5370 1138 5428 inter
1174 5370 1383 5430 Aﬂonas
1428 5370 1648 5432 minime
1687 5370 1775 5432 re-

1823 5049 1912 5103 45.
1987 5047 2162 5101 “Luc.
2225 5064 2284 5112 ιι,
2335 5048 2434 5109 25;
2483 5045 2652 5098 Exod.
2693 5061 2808 5106 xui,

1443 5051 1461 5079 1
1499 5051 1606 5084 [.Ill‘
1659 5067 1689 5084 υ

493 5058 520 5102 ν,
556 5047 640 5096 18.
718 5047 943 5098 “Matth.
969 5063 1116 5109 xxvn,
1149 5048 1212 5100 14
1244 5064 1363 5118 sqq.
1443 5051 1461 5079 ⁷
1495 5047 1628 5102 Luc.
1659 5065 1772 5112 vm,

493 5113 533 5142 “
571 5113 704 5167 ibid.
743 5114 795 5168 9.
875 5116 918 5146 “
948 5116 1143 5185 Ephes.
1177 5134 1215 5184 ι,
1246 5120 1332 5172 to.
1401 5119 1444 5150 ¹⁸
1472 5120 1604 5174 an.
1633 5135 1743 5186 xw,
1771 5130 1772 5143 ‘

1987 5047 2162 5101 “Luc.
2225 5064 2284 5112 ιι,
2335 5048 2434 5109 25;
2483 5047 2652 5098 Exod.
2693 5061 2808 5106 xui,
2971 5047 2989 5074 9

1956 5118 1976 5149 '*
1998 5117 2182 5172 Matth.
2213 5133 2327 5182 xw,
2366 5116 2456 5172 24.
2525 5117 2566 5147 ’⁸
2601 5113 2790 5168 Matth.
2821 5130 2874 5176 Χ,
2905 5115 2992 5170 54.

2971 5044 2989 5074 9
3019 5042 3231 5098 Coloss.
3278 5059 3313 5104 ι,
3366 5043 3451 5095 17.

1878 5323 1994 5379 ante
2037 5307 2392 5379 oppleromate
2429 5308 2722 5376 proscripta
2766 5305 3293 5379 fueratpmatricem
3334 5320 3452 5379 ope-

1881 5371 2008 5432 ruit.
2046 5371 2160 5431 Non
2211 5379 2354 5432 enim
2390 5371 2590 5449 Sophia
2621 5371 2735 5448 ipsa
2766 5371 2917 5433 extra
2948 5376 3197 5449 l’leroma
3237 5371 3454 5444 penitus
3524 5371 3528 5378 ’

180 5441 634 5520 censetur;nsed
674 5440 816 5496 fetus
858 5445 1130 5520 quispiam
1165 5456 1248 5500 est
1297 5446 1510 5508 Aionis,
1561 5449 1663 5502 hoc
1696 5456 1772 5502 est

1952 5451 2191 5520 laudata.
2227 5450 2316 5503 sed
2351 5440 2482 5516 ejus.
2507 5440 2804 5520 ἐνθύμησις
2837 5461 2905 5520 _et
2943 5447 3131 5520 πάθος,

184 5509 440 5585 Sophim.
491 5511 670 5585 Quare
712 5520 834 5585 post
880 5509 1084 5585 Ἐνθυμ

181 5651 279 5707 ille
317 5652 765 5719 interpretandus
791 5662 875 5710 cst
912 5673 924 5708 :
956 5651 1304 5726 Cogitationis
1345 5651 1520 5725 affecti
1557 5655 1774 5723 ﬁonis,

1088 5515 1262 5585 ήσεως
1286 5558 1298 5574 ,
1336 5519 1548 5570 sublata
1581 5519 1779 5572 distin-

181 5583 400 5656 ctione,
432 5585 488 5633 et
521 5583 788 5656 particula
821 5583 913 5637 καί
940 5583 1064 5656 ante
1094 5583 1485 5656 ἕξορισθείσης,
1515 5589 1585 5640 ita
1620 5588 1777 5656 locus

1969 5519 2082 5589 (78)
2127 5521 2302 5588 Ἄρας
2343 5513 2448 5574 τὸν
2499 5513 2782 5586 σταύρὸν.
2836 5518 2961 5589 Leg.
3008 5513 3290 5589 ἀκολούθει
3338 5532 3454 5589 μοι.

1879 5585 2098 5667 sequere
2133 5585 2230 5651 me,
2265 5600 2434 5667 tuost
2462 5591 2603 5660 apud
2635 5585 2798 5654 lrcn.,
2844 5585 2936 5646 sed
2974 5603 3085 5661 .nos
3119 5585 3305 5643 Graeca
3337 5588 3458 5657 ipsa

1878 5661 2168 5714 immutare
2198 5661 2491 5716 noluimus.
