3772 6188
334 190 438 246 503

1719 189 1775 246 S.
1819 188 2164 246 EPIPHANII

3515 186 3623 243 θοι

331 321 445 364 tum
522 321 647 361 cum
694 305 902 362 diceret
943 325 957 361 :
1020 304 1387 360 Ventilabrum
1425 305 1482 358 in
1529 322 1688 360 manu
1723 308 1820 377 ejw

2145 308 2222 378 τῇ
2255 310 2405 378 χειρὶ
2458 308 2666 375 αὑτοῦ,
2699 309 2797 363 καί
2839 305 3207 374 διακαθαριεῖ
3229 305 3348 371 τὴν
3392 303 3619 364 ἅλωνα.

333 397 576 468 ourgabit
621 413 823 463 aream,
875 409 924 451 et
967 396 1301 468 congregabit
1350 399 1585 453 triticum
1609 401 1664 452 in
1715 402 1924 465 horrea,

333 489 511 545 caleas
538 498 717 542 autem
740 489 1006 542 comburat
1033 490 1142 560 igni
1166 491 1591 561 inexstiuguibili
1630 493 1670 548 ¹.
1715 493 1927 558 Quibus

335 581 614 650 proprium
641 580 772 636 llori
795 597 994 636 munus
1019 583 1367 652 exprimitur.
1395 582 1533 637 Nam
1559 584 1924 639 ventilabrum

337 674 472 728 illud
505 690 628 730 esse
663 690 882 730 crucem
917 676 1348 745 interpretantur
1384 696 1396 732 :
1438 694 1560 749 qua}
1588 694 1776 734 crassa
1809 695 1930 734 om-

340 764 453 826 nia,
477 775 528 818 et
549 779 673 818 cum
692 766 918 820 materia
944 775 1223 830 concreta,
1254 768 1403 821 velut
1425 768 1656 837 stipulas
1690 767 1926 833 ﬂamma,

341 853 662 920 consumit;
705 869 801 910 eos
845 869 974 909 vero
1007 854 1100 924 qui
1143 855 1373 926 salutem
1419 855 1822 925 adipiscuntur,
1850 857 1929 910 uti

343 962 554 1003 vannus
588 946 883 1011 frumenta,
924 955 1240 1017 perpurgat.
1275 946 1354 1000 Ad
1400 947 1515 1001 lure
1541 945 1770 1001 Paulum
1795 963 1931 1018 quo-

344 1054 450 1108 que
478 1039 545 1094 de
589 1054 652 1094 ea
695 1054 861 1094 cruce
908 1037 1241 1094 mentionem
1275 1037 1469 1094 fecisse
1496 1039 1602 1106 gillo
1657 1040 1778 1095 loco
1804 1055 1933 1094 nar-

346 1141 515 1186 rant:
563 1146 689 1185 nam
741 1131 922 1185 crucis
966 1129 1282 1200 prazdicatio
1314 1129 1668 1198 pereuntibus
1709 1129 1931 1198 quidem

347 1224 578 1279 stultitia
601 1233 706 1289 est,
739 1223 808 1278 iis
837 1233 1020 1276 autem
1049 1223 1141 1292 qui
1177 1223 1484 1283 salvantur,
1517 1229 1576 1273 ut
1607 1221 1789 1284 nobis,
1820 1223 1932 1274 vir-

346 1329 438 1374 tus
477 1317 568 1373 Dei
593 1320 612 1349 ¹
645 1335 661 1382 ;
697 1331 759 1370 ac
811 1331 1031 1370 rursum
1062 1314 1235 1372 :Milti
1269 1331 1385 1368 vero
1411 1315 1548 1366 absit
1575 1313 1799 1383 gloriari
1832 1314 1934 1367 nisi

348 1413 403 1464 in
437 1428 589 1465 cruce
610 1409 759 1475 Iesu,
788 1426 880 1478 per
907 1425 1058 1479 quem
1090 1407 1220 1461 mihi
1249 1407 1475 1460 mundus
1513 1406 1799 1466 cruciﬁxus
1831 1417 1931 1472 est,

349 1515 397 1558 et
429 1519 519 1574 ego
563 1501 758 1556 mundo
785 1502 828 1558 ³.
873 1500 1156 1571 Ejusmodi
1203 1507 1334 1554 sunt
1376 1514 1496 1569 quae
1539 1497 1603 1552 de
1638 1498 1936 1568 pleromate

349 1608 475 1655 suo,
503 1606 566 1646 ac
590 1590 966 1646 commentitia
995 1588 1177 1644 fabula
1203 1587 1566 1642 communiter
1589 1587 1656 1641 ab
1678 1588 1934 1642 omnibus

350 1684 686 1750 traduntur;
733 1683 934 1753 quibus
979 1681 1216 1752 pessime
1263 1694 1294 1733 a
1337 1696 1396 1736 se
1427 1679 1750 1750 excogitatis
1801 1696 1937 1750 pra:-

351 1779 501 1834 clare
535 1777 606 1831 ab
640 1776 764 1832 aliis
798 1776 941 1830 dicta
972 1775 1240 1829 violenter
1273 1773 1713 1828 accommodant.
1750 1770 1939 1840 Neque

352 1883 420 1924 ex
450 1867 783 1938 evangelicis
812 1867 990 1922 solum
1039 1866 1470 1936 apostolicisque
1501 1865 1658 1934 182
1696 1863 1938 1933 scriptis,

355 1975 594 2030 quorum
646 1959 1132 2030 interpretationes
1194 1959 1560 2028 detorquent,
1621 1973 1686 2012 ac
1744 1971 1941 2011 sensus

357 2053 705 2120 adulterant,
759 2052 1003 2108 rationes
1061 2058 1116 2106 et
1184 2056 1509 2122 argumenta
1563 2050 1939 2121 conquirunt;

357 2160 546 2199 verum
576 2144 742 2200 etiam
769 2159 834 2198 ex
867 2143 981 2212 lege
1011 2158 1074 2197 ac
1097 2144 1376 2217 prophetis
1406 2153 1717 2208 arcessunt,
1756 2150 1945 2212 utpote

359 2251 595 2305 quorum
651 2234 775 2289 libri
813 2234 1090 2305 parabolis
1131 2243 1184 2289 et
1231 2235 1512 2306 allegoriis
1568 2235 1758 2291 referti
1793 2242 1943 2301 sunt,

361 2342 596 2397 quarum
647 2342 849 2398 anceps
903 2327 1270 2399 ambiguaque
1313 2329 1586 2384 sententia
1618 2328 1684 2382 ad
1730 2328 1947 2384 diversa

361 2427 542 2492 potest
582 2420 904 2490 explicando
933 2421 1190 2476 derivari.
1221 2422 1356 2476 Cum
1386 2423 1604 2478 interim
1631 2423 1723 2478 alii
1752 2421 1975 2480 iisdem‘

363 2513 471 2567 illis
503 2512 697 2567 callide
728 2528 791 2566 ac
819 2513 1145 2569 veteratorie
1182 2513 1251 2568 ad
1289 2529 1559 2585 nugarum
1592 2530 1820 2570 suarum
1853 2532 1950 2586 pa-

362 2606 656 2661 trocinium
689 2606 1010 2671 abutantur,
1042 2622 1249 2678 eosque
1284 2608 1380 2678 qui
1417 2607 1472 2662 in
1519 2607 1688 2664 Deum
1733 2608 1949 2665 Patrem

363 2699 812 2769 omnipotentem,
844 2707 898 2754 et
928 2715 1096 2756 unum
1129 2700 1422 2756 Dominum
1444 2699 1630 2758 Jesum
1671 2701 1950 2758 Christum

362 2789 562 2844 Filium
615 2789 710 2845 Dei
757 2789 1011 2846 stabilem
1059 2789 1384 2862 ﬁrmamque
1423 2792 1582 2848 ﬁdem
1626 2808 1737 2848 non
1767 2800 1954 2850 custo-

364 2883 546 2951 diunt,
582 2898 615 2938 a
645 2884 873 2940 veritate
908 2884 1056 2940 velut
1084 2885 1332 2955 captivos
1366 2893 1634 2942 avertant.

2031 403 2129 457 καί
2157 399 2412 467 σ-ῦνάξει
2440 403 2547 457 τὸν
2578 403 2752 457 σῖτον
2778 405 2865 466 εὶς
2898 400 3016 468 τὴν
3047 398 3367 464 ἀποθήκην
3396 398 3616 451 αὐτοῦ·

2028 495 2094 547 τὸ
2130 493 2198 547 δὲ
2225 494 2457 564 ἄχυρον
2485 494 2851 547 κατακαύσει
2876 491 3019 559 πυρὶ
3057 490 3355 552 ἀσϐέστῳ.
3386 488 3502 541 Καὶ
3537 487 3618 541 διὰ

2029 588 2221 643 τούτου
2244 588 2343 660 τὴν
2377 589 2658 659 ἐνέργειαν
2686 586 2781 640 τοῦ
2815 588 2983 658 Ὂρου
3019 585 3419 655 μεμηνυκέναι,
3452 581 3618 633 [Ιτόον

2028 681 2138 750 γὰρ
2197 683 2406 733 ἐκεῖνον
2435 686 2457 712 ⁵
2495 681 2587 733 τὸν
2629 677 2859 748 σταυρὸν
2909 676 3305 748 ἑρμηνεύουσιν
3355 670 3519 731 εἶναι,
3565 673 3618 723 ὃν

2029 773 2094 845 δὴ
2120 773 2214 827 καῖ⁵
2245 772 2557 826 ἀναλίσκειν
2589 771 2660 825 τὰ
2705 771 2866 824 ὑλικὰ
2899 769 3098 833 πάντα,
3138 767 3214 830 ὡς
3255 766 3441 834 ἄχυρα
3479 762 3615 832 πῦρ·

2031 866 2313 936 καθαίρειν
2355 866 2412 918 δὲ
2442 865 2569 927 τοὺς
2611 863 2971 933 σωζομένους,
3005 861 3078 924 ὡς
3113 859 3173 913 τὸ
3217 857 3390 911 πτύον
3418 855 3512 907 τὸν
3546 857 3618 906 σῖ-

2030 975 2142 1010 τον.
2183 955 2392 1010 Παῦλον
2438 955 2494 1007 δὲ
2523 955 2614 1008 τὸν
2651 953 2951 1006 ἀπόστολον
2995 952 3090 1006 καὶ
3115 950 3279 1004 αὑτὸν
3323 948 3620 1016 ὲπιμιμνή-

2035 1047 2259 1102 σκεσθαι
2279 1047 2470 1100 τούτου
2489 1045 2582 1098 τοῦ
2607 1044 2838 1116 σταυροῦ
2862 1044 3108 1112 λέγουσιν
3127 1041 3304 1104 οὕτως
3330 1057 3344 1070 ο
3388 1040 3449 1092 '0
3473 1038 3621 1103 λόγος

2033 1140 2143 1212 γὰρ
2190 1142 2218 1192 ὁ
2248 1139 2342 1192 τοῦ
2391 1136 2628 1209 σταυροῦ
2675 1140 2787 1200 τοῖς
2840 1136 2938 1205 μὲν
2992 1133 3393 1204 ἀπολλυμένοις
3451 1129 3620 1201 μωρία

2036 1231 2174 1296 ἐστὶ,
2226 1232 2338 1293 τοῖς
2375 1229 2434 1283 δὲ
2487 1227 2816 1298 σωζομένοις
2864 1229 2994 1296 ἡμῖν
3047 1225 3278 1295 δύναμις
3319 1221 3492 1275 Θεοῦ·
3536 1221 3620 1273 καὶ

2035 1321 2198 1375 πάλιν
2219 1337 2231 1349 ’
2278 1319 2438 1390 Ἐμοὶ
2469 1319 2537 1372 δὲ
2561 1318 2646 1388 μὴ
2675 1318 2904 1388 γένοιτο
2943 1318 3012 1370 ἐν
3034 1315 3252 1386 μηδενὶ
3283 1312 3618 1382 καυχᾶσθαι

2035 1412 2088 1463 εὶ
2115 1409 2201 1479 μὴ
2239 1409 2310 1462 ἐν
2338 1408 2418 1474 τῷ
2451 1406 2692 1476 σταυρῷ
2730 1408 2837 1461 τοῦ
2883 1407 3100 1476 Ἰησοῦ,
3144 1405 3219 1459 δι’
3250 1399 3326 1459 οὗ
3367 1403 3498 1471 ἐμοὶ
3531 1406 3622 1454 κός

2037 1519 2191 1573 σμος
2237 1501 2624 1568 ἐσταύρωται,
2656 1499 2819 1568 κάγὼ
2858 1498 2939 1564 τῷ
2993 1501 3218 1567 κόσμῳ.
3259 1495 3504 1549 Τοιαῦτα
3532 1494 3622 1564 μὲν

2038 1594 2131 1650 οὖν
2159 1598 2288 1668 περὶ
2314 1595 2677 1666 πληρώματος
2699 1593 2878 1646 αὐτῶν
2904 1592 2997 1645 καὶ
3021 1589 3115 1643 τοῦ
3149 1589 3475 1658 πλάσματος
3499 1586 3623 1639 triv-

2040 1709 2130 1755 τες
2162 1691 2429 1759 λέγουσιν,
2455 1689 2772 1759 ὲφορμίζειν
2797 1687 2818 1718 ³
2843 1684 3153 1756 βιαζόμενοι
3174 1683 3244 1736 τά
3271 1680 3463 1742 καλῶς
3492 1681 3624 1749 είρη·

2045 1783 2182 1853 μένα
2214 1783 2327 1845 τοῖς
2371 1780 2558 1844 κακῶς
2588 1777 3029 1848 ὲπινενοημένοις
3063 1774 3154 1827 ὑπ’
3193 1772 3403 1826 αὐτῶν.
3437 1771 3544 1822 Καὶ
3569 1771 3623 1821 οὐ

2047 1874 2207 1946 μόνον
2232 1876 2296 1927 ὲκ
2324 1874 2432 1928 τῶν
2465 1870 2840 1942 εὐαγγελικῶν
2864 1869 2957 1923 καὶ
2982 1868 3089 1920 τῶν
3109 1861 3496 1920 ἀποστολικῶν
3520 1878 3627 1913 mt-

2048 1966 2247 2038 ρῶνται
2275 1966 2376 2029 τὰς
2405 1963 2707 2028 ἀποδείξεις
2740 1962 3029 2026 ποιεῖσθαι,
3065 1956 3514 2030 παρατρέποντες
3538 1952 3626 2014 τὰς

2046 2060 2362 2132 ἑρμηνείας,
2396 2060 2492 2113 καὶ⁹
2525 2056 2973 2130 ῥᾳδιουργοῦντες
2998 2057 3096 2117 τὰς
3137 2051 3434 2122 ἐξηγήσεις
3453 2064 3470 2080 ⁸
3503 2047 3630 2100 ἀλλά

2047 2154 2142 2208 καὶ
2172 2155 2236 2207 ὲκ
2257 2153 2420 2224 νόμου
2446 2153 2539 2204 καὶ
2563 2149 2882 2222 προφητῶν,
2913 2147 3008 2200 ἆτε
3051 2145 3264 2199 πολλῶν
3308 2139 3628 2212 παραϐολῶν

2048 2248 2141 2300 καὶ
2171 2245 2509 2318 ἀλληγοριῶν
2540 2242 2866 2314 εἰρημένων,
2899 2240 2992 2294 καὶ
3017 2239 3096 2301 εἰς
3134 2237 3309 2291 πολλὰ
3351 2235 3535 2288 ἕλκειν
3551 2233 3631 2286 δυ-

2049 2340 2299 2411 ναμένων
2339 2338 2402 2392 τὸ
2445 2337 2745 2409 ἀμφίϐολον
2785 2334 2871 2387 διὰ
2902 2333 3000 2403 τῆς
3047 2329 3387 2401 ἐξηγήσεως.
3425 2327 3632 2394 Ἕτερθι

2049 2431 2124 2496 δὲ,
2153 2429 2340 2493 δεινῶς
2386 2429 2465 2500 τῷ
2505 2427 2783 2496 πλάσματι
2816 2423 2994 2478 αὐτῶν
3034 2423 3129 2474 καὶ
3161 2419 3354 2480 δολίως
3404 2416 3628 2486 ἐφαρμό-

2053 2520 2258 2588 ζοντες,
2293 2519 2784 2593 αἰχμαλωτίζουσιν
2824 2515 2932 2569 ἀπὸ
2978 2513 3080 2584 τῆς
3116 2509 3381 2581 ἀληθείας
3409 2509 3537 2569 τοὺς
3567 2505 3632 2576 μὴ

2053 2615 2274 2684 ἑδραίαν
2313 2613 2412 2684 τὴν
2439 2612 2620 2665 πίστιν
2649 2612 2728 2673 είς
2764 2610 2860 2662 ἕνα
2902 2607 3034 2660 Θεὸν
3063 2603 3285 2676 Πατέρα
3331 2599 3633 2669 παντοκρά-

2051 2725 2205 2779 τορα,
2231 2706 2326 2759 καὶ
2355 2707 2436 2768 είς
2473 2704 2570 2757 ἕνα
2609 2701 2812 2774 Κύριον
2854 2699 3062 2771 Ἰησοῦν
3091 2695 3332 2768 Χριστὸν
3381 2693 3515 2747 Υίδν
3553 2689 3633 2743 τοῦ

2055 2798 2189 2852 Θεοῦ
2218 2795 2701 2867 διαφυλάσσοντας.

438 2975 580 3031 XVI.
615 2974 733 3031 Iam
785 2991 907 3048 quae
934 2984 1092 3033 extra
1141 2977 1381 3047 pleroma
1417 2986 1546 3034 sunt
1593 2979 1662 3034 ab
1712 2980 1818 3036 illis
1851 2981 1927 3035 hol

2143 2983 2250 3050 [σν.
2277 2978 2358 3033 Τὰ
2389 2978 2447 3033 δὲ
2492 2976 2649 3040 ἐκτὸς
2686 2973 2780 3028 τοῦ
2829 2973 3193 3043 πληρωματος
3241 2965 3520 3062 λεγόμενα

368 3069 534 3125 modo
565 3069 1021 3125 constituuntur:
1056 3068 1440 3142 Enthymcsin,
1470 3071 1573 3124 hoc
1607 3080 1691 3126 est
1734 3072 1956 3143 Cogita-

369 3164 598 3227 tionem,
640 3162 884 3218 caelestis
919 3162 1066 3219 illius
1119 3162 1412 3233 Sapientiae
1460 3163 1659 3229 ferunt,
1701 3181 1864 3236 quam
1905 3175 1958 3219 et

369 3254 674 3309 Achamoth
706 3262 1047 3324 nuncupant,
1085 3270 1116 3334 a
1156 3256 1455 3324 pleromate
1498 3255 1620 3310 cuni
1677 3257 1960 3325 perturba-

371 3346 522 3404 tione
548 3356 890 3419 segregatam
921 3347 979 3401 in
1009 3348 1266 3402 umbrosa
1298 3355 1351 3400 et
1387 3349 1570 3403 inania
1605 3348 1722 3402 loca
1761 3348 1959 3403 violen~

375 3450 460 3497 ter
485 3441 716 3511 eiectam
774 3440 964 3496 fuisse.
1001 3439 1280 3511 Siquidem
1312 3448 1467 3495 extra
1519 3442 1701 3495 lumen
1742 3456 1806 3494 ac
1843 3442 1958 3511 ple-

374 3548 554 3599 roma,
588 3533 736 3588 velut
767 3533 995 3589 abortus
1025 3533 1272 3603 quidam,
1306 3530 1556 3588 informis
1589 3541 1751 3602 atque
1787 3533 1958 3602 itnpo~

377 3625 476 3679 lita
512 3624 856 3688 constiterat,
912 3621 1062 3693 quod
1105 3622 1242 3676 nihil
1285 3621 1508 3684 omnino
1547 3622 1829 3692 percipere
1865 3637 1963 3691 po-

377 3717 599 3772 tuisset.
627 3716 804 3786 Hujus
835 3714 1214 3770 misericordia
1233 3724 1534 3784 permotum
1569 3713 1869 3778 Christum,
1899 3729 1964 3768 ac

377 3823 477 3878 per
510 3791 730 3862 crucem
762 3816 974 3861 suamet
1013 3806 1215 3860 virtute
1247 3815 1584 3876 porrectum,
1615 3821 1734 3861 eam
1765 3816 1959 3861 natura

377 3906 544 3954 tenus
566 3913 677 3954 non
703 3898 890 3952 itidem
913 3887 1223 3968 cognitione
1251 3897 1544 3970 ﬁgurasse;
1571 3913 1744 3970 eaque
1768 3915 1828 3954 re
1851 3915 1966 3970 per-

380 3987 548 4053 fecta,
597 4002 662 4043 ac
693 3989 898 4042 virtute
946 4002 1047 4042 sua
1091 3995 1398 4053 contracta,
1457 3990 1642 4044 statim
1694 3991 1962 4056 evolasse,

382 4095 508 4134 cum
543 4079 618 4132 ita
647 4094 765 4134 eam
798 4078 1137 4148 reliquisset,
1166 4086 1226 4132 ut
1251 4079 1580 4134 calamitatis
1608 4095 1720 4135 suae
1741 4064 1996 4136 sensum'

383 4170 635 4240 capiens,
668 4169 816 4240 quod
846 4184 876 4222 a
912 4170 1214 4239 pleromate
1238 4178 1385 4224 esset
1416 4171 1674 4237 extorris,
1703 4184 1968 4241 praestan-

381 4264 591 4318 tiorum
629 4262 930 4334 cupiditate
967 4269 1269 4328 teneretur,
1305 4278 1429 4317 cum
1466 4263 1583 4333 jam
1618 4265 1788 4320 odore
1835 4281 1969 4336 quo-

2061 3074 2237 3129 αὺτῶν
2271 3075 2385 3126 ἐστι
2439 3069 2701 3124 τοιαῦτα⁶
2749 3067 2847 3136 τὴν
2888 3064 3216 3133 Ἐνθύμησιν
3262 3061 3366 3130 τῆς
3400 3060 3514 3112 ἄνω
3555 3056 3634 3108 Σο-

2060 3169 2208 3238 φίας,
2245 3167 2310 3236 ἣν
2363 3165 2459 3217 καὶ
2499 3159 2752 3232 Ἀχαμὼθ
2792 3155 3068 3216 καλοῦσιν,
3115 3151 3514 3222 ἀφορισθεῖσαν
3555 3146 3634 3200 τοῦ

2061 3257 2431 3330 πληρώματος
2489 3255 2584 3307 σὺν
2613 3253 2690 3322 τῷ
2728 3250 2890 3303 πάθει
2942 3247 3193 3314 λέγουσιν
3226 3246 3284 3296 ὲν
3333 3245 3517 3304 σκιαῖς
3559 3241 3635 3293 καὶ

2065 3353 2419 3424 σκηνώματος
2465 3349 2484 3379 ⁸
2531 3346 2715 3406 τόποις
2765 3340 3130 3410 ἐκϐεϐράσθαι
3188 3336 3333 3388 κατὰ
3385 3334 3634 3402 ἀνάγκην.

2067 3445 2212 3509 Ἔξω
2245 3442 2352 3513 γὰρ
2391 3439 2567 3510 φωτὸς
2609 3437 2825 3505 ἐγένετο
2859 3435 2953 3488 καὶ
2996 3429 3366 3501 πληρώματος
3411 3427 3635 3496 ἄμορφος

2064 3537 2159 3590 καὶ
2191 3534 2445 3596 ἀνείδεος,
2480 3529 2670 3600 ῶσπερ
2709 3527 2989 3598 ἕκτρωμα,
3027 3522 3116 3576 διὰ
3155 3521 3215 3574 τὸ
3259 3519 3429 3591 μηδὲν
3477 3532 3632 3568 κατει-

2064 3628 2313 3700 ληφέναι.
2370 3620 2729 3693 Οἰκτείραντὰ
2757 3636 2816 3671 τε
2865 3616 3035 3687 αὐτὴν
3073 3615 3165 3667 τὸν
3194 3611 3436 3684 Χριστὸν
3467 3610 3514 3675 ⁷,
3559 3607 3632 3660 sui

2064 3721 2155 3775 διὰ
2191 3717 2284 3773 τοῦ
2319 3713 2555 3786 σταυροῦ
2591 3710 2961 3766 ὲπεκταθέντα
2990 3711 3055 3778 τῇ
3093 3706 3200 3778 ἰδίᾳ
3238 3704 3490 3773 δυνάμει,
3527 3717 3630 3771 μορ-

2068 3811 2247 3880 φῶσαι
2278 3809 2559 3880 μόρφωσιν
2593 3805 2694 3876 τὴν
2724 3803 2844 3855 κατ’
2874 3797 3063 3852 οὐσίαν
3098 3797 3280 3867 μόνον,
3313 3793 3430 3847 ἀλλ’
3460 3793 3516 3844 οὗ
3553 3790 3633 3858 τὴν

2070 3903 2210 3956 κατά
2232 3899 2435 3970 γνῶσιν
2457 3911 2472 3926 °
2505 3896 2601 3950 καὶ
2649 3894 2932 3962 πράξαντα
2959 3889 3137 3952 τοῦτο,
3182 3886 3517 3956 ἀναδραμεῖν
3559 3898 3632 3932 συ·

2072 3994 2352 4049 στείλαντα
2380 3989 2546 4046 αὑτοῦ
2567 3988 2665 4059 τὴν
2694 3985 2926 4055 δύναμιν
2957 3982 3053 4036 καὶ
3080 3979 3423 4039 καταλιπεῖν,
3449 3974 3630 4036 ὅπωςῆ

2073 4086 2373 4156 αἰσθομένη
2411 4081 2506 4134 τοῦ
2541 4079 2672 4151 περὶ
2713 4077 2881 4146 αὐτὴν
2911 4074 3117 4137 πάθους
3158 4073 3246 4126 διὰ
3283 4071 3386 4140 τὴν
3425 4066 3627 4122 ἀπαλλα-

2071 4179 2172 4250 γὴν
2222 4175 2315 4229 τοῦ
2365 4172 2766 4243 πληρώματος,
2825 4164 3022 4236 ὀρεχθῇ
3094 4163 3200 4216 τῶν
3263 4161 3632 4250 διαφερόντων,

2073 4247 2271 4343 ἔχουσά
2295 4282 2415 4318 τινα
2443 4261 2612 4332 ὀδμὴν
2650 4257 2980 4328 ἀφθαρσίας,
3022 4251 3534 4343 ἐγκαταλειφθεῖσαν
3557 4247 3630 4343 ait:

381 4355 511 4412 dam
544 4362 691 4412 esset
728 4353 1158 4410 immortalitatis
1186 4354 1385 4419 ainata,
1419 4372 1582 4426 quem
1618 4357 1670 4411 in
1713 4373 1777 4412 ea
1809 4357 1870 4412 Cl

2143 4382 2170 4419 v
2200 4359 2293 4415 τοῦ
2330 4354 2564 4429 Χριστοῦ
2597 4354 2618 4384 ⁹
2650 4353 2742 4404 uati.
2769 4348 2864 4406 τοῦ
2894 4347 3050 4417 ἁγίου
3080 4345 3422 4415 Πνεῦματος.
3453 4339 3536 4393 Διὸ
3559 4337 3632 4390 καὶ

385 4457 508 4505 stus
541 4463 605 4503 ac
629 4447 868 4518 Spiritus
898 4454 1126 4503 sanctus
1147 4447 1503 4518 reliquerant.
1534 4447 1617 4503 οι)
1641 4447 1692 4501 id
1723 4449 1971 4520 utrisque

385 4540 651 4610 appellari
700 4539 1038 4595 nominibus.
1089 4537 1224 4593 Nam
1270 4548 1322 4593 et
1369 4538 1704 4610 Sapientiam
1741 4548 1970 4611 paterna

386 4634 752 4704 appellatione
790 4632 921 4701 dici,
960 4632 1106 4704 quod
1155 4632 1279 4702 ejus
1314 4631 1520 4689 Parens
1557 4633 1837 4704 Sapientia
1872 4650 1970 4688 vo-

385 4735 542 4783 cetur
567 4745 580 4780 :
607 4734 661 4781 et
699 4725 962 4795 Spiritum
990 4735 1263 4792 sanctum,
1289 4727 1356 4780 ab
1377 4742 1443 4782 eo
1471 4726 1562 4796 qui
1595 4741 1719 4781 cum
1749 4725 1972 4781 Christo

386 4819 721 4888 coniunctus
752 4826 839 4874 est
871 4817 1098 4887 Spiritu.
1134 4817 1180 4872 A
1209 4819 1412 4886 quibus
1443 4817 1640 4885 eﬂieta,
1671 4818 1975 4888 intelligen-

387 4912 572 4980 tiaque
602 4909 883 4975 decorata,
930 4909 1026 4965 sed
1057 4925 1124 4966 eo
1173 4911 1428 4978 subinde,
1477 4911 1620 4981 quod
1667 4912 1722 4964 in
1754 4911 1844 4964 illa
1874 4925 1975 4966 nec

386 5003 726 5074 aspectabile
760 5003 954 5071 inerat,
980 5002 1184 5070 Verbo,
1207 5004 1311 5058 hoc
1338 5012 1423 5059 est
1443 5002 1686 5066 Christo,
1718 5005 1972 5074 spoliata,

389 5097 453 5150 ad
495 5097 720 5150 luminis
753 5095 902 5151 illius
925 5095 1073 5165 quod
1095 5105 1394 5152 evanuerat
1424 5096 1836 5166 inquisitionem
1859 5112 1977 5150 om-

394 5204 512 5243 nem
551 5189 816 5259 impetum
848 5188 1182 5255 contulisse;
1216 5189 1313 5244 sed
1343 5190 1412 5244 ab
1459 5187 1606 5244 Horo
1647 5189 1975 5258 prohibitam

399 5279 526 5338 nihil
570 5280 832 5350 consequi
871 5281 1137 5354 potuisse.
1186 5279 1306 5348 Quo
1361 5289 1605 5351 tempore
1646 5282 1964 5353 contigisse,

467 5519 482 5538 .
550 5487 741 5542 Matth.
794 5502 876 5554 ιιι,
920 5487 1026 5556 12;
1080 5487 1215 5542 Luc.
1250 5501 1332 5550 ιιι,
1393 5485 1480 5539 l6.

395 5561 416 5592 ⁶
439 5559 579 5613 iren.
614 5556 951 5631 κενώματος.
1021 5559 1042 5591 ⁷
1077 5557 1222 5615 lren.
1272 5556 1364 5612 τὸν
1405 5556 1515 5612 ἄνω
1544 5555 1648 5628 Χρ.

391 5631 656 5704 πειράτως.

1583 5487 1604 5516 ²
1635 5484 1652 5538 l
1683 5485 1808 5542 Cor.
1861 5501 1898 5549 ι,
1927 5484 2020 5539 25.

2068 4433 2238 4530 αυτὴν
2267 4456 2380 4515 τοῖς
2420 4446 2754 4521 ἀμφοτέροις
2790 4442 3018 4512 ὀνόμασι
3051 4437 3353 4498 καλεῖσθαι,
3382 4433 3565 4502 Σοφίαν
3587 4447 3631 4482 τε

2070 4527 2532 4621 πατρωνυμικῶς,
2560 4542 2588 4592 ὁ
2610 4537 2719 4608 γὰρ
2749 4534 2937 4604 Πατὴρ
2966 4531 3134 4600 αὐτῆς
3160 4528 3339 4621 Σοφία
3365 4527 3630 4621 κληΐζεται,

2071 4644 2164 4698 καὶ
2189 4616 2418 4708 ’Πνεῦμα
2445 4634 2598 4702 ἆγιον
2631 4629 2739 4682 ἀπὸ
2768 4627 2861 4679 τοῦ
2882 4625 3010 4696 περὶ
3031 4623 3118 4676 τὸν
3150 4620 3390 4691 Χριστὸν
3415 4616 3614 4684 “vstitu

2073 4752 2182 4797 τος.
2209 4724 2606 4801 Μορφωθείσὰν
2632 4738 2690 4774 τε
2712 4719 2900 4789 αὐτὴν,
2925 4717 3020 4771 καὶ
3045 4715 3292 4784 ἔμφρονα
3323 4710 3630 4801 γενηθεῖσαν,

2072 4796 2386 4893 παραυτίκα
2418 4815 2476 4868 δὲ
2505 4810 2836 4866 κενωθεῖσαν
2862 4808 2956 4860 τοῦ
2983 4803 3278 4875 ἀοράτουίο
3312 4803 3448 4871 αὐτῇ
3478 4796 3617 4851 συνόν

2071 4933 2162 4978 τος
2191 4912 2386 4979 Λόγου,
2419 4905 2664 4960 τουτέστι
2690 4901 2784 4954 τοῦ
2815 4898 3082 4971 Χριστοῦ,
3115 4897 3208 4948 ἐπὶ
3240 4895 3465 4964 ζήτησιν
3488 4895 3630 4961 ὁρμῇ·

2076 5024 2166 5059 σαι
2189 5004 2282 5058 τοῦ
2315 4998 2710 5059 καταλιπόντος
2754 4993 2924 5063 αὐτὴν
2957 4990 3156 5060 φωτὸς,
3191 4988 3286 5041 καὶ
3329 4986 3403 5055 μὴ
3434 4980 3630 5077 δυνηθηῐ

2074 5115 2164 5152 ναι
2218 5092 2546 5148 καταλαϐεῖν
2596 5087 2753 5149 αὐτὸ,
2794 5086 2883 5138 διὰ
2938 5082 3001 5135 τὸ
3051 5079 3362 5147 κωλυθῆναι
3413 5075 3512 5127 ὑπὸ
3559 5075 3628 5122 τοῦ

2078 5191 2268 5260 "Upon.
2319 5185 2429 5239 Καὶ
2466 5181 2702 5236 ἐνταῦθα
2730 5180 2818 5232 τὸν
2850 5178 3012 5246 Ὅρον
3047 5173 3327 5226 κωλύοντα
3367 5167 3527 5234 αὐτὴν
3556 5163 3626 5229 τῆς

2095 5257 2174 5344 είς
2212 5275 2591 5348 τοῦμπροσθεν
2633 5273 2809 5346 ὁρμῆς
2858 5271 3031 5322 εἰπεῖν
3077 5263 3237 5318 Ἰαώ·
3282 5262 3400 5316 ὃθεν
3444 5259 3501 5310 τὸ
3534 5257 3624 5308 'lati

3162 5470 3184 5500 ³
3217 5468 3278 5521 F-
3314 5459 3623 5534 ἐφαρμςειν·

2128 5482 2291 5537 ‘Gal.
2343 5496 2421 5547 τι,
2465 5479 2549 5533 14.
2652 5476 2674 5507 ’⁵
2731 5475 2797 5528 Ιι·.
2835 5473 3048 5547 έκεῖνο.

1729 5557 1750 5589 ⁸
1779 5555 1848 5610 lr.
1885 5529 2169 5610 ’καταλιτλ
2213 5529 2421 5625 αὑτήν]
2478 5551 2498 5582 ⁹
2524 5547 2586 5604 F.
2639 5547 2773 5618 αὐτῇ
2825 5544 2932 5598 ὑπὸ
2983 5541 3077 5595 τοῦ
3119 5539 3218 5612 Χρι

2639 5547 2773 5618 αὐτῇ
2825 5544 2932 5598 ὑπὸ
2983 5541 3077 5595 τοῦ
3119 5529 3376 5612 Χριστοῦζ
3418 5529 3623 5584 ’ίθῑιΐιιο
