  <div class='ocr_page' id='page_1' title='image "/cluster/home/n/w/nwhite01/storage/ocr_20150623/41/hvd.32044011753001/280.png"; bbox 0 0 3772 6188; ppageno 0'>
   <div class='ocr_carea' id='block_1_1' title="bbox 124 222 233 275">
    <p class='ocr_par' dir='ltr' id='par_1_1' title="bbox 124 222 233 275">
     <span class='ocr_line' id='line_1_1' title="bbox 124 222 233 275; baseline -0.009 0"><span class='ocrx_word' id='word_1_1' title='bbox 124 222 233 275; x_wconf 71' lang='grc'><strong>505</strong></span> 
     </span>
    </p>
   </div>
   <div class='ocr_carea' id='block_1_2' title="bbox 814 216 2789 278">
    <p class='ocr_par' dir='ltr' id='par_1_2' title="bbox 814 216 2789 278">
     <span class='ocr_line' id='line_1_2' title="bbox 814 216 2789 278; baseline 0.002 -4"><span class='ocrx_word' id='word_1_2' title='bbox 814 218 1186 276; x_wconf 76' lang='lat' dir='ltr'><strong>ADVERSUS</strong></span> <span class='ocrx_word' id='word_1_3' title='bbox 1225 216 1572 276; x_wconf 64' lang='lat' dir='ltr'><strong>HERESES</strong></span> <span class='ocrx_word' id='word_1_4' title='bbox 1610 217 1737 274; x_wconf 78' lang='lat' dir='ltr'><strong>LIB.</strong></span> <span class='ocrx_word' id='word_1_5' title='bbox 1778 219 1822 274; x_wconf 84' lang='grc' dir='ltr'>Ι.</span> <span class='ocrx_word' id='word_1_6' title='bbox 1865 217 2035 277; x_wconf 81' lang='grc' dir='ltr'>ἹὈΜ.</span> <span class='ocrx_word' id='word_1_7' title='bbox 2074 218 2144 278; x_wconf 84' lang='lat' dir='ltr'><strong>ll.</strong></span> <span class='ocrx_word' id='word_1_8' title='bbox 2186 252 2252 262; x_wconf 99' lang='lat'>—</span> <span class='ocrx_word' id='word_1_9' title='bbox 2289 220 2566 278; x_wconf 63' lang='lat' dir='ltr'><strong>HERES.</strong></span> <span class='ocrx_word' id='word_1_10' title='bbox 2606 221 2789 278; x_wconf 74' lang='lat' dir='ltr'><strong>XXXI.</strong></span> 
     </span>
    </p>
   </div>
   <div class='ocr_carea' id='block_1_3' title="bbox 3293 227 3399 286">
    <p class='ocr_par' dir='ltr' id='par_1_3' title="bbox 3293 227 3399 286">
     <span class='ocr_line' id='line_1_3' title="bbox 3293 227 3399 286; baseline -0.038 0"><span class='ocrx_word' id='word_1_11' title='bbox 3293 227 3399 286; x_wconf 80' lang='lat'><strong>506</strong></span> 
     </span>
    </p>
   </div>
   <div class='ocr_carea' id='block_1_4' title="bbox 123 336 1698 410">
    <p class='ocr_par' dir='ltr' id='par_1_4' title="bbox 123 336 1698 410">
     <span class='ocr_line' id='line_1_4' title="bbox 123 336 1698 410; baseline 0 -20"><span class='ocrx_word' id='word_1_12' title='bbox 123 338 302 407; x_wconf 79' lang='grc' dir='ltr'>ὖνομα</span> <span class='ocrx_word' id='word_1_13' title='bbox 337 336 450 408; x_wconf 80' lang='lat'><strong>(79)</strong></span> <span class='ocrx_word' id='word_1_14' title='bbox 487 336 814 410; x_wconf 82' lang='grc' dir='ltr'>γεγενῆσθαι</span> <span class='ocrx_word' id='word_1_15' title='bbox 847 339 1138 408; x_wconf 90' lang='grc' dir='ltr'>φάσκουσι.</span> <span class='ocrx_word' id='word_1_16' title='bbox 1175 339 1277 409; x_wconf 80' lang='grc' dir='ltr'><strong>Μὴ</strong></span> <span class='ocrx_word' id='word_1_17' title='bbox 1313 337 1631 410; x_wconf 84' lang='grc' dir='ltr'><strong>δυνηθεῖσαν</strong></span> <span class='ocrx_word' id='word_1_18' title='bbox 1655 337 1698 391; x_wconf 77' lang='grc' dir='ltr'>δὲ</span> 
     </span>
    </p>
   </div>
   <div class='ocr_carea' id='block_1_5' title="bbox 1839 336 3398 410">
    <p class='ocr_par' dir='ltr' id='par_1_5' title="bbox 1839 338 3398 406">
     <span class='ocr_line' id='line_1_5' title="bbox 1839 338 3398 406; baseline 0.004 -13"><span class='ocrx_word' id='word_1_19' title='bbox 1839 346 1874 393; x_wconf 90' lang='lat' dir='ltr'><strong>tt</strong></span> <span class='ocrx_word' id='word_1_20' title='bbox 1901 353 2026 394; x_wconf 89' lang='lat' dir='ltr'><strong>cum</strong></span> <span class='ocrx_word' id='word_1_21' title='bbox 2054 339 2222 406; x_wconf 84' lang='lat' dir='ltr'><strong>illam,</strong></span> <span class='ocrx_word' id='word_1_22' title='bbox 2256 355 2325 395; x_wconf 90' lang='lat' dir='ltr'><strong>ne</strong></span> <span class='ocrx_word' id='word_1_23' title='bbox 2355 339 2496 393; x_wconf 82' lang='lat' dir='ltr'><strong>ultra</strong></span> <span class='ocrx_word' id='word_1_24' title='bbox 2517 339 2894 406; x_wconf 89' lang='lat' dir='ltr'><strong>contenderet,</strong></span> <span class='ocrx_word' id='word_1_25' title='bbox 2931 338 3110 395; x_wconf 87' lang='lat' dir='ltr'><strong>llorus</strong></span> <span class='ocrx_word' id='word_1_26' title='bbox 3140 354 3398 400; x_wconf 78' lang='lat' dir='ltr'><strong>coercere</strong></span> 
     </span>
    </p>
   </div>
   <div class='ocr_carea' id='block_1_6' title="bbox 122 426 1708 502">
    <p class='ocr_par' dir='ltr' id='par_1_6' title="bbox 122 426 1708 502">
     <span class='ocr_line' id='line_1_6' title="bbox 122 426 1708 502; baseline 0.003 -22"><span class='ocrx_word' id='word_1_27' title='bbox 122 426 398 483; x_wconf 81' lang='grc' dir='ltr'>διοδεῦσαι</span> <span class='ocrx_word' id='word_1_28' title='bbox 420 428 510 481; x_wconf 75' lang='grc' dir='ltr'><strong>τὸν</strong></span> <span class='ocrx_word' id='word_1_29' title='bbox 539 430 722 500; x_wconf 86' lang='grc' dir='ltr'>Ὄρον,</span> <span class='ocrx_word' id='word_1_30' title='bbox 755 430 842 484; x_wconf 91' lang='grc' dir='ltr'><strong>διά</strong></span> <span class='ocrx_word' id='word_1_31' title='bbox 874 431 934 484; x_wconf 86' lang='grc' dir='ltr'><strong>τὸ</strong></span> <span class='ocrx_word' id='word_1_32' title='bbox 971 430 1386 502; x_wconf 83' lang='grc' dir='ltr'><strong>συμπεπλέχθαι</strong></span> <span class='ocrx_word' id='word_1_33' title='bbox 1416 430 1494 502; x_wconf 79' lang='grc' dir='ltr'>τῷ</span> <span class='ocrx_word' id='word_1_34' title='bbox 1527 429 1708 496; x_wconf 81' lang='grc' dir='ltr'><strong>πάθει,</strong></span> 
     </span>
    </p>
   </div>
   <div class='ocr_carea' id='block_1_7' title="bbox 126 520 1714 595">
    <p class='ocr_par' dir='ltr' id='par_1_7' title="bbox 126 520 1714 595">
     <span class='ocr_line' id='line_1_7' title="bbox 126 520 1714 595; baseline 0.003 -24"><span class='ocrx_word' id='word_1_35' title='bbox 126 523 220 572; x_wconf 73' lang='grc' dir='ltr'><strong>καί</strong></span> <span class='ocrx_word' id='word_1_36' title='bbox 273 520 440 591; x_wconf 86' lang='grc' dir='ltr'>μόνην</span> <span class='ocrx_word' id='word_1_37' title='bbox 472 520 891 589; x_wconf 79' lang='grc' dir='ltr'><strong>ἀπολειφθεῖσαν</strong></span> <span class='ocrx_word' id='word_1_38' title='bbox 937 521 1041 588; x_wconf 75' lang='grc' dir='ltr'>ἔξω</span> <span class='ocrx_word' id='word_1_39' title='bbox 1083 523 1248 576; x_wconf 77' lang='grc' dir='ltr'>παντὶ</span> <span class='ocrx_word' id='word_1_40' title='bbox 1287 523 1443 595; x_wconf 80' lang='grc' dir='ltr'>μέρει</span> <span class='ocrx_word' id='word_1_41' title='bbox 1485 521 1578 576; x_wconf 78' lang='grc' dir='ltr'><strong>τοῦ</strong></span> <span class='ocrx_word' id='word_1_42' title='bbox 1615 522 1714 576; x_wconf 82' lang='grc' dir='ltr'>πά-</span> 
     </span>
    </p>
   </div>
   <div class='ocr_carea' id='block_1_8' title="bbox 123 606 1701 683">
    <p class='ocr_par' dir='ltr' id='par_1_8' title="bbox 123 606 1701 683">
     <span class='ocr_line' id='line_1_8' title="bbox 123 606 1701 683; baseline 0.004 -24"><span class='ocrx_word' id='word_1_43' title='bbox 123 606 275 671; x_wconf 87' lang='grc' dir='ltr'>θους,</span> <span class='ocrx_word' id='word_1_44' title='bbox 308 611 600 662; x_wconf 80' lang='grc' dir='ltr'>ὑποπεσεῖν</span> <span class='ocrx_word' id='word_1_45' title='bbox 632 611 975 681; x_wconf 80' lang='grc' dir='ltr'><strong>πολυμεροῦς</strong></span> <span class='ocrx_word' id='word_1_46' title='bbox 1004 614 1097 665; x_wconf 67' lang='grc' dir='ltr'><strong>καὶ</strong></span> <span class='ocrx_word' id='word_1_47' title='bbox 1123 611 1504 665; x_wconf 88' lang='grc' dir='ltr'>πολυποικίλου</span> <span class='ocrx_word' id='word_1_48' title='bbox 1536 612 1701 683; x_wconf 79' lang='grc' dir='ltr'>ὑπάρ-</span> 
     </span>
    </p>
   </div>
   <div class='ocr_carea' id='block_1_9' title="bbox 121 702 1711 775">
    <p class='ocr_par' dir='ltr' id='par_1_9' title="bbox 121 702 1711 775">
     <span class='ocr_line' id='line_1_9' title="bbox 121 702 1711 775; baseline 0.003 -22"><span class='ocrx_word' id='word_1_49' title='bbox 121 718 333 771; x_wconf 85' lang='grc' dir='ltr'>χοντος,</span> <span class='ocrx_word' id='word_1_50' title='bbox 362 704 456 755; x_wconf 77' lang='grc' dir='ltr'><strong>καὶ</strong></span> <span class='ocrx_word' id='word_1_51' title='bbox 479 702 670 756; x_wconf 80' lang='grc' dir='ltr'>παθεῖν</span> <span class='ocrx_word' id='word_1_52' title='bbox 695 703 869 774; x_wconf 83' lang='grc' dir='ltr'>λύπην</span> <span class='ocrx_word' id='word_1_53' title='bbox 896 704 1015 775; x_wconf 88' lang='grc' dir='ltr'>μὲν,</span> <span class='ocrx_word' id='word_1_54' title='bbox 1039 705 1121 758; x_wconf 81' lang='grc' dir='ltr'>ὅτι</span> <span class='ocrx_word' id='word_1_55' title='bbox 1147 705 1206 757; x_wconf 88' lang='grc' dir='ltr'><strong>οὐ</strong></span> <span class='ocrx_word' id='word_1_56' title='bbox 1229 704 1520 758; x_wconf 88' lang='grc' dir='ltr'>κατέλαϐε·</span> <span class='ocrx_word' id='word_1_57' title='bbox 1549 704 1711 774; x_wconf 89' lang='grc' dir='ltr'>φόϐον</span> 
     </span>
    </p>
   </div>
   <div class='ocr_carea' id='block_1_10' title="bbox 121 796 1710 871">
    <p class='ocr_par' dir='ltr' id='par_1_10' title="bbox 121 796 1710 871">
     <span class='ocr_line' id='line_1_10' title="bbox 121 796 1710 871; baseline 0.002 -23"><span class='ocrx_word' id='word_1_58' title='bbox 121 796 197 858; x_wconf 86' lang='grc' dir='ltr'><strong>δέ,</strong></span> <span class='ocrx_word' id='word_1_59' title='bbox 234 797 310 869; x_wconf 83' lang='grc' dir='ltr'>μὴ</span> <span class='ocrx_word' id='word_1_60' title='bbox 340 797 590 869; x_wconf 87' lang='grc' dir='ltr'>καθάπερ</span> <span class='ocrx_word' id='word_1_61' title='bbox 616 798 785 870; x_wconf 81' lang='grc' dir='ltr'>αὐτὴν</span> <span class='ocrx_word' id='word_1_62' title='bbox 819 799 879 851; x_wconf 85' lang='grc' dir='ltr'>τὸ</span> <span class='ocrx_word' id='word_1_63' title='bbox 907 799 1040 869; x_wconf 81' lang='grc' dir='ltr'>φῶς,</span> <span class='ocrx_word' id='word_1_64' title='bbox 1075 799 1216 852; x_wconf 72' lang='grc' dir='ltr'>οὕτω</span> <span class='ocrx_word' id='word_1_65' title='bbox 1247 800 1341 853; x_wconf 79' lang='grc' dir='ltr'>καὶ</span> <span class='ocrx_word' id='word_1_66' title='bbox 1369 799 1430 853; x_wconf 86' lang='grc' dir='ltr'><strong>τὸ</strong></span> <span class='ocrx_word' id='word_1_67' title='bbox 1461 798 1560 871; x_wconf 79' lang='grc' dir='ltr'><strong>ζῇν</strong></span> <span class='ocrx_word' id='word_1_68' title='bbox 1590 801 1710 852; x_wconf 88' lang='grc' dir='ltr'>ἐπι-</span> 
     </span>
    </p>
   </div>
   <div class='ocr_carea' id='block_1_11' title="bbox 121 886 1706 963">
    <p class='ocr_par' dir='ltr' id='par_1_11' title="bbox 121 886 1706 963">
     <span class='ocr_line' id='line_1_11' title="bbox 121 886 1706 963; baseline 0.004 -25"><span class='ocrx_word' id='word_1_69' title='bbox 121 886 274 958; x_wconf 84' lang='grc' dir='ltr'>λίπῃ,</span> <span class='ocrx_word' id='word_1_70' title='bbox 305 889 542 959; x_wconf 77' lang='grc' dir='ltr'>ἀπορίαν</span> <span class='ocrx_word' id='word_1_71' title='bbox 555 907 612 942; x_wconf 83' lang='grc' dir='ltr'><strong>τε</strong></span> <span class='ocrx_word' id='word_1_72' title='bbox 636 891 728 943; x_wconf 76' lang='grc' dir='ltr'><strong>ἐπὶ</strong></span> <span class='ocrx_word' id='word_1_73' title='bbox 759 890 990 955; x_wconf 84' lang='grc' dir='ltr'><strong>τούτοις,</strong></span> <span class='ocrx_word' id='word_1_74' title='bbox 1042 893 1100 944; x_wconf 88' lang='grc' dir='ltr'><strong>ἐν</strong></span> <span class='ocrx_word' id='word_1_75' title='bbox 1125 891 1318 963; x_wconf 76' lang='grc' dir='ltr'>ἀγνοίᾳ</span> <span class='ocrx_word' id='word_1_76' title='bbox 1341 892 1398 945; x_wconf 87' lang='grc' dir='ltr'>δὲ</span> <span class='ocrx_word' id='word_1_77' title='bbox 1423 891 1491 945; x_wconf 91' lang='grc' dir='ltr'><strong>τά</strong></span> <span class='ocrx_word' id='word_1_78' title='bbox 1507 891 1706 957; x_wconf 89' lang='grc' dir='ltr'>πάντα,</span> 
     </span>
    </p>
   </div>
   <div class='ocr_carea' id='block_1_12' title="bbox 121 977 1708 1054">
    <p class='ocr_par' dir='ltr' id='par_1_12' title="bbox 121 977 1708 1054">
     <span class='ocr_line' id='line_1_12' title="bbox 121 977 1708 1054; baseline 0.004 -24"><span class='ocrx_word' id='word_1_79' title='bbox 121 977 216 1030; x_wconf 79' lang='grc' dir='ltr'>καὶ</span> <span class='ocrx_word' id='word_1_80' title='bbox 237 977 304 1029; x_wconf 80' lang='grc' dir='ltr'><strong>οὐ</strong></span> <span class='ocrx_word' id='word_1_81' title='bbox 334 977 587 1052; x_wconf 80' lang='grc' dir='ltr'>καθάπερ</span> <span class='ocrx_word' id='word_1_82' title='bbox 609 981 624 1011; x_wconf 85' lang='grc'>¹</span> <span class='ocrx_word' id='word_1_83' title='bbox 651 982 684 1052; x_wconf 82' lang='grc' dir='ltr'>ή</span> <span class='ocrx_word' id='word_1_84' title='bbox 719 982 903 1054; x_wconf 82' lang='grc' dir='ltr'><strong>μήτηρ</strong></span> <span class='ocrx_word' id='word_1_85' title='bbox 925 983 1094 1052; x_wconf 83' lang='grc' dir='ltr'>αὐτῆς</span> <span class='ocrx_word' id='word_1_86' title='bbox 1125 985 1157 1054; x_wconf 85' lang='grc' dir='ltr'>ἠ</span> <span class='ocrx_word' id='word_1_87' title='bbox 1197 982 1386 1054; x_wconf 82' lang='grc' dir='ltr'>πρώτη</span> <span class='ocrx_word' id='word_1_88' title='bbox 1416 983 1583 1052; x_wconf 91' lang='grc' dir='ltr'>Σοφία</span> <span class='ocrx_word' id='word_1_89' title='bbox 1613 983 1708 1038; x_wconf 70' lang='grc' dir='ltr'><strong>καὶ</strong></span> 
     </span>
    </p>
   </div>
   <div class='ocr_carea' id='block_1_13' title="bbox 119 1066 1709 1145">
    <p class='ocr_par' dir='ltr' id='par_1_13' title="bbox 119 1066 1709 1145">
     <span class='ocr_line' id='line_1_13' title="bbox 119 1066 1709 1145; baseline 0.005 -26"><span class='ocrx_word' id='word_1_90' title='bbox 119 1066 282 1132; x_wconf 82' lang='grc' dir='ltr'>Δίὼν,</span> <span class='ocrx_word' id='word_1_91' title='bbox 323 1071 634 1141; x_wconf 88' lang='grc' dir='ltr'>ἐτεροίωσιν</span> <span class='ocrx_word' id='word_1_92' title='bbox 662 1073 719 1124; x_wconf 90' lang='grc' dir='ltr'><strong>ἐν</strong></span> <span class='ocrx_word' id='word_1_93' title='bbox 758 1075 870 1136; x_wconf 80' lang='grc' dir='ltr'>τοῖς</span> <span class='ocrx_word' id='word_1_94' title='bbox 905 1073 1131 1127; x_wconf 82' lang='grc' dir='ltr'>πάθεσιν</span> <span class='ocrx_word' id='word_1_95' title='bbox 1179 1071 1340 1145; x_wconf 78' lang='grc' dir='ltr'>εῖχεν,</span> <span class='ocrx_word' id='word_1_96' title='bbox 1375 1073 1510 1128; x_wconf 83' lang='grc' dir='ltr'>ἀλλά</span> <span class='ocrx_word' id='word_1_97' title='bbox 1554 1075 1709 1127; x_wconf 84' lang='grc' dir='ltr'>ἐναν-</span> 
     </span>
    </p>
   </div>
   <div class='ocr_carea' id='block_1_14' title="bbox 117 1159 1705 1238">
    <p class='ocr_par' dir='ltr' id='par_1_14' title="bbox 117 1159 1705 1238">
     <span class='ocr_line' id='line_1_14' title="bbox 117 1159 1705 1238; baseline 0.006 -28"><span class='ocrx_word' id='word_1_98' title='bbox 117 1159 368 1229; x_wconf 88' lang='grc' dir='ltr'>τιότητα.</span> <span class='ocrx_word' id='word_1_99' title='bbox 387 1161 576 1214; x_wconf 86' lang='grc' dir='ltr'>Ἐπισυ</span> <span class='ocrx_word' id='word_1_100' title='bbox 586 1163 916 1236; x_wconf 85' lang='grc' dir='ltr'>μϐεϐηκέναι</span> <span class='ocrx_word' id='word_1_101' title='bbox 933 1166 977 1218; x_wconf 86' lang='grc' dir='ltr'>δ’</span> <span class='ocrx_word' id='word_1_102' title='bbox 996 1167 1131 1238; x_wconf 83' lang='grc' dir='ltr'>αὐτῇ</span> <span class='ocrx_word' id='word_1_103' title='bbox 1156 1168 1246 1220; x_wconf 77' lang='grc' dir='ltr'>καὶ</span> <span class='ocrx_word' id='word_1_104' title='bbox 1265 1167 1458 1237; x_wconf 82' lang='grc' dir='ltr'>ἑτέραν</span> <span class='ocrx_word' id='word_1_105' title='bbox 1468 1165 1705 1219; x_wconf 89' lang='grc' dir='ltr'>διάθεσιν</span> 
     </span>
    </p>
   </div>
   <div class='ocr_carea' id='block_1_15' title="bbox 117 1247 1705 1328">
    <p class='ocr_par' dir='ltr' id='par_1_15' title="bbox 117 1247 1705 1328">
     <span class='ocr_line' id='line_1_15' title="bbox 117 1247 1705 1328; baseline -0.002 -14"><span class='ocrx_word' id='word_1_106' title='bbox 117 1247 217 1317; x_wconf 71' lang='grc' dir='ltr'><strong>τὴν</strong></span> <span class='ocrx_word' id='word_1_107' title='bbox 250 1250 358 1320; x_wconf 81' lang='grc' dir='ltr'><strong>τῆς</strong></span> <span class='ocrx_word' id='word_1_108' title='bbox 397 1253 729 1324; x_wconf 74' lang='grc' dir='ltr'>ἐπιστροφῆς</span> <span class='ocrx_word' id='word_1_109' title='bbox 758 1255 851 1307; x_wconf 54' lang='grc' dir='ltr'><strong>ἐπὶ¹</strong></span> <span class='ocrx_word' id='word_1_110' title='bbox 889 1255 981 1310; x_wconf 79' lang='grc' dir='ltr'><strong>τὸν</strong></span> <span class='ocrx_word' id='word_1_111' title='bbox 1019 1255 1432 1328; x_wconf 81' lang='grc' dir='ltr'>ζωοποιήσαντα</span> <span class='ocrx_word' id='word_1_112' title='bbox 1457 1259 1476 1288; x_wconf 76' lang='grc'><strong><em>⁸</em></strong></span> <span class='ocrx_word' id='word_1_113' title='bbox 1502 1256 1705 1327; x_wconf 86' lang='grc' dir='ltr'>ταύτην</span> 
     </span>
    </p>
   </div>
   <div class='ocr_carea' id='block_1_16' title="bbox 120 1339 1700 1419">
    <p class='ocr_par' dir='ltr' id='par_1_16' title="bbox 120 1339 1700 1419">
     <span class='ocr_line' id='line_1_16' title="bbox 120 1339 1700 1419; baseline 0.008 -28"><span class='ocrx_word' id='word_1_114' title='bbox 120 1339 386 1393; x_wconf 83' lang='grc' dir='ltr'>σύστασιν</span> <span class='ocrx_word' id='word_1_115' title='bbox 424 1343 516 1395; x_wconf 70' lang='grc' dir='ltr'><strong>καὶ</strong></span> <span class='ocrx_word' id='word_1_116' title='bbox 546 1344 733 1398; x_wconf 79' lang='grc' dir='ltr'>οὐσίαν</span> <span class='ocrx_word' id='word_1_117' title='bbox 771 1347 868 1418; x_wconf 88' lang='grc' dir='ltr'><strong>τῆς</strong></span> <span class='ocrx_word' id='word_1_118' title='bbox 892 1346 1030 1417; x_wconf 69' lang='grc' dir='ltr'>’ὕλης</span> <span class='ocrx_word' id='word_1_119' title='bbox 1072 1349 1400 1419; x_wconf 81' lang='grc' dir='ltr'>γεγενῆσθαι</span> <span class='ocrx_word' id='word_1_120' title='bbox 1433 1349 1700 1417; x_wconf 86' lang='grc' dir='ltr'>λέγουσιν,</span> 
     </span>
    </p>
   </div>
   <div class='ocr_carea' id='block_1_17' title="bbox 119 1425 1702 1511">
    <p class='ocr_par' dir='ltr' id='par_1_17' title="bbox 119 1425 1702 1511">
     <span class='ocr_line' id='line_1_17' title="bbox 119 1425 1702 1511; baseline 0.015 -30"><span class='ocrx_word' id='word_1_121' title='bbox 119 1428 174 1492; x_wconf 81' lang='grc' dir='ltr'>ἐξ</span> <span class='ocrx_word' id='word_1_122' title='bbox 217 1425 288 1501; x_wconf 79' lang='grc' dir='ltr'>ἧς</span> <span class='ocrx_word' id='word_1_123' title='bbox 317 1432 406 1485; x_wconf 86' lang='grc' dir='ltr'>ὅδε</span> <span class='ocrx_word' id='word_1_124' title='bbox 451 1435 480 1486; x_wconf 87' lang='grc' dir='ltr'><strong>ὁ</strong></span> <span class='ocrx_word' id='word_1_125' title='bbox 525 1435 728 1506; x_wconf 87' lang='grc' dir='ltr'>κόσμος</span> <span class='ocrx_word' id='word_1_126' title='bbox 767 1438 1121 1509; x_wconf 76' lang='grc' dir='ltr'>συνέστηκεν.</span> <span class='ocrx_word' id='word_1_127' title='bbox 1169 1441 1264 1493; x_wconf 85' lang='grc' dir='ltr'>Ἐκ</span> <span class='ocrx_word' id='word_1_128' title='bbox 1320 1441 1418 1510; x_wconf 86' lang='grc' dir='ltr'><strong>μὲν</strong></span> <span class='ocrx_word' id='word_1_129' title='bbox 1448 1440 1556 1511; x_wconf 79' lang='grc' dir='ltr'>γὰρ</span> <span class='ocrx_word' id='word_1_130' title='bbox 1603 1440 1702 1508; x_wconf 81' lang='grc' dir='ltr'>τῆς</span> 
     </span>
    </p>
   </div>
   <div class='ocr_carea' id='block_1_18' title="bbox 118 1523 1702 1602">
    <p class='ocr_par' dir='ltr' id='par_1_18' title="bbox 118 1523 1702 1602">
     <span class='ocr_line' id='line_1_18' title="bbox 118 1523 1702 1602; baseline 0.008 -29"><span class='ocrx_word' id='word_1_131' title='bbox 118 1523 455 1594; x_wconf 77' lang='grc' dir='ltr'>ἐπιστροφῆς</span> <span class='ocrx_word' id='word_1_132' title='bbox 481 1527 580 1598; x_wconf 81' lang='grc' dir='ltr'>τὴν</span> <span class='ocrx_word' id='word_1_133' title='bbox 611 1527 706 1580; x_wconf 81' lang='grc' dir='ltr'>τοῦ</span> <span class='ocrx_word' id='word_1_134' title='bbox 738 1531 946 1600; x_wconf 83' lang='grc' dir='ltr'>κόσμου</span> <span class='ocrx_word' id='word_1_135' title='bbox 980 1529 1191 1583; x_wconf 76' lang='grc' dir='ltr'>καὶτοῦ</span> <span class='ocrx_word' id='word_1_136' title='bbox 1226 1531 1568 1602; x_wconf 86' lang='grc' dir='ltr'>Δημιουργοῦ</span> <span class='ocrx_word' id='word_1_137' title='bbox 1600 1533 1702 1585; x_wconf 82' lang='grc' dir='ltr'><strong>πᾶ-</strong></span> 
     </span>
    </p>
   </div>
   <div class='ocr_carea' id='block_1_19' title="bbox 119 1616 1699 1694">
    <p class='ocr_par' dir='ltr' id='par_1_19' title="bbox 119 1616 1699 1694">
     <span class='ocr_line' id='line_1_19' title="bbox 119 1616 1699 1694; baseline 0.008 -28"><span class='ocrx_word' id='word_1_138' title='bbox 119 1632 214 1667; x_wconf 88' lang='grc' dir='ltr'><strong>σαν</strong></span> <span class='ocrx_word' id='word_1_139' title='bbox 245 1616 265 1647; x_wconf 82' lang='grc'>³</span> <span class='ocrx_word' id='word_1_140' title='bbox 297 1617 476 1689; x_wconf 68' lang='grc' dir='ltr'>ψυχὴν</span> <span class='ocrx_word' id='word_1_141' title='bbox 504 1619 601 1691; x_wconf 82' lang='grc' dir='ltr'>τὴν</span> <span class='ocrx_word' id='word_1_142' title='bbox 634 1621 846 1688; x_wconf 86' lang='grc' dir='ltr'>γένεσιν</span> <span class='ocrx_word' id='word_1_143' title='bbox 877 1623 1175 1694; x_wconf 77' lang='grc' dir='ltr'>εἰληφέναι,</span> <span class='ocrx_word' id='word_1_144' title='bbox 1209 1624 1273 1676; x_wconf 85' lang='grc' dir='ltr'><strong>ἐκ</strong></span> <span class='ocrx_word' id='word_1_145' title='bbox 1313 1624 1371 1676; x_wconf 84' lang='grc' dir='ltr'>δὲ</span> <span class='ocrx_word' id='word_1_146' title='bbox 1404 1623 1497 1678; x_wconf 83' lang='grc' dir='ltr'>τοῦ</span> <span class='ocrx_word' id='word_1_147' title='bbox 1533 1625 1699 1694; x_wconf 82' lang='grc' dir='ltr'>φόϐου</span> 
     </span>
    </p>
   </div>
   <div class='ocr_carea' id='block_1_20' title="bbox 1815 431 3398 504">
    <p class='ocr_par' dir='ltr' id='par_1_20' title="bbox 1815 431 3398 504">
     <span class='ocr_line' id='line_1_20' title="bbox 1815 431 3398 504; baseline 0.001 -18"><span class='ocrx_word' id='word_1_148' title='bbox 1815 432 1998 497; x_wconf 86' lang='lat' dir='ltr'><strong>vellet,</strong></span> <span class='ocrx_word' id='word_1_149' title='bbox 2043 431 2138 486; x_wconf 89' lang='lat' dir='ltr'><strong>lao</strong></span> <span class='ocrx_word' id='word_1_150' title='bbox 2161 433 2494 488; x_wconf 80' lang='lat' dir='ltr'><strong>vocabulum</strong></span> <span class='ocrx_word' id='word_1_151' title='bbox 2529 433 2832 504; x_wconf 83' lang='lat' dir='ltr'><strong>proferret;</strong></span> <span class='ocrx_word' id='word_1_152' title='bbox 2866 447 2929 486; x_wconf 78' lang='lat' dir='ltr'><strong>ex</strong></span> <span class='ocrx_word' id='word_1_153' title='bbox 2962 447 3070 502; x_wconf 89' lang='lat' dir='ltr'><strong>quo</strong></span> <span class='ocrx_word' id='word_1_154' title='bbox 3099 433 3251 488; x_wconf 84' lang='lat' dir='ltr'><strong>vocis</strong></span> <span class='ocrx_word' id='word_1_155' title='bbox 3281 432 3398 488; x_wconf 88' lang='lat' dir='ltr'><strong>ori-</strong></span> 
     </span>
    </p>
   </div>
   <div class='ocr_carea' id='block_1_21' title="bbox 1815 522 3396 594">
    <p class='ocr_par' dir='ltr' id='par_1_21' title="bbox 1815 522 3396 594">
     <span class='ocr_line' id='line_1_21' title="bbox 1815 522 3396 594; baseline 0.002 -18"><span class='ocrx_word' id='word_1_156' title='bbox 1815 523 1995 594; x_wconf 76' lang='lat' dir='ltr'><strong>ginem</strong></span> <span class='ocrx_word' id='word_1_157' title='bbox 2037 522 2357 593; x_wconf 76' lang='lat' dir='ltr'><strong>profectam.</strong></span> <span class='ocrx_word' id='word_1_158' title='bbox 2407 523 2543 580; x_wconf 91' lang='lat' dir='ltr'><strong>Cum</strong></span> <span class='ocrx_word' id='word_1_159' title='bbox 2594 525 2764 594; x_wconf 79' lang='lat' dir='ltr'><strong>igitur</strong></span> <span class='ocrx_word' id='word_1_160' title='bbox 2808 539 3159 593; x_wconf 86' lang='lat' dir='ltr'><strong>perrumpere</strong></span> <span class='ocrx_word' id='word_1_161' title='bbox 3189 522 3396 579; x_wconf 85' lang='lat' dir='ltr'><strong>Horum</strong></span> 
     </span>
    </p>
   </div>
   <div class='ocr_carea' id='block_1_22' title="bbox 1813 608 3398 687">
    <p class='ocr_par' dir='ltr' id='par_1_22' title="bbox 1813 608 3398 687">
     <span class='ocr_line' id='line_1_22' title="bbox 1813 608 3398 687; baseline 0.001 -18"><span class='ocrx_word' id='word_1_162' title='bbox 1813 617 2127 685; x_wconf 87' lang='lat' dir='ltr'><strong>nequisset,</strong></span> <span class='ocrx_word' id='word_1_163' title='bbox 2159 616 2282 671; x_wconf 86' lang='lat' dir='ltr'><strong>ideo</strong></span> <span class='ocrx_word' id='word_1_164' title='bbox 2328 616 2474 687; x_wconf 91' lang='lat' dir='ltr'><strong>quod</strong></span> <span class='ocrx_word' id='word_1_165' title='bbox 2509 608 2918 686; x_wconf 75' lang='lat' dir='ltr'><strong>perturbatione</strong></span> <span class='ocrx_word' id='word_1_166' title='bbox 2951 617 3223 685; x_wconf 91' lang='lat' dir='ltr'><strong>implicata</strong></span> <span class='ocrx_word' id='word_1_167' title='bbox 3260 617 3398 671; x_wconf 90' lang='lat' dir='ltr'><strong>deti-</strong></span> 
     </span>
    </p>
   </div>
   <div class='ocr_carea' id='block_1_23' title="bbox 1811 707 3396 778">
    <p class='ocr_par' dir='ltr' id='par_1_23' title="bbox 1811 707 3396 778">
     <span class='ocr_line' id='line_1_23' title="bbox 1811 707 3396 778; baseline 0.001 -16"><span class='ocrx_word' id='word_1_168' title='bbox 1811 715 2056 772; x_wconf 89' lang='lat' dir='ltr'><strong>neretur,</strong></span> <span class='ocrx_word' id='word_1_169' title='bbox 2097 707 2254 778; x_wconf 78' lang='lat'><strong>183</strong></span> <span class='ocrx_word' id='word_1_170' title='bbox 2284 723 2348 763; x_wconf 88' lang='lat' dir='ltr'><strong>ac</strong></span> <span class='ocrx_word' id='word_1_171' title='bbox 2403 709 2519 765; x_wconf 91' lang='lat' dir='ltr'><strong>sola</strong></span> <span class='ocrx_word' id='word_1_172' title='bbox 2549 716 2705 764; x_wconf 85' lang='lat' dir='ltr'><strong>extra</strong></span> <span class='ocrx_word' id='word_1_173' title='bbox 2753 709 3129 774; x_wconf 88' lang='lat' dir='ltr'><strong>remansisset,</strong></span> <span class='ocrx_word' id='word_1_174' title='bbox 3177 718 3396 778; x_wconf 88' lang='lat' dir='ltr'><strong>pertur-</strong></span> 
     </span>
    </p>
   </div>
   <div class='ocr_carea' id='block_1_24' title="bbox 1813 797 3394 871">
    <p class='ocr_par' dir='ltr' id='par_1_24' title="bbox 1813 797 3394 871">
     <span class='ocr_line' id='line_1_24' title="bbox 1813 797 3394 871; baseline -0.003 -17"><span class='ocrx_word' id='word_1_175' title='bbox 1813 798 2054 854; x_wconf 86' lang='lat' dir='ltr'><strong>bationis</strong></span> <span class='ocrx_word' id='word_1_176' title='bbox 2084 799 2251 868; x_wconf 87' lang='lat' dir='ltr'><strong>hujus</strong></span> <span class='ocrx_word' id='word_1_177' title='bbox 2289 797 2411 870; x_wconf 69' lang='lat' dir='ltr'><strong>quae</strong></span> <span class='ocrx_word' id='word_1_178' title='bbox 2441 800 2724 871; x_wconf 73' lang='lat' dir='ltr'><strong>multiplex</strong></span> <span class='ocrx_word' id='word_1_179' title='bbox 2760 808 2879 854; x_wconf 92' lang='lat' dir='ltr'><strong>erat</strong></span> <span class='ocrx_word' id='word_1_180' title='bbox 2913 815 2978 853; x_wconf 89' lang='lat' dir='ltr'><strong>ac</strong></span> <span class='ocrx_word' id='word_1_181' title='bbox 3013 799 3183 864; x_wconf 88' lang='lat' dir='ltr'><strong>varia,</strong></span> <span class='ocrx_word' id='word_1_182' title='bbox 3220 799 3394 867; x_wconf 88' lang='lat' dir='ltr'><strong>parti-</strong></span> 
     </span>
    </p>
   </div>
   <div class='ocr_carea' id='block_1_25' title="bbox 1811 886 3394 961">
    <p class='ocr_par' dir='ltr' id='par_1_25' title="bbox 1811 886 3394 961">
     <span class='ocr_line' id='line_1_25' title="bbox 1811 886 3394 961; baseline 0.001 -15"><span class='ocrx_word' id='word_1_183' title='bbox 1811 886 1915 948; x_wconf 83' lang='lat' dir='ltr'><strong>bus</strong></span> <span class='ocrx_word' id='word_1_184' title='bbox 1986 893 2244 949; x_wconf 91' lang='lat' dir='ltr'><strong>omnibus</strong></span> <span class='ocrx_word' id='word_1_185' title='bbox 2311 894 2708 960; x_wconf 87' lang='lat' dir='ltr'><strong>succubuisse;</strong></span> <span class='ocrx_word' id='word_1_186' title='bbox 2781 892 3141 961; x_wconf 79' lang='lat' dir='ltr'><strong>aflectamque</strong></span> <span class='ocrx_word' id='word_1_187' title='bbox 3206 890 3394 947; x_wconf 88' lang='lat' dir='ltr'><strong>dolore</strong></span> 
     </span>
    </p>
   </div>
   <div class='ocr_carea' id='block_1_26' title="bbox 1811 984 3394 1056">
    <p class='ocr_par' dir='ltr' id='par_1_26' title="bbox 1811 984 3394 1056">
     <span class='ocr_line' id='line_1_26' title="bbox 1811 984 3394 1056; baseline 0 -19"><span class='ocrx_word' id='word_1_188' title='bbox 1811 984 2071 1056; x_wconf 89' lang='lat' dir='ltr'><strong>primum,</strong></span> <span class='ocrx_word' id='word_1_189' title='bbox 2106 985 2254 1055; x_wconf 91' lang='lat' dir='ltr'><strong>quod</strong></span> <span class='ocrx_word' id='word_1_190' title='bbox 2292 985 2429 1039; x_wconf 85' lang='lat' dir='ltr'><strong>nihil</strong></span> <span class='ocrx_word' id='word_1_191' title='bbox 2460 994 2714 1042; x_wconf 89' lang='lat' dir='ltr'><strong>assecuta</strong></span> <span class='ocrx_word' id='word_1_192' title='bbox 2752 988 2852 1053; x_wconf 87' lang='lat' dir='ltr'><strong>sit;</strong></span> <span class='ocrx_word' id='word_1_193' title='bbox 2887 993 3000 1040; x_wconf 91' lang='lat' dir='ltr'><strong>tum</strong></span> <span class='ocrx_word' id='word_1_194' title='bbox 3031 993 3198 1050; x_wconf 91' lang='lat' dir='ltr'><strong>metu,</strong></span> <span class='ocrx_word' id='word_1_195' title='bbox 3227 999 3295 1038; x_wconf 90' lang='lat' dir='ltr'><strong>ne</strong></span> <span class='ocrx_word' id='word_1_196' title='bbox 3333 992 3394 1038; x_wconf 88' lang='lat' dir='ltr'><strong>ut</strong></span> 
     </span>
    </p>
   </div>
   <div class='ocr_carea' id='block_1_27' title="bbox 1811 1075 3388 1146">
    <p class='ocr_par' dir='ltr' id='par_1_27' title="bbox 1811 1075 3388 1146">
     <span class='ocr_line' id='line_1_27' title="bbox 1811 1075 3388 1146; baseline 0.001 -16"><span class='ocrx_word' id='word_1_197' title='bbox 1811 1079 1984 1146; x_wconf 86' lang='lat' dir='ltr'><strong>ipsam</strong></span> <span class='ocrx_word' id='word_1_198' title='bbox 2039 1075 2245 1140; x_wconf 89' lang='lat' dir='ltr'><strong>lumen,</strong></span> <span class='ocrx_word' id='word_1_199' title='bbox 2291 1076 2364 1130; x_wconf 89' lang='lat' dir='ltr'><strong>ita</strong></span> <span class='ocrx_word' id='word_1_200' title='bbox 2406 1078 2517 1132; x_wconf 89' lang='lat' dir='ltr'><strong>vita</strong></span> <span class='ocrx_word' id='word_1_201' title='bbox 2573 1077 2876 1133; x_wconf 84' lang='lat' dir='ltr'><strong>deﬁceret:</strong></span> <span class='ocrx_word' id='word_1_202' title='bbox 2920 1077 3118 1133; x_wconf 84' lang='lat' dir='ltr'><strong>deinde</strong></span> <span class='ocrx_word' id='word_1_203' title='bbox 3173 1078 3388 1132; x_wconf 90' lang='lat' dir='ltr'><strong>consilii</strong></span> 
     </span>
    </p>
   </div>
   <div class='ocr_carea' id='block_1_28' title="bbox 1809 1167 3387 1240">
    <p class='ocr_par' dir='ltr' id='par_1_28' title="bbox 1809 1167 3387 1240">
     <span class='ocr_line' id='line_1_28' title="bbox 1809 1167 3387 1240; baseline 0.002 -19"><span class='ocrx_word' id='word_1_204' title='bbox 1809 1167 2012 1238; x_wconf 85' lang='lat' dir='ltr'><strong>inopia,</strong></span> <span class='ocrx_word' id='word_1_205' title='bbox 2063 1183 2127 1222; x_wconf 92' lang='lat' dir='ltr'><strong>ac</strong></span> <span class='ocrx_word' id='word_1_206' title='bbox 2178 1171 2395 1224; x_wconf 90' lang='lat' dir='ltr'><strong>demum</strong></span> <span class='ocrx_word' id='word_1_207' title='bbox 2427 1170 2748 1240; x_wconf 76' lang='lat' dir='ltr'><strong>ignorantiae</strong></span> <span class='ocrx_word' id='word_1_208' title='bbox 2784 1171 3004 1240; x_wconf 90' lang='lat' dir='ltr'><strong>penitus</strong></span> <span class='ocrx_word' id='word_1_209' title='bbox 3051 1172 3387 1226; x_wconf 85' lang='lat' dir='ltr'><strong>immersam.</strong></span> 
     </span>
    </p>
   </div>
   <div class='ocr_carea' id='block_1_29' title="bbox 1807 1258 3388 1332">
    <p class='ocr_par' dir='ltr' id='par_1_29' title="bbox 1807 1258 3388 1332">
     <span class='ocr_line' id='line_1_29' title="bbox 1807 1258 3388 1332; baseline 0.003 -20"><span class='ocrx_word' id='word_1_210' title='bbox 1807 1258 1996 1329; x_wconf 86' lang='lat' dir='ltr'><strong>Neque</strong></span> <span class='ocrx_word' id='word_1_211' title='bbox 2027 1261 2197 1326; x_wconf 91' lang='lat' dir='ltr'><strong>enim,</strong></span> <span class='ocrx_word' id='word_1_212' title='bbox 2231 1270 2288 1314; x_wconf 89' lang='lat' dir='ltr'><strong>ut</strong></span> <span class='ocrx_word' id='word_1_213' title='bbox 2327 1262 2448 1331; x_wconf 89' lang='lat' dir='ltr'><strong>ejus</strong></span> <span class='ocrx_word' id='word_1_214' title='bbox 2499 1260 2670 1316; x_wconf 84' lang='lat' dir='ltr'><strong>Mater</strong></span> <span class='ocrx_word' id='word_1_215' title='bbox 2709 1263 2884 1332; x_wconf 89' lang='lat' dir='ltr'><strong>prima</strong></span> <span class='ocrx_word' id='word_1_216' title='bbox 2931 1262 3021 1316; x_wconf 91' lang='lat' dir='ltr'><strong>illa</strong></span> <span class='ocrx_word' id='word_1_217' title='bbox 3055 1279 3122 1316; x_wconf 84' lang='lat' dir='ltr'><strong>ex</strong></span> <span class='ocrx_word' id='word_1_218' title='bbox 3149 1262 3388 1317; x_wconf 64' lang='lat' dir='ltr'><strong>Eonum</strong></span> 
     </span>
    </p>
   </div>
   <div class='ocr_carea' id='block_1_30' title="bbox 1807 1352 3390 1425">
    <p class='ocr_par' dir='ltr' id='par_1_30' title="bbox 1807 1352 3390 1425">
     <span class='ocr_line' id='line_1_30' title="bbox 1807 1352 3390 1425; baseline 0.002 -17"><span class='ocrx_word' id='word_1_219' title='bbox 1807 1355 2041 1425; x_wconf 78' lang='lat' dir='ltr'><strong>collegio</strong></span> <span class='ocrx_word' id='word_1_220' title='bbox 2073 1352 2375 1425; x_wconf 85' lang='lat' dir='ltr'><strong>Sapientia,</strong></span> <span class='ocrx_word' id='word_1_221' title='bbox 2409 1356 2742 1409; x_wconf 86' lang='lat' dir='ltr'><strong>alternorum</strong></span> <span class='ocrx_word' id='word_1_222' title='bbox 2778 1356 3044 1409; x_wconf 81' lang='lat' dir='ltr'><strong>duntaxat</strong></span> <span class='ocrx_word' id='word_1_223' title='bbox 3071 1356 3390 1412; x_wconf 86' lang='lat' dir='ltr'><strong>diversitate</strong></span> 
     </span>
    </p>
   </div>
   <div class='ocr_carea' id='block_1_31' title="bbox 1803 1446 3365 1511">
    <p class='ocr_par' dir='ltr' id='par_1_31' title="bbox 1803 1446 3365 1511">
     <span class='ocr_line' id='line_1_31' title="bbox 1803 1446 3365 1511; baseline 0.003 -13"><span class='ocrx_word' id='word_1_224' title='bbox 1803 1454 2082 1511; x_wconf 88' lang='lat' dir='ltr'><strong>motuum,</strong></span> <span class='ocrx_word' id='word_1_225' title='bbox 2148 1448 2242 1502; x_wconf 92' lang='lat' dir='ltr'><strong>sed</strong></span> <span class='ocrx_word' id='word_1_226' title='bbox 2305 1449 2708 1502; x_wconf 85' lang='lat' dir='ltr'><strong>contrariorum</strong></span> <span class='ocrx_word' id='word_1_227' title='bbox 2789 1446 3019 1501; x_wconf 88' lang='lat' dir='ltr'><strong>dissidio</strong></span> <span class='ocrx_word' id='word_1_228' title='bbox 3083 1448 3365 1502; x_wconf 85' lang='lat' dir='ltr'><strong>laborasse</strong></span> 
     </span>
    </p>
   </div>
   <div class='ocr_carea' id='block_1_32' title="bbox 1805 1538 3384 1610">
    <p class='ocr_par' dir='ltr' id='par_1_32' title="bbox 1805 1538 3384 1610">
     <span class='ocr_line' id='line_1_32' title="bbox 1805 1538 3384 1610; baseline -0.001 -17"><span class='ocrx_word' id='word_1_229' title='bbox 1805 1538 1946 1604; x_wconf 91' lang='lat' dir='ltr'><strong>Quin</strong></span> <span class='ocrx_word' id='word_1_230' title='bbox 1977 1547 2031 1594; x_wconf 91' lang='lat' dir='ltr'><strong>et</strong></span> <span class='ocrx_word' id='word_1_231' title='bbox 2055 1555 2248 1594; x_wconf 88' lang='lat' dir='ltr'><strong>novam</strong></span> <span class='ocrx_word' id='word_1_232' title='bbox 2275 1539 2498 1609; x_wconf 86' lang='lat' dir='ltr'><strong>insuper</strong></span> <span class='ocrx_word' id='word_1_233' title='bbox 2513 1540 2687 1593; x_wconf 82' lang='lat' dir='ltr'><strong>eidem</strong></span> <span class='ocrx_word' id='word_1_234' title='bbox 2707 1538 3044 1594; x_wconf 75' lang='lat' dir='ltr'><strong>all‘ectionem</strong></span> <span class='ocrx_word' id='word_1_235' title='bbox 3068 1539 3384 1610; x_wconf 83' lang='lat' dir='ltr'><strong>contigisse,</strong></span> 
     </span>
    </p>
   </div>
   <div class='ocr_carea' id='block_1_33' title="bbox 1805 1628 3388 1699">
    <p class='ocr_par' dir='ltr' id='par_1_33' title="bbox 1805 1628 3388 1699">
     <span class='ocr_line' id='line_1_33' title="bbox 1805 1628 3388 1699; baseline 0.001 -17"><span class='ocrx_word' id='word_1_236' title='bbox 1805 1629 2184 1684; x_wconf 87' lang='lat' dir='ltr'><strong>conversionis</strong></span> <span class='ocrx_word' id='word_1_237' title='bbox 2223 1628 2287 1683; x_wconf 90' lang='lat' dir='ltr'><strong>ad</strong></span> <span class='ocrx_word' id='word_1_238' title='bbox 2323 1644 2448 1683; x_wconf 91' lang='lat' dir='ltr'><strong>eum</strong></span> <span class='ocrx_word' id='word_1_239' title='bbox 2479 1629 2688 1683; x_wconf 84' lang='lat' dir='ltr'><strong>scilicet</strong></span> <span class='ocrx_word' id='word_1_240' title='bbox 2731 1630 2819 1698; x_wconf 90' lang='lat' dir='ltr'><strong>qui</strong></span> <span class='ocrx_word' id='word_1_241' title='bbox 2858 1630 2961 1683; x_wconf 89' lang='lat' dir='ltr'><strong>sibi</strong></span> <span class='ocrx_word' id='word_1_242' title='bbox 2994 1631 3157 1684; x_wconf 87' lang='lat' dir='ltr'><strong>vitam</strong></span> <span class='ocrx_word' id='word_1_243' title='bbox 3189 1631 3388 1699; x_wconf 90' lang='lat' dir='ltr'><strong>imper-</strong></span> 
     </span>
    </p>
   </div>
   <div class='ocr_carea' id='block_1_34' title="bbox 116 1707 1698 1787">
    <p class='ocr_par' dir='ltr' id='par_1_34' title="bbox 116 1707 1698 1787">
     <span class='ocr_line' id='line_1_34' title="bbox 116 1707 1698 1787; baseline 0.008 -28"><span class='ocrx_word' id='word_1_244' title='bbox 116 1707 208 1760; x_wconf 71' lang='lat' dir='ltr'><strong>xal.</strong></span> <span class='ocrx_word' id='word_1_245' title='bbox 232 1709 336 1779; x_wconf 82' lang='grc' dir='ltr'><strong>τῆς</strong></span> <span class='ocrx_word' id='word_1_246' title='bbox 366 1710 538 1784; x_wconf 81' lang='grc' dir='ltr'>λύπης</span> <span class='ocrx_word' id='word_1_247' title='bbox 563 1713 631 1765; x_wconf 79' lang='grc' dir='ltr'><strong>τά</strong></span> <span class='ocrx_word' id='word_1_248' title='bbox 677 1713 838 1766; x_wconf 86' lang='grc' dir='ltr'>λοιπά</span> <span class='ocrx_word' id='word_1_249' title='bbox 873 1715 972 1786; x_wconf 79' lang='grc' dir='ltr'>τὴν</span> <span class='ocrx_word' id='word_1_250' title='bbox 1013 1715 1186 1787; x_wconf 79' lang='grc' dir='ltr'>ἀρχὴν</span> <span class='ocrx_word' id='word_1_251' title='bbox 1213 1718 1521 1787; x_wconf 85' lang='grc' dir='ltr'>ἐσχηκέναι.</span> <span class='ocrx_word' id='word_1_252' title='bbox 1569 1718 1698 1771; x_wconf 82' lang='grc' dir='ltr'>Ἀπὸ</span> 
     </span>
    </p>
   </div>
   <div class='ocr_carea' id='block_1_35' title="bbox 1839 1707 3386 1787">
    <p class='ocr_par' dir='ltr' id='par_1_35' title="bbox 1839 1718 3386 1775">
     <span class='ocr_line' id='line_1_35' title="bbox 1839 1718 3386 1775; baseline 0.002 -4"><span class='ocrx_word' id='word_1_253' title='bbox 1839 1724 1986 1774; x_wconf 69' lang='lat' dir='ltr'><strong>terat.</strong></span> <span class='ocrx_word' id='word_1_254' title='bbox 2047 1718 2198 1774; x_wconf 87' lang='lat' dir='ltr'><strong>Hanc</strong></span> <span class='ocrx_word' id='word_1_255' title='bbox 2235 1735 2365 1774; x_wconf 83' lang='lat' dir='ltr'><strong>vero</strong></span> <span class='ocrx_word' id='word_1_256' title='bbox 2408 1723 2649 1774; x_wconf 77' lang='lat' dir='ltr'><strong>materia:</strong></span> <span class='ocrx_word' id='word_1_257' title='bbox 2686 1721 2883 1774; x_wconf 89' lang='lat' dir='ltr'><strong>molem</strong></span> <span class='ocrx_word' id='word_1_258' title='bbox 2923 1735 2987 1774; x_wconf 89' lang='lat' dir='ltr'><strong>ac</strong></span> <span class='ocrx_word' id='word_1_259' title='bbox 3023 1721 3386 1775; x_wconf 88' lang='lat' dir='ltr'><strong>substantiam</strong></span> 
     </span>
    </p>
   </div>
   <div class='ocr_carea' id='block_1_36' title="bbox 116 1801 1697 1880">
    <p class='ocr_par' dir='ltr' id='par_1_36' title="bbox 116 1801 1697 1880">
     <span class='ocr_line' id='line_1_36' title="bbox 116 1801 1697 1880; baseline 0.008 -31"><span class='ocrx_word' id='word_1_260' title='bbox 116 1802 220 1871; x_wconf 75' lang='grc' dir='ltr'><strong>γάρ</strong></span> <span class='ocrx_word' id='word_1_261' title='bbox 259 1801 374 1854; x_wconf 85' lang='grc' dir='ltr'><strong>τῶν</strong></span> <span class='ocrx_word' id='word_1_262' title='bbox 422 1803 672 1875; x_wconf 82' lang='grc' dir='ltr'>δακρύων</span> <span class='ocrx_word' id='word_1_263' title='bbox 706 1806 876 1875; x_wconf 82' lang='grc' dir='ltr'>αὐτῆς</span> <span class='ocrx_word' id='word_1_264' title='bbox 907 1808 1186 1876; x_wconf 82' lang='grc' dir='ltr'>γεγονέναι</span> <span class='ocrx_word' id='word_1_265' title='bbox 1241 1811 1420 1862; x_wconf 81' lang='grc' dir='ltr'>πᾶσαν</span> <span class='ocrx_word' id='word_1_266' title='bbox 1472 1808 1697 1880; x_wconf 85' lang='grc' dir='ltr'>ἐνυγρον</span> 
     </span>
    </p>
   </div>
   <div class='ocr_carea' id='block_1_37' title="bbox 116 1891 1699 1971">
    <p class='ocr_par' dir='ltr' id='par_1_37' title="bbox 116 1891 1699 1971">
     <span class='ocr_line' id='line_1_37' title="bbox 116 1891 1699 1971; baseline 0.006 -29"><span class='ocrx_word' id='word_1_267' title='bbox 116 1891 302 1945; x_wconf 74' lang='grc' dir='ltr'>οὐσίαν</span> <span class='ocrx_word' id='word_1_268' title='bbox 323 1909 338 1922; x_wconf 83' lang='lat'><strong><em>°</em></strong></span> <span class='ocrx_word' id='word_1_269' title='bbox 389 1894 498 1946; x_wconf 78' lang='grc' dir='ltr'>άπὸ</span> <span class='ocrx_word' id='word_1_270' title='bbox 535 1895 590 1948; x_wconf 85' lang='grc' dir='ltr'>δὲ</span> <span class='ocrx_word' id='word_1_271' title='bbox 622 1896 716 1949; x_wconf 79' lang='grc' dir='ltr'>τοῦ</span> <span class='ocrx_word' id='word_1_272' title='bbox 749 1897 984 1966; x_wconf 82' lang='grc' dir='ltr'>γέλωτος</span> <span class='ocrx_word' id='word_1_273' title='bbox 1024 1899 1124 1971; x_wconf 83' lang='grc' dir='ltr'>τὴν</span> <span class='ocrx_word' id='word_1_274' title='bbox 1154 1901 1422 1970; x_wconf 78' lang='grc' dir='ltr'>φωτεινὴν</span> <span class='ocrx_word' id='word_1_275' title='bbox 1443 1913 1456 1928; x_wconf 86' lang='grc'><strong>·</strong></span> <span class='ocrx_word' id='word_1_276' title='bbox 1489 1901 1596 1953; x_wconf 80' lang='grc' dir='ltr'><strong>ἀπὸ</strong></span> <span class='ocrx_word' id='word_1_277' title='bbox 1641 1901 1699 1954; x_wconf 84' lang='grc' dir='ltr'>δὲ</span> 
     </span>
    </p>
   </div>
   <div class='ocr_carea' id='block_1_38' title="bbox 114 1981 1696 2061">
    <p class='ocr_par' dir='ltr' id='par_1_38' title="bbox 114 1981 1696 2061">
     <span class='ocr_line' id='line_1_38' title="bbox 114 1981 1696 2061; baseline 0.008 -29"><span class='ocrx_word' id='word_1_278' title='bbox 114 1981 209 2050; x_wconf 81' lang='grc' dir='ltr'><strong>τῆς</strong></span> <span class='ocrx_word' id='word_1_279' title='bbox 241 1981 426 2052; x_wconf 87' lang='grc' dir='ltr'>λύπης</span> <span class='ocrx_word' id='word_1_280' title='bbox 456 1985 550 2036; x_wconf 80' lang='grc' dir='ltr'><strong>καὶ</strong></span> <span class='ocrx_word' id='word_1_281' title='bbox 572 1985 674 2055; x_wconf 84' lang='grc' dir='ltr'><strong>τῆς</strong></span> <span class='ocrx_word' id='word_1_282' title='bbox 711 1988 1023 2058; x_wconf 79' lang='grc' dir='ltr'>ἐκπλήξεως</span> <span class='ocrx_word' id='word_1_283' title='bbox 1051 1989 1121 2042; x_wconf 89' lang='grc' dir='ltr'><strong>τά</strong></span> <span class='ocrx_word' id='word_1_284' title='bbox 1155 1990 1441 2061; x_wconf 89' lang='grc' dir='ltr'>σωματικά</span> <span class='ocrx_word' id='word_1_285' title='bbox 1468 1989 1562 2042; x_wconf 82' lang='grc' dir='ltr'>τοῦ</span> <span class='ocrx_word' id='word_1_286' title='bbox 1607 1992 1696 2044; x_wconf 69' lang='grc' dir='ltr'>κόι</span> 
     </span>
    </p>
   </div>
   <div class='ocr_carea' id='block_1_39' title="bbox 117 2081 1700 2151">
    <p class='ocr_par' dir='ltr' id='par_1_39' title="bbox 117 2081 1700 2151">
     <span class='ocr_line' id='line_1_39' title="bbox 117 2081 1700 2151; baseline 0.005 -23"><span class='ocrx_word' id='word_1_287' title='bbox 117 2093 248 2146; x_wconf 81' lang='grc' dir='ltr'>σμου</span> <span class='ocrx_word' id='word_1_288' title='bbox 275 2082 537 2150; x_wconf 85' lang='grc' dir='ltr'>στοιχεῖα.</span> <span class='ocrx_word' id='word_1_289' title='bbox 572 2081 708 2133; x_wconf 87' lang='grc' dir='ltr'>Ποτὲ</span> <span class='ocrx_word' id='word_1_290' title='bbox 739 2081 837 2151; x_wconf 84' lang='grc' dir='ltr'>μὲν</span> <span class='ocrx_word' id='word_1_291' title='bbox 860 2081 968 2151; x_wconf 86' lang='grc' dir='ltr'>γὰρ</span> <span class='ocrx_word' id='word_1_292' title='bbox 997 2083 1179 2136; x_wconf 76' lang='grc' dir='ltr'>ἔκλαιε</span> <span class='ocrx_word' id='word_1_293' title='bbox 1211 2085 1302 2135; x_wconf 75' lang='grc' dir='ltr'><strong>καὶ</strong></span> <span class='ocrx_word' id='word_1_294' title='bbox 1326 2083 1596 2149; x_wconf 82' lang='grc' dir='ltr'>ἐλυπεῖτο,</span> <span class='ocrx_word' id='word_1_295' title='bbox 1623 2083 1700 2148; x_wconf 86' lang='grc' dir='ltr'>ὡς</span> 
     </span>
    </p>
   </div>
   <div class='ocr_carea' id='block_1_40' title="bbox 112 2165 1702 2242">
    <p class='ocr_par' dir='ltr' id='par_1_40' title="bbox 112 2165 1702 2242">
     <span class='ocr_line' id='line_1_40' title="bbox 112 2165 1702 2242; baseline 0.005 -25"><span class='ocrx_word' id='word_1_296' title='bbox 112 2165 354 2234; x_wconf 86' lang='grc' dir='ltr'>λέγουσι,</span> <span class='ocrx_word' id='word_1_297' title='bbox 379 2168 468 2222; x_wconf 74' lang='grc' dir='ltr'><strong>διὰ</strong></span> <span class='ocrx_word' id='word_1_298' title='bbox 489 2170 550 2222; x_wconf 84' lang='grc' dir='ltr'><strong>τὸ</strong></span> <span class='ocrx_word' id='word_1_299' title='bbox 574 2169 995 2238; x_wconf 86' lang='grc' dir='ltr'>καταλελεῖφθαι</span> <span class='ocrx_word' id='word_1_300' title='bbox 1017 2171 1188 2242; x_wconf 84' lang='grc' dir='ltr'>μόνην</span> <span class='ocrx_word' id='word_1_301' title='bbox 1213 2173 1271 2223; x_wconf 85' lang='grc' dir='ltr'><strong>ἐν</strong></span> <span class='ocrx_word' id='word_1_302' title='bbox 1295 2171 1372 2240; x_wconf 82' lang='grc' dir='ltr'>τῷ</span> <span class='ocrx_word' id='word_1_303' title='bbox 1403 2171 1581 2224; x_wconf 88' lang='grc' dir='ltr'>σκότει</span> <span class='ocrx_word' id='word_1_304' title='bbox 1607 2172 1702 2225; x_wconf 78' lang='grc' dir='ltr'><strong>καὶ</strong></span> 
     </span>
    </p>
   </div>
   <div class='ocr_carea' id='block_1_41' title="bbox 113 2257 1700 2335">
    <p class='ocr_par' dir='ltr' id='par_1_41' title="bbox 113 2257 1700 2335">
     <span class='ocr_line' id='line_1_41' title="bbox 113 2257 1700 2335; baseline 0.007 -27"><span class='ocrx_word' id='word_1_305' title='bbox 113 2257 186 2328; x_wconf 83' lang='grc' dir='ltr'>τῷ</span> <span class='ocrx_word' id='word_1_306' title='bbox 219 2259 502 2332; x_wconf 85' lang='grc' dir='ltr'>κενώματι</span> <span class='ocrx_word' id='word_1_307' title='bbox 525 2277 540 2292; x_wconf 85' lang='grc'><strong>·</strong></span> <span class='ocrx_word' id='word_1_308' title='bbox 578 2261 709 2314; x_wconf 87' lang='grc' dir='ltr'><strong>ποτέ</strong></span> <span class='ocrx_word' id='word_1_309' title='bbox 737 2261 793 2314; x_wconf 85' lang='grc' dir='ltr'>δὲ</span> <span class='ocrx_word' id='word_1_310' title='bbox 823 2263 904 2325; x_wconf 86' lang='grc' dir='ltr'><strong>είς</strong></span> <span class='ocrx_word' id='word_1_311' title='bbox 937 2261 1144 2316; x_wconf 82' lang='grc' dir='ltr'>έννοιαν</span> <span class='ocrx_word' id='word_1_312' title='bbox 1174 2265 1382 2335; x_wconf 77' lang='grc' dir='ltr'>ἥκουσα</span> <span class='ocrx_word' id='word_1_313' title='bbox 1403 2263 1496 2317; x_wconf 80' lang='grc' dir='ltr'>τοῦ</span> <span class='ocrx_word' id='word_1_314' title='bbox 1526 2282 1700 2318; x_wconf 87' lang='grc' dir='ltr'>κατα-</span> 
     </span>
    </p>
   </div>
   <div class='ocr_carea' id='block_1_42' title="bbox 113 2348 1697 2424">
    <p class='ocr_par' dir='ltr' id='par_1_42' title="bbox 113 2348 1697 2424">
     <span class='ocr_line' id='line_1_42' title="bbox 113 2348 1697 2424; baseline 0.006 -24"><span class='ocrx_word' id='word_1_315' title='bbox 113 2348 360 2414; x_wconf 83' lang='grc' dir='ltr'>λιπόντος</span> <span class='ocrx_word' id='word_1_316' title='bbox 406 2352 574 2422; x_wconf 82' lang='grc' dir='ltr'>αύτὴν</span> <span class='ocrx_word' id='word_1_317' title='bbox 625 2353 823 2421; x_wconf 82' lang='grc' dir='ltr'>φωτὸς,</span> <span class='ocrx_word' id='word_1_318' title='bbox 857 2352 1084 2424; x_wconf 88' lang='grc' dir='ltr'>διεχεῖτο</span> <span class='ocrx_word' id='word_1_319' title='bbox 1122 2354 1216 2407; x_wconf 75' lang='grc' dir='ltr'><strong>καὶ</strong></span> <span class='ocrx_word' id='word_1_320' title='bbox 1255 2355 1418 2424; x_wconf 85' lang='grc' dir='ltr'>ἐγέλα</span> <span class='ocrx_word' id='word_1_321' title='bbox 1441 2371 1454 2386; x_wconf 88' lang='grc'><strong>·</strong></span> <span class='ocrx_word' id='word_1_322' title='bbox 1495 2356 1624 2408; x_wconf 88' lang='grc' dir='ltr'><strong>ποτέ</strong></span> <span class='ocrx_word' id='word_1_323' title='bbox 1651 2355 1697 2409; x_wconf 88' lang='grc' dir='ltr'>δ’</span> 
     </span>
    </p>
   </div>
   <div class='ocr_carea' id='block_1_43' title="bbox 114 2437 1694 2517">
    <p class='ocr_par' dir='ltr' id='par_1_43' title="bbox 114 2437 1694 2517">
     <span class='ocr_line' id='line_1_43' title="bbox 114 2437 1694 2517; baseline 0.008 -25"><span class='ocrx_word' id='word_1_324' title='bbox 114 2437 174 2494; x_wconf 82' lang='grc' dir='ltr'>αὖ</span> <span class='ocrx_word' id='word_1_325' title='bbox 213 2443 382 2498; x_wconf 83' lang='grc' dir='ltr'>πάλιν</span> <span class='ocrx_word' id='word_1_326' title='bbox 408 2445 678 2512; x_wconf 85' lang='grc' dir='ltr'>ἐφοϐεῖτο·</span> <span class='ocrx_word' id='word_1_327' title='bbox 709 2445 897 2498; x_wconf 75' lang='grc' dir='ltr'>ἄλλοτε</span> <span class='ocrx_word' id='word_1_328' title='bbox 919 2446 975 2498; x_wconf 86' lang='grc' dir='ltr'>δὲ</span> <span class='ocrx_word' id='word_1_329' title='bbox 1003 2447 1272 2517; x_wconf 87' lang='grc' dir='ltr'>διηπόρει,</span> <span class='ocrx_word' id='word_1_330' title='bbox 1303 2447 1398 2501; x_wconf 76' lang='grc' dir='ltr'>καὶ</span> <span class='ocrx_word' id='word_1_331' title='bbox 1426 2445 1694 2512; x_wconf 80' lang='grc' dir='ltr'>ἐξίστατο.</span> 
     </span>
    </p>
   </div>
   <div class='ocr_carea' id='block_1_44' title="bbox 1803 1811 3388 1881">
    <p class='ocr_par' dir='ltr' id='par_1_44' title="bbox 1803 1811 3388 1881">
     <span class='ocr_line' id='line_1_44' title="bbox 1803 1811 3388 1881; baseline 0.001 -16"><span class='ocrx_word' id='word_1_332' title='bbox 1803 1826 1945 1877; x_wconf 85' lang='lat' dir='ltr'><strong>esse,</strong></span> <span class='ocrx_word' id='word_1_333' title='bbox 1973 1826 2040 1866; x_wconf 80' lang='lat' dir='ltr'><strong>ex</strong></span> <span class='ocrx_word' id='word_1_334' title='bbox 2070 1826 2178 1881; x_wconf 89' lang='lat' dir='ltr'><strong>qua</strong></span> <span class='ocrx_word' id='word_1_335' title='bbox 2224 1811 2463 1867; x_wconf 90' lang='lat' dir='ltr'><strong>mundus</strong></span> <span class='ocrx_word' id='word_1_336' title='bbox 2499 1813 2604 1867; x_wconf 88' lang='lat' dir='ltr'><strong>iste</strong></span> <span class='ocrx_word' id='word_1_337' title='bbox 2651 1813 2876 1867; x_wconf 87' lang='lat' dir='ltr'><strong>coaluit.</strong></span> <span class='ocrx_word' id='word_1_338' title='bbox 2915 1811 3124 1865; x_wconf 86' lang='lat' dir='ltr'><strong>Etenim</strong></span> <span class='ocrx_word' id='word_1_339' title='bbox 3159 1827 3222 1866; x_wconf 80' lang='lat' dir='ltr'><strong>ex</strong></span> <span class='ocrx_word' id='word_1_340' title='bbox 3269 1813 3388 1881; x_wconf 86' lang='lat' dir='ltr'><strong>ipsa</strong></span> 
     </span>
    </p>
   </div>
   <div class='ocr_carea' id='block_1_45' title="bbox 1805 1901 3386 1971">
    <p class='ocr_par' dir='ltr' id='par_1_45' title="bbox 1805 1901 3386 1971">
     <span class='ocr_line' id='line_1_45' title="bbox 1805 1901 3386 1971; baseline 0.001 -18"><span class='ocrx_word' id='word_1_341' title='bbox 1805 1901 2189 1965; x_wconf 85' lang='lat' dir='ltr'><strong>conversione,</strong></span> <span class='ocrx_word' id='word_1_342' title='bbox 2240 1901 2428 1955; x_wconf 86' lang='lat' dir='ltr'><strong>mundi</strong></span> <span class='ocrx_word' id='word_1_343' title='bbox 2466 1909 2519 1956; x_wconf 91' lang='lat' dir='ltr'><strong>et</strong></span> <span class='ocrx_word' id='word_1_344' title='bbox 2552 1902 2886 1967; x_wconf 89' lang='lat' dir='ltr'><strong>Conditoris,</strong></span> <span class='ocrx_word' id='word_1_345' title='bbox 2930 1902 3174 1971; x_wconf 90' lang='lat' dir='ltr'><strong>adeoque</strong></span> <span class='ocrx_word' id='word_1_346' title='bbox 3223 1901 3386 1955; x_wconf 91' lang='lat' dir='ltr'><strong>aliam</strong></span> 
     </span>
    </p>
   </div>
   <div class='ocr_carea' id='block_1_46' title="bbox 1804 1992 3386 2062">
    <p class='ocr_par' dir='ltr' id='par_1_46' title="bbox 1804 1992 3386 2062">
     <span class='ocr_line' id='line_1_46' title="bbox 1804 1992 3386 2062; baseline 0.001 -19"><span class='ocrx_word' id='word_1_347' title='bbox 1804 2006 2021 2046; x_wconf 92' lang='lat' dir='ltr'><strong>omnem</strong></span> <span class='ocrx_word' id='word_1_348' title='bbox 2069 1992 2306 2045; x_wconf 89' lang='lat' dir='ltr'><strong>animam</strong></span> <span class='ocrx_word' id='word_1_349' title='bbox 2337 2007 2460 2047; x_wconf 89' lang='lat' dir='ltr'><strong>esse</strong></span> <span class='ocrx_word' id='word_1_350' title='bbox 2499 1993 2766 2062; x_wconf 79' lang='lat' dir='ltr'><strong>genitam;</strong></span> <span class='ocrx_word' id='word_1_351' title='bbox 2803 2001 2998 2048; x_wconf 65' lang='lat' dir='ltr'><strong>caetera</strong></span> <span class='ocrx_word' id='word_1_352' title='bbox 3031 2009 3094 2046; x_wconf 82' lang='lat' dir='ltr'><strong>ex</strong></span> <span class='ocrx_word' id='word_1_353' title='bbox 3146 2000 3291 2046; x_wconf 92' lang='lat' dir='ltr'><strong>metu</strong></span> <span class='ocrx_word' id='word_1_354' title='bbox 3322 2008 3386 2046; x_wconf 89' lang='lat' dir='ltr'><strong>ac</strong></span> 
     </span>
    </p>
   </div>
   <div class='ocr_carea' id='block_1_47' title="bbox 1805 2081 3385 2156">
    <p class='ocr_par' dir='ltr' id='par_1_47' title="bbox 1805 2081 3385 2156">
     <span class='ocr_line' id='line_1_47' title="bbox 1805 2081 3385 2156; baseline 0.001 -20"><span class='ocrx_word' id='word_1_355' title='bbox 1805 2081 1992 2138; x_wconf 90' lang='lat' dir='ltr'><strong>dolore</strong></span> <span class='ocrx_word' id='word_1_356' title='bbox 2021 2084 2236 2137; x_wconf 92' lang='lat' dir='ltr'><strong>initium</strong></span> <span class='ocrx_word' id='word_1_357' title='bbox 2269 2084 2566 2154; x_wconf 88' lang='lat' dir='ltr'><strong>accepisse.</strong></span> <span class='ocrx_word' id='word_1_358' title='bbox 2592 2083 2728 2146; x_wconf 83' lang='lat' dir='ltr'><strong>Nam</strong></span> <span class='ocrx_word' id='word_1_359' title='bbox 2757 2101 2787 2140; x_wconf 93' lang='lat' dir='ltr'><strong>e</strong></span> <span class='ocrx_word' id='word_1_360' title='bbox 2815 2085 3069 2156; x_wconf 74' lang='lat' dir='ltr'><strong>lacrymis</strong></span> <span class='ocrx_word' id='word_1_361' title='bbox 3101 2085 3385 2139; x_wconf 89' lang='lat' dir='ltr'><strong>humidum</strong></span> 
     </span>
    </p>
   </div>
   <div class='ocr_carea' id='block_1_48' title="bbox 1799 2175 3384 2248">
    <p class='ocr_par' dir='ltr' id='par_1_48' title="bbox 1799 2175 3384 2248">
     <span class='ocr_line' id='line_1_48' title="bbox 1799 2175 3384 2248; baseline 0.001 -20"><span class='ocrx_word' id='word_1_362' title='bbox 1799 2189 1978 2240; x_wconf 93' lang='lat' dir='ltr'><strong>omne,</strong></span> <span class='ocrx_word' id='word_1_363' title='bbox 1999 2189 2030 2229; x_wconf 91' lang='lat' dir='ltr'><strong>e</strong></span> <span class='ocrx_word' id='word_1_364' title='bbox 2059 2175 2176 2229; x_wconf 92' lang='lat' dir='ltr'><strong>risu</strong></span> <span class='ocrx_word' id='word_1_365' title='bbox 2207 2176 2517 2243; x_wconf 92' lang='lat' dir='ltr'><strong>lucidum,e</strong></span> <span class='ocrx_word' id='word_1_366' title='bbox 2543 2177 2732 2232; x_wconf 90' lang='lat' dir='ltr'><strong>dolore</strong></span> <span class='ocrx_word' id='word_1_367' title='bbox 2767 2191 2833 2231; x_wconf 88' lang='lat' dir='ltr'><strong>ac</strong></span> <span class='ocrx_word' id='word_1_368' title='bbox 2863 2187 3097 2248; x_wconf 84' lang='lat' dir='ltr'><strong>stupore</strong></span> <span class='ocrx_word' id='word_1_369' title='bbox 3117 2191 3384 2246; x_wconf 86' lang='lat' dir='ltr'><strong>corporea</strong></span> 
     </span>
    </p>
   </div>
   <div class='ocr_carea' id='block_1_49' title="bbox 1798 2254 3386 2336">
    <p class='ocr_par' dir='ltr' id='par_1_49' title="bbox 1798 2254 3386 2336">
     <span class='ocr_line' id='line_1_49' title="bbox 1798 2254 3386 2336; baseline 0 -14"><span class='ocrx_word' id='word_1_370' title='bbox 1798 2254 1989 2322; x_wconf 85' lang='lat' dir='ltr'><strong>mundi</strong></span> <span class='ocrx_word' id='word_1_371' title='bbox 2039 2269 2308 2324; x_wconf 89' lang='lat' dir='ltr'><strong>elementa</strong></span> <span class='ocrx_word' id='word_1_372' title='bbox 2355 2285 2632 2326; x_wconf 87' lang='lat' dir='ltr'><strong>manasse.</strong></span> <span class='ocrx_word' id='word_1_373' title='bbox 2670 2269 2954 2336; x_wconf 71' lang='lat' dir='ltr'><strong>Accidisse</strong></span> <span class='ocrx_word' id='word_1_374' title='bbox 3008 2270 3288 2336; x_wconf 89' lang='lat' dir='ltr'><strong>nimirum,</strong></span> <span class='ocrx_word' id='word_1_375' title='bbox 3327 2275 3386 2322; x_wconf 82' lang='grc' dir='ltr'><strong>ιιι</strong></span> 
     </span>
    </p>
   </div>
   <div class='ocr_carea' id='block_1_50' title="bbox 1796 2358 3385 2429">
    <p class='ocr_par' dir='ltr' id='par_1_50' title="bbox 1796 2358 3385 2429">
     <span class='ocr_line' id='line_1_50' title="bbox 1796 2358 3385 2429; baseline -0.002 -17"><span class='ocrx_word' id='word_1_376' title='bbox 1796 2358 2213 2428; x_wconf 87' lang='lat' dir='ltr'><strong>collacrymarct</strong></span> <span class='ocrx_word' id='word_1_377' title='bbox 2244 2359 2518 2413; x_wconf 90' lang='lat' dir='ltr'><strong>interdum</strong></span> <span class='ocrx_word' id='word_1_378' title='bbox 2577 2374 2639 2413; x_wconf 92' lang='lat' dir='ltr'><strong>ac</strong></span> <span class='ocrx_word' id='word_1_379' title='bbox 2669 2360 2902 2424; x_wconf 88' lang='lat' dir='ltr'><strong>doleret,</strong></span> <span class='ocrx_word' id='word_1_380' title='bbox 2933 2359 3079 2429; x_wconf 90' lang='lat' dir='ltr'><strong>quod</strong></span> <span class='ocrx_word' id='word_1_381' title='bbox 3116 2375 3175 2414; x_wconf 90' lang='lat' dir='ltr'><strong>se</strong></span> <span class='ocrx_word' id='word_1_382' title='bbox 3212 2359 3385 2414; x_wconf 87' lang='lat' dir='ltr'><strong>solam</strong></span> 
     </span>
    </p>
   </div>
   <div class='ocr_carea' id='block_1_51' title="bbox 1799 2449 3378 2506">
    <p class='ocr_par' dir='ltr' id='par_1_51' title="bbox 1799 2449 3378 2506">
     <span class='ocr_line' id='line_1_51' title="bbox 1799 2449 3378 2506; baseline 0.001 -3"><span class='ocrx_word' id='word_1_383' title='bbox 1799 2449 1855 2504; x_wconf 91' lang='lat' dir='ltr'><strong>in</strong></span> <span class='ocrx_word' id='word_1_384' title='bbox 1899 2450 2140 2505; x_wconf 89' lang='lat' dir='ltr'><strong>tenebris</strong></span> <span class='ocrx_word' id='word_1_385' title='bbox 2173 2456 2228 2504; x_wconf 90' lang='lat' dir='ltr'><strong>et</strong></span> <span class='ocrx_word' id='word_1_386' title='bbox 2279 2450 2545 2506; x_wconf 89' lang='lat' dir='ltr'><strong>inanitate</strong></span> <span class='ocrx_word' id='word_1_387' title='bbox 2592 2451 2841 2506; x_wconf 90' lang='lat' dir='ltr'><strong>relictam</strong></span> <span class='ocrx_word' id='word_1_388' title='bbox 2895 2451 3378 2505; x_wconf 83' lang='lat' dir='ltr'><strong>animadverteret.</strong></span> 
     </span>
    </p>
   </div>
   <div class='ocr_carea' id='block_1_52' title="bbox 113 2532 3387 2614">
    <p class='ocr_par' dir='ltr' id='par_1_52' title="bbox 113 2532 3387 2614">
     <span class='ocr_line' id='line_1_52' title="bbox 113 2532 3387 2614; baseline 0.004 -28"><span class='ocrx_word' id='word_1_389' title='bbox 113 2532 512 2606; x_wconf 82' lang='lat' dir='ltr'><strong>Nonnunquam</strong></span> <span class='ocrx_word' id='word_1_390' title='bbox 534 2553 663 2592; x_wconf 88' lang='lat' dir='ltr'><strong>vero</strong></span> <span class='ocrx_word' id='word_1_391' title='bbox 693 2553 820 2593; x_wconf 78' lang='lat' dir='ltr'><strong>mox</strong></span> <span class='ocrx_word' id='word_1_392' title='bbox 853 2545 914 2593; x_wconf 88' lang='lat' dir='ltr'><strong>ut</strong></span> <span class='ocrx_word' id='word_1_393' title='bbox 944 2539 1091 2596; x_wconf 89' lang='lat' dir='ltr'><strong>illius</strong></span> <span class='ocrx_word' id='word_1_394' title='bbox 1148 2541 1391 2608; x_wconf 92' lang='lat' dir='ltr'><strong>luminis,</strong></span> <span class='ocrx_word' id='word_1_395' title='bbox 1424 2543 1569 2612; x_wconf 91' lang='lat' dir='ltr'><strong>quod</strong></span> <span class='ocrx_word' id='word_1_396' title='bbox 1605 2558 1728 2599; x_wconf 91' lang='lat' dir='ltr'><strong>sese</strong></span> <span class='ocrx_word' id='word_1_397' title='bbox 1763 2544 2083 2614; x_wconf 87' lang='lat' dir='ltr'><strong>reliquerat,</strong></span> <span class='ocrx_word' id='word_1_398' title='bbox 2121 2545 2332 2600; x_wconf 87' lang='lat' dir='ltr'><strong>veniret</strong></span> <span class='ocrx_word' id='word_1_399' title='bbox 2371 2546 2426 2601; x_wconf 93' lang='lat' dir='ltr'><strong>in</strong></span> <span class='ocrx_word' id='word_1_400' title='bbox 2468 2547 2811 2611; x_wconf 83' lang='lat' dir='ltr'><strong>memOriam,</strong></span> <span class='ocrx_word' id='word_1_401' title='bbox 2863 2546 2977 2600; x_wconf 88' lang='lat' dir='ltr'><strong>risu</strong></span> <span class='ocrx_word' id='word_1_402' title='bbox 3013 2561 3071 2600; x_wconf 92' lang='lat' dir='ltr'><strong>se</strong></span> <span class='ocrx_word' id='word_1_403' title='bbox 3116 2559 3179 2599; x_wconf 89' lang='lat' dir='ltr'><strong>ac</strong></span> <span class='ocrx_word' id='word_1_404' title='bbox 3230 2545 3387 2598; x_wconf 86' lang='lat' dir='ltr'><strong>volu-</strong></span> 
     </span>
    </p>
   </div>
   <div class='ocr_carea' id='block_1_53' title="bbox 117 2627 3383 2707">
    <p class='ocr_par' dir='ltr' id='par_1_53' title="bbox 117 2627 3383 2707">
     <span class='ocr_line' id='line_1_53' title="bbox 117 2627 3383 2707; baseline 0.003 -27"><span class='ocrx_word' id='word_1_405' title='bbox 117 2636 254 2696; x_wconf 87' lang='lat' dir='ltr'><strong>ptate</strong></span> <span class='ocrx_word' id='word_1_406' title='bbox 301 2628 652 2698; x_wconf 83' lang='lat' dir='ltr'><strong>perfudisse;</strong></span> <span class='ocrx_word' id='word_1_407' title='bbox 703 2629 1088 2702; x_wconf 88' lang='lat' dir='ltr'><strong>interdumque</strong></span> <span class='ocrx_word' id='word_1_408' title='bbox 1130 2649 1325 2689; x_wconf 88' lang='lat' dir='ltr'><strong>rursus</strong></span> <span class='ocrx_word' id='word_1_409' title='bbox 1373 2632 1443 2688; x_wconf 89' lang='lat' dir='ltr'><strong>ad</strong></span> <span class='ocrx_word' id='word_1_410' title='bbox 1487 2641 1691 2690; x_wconf 87' lang='lat' dir='ltr'><strong>metum</strong></span> <span class='ocrx_word' id='word_1_411' title='bbox 1735 2635 1984 2698; x_wconf 82' lang='lat' dir='ltr'><strong>rediisse.</strong></span> <span class='ocrx_word' id='word_1_412' title='bbox 2043 2637 2179 2692; x_wconf 88' lang='lat' dir='ltr'><strong>alias</strong></span> <span class='ocrx_word' id='word_1_413' title='bbox 2215 2639 2454 2701; x_wconf 84' lang='lat' dir='ltr'><strong>anxiam,</strong></span> <span class='ocrx_word' id='word_1_414' title='bbox 2508 2627 2835 2707; x_wconf 85' lang='lat' dir='ltr'><strong>consiliique</strong></span> <span class='ocrx_word' id='word_1_415' title='bbox 2883 2636 3101 2706; x_wconf 87' lang='lat' dir='ltr'><strong>inopem</strong></span> <span class='ocrx_word' id='word_1_416' title='bbox 3136 2643 3191 2690; x_wconf 91' lang='lat' dir='ltr'><strong>et</strong></span> <span class='ocrx_word' id='word_1_417' title='bbox 3239 2641 3383 2689; x_wconf 87' lang='lat' dir='ltr'><strong>atto-</strong></span> 
     </span>
    </p>
   </div>
   <div class='ocr_carea' id='block_1_54' title="bbox 115 2723 504 2778">
    <p class='ocr_par' dir='ltr' id='par_1_54' title="bbox 115 2723 504 2778">
     <span class='ocr_line' id='line_1_54' title="bbox 115 2723 504 2778; baseline 0.005 -5"><span class='ocrx_word' id='word_1_418' title='bbox 115 2725 276 2774; x_wconf 83' lang='lat' dir='ltr'><strong>uitam</strong></span> <span class='ocrx_word' id='word_1_419' title='bbox 310 2723 504 2778; x_wconf 83' lang='lat' dir='ltr'><strong>fuisse.</strong></span> 
     </span>
    </p>
   </div>
   <div class='ocr_carea' id='block_1_55' title="bbox 182 2812 1698 2892">
    <p class='ocr_par' dir='ltr' id='par_1_55' title="bbox 182 2812 1698 2892">
     <span class='ocr_line' id='line_1_55' title="bbox 182 2812 1698 2892; baseline 0.007 -27"><span class='ocrx_word' id='word_1_420' title='bbox 182 2812 278 2869; x_wconf 83' lang='lat' dir='ltr'><strong>iZ’.</strong></span> <span class='ocrx_word' id='word_1_421' title='bbox 319 2817 430 2868; x_wconf 81' lang='grc' dir='ltr'><strong>Καὶ</strong></span> <span class='ocrx_word' id='word_1_422' title='bbox 460 2815 514 2867; x_wconf 88' lang='grc' dir='ltr'><strong>τί</strong></span> <span class='ocrx_word' id='word_1_423' title='bbox 562 2816 703 2887; x_wconf 77' lang='grc' dir='ltr'>γάρς</span> <span class='ocrx_word' id='word_1_424' title='bbox 741 2818 1032 2890; x_wconf 85' lang='grc' dir='ltr'>Τραγῳδία</span> <span class='ocrx_word' id='word_1_425' title='bbox 1080 2819 1248 2890; x_wconf 83' lang='grc' dir='ltr'>πολλὴ</span> <span class='ocrx_word' id='word_1_426' title='bbox 1281 2821 1466 2874; x_wconf 79' lang='grc' dir='ltr'>λοιπὸν</span> <span class='ocrx_word' id='word_1_427' title='bbox 1511 2815 1579 2892; x_wconf 83' lang='grc' dir='ltr'>ἦν</span> <span class='ocrx_word' id='word_1_428' title='bbox 1612 2823 1698 2874; x_wconf 86' lang='grc' dir='ltr'>ἐν-</span> 
     </span>
    </p>
   </div>
   <div class='ocr_carea' id='block_1_56' title="bbox 115 2907 1699 2977">
    <p class='ocr_par' dir='ltr' id='par_1_56' title="bbox 115 2907 1699 2977">
     <span class='ocr_line' id='line_1_56' title="bbox 115 2907 1699 2977; baseline 0.006 -20"><span class='ocrx_word' id='word_1_429' title='bbox 115 2907 252 2967; x_wconf 70' lang='grc' dir='ltr'>θάδε,</span> <span class='ocrx_word' id='word_1_430' title='bbox 291 2908 390 2959; x_wconf 75' lang='grc' dir='ltr'><strong>καὶ</strong></span> <span class='ocrx_word' id='word_1_431' title='bbox 424 2909 695 2976; x_wconf 82' lang='grc' dir='ltr'>φαντασία</span> <span class='ocrx_word' id='word_1_432' title='bbox 727 2909 844 2974; x_wconf 78' lang='grc' dir='ltr'>ἐνὸς</span> <span class='ocrx_word' id='word_1_433' title='bbox 893 2911 1122 2963; x_wconf 78' lang='grc' dir='ltr'>ἑκάστου</span> <span class='ocrx_word' id='word_1_434' title='bbox 1169 2911 1371 2977; x_wconf 75' lang='grc' dir='ltr'>αὐτῶν,</span> <span class='ocrx_word' id='word_1_435' title='bbox 1400 2913 1574 2977; x_wconf 80' lang='grc' dir='ltr'>ἄλλως</span> <span class='ocrx_word' id='word_1_436' title='bbox 1603 2913 1699 2966; x_wconf 70' lang='grc' dir='ltr'><strong>καὶ</strong></span> 
     </span>
    </p>
   </div>
   <div class='ocr_carea' id='block_1_57' title="bbox 117 2996 1695 3069">
    <p class='ocr_par' dir='ltr' id='par_1_57' title="bbox 117 2996 1695 3069">
     <span class='ocr_line' id='line_1_57' title="bbox 117 2996 1695 3069; baseline 0.003 -21"><span class='ocrx_word' id='word_1_437' title='bbox 117 2996 282 3059; x_wconf 78' lang='grc' dir='ltr'>ἄλλως</span> <span class='ocrx_word' id='word_1_438' title='bbox 329 2996 576 3068; x_wconf 86' lang='grc' dir='ltr'>σοϐαρῶς</span> <span class='ocrx_word' id='word_1_439' title='bbox 626 2997 1050 3069; x_wconf 88' lang='grc' dir='ltr'>ἐκδιηγουμένου</span> <span class='ocrx_word' id='word_1_440' title='bbox 1095 3000 1158 3051; x_wconf 87' lang='grc' dir='ltr'><strong>ἐκ</strong></span> <span class='ocrx_word' id='word_1_441' title='bbox 1189 2999 1433 3054; x_wconf 85' lang='grc' dir='ltr'>ποταποῦ</span> <span class='ocrx_word' id='word_1_442' title='bbox 1467 3000 1695 3062; x_wconf 82' lang='grc' dir='ltr'>πάθους,</span> 
     </span>
    </p>
   </div>
   <div class='ocr_carea' id='block_1_58' title="bbox 117 3087 1700 3160">
    <p class='ocr_par' dir='ltr' id='par_1_58' title="bbox 117 3087 1700 3160">
     <span class='ocr_line' id='line_1_58' title="bbox 117 3087 1700 3160; baseline 0.003 -23"><span class='ocrx_word' id='word_1_443' title='bbox 117 3087 176 3138; x_wconf 83' lang='grc' dir='ltr'><strong>ἐκ</strong></span> <span class='ocrx_word' id='word_1_444' title='bbox 209 3087 369 3140; x_wconf 83' lang='grc' dir='ltr'>ποίου</span> <span class='ocrx_word' id='word_1_445' title='bbox 411 3089 676 3159; x_wconf 78' lang='grc' dir='ltr'>στοιχείου</span> <span class='ocrx_word' id='word_1_446' title='bbox 717 3091 750 3160; x_wconf 80' lang='grc' dir='ltr'>ἡ</span> <span class='ocrx_word' id='word_1_447' title='bbox 791 3090 946 3143; x_wconf 85' lang='grc' dir='ltr'>οὐσία</span> <span class='ocrx_word' id='word_1_448' title='bbox 978 3091 1076 3159; x_wconf 79' lang='grc' dir='ltr'><strong>τὴν</strong></span> <span class='ocrx_word' id='word_1_449' title='bbox 1115 3091 1329 3157; x_wconf 87' lang='grc' dir='ltr'>γένεσιν</span> <span class='ocrx_word' id='word_1_450' title='bbox 1381 3089 1622 3160; x_wconf 74' lang='grc' dir='ltr'>εἴληφεν,</span> <span class='ocrx_word' id='word_1_451' title='bbox 1663 3087 1700 3141; x_wconf 81' lang='grc' dir='ltr'>ὃ.</span> 
     </span>
    </p>
   </div>
   <div class='ocr_carea' id='block_1_59' title="bbox 119 3179 1699 3253">
    <p class='ocr_par' dir='ltr' id='par_1_59' title="bbox 119 3179 1699 3253">
     <span class='ocr_line' id='line_1_59' title="bbox 119 3179 1699 3253; baseline 0.001 -21"><span class='ocrx_word' id='word_1_452' title='bbox 119 3180 205 3232; x_wconf 76' lang='grc' dir='ltr'><strong>καὶ</strong></span> <span class='ocrx_word' id='word_1_453' title='bbox 245 3179 476 3243; x_wconf 72' lang='grc' dir='ltr'>εἰκότως</span> <span class='ocrx_word' id='word_1_454' title='bbox 521 3180 736 3234; x_wconf 81' lang='grc' dir='ltr'>δοκοῦσί</span> <span class='ocrx_word' id='word_1_455' title='bbox 769 3199 858 3253; x_wconf 89' lang='grc' dir='ltr'><strong>μοι</strong></span> <span class='ocrx_word' id='word_1_456' title='bbox 901 3179 974 3252; x_wconf 83' lang='grc' dir='ltr'>μὴ</span> <span class='ocrx_word' id='word_1_457' title='bbox 1003 3180 1250 3243; x_wconf 74' lang='grc' dir='ltr'>ἅπαντας</span> <span class='ocrx_word' id='word_1_458' title='bbox 1276 3180 1450 3233; x_wconf 85' lang='grc' dir='ltr'>θέλειν</span> <span class='ocrx_word' id='word_1_459' title='bbox 1489 3181 1548 3233; x_wconf 91' lang='grc' dir='ltr'><strong>ἐν</strong></span> <span class='ocrx_word' id='word_1_460' title='bbox 1593 3195 1699 3249; x_wconf 89' lang='grc' dir='ltr'>φα-</span> 
     </span>
    </p>
   </div>
   <div class='ocr_carea' id='block_1_60' title="bbox 116 3270 1700 3343">
    <p class='ocr_par' dir='ltr' id='par_1_60' title="bbox 116 3270 1700 3343">
     <span class='ocr_line' id='line_1_60' title="bbox 116 3270 1700 3343; baseline 0.002 -23"><span class='ocrx_word' id='word_1_461' title='bbox 116 3270 247 3340; x_wconf 85' lang='grc' dir='ltr'>νερῷ</span> <span class='ocrx_word' id='word_1_462' title='bbox 276 3271 574 3335; x_wconf 76' lang='grc' dir='ltr'>διδάσκειν,</span> <span class='ocrx_word' id='word_1_463' title='bbox 607 3272 721 3325; x_wconf 87' lang='grc' dir='ltr'>ἀλλ’</span> <span class='ocrx_word' id='word_1_464' title='bbox 756 3272 788 3343; x_wconf 81' lang='grc' dir='ltr'>ἦ</span> <span class='ocrx_word' id='word_1_465' title='bbox 824 3273 1018 3342; x_wconf 86' lang='grc' dir='ltr'>μόνους</span> <span class='ocrx_word' id='word_1_466' title='bbox 1054 3272 1297 3335; x_wconf 81' lang='grc' dir='ltr'>ἐκείνους</span> <span class='ocrx_word' id='word_1_467' title='bbox 1325 3271 1453 3334; x_wconf 84' lang='grc' dir='ltr'>τοὺς</span> <span class='ocrx_word' id='word_1_468' title='bbox 1484 3270 1576 3324; x_wconf 81' lang='grc' dir='ltr'><strong>καὶ</strong></span> <span class='ocrx_word' id='word_1_469' title='bbox 1604 3288 1700 3341; x_wconf 86' lang='grc' dir='ltr'>με-</span> 
     </span>
    </p>
   </div>
   <div class='ocr_carea' id='block_1_61' title="bbox 115 3360 1699 3435">
    <p class='ocr_par' dir='ltr' id='par_1_61' title="bbox 115 3360 1699 3435">
     <span class='ocr_line' id='line_1_61' title="bbox 115 3360 1699 3435; baseline 0.002 -22"><span class='ocrx_word' id='word_1_470' title='bbox 115 3360 306 3429; x_wconf 84' lang='grc' dir='ltr'>γάλους</span> <span class='ocrx_word' id='word_1_471' title='bbox 338 3361 568 3432; x_wconf 80' lang='grc' dir='ltr'>μισθοὺς</span> <span class='ocrx_word' id='word_1_472' title='bbox 611 3363 753 3435; x_wconf 83' lang='grc' dir='ltr'>ὑπὲρ</span> <span class='ocrx_word' id='word_1_473' title='bbox 794 3362 1130 3434; x_wconf 89' lang='grc' dir='ltr'>τηλικούτων</span> <span class='ocrx_word' id='word_1_474' title='bbox 1179 3361 1496 3433; x_wconf 85' lang='grc' dir='ltr'>μυστηρίων</span> <span class='ocrx_word' id='word_1_475' title='bbox 1527 3361 1699 3416; x_wconf 85' lang='grc' dir='ltr'>τελεῖν</span> 
     </span>
    </p>
   </div>
   <div class='ocr_carea' id='block_1_62' title="bbox 114 3452 1702 3528">
    <p class='ocr_par' dir='ltr' id='par_1_62' title="bbox 114 3452 1702 3528">
     <span class='ocr_line' id='line_1_62' title="bbox 114 3452 1702 3528; baseline -0.001 -22"><span class='ocrx_word' id='word_1_476' title='bbox 114 3452 462 3525; x_wconf 81' lang='grc' dir='ltr'>δυναμένους.</span> <span class='ocrx_word' id='word_1_477' title='bbox 496 3456 692 3509; x_wconf 84' lang='grc' dir='ltr'>Οὐκέτι</span> <span class='ocrx_word' id='word_1_478' title='bbox 721 3455 831 3528; x_wconf 85' lang='grc' dir='ltr'>γὰρ</span> <span class='ocrx_word' id='word_1_479' title='bbox 876 3457 1048 3510; x_wconf 78' lang='grc' dir='ltr'>ταῦτα</span> <span class='ocrx_word' id='word_1_480' title='bbox 1089 3456 1251 3526; x_wconf 83' lang='grc' dir='ltr'>ὃμοια</span> <span class='ocrx_word' id='word_1_481' title='bbox 1293 3454 1544 3518; x_wconf 88' lang='grc' dir='ltr'>ἐκείνοις,</span> <span class='ocrx_word' id='word_1_482' title='bbox 1574 3453 1702 3524; x_wconf 74' lang='grc' dir='ltr'>περὶ</span> 
     </span>
    </p>
   </div>
   <div class='ocr_carea' id='block_1_63' title="bbox 115 3537 1702 3622">
    <p class='ocr_par' dir='ltr' id='par_1_63' title="bbox 115 3537 1702 3622">
     <span class='ocr_line' id='line_1_63' title="bbox 115 3537 1702 3622; baseline 0.001 -26"><span class='ocrx_word' id='word_1_483' title='bbox 115 3537 182 3597; x_wconf 77' lang='grc' dir='ltr'>ὧν</span> <span class='ocrx_word' id='word_1_484' title='bbox 203 3546 229 3596; x_wconf 86' lang='grc' dir='ltr'>ὁ</span> <span class='ocrx_word' id='word_1_485' title='bbox 256 3546 462 3618; x_wconf 80' lang='grc' dir='ltr'>Κύριος</span> <span class='ocrx_word' id='word_1_486' title='bbox 493 3547 650 3622; x_wconf 79' lang='grc' dir='ltr'>ἡμῶν</span> <span class='ocrx_word' id='word_1_487' title='bbox 681 3547 902 3618; x_wconf 78' lang='grc' dir='ltr'>εἴρηκε’</span> <span class='ocrx_word' id='word_1_488' title='bbox 926 3547 1158 3616; x_wconf 82' lang='grc' dir='ltr'>Δωρεὰν</span> <span class='ocrx_word' id='word_1_489' title='bbox 1183 3546 1447 3611; x_wconf 78' lang='grc' dir='ltr'>ἐλάϐετε,</span> <span class='ocrx_word' id='word_1_490' title='bbox 1475 3545 1702 3614; x_wconf 79' lang='grc' dir='ltr'>δωρεὰν</span> 
     </span>
    </p>
   </div>
   <div class='ocr_carea' id='block_1_64' title="bbox 115 3636 1701 3709">
    <p class='ocr_par' dir='ltr' id='par_1_64' title="bbox 115 3636 1701 3709">
     <span class='ocr_line' id='line_1_64' title="bbox 115 3636 1701 3709; baseline -0.001 -20"><span class='ocrx_word' id='word_1_491' title='bbox 115 3636 273 3691; x_wconf 77' lang='grc' dir='ltr'>δότεο</span> <span class='ocrx_word' id='word_1_492' title='bbox 307 3637 446 3691; x_wconf 87' lang='grc' dir='ltr'><strong>ἀλλά</strong></span> <span class='ocrx_word' id='word_1_493' title='bbox 469 3639 954 3709; x_wconf 84' lang='grc' dir='ltr'>ἀνακεχωρηκότα,</span> <span class='ocrx_word' id='word_1_494' title='bbox 977 3641 1070 3692; x_wconf 73' lang='grc' dir='ltr'><strong>καὶ</strong></span> <span class='ocrx_word' id='word_1_495' title='bbox 1093 3636 1368 3709; x_wconf 88' lang='grc' dir='ltr'>τερατώδη</span> <span class='ocrx_word' id='word_1_496' title='bbox 1405 3638 1500 3690; x_wconf 70' lang='grc' dir='ltr'>καὶ</span> <span class='ocrx_word' id='word_1_497' title='bbox 1533 3636 1701 3707; x_wconf 83' lang='grc' dir='ltr'>βαθέα</span> 
     </span>
    </p>
   </div>
   <div class='ocr_carea' id='block_1_65' title="bbox 121 3729 1703 3802">
    <p class='ocr_par' dir='ltr' id='par_1_65' title="bbox 121 3729 1703 3802">
     <span class='ocr_line' id='line_1_65' title="bbox 121 3729 1703 3802; baseline 0 -21"><span class='ocrx_word' id='word_1_498' title='bbox 121 3732 388 3802; x_wconf 80' lang='grc' dir='ltr'>μυστήρια</span> <span class='ocrx_word' id='word_1_499' title='bbox 441 3730 582 3800; x_wconf 85' lang='grc' dir='ltr'><strong>μετά</strong></span> <span class='ocrx_word' id='word_1_500' title='bbox 620 3731 815 3783; x_wconf 81' lang='grc' dir='ltr'>πολλοῦ</span> <span class='ocrx_word' id='word_1_501' title='bbox 868 3732 1116 3802; x_wconf 84' lang='grc' dir='ltr'>καμάτου</span> <span class='ocrx_word' id='word_1_502' title='bbox 1157 3729 1546 3801; x_wconf 88' lang='grc' dir='ltr'>περιγινόμενα</span> <span class='ocrx_word' id='word_1_503' title='bbox 1590 3731 1703 3792; x_wconf 87' lang='grc' dir='ltr'>τοῖς</span> 
     </span>
    </p>
   </div>
   <div class='ocr_carea' id='block_1_66' title="bbox 118 3821 1704 3894">
    <p class='ocr_par' dir='ltr' id='par_1_66' title="bbox 118 3821 1704 3894">
     <span class='ocr_line' id='line_1_66' title="bbox 118 3821 1704 3894; baseline 0.002 -22"><span class='ocrx_word' id='word_1_504' title='bbox 118 3822 477 3890; x_wconf 71' lang='grc' dir='ltr'>φιλοψευδὲσι.</span> <span class='ocrx_word' id='word_1_505' title='bbox 511 3822 608 3886; x_wconf 89' lang='grc' dir='ltr'><strong>Τίς</strong></span> <span class='ocrx_word' id='word_1_506' title='bbox 637 3823 742 3894; x_wconf 81' lang='grc' dir='ltr'>γὰρ</span> <span class='ocrx_word' id='word_1_507' title='bbox 773 3825 874 3877; x_wconf 81' lang='grc' dir='ltr'><strong>οὐκ</strong></span> <span class='ocrx_word' id='word_1_508' title='bbox 908 3823 974 3877; x_wconf 80' lang='grc' dir='ltr'>ἂν</span> <span class='ocrx_word' id='word_1_509' title='bbox 998 3823 1393 3894; x_wconf 86' lang='grc' dir='ltr'>ἐκδαπανήσειε</span> <span class='ocrx_word' id='word_1_510' title='bbox 1428 3822 1606 3876; x_wconf 88' lang='grc' dir='ltr'>πάντα</span> <span class='ocrx_word' id='word_1_511' title='bbox 1635 3821 1704 3875; x_wconf 87' lang='grc' dir='ltr'><strong>τά</strong></span> 
     </span>
    </p>
   </div>
   <div class='ocr_carea' id='block_1_67' title="bbox 118 3913 1703 3986">
    <p class='ocr_par' dir='ltr' id='par_1_67' title="bbox 118 3913 1703 3986">
     <span class='ocr_line' id='line_1_67' title="bbox 118 3913 1703 3986; baseline 0.004 -23"><span class='ocrx_word' id='word_1_512' title='bbox 118 3913 422 3982; x_wconf 79' lang='grc' dir='ltr'>ὑπάρχοντα</span> <span class='ocrx_word' id='word_1_513' title='bbox 469 3913 657 3977; x_wconf 81' lang='grc' dir='ltr'>αὑτοῦ,</span> <span class='ocrx_word' id='word_1_514' title='bbox 695 3914 782 3968; x_wconf 83' lang='grc' dir='ltr'><strong>ἵνα</strong></span> <span class='ocrx_word' id='word_1_515' title='bbox 830 3914 998 3986; x_wconf 84' lang='grc' dir='ltr'>μάθῃ,</span> <span class='ocrx_word' id='word_1_516' title='bbox 1035 3917 1117 3969; x_wconf 83' lang='grc' dir='ltr'><strong>ὅτι</strong></span> <span class='ocrx_word' id='word_1_517' title='bbox 1159 3915 1268 3968; x_wconf 83' lang='grc' dir='ltr'><strong>ἀπὸ</strong></span> <span class='ocrx_word' id='word_1_518' title='bbox 1296 3914 1406 3968; x_wconf 84' lang='grc' dir='ltr'><strong>τῶν</strong></span> <span class='ocrx_word' id='word_1_519' title='bbox 1450 3913 1703 3986; x_wconf 88' lang='grc' dir='ltr'>δακρύων</span> 
     </span>
    </p>
   </div>
   <div class='ocr_carea' id='block_1_68' title="bbox 117 4003 1701 4075">
    <p class='ocr_par' dir='ltr' id='par_1_68' title="bbox 117 4003 1701 4075">
     <span class='ocr_line' id='line_1_68' title="bbox 117 4003 1701 4075; baseline 0.002 -22"><span class='ocrx_word' id='word_1_520' title='bbox 117 4003 205 4072; x_wconf 78' lang='grc' dir='ltr'><strong>τῆς</strong></span> <span class='ocrx_word' id='word_1_521' title='bbox 242 4004 624 4075; x_wconf 81' lang='grc' dir='ltr'>Ἐνθυμήσεως</span> <span class='ocrx_word' id='word_1_522' title='bbox 647 4004 743 4056; x_wconf 79' lang='grc' dir='ltr'>τοῦ</span> <span class='ocrx_word' id='word_1_523' title='bbox 789 4004 1118 4069; x_wconf 90' lang='grc' dir='ltr'>πεπονθότος</span> <span class='ocrx_word' id='word_1_524' title='bbox 1148 4004 1376 4068; x_wconf 82' lang='grc' dir='ltr'>Αίῶνος,</span> <span class='ocrx_word' id='word_1_525' title='bbox 1403 4004 1701 4073; x_wconf 78' lang='grc' dir='ltr'>θάλασσαι,</span> 
     </span>
    </p>
   </div>
   <div class='ocr_carea' id='block_1_69' title="bbox 119 4095 1704 4167">
    <p class='ocr_par' dir='ltr' id='par_1_69' title="bbox 119 4095 1704 4167">
     <span class='ocr_line' id='line_1_69' title="bbox 119 4095 1704 4167; baseline 0.001 -21"><span class='ocrx_word' id='word_1_526' title='bbox 119 4096 204 4146; x_wconf 73' lang='grc' dir='ltr'><strong>καὶ</strong></span> <span class='ocrx_word' id='word_1_527' title='bbox 231 4097 428 4165; x_wconf 75' lang='grc' dir='ltr'>πηγαὶ,</span> <span class='ocrx_word' id='word_1_528' title='bbox 466 4096 559 4148; x_wconf 76' lang='grc' dir='ltr'>καὶ</span> <span class='ocrx_word' id='word_1_529' title='bbox 591 4095 847 4166; x_wconf 74' lang='grc' dir='ltr'>ποταμοὶ,</span> <span class='ocrx_word' id='word_1_530' title='bbox 876 4097 969 4150; x_wconf 78' lang='grc' dir='ltr'><strong>καὶ</strong></span> <span class='ocrx_word' id='word_1_531' title='bbox 996 4098 1148 4150; x_wconf 77' lang='grc' dir='ltr'>πᾶσα</span> <span class='ocrx_word' id='word_1_532' title='bbox 1173 4095 1393 4167; x_wconf 78' lang='grc' dir='ltr'>ἔνυδρος</span> <span class='ocrx_word' id='word_1_533' title='bbox 1425 4095 1583 4148; x_wconf 86' lang='grc' dir='ltr'>ούσία</span> <span class='ocrx_word' id='word_1_534' title='bbox 1603 4095 1704 4167; x_wconf 81' lang='grc' dir='ltr'><strong>τὴν</strong></span> 
     </span>
    </p>
   </div>
   <div class='ocr_carea' id='block_1_70' title="bbox 120 4185 1700 4260">
    <p class='ocr_par' dir='ltr' id='par_1_70' title="bbox 120 4185 1700 4260">
     <span class='ocr_line' id='line_1_70' title="bbox 120 4185 1700 4260; baseline 0.002 -23"><span class='ocrx_word' id='word_1_535' title='bbox 120 4185 322 4251; x_wconf 75' lang='grc' dir='ltr'>γένεσιν</span> <span class='ocrx_word' id='word_1_536' title='bbox 374 4185 620 4258; x_wconf 77' lang='grc' dir='ltr'>εἴληφεν,</span> <span class='ocrx_word' id='word_1_537' title='bbox 662 4190 727 4242; x_wconf 86' lang='grc' dir='ltr'><strong>ἐκ</strong></span> <span class='ocrx_word' id='word_1_538' title='bbox 759 4187 815 4240; x_wconf 89' lang='grc' dir='ltr'><strong>δέ</strong></span> <span class='ocrx_word' id='word_1_539' title='bbox 864 4188 956 4241; x_wconf 83' lang='grc' dir='ltr'>τοῦ</span> <span class='ocrx_word' id='word_1_540' title='bbox 989 4188 1224 4257; x_wconf 85' lang='grc' dir='ltr'>γέλωτος</span> <span class='ocrx_word' id='word_1_541' title='bbox 1266 4187 1438 4260; x_wconf 80' lang='grc' dir='ltr'>αὐτῆς</span> <span class='ocrx_word' id='word_1_542' title='bbox 1474 4187 1536 4240; x_wconf 83' lang='grc' dir='ltr'>τὸ</span> <span class='ocrx_word' id='word_1_543' title='bbox 1565 4187 1700 4256; x_wconf 83' lang='grc' dir='ltr'>φῶς,</span> 
     </span>
    </p>
   </div>
   <div class='ocr_carea' id='block_1_71' title="bbox 121 4276 1702 4349">
    <p class='ocr_par' dir='ltr' id='par_1_71' title="bbox 121 4276 1702 4349">
     <span class='ocr_line' id='line_1_71' title="bbox 121 4276 1702 4349; baseline 0.001 -22"><span class='ocrx_word' id='word_1_544' title='bbox 121 4277 205 4328; x_wconf 73' lang='grc' dir='ltr'><strong>καὶ</strong></span> <span class='ocrx_word' id='word_1_545' title='bbox 232 4278 295 4329; x_wconf 85' lang='grc' dir='ltr'><strong>ἐκ</strong></span> <span class='ocrx_word' id='word_1_546' title='bbox 340 4277 444 4346; x_wconf 81' lang='grc' dir='ltr'><strong>τῆς</strong></span> <span class='ocrx_word' id='word_1_547' title='bbox 476 4277 791 4349; x_wconf 83' lang='grc' dir='ltr'>ἐκπλήξεως</span> <span class='ocrx_word' id='word_1_548' title='bbox 817 4278 911 4331; x_wconf 75' lang='grc' dir='ltr'><strong>καὶ</strong></span> <span class='ocrx_word' id='word_1_549' title='bbox 940 4278 1038 4348; x_wconf 81' lang='grc' dir='ltr'><strong>τῆς</strong></span> <span class='ocrx_word' id='word_1_550' title='bbox 1067 4276 1380 4347; x_wconf 84' lang='grc' dir='ltr'>ἀμηχανίας</span> <span class='ocrx_word' id='word_1_551' title='bbox 1408 4276 1476 4329; x_wconf 89' lang='grc' dir='ltr'><strong>τά</strong></span> <span class='ocrx_word' id='word_1_552' title='bbox 1519 4293 1702 4347; x_wconf 85' lang='grc' dir='ltr'>σωμα-</span> 
     </span>
    </p>
   </div>
   <div class='ocr_carea' id='block_1_72' title="bbox 117 4367 1706 4439">
    <p class='ocr_par' dir='ltr' id='par_1_72' title="bbox 117 4367 1706 4439">
     <span class='ocr_line' id='line_1_72' title="bbox 117 4367 1706 4439; baseline 0.001 -21"><span class='ocrx_word' id='word_1_553' title='bbox 117 4368 234 4420; x_wconf 81' lang='grc' dir='ltr'><strong>τικά</strong></span> <span class='ocrx_word' id='word_1_554' title='bbox 252 4368 346 4421; x_wconf 80' lang='grc' dir='ltr'>τοῦ</span> <span class='ocrx_word' id='word_1_555' title='bbox 374 4367 582 4439; x_wconf 87' lang='grc' dir='ltr'>κόσμου</span> <span class='ocrx_word' id='word_1_556' title='bbox 616 4373 853 4439; x_wconf 88' lang='grc' dir='ltr'>στοιχεῖα</span> <span class='ocrx_word' id='word_1_557' title='bbox 873 4387 887 4436; x_wconf 90' lang='grc'>;</span> <span class='ocrx_word' id='word_1_558' title='bbox 911 4369 1180 4439; x_wconf 86' lang='grc' dir='ltr'>Βούλομαι</span> <span class='ocrx_word' id='word_1_559' title='bbox 1202 4369 1256 4422; x_wconf 81' lang='grc' dir='ltr'>δὲ</span> <span class='ocrx_word' id='word_1_560' title='bbox 1278 4369 1372 4422; x_wconf 75' lang='grc' dir='ltr'><strong>καὶ</strong></span> <span class='ocrx_word' id='word_1_561' title='bbox 1394 4367 1554 4431; x_wconf 79' lang='grc' dir='ltr'>αὐτὸς</span> <span class='ocrx_word' id='word_1_562' title='bbox 1581 4385 1706 4420; x_wconf 90' lang='grc' dir='ltr'>συν-</span> 
     </span>
    </p>
   </div>
   <div class='ocr_carea' id='block_1_73' title="bbox 118 4458 1700 4533">
    <p class='ocr_par' dir='ltr' id='par_1_73' title="bbox 118 4458 1700 4533">
     <span class='ocr_line' id='line_1_73' title="bbox 118 4458 1700 4533; baseline 0 -22"><span class='ocrx_word' id='word_1_563' title='bbox 118 4465 440 4529; x_wconf 82' lang='grc' dir='ltr'>εισενεγκεῖν</span> <span class='ocrx_word' id='word_1_564' title='bbox 485 4478 539 4513; x_wconf 87' lang='grc' dir='ltr'><strong>τι</strong></span> <span class='ocrx_word' id='word_1_565' title='bbox 572 4463 639 4533; x_wconf 80' lang='grc' dir='ltr'>τῇ</span> <span class='ocrx_word' id='word_1_566' title='bbox 703 4461 1053 4532; x_wconf 79' lang='grc' dir='ltr'>καρποφορίᾳ.</span> <span class='ocrx_word' id='word_1_567' title='bbox 1084 4459 1284 4513; x_wconf 83' lang='grc' dir='ltr'>αὐτῶν.</span> <span class='ocrx_word' id='word_1_568' title='bbox 1327 4458 1545 4530; x_wconf 78' lang='grc' dir='ltr'>Ἐπειδὴ</span> <span class='ocrx_word' id='word_1_569' title='bbox 1591 4458 1700 4530; x_wconf 83' lang='grc' dir='ltr'>γὰρ</span> 
     </span>
    </p>
   </div>
   <div class='ocr_carea' id='block_1_74' title="bbox 116 4548 1700 4624">
    <p class='ocr_par' dir='ltr' id='par_1_74' title="bbox 116 4548 1700 4624">
     <span class='ocr_line' id='line_1_74' title="bbox 116 4548 1700 4624; baseline 0.001 -21"><span class='ocrx_word' id='word_1_570' title='bbox 116 4552 217 4621; x_wconf 76' lang='grc' dir='ltr'><strong>ὁρῶ</strong></span> <span class='ocrx_word' id='word_1_571' title='bbox 239 4553 308 4606; x_wconf 81' lang='grc' dir='ltr'>τὰ</span> <span class='ocrx_word' id='word_1_572' title='bbox 343 4554 446 4624; x_wconf 86' lang='grc' dir='ltr'><strong>μὲν</strong></span> <span class='ocrx_word' id='word_1_573' title='bbox 480 4554 684 4621; x_wconf 84' lang='grc' dir='ltr'>γλυκέα</span> <span class='ocrx_word' id='word_1_574' title='bbox 717 4554 886 4607; x_wconf 77' lang='grc' dir='ltr'>ὕδατα</span> <span class='ocrx_word' id='word_1_575' title='bbox 916 4554 1064 4620; x_wconf 72' lang='grc' dir='ltr'>ὄντα,</span> <span class='ocrx_word' id='word_1_576' title='bbox 1097 4548 1209 4607; x_wconf 73' lang='grc' dir='ltr'>οἷον</span> <span class='ocrx_word' id='word_1_577' title='bbox 1245 4552 1446 4624; x_wconf 83' lang='grc' dir='ltr'>πηγὰς,</span> <span class='ocrx_word' id='word_1_578' title='bbox 1478 4552 1574 4606; x_wconf 77' lang='grc' dir='ltr'>καὶ</span> <span class='ocrx_word' id='word_1_579' title='bbox 1603 4568 1700 4604; x_wconf 82' lang='grc' dir='ltr'>πο-</span> 
     </span>
    </p>
   </div>
   <div class='ocr_carea' id='block_1_75' title="bbox 118 4644 1700 4715">
    <p class='ocr_par' dir='ltr' id='par_1_75' title="bbox 118 4644 1700 4715">
     <span class='ocr_line' id='line_1_75' title="bbox 118 4644 1700 4715; baseline 0.001 -21"><span class='ocrx_word' id='word_1_580' title='bbox 118 4646 330 4713; x_wconf 76' lang='grc' dir='ltr'>ταμοὺς,</span> <span class='ocrx_word' id='word_1_581' title='bbox 365 4645 462 4698; x_wconf 75' lang='grc' dir='ltr'>καὶ</span> <span class='ocrx_word' id='word_1_582' title='bbox 491 4644 749 4715; x_wconf 74' lang='grc' dir='ltr'>ὄμϐρους,</span> <span class='ocrx_word' id='word_1_583' title='bbox 778 4648 872 4700; x_wconf 72' lang='grc' dir='ltr'>καὶ</span> <span class='ocrx_word' id='word_1_584' title='bbox 897 4647 963 4699; x_wconf 79' lang='grc' dir='ltr'>τὰ</span> <span class='ocrx_word' id='word_1_585' title='bbox 994 4645 1242 4708; x_wconf 75' lang='grc' dir='ltr'>τοιαῦτα,</span> <span class='ocrx_word' id='word_1_586' title='bbox 1274 4645 1343 4698; x_wconf 86' lang='grc' dir='ltr'>τὰ</span> <span class='ocrx_word' id='word_1_587' title='bbox 1376 4645 1433 4697; x_wconf 81' lang='grc' dir='ltr'><strong>δὲ</strong></span> <span class='ocrx_word' id='word_1_588' title='bbox 1463 4645 1555 4696; x_wconf 76' lang='grc' dir='ltr'><strong>ἐπὶ</strong></span> <span class='ocrx_word' id='word_1_589' title='bbox 1579 4645 1700 4707; x_wconf 86' lang='grc' dir='ltr'>ταῖς</span> 
     </span>
    </p>
   </div>
   <div class='ocr_carea' id='block_1_76' title="bbox 121 4737 1700 4813">
    <p class='ocr_par' dir='ltr' id='par_1_76' title="bbox 121 4737 1700 4813">
     <span class='ocr_line' id='line_1_76' title="bbox 121 4737 1700 4813; baseline 0.002 -25"><span class='ocrx_word' id='word_1_590' title='bbox 121 4737 409 4803; x_wconf 79' lang='grc' dir='ltr'>θαλάσσαις</span> <span class='ocrx_word' id='word_1_591' title='bbox 457 4740 705 4813; x_wconf 85' lang='grc' dir='ltr'>ἁλμυρά·</span> <span class='ocrx_word' id='word_1_592' title='bbox 737 4741 936 4794; x_wconf 89' lang='grc' dir='ltr'>ἐπινοῶ</span> <span class='ocrx_word' id='word_1_593' title='bbox 990 4740 1064 4812; x_wconf 83' lang='grc' dir='ltr'>μὴ</span> <span class='ocrx_word' id='word_1_594' title='bbox 1106 4741 1283 4794; x_wconf 88' lang='grc' dir='ltr'>πάντα</span> <span class='ocrx_word' id='word_1_595' title='bbox 1313 4740 1420 4793; x_wconf 79' lang='grc' dir='ltr'><strong>ἀπὸ</strong></span> <span class='ocrx_word' id='word_1_596' title='bbox 1459 4739 1566 4792; x_wconf 84' lang='grc' dir='ltr'><strong>τῶν</strong></span> <span class='ocrx_word' id='word_1_597' title='bbox 1606 4739 1700 4791; x_wconf 86' lang='grc' dir='ltr'>δα-</span> 
     </span>
    </p>
   </div>
   <div class='ocr_carea' id='block_1_77' title="bbox 120 4830 1701 4904">
    <p class='ocr_par' dir='ltr' id='par_1_77' title="bbox 120 4830 1701 4904">
     <span class='ocr_line' id='line_1_77' title="bbox 120 4830 1701 4904; baseline 0.001 -23"><span class='ocrx_word' id='word_1_598' title='bbox 120 4830 289 4901; x_wconf 81' lang='grc' dir='ltr'>κρύων</span> <span class='ocrx_word' id='word_1_599' title='bbox 323 4832 496 4902; x_wconf 75' lang='grc' dir='ltr'>αὐτῆς</span> <span class='ocrx_word' id='word_1_600' title='bbox 527 4833 954 4904; x_wconf 87' lang='grc' dir='ltr'>προϐεϐλῆσθαι,</span> <span class='ocrx_word' id='word_1_601' title='bbox 990 4833 1122 4886; x_wconf 88' lang='grc' dir='ltr'>διότι</span> <span class='ocrx_word' id='word_1_602' title='bbox 1157 4832 1218 4886; x_wconf 86' lang='grc' dir='ltr'><strong>τὸ</strong></span> <span class='ocrx_word' id='word_1_603' title='bbox 1251 4832 1486 4904; x_wconf 87' lang='grc' dir='ltr'>δάκρυον</span> <span class='ocrx_word' id='word_1_604' title='bbox 1524 4831 1701 4900; x_wconf 84' lang='grc' dir='ltr'>ἁλμυ-</span> 
     </span>
    </p>
   </div>
   <div class='ocr_carea' id='block_1_78' title="bbox 122 4922 1698 4997">
    <p class='ocr_par' dir='ltr' id='par_1_78' title="bbox 122 4922 1698 4997">
     <span class='ocr_line' id='line_1_78' title="bbox 122 4922 1698 4997; baseline 0.001 -23"><span class='ocrx_word' id='word_1_605' title='bbox 122 4924 201 4993; x_wconf 82' lang='grc' dir='ltr'><strong>ρὸν</strong></span> <span class='ocrx_word' id='word_1_606' title='bbox 220 4928 284 4995; x_wconf 85' lang='grc' dir='ltr'>τῇ</span> <span class='ocrx_word' id='word_1_607' title='bbox 311 4925 558 4996; x_wconf 85' lang='grc' dir='ltr'>ποιότητι</span> <span class='ocrx_word' id='word_1_608' title='bbox 585 4926 839 4997; x_wconf 84' lang='grc' dir='ltr'>ὑπάρχει.</span> <span class='ocrx_word' id='word_1_609' title='bbox 867 4927 1104 4997; x_wconf 79' lang='grc' dir='ltr'>Φανερδν</span> <span class='ocrx_word' id='word_1_610' title='bbox 1132 4922 1246 4991; x_wconf 76' lang='grc' dir='ltr'>οὖν,</span> <span class='ocrx_word' id='word_1_611' title='bbox 1270 4928 1352 4980; x_wconf 85' lang='grc' dir='ltr'><strong>ὅτι</strong></span> <span class='ocrx_word' id='word_1_612' title='bbox 1379 4925 1448 4979; x_wconf 83' lang='grc' dir='ltr'>τὰ</span> <span class='ocrx_word' id='word_1_613' title='bbox 1478 4922 1698 4996; x_wconf 85' lang='grc' dir='ltr'>ἁλμυρά</span> 
     </span>
    </p>
   </div>
   <div class='ocr_carea' id='block_1_79' title="bbox 119 5015 1698 5093">
    <p class='ocr_par' dir='ltr' id='par_1_79' title="bbox 119 5015 1698 5093">
     <span class='ocr_line' id='line_1_79' title="bbox 119 5015 1698 5093; baseline 0.002 -25"><span class='ocrx_word' id='word_1_614' title='bbox 119 5015 270 5070; x_wconf 77' lang='grc' dir='ltr'>ὕδατα</span> <span class='ocrx_word' id='word_1_615' title='bbox 292 5017 470 5071; x_wconf 77' lang='grc' dir='ltr'>ταῦτά</span> <span class='ocrx_word' id='word_1_616' title='bbox 505 5020 622 5072; x_wconf 89' lang='grc' dir='ltr'>ἐστι</span> <span class='ocrx_word' id='word_1_617' title='bbox 646 5020 714 5072; x_wconf 85' lang='grc' dir='ltr'>τὰ</span> <span class='ocrx_word' id='word_1_618' title='bbox 749 5020 857 5074; x_wconf 81' lang='grc' dir='ltr'><strong>ἀπὸ</strong></span> <span class='ocrx_word' id='word_1_619' title='bbox 878 5021 987 5075; x_wconf 83' lang='grc' dir='ltr'><strong>τῶν</strong></span> <span class='ocrx_word' id='word_1_620' title='bbox 1017 5021 1288 5093; x_wconf 87' lang='grc' dir='ltr'>δακρύων.</span> <span class='ocrx_word' id='word_1_621' title='bbox 1331 5020 1492 5083; x_wconf 79' lang='grc' dir='ltr'>Εἰκὸς</span> <span class='ocrx_word' id='word_1_622' title='bbox 1517 5019 1573 5072; x_wconf 84' lang='grc' dir='ltr'><strong>δέ</strong></span> <span class='ocrx_word' id='word_1_623' title='bbox 1599 5019 1698 5072; x_wconf 87' lang='grc' dir='ltr'>αύ-</span> 
     </span>
    </p>
   </div>
   <div class='ocr_carea' id='block_1_80' title="bbox 118 5110 1700 5187">
    <p class='ocr_par' dir='ltr' id='par_1_80' title="bbox 118 5110 1700 5187">
     <span class='ocr_line' id='line_1_80' title="bbox 118 5110 1700 5187; baseline 0.011 -28"><span class='ocrx_word' id='word_1_624' title='bbox 118 5110 203 5179; x_wconf 76' lang='grc' dir='ltr'><strong>τὴν</strong></span> <span class='ocrx_word' id='word_1_625' title='bbox 233 5114 291 5164; x_wconf 87' lang='grc' dir='ltr'><strong>ἐν</strong></span> <span class='ocrx_word' id='word_1_626' title='bbox 337 5111 552 5184; x_wconf 80' lang='grc' dir='ltr'>ἀγωνίᾳ</span> <span class='ocrx_word' id='word_1_627' title='bbox 592 5114 760 5184; x_wconf 89' lang='grc' dir='ltr'>πολλῇ</span> <span class='ocrx_word' id='word_1_628' title='bbox 795 5114 887 5167; x_wconf 63' lang='grc' dir='ltr'><strong>καλ⁵</strong></span> <span class='ocrx_word' id='word_1_629' title='bbox 935 5115 1220 5187; x_wconf 79' lang='grc' dir='ltr'>ἀμηχανίᾳ</span> <span class='ocrx_word' id='word_1_630' title='bbox 1267 5115 1556 5184; x_wconf 85' lang='grc' dir='ltr'>γεγονυῖαν</span> <span class='ocrx_word' id='word_1_631' title='bbox 1604 5112 1700 5165; x_wconf 66' lang='grc' dir='ltr'><strong>καὶ</strong></span> 
     </span>
    </p>
   </div>
   <div class='ocr_carea' id='block_1_81' title="bbox 119 5199 1700 5280">
    <p class='ocr_par' dir='ltr' id='par_1_81' title="bbox 119 5199 1700 5280">
     <span class='ocr_line' id='line_1_81' title="bbox 119 5199 1700 5280; baseline 0.004 -28"><span class='ocrx_word' id='word_1_632' title='bbox 119 5199 416 5270; x_wconf 78' lang='grc' dir='ltr'>ίὸρωκέναι.</span> <span class='ocrx_word' id='word_1_633' title='bbox 466 5206 752 5260; x_wconf 83' lang='grc' dir='ltr'>Ἐντεῦθεν</span> <span class='ocrx_word' id='word_1_634' title='bbox 791 5207 856 5280; x_wconf 84' lang='grc' dir='ltr'>δὴ</span> <span class='ocrx_word' id='word_1_635' title='bbox 895 5207 1039 5262; x_wconf 89' lang='grc' dir='ltr'><strong>κατά</strong></span> <span class='ocrx_word' id='word_1_636' title='bbox 1077 5208 1176 5278; x_wconf 75' lang='grc' dir='ltr'><strong>τὴν</strong></span> <span class='ocrx_word' id='word_1_637' title='bbox 1221 5205 1481 5260; x_wconf 79' lang='grc' dir='ltr'>ὑπόθεσιν</span> <span class='ocrx_word' id='word_1_638' title='bbox 1521 5205 1700 5258; x_wconf 84' lang='grc' dir='ltr'>αὐτῶν</span> 
     </span>
    </p>
   </div>
   <div class='ocr_carea' id='block_1_82' title="bbox 1876 2811 3391 2882">
    <p class='ocr_par' dir='ltr' id='par_1_82' title="bbox 1876 2811 3391 2882">
     <span class='ocr_line' id='line_1_82' title="bbox 1876 2811 3391 2882; baseline 0.001 -14"><span class='ocrx_word' id='word_1_639' title='bbox 1876 2813 2038 2869; x_wconf 79' lang='lat' dir='ltr'><strong>XVII.</strong></span> <span class='ocrx_word' id='word_1_640' title='bbox 2077 2813 2220 2882; x_wconf 85' lang='lat' dir='ltr'><strong>Quid</strong></span> <span class='ocrx_word' id='word_1_641' title='bbox 2254 2822 2367 2870; x_wconf 92' lang='lat' dir='ltr'><strong>tum</strong></span> <span class='ocrx_word' id='word_1_642' title='bbox 2413 2814 2575 2868; x_wconf 87' lang='lat' dir='ltr'><strong>inde?</strong></span> <span class='ocrx_word' id='word_1_643' title='bbox 2600 2811 2865 2867; x_wconf 80' lang='lat' dir='ltr'><strong>Maximas</strong></span> <span class='ocrx_word' id='word_1_644' title='bbox 2892 2811 3150 2882; x_wconf 90' lang='lat' dir='ltr'><strong>deinceps</strong></span> <span class='ocrx_word' id='word_1_645' title='bbox 3177 2813 3252 2868; x_wconf 92' lang='lat' dir='ltr'><strong>illi</strong></span> <span class='ocrx_word' id='word_1_646' title='bbox 3285 2823 3391 2869; x_wconf 85' lang='lat' dir='ltr'><strong>tra-</strong></span> 
     </span>
    </p>
   </div>
   <div class='ocr_carea' id='block_1_83' title="bbox 1805 2904 3388 2979">
    <p class='ocr_par' dir='ltr' id='par_1_83' title="bbox 1805 2904 3388 2979">
     <span class='ocr_line' id='line_1_83' title="bbox 1805 2904 3388 2979; baseline -0.002 -15"><span class='ocrx_word' id='word_1_647' title='bbox 1805 2907 2013 2979; x_wconf 72' lang='lat' dir='ltr'><strong>gmdias</strong></span> <span class='ocrx_word' id='word_1_648' title='bbox 2054 2906 2292 2973; x_wconf 81' lang='lat' dir='ltr'><strong>facium;</strong></span> <span class='ocrx_word' id='word_1_649' title='bbox 2326 2921 2392 2961; x_wconf 89' lang='lat' dir='ltr'><strong>ac</strong></span> <span class='ocrx_word' id='word_1_650' title='bbox 2429 2920 2530 2977; x_wconf 91' lang='lat' dir='ltr'><strong>pro</strong></span> <span class='ocrx_word' id='word_1_651' title='bbox 2583 2921 2686 2961; x_wconf 87' lang='lat' dir='ltr'><strong>suo</strong></span> <span class='ocrx_word' id='word_1_652' title='bbox 2720 2906 2954 2976; x_wconf 83' lang='lat' dir='ltr'><strong>quisque</strong></span> <span class='ocrx_word' id='word_1_653' title='bbox 3001 2904 3177 2974; x_wconf 86' lang='lat' dir='ltr'><strong>capite</strong></span> <span class='ocrx_word' id='word_1_654' title='bbox 3229 2906 3388 2961; x_wconf 88' lang='lat' dir='ltr'><strong>aliter</strong></span> 
     </span>
    </p>
   </div>
   <div class='ocr_carea' id='block_1_84' title="bbox 1805 2997 3390 3074">
    <p class='ocr_par' dir='ltr' id='par_1_84' title="bbox 1805 2997 3390 3074">
     <span class='ocr_line' id='line_1_84' title="bbox 1805 2997 3390 3074; baseline -0.004 -17"><span class='ocrx_word' id='word_1_655' title='bbox 1805 3012 1969 3074; x_wconf 88' lang='lat' dir='ltr'><strong>atque</strong></span> <span class='ocrx_word' id='word_1_656' title='bbox 2000 3002 2156 3056; x_wconf 89' lang='lat' dir='ltr'><strong>aliter</strong></span> <span class='ocrx_word' id='word_1_657' title='bbox 2183 3015 2398 3056; x_wconf 89' lang='lat' dir='ltr'><strong>summa</strong></span> <span class='ocrx_word' id='word_1_658' title='bbox 2433 3014 2556 3054; x_wconf 91' lang='lat' dir='ltr'><strong>eum</strong></span> <span class='ocrx_word' id='word_1_659' title='bbox 2587 2998 2898 3068; x_wconf 82' lang='lat' dir='ltr'><strong>arrogantia</strong></span> <span class='ocrx_word' id='word_1_660' title='bbox 2931 2997 3174 3066; x_wconf 75' lang='lat' dir='ltr'><strong>disputat</strong></span> <span class='ocrx_word' id='word_1_661' title='bbox 3206 3017 3219 3052; x_wconf 89' lang='lat'><strong>:</strong></span> <span class='ocrx_word' id='word_1_662' title='bbox 3252 3013 3390 3068; x_wconf 84' lang='lat' dir='ltr'><strong>qua-</strong></span> 
     </span>
    </p>
   </div>
   <div class='ocr_carea' id='block_1_85' title="bbox 1803 3087 3390 3158">
    <p class='ocr_par' dir='ltr' id='par_1_85' title="bbox 1803 3087 3390 3158">
     <span class='ocr_line' id='line_1_85' title="bbox 1803 3087 3390 3158; baseline -0.003 -12"><span class='ocrx_word' id='word_1_663' title='bbox 1803 3106 1930 3146; x_wconf 91' lang='lat' dir='ltr'><strong>nam</strong></span> <span class='ocrx_word' id='word_1_664' title='bbox 1964 3105 2028 3146; x_wconf 77' lang='lat' dir='ltr'><strong>ex</strong></span> <span class='ocrx_word' id='word_1_665' title='bbox 2059 3087 2488 3158; x_wconf 89' lang='lat' dir='ltr'><strong>perturbatione,</strong></span> <span class='ocrx_word' id='word_1_666' title='bbox 2522 3095 2615 3140; x_wconf 88' lang='lat' dir='ltr'><strong>aut</strong></span> <span class='ocrx_word' id='word_1_667' title='bbox 2638 3101 2702 3140; x_wconf 82' lang='lat' dir='ltr'><strong>ex</strong></span> <span class='ocrx_word' id='word_1_668' title='bbox 2733 3100 2968 3155; x_wconf 87' lang='lat' dir='ltr'><strong>quonam</strong></span> <span class='ocrx_word' id='word_1_669' title='bbox 2999 3087 3266 3142; x_wconf 90' lang='lat' dir='ltr'><strong>elemento</strong></span> <span class='ocrx_word' id='word_1_670' title='bbox 3298 3103 3390 3142; x_wconf 88' lang='lat' dir='ltr'><strong>na-</strong></span> 
     </span>
    </p>
   </div>
   <div class='ocr_carea' id='block_1_86' title="bbox 1803 3177 3384 3252">
    <p class='ocr_par' dir='ltr' id='par_1_86' title="bbox 1803 3177 3384 3252">
     <span class='ocr_line' id='line_1_86' title="bbox 1803 3177 3384 3252; baseline -0.001 -16"><span class='ocrx_word' id='word_1_671' title='bbox 1803 3191 1925 3236; x_wconf 88' lang='lat' dir='ltr'><strong>tura</strong></span> <span class='ocrx_word' id='word_1_672' title='bbox 1960 3180 2301 3252; x_wconf 80' lang='lat' dir='ltr'><strong>prolluxerit.</strong></span> <span class='ocrx_word' id='word_1_673' title='bbox 2335 3178 2578 3245; x_wconf 90' lang='lat' dir='ltr'><strong>Quorum</strong></span> <span class='ocrx_word' id='word_1_674' title='bbox 2605 3178 2738 3232; x_wconf 91' lang='lat' dir='ltr'><strong>mihi</strong></span> <span class='ocrx_word' id='word_1_675' title='bbox 2769 3178 2963 3232; x_wconf 89' lang='lat' dir='ltr'><strong>merito</strong></span> <span class='ocrx_word' id='word_1_676' title='bbox 2988 3177 3243 3233; x_wconf 88' lang='lat' dir='ltr'><strong>videntur</strong></span> <span class='ocrx_word' id='word_1_677' title='bbox 3273 3195 3384 3235; x_wconf 93' lang='lat' dir='ltr'><strong>non</strong></span> 
     </span>
    </p>
   </div>
   <div class='ocr_carea' id='block_1_87' title="bbox 1802 3269 3387 3345">
    <p class='ocr_par' dir='ltr' id='par_1_87' title="bbox 1802 3269 3387 3345">
     <span class='ocr_line' id='line_1_87' title="bbox 1802 3269 3387 3345; baseline -0.001 -17"><span class='ocrx_word' id='word_1_678' title='bbox 1802 3275 1979 3345; x_wconf 88' lang='lat' dir='ltr'><strong>palam</strong></span> <span class='ocrx_word' id='word_1_679' title='bbox 2010 3273 2267 3327; x_wconf 90' lang='lat' dir='ltr'><strong>omnibus</strong></span> <span class='ocrx_word' id='word_1_680' title='bbox 2296 3271 2641 3340; x_wconf 88' lang='lat' dir='ltr'><strong>disciplinam</strong></span> <span class='ocrx_word' id='word_1_681' title='bbox 2694 3269 2832 3324; x_wconf 89' lang='lat' dir='ltr'><strong>velle</strong></span> <span class='ocrx_word' id='word_1_682' title='bbox 2870 3270 3213 3325; x_wconf 90' lang='lat' dir='ltr'><strong>committere</strong></span> <span class='ocrx_word' id='word_1_683' title='bbox 3246 3289 3258 3325; x_wconf 90' lang='lat'>:</span> <span class='ocrx_word' id='word_1_684' title='bbox 3293 3271 3387 3327; x_wconf 91' lang='lat' dir='ltr'><strong>sed</strong></span> 
     </span>
    </p>
   </div>
   <div class='ocr_carea' id='block_1_88' title="bbox 1803 3363 3389 3433">
    <p class='ocr_par' dir='ltr' id='par_1_88' title="bbox 1803 3363 3389 3433">
     <span class='ocr_line' id='line_1_88' title="bbox 1803 3363 3389 3433; baseline -0.001 -13"><span class='ocrx_word' id='word_1_685' title='bbox 1803 3365 1872 3420; x_wconf 91' lang='lat' dir='ltr'><strong>iis</strong></span> <span class='ocrx_word' id='word_1_686' title='bbox 1924 3365 2124 3428; x_wconf 88' lang='lat' dir='ltr'><strong>solum,</strong></span> <span class='ocrx_word' id='word_1_687' title='bbox 2175 3364 2269 3433; x_wconf 88' lang='lat' dir='ltr'><strong>qui</strong></span> <span class='ocrx_word' id='word_1_688' title='bbox 2325 3363 2658 3416; x_wconf 91' lang='lat' dir='ltr'><strong>luculentam</strong></span> <span class='ocrx_word' id='word_1_689' title='bbox 2716 3363 3019 3416; x_wconf 53' lang='lat' dir='ltr'><strong>mercedem</strong></span> <span class='ocrx_word' id='word_1_690' title='bbox 3068 3377 3168 3432; x_wconf 92' lang='lat' dir='ltr'><strong>pro</strong></span> <span class='ocrx_word' id='word_1_691' title='bbox 3219 3364 3389 3420; x_wconf 90' lang='lat' dir='ltr'><strong>tantis</strong></span> 
     </span>
    </p>
   </div>
   <div class='ocr_carea' id='block_1_89' title="bbox 1803 3449 3387 3527">
    <p class='ocr_par' dir='ltr' id='par_1_89' title="bbox 1803 3449 3387 3527">
     <span class='ocr_line' id='line_1_89' title="bbox 1803 3449 3387 3527; baseline -0.003 -17"><span class='ocrx_word' id='word_1_692' title='bbox 1803 3455 2083 3527; x_wconf 85' lang='lat' dir='ltr'><strong>mysteriis</strong></span> <span class='ocrx_word' id='word_1_693' title='bbox 2141 3462 2533 3523; x_wconf 73' lang='lat' dir='ltr'><strong>reprazsentare</strong></span> <span class='ocrx_word' id='word_1_694' title='bbox 2569 3451 2800 3521; x_wconf 90' lang='lat' dir='ltr'><strong>possint.</strong></span> <span class='ocrx_word' id='word_1_695' title='bbox 2854 3449 3042 3520; x_wconf 83' lang='lat' dir='ltr'><strong>Neque</strong></span> <span class='ocrx_word' id='word_1_696' title='bbox 3090 3451 3237 3506; x_wconf 92' lang='lat' dir='ltr'><strong>enim</strong></span> <span class='ocrx_word' id='word_1_697' title='bbox 3284 3453 3387 3508; x_wconf 89' lang='lat' dir='ltr'><strong>ista</strong></span> 
     </span>
    </p>
   </div>
   <div class='ocr_carea' id='block_1_90' title="bbox 1803 3542 3387 3612">
    <p class='ocr_par' dir='ltr' id='par_1_90' title="bbox 1803 3542 3387 3612">
     <span class='ocr_line' id='line_1_90' title="bbox 1803 3542 3387 3612; baseline -0.002 -10"><span class='ocrx_word' id='word_1_698' title='bbox 1803 3563 1992 3602; x_wconf 92' lang='lat' dir='ltr'><strong>eorum</strong></span> <span class='ocrx_word' id='word_1_699' title='bbox 2029 3545 2231 3601; x_wconf 89' lang='lat' dir='ltr'><strong>similia</strong></span> <span class='ocrx_word' id='word_1_700' title='bbox 2272 3553 2424 3611; x_wconf 89' lang='lat' dir='ltr'><strong>sunt,</strong></span> <span class='ocrx_word' id='word_1_701' title='bbox 2475 3544 2543 3599; x_wconf 87' lang='lat' dir='ltr'><strong>de</strong></span> <span class='ocrx_word' id='word_1_702' title='bbox 2599 3544 2799 3612; x_wconf 89' lang='lat' dir='ltr'><strong>quibus</strong></span> <span class='ocrx_word' id='word_1_703' title='bbox 2839 3558 2866 3595; x_wconf 91' lang='lat' dir='ltr'><strong>a</strong></span> <span class='ocrx_word' id='word_1_704' title='bbox 2909 3542 3141 3598; x_wconf 91' lang='lat' dir='ltr'><strong>Domino</strong></span> <span class='ocrx_word' id='word_1_705' title='bbox 3179 3544 3387 3599; x_wconf 86' lang='lat' dir='ltr'><strong>dictum</strong></span> 
     </span>
    </p>
   </div>
   <div class='ocr_carea' id='block_1_91' title="bbox 1804 3637 3389 3707">
    <p class='ocr_par' dir='ltr' id='par_1_91' title="bbox 1804 3637 3389 3707">
     <span class='ocr_line' id='line_1_91' title="bbox 1804 3637 3389 3707; baseline -0.001 -13"><span class='ocrx_word' id='word_1_706' title='bbox 1804 3647 1934 3695; x_wconf 91' lang='lat' dir='ltr'><strong>est:</strong></span> <span class='ocrx_word' id='word_1_707' title='bbox 1977 3637 2158 3692; x_wconf 77' lang='lat' dir='ltr'><strong>Gratis</strong></span> <span class='ocrx_word' id='word_1_708' title='bbox 2200 3638 2504 3706; x_wconf 77' lang='lat' dir='ltr'><strong>accepistis,</strong></span> <span class='ocrx_word' id='word_1_709' title='bbox 2553 3641 2722 3707; x_wconf 81' lang='lat' dir='ltr'><strong>gratis</strong></span> <span class='ocrx_word' id='word_1_710' title='bbox 2769 3637 2970 3692; x_wconf 71' lang='lat' dir='ltr'><strong>date‘:</strong></span> <span class='ocrx_word' id='word_1_711' title='bbox 3003 3637 3096 3691; x_wconf 89' lang='lat' dir='ltr'><strong>sed</strong></span> <span class='ocrx_word' id='word_1_712' title='bbox 3131 3637 3200 3691; x_wconf 91' lang='lat' dir='ltr'><strong>ab</strong></span> <span class='ocrx_word' id='word_1_713' title='bbox 3239 3638 3389 3695; x_wconf 86' lang='lat' dir='ltr'><strong>omni</strong></span> 
     </span>
    </p>
   </div>
   <div class='ocr_carea' id='block_1_92' title="bbox 1804 3729 3388 3801">
    <p class='ocr_par' dir='ltr' id='par_1_92' title="bbox 1804 3729 3388 3801">
     <span class='ocr_line' id='line_1_92' title="bbox 1804 3729 3388 3801; baseline -0.001 -16"><span class='ocrx_word' id='word_1_714' title='bbox 1804 3741 2015 3785; x_wconf 88' lang='lat' dir='ltr'><strong>remota</strong></span> <span class='ocrx_word' id='word_1_715' title='bbox 2049 3745 2238 3794; x_wconf 88' lang='lat' dir='ltr'><strong>sensu,</strong></span> <span class='ocrx_word' id='word_1_716' title='bbox 2280 3744 2343 3784; x_wconf 91' lang='lat' dir='ltr'><strong>ac</strong></span> <span class='ocrx_word' id='word_1_717' title='bbox 2385 3729 2721 3801; x_wconf 76' lang='lat' dir='ltr'><strong>prodigiosa,</strong></span> <span class='ocrx_word' id='word_1_718' title='bbox 2758 3729 3143 3800; x_wconf 86' lang='lat' dir='ltr'><strong>profundaque</strong></span> <span class='ocrx_word' id='word_1_719' title='bbox 3184 3744 3388 3783; x_wconf 85' lang='lat' dir='ltr'><strong>arcana</strong></span> 
     </span>
    </p>
   </div>
   <div class='ocr_carea' id='block_1_93' title="bbox 1805 3819 3389 3891">
    <p class='ocr_par' dir='ltr' id='par_1_93' title="bbox 1805 3819 3389 3891">
     <span class='ocr_line' id='line_1_93' title="bbox 1805 3819 3389 3891; baseline -0.001 -16"><span class='ocrx_word' id='word_1_720' title='bbox 1805 3821 1898 3875; x_wconf 89' lang='lat' dir='ltr'><strong>illa</strong></span> <span class='ocrx_word' id='word_1_721' title='bbox 1930 3828 2078 3886; x_wconf 89' lang='lat' dir='ltr'><strong>sunt,</strong></span> <span class='ocrx_word' id='word_1_722' title='bbox 2114 3834 2237 3890; x_wconf 65' lang='lat' dir='ltr'><strong>quae</strong></span> <span class='ocrx_word' id='word_1_723' title='bbox 2262 3835 2291 3872; x_wconf 91' lang='lat' dir='ltr'><strong>a</strong></span> <span class='ocrx_word' id='word_1_724' title='bbox 2324 3819 2579 3874; x_wconf 85' lang='lat' dir='ltr'><strong>falsitatis</strong></span> <span class='ocrx_word' id='word_1_725' title='bbox 2605 3821 2945 3874; x_wconf 81' lang='lat' dir='ltr'><strong>amatoribus</strong></span> <span class='ocrx_word' id='word_1_726' title='bbox 2977 3835 3174 3891; x_wconf 78' lang='lat' dir='ltr'><strong>magno</strong></span> <span class='ocrx_word' id='word_1_727' title='bbox 3205 3820 3389 3874; x_wconf 89' lang='lat' dir='ltr'><strong>labore</strong></span> 
     </span>
    </p>
   </div>
   <div class='ocr_carea' id='block_1_94' title="bbox 1806 3911 3388 3983">
    <p class='ocr_par' dir='ltr' id='par_1_94' title="bbox 1806 3911 3388 3983">
     <span class='ocr_line' id='line_1_94' title="bbox 1806 3911 3388 3983; baseline -0.001 -16"><span class='ocrx_word' id='word_1_728' title='bbox 1806 3921 2216 3983; x_wconf 87' lang='lat' dir='ltr'><strong>comparantur.</strong></span> <span class='ocrx_word' id='word_1_729' title='bbox 2250 3911 2383 3978; x_wconf 87' lang='lat' dir='ltr'><strong>Quis</strong></span> <span class='ocrx_word' id='word_1_730' title='bbox 2417 3913 2560 3966; x_wconf 87' lang='lat' dir='ltr'><strong>enim</strong></span> <span class='ocrx_word' id='word_1_731' title='bbox 2589 3927 2695 3965; x_wconf 90' lang='lat' dir='ltr'><strong>non</strong></span> <span class='ocrx_word' id='word_1_732' title='bbox 2724 3912 2906 3966; x_wconf 89' lang='lat' dir='ltr'><strong>omnia</strong></span> <span class='ocrx_word' id='word_1_733' title='bbox 2933 3913 3074 3966; x_wconf 87' lang='lat' dir='ltr'><strong>bona</strong></span> <span class='ocrx_word' id='word_1_734' title='bbox 3099 3927 3197 3967; x_wconf 91' lang='lat' dir='ltr'><strong>sua</strong></span> <span class='ocrx_word' id='word_1_735' title='bbox 3223 3913 3388 3966; x_wconf 76' lang='lat' dir='ltr'><strong>liben~</strong></span> 
     </span>
    </p>
   </div>
   <div class='ocr_carea' id='block_1_95' title="bbox 1806 4003 3388 4076">
    <p class='ocr_par' dir='ltr' id='par_1_95' title="bbox 1806 4003 3388 4076">
     <span class='ocr_line' id='line_1_95' title="bbox 1806 4003 3388 4076; baseline 0 -17"><span class='ocrx_word' id='word_1_736' title='bbox 1806 4014 1890 4061; x_wconf 90' lang='lat' dir='ltr'><strong>ter</strong></span> <span class='ocrx_word' id='word_1_737' title='bbox 1929 4007 1984 4060; x_wconf 93' lang='lat' dir='ltr'><strong>in</strong></span> <span class='ocrx_word' id='word_1_738' title='bbox 2015 4007 2149 4060; x_wconf 91' lang='lat' dir='ltr'><strong>illud</strong></span> <span class='ocrx_word' id='word_1_739' title='bbox 2179 4006 2475 4076; x_wconf 88' lang='lat' dir='ltr'><strong>impendat,</strong></span> <span class='ocrx_word' id='word_1_740' title='bbox 2507 4012 2565 4058; x_wconf 92' lang='lat' dir='ltr'><strong>ut</strong></span> <span class='ocrx_word' id='word_1_741' title='bbox 2603 4004 2798 4068; x_wconf 87' lang='lat' dir='ltr'><strong>discat,</strong></span> <span class='ocrx_word' id='word_1_742' title='bbox 2834 4003 3291 4074; x_wconf 86' lang='lat' dir='ltr'><strong>quemadmodum</strong></span> <span class='ocrx_word' id='word_1_743' title='bbox 3322 4021 3388 4059; x_wconf 83' lang='lat' dir='ltr'><strong>ex</strong></span> 
     </span>
    </p>
   </div>
   <div class='ocr_carea' id='block_1_96' title="bbox 1807 4093 3383 4167">
    <p class='ocr_par' dir='ltr' id='par_1_96' title="bbox 1807 4093 3383 4167">
     <span class='ocr_line' id='line_1_96' title="bbox 1807 4093 3383 4167; baseline -0.002 -17"><span class='ocrx_word' id='word_1_744' title='bbox 1807 4096 2202 4167; x_wconf 87' lang='lat' dir='ltr'><strong>Enthymeseos</strong></span> <span class='ocrx_word' id='word_1_745' title='bbox 2231 4095 2506 4166; x_wconf 83' lang='lat' dir='ltr'><strong>lacrymis,</strong></span> <span class='ocrx_word' id='word_1_746' title='bbox 2550 4093 2750 4158; x_wconf 67' lang='lat' dir='ltr'><strong>allecti,</strong></span> <span class='ocrx_word' id='word_1_747' title='bbox 2799 4094 3043 4164; x_wconf 86' lang='lat' dir='ltr'><strong>inquam,</strong></span> <span class='ocrx_word' id='word_1_748' title='bbox 3085 4093 3230 4148; x_wconf 92' lang='lat' dir='ltr'><strong>illius</strong></span> <span class='ocrx_word' id='word_1_749' title='bbox 3257 4093 3383 4147; x_wconf 71' lang='grc' dir='ltr'><strong>,λΕο-</strong></span> 
     </span>
    </p>
   </div>
   <div class='ocr_carea' id='block_1_97' title="bbox 1806 4187 3389 4257">
    <p class='ocr_par' dir='ltr' id='par_1_97' title="bbox 1806 4187 3389 4257">
     <span class='ocr_line' id='line_1_97' title="bbox 1806 4187 3389 4257; baseline -0.003 -11"><span class='ocrx_word' id='word_1_750' title='bbox 1806 4190 1915 4255; x_wconf 84' lang='lat' dir='ltr'><strong>nis,</strong></span> <span class='ocrx_word' id='word_1_751' title='bbox 1961 4189 2155 4255; x_wconf 87' lang='lat' dir='ltr'><strong>maria,</strong></span> <span class='ocrx_word' id='word_1_752' title='bbox 2202 4188 2379 4243; x_wconf 76' lang='lat' dir='ltr'><strong>fontes</strong></span> <span class='ocrx_word' id='word_1_753' title='bbox 2421 4203 2484 4242; x_wconf 90' lang='lat' dir='ltr'><strong>ac</strong></span> <span class='ocrx_word' id='word_1_754' title='bbox 2541 4187 2786 4250; x_wconf 80' lang='lat' dir='ltr'><strong>ﬂumina,</strong></span> <span class='ocrx_word' id='word_1_755' title='bbox 2850 4187 3157 4257; x_wconf 89' lang='lat' dir='ltr'><strong>humorque</strong></span> <span class='ocrx_word' id='word_1_756' title='bbox 3209 4189 3389 4242; x_wconf 90' lang='lat' dir='ltr'><strong>omnis</strong></span> 
     </span>
    </p>
   </div>
   <div class='ocr_carea' id='block_1_98' title="bbox 1808 4279 3384 4351">
    <p class='ocr_par' dir='ltr' id='par_1_98' title="bbox 1808 4279 3384 4351">
     <span class='ocr_line' id='line_1_98' title="bbox 1808 4279 3384 4351; baseline -0.004 -14"><span class='ocrx_word' id='word_1_757' title='bbox 1808 4281 2114 4337; x_wconf 81' lang='lat' dir='ltr'><strong>ellluxerit:</strong></span> <span class='ocrx_word' id='word_1_758' title='bbox 2151 4282 2511 4351; x_wconf 77' lang='lat' dir='ltr'><strong>similiterque</strong></span> <span class='ocrx_word' id='word_1_759' title='bbox 2541 4289 2593 4334; x_wconf 88' lang='lat' dir='ltr'><strong>et</strong></span> <span class='ocrx_word' id='word_1_760' title='bbox 2624 4296 2689 4333; x_wconf 83' lang='lat' dir='ltr'><strong>ex</strong></span> <span class='ocrx_word' id='word_1_761' title='bbox 2720 4279 2831 4332; x_wconf 89' lang='lat' dir='ltr'><strong>risu</strong></span> <span class='ocrx_word' id='word_1_762' title='bbox 2865 4279 3079 4346; x_wconf 87' lang='lat' dir='ltr'><strong>lumen;</strong></span> <span class='ocrx_word' id='word_1_763' title='bbox 3108 4285 3161 4332; x_wconf 93' lang='lat' dir='ltr'><strong>et</strong></span> <span class='ocrx_word' id='word_1_764' title='bbox 3189 4293 3254 4332; x_wconf 74' lang='lat' dir='ltr'><strong>ex</strong></span> <span class='ocrx_word' id='word_1_765' title='bbox 3281 4285 3384 4331; x_wconf 61' lang='lat' dir='ltr'><strong>stu.</strong></span> 
     </span>
    </p>
   </div>
   <div class='ocr_carea' id='block_1_99' title="bbox 1809 4369 3386 4443">
    <p class='ocr_par' dir='ltr' id='par_1_99' title="bbox 1809 4369 3386 4443">
     <span class='ocr_line' id='line_1_99' title="bbox 1809 4369 3386 4443; baseline -0.003 -15"><span class='ocrx_word' id='word_1_766' title='bbox 1809 4389 1940 4443; x_wconf 88' lang='lat' dir='ltr'><strong>pore</strong></span> <span class='ocrx_word' id='word_1_767' title='bbox 1978 4388 2042 4427; x_wconf 91' lang='lat' dir='ltr'><strong>ac</strong></span> <span class='ocrx_word' id='word_1_768' title='bbox 2083 4374 2283 4427; x_wconf 87' lang='lat' dir='ltr'><strong>mentis</strong></span> <span class='ocrx_word' id='word_1_769' title='bbox 2338 4372 2520 4442; x_wconf 86' lang='lat' dir='ltr'><strong>inopia</strong></span> <span class='ocrx_word' id='word_1_770' title='bbox 2575 4385 2839 4440; x_wconf 86' lang='lat' dir='ltr'><strong>corporea</strong></span> <span class='ocrx_word' id='word_1_771' title='bbox 2891 4369 3079 4424; x_wconf 90' lang='lat' dir='ltr'><strong>mundi</strong></span> <span class='ocrx_word' id='word_1_772' title='bbox 3123 4371 3386 4424; x_wconf 85' lang='lat' dir='ltr'><strong>elementa</strong></span> 
     </span>
    </p>
   </div>
   <div class='ocr_carea' id='block_1_100' title="bbox 1732 4436 3387 4533">
    <p class='ocr_par' dir='ltr' id='par_1_100' title="bbox 1732 4436 3387 4533">
     <span class='ocr_line' id='line_1_100' title="bbox 1732 4436 3387 4533; baseline -0.002 -17"><span class='ocrx_word' id='word_1_773' title='bbox 1732 4436 1781 4496; x_wconf 71' lang='grc' dir='ltr'><strong>ί)</strong></span> <span class='ocrx_word' id='word_1_774' title='bbox 1809 4436 2053 4533; x_wconf 78' lang='lat' dir='ltr'><strong>profecta</strong></span> <span class='ocrx_word' id='word_1_775' title='bbox 2084 4463 2228 4518; x_wconf 86' lang='lat' dir='ltr'><strong>sint?</strong></span> <span class='ocrx_word' id='word_1_776' title='bbox 2257 4436 2580 4532; x_wconf 47' lang='lat' dir='ltr'><strong>lah-Volo</strong></span> <span class='ocrx_word' id='word_1_777' title='bbox 2611 4436 2863 4531; x_wconf 81' lang='lat' dir='ltr'><strong>equidem</strong></span> <span class='ocrx_word' id='word_1_778' title='bbox 2894 4461 3143 4514; x_wconf 91' lang='lat' dir='ltr'><strong>nonnihil</strong></span> <span class='ocrx_word' id='word_1_779' title='bbox 3171 4460 3387 4515; x_wconf 92' lang='lat' dir='ltr'><strong>illorum</strong></span> 
     </span>
    </p>
   </div>
   <div class='ocr_carea' id='block_1_101' title="bbox 1810 4551 3386 4624">
    <p class='ocr_par' dir='ltr' id='par_1_101' title="bbox 1810 4551 3386 4624">
     <span class='ocr_line' id='line_1_101' title="bbox 1810 4551 3386 4624; baseline -0.003 -16"><span class='ocrx_word' id='word_1_780' title='bbox 1810 4555 2046 4611; x_wconf 88' lang='lat' dir='ltr'><strong>inventis</strong></span> <span class='ocrx_word' id='word_1_781' title='bbox 2090 4570 2188 4624; x_wconf 89' lang='lat' dir='ltr'><strong>pro</strong></span> <span class='ocrx_word' id='word_1_782' title='bbox 2218 4554 2362 4608; x_wconf 90' lang='lat' dir='ltr'><strong>virili</strong></span> <span class='ocrx_word' id='word_1_783' title='bbox 2407 4553 2679 4608; x_wconf 81' lang='lat' dir='ltr'><strong>conferre.</strong></span> <span class='ocrx_word' id='word_1_784' title='bbox 2733 4552 3000 4618; x_wconf 86' lang='lat' dir='ltr'><strong>Quoniam</strong></span> <span class='ocrx_word' id='word_1_785' title='bbox 3031 4551 3173 4604; x_wconf 90' lang='lat' dir='ltr'><strong>enim</strong></span> <span class='ocrx_word' id='word_1_786' title='bbox 3221 4565 3386 4620; x_wconf 85' lang='lat' dir='ltr'><strong>aqua-</strong></span> 
     </span>
    </p>
   </div>
   <div class='ocr_carea' id='block_1_102' title="bbox 1807 4640 3386 4716">
    <p class='ocr_par' dir='ltr' id='par_1_102' title="bbox 1807 4640 3386 4716">
     <span class='ocr_line' id='line_1_102' title="bbox 1807 4640 3386 4716; baseline -0.005 -14"><span class='ocrx_word' id='word_1_787' title='bbox 1807 4664 1927 4702; x_wconf 83' lang='lat' dir='ltr'><strong>rum</strong></span> <span class='ocrx_word' id='word_1_788' title='bbox 1963 4649 2150 4704; x_wconf 87' lang='lat' dir='ltr'><strong>dulces</strong></span> <span class='ocrx_word' id='word_1_789' title='bbox 2177 4649 2313 4703; x_wconf 91' lang='lat' dir='ltr'><strong>alias</strong></span> <span class='ocrx_word' id='word_1_790' title='bbox 2361 4647 2540 4712; x_wconf 87' lang='lat' dir='ltr'><strong>video,</strong></span> <span class='ocrx_word' id='word_1_791' title='bbox 2586 4654 2772 4716; x_wconf 86' lang='lat' dir='ltr'><strong>utpote</strong></span> <span class='ocrx_word' id='word_1_792' title='bbox 2824 4643 3004 4698; x_wconf 79' lang='lat' dir='ltr'><strong>fontes</strong></span> <span class='ocrx_word' id='word_1_793' title='bbox 3050 4651 3103 4696; x_wconf 92' lang='lat' dir='ltr'><strong>et</strong></span> <span class='ocrx_word' id='word_1_794' title='bbox 3139 4640 3386 4708; x_wconf 82' lang='lat' dir='ltr'><strong>ﬂumina,</strong></span> 
     </span>
    </p>
   </div>
   <div class='ocr_carea' id='block_1_103' title="bbox 1807 4735 3383 4812">
    <p class='ocr_par' dir='ltr' id='par_1_103' title="bbox 1807 4735 3383 4812">
     <span class='ocr_line' id='line_1_103' title="bbox 1807 4735 3383 4812; baseline -0.004 -17"><span class='ocrx_word' id='word_1_795' title='bbox 1807 4742 2040 4812; x_wconf 88' lang='lat' dir='ltr'><strong>pluvias,</strong></span> <span class='ocrx_word' id='word_1_796' title='bbox 2073 4750 2124 4795; x_wconf 91' lang='lat' dir='ltr'><strong>et</strong></span> <span class='ocrx_word' id='word_1_797' title='bbox 2153 4741 2206 4795; x_wconf 93' lang='lat' dir='ltr'><strong>id</strong></span> <span class='ocrx_word' id='word_1_798' title='bbox 2238 4755 2409 4811; x_wconf 83' lang='lat' dir='ltr'><strong>genus</strong></span> <span class='ocrx_word' id='word_1_799' title='bbox 2441 4739 2712 4809; x_wconf 89' lang='lat' dir='ltr'><strong>reliquas;</strong></span> <span class='ocrx_word' id='word_1_800' title='bbox 2746 4737 2904 4798; x_wconf 88' lang='lat' dir='ltr'><strong>alias,</strong></span> <span class='ocrx_word' id='word_1_801' title='bbox 2949 4736 3094 4790; x_wconf 88' lang='lat' dir='ltr'><strong>velut</strong></span> <span class='ocrx_word' id='word_1_802' title='bbox 3122 4735 3383 4800; x_wconf 90' lang='lat' dir='ltr'><strong>marinas,</strong></span> 
     </span>
    </p>
   </div>
   <div class='ocr_carea' id='block_1_104' title="bbox 1807 4828 3386 4904">
    <p class='ocr_par' dir='ltr' id='par_1_104' title="bbox 1807 4828 3386 4904">
     <span class='ocr_line' id='line_1_104' title="bbox 1807 4828 3386 4904; baseline -0.006 -16"><span class='ocrx_word' id='word_1_803' title='bbox 1807 4835 2004 4897; x_wconf 89' lang='lat' dir='ltr'><strong>salsas,</strong></span> <span class='ocrx_word' id='word_1_804' title='bbox 2033 4833 2288 4904; x_wconf 87' lang='lat' dir='ltr'><strong>suspicor</strong></span> <span class='ocrx_word' id='word_1_805' title='bbox 2321 4847 2430 4886; x_wconf 90' lang='lat' dir='ltr'><strong>non</strong></span> <span class='ocrx_word' id='word_1_806' title='bbox 2471 4846 2537 4886; x_wconf 79' lang='lat' dir='ltr'><strong>ex</strong></span> <span class='ocrx_word' id='word_1_807' title='bbox 2581 4830 2700 4899; x_wconf 81' lang='lat' dir='ltr'><strong>ejus</strong></span> <span class='ocrx_word' id='word_1_808' title='bbox 2750 4828 3011 4900; x_wconf 87' lang='lat' dir='ltr'><strong>lacrymis</strong></span> <span class='ocrx_word' id='word_1_809' title='bbox 3043 4841 3232 4881; x_wconf 88' lang='lat' dir='ltr'><strong>omnes</strong></span> <span class='ocrx_word' id='word_1_810' title='bbox 3260 4842 3386 4881; x_wconf 89' lang='lat' dir='ltr'><strong>eru-</strong></span> 
     </span>
    </p>
   </div>
   <div class='ocr_carea' id='block_1_105' title="bbox 1808 4917 3386 4995">
    <p class='ocr_par' dir='ltr' id='par_1_105' title="bbox 1808 4917 3386 4995">
     <span class='ocr_line' id='line_1_105' title="bbox 1808 4917 3386 4995; baseline -0.005 -16"><span class='ocrx_word' id='word_1_811' title='bbox 1808 4924 1976 4995; x_wconf 89' lang='lat' dir='ltr'><strong>pisse,</strong></span> <span class='ocrx_word' id='word_1_812' title='bbox 2007 4924 2149 4994; x_wconf 89' lang='lat' dir='ltr'><strong>quod</strong></span> <span class='ocrx_word' id='word_1_813' title='bbox 2184 4931 2376 4978; x_wconf 90' lang='lat' dir='ltr'><strong>natura</strong></span> <span class='ocrx_word' id='word_1_814' title='bbox 2411 4922 2568 4977; x_wconf 70' lang='lat' dir='ltr'><strong>salsae</strong></span> <span class='ocrx_word' id='word_1_815' title='bbox 2599 4921 2708 4974; x_wconf 90' lang='lat' dir='ltr'><strong>sint</strong></span> <span class='ocrx_word' id='word_1_816' title='bbox 2747 4919 3019 4990; x_wconf 61' lang='lat' dir='ltr'><strong>lacrymar,</strong></span> <span class='ocrx_word' id='word_1_817' title='bbox 3052 4917 3386 4988; x_wconf 88' lang='lat' dir='ltr'><strong>proindeque</strong></span> 
     </span>
    </p>
   </div>
   <div class='ocr_carea' id='block_1_106' title="bbox 1808 5012 3383 5085">
    <p class='ocr_par' dir='ltr' id='par_1_106' title="bbox 1808 5012 3383 5085">
     <span class='ocr_line' id='line_1_106' title="bbox 1808 5012 3383 5085; baseline -0.007 -14"><span class='ocrx_word' id='word_1_818' title='bbox 1808 5018 1985 5072; x_wconf 91' lang='lat' dir='ltr'><strong>salsas</strong></span> <span class='ocrx_word' id='word_1_819' title='bbox 2008 5015 2273 5070; x_wconf 81' lang='lat' dir='ltr'><strong>duntaxat</strong></span> <span class='ocrx_word' id='word_1_820' title='bbox 2297 5029 2468 5085; x_wconf 90' lang='lat' dir='ltr'><strong>aquas</strong></span> <span class='ocrx_word' id='word_1_821' title='bbox 2492 5029 2555 5068; x_wconf 87' lang='lat' dir='ltr'><strong>ex</strong></span> <span class='ocrx_word' id='word_1_822' title='bbox 2583 5015 2702 5082; x_wconf 90' lang='lat' dir='ltr'><strong>ejus</strong></span> <span class='ocrx_word' id='word_1_823' title='bbox 2731 5012 2989 5082; x_wconf 86' lang='lat' dir='ltr'><strong>lacrymis</strong></span> <span class='ocrx_word' id='word_1_824' title='bbox 3021 5017 3213 5065; x_wconf 89' lang='lat' dir='ltr'><strong>enatas</strong></span> <span class='ocrx_word' id='word_1_825' title='bbox 3240 5021 3383 5061; x_wconf 88' lang='lat' dir='ltr'><strong>esse.</strong></span> 
     </span>
    </p>
   </div>
   <div class='ocr_carea' id='block_1_107' title="bbox 1807 5098 3385 5170">
    <p class='ocr_par' dir='ltr' id='par_1_107' title="bbox 1807 5098 3385 5170">
     <span class='ocr_line' id='line_1_107' title="bbox 1807 5098 3385 5170; baseline -0.009 -6"><span class='ocrx_word' id='word_1_826' title='bbox 1807 5110 1944 5164; x_wconf 87' lang='lat' dir='ltr'><strong>Cum</strong></span> <span class='ocrx_word' id='word_1_827' title='bbox 1969 5109 2187 5164; x_wconf 90' lang='lat' dir='ltr'><strong>interim</strong></span> <span class='ocrx_word' id='word_1_828' title='bbox 2224 5116 2652 5163; x_wconf 87' lang='lat' dir='ltr'><strong>consentaneum</strong></span> <span class='ocrx_word' id='word_1_829' title='bbox 2686 5105 2777 5170; x_wconf 92' lang='lat' dir='ltr'><strong>sit,</strong></span> <span class='ocrx_word' id='word_1_830' title='bbox 2804 5101 3049 5158; x_wconf 91' lang='lat' dir='ltr'><strong>eamdem</strong></span> <span class='ocrx_word' id='word_1_831' title='bbox 3082 5098 3385 5154; x_wconf 87' lang='lat' dir='ltr'><strong>vehementi</strong></span> 
     </span>
    </p>
   </div>
   <div class='ocr_carea' id='block_1_108' title="bbox 1809 5182 3387 5271">
    <p class='ocr_par' dir='ltr' id='par_1_108' title="bbox 1809 5182 3387 5271">
     <span class='ocr_line' id='line_1_108' title="bbox 1809 5182 3387 5271; baseline -0.008 -14"><span class='ocrx_word' id='word_1_832' title='bbox 1809 5182 1976 5258; x_wconf 79' lang='lat' dir='ltr'><strong>animi</strong></span> <span class='ocrx_word' id='word_1_833' title='bbox 2014 5216 2217 5271; x_wconf 76' lang='lat' dir='ltr'><strong>angore</strong></span> <span class='ocrx_word' id='word_1_834' title='bbox 2273 5215 2336 5255; x_wconf 92' lang='lat' dir='ltr'><strong>ac</strong></span> <span class='ocrx_word' id='word_1_835' title='bbox 2369 5199 2585 5255; x_wconf 88' lang='lat' dir='ltr'><strong>consilii</strong></span> <span class='ocrx_word' id='word_1_836' title='bbox 2629 5197 2812 5268; x_wconf 90' lang='lat' dir='ltr'><strong>inopia</strong></span> <span class='ocrx_word' id='word_1_837' title='bbox 2848 5194 3131 5266; x_wconf 67' lang='lat' dir='ltr'><strong>praeditam</strong></span> <span class='ocrx_word' id='word_1_838' title='bbox 3185 5190 3387 5246; x_wconf 86' lang='lat' dir='ltr'><strong>sudore</strong></span> 
     </span>
    </p>
   </div>
   <div class='ocr_carea' id='block_1_109' title="bbox 186 5346 1698 5435">
    <p class='ocr_par' dir='ltr' id='par_1_109' title="bbox 186 5357 1698 5435">
     <span class='ocr_line' id='line_1_109' title="bbox 186 5357 1698 5435; baseline 0.002 -23"><span class='ocrx_word' id='word_1_839' title='bbox 186 5357 295 5435; x_wconf 60' lang='lat' dir='ltr'><strong>&quot;Ir.</strong></span> <span class='ocrx_word' id='word_1_840' title='bbox 327 5363 599 5433; x_wconf 72' lang='grc' dir='ltr'>ἀγνοοῦσα</span> <span class='ocrx_word' id='word_1_841' title='bbox 625 5365 681 5418; x_wconf 84' lang='grc' dir='ltr'><strong>δέ</strong></span> <span class='ocrx_word' id='word_1_842' title='bbox 718 5364 788 5418; x_wconf 90' lang='grc' dir='ltr'><strong>τά</strong></span> <span class='ocrx_word' id='word_1_843' title='bbox 815 5363 1016 5433; x_wconf 90' lang='grc' dir='ltr'>πάντα,</span> <span class='ocrx_word' id='word_1_844' title='bbox 1045 5366 1106 5418; x_wconf 84' lang='grc' dir='ltr'><strong>ού</strong></span> <span class='ocrx_word' id='word_1_845' title='bbox 1132 5363 1255 5419; x_wconf 78' lang='grc' dir='ltr'>καθ.</span> <span class='ocrx_word' id='word_1_846' title='bbox 1336 5367 1356 5396; x_wconf 78' lang='grc'>²</span> <span class='ocrx_word' id='word_1_847' title='bbox 1382 5363 1513 5420; x_wconf 88' lang='lat' dir='ltr'><strong>Post</strong></span> <span class='ocrx_word' id='word_1_848' title='bbox 1545 5362 1698 5428; x_wconf 64' lang='lat' dir='ltr'><strong>Comm</strong></span> 
     </span>
    </p>
   </div>
   <div class='ocr_carea' id='block_1_110' title="bbox 1839 5346 3376 5435">
    <p class='ocr_par' dir='ltr' id='par_1_110' title="bbox 1839 5346 3376 5431">
     <span class='ocr_line' id='line_1_110' title="bbox 1839 5346 3376 5431; baseline -0.01 -17"><span class='ocrx_word' id='word_1_849' title='bbox 1839 5377 1935 5414; x_wconf 88' lang='grc' dir='ltr'><strong>ντα</strong></span> <span class='ocrx_word' id='word_1_850' title='bbox 1982 5358 2446 5431; x_wconf 81' lang='lat' dir='ltr'><strong>distinguendum.</strong></span> <span class='ocrx_word' id='word_1_851' title='bbox 2523 5355 2543 5387; x_wconf 87' lang='grc'>³</span> <span class='ocrx_word' id='word_1_852' title='bbox 2578 5355 2719 5410; x_wconf 91' lang='lat' dir='ltr'><strong>lren.</strong></span> <span class='ocrx_word' id='word_1_853' title='bbox 2752 5354 2845 5406; x_wconf 77' lang='grc' dir='ltr'><strong>καὶ</strong></span> <span class='ocrx_word' id='word_1_854' title='bbox 2865 5353 3062 5405; x_wconf 82' lang='grc' dir='ltr'>πᾶσαν.</span> <span class='ocrx_word' id='word_1_855' title='bbox 3142 5347 3161 5378; x_wconf 66' lang='grc'>⁵</span> <span class='ocrx_word' id='word_1_856' title='bbox 3190 5346 3376 5400; x_wconf 80' lang='lat' dir='ltr'><strong>Matth.</strong></span> 
     </span>
    </p>
   </div>
   <div class='ocr_carea' id='block_1_111' title="bbox 122 5427 247 5491">
    <p class='ocr_par' dir='ltr' id='par_1_111' title="bbox 122 5427 247 5491">
     <span class='ocr_line' id='line_1_111' title="bbox 122 5427 247 5491; baseline 0.024 -12"><span class='ocrx_word' id='word_1_857' title='bbox 122 5443 170 5491; x_wconf 70' lang='grc' dir='ltr'><strong>ι,</strong></span> <span class='ocrx_word' id='word_1_858' title='bbox 196 5427 247 5482; x_wconf 90' lang='grc'>8.</span> 
     </span>
    </p>
   </div>
   <div class='ocr_carea' id='block_1_112' title="bbox 185 5572 1698 5657">
    <p class='ocr_par' dir='ltr' id='par_1_112' title="bbox 185 5581 1698 5657">
     <span class='ocr_line' id='line_1_112' title="bbox 185 5581 1698 5657; baseline -0.001 -17"><span class='ocrx_word' id='word_1_859' title='bbox 185 5582 310 5657; x_wconf 55' lang='grc'><strong>(79)</strong></span> <span class='ocrx_word' id='word_1_860' title='bbox 336 5585 509 5657; x_wconf 80' lang='grc' dir='ltr'>Ὅθεν</span> <span class='ocrx_word' id='word_1_861' title='bbox 554 5584 621 5637; x_wconf 83' lang='grc' dir='ltr'>τὸ</span> <span class='ocrx_word' id='word_1_862' title='bbox 669 5582 807 5657; x_wconf 14' lang='grc' dir='ltr'>ν’ζαώ</span> <span class='ocrx_word' id='word_1_863' title='bbox 845 5583 1054 5656; x_wconf 80' lang='grc' dir='ltr'>ὄνομα.</span> <span class='ocrx_word' id='word_1_864' title='bbox 1101 5581 1270 5650; x_wconf 79' lang='lat' dir='ltr'><strong>Quom</strong></span> <span class='ocrx_word' id='word_1_865' title='bbox 1307 5582 1562 5639; x_wconf 82' lang='lat' dir='ltr'><strong>Liberum</strong></span> <span class='ocrx_word' id='word_1_866' title='bbox 1609 5591 1698 5656; x_wconf 83' lang='lat' dir='ltr'><strong>pat</strong></span> 
     </span>
    </p>
   </div>
   <div class='ocr_carea' id='block_1_113' title="bbox 1839 5572 3380 5657">
    <p class='ocr_par' dir='ltr' id='par_1_113' title="bbox 1839 5572 3380 5657">
     <span class='ocr_line' id='line_1_113' title="bbox 1839 5572 3380 5657; baseline -0.013 -8"><span class='ocrx_word' id='word_1_867' title='bbox 1839 5594 1931 5649; x_wconf 74' lang='grc' dir='ltr'><strong>,ει</strong></span> <span class='ocrx_word' id='word_1_868' title='bbox 1999 5583 2184 5644; x_wconf 89' lang='lat' dir='ltr'><strong>Solem</strong></span> <span class='ocrx_word' id='word_1_869' title='bbox 2241 5588 2444 5644; x_wconf 85' lang='lat' dir='ltr'><strong>ethnici</strong></span> <span class='ocrx_word' id='word_1_870' title='bbox 2485 5585 2782 5657; x_wconf 87' lang='lat' dir='ltr'><strong>scriptores</strong></span> <span class='ocrx_word' id='word_1_871' title='bbox 2845 5581 3208 5654; x_wconf 87' lang='lat' dir='ltr'><strong>appellarunt.</strong></span> <span class='ocrx_word' id='word_1_872' title='bbox 3243 5572 3380 5647; x_wconf 72' lang='lat' dir='ltr'><strong>(Ma-</strong></span> 
     </span>
    </p>
   </div>
   <div class='ocr_carea' id='block_1_114' title="bbox 123 5655 771 5727">
    <p class='ocr_par' dir='ltr' id='par_1_114' title="bbox 123 5655 771 5727">
     <span class='ocr_line' id='line_1_114' title="bbox 123 5655 771 5727; baseline 0 -17"><span class='ocrx_word' id='word_1_873' title='bbox 123 5655 262 5712; x_wconf 80' lang='lat' dir='ltr'><strong>crob.</strong></span> <span class='ocrx_word' id='word_1_874' title='bbox 300 5656 395 5711; x_wconf 91' lang='lat' dir='ltr'><strong>lib.</strong></span> <span class='ocrx_word' id='word_1_875' title='bbox 427 5674 464 5725; x_wconf 88' lang='grc' dir='ltr'><strong>ι,</strong></span> <span class='ocrx_word' id='word_1_876' title='bbox 502 5671 624 5727; x_wconf 88' lang='lat' dir='ltr'><strong>cap.</strong></span> <span class='ocrx_word' id='word_1_877' title='bbox 657 5655 771 5725; x_wconf 79' lang='grc'><strong>16.)</strong></span> 
     </span>
    </p>
   </div>
  </div>
