3772 6188
405 194 514 252 ’507

1819 193 1876 250 8.
1919 192 2257 249 ΕΡΙΡΠΑΜΙ

3571 199 3666 255 508

417 316 690 358 manasse.
721 300 795 356 Ex
827 316 936 372 quo
965 316 1307 374 consequens
1333 311 1438 370 est,
1468 303 1698 360 fontium
1730 320 1796 360 ac
1823 307 1949 362 ﬂum

2118 308 2492 379 ιτιολαμϐάνειν
2529 309 2612 362 δεῖ
2639 309 2821 379 πηγὰς
2867 309 2960 366 καὶ
2995 309 3293 380 ποταμοὺς,
3337 310 3440 362 καὶ
3480 313 3538 363 εἰ
3555 329 3669 369 τινα

414 410 546 451 num
577 395 834 463 liquores,
872 409 934 448 ac
974 396 1017 449 si
1046 395 1177 466 quid
1215 399 1364 453 aliud
1407 406 1492 453 est
1523 399 1787 453 dutcioris
1815 415 1986 468 aquae,

417 485 640 539 minime
671 500 736 539 ex
765 485 883 552 ejus
933 485 1188 556 lacrymis
1219 488 1464 544 ﬂuxisse.
1494 488 1589 542 Est
1619 490 1764 542 enim
1796 491 1990 559 perab-

417 576 666 636 surdum,
699 592 820 628 cum
851 592 955 629 una
992 579 1331 646 simplexque
1365 580 1436 632 sit
1461 579 1822 648 lacrymartttn
1859 594 1992 648 qua—

419 666 565 728 litas,
599 666 802 720 salsum
846 682 952 718 tton
987 667 1168 721 minus
1208 667 1517 730 humorem,
1549 682 1712 736 quam
1753 669 1987 731 dulcem,

419 759 484 811 ad
512 757 757 812 eamdem
787 758 1052 826 originem
1086 757 1318 825 referre;
1350 775 1474 813 cum
1500 761 1667 813 multo
1695 761 1766 813 sit
1795 759 1991 828 proha-

418 849 602 912 bilius,
643 849 905 918 quasdatn
939 865 969 904 e
1012 850 1269 920 Iacrymis
1315 867 1506 921 aquas,
1532 868 1562 906 e
1613 851 1812 905 sudore
1859 850 1992 928 alias

418 941 706 995 excitatas.
745 940 806 992 Et
855 941 1110 1010 quoniam
1143 942 1331 996 ealidze
1359 959 1577 1013 quoque
1611 944 1812 998 alicubi
1840 951 1990 1006 sunt,

419 1040 472 1086 et
506 1032 693 1094 acidze,
729 1031 1015 1086 videndum
1063 1047 1260 1100 porro,
1291 1035 1428 1103 quid
1459 1051 1625 1106 agens
1660 1035 1772 1098 illa,
1817 1051 1993 1104 quave

419 1141 482 1178 ex
519 1136 667 1193 parte
719 1123 1024 1177 istiusmodi
1057 1138 1227 1192 aquas
1273 1126 1598 1195 profuderit.
1634 1127 1794 1182 Tales
1843 1127 1989 1181 cuittt

419 1216 778 1285 quzestionutn
810 1231 984 1284 nugze,
1011 1217 1154 1269 velut
1179 1201 1487 1286 dignissimi
1520 1219 1750 1287 fructus,
1776 1220 1991 1273 illorum

419 1309 654 1364 inventis
687 1307 1130 1376 argumentisque
1160 1319 1489 1378 congruunt.

490 1396 598 1451 Sed
664 1404 720 1449 ut
754 1395 819 1448 ad
853 1394 1076 1448 Matrem
1111 1396 1284 1465 ipsam
1318 1398 1556 1462 redeam,
1589 1397 1792 1463 ferunt,
1823 1399 1991 1464 illam,

418 1504 542 1542 cum
579 1488 690 1557 jam
740 1488 918 1540 omnia
948 1488 1418 1556 perturbationum
1448 1505 1647 1550 genera
1689 1493 1994 1562 percurris-

419 1587 521 1640 set,
563 1593 704 1646 ωςΓο
740 1577 956 1630 tandem
1004 1593 1270 1630 emersam
1305 1579 1369 1632 ad
1417 1580 1548 1633 illttd
1597 1581 1802 1646 lumen,
1828 1596 1859 1635 a
1888 1598 1995 1650 quo

2089 398 2223 452 ἄλλα
2253 400 2456 469 γλυκέα
2489 399 2658 454 ὕδατα
2687 401 2938 473 ὑπάρχει,
2972 399 3072 470 τὴν
3094 401 3308 468 γένεσιν
3336 401 3418 472 μὴ
3444 403 3666 472 ἐσχηκέὲ

2089 508 2176 543 ναι
2221 491 2329 544 ἀπὸ
2373 492 2480 544 τῶν
2522 489 2769 560 δακρύων
2813 490 3005 560 αὐτῆς.
3049 491 3337 545 ’Δπὶθανον
3372 492 3510 562 γὰρ,
3554 498 3667 562 μιᾶς

2089 581 2372 650 ποιότητος
2402 581 2566 650 οὔσης
2596 581 2706 632 τῶν
2748 580 3018 651 δακρύων,
3054 581 3122 634 τά
3172 582 3271 652 μὲν
3320 583 3571 654 ἁλμυρὰ,
3611 589 3667 636 τὰ

2088 672 2144 725 δὲ
2169 673 2377 741 γλυκέα
2411 672 2576 726 ὕδατα
2597 672 2657 736 ἐξ
2683 672 2862 726 αὐτῶν
2893 672 3193 742 προελθεῖν.
3231 673 3412 726 Τοῦτο
3436 675 3494 727 δὲ
3519 675 3666 727 736a-

2089 762 2342 834 νώτερυν,
2373 765 2442 816 τὰ
2486 764 2584 834 μὲν
2613 759 2752 816 εἶναι
2791 763 2899 816 άπὸ
2927 763 3037 816 τῶν
3071 765 3350 834 δακρύων,
3384 766 3460 818 τὰ
3491 767 3549 819 δὲ
3571 769 3665 818 dab

2089 855 2199 909 τῶν
2241 855 2498 927 ἱδρώτων.
2538 855 2754 927 Ἐπειδὴ
2782 856 2797 886 ¹
2825 856 2916 908 καὶ
2961 855 3139 926 θερμὰ
3181 859 3277 910 καὶ
3307 857 3516 927 δριμέα
3561 861 3664 912 τινὰ

2093 947 2260 1002 ὕδατά
2277 949 2424 999 ἐστιν
2445 950 2502 999 ἐν
2521 948 2600 1018 τῷ
2616 947 2826 1017 κόσμῳ,
2850 949 2990 999 νοεῖν
3012 946 3270 1016 ὀφείλεις,
3297 949 3353 999 τί
3382 949 3660 1017 ποιήσασα,

2091 1040 2186 1093 mi.
2228 1041 2291 1092 ἐκ
2338 1039 2492 1092 ποίου
2540 1040 2727 1110 μορίου
2775 1040 3055 1110 προήκατο
3104 1039 3301 1094 ταῦτα.
3352 1040 3661 1110 Ἀρμόξουσι

2092 1134 2199 1202 γὰρ
2219 1133 2449 1184 τοιοῦτοι
2480 1132 2682 1204 καρποὶ
2707 1133 2774 1202 τῇ
2801 1131 3055 1185 ὑποθέσει
3079 1132 3283 1187 αὐτῶν.

2163 1401 2520 1456 Διοδεύσασαν
2550 1397 2644 1455 οὖν
2692 1403 2799 1455 πᾶν
2846 1402 3018 1466 πάθος
3052 1402 3150 1473 τὴν
3194 1403 3440 1473 Μητέρα
3480 1403 3662 1468 αὖτῷν,

2096 1491 2190 1546 καὶ
2226 1490 2383 1562 μόγις
2427 1489 2845 1561 ὑπερκύψασαν,
2882 1492 2975 1544 ἐπὶ
3017 1491 3224 1544 ἱκεσίαν
3268 1493 3556 1562 τραπῆναι
3584 1494 3664 1546 τοι]

2097 1580 2486 1642 καταλιπόντος
2530 1580 2701 1650 αὐτὴν
2746 1581 2941 1649 φωτὸς,
2989 1581 3232 1634 τουτέστι
3278 1583 3376 1634 τοῦ
3426 1584 3665 1654 Χριστοῦ,

418 1669 676 1724 destituta
710 1667 902 1728 fuerat,
934 1669 1273 1721 exorandum
1307 1686 1428 1725 sese
1459 1675 1814 1736 convertisse,
1849 1673 1955 1728 vidt

2118 1674 2362 1741 ιέγουσιν.
2402 1674 2518 1736 Ὃς,
2564 1671 2802 1724 ἀνελθὼν
2834 1673 2932 1742 μὲν
2971 1674 3050 1736 εἰς
3085 1673 3144 1725 τὸ
3188 1673 3497 1744 πλήρωμα,
3528 1676 3668 1738 αὑτὸς

417 1761 546 1816 licet
568 1760 866 1814 Christum.
897 1760 944 1814 Is
981 1760 1033 1812 in
1093 1760 1330 1829 pleroma
1375 1765 1771 1828 conscendens,
1800 1780 1862 1819 ac
1902 1765 1997 1819 de-

421 1851 680 1906 scendere
710 1850 824 1920 ipse
854 1850 1034 1904 denuo
1073 1862 1351 1920 gravatus,
1392 1854 1656 1908 vicarium
1704 1856 1807 1911 sibi
1836 1855 1995 1908 Para-

421 1945 618 1998 cletu-tn
659 1943 933 2008 submisit,
970 1960 1130 2013 quem
1163 1955 1214 1999 et
1249 1946 1583 2000 Salvatorem
1609 1957 1837 2014 vocant;
1871 1963 1995 2003 cum

420 2035 602 2091 omnis
658 2035 712 2088 in
769 2035 944 2104 ipsum
991 2034 1072 2088 vis
1117 2047 1261 2090 esset
1305 2044 1585 2107 congesta,
1639 2042 2000 2106 universaque

418 2127 664 2198 ejusdem
709 2127 967 2197 potestati
998 2136 1106 2179 tam
1151 2144 1179 2181 a
1211 2127 1390 2190 Patre,
1426 2144 1590 2198 quam
1622 2130 1690 2183 ab
1731 2128 1999 2186 {Eonibus

419 2220 734 2282 commissa,
759 2227 814 2281 ut
847 2233 942 2287 per
966 2219 1142 2287 ipsum
1174 2227 1282 2272 tam
1309 2235 1428 2288 quae
1461 2219 1629 2273 videri
1661 2221 1837 2274 oculis
1869 2236 1998 2290 pos-

421 2319 564 2370 sent,
597 2324 760 2378 quam
795 2322 915 2377 qua:
942 2308 1113 2360 aciem
1155 2307 1472 2378 effugerent,
1515 2308 1768 2363 universa
1808 2309 2002 2363 conde-

422 2408 646 2464 rentur;
675 2399 932 2452 nimirum
967 2399 1172 2462 throni,
1206 2399 1546 2463 divinitates,
1573 2399 1996 2456 dominationes.

422 2493 785 2546 Accesserunt
809 2498 862 2543 et
897 2488 1180 2543 Paraeleto
1208 2491 1440 2546 comites
1467 2491 1705 2562 aquales
1730 2493 1876 2547 illius
1905 2507 2001 2546 an-

421 2583 548 2656 geli.
577 2582 657 2636 Ad
689 2581 846 2651 cujus
881 2579 1169 2636 adventum
1196 2581 1498 2635 Acltamoth
1533 2582 1740 2653 pudore
1772 2583 1997 2654 perfusa

422 2676 586 2746 capiti
623 2676 797 2729 velum
827 2673 1074 2728 obduxit.
1112 2672 1250 2727 Tum
1281 2675 1370 2729 ubi
1401 2675 1552 2728 illum
1585 2693 1708 2730 cum
1734 2679 1880 2732 omni
1901 2693 1999 2733 suo

423 2780 689 2837 proventu
722 2771 1030 2839 conspexit,
1063 2784 1129 2822 ex
1159 2767 1323 2836 hujus
1354 2768 1643 2836 praesentia
1680 2774 2000 2824 contirtnata

422 2857 489 2912 ad
523 2874 646 2912 eum
679 2860 938 2913 accurrit.
959 2860 1002 2911 A
1031 2873 1140 2928 quo
1166 2858 1443 2912 elaborata
1476 2863 1530 2910 et
1554 2855 1728 2910 eﬂicta
1751 2873 1872 2912 cum
1899 2857 2004 2912 for-

423 2966 566 3004 tnam
602 2950 950 3019 cognitionis,
981 2957 1094 3002 tum
1123 2947 1288 3001 animi
1309 2947 1621 3000 morborum
1651 2948 1894 3019 omnium
1924 2963 2001 3002 re-

2102 1764 2201 1835 μέν
2234 1765 2400 1826 εἰκὸς,
2437 1763 2516 1816 ὅτι
2553 1762 2799 1832 ὤκνησεν
2842 1764 2906 1816 ἐκ
2945 1764 3196 1833 δευτέρου
3247 1765 3557 1829 κατελθεῖν,
3593 1768 3670 1818 τὸν

2100 1855 2461 1927 Παράκλητον
2488 1855 2543 1908 δὲ
2572 1853 2877 1924 ἐξέπεμψεν
2908 1855 3075 1926 αὐτὴν
3108 1858 3151 1919 ³,
3181 1856 3436 1909 τουτέστι
3464 1857 3556 1909 τὸν
3578 1858 3671 1909 Ε)-

2097 1947 2260 2019 τῆρα,
2297 1946 2534 2008 ἐνδόντος
2569 1947 2715 2018 αὐτῷ
2745 1949 2921 2000 πᾶσαν
2950 1948 3047 2018 τὴν
3070 1946 3299 2017 δύναμιν
3326 1946 3426 1999 τοῦ
3452 1949 3666 2018 Πατρὸς,

2099 2039 2192 2092 καὶ
2233 2039 2338 2091 πᾶν
2388 2039 2478 2090 ὑπ’
2510 2037 2754 2102 ἐξουσίαν
2791 2038 3145 2110 παραδόντος,
3177 2041 3274 2092 καὶ
3311 2038 3422 2091 τῶν
3471 2039 3669 2091 Aiebam!

2097 2129 2347 2199 δεόμενος
2377 2129 2414 2192 ³,
2443 2130 2589 2194 ὅπως
2613 2132 2670 2182 ἐν
2704 2130 2852 2200 αὐτῷ
2878 2131 2948 2184 τὰ
2983 2131 3160 2185 πάντα
3189 2130 3389 2202 κτισθῇ
3419 2132 3492 2184 τὰ
3519 2131 3670 2200 ὁρατὰ

2101 2222 2193 2274 καὶ
2220 2221 2289 2274 τὰ
2331 2221 2558 2291 ἀόρατα,
2609 2221 2808 2291 θρόνοι,
2856 2222 3128 2292 θεότητες,
3169 2221 3523 2294 κυριότητες.
3562 2224 3670 2276 Ἐκ-

2101 2309 2375 2380 πέμπεται
2415 2310 2470 2361 δὲ
2501 2309 2638 2380 πρὸς
2680 2312 2848 2381 αὐτὴν
2877 2312 3014 2382 μετὰ
3045 2312 3152 2366 τῶν
3181 2313 3495 2380 ἡλικιωτῶν
3525 2315 3669 2366 αὐτοῦ

2099 2399 2206 2452 τῶν
2246 2399 2514 2468 ἀγγέλων.
2556 2401 2667 2472 Τὴν
2700 2400 2757 2453 δέ
2808 2401 3064 2471 ’Δχαμὼθ
3115 2403 3491 2473 ἐντραπεῖσαν
3529 2404 3668 2456 αὑτὸν

2099 2488 2335 2558 λέγουσι,
2367 2492 2581 2560 πρῶτον
2634 2491 2731 2560 μὲν
2783 2491 3044 2562 κάλυμμα
3091 2493 3376 2546 ἐπιθέσθαι
3444 2495 3511 2546 δι’
3536 2494 3668 2556 αἰδὼ,

2104 2583 2395 2654 μετέπειτα
2438 2582 2494 2636 δὲ
2542 2582 2753 2636 ἰδοῦσαν
2794 2583 2955 2636 αὑτὸν
2983 2584 3077 2636 σὺν
3121 2584 3218 2656 ὅλῃ
3249 2588 3316 2655 τῇ
3339 2587 3669 2656 καρποφορῐᾳ

2101 2674 2287 2735 αὑτοῦ,
2332 2674 2700 2747 προσδραμεῖν
2728 2674 2894 2744 αὐτῷ,
2926 2674 3155 2746 δύναμιν
3189 2676 3469 2729 λαϐοῦσαν
3492 2679 3557 2728 ἐκ
3593 2678 3670 2744 τῆς

2101 2766 2420 2834 ἐπιφανείας
2471 2766 2656 2820 αὑτοῦ.
2699 2767 2964 2821 Κάκεῖνον
3012 2767 3301 2838 μορφῶσαι
3350 2768 3527 2837 αὐτὴν
3558 2769 3668 2836 p.69-

2101 2875 2270 2926 φωσιν
2297 2857 2392 2927 τὴν
2420 2856 2560 2910 κατὰ
2579 2857 2799 2925 γνῶσιν,
2834 2858 2928 2910 καὶ
2955 2857 3098 2910 ἴασιν
3125 2857 3232 2910 τῶν
3255 2857 3453 2911 παθῶν
3475 2859 3672 2927 ποιήσας

2103 2949 2226 3002 σθαι
2267 2949 2456 3019 αὐτῆς.
2506 2948 2831 3020 Χωρίσαντα
2877 2949 2921 3002 δ’
2953 2948 3093 3002 αὐτὰ
3125 2949 3320 3019 αὐτῆς,
3369 2951 3450 3020 μὴ
3491 2950 3672 3019 ἀμελή-

425 3042 601 3096 tnedia
647 3043 906 3111 percepit.
941 3041 1090 3107 Quos
1133 3039 1350 3108 quidem
1404 3039 1625 3092 morbos
1675 3016 1750 3092 ita
1792 3039 1881 3094 ille
1919 3056 1955 3095 St

2118 3056 2272 3093 ταντα
2298 3040 2353 3092 δὲ
2382 3039 2561 3093 αὐτῶν
2583 3054 2595 3066 '
2639 3040 2699 3091 οὐ
2724 3040 2830 3110 γὰρ
2851 3035 2918 3110 ἦν
2963 3039 3167 3092 δυνατὰ
3192 3039 3582 3107 ἀφανισθῆναι,
3611 3039 3670 3100 ὡς

424 3135 616 3202 crevit,
650 3143 707 3188 ut
737 3151 845 3189 non
878 3135 1093 3204 penitus
1119 3132 1431 3202 negligeret.
1463 3130 1649 3202 Neque
1675 3131 1818 3188 enim
1858 3135 2004 3188 velut

425 3228 626 3298 prioris
677 3228 822 3280 illius
867 3225 1037 3280 deleri
1083 3224 1330 3279 funditus
1377 3231 1650 3294 poterant,
1701 3226 1844 3293 quod
1901 3243 2003 3279 usu

425 3321 731 3374 conﬁrmati
765 3318 1218 3390 corroboratique
1241 3317 1353 3386 jam
1397 3317 1810 3390 occalluissent.
1845 3308 2004 3387 185

427 3413 569 3481 Ergo
596 3411 716 3465 illos
734 3417 973 3465 secretos
993 3409 1124 3462 conf
1126 3409 1240 3462 odit
1257 3423 1319 3462 ac
1341 3408 1608 3468 densavit,
1634 3406 1767 3461 etab
1789 3423 1940 3475 expet
1957 3419 2006 3461 te

427 3503 676 3573 corporis
704 3501 989 3554 affectione
1021 3500 1075 3553 itt
1110 3513 1426 3568 corpoream
1457 3498 1737 3552 materiam
1778 3514 2005 3552 conver-

428 3595 517 3646 tit.
553 3591 756 3646 Deinde
804 3599 1057 3644 naturam
1107 3589 1322 3652 indidit,
1373 3588 1729 3659 idoneamque
1764 3589 1910 3654 fecit,
1949 3599 2008 3642 ut

432 3683 661 3738 conﬂari
712 3691 874 3752 atque
919 3680 1201 3750 corporari
1253 3687 1461 3749 posset,
1502 3688 1831 3750 naturasque
1871 3681 2008 3736 duas

428 3759 686 3840 elliceret,
721 3773 947 3827 alteram
990 3771 1337 3826 allectionum
1382 3770 1596 3831 malam,
1635 3771 2008 3827 conversionis

429 3871 677 3931 alteram,
704 3881 933 3935 eamque
959 3863 1372 3935 perturbatione
1406 3860 1711 3932 przeditam.
1739 3860 1911 3927 Quam
1939 3862 2010 3916 ob

432 3965 653 4013 Causam
684 3955 972 4017 Salvatori,
1003 3955 1048 4010 si
1093 3954 1204 4007 vim
1239 3952 1537 4007 {unctionis
1572 3953 1719 4006 illius
1755 3953 2010 4007 conside-

431 4067 542 4115 res,
574 4048 887 4105 Conditoris
925 4058 1104 4117 partes
1151 4045 1480 4101 attribuunt.
1533 4042 1651 4096 Jatn
1709 4043 2009 4100 Achamotlt

430 4142 499 4195 ab
531 4140 680 4194 omni
713 4137 1124 4210 perturbatione
1170 4136 1361 4197 libera,
1393 4149 1518 4187 cum
1575 4135 1863 4197 luminum,
1889 4151 2010 4204 quze

429 4246 555 4285 cum
589 4231 706 4299 ipso
743 4236 921 4292 erant,
958 4227 1059 4281 hoc
1091 4234 1173 4280 est
1196 4224 1456 4279 comitum
1503 4225 1844 4294 angelorum,
1875 4241 2009 4280 con-

431 4321 838 4392 templationem
889 4336 1012 4374 cum
1045 4319 1248 4388 ingenti
1281 4318 1482 4390 gaudio
1526 4317 1889 4387 concepisset,
1924 4326 2007 4371 at-

2103 3133 2172 3187 τά
2200 3132 2298 3201 τῆς
2327 3131 2618 3204 προτέρας,
2651 3131 2738 3184 διὰ
2757 3132 2817 3184 τὸ
2838 3132 3032 3186 ὲκτικὰ
3054 3131 3155 3201 ῆδη
3181 3133 3274 3184 καὶ
3303 3131 3512 3183 δυνατὰ
3534 3127 3667 3183 εἶναι·

2103 3221 2239 3275 ἀλλὰ
2274 3223 2644 3294 ἀποκρίναντα
2676 3224 2913 3293 χωρήσει
2951 3221 3047 3276 τοῦ
3079 3222 3306 3293 συγχέαι
3326 3221 3348 3250 ⁸
3372 3225 3471 3275 καὶ
3506 3223 3670 3292 πῆξαι,

2103 3313 2197 3365 καὶ
2245 3312 2304 3378 ἐξ
2339 3313 2629 3382 ἀσωμάτου
2677 3312 2881 3378 πάθους
2924 3314 3004 3376 εἰς
3045 3312 3339 3383 ἀσώματον
3364 3315 3385 3344 ⁵
3419 3315 3519 3383 τὴν
3561 3313 3672 3382 ὃλην

2108 3405 2430 3475 μεταϐαλεῖν
2469 3405 2624 3460 αὑτά.
2659 3401 2773 3457 Εἶθ’
2804 3405 2976 3467 οὕτως
3009 3405 3426 3475 ἐπιτηδειότητα
3461 3405 3554 3458 καὶ
3594 3404 3671 3474 φέ-

2108 3513 2192 3548 σιν
2227 3497 2657 3567 ἐμπεποιηκέναι
2682 3497 2885 3560 αὐτοῖς,
2927 3497 3070 3550 ὥστε
3099 3498 3177 3561 είς
3219 3499 3570 3568 συγκρίματα
3596 3500 3671 3550 καὶ

2108 3588 2334 3658 σώματα
2387 3589 2560 3641 ἐλθεῖν
2608 3590 2744 3662 πρὸς
2791 3590 2852 3642 τὸ
2901 3590 3152 3658 γενέσθαι
3198 3589 3288 3642 δύο
3337 3591 3548 3655 οὐσίας,
3588 3593 3669 3659 τὴν

2108 3678 2319 3748 φαύλην
2358 3680 2465 3732 τῶν
2494 3680 2701 3745 παθῶν,
2727 3682 2824 3752 τήν
2850 3697 2910 3732 τε
2950 3680 3052 3750 τῆς
3081 3682 3421 3752 ἐπιστροφῆς
3450 3681 3665 3751 ἐμπαθῆ.

2111 3773 2222 3823 Καὶ
2251 3771 2340 3824 διὰ
2371 3771 2526 3824 τοῦτο
2548 3773 2774 3843 δυνάμει
2805 3772 2896 3825 τὸν
2923 3772 3151 3843 Σωτῆρα
3171 3774 3666 3845 δεδεμιουργηκένιι

2111 3863 2412 3933 φάσκουσιο
2446 3867 2542 3935 τήν
2569 3883 2628 3917 τε
2674 3866 2928 3937 ’Λχαμὼθ
2959 3867 3114 3928 ἐκτὸς
3143 3865 3346 3928 πάθους
3369 3866 3662 3935 γενομένην.

2109 3957 2203 4009 καὶ
2233 3955 2603 4008 συλλαϐοῦσαν
2633 3959 2698 4027 τῇ
2729 3960 2872 4029 χαρᾷ
2897 3959 3005 4012 τῶν
3041 3962 3097 4012 ἐν
3134 3957 3282 4027 αὐτῴ
3316 3958 3337 3987 ⁵
3373 3957 3564 4027 φώτων
3588 3958 3665 4025 τῇ

2111 4044 2364 4115 θεωρίαν,
2393 4047 2641 4098 τουτέστι
2670 4047 2778 4101 τῶν
2808 4049 3054 4116 ἀγγέλων
3091 4048 3200 4100 τῶν
3231 4049 3348 4118 μετ’
3380 4047 3562 4112 αὐτοῦ,
3589 4049 3664 4100 καὶ

2110 4138 2517 4209 ἐγκισσήσασαν
2551 4139 2771 4202 αὐτοὺς,
2806 4141 3136 4211 κεκυηκέναι
3160 4143 3406 4210 καρποὺς
3431 4141 3564 4192 κατὰ
3585 4143 3664 4206 τὴν

2111 4230 2292 4283 εἰκόνα
2318 4231 2648 4296 διδάσκουσι,
2677 4232 2866 4303 κύημα
2892 4234 3256 4302 πνευματικὸν
3286 4233 3409 4286 καθ’
3437 4233 3664 4303 ὁμοίωσιν

2111 4321 2408 4387 γεγονότως
2444 4322 2463 4352 ⁷
2497 4321 2605 4373 τῶν
2635 4321 2944 4394 δορυφόρων
2977 4323 3070 4375 τοῦ
3111 4324 3364 4394 Σωτῆρος

432 4431 539 4485 que
570 4414 635 4466 ad
687 4413 902 4466 illorum
949 4409 1402 4465 consuetudinem
1430 4407 1750 4489 exarsisset,
1775 4406 1840 4459 ad
1895 4423 2082 4461 eorum
2119 4409 2398 4478 exemplar
2441 4407 2610 4465 fetum
2648 4411 2836 4465 nescio
2874 4426 3034 4481 quem
3077 4412 3378 4480 spiritalem
3415 4411 3662 4481 parturiit,

431 4507 524 4576 qui
560 4505 626 4558 ad
680 4505 1008 4572 stipatorum
1058 4500 1356 4555 Salvatoris
1407 4507 1553 4554 esset
1598 4497 2011 4552 similitudinem
2046 4513 2364 4570 expressus.

502 4619 684 4673 XVIII.
734 4619 1097 4685 Quamobrem
1141 4618 1334 4687 triplici
1370 4617 1481 4686 jam
1531 4616 1832 4671 substantia
1872 4631 2002 4670 con-
2037 4626 2078 4678 ι)

432 4714 639 4775 stituta,
675 4713 851 4781 prima
889 4727 1007 4780 quae
1056 4727 1122 4764 ex
1179 4709 1582 4780 perturbatione
1633 4709 1853 4778 prodiit.
1893 4723 2012 4778 qua:

432 4811 516 4857 est
579 4805 853 4870 materia;
935 4802 1174 4858 secunda
1253 4818 1317 4854 ex
1401 4802 1793 4864 conversione,
1869 4800 2012 4870 qttod

431 4902 517 4949 est
565 4895 910 4958 animalium;
957 4895 1117 4948 tertia
1169 4892 1436 4962 spiritali,
1480 4909 1642 4962 qttattt
1687 4898 2012 4961 postremam

433 4987 684 5055 peperit,
747 4995 860 5038 tum
923 5001 980 5041 se
1031 4987 1264 5054 denique
1326 4985 1392 5038 ad
1466 4985 1652 5038 eadem
1717 4984 2010 5052 ellingenda

433 5079 683 5132 contulit.
734 5077 1052 5147 Quanquam
1111 5079 1256 5147 quod
1309 5078 1550 5146 spiritale
1613 5087 1768 5142 erat,
1828 5085 2012 5145 utpote

434 5171 676 5226 eiusdem
724 5186 846 5223 cum
896 5171 1010 5238 ipsa
1063 5180 1308 5232 naturae,
1360 5172 1590 5242 figurare
1636 5170 1856 5225 minime
1911 5185 2011 5238 po-

438 5265 558 5317 tuit.
607 5261 760 5317 Unde
799 5279 857 5317 se
893 5264 1181 5316 attimatatn
1231 5264 1294 5317 ad
1336 5261 1733 5324 substantiam,
1774 5277 1894 5330 qua:
1945 5277 2008 5314 ex

436 5355 609 5426 Ipsius
649 5355 1006 5409 conversione
1054 5355 1294 5424 profecta
1343 5358 1551 5423 fuerat,
1603 5353 2009 5425 perpoliendatn

511 5533 528 5564 ¹
563 5531 700 5587 Ircn.
728 5533 849 5586 ἐπεὶ
876 5533 951 5587 ἓξ.

439 5603 462 5636 ⁸
500 5603 638 5658 Ircn.
671 5605 766 5658 σὺν
800 5604 965 5674 αὐτῷ.
1044 5606 1062 5634 ⁷
1099 5605 1238 5660 lrcn.
1275 5602 1516 5672 fayovég.
1592 5604 1611 5633 '
1643 5603 1701 5656 F.
1732 5602 1919 5672 αὑτήν.

1032 5538 1050 5565 ²
1089 5534 1144 5588 Ρ.
1179 5535 1336 5605 αὐτῇ.
1409 5534 1429 5564 ³
1464 5533 1533 5588 Ir.
1569 5533 1623 5605 δὲ
1646 5531 1874 5605 δμοίως,
1905 5545 2002 5599 pro
2043 5529 2312 5602 δεόμενος.

2180 4619 2286 4672 IH'.
2323 4618 2499 4689 Τριῶν
2528 4614 2620 4672 οὖν
2658 4618 2757 4688 ἤδη
2794 4618 2997 4671 τούτων
3027 4617 3406 4688 ὑποκειμένων
3437 4618 3556 4672 κατ’
3583 4619 3660 4671 αὖ·

2118 4708 2262 4773 τοὺς,
2295 4706 2388 4760 τοῦ
2425 4708 2523 4778 μὲν
2551 4710 2614 4760 ἐκ
2655 4707 2747 4760 τοῦ
2792 4707 3016 4771 πάθους,
3065 4707 3094 4758 ὃ
3137 4702 3203 4776 ἦν
3246 4706 3382 4775 ὓλη’
3424 4706 3514 4758 τοῦ
3541 4707 3661 4758 δὲέκ

2121 4800 2218 4870 τῆς
2243 4800 2594 4870 ἐπιστροφῆς,
2619 4799 2646 4850 ὃ
2674 4794 2741 4870 ἦν
2771 4799 2828 4851 τὸ
2851 4797 3080 4867 ψυχικόν
3098 4814 3112 4828 ’
3137 4797 3227 4850 τοῦ
3249 4799 3305 4850 δὲ
3331 4798 3361 4849 ὃ
3392 4799 3658 4865 άπεκύησε.

2119 4891 2362 4944 τουτέστι
2391 4893 2448 4944 τὸ
2475 4890 2862 4962 πνευματικὸν,
2886 4888 3058 4952 οὕτως
3093 4890 3304 4959 ἐτράπη
3332 4890 3422 4940 ἐπὶ
3444 4889 3532 4958 τὴν
3557 4888 3660 4955 μόρ-

2122 5001 2293 5054 φωσιν
2324 4984 2526 5039 αὐτῶν.
2573 4983 2734 5036 Ἀλλά
2773 4983 2834 5035 τὸ
2882 4983 2980 5052 μὲν
3027 4981 3395 5052 πνευματικὸν
3434 4982 3502 5050 μὴ
3531 4979 3659 5030 δεδυ-

2119 5077 2308 5148 νῆσθαι
2336 5079 2472 5148 αὐτῇ
2503 5077 2525 5108 ⁸
2562 5077 2866 5148 μορφῶσαι,
2903 5074 3090 5144 ἐπειδὴ
3129 5074 3410 5144 ὁμοούσιον
3446 5071 3657 5139 ὑπῆρχεν

2117 5170 2279 5239 αὐτῇο
2307 5167 2606 5239 τετράφθαι
2659 5169 2716 5220 δὲ
2763 5167 2968 5236 ἐπἰτὴν
3018 5167 3299 5237 μόρφωσιν
3343 5165 3436 5233 τῆς
3464 5159 3655 5229 γενομέ-

2122 5279 2227 5331 μης
2256 5264 2320 5314 ἐκ
2348 5262 2443 5332 τῆς
2476 5260 2809 5330 ἐπιστροφῆς
2858 5262 3025 5330 αὐτῆς
3057 5258 3293 5328 ψυχικῆς
3321 5257 3518 5316 οὐσίας,
3553 5268 3654 5320 προ-

2118 5352 2300 5404 ϐαλεῖν
2339 5368 2398 5404 τε
2443 5349 2512 5403 τὰ
2559 5350 2708 5421 παρὰ
2748 5349 2841 5404 τοῦ
2902 5349 3152 5420 Σωτῆρος
3206 5346 3508 5418 μαθήματα.
3569 5343 3654 5393 Καὶ

2393 5531 2414 5562 δ
2455 5528 2512 5582 F.
2557 5529 2724 5602 χωρὶς
2786 5527 3027 5598 συγχέαι.
3106 5525 3128 5557 ⁸
3159 5523 3296 5580 Iren.
3353 5521 3651 5589 ἐνσώματι-ί.
