3772 6188
49 295 148 354 509

47 409 257 480 πρῶτον
291 404 712 479 μεμορφωκέναι
752 404 920 474 αὐτὴν
951 415 1015 455 εκ
1043 404 1141 472 τῆς
1169 397 1407 468 ψυχικῆς
1440 413 1467 447 ο

45 503 260 571 λέγουσι
306 500 399 554 τὸν
453 497 670 568 Πατέρα
717 496 811 550 καὶ
867 493 1091 565 βασιλέα
1137 491 1375 550 πάντων,
1414 486 1522 538 τῶν
1566 500 1626 536 τε

45 593 340 665 όμοουσίων
373 590 540 660 αὐτῷ,
580 589 829 643 τουτέστι
865 585 973 640 τῶν
1014 582 1281 654 ψυχικῶν,
1321 578 1356 633 ὃ.
1388 577 1450 647 δὴ
1481 574 1628 639 δεξιά

47 684 291 744 καλοῦσι,
329 684 424 737 καὶ
451 681 557 735 τῶν
590 682 652 732 ὲκ
686 679 778 732 τοῦ
814 679 1021 740 πάθους
1057 675 1152 729 καὶ
1184 674 1282 743 τῆς
1321 671 1469 738 ὕλης,
1496 667 1532 720 ἆ
1565 665 1628 736 δὴ

47 775 308 847 ἀριστερᾶ
357 771 600 828 καλοῦσι.
651 770 832 825 Πάντα
876 769 981 840 γὰρ
1019 767 1088 821 τὰ
1115 767 1233 820 κατ’
1282 760 1482 816 αὐτὸνι
1524 759 1628 826 φάο

50 884 232 922 Διιιουσι
287 865 743 937 μεμορφωκέναι,
796 862 1097 931 λεληθότως
1159 855 1472 925 κινούμενον
1525 850 1632 903 ὑπὸ

47 979 140 1020 ἰ”ζ
173 960 418 1030 Μητρὸς,
450 958 571 1010 ὅθεν
599 957 691 1010 καὶ
735 954 1162 1025 Μητροπάτορα,
1203 949 1294 1002 καὶ
1336 944 1629 1014 Ἅλπάτορα,

49 1054 134 1105 καὶ
172 1050 518 1121 Δημιουργὸν
570 1047 764 1108 αὑτὸν,
811 1048 906 1100 καὶ
950 1043 1170 1113 Πατέρα
1217 1037 1472 1094 καλοῦσι·
1523 1032 1631 1086 τῶν

52 1144 143 1213 μὲν
187 1142 383 1206 δεξιῶν
433 1141 646 1211 πατέρα
691 1139 942 1207 λέγοντες
999 1135 1180 1200 αὑτὸν,
1229 1129 1475 1184 τουτέστι
1523 1124 1632 1178 τῶν

47 1235 316 1304 ψυχικῶν,
339 1233 446 1285 τῶν
469 1233 525 1285 δὲ
551 1229 875 1303 ἀριστερῶν,
904 1228 1148 1281 τουτέστι
1172 1223 1278 1277 τῶν
1306 1219 1524 1279 ὑλικῶν,
1541 1218 1634 1286 δη-

53 1323 328 1393 μιουργὸν,
357 1321 684 1392 συμπάντων
717 1319 773 1371 δὲ
801 1317 1043 1388 βασιλέα.
1070 1315 1179 1386 Τὴν
1219 1312 1328 1382 γὰρ
1369 1306 1635 1375 Ἐνθύμη·

53 1433 126 1467 σιν
166 1413 401 1484 ταύτην,
436 1412 784 1483 βουληθεῖσαν
824 1412 902 1472 εἰς
941 1406 1104 1478 τιμὴν
1163 1403 1271 1457 τῶν
1308 1399 1525 1454 Δίώνων
1565 1395 1634 1449 τὰ

52 1507 222 1559 πάντα
255 1504 504 1574 ποιῆσαι,
538 1503 747 1566 εἰκόνας
786 1502 1002 1569 λέγουσι
1041 1494 1398 1564 πεποιηκέναι
1436 1487 1633 1549 αὐτῶν,

53 1594 249 1665 μᾶλλον
291 1595 350 1647 δὲ
389 1594 478 1645 τὸν
520 1594 748 1661 Σωτῆρα
798 1591 863 1644 δι’
901 1589 1088 1657 αὐτῆς,
1121 1584 1216 1638 καὶ
1254 1580 1421 1652 αὐτὴν
1461 1578 1557 1648 μὲν
1581 1579 1636 1628 ἐν

51 1686 212 1737 εἰκόνι
238 1686 339 1738 τοῦ
372 1686 604 1757 ἀοράτου
639 1682 851 1753 Πατρδς
882 1677 1239 1750 τετηρηκέναι
1271 1675 1342 1744 μὴ
1371 1685 1636 1739 γινωσκο-

57 1778 217 1847 μένην
265 1777 374 1830 ὑπὸ
409 1777 502 1829 τοῦ
539 1773 901 1846 Δημιουργοῦ,
936 1772 1123 1824 τοῦτον
1166 1767 1222 1820 δὲ
1267 1764 1359 1817 τοῦ
1414 1775 1630 1831 μονογε-

51 1867 169 1932 νοῦς
200 1870 363 1935 Υἱοῦ,
395 1870 502 1922 τῶν
529 1870 586 1922 δὲ
611 1868 811 1921 λοιπῶν
845 1864 1062 1918 Αἰώνων
1105 1861 1233 1922 τοὺς
1261 1856 1364 1911 ὑπὸ
1388 1852 1590 1906 τούτων
1616 1851 1636 1878 ³

53 1962 346 2029 γεγονότας.
365 1959 735 2032 ἀρχαγγέλους
758 1975 817 2010 τε
850 1957 942 2010 καὶ
965 1954 1247 2023 ἀγγέλους.

53 2055 254 2125 effugit,
290 2056 602 2118 retinuisse,
651 2063 708 2107 ut
745 2066 863 2107 eam
900 2049 1122 2103 minime
1163 2043 1429 2099 Conditor
1493 2035 1876 2104 cognosceret;

748 285 1118 343 ADVERSUS
1156 277 1500 339 HERESES
1537 273 1668 331 LIB.
1710 273 1751 328 Ι.
1778 267 1959 326 ἸῸΜ.
2002 267 2066 358 ll.
2106 295 2174 305 —
2219 257 2491 318 IlIERES.
2527 251 2714 311 XXXI.

1472 393 1626 454 ὑσίας
1658 396 1700 451 Α
1729 383 2014 445 convertit,
2047 381 2112 435 ad
2144 378 2310 447 idque
2334 388 2455 442 quae
2489 387 2519 424 a
2559 368 2840 422 Salvatore
2864 359 3062 416 tradita
3097 358 3312 414 fuerant

1721 480 2051 540 documenta
2085 468 2386 526 transtulit.
2429 463 2506 518 Ac
2547 459 2779 532 primum
2820 460 3043 510 narrant
3090 467 3156 505 ex
3196 448 3314 501 ani-

3206 244 3311 301 5l0

1731 577 1875 624 mata
1905 563 2211 621 substantia
2243 561 2533 613 formatum
2569 551 2636 604 ab
2661 550 2748 604 illa
2773 547 2986 600 Patrem
3017 557 3080 596 ac
3109 540 3310 608 Regem

1727 661 1998 717 muniunt,
2028 665 2136 709 tam
2172 667 2360 708 eorum
2395 647 2628 706 scilicet,
2651 657 2772 711 qua:
2814 638 3001 692 eadem
3035 648 3156 687 cum
3195 631 3313 699 ipso

1732 762 1929 805 natura
1984 752 2260 805 constant,
2319 741 2424 794 hoc
2483 744 2568 791 est
2627 733 3011 790 auimatorum,
3057 740 3176 793 quae
3239 721 3312 773 illi

1732 842 1921 896 dextra
1967 841 2309 906 nuncupant,
2354 845 2516 900 quam
2561 841 2748 882 eorum
2787 836 2909 891 quae
2943 835 3007 872 ex
3034 814 3318 868 aﬂeetione

1734 946 1797 983 ac
1857 929 2079 982 materia
2148 910 2589 992 conipnntlntttt‘,
2641 929 2762 985 qua:
2822 910 3042 965 sinistra
3098 908 3315 957 vocant.

1733 1021 1868 1074 Nam
1902 1020 2178 1079 universa,
2210 1030 2333 1085 qua:
2374 1019 2496 1082 post
2533 1010 2712 1078 ipsum
2761 1003 3111 1060 exstiterunt,
3141 996 3208 1050 ab
3256 1009 3318 1047 eo

1734 1112 1923 1166 dicunt
1949 1109 2146 1168 ellieta,
2179 1124 2300 1159 cum
2335 1121 2362 1156 a
2398 1102 2564 1156 Matre
2591 1098 2754 1152 tacite
2775 1097 2839 1150 ad
2867 1095 2915 1148 id
2941 1099 3084 1147 esset
3116 1088 3319 1157 impul-

1737 1217 1832 1256 sus
1859 1219 1870 1252 :
1907 1213 1970 1252 ac
1997 1203 2282 1266 propterea
2319 1192 2668 1259 Metrepator,
2701 1192 2754 1238 et
2785 1184 3007 1251 Apator,
3030 1186 3082 1232 et
3119 1173 3322 1230 Condi-

1738 1303 1824 1346 tor
1851 1307 1913 1345 ac
1961 1265 2164 1343 Parens
2213 1286 2537 1356 appellatur.
2595 1279 2918 1333 Dextrorum
2957 1270 3228 1332 videlicet,
3266 1265 3319 1319 id

1737 1392 1819 1440 est
1859 1381 2039 1436 anima
2075 1378 2449 1451 praeditorum,
2489 1372 2731 1435 Parens;
2764 1367 3123 1421 Sinistrorum
3170 1373 3318 1420 vero,

1739 1475 1965 1530 hoc'est
2008 1477 2387 1527 concreturum
2434 1481 2557 1520 eum
2606 1460 2855 1522 Materia,
2901 1455 3200 1518 Conditor;
3259 1465 3323 1504 ac

1743 1569 1853 1622 Rex
1915 1567 2131 1621 demum
2187 1563 2584 1616 universorum.
2649 1553 2925 1624 Siquidem
2969 1544 3324 1617 Enthymesin

1743 1661 1888 1713 illam
1914 1655 2170 1727 produnt,
2201 1669 2324 1707 cum
2356 1651 2421 1705 ad
2450 1649 2686 1703 Aiommi
2719 1647 2978 1699 honorem
3011 1647 3062 1694 et
3096 1637 3322 1707 gloriam

1663 1749 1705 1802 Β
1737 1750 1910 1804 moliri
1939 1747 2122 1802 omnia
2167 1753 2414 1813 cuperet,
2456 1752 2634 1794 certas
2681 1750 2868 1790 eorum
2907 1732 3170 1800 imagines
3211 1725 3326 1781 edi-

1743 1843 1911 1902 disse,
1939 1840 2018 1894 vel
2066 1853 2160 1908 per
2200 1837 2373 1905 ipsam
2415 1832 2596 1902 potius
2651 1829 2703 1882 id
2747 1827 2922 1897 egisse
2967 1821 3323 1880 Salvatorem,

1745 1933 1988 2001 adeoque
2019 1929 2165 1981 illam
2199 1927 2252 1980 in
2279 1923 2452 1994 elligie
2488 1921 2668 1974 Patris
2703 1919 2795 1988 qui
2827 1916 3108 1970 oculorum
3148 1913 3324 1964 visum

1948 2023 2092 2075 hunc
2127 2034 2256 2072 vero
2297 2016 2363 2070 ad
2419 2015 2666 2083 unigena:
2701 2009 2821 2063 Filii
2857 2028 2870 2061 ι
2907 2007 2971 2059 ad
3009 2013 3326 2059 caeterorum

55 2152 290 2205 :Eonmn
329 2151 762 2211 similitudinem,
799 2147 970 2201 factos
1011 2146 1079 2198 ab
1115 2144 1180 2196 iis
1211 2139 1372 2209 186
1410 2127 1768 2198 archangelos
1802 2120 2132 2190 angelusque
2164 2114 2454 2184 prodiisse'.

119 2244 345 2314 Πατέρα
367 2239 459 2296 οὖν
489 2243 582 2296 καὶ
605 2241 734 2294 Θεὸν
768 2240 1015 2307 λέγουσιν
1041 2235 1200 2290 αὑτὸν
1227 2229 1505 2300 γεγονέναι
1527 2222 1635 2277 τῶν

54 2335 202 2397 ἐκτὸς
227 2333 328 2386 τοῦ
360 2334 740 2405 πληρώματος,
789 2330 1018 2400 ποιητὴν
1062 2328 1188 2380 ὄντα
1235 2325 1450 2376 πάντων
1480 2318 1639 2388 ψυχι-

53 2427 158 2477 κῶν
183 2443 244 2478 τε
275 2427 376 2478 καὶ
411 2424 629 2477 ὑλικῶν.
661 2422 1020 2494 Διακρίναντα
1049 2423 1158 2490 γαρ
1197 2415 1296 2479 τὰς
1336 2413 1428 2467 δύο
1457 2408 1642 2470 οὐσίας

59 2516 492 2586 συγκεχυμένας,
533 2517 625 2569 καὶ⁹
665 2514 724 2580 ἐξ
754 2514 1060 2583 ἀσωμάτων
1099 2505 1643 2579 σωματοποιήσαντα,

53 2609 580 2680 δεδημιουργηκέναι
614 2608 684 2662 τά
719 2625 779 2660 τε
823 2605 1047 2676 οὐράνια
1081 2603 1176 2656 καὶ
1213 2601 1280 2654 τὰ
1325 2599 1506 2668 γήϊνα,
1547 2594 1643 2647 καὶ

55 2704 338 2768 γεγονέναι
374 2700 572 2754 ὑλικῶν
619 2700 712 2765 καί
751 2698 1016 2769 ψυχικῶν,
1063 2694 1253 2760 δεξιῶν
1292 2692 1388 2744 καὶ
1427 2690 1644 2760 ἀριστε-

59 2791 158 2861 ρῶν
184 2792 546 2863 δημιουργὸν,
579 2791 796 2860 κούφων
831 2791 924 2844 καὶ
956 2789 1189 2860 βαρέων,
1227 2782 1521 2854 ἀνωφερῶν
1550 2781 1644 2834 καὶ

57 2886 412 2955 κατωφερῶν.
470 2885 641 2938 Ἑπτὰ
695 2884 804 2955 γὰρ
851 2880 1113 2953 οὐρανοὺς
1162 2875 1640 2950 κατεσκευακέναι,

57 2966 126 3025 ὧν
176 2976 369 3028 ἐπάνω
419 2976 508 3027 τὸν
560 2974 897 3045 Δημιουργδν
950 2967 1085 3024 εἶναι
1130 2968 1372 3036 λέγουσι·
1419 2965 1512 3018 καὶ
1555 2961 1644 3016 διὰ

57 3067 208 3119 τοῦτο
241 3067 547 3136 Ἐὗδομάδα
583 3065 837 3120 καλοῦσιν
871 3063 1053 3123 αὐτὸν,
1076 3062 1172 3128 τὴν
1217 3059 1272 3112 δὲ
1315 3057 1524 3128 μητέρα
1551 3054 1648 3126 τὴν
1677 3047 1722 3108 C

71 3159 328 3230 Ἀχαμὼθ
369 3159 650 3225 Ὀγδοάδα,
705 3156 1093 3221 ἀποσώζουσαν
1140 3154 1229 3205 τὸν
1273 3149 1502 3221 ἀριθμὸν
1548 3146 1642 3200 τοῦ

59 3252 360 3320 ἀρχεγόνου
391 3251 434 3313 ³,
471 3251 566 3303 καὶ
606 3249 710 3320 πρὸ
752 3249 851 3319 τῆς
895 3247 986 3300 τοῦ
1028 3244 1392 3316 πληρώματος
1427 3237 1647 3308 Ὄγδοά-

59 3342 162 3404 δος.
195 3342 344 3404 Τοὺς
363 3341 420 3393 δὲ
443 3342 582 3394 ἑπτὰ
606 3342 865 3412 οὐρανοὺς
887 3340 906 3371 ⁵
933 3339 1035 3410 ,οὐκ
1056 3335 1190 3390 εἶναι
1213 3333 1434 3406 νοητούς
1463 3348 1646 3400 φασιν.

72 3432 370 3499 Ἀγγέλους
398 3431 454 3483 δὲ
483 3432 679 3495 αὐτοὺς
697 3431 1066 3492 ὑποτίθενται,
1091 3429 1182 3481 καὶ
1203 3427 1291 3478 τὸν
1310 3421 1650 3494 Δημιουργὸν

61 3523 114 3578 δὲ
144 3524 238 3577 καὶ
269 3524 437 3576 αὑτὸν
464 3523 690 3592 ἄγγελον
717 3522 834 3592 Θεῷ
864 3521 1081 3574 ἐοικότα
1103 3537 1114 3547 ·
1139 3519 1213 3580 ὡς
1238 3517 1330 3570 καὶ
1359 3515 1448 3568 τὸν
1477 3514 1654 3584 παρά-

60 3616 232 3668 δεισον
275 3616 422 3683 ὑπὲρ
453 3615 636 3685 τρίτον
670 3614 894 3685 οὐρανὸν
931 3613 1078 3675 ὄντα,
1125 3612 1386 3681 τέταρτον
1426 3606 1654 3675 ἄγγελον

64 3707 280 3775 λέγουσι
313 3707 542 3776 δυνάμει
589 3707 874 3777 ὑπάρχειν,
907 3705 999 3757 καὶ
1026 3703 1132 3756 ἀπὸ
1167 3701 1357 3754 τούτου
1411 3716 1462 3751 τι
1509 3697 1654 3767 εἱλη-

67 3799 220 3865 φέναι
272 3797 374 3850 τὸν
416 3795 1003 3867 Ἀδὰμ.διατετριφότα
1065 3793 1122 3846 ὲν
1170 3789 1336 3860 αὐτῷ.
1375 3787 1557 3842 Ταῦτα
1597 3786 1652 3838 δὲ

64 3890 150 3940 τὸν
189 3887 542 3959 Δημιουργδν
589 3887 886 3956 φάσκουσιν
929 3883 1022 3954 ἀφ’
1060 3880 1254 3937 ἑαυτοῦ
1305 3881 1402 3950 μὲν
1446 3877 1654 3948 ῲῆσθαι

65 3978 526 4042 κατασκευάζειν,
580 3977 936 4047 πεποιηκέναι
987 3975 1030 4025 δ’
1079 3972 1221 4026 αὐτὰ
1264 3971 1364 4039 τῆς
1401 3967 1654 4038 ’Δχαμὼθ

67 4071 515 4140 προὸαλλουσης·
554 4069 778 4139 οὐρανὸν
826 4066 1183 4137 πεποιηκέναι
1229 4064 1302 4135 μὴ
1356 4063 1530 4116 εἰδότα
1567 4060 1659 4112 τὸν

63 4163 298 4233 obpava
325 4179 338 4192 '
386 4163 484 4214 καὶ
525 4161 806 4230 ἄνθρωπον
847 4158 1183 4212 πεπλακέναι
1239 4156 1314 4227 μὴ
1352 4155 1528 4208 εἰδότα
1568 4152 1657 4205 τὸν

66 4254 391 4325 ἄνθρωπον·
447 4253 552 4323 γῆν
586 4271 643 4305 τε
694 4251 984 4322 δεδειχέναι
1039 4250 1112 4321 μὴ
1164 4247 1522 4318 ἐπιστάμενον
1564 4245 1660 4316 τὴν

67 4346 182 4415 γῆν.
221 4346 339 4398 Καὶ
369 4345 464 4397 ἐπὶ
495 4346 709 4397 πάντων
736 4343 906 4405 οὕτως
927 4341 1174 4408 λέγουσιν
1199 4337 1526 4408 ἠγνοηκέναι
1561 4336 1660 4389 αὺ-

65 4437 169 4487 τῶν
195 4437 217 4467 ⁸
248 4437 358 4500 τὰς
411 4435 574 4498 Ἰδέας
618 4428 692 4489 ὧν
732 4434 924 4497 ἐποίει,
960 4433 1053 4486 καὶ
1088 4431 1256 4501 αὐτὴν
1286 4429 1381 4500 τὴν
1411 4425 1659 4497 Μητέρα.

66 4529 234 4582 Αὑτὸν
273 4528 337 4582 δὲ
371 4527 534 4599 μόνον
553 4528 766 4597 ᾠῆσθαι
797 4525 975 4579 πάντα
1022 4521 1178 4577 εἶναι.
1215 4521 1401 4574 Αἰτίαν
1437 4519 1483 4571 δ’
1514 4515 1662 4586 αὐτῷ

69 4623 358 4691 γεγονέναι
396 4622 496 4691 τὴν
538 4621 764 4691 Μητέρα
800 4620 897 4689 τῆς
931 4619 1158 4689 οἰήσεως
1192 4615 1395 4684 ταύτης
1425 4611 1662 4681 φάσκου-

69 4733 138 4779 σι,
165 4715 269 4785 τὴν
313 4712 464 4765 οὕτω
492 4711 842 4780 βουληθεῖσαν
890 4710 1221 4781 προαγαγεῖν
1265 4705 1446 4767 αὑτὸν,
1487 4718 1660 4771 κεφα-

69 4803 160 4872 λὴν
193 4804 298 4872 μὲν
334 4803 432 4854 καὶ
459 4802 634 4870 ἀρχὴν
672 4800 769 4870 τῆς
822 4800 955 4862 ἰδίας
1001 4798 1206 4858 οὐσίας,
1244 4796 1430 4866 κύριον
1468 4793 1524 4846 δὲ
1563 4795 1660 4861 τῆς

67 4897 192 4967 ὅλης
251 4892 672 4965 πραγματείας.
727 4891 944 4962 Ταύτην
1011 4890 1066 4942 δὲ
1123 4888 1222 4960 τὴν
1284 4886 1508 4957 Μητέρα
1570 4885 1664 4937 καὶ

80 4986 352 5052 Ὀγδόὰδα
386 4982 644 5045 καλοῦσι,
686 4983 778 5035 καὶ
809 4982 1028 5050 Σοφίαν,
1055 4980 1148 5033 καὶ
1179 4979 1307 5048 Γῆν,
1338 4978 1430 5030 καὶ
1469 4977 1667 5046 Ἰερου-

71 5077 274 5147 σαλὴμ,
335 5077 434 5128 καὶ
484 5075 639 5142 ἅγιον
695 5073 939 5143 Πνεῦμα,
975 5073 1068 5126 καὶ
1112 5071 1315 5144 Κύριον
1343 5067 1664 5141 ἀρσενικῶς.

73 5170 255 5238 Ἐχειν
286 5168 351 5221 δὲ
376 5167 470 5220 τὸν
497 5167 598 5236 τῆς
639 5167 934 5236 μεσότητος
964 5165 1125 5218 τόπον
1167 5163 1355 5234 αὐτὴν,
1400 5163 1492 5215 καί
1533 5157 1670 5214 εἶναι

71 5263 334 5333 ὑπεράνω
393 5260 494 5329 μὲν
538 5258 632 5312 τοῦ
674 5259 1039 5330 Δημιουργοῦ,
1077 5257 1332 5310 ὑποκάτω
1369 5253 1508 5324 δε,ἢ
1562 5253 1668 5320 ἔξω

70 5351 154 5402 τοῦ
191 5349 577 5421 πληρώματος
611 5349 771 5421 μέχρι
805 5347 1129 5410 συντελείας.

159 5682 350 5739 ‘lrcu.
415 5683 532 5739 μετ’
604 5682 783 5736 αὐτόν.
889 5681 991 5734 'F.
1031 5679 1235 5733 τούτου.

159 5701 175 5714 ·
198 5701 350 5739 trctt.
414 5701 514 5755 μετ

73 5754 253 5808 αὐτόν.

1337 5678 1355 5710 ³
1386 5696 1471 5748 κο.
1536 5675 1660 5740 τοὺς
1701 5669 2050 5746 ἀρχεγόνους.

1815 2211 2178 2277 Quamobrem
2205 2205 2417 2259 Patrem
2450 2201 2599 2255 illum
2631 2212 2694 2252 ac
2723 2195 2891 2250 Deum
2923 2192 3164 2248 omnium
3195 2203 3299 2242 con
3325 2215 3331 2225 ι

1746 2302 2003 2365 stituunt,
2035 2313 2156 2368 qua:
2203 2303 2356 2350 extra
2393 2293 2628 2361 pleroma
2663 2289 3021 2347 collocantur,
3057 2284 3333 2335 omnium-

1746 2410 1852 2464 que
1883 2393 2064 2446 itidem
2091 2389 2271 2442 anima
2293 2385 2376 2440 vel
2404 2383 2628 2438 materia
2657 2381 3026 2450 prabditorum.
3058 2373 3158 2428 Ubi
3185 2373 3330 2427 enim

1749 2487 1885 2540 duas
1908 2485 2028 2537 illas
2052 2489 2274 2535 naturas
2302 2479 2441 2532 inter
2474 2491 2594 2530 sese
2617 2474 2878 2528 confusas
2905 2485 2967 2522 ac
2991 2467 3332 2537 promiscuae

1752 2577 2078 2648 segregavit,
2101 2569 2536 2641 corporibusque
2582 2573 2832 2620 carentes
2867 2560 3073 2629 redegit
3117 2559 3168 2610 in
3210 2572 3333 2609 cor-

1745 2687 1916 2742 pora;
1947 2678 2063 2722 tum
2094 2668 2311 2722 demum
2337 2660 2580 2715 coelestia
2608 2658 2806 2730 pariter
2851 2669 2913 2707 ac
2951 2663 3167 2705 terrena
3203 2664 3334 2702 con-

1744 2764 1972 2824 didisse,
1997 2775 2061 2813 ac
2105 2755 2467 2810 materialium
2510 2761 2563 2805 et
2603 2750 2990 2805 animatormn.
3016 2745 3333 2797 dextrorum

1745 2867 1810 2905 ac
1840 2851 2214 2909 sinistrormn,
2248 2844 2445 2898 levium
2485 2855 2548 2893 ae
2572 2836 2837 2908 gravium,
2874 2848 3062 2887 eorum
3101 2831 3334 2899 denique

1746 2958 1865 3013 qua:
1893 2955 2110 2997 sursum
2158 2943 2250 2990 aut
2303 2935 2557 2989 deorsum
2608 2931 2856 2984 feruntur
2891 2926 3138 2996 opilicem
3165 2924 3336 2979 exsti-

1753 3035 1905 3087 tisse.
1949 3030 2214 3100 Septenos
2246 3027 2447 3096 quippe
2493 3022 2746 3077 cmlestcs
2793 3019 2956 3072 orbes
2995 3015 3333 3070 fabricasse:

1749 3142 1912 3197 supra
1939 3140 2078 3195 quos
2119 3121 2468 3176 Conditorem
2512 3113 2825 3176 collocant;
2880 3119 3041 3180 atque
3087 3110 3157 3165 ob
3198 3110 3340 3162 hanc

1749 3233 1970 3274 causam
2004 3211 2407 3269 llebdomadem
2450 3223 2574 3264 eum
2624 3207 2948 3262 nominant:
2988 3203 3065 3256 uti
3103 3209 3336 3257 matrem

1749 3308 2074 3369 Achamoth,
2109 3304 2443 3376 Ogdoadem,
2473 3316 2581 3371 quo
2606 3298 2941 3370 primigenia:
2970 3311 3034 3350 ac
3062 3295 3247 3364 prima:
3273 3292 3340 3345 de

1750 3403 2051 3472 pleromate
2092 3395 2366 3468 Ogdoadis
2399 3407 2685 3448 numerum
2720 3391 3030 3443 observent.
3073 3384 3243 3439 Orhes
3275 3382 3342 3434 il—

1753 3493 1835 3546 los
1863 3506 1992 3544 vero
2035 3497 2241 3558 septem
2282 3484 2552 3554 spiritales
2588 3497 2711 3536 esse
2750 3485 3072 3537 memorant,
3098 3469 3344 3542 adeoque

1753 3582 1996 3651 angelos,
2034 3587 2092 3634 nt
2125 3586 2177 3634 et
2200 3577 2552 3632 Conditorem
2581 3574 2756 3644 ipsmn
2788 3571 3038 3640 angelum
3073 3568 3162 3621 Dei
3191 3567 3345 3622 simi-

1755 3677 1860 3730 lem
1887 3673 2094 3728 faciunt
2116 3689 2129 3736 ;
2152 3687 2213 3724 ac
2239 3669 2787 3740 paradisum'quoque
2813 3663 2903 3733 qui
2930 3676 3092 3731 supra
3123 3659 3346 3713 tertium

1755 3769 1953 3822 calum
1979 3765 2201 3826 eminet,
2225 3770 2480 3829 quartum
2511 3761 2561 3814 vi
2593 3759 2828 3826 quadam
2863 3772 2984 3810 esse
3027 3753 3225 3808 emlum
3249 3750 3344 3803 de-

1757 3857 1989 3920 ﬁniunt,
2039 3856 2107 3910 ab
2153 3870 2328 3923 eoque
2377 3851 2622 3906 nonnihil
2675 3849 2976 3911 Adamum,
3027 3861 3151 3900 cum
3199 3843 3345 3912 apud

1758 3949 1936 4016 ipsum
1964 3946 2201 4015 degeret,
2225 3943 2524 4011 accepisse.
2554 3941 2823 3995 Caeterum
2857 3936 3040 3991 omnia
3075 3936 3178 3988 ista
3203 3933 3350 3988 Con-

1758 4040 1988 4092 ditorem
2012 4045 2233 4105 putasse
2255 4035 2305 4088 vi
2333 4050 2392 4088 se
2414 4034 2631 4103 propria
2653 4047 2717 4084 ac
2746 4045 2846 4085 sua
2875 4025 3169 4098 perfecisse
3188 4041 3200 4075 :
3222 4039 3348 4078 cum

1758 4132 1977 4186 interim
2006 4128 2307 4182 Aehamoth
2340 4127 2596 4180 universa
2627 4123 2970 4193 produceret,
2997 4119 3086 4172 ille
3112 4133 3240 4171 vero
3274 4116 3350 4168 ita

1759 4224 1958 4278 caelum
2009 4222 2314 4282 moliretur,
2348 4226 2406 4272 ut
2447 4218 2644 4272 caelum
2691 4216 2912 4271 omnino
2955 4213 3232 4272 nesciret;
3274 4208 3350 4261 ita

1761 4314 2035 4368 hominem
2076 4312 2356 4373 formaret,
2381 4319 2438 4363 ut
2461 4309 2732 4362 hominem
2761 4307 3072 4375 ignoraret:
3108 4301 3352 4369 ignarus-

1691 4409 1874 4476 une
1943 4413 2103 4460 terra:
2170 4403 2409 4464 demum,
2441 4409 2642 4455 terram
2679 4396 3034 4451 nihilominus
3081 4392 3354 4454 elliceret;

1765 4508 1926 4568 atque
1957 4498 2060 4550 hoc
2087 4505 2247 4566 pacto
2276 4495 2332 4548 in
2358 4493 2505 4546 omni
2545 4505 2724 4545 rerum
2768 4503 2966 4558 genere
3001 4499 3189 4539 eorum
3229 4496 3357 4552 quae

1762 4591 1968 4644 faceret
1991 4587 2163 4650 ldeas,
2185 4587 2468 4655 ipsamque
2492 4584 2627 4637 adeo
2652 4581 2874 4635 Matrem
2905 4579 3125 4632 minime
3147 4589 3352 4645 cogno-

1764 4684 1940 4746 visse;
1966 4697 2024 4735 se
2050 4694 2176 4733 vero
2206 4693 2372 4731 unum
2405 4675 2690 4746 complecti
2712 4673 2892 4726 omnia
2918 4682 3236 4740 persuasum
3262 4668 3355 4720 ha-

1763 4774 1968 4830 buisse.
1999 4771 2168 4840 Cujus
2200 4770 2275 4823 illi
2307 4768 2632 4838 arrogantia:
2653 4779 2874 4820 causam
2901 4779 2928 4816 a
2967 4763 3135 4815 Matre
3165 4760 3357 4830 praebi-

1764 4881 1874 4940 tam
1895 4864 2087 4928 fuisse,
2121 4877 2242 4933 qua:
2275 4861 2378 4915 hoc
2409 4862 2558 4914 illum
2595 4859 2756 4912 modo
2781 4870 3068 4924 procreare
3097 4852 3348 4917 voluerit,

1765 4966 1823 5012 ut
1857 4957 2090 5028 propriae
2106 4962 2312 5008 natura:
2333 4960 2568 5021 caputae
2591 4953 2863 5020 princeps,
2883 4948 3158 5013 totiusque
3179 4943 3358 4997 domi-

1766 5067 1870 5105 nus
1905 5049 2084 5117 operis
2117 5047 2421 5102 exsisteret.
2467 5042 2723 5096 Eamdem
2770 5043 2997 5109 insuper
3033 5037 3256 5090 Matrem
3304 5043 3360 5090 et

1768 5143 2080 5214 Ogdoadem
2134 5145 2348 5201 vocant,
2405 5143 2460 5191 et
2515 5134 2869 5205 Sapientiam,
2917 5141 2971 5187 et
3025 5129 3272 5190 Terram,
3307 5138 3362 5183 et

1772 5234 2136 5296 Hierusalem,
2165 5239 2218 5286 et
2249 5229 2513 5300 Spiritum
2543 5237 2811 5288 sanetum,
2844 5233 2899 5278 et
2933 5223 3240 5278 masculino
3273 5236 3359 5289 ge—

1773 5345 1903 5382 here
1927 5326 2236 5381 hominum.
2271 5324 2370 5378 Cui
2403 5323 2455 5377 in
2493 5320 2671 5376 media
2707 5319 2927 5388 regione
2957 5317 3248 5371 stationem
3275 5319 3360 5365 at-

1778 5421 2047 5480 tribuunt,
2096 5425 2153 5471 ut
2193 5416 2491 5470 Conditore
2534 5412 2894 5483 superiorem,
2946 5409 3026 5464 sic
3069 5408 3244 5468 intra,
3279 5404 3362 5458 vel

1775 5521 1928 5566 extra
1956 5512 2196 5581 pleroma
2233 5507 2314 5578 ad
2346 5507 2530 5561 mundi
2571 5508 2726 5560 linem
2765 5518 2937 5572 usque
2985 5501 3361 5556 constitutam.

3254 5654 3362 5711 “F.

2149 5668 2170 5701 ’⁸
2211 5666 2350 5724 lt‘en.
2407 5665 2667 5736 οὐρανοὺς
2727 5661 2864 5717 εἶναι
2920 5659 3162 5730 νοητοὺς.
