3772 6188
455 183 552 237 511

1839 177 1883 232 S
1937 176 2280 236 EPIPHANII

3612 176 3694 231 512

528 299 666 359 XIX.
714 300 880 373 Igitur
926 296 1366 370 quandoquidem
1424 303 1674 351 naturam
1728 297 1878 354 illam
1918 312 2030 368 quae

2212 295 2317 350 19'.
2355 294 2508 348 Ἐπεὶ
2563 287 2657 348 οὖν
2703 293 2802 365 τὴν
2856 292 3046 365 ὑλικὴν
3091 293 3280 347 οὐσίαν
3317 293 3382 346 ὲκ
3419 293 3580 365 τριῶν
3615 313 3676 346 πα

453 395 682 450 materia
741 401 976 457 constat,
1034 391 1234 460 triplici
1301 390 1714 461 perturbatione
1768 391 2040 445 contineri

455 493 734 552 asserunt,
761 493 929 549 metu,
966 483 1152 538 dolore
1186 499 1251 537 ac
1299 483 1497 538 mentis
1537 483 1748 552 inopia;
1798 498 1864 538 ex
1891 491 2038 537 metu

457 595 520 633 ac
551 579 913 633 conversione
955 577 1210 631 animalia
1254 586 1876 647 quaequecomponunt.
1903 575 2038 630 Nam

455 657 910 726 exiconversione
943 669 1289 724 Conditorem
1323 669 1563 739 genitum
1608 685 1671 723 ex
1732 678 1882 724 metu
1911 669 2040 723 reli-

456 775 618 831 quam
654 761 812 830 187
843 774 1056 814 omnem
1103 759 1389 814 animalem
1435 758 1801 814 substantiam
1851 759 2042 814 existi-

458 861 644 906 mant:
677 850 983 921 cujusmodi
1007 857 1136 905 sunt
1160 851 1369 904 ratione
1396 851 1698 904 carentium
1718 850 2037 913 bestiarum,

455 952 511 997 et
536 943 772 998 ferarum
804 951 967 1013 atque
1009 943 1290 998 hominum
1336 941 1550 996 animae.
1593 941 2038 1012 Pr0pterea'cum

452 1035 524 1089 ad
557 1035 825 1105 spiritalia
872 1035 1119 1105 quaedam
1169 1034 1544 1104 pernoscenda
1580 1033 1909 1089 imbecillior
1960 1033 2042 1087 fo-

453 1132 558 1188 ret,
589 1126 762 1180 solum
807 1139 866 1178 se
898 1139 1021 1178 esse
1056 1122 1222 1178 Deum
1268 1124 1611 1189 arbitratum,
1664 1139 1728 1176 ac
1767 1140 1862 1192 per
1916 1139 2041 1193 pro-

454 1219 647 1286 phetas
675 1218 912 1272 edixisse
949 1235 961 1270 :
999 1215 1108 1286 Ego
1151 1215 1312 1281 Deus,
1340 1227 1533 1283 praeter
1561 1233 1640 1270 me
1683 1217 1861 1271 nullus
1901 1217 2039 1271 alius

451 1319 530 1362 est
567 1311 604 1364 ί.
635 1309 711 1362 Ex
744 1309 952 1378 reliquo
982 1324 1146 1379 porro
1174 1309 1644 1377 perturbationum
1676 1325 1894 1380 genere,
1929 1310 2040 1378 spi-

453 1403 671 1458 ritualia
722 1403 978 1472 nequitiae
1026 1411 1308 1472 procreata
1345 1423 1356 1458 :
1402 1405 1635 1473 indeque
1673 1411 1728 1458 et
1764 1403 2037 1457 diabolum

450 1501 723 1555 exortum,
765 1509 926 1563 quem
982 1494 1380 1549 moderatorem
1428 1496 1616 1550 mundi
1670 1494 1898 1558 faciunt,
1933 1511 2039 1550 una

446 1600 576 1638 cum
608 1585 892 1640 daemoniis
922 1594 976 1640 et
1019 1587 1248 1655 angelis,
1291 1597 1593 1657 caateraque
1625 1588 1772 1642 omni
1805 1587 2037 1658 spiritali

447 1678 710 1748 nequitiae
741 1678 1070 1732 substantia.
1097 1676 1296 1732 Verum
1331 1678 1679 1734 Conditorem
1715 1680 1891 1749 ipsqu
1921 1680 2039 1734 ani-

451 1774 647 1827 malem
679 1773 867 1828 Matris
895 1773 1058 1829 lilium
1082 1789 1202 1829 esse
1237 1775 1447 1840 dicunt,
1477 1775 1877 1831 moderatorem
1907 1791 2037 1830 vero

452 1861 640 1914 Inundi
675 1863 950 1931 quoddam
986 1870 1122 1934 Opus
1167 1862 1502 1921 Conditoris.
1548 1866 1626 1921 Ac
1677 1866 1864 1920 mundi
1906 1881 2038 1922 sane

453 1960 719 2008 rectorem
750 1971 870 2024 qua:
903 1973 1067 2027 supra
1100 1974 1160 2014 se
1210 1959 1341 2025 sint,
1378 1965 1564 2028 utpote
1591 1960 1848 2030 nequitiae
1883 1961 2038 2029 spiri-

451 2053 590 2109 tum,
639 2044 971 2116 intelligere;
1025 2048 1398 2118 Conditorem,
1449 2051 1592 2119 quod
1642 2052 1892 2106 animalis
1944 2051 2036 2116 sit,

455 2137 709 2206 ignorare
751 2136 1068 2194 defendunt.
1111 2139 1353 2206 Quorum
1399 2143 1560 2196 etiam
1603 2141 1828 2214 Matrem
1873 2159 2038 2213 supra

452 2230 652 2283 cmlum
691 2230 938 2286 habitare
980 2234 1160 2288 medio
1205 2233 1440 2304 quodam
1491 2233 1649 2299 loco;
1685 2233 2035 2290 Conditorem

450 2336 582 2376 vero
614 2322 667 2375 in
697 2321 816 2392 ipso
843 2323 1000 2389 coelo,
1042 2326 1298 2380 nimirum
1347 2326 1401 2380 in
1438 2326 1798 2382 hebdomade.
1850 2327 2036 2382 Mundi

452 2420 720 2466 rectorem
753 2413 988 2483 denique
1028 2415 1080 2469 in
1135 2415 1239 2470 hoc
1279 2415 1539 2472 inferiore
1572 2417 1776 2472 mundo
1819 2427 2038 2472 nostro-

452 2517 560 2571 que
588 2502 814 2557 versari.
847 2500 967 2556 Jam
999 2519 1130 2558 vero
1159 2520 1189 2560 e
1219 2512 1444 2574 stupore
1477 2520 1543 2560 ac
1585 2506 1797 2561 consilii
1833 2507 2036 2577 inopia‘,

450 2600 710 2662 tanquam
739 2609 802 2649 ex
835 2593 1174 2664 ignobiliore,
1205 2613 1495 2668 corporea,
1529 2605 1587 2652 ut
1617 2607 1744 2654 ante
1773 2598 2033 2666 diximus,

450 2684 640 2738 mundi
679 2686 946 2740 elementa
983 2688 1273 2756 prodiisse.
1320 2689 1397 2743 lta
1448 2705 1514 2744 ex
1549 2691 1792 2745 attonitae
1838 2693 2036 2748 mentis

450 2783 594 2829 statu
637 2784 880 2833 terram:
915 2793 1112 2849 aquam
1155 2794 1186 2835 e
1241 2781 1498 2852 lacrymis
1539 2796 1675 2852 quas
1726 2791 1902 2838 metus
1943 2799 2038 2838 ex-

449 2877 723 2931 cusserat,
755 2883 933 2922 aerem
968 2885 1033 2925 ex
1069 2869 1276 2927 doloris
1317 2872 1689 2938 concretione,
1720 2873 1895 2944 ignem
1936 2873 2035 2929 de-

452 2958 619 3028 nique
663 2959 919 3016 omnibus
965 2961 1364 3032 ingeneratum,
1397 2963 1547 3019 velut
1599 2975 1826 3020 mortem
1873 2973 2038 3036 atque
2065 2995 2106 3050 ο

449 3053 703 3120 exitium,
732 3054 958 3124 perinde
989 3065 1152 3126 atque
1193 3056 1371 3113 tribus
1409 3058 1913 3127 perturbationibus
1953 3061 2039 3115 in-

454 3151 655 3200 sertam
688 3145 1053 3216 ignorantiam
1083 3148 1300 3204 docent.

521 3235 602 3290 Ad
627 3236 762 3302 haec,
786 3238 1035 3294 absoluta
1058 3241 1248 3296 mundi
1273 3241 1500 3307 fabrica,
1528 3242 1733 3298 luteum
1759 3242 2036 3300 hominem

450 3337 484 3378 a
517 3323 813 3381 Conditore
843 3327 1052 3392 ﬁctura,
1086 3344 1194 3384 non
1224 3344 1308 3385 ex.
1330 3333 1476 3388 sicca
1505 3333 1596 3387 illa
1628 3340 1815 3388 tamen
1849 3334 2036 3400 humo,

451 3414 546 3468 sed
579 3429 645 3469 ex
681 3416 857 3471 visum
894 3416 1133 3486 fugiente
1173 3419 1505 3488 substantia,
1561 3438 1686 3478 cum
1740 3438 1808 3478 ex
1842 3421 2040 3478 diﬂusa

452 3505 768 3576 liquidaque
820 3510 1064 3564 materia:
1105 3519 1258 3581 parte
1310 3514 1655 3584 sumpsisset,
1704 3523 1758 3570 et
1811 3516 1864 3569 in
1915 3531 2039 3569 eum

454 3595 730 3651 hominem
780 3598 1066 3653 animalem
1109 3599 1341 3655 alterum
1386 3602 1729 3672 inspirasset.
1774 3601 2042 3673 Huncque

454 3687 592 3742 adeo
627 3688 803 3758 ipsum
831 3689 983 3743 illum
1015 3705 1158 3755 esse,
1193 3693 1285 3762 qui
1315 3693 1383 3748 ad
1415 3693 1706 3764 imaginem
1754 3709 1818 3749 ac
1853 3694 2043 3750 simili-

457 3779 702 3834 tudinem
733 3781 803 3833 sit
827 3796 1138 3851 expressus.
1165 3781 1300 3838 Nam
1343 3784 1411 3839 ad
1447 3786 1736 3857 imaginem
1765 3802 1889 3841 eum
1920 3802 2043 3842 esse

455 3868 681 3935 factum,
709 3873 801 3941 qui
836 3874 1063 3928 materia
1094 3883 1328 3939 constat,
1355 3877 1560 3946 quique
1593 3876 1666 3931 ita
1713 3875 1812 3930 Dei
1847 3877 2042 3932 similis

454 3959 548 4023 sit,
577 3968 635 4013 ut
660 3961 904 4016 eamdem
929 3977 1050 4016 cum
1074 3964 1193 4032 ipso
1214 3972 1465 4017 naturam
1497 3967 1718 4020 minime
1741 3968 2040 4033 sortiatur;

457 4047 751 4101 animalem
797 4065 928 4104 vero
983 4051 1051 4105 ad
1106 4051 1518 4108 similitudinem
1575 4053 1845 4122 edictum;
1901 4055 2045 4111 unde

456 4139 620 4194 etiam
643 4140 768 4194 vitae
793 4141 1047 4210 spiritum
1071 4143 1191 4211 ejus
1221 4144 1480 4215 appellari
1505 4145 1894 4215 substantiam,
1925 4163 2046 4218 qua:

456 4245 524 4284 ex
557 4230 787 4299 spiritali
823 4233 1058 4302 quadam
1086 4234 1323 4292 ﬂuxione
1353 4239 1598 4308 profecta
1633 4241 1722 4296 sit.
1759 4241 2045 4299 Postremo

2141 385 2250 439 θῶν
2281 387 2539 456 συστῆναι
2567 386 2804 454 λέγουσι,
2837 385 3002 455 φόϐου
3040 402 3099 437 τε
3143 385 3238 438 καὶ
3259 384 3440 454 λύπης
3469 385 3559 436 καὶ¹
3591 386 3700 452 ἀπο-⁴

2145 478 2284 548 ρίας,
2311 479 2376 531 ὲκ
2407 478 2503 549 μὲν
2531 477 2624 530 τοῦ
2673 464 2840 547 φόϐου
2886 479 2981 531 καὶ
3018 478 3117 548 τῆς
3155 477 3495 547 ἐπιστροφῆς
3532 477 3594 529 τὰ
3616 479 3690 545 ό.-

2140 569 2270 640 χικά
2302 569 2401 640 τὴν
2431 569 2693 622 σύστασιν
2743 569 3042 640 εἰληφέναι,
3086 571 3149 623 ὲκ
3188 571 3287 640 μὲν
3334 570 3439 638 τῆς
3481 571 3691 638 ἐπιστρω-

2141 660 2247 729 cpi};
2282 657 2372 711 τὸν
2412 658 2751 730 Δημιουργὸν
2781 658 3059 728 βούλονται
3106 659 3202 730 τὴν
3243 659 3463 728 γένεσιν
3502 661 3691 729 ἐσχηκέ-

2141 765 2249 814 ναι,
2285 749 2435 802 ἐκδὲ
2466 747 2561 801 τοῦ
2592 750 2758 817 φόϐου
2786 752 2885 821 τὴν
2908 749 3098 820 λοιπὴν
3132 753 3313 803 πᾶσαν
3341 750 3573 820 ψυχικὴν
3600 753 3691 804 ὑπὸ

2143 860 2354 908 στασιν,
2404 844 2481 908 ὡς
2513 844 2690 916 ψυχὰς
2733 844 2943 912 ἀλόγων
2997 842 3170 917 ζῴων,
3215 845 3312 897 καὶ
3358 843 3579 913 θηρίων,
3623 847 3691 896 ni

2141 933 2468 1006 ἀνθρώπων.
2499 936 2598 989 Διά
2642 935 2799 989 τοῦτο
2845 935 3176 1007 ἀτονώτερον
3219 936 3387 990 αὑτὸν
3422 937 3690 1004 ὑπάρχοντι

2142 1025 2277 1096 πρὸς
2306 1026 2366 1080 τὸ
2392 1020 2681 1094 γινώσκειν
2704 1029 2824 1081 τινά
2854 1027 3222 1098 πνευματικὰ,
3250 1028 3422 1080 αὑτὸν
3456 1030 3692 1097 νενομικὲ·

2142 1135 2229 1171 ναι
2268 1119 2429 1188 μόνον
2461 1113 2601 1172 εἶναι
2629 1119 2781 1182 Θεὸν,
2812 1121 2904 1172 καὶ
2935 1121 3023 1174 διὰ
3057 1121 3164 1174 τῶν
3196 1121 3496 1191 προφητῶν
3519 1123 3690 1190 εἰρηκέ-

2141 1222 2259 1260 ναι·
2324 1206 2467 1276 Ἐγὼ
2519 1207 2684 1274 Θεὸς,
2734 1208 2902 1275 πλὴν
2943 1207 3088 1277 ἐμοῦ
3133 1208 3358 1274 οὐδείς.
3403 1207 3497 1258 Ἐκ
3537 1207 3586 1258 δὲ
3621 1209 3691 1276 τῆς

2141 1296 2333 1366 λοιπῆς
2369 1297 2438 1349 τὰ
2480 1297 2825 1367 πνευματικά
2855 1297 2954 1367 τῆς
2989 1298 3253 1369 πονηρίας
3295 1297 3596 1350 διδάσκουσι
3626 1315 3690 1364 γε-

2141 1385 2383 1454 γονέναι·
2425 1384 2546 1439 ὅθεν
2590 1386 2681 1439 τὸν
2727 1386 2971 1440 διάϐολον
3012 1386 3110 1457 τὴν
3157 1388 3382 1454 γένεσιν
3424 1384 3690 1456 ἐσχηκέναι.

2141 1476 2200 1529 ὃν
2229 1478 2323 1530 καὶ⁵
2361 1479 2778 1550 κοσμοκράτορα
2807 1477 3058 1548 καλοῦσιε,
3104 1479 3200 1532 καὶ¹
3253 1479 3324 1532 τὰ
3355 1478 3601 1549 δαιμόνια
3627 1482 3691 1530 7.1".

2142 1568 2268 1631 τοὺς
2301 1568 2588 1636 ἀγγέλους,
2612 1571 2706 1623 καὶ
2737 1571 2918 1623 πᾶσαν
2955 1571 3054 1642 τὴν
3084 1568 3468 1640 πνευματικὴν
3502 1568 3590 1637 τῆς
3625 1587 3689 1619 πνι-

2140 1659 2334 1729 νηρίας
2365 1659 2683 1712 ὑπόστασιν.
2732 1659 2894 1714 Ἀλλά
2929 1660 3021 1713 τὸν
3057 1659 3154 1730 μὲν
3188 1661 3538 1730 Δημιουργὸν
3573 1661 3691 1710 υἱὲ-ι’

2140 1753 2238 1820 τῆς
2279 1751 2499 1822 Μητρὸς
2551 1751 2731 1806 αὐτῶν
2784 1751 3036 1819 λέγουσι’
3087 1751 3178 1804 τὸν
3216 1751 3274 1804 δὲ
3317 1750 3690 1820 κοσμοκράτομ

2140 1839 2345 1909 κτίσμα
2369 1840 2462 1893 τοῦ
2489 1841 2850 1912 Δημιοεαργοῦ.
2890 1843 2998 1895 Καὶ
3038 1843 3128 1894 τὸν
3178 1843 3277 1911 μὲν
3311 1841 3691 1912 κοσμοκράτορα

2139 1931 2429 2000 γινώσκειν
2463 1934 2530 1985 τὰ
2581 1935 2720 2006 ὑπὲρ
2740 1935 2921 2000 αὐτὸν,
2952 1936 3034 1988 ὅτι
3063 1935 3284 2005 πνεῦμά
3332 1938 3454 1988 ἐστι
3485 1936 3574 2004 τῆς
3623 1954 3694 1988 πο-

2138 2026 2330 2099 νηρίας
2349 2044 2363 2057 ·
2391 2026 2482 2080 τὸν
2515 2027 2572 2080 δὲ
2609 2029 2948 2101 Δημιουργὸν
2972 2031 3185 2098 ἀγνοεῖν
3215 2031 3313 2083 ἆτε
3344 2030 3596 2100 alba-luci"
3623 2032 3693 2081 '1':-

2139 2120 2394 2192 ἀρχοντα.
2429 2121 2614 2172 υἰκείν
2636 2120 2692 2172 δὲ
2723 2120 2823 2192 τὴν
2857 2120 3070 2192 μητέρα
3111 2122 3294 2176 αὐτῶν
3336 2125 3421 2184 εἰς
3458 2123 3545 2174 τὸν
3569 2124 3693 2191 om?

2140 2212 2390 2281 ουράνιον
2463 2210 2652 2276 τόπον,
2706 2211 2984 2264 τουτέστιν
3033 2213 3092 2264 ὲν
3138 2215 3202 2283 τῇ
3269 2213 3550 2283 μεσότητι.
3617 2215 3692 2264 Tw

2139 2301 2476 2373 Δημιουργὺν
2507 2302 2562 2354 δὲ
2581 2304 2659 2366 εἰς
2689 2303 2782 2356 τὸν
2805 2305 3197 2376 ὑπερουράνιον
3231 2306 3251 2336 ³
3285 2306 3426 2375 (80),
3458 2307 3690 2359 τουτέςτϊι

2139 2394 2195 2446 ὲν
2233 2396 2299 2464 τῇ
2335 2393 2589 2464 ὲὸδομάδι
2610 2406 2624 2419 ·
2667 2393 2758 2446 τὸν
2799 2393 2856 2446 δὲ
2907 2396 3328 2466 παντοκράτορα
3361 2394 3384 2425 ⁸
3416 2397 3475 2447 ὲν
3507 2395 3578 2464 τῷ
3603 2397 3690 2445 115'

2137 2489 2286 2557 ἡμᾶς
2319 2485 2527 2557 κόσμῳ.
2571 2486 2665 2538 Ἐκ
2696 2486 2753 2539 δὲ
2801 2487 2900 2558 τῆς
2943 2487 3258 2556 ἐκπλήξεως
3311 2489 3408 2542 καὶ
3450 2489 3547 2558 τῆς
3585 2491 3693 2556 ἁμῇ·

2139 2579 2349 2648 χανίας,
2384 2579 2460 2643 ὡς
2489 2581 2553 2632 ἐκ
2581 2578 2676 2632 τοῦ
2710 2579 3050 2652 ἀσημοτέρου
3098 2580 3168 2634 τὰ
3201 2581 3517 2650 σωματικὰ,
3551 2580 3694 2643 καὲὼς

2141 2672 2505 2744 προείπαμεν,
2533 2672 2626 2726 τοῦ
2649 2673 2852 2744 κόσμου
2879 2677 3116 2744 στοιχεῖα
3144 2675 3453 2742 γεγονέναιν
3474 2673 3568 2743 τὴν
3591 2673 3693 2742 ad,»

2139 2765 2282 2818 κατὰ
2304 2765 2403 2836 τῆς
2439 2763 2754 2836 ἐκπλήξεως
2795 2765 3002 2828 στάσιν,
3047 2763 3192 2836 ὕδωρ
3227 2765 3285 2818 δὲ
3325 2764 3471 2818 κατά
3495 2765 3587 2834 τὴν
3626 2762 3692 2815 τοῦ

2141 2856 2307 2925 φόϐου
2344 2856 2472 2928 (τῶν
2523 2856 2796 2928 δακρύων)
2848 2856 3064 2927 κίνησιν
3090 2897 3105 2920 ,
3148 2857 3290 2926 ἀέρα
3334 2873 3396 2908 τε
3441 2855 3580 2910 κατὰ
3624 2857 3690 2924 τῆκε

2138 2945 2318 3017 λύπης
2345 2946 2528 3017 πῆξιν.
2563 2947 2635 2998 Τὸ
2664 2945 2720 2998 δὲ
2766 2945 2876 3017 πῦρ
2908 2946 3111 2999 ἂπασιν
3139 2946 3328 3008 αὐτοῖς
3360 2946 3691 3013 tamquam:

2141 3037 2370 3092 θάνατον
2411 3039 2504 3092 καὶ
2544 3037 2773 3108 φθορὰν,
2805 3037 2880 3102 ὡς
2922 3039 3016 3092 καὶ
3048 3038 3148 3109 τὴν
3179 3039 3408 3107 ἄγνοιαν
3446 3042 3558 3100 τοῖς
3582 3039 3692 3107 τριεί

2139 3130 2366 3184 πάθεσιν
2399 3130 2775 3202 ὲγκεκρύφθαι
2809 3130 3143 3184 διδάσκουσι.

2211 3223 2704 3294 Δημιουργήσαντα
2745 3221 2809 3294 δὴ
2848 3221 2940 3275 τὸν
2977 3221 3180 3292 κόσμον
3231 3221 3589 3292 πεποιηκέναι
3623 3220 3689 3271 κιί

2138 3312 2230 3366 τὸν
2278 3313 2562 3385 ἄνθρωπον
2609 3313 2702 3366 τὸν
2749 3313 2962 3384 χοῖκόν·
2997 3313 3098 3365 οὐκ
3143 3313 3252 3366 ἀπὸ
3300 3313 3506 3382 ταύτης
3550 3311 3691 3377 atri;

2141 3404 2313 3478 ξηρᾶς
2360 3406 2486 3476 γῆς,
2528 3406 2642 3460 ἀλλ’
2675 3405 2784 3460 ἀπὸ
2830 3406 2929 3477 τῆς
2971 3405 3204 3478 ἀοράτου
3236 3407 3447 3470 οὐσίας,
3495 3405 3599 3458 ἀπὸ
3627 3403 3691 3454 τοῦ

2141 3495 2446 3567 κεχυμένου
2486 3496 2580 3550 καὶ
2615 3496 2843 3567 ρευστοῦ
2882 3497 2981 3566 τῆς
3035 3496 3166 3568 ὕλης
3211 3496 3466 3558 λαϐόντα,
3517 3497 3603 3548 καὶ
3637 3498 3692 3554 εἰς

2140 3587 2328 3642 τοῦτον
2362 3589 2676 3659 ἐμφυσῆσαι
2700 3589 2791 3641 τὸν
2822 3586 3052 3658 ψυχικὸν
3085 3587 3438 3660 διορίζονται.
3476 3590 3581 3641 Καὶ
3606 3587 3692 3638 τοί--

2141 3697 2233 3733 τον
2281 3676 2419 3734 εἶναι
2460 3681 2552 3734 τὸν
2600 3683 2719 3734 κατ’
2761 3682 2945 3734 εἰκόνα
2994 3681 3088 3734 καὶ
3131 3681 3392 3751 ὁμοίωσιν
3442 3682 3687 3748 γεγονότι

2143 3773 2262 3824 κατ’
2289 3773 2475 3825 εἰκόνα
2525 3773 2623 3841 μὲν
2662 3773 2752 3826 τὸν
2797 3772 2978 3825 ὑλικὸν
3014 3773 3306 3844 ὑπάρχειν,
3347 3774 3692 3844 παραπλήσιον

2147 3867 2266 3937 μὲν,
2303 3866 2420 3920 ἀλλ’
2457 3868 2556 3936 οὐχ
2596 3865 2881 3936 ὁμοούσιον
2920 3865 2996 3935 τῷ
3041 3865 3190 3937 Θεῷο
3232 3866 3357 3920 καθ’
3394 3867 3631 3936 ὁμοίωσιν

2141 3961 2234 4014 τὸν
2261 3960 2492 4030 ψυχικόν
2515 3977 2528 3991 ·
2559 3959 2681 4013 ὅθεν
2720 3960 2815 4012 καὶ⁹
2861 3958 3081 4029 πνεῦμα
3119 3958 3265 4029 ζωῆς
3299 3959 3398 4030 τὴν
3425 3961 3599 4012 οὐσίαν
3625 3959 3691 4008 ιιι

2141 4050 2235 4104 τοῦ
2290 4051 2582 4122 εἰρῆσθαι,
2642 4053 2706 4104 ὲκ
2768 4050 3144 4122 πνευματικῆς
3195 4051 3497 4122 ἀπορῤοέας
3542 4046 3690 4102 οὖσαν.

2146 4144 2413 4215 ’Ύστερον
2445 4144 2501 4197 δὲ
2531 4144 2935 4215 περιτεθεῖσθαι
2965 4144 3216 4214 λέγουσιν
3241 4143 3396 4214 αὐτῷ
3423 4144 3512 4196 τὸν
3530 4141 3692 4212 δερμά-

2142 4251 2286 4286 τινον
2341 4234 2564 4304 χιτῶνα.
2610 4233 2780 4287 Τοῦτο
2818 4235 2873 4288 δὲ
2911 4235 2973 4288 τὸ
3022 4235 3280 4306 αἰσθητὸν
3324 4235 3542 4306 σαρκίον
3588 4229 3692 4284 εἴκει

459 4319 743 4388 pelliceam
780 4320 856 4374 illi
890 4323 1155 4390 tunicam,
1186 4325 1290 4380 hoc
1334 4336 1418 4383 est
1444 4343 1666 4385 carnem
1698 4329 1847 4386 illam
1876 4348 2030 4402 quam

2145 4325 2382 4395 λέγουσι.
2419 4327 2492 4378 Τὸ
2515 4326 2571 4379 δὲ
2599 4325 2788 4398 κύημα
2823 4328 2923 4397 τῆς
2961 4327 3183 4397 Μητρὸς
3224 4327 3403 4396 αὐτῆς
3439 4329 3533 4396 τῆς
3566 4326 3691 4392 Ἀχα-

455 4409 752 4474 cernimus,
792 4426 914 4467 esse
943 4412 1356 4470 circumdatam.
1387 4415 1542 4482 Quod
1585 4435 1713 4475 vero
1753 4421 1818 4475 ad
1852 4421 2041 4478 Matris

455 4497 756 4554 Achamoth
807 4501 976 4555 fetum
1017 4503 1183 4558 alium
1217 4506 1472 4574 pertinet,
1511 4524 1673 4577 quem
1710 4525 1775 4564 ex
1823 4512 2042 4582 angelo-

454 4605 575 4646 rum
625 4591 925 4648 Salvatoris
980 4597 1237 4650 comitum
1299 4601 1759 4670 contemplatione
1811 4606 2041 4673 peperit,

455 4694 646 4753 estque
677 4685 961 4754 spiritalis,
988 4695 1151 4758 atque
1178 4687 1423 4758 ejusdem
1459 4706 1583 4746 cum
1614 4691 1784 4749 Matre
1811 4703 2040 4762 naturae,

461 4775 624 4845 188
649 4778 810 4831 etiam
843 4778 988 4834 hunc
1036 4781 1279 4851 ignotum
1320 4782 1491 4840 fuisse
1521 4785 1800 4841 Conditori
1826 4797 2040 4858 putant,

457 4879 520 4917 ac
552 4867 690 4918 clam
722 4866 838 4935 ipso
884 4869 1162 4925 nesciente
1214 4869 1270 4924 in
1308 4872 1562 4928 eumdem
1603 4874 1935 4942 demissum,
1984 4887 2044 4933 ut

456 4968 554 5022 per
588 4955 733 5011 hunc
782 4957 838 5012 in
885 4961 1183 5029 profectam
1233 4965 1301 5020 ab
1328 4981 1394 5020 eo
1433 4967 1670 5022 animam
1710 4984 2043 5040 corpusque,

455 5044 602 5112 quod
626 5062 749 5100 cum
779 5053 1006 5105 materia
1037 5065 1350 5110 concretum
1376 5069 1482 5124 est,
1507 5067 1710 5129 satum,
1738 5063 1807 5118 ab
1832 5064 2048 5120 iisdem-

456 5152 564 5206 que
585 5137 731 5191 velut
760 5149 914 5195 utero
935 5151 1208 5212 gestatum
1239 5155 1402 5218 atque
1435 5161 1680 5218 auctum,
1715 5153 1782 5208 ad
1812 5155 1864 5210 id
1897 5157 2042 5225 quod

458 5229 761 5298 perfectum
804 5242 887 5288 est
945 5236 1315 5306 recipiendum
1388 5241 1641 5298 idoneum
1698 5245 2038 5301 redderetur.

458 5323 629 5394 Igitur
651 5326 956 5383 admirabili
977 5329 1234 5400 quadam,
1267 5331 1439 5402 aiunt,
1465 5335 1803 5405 providentia
1836 5338 2038 5394 factum

2152 4417 2293 4489 μὼθ,
2322 4417 2350 4470 ὂ
2378 4417 2517 4472 κατά
2547 4417 2654 4490 ,τὴν
2695 4418 2928 4486 θεωρίαν
2960 4418 3067 4472 τῶν
3106 4420 3232 4489 περὶ
3261 4417 3354 4471 τὸν
3381 4417 3593 4486 Σωτῆρα
3619 4416 3691 4479 ἀϊ-

2148 4510 2322 4578 γέλων
2375 4509 2686 4582 ἀπεκύησεν
2711 4550 2727 4575 ,
2782 4509 3066 4581 ὁμοούσιον
3118 4511 3365 4580 ὑπάρχον
3421 4512 3484 4578 τῇ
3546 4506 3690 4574 Μητρὶ

2150 4603 2540 4674 πνευματικὸν,
2577 4603 2667 4656 καὶ
2701 4603 2863 4656 αὐτὸν
2895 4603 3219 4674 ἠγνοηκέναι
3260 4603 3353 4656 τὸν
3395 4597 3688 4670 Δημιουργὸν

2149 4695 2388 4764 λέγουσι,
2420 4696 2516 4748 καὶ
2549 4695 2850 4767 λεληθότως
2877 4695 3298 4750 κατατεθεῖσθαι
3335 4698 3416 4758 εἰς
3447 4693 3608 4751 αὐτὸν,
3635 4689 3688 4756 μὴ

2150 4787 2558 4860 εἰδότοςαύτοῦ,
2595 4789 2682 4841 ἵνα
2731 4787 2798 4840 δι’
2830 4787 2996 4841 αὑτοῦ
3042 4789 3125 4851 εἰς
3164 4788 3263 4856 τὴν
3300 4787 3397 4840 ἀπ’
3430 4783 3582 4839 αὑτοῦ
3611 4781 3686 4848 #4-

2143 4880 2245 4951 χὴν
2279 4880 2506 4951 σπαρὲν,
2530 4880 2623 4934 καὶ
2653 4881 2733 4944 εἰς
2764 4880 2825 4932 τὸ
2851 4880 3038 4934 ὑλικὸν
3080 4879 3240 4932 τοῦτο
3275 4880 3433 4951 σῶμα
3459 4890 3688 4942 κυοφορη-

2146 4971 2236 5025 θὲν
2294 4974 2352 5026 ὲν
2397 4972 2610 5036 τούτοις
2663 4972 2758 5026 καὶ
2815 4971 3071 5044 αύξηθὲν,
3120 4973 3340 5042 ἕτοιμον
3381 4972 3590 5040 γένηται
3631 4965 3688 5022 εὲς

2148 5063 2554 5135 ὑποδοχὴντω]
2601 5065 2855 5119 τελειουθ.
2894 5065 3122 5118 Ἔλαϐεν
3161 5061 3254 5118 οὖν
3296 5105 3311 5128 ,
3341 5063 3414 5126 ὥς
3444 5077 3586 5131 φασι,
3621 5058 3687 5106 τὸν

2147 5157 2492 5227 Δημιουργὸν
2530 5159 2558 5211 ὁ
2602 5158 3084 5228 συγκατασπαρεὶς
3130 5156 3207 5226 τῷ
3237 5155 3574 5226 ὲμφυσήματι
3611 5149 3685 5199 1-i-

2145 5248 2239 5304 τοῦ
2285 5249 2390 5302 ὑπὸ
2446 5249 2545 5319 τῆς
2601 5250 2801 5320 Σοφίας
2852 5249 3220 5320 πνευματικὸς
3251 5247 3541 5320 ἀνθρώπων
3569 5245 3585 5274 ⁷
3611 5243 3687 5307 3.5"

2153 5342 2298 5414 ῥήτῳ
2344 5342 2570 5415 προνοίᾳ
2599 5343 2640 5398 ⁸.
2683 5344 2773 5407 Ὠς
2819 5343 2928 5415 γὰρ
2977 5343 3076 5414 τὴν
3125 5342 3333 5414 μητέρα
3378 5334 3681 5410 ἠγνοηκέναι.

535 5481 866 5573 ¹¹1ξεὲξίινμ
890 5485 947 5573 9Ζ
982 5558 997 5573 Ι
1022 5491 1042 5520 ²
1071 5488 1148 5573 lr._
1166 5488 1396 5573 ςίυχικδν
1426 5493 1560 5573 υἱόν.
1590 5495 1812 5573 flat-ce
1837 5497 2030 5566 φυχικό

2143 5496 2244 5573 ’_F.
2271 5500 2613 5573 ἐπουράνιον.
2665 5502 2708 5573 κδ
2736 5499 2806 5554 lr.
2843 5500 3278 5573 κοσμοκράτορα,
3339 5497 3358 5528 ⁵
3389 5491 3449 5549 F.
3474 5491 3568 5561 γῆν
3587 5483 3679 5555 μέν,

461 5560 514 5606 et
557 5553 646 5607 lel.
675 5554 949 5628 δακρύων⁶
979 5558 1048 5614 Ιι’.
1083 5553 1450 5630 αιίιῖἱίλόγου.
1531 5565 1550 5594 ⁷
1584 5563 1646 5620 F.
1688 5553 2025 5638 Ἀνθρωπος.

2102 5569 2124 5600 ⁸
2156 5569 2293 5623 lren.
2324 5569 2551 5640 δυνάμει
2592 5572 2685 5624 καὶ
2719 5569 2964 5643 προνοίᾳζ

537 5669 651 5743 (δ”)
705 5674 813 5727 Τὸν
847 5678 1213 5748 Δημιουργὸν
1246 5679 1313 5732 δὲ
1340 5681 1426 5750 εἰς
1451 5681 2042 5754 τὸνωὺπιῖρουράνιωι·.
2083 5687 2238 5742 Corr.
2281 5689 2618 5759 ἐπουράνιον,
