3772 6188
69 247 163 303 5B

695 239 1065 298 ADVERSUS
1104 239 1446 297 HERESES
1485 237 1616 294 LIB.
1658 237 1698 292 1.
1742 235 1908 294 ΤΟΜ.
1952 237 2015 294 ll.
2057 268 2128 278 —-
2163 236 2439 294 H/ERES.
2477 237 2675 293 XXXI.

3227 240 3331 298 δυ.

67 364 199 418 οὕτω
225 361 317 415 καλ⁸
349 361 410 414 τὸ
441 359 664 432 σπέρμα
709 361 899 431 αὐτῆς,
931 361 960 414 ὃ
989 361 1054 432 δὴ
1103 361 1196 415 καὶ
1241 359 1374 414 αὒτὸ
1413 359 1639 430 Ἐκκλη-

1811 366 1846 423 ι,
1878 357 2142 428 spiritalis
2166 366 2226 411 ut
2257 357 2420 411 homo
2446 357 2795 413 Conditorem
2827 357 3038 422 lateret,
3071 373 3195 413 cum
3223 377 3330 415 una

69 449 333 507 σίαν.εἷναι
362 452 632 521 λέγουσιν,
665 450 956 504 ἀντίτυπον
995 451 1094 520 τῆς
1137 449 1250 503 ἄνω
1288 447 1634 519 Ἐκκλησίας.

69 543 162 596 Καὶ
187 542 305 594 τότε
343 537 482 594 εἶναι
519 541 610 592 τὸν
649 540 706 592 ἐν
747 541 930 603 αὐτοῖς
973 537 1216 602 ἀξιοῦσιν
1249 539 1289 603 ¹,
1319 537 1460 590 ὥστε
1497 536 1639 606 ἔχειν

63 635 246 695 αὐτοὺς
286 633 386 703 τὴν
426 632 524 702 μὲν
558 630 736 702 ψυχὴν
788 629 894 682 ἀπὸ
943 630 1036 682 τοῦ
1086 625 1449 700 Δημιουργοῦ,
1484 628 1545 680 τὸ
1583 627 1639 679 δὲ

66 726 214 797 σῶμα
240 726 346 780 ἀπὸ
375 724 468 777 τοῦ
499 724 643 794 χοὸς,
681 724 776 776 καὶ
805 722 864 774 τὸ
913 722 1174 794 σαρκικὸν
1210 721 1319 775 ἀπὸ
1356 720 1456 790 τῆς
1485 719 1639 791 ὕλης,

63 821 140 871 τὸν
172 820 228 871 δὲ
264 815 634 888 πνευματικὸν
679 813 966 886 ἄνθρωπον
1004 814 1114 867 ἀπὸ
1153 815 1252 884 τῆς
1298 813 1502 884 μητρὸς
1538 812 1640 882 τῆς

74 909 344 981 Ἀχαμώθ.

120 1179 202 1230 Κ’.
250 1176 432 1248 Τριῶν
465 1169 558 1228 οὖν
591 1175 782 1236 ὄντων,
839 1173 900 1226 τὸ
946 1173 1043 1244 μὲν
1093 1171 1298 1233 ὑλικὸν,
1325 1171 1353 1224 ὃ
1392 1169 1487 1224 καὶ
1517 1171 1639 1241 ἀρι-

63 1268 246 1338 στερὸν
285 1267 530 1329 καλοῦσι,
559 1265 698 1319 κατά
727 1265 974 1333 ἀνάγκην
999 1263 1334 1317 ἀπόλλυσθαι
1362 1262 1637 1330 λέγουσιν,

67 1363 153 1416 ἆτε
207 1361 481 1432 μηδεμίαν
528 1357 900 1422 ἐπιδείξασθαι
942 1358 962 1387 ¹
991 1357 1159 1427 πνοὴν
1199 1356 1507 1427 ἀφθαρσίας
1550 1357 1641 1408 δυ-

61 1456 320 1523 νάμενον·
365 1453 426 1505 τὸ
471 1452 527 1505 δὲ
564 1450 815 1520 ψυχικὸν,
849 1449 876 1502 ὃ
917 1450 1015 1502 καὶ
1053 1448 1222 1513 δεξιὸν
1265 1447 1642 1519 προσαγορεύ-

59 1561 217 1604 ουσιν,
266 1541 364 1596 ἆτε
399 1542 559 1610 μέσον
592 1540 650 1592 ὃν
683 1538 776 1592 τοῦ
811 1556 869 1592 τε
902 1537 1274 1608 πνευματικοῦ
1293 1526 1401 1601 χαὶ
1433 1537 1640 1605 ὑλικοῦ,

58 1639 225 1690 ἐκεῖσε
255 1636 479 1706 χωρεῖν,
512 1635 646 1686 ὅπου
685 1631 751 1686 ἂν
786 1631 881 1685 καὶ
921 1632 1018 1702 τὴν
1053 1630 1372 1703 πρόσκλισιν
1409 1631 1642 1700 ποιήση-

1742 466 1838 520 per
1866 451 1987 520 ejus
2017 450 2253 504 amatum
2289 466 2318 503 a
2351 448 2627 519 Sapientia
2653 461 3051 512 consereretur.
3082 451 3151 506 Ut
3183 453 3331 509 enim

1741 541 1921 610 ignota
1966 539 2042 593 illi
2077 539 2246 594 Mater
2279 538 2401 602 fuit.
2437 542 2518 594 sic
2567 538 2730 594 etiam
2780 537 2921 594 fctus
2961 539 3128 604 illius,
3168 558 3332 611 quam

1742 631 2042 686 Ecclesiam
2089 639 2306 695 vocant,
2365 629 2622 684 Ecclesiae
2684 631 2913 686 alterius
2967 647 3030 686 ac
3069 635 3334 708 caelestis

1741 723 2034 794 imaginem
2067 737 2404 792 expressam.
2438 723 2614 791 Atque
2660 721 2803 776 hunc
2850 724 3025 792 ipsum
3055 725 3333 779 hominem

1743 814 1894 867 illum
1941 830 2063 869 esse
2111 822 2336 868 censent
2379 814 2473 883 qui
2513 814 2565 867 in
2613 813 2748 882 ipsis
2791 815 3020 869 exsistat
3053 834 3066 869 :
3097 816 3234 871 adeo
3277 826 3333 870 nt

1741 907 1976 959 animam
2007 906 2312 971 Conditori,
2343 922 2545 975 corpus
2592 906 2782 972 humo,
2819 921 3042 962 carnem
3072 909 3332 973 materiae,

1742 997 2043 1065 spiritalem
2086 997 2359 1054 hominem
2401 972 2559 1051 Matri
2607 998 3207 1104 Acharntgkacceptum
3248 972 3460 1056 τοίῗῖ

1742 1087 1938 1144 ferant.
2836 1073 2858 1104 ⁷
2888 1073 2890 1075 ’

1811 1177 1930 1231 XX.
1963 1179 2038 1232 Ex
2090 1178 2158 1234 iis
2202 1178 2400 1246 tribus,
2453 1179 2597 1248 quod
2643 1181 2872 1236 materia
2913 1188 3149 1247 constat,
3199 1181 3334 1245 sini.-

1742 1280 2025 1341 strumque
2054 1284 2277 1326 vocatur
2322 1280 2501 1342 perire
2547 1275 2860 1328 necessario
2890 1275 3210 1345 pradicant,
3247 1283 3334 1327 ut-

1742 1372 1864 1431 pote
1892 1363 2036 1434 quod
2088 1380 2157 1418 ne
2203 1364 2486 1418 minimum
2517 1365 2738 1434 quidem
2787 1365 3218 1418 immortalitatis
3251 1365 3334 1417 af-

1742 1451 1927 1506 ﬂatum
1957 1455 2131 1524 possit
2159 1455 2436 1524 recipere;
2466 1455 2701 1509 animale
2732 1470 2883 1517 vero,
2913 1455 3026 1510 sive
3055 1456 3332 1516 dextrum.

1743 1544 1887 1615 quod
1916 1546 2151 1600 medium
2188 1547 2328 1601 inter
2367 1545 2613 1616 spiritale
2659 1561 2723 1599 ac
2771 1547 2999 1601 materia
3042 1547 3331 1616 praeditum

1745 1636 2051 1711 interjacet',
2079 1637 2208 1690 illuc
2245 1653 2353 1707 quo
2398 1644 2594 1706 suopte
2637 1646 2771 1690 nutu
2821 1638 3171 1706 propenderit
3211 1653 3336 1707 pro-

57 1743 167 1780 ται*
197 1727 260 1779 τὺ
301 1727 358 1779 δὲ
397 1723 763 1795 πνευματικὸν
814 1722 1223 1793 ὲκπεπέμφθαι,
1262 1722 1410 1786 ὅπως
1453 1721 1638 1774 ἐνθάδε

1816 1726 1934 1791 isci,
1983 1725 2138 1792 Quod
2185 1735 2368 1781 autem
2411 1728 2658 1796 spiritale
2702 1728 2772 1781 sit
2828 1729 3038 1782 idcirco
3077 1729 3238 1791 mitti,
3276 1737 3336 1781 ut

56 1819 124 1888 τῷ
159 1817 384 1888 ψυχικῷ
436 1815 666 1885 συζυγὲν
714 1816 999 1887 μορφωθῇ,
1046 1817 1446 1886 συμπαιδευθὲν
1493 1815 1642 1888 αὐτῴ

58 1913 107 1961 ἐν
129 1913 190 1980 τῇ
235 1911 577 1979 ἀναστροφῇ.
625 1909 734 1962 Καὶ
777 1908 921 1961 τοῦτ’
952 1903 1092 1960 εἶναι
1129 1907 1348 1976 λέγουσι
1383 1908 1444 1961 τὸ
1483 1908 1638 1973 ἃλας,

57 2005 141 2056 καὶ
172 2003 231 2054 τὸ
272 2002 390 2071 φῶς
429 2001 521 2054 τοῦ
567 2002 796 2072 κόσμου.
834 2001 982 2054 Ἔδει
1026 2001 1132 2073 γὰρ
1170 2001 1277 2056 τῶν
1319 2000 1566 2072 ψυχικῶν
1595 2000 1637 2064 ³,

57 2097 141 2147 καὶ
179 2094 462 2166 αἰσθητῶν
489 2095 895 2166 παιδευμάτων.
927 2095 1007 2147 Δι’
1039 2088 1115 2148 ὧν
1151 2095 1246 2148 καὶ
1286 2095 1488 2164 κόσμον
1513 2111 1643 2147 κατ-

55 2185 384 2240 εσκευάσθαι
417 2186 655 2254 λέγουσι,
697 2187 792 2240 καὶ
837 2186 926 2239 τὸν
961 2187 1190 2258 Σωτῆρα
1238 2185 1294 2238 δὲ
1339 2186 1433 2238 ἐπὶ
1484 2185 1643 2237 τοῦτο

55 2278 487 2347 παραγεγονέναι
537 2277 596 2330 τὸ
636 2277 907 2348 ψυχικὸν,
969 2279 1090 2332 ἐπεὶ
1145 2278 1241 2331 καὶ
1295 2277 1642 2342 αὑτεξούσιόν

55 2374 214 2435 ἐστιν,
247 2372 404 2433 ὃπως
436 2369 568 2423 αὐτὸ
600 2368 770 2442 σώσῃ.
801 2363 900 2422 Ὧν
926 2369 1034 2439 γὰρ
1072 2369 1275 2440 ἧμελλε
1304 2369 1520 2433 σώζειν,
1542 2371 1642 2433 τὰς

53 2462 308 2534 ἀπαρχὰς
345 2460 524 2515 αὐτῶν
569 2460 847 2531 εἰληφέναι
897 2461 1218 2529 φάσκουσιν,
1245 2459 1354 2512 ἀπὸ
1397 2461 1496 2531 μὲν
1544 2460 1643 2530 τῆς

67 2552 323 2624 Ἀχαμὼθ
366 2553 428 2605 τὸ
458 2550 848 2621 πνευματικὸν,
902 2551 1010 2603 ἀπὸ
1061 2551 1119 2603 δὲ
1157 2550 1250 2604 τοῦ
1297 2551 1641 2623 Δημιουργοῦ

53 2645 364 2698 ἐνδεδύσθαι
396 2644 486 2697 τὸν
514 2641 743 2712 ψυχικὸν
779 2642 1033 2713 Χριστὸν,
1073 2642 1180 2695 ἀπὺ
1222 2643 1279 2696 δὲ
1308 2644 1408 2714 τῆς
1438 2646 1642 2696 οἰκονο-

57 2735 615 2810 μίας.περιτεθεῖσθαι
650 2735 812 2806 σῶμα
847 2734 1084 2806 ψυχικὴν
1115 2734 1235 2805 ἔχον
1266 2735 1474 2796 οὐσίαν,
1514 2754 1645 2789 κατ-

54 2828 456 2900 εσκευασμένον
499 2827 556 2880 δὲ
596 2828 821 2900 ἀρρήτῳ
851 2827 1036 2898 τέχνῃ,
1081 2826 1218 2898 πρὸς
1247 2827 1307 2880 τὸ
1339 2829 1434 2880 καὶ
1480 2827 1646 2900 ἀόρα-

55 2941 158 2986 τον,
203 2923 304 2974 καὶ
352 2919 710 2991 ἀψηλάφητον
767 2919 810 2984 ’⁵,
867 2920 960 2972 καλ⁸
1010 2918 1252 2990 παθητὸν
1295 2920 1640 2990 γεγενῆσθαι.

56 3016 157 3068 Καὶ
190 3013 382 3066 ὑλικὸν
414 3012 470 3065 δὲ
495 3011 603 3065 οὐδ’
635 3011 812 3066 ὁτιοῦν
842 3011 1119 3081 εἰληφέναι
1153 3009 1404 3080 λέγουσιν
1446 3012 1608 3065 αὐτόν
1630 3029 1642 3041 ·

60 3107 126 3177 μὴ
152 3105 263 3178 γὰρ
299 3100 439 3157 εἶναι
486 3105 588 3175 τὴν
633 3104 766 3175 ὓλην
810 3103 1060 3174 δεκτικὴν
1108 3107 1399 3175 σωτηρίας.
1448 3103 1557 3174 Τὴν
1589 3105 1645 3157 δὲ

56 3197 368 3250 συντέλειαν
425 3194 678 3258 ἔσεσθαι,
733 3195 861 3248 ὅταν
923 3193 1184 3266 μορφωθῇ
1238 3194 1332 3247 καὶ
1383 3193 1642 3266 τελειωθῇ

55 3289 249 3357 γνώσει
284 3289 396 3341 πᾶν
423 3287 484 3340 τὸ
515 3286 906 3359 πνευματικὸν,
939 3286 1220 3340 τουτέστιν
1253 3288 1302 3340 οἱ
1351 3304 1648 3359 πνευματι-

53 3383 135 3436 κοὶ
177 3381 484 3452 ἄνθρωποι,
526 3381 576 3432 οἱ
618 3380 717 3449 τὴν
763 3379 976 3433 τελείαν
1021 3377 1224 3447 γνῶσιν
1267 3379 1480 3450 ἔχοντες
1519 3380 1648 3452 περὶ

53 3473 181 3526 Θεοῦ
223 3475 329 3526 καὶ
359 3473 458 3543 τῆς
497 3471 774 3542 ’Λχαμώθ.
821 3470 1226 3542 Μεμυημένους
1270 3469 1328 3524 δὲ
1373 3473 1648 3543 μυστήρια

53 3563 182 3618 εἶναι
221 3564 455 3626 τούτους
492 3563 514 3594 ⁵
545 3562 912 3618 ὑποτίθενται.
950 3561 1380 3634 Ἐπαιδεύθησαν
1421 3563 1528 3635 γὰρ
1580 3565 1650 3617 τὰ

52 3657 256 3726 galati
312 3655 367 3706 οἱ
414 3654 636 3725 ψυχικοὶ
684 3654 981 3726 ἄνθρωποι,
1013 3656 1063 3708 οι
1111 3654 1177 3707 δι’
1211 3654 1387 3725 ἔργων
1421 3656 1516 3708 καὶ
1559 3658 1651 3710 πί·

55 3765 219 3811 στεως
249 3747 422 3817 ψιλῆς
450 3744 851 3817 βεϐαιούμενοι,
889 3743 985 3796 καὶ
1035 3741 1110 3814 μὴ
1149 3743 1246 3813 τὴν
1278 3742 1491 3795 τελείαν
1512 3743 1651 3812 γνῶ·-

55 3856 133 3891 σιν
165 3839 417 3910 ἔχοντες.
464 3833 619 3890 Εἶναι
663 3836 720 3888 δὲ
763 3834 987 3898 τούτους
1028 3835 1134 3888 ἀπὸ
1182 3835 1282 3904 τῆς
1330 3835 1652 3906 Ἐκκλησίας

51 3933 195 4002 ἡμᾶς
224 3931 487 3999 λέγουσι’
516 3927 594 3981 διὸ
628 3928 721 3980 καὶ
749 3929 882 3998 ἡμῖν
917 3926 1016 3997 μὲν
1054 3927 1345 3996 ἀναγκαῖον
1377 3922 1516 3980 εἶναι
1554 3927 1651 3998 τὴν

55 4024 264 4094 ἀγαθὴν
310 4021 514 4094 πρᾶξιν
558 4020 980 4088 ἀποφαίνονταιο
1023 4019 1197 4084 ἄλλως
1236 4019 1344 4092 γὰρ
1394 4020 1651 4073 ἀδύνατον

59 4115 333 4184 σωθῆναιο
387 4113 584 4177 αὐτοὺς
630 4113 684 4166 δὲ
722 4112 795 4182 μὴ
841 4111 928 4165 διὰ
967 4111 1240 4182 πράξεως,
1292 4111 1427 4164 ἀλλὰ
1472 4111 1558 4165 διὰ
1591 4111 1652 4164 τὸ

53 4208 208 4274 φύσει
235 4206 652 4277 πνευματικοὺς
682 4199 840 4267 εἶναι,
875 4203 1052 4274 πάντη
1078 4220 1136 4255 τε
1169 4204 1266 4256 καὶ
1293 4203 1512 4266 πάντως
1550 4221 1653 4256 σω-

55 4299 322 4370 θήσεσθαι
356 4297 793 4368 δογματίζουσιν.
834 4295 921 4358 Ὠς
945 4294 1054 4366 γὰρ
1089 4297 1150 4348 τὸ
1183 4295 1363 4365 χοῖκὸν
1393 4295 1650 4349 ἀδύνατον

1747 1819 1834 1872 hic
1869 1835 1992 1872 cum
2029 1819 2247 1873 animali
2280 1820 2619 1888 copulatum,
2647 1836 2770 1873 cum
2805 1836 2978 1889 eoque
3022 1824 3075 1874 in
3116 1821 3335 1876 vivendi

1745 1910 1956 1966 ratione
2005 1911 2210 1980 pariter
2247 1911 2524 1964 eruditum
2571 1910 2696 1980 fingi
2755 1909 3088 1980 formarique
3139 1913 3336 1984 possit.

1743 2003 1922 2072 Atque
1957 2002 2102 2056 hunc
2138 2001 2359 2056 demum
2409 2003 2578 2056 salem
2630 2003 2802 2067 illum,
2834 2016 2898 2056 ac
2941 2000 3126 2054 mundi
3163 2002 3335 2056 lucem

1745 2107 1868 2148 esse
1914 2089 2168 2147 dictitant
2203 2109 2216 2146 :
2259 2092 2326 2146 de
2373 2091 2574 2160 quibus
2615 2091 2907 2160 Evangelia
2954 2090 3254 2160 ioquuntur
3291 2094 3334 2156 ⁷,

1745 2184 1945 2240 etenim
2000 2184 2235 2240 animale
2285 2192 2509 2239 externa
2558 2200 2819 2240 sensuum
2863 2185 3150 2254 disciplina
3197 2198 3336 2254 opus

1744 2277 1954 2331 habuit.
2004 2277 2177 2342 Quam
2223 2278 2294 2331 ob
2339 2292 2560 2332 causam
2608 2285 2662 2332 et
2691 2276 2955 2331 mundum
3011 2277 3336 2331 labriCatum

1744 2386 1867 2426 esse
1907 2370 2242 2425 contendunt
2285 2389 2298 2425 :
2336 2377 2499 2440 atque
2530 2371 2596 2425 ad
2629 2371 2862 2426 animale
2891 2371 3058 2431 istud.
3086 2371 3332 2441 quando-

1745 2461 1967 2532 quidem
1998 2463 2245 2518 libertate
2285 2461 2572 2533 praeditum
2606 2469 2712 2529 est,
2751 2478 2860 2533 quo
2907 2463 2955 2518 ei
2991 2463 3221 2518 salutem
3254 2462 3338 2515 af-

1747 2554 1932 2619 ferret,
1967 2554 2302 2610 Salvatorem
2332 2571 2455 2612 esse
2492 2556 2796 2627 delapsum.
2828 2555 2962 2609 Nam
2997 2571 3184 2610 eorum
3215 2570 3340 2625 qua:

1747 2662 1967 2702 servare
2012 2647 2352 2715 decreverat,
2401 2648 2645 2702 omnium
2688 2649 2744 2702 in
2793 2664 2914 2704 sese
2963 2649 3144 2703 ferunt
3183 2648 3337 2703 illum

1747 2737 2004 2794 habuisse
2050 2737 2322 2809 primitias
2355 2757 2368 2793 :
2401 2745 2530 2808 puta
2579 2739 2646 2792 ab
2695 2739 2998 2793 Achamoth
3039 2740 3337 2809 spiritum;

1748 2831 2037 2884 animalem
2066 2846 2095 2882 a
2127 2829 2420 2886 Conditore
2449 2830 2728 2886 Christum
2763 2849 2776 2886 :
2810 2846 2875 2885 ac
2907 2832 3204 2887 [unctionis
3225 2847 3340 2888 suae

1747 2921 2194 2976 administrandae
2227 2925 2400 2993 gratia
2449 2938 2649 2994 corpus
2709 2923 2929 2978 animali
2973 2933 3166 2978 natura
3206 2938 3340 2977 con-

1749 3021 1903 3068 stans
1942 3014 2206 3080 induisse,
2251 3023 2304 3068 et
2343 3015 2558 3084 quidem
2605 3015 2910 3070 incredibili
2953 3015 3184 3084 quadam
3225 3021 3341 3069 arte

1747 3103 1825 3158 sic
1853 3104 2215 3169 elaboratum,
2253 3112 2311 3158 ut
2352 3104 2542 3170 videri,
2583 3107 2910 3171 contrectari
2955 3107 3174 3176 patique
3214 3120 3342 3174 pos-

1747 3203 1850 3250 set.
1903 3195 2084 3260 Quare
2122 3196 2256 3250 nihil
2301 3197 2475 3251 eidem
2523 3211 2646 3250 cum
2696 3196 2922 3251 materia
2977 3196 3144 3252 fuisse
3187 3211 3341 3250 com-

1745 3301 1957 3342 mune:
1995 3287 2195 3357 quippe
2251 3301 2376 3341 cum
2435 3286 2665 3340 materia
2717 3287 3119 3356 conseq‘uendaa
3167 3287 3332 3342 saluti

1745 3395 2091 3450 nequaquam
2121 3379 2314 3434 idonea
2339 3380 2430 3434 sit.
2453 3377 2722 3434 Praeterea
2745 3386 2862 3433 tum
2897 3396 3075 3435 rerum
3097 3382 3340 3435 omnium

1749 3474 1909 3528 ﬁnem
1955 3482 2118 3542 atque
2169 3472 2374 3526 exitum
2427 3471 2562 3534 fore,
2617 3486 2740 3525 cum
2785 3472 3048 3542 quidquid
3097 3473 3342 3542 spiritale

1748 3577 1852 3626 est,
1886 3563 1938 3618 id
1965 3571 2048 3620 est
2077 3564 2352 3635 spiritales
2383 3563 2656 3626 homines,
2679 3564 2772 3632 qui
2809 3565 3105 3633 perfectam
3137 3564 3203 3619 de
3230 3563 3340 3618 Deo

1750 3653 2033 3709 scientiam
2063 3652 2284 3717 habent,
2317 3659 2372 3707 et
2404 3651 2472 3706 ab
2496 3651 2801 3706 Acbamoth
2836 3653 3109 3722 mysteriis
3142 3652 3342 3707 initiati

1751 3753 1898 3799 sunt.
1932 3742 2252 3811 Cujusmodi
2293 3757 2352 3796 se
2391 3757 2514 3797 esse
2561 3743 2710 3812 ipsos
2741 3750 3014 3798 asserunt.
3049 3743 3212 3812 189
3246 3743 3341 3796 Et-

1750 3835 1892 3890 enim
1929 3835 2192 3890 animalcs
2229 3833 2478 3888 homines
2517 3833 2738 3887 animali
2771 3835 3009 3904 quadam
3049 3834 3339 3904 disciplina

1752 3928 2030 3982 institutos
2054 3942 2198 3992 esse,
2229 3927 2322 3997 qui
2350 3926 2566 3999 quidem
2593 3927 2851 3996 operibus
2881 3941 2946 3980 ac
2972 3925 3208 3996 simplici
3237 3925 3341 3981 (ide

1753 4021 2134 4087 stabiliuntur,
2205 4035 2384 4090 neque
2446 4018 2743 4090 perfectam
2805 4019 3090 4074 scientiam
3159 4016 3340 4086 adepti

1752 4121 1900 4169 sunt.
1943 4112 2225 4181 Ejusmodi
2255 4127 2357 4167 nos
2386 4127 2526 4175 esse,
2556 4112 2647 4182 qui
2685 4112 2739 4166 in
2769 4112 3024 4166 Ecclesia:
3053 4126 3212 4181 grege
3237 4125 3342 4163 nu-

1753 4222 2059 4270 meramur;
2118 4205 2348 4274 ideoque
2407 4211 2552 4259 recte
2617 4202 2774 4258 factis
2822 4218 2960 4273 Opus
3015 4218 3137 4258 esse
3179 4203 3342 4257 nobis

1755 4300 2074 4370 praedicant,
2101 4313 2275 4368 neque
2298 4297 2456 4352 aliter
2481 4312 2640 4367 posse
2670 4312 2770 4351 nos
2801 4297 3031 4352 salutem
3059 4296 3340 4358 obtinere;

54 4390 338 4462 σωτηρίας
385 4389 714 4459 μετασχεῖν·
766 4386 824 4438 οὐ
867 4385 973 4458 γὰρ
1010 4381 1149 4438 εἶναι
1203 4386 1452 4454 λέγουσιν
1501 4387 1639 4440 αὐτοι

1811 4412 1816 4442 ε
1845 4405 1976 4445 vero
2005 4404 2110 4442 non
2137 4388 2302 4443 ullius
2335 4388 2568 4442 actionis
2616 4386 2899 4449 benelicio,
2949 4384 3044 4441 sed
3076 4383 3221 4455 quod
3253 4401 3346 4438 na-

52 4481 299 4534 δεκτικὸν
329 4479 503 4549 αὐτῆς
523 4495 536 4508 ·
567 4477 738 4541 οὕτως
777 4477 938 4530 πάλιν
973 4477 1034 4530 τὸ
1064 4478 1438 4550 πνευματικὸν
1470 4479 1654 4532 θέλου-

54 4590 131 4624 σιν
172 4574 223 4625 οξ
274 4571 444 4624 αὐτοὶ
475 4571 496 4600 ⁸
525 4565 663 4622 εἶναι
708 4569 968 4622 ἀδύνατον
1003 4569 1208 4640 φθορὰν
1240 4570 1652 4635 καταδέξασθαι,

53 4665 149 4716 κᾶν
204 4663 442 4724 ὁποίαις
499 4662 1006 4731 συγκαταγένωνται
1063 4662 1346 4732 πράξεσιν.
1401 4665 1496 4715 Ὂν
1547 4663 1656 4734 γὰρ

51 4757 249 4825 τρόπον
281 4754 498 4826 χρυσὸς
532 4755 588 4805 ὲν
621 4752 866 4825 βορϐόρῳ
894 4754 1211 4818 κατατεθεὶς
1235 4756 1336 4808 οὐκ
1362 4755 1657 4810 ἀποϐάλλει

61 4847 144 4918 τὴν
183 4845 469 4917 καλλονὴν
496 4844 687 4910 αὑτοῦ,
714 4845 850 4898 ἀλλά
876 4847 972 4917 τὴν
1002 4847 1137 4900 ἰδίαν
1169 4847 1329 4918 φύσιν
1365 4850 1656 4919 διαφυλάτ-

53 4954 162 5000 τει,
218 4937 324 4991 τοῦ
387 4935 650 5007 βορϐόρου
706 4936 873 5007 μηδὲν
915 4934 1172 5008 ἀδικῆσαι
1224 4938 1521 5011 δυναμένου
1566 4941 1658 4994 τὸν

55 5030 283 5101 χρυσόν·
321 5027 475 5082 οὕτω
513 5028 568 5082 δὲ
607 5029 699 5082 καλ⁴
737 5029 932 5091 αὐτοὺς
977 5029 1212 5099 λέγουσι,
1255 5031 1357 5084 κᾶν
1390 5034 1448 5087 ἐν
1481 5033 1658 5096 ποίαις

56 5124 266 5188 ὑλικαίς
300 5123 547 5194 πράξεσι
576 5121 1004 5190 καταγένωνται,
1039 5123 1204 5194 μηδὲν
1247 5125 1444 5188 αὐτοὺς
1482 5143 1660 5196 παρα-

57 5215 431 5278 ϐλάπτεσθαι,
465 5215 598 5285 μηδὲ
626 5213 949 5268 ἀποϐάλλειν
986 5214 1083 5286 τὴν
1125 5217 1495 5286 πνευματικὴν
1523 5218 1658 5271 ὑπό·

59 5323 267 5362 στασιν.

1757 4490 1878 4534 tura
1916 4479 2189 4549 spiritales
2224 4480 2356 4542 sint,
2403 4478 2625 4532 omnino
2672 4475 2869 4530 salutis
2915 4485 3192 4543 compotes
3228 4473 3345 4529 fore

1758 4570 2058 4624 confidunt.
2112 4567 2247 4621 Nam
2298 4566 2411 4631 uti,
2471 4566 2616 4638 quod
2661 4572 2936 4619 terrenum
2980 4570 3086 4626 est,
3136 4563 3344 4618 servari

1758 4661 1908 4715 nullo
1956 4659 2118 4714 modo
2162 4666 2361 4728 potest,
2397 4673 2572 4726 neque
2627 4664 2821 4710 natura
2864 4657 2928 4710 ad
2979 4655 3032 4710 id
3088 4655 3344 4710 idoneum

1759 4763 1874 4819 est;
1907 4754 1986 4809 sic
2015 4760 2206 4807 contra
2233 4751 2379 4822 quod
2409 4757 2492 4806 est
2512 4750 2776 4820 spiritale,
2801 4748 3108 4817 cujusmodi
3140 4763 3198 4803 se
3223 4763 3347 4804 esse

1757 4847 1966 4911 volunt,
1993 4853 2266 4915 utcunque
2297 4859 2417 4898 sese
2433 4843 2678 4913 gesserit,
2705 4842 2982 4911 corrumpi
3002 4855 3343 4911 nequaquam

1759 4953 1942 5008 posse.
1993 4937 2063 4990 At
2110 4935 2566 5007 quemadmodum
2608 4949 2801 4988 aurum
2842 4933 2896 4987 in
2949 4948 3164 4988 cantum
3197 4933 3348 5002 abje-

1761 5040 1906 5086 ctum
1954 5032 2409 5102 pulchritudinem
2450 5047 2559 5086 non
2609 5031 2830 5094 amittit,
2871 5031 2964 5086 sed
3006 5031 3143 5085 citra
3184 5031 3346 5085 ullam

1763 5125 1977 5180 decoris
2028 5125 2285 5194 injuriam
2337 5132 2588 5179 naturam
2641 5125 2877 5192 retinet;
2908 5126 2981 5178 ita
3027 5125 3366 5194 semetipsos;

1768 5225 2043 5277 asserunt.
2074 5216 2286 5271 tametsi
2320 5215 2606 5286 quibusvis
2645 5215 2700 5268 in
2743 5215 3074 5278 actionibus,
3107 5215 3348 5282 adeoque

1767 5309 2038 5365 concretis
2064 5326 2188 5366 cum
2219 5310 2466 5376 materia,
2493 5317 2800 5376 versentur,
2826 5309 3033 5364 nullum
3064 5324 3131 5363 ex
3168 5323 3233 5362 eo
3261 5308 3354 5360 de-

60 5405 390 5458 trimentum
445 5414 671 5470 capere,
731 5414 908 5467 neque
951 5399 1249 5468 spiritalem
1305 5402 1872 5474 substantiam-posse
1902 5406 2148 5476 perdere.

131 5563 150 5593 ¹
174 5576 326 5616 iren.
359 5559 465 5632 xui.
486 5557 686 5632 roﬁrpv_
719 5554 880 5632 sivetu
910 5557 1020 5632 τὸν,
1045 5560 1100 5632 ὲν
1127 5561 1308 5624 αὐτοῖς
1333 5561 1639 5632 ἄνθρωπον.
1717 5565 1737 5594 ³
1762 5562 1901 5620 lrcn.
1932 5555 2302 5631 ἐπιδέξασθαι.

103 5630 245 5687 lren.
303 5629 1032 5709 oparov,_d_rn).otgorﬁr$v.__'
1064 5631 1204 5687 lt‘en.
1271 5633 1376 5686 ὑπὸ
1419 5629 1518 5704 τῆς
1595 5636 1790 5706 ’Λχαμ.
1843 5655 2046 5709 μεμυη.
2088 5629 2154 5690 τὰ
2197 5656 2326 5709 μυσ.
2386 5638 2617 5700 ἑαυτοὺς
2637 5629 2712 5690 ’δὲ’
2735 5629 2882 5688 τδοτζ

60 5704 224 5759 latam
268 5699 462 5757 αὐτοί.
561 5700 580 5730 ⁷
613 5699 745 5754 Matt
770 5721 804 5754 ε.
839 5715 889 5759 v.
927 5699 1017 5756 15.

2382 5567 2402 5598 ³
2419 5565 2558 5621 lren.
2587 5565 2664 5636 τῷ
2686 5563 2981 5636 ψυχικῷ,θι
3021 5577 3182 5636 _mox.
3209 5629 3228 5636 _
3249 5557 3350 5636 διό,

2963 5636 2982 5665 ⁸
3017 5634 3158 5686 lreu.
3205 5629 3234 5683 ὃ
3263 5628 3352 5684 θέμ-
