3814 6356
397 281 501 336 515

1761 284 1818 341 S.
1860 285 2204 342 EPIPHANII

3641 276 3770 334 5ἱ5

467 394 603 448 XXI.
644 394 911 460 Quocirca
950 396 1041 464 qui
1083 395 1224 451 inter
1263 397 1384 452 illos
1425 398 1807 467 perfectissimi
1845 418 1973 456 cen-

2147 402 2277 456 KA'.
2315 400 2405 452 Διὸ
2449 399 2513 470 δὴ
2547 400 2641 452 καὶ
2687 397 2755 451 τὰ
2806 399 3154 470 ἀπειρημένα
3193 399 3373 453 πάντα
3419 395 3680 458 ἀδεῶς
3713 395 3770 448 al

395 494 622 548 sentur,
673 486 860 540 illicita
913 489 1129 552 omnia,
1182 489 1499 559 legibusque
1542 493 1704 545 vetita
1754 495 1978 549 licenter

367 586 738 647 perpetrant,
774 578 842 632 de
881 579 1078 647 quibus
1104 579 1319 634 Littera:
1353 598 1521 636 SllCl‘iB
1551 593 1850 645 testantur;
1881 601 1974 654 qm

394 667 663 736 ejusmodi
695 671 1058 734 committant,
1094 671 1162 724 ab
1193 672 1508 726 haareditatc
1549 677 1698 744 regni
1735 679 1976 732 caelestis

393 761 643 816 excidere
668 763 707 815 ¹.
742 761 908 832 Igitur
935 773 987 817 et
1021 780 1141 833 quae
1181 766 1339 821 idolis
1366 769 1638 822 innnolata
1673 780 1798 823 sunt
1831 772 1978 824 nullo

396 855 713 908 discrimine
731 856 1043 918 comedunt,
1065 857 1305 926 nihilque
1318 873 1380 912 ex
1397 874 1458 911 ea
1477 875 1534 913 re
1552 862 1892 929 contagionis
1910 862 1976 914 ad

395 960 516 999 sese
543 944 776 998 derivari
815 953 1036 1013 putant;
1075 954 1128 998 et
1159 947 1222 998 ad
1257 948 1435 1000 omnia
1475 949 1753 1016 gentilium
1802 950 1936 1004 festa
1960 991 1972 1013 ,

393 1052 515 1105 qua:
547 1038 613 1090 ad
648 1037 912 1092 idolorum
948 1039 1153 1091 cultum
1185 1041 1433 1092 instituta
1468 1049 1629 1106 sunt,
1674 1042 1831 1110 primi
1860 1059 1977 1095 ont-

395 1132 545 1184 nium
572 1140 868 1184 accurrunt
907 1147 920 1180 :
956 1141 1200 1199 utneque
1232 1132 1300 1184 ab
1331 1148 1541 1196 eorum,
1577 1134 1670 1203 qui
1711 1149 1833 1187 eum
1885 1134 1978 1186 he-

397 1224 515 1277 stiis
533 1224 862 1293 depugnant,
897 1231 989 1277 aut
1019 1223 1380 1292 gladiatorum
1407 1226 1567 1279 [mdis
1603 1227 1730 1289 illis,
1772 1241 1836 1280 ac
1868 1225 1976 1280 Deo

395 1314 601 1382 pariter
654 1322 816 1382 atque
849 1314 1159 1369 hominibus
1187 1315 1542 1369 exsecrandis
1577 1316 1968 1385 parricidiique

394 1409 568 1476 plenis
600 1407 928 1477 spectaculis
977 1407 1198 1475 quidam
1243 1408 1456 1460 illorum
1489 1408 1819 1460 abstineant.
1869 1407 1976 1461 Alii

394 1500 522 1554 dum
557 1503 607 1553 in
643 1500 1015 1566 voluptatibus
1045 1499 1294 1568 corporis
1324 1513 1386 1551 ac
1419 1499 1733 1553 libidinibus
1759 1499 1976 1554 assidue

392 1595 742 1655 Volutantur,
778 1593 1021 1644 carnalia
1054 1607 1113 1645 se
1143 1593 1484 1657 carnalibus,
1528 1608 1589 1644 ac
1636 1593 1974 1662 spiritalibus

391 1684 659 1752 Spit-italia
713 1681 974 1744 reddere,
1017 1683 1360 1748 profitentur.
1418 1681 1784 1746 Quamobrem
1839 1699 1973 1736 non-

2081 493 2408 548 τελειότατοι
2458 493 2792 562 πράττουσιν
2845 491 3047 555 αὐτῶν,
3095 495 3224 562 περὶ
3258 488 3334 548 ὧν
3362 496 3415 546 ai
3475 492 3536 544 Γ
3545 490 3773 560 passa!

2079 581 2538 645 διαϐεϐαιοῦνται,
2569 581 2696 643 τοὺς
2731 581 3019 644 ποιοῦν-τας
3053 584 3188 635 αὐτά
3224 584 3546 652 βασιλείαν
3590 580 3767 632 Θεοῦ

2083 669 2156 740 μὴ
2187 670 2641 740 κληρονομήσειν.
2687 671 2797 722 Καὶ
2829 671 2937 741 γὰρ
2981 672 3306 725 εἰδωλόθυτα
3345 674 3710 742 διαφόρως
3747 673 3768 699 “

2080 765 2338 825 ἐσθίουσι,
2377 763 2509 835 μηδὲ
2538 761 2859 833 μολύνεσθαι
2894 765 2988 818 ὑπ’
3022 766 3201 818 αὐτῶν
3232 768 3609 838 ἡγούμενον
3647 765 3765 816 καὶ

2079 858 2170 909 ἐπί
2205 859 2382 910 πᾶσαν
2419 857 2746 928 ἑορτάσιμον
2789 858 2896 911 τῶν
2937 857 3107 910 ἐθνῶν
3152 861 3341 930 τέρψιν
3383 864 3474 923 εἰς
3531 858 3758 927 τιμήν

2079 949 2185 1002 τῶν
2210 948 2442 1001 εἰδώλων
2467 949 2759 1019 γινομένην
2780 938 2986 1020 πρῶτοι
3011 952 3274 1015 συνίασιν,
3304 952 3379 1013 ὡς
3411 951 3594 1022 μηδὲ
3631 949 3758 1017 τῆς

2079 1041 2228 1111 παρὰ
2259 1040 2378 1109 Θεῷ
2413 1041 2505 1092 καὶ
2540 1039 2849 1109 ἀνθρώποις
2895 1042 3278 1111 μεμισημένης
3311 1042 3408 1112 τῆς
3435 1042 3586 1095 τῶν
3635 1041 3756 1110 6η-

2081 1132 2358 1202 ριομάχων
2385 1133 2477 1184 καὶ
2501 1133 2839 1202 μονομαχίας
2860 1133 3187 1203 ἀνδροφόνου
3213 1133 3341 1196 θέας
3367 1133 3748 1204 ἀπέχεσθαι

2077 1225 2253 1286 ἐνίους
2284 1223 2483 1276 αὐτῶν.
2521 1225 2583 1275 Oi
2615 1224 2669 1275 δὲ
2703 1225 2794 1277 καὶ
2823 1227 2942 1286 ταῖς
2973 1225 3072 1294 τῆς
3100 1226 3304 1294 σαρκὸς
3325 1226 3576 1294 ἡδοναῖς
3613 1242 3748 1275 και

2077 1316 2320 1386 τακόρως
2350 1315 2694 1380 δουλεύοντες
2722 1316 2788 1369 τὰ
2826 1317 3066 1388 σαρκικὰ
3093 1321 3206 1380 τοῖς
3238 1322 3576 1388 σαρκικοῖς,
3621 1318 3745 1369 καὶ

2077 1408 2145 1460 τὰ
2193 1407 2540 1477 πνευματικά
2597 1409 2707 1470 τοῖς
2750 1413 3141 1478 πνευματικοῖς
3183 1411 3556 1462 ἀποδίδοσθαι
3627 1408 3744 1460 λέ-

2076 1515 2252 1567 γουσι.
2284 1499 2393 1559 Καὶ
2427 1500 2474 1549 οἱ
2513 1499 2610 1566 μὲν
2643 1497 2822 1551 αὐτῶν
2847 1498 3022 1568 λάθρα
3049 1499 3147 1562 τὰς
3163 1501 3581 1572 διδασκομένας
3614 1503 3740 1554 ὑπ’

2077 1590 2256 1645 αὐτῶν
2298 1591 2396 1662 τὴν
2435 1591 2656 1661 διδαχὴν
2699 1592 2902 1662 ταύτην
2934 1597 3198 1662 γυναῖκας
3235 1596 3730 1667 διαφθείρουσιν,

2077 1683 2151 1738 ὼς
2181 1681 2442 1744 πολλάκις
2470 1683 2560 1735 ὑπ’
2595 1681 2750 1734 ἐνίων
2789 1685 2965 1736 αὐτῶν
2996 1685 3438 1757 ἐξαπατηθεῖσαι.
3477 1690 3606 1741 ἕπε
3620 1707 3733 1740 ιτα

391 1779 524 1831 nulli
563 1779 698 1831 clam
730 1786 919 1846 stupra
963 1791 1089 1829 cum
1123 1776 1460 1830 mulierculis
1490 1775 1792 1843 disciplina:
1819 1776 1974 1844 hujus

2086 1767 2482 1839 ἐπιστρέψασαι
2519 1774 2776 1837 γυναῖκες
2800 1773 2880 1834 είς
2902 1772 3000 1842 τὴν
3047 1774 3376 1844 Ἐκκλησίαν
3404 1778 3497 1830 τοῦ
3542 1778 3726 1830 Θεοῦ

391 1885 504 1924 sure
543 1869 779 1921 alumnis
817 1876 1109 1929 exercent,
1161 1868 1213 1920 id
1249 1867 1392 1935 quod
1433 1867 1707 1935 pleraeque
1749 1869 1877 1921 olim
1911 1870 1976 1920 ab

393 1963 500 2016 illis
527 1962 789 2030 deceptze,
821 1975 882 2012 ae
907 1969 1184 2029 postremo
1205 1960 1270 2012 ad
1300 1960 1601 2013 Ecclesiam
1631 1960 1721 2014 Dei
1749 1975 1978 2014 reversa:

395 2053 536 2107 inter
573 2052 708 2104 alios
741 2067 958 2106 errores
997 2067 1237 2120 persavpe
1267 2053 1532 2106 confessa:
1571 2059 1717 2128 sunt.
1754 2051 1893 2105 Sunt
1925 2063 1979 2105 et

392 2145 485 2214 qui
524 2145 732 2213 pudore
769 2143 917 2196 omni
959 2143 1158 2212 posito,
1194 2158 1550 2213 quascunque
1592 2143 1851 2197 mulieres
1883 2142 1975 2196 ad~

391 2237 646 2296 amarint,
681 2235 852 2304 palam
888 2249 916 2287 a
954 2235 1088 2288 viris
1118 2235 1383 2289 abductas
1413 2250 1512 2305 pro
1545 2234 1802 2304 legitimis
1844 2249 1977 2287 uxo-

394 2329 551 2382 ribus
588 2328 810 2381 habent.
871 2325 976 2379 Sed
1027 2327 1153 2388 alii,
1195 2326 1284 2396 qui
1325 2343 1384 2380 se
1417 2327 1686 2396 principio
1727 2340 1976 2379 sororum

394 2418 518 2474 illas
539 2420 698 2489 190
731 2422 850 2472 loco
882 2417 1166 2472 honestius
1192 2418 1392 2473 habere
1427 2419 1816 2472 simulaverant
1847 2432 1976 2488 pau-

394 2513 544 2566 latim
578 2511 775 2565 detecti
815 2521 962 2574 sunt,
995 2526 1057 2565 ac
1090 2526 1381 2580 praegnans
1433 2511 1666 2579 denique
1708 2525 1867 2564 soror
1908 2525 1976 2564 ex

394 2603 758 2659 contubernio
790 2602 974 2656 l‘ratris
1007 2603 1246 2657 inventa.
1285 2601 1396 2655 Dici
1432 2618 1539 2655 non
1587 2609 1766 2671 potest
1812 2617 1976 2672 quam

394 2694 557 2762 impia
601 2707 665 2746 ac
690 2692 1010 2746 detestanda
1041 2693 1144 2746 alia
1196 2691 1394 2761 ﬂagitia
1443 2693 1825 2757 committant;
1859 2707 1980 2761 quze

391 2787 519 2840 dum
555 2783 786 2847 faciunt,
831 2800 931 2838 nos
971 2784 1217 2847 scilicet,
1268 2786 1358 2854 qui
1402 2800 1509 2853 pra:
1549 2783 1640 2836 Dei
1667 2771 1871 2838 'timore
1915 2799 1980 2838 ne

390 2880 720 2949 cogitatione
754 2879 836 2933 vel
889 2889 1141 2932 sermone
1183 2879 1402 2945 quidem
1455 2879 1636 2933 scelus
1676 2879 1844 2931 ullum
1881 2879 1979 2930 ad-

392 2972 608 3026 mittere
634 2971 918 3025 studemus
938 3011 951 3033 ,
984 2978 1242 3038 tanquam
1279 2969 1476 3023 idiotas
1508 2978 1670 3039 atque
1704 2969 1982 3037 imperitos

392 3064 660 3128 derident,
706 3078 764 3117 se
807 3077 933 3114 vero
972 3061 1200 3113 mit-ilice
1232 3061 1566 3129 przedicant,
1611 3075 1673 3114 ae
1706 3061 1981 3128 perfectos

392 3153 674 3217 homines,
708 3152 1045 3217 eiectamque
1074 3149 1300 3218 stirpem
1349 3150 1655 3204 nominant.
1688 3148 1799 3203 Nos
1825 3152 1970 3203 enim

392 3247 541 3299 velut
595 3252 785 3297 mutuo
837 3243 1067 3311 gratiam
1131 3241 1195 3294 ad
1257 3258 1413 3296 usum
1466 3241 1745 3311 accipere,
1803 3257 1978 3310 eaque

394 3346 678 3407 propterea
718 3333 1033 3404 spoliandus
1069 3333 1376 3397 allirmant;
1420 3333 1521 3388 sibi
1557 3335 1704 3388 velut
1737 3336 1976 3403 peculia-

2081 1858 2177 1908 σὺν
2210 1859 2275 1926 τῇ
2316 1857 2477 1929 λοιπῇ
2513 1859 2711 1930 πλάνῃ.
2751 1860 2846 1912 καὶ
2880 1861 3038 1914 τοῦτο
3068 1862 3591 1936 ἐξωμολογήσαντο.
3642 1870 3724 1921 ΟΞ

2079 1949 2134 2001 δὲ
2169 1949 2263 2001 καὶ
2301 1949 2440 2003 κατὰ
2472 1951 2530 2003 τὸ
2555 1952 2786 2022 φανερὸν
2817 1954 3322 2024 ἁπερυθριάσαντες
3350 1953 3424 2011 ὧν
3455 1960 3524 2012 ἂν
3561 1963 3724 2031 ἐρα-

2082 2039 2249 2092 σθῶσι
2283 2043 2580 2110 γυναικῶν,
2616 2043 2820 2108 ταύτας
2853 2047 2947 2098 ἀπ’
2983 2047 3192 2118 ἀνδρῶν
3224 2049 3717 2116 ἀποσπάσαντες,

2085 2132 2220 2195 ἰδίας
2245 2133 2492 2204 γαμετὰς
2518 2137 2812 2207 ἡγήσαντο.
2847 2137 3028 2190 ’Λλλοι
3059 2139 3114 2191 δὲ
3149 2136 3214 2192 αὖ
3247 2141 3427 2208 πάλιν,
3455 2142 3715 2213 σεμνῶς

2081 2226 2202 2279 κατ’
2234 2228 2406 2296 ἀρχὰς
2441 2228 2516 2290 ὡς
2547 2229 2684 2297 μετά
2714 2230 2958 2298 ἀδελφῶν
2993 2235 3452 2304 προσποιούμενοι
3487 2254 3715 2288 συνοι-

2081 2320 2220 2380 κεῖν,
2267 2319 2546 2390 προϊόντος
2577 2320 2670 2372 τοῦ
2715 2321 2907 2393 χρόνου
2955 2323 3317 2395 ἠλέγχθησαν,
3365 2327 3708 2397 ἐγκύμονος

2081 2413 2180 2482 τῆς
2214 2413 2448 2484 ἀδελφῆς
2481 2415 2584 2467 ὑπὸ
2610 2414 2705 2466 τοῦ
2744 2415 2973 2484 ἀδελφοῦ
3005 2417 3347 2489 γενηθείσης.
3387 2422 3497 2472 Καὶ
3536 2421 3708 2474 ἄλλα

2080 2503 2136 2556 δὲ
2174 2504 2344 2557 πολλὰ
2378 2506 2595 2577 μυσαρά
2638 2507 2732 2560 καὶ
2774 2507 2908 2560 ἄθεα
2958 2511 3314 2581 πράσσοντες,
3366 2513 3529 2584 ἡμῶν
3581 2514 3708 2584 μὲν

2081 2594 2166 2647 διὰ
2211 2596 2305 2648 τὸν
2351 2597 2513 2666 φόϐον
2551 2598 2644 2651 τοῦ
2690 2600 2824 2651 Θεοῦ
2871 2599 3296 2671 φυλασσομένων
3331 2605 3425 2657 καὶ
3472 2607 3702 2677 μέχρις

2083 2688 2294 2750 ἐννοίας
2325 2689 2418 2740 καὶ
2442 2689 2598 2756 λόγου
2632 2691 2897 2760 ἁμαρτεῖν
2928 2695 3377 2763 κατατρέχουσιν,
3412 2697 3489 2760 ὡς
3530 2700 3700 2751 saw-

2083 2779 2224 2843 τῶν,
2275 2781 2368 2832 καὶ
2422 2780 2588 2850 μηδὲν
2643 2783 3056 2851 ἐπισταμένων,
3113 2786 3342 2850 ἑαυτοὺς
3392 2788 3446 2840 δὲ
3503 2791 3702 2861 ὑπερ-

2086 2873 2302 2941 υψοῦσι,
2335 2873 2572 2936 τελείους
2600 2874 3022 2937 ἀποκαλοῦντες,
3067 2878 3161 2928 καὶ
3195 2878 3490 2950 σπέρματα
3524 2882 3698 2934 ἐκλο-

2085 2967 2206 3036 γῆς.
2255 2966 2434 3035 Ἦμᾶς
2469 2966 2566 3035 μὲν
2597 2965 2706 3036 γὰρ
2742 2968 2798 3018 ἐν
2831 2969 3024 3038 χρήσει
3054 2969 3151 3038 τὴν
3177 2970 3338 3038 χάριν
3374 2970 3695 3041 λαμϐάνον

2086 3055 2319 3123 λέγουσι’
2372 3054 2453 3108 διὸ
2497 3056 2589 3108 καὶ
2630 3056 3098 3128 ἀφαιρεθήσεσθαι
3153 3059 3344 3126 αὐτῆς·
3384 3061 3590 3125 αὐτοὺς
3629 3062 3693 3113 δὲ

2090 3147 2386 3216 ξδιόκτητον
2414 3147 2618 3202 ἀνωθεν
2652 3148 2760 3200 ἀπὸ
2791 3149 2888 3218 τῆς
2912 3149 3152 3220 ἀρρήτου
3185 3152 3277 3202 καὶ
3300 3152 3690 3222 ἀνονομάστου

2087 3241 2345 3308 συζυγίας
2380 3239 2915 3309 συγκατεληλυθυῖαν
2947 3240 3091 3310 ἔχειν
3123 3239 3221 3313 τὴν
3250 3243 3429 3313 χάριν·
3463 3244 3564 3296 καὶ
3595 3244 3690 3296 διὰ

2083 3333 2243 3386 τοῦτο
2275 3331 2747 3403 προστεθήσεσθαι
2772 3333 2972 3396 αὐτοῖς.

394 3449 508 3488 rem
545 3431 810 3487 accidisse
855 3431 1285 3498 possessionem,
1319 3447 1439 3499 qua:
1505 3429 1572 3485 de
1629 3432 1837 3486 cmlesti
1877 3432 2153 3499 conjugio,
2190 3428 2334 3500 quod
2369 3443 2544 3497 neque
2609 3429 2792 3482 verbis
2848 3427 3111 3497 exprimi,
3178 3445 3354 3497 neque
3398 3431 3682 3484 nominari

392 3536 592 3599 potest,
626 3542 734 3580 una
765 3527 816 3579 in
848 3525 1294 3589 sedcscenderil;
1328 3527 1447 3580 ideo
1483 3543 1677 3581 novam
1711 3529 1874 3580 etiam
1909 3529 1973 3580 ad
2015 3543 2129 3581 eam
2177 3541 2339 3594 quam
2369 3524 2574 3577 habent
2602 3523 2977 3577 accessionem
3016 3521 3276 3577 futuram.

464 3621 735 3674 Interesse
769 3620 932 3689 igitur
963 3635 1060 3672 sua
1090 3619 1405 3687 plurimmn,
1440 3630 1500 3672 ut
1529 3635 1855 3689 quacunque
1899 3636 1980 3672 ra-

393 3710 542 3764 tione
579 3720 810 3780 possunt
844 3709 1084 3778 coniugii
1117 3711 1436 3780 mysterium
1481 3711 1614 3765 illud
1652 3720 1974 3772 exerceant,

394 3804 558 3872 idque
588 3802 764 3872 ipsum
792 3801 1006 3856 stolidis
1030 3802 1348 3856 hominibus
1382 3803 1466 3856 his
1502 3802 1613 3857 fere
1644 3804 1827 3857 verbis
1858 3819 1979 3873 per-

394 3895 643 3951 suadent.
675 3893 998 3963 Quicunque
1032 3909 1156 3947 cum
1193 3893 1244 3947 in
1291 3893 1495 3948 mundo
1518 3904 1664 3949 esset
1695 3895 1974 3948 mulierem

395 4005 504 4045 non
537 3988 821 4051 amaverit,
856 3995 916 4042 ut
955 4003 1070 4041 eam
1104 3987 1170 4041 ad
1203 4003 1442 4042 amorem
1477 4003 1636 4043 Slltlm
1669 3989 1974 4058 pelliceret,

395 4095 429 4136 a
458 4082 687 4134 veritate
725 4081 937 4135 alienus
975 4088 1080 4143 est,
1116 4096 1217 4134 nec
1258 4081 1324 4134 ad
1374 4097 1493 4135 eam
1538 4083 1839 4151 perveniet.
1874 4079 1978 4134 Sed

393 4174 646 4244 quisquis
679 4181 835 4226 ortus
874 4188 904 4225 e
958 4173 1166 4225 mundo
1210 4173 1464 4227 muliebri
1510 4187 1616 4227 non
1668 4182 1752 4229 est
1795 4188 1981 4227 amore

396 4271 712 4333 correptus,
752 4280 817 4317 ne
860 4263 974 4331 ipse
1004 4263 1225 4332 quidem
1269 4265 1336 4316 ad
1371 4266 1652 4317 veritatem
1682 4265 1979 4333 perveniet,

394 4357 541 4429 quod
573 4372 681 4410 non
708 4356 954 4410 mulieris
977 4355 1281 4424 cupiditate
1314 4354 1644 4424 ﬂagraverit.
1669 4355 1778 4412 Nos
1799 4358 1981 4426 itaque

2155 3621 2244 3672 Διὸ
2281 3619 2375 3672 καὶ
2407 3619 2470 3670 ἐκ
2503 3617 2702 3680 παντὸς
2743 3617 2945 3690 τρόπου
2993 3617 3101 3670 δεῖν
3141 3618 3338 3679 αὐτοὺς
3365 3617 3448 3670 ἀεὶ
3484 3617 3550 3670 τὸ
3581 3619 3681 3686 τῆς

2086 3711 2346 3780 συζυγίας
2372 3710 2602 3781 μελετᾷν
2631 3711 2945 3780 μυστήριον·
2977 3711 3071 3761 καὶ
3096 3708 3253 3761 τοῦτο
3281 3709 3524 3760 πείθουσι
3549 3712 3680 3770 τοὺς

2084 3805 2342 3874 ἀνοήτους
2377 3803 2568 3865 αὑταῖς
2612 3799 2789 3864 λέξεσι
2840 3800 3089 3869 λέγοντες
3135 3800 3326 3862 οὕτως·
3376 3804 3474 3862 Ὃς
3516 3801 3586 3852 ἂν
3621 3802 3677 3850 ἓν

2085 3896 2273 3966 κόσμῳ
2305 3894 2597 3964 γενόμενος
2631 3896 2864 3963 γυναῖκα
2894 3894 2991 3945 οὐκ
3026 3893 3298 3963 ἐφίλησεν,
3327 3893 3467 3945 ὥστε
3500 3893 3676 3962 αὐτὴν

2085 3986 2442 4059 κρατηθῆναι,
2479 3986 2578 4039 οὐκ
2618 3985 2764 4038 ἔστιν
2805 3985 2861 4051 ἐξ
2894 3985 3173 4054 ἀληθείας,
3211 3987 3303 4039 καὶ
3338 3988 3398 4038 οὐ
3430 3989 3672 4056 χωρήσει

2082 4081 2160 4141 εἰς
2187 4077 2464 4148 ἀλήθειαν.
2510 4077 2568 4128 '0
2601 4077 2658 4129 δὲ
2686 4077 2793 4129 ἀπὸ
2823 4077 3029 4146 κόσμου
3050 4078 3339 4147 γενόμενος
3363 4079 3404 4138 ³,
3437 4076 3508 4148 μὴ
3543 4095 3672 4147 κρα-

2080 4172 2266 4243 τηθεὶς
2296 4171 2536 4240 γυναικὶ,
2571 4170 2630 4222 οὐ
2661 4173 2902 4241 χωρήσει
2946 4171 3025 4232 είς
3055 4169 3332 4240 ἀλήθειαν,
3378 4171 3464 4223 διὰ
3499 4171 3561 4222 τὸ
3595 4176 3667 4239 μὴ

2083 4266 2140 4318 ὲν
2187 4263 2452 4332 ἐπιθυμίᾳ
2500 4262 2844 4333 κρατηθῆναι
2893 4265 3169 4332 γυναικός.
3220 4265 3317 4316 Διά
3367 4264 3520 4317 τοῦτο
3576 4263 3669 4320 οὖν

2085 4357 2234 4427 ἡμᾶς
2275 4356 2472 4418 καλοὺς
2516 4355 2784 4425 ψυχικοὺς
2807 4356 2827 4386 ’δ
2859 4357 3204 4425 ὀνομάζουσι,
3246 4357 3336 4408 καὶ
3365 4358 3427 4408 ἐκ
3461 4358 3665 4429 κόσμου

395 4465 535 4522 quos
564 4447 830 4502 animales
875 4445 1160 4500 nominant
1187 4488 1201 4510 ,
1243 4460 1477 4514 esseque
1519 4449 1586 4499 de
1622 4448 1828 4500 mundo
1871 4461 1974 4502 sta-

2086 4445 2224 4502 εἷναι
2269 4448 2504 4517 λέγουσι,
2541 4449 2635 4502 καὶ
2685 4449 2990 4517 ἀναγκαίαν
3037 4451 3169 4518 ἡμῖν
3213 4449 3308 4519 τὴν
3341 4452 3666 4521 ἐγκράτειαν

395 4547 591 4600 tuunt,
628 4533 1027 4605 temperantia.
1082 4541 1136 4587 et
1190 4533 1434 4589 honestis
1488 4535 1795 4589 actionibus
1841 4537 1981 4590 iadi-

395 4647 561 4702 gere,
607 4629 810 4699 quibus
856 4626 1185 4681 mediocrem
1221 4627 1286 4680 ad
1338 4629 1613 4695 regionem
1651 4627 1977 4697 efferamur,

396 4739 521 4776 cum
554 4722 791 4790 ipsimet,
825 4727 1014 4788 utpote
1043 4718 1318 4786 spiritales
1354 4735 1415 4773 ac
1443 4717 1688 4786 perfecti,
1724 4719 1857 4773 nihil
1891 4721 1980 4775 ho-

397 4832 515 4869 rum
572 4811 873 4882 requirant.
938 4809 1056 4865 Non
1109 4811 1254 4863 enim
1308 4812 1574 4865 actionem
1622 4811 1690 4864 ad
1736 4813 1976 4880 pleroma

397 4906 721 4978 provehere,
757 4905 849 4959 sed
879 4920 1066 4959 semen
1100 4904 1275 4974 ipsum
1305 4943 1320 4963 .
1357 4906 1498 4974 quod
1537 4905 1686 4958 illine
1727 4916 1973 4960 tenerum

396 5015 459 5053 ac
489 4999 632 5052 velut
672 4998 854 5053 infans
887 5000 1211 5068 demissum,
1242 5000 1327 5053 hic
1349 4999 1492 5069 apud
1526 5015 1625 5054 nos
1661 5001 1974 5055 absolutum

398 5089 666 5145 redditur.
713 5091 888 5160 Atque
917 5091 1008 5145 ubi
1042 5108 1226 5146 semen
1269 5106 1429 5145 mune
1461 5091 1761 5160 perfectum
1789 5092 1972 5159 fuerit,

397 5187 510 5231 tum
545 5179 787 5248 ipsormu
827 5179 1051 5234 Matrem
1083 5182 1388 5236 Achamoth
1422 5199 1485 5236 ex
1518 5184 1692 5237 media
1726 5184 1815 5236 illa
1847 5184 1974 5238 sede

399 5271 718 5332 transferri,
766 5280 819 5324 et
859 5271 1000 5323 intra
1042 5272 1280 5340 pleroma
1326 5274 1493 5342 recipi
1546 5283 1842 5344 oportere:
1876 5291 1977 5329 nee

399 5379 505 5417 non
525 5372 577 5418 et
595 5379 858 5434 sponsum
877 5379 1036 5418 suum
1060 5380 1411 5435 recuperare,
1437 5367 1773 5424 Salvatoreni
1803 5371 1974 5431 illum,

396 5459 524 5530 quia
552 5458 619 5511 ab
646 5457 918 5512 universis
946 5457 998 5510 in
1029 5458 1202 5512 lucem
1227 5467 1312 5513 est
1335 5461 1545 5516 editus:
1568 5470 1625 5515 ut
1655 5461 1973 5529 Salvatoris,

394 5563 449 5608 et
485 5550 780 5620 Sapientiw
813 5550 1120 5604 Achainoth
1159 5551 1476 5622 conjugium
1511 5554 1849 5610 instituatur.
1884 5555 1973 5610 ld-

470 5709 487 5742 ¹
509 5706 669 5764 Rom.
697 5725 734 5777 I,
758 5707 847 5765 52.
925 5711 945 5742 ¹
977 5706 1114 5764 lren.
1151 5708 1484 5783 ἀδιαφόρως.

1563 5712 1584 5744 ³
1621 5731 1706 5782 γρ.
1746 5713 1855 5767 ἀπὸ
1882 5713 2088 5784 κόσμου
2116 5713 2215 5769 ὢν.

2084 4543 2178 4594 καὶ
2205 4541 2410 4612 ἀγαθὴν
2436 4541 2654 4612 πρᾶξιν,
2692 4542 2777 4594 ἵνα
2805 4543 2872 4594 δι’
2896 4543 3066 4612 αὐτῆς
3093 4541 3330 4612 ἔλθωμεν
3353 4545 3430 4606 εἰς
3456 4544 3546 4596 τὸν
3563 4546 3662 4614 τῆς

2086 4635 2382 4707 μεσότητος
2426 4637 2610 4701 τόπον,
2653 4637 2835 4700 αὐτοῖς
2865 4637 2919 4689 δὲ
2953 4639 3342 4705 πνευματικοῖς
3369 4654 3426 4689 τε
3461 4639 3553 4690 καὶ
3576 4656 3662 4691 τε-

2081 4728 2246 4789 λείοις
2277 4727 2632 4798 καλουμένοις
2653 4729 2934 4801 μηδαμῶς.
2960 4729 3032 4781 Οὐ
3066 4728 3173 4800 γὰρ
3202 4727 3398 4800 πρᾶξις
3424 4732 3504 4792 είς
3533 4731 3662 4801 πλή-

2083 4837 2241 4890 ρωμα
2295 4819 2525 4887 εἰσάγει,
2577 4820 2713 4874 ἀλλὰ
2761 4822 2820 4874 τὸ
2869 4820 3091 4892 σπέρμα
3136 4822 3195 4873 τὸ
3237 4821 3442 4874 ἐκεῖθεν
3472 4824 3659 4893 νήπιον

2079 4911 2527 4980 ἐκπεμπόμενον,
2574 4912 2758 4966 ἐνθάδε
2803 4911 3200 4983 τελειούμενον.
3249 4913 3418 4967 Ὅταν
3461 4914 3517 4967 δὲ
3557 4918 3654 4968 πᾶν

2078 5002 2139 5054 τὸ
2175 5003 2396 5073 σπέρμα
2423 5005 2707 5076 τελειωθῇ,
2751 5005 2847 5076 τὴν
2893 5006 2990 5075 μὲν
3036 5005 3289 5075 Ἀχαμὼθ
3314 5005 3410 5076 τὴν
3436 5008 3653 5077 Μητέρα

2078 5092 2257 5144 αὐτῶν
2291 5094 2590 5164 μεταϐῆναι
2624 5093 2718 5146 τοῦ
2762 5094 2859 5164 τῆς
2898 5098 3193 5167 μεσότητος
3231 5101 3395 5150 τόπου
3426 5097 3648 5166 λέγουσι,

2084 5188 2178 5239 καὶ
2209 5187 2361 5250 ἐντὸς
2398 5187 2759 5258 πληρώματος
2792 5188 3074 5254 εἰσελθεῖν,
3112 5191 3204 5242 καὶ
3242 5191 3534 5244 ἀπολαϐεῖν
3571 5193 3649 5244 τὸν

2076 5279 2310 5349 νυμφίον
2338 5279 2508 5348 αὐτῆς
2531 5279 2619 5330 τὸν
2645 5280 2896 5350 Σωτῆρα,
2928 5281 3018 5332 τὸν
3039 5283 3100 5334 ὲκ
3126 5283 3343 5334 πάντων
3380 5284 3644 5349 γεγονότα·

2077 5370 2164 5422 ἴνα
2197 5370 2426 5436 συζυγία
2455 5371 2672 5440 γένηται
2691 5371 2781 5424 τοῦ
2807 5373 3060 5444 Σωτῆρος
3089 5375 3179 5426 καῖ⁸
3212 5374 3310 5443 τῆς
3333 5374 3532 5443 Σοφίας
3563 5375 3648 5445 τῆς

2090 5464 2366 5536 Ἀχαμώθ.
2394 5466 2502 5520 Καὶ
2524 5466 2680 5519 τοῦτο
2709 5465 2849 5522 εἶναι
2882 5469 3115 5539 νυμφίον
3137 5469 3231 5521 καὶ
3258 5467 3496 5540 νύμφην,
3527 5487 3647 5541 νυμ-

2080 5557 2235 5626 φῶνα
2267 5559 2412 5612 δὲτὸ
2462 5560 2569 5612 πᾶν
2618 5559 2913 5632 πλήρωμα.
2950 5563 3087 5625 Τοὺς
3132 5561 3187 5615 δὲ
3236 5562 3642 5633 πνευματικοίις,

2297 5715 2314 5746 ⁸
2339 5717 2474 5770 lrcn.
2514 5719 2644 5786 ἡμῖν
2680 5716 2772 5782 οὓς
2799 5717 2908 5788 ψυχ
