  <div class='ocr_page' id='page_1' title='image "/cluster/home/n/w/nwhite01/storage/ocr_20150623/41/hvd.32044011753001/286.png"; bbox 0 0 3814 6290; ppageno 0'>
   <div class='ocr_carea' id='block_1_1' title="bbox 39 239 145 294">
    <p class='ocr_par' dir='ltr' id='par_1_1' title="bbox 39 239 145 294">
     <span class='ocr_line' id='line_1_1' title="bbox 39 239 145 294; baseline -0.038 -1"><span class='ocrx_word' id='word_1_1' title='bbox 39 239 145 294; x_wconf 67' lang='grc'><strong>517</strong></span> 
     </span>
    </p>
   </div>
   <div class='ocr_carea' id='block_1_2' title="bbox 807 231 2757 292">
    <p class='ocr_par' dir='ltr' id='par_1_2' title="bbox 807 231 2757 292">
     <span class='ocr_line' id='line_1_2' title="bbox 807 231 2757 292; baseline 0 -5"><span class='ocrx_word' id='word_1_2' title='bbox 807 231 1181 288; x_wconf 80' lang='lat' dir='ltr'><strong>ADVERSUS</strong></span> <span class='ocrx_word' id='word_1_3' title='bbox 1220 231 1558 289; x_wconf 76' lang='lat' dir='ltr'><strong>II/ERESES</strong></span> <span class='ocrx_word' id='word_1_4' title='bbox 1595 235 1721 292; x_wconf 83' lang='lat' dir='ltr'><strong>LIB.</strong></span> <span class='ocrx_word' id='word_1_5' title='bbox 1761 237 1800 291; x_wconf 95' lang='lat' dir='ltr'>I.</span> <span class='ocrx_word' id='word_1_6' title='bbox 1845 234 2008 289; x_wconf 84' lang='lat' dir='ltr'><strong>TOM.</strong></span> <span class='ocrx_word' id='word_1_7' title='bbox 2050 233 2113 286; x_wconf 89' lang='lat' dir='ltr'><strong>ll.</strong></span> <span class='ocrx_word' id='word_1_8' title='bbox 2152 264 2222 271; x_wconf 91' lang='lat'>—</span> <span class='ocrx_word' id='word_1_9' title='bbox 2263 231 2534 286; x_wconf 65' lang='lat' dir='ltr'><strong>IIAERES.</strong></span> <span class='ocrx_word' id='word_1_10' title='bbox 2570 231 2757 288; x_wconf 72' lang='lat' dir='ltr'><strong>XXXI.</strong></span> 
     </span>
    </p>
   </div>
   <div class='ocr_carea' id='block_1_3' title="bbox 3245 236 3349 290">
    <p class='ocr_par' dir='ltr' id='par_1_3' title="bbox 3245 236 3349 290">
     <span class='ocr_line' id='line_1_3' title="bbox 3245 236 3349 290; baseline 0.019 -3"><span class='ocrx_word' id='word_1_11' title='bbox 3245 236 3349 290; x_wconf 73' lang='lat' dir='ltr'><strong>5l8</strong></span> 
     </span>
    </p>
   </div>
   <div class='ocr_carea' id='block_1_4' title="bbox 42 349 1635 423">
    <p class='ocr_par' dir='ltr' id='par_1_4' title="bbox 42 350 1635 423">
     <span class='ocr_line' id='line_1_4' title="bbox 42 350 1635 423; baseline -0.002 -16"><span class='ocrx_word' id='word_1_12' title='bbox 42 352 520 422; x_wconf 69' lang='grc' dir='ltr'>ἀποδυσαμένους</span> <span class='ocrx_word' id='word_1_13' title='bbox 560 350 662 414; x_wconf 72' lang='grc' dir='ltr'>τὰς</span> <span class='ocrx_word' id='word_1_14' title='bbox 679 351 885 422; x_wconf 34' lang='grc' dir='ltr'>κψυχὰς</span> <span class='ocrx_word' id='word_1_15' title='bbox 928 352 1021 403; x_wconf 72' lang='grc' dir='ltr'><strong>καὶ</strong></span> <span class='ocrx_word' id='word_1_16' title='bbox 1063 353 1351 420; x_wconf 79' lang='grc' dir='ltr'>πνεύματα</span> <span class='ocrx_word' id='word_1_17' title='bbox 1385 352 1545 423; x_wconf 75' lang='grc' dir='ltr'>νοερὸι</span> <span class='ocrx_word' id='word_1_18' title='bbox 1576 369 1635 420; x_wconf 88' lang='grc' dir='ltr'><strong>γε</strong></span> 
     </span>
    </p>
   </div>
   <div class='ocr_carea' id='block_1_5' title="bbox 1755 349 3346 423">
    <p class='ocr_par' dir='ltr' id='par_1_5' title="bbox 1770 349 3346 421">
     <span class='ocr_line' id='line_1_5' title="bbox 1770 349 3346 421; baseline -0.003 -16"><span class='ocrx_word' id='word_1_19' title='bbox 1770 369 1874 421; x_wconf 91' lang='lat' dir='ltr'><strong>que</strong></span> <span class='ocrx_word' id='word_1_20' title='bbox 1923 352 2059 405; x_wconf 88' lang='lat' dir='ltr'><strong>adeo</strong></span> <span class='ocrx_word' id='word_1_21' title='bbox 2108 350 2282 406; x_wconf 77' lang='lat' dir='ltr'><strong>sacris</strong></span> <span class='ocrx_word' id='word_1_22' title='bbox 2318 351 2372 403; x_wconf 91' lang='lat' dir='ltr'><strong>in</strong></span> <span class='ocrx_word' id='word_1_23' title='bbox 2419 349 2642 403; x_wconf 72' lang='lat' dir='ltr'><strong>Litteris</strong></span> <span class='ocrx_word' id='word_1_24' title='bbox 2688 364 2952 417; x_wconf 80' lang='lat' dir='ltr'><strong>sponsum</strong></span> <span class='ocrx_word' id='word_1_25' title='bbox 2988 363 3050 402; x_wconf 87' lang='lat' dir='ltr'><strong>ac</strong></span> <span class='ocrx_word' id='word_1_26' title='bbox 3091 364 3346 418; x_wconf 88' lang='lat' dir='ltr'><strong>sponsam</strong></span> 
     </span>
    </p>
   </div>
   <div class='ocr_carea' id='block_1_6' title="bbox 40 439 1659 513">
    <p class='ocr_par' dir='ltr' id='par_1_6' title="bbox 40 439 1659 513">
     <span class='ocr_line' id='line_1_6' title="bbox 40 439 1659 513; baseline 0.001 -20"><span class='ocrx_word' id='word_1_27' title='bbox 40 444 343 512; x_wconf 81' lang='grc' dir='ltr'>νομένους,</span> <span class='ocrx_word' id='word_1_28' title='bbox 392 441 717 513; x_wconf 77' lang='grc' dir='ltr'>ἀκρατήτως</span> <span class='ocrx_word' id='word_1_29' title='bbox 753 441 846 493; x_wconf 77' lang='grc' dir='ltr'>καὶ</span> <span class='ocrx_word' id='word_1_30' title='bbox 885 441 1132 511; x_wconf 71' lang='grc' dir='ltr'>ἀοράτως</span> <span class='ocrx_word' id='word_1_31' title='bbox 1180 439 1328 503; x_wconf 75' lang='grc' dir='ltr'>ἐντὸς</span> <span class='ocrx_word' id='word_1_32' title='bbox 1360 440 1659 511; x_wconf 82' lang='grc' dir='ltr'>πληρώμα-</span> 
     </span>
    </p>
   </div>
   <div class='ocr_carea' id='block_1_7' title="bbox 40 529 1658 604">
    <p class='ocr_par' dir='ltr' id='par_1_7' title="bbox 40 529 1658 604">
     <span class='ocr_line' id='line_1_7' title="bbox 40 529 1658 604; baseline 0 -18"><span class='ocrx_word' id='word_1_33' title='bbox 40 551 124 596; x_wconf 78' lang='grc' dir='ltr'><strong>τος</strong></span> <span class='ocrx_word' id='word_1_34' title='bbox 152 533 549 596; x_wconf 73' lang='grc' dir='ltr'><strong>εἰσελθόντας,</strong></span> <span class='ocrx_word' id='word_1_35' title='bbox 578 533 796 602; x_wconf 86' lang='grc' dir='ltr'>νύμφας</span> <span class='ocrx_word' id='word_1_36' title='bbox 818 529 1255 602; x_wconf 73' lang='grc' dir='ltr'>ἀποδοθήσεσθαι</span> <span class='ocrx_word' id='word_1_37' title='bbox 1276 535 1388 594; x_wconf 85' lang='grc' dir='ltr'>τοῖς</span> <span class='ocrx_word' id='word_1_38' title='bbox 1420 534 1547 604; x_wconf 82' lang='grc' dir='ltr'><strong>περί</strong></span> <span class='ocrx_word' id='word_1_39' title='bbox 1569 533 1658 586; x_wconf 81' lang='grc' dir='ltr'><strong>τὸν</strong></span> 
     </span>
    </p>
   </div>
   <div class='ocr_carea' id='block_1_8' title="bbox 41 624 1660 696">
    <p class='ocr_par' dir='ltr' id='par_1_8' title="bbox 41 624 1660 696">
     <span class='ocr_line' id='line_1_8' title="bbox 41 624 1660 696; baseline 0.001 -18"><span class='ocrx_word' id='word_1_40' title='bbox 41 626 282 696; x_wconf 78' lang='grc' dir='ltr'>Σωτῆρα</span> <span class='ocrx_word' id='word_1_41' title='bbox 318 625 603 694; x_wconf 84' lang='grc' dir='ltr'>ἀγγέλοις.</span> <span class='ocrx_word' id='word_1_42' title='bbox 640 625 742 678; x_wconf 79' lang='grc' dir='ltr'>Τὸν</span> <span class='ocrx_word' id='word_1_43' title='bbox 771 625 827 678; x_wconf 82' lang='grc' dir='ltr'><strong>δὲ</strong></span> <span class='ocrx_word' id='word_1_44' title='bbox 863 624 1204 695; x_wconf 75' lang='grc' dir='ltr'>Δημιουργὸν</span> <span class='ocrx_word' id='word_1_45' title='bbox 1237 625 1534 694; x_wconf 77' lang='grc' dir='ltr'>μεταϐῆναι</span> <span class='ocrx_word' id='word_1_46' title='bbox 1568 628 1660 680; x_wconf 79' lang='grc' dir='ltr'><strong>καὶ</strong></span> 
     </span>
    </p>
   </div>
   <div class='ocr_carea' id='block_1_9' title="bbox 41 715 1660 788">
    <p class='ocr_par' dir='ltr' id='par_1_9' title="bbox 41 715 1660 788">
     <span class='ocr_line' id='line_1_9' title="bbox 41 715 1660 788; baseline 0.001 -20"><span class='ocrx_word' id='word_1_47' title='bbox 41 717 202 769; x_wconf 64' lang='grc' dir='ltr'>σύτο-δ</span> <span class='ocrx_word' id='word_1_48' title='bbox 252 719 349 779; x_wconf 80' lang='grc' dir='ltr'><strong>εἰς</strong></span> <span class='ocrx_word' id='word_1_49' title='bbox 383 717 478 769; x_wconf 76' lang='grc' dir='ltr'><strong>τὸν</strong></span> <span class='ocrx_word' id='word_1_50' title='bbox 518 719 617 787; x_wconf 76' lang='grc' dir='ltr'>τῆς</span> <span class='ocrx_word' id='word_1_51' title='bbox 657 717 880 788; x_wconf 75' lang='grc' dir='ltr'>Μητρὸς</span> <span class='ocrx_word' id='word_1_52' title='bbox 923 716 1123 784; x_wconf 85' lang='grc' dir='ltr'>Σοφίας</span> <span class='ocrx_word' id='word_1_53' title='bbox 1163 715 1347 781; x_wconf 85' lang='grc' dir='ltr'><strong>τόπον,</strong></span> <span class='ocrx_word' id='word_1_54' title='bbox 1385 717 1660 770; x_wconf 79' lang='grc' dir='ltr'>τουτέστιν</span> 
     </span>
    </p>
   </div>
   <div class='ocr_carea' id='block_1_10' title="bbox 41 808 1659 879">
    <p class='ocr_par' dir='ltr' id='par_1_10' title="bbox 41 808 1659 879">
     <span class='ocr_line' id='line_1_10' title="bbox 41 808 1659 879; baseline 0.002 -22"><span class='ocrx_word' id='word_1_55' title='bbox 41 812 90 858; x_wconf 77' lang='grc' dir='ltr'>ἐν</span> <span class='ocrx_word' id='word_1_56' title='bbox 120 811 188 877; x_wconf 78' lang='grc' dir='ltr'>τῇ</span> <span class='ocrx_word' id='word_1_57' title='bbox 228 809 533 878; x_wconf 78' lang='grc' dir='ltr'>μεσότητι.</span> <span class='ocrx_word' id='word_1_58' title='bbox 582 808 693 872; x_wconf 80' lang='grc' dir='ltr'><strong>Τάς</strong></span> <span class='ocrx_word' id='word_1_59' title='bbox 728 827 786 861; x_wconf 86' lang='grc' dir='ltr'><strong>τε</strong></span> <span class='ocrx_word' id='word_1_60' title='bbox 812 808 918 861; x_wconf 86' lang='grc' dir='ltr'><strong>τῶν</strong></span> <span class='ocrx_word' id='word_1_61' title='bbox 948 809 1172 862; x_wconf 81' lang='grc' dir='ltr'>δικαίων</span> <span class='ocrx_word' id='word_1_62' title='bbox 1201 809 1380 879; x_wconf 70' lang='grc' dir='ltr'>ψυχὰς</span> <span class='ocrx_word' id='word_1_63' title='bbox 1410 809 1659 861; x_wconf 82' lang='grc' dir='ltr'>ἀναπαύ-</span> 
     </span>
    </p>
   </div>
   <div class='ocr_carea' id='block_1_11' title="bbox 41 899 1664 972">
    <p class='ocr_par' dir='ltr' id='par_1_11' title="bbox 41 899 1664 972">
     <span class='ocr_line' id='line_1_11' title="bbox 41 899 1664 972; baseline 0.002 -23"><span class='ocrx_word' id='word_1_64' title='bbox 41 899 234 951; x_wconf 69' lang='grc' dir='ltr'>σεσθαι</span> <span class='ocrx_word' id='word_1_65' title='bbox 276 902 384 952; x_wconf 75' lang='grc' dir='ltr'><strong>καὶ</strong></span> <span class='ocrx_word' id='word_1_66' title='bbox 416 899 591 963; x_wconf 75' lang='grc' dir='ltr'>αὑτὰς</span> <span class='ocrx_word' id='word_1_67' title='bbox 632 902 690 952; x_wconf 85' lang='grc' dir='ltr'><strong>ὲν</strong></span> <span class='ocrx_word' id='word_1_68' title='bbox 724 899 801 970; x_wconf 83' lang='grc' dir='ltr'><strong>τῷ</strong></span> <span class='ocrx_word' id='word_1_69' title='bbox 831 900 932 969; x_wconf 82' lang='grc' dir='ltr'>τῆς</span> <span class='ocrx_word' id='word_1_70' title='bbox 964 900 1260 972; x_wconf 72' lang='grc' dir='ltr'><strong>μεσότητος</strong></span> <span class='ocrx_word' id='word_1_71' title='bbox 1292 902 1460 971; x_wconf 78' lang='grc' dir='ltr'><strong>τόπῳ⁸</strong></span> <span class='ocrx_word' id='word_1_72' title='bbox 1498 899 1664 971; x_wconf 80' lang='grc' dir='ltr'>μηδὲν</span> 
     </span>
    </p>
   </div>
   <div class='ocr_carea' id='block_1_12' title="bbox 41 991 1242 1064">
    <p class='ocr_par' dir='ltr' id='par_1_12' title="bbox 41 991 1242 1064">
     <span class='ocr_line' id='line_1_12' title="bbox 41 991 1242 1064; baseline 0.002 -23"><span class='ocrx_word' id='word_1_73' title='bbox 41 992 141 1060; x_wconf 68' lang='grc' dir='ltr'><strong>γὰρ</strong></span> <span class='ocrx_word' id='word_1_74' title='bbox 165 991 426 1061; x_wconf 69' lang='grc' dir='ltr'>ψυχικὸν</span> <span class='ocrx_word' id='word_1_75' title='bbox 450 992 600 1055; x_wconf 75' lang='grc' dir='ltr'>ἐντὸς</span> <span class='ocrx_word' id='word_1_76' title='bbox 630 991 997 1063; x_wconf 78' lang='grc' dir='ltr'>πληρώματος</span> <span class='ocrx_word' id='word_1_77' title='bbox 1027 995 1242 1064; x_wconf 84' lang='grc' dir='ltr'>χωρεῖν.</span> 
     </span>
    </p>
   </div>
   <div class='ocr_carea' id='block_1_13' title="bbox 1761 439 3349 512">
    <p class='ocr_par' dir='ltr' id='par_1_13' title="bbox 1761 439 3349 512">
     <span class='ocr_line' id='line_1_13' title="bbox 1761 439 3349 512; baseline -0.003 -16"><span class='ocrx_word' id='word_1_78' title='bbox 1761 441 2071 512; x_wconf 82' lang='lat' dir='ltr'><strong>signiﬁcare</strong></span> <span class='ocrx_word' id='word_1_79' title='bbox 2097 485 2111 506; x_wconf 93' lang='lat'><strong>,</strong></span> <span class='ocrx_word' id='word_1_80' title='bbox 2142 440 2553 508; x_wconf 78' lang='lat' dir='ltr'><strong>thalamumque</strong></span> <span class='ocrx_word' id='word_1_81' title='bbox 2603 439 2840 508; x_wconf 85' lang='lat' dir='ltr'><strong>pleroma</strong></span> <span class='ocrx_word' id='word_1_82' title='bbox 2889 441 3064 508; x_wconf 89' lang='lat' dir='ltr'><strong>ipsum</strong></span> <span class='ocrx_word' id='word_1_83' title='bbox 3105 455 3249 494; x_wconf 86' lang='lat' dir='ltr'><strong>esse.</strong></span> <span class='ocrx_word' id='word_1_84' title='bbox 3280 441 3349 492; x_wconf 81' lang='lat' dir='ltr'><strong>At</strong></span> 
     </span>
    </p>
   </div>
   <div class='ocr_carea' id='block_1_14' title="bbox 1763 530 3348 604">
    <p class='ocr_par' dir='ltr' id='par_1_14' title="bbox 1763 530 3348 604">
     <span class='ocr_line' id='line_1_14' title="bbox 1763 530 3348 604; baseline -0.004 -13"><span class='ocrx_word' id='word_1_85' title='bbox 1763 535 2042 604; x_wconf 79' lang='lat' dir='ltr'><strong>spiritales</strong></span> <span class='ocrx_word' id='word_1_86' title='bbox 2077 533 2326 588; x_wconf 88' lang='lat' dir='ltr'><strong>homines</strong></span> <span class='ocrx_word' id='word_1_87' title='bbox 2353 571 2366 594; x_wconf 91' lang='lat'><strong>,</strong></span> <span class='ocrx_word' id='word_1_88' title='bbox 2420 542 2704 602; x_wconf 75' lang='lat' dir='ltr'><strong>postquam</strong></span> <span class='ocrx_word' id='word_1_89' title='bbox 2739 533 2950 587; x_wconf 87' lang='lat' dir='ltr'><strong>animas</strong></span> <span class='ocrx_word' id='word_1_90' title='bbox 2979 530 3262 595; x_wconf 77' lang='lat' dir='ltr'><strong>exuerint,</strong></span> <span class='ocrx_word' id='word_1_91' title='bbox 3293 541 3348 584; x_wconf 85' lang='lat' dir='ltr'><strong>et</strong></span> 
     </span>
    </p>
   </div>
   <div class='ocr_carea' id='block_1_15' title="bbox 1764 623 3346 694">
    <p class='ocr_par' dir='ltr' id='par_1_15' title="bbox 1764 623 3346 694">
     <span class='ocr_line' id='line_1_15' title="bbox 1764 623 3346 694; baseline -0.004 -15"><span class='ocrx_word' id='word_1_92' title='bbox 1764 625 1831 679; x_wconf 86' lang='lat' dir='ltr'><strong>ad</strong></span> <span class='ocrx_word' id='word_1_93' title='bbox 1876 625 2168 694; x_wconf 86' lang='lat' dir='ltr'><strong>spirituum</strong></span> <span class='ocrx_word' id='word_1_94' title='bbox 2198 663 2212 686; x_wconf 91' lang='lat'><strong>,</strong></span> <span class='ocrx_word' id='word_1_95' title='bbox 2250 640 2622 692; x_wconf 88' lang='lat' dir='ltr'><strong>purarunique</strong></span> <span class='ocrx_word' id='word_1_96' title='bbox 2666 625 2928 678; x_wconf 82' lang='lat' dir='ltr'><strong>mentiuui</strong></span> <span class='ocrx_word' id='word_1_97' title='bbox 2976 623 3346 677; x_wconf 75' lang='lat' dir='ltr'><strong>conditionem</strong></span> 
     </span>
    </p>
   </div>
   <div class='ocr_carea' id='block_1_16' title="bbox 1764 715 3348 785">
    <p class='ocr_par' dir='ltr' id='par_1_16' title="bbox 1764 715 3348 785">
     <span class='ocr_line' id='line_1_16' title="bbox 1764 715 3348 785; baseline -0.003 -14"><span class='ocrx_word' id='word_1_98' title='bbox 1764 717 2067 783; x_wconf 80' lang='lat' dir='ltr'><strong>evaserint,</strong></span> <span class='ocrx_word' id='word_1_99' title='bbox 2104 730 2167 768; x_wconf 85' lang='lat' dir='ltr'><strong>ac</strong></span> <span class='ocrx_word' id='word_1_100' title='bbox 2204 716 2354 769; x_wconf 90' lang='lat' dir='ltr'><strong>nullo</strong></span> <span class='ocrx_word' id='word_1_101' title='bbox 2404 715 2717 777; x_wconf 87' lang='lat' dir='ltr'><strong>detinente,</strong></span> <span class='ocrx_word' id='word_1_102' title='bbox 2754 733 2856 771; x_wconf 86' lang='lat' dir='ltr'><strong>nec</strong></span> <span class='ocrx_word' id='word_1_103' title='bbox 2895 716 3253 785; x_wconf 88' lang='lat' dir='ltr'><strong>aspectabiles</strong></span> <span class='ocrx_word' id='word_1_104' title='bbox 3293 715 3348 766; x_wconf 93' lang='lat' dir='ltr'><strong>in</strong></span> 
     </span>
    </p>
   </div>
   <div class='ocr_carea' id='block_1_17' title="bbox 1765 806 3348 878">
    <p class='ocr_par' dir='ltr' id='par_1_17' title="bbox 1765 806 3348 878">
     <span class='ocr_line' id='line_1_17' title="bbox 1765 806 3348 878; baseline 0.001 -21"><span class='ocrx_word' id='word_1_105' title='bbox 1765 809 2001 876; x_wconf 84' lang='lat' dir='ltr'><strong>pleroma</strong></span> <span class='ocrx_word' id='word_1_106' title='bbox 2035 807 2445 876; x_wconf 90' lang='lat' dir='ltr'><strong>penetraverint</strong></span> <span class='ocrx_word' id='word_1_107' title='bbox 2490 806 2793 863; x_wconf 87' lang='lat' dir='ltr'><strong>Salvatoris</strong></span> <span class='ocrx_word' id='word_1_108' title='bbox 2825 810 3115 863; x_wconf 89' lang='lat' dir='ltr'><strong>comitibus</strong></span> <span class='ocrx_word' id='word_1_109' title='bbox 3140 808 3348 878; x_wconf 80' lang='lat' dir='ltr'><strong>angelis</strong></span> 
     </span>
    </p>
   </div>
   <div class='ocr_carea' id='block_1_18' title="bbox 1766 898 3350 969">
    <p class='ocr_par' dir='ltr' id='par_1_18' title="bbox 1766 898 3350 969">
     <span class='ocr_line' id='line_1_18' title="bbox 1766 898 3350 969; baseline -0.002 -17"><span class='ocrx_word' id='word_1_110' title='bbox 1766 898 2044 952; x_wconf 83' lang='lat' dir='ltr'><strong>collocari.</strong></span> <span class='ocrx_word' id='word_1_111' title='bbox 2082 898 2236 962; x_wconf 95' lang='lat' dir='ltr'><strong>Quod</strong></span> <span class='ocrx_word' id='word_1_112' title='bbox 2284 898 2349 952; x_wconf 89' lang='lat' dir='ltr'><strong>ad</strong></span> <span class='ocrx_word' id='word_1_113' title='bbox 2391 898 2744 954; x_wconf 83' lang='lat' dir='ltr'><strong>Conditorem</strong></span> <span class='ocrx_word' id='word_1_114' title='bbox 2787 908 3024 969; x_wconf 87' lang='lat' dir='ltr'><strong>spectat,</strong></span> <span class='ocrx_word' id='word_1_115' title='bbox 3061 915 3182 954; x_wconf 90' lang='lat' dir='ltr'><strong>eum</strong></span> <span class='ocrx_word' id='word_1_116' title='bbox 3220 915 3350 967; x_wconf 84' lang='lat' dir='ltr'><strong>quo-</strong></span> 
     </span>
    </p>
   </div>
   <div class='ocr_carea' id='block_1_19' title="bbox 1767 985 3349 1058">
    <p class='ocr_par' dir='ltr' id='par_1_19' title="bbox 1767 985 3349 1058">
     <span class='ocr_line' id='line_1_19' title="bbox 1767 985 3349 1058; baseline -0.003 -17"><span class='ocrx_word' id='word_1_117' title='bbox 1767 1006 1872 1058; x_wconf 91' lang='lat' dir='ltr'><strong>que</strong></span> <span class='ocrx_word' id='word_1_118' title='bbox 1905 987 2197 1056; x_wconf 82' lang='lat' dir='ltr'><strong>Sapientiae</strong></span> <span class='ocrx_word' id='word_1_119' title='bbox 2240 985 2431 1040; x_wconf 85' lang='lat' dir='ltr'><strong>Matris</strong></span> <span class='ocrx_word' id='word_1_120' title='bbox 2470 988 2524 1040; x_wconf 94' lang='lat' dir='ltr'><strong>in</strong></span> <span class='ocrx_word' id='word_1_121' title='bbox 2562 988 2740 1041; x_wconf 84' lang='lat' dir='ltr'><strong>locum</strong></span> <span class='ocrx_word' id='word_1_122' title='bbox 2779 1003 3164 1042; x_wconf 80' lang='lat' dir='ltr'><strong>successurum</strong></span> <span class='ocrx_word' id='word_1_123' title='bbox 3190 1027 3203 1045; x_wconf 85' lang='lat'><strong>,</strong></span> <span class='ocrx_word' id='word_1_124' title='bbox 3240 1002 3349 1037; x_wconf 90' lang='lat' dir='ltr'><strong>ine-</strong></span> 
     </span>
    </p>
   </div>
   <div class='ocr_carea' id='block_1_20' title="bbox 38 1083 3350 1159">
    <p class='ocr_par' dir='ltr' id='par_1_20' title="bbox 38 1083 3350 1159">
     <span class='ocr_line' id='line_1_20' title="bbox 38 1083 3350 1159; baseline -0.002 -20"><span class='ocrx_word' id='word_1_125' title='bbox 38 1088 309 1156; x_wconf 70' lang='lat' dir='ltr'><strong>diamque</strong></span> <span class='ocrx_word' id='word_1_126' title='bbox 387 1090 664 1159; x_wconf 78' lang='lat' dir='ltr'><strong>regionem</strong></span> <span class='ocrx_word' id='word_1_127' title='bbox 734 1097 1129 1158; x_wconf 86' lang='lat' dir='ltr'><strong>occupaturum</strong></span> <span class='ocrx_word' id='word_1_128' title='bbox 1184 1089 1338 1158; x_wconf 80' lang='lat'><strong>191</strong></span> <span class='ocrx_word' id='word_1_129' title='bbox 1389 1089 1726 1143; x_wconf 81' lang='lat' dir='ltr'><strong>existimant.</strong></span> <span class='ocrx_word' id='word_1_130' title='bbox 1769 1084 2082 1153; x_wconf 82' lang='lat' dir='ltr'><strong>Eodemque</strong></span> <span class='ocrx_word' id='word_1_131' title='bbox 2127 1083 2247 1137; x_wconf 74' lang='lat' dir='ltr'><strong>loco</strong></span> <span class='ocrx_word' id='word_1_132' title='bbox 2298 1083 2578 1152; x_wconf 90' lang='lat' dir='ltr'><strong>justoriim</strong></span> <span class='ocrx_word' id='word_1_133' title='bbox 2626 1083 2838 1135; x_wconf 86' lang='lat' dir='ltr'><strong>animas</strong></span> <span class='ocrx_word' id='word_1_134' title='bbox 2895 1083 3008 1136; x_wconf 91' lang='lat' dir='ltr'><strong>otio</strong></span> <span class='ocrx_word' id='word_1_135' title='bbox 3064 1098 3127 1136; x_wconf 87' lang='lat' dir='ltr'><strong>ac</strong></span> <span class='ocrx_word' id='word_1_136' title='bbox 3167 1083 3350 1149; x_wconf 79' lang='lat' dir='ltr'><strong>quiete</strong></span> 
     </span>
    </p>
   </div>
   <div class='ocr_carea' id='block_1_21' title="bbox 39 1181 1635 1252">
    <p class='ocr_par' dir='ltr' id='par_1_21' title="bbox 39 1182 1635 1252">
     <span class='ocr_line' id='line_1_21' title="bbox 39 1182 1635 1252; baseline -0.001 -17"><span class='ocrx_word' id='word_1_137' title='bbox 39 1185 331 1247; x_wconf 69' lang='grc' dir='ltr'>ρ-ιίιιιι-ειε</span> <span class='ocrx_word' id='word_1_138' title='bbox 375 1201 519 1247; x_wconf 90' lang='lat' dir='ltr'><strong>esse,</strong></span> <span class='ocrx_word' id='word_1_139' title='bbox 553 1183 699 1252; x_wconf 87' lang='lat' dir='ltr'><strong>quod</strong></span> <span class='ocrx_word' id='word_1_140' title='bbox 733 1182 800 1236; x_wconf 89' lang='lat' dir='ltr'><strong>ad</strong></span> <span class='ocrx_word' id='word_1_141' title='bbox 827 1183 1068 1252; x_wconf 85' lang='lat' dir='ltr'><strong>pleroma</strong></span> <span class='ocrx_word' id='word_1_142' title='bbox 1093 1182 1230 1236; x_wconf 84' lang='lat' dir='ltr'><strong>nihil</strong></span> <span class='ocrx_word' id='word_1_143' title='bbox 1279 1182 1512 1235; x_wconf 86' lang='lat' dir='ltr'><strong>animale</strong></span> <span class='ocrx_word' id='word_1_144' title='bbox 1546 1198 1635 1250; x_wconf 89' lang='lat' dir='ltr'><strong>per</strong></span> 
     </span>
    </p>
   </div>
   <div class='ocr_carea' id='block_1_22' title="bbox 1755 1181 1843 1252">
    <p class='ocr_par' dir='ltr' id='par_1_22' title="bbox 1755 1181 1843 1232">
     <span class='ocr_line' id='line_1_22' title="bbox 1755 1181 1843 1232; baseline -0.023 0"><span class='ocrx_word' id='word_1_145' title='bbox 1755 1181 1843 1232; x_wconf 81' lang='lat' dir='ltr'><strong>int.</strong></span> 
     </span>
    </p>
   </div>
   <div class='ocr_carea' id='block_1_23' title="bbox 101 1274 1662 1346">
    <p class='ocr_par' dir='ltr' id='par_1_23' title="bbox 101 1274 1662 1346">
     <span class='ocr_line' id='line_1_23' title="bbox 101 1274 1662 1346; baseline -0.001 -18"><span class='ocrx_word' id='word_1_146' title='bbox 101 1279 237 1331; x_wconf 80' lang='lat' dir='ltr'><strong>KB’.</strong></span> <span class='ocrx_word' id='word_1_147' title='bbox 275 1278 510 1330; x_wconf 77' lang='grc' dir='ltr'>Τούτων</span> <span class='ocrx_word' id='word_1_148' title='bbox 533 1277 589 1330; x_wconf 82' lang='grc' dir='ltr'><strong>δὲ</strong></span> <span class='ocrx_word' id='word_1_149' title='bbox 610 1278 915 1346; x_wconf 78' lang='grc' dir='ltr'>γενομένων</span> <span class='ocrx_word' id='word_1_150' title='bbox 939 1274 1133 1342; x_wconf 74' lang='grc' dir='ltr'>οὕτως,</span> <span class='ocrx_word' id='word_1_151' title='bbox 1165 1277 1227 1329; x_wconf 83' lang='grc' dir='ltr'>τὺ</span> <span class='ocrx_word' id='word_1_152' title='bbox 1249 1277 1564 1346; x_wconf 80' lang='grc' dir='ltr'>ὲμφωλεῦον</span> <span class='ocrx_word' id='word_1_153' title='bbox 1587 1276 1662 1346; x_wconf 82' lang='grc' dir='ltr'><strong>τῷ</strong></span> 
     </span>
    </p>
   </div>
   <div class='ocr_carea' id='block_1_24' title="bbox 44 1367 1662 1440">
    <p class='ocr_par' dir='ltr' id='par_1_24' title="bbox 44 1367 1662 1440">
     <span class='ocr_line' id='line_1_24' title="bbox 44 1367 1662 1440; baseline 0.001 -20"><span class='ocrx_word' id='word_1_154' title='bbox 44 1370 238 1439; x_wconf 66' lang='grc' dir='ltr'>κόσμῳ</span> <span class='ocrx_word' id='word_1_155' title='bbox 274 1369 426 1437; x_wconf 79' lang='grc' dir='ltr'>πῦρ,</span> <span class='ocrx_word' id='word_1_156' title='bbox 456 1368 742 1438; x_wconf 65' lang='grc' dir='ltr'>ἐκλάμψαν</span> <span class='ocrx_word' id='word_1_157' title='bbox 767 1368 860 1421; x_wconf 77' lang='grc' dir='ltr'>καὶ</span> <span class='ocrx_word' id='word_1_158' title='bbox 899 1367 1152 1436; x_wconf 76' lang='grc' dir='ltr'>ἐξαφθὲν,</span> <span class='ocrx_word' id='word_1_159' title='bbox 1195 1369 1288 1420; x_wconf 75' lang='grc' dir='ltr'>καὶ</span> <span class='ocrx_word' id='word_1_160' title='bbox 1321 1371 1662 1440; x_wconf 86' lang='grc' dir='ltr'>κατεργασὰ-</span> 
     </span>
    </p>
   </div>
   <div class='ocr_carea' id='block_1_25' title="bbox 41 1457 1661 1530">
    <p class='ocr_par' dir='ltr' id='par_1_25' title="bbox 41 1457 1661 1530">
     <span class='ocr_line' id='line_1_25' title="bbox 41 1457 1661 1530; baseline 0.002 -21"><span class='ocrx_word' id='word_1_161' title='bbox 41 1476 199 1526; x_wconf 74' lang='grc' dir='ltr'>μενον</span> <span class='ocrx_word' id='word_1_162' title='bbox 243 1461 447 1512; x_wconf 73' lang='grc' dir='ltr'>πᾶσαν</span> <span class='ocrx_word' id='word_1_163' title='bbox 481 1458 634 1528; x_wconf 78' lang='grc' dir='ltr'>ὓλην,</span> <span class='ocrx_word' id='word_1_164' title='bbox 686 1457 1222 1529; x_wconf 83' lang='grc' dir='ltr'>συναναλωθήσεσθαι</span> <span class='ocrx_word' id='word_1_165' title='bbox 1256 1460 1415 1530; x_wconf 71' lang='grc' dir='ltr'>αὐτῇ,</span> <span class='ocrx_word' id='word_1_166' title='bbox 1452 1461 1546 1512; x_wconf 81' lang='grc' dir='ltr'><strong>καὶ</strong></span> <span class='ocrx_word' id='word_1_167' title='bbox 1581 1461 1661 1523; x_wconf 82' lang='grc' dir='ltr'><strong>εἰς</strong></span> 
     </span>
    </p>
   </div>
   <div class='ocr_carea' id='block_1_26' title="bbox 37 1547 1660 1622">
    <p class='ocr_par' dir='ltr' id='par_1_26' title="bbox 37 1547 1660 1622">
     <span class='ocr_line' id='line_1_26' title="bbox 37 1547 1660 1622; baseline 0.001 -19"><span class='ocrx_word' id='word_1_168' title='bbox 37 1553 90 1604; x_wconf 68' lang='grc' dir='ltr'>τὸ</span> <span class='ocrx_word' id='word_1_169' title='bbox 114 1551 332 1621; x_wconf 72' lang='grc' dir='ltr'>μηκέτ’</span> <span class='ocrx_word' id='word_1_170' title='bbox 362 1547 502 1604; x_wconf 76' lang='grc' dir='ltr'>εἶναι</span> <span class='ocrx_word' id='word_1_171' title='bbox 525 1551 798 1622; x_wconf 79' lang='grc' dir='ltr'>χωρήσειν</span> <span class='ocrx_word' id='word_1_172' title='bbox 827 1551 1165 1606; x_wconf 77' lang='grc' dir='ltr'>διδάσκουσι.</span> <span class='ocrx_word' id='word_1_173' title='bbox 1195 1551 1295 1605; x_wconf 79' lang='grc' dir='ltr'><strong>Τὸν</strong></span> <span class='ocrx_word' id='word_1_174' title='bbox 1314 1552 1370 1604; x_wconf 78' lang='grc' dir='ltr'><strong>δὲ</strong></span> <span class='ocrx_word' id='word_1_175' title='bbox 1393 1554 1660 1622; x_wconf 84' lang='grc' dir='ltr'>Δημιουρ-</span> 
     </span>
    </p>
   </div>
   <div class='ocr_carea' id='block_1_27' title="bbox 1835 1264 3344 1342">
    <p class='ocr_par' dir='ltr' id='par_1_27' title="bbox 1835 1264 3344 1342">
     <span class='ocr_line' id='line_1_27' title="bbox 1835 1264 3344 1342; baseline -0.005 -16"><span class='ocrx_word' id='word_1_176' title='bbox 1835 1271 1996 1326; x_wconf 74' lang='lat' dir='ltr'>XXII.</span> <span class='ocrx_word' id='word_1_177' title='bbox 2051 1272 2146 1327; x_wconf 90' lang='lat' dir='ltr'><strong>llis</strong></span> <span class='ocrx_word' id='word_1_178' title='bbox 2173 1270 2430 1342; x_wconf 83' lang='lat' dir='ltr'><strong>peractis,</strong></span> <span class='ocrx_word' id='word_1_179' title='bbox 2485 1269 2664 1338; x_wconf 81' lang='lat' dir='ltr'><strong>ignem</strong></span> <span class='ocrx_word' id='word_1_180' title='bbox 2711 1269 2886 1333; x_wconf 89' lang='lat' dir='ltr'><strong>illiiin,</strong></span> <span class='ocrx_word' id='word_1_181' title='bbox 2918 1269 3009 1338; x_wconf 90' lang='lat' dir='ltr'><strong>qui</strong></span> <span class='ocrx_word' id='word_1_182' title='bbox 3058 1270 3110 1321; x_wconf 92' lang='lat' dir='ltr'><strong>in</strong></span> <span class='ocrx_word' id='word_1_183' title='bbox 3159 1264 3344 1320; x_wconf 86' lang='lat' dir='ltr'><strong>mundi</strong></span> 
     </span>
    </p>
   </div>
   <div class='ocr_carea' id='block_1_28' title="bbox 1764 1360 3346 1432">
    <p class='ocr_par' dir='ltr' id='par_1_28' title="bbox 1764 1360 3346 1432">
     <span class='ocr_line' id='line_1_28' title="bbox 1764 1360 3346 1432; baseline -0.004 -14"><span class='ocrx_word' id='word_1_184' title='bbox 1764 1365 1990 1420; x_wconf 83' lang='lat' dir='ltr'><strong>latebris</strong></span> <span class='ocrx_word' id='word_1_185' title='bbox 2040 1363 2345 1425; x_wconf 87' lang='lat' dir='ltr'><strong>delitescit,</strong></span> <span class='ocrx_word' id='word_1_186' title='bbox 2386 1369 2710 1432; x_wconf 90' lang='lat' dir='ltr'><strong>erupturum</strong></span> <span class='ocrx_word' id='word_1_187' title='bbox 2766 1375 2831 1413; x_wconf 87' lang='lat' dir='ltr'><strong>ac</strong></span> <span class='ocrx_word' id='word_1_188' title='bbox 2879 1360 3346 1429; x_wconf 73' lang='lat' dir='ltr'><strong>conﬁagraturum</strong></span> 
     </span>
    </p>
   </div>
   <div class='ocr_carea' id='block_1_29' title="bbox 1756 1452 3342 1522">
    <p class='ocr_par' dir='ltr' id='par_1_29' title="bbox 1756 1452 3342 1522">
     <span class='ocr_line' id='line_1_29' title="bbox 1756 1452 3342 1522; baseline -0.006 -11"><span class='ocrx_word' id='word_1_189' title='bbox 1756 1471 1898 1518; x_wconf 82' lang='lat' dir='ltr'><strong>esse,</strong></span> <span class='ocrx_word' id='word_1_190' title='bbox 1929 1457 2105 1510; x_wconf 82' lang='lat' dir='ltr'><strong>donec</strong></span> <span class='ocrx_word' id='word_1_191' title='bbox 2145 1455 2294 1509; x_wconf 90' lang='lat' dir='ltr'><strong>omni</strong></span> <span class='ocrx_word' id='word_1_192' title='bbox 2331 1462 2655 1522; x_wconf 88' lang='lat' dir='ltr'><strong>consumpta</strong></span> <span class='ocrx_word' id='word_1_193' title='bbox 2691 1452 2917 1505; x_wconf 82' lang='lat' dir='ltr'><strong>materia</strong></span> <span class='ocrx_word' id='word_1_194' title='bbox 2941 1492 2956 1516; x_wconf 89' lang='lat'><strong>,</strong></span> <span class='ocrx_word' id='word_1_195' title='bbox 2998 1467 3121 1505; x_wconf 92' lang='lat' dir='ltr'><strong>cum</strong></span> <span class='ocrx_word' id='word_1_196' title='bbox 3154 1452 3342 1506; x_wconf 85' lang='lat' dir='ltr'><strong>eaileiii</strong></span> 
     </span>
    </p>
   </div>
   <div class='ocr_carea' id='block_1_30' title="bbox 1756 1544 3347 1619">
    <p class='ocr_par' dir='ltr' id='par_1_30' title="bbox 1756 1544 3347 1619">
     <span class='ocr_line' id='line_1_30' title="bbox 1756 1544 3347 1619; baseline -0.002 -17"><span class='ocrx_word' id='word_1_197' title='bbox 1756 1559 1806 1602; x_wconf 87' lang='lat' dir='ltr'><strong>et</strong></span> <span class='ocrx_word' id='word_1_198' title='bbox 1840 1550 1955 1619; x_wconf 90' lang='lat' dir='ltr'><strong>ipse</strong></span> <span class='ocrx_word' id='word_1_199' title='bbox 1987 1556 2373 1617; x_wconf 86' lang='lat' dir='ltr'><strong>consumptus,</strong></span> <span class='ocrx_word' id='word_1_200' title='bbox 2407 1557 2569 1615; x_wconf 87' lang='lat' dir='ltr'><strong>atque</strong></span> <span class='ocrx_word' id='word_1_201' title='bbox 2601 1547 2656 1598; x_wconf 92' lang='lat' dir='ltr'><strong>in</strong></span> <span class='ocrx_word' id='word_1_202' title='bbox 2689 1546 2920 1599; x_wconf 90' lang='lat' dir='ltr'><strong>nihilum</strong></span> <span class='ocrx_word' id='word_1_203' title='bbox 2955 1544 3208 1600; x_wconf 87' lang='lat' dir='ltr'><strong>redactus</strong></span> <span class='ocrx_word' id='word_1_204' title='bbox 3234 1544 3347 1599; x_wconf 86' lang='lat' dir='ltr'><strong>fne-</strong></span> 
     </span>
    </p>
   </div>
   <div class='ocr_carea' id='block_1_31' title="bbox 35 1633 1635 1736">
    <p class='ocr_par' dir='ltr' id='par_1_31' title="bbox 35 1642 1635 1714">
     <span class='ocr_line' id='line_1_31' title="bbox 35 1642 1635 1714; baseline -0.002 -20"><span class='ocrx_word' id='word_1_205' title='bbox 35 1645 124 1710; x_wconf 61' lang='grc' dir='ltr'><strong>τις,</strong></span> <span class='ocrx_word' id='word_1_206' title='bbox 174 1644 369 1714; x_wconf 77' lang='grc' dir='ltr'>μηδὲν</span> <span class='ocrx_word' id='word_1_207' title='bbox 411 1642 618 1695; x_wconf 84' lang='grc' dir='ltr'>τούτων</span> <span class='ocrx_word' id='word_1_208' title='bbox 658 1643 956 1710; x_wconf 76' lang='grc' dir='ltr'>ἐγνωκέναι</span> <span class='ocrx_word' id='word_1_209' title='bbox 990 1643 1378 1711; x_wconf 83' lang='grc' dir='ltr'>ἀποφαίνονται</span> <span class='ocrx_word' id='word_1_210' title='bbox 1419 1643 1524 1714; x_wconf 77' lang='grc' dir='ltr'><strong>πρὸ</strong></span> <span class='ocrx_word' id='word_1_211' title='bbox 1556 1644 1635 1712; x_wconf 70' lang='grc' dir='ltr'><strong>τῆς</strong></span> 
     </span>
    </p>
   </div>
   <div class='ocr_carea' id='block_1_32' title="bbox 1755 1633 3344 1736">
    <p class='ocr_par' dir='ltr' id='par_1_32' title="bbox 1759 1633 3344 1701">
     <span class='ocr_line' id='line_1_32' title="bbox 1759 1633 3344 1701; baseline 0.001 -15"><span class='ocrx_word' id='word_1_212' title='bbox 1759 1635 1848 1688; x_wconf 85' lang='lat' dir='ltr'><strong>rit.</strong></span> <span class='ocrx_word' id='word_1_213' title='bbox 1893 1633 2137 1701; x_wconf 85' lang='lat' dir='ltr'><strong>Quorum</strong></span> <span class='ocrx_word' id='word_1_214' title='bbox 2192 1636 2435 1690; x_wconf 89' lang='lat' dir='ltr'><strong>omnium</strong></span> <span class='ocrx_word' id='word_1_215' title='bbox 2475 1637 2609 1689; x_wconf 89' lang='lat' dir='ltr'><strong>nihil</strong></span> <span class='ocrx_word' id='word_1_216' title='bbox 2645 1644 2769 1690; x_wconf 87' lang='lat' dir='ltr'><strong>ante</strong></span> <span class='ocrx_word' id='word_1_217' title='bbox 2816 1636 3114 1690; x_wconf 88' lang='lat' dir='ltr'><strong>Salvatoris</strong></span> <span class='ocrx_word' id='word_1_218' title='bbox 3144 1636 3344 1690; x_wconf 60' lang='lat' dir='ltr'><strong>adven-</strong></span> 
     </span>
    </p>
   </div>
   <div class='ocr_carea' id='block_1_33' title="bbox 39 1733 1656 1805">
    <p class='ocr_par' dir='ltr' id='par_1_33' title="bbox 39 1733 1656 1805">
     <span class='ocr_line' id='line_1_33' title="bbox 39 1733 1656 1805; baseline 0 -19"><span class='ocrx_word' id='word_1_219' title='bbox 39 1736 123 1786; x_wconf 77' lang='grc' dir='ltr'><strong>τοῦ</strong></span> <span class='ocrx_word' id='word_1_220' title='bbox 159 1734 443 1804; x_wconf 79' lang='grc' dir='ltr'>Σωτῆρος</span> <span class='ocrx_word' id='word_1_221' title='bbox 473 1733 800 1805; x_wconf 76' lang='grc' dir='ltr'>παρουσίας.</span> <span class='ocrx_word' id='word_1_222' title='bbox 837 1735 955 1787; x_wconf 74' lang='grc' dir='ltr'>Εἰσὶ</span> <span class='ocrx_word' id='word_1_223' title='bbox 991 1735 1044 1787; x_wconf 83' lang='grc' dir='ltr'>δὲ</span> <span class='ocrx_word' id='word_1_224' title='bbox 1083 1737 1130 1787; x_wconf 80' lang='grc' dir='ltr'>οἱ</span> <span class='ocrx_word' id='word_1_225' title='bbox 1163 1734 1411 1802; x_wconf 85' lang='grc' dir='ltr'>λέγοντες</span> <span class='ocrx_word' id='word_1_226' title='bbox 1447 1734 1656 1805; x_wconf 76' lang='grc' dir='ltr'>προϐα-</span> 
     </span>
    </p>
   </div>
   <div class='ocr_carea' id='block_1_34' title="bbox 38 1823 1651 1895">
    <p class='ocr_par' dir='ltr' id='par_1_34' title="bbox 38 1823 1651 1895">
     <span class='ocr_line' id='line_1_34' title="bbox 38 1823 1651 1895; baseline 0.001 -20"><span class='ocrx_word' id='word_1_227' title='bbox 38 1826 226 1878; x_wconf 76' lang='grc' dir='ltr'>λέσθαι</span> <span class='ocrx_word' id='word_1_228' title='bbox 261 1826 440 1879; x_wconf 73' lang='grc' dir='ltr'>αὐτὸν</span> <span class='ocrx_word' id='word_1_229' title='bbox 473 1827 566 1877; x_wconf 74' lang='grc' dir='ltr'>καὶ</span> <span class='ocrx_word' id='word_1_230' title='bbox 602 1824 838 1895; x_wconf 83' lang='grc' dir='ltr'>Χριστὸν</span> <span class='ocrx_word' id='word_1_231' title='bbox 871 1826 988 1879; x_wconf 84' lang='grc' dir='ltr'>υἱὸν</span> <span class='ocrx_word' id='word_1_232' title='bbox 1023 1826 1172 1889; x_wconf 75' lang='grc' dir='ltr'>ἴδιον,</span> <span class='ocrx_word' id='word_1_233' title='bbox 1211 1824 1346 1879; x_wconf 78' lang='grc' dir='ltr'>ἀλλὰ</span> <span class='ocrx_word' id='word_1_234' title='bbox 1378 1824 1511 1892; x_wconf 73' lang='grc' dir='ltr'>(καὶ)</span> <span class='ocrx_word' id='word_1_235' title='bbox 1546 1823 1651 1893; x_wconf 72' lang='grc' dir='ltr'><strong>ψυ-</strong></span> 
     </span>
    </p>
   </div>
   <div class='ocr_carea' id='block_1_35' title="bbox 40 1917 1654 1990">
    <p class='ocr_par' dir='ltr' id='par_1_35' title="bbox 40 1917 1654 1990">
     <span class='ocr_line' id='line_1_35' title="bbox 40 1917 1654 1990; baseline -0.001 -20"><span class='ocrx_word' id='word_1_236' title='bbox 40 1919 211 1987; x_wconf 70' lang='grc' dir='ltr'>χικόν.</span> <span class='ocrx_word' id='word_1_237' title='bbox 263 1919 413 1988; x_wconf 76' lang='grc' dir='ltr'>Περὶ</span> <span class='ocrx_word' id='word_1_238' title='bbox 450 1917 645 1971; x_wconf 83' lang='grc' dir='ltr'>τούτου</span> <span class='ocrx_word' id='word_1_239' title='bbox 691 1917 780 1971; x_wconf 82' lang='grc' dir='ltr'><strong>διὰ</strong></span> <span class='ocrx_word' id='word_1_240' title='bbox 821 1918 929 1971; x_wconf 89' lang='grc' dir='ltr'><strong>τῶν</strong></span> <span class='ocrx_word' id='word_1_241' title='bbox 967 1919 981 1948; x_wconf 85' lang='grc'>¹</span> <span class='ocrx_word' id='word_1_242' title='bbox 1023 1918 1316 1990; x_wconf 80' lang='grc' dir='ltr'>προφητῶν</span> <span class='ocrx_word' id='word_1_243' title='bbox 1363 1917 1654 1987; x_wconf 84' lang='grc' dir='ltr'>λελαληκέ-</span> 
     </span>
    </p>
   </div>
   <div class='ocr_carea' id='block_1_36' title="bbox 42 2006 1655 2083">
    <p class='ocr_par' dir='ltr' id='par_1_36' title="bbox 42 2006 1655 2083">
     <span class='ocr_line' id='line_1_36' title="bbox 42 2006 1655 2083; baseline 0 -22"><span class='ocrx_word' id='word_1_244' title='bbox 42 2028 142 2061; x_wconf 61' lang='grc' dir='ltr'>ναι*</span> <span class='ocrx_word' id='word_1_245' title='bbox 171 2006 333 2062; x_wconf 73' lang='grc' dir='ltr'>εἶναι</span> <span class='ocrx_word' id='word_1_246' title='bbox 367 2011 426 2063; x_wconf 84' lang='grc' dir='ltr'><strong>δὲ</strong></span> <span class='ocrx_word' id='word_1_247' title='bbox 459 2010 650 2063; x_wconf 81' lang='grc' dir='ltr'>τοῦτον</span> <span class='ocrx_word' id='word_1_248' title='bbox 683 2011 774 2063; x_wconf 82' lang='grc' dir='ltr'><strong>τὸν</strong></span> <span class='ocrx_word' id='word_1_249' title='bbox 799 2011 887 2064; x_wconf 78' lang='grc' dir='ltr'><strong>διὰ</strong></span> <span class='ocrx_word' id='word_1_250' title='bbox 918 2012 1139 2083; x_wconf 85' lang='grc' dir='ltr'>Μαρίας</span> <span class='ocrx_word' id='word_1_251' title='bbox 1167 2009 1530 2070; x_wconf 83' lang='grc' dir='ltr'>διοδεύσαντα,</span> <span class='ocrx_word' id='word_1_252' title='bbox 1563 2027 1655 2061; x_wconf 78' lang='grc' dir='ltr'>καο</span> 
     </span>
    </p>
   </div>
   <div class='ocr_carea' id='block_1_37' title="bbox 43 2100 1652 2174">
    <p class='ocr_par' dir='ltr' id='par_1_37' title="bbox 43 2100 1652 2174">
     <span class='ocr_line' id='line_1_37' title="bbox 43 2100 1652 2174; baseline -0.001 -21"><span class='ocrx_word' id='word_1_253' title='bbox 43 2101 217 2173; x_wconf 69' lang='grc' dir='ltr'>θὰπερ</span> <span class='ocrx_word' id='word_1_254' title='bbox 267 2102 426 2174; x_wconf 77' lang='grc' dir='ltr'>ὕδωρ</span> <span class='ocrx_word' id='word_1_255' title='bbox 469 2101 557 2156; x_wconf 78' lang='grc' dir='ltr'><strong>διὰ</strong></span> <span class='ocrx_word' id='word_1_256' title='bbox 599 2102 835 2172; x_wconf 79' lang='grc' dir='ltr'>σωλῆνος</span> <span class='ocrx_word' id='word_1_257' title='bbox 867 2103 1058 2169; x_wconf 78' lang='grc' dir='ltr'>ὁδεύει,</span> <span class='ocrx_word' id='word_1_258' title='bbox 1093 2103 1186 2156; x_wconf 69' lang='grc' dir='ltr'><strong>καὶ</strong></span> <span class='ocrx_word' id='word_1_259' title='bbox 1216 2105 1294 2166; x_wconf 79' lang='grc' dir='ltr'><strong>εἰς</strong></span> <span class='ocrx_word' id='word_1_260' title='bbox 1327 2101 1514 2155; x_wconf 85' lang='grc' dir='ltr'>τοῦτον</span> <span class='ocrx_word' id='word_1_261' title='bbox 1560 2100 1652 2153; x_wconf 76' lang='grc' dir='ltr'>ἐπὶ</span> 
     </span>
    </p>
   </div>
   <div class='ocr_carea' id='block_1_38' title="bbox 40 2194 1653 2266">
    <p class='ocr_par' dir='ltr' id='par_1_38' title="bbox 40 2194 1653 2266">
     <span class='ocr_line' id='line_1_38' title="bbox 40 2194 1653 2266; baseline 0.001 -19"><span class='ocrx_word' id='word_1_262' title='bbox 40 2194 127 2247; x_wconf 80' lang='grc' dir='ltr'><strong>τοῦ</strong></span> <span class='ocrx_word' id='word_1_263' title='bbox 161 2195 562 2266; x_wconf 68' lang='grc' dir='ltr'>βαπτίσματος</span> <span class='ocrx_word' id='word_1_264' title='bbox 591 2195 870 2248; x_wconf 78' lang='grc' dir='ltr'>κατελθεῖν</span> <span class='ocrx_word' id='word_1_265' title='bbox 904 2198 1107 2248; x_wconf 82' lang='grc' dir='ltr'>ἐκεῖνον</span> <span class='ocrx_word' id='word_1_266' title='bbox 1131 2195 1222 2249; x_wconf 83' lang='grc' dir='ltr'><strong>τὸν</strong></span> <span class='ocrx_word' id='word_1_267' title='bbox 1253 2197 1360 2250; x_wconf 81' lang='grc' dir='ltr'>ἀπὸ</span> <span class='ocrx_word' id='word_1_268' title='bbox 1398 2197 1490 2250; x_wconf 89' lang='grc' dir='ltr'><strong>τοῦ</strong></span> <span class='ocrx_word' id='word_1_269' title='bbox 1518 2197 1653 2266; x_wconf 80' lang='grc' dir='ltr'>πλη-</span> 
     </span>
    </p>
   </div>
   <div class='ocr_carea' id='block_1_39' title="bbox 46 2287 1647 2360">
    <p class='ocr_par' dir='ltr' id='par_1_39' title="bbox 46 2287 1647 2360">
     <span class='ocr_line' id='line_1_39' title="bbox 46 2287 1647 2360; baseline 0.002 -21"><span class='ocrx_word' id='word_1_270' title='bbox 46 2287 310 2358; x_wconf 78' lang='grc' dir='ltr'>ρώματος</span> <span class='ocrx_word' id='word_1_271' title='bbox 358 2289 424 2340; x_wconf 82' lang='grc' dir='ltr'><strong>ἐκ</strong></span> <span class='ocrx_word' id='word_1_272' title='bbox 473 2290 689 2340; x_wconf 86' lang='grc' dir='ltr'>πάντων</span> <span class='ocrx_word' id='word_1_273' title='bbox 742 2287 971 2357; x_wconf 77' lang='grc' dir='ltr'>Σωτῆρα</span> <span class='ocrx_word' id='word_1_274' title='bbox 1014 2289 1071 2340; x_wconf 84' lang='grc' dir='ltr'>ὲν</span> <span class='ocrx_word' id='word_1_275' title='bbox 1118 2288 1251 2340; x_wconf 72' lang='grc' dir='ltr'>εῖδει</span> <span class='ocrx_word' id='word_1_276' title='bbox 1299 2291 1647 2360; x_wconf 80' lang='grc' dir='ltr'>περιστερᾶς.</span> 
     </span>
    </p>
   </div>
   <div class='ocr_carea' id='block_1_40' title="bbox 45 2377 1652 2450">
    <p class='ocr_par' dir='ltr' id='par_1_40' title="bbox 45 2377 1652 2450">
     <span class='ocr_line' id='line_1_40' title="bbox 45 2377 1652 2450; baseline 0.002 -22"><span class='ocrx_word' id='word_1_277' title='bbox 45 2377 340 2446; x_wconf 77' lang='grc' dir='ltr'>Γεγονέναι</span> <span class='ocrx_word' id='word_1_278' title='bbox 367 2379 425 2430; x_wconf 78' lang='grc' dir='ltr'><strong>δὲ</strong></span> <span class='ocrx_word' id='word_1_279' title='bbox 452 2379 511 2430; x_wconf 79' lang='grc' dir='ltr'><strong>ἐν</strong></span> <span class='ocrx_word' id='word_1_280' title='bbox 538 2377 686 2447; x_wconf 78' lang='grc' dir='ltr'><strong>αὑτῷ</strong></span> <span class='ocrx_word' id='word_1_281' title='bbox 707 2379 800 2430; x_wconf 72' lang='grc' dir='ltr'><strong>καὶ</strong></span> <span class='ocrx_word' id='word_1_282' title='bbox 822 2377 880 2429; x_wconf 79' lang='grc' dir='ltr'>τὸ</span> <span class='ocrx_word' id='word_1_283' title='bbox 905 2377 1036 2431; x_wconf 79' lang='grc' dir='ltr'>αὐτὸ</span> <span class='ocrx_word' id='word_1_284' title='bbox 1065 2378 1163 2448; x_wconf 78' lang='grc' dir='ltr'>τῆς</span> <span class='ocrx_word' id='word_1_285' title='bbox 1198 2378 1450 2449; x_wconf 77' lang='grc' dir='ltr'>’Λχαμὼθ</span> <span class='ocrx_word' id='word_1_286' title='bbox 1485 2381 1652 2450; x_wconf 84' lang='grc' dir='ltr'>σπέρ-</span> 
     </span>
    </p>
   </div>
   <div class='ocr_carea' id='block_1_41' title="bbox 46 2465 1650 2541">
    <p class='ocr_par' dir='ltr' id='par_1_41' title="bbox 46 2465 1650 2541">
     <span class='ocr_line' id='line_1_41' title="bbox 46 2465 1650 2541; baseline 0 -19"><span class='ocrx_word' id='word_1_287' title='bbox 46 2487 119 2539; x_wconf 76' lang='grc' dir='ltr'><strong>μα</strong></span> <span class='ocrx_word' id='word_1_288' title='bbox 151 2469 567 2540; x_wconf 77' lang='grc' dir='ltr'>πνευματικόν.</span> <span class='ocrx_word' id='word_1_289' title='bbox 603 2469 706 2521; x_wconf 79' lang='grc' dir='ltr'>Τὸν</span> <span class='ocrx_word' id='word_1_290' title='bbox 732 2465 824 2522; x_wconf 81' lang='grc' dir='ltr'><strong>οῦν</strong></span> <span class='ocrx_word' id='word_1_291' title='bbox 862 2468 1063 2540; x_wconf 80' lang='grc' dir='ltr'>Κύριον</span> <span class='ocrx_word' id='word_1_292' title='bbox 1095 2469 1247 2540; x_wconf 78' lang='grc' dir='ltr'>ἡμῶν</span> <span class='ocrx_word' id='word_1_293' title='bbox 1276 2472 1339 2522; x_wconf 79' lang='grc' dir='ltr'>ἐκ</span> <span class='ocrx_word' id='word_1_294' title='bbox 1368 2470 1650 2541; x_wconf 85' lang='grc' dir='ltr'>τεσσάρων</span> 
     </span>
    </p>
   </div>
   <div class='ocr_carea' id='block_1_42' title="bbox 47 2559 1650 2629">
    <p class='ocr_par' dir='ltr' id='par_1_42' title="bbox 47 2559 1650 2629">
     <span class='ocr_line' id='line_1_42' title="bbox 47 2559 1650 2629; baseline 0.001 -17"><span class='ocrx_word' id='word_1_295' title='bbox 47 2560 252 2614; x_wconf 81' lang='grc' dir='ltr'>τούτων</span> <span class='ocrx_word' id='word_1_296' title='bbox 301 2559 558 2612; x_wconf 79' lang='grc' dir='ltr'>σύνθετον</span> <span class='ocrx_word' id='word_1_297' title='bbox 603 2559 887 2628; x_wconf 81' lang='grc' dir='ltr'>γεγονέναι</span> <span class='ocrx_word' id='word_1_298' title='bbox 924 2560 1245 2629; x_wconf 83' lang='grc' dir='ltr'>φάσκουσιν,</span> <span class='ocrx_word' id='word_1_299' title='bbox 1292 2560 1650 2626; x_wconf 79' lang='grc' dir='ltr'>ἀποσώζοντα</span> 
     </span>
    </p>
   </div>
   <div class='ocr_carea' id='block_1_43' title="bbox 46 2652 1648 2729">
    <p class='ocr_par' dir='ltr' id='par_1_43' title="bbox 46 2652 1648 2729">
     <span class='ocr_line' id='line_1_43' title="bbox 46 2652 1648 2729; baseline 0.004 -24"><span class='ocrx_word' id='word_1_300' title='bbox 46 2656 131 2707; x_wconf 69' lang='grc' dir='ltr'><strong>τὸν</strong></span> <span class='ocrx_word' id='word_1_301' title='bbox 158 2657 226 2709; x_wconf 84' lang='grc' dir='ltr'><strong>τύ</strong></span> <span class='ocrx_word' id='word_1_302' title='bbox 241 2652 468 2726; x_wconf 44' lang='lat' dir='ltr'><strong>miti};</strong></span> <span class='ocrx_word' id='word_1_303' title='bbox 503 2655 799 2729; x_wconf 84' lang='grc' dir='ltr'>ἀρχεγόνου</span> <span class='ocrx_word' id='word_1_304' title='bbox 837 2655 930 2708; x_wconf 71' lang='grc' dir='ltr'><strong>καὶ</strong></span> <span class='ocrx_word' id='word_1_305' title='bbox 961 2655 1184 2726; x_wconf 82' lang='grc' dir='ltr'>πρώτης</span> <span class='ocrx_word' id='word_1_306' title='bbox 1213 2657 1560 2728; x_wconf 85' lang='grc' dir='ltr'>τετρακτύος,</span> <span class='ocrx_word' id='word_1_307' title='bbox 1586 2659 1648 2711; x_wconf 75' lang='grc' dir='ltr'>εκ</span> 
     </span>
    </p>
   </div>
   <div class='ocr_carea' id='block_1_44' title="bbox 48 2743 1648 2819">
    <p class='ocr_par' dir='ltr' id='par_1_44' title="bbox 48 2743 1648 2819">
     <span class='ocr_line' id='line_1_44' title="bbox 48 2743 1648 2819; baseline 0.003 -21"><span class='ocrx_word' id='word_1_308' title='bbox 48 2763 103 2798; x_wconf 80' lang='grc' dir='ltr'><strong>τε</strong></span> <span class='ocrx_word' id='word_1_309' title='bbox 131 2747 228 2799; x_wconf 85' lang='grc' dir='ltr'><strong>τοῦ</strong></span> <span class='ocrx_word' id='word_1_310' title='bbox 265 2747 670 2817; x_wconf 76' lang='grc' dir='ltr'>πνευματικοῦ,</span> <span class='ocrx_word' id='word_1_311' title='bbox 702 2747 729 2798; x_wconf 87' lang='grc' dir='ltr'>ὃ</span> <span class='ocrx_word' id='word_1_312' title='bbox 770 2743 834 2818; x_wconf 80' lang='grc' dir='ltr'>ἦν</span> <span class='ocrx_word' id='word_1_313' title='bbox 878 2748 986 2800; x_wconf 83' lang='grc' dir='ltr'>ἀπὸ</span> <span class='ocrx_word' id='word_1_314' title='bbox 1013 2749 1110 2818; x_wconf 81' lang='grc' dir='ltr'>τῆς</span> <span class='ocrx_word' id='word_1_315' title='bbox 1149 2748 1424 2819; x_wconf 81' lang='grc' dir='ltr'>Ἀχαμὼθ,</span> <span class='ocrx_word' id='word_1_316' title='bbox 1467 2751 1560 2803; x_wconf 73' lang='grc' dir='ltr'><strong>καὶ</strong></span> <span class='ocrx_word' id='word_1_317' title='bbox 1583 2751 1648 2802; x_wconf 81' lang='grc' dir='ltr'><strong>ἐκ</strong></span> 
     </span>
    </p>
   </div>
   <div class='ocr_carea' id='block_1_45' title="bbox 47 2833 1646 2912">
    <p class='ocr_par' dir='ltr' id='par_1_45' title="bbox 47 2833 1646 2912">
     <span class='ocr_line' id='line_1_45' title="bbox 47 2833 1646 2912; baseline 0.002 -23"><span class='ocrx_word' id='word_1_318' title='bbox 47 2839 133 2890; x_wconf 84' lang='grc' dir='ltr'><strong>τοῦ</strong></span> <span class='ocrx_word' id='word_1_319' title='bbox 168 2839 440 2909; x_wconf 70' lang='grc' dir='ltr'>ψυχικοῦ,</span> <span class='ocrx_word' id='word_1_320' title='bbox 474 2838 502 2890; x_wconf 78' lang='grc' dir='ltr'>ὃ</span> <span class='ocrx_word' id='word_1_321' title='bbox 539 2833 606 2908; x_wconf 78' lang='grc' dir='ltr'>ἦν</span> <span class='ocrx_word' id='word_1_322' title='bbox 646 2839 753 2891; x_wconf 81' lang='grc' dir='ltr'>ἀπὸ</span> <span class='ocrx_word' id='word_1_323' title='bbox 783 2838 876 2890; x_wconf 89' lang='grc' dir='ltr'><strong>τοῦ</strong></span> <span class='ocrx_word' id='word_1_324' title='bbox 909 2841 1277 2909; x_wconf 84' lang='grc' dir='ltr'>Δημιουργοῦ,</span> <span class='ocrx_word' id='word_1_325' title='bbox 1330 2842 1422 2893; x_wconf 80' lang='grc' dir='ltr'><strong>καὶ</strong></span> <span class='ocrx_word' id='word_1_326' title='bbox 1458 2844 1522 2894; x_wconf 82' lang='grc' dir='ltr'>ἐκ</span> <span class='ocrx_word' id='word_1_327' title='bbox 1550 2841 1646 2912; x_wconf 86' lang='grc' dir='ltr'>τῆς</span> 
     </span>
    </p>
   </div>
   <div class='ocr_carea' id='block_1_46' title="bbox 50 2925 1646 3003">
    <p class='ocr_par' dir='ltr' id='par_1_46' title="bbox 50 2925 1646 3003">
     <span class='ocr_line' id='line_1_46' title="bbox 50 2925 1646 3003; baseline 0.001 -21"><span class='ocrx_word' id='word_1_328' title='bbox 50 2931 389 3001; x_wconf 77' lang='grc' dir='ltr'>οἰκονομίας,</span> <span class='ocrx_word' id='word_1_329' title='bbox 415 2931 444 2983; x_wconf 82' lang='grc' dir='ltr'>ὃ</span> <span class='ocrx_word' id='word_1_330' title='bbox 465 2925 533 3001; x_wconf 81' lang='grc' dir='ltr'>ἧν</span> <span class='ocrx_word' id='word_1_331' title='bbox 558 2931 1063 3002; x_wconf 83' lang='grc' dir='ltr'>κατεσκευασμένον</span> <span class='ocrx_word' id='word_1_332' title='bbox 1087 2932 1312 3003; x_wconf 76' lang='grc' dir='ltr'>ἀρρήτῳ</span> <span class='ocrx_word' id='word_1_333' title='bbox 1341 2933 1524 3003; x_wconf 79' lang='grc' dir='ltr'>τέχνῃ,</span> <span class='ocrx_word' id='word_1_334' title='bbox 1552 2933 1646 2986; x_wconf 76' lang='grc' dir='ltr'><strong>καὶ</strong></span> 
     </span>
    </p>
   </div>
   <div class='ocr_carea' id='block_1_47' title="bbox 1761 1723 3342 1796">
    <p class='ocr_par' dir='ltr' id='par_1_47' title="bbox 1761 1723 3342 1796">
     <span class='ocr_line' id='line_1_47' title="bbox 1761 1723 3342 1796; baseline 0.003 -21"><span class='ocrx_word' id='word_1_335' title='bbox 1761 1731 1873 1776; x_wconf 92' lang='lat' dir='ltr'><strong>tum</strong></span> <span class='ocrx_word' id='word_1_336' title='bbox 1903 1725 2187 1779; x_wconf 86' lang='lat' dir='ltr'><strong>Conditori</strong></span> <span class='ocrx_word' id='word_1_337' title='bbox 2219 1723 2389 1779; x_wconf 81' lang='lat' dir='ltr'><strong>fuisse</strong></span> <span class='ocrx_word' id='word_1_338' title='bbox 2416 1727 2714 1796; x_wconf 80' lang='lat' dir='ltr'><strong>cognitum.</strong></span> <span class='ocrx_word' id='word_1_339' title='bbox 2749 1725 2856 1780; x_wconf 85' lang='lat' dir='ltr'><strong>Nec</strong></span> <span class='ocrx_word' id='word_1_340' title='bbox 2888 1726 3110 1788; x_wconf 83' lang='lat' dir='ltr'><strong>desunt,</strong></span> <span class='ocrx_word' id='word_1_341' title='bbox 3139 1727 3342 1794; x_wconf 82' lang='lat' dir='ltr'><strong>quibus</strong></span> 
     </span>
    </p>
   </div>
   <div class='ocr_carea' id='block_1_48' title="bbox 1768 1817 3339 1888">
    <p class='ocr_par' dir='ltr' id='par_1_48' title="bbox 1768 1817 3339 1888">
     <span class='ocr_line' id='line_1_48' title="bbox 1768 1817 3339 1888; baseline 0.001 -21"><span class='ocrx_word' id='word_1_342' title='bbox 1768 1819 2000 1888; x_wconf 85' lang='lat' dir='ltr'><strong>placeat,</strong></span> <span class='ocrx_word' id='word_1_343' title='bbox 2037 1819 2201 1872; x_wconf 91' lang='lat' dir='ltr'><strong>etiam</strong></span> <span class='ocrx_word' id='word_1_344' title='bbox 2231 1818 2300 1872; x_wconf 87' lang='lat' dir='ltr'><strong>ab</strong></span> <span class='ocrx_word' id='word_1_345' title='bbox 2336 1817 2428 1872; x_wconf 91' lang='lat' dir='ltr'><strong>illo</strong></span> <span class='ocrx_word' id='word_1_346' title='bbox 2459 1819 2790 1888; x_wconf 80' lang='lat' dir='ltr'><strong>peculiarem</strong></span> <span class='ocrx_word' id='word_1_347' title='bbox 2824 1817 2990 1870; x_wconf 89' lang='lat' dir='ltr'><strong>ﬁlium</strong></span> <span class='ocrx_word' id='word_1_348' title='bbox 3035 1817 3339 1877; x_wconf 85' lang='lat' dir='ltr'><strong>Christum,</strong></span> 
     </span>
    </p>
   </div>
   <div class='ocr_carea' id='block_1_49' title="bbox 1757 1908 3341 1979">
    <p class='ocr_par' dir='ltr' id='par_1_49' title="bbox 1757 1908 3341 1979">
     <span class='ocr_line' id='line_1_49' title="bbox 1757 1908 3341 1979; baseline -0.001 -17"><span class='ocrx_word' id='word_1_349' title='bbox 1757 1909 1850 1962; x_wconf 87' lang='lat' dir='ltr'><strong>sed</strong></span> <span class='ocrx_word' id='word_1_350' title='bbox 1891 1909 2178 1963; x_wconf 86' lang='lat' dir='ltr'><strong>animalem</strong></span> <span class='ocrx_word' id='word_1_351' title='bbox 2204 1952 2218 1974; x_wconf 95' lang='lat'><strong>,</strong></span> <span class='ocrx_word' id='word_1_352' title='bbox 2274 1909 2630 1979; x_wconf 85' lang='lat' dir='ltr'><strong>productum,</strong></span> <span class='ocrx_word' id='word_1_353' title='bbox 2662 1909 2728 1962; x_wconf 88' lang='lat' dir='ltr'><strong>ile</strong></span> <span class='ocrx_word' id='word_1_354' title='bbox 2762 1923 2870 1977; x_wconf 92' lang='lat' dir='ltr'><strong>quo</strong></span> <span class='ocrx_word' id='word_1_355' title='bbox 2917 1923 3010 1977; x_wconf 86' lang='lat' dir='ltr'><strong>per</strong></span> <span class='ocrx_word' id='word_1_356' title='bbox 3043 1908 3341 1976; x_wconf 80' lang='lat' dir='ltr'><strong>pmphetas</strong></span> 
     </span>
    </p>
   </div>
   <div class='ocr_carea' id='block_1_50' title="bbox 1757 2000 3342 2071">
    <p class='ocr_par' dir='ltr' id='par_1_50' title="bbox 1757 2000 3342 2071">
     <span class='ocr_line' id='line_1_50' title="bbox 1757 2000 3342 2071; baseline -0.001 -18"><span class='ocrx_word' id='word_1_357' title='bbox 1757 2001 1975 2056; x_wconf 87' lang='lat' dir='ltr'><strong>locutus</strong></span> <span class='ocrx_word' id='word_1_358' title='bbox 2003 2001 2093 2055; x_wconf 88' lang='lat' dir='ltr'><strong>sit.</strong></span> <span class='ocrx_word' id='word_1_359' title='bbox 2123 2000 2280 2054; x_wconf 88' lang='lat' dir='ltr'><strong>Ilunc</strong></span> <span class='ocrx_word' id='word_1_360' title='bbox 2316 2001 2466 2054; x_wconf 88' lang='lat' dir='ltr'><strong>illum</strong></span> <span class='ocrx_word' id='word_1_361' title='bbox 2495 2017 2615 2056; x_wconf 89' lang='lat' dir='ltr'><strong>esse</strong></span> <span class='ocrx_word' id='word_1_362' title='bbox 2654 2001 2746 2071; x_wconf 87' lang='lat' dir='ltr'><strong>qui</strong></span> <span class='ocrx_word' id='word_1_363' title='bbox 2789 2001 2867 2055; x_wconf 90' lang='lat' dir='ltr'><strong>sie</strong></span> <span class='ocrx_word' id='word_1_364' title='bbox 2908 2007 3166 2068; x_wconf 85' lang='lat' dir='ltr'><strong>tanquam</strong></span> <span class='ocrx_word' id='word_1_365' title='bbox 3198 2014 3342 2067; x_wconf 80' lang='lat' dir='ltr'><strong>aqua</strong></span> 
     </span>
    </p>
   </div>
   <div class='ocr_carea' id='block_1_51' title="bbox 1754 2093 3342 2164">
    <p class='ocr_par' dir='ltr' id='par_1_51' title="bbox 1754 2093 3342 2164">
     <span class='ocr_line' id='line_1_51' title="bbox 1754 2093 3342 2164; baseline -0.001 -17"><span class='ocrx_word' id='word_1_366' title='bbox 1754 2109 1850 2162; x_wconf 86' lang='lat' dir='ltr'><strong>per</strong></span> <span class='ocrx_word' id='word_1_367' title='bbox 1878 2094 2110 2160; x_wconf 82' lang='lat' dir='ltr'><strong>ﬁstulas,</strong></span> <span class='ocrx_word' id='word_1_368' title='bbox 2145 2094 2218 2147; x_wconf 88' lang='lat' dir='ltr'><strong>ita</strong></span> <span class='ocrx_word' id='word_1_369' title='bbox 2266 2110 2362 2164; x_wconf 88' lang='lat' dir='ltr'><strong>per</strong></span> <span class='ocrx_word' id='word_1_370' title='bbox 2401 2093 2623 2147; x_wconf 86' lang='lat' dir='ltr'><strong>Mariam</strong></span> <span class='ocrx_word' id='word_1_371' title='bbox 2670 2093 2979 2158; x_wconf 84' lang='lat' dir='ltr'><strong>transierit;</strong></span> <span class='ocrx_word' id='word_1_372' title='bbox 3020 2094 3076 2145; x_wconf 92' lang='lat' dir='ltr'><strong>in</strong></span> <span class='ocrx_word' id='word_1_373' title='bbox 3107 2108 3342 2160; x_wconf 85' lang='lat' dir='ltr'><strong>eumque</strong></span> 
     </span>
    </p>
   </div>
   <div class='ocr_carea' id='block_1_52' title="bbox 1756 2185 3342 2257">
    <p class='ocr_par' dir='ltr' id='par_1_52' title="bbox 1756 2185 3342 2257">
     <span class='ocr_line' id='line_1_52' title="bbox 1756 2185 3342 2257; baseline 0.001 -20"><span class='ocrx_word' id='word_1_374' title='bbox 1756 2195 1964 2256; x_wconf 87' lang='lat' dir='ltr'><strong>postea,</strong></span> <span class='ocrx_word' id='word_1_375' title='bbox 1989 2203 2112 2240; x_wconf 88' lang='lat' dir='ltr'><strong>cum</strong></span> <span class='ocrx_word' id='word_1_376' title='bbox 2149 2188 2539 2257; x_wconf 86' lang='lat' dir='ltr'><strong>baptizaretur,</strong></span> <span class='ocrx_word' id='word_1_377' title='bbox 2573 2187 2676 2242; x_wconf 87' lang='lat' dir='ltr'><strong>sub</strong></span> <span class='ocrx_word' id='word_1_378' title='bbox 2697 2187 2962 2240; x_wconf 75' lang='lat' dir='ltr'><strong>columba:</strong></span> <span class='ocrx_word' id='word_1_379' title='bbox 2987 2185 3342 2240; x_wconf 76' lang='lat' dir='ltr'><strong>descendisse</strong></span> 
     </span>
    </p>
   </div>
   <div class='ocr_carea' id='block_1_53' title="bbox 1756 2277 3338 2350">
    <p class='ocr_par' dir='ltr' id='par_1_53' title="bbox 1756 2277 3338 2350">
     <span class='ocr_line' id='line_1_53' title="bbox 1756 2277 3338 2350; baseline -0.001 -18"><span class='ocrx_word' id='word_1_380' title='bbox 1756 2280 1939 2350; x_wconf 87' lang='lat' dir='ltr'><strong>specie</strong></span> <span class='ocrx_word' id='word_1_381' title='bbox 1970 2282 2201 2334; x_wconf 89' lang='lat' dir='ltr'><strong>alterum</strong></span> <span class='ocrx_word' id='word_1_382' title='bbox 2243 2280 2396 2334; x_wconf 89' lang='lat' dir='ltr'><strong>illum</strong></span> <span class='ocrx_word' id='word_1_383' title='bbox 2435 2280 2502 2334; x_wconf 87' lang='lat' dir='ltr'><strong>de</strong></span> <span class='ocrx_word' id='word_1_384' title='bbox 2546 2280 2844 2348; x_wconf 87' lang='lat' dir='ltr'><strong>pleroinate</strong></span> <span class='ocrx_word' id='word_1_385' title='bbox 2896 2277 3233 2331; x_wconf 85' lang='lat' dir='ltr'><strong>Salvatorein</strong></span> <span class='ocrx_word' id='word_1_386' title='bbox 3271 2293 3338 2331; x_wconf 72' lang='lat' dir='ltr'><strong>ex</strong></span> 
     </span>
    </p>
   </div>
   <div class='ocr_carea' id='block_1_54' title="bbox 1754 2367 3340 2423">
    <p class='ocr_par' dir='ltr' id='par_1_54' title="bbox 1754 2367 3340 2423">
     <span class='ocr_line' id='line_1_54' title="bbox 1754 2367 3340 2423; baseline -0.001 -1"><span class='ocrx_word' id='word_1_387' title='bbox 1754 2369 2009 2423; x_wconf 89' lang='lat' dir='ltr'><strong>omnibus</strong></span> <span class='ocrx_word' id='word_1_388' title='bbox 2033 2367 2326 2422; x_wconf 81' lang='lat' dir='ltr'><strong>conﬂatum</strong></span> <span class='ocrx_word' id='word_1_389' title='bbox 2351 2389 2363 2423; x_wconf 89' lang='lat'><strong>:</strong></span> <span class='ocrx_word' id='word_1_390' title='bbox 2389 2369 2500 2422; x_wconf 87' lang='lat' dir='ltr'><strong>inio</strong></span> <span class='ocrx_word' id='word_1_391' title='bbox 2515 2369 2677 2423; x_wconf 84' lang='lat' dir='ltr'><strong>etiam</strong></span> <span class='ocrx_word' id='word_1_392' title='bbox 2706 2375 2759 2422; x_wconf 90' lang='lat' dir='ltr'><strong>et</strong></span> <span class='ocrx_word' id='word_1_393' title='bbox 2780 2368 2951 2422; x_wconf 89' lang='lat' dir='ltr'><strong>eidem</strong></span> <span class='ocrx_word' id='word_1_394' title='bbox 2982 2368 3340 2422; x_wconf 86' lang='lat' dir='ltr'><strong>Achainotliis</strong></span> 
     </span>
    </p>
   </div>
   <div class='ocr_carea' id='block_1_55' title="bbox 1753 2458 3336 2530">
    <p class='ocr_par' dir='ltr' id='par_1_55' title="bbox 1753 2458 3336 2530">
     <span class='ocr_line' id='line_1_55' title="bbox 1753 2458 3336 2530; baseline -0.003 -14"><span class='ocrx_word' id='word_1_395' title='bbox 1753 2460 2001 2530; x_wconf 87' lang='lat' dir='ltr'><strong>spiritale</strong></span> <span class='ocrx_word' id='word_1_396' title='bbox 2040 2475 2226 2514; x_wconf 87' lang='lat' dir='ltr'><strong>semen</strong></span> <span class='ocrx_word' id='word_1_397' title='bbox 2273 2460 2498 2514; x_wconf 91' lang='lat' dir='ltr'><strong>insitum</strong></span> <span class='ocrx_word' id='word_1_398' title='bbox 2549 2459 2739 2514; x_wconf 80' lang='lat' dir='ltr'><strong>fuisse.</strong></span> <span class='ocrx_word' id='word_1_399' title='bbox 2788 2458 2941 2513; x_wconf 87' lang='lat' dir='ltr'><strong>Unde</strong></span> <span class='ocrx_word' id='word_1_400' title='bbox 2969 2461 3226 2528; x_wconf 83' lang='lat' dir='ltr'><strong>quatuor</strong></span> <span class='ocrx_word' id='word_1_401' title='bbox 3267 2475 3336 2512; x_wconf 73' lang='lat' dir='ltr'><strong>ex</strong></span> 
     </span>
    </p>
   </div>
   <div class='ocr_carea' id='block_1_56' title="bbox 1753 2551 3338 2620">
    <p class='ocr_par' dir='ltr' id='par_1_56' title="bbox 1753 2551 3338 2620">
     <span class='ocr_line' id='line_1_56' title="bbox 1753 2551 3338 2620; baseline -0.001 -16"><span class='ocrx_word' id='word_1_402' title='bbox 1753 2551 1860 2606; x_wconf 89' lang='lat' dir='ltr'><strong>illis</strong></span> <span class='ocrx_word' id='word_1_403' title='bbox 1888 2551 2254 2620; x_wconf 89' lang='lat' dir='ltr'><strong>compositum</strong></span> <span class='ocrx_word' id='word_1_404' title='bbox 2285 2567 2408 2606; x_wconf 88' lang='lat' dir='ltr'><strong>esse</strong></span> <span class='ocrx_word' id='word_1_405' title='bbox 2436 2551 2724 2604; x_wconf 90' lang='lat' dir='ltr'><strong>Dominum</strong></span> <span class='ocrx_word' id='word_1_406' title='bbox 2760 2560 3099 2614; x_wconf 81' lang='lat' dir='ltr'><strong>asseverant,</strong></span> <span class='ocrx_word' id='word_1_407' title='bbox 3132 2559 3190 2603; x_wconf 91' lang='lat' dir='ltr'><strong>ut</strong></span> <span class='ocrx_word' id='word_1_408' title='bbox 3221 2552 3338 2620; x_wconf 88' lang='lat' dir='ltr'><strong>pri-</strong></span> 
     </span>
    </p>
   </div>
   <div class='ocr_carea' id='block_1_57' title="bbox 1753 2641 3334 2712">
    <p class='ocr_par' dir='ltr' id='par_1_57' title="bbox 1753 2641 3334 2712">
     <span class='ocr_line' id='line_1_57' title="bbox 1753 2641 3334 2712; baseline 0.001 -19"><span class='ocrx_word' id='word_1_409' title='bbox 1753 2641 1940 2695; x_wconf 63' lang='lat' dir='ltr'><strong>maria:</strong></span> <span class='ocrx_word' id='word_1_410' title='bbox 1975 2642 2124 2695; x_wconf 90' lang='lat' dir='ltr'><strong>illius</strong></span> <span class='ocrx_word' id='word_1_411' title='bbox 2165 2657 2227 2695; x_wconf 91' lang='lat' dir='ltr'><strong>ac</strong></span> <span class='ocrx_word' id='word_1_412' title='bbox 2260 2641 2593 2712; x_wconf 70' lang='lat' dir='ltr'><strong>primigenia:</strong></span> <span class='ocrx_word' id='word_1_413' title='bbox 2633 2641 2884 2695; x_wconf 84' lang='lat' dir='ltr'><strong>Tetradis</strong></span> <span class='ocrx_word' id='word_1_414' title='bbox 2918 2641 3334 2696; x_wconf 87' lang='lat' dir='ltr'><strong>similitudinem</strong></span> 
     </span>
    </p>
   </div>
   <div class='ocr_carea' id='block_1_58' title="bbox 1750 2731 3338 2801">
    <p class='ocr_par' dir='ltr' id='par_1_58' title="bbox 1750 2731 3338 2801">
     <span class='ocr_line' id='line_1_58' title="bbox 1750 2731 3338 2801; baseline -0.001 -17"><span class='ocrx_word' id='word_1_415' title='bbox 1750 2731 2081 2800; x_wconf 85' lang='lat' dir='ltr'><strong>exprimeret</strong></span> <span class='ocrx_word' id='word_1_416' title='bbox 2120 2749 2132 2785; x_wconf 76' lang='grc' dir='ltr'><strong>ε</strong></span> <span class='ocrx_word' id='word_1_417' title='bbox 2176 2731 2432 2784; x_wconf 90' lang='lat' dir='ltr'><strong>nimirum</strong></span> <span class='ocrx_word' id='word_1_418' title='bbox 2467 2747 2498 2783; x_wconf 87' lang='lat' dir='ltr'><strong>e</strong></span> <span class='ocrx_word' id='word_1_419' title='bbox 2542 2731 2808 2801; x_wconf 83' lang='lat' dir='ltr'><strong>spiritali,</strong></span> <span class='ocrx_word' id='word_1_420' title='bbox 2860 2732 3002 2800; x_wconf 91' lang='lat' dir='ltr'><strong>quod</strong></span> <span class='ocrx_word' id='word_1_421' title='bbox 3049 2732 3117 2785; x_wconf 89' lang='lat' dir='ltr'><strong>ab</strong></span> <span class='ocrx_word' id='word_1_422' title='bbox 3158 2731 3338 2784; x_wconf 74' lang='lat' dir='ltr'><strong>Acha-</strong></span> 
     </span>
    </p>
   </div>
   <div class='ocr_carea' id='block_1_59' title="bbox 1751 2822 3335 2892">
    <p class='ocr_par' dir='ltr' id='par_1_59' title="bbox 1751 2822 3335 2892">
     <span class='ocr_line' id='line_1_59' title="bbox 1751 2822 3335 2892; baseline 0 -17"><span class='ocrx_word' id='word_1_423' title='bbox 1751 2822 1933 2876; x_wconf 87' lang='lat' dir='ltr'><strong>mothe</strong></span> <span class='ocrx_word' id='word_1_424' title='bbox 1971 2823 2274 2877; x_wconf 87' lang='lat' dir='ltr'><strong>derivatum</strong></span> <span class='ocrx_word' id='word_1_425' title='bbox 2309 2831 2425 2889; x_wconf 84' lang='lat' dir='ltr'><strong>est,</strong></span> <span class='ocrx_word' id='word_1_426' title='bbox 2469 2839 2532 2878; x_wconf 84' lang='lat' dir='ltr'><strong>ex</strong></span> <span class='ocrx_word' id='word_1_427' title='bbox 2569 2824 2812 2885; x_wconf 87' lang='lat' dir='ltr'><strong>animali,</strong></span> <span class='ocrx_word' id='word_1_428' title='bbox 2852 2824 2994 2892; x_wconf 87' lang='lat' dir='ltr'><strong>quod</strong></span> <span class='ocrx_word' id='word_1_429' title='bbox 3061 2839 3090 2876; x_wconf 90' lang='lat' dir='ltr'><strong>a</strong></span> <span class='ocrx_word' id='word_1_430' title='bbox 3135 2825 3335 2878; x_wconf 51' lang='lat' dir='ltr'><strong>Condi-</strong></span> 
     </span>
    </p>
   </div>
   <div class='ocr_carea' id='block_1_60' title="bbox 1750 2915 3331 2985">
    <p class='ocr_par' dir='ltr' id='par_1_60' title="bbox 1750 2915 3331 2985">
     <span class='ocr_line' id='line_1_60' title="bbox 1750 2915 3331 2985; baseline 0.003 -20"><span class='ocrx_word' id='word_1_431' title='bbox 1750 2921 1903 2980; x_wconf 90' lang='lat' dir='ltr'><strong>tore,</strong></span> <span class='ocrx_word' id='word_1_432' title='bbox 1939 2930 2006 2969; x_wconf 81' lang='lat' dir='ltr'><strong>ex</strong></span> <span class='ocrx_word' id='word_1_433' title='bbox 2055 2916 2431 2969; x_wconf 85' lang='lat' dir='ltr'><strong>incarnatione</strong></span> <span class='ocrx_word' id='word_1_434' title='bbox 2456 2956 2468 2980; x_wconf 93' lang='lat'><strong>,</strong></span> <span class='ocrx_word' id='word_1_435' title='bbox 2505 2917 2650 2984; x_wconf 88' lang='lat' dir='ltr'><strong>quod</strong></span> <span class='ocrx_word' id='word_1_436' title='bbox 2683 2916 3052 2985; x_wconf 58' lang='lat' dir='ltr'><strong>inexplicabili</strong></span> <span class='ocrx_word' id='word_1_437' title='bbox 3089 2915 3331 2984; x_wconf 87' lang='lat' dir='ltr'><strong>quodam</strong></span> 
     </span>
    </p>
   </div>
   <div class='ocr_carea' id='block_1_61' title="bbox 50 3006 1635 3095">
    <p class='ocr_par' dir='ltr' id='par_1_61' title="bbox 50 3018 1635 3095">
     <span class='ocr_line' id='line_1_61' title="bbox 50 3018 1635 3095; baseline 0.004 -22"><span class='ocrx_word' id='word_1_438' title='bbox 50 3024 108 3074; x_wconf 82' lang='grc' dir='ltr'>ἐκ</span> <span class='ocrx_word' id='word_1_439' title='bbox 129 3023 223 3076; x_wconf 85' lang='grc' dir='ltr'><strong>τοῦ</strong></span> <span class='ocrx_word' id='word_1_440' title='bbox 249 3023 530 3095; x_wconf 80' lang='grc' dir='ltr'>Σωτῆρος,</span> <span class='ocrx_word' id='word_1_441' title='bbox 553 3022 582 3074; x_wconf 79' lang='grc' dir='ltr'><strong>ὃ</strong></span> <span class='ocrx_word' id='word_1_442' title='bbox 602 3018 668 3093; x_wconf 79' lang='grc' dir='ltr'>ἦν</span> <span class='ocrx_word' id='word_1_443' title='bbox 686 3023 1024 3077; x_wconf 80' lang='grc' dir='ltr'>κατελθοῦσα</span> <span class='ocrx_word' id='word_1_444' title='bbox 1043 3025 1122 3086; x_wconf 82' lang='grc' dir='ltr'><strong>εἰς</strong></span> <span class='ocrx_word' id='word_1_445' title='bbox 1144 3023 1304 3075; x_wconf 74' lang='grc' dir='ltr'>αὑτὸν</span> <span class='ocrx_word' id='word_1_446' title='bbox 1323 3024 1635 3095; x_wconf 88' lang='grc' dir='ltr'>περιστερά.</span> 
     </span>
    </p>
   </div>
   <div class='ocr_carea' id='block_1_62' title="bbox 1755 3006 3331 3095">
    <p class='ocr_par' dir='ltr' id='par_1_62' title="bbox 1755 3006 3331 3071">
     <span class='ocr_line' id='line_1_62' title="bbox 1755 3006 3331 3071; baseline 0 -11"><span class='ocrx_word' id='word_1_447' title='bbox 1755 3013 1831 3060; x_wconf 83' lang='lat' dir='ltr'><strong>est</strong></span> <span class='ocrx_word' id='word_1_448' title='bbox 1855 3006 2086 3061; x_wconf 89' lang='lat' dir='ltr'><strong>artiﬁcio</strong></span> <span class='ocrx_word' id='word_1_449' title='bbox 2121 3013 2437 3061; x_wconf 80' lang='lat' dir='ltr'><strong>contextum</strong></span> <span class='ocrx_word' id='word_1_450' title='bbox 2466 3022 2478 3057; x_wconf 93' lang='lat'><strong>:</strong></span> <span class='ocrx_word' id='word_1_451' title='bbox 2508 3022 2570 3060; x_wconf 89' lang='lat' dir='ltr'><strong>ac</strong></span> <span class='ocrx_word' id='word_1_452' title='bbox 2596 3008 2812 3060; x_wconf 91' lang='lat' dir='ltr'><strong>demum</strong></span> <span class='ocrx_word' id='word_1_453' title='bbox 2843 3006 3192 3071; x_wconf 83' lang='lat' dir='ltr'><strong>eSalvatore,</strong></span> <span class='ocrx_word' id='word_1_454' title='bbox 3229 3022 3331 3061; x_wconf 91' lang='lat' dir='ltr'><strong>uoc</strong></span> 
     </span>
    </p>
   </div>
   <div class='ocr_carea' id='block_1_63' title="bbox 51 3114 1648 3186">
    <p class='ocr_par' dir='ltr' id='par_1_63' title="bbox 51 3114 1648 3186">
     <span class='ocr_line' id='line_1_63' title="bbox 51 3114 1648 3186; baseline -0.001 -18"><span class='ocrx_word' id='word_1_455' title='bbox 51 3116 153 3168; x_wconf 72' lang='grc' dir='ltr'>Καὶ</span> <span class='ocrx_word' id='word_1_456' title='bbox 186 3115 354 3169; x_wconf 86' lang='grc' dir='ltr'>τοῦτο</span> <span class='ocrx_word' id='word_1_457' title='bbox 379 3117 400 3144; x_wconf 84' lang='lat'><strong>’</strong></span> <span class='ocrx_word' id='word_1_458' title='bbox 453 3115 553 3185; x_wconf 85' lang='grc' dir='ltr'>μὲν</span> <span class='ocrx_word' id='word_1_459' title='bbox 592 3114 774 3185; x_wconf 81' lang='grc' dir='ltr'>ἀπαθῆ</span> <span class='ocrx_word' id='word_1_460' title='bbox 821 3114 1295 3185; x_wconf 76' lang='grc' dir='ltr'>διαμεμενηκέναι·</span> <span class='ocrx_word' id='word_1_461' title='bbox 1333 3117 1393 3167; x_wconf 85' lang='grc' dir='ltr'><strong>οὑ</strong></span> <span class='ocrx_word' id='word_1_462' title='bbox 1427 3114 1534 3186; x_wconf 81' lang='grc' dir='ltr'><strong>γὰρ</strong></span> <span class='ocrx_word' id='word_1_463' title='bbox 1563 3117 1648 3167; x_wconf 80' lang='grc' dir='ltr'><strong>ὲν-</strong></span> 
     </span>
    </p>
   </div>
   <div class='ocr_carea' id='block_1_64' title="bbox 58 3206 1647 3281">
    <p class='ocr_par' dir='ltr' id='par_1_64' title="bbox 58 3206 1647 3281">
     <span class='ocr_line' id='line_1_64' title="bbox 58 3206 1647 3281; baseline 0.003 -24"><span class='ocrx_word' id='word_1_464' title='bbox 58 3207 266 3276; x_wconf 80' lang='grc' dir='ltr'>εεέχετο</span> <span class='ocrx_word' id='word_1_465' title='bbox 299 3206 502 3260; x_wconf 83' lang='grc' dir='ltr'>παθεῖν</span> <span class='ocrx_word' id='word_1_466' title='bbox 544 3208 707 3260; x_wconf 73' lang='grc' dir='ltr'>αὐτὸν</span> <span class='ocrx_word' id='word_1_467' title='bbox 751 3209 1061 3278; x_wconf 84' lang='grc' dir='ltr'>ἀκράτητον</span> <span class='ocrx_word' id='word_1_468' title='bbox 1091 3211 1183 3260; x_wconf 70' lang='grc' dir='ltr'><strong>καὶ</strong></span> <span class='ocrx_word' id='word_1_469' title='bbox 1210 3209 1440 3278; x_wconf 85' lang='grc' dir='ltr'>ἀόρατον</span> <span class='ocrx_word' id='word_1_470' title='bbox 1473 3210 1647 3281; x_wconf 80' lang='grc' dir='ltr'>ὑπάρ-</span> 
     </span>
    </p>
   </div>
   <div class='ocr_carea' id='block_1_65' title="bbox 54 3294 1646 3372">
    <p class='ocr_par' dir='ltr' id='par_1_65' title="bbox 54 3294 1646 3372">
     <span class='ocr_line' id='line_1_65' title="bbox 54 3294 1646 3372; baseline 0.003 -23"><span class='ocrx_word' id='word_1_471' title='bbox 54 3316 228 3367; x_wconf 78' lang='grc' dir='ltr'>χοντα.</span> <span class='ocrx_word' id='word_1_472' title='bbox 256 3301 374 3353; x_wconf 79' lang='grc' dir='ltr'>Καὶ</span> <span class='ocrx_word' id='word_1_473' title='bbox 403 3299 496 3352; x_wconf 75' lang='grc' dir='ltr'><strong>διὰ</strong></span> <span class='ocrx_word' id='word_1_474' title='bbox 523 3299 681 3351; x_wconf 85' lang='grc' dir='ltr'>τοῦτο</span> <span class='ocrx_word' id='word_1_475' title='bbox 713 3294 880 3370; x_wconf 77' lang='grc' dir='ltr'>ἧρθαι</span> <span class='ocrx_word' id='word_1_476' title='bbox 922 3301 1334 3370; x_wconf 84' lang='grc' dir='ltr'>προσαγομένου</span> <span class='ocrx_word' id='word_1_477' title='bbox 1371 3301 1535 3354; x_wconf 85' lang='grc' dir='ltr'>αὑτοῦ</span> <span class='ocrx_word' id='word_1_478' title='bbox 1569 3301 1646 3372; x_wconf 80' lang='grc' dir='ltr'>τῷ</span> 
     </span>
    </p>
   </div>
   <div class='ocr_carea' id='block_1_66' title="bbox 55 3389 1639 3462">
    <p class='ocr_par' dir='ltr' id='par_1_66' title="bbox 55 3389 1639 3462">
     <span class='ocr_line' id='line_1_66' title="bbox 55 3389 1639 3462; baseline 0.003 -21"><span class='ocrx_word' id='word_1_479' title='bbox 55 3389 286 3462; x_wconf 79' lang='grc' dir='ltr'>Πιλᾶτῳ,</span> <span class='ocrx_word' id='word_1_480' title='bbox 322 3389 388 3443; x_wconf 78' lang='grc' dir='ltr'>τὸ</span> <span class='ocrx_word' id='word_1_481' title='bbox 432 3392 519 3452; x_wconf 77' lang='grc' dir='ltr'><strong>εἰς</strong></span> <span class='ocrx_word' id='word_1_482' title='bbox 566 3390 728 3442; x_wconf 72' lang='grc' dir='ltr'>αὑτὸν</span> <span class='ocrx_word' id='word_1_483' title='bbox 776 3389 1070 3442; x_wconf 82' lang='grc' dir='ltr'>κατατεθὲν</span> <span class='ocrx_word' id='word_1_484' title='bbox 1112 3390 1336 3460; x_wconf 87' lang='grc' dir='ltr'>Πνεῦμα</span> <span class='ocrx_word' id='word_1_485' title='bbox 1380 3390 1639 3461; x_wconf 79' lang='grc' dir='ltr'>Χριστοῦ.</span> 
     </span>
    </p>
   </div>
   <div class='ocr_carea' id='block_1_67' title="bbox 65 3477 1646 3551">
    <p class='ocr_par' dir='ltr' id='par_1_67' title="bbox 65 3477 1646 3551">
     <span class='ocr_line' id='line_1_67' title="bbox 65 3477 1646 3551; baseline 0.002 -21"><span class='ocrx_word' id='word_1_486' title='bbox 65 3480 195 3531; x_wconf 68' lang='grc' dir='ltr'>Ἀλλ’</span> <span class='ocrx_word' id='word_1_487' title='bbox 224 3481 353 3533; x_wconf 76' lang='grc' dir='ltr'>οὐδὲ</span> <span class='ocrx_word' id='word_1_488' title='bbox 387 3479 450 3531; x_wconf 79' lang='grc' dir='ltr'>τὸ</span> <span class='ocrx_word' id='word_1_489' title='bbox 483 3477 590 3531; x_wconf 84' lang='grc' dir='ltr'>ἀπὸ</span> <span class='ocrx_word' id='word_1_490' title='bbox 627 3479 728 3546; x_wconf 85' lang='grc' dir='ltr'>τῆς</span> <span class='ocrx_word' id='word_1_491' title='bbox 773 3478 999 3549; x_wconf 75' lang='grc' dir='ltr'>Μητρὸς</span> <span class='ocrx_word' id='word_1_492' title='bbox 1049 3477 1271 3551; x_wconf 86' lang='grc' dir='ltr'>σπέρμα</span> <span class='ocrx_word' id='word_1_493' title='bbox 1321 3480 1646 3533; x_wconf 77' lang='grc' dir='ltr'>πεπονθέναι</span> 
     </span>
    </p>
   </div>
   <div class='ocr_carea' id='block_1_68' title="bbox 55 3570 1645 3642">
    <p class='ocr_par' dir='ltr' id='par_1_68' title="bbox 55 3570 1645 3642">
     <span class='ocr_line' id='line_1_68' title="bbox 55 3570 1645 3642; baseline 0.003 -23"><span class='ocrx_word' id='word_1_494' title='bbox 55 3571 316 3640; x_wconf 59' lang='grc' dir='ltr'>λέγουσιν’</span> <span class='ocrx_word' id='word_1_495' title='bbox 359 3571 572 3634; x_wconf 82' lang='grc' dir='ltr'>ἀπαθὲς</span> <span class='ocrx_word' id='word_1_496' title='bbox 605 3570 713 3641; x_wconf 81' lang='grc' dir='ltr'><strong>γὰρ</strong></span> <span class='ocrx_word' id='word_1_497' title='bbox 748 3571 842 3624; x_wconf 71' lang='grc' dir='ltr'><strong>καὶ</strong></span> <span class='ocrx_word' id='word_1_498' title='bbox 874 3570 1006 3622; x_wconf 78' lang='grc' dir='ltr'>αὐτὸ</span> <span class='ocrx_word' id='word_1_499' title='bbox 1035 3571 1096 3623; x_wconf 80' lang='grc' dir='ltr'>τὸ</span> <span class='ocrx_word' id='word_1_500' title='bbox 1123 3571 1513 3642; x_wconf 80' lang='grc' dir='ltr'>πνευματικὸν,</span> <span class='ocrx_word' id='word_1_501' title='bbox 1551 3573 1645 3626; x_wconf 73' lang='grc' dir='ltr'><strong>καὶ</strong></span> 
     </span>
    </p>
   </div>
   <div class='ocr_carea' id='block_1_69' title="bbox 58 3661 1644 3734">
    <p class='ocr_par' dir='ltr' id='par_1_69' title="bbox 58 3661 1644 3734">
     <span class='ocr_line' id='line_1_69' title="bbox 58 3661 1644 3734; baseline 0.003 -20"><span class='ocrx_word' id='word_1_502' title='bbox 58 3664 194 3734; x_wconf 71' lang='grc' dir='ltr'>αὐτῷ</span> <span class='ocrx_word' id='word_1_503' title='bbox 228 3664 308 3734; x_wconf 78' lang='grc' dir='ltr'><strong>τῷ</strong></span> <span class='ocrx_word' id='word_1_504' title='bbox 357 3662 708 3733; x_wconf 78' lang='grc' dir='ltr'>Δημιουργῷ.</span> <span class='ocrx_word' id='word_1_505' title='bbox 743 3662 952 3715; x_wconf 78' lang='grc' dir='ltr'>Ἐπαθε</span> <span class='ocrx_word' id='word_1_506' title='bbox 989 3661 1045 3714; x_wconf 81' lang='grc' dir='ltr'><strong>δὲ</strong></span> <span class='ocrx_word' id='word_1_507' title='bbox 1084 3661 1268 3716; x_wconf 74' lang='grc' dir='ltr'>λοιπὸν</span> <span class='ocrx_word' id='word_1_508' title='bbox 1299 3665 1418 3717; x_wconf 82' lang='grc' dir='ltr'>κατ’</span> <span class='ocrx_word' id='word_1_509' title='bbox 1449 3666 1644 3728; x_wconf 80' lang='grc' dir='ltr'>αὐτοὺς</span> 
     </span>
    </p>
   </div>
   <div class='ocr_carea' id='block_1_70' title="bbox 55 3754 1640 3828">
    <p class='ocr_par' dir='ltr' id='par_1_70' title="bbox 55 3754 1640 3828">
     <span class='ocr_line' id='line_1_70' title="bbox 55 3754 1640 3828; baseline 0.001 -21"><span class='ocrx_word' id='word_1_510' title='bbox 55 3757 81 3807; x_wconf 81' lang='grc' dir='ltr'>ὁ</span> <span class='ocrx_word' id='word_1_511' title='bbox 116 3757 348 3828; x_wconf 55' lang='grc' dir='ltr'>ψυχικὸς</span> <span class='ocrx_word' id='word_1_512' title='bbox 390 3756 642 3826; x_wconf 83' lang='grc' dir='ltr'>Χριστὸς,</span> <span class='ocrx_word' id='word_1_513' title='bbox 672 3754 766 3808; x_wconf 70' lang='grc' dir='ltr'><strong>καὶ</strong></span> <span class='ocrx_word' id='word_1_514' title='bbox 812 3755 840 3805; x_wconf 87' lang='grc' dir='ltr'>ὁ</span> <span class='ocrx_word' id='word_1_515' title='bbox 887 3755 950 3806; x_wconf 80' lang='grc' dir='ltr'><strong>ὲκ</strong></span> <span class='ocrx_word' id='word_1_516' title='bbox 989 3754 1087 3824; x_wconf 83' lang='grc' dir='ltr'>τῆς</span> <span class='ocrx_word' id='word_1_517' title='bbox 1153 3755 1467 3826; x_wconf 85' lang='grc' dir='ltr'>οἰκονομίας</span> <span class='ocrx_word' id='word_1_518' title='bbox 1508 3773 1640 3808; x_wconf 88' lang='grc' dir='ltr'>κατ-</span> 
     </span>
    </p>
   </div>
   <div class='ocr_carea' id='block_1_71' title="bbox 56 3846 1638 3919">
    <p class='ocr_par' dir='ltr' id='par_1_71' title="bbox 56 3846 1638 3919">
     <span class='ocr_line' id='line_1_71' title="bbox 56 3846 1638 3919; baseline 0.003 -23"><span class='ocrx_word' id='word_1_519' title='bbox 56 3847 456 3918; x_wconf 72' lang='grc' dir='ltr'>ετκευασμένος</span> <span class='ocrx_word' id='word_1_520' title='bbox 509 3846 920 3917; x_wconf 86' lang='grc' dir='ltr'>μυστηριωδῶς,</span> <span class='ocrx_word' id='word_1_521' title='bbox 977 3846 1042 3899; x_wconf 83' lang='grc' dir='ltr'>ἵν’</span> <span class='ocrx_word' id='word_1_522' title='bbox 1079 3847 1318 3918; x_wconf 80' lang='grc' dir='ltr'>ἐπιδείξῃ</span> <span class='ocrx_word' id='word_1_523' title='bbox 1367 3847 1530 3900; x_wconf 80' lang='grc' dir='ltr'>αὑτοῦ</span> <span class='ocrx_word' id='word_1_524' title='bbox 1558 3849 1577 3878; x_wconf 90' lang='grc'>³</span> <span class='ocrx_word' id='word_1_525' title='bbox 1605 3851 1638 3919; x_wconf 79' lang='grc' dir='ltr'>ἡ</span> 
     </span>
    </p>
   </div>
   <div class='ocr_carea' id='block_1_72' title="bbox 59 3937 1639 4009">
    <p class='ocr_par' dir='ltr' id='par_1_72' title="bbox 59 3937 1639 4009">
     <span class='ocr_line' id='line_1_72' title="bbox 59 3937 1639 4009; baseline 0.002 -21"><span class='ocrx_word' id='word_1_526' title='bbox 59 3937 245 4009; x_wconf 65' lang='grc' dir='ltr'>Μήτηρ</span> <span class='ocrx_word' id='word_1_527' title='bbox 269 3939 366 3991; x_wconf 80' lang='grc' dir='ltr'>τὸν</span> <span class='ocrx_word' id='word_1_528' title='bbox 401 3937 570 3990; x_wconf 82' lang='grc' dir='ltr'>τύπον</span> <span class='ocrx_word' id='word_1_529' title='bbox 591 3937 684 3990; x_wconf 88' lang='grc' dir='ltr'><strong>τοῦ</strong></span> <span class='ocrx_word' id='word_1_530' title='bbox 719 3937 831 3990; x_wconf 77' lang='grc' dir='ltr'><strong>ἄνω</strong></span> <span class='ocrx_word' id='word_1_531' title='bbox 878 3937 1137 4008; x_wconf 80' lang='grc' dir='ltr'>Χριστοῦ,</span> <span class='ocrx_word' id='word_1_532' title='bbox 1179 3939 1387 3991; x_wconf 82' lang='grc' dir='ltr'>ἐκείνου</span> <span class='ocrx_word' id='word_1_533' title='bbox 1416 3937 1508 3990; x_wconf 91' lang='grc' dir='ltr'><strong>τοῦ</strong></span> <span class='ocrx_word' id='word_1_534' title='bbox 1540 3940 1639 3990; x_wconf 81' lang='grc' dir='ltr'>ὲπ-</span> 
     </span>
    </p>
   </div>
   <div class='ocr_carea' id='block_1_73' title="bbox 58 4027 1639 4104">
    <p class='ocr_par' dir='ltr' id='par_1_73' title="bbox 58 4027 1639 4104">
     <span class='ocr_line' id='line_1_73' title="bbox 58 4027 1639 4104; baseline 0.002 -25"><span class='ocrx_word' id='word_1_535' title='bbox 58 4029 382 4091; x_wconf 75' lang='grc' dir='ltr'>εκταθέντος</span> <span class='ocrx_word' id='word_1_536' title='bbox 407 4027 486 4098; x_wconf 77' lang='grc' dir='ltr'>τῷ</span> <span class='ocrx_word' id='word_1_537' title='bbox 518 4027 764 4099; x_wconf 83' lang='grc' dir='ltr'>Σταυρῴ,</span> <span class='ocrx_word' id='word_1_538' title='bbox 801 4028 894 4080; x_wconf 68' lang='grc' dir='ltr'><strong>καὶ</strong></span> <span class='ocrx_word' id='word_1_539' title='bbox 929 4027 1314 4099; x_wconf 75' lang='grc' dir='ltr'>μορφώσαντος</span> <span class='ocrx_word' id='word_1_540' title='bbox 1342 4030 1440 4104; x_wconf 75' lang='grc' dir='ltr'><strong>τὴν</strong></span> <span class='ocrx_word' id='word_1_541' title='bbox 1476 4031 1639 4100; x_wconf 84' lang='grc' dir='ltr'>Ἀχα-</span> 
     </span>
    </p>
   </div>
   <div class='ocr_carea' id='block_1_74' title="bbox 65 4117 1640 4192">
    <p class='ocr_par' dir='ltr' id='par_1_74' title="bbox 65 4117 1640 4192">
     <span class='ocr_line' id='line_1_74' title="bbox 65 4117 1640 4192; baseline 0.003 -23"><span class='ocrx_word' id='word_1_542' title='bbox 65 4117 166 4184; x_wconf 81' lang='grc' dir='ltr'><strong>μὼθ</strong></span> <span class='ocrx_word' id='word_1_543' title='bbox 205 4120 500 4190; x_wconf 72' lang='grc' dir='ltr'>μόρφωσιν</span> <span class='ocrx_word' id='word_1_544' title='bbox 539 4119 638 4189; x_wconf 82' lang='grc' dir='ltr'><strong>τήν</strong></span> <span class='ocrx_word' id='word_1_545' title='bbox 683 4119 802 4173; x_wconf 84' lang='grc' dir='ltr'>κατ’</span> <span class='ocrx_word' id='word_1_546' title='bbox 848 4119 1060 4172; x_wconf 61' lang='grc' dir='ltr'>οὐσίαν</span> <span class='ocrx_word' id='word_1_547' title='bbox 1105 4121 1283 4173; x_wconf 80' lang='grc' dir='ltr'>πάντα</span> <span class='ocrx_word' id='word_1_548' title='bbox 1326 4122 1433 4192; x_wconf 80' lang='grc' dir='ltr'><strong>γὰρ</strong></span> <span class='ocrx_word' id='word_1_549' title='bbox 1467 4121 1640 4174; x_wconf 87' lang='grc' dir='ltr'>ταῦτα</span> 
     </span>
    </p>
   </div>
   <div class='ocr_carea' id='block_1_75' title="bbox 61 4203 1640 4283">
    <p class='ocr_par' dir='ltr' id='par_1_75' title="bbox 61 4203 1640 4283">
     <span class='ocr_line' id='line_1_75' title="bbox 61 4203 1640 4283; baseline 0.005 -25"><span class='ocrx_word' id='word_1_550' title='bbox 61 4206 249 4272; x_wconf 75' lang='grc' dir='ltr'>τύπους</span> <span class='ocrx_word' id='word_1_551' title='bbox 291 4208 519 4261; x_wconf 78' lang='grc' dir='ltr'>ἐκείνων</span> <span class='ocrx_word' id='word_1_552' title='bbox 559 4203 697 4261; x_wconf 79' lang='grc' dir='ltr'>εἶναι</span> <span class='ocrx_word' id='word_1_553' title='bbox 730 4208 966 4275; x_wconf 80' lang='grc' dir='ltr'>λέγουσι.</span> <span class='ocrx_word' id='word_1_554' title='bbox 1011 4209 1121 4273; x_wconf 80' lang='grc' dir='ltr'><strong>Τὰς</strong></span> <span class='ocrx_word' id='word_1_555' title='bbox 1162 4211 1218 4263; x_wconf 86' lang='grc' dir='ltr'><strong>δὲ</strong></span> <span class='ocrx_word' id='word_1_556' title='bbox 1256 4213 1552 4283; x_wconf 78' lang='grc' dir='ltr'>ἐσχηκυίας</span> <span class='ocrx_word' id='word_1_557' title='bbox 1580 4213 1640 4266; x_wconf 79' lang='grc' dir='ltr'>τὸ</span> 
     </span>
    </p>
   </div>
   <div class='ocr_carea' id='block_1_76' title="bbox 64 4302 1638 4377">
    <p class='ocr_par' dir='ltr' id='par_1_76' title="bbox 64 4302 1638 4377">
     <span class='ocr_line' id='line_1_76' title="bbox 64 4302 1638 4377; baseline 0.006 -25"><span class='ocrx_word' id='word_1_558' title='bbox 64 4303 269 4374; x_wconf 73' lang='grc' dir='ltr'>σπέρμα</span> <span class='ocrx_word' id='word_1_559' title='bbox 308 4304 411 4374; x_wconf 81' lang='grc' dir='ltr'>τῆς</span> <span class='ocrx_word' id='word_1_560' title='bbox 451 4302 705 4374; x_wconf 83' lang='grc' dir='ltr'>Ἀχαμὼθ</span> <span class='ocrx_word' id='word_1_561' title='bbox 732 4303 910 4374; x_wconf 72' lang='grc' dir='ltr'>ψυχὰς</span> <span class='ocrx_word' id='word_1_562' title='bbox 942 4305 1198 4374; x_wconf 84' lang='grc' dir='ltr'>ἀμείνους</span> <span class='ocrx_word' id='word_1_563' title='bbox 1233 4307 1448 4376; x_wconf 86' lang='grc' dir='ltr'>λέγουσι</span> <span class='ocrx_word' id='word_1_564' title='bbox 1481 4325 1638 4377; x_wconf 88' lang='grc' dir='ltr'>γεγο-</span> 
     </span>
    </p>
   </div>
   <div class='ocr_carea' id='block_1_77' title="bbox 1747 3097 3330 3171">
    <p class='ocr_par' dir='ltr' id='par_1_77' title="bbox 1747 3097 3330 3171">
     <span class='ocr_line' id='line_1_77' title="bbox 1747 3097 3330 3171; baseline 0.003 -20"><span class='ocrx_word' id='word_1_565' title='bbox 1747 3106 1830 3151; x_wconf 88' lang='lat' dir='ltr'><strong>est</strong></span> <span class='ocrx_word' id='word_1_566' title='bbox 1860 3097 2112 3151; x_wconf 90' lang='lat' dir='ltr'><strong>columba</strong></span> <span class='ocrx_word' id='word_1_567' title='bbox 2142 3098 2233 3151; x_wconf 86' lang='lat' dir='ltr'><strong>illa</strong></span> <span class='ocrx_word' id='word_1_568' title='bbox 2267 3097 2333 3151; x_wconf 88' lang='lat' dir='ltr'><strong>de</strong></span> <span class='ocrx_word' id='word_1_569' title='bbox 2362 3097 2499 3152; x_wconf 65' lang='lat' dir='ltr'><strong>coalo</strong></span> <span class='ocrx_word' id='word_1_570' title='bbox 2538 3098 2784 3168; x_wconf 87' lang='lat' dir='ltr'><strong>delapsa.</strong></span> <span class='ocrx_word' id='word_1_571' title='bbox 2818 3099 2995 3169; x_wconf 80' lang='lat' dir='ltr'><strong>Atque</strong></span> <span class='ocrx_word' id='word_1_572' title='bbox 3028 3102 3174 3154; x_wconf 88' lang='lat' dir='ltr'><strong>hunc</strong></span> <span class='ocrx_word' id='word_1_573' title='bbox 3212 3102 3330 3171; x_wconf 88' lang='lat' dir='ltr'><strong>qui-</strong></span> 
     </span>
    </p>
   </div>
   <div class='ocr_carea' id='block_1_78' title="bbox 1746 3185 3336 3260">
    <p class='ocr_par' dir='ltr' id='par_1_78' title="bbox 1746 3185 3336 3260">
     <span class='ocr_line' id='line_1_78' title="bbox 1746 3185 3336 3260; baseline 0.004 -21"><span class='ocrx_word' id='word_1_574' title='bbox 1746 3185 1867 3240; x_wconf 89' lang='lat' dir='ltr'><strong>dem</strong></span> <span class='ocrx_word' id='word_1_575' title='bbox 1900 3186 2179 3256; x_wconf 84' lang='lat' dir='ltr'><strong>patibilem</strong></span> <span class='ocrx_word' id='word_1_576' title='bbox 2208 3202 2486 3256; x_wconf 85' lang='lat' dir='ltr'><strong>nunquam</strong></span> <span class='ocrx_word' id='word_1_577' title='bbox 2522 3188 2711 3254; x_wconf 80' lang='lat' dir='ltr'><strong>l&#39;uisse,</strong></span> <span class='ocrx_word' id='word_1_578' title='bbox 2744 3191 3003 3258; x_wconf 88' lang='lat' dir='ltr'><strong>quoniam</strong></span> <span class='ocrx_word' id='word_1_579' title='bbox 3031 3193 3139 3260; x_wconf 87' lang='lat' dir='ltr'><strong>pati</strong></span> <span class='ocrx_word' id='word_1_580' title='bbox 3165 3194 3336 3246; x_wconf 91' lang='lat' dir='ltr'><strong>omni-</strong></span> 
     </span>
    </p>
   </div>
   <div class='ocr_carea' id='block_1_79' title="bbox 1745 3277 3334 3352">
    <p class='ocr_par' dir='ltr' id='par_1_79' title="bbox 1745 3277 3334 3352">
     <span class='ocr_line' id='line_1_79' title="bbox 1745 3277 3334 3352; baseline 0.005 -21"><span class='ocrx_word' id='word_1_581' title='bbox 1745 3292 1816 3332; x_wconf 89' lang='lat' dir='ltr'><strong>no</strong></span> <span class='ocrx_word' id='word_1_582' title='bbox 1849 3287 2112 3346; x_wconf 88' lang='lat' dir='ltr'><strong>nequeat,</strong></span> <span class='ocrx_word' id='word_1_583' title='bbox 2164 3277 2308 3347; x_wconf 90' lang='lat' dir='ltr'><strong>quod</strong></span> <span class='ocrx_word' id='word_1_584' title='bbox 2370 3295 2545 3347; x_wconf 89' lang='lat' dir='ltr'><strong>neque</strong></span> <span class='ocrx_word' id='word_1_585' title='bbox 2597 3281 2905 3342; x_wconf 78' lang='lat' dir='ltr'><strong>contineri,</strong></span> <span class='ocrx_word' id='word_1_586' title='bbox 2951 3298 3128 3352; x_wconf 87' lang='lat' dir='ltr'><strong>neque</strong></span> <span class='ocrx_word' id='word_1_587' title='bbox 3160 3285 3334 3340; x_wconf 84' lang='lat' dir='ltr'><strong>oculis</strong></span> 
     </span>
    </p>
   </div>
   <div class='ocr_carea' id='block_1_80' title="bbox 1749 3369 3333 3446">
    <p class='ocr_par' dir='ltr' id='par_1_80' title="bbox 1749 3369 3333 3446">
     <span class='ocr_line' id='line_1_80' title="bbox 1749 3369 3333 3446; baseline 0.004 -22"><span class='ocrx_word' id='word_1_588' title='bbox 1749 3371 2004 3439; x_wconf 87' lang='lat' dir='ltr'><strong>usurpari</strong></span> <span class='ocrx_word' id='word_1_589' title='bbox 2044 3370 2240 3440; x_wconf 89' lang='lat' dir='ltr'><strong>possit.</strong></span> <span class='ocrx_word' id='word_1_590' title='bbox 2285 3369 2631 3441; x_wconf 86' lang='lat' dir='ltr'><strong>Proindcque</strong></span> <span class='ocrx_word' id='word_1_591' title='bbox 2673 3389 2798 3426; x_wconf 88' lang='lat' dir='ltr'><strong>cum</strong></span> <span class='ocrx_word' id='word_1_592' title='bbox 2840 3372 2906 3425; x_wconf 89' lang='lat' dir='ltr'><strong>ad</strong></span> <span class='ocrx_word' id='word_1_593' title='bbox 2942 3373 3173 3428; x_wconf 86' lang='lat' dir='ltr'><strong>Pilatum</strong></span> <span class='ocrx_word' id='word_1_594' title='bbox 3209 3393 3333 3446; x_wconf 76' lang='lat' dir='ltr'><strong>per-</strong></span> 
     </span>
    </p>
   </div>
   <div class='ocr_carea' id='block_1_81' title="bbox 1746 3463 3334 3536">
    <p class='ocr_par' dir='ltr' id='par_1_81' title="bbox 1746 3463 3334 3536">
     <span class='ocr_line' id='line_1_81' title="bbox 1746 3463 3334 3536; baseline 0.004 -19"><span class='ocrx_word' id='word_1_595' title='bbox 1746 3464 1944 3517; x_wconf 85' lang='lat' dir='ltr'><strong>ductus</strong></span> <span class='ocrx_word' id='word_1_596' title='bbox 1966 3471 2072 3527; x_wconf 91' lang='lat' dir='ltr'><strong>est,</strong></span> <span class='ocrx_word' id='word_1_597' title='bbox 2096 3463 2396 3517; x_wconf 91' lang='lat' dir='ltr'><strong>demissum</strong></span> <span class='ocrx_word' id='word_1_598' title='bbox 2431 3464 2485 3517; x_wconf 91' lang='lat' dir='ltr'><strong>in</strong></span> <span class='ocrx_word' id='word_1_599' title='bbox 2519 3481 2640 3518; x_wconf 90' lang='lat' dir='ltr'><strong>eum</strong></span> <span class='ocrx_word' id='word_1_600' title='bbox 2678 3465 2881 3520; x_wconf 52' lang='lat' dir='ltr'><strong>Christi</strong></span> <span class='ocrx_word' id='word_1_601' title='bbox 2920 3464 3188 3536; x_wconf 90' lang='lat' dir='ltr'><strong>Spiritum</strong></span> <span class='ocrx_word' id='word_1_602' title='bbox 3213 3485 3334 3524; x_wconf 83' lang='lat' dir='ltr'><strong>evo-</strong></span> 
     </span>
    </p>
   </div>
   <div class='ocr_carea' id='block_1_82' title="bbox 1746 3554 3331 3632">
    <p class='ocr_par' dir='ltr' id='par_1_82' title="bbox 1746 3554 3331 3632">
     <span class='ocr_line' id='line_1_82' title="bbox 1746 3554 3331 3632; baseline 0.006 -24"><span class='ocrx_word' id='word_1_603' title='bbox 1746 3555 1908 3610; x_wconf 88' lang='lat' dir='ltr'><strong>lasse.</strong></span> <span class='ocrx_word' id='word_1_604' title='bbox 1954 3554 2060 3609; x_wconf 86' lang='lat' dir='ltr'><strong>Sed</strong></span> <span class='ocrx_word' id='word_1_605' title='bbox 2097 3570 2273 3625; x_wconf 88' lang='lat' dir='ltr'><strong>neque</strong></span> <span class='ocrx_word' id='word_1_606' title='bbox 2301 3565 2609 3612; x_wconf 90' lang='lat' dir='ltr'><strong>maternum</strong></span> <span class='ocrx_word' id='word_1_607' title='bbox 2640 3559 2772 3613; x_wconf 91' lang='lat' dir='ltr'><strong>illud</strong></span> <span class='ocrx_word' id='word_1_608' title='bbox 2814 3575 2999 3615; x_wconf 89' lang='lat' dir='ltr'><strong>semen</strong></span> <span class='ocrx_word' id='word_1_609' title='bbox 3026 3560 3331 3632; x_wconf 87' lang='lat' dir='ltr'><strong>quidquam</strong></span> 
     </span>
    </p>
   </div>
   <div class='ocr_carea' id='block_1_83' title="bbox 1744 3648 3330 3723">
    <p class='ocr_par' dir='ltr' id='par_1_83' title="bbox 1744 3648 3330 3723">
     <span class='ocr_line' id='line_1_83' title="bbox 1744 3648 3330 3723; baseline 0.006 -23"><span class='ocrx_word' id='word_1_610' title='bbox 1744 3662 1867 3702; x_wconf 89' lang='lat' dir='ltr'><strong>esse</strong></span> <span class='ocrx_word' id='word_1_611' title='bbox 1908 3662 2229 3718; x_wconf 86' lang='lat' dir='ltr'><strong>perpessum</strong></span> <span class='ocrx_word' id='word_1_612' title='bbox 2276 3648 2468 3718; x_wconf 92' lang='lat' dir='ltr'><strong>:quod</strong></span> <span class='ocrx_word' id='word_1_613' title='bbox 2522 3649 2695 3704; x_wconf 83' lang='lat' dir='ltr'><strong>nihilo</strong></span> <span class='ocrx_word' id='word_1_614' title='bbox 2731 3652 2907 3722; x_wconf 77' lang='lat' dir='ltr'><strong>magis</strong></span> <span class='ocrx_word' id='word_1_615' title='bbox 2953 3655 3178 3723; x_wconf 88' lang='lat' dir='ltr'><strong>patibile</strong></span> <span class='ocrx_word' id='word_1_616' title='bbox 3225 3656 3330 3722; x_wconf 87' lang='lat' dir='ltr'><strong>sit,</strong></span> 
     </span>
    </p>
   </div>
   <div class='ocr_carea' id='block_1_84' title="bbox 1743 3741 3330 3819">
    <p class='ocr_par' dir='ltr' id='par_1_84' title="bbox 1743 3741 3330 3819">
     <span class='ocr_line' id='line_1_84' title="bbox 1743 3741 3330 3819; baseline 0.008 -28"><span class='ocrx_word' id='word_1_617' title='bbox 1743 3746 1933 3808; x_wconf 89' lang='lat' dir='ltr'><strong>utpote</strong></span> <span class='ocrx_word' id='word_1_618' title='bbox 1959 3741 2222 3809; x_wconf 83' lang='lat' dir='ltr'><strong>spiritale,</strong></span> <span class='ocrx_word' id='word_1_619' title='bbox 2248 3755 2350 3795; x_wconf 90' lang='lat' dir='ltr'><strong>nec</strong></span> <span class='ocrx_word' id='word_1_620' title='bbox 2374 3742 2456 3795; x_wconf 86' lang='lat' dir='ltr'><strong>vel</strong></span> <span class='ocrx_word' id='word_1_621' title='bbox 2488 3742 2588 3812; x_wconf 89' lang='lat' dir='ltr'><strong>ipsi</strong></span> <span class='ocrx_word' id='word_1_622' title='bbox 2622 3742 2902 3799; x_wconf 89' lang='lat' dir='ltr'><strong>Conditori</strong></span> <span class='ocrx_word' id='word_1_623' title='bbox 2927 3746 3146 3814; x_wconf 89' lang='lat' dir='ltr'><strong>quidem</strong></span> <span class='ocrx_word' id='word_1_624' title='bbox 3179 3764 3330 3819; x_wconf 85' lang='lat' dir='ltr'><strong>aspe-</strong></span> 
     </span>
    </p>
   </div>
   <div class='ocr_carea' id='block_1_85' title="bbox 1743 3829 3329 3905">
    <p class='ocr_par' dir='ltr' id='par_1_85' title="bbox 1743 3829 3329 3905">
     <span class='ocr_line' id='line_1_85' title="bbox 1743 3829 3329 3905; baseline 0.009 -23"><span class='ocrx_word' id='word_1_625' title='bbox 1743 3829 1965 3883; x_wconf 89' lang='lat' dir='ltr'><strong>ctabile.</strong></span> <span class='ocrx_word' id='word_1_626' title='bbox 2003 3831 2193 3885; x_wconf 73' lang='lat' dir='ltr'><strong>Restat</strong></span> <span class='ocrx_word' id='word_1_627' title='bbox 2225 3833 2389 3903; x_wconf 83' lang='lat' dir='ltr'><strong>igitur</strong></span> <span class='ocrx_word' id='word_1_628' title='bbox 2426 3841 2484 3886; x_wconf 84' lang='lat' dir='ltr'><strong>ut</strong></span> <span class='ocrx_word' id='word_1_629' title='bbox 2517 3835 2732 3888; x_wconf 90' lang='lat' dir='ltr'><strong>illorum</strong></span> <span class='ocrx_word' id='word_1_630' title='bbox 2767 3837 3028 3905; x_wconf 92' lang='lat' dir='ltr'><strong>opinione</strong></span> <span class='ocrx_word' id='word_1_631' title='bbox 3077 3842 3329 3897; x_wconf 88' lang='lat' dir='ltr'><strong>animalis</strong></span> 
     </span>
    </p>
   </div>
   <div class='ocr_carea' id='block_1_86' title="bbox 1744 3919 3326 4001">
    <p class='ocr_par' dir='ltr' id='par_1_86' title="bbox 1744 3919 3326 4001">
     <span class='ocr_line' id='line_1_86' title="bbox 1744 3919 3326 4001; baseline 0.011 -30"><span class='ocrx_word' id='word_1_632' title='bbox 1744 3919 1832 3974; x_wconf 93' lang='lat' dir='ltr'><strong>ille</strong></span> <span class='ocrx_word' id='word_1_633' title='bbox 1855 3919 2111 3977; x_wconf 83' lang='lat' dir='ltr'><strong>Christus</strong></span> <span class='ocrx_word' id='word_1_634' title='bbox 2140 3924 2210 3978; x_wconf 87' lang='lat' dir='ltr'><strong>sit</strong></span> <span class='ocrx_word' id='word_1_635' title='bbox 2244 3939 2462 3992; x_wconf 87' lang='lat' dir='ltr'><strong>passus,</strong></span> <span class='ocrx_word' id='word_1_636' title='bbox 2508 3925 2807 3994; x_wconf 89' lang='lat' dir='ltr'><strong>itidemque</strong></span> <span class='ocrx_word' id='word_1_637' title='bbox 2857 3935 2912 3980; x_wconf 84' lang='lat' dir='ltr'><strong>et</strong></span> <span class='ocrx_word' id='word_1_638' title='bbox 2947 3929 3084 3983; x_wconf 90' lang='lat' dir='ltr'><strong>alter</strong></span> <span class='ocrx_word' id='word_1_639' title='bbox 3115 3937 3220 4001; x_wconf 84' lang='lat' dir='ltr'><strong>qui</strong></span> <span class='ocrx_word' id='word_1_640' title='bbox 3257 3949 3326 3988; x_wconf 75' lang='lat' dir='ltr'><strong>ex</strong></span> 
     </span>
    </p>
   </div>
   <div class='ocr_carea' id='block_1_87' title="bbox 1741 4012 3323 4094">
    <p class='ocr_par' dir='ltr' id='par_1_87' title="bbox 1741 4012 3323 4094">
     <span class='ocr_line' id='line_1_87' title="bbox 1741 4012 3323 4094; baseline 0.009 -28"><span class='ocrx_word' id='word_1_641' title='bbox 1741 4012 2118 4070; x_wconf 88' lang='lat' dir='ltr'><strong>incarnatione</strong></span> <span class='ocrx_word' id='word_1_642' title='bbox 2151 4015 2416 4071; x_wconf 84' lang='lat' dir='ltr'><strong>conﬂatus</strong></span> <span class='ocrx_word' id='word_1_643' title='bbox 2467 4028 2572 4071; x_wconf 91' lang='lat' dir='ltr'><strong>est.</strong></span> <span class='ocrx_word' id='word_1_644' title='bbox 2607 4016 2764 4083; x_wconf 86' lang='lat' dir='ltr'><strong>Quod</strong></span> <span class='ocrx_word' id='word_1_645' title='bbox 2802 4034 2911 4073; x_wconf 91' lang='lat' dir='ltr'><strong>non</strong></span> <span class='ocrx_word' id='word_1_646' title='bbox 2948 4022 3069 4076; x_wconf 88' lang='lat' dir='ltr'><strong>sine</strong></span> <span class='ocrx_word' id='word_1_647' title='bbox 3115 4034 3323 4094; x_wconf 87' lang='lat' dir='ltr'><strong>myste-</strong></span> 
     </span>
    </p>
   </div>
   <div class='ocr_carea' id='block_1_88' title="bbox 1741 4104 3316 4184">
    <p class='ocr_par' dir='ltr' id='par_1_88' title="bbox 1741 4104 3316 4184">
     <span class='ocr_line' id='line_1_88' title="bbox 1741 4104 3316 4184; baseline 0.008 -27"><span class='ocrx_word' id='word_1_648' title='bbox 1741 4105 1825 4157; x_wconf 87' lang='lat' dir='ltr'><strong>rio</strong></span> <span class='ocrx_word' id='word_1_649' title='bbox 1857 4104 2161 4174; x_wconf 70' lang='lat' dir='ltr'><strong>perfectum</strong></span> <span class='ocrx_word' id='word_1_650' title='bbox 2194 4113 2300 4170; x_wconf 87' lang='lat' dir='ltr'><strong>est,</strong></span> <span class='ocrx_word' id='word_1_651' title='bbox 2335 4114 2394 4160; x_wconf 91' lang='lat' dir='ltr'><strong>ut</strong></span> <span class='ocrx_word' id='word_1_652' title='bbox 2428 4108 2630 4162; x_wconf 89' lang='lat' dir='ltr'><strong>summi</strong></span> <span class='ocrx_word' id='word_1_653' title='bbox 2657 4105 2804 4166; x_wconf 90' lang='lat' dir='ltr'><strong>illius</strong></span> <span class='ocrx_word' id='word_1_654' title='bbox 2830 4111 3036 4167; x_wconf 89' lang='lat' dir='ltr'><strong>Christi</strong></span> <span class='ocrx_word' id='word_1_655' title='bbox 3070 4129 3164 4184; x_wconf 90' lang='lat' dir='ltr'><strong>per</strong></span> <span class='ocrx_word' id='word_1_656' title='bbox 3191 4131 3316 4170; x_wconf 87' lang='lat' dir='ltr'><strong>eum</strong></span> 
     </span>
    </p>
   </div>
   <div class='ocr_carea' id='block_1_89' title="bbox 1740 4196 3324 4272">
    <p class='ocr_par' dir='ltr' id='par_1_89' title="bbox 1740 4196 3324 4272">
     <span class='ocr_line' id='line_1_89' title="bbox 1740 4196 3324 4272; baseline 0.01 -25"><span class='ocrx_word' id='word_1_657' title='bbox 1740 4196 1916 4250; x_wconf 81' lang='lat' dir='ltr'><strong>Mater</strong></span> <span class='ocrx_word' id='word_1_658' title='bbox 1949 4196 2235 4268; x_wconf 84' lang='lat' dir='ltr'><strong>imaginem</strong></span> <span class='ocrx_word' id='word_1_659' title='bbox 2269 4199 2571 4264; x_wconf 78' lang='lat' dir='ltr'><strong>exhiberet,</strong></span> <span class='ocrx_word' id='word_1_660' title='bbox 2613 4201 2704 4272; x_wconf 90' lang='lat' dir='ltr'><strong>qui</strong></span> <span class='ocrx_word' id='word_1_661' title='bbox 2742 4202 2798 4256; x_wconf 91' lang='lat' dir='ltr'><strong>in</strong></span> <span class='ocrx_word' id='word_1_662' title='bbox 2829 4203 3005 4259; x_wconf 90' lang='lat' dir='ltr'><strong>Cruce</strong></span> <span class='ocrx_word' id='word_1_663' title='bbox 3048 4205 3324 4268; x_wconf 86' lang='lat' dir='ltr'><strong>distentus</strong></span> 
     </span>
    </p>
   </div>
   <div class='ocr_carea' id='block_1_90' title="bbox 1743 4290 3320 4370">
    <p class='ocr_par' dir='ltr' id='par_1_90' title="bbox 1743 4290 3320 4370">
     <span class='ocr_line' id='line_1_90' title="bbox 1743 4290 3320 4370; baseline 0.009 -29"><span class='ocrx_word' id='word_1_664' title='bbox 1743 4290 2132 4346; x_wconf 85' lang='lat' dir='ltr'><strong>Aeliamothem</strong></span> <span class='ocrx_word' id='word_1_665' title='bbox 2189 4293 2513 4349; x_wconf 79' lang='lat' dir='ltr'><strong>substantia:</strong></span> <span class='ocrx_word' id='word_1_666' title='bbox 2548 4294 2938 4352; x_wconf 85' lang='lat' dir='ltr'><strong>informatione</strong></span> <span class='ocrx_word' id='word_1_667' title='bbox 2971 4301 3262 4370; x_wconf 88' lang='lat' dir='ltr'><strong>perpolivit</strong></span> <span class='ocrx_word' id='word_1_668' title='bbox 3304 4318 3320 4355; x_wconf 88' lang='lat'><strong>:</strong></span> 
     </span>
    </p>
   </div>
   <div class='ocr_carea' id='block_1_91' title="bbox 59 4380 1635 4470">
    <p class='ocr_par' dir='ltr' id='par_1_91' title="bbox 59 4395 1635 4470">
     <span class='ocr_line' id='line_1_91' title="bbox 59 4395 1635 4470; baseline 0.006 -25"><span class='ocrx_word' id='word_1_669' title='bbox 59 4395 192 4448; x_wconf 81' lang='grc' dir='ltr'>νέναι</span> <span class='ocrx_word' id='word_1_670' title='bbox 220 4397 337 4450; x_wconf 84' lang='grc' dir='ltr'><strong>τῶν</strong></span> <span class='ocrx_word' id='word_1_671' title='bbox 364 4395 591 4449; x_wconf 81' lang='grc' dir='ltr'>λοιπῶν·</span> <span class='ocrx_word' id='word_1_672' title='bbox 617 4396 696 4449; x_wconf 80' lang='grc' dir='ltr'><strong>διὸ</strong></span> <span class='ocrx_word' id='word_1_673' title='bbox 719 4398 812 4449; x_wconf 65' lang='grc' dir='ltr'><strong>καὶ</strong></span> <span class='ocrx_word' id='word_1_674' title='bbox 845 4397 1027 4450; x_wconf 85' lang='grc' dir='ltr'>πλεῖον</span> <span class='ocrx_word' id='word_1_675' title='bbox 1059 4397 1168 4450; x_wconf 92' lang='grc' dir='ltr'><strong>τῶν</strong></span> <span class='ocrx_word' id='word_1_676' title='bbox 1201 4398 1376 4452; x_wconf 79' lang='grc' dir='ltr'>ἄλλων</span> <span class='ocrx_word' id='word_1_677' title='bbox 1417 4400 1635 4470; x_wconf 82' lang='grc' dir='ltr'>ήγαπῆ-</span> 
     </span>
    </p>
   </div>
   <div class='ocr_carea' id='block_1_92' title="bbox 1755 4380 3316 4470">
    <p class='ocr_par' dir='ltr' id='par_1_92' title="bbox 1759 4381 3316 4459">
     <span class='ocr_line' id='line_1_92' title="bbox 1759 4381 3316 4459; baseline 0.01 -27"><span class='ocrx_word' id='word_1_678' title='bbox 1759 4396 1853 4434; x_wconf 72' lang='lat' dir='ltr'><strong>izec</strong></span> <span class='ocrx_word' id='word_1_679' title='bbox 1883 4381 2026 4434; x_wconf 90' lang='lat' dir='ltr'><strong>enim</strong></span> <span class='ocrx_word' id='word_1_680' title='bbox 2059 4383 2240 4436; x_wconf 89' lang='lat' dir='ltr'><strong>omnia</strong></span> <span class='ocrx_word' id='word_1_681' title='bbox 2275 4386 2621 4453; x_wconf 90' lang='lat' dir='ltr'><strong>superiorum</strong></span> <span class='ocrx_word' id='word_1_682' title='bbox 2653 4385 2870 4440; x_wconf 91' lang='lat' dir='ltr'><strong>illorum</strong></span> <span class='ocrx_word' id='word_1_683' title='bbox 2911 4389 3140 4459; x_wconf 79' lang='lat' dir='ltr'><strong>ﬁguram</strong></span> <span class='ocrx_word' id='word_1_684' title='bbox 3191 4407 3316 4446; x_wconf 86' lang='lat' dir='ltr'><strong>eon-</strong></span> 
     </span>
    </p>
   </div>
   <div class='ocr_carea' id='block_1_93' title="bbox 64 4479 1632 4562">
    <p class='ocr_par' dir='ltr' id='par_1_93' title="bbox 64 4479 1632 4562">
     <span class='ocr_line' id='line_1_93' title="bbox 64 4479 1632 4562; baseline 0.006 -26"><span class='ocrx_word' id='word_1_685' title='bbox 64 4485 172 4540; x_wconf 77' lang='grc' dir='ltr'>σθαι</span> <span class='ocrx_word' id='word_1_686' title='bbox 211 4488 325 4541; x_wconf 74' lang='grc' dir='ltr'>ὑπὸ</span> <span class='ocrx_word' id='word_1_687' title='bbox 357 4485 454 4539; x_wconf 90' lang='grc' dir='ltr'><strong>τοῦ</strong></span> <span class='ocrx_word' id='word_1_688' title='bbox 498 4486 864 4556; x_wconf 88' lang='grc' dir='ltr'>Δημιουργοῦ,</span> <span class='ocrx_word' id='word_1_689' title='bbox 921 4488 994 4559; x_wconf 82' lang='grc' dir='ltr'>μὴ</span> <span class='ocrx_word' id='word_1_690' title='bbox 1041 4479 1240 4553; x_wconf 74' lang='grc' dir='ltr'>εἰδότος</span> <span class='ocrx_word' id='word_1_691' title='bbox 1285 4490 1384 4562; x_wconf 83' lang='grc' dir='ltr'>τὴν</span> <span class='ocrx_word' id='word_1_692' title='bbox 1433 4492 1632 4556; x_wconf 86' lang='grc' dir='ltr'>αἰτίαν,</span> 
     </span>
    </p>
   </div>
   <div class='ocr_carea' id='block_1_94' title="bbox 59 4576 1384 4652">
    <p class='ocr_par' dir='ltr' id='par_1_94' title="bbox 59 4576 1384 4652">
     <span class='ocr_line' id='line_1_94' title="bbox 59 4576 1384 4652; baseline 0.001 -18"><span class='ocrx_word' id='word_1_693' title='bbox 197 4581 336 4652; x_wconf 83' lang='grc' dir='ltr'>παρ’</span> <span class='ocrx_word' id='word_1_694' title='bbox 363 4577 531 4632; x_wconf 75' lang='grc' dir='ltr'>αὑτοῦ</span> <span class='ocrx_word' id='word_1_695' title='bbox 558 4578 913 4650; x_wconf 78' lang='grc' dir='ltr'>λογιζομένου</span> <span class='ocrx_word' id='word_1_696' title='bbox 944 4576 1082 4633; x_wconf 72' lang='grc' dir='ltr'>εἶναι</span> <span class='ocrx_word' id='word_1_697' title='bbox 1110 4580 1384 4646; x_wconf 84' lang='grc' dir='ltr'>τοιαύτας.</span> 
     </span>
    </p>
   </div>
   <div class='ocr_carea' id='block_1_95' title="bbox 116 4842 1634 4923">
    <p class='ocr_par' dir='ltr' id='par_1_95' title="bbox 116 4842 1634 4923">
     <span class='ocr_line' id='line_1_95' title="bbox 116 4842 1634 4923; baseline 0.001 -25"><span class='ocrx_word' id='word_1_698' title='bbox 116 4847 198 4900; x_wconf 75' lang='grc' dir='ltr'><strong>Διδ</strong></span> <span class='ocrx_word' id='word_1_699' title='bbox 231 4844 333 4899; x_wconf 71' lang='grc' dir='ltr'>καὶ</span> <span class='ocrx_word' id='word_1_700' title='bbox 365 4845 448 4907; x_wconf 81' lang='grc' dir='ltr'><strong>εἰς</strong></span> <span class='ocrx_word' id='word_1_701' title='bbox 478 4845 784 4914; x_wconf 80' lang='grc' dir='ltr'>προφήτας,</span> <span class='ocrx_word' id='word_1_702' title='bbox 815 4843 999 4914; x_wconf 85' lang='grc' dir='ltr'>φασίν,</span> <span class='ocrx_word' id='word_1_703' title='bbox 1038 4842 1264 4896; x_wconf 76' lang='grc' dir='ltr'>ἕτασσεν</span> <span class='ocrx_word' id='word_1_704' title='bbox 1289 4843 1506 4908; x_wconf 71' lang='grc' dir='ltr'>αὐτοὺς,</span> <span class='ocrx_word' id='word_1_705' title='bbox 1542 4846 1634 4923; x_wconf 74' lang='grc' dir='ltr'><strong>καὶ</strong></span> 
     </span>
    </p>
   </div>
   <div class='ocr_carea' id='block_1_96' title="bbox 55 4935 1634 5009">
    <p class='ocr_par' dir='ltr' id='par_1_96' title="bbox 55 4935 1634 5009">
     <span class='ocr_line' id='line_1_96' title="bbox 55 4935 1634 5009; baseline 0.003 -24"><span class='ocrx_word' id='word_1_706' title='bbox 55 4953 83 4985; x_wconf 78' lang='grc' dir='ltr'><strong>.ε</strong></span> <span class='ocrx_word' id='word_1_707' title='bbox 102 4943 226 5009; x_wconf 82' lang='grc' dir='ltr'>ρεῖς,</span> <span class='ocrx_word' id='word_1_708' title='bbox 261 4937 362 4991; x_wconf 74' lang='grc' dir='ltr'>καὶ</span> <span class='ocrx_word' id='word_1_709' title='bbox 400 4935 659 5006; x_wconf 75' lang='grc' dir='ltr'>βασιλεῖςο</span> <span class='ocrx_word' id='word_1_710' title='bbox 700 4938 793 4990; x_wconf 58' lang='grc' dir='ltr'><strong>καὶ⁵</strong></span> <span class='ocrx_word' id='word_1_711' title='bbox 822 4936 992 4990; x_wconf 83' lang='grc' dir='ltr'>πολλὰ</span> <span class='ocrx_word' id='word_1_712' title='bbox 1024 4937 1127 4991; x_wconf 82' lang='grc' dir='ltr'>ὑπὸ</span> <span class='ocrx_word' id='word_1_713' title='bbox 1148 4937 1168 4968; x_wconf 63' lang='grc'>⁵</span> <span class='ocrx_word' id='word_1_714' title='bbox 1197 4936 1288 4990; x_wconf 89' lang='grc' dir='ltr'><strong>τοῦ</strong></span> <span class='ocrx_word' id='word_1_715' title='bbox 1321 4938 1634 5008; x_wconf 85' lang='grc' dir='ltr'>σπέρματος</span> 
     </span>
    </p>
   </div>
   <div class='ocr_carea' id='block_1_97' title="bbox 57 5027 1633 5100">
    <p class='ocr_par' dir='ltr' id='par_1_97' title="bbox 57 5027 1633 5100">
     <span class='ocr_line' id='line_1_97' title="bbox 57 5027 1633 5100; baseline 0.001 -20"><span class='ocrx_word' id='word_1_716' title='bbox 57 5031 222 5084; x_wconf 81' lang='grc' dir='ltr'>τούτου</span> <span class='ocrx_word' id='word_1_717' title='bbox 273 5028 534 5100; x_wconf 78' lang='grc' dir='ltr'>εἰρῆσθαι</span> <span class='ocrx_word' id='word_1_718' title='bbox 571 5027 659 5082; x_wconf 85' lang='grc' dir='ltr'><strong>διὰ</strong></span> <span class='ocrx_word' id='word_1_719' title='bbox 687 5028 795 5080; x_wconf 87' lang='grc' dir='ltr'><strong>τῶν</strong></span> <span class='ocrx_word' id='word_1_720' title='bbox 826 5029 1119 5100; x_wconf 79' lang='grc' dir='ltr'>προφητῶν</span> <span class='ocrx_word' id='word_1_721' title='bbox 1152 5027 1495 5098; x_wconf 80' lang='grc' dir='ltr'>ἐξηγοῦνται,</span> <span class='ocrx_word' id='word_1_722' title='bbox 1537 5029 1633 5083; x_wconf 81' lang='grc' dir='ltr'>ἆτε</span> 
     </span>
    </p>
   </div>
   <div class='ocr_carea' id='block_1_98' title="bbox 61 5118 1634 5191">
    <p class='ocr_par' dir='ltr' id='par_1_98' title="bbox 61 5118 1634 5191">
     <span class='ocr_line' id='line_1_98' title="bbox 61 5118 1634 5191; baseline 0 -21"><span class='ocrx_word' id='word_1_723' title='bbox 61 5121 383 5191; x_wconf 53' lang='grc' dir='ltr'>ὑῷηλοτέρας</span> <span class='ocrx_word' id='word_1_724' title='bbox 413 5120 628 5188; x_wconf 80' lang='grc' dir='ltr'>φύσεως</span> <span class='ocrx_word' id='word_1_725' title='bbox 664 5118 1019 5191; x_wconf 82' lang='grc' dir='ltr'>ὑπαρχούσας</span> <span class='ocrx_word' id='word_1_726' title='bbox 1041 5121 1085 5175; x_wconf 83' lang='grc'><strong>⁸,</strong></span> <span class='ocrx_word' id='word_1_727' title='bbox 1123 5119 1298 5172; x_wconf 81' lang='grc' dir='ltr'>Πολλὰ</span> <span class='ocrx_word' id='word_1_728' title='bbox 1332 5118 1387 5171; x_wconf 82' lang='grc' dir='ltr'><strong>δὲ</strong></span> <span class='ocrx_word' id='word_1_729' title='bbox 1417 5119 1512 5171; x_wconf 76' lang='grc' dir='ltr'><strong>καὶ</strong></span> <span class='ocrx_word' id='word_1_730' title='bbox 1531 5118 1634 5188; x_wconf 79' lang='grc' dir='ltr'>’τὴν</span> 
     </span>
    </p>
   </div>
   <div class='ocr_carea' id='block_1_99' title="bbox 57 5210 1632 5284">
    <p class='ocr_par' dir='ltr' id='par_1_99' title="bbox 57 5210 1632 5284">
     <span class='ocr_line' id='line_1_99' title="bbox 57 5210 1632 5284; baseline 0.002 -23"><span class='ocrx_word' id='word_1_731' title='bbox 57 5212 260 5283; x_wconf 76' lang='grc' dir='ltr'>Μητέρα</span> <span class='ocrx_word' id='word_1_732' title='bbox 294 5213 424 5284; x_wconf 78' lang='grc' dir='ltr'>περὶ</span> <span class='ocrx_word' id='word_1_733' title='bbox 453 5211 565 5264; x_wconf 89' lang='grc' dir='ltr'><strong>τῶν</strong></span> <span class='ocrx_word' id='word_1_734' title='bbox 588 5211 844 5283; x_wconf 85' lang='grc' dir='ltr'>ἀνωτέρω</span> <span class='ocrx_word' id='word_1_735' title='bbox 877 5211 1160 5283; x_wconf 77' lang='grc' dir='ltr'>εἰρηκέναι</span> <span class='ocrx_word' id='word_1_736' title='bbox 1191 5211 1460 5280; x_wconf 86' lang='grc' dir='ltr'>λέγουσιν,</span> <span class='ocrx_word' id='word_1_737' title='bbox 1496 5210 1632 5264; x_wconf 80' lang='grc' dir='ltr'>ἀλλὰ</span> 
     </span>
    </p>
   </div>
   <div class='ocr_carea' id='block_1_100' title="bbox 59 5301 1628 5374">
    <p class='ocr_par' dir='ltr' id='par_1_100' title="bbox 59 5301 1628 5374">
     <span class='ocr_line' id='line_1_100' title="bbox 59 5301 1628 5374; baseline 0.003 -21"><span class='ocrx_word' id='word_1_738' title='bbox 59 5306 128 5356; x_wconf 68' lang='grc' dir='ltr'><strong>καὶ</strong></span> <span class='ocrx_word' id='word_1_739' title='bbox 147 5307 234 5360; x_wconf 78' lang='grc' dir='ltr'><strong>διὰ</strong></span> <span class='ocrx_word' id='word_1_740' title='bbox 259 5305 458 5358; x_wconf 84' lang='grc' dir='ltr'>τούτου</span> <span class='ocrx_word' id='word_1_741' title='bbox 479 5304 572 5356; x_wconf 64' lang='grc' dir='ltr'><strong>καὶ⁵</strong></span> <span class='ocrx_word' id='word_1_742' title='bbox 599 5304 706 5355; x_wconf 87' lang='grc' dir='ltr'><strong>τῶν</strong></span> <span class='ocrx_word' id='word_1_743' title='bbox 737 5302 843 5355; x_wconf 73' lang='grc' dir='ltr'>ὑπὸ</span> <span class='ocrx_word' id='word_1_744' title='bbox 868 5306 1054 5356; x_wconf 84' lang='grc' dir='ltr'>τούτου</span> <span class='ocrx_word' id='word_1_745' title='bbox 1083 5304 1387 5374; x_wconf 86' lang='grc' dir='ltr'>γενομένων</span> <span class='ocrx_word' id='word_1_746' title='bbox 1421 5301 1628 5372; x_wconf 75' lang='grc' dir='ltr'>ψυχῶν.</span> 
     </span>
    </p>
   </div>
   <div class='ocr_carea' id='block_1_101' title="bbox 59 5394 1624 5466">
    <p class='ocr_par' dir='ltr' id='par_1_101' title="bbox 59 5394 1624 5466">
     <span class='ocr_line' id='line_1_101' title="bbox 59 5394 1624 5466; baseline 0.001 -20"><span class='ocrx_word' id='word_1_747' title='bbox 59 5394 142 5448; x_wconf 74' lang='grc' dir='ltr'><strong>Καὶ</strong></span> <span class='ocrx_word' id='word_1_748' title='bbox 167 5397 359 5450; x_wconf 72' lang='grc' dir='ltr'>λοιπὸν</span> <span class='ocrx_word' id='word_1_749' title='bbox 393 5395 657 5466; x_wconf 83' lang='grc' dir='ltr'>τέμνουσι</span> <span class='ocrx_word' id='word_1_750' title='bbox 688 5396 786 5457; x_wconf 79' lang='grc' dir='ltr'>τὰς</span> <span class='ocrx_word' id='word_1_751' title='bbox 815 5395 1172 5466; x_wconf 73' lang='grc' dir='ltr'>προφητείας,</span> <span class='ocrx_word' id='word_1_752' title='bbox 1209 5395 1268 5447; x_wconf 75' lang='grc' dir='ltr'>τὸ</span> <span class='ocrx_word' id='word_1_753' title='bbox 1303 5394 1401 5465; x_wconf 87' lang='grc' dir='ltr'><strong>μέν</strong></span> <span class='ocrx_word' id='word_1_754' title='bbox 1429 5411 1480 5447; x_wconf 89' lang='grc' dir='ltr'><strong>τι</strong></span> <span class='ocrx_word' id='word_1_755' title='bbox 1517 5394 1624 5447; x_wconf 80' lang='grc' dir='ltr'>ἀπὸ</span> 
     </span>
    </p>
   </div>
   <div class='ocr_carea' id='block_1_102' title="bbox 58 5484 1618 5559">
    <p class='ocr_par' dir='ltr' id='par_1_102' title="bbox 58 5484 1618 5559">
     <span class='ocr_line' id='line_1_102' title="bbox 58 5484 1618 5559; baseline -0.002 -18"><span class='ocrx_word' id='word_1_756' title='bbox 58 5484 133 5556; x_wconf 68' lang='grc' dir='ltr'>τῆς</span> <span class='ocrx_word' id='word_1_757' title='bbox 155 5488 387 5559; x_wconf 76' lang='grc' dir='ltr'>Μητρὸς</span> <span class='ocrx_word' id='word_1_758' title='bbox 414 5485 665 5559; x_wconf 79' lang='grc' dir='ltr'>εἰρῆσθαι</span> <span class='ocrx_word' id='word_1_759' title='bbox 693 5485 960 5551; x_wconf 76' lang='grc' dir='ltr'>θέλοντες,</span> <span class='ocrx_word' id='word_1_760' title='bbox 984 5485 1042 5539; x_wconf 84' lang='grc' dir='ltr'><strong>τὸ</strong></span> <span class='ocrx_word' id='word_1_761' title='bbox 1061 5487 1116 5540; x_wconf 83' lang='grc' dir='ltr'>δέ</span> <span class='ocrx_word' id='word_1_762' title='bbox 1136 5503 1187 5539; x_wconf 88' lang='grc' dir='ltr'><strong>τι</strong></span> <span class='ocrx_word' id='word_1_763' title='bbox 1209 5485 1316 5539; x_wconf 80' lang='grc' dir='ltr'><strong>ἀπὸ</strong></span> <span class='ocrx_word' id='word_1_764' title='bbox 1340 5484 1432 5539; x_wconf 89' lang='grc' dir='ltr'><strong>τοῦ</strong></span> <span class='ocrx_word' id='word_1_765' title='bbox 1456 5485 1618 5557; x_wconf 79' lang='grc' dir='ltr'>σπέρο</span> 
     </span>
    </p>
   </div>
   <div class='ocr_carea' id='block_1_103' title="bbox 1743 4473 3323 4539">
    <p class='ocr_par' dir='ltr' id='par_1_103' title="bbox 1743 4473 3323 4539">
     <span class='ocr_line' id='line_1_103' title="bbox 1743 4473 3323 4539; baseline 0.007 -13"><span class='ocrx_word' id='word_1_766' title='bbox 1743 4475 1936 4528; x_wconf 88' lang='lat' dir='ltr'><strong>tinere.</strong></span> <span class='ocrx_word' id='word_1_767' title='bbox 1982 4473 2113 4539; x_wconf 74' lang='lat' dir='ltr'><strong>Quze</strong></span> <span class='ocrx_word' id='word_1_768' title='bbox 2169 4491 2293 4529; x_wconf 88' lang='lat' dir='ltr'><strong>vero</strong></span> <span class='ocrx_word' id='word_1_769' title='bbox 2342 4476 2535 4529; x_wconf 67' lang='lat' dir='ltr'><strong>anima:</strong></span> <span class='ocrx_word' id='word_1_770' title='bbox 2567 4476 2926 4533; x_wconf 84' lang='lat' dir='ltr'><strong>Achamothis</strong></span> <span class='ocrx_word' id='word_1_771' title='bbox 2963 4481 3170 4536; x_wconf 89' lang='lat' dir='ltr'><strong>semine</strong></span> <span class='ocrx_word' id='word_1_772' title='bbox 3213 4485 3323 4537; x_wconf 86' lang='lat' dir='ltr'><strong>sint</strong></span> 
     </span>
    </p>
   </div>
   <div class='ocr_carea' id='block_1_104' title="bbox 1740 4569 3322 4646">
    <p class='ocr_par' dir='ltr' id='par_1_104' title="bbox 1740 4569 3322 4646">
     <span class='ocr_line' id='line_1_104' title="bbox 1740 4569 3322 4646; baseline 0.008 -28"><span class='ocrx_word' id='word_1_773' title='bbox 1740 4581 2007 4636; x_wconf 65' lang='lat' dir='ltr'><strong>aspersas,</strong></span> <span class='ocrx_word' id='word_1_774' title='bbox 2057 4583 2151 4622; x_wconf 92' lang='lat' dir='ltr'><strong>eas</strong></span> <span class='ocrx_word' id='word_1_775' title='bbox 2184 4569 2398 4622; x_wconf 72' lang='lat' dir='ltr'><strong>caeteris</strong></span> <span class='ocrx_word' id='word_1_776' title='bbox 2451 4584 2573 4624; x_wconf 92' lang='lat' dir='ltr'><strong>esse</strong></span> <span class='ocrx_word' id='word_1_777' title='bbox 2613 4571 2888 4637; x_wconf 89' lang='lat' dir='ltr'><strong>meliores,</strong></span> <span class='ocrx_word' id='word_1_778' title='bbox 2917 4580 3080 4642; x_wconf 91' lang='lat' dir='ltr'><strong>atque</strong></span> <span class='ocrx_word' id='word_1_779' title='bbox 3111 4575 3322 4646; x_wconf 89' lang='lat' dir='ltr'><strong>impen-</strong></span> 
     </span>
    </p>
   </div>
   <div class='ocr_carea' id='block_1_105' title="bbox 1740 4657 3321 4731">
    <p class='ocr_par' dir='ltr' id='par_1_105' title="bbox 1740 4657 3321 4731">
     <span class='ocr_line' id='line_1_105' title="bbox 1740 4657 3321 4731; baseline 0.007 -19"><span class='ocrx_word' id='word_1_780' title='bbox 1740 4657 1858 4712; x_wconf 88' lang='lat' dir='ltr'><strong>sius</strong></span> <span class='ocrx_word' id='word_1_781' title='bbox 1887 4673 1915 4710; x_wconf 91' lang='lat' dir='ltr'><strong>a</strong></span> <span class='ocrx_word' id='word_1_782' title='bbox 1948 4659 2246 4713; x_wconf 66' lang='lat' dir='ltr'><strong>(Tonditore</strong></span> <span class='ocrx_word' id='word_1_783' title='bbox 2277 4660 2429 4728; x_wconf 80' lang='lat' dir='ltr'><strong>diligi</strong></span> <span class='ocrx_word' id='word_1_784' title='bbox 2456 4675 2468 4712; x_wconf 93' lang='lat'>:</span> <span class='ocrx_word' id='word_1_785' title='bbox 2495 4661 2587 4731; x_wconf 90' lang='lat' dir='ltr'><strong>qui</strong></span> <span class='ocrx_word' id='word_1_786' title='bbox 2613 4662 2734 4730; x_wconf 88' lang='lat' dir='ltr'><strong>ejus</strong></span> <span class='ocrx_word' id='word_1_787' title='bbox 2773 4671 2954 4718; x_wconf 87' lang='lat' dir='ltr'><strong>tamen</strong></span> <span class='ocrx_word' id='word_1_788' title='bbox 2987 4665 3062 4720; x_wconf 88' lang='lat' dir='ltr'><strong>rei</strong></span> <span class='ocrx_word' id='word_1_789' title='bbox 3094 4681 3321 4723; x_wconf 89' lang='lat' dir='ltr'><strong>causam</strong></span> 
     </span>
    </p>
   </div>
   <div class='ocr_carea' id='block_1_106' title="bbox 1739 4750 3311 4828">
    <p class='ocr_par' dir='ltr' id='par_1_106' title="bbox 1739 4750 3311 4828">
     <span class='ocr_line' id='line_1_106' title="bbox 1739 4750 3311 4828; baseline 0.006 -24"><span class='ocrx_word' id='word_1_790' title='bbox 1739 4765 1848 4804; x_wconf 88' lang='lat' dir='ltr'><strong>non</strong></span> <span class='ocrx_word' id='word_1_791' title='bbox 1881 4750 2194 4820; x_wconf 78' lang='lat' dir='ltr'><strong>intelligens</strong></span> <span class='ocrx_word' id='word_1_792' title='bbox 2240 4767 2307 4805; x_wconf 85' lang='lat' dir='ltr'><strong>ex</strong></span> <span class='ocrx_word' id='word_1_793' title='bbox 2358 4767 2479 4807; x_wconf 88' lang='lat' dir='ltr'><strong>sese</strong></span> <span class='ocrx_word' id='word_1_794' title='bbox 2509 4752 2630 4808; x_wconf 88' lang='lat' dir='ltr'><strong>illas</strong></span> <span class='ocrx_word' id='word_1_795' title='bbox 2662 4754 2933 4823; x_wconf 88' lang='lat' dir='ltr'><strong>ejusmodi</strong></span> <span class='ocrx_word' id='word_1_796' title='bbox 2963 4771 3085 4812; x_wconf 91' lang='lat' dir='ltr'><strong>esse</strong></span> <span class='ocrx_word' id='word_1_797' title='bbox 3135 4769 3311 4828; x_wconf 87' lang='lat' dir='ltr'><strong>putet.</strong></span> 
     </span>
    </p>
   </div>
   <div class='ocr_carea' id='block_1_107' title="bbox 1812 4841 3317 4924">
    <p class='ocr_par' dir='ltr' id='par_1_107' title="bbox 1812 4841 3317 4924">
     <span class='ocr_line' id='line_1_107' title="bbox 1812 4841 3317 4924; baseline 0.01 -30"><span class='ocrx_word' id='word_1_798' title='bbox 1812 4841 2179 4907; x_wconf 88' lang='lat' dir='ltr'><strong>Quamobrem</strong></span> <span class='ocrx_word' id='word_1_799' title='bbox 2201 4844 2570 4914; x_wconf 79' lang='lat' dir='ltr'><strong>proplietasex</strong></span> <span class='ocrx_word' id='word_1_800' title='bbox 2594 4847 2678 4910; x_wconf 90' lang='lat' dir='ltr'><strong>iis,</strong></span> <span class='ocrx_word' id='word_1_801' title='bbox 2702 4847 2783 4903; x_wconf 89' lang='lat' dir='ltr'><strong>vel</strong></span> <span class='ocrx_word' id='word_1_802' title='bbox 2802 4848 3139 4916; x_wconf 87' lang='lat' dir='ltr'><strong>sacerdotes,</strong></span> <span class='ocrx_word' id='word_1_803' title='bbox 3159 4852 3317 4924; x_wconf 77' lang='lat'><strong>192</strong></span> 
     </span>
    </p>
   </div>
   <div class='ocr_carea' id='block_1_108' title="bbox 1739 4933 3337 5020">
    <p class='ocr_par' dir='ltr' id='par_1_108' title="bbox 1739 4933 3337 5020">
     <span class='ocr_line' id='line_1_108' title="bbox 1739 4933 3337 5020; baseline 0.008 -33"><span class='ocrx_word' id='word_1_804' title='bbox 1739 4933 1823 4990; x_wconf 88' lang='lat' dir='ltr'><strong>vel</strong></span> <span class='ocrx_word' id='word_1_805' title='bbox 1854 4951 2008 5004; x_wconf 80' lang='lat' dir='ltr'><strong>reges</strong></span> <span class='ocrx_word' id='word_1_806' title='bbox 2048 4937 2325 5002; x_wconf 82' lang='lat' dir='ltr'><strong>instituit;</strong></span> <span class='ocrx_word' id='word_1_807' title='bbox 2372 4953 2435 4991; x_wconf 90' lang='lat' dir='ltr'><strong>ac</strong></span> <span class='ocrx_word' id='word_1_808' title='bbox 2485 4939 2746 5009; x_wconf 90' lang='lat' dir='ltr'><strong>pleraque</strong></span> <span class='ocrx_word' id='word_1_809' title='bbox 2793 4956 2824 4995; x_wconf 86' lang='lat' dir='ltr'><strong>a</strong></span> <span class='ocrx_word' id='word_1_810' title='bbox 2873 4943 3153 5012; x_wconf 90' lang='lat' dir='ltr'><strong>prophetis</strong></span> <span class='ocrx_word' id='word_1_811' title='bbox 3192 4963 3337 5020; x_wconf 68' lang='grc' dir='ltr'><strong>ιπο-⁵</strong></span> 
     </span>
    </p>
   </div>
   <div class='ocr_carea' id='block_1_109' title="bbox 1741 5029 3320 5104">
    <p class='ocr_par' dir='ltr' id='par_1_109' title="bbox 1741 5029 3320 5104">
     <span class='ocr_line' id='line_1_109' title="bbox 1741 5029 3320 5104; baseline 0.004 -22"><span class='ocrx_word' id='word_1_812' title='bbox 1741 5029 1990 5083; x_wconf 86' lang='lat' dir='ltr'><strong>nuntiata</strong></span> <span class='ocrx_word' id='word_1_813' title='bbox 2021 5030 2086 5084; x_wconf 92' lang='lat' dir='ltr'><strong>de</strong></span> <span class='ocrx_word' id='word_1_814' title='bbox 2121 5029 2227 5084; x_wconf 87' lang='lat' dir='ltr'><strong>isto</strong></span> <span class='ocrx_word' id='word_1_815' title='bbox 2265 5031 2475 5084; x_wconf 89' lang='lat' dir='ltr'><strong>semine</strong></span> <span class='ocrx_word' id='word_1_816' title='bbox 2507 5031 2964 5101; x_wconf 86' lang='lat' dir='ltr'><strong>interpretantur,</strong></span> <span class='ocrx_word' id='word_1_817' title='bbox 2997 5035 3156 5104; x_wconf 80' lang='lat' dir='ltr'><strong>quasi</strong></span> <span class='ocrx_word' id='word_1_818' title='bbox 3199 5038 3320 5089; x_wconf 79' lang='lat' dir='ltr'><strong>illo-</strong></span> 
     </span>
    </p>
   </div>
   <div class='ocr_carea' id='block_1_110' title="bbox 1744 5120 3319 5192">
    <p class='ocr_par' dir='ltr' id='par_1_110' title="bbox 1744 5120 3319 5192">
     <span class='ocr_line' id='line_1_110' title="bbox 1744 5120 3319 5192; baseline 0.006 -19"><span class='ocrx_word' id='word_1_819' title='bbox 1744 5136 1866 5174; x_wconf 91' lang='lat' dir='ltr'><strong>rum</strong></span> <span class='ocrx_word' id='word_1_820' title='bbox 1917 5120 2111 5175; x_wconf 68' lang='lat' dir='ltr'><strong>anima:</strong></span> <span class='ocrx_word' id='word_1_821' title='bbox 2147 5131 2356 5176; x_wconf 72' lang='lat' dir='ltr'><strong>natura:</strong></span> <span class='ocrx_word' id='word_1_822' title='bbox 2387 5122 2672 5192; x_wconf 85' lang='lat' dir='ltr'><strong>cujusdam</strong></span> <span class='ocrx_word' id='word_1_823' title='bbox 2715 5125 3058 5181; x_wconf 90' lang='lat' dir='ltr'><strong>sublimioris</strong></span> <span class='ocrx_word' id='word_1_824' title='bbox 3092 5128 3319 5182; x_wconf 76' lang='lat' dir='ltr'><strong>exstite-</strong></span> 
     </span>
    </p>
   </div>
   <div class='ocr_carea' id='block_1_111' title="bbox 1740 5211 3318 5288">
    <p class='ocr_par' dir='ltr' id='par_1_111' title="bbox 1740 5211 3318 5288">
     <span class='ocr_line' id='line_1_111' title="bbox 1740 5211 3318 5288; baseline 0.006 -23"><span class='ocrx_word' id='word_1_825' title='bbox 1740 5213 1869 5267; x_wconf 88' lang='lat' dir='ltr'><strong>rint.</strong></span> <span class='ocrx_word' id='word_1_826' title='bbox 1907 5211 2235 5279; x_wconf 85' lang='lat' dir='ltr'><strong>Quinetiam</strong></span> <span class='ocrx_word' id='word_1_827' title='bbox 2295 5215 2362 5269; x_wconf 88' lang='lat' dir='ltr'><strong>de</strong></span> <span class='ocrx_word' id='word_1_828' title='bbox 2409 5215 2725 5271; x_wconf 86' lang='lat' dir='ltr'><strong>coelestibus</strong></span> <span class='ocrx_word' id='word_1_829' title='bbox 2775 5217 2942 5272; x_wconf 88' lang='lat' dir='ltr'><strong>multa</strong></span> <span class='ocrx_word' id='word_1_830' title='bbox 3005 5217 3318 5288; x_wconf 83' lang='lat' dir='ltr'><strong>disputasse</strong></span> 
     </span>
    </p>
   </div>
   <div class='ocr_carea' id='block_1_112' title="bbox 1740 5304 3316 5382">
    <p class='ocr_par' dir='ltr' id='par_1_112' title="bbox 1740 5304 3316 5382">
     <span class='ocr_line' id='line_1_112' title="bbox 1740 5304 3316 5382; baseline 0.008 -26"><span class='ocrx_word' id='word_1_831' title='bbox 1740 5304 1987 5370; x_wconf 83' lang='lat' dir='ltr'><strong>Matrem,</strong></span> <span class='ocrx_word' id='word_1_832' title='bbox 2017 5307 2189 5377; x_wconf 91' lang='lat' dir='ltr'><strong>deque</strong></span> <span class='ocrx_word' id='word_1_833' title='bbox 2221 5308 2420 5362; x_wconf 88' lang='lat' dir='ltr'><strong>animis</strong></span> <span class='ocrx_word' id='word_1_834' title='bbox 2450 5324 2588 5378; x_wconf 91' lang='lat' dir='ltr'><strong>quos</strong></span> <span class='ocrx_word' id='word_1_835' title='bbox 2617 5310 2702 5363; x_wconf 81' lang='lat' dir='ltr'><strong>vel</strong></span> <span class='ocrx_word' id='word_1_836' title='bbox 2737 5310 2847 5376; x_wconf 88' lang='lat' dir='ltr'><strong>ille,</strong></span> <span class='ocrx_word' id='word_1_837' title='bbox 2877 5312 2961 5366; x_wconf 86' lang='lat' dir='ltr'><strong>vel</strong></span> <span class='ocrx_word' id='word_1_838' title='bbox 2995 5313 3088 5382; x_wconf 91' lang='lat' dir='ltr'><strong>qui</strong></span> <span class='ocrx_word' id='word_1_839' title='bbox 3114 5313 3182 5367; x_wconf 87' lang='lat' dir='ltr'><strong>ab</strong></span> <span class='ocrx_word' id='word_1_840' title='bbox 3222 5314 3316 5369; x_wconf 76' lang='lat' dir='ltr'><strong>illo</strong></span> 
     </span>
    </p>
   </div>
   <div class='ocr_carea' id='block_1_113' title="bbox 1730 5398 3314 5476">
    <p class='ocr_par' dir='ltr' id='par_1_113' title="bbox 1730 5398 3314 5476">
     <span class='ocr_line' id='line_1_113' title="bbox 1730 5398 3314 5476; baseline 0.004 -23"><span class='ocrx_word' id='word_1_841' title='bbox 1730 5398 1949 5453; x_wconf 90' lang='lat' dir='ltr'><strong>oriundi</strong></span> <span class='ocrx_word' id='word_1_842' title='bbox 1990 5407 2119 5454; x_wconf 90' lang='lat' dir='ltr'><strong>sunt</strong></span> <span class='ocrx_word' id='word_1_843' title='bbox 2169 5401 2566 5471; x_wconf 77' lang='lat' dir='ltr'><strong>produxerunt.</strong></span> <span class='ocrx_word' id='word_1_844' title='bbox 2618 5401 2771 5459; x_wconf 90' lang='lat' dir='ltr'><strong>Unde</strong></span> <span class='ocrx_word' id='word_1_845' title='bbox 2816 5413 2871 5460; x_wconf 90' lang='lat' dir='ltr'><strong>et</strong></span> <span class='ocrx_word' id='word_1_846' title='bbox 2927 5407 3314 5476; x_wconf 74' lang='lat' dir='ltr'><strong>prophetarum</strong></span> 
     </span>
    </p>
   </div>
   <div class='ocr_carea' id='block_1_114' title="bbox 1732 5487 3316 5564">
    <p class='ocr_par' dir='ltr' id='par_1_114' title="bbox 1732 5487 3316 5564">
     <span class='ocr_line' id='line_1_114' title="bbox 1732 5487 3316 5564; baseline 0.008 -25"><span class='ocrx_word' id='word_1_847' title='bbox 1732 5487 1987 5542; x_wconf 87' lang='lat' dir='ltr'><strong>vaticinia</strong></span> <span class='ocrx_word' id='word_1_848' title='bbox 2031 5490 2106 5544; x_wconf 91' lang='lat' dir='ltr'><strong>ita</strong></span> <span class='ocrx_word' id='word_1_849' title='bbox 2149 5490 2496 5561; x_wconf 85' lang='lat' dir='ltr'><strong>partiuntur,</strong></span> <span class='ocrx_word' id='word_1_850' title='bbox 2532 5492 2780 5564; x_wconf 69' lang='lat' dir='ltr'><strong>quaedam</strong></span> <span class='ocrx_word' id='word_1_851' title='bbox 2822 5501 2880 5551; x_wconf 89' lang='lat' dir='ltr'><strong>ut</strong></span> <span class='ocrx_word' id='word_1_852' title='bbox 2921 5494 3082 5552; x_wconf 80' lang='lat' dir='ltr'><strong>eﬂ&#39;ata</strong></span> <span class='ocrx_word' id='word_1_853' title='bbox 3128 5495 3316 5552; x_wconf 85' lang='lat' dir='ltr'><strong>Matris</strong></span> 
     </span>
    </p>
   </div>
   <div class='ocr_carea' id='block_1_115' title="bbox 110 5635 1635 5717">
    <p class='ocr_par' dir='ltr' id='par_1_115' title="bbox 110 5635 1554 5699">
     <span class='ocr_line' id='line_1_115' title="bbox 110 5635 1554 5699; baseline -0.004 0"><span class='ocrx_word' id='word_1_854' title='bbox 110 5642 208 5699; x_wconf 80' lang='lat' dir='ltr'><strong>&#39;F.</strong></span> <span class='ocrx_word' id='word_1_855' title='bbox 245 5643 444 5697; x_wconf 73' lang='grc' dir='ltr'>τούτω</span> <span class='ocrx_word' id='word_1_856' title='bbox 475 5641 553 5696; x_wconf 83' lang='grc' dir='ltr'>δέ.</span> <span class='ocrx_word' id='word_1_857' title='bbox 631 5645 651 5675; x_wconf 84' lang='grc'><strong><em>²</em></strong></span> <span class='ocrx_word' id='word_1_858' title='bbox 687 5643 742 5698; x_wconf 88' lang='lat' dir='ltr'><strong>F.</strong></span> <span class='ocrx_word' id='word_1_859' title='bbox 771 5643 980 5699; x_wconf 82' lang='grc' dir='ltr'>τοῦτον.</span> <span class='ocrx_word' id='word_1_860' title='bbox 1059 5645 1079 5676; x_wconf 86' lang='grc'>³</span> <span class='ocrx_word' id='word_1_861' title='bbox 1107 5641 1244 5698; x_wconf 88' lang='lat' dir='ltr'><strong>Ircn.</strong></span> <span class='ocrx_word' id='word_1_862' title='bbox 1271 5641 1336 5695; x_wconf 83' lang='grc' dir='ltr'><strong>δι’</strong></span> <span class='ocrx_word' id='word_1_863' title='bbox 1373 5635 1554 5695; x_wconf 66' lang='grc' dir='ltr'>αὑτοῦ.</span> 
     </span>
    </p>
   </div>
   <div class='ocr_carea' id='block_1_116' title="bbox 1755 5635 2638 5717">
    <p class='ocr_par' dir='ltr' id='par_1_116' title="bbox 1755 5641 2638 5717">
     <span class='ocr_line' id='line_1_116' title="bbox 1755 5641 2638 5717; baseline 0.007 -23"><span class='ocrx_word' id='word_1_864' title='bbox 1755 5655 1816 5695; x_wconf 70' lang='grc' dir='ltr'><strong>η’.</strong></span> <span class='ocrx_word' id='word_1_865' title='bbox 1849 5641 2008 5714; x_wconf 83' lang='grc' dir='ltr'>ὑπέρ.</span> <span class='ocrx_word' id='word_1_866' title='bbox 2084 5644 2104 5674; x_wconf 79' lang='grc'>³</span> <span class='ocrx_word' id='word_1_867' title='bbox 2128 5643 2269 5700; x_wconf 88' lang='lat' dir='ltr'><strong>lren.</strong></span> <span class='ocrx_word' id='word_1_868' title='bbox 2303 5645 2638 5717; x_wconf 77' lang='grc' dir='ltr'>ὑπάρχοντος</span> 
     </span>
    </p>
   </div>
  </div>
