3772 6188
82 277 171 331 521

728 273 1093 329 ADVERSUS
1137 271 1475 329 llAiRESES
1515 270 1654 330 LIB.
1697 271 1740 324 1.
1781 269 1942 323 ΤΟΜ.
1987 269 2051 323 ll.
2091 300 2160 310 -—
2198 270 2469 326 lleRES.
2501 272 2670 326 XXXI

3221 279 3318 332 529

78 393 266 455 εἰκόνος
295 391 462 462 καλῆς
493 391 1004 462 κατεσκευασμένης
1053 393 1117 446 ἐκ
1163 391 1409 462 ψηφίδων
1441 390 1642 460 ἐπισή-

1777 389 1822 442 ic
1876 386 2200 458 proferunt,
2252 396 2310 441 ut
2352 389 2658 444 divinarum
2711 394 3139 460 sententiarum,
3185 410 3322 463 quas

79 501 185 554 μων
211 483 312 536 ὑπὸ
339 483 502 552 σοφοῦ
534 482 798 552 τεχνίτου,
829 481 996 546 λύσας
1027 483 1125 554 τὴν
1151 483 1528 554 ὑποκειμένην
1551 482 1644 534 τοῦ

79 573 349 641 ἀνθρώπου
386 572 552 638 ἰδέαν,
580 572 879 643 μετενέγκῃ
906 572 1004 636 τὰς
1030 572 1265 644 ψηφίδας
1291 571 1516 634 ἐκείνας
1552 571 1649 624 καὶ

79 664 399 734 μεθαρμόσοι
438 665 530 717 καὶ
560 665 775 734 ποιήσει
818 664 1030 735 μορφὴν
1071 664 1231 726 κυνὸς
1263 666 1296 732 ἢ
1333 661 1644 726 ἀλώπεκος,

79 756 161 808 καὶ
188 755 386 827 ταύτην
426 755 643 824 φαύλως
669 755 1210 824 κατεσκευασμένην,
1255 736 1651 825 ἔπειταδιορί-

77 843 209 906 ζοιτο
234 884 249 907 ,
290 845 383 898 καὶ
433 844 580 913 λέγοι
631 843 835 915 ταύτην
888 839 1027 898 εἶναι
1077 845 1177 915 τὴν
1229 845 1324 897 τοῦ
1387 843 1650 913 βασιλέως

78 935 280 1005 ἐκείνην
312 935 492 989 εἰκόνα
529 936 626 1007 τὴν
657 936 848 1007 καλὴν,
884 937 948 1007 ἣν
978 936 1006 989 δ
1035 936 1195 1005 σοφὸς
1227 936 1480 1007 τεχνίτης
1519 953 1653 990 κατ-

79 1027 326 1080 εσκεύασε
346 1067 360 1092 ,
407 1027 615 1090 δεικνὺς
649 1028 748 1091 τὰς
789 1027 1028 1098 ψηφῖδας
1057 1028 1155 1092 τὰς
1204 1036 1390 1090 καλῶς
1421 1025 1524 1079 ὑπὸ
1554 1025 1650 1079 τοῦ

78 1120 310 1188 τεχνίτου
360 1118 454 1172 τοῦ
490 1118 706 1190 πρώτου
764 1120 845 1182 είς
896 1119 996 1188 τὴν
1039 1118 1132 1172 τοῦ
1168 1116 1436 1188 βασιλέως
1467 1117 1652 1170 εἰκόνα

79 1209 417 1272 συντεθείσας
443 1249 458 1273 ,
517 1208 693 1272 καλῶς
743 1208 801 1262 δέ
835 1209 938 1262 ὑπὸ
969 1208 1062 1262 τοῦ
1117 1208 1343 1280 ὑστέρου
1379 1207 1459 1270 είς
1494 1206 1650 1268 κυνὸς

77 1301 286 1371 μορφὴν
321 1301 767 1370 μετενεχθείσας,
827 1301 924 1354 καὶ
978 1299 1064 1352 διὰ
1113 1300 1214 1368 τῆς
1247 1299 1360 1352 τῶν
1403 1298 1651 1370 ψηφίδων

78 1393 372 1460 φαντασίας
402 1391 672 1463 μεθοδεύοι
701 1392 826 1455 τοὺς
859 1391 1275 1462 ἀπειροτέρους,
1315 1393 1444 1454 τοὺς
1483 1393 1650 1444 κατά-

76 1483 229 1553 ληψιν
266 1484 546 1556 βασιλικῆς
605 1485 818 1555 μορφῆς
851 1485 950 1538 οὐκ
1000 1484 1253 1554 ἔχοντας,
1297 1469 1395 1536 καὶ
1455 1481 1648 1546 πείθοι,

76 1576 145 1626 Ξτι
170 1573 314 1644 αῦτη
349 1572 591 1645 ἡσαπρὰ
621 1573 719 1644 τῆς
751 1571 1030 1637 ἀλώπεκος
1065 1571 1178 1625 ίδέα
1208 1568 1386 1638 ἐκείνη
1431 1569 1578 1621 ἐστὶν
1617 1570 1650 1638 ἡ

75 1663 206 1735 καλὴ
240 1664 337 1717 τοῦ
369 1663 632 1733 βασιλέως
661 1661 850 1715 εἰκών·
900 1663 1003 1715 τὸν¹
1035 1660 1196 1715 αὑτὸν
1235 1660 1297 1732 δὴ
1324 1658 1528 1730 τρόπον
1557 1659 1652 1711 καὶ

76 1749 212 1808 δῦτοι
242 1755 432 1826 γραῶν
469 1754 671 1825 μύθους
706 1751 1210 1822 συγκαττύσαντες,
1247 1735 1440 1803 ἔπειτα
1472 1749 1650 1818 ῥήμα-

78 1863 134 1900 τα
165 1846 262 1898 καὶ
309 1844 481 1912 λέξεις
514 1844 606 1897 καὶ
639 1841 951 1914 παραϐολὰς
991 1841 1110 1894 ὅθεν
1156 1841 1251 1894 καὶ⁵
1303 1842 1470 1892 πόθσν
1516 1838 1651 1890 ἀποο

76 1937 351 1998 σπῶντες,
389 1932 716 2005 ἐφαρμόζειν
750 1931 1030 2002 βούλονται
1083 1921 1194 1992 τοῖς
1234 1928 1425 1999 μύθοις
1474 1926 1652 1979 αὐτῶν

78 2026 137 2079 τὰ
169 2025 333 2094 λόγια
369 2023 461 2077 τοῦ
505 2022 660 2076 Θεοῦ.
697 2021 803 2075 Καὶ
828 2022 930 2076 ὅσα
983 2019 1082 2092 μὲν
1113 2021 1172 2073 ὲν
1207 2023 1318 2083 τοῖς
1365 2016 1461 2072 τοῦ
1506 2016 1654 2087 Πλη-

77 2117 333 2190 ρώματος
362 2115 780 2187 ἐφαρμόζουσιν,
812 2114 1128 2185 εἰρήκαμεν.

141 2383 278 2440 κε’.
311 2385 449 2438 Ὅσα
479 2383 536 2436 δὲ
565 2376 796 2445 καὶτοῖς
837 2381 993 2444 ἐκτὸς
1022 2377 1116 2432 τοῦ
1151 2378 1264 2448 Πλη
1276 2375 1526 2448 ρώματος
1557 2375 1656 2429 αὐ-

1748 479 2200 543 accommodant,
2230 480 2428 535 callido
2466 480 2702 550 quodam
2755 483 3163 552 artiticiosoque
3193 499 3315 538 con-

1749 576 1902 624 textu
1934 571 2134 626 mnltos
2175 571 2229 626 in
2262 587 2504 628 errorem
2537 573 2826 654 inducant.
2859 573 3323 640 Quemadmodum

1734 661 1794 716 ‘si
1825 662 2169 732 imperatoris
2205 664 2382 732 imago
2428 663 2811 733 pulcherrimis
2859 680 2924 719 ex
2959 666 3242 720 lesserulis
3298 681 3324 718 a

1748 753 1921 822 perito
1958 753 2193 825 quodam
2242 753 2455 810 artifice
2494 754 2656 810 fuerit
2709 756 3025 822 elaborata;
3080 770 3144 810 ac
3178 757 3303 826 quis

1748 845 1915 914 piam,
1947 845 2184 902 hominis
2215 845 2387 916 efﬁgie
2417 847 2702 912 dissoluta,
2732 863 2794 902 ac
2823 848 3190 918 transpositis,
3224 849 3323 902 ali-

1751 946 1941 1008 terque
1983 939 2266 995 collocatis
2305 940 2590 997 tesserulis
2617 980 2632 1005 ,
2673 942 2826 995 canis
2881 949 2974 993 aut
3029 940 3324 1010 vulpeculae

1751 1031 1988 1100 speciem
2018 1031 2327 1101 exprimat,
2365 1048 2434 1087 ne
2459 1048 2576 1087 eam
2609 1032 2828 1101 quidem
2860 1039 3007 1086 recte
3052 1034 3312 1102 composi-

1751 1132 1893 1186 tam;
1927 1129 2041 1175 tum
2069 1121 2298 1176 atIirmet
2331 1123 2435 1176 hoc
2478 1123 2654 1192 ipsum
2695 1138 2817 1177 esse
2849 1123 3122 1191 egregium
3159 1122 3323 1192 impe-

1753 1215 1952 1269 ratoris
1986 1214 2381 1277 simulacrum,
2416 1214 2484 1268 ab
2515 1214 2716 1268 eximio
2760 1214 2967 1268 artiﬁce
3001 1213 3202 1268 alTabre
3250 1216 3324 1268 fa-

1751 1309 1932 1369 ctum;
1965 1303 2219 1359 ostendat
2271 1311 2324 1358 et
2361 1305 2481 1358 illas
2526 1305 2601 1356 ab
2635 1303 2824 1358 eodem
2881 1304 2946 1358 ad
2990 1290 3326 1358 referendam

1751 1394 2012 1463 principis
2041 1394 2263 1464 figurant
2290 1401 2695 1463 coagmentatas
2720 1394 3037 1458 tesserulas,
3066 1407 3095 1446 a
3123 1409 3180 1448 se
3201 1408 3328 1448 vero

1752 1491 1940 1554 postea
1971 1486 2224 1538 caninam
2271 1485 2326 1538 in
2362 1485 2591 1537 formam
2625 1485 2950 1548 translatas,
2984 1492 3147 1554 atque
3177 1484 3328 1552 ejus-

1751 1574 1898 1629 modi
1953 1574 2343 1628 tesserularum
2400 1575 2583 1644 specie
2628 1573 2893 1642 imperitis
2953 1575 3185 1637 illudat,
3235 1575 3329 1644 qui

1755 1665 2017 1734 principis
2065 1665 2352 1734 imaginem
2425 1663 2666 1716 nondum
2724 1667 2906 1717 animo
2957 1665 3328 1734 conceperint,

1687 1735 1726 1788 Β
1752 1756 2187 1823 persuadeatque
2222 1769 2383 1822 quam
2428 1753 2502 1806 illi
2535 1754 2722 1807 vident
2751 1761 2963 1822 turpem
3011 1755 3188 1822 vulpis
3216 1754 3330 1807 (Πί-

1749 1847 1928 1914 giem,
1965 1845 2282 1916 prazclaram
2321 1845 2465 1896 illam
2511 1845 2858 1913 imperatoris
2898 1859 3021 1898 esse
3071 1851 3328 1899 statuam.

1755 1933 1846 1991 Sic
1877 1937 1969 1991 isti
2001 1935 2067 1988 ad
2101 1934 2365 1989 ridiculae
2417 1935 2699 2004 anilesque
2749 1949 2884 2004 quas
2921 1944 3196 1989 consuunt
3231 1953 3332 1989 nu-

1754 2041 1886 2098 gas,
1919 2033 2207 2095 corrogata
2241 2023 2368 2078 hinc
2409 2032 2463 2078 et
2501 2024 2654 2077 illinc
2702 2027 2902 2087 verba,
2951 2033 3004 2078 et
3046 2027 3334 2094 parabolas

1754 2118 2008 2182 trahunt,
2063 2131 2127 2170 ac
2174 2115 2362 2169 divina
2411 2129 2673 2184 responsa
2717 2115 2918 2170 fabulis
2966 2115 3083 2170 suis
3129 2117 3336 2186 illigare

1755 2209 2118 2264 contendunt.
2154 2207 2229 2262 Ex
2289 2207 2489 2277 quibus
2516 2223 2636 2277 quae
2664 2208 2732 2262 ad
2769 2207 3018 2262 Pleroma
3064 2210 3337 2279 pertinere

1756 2298 2012 2354 videntur
2039 2299 2201 2367 paulo
2235 2307 2363 2352 ante
2390 2299 2698 2352 retulimus.

1833 2389 1992 2461 195.
2022 2388 2186 2442 XXV.
2227 2389 2360 2455 Quae
2387 2404 2516 2444 vero
2547 2389 2614 2443 ad
2646 2403 2707 2444 ea
2757 2405 2878 2460 qua:
2908 2398 3060 2444 extra
3089 2389 3337 2445 Pleroma

76 2478 181 2531 τῶν
233 2472 612 2549 προσοικειοῦν
653 2473 947 2544 πειρῶνται
996 2473 1061 2524 ἐκ
1101 2471 1210 2524 τῶν
1253 2467 1515 2540 Γραφῶν,
1545 2466 1656 2520 ἐστι

1777 2489 1885 2536 sunt
1913 2481 2086 2536 sacris
2127 2495 2191 2534 ex
2226 2478 2443 2534 Litteris
2478 2481 2911 2548 accommodant,
2933 2481 3199 2550 ejusmodi
3233 2483 3340 2537 fere

77 2571 332 2624 τοιαῦτα.
367 2568 471 2622 Τὸν
516 2566 717 2638 Κύριον
751 2566 810 2617 ἐν
861 2565 973 2627 τοῖς
1024 2563 1272 2632 ἐσχάτοις
1315 2559 1410 2612 τοῦ
1456 2560 1656 2628 κόσμου

1777 2579 1912 2627 sunt.
1941 2570 2217 2624 Christum
2255 2570 2543 2624 Dominum
2578 2572 2872 2640 postremis
2907 2573 3094 2625 mundi
3135 2579 3342 2642 tempo-

75 2660 298 2730 χρόνοις
325 2656 412 2711 διὰ
445 2655 598 2709 τοῦτο
634 2652 953 2723 ἐληλυθέναι
983 2652 1076 2704 ἐπὶ
1106 2651 1167 2704 τὸ
1192 2650 1361 2712 πάθος
1393 2649 1659 2717 λέγουσιν,

75 2751 141 2802 ἵν’
183 2747 434 2819 ἐπιδείξῃ
453 2747 512 2799 ea
533 2763 600 2798 πε
609 2746 661 2816 pi.
688 2746 778 2799 τὸν
806 2744 1031 2813 ἔσχατον
1058 2741 1168 2794 τῶν
1199 2739 1418 2794 Aid)va
1441 2738 1663 2807 γεγονὸς

74 2839 258 2903 πάθος
284 2879 301 2902 ,
352 2838 444 2891 καὶ
473 2837 538 2890 δι’
575 2835 738 2889 αὐτοῦ
781 2834 874 2887 τοῦ
927 2833 1112 2896 τέλους
1149 2832 1368 2902 ἐμφήνῃ
1419 2829 1479 2882 τὸ
1513 2828 1666 2890 τέλος

77 2932 179 3000 τῆς
236 2931 370 2998 περὶ
397 2929 521 2991 τοὺς
556 2927 770 2992 Δίῶνας
802 2923 1204 2997 πραγματείας.
1247 2923 1356 2990 Τὴν
1407 2921 1463 2975 δὲ
1509 2920 1669 2978 δωδε-

73 3021 261 3090 καετῆ
298 3018 564 3090 παρθένον
593 3019 806 3089 ἐκείνην
831 3017 928 3087 τὴν
961 3015 1054 3068 τοῦ
1085 3012 1528 3087 ἀρχισυναγώγου
1577 3011 1668 3064 θυ-

80 3085 304 3179 τατέρα
325 3148 339 3170 .
370 3085 437 3178 ῆν
463 3107 687 3170 ἐπιστὰς
713 3109 741 3160 ὁ
762 3085 967 3176 Κύριος
996 3103 1061 3156 ἐκ
1088 3085 1294 3174 νεκρῶν
1322 3103 1512 3173 ἤγειρε
1538 3141 1552 3163 ,
1579 3101 1671 3153 τύ-
1697 3085 1739 3138 c

79 3216 186 3252 πον
212 3194 362 3251 εἶναι
389 3197 697 3268 διηγοῦνται
733 3199 829 3267 τῆς
871 3194 1127 3266 Ἀχαμὼθ
1152 3234 1167 3258 ,
1195 3194 1262 3264 ἢν
1294 3193 1613 3256 ἐπεκταθεὶς
1645 3193 1675 3245 ό

80 3291 337 3360 Χριστὸς
370 3289 532 3343 αὐτόν
562 3291 576 3319 ⁸
611 3288 899 3361 ἐμόρφωσε
922 3327 937 3351 ,
965 3288 1060 3340 καὶ
1107 3287 1186 3349 είς
1217 3285 1464 3355 αἴσθησιν
1499 3285 1672 3355 ἤγαγε

79 3381 180 3434 τοῦ
211 3380 612 3443 καταλιπόντος
641 3380 808 3450 αὐτὴν
842 3378 1036 3448 φωτός.
1068 3377 1188 3431 Ὀτι
1217 3377 1274 3430 δὲ
1303 3378 1439 3446 αὑτῇ
1466 3376 1673 3444 ἐπέφα-

80 3493 176 3530 νεν
207 3477 240 3528 ὁ
260 3474 459 3545 Σωτὴρ
481 3474 636 3538 ἐκτὸς
651 3472 814 3542 οὔσης
834 3474 871 3504 ¹¹
892 3471 985 3525 τοῦ
1007 3469 1379 3542 Πληρώματος
1397 3470 1454 3522 ἐν
1473 3467 1676 3539 ἐκτρώ-

80 3585 269 3639 ματος
318 3567 483 3638 μοίρᾳ
505 3607 522 3629 ,
551 3567 640 3620 τὸν
667 3567 879 3620 Παῦλον
921 3567 1174 3635 λέγουσιν
1219 3562 1494 3634 εἰρηκέναι
1521 3562 1578 3614 ἐν
1607 3561 1672 3630 τῇ

76 3662 228 3730 πρὸς
266 3658 617 3729 Κορινθίους·
668 3661 975 3728 ’Ἐσνχιιτοίν⁵
1005 3658 1074 3711 δὲ
1117 3656 1358 3711 πάντων
1419 3653 1675 3721 ὡσπερεὶ

74 3750 160 3819 τῷ
189 3751 530 3822 ἐκτρώματι
562 3750 724 3820 ὤφθη
774 3751 968 3820 κάμοί.
1005 3750 1115 3821 Τήν
1145 3765 1204 3801 τε
1252 3746 1390 3818 μετὰ
1418 3745 1524 3800 τῶν
1559 3744 1676 3815 ἠλι-

1761 2666 1915 2720 ribus
1970 2664 2205 2734 patiendi
2257 2664 2430 2734 gratia
2467 2663 2753 2717 adven-isse
2797 2662 3023 2726 dicunt,
3077 2662 3249 2716 ultimi
3285 2670 3342 2716 ut

1765 2757 1960 2813 Eonis
1995 2772 2180 2811 casum
2213 2770 2277 2810 ac
2307 2755 2670 2809 calamitatem
2705 2753 3038 2816 ostenderet,
3077 2769 3142 2809 ac
3174 2755 3343 2810 totius

1766 2849 2006 2904 rEonum
2059 2848 2260 2916 negotii
2309 2848 2512 2900 exitum
2563 2861 2663 2901 suo
2694 2845 2786 2900 illo
2834 2846 2982 2900 exitu
3019 2846 3342 2900 declararet.

1768 2939 1972 2995 Deinde
2011 2938 2274 3007 virginem
2325 2936 2471 2990 illam
2528 2935 2944 3006 archisynagogi
2997 2935 3159 2988 tiliam
3207 2936 3344 2990 duo-

1770 3030 1944 3086 decim
1982 3043 2155 3083 annos
2207 3036 2388 3082 natam
2419 3067 2434 3092 ,
2487 3041 2647 3096 quam
2709 3025 2970 3082 Dominus
3015 3026 3283 3082 accedens
3311 3043 3345 3082 a

1773 3128 1948 3175 morte
1990 3119 2267 3174 revocavit
2306 3119 2326 3148 ¹
2352 3159 2367 3184 ,
2403 3116 2757 3172 Achamothis
2790 3118 3078 3188 imaginem
3124 3119 3346 3177 referre.

1772 3225 1932 3280 quam
1973 3208 2275 3264 extendens
2325 3222 2448 3262 sese
2486 3207 2703 3260 illorum
2734 3206 2988 3262 Christus
3018 3206 3222 3262 clliuxit
3247 3249 3262 3274 ,
3294 3218 3349 3261 et

1774 3301 1996 3357 luminis
2047 3299 2192 3369 quod
2243 3315 2362 3353 eam
2399 3298 2722 3353 destituerat
2774 3313 2996 3353 sensum
3033 3299 3245 3353 indidit.
3285 3297 3349 3351 Et

1773 3394 2030 3464 quoniam
2067 3393 2194 3447 huic
2224 3391 2402 3446 adhuc
2450 3397 2602 3445 extra
2655 3387 2901 3444 Pleroma
2937 3391 3128 3459 posita:
3152 3431 3166 3454 ,
3198 3389 3349 3444 velut

1773 3486 2022 3542 abortivo
2051 3485 2290 3548 cuidam,
2325 3483 2576 3537 Salvator
2603 3483 2876 3554 apparuit,
2904 3481 3132 3537 Paulum
3157 3491 3350 3552 putant

1774 3573 1841 3628 ad
1873 3572 2188 3626 Corinthios
2223 3571 2551 3626 scribentem
2579 3571 2692 3625 haec
2729 3584 3065 3640 usurpasse:
3109 3568 3352 3624 Novissi-

1776 3681 1856 3719 me
1889 3674 2064 3718 autem
2097 3665 2333 3718 omnium
2359 3662 2495 3716 velut
2530 3649 2766 3716 abortivo
2800 3664 2942 3716 visus
2967 3672 3043 3716 est
3072 3673 3120 3716 et
3149 3662 3275 3716 mihi
3305 3663 3348 3717 ³.

1778 3758 1882 3814 Sed
1914 3765 1968 3813 et
1997 3757 2185 3813 eadem
2207 3757 2263 3811 in
2292 3755 2532 3826 Epistola
2564 3755 2864 3810 Salvatoris
2894 3770 3017 3808 cum
3049 3757 3352 3824 aequalibus

71 3843 314 3898 κιωτῶν
341 3843 439 3896 τοῦ
464 3842 714 3913 Σωτῆρος
757 3840 1060 3911 παρουσίαν
1093 3839 1229 3910 πρὸς
1257 3840 1356 3907 τὴν
1420 3835 1674 3906 Ἀχαμὼθ

68 3935 299 4004 ὁμοίως
332 3932 778 4004 πεφανερωκέναι
823 3931 983 3984 αὐτὸν
1016 3933 1072 3984 ἐν
1103 3933 1169 4000 τῇ
1205 3930 1341 4000 αὐτῇ
1391 3927 1673 3998 Ἐπιστολῇ

68 4028 354 4082 εἰπόντα·
416 4027 509 4079 Δεῖ
558 4024 654 4096 τὴν
689 4027 920 4094 γυναῖκα
973 4023 1234 4093 κάλυμμα
1265 4021 1406 4091 ἔχειν
1451 4020 1543 4072 ἐπὶ
1575 4019 1676 4088 τῆς

66 4120 343 4190 κεφαλῆς
373 4117 464 4173 διὰ
511 4120 635 4182 τοὺς
665 4116 948 4186 ἀγγέλους.
982 4116 1094 4169 Καὶ
1142 4116 1224 4169 ὅτι
1248 4153 1262 4177 ,
1307 4114 1534 4185 ἥκοντος
1584 4108 1675 4163 τοῦ

63 4213 353 4283 Σωτῆρος
405 4211 542 4280 πρὸς
568 4209 765 4280 αὐτὴν,
815 4210 884 4263 δι’
926 4206 1058 4262 αἱδὼ
1090 4205 1366 4277 κάλυμμα.
1389 4203 1675 4272 ἐπέθετοὴ

72 4304 368 4377 ’Δχαμὼθ
398 4343 413 4366 ,
453 4304 652 4357 Μωσέα
707 4299 1064 4373 πεποιηκέναι
1102 4297 1332 4369 φανερὸν
1361 4333 1377 4360 ,
1416 4295 1677 4364 κάλυμμα

60 4397 322 4466 θέμενον
360 4391 458 4445 ἐπὶ
493 4391 555 4443 τὸ
609 4390 897 4463 πρόσωπον
928 4388 1115 4442 αὑτοῦ.
1167 4386 1279 4440 Καὶ
1314 4384 1383 4438 τὰ
1429 4382 1575 4454 πάθη
1619 4382 1656 4434 δὲ

1779 4391 2174 4446 commotiones
2231 4390 2519 4444 Dominum
2578 4389 2758 4445 lerunt
2797 4390 2851 4442 in
2901 4404 3062 4444 cruce
3127 4390 3353 4442 demon-

59 4488 285 4556 αὐτῆς.
325 4485 368 4538 ἃ
395 4483 630 4548 ἔπαθεν,
681 4479 1177 4552 ἐπισεσημειῶσθαι
1209 4478 1302 4532 τὸν
1341 4476 1542 4548 Κύριον
1572 4474 1648 4544 φά

1780 4489 2006 4539 strasse.
2052 4480 2210 4535 Velut
2247 4495 2370 4534 cum
2411 4480 2579 4534 dixit:
2616 4479 2754 4533 Deus
2786 4495 2952 4545 meus,
2987 4495 3150 4550 quare
3165 4479 3355 4533 dereli-

59 4597 308 4634 σκουσιν
361 4579 420 4630 ἐν
467 4575 546 4646 τῷ
593 4575 828 4646 σταυρῷ.
866 4576 974 4628 Καὶ
1009 4575 1066 4626 ἐν
1116 4573 1212 4644 μὲν
1251 4569 1329 4640 τῷ
1362 4571 1534 4622 εἰπεῖν
1562 4607 1577 4633 ,
1621 4568 1656 4619 ⁸(

1779 4573 1941 4644 quisti
1970 4588 2050 4625 me
2084 4571 2143 4624 “'l
2175 4570 2483 4625 ostendisse
2527 4568 2859 4639 Sapientiam
2883 4587 2913 4624 a
2952 4570 3155 4624 lumine
3185 4571 3355 4625 desti-

60 4675 218 4738 Θεός
245 4687 416 4741 μου,
441 4671 529 4732 εἷς
559 4669 614 4721 τί
633 4666 1014 4737 ἐγκατέλιπές
1035 4682 1152 4736 ys;
1189 4662 1556 4736 μεμηνυκέναι
1581 4661 1648 4715 αὑ

1782 4673 1986 4726 tutam,
2019 4669 2072 4716 et
2106 4661 2174 4714 ab
2213 4659 2357 4714 Horo
2404 4676 2472 4715 ne
2517 4661 2656 4715 ultra
2695 4670 2944 4732 pergeret
3002 4648 3358 4730 prohibitam;

53 4766 150 4817 τὸν
177 4805 194 4829 ,
246 4765 349 4816 ὅτι
395 4759 698 4830 ἀπελείφθη
752 4760 862 4813 ἀπὸ
893 4757 986 4812 τοῦ
1037 4758 1212 4827 φωτὸς
1265 4757 1298 4826 ἡ
1347 4754 1555 4823 Σοφία,
1591 4769 1656 4806 κα

1783 4755 2035 4825 Ejusdem
2071 4768 2200 4807 vero
2225 4753 2465 4806 dolorem
2502 4767 2625 4807 cum
2661 4753 2829 4808 dixit:
2862 4753 3050 4807 Tristis
3073 4763 3148 4806 est
3176 4754 3356 4806 anima

56 4856 341 4924 ἐκωλύθη
377 4854 488 4907 ὑπὸ
517 4852 611 4906 τοῦ
645 4855 810 4924 Ὀρου
843 4854 941 4924 τῆς
971 4853 1050 4915 εἰς
1079 4849 1454 4920 τοῦμπροσθεν
1480 4848 1655 4919 ὁρμῆς

1779 4864 1896 4902 mea
1934 4862 2093 4914 usque
2123 4845 2190 4898 ad
2231 4854 2447 4898 mortem
2479 4845 2498 4874 ⁷
2526 4862 2541 4909 ;
2589 4844 2861 4908 timorem,
2892 4859 3015 4898 cum
3045 4843 3120 4898 ita
3142 4842 3356 4897 Patrem

53 4955 160 5020 τὴν
201 4950 270 5003 δὲ
303 4945 503 5016 λύπην
533 4945 723 5016 αὐτῆς,
743 4947 800 4997 ἐν
823 4944 900 5016 τῷ
928 4945 1119 4997 εἰπεῖν’
1141 4941 1479 5010 Περίλυπός
1511 4941 1656 4992 eam

1781 4939 2047 4992 allocutus
2076 4945 2159 4992 est
2186 4955 2198 4990 :
2236 4936 2420 5000 Pater,
2440 4937 2486 4990 si
2522 4934 2768 5004 possibile
2796 4944 2907 5000 est,
2941 4943 3176 4988 transeat
3215 4952 3248 4988 a
3279 4952 3358 4989 me

53 5047 90 5110 ἠ
124 5040 326 5110 ψυχή
363 5055 493 5107 μου
527 5036 635 5102 ἓως
661 5036 919 5090 θανάτου
939 5053 952 5067 ·
983 5035 1075 5088 τὸν
1097 5034 1152 5087 δὲ
1175 5031 1338 5101 φόϐον
1361 5071 1376 5096 ,
1411 5033 1468 5084 ἐν
1498 5030 1576 5101 τῷ
1607 5031 1656 5082 εί

1780 5029 1924 5082 calix
1978 5029 2078 5081 iste
2121 5027 2164 5080 ⁸.
2215 5025 2293 5080 lta
2341 5026 2557 5080 consilii
2610 5026 2845 5094 in0piam
2895 5026 2982 5080 his
3032 5025 3249 5080 verbis:
3290 5023 3357 5077 Et

53 5137 184 5187 πεῖν
205 5151 220 5162 ι
256 5129 505 5194 Πάτερ,
537 5127 588 5180 ει
619 5125 880 5179 δυνατὸν
903 5166 917 5189 ,
949 5127 1284 5193 παρελθέτω
1313 5123 1414 5178 ἀπ’
1441 5121 1587 5191 ἐμοῦ
1618 5139 1656 5175 τε

1781 5117 1906 5189 quid
1937 5117 2114 5171 dicam
2143 5117 2337 5170 nescio.
2377 5115 2530 5181 Quod
2569 5115 2635 5168 ad
2673 5115 2778 5169 tria
2830 5123 3039 5187 spectat
3074 5117 3358 5170 hominum

51 5225 388 5292 σωτήριον
406 5238 421 5250 ο
455 5219 547 5272 καὶ
572 5220 668 5290 τὴν
697 5218 930 5289 ἀπορίαν
959 5219 1014 5271 δὲ
1039 5217 1315 5280 ὡσαύτως,
1335 5218 1392 5268 ἐν
1421 5214 1498 5285 τῷ
1525 5217 1656 5285 εἱρη

1785 5225 2010 5280 genera.
2051 5210 2132 5265 sic
2182 5210 2334 5262 illum
2390 5208 2662 5262 indicasse
2697 5209 3070 5271 contendunt;
3120 5209 3364 5262 materia:

51 5322 217 5373 κέναι
242 5334 258 5347 ·
296 5311 433 5368 Καὶ
464 5310 520 5363 τί
547 5310 693 5362 εἴπω
717 5311 827 5363 οὐκ
860 5308 1009 5362 οῖδα.
1038 5307 1178 5379 Τρία
1205 5307 1262 5360 δὲ
1295 5307 1424 5377 γένη
1469 5303 1656 5374 ἀνθρώ

1785 5302 2002 5374 quidem
2038 5301 2276 5366 aﬂixnm,
2306 5316 2429 5355 cum
2456 5300 2846 5371 interroganti:
2891 5299 3033 5353 Num
3056 5309 3104 5354 te
3130 5301 3364 5369 sequar?

51 5432 173 5467 πων
226 5408 410 5463 οὕτω
462 5401 751 5472 δεδειχέναι
801 5400 1139 5453 διδάσκουσιν
1187 5386 1381 5451 αὐτόν·
1440 5397 1531 5450 τὸν
1585 5397 1652 5465 μὲ

1787 5396 2116 5466 respondit:
2184 5393 2306 5448 Non
2357 5393 2510 5448 habet
2560 5393 2739 5448 Filius
2777 5395 3004 5448 hominis
3059 5393 3147 5446 ubi
3206 5401 3362 5459 caput

49 5502 276 5565 ὑλικὸν,
316 5499 391 5550 ἐν
421 5492 500 5564 τῷ
539 5493 706 5546 εἰπεῖν
737 5489 814 5561 τῷ
860 5490 1192 5560 ἐρωτήσαντι
1215 5504 1228 5517 ·
1273 5487 1656 5554 Ἀκολουθήσι

1793 5488 2003 5541 reclinet
2037 5489 2097 5553 ';
2139 5487 2428 5542 animalem
2460 5493 2639 5542 autem
2663 5526 2679 5550 ,
2720 5502 2843 5540 cum
2893 5485 2943 5540 ei
2995 5485 3085 5546 qui
3119 5483 3360 5537 dixerat:

1776 3849 1894 3903 suis
1923 3849 1991 3902 ad
2045 3847 2434 3902 Achainotbcm
2477 3861 2757 3901 accessum
2805 3845 3178 3915 signiﬁcasse,
3227 3863 3348 3900 cum

1776 3941 1948 3996 dixit:
1981 3936 2207 4007 Oportet
2236 3936 2517 3992 mulierem
2556 3938 2732 3991 velato
2755 3951 2876 3990 esse
2901 3936 3098 4006 capite,
3130 3947 3353 4007 propter

1777 4028 2046 4100 angelos‘
2121 4027 2370 4083 Eamdem
2429 4027 2572 4081 illam
2615 4028 3004 4081 Achamotbem
3047 4027 3112 4081 ad
3152 4030 3354 4080 adven-

1778 4128 1891 4175 tum
1933 4117 2233 4173 Salvatoris
2287 4118 2490 4188 pudore
2533 4117 2779 4172 all‘ectam
2818 4117 2937 4172 velo
2972 4127 3135 4188 caput
3179 4117 3353 4171 obdu-

1777 4212 1951 4271 xissc,
1986 4206 2318 4260 declaratum
2350 4221 2380 4259 a
2409 4205 2556 4260 Mose
2581 4246 2595 4270 ,
2624 4221 2746 4259 cum
2780 4205 2969 4260 faciem
3001 4205 3278 4276 obtegeret
3305 4206 3348 4258 ⁸.

1777 4297 1912 4352 Nam
1948 4299 2068 4353 illas
2097 4313 2233 4368 quas
2277 4307 2360 4353 est
2401 4313 2660 4368 perpessa
2699 4298 3038 4354 calamitates
3077 4299 3353 4366 animique

128 5623 144 5650 ι
181 5619 353 5672 ιι-εη.
398 5608 606 5663 αὐτῶν.
685 5610 723 5639 ι’
757 5607 906 5661 Fort.
929 5606 1080 5678 οὔσῃ.
1181 5608 1201 5637 ²
1226 5605 1366 5678 μω.
1407 5621 1524 5678 vni,
1564 5606 1656 5678 tl:

1854 5605 1923 5678 ξι
1955 5603 2198 5678 Cotyn,
2225 5605 2307 5678 8._
2384 5606 2404 5636 ’⁸
2427 5605 2442 5656 l
2469 5604 2604 5678 _Cor.
2639 5619 2718 5671 χι,
2753 5605 2838 5678 l9.
2868 5605 2935 5678 μέ
2971 5602 3140 5656 Exod.
3175 5614 3364 5664 xxxiv,

50 5693 143 5747 eo,
230 5691 254 5721 θ
293 5681 519 5741 Matth.
547 5695 712 5742 xxvn,
748 5679 848 5742 l6;
909 5675 1070 5731 Marc.
1106 5691 1194 5739 XV,
1224 5677 1312 5730 54.
1399 5678 1425 5734 ,⁷
1461 5677 1652 5729 Matth.
1693 5675 1838 5734 xm.
1864 5676 1950 5728 38.
2026 5675 2047 5705 ⁸
2082 5676 2214 5729 ibid.
2251 5676 2336 5727 59.
2415 5678 2434 5707 θ
2465 5675 2597 5730 Luc.
2629 5690 2705 5737 Ix,
2749 5676 2836 5736 57,
2865 5675 2952 5727 58.

431 5777 703 5832 PnacL.
740 5773 855 5829 Ge.
899 5774 1058 5834 XLI.
3011 5768 3081 5823 Π
