3814 6328
463 281 567 343 εει

1875 291 1931 345 S.
1973 289 2314 351 EPIPHANN

3621 309 3724 369 59.}.

462 422 665 492 Sequar
682 428 760 476 te:
777 421 864 476 sed
877 421 1118 489 permitte
1136 421 1261 474 milii
1283 423 1429 491 prius
1456 431 1512 475 ut
1531 426 1818 479 renuntiem
1844 427 1908 480 iis
1925 445 2028 498 qua

2148 431 2245 468 σοι
2266 431 2356 477 ;—
2377 417 2498 470 Οὐκ
2523 419 2646 488 ἕχει
2681 424 2714 474 ὀ
2741 422 2864 488 Υἱὸς
2899 422 3000 477 τοῦ
3023 423 3338 492 ἀνθρώπου
3358 425 3478 493 ποῦ
3503 426 3617 496 τὴν
3633 445 3724 482 περ

419 515 432 546 ³
459 513 513 565 in
542 513 700 568 domo
725 529 839 567 mea
859 523 980 567 sunt
1005 514 1018 544 ¹
1043 513 1370 577 ;italocutus
1387 521 1500 569 est:
1519 513 1684 569 Nemo
1702 518 1908 572 mittens
1927 536 2042 572 ma-

460 618 582 655 num
599 603 666 656 ad
677 612 938 669 aratrum,
951 612 999 657 et
1010 605 1269 672 aspiciens
1284 613 1438 670 retro,
1455 615 1606 674 aptus
1620 616 1696 660 est
1715 625 1868 678 regno
1885 609 2037 665 Dei’.

430 755 432 757 ς
460 691 615 747 Hunc
639 695 784 748 enim
807 695 998 750 mediae
1019 694 1348 751 conditionis
1375 711 1496 750 esse
1525 698 1736 752 dicunt.
1769 701 1924 770 195
1951 700 2039 754 Si-

461 783 664 838 militer
686 799 808 838 eum
830 785 919 854 qui
948 801 1007 839 se
1029 785 1313 854 plerasque
1337 784 1564 854 justitiae
1583 795 1764 857 partes
1787 790 2041 859 implesse

460 873 694 941 dixerat,
716 874 812 929 sed
843 875 996 944 sequi
1030 877 1299 937 noluerat,
1335 882 1388 928 et
1423 890 1530 944 quo
1559 877 1738 933 minus
1771 880 2043 946 perfectus

459 978 582 1019 esse
618 965 812 1030 vellet,
848 965 1159 1019 divitiarum
1211 964 1505 1033 cupiditate
1541 966 1715 1021 fuerat
1753 969 2037 1035 infractus,

460 1053 606 1108 hunc
630 1055 808 1125 ipsum
829 1071 894 1111 ex
923 1055 1141 1110 animali
1172 1069 1366 1126 genere
1393 1055 1561 1112 fuisse
1583 1059 1792 1112 volunt.
1811 1057 2041 1129 Spirita-

459 1149 565 1204 lem
582 1148 798 1204 demum
820 1164 884 1204 eo
901 1150 1046 1204 dicto
1069 1149 1520 1219 comprehensum
1539 1168 1551 1204 :
1568 1150 1694 1204 Sine
1710 1162 1942 1205 mortuos
1961 1169 2040 1206 se-

458 1241 620 1308 pelire
651 1248 885 1294 mortuos
915 1257 1038 1294 suos
1063 1255 1081 1304 ,°
1107 1248 1162 1291 tu
1193 1247 1365 1293 autem
1379 1240 1555 1294 abiens
1577 1240 1808 1308 prardica
1829 1258 2039 1312 regnum

461 1330 559 1384 Dei
574 1332 612 1395 ³;
635 1333 762 1386 item
780 1347 902 1386 cum
916 1331 1174 1400 zacclizeo
1190 1333 1479 1400 publicano
1491 1331 1934 1388 dixitzFestinans
1957 1333 2046 1388 de-

461 1423 683 1487 scende,
728 1425 851 1492 quia
889 1423 1042 1477 hodie
1084 1424 1136 1477 in
1187 1424 1342 1478 domo
1398 1435 1492 1477 tua
1545 1435 1744 1494 oportet
1795 1442 1874 1480 me
1922 1443 2040 1480 ma-

460 1531 580 1568 nere
617 1515 656 1569 ‘.
698 1514 837 1568 Istos
887 1515 1030 1570 enim
1078 1530 1266 1571 omnes
1311 1532 1342 1570 e
1382 1517 1608 1586 spiritali
1639 1533 1836 1588 genere
1872 1519 2043 1574 exsti-

457 1605 594 1661 tisse
623 1613 867 1658 narrant.
887 1603 1027 1670 Quin
1058 1607 1220 1659 etiam
1251 1605 1500 1660 fermenti
1528 1607 1866 1675 parabolam,
1894 1609 2039 1677 quod

460 1695 816 1751 abscondisse
869 1697 1060 1750 mulier
1086 1697 1137 1750 in
1171 1696 1362 1751 farina:
1394 1698 1528 1753 satis
1575 1698 1747 1754 tribus
1787 1699 2037 1768 legitur“,

2148 509 2353 578 φαλὴν
2389 511 2589 567 κλῖναι
2611 531 2624 544 ·
2658 515 2719 568 τὸ
2754 516 2807 568 δὲ
2832 517 3079 586 ψυχικὸν,
3120 520 3178 570 ἐν
3208 518 3285 588 τῷ
3330 521 3608 590 εἰρηκέναι
3648 522 3724 589 τῷ

2148 603 2372 668 εἰπόντι,
2407 605 2817 675 Ἀκολουθήσω
2842 625 2941 662 σοι
2962 628 2974 642 ·
3006 610 3330 679 ἐπίτρεψον
3350 611 3420 665 δέ
3438 630 3540 681 μοι
3569 612 3723 681 πρῶ-

2147 707 2255 744 τον
2289 693 2699 758 ἀποτάξασθαι
2729 697 2853 764 τοῖς
2885 699 2954 751 ἐν
2973 698 3054 763 τῷ
3073 701 3216 763 οἴκῳ
3231 717 3351 768 μου
3376 717 3390 730 ο
3419 730 3489 742 -
3513 704 3721 768 Οὐδεὶς

2146 782 2240 834 ἐπ’
2269 769 2518 852 ἄροτρον
2555 786 2669 854 τὴν
2699 778 2868 857 χεῖρα
2897 788 3215 852 ἐπιϐαλὼν,
3250 791 3346 844 καὶ
3373 794 3462 857 εἰς
3493 793 3566 845 τὰ
3597 794 3719 845 ὀπί-

2147 887 2235 924 σω
2268 874 2518 936 ,Βλέπων
2537 916 2552 940 ,
2588 878 2830 942 εὔθετός
2865 880 3038 932 ἐστιν
3083 879 3154 933 ἑν
3189 879 3263 948 τῇ
3290 883 3581 951 ,ϐασιλείᾳ
3609 884 3720 936 τῶν

2147 965 2437 1031 οὐρανῶν.
2469 967 2667 1020 Τοῦτον
2699 969 2806 1040 γὰρ
2849 971 3064 1039 λέγουσι
3096 973 3188 1025 τὸν
3218 974 3380 1040 μέσον
3419 970 3576 1029 εἶναι.
3604 978 3718 1030 Κά-

2148 1059 2323 1108 κεῖνον
2371 1056 2428 1110 δὲ
2482 1057 2742 1122 ὡσαύτως
2795 1060 2885 1116 τὸν
2943 1061 3011 1115 τὰ
3063 1062 3286 1117 πλεῖστα
3338 1065 3480 1137 μέρη
3519 1067 3612 1137 τῆς
3644 1069 3718 1120 δι-

2148 1146 2440 1217 καιοσύνης
2469 1148 2874 1221 ὁμολογήσαντα
2908 1154 3286 1224 πεποιηκέναι,
3315 1155 3507 1209 ἔπειτα
3537 1159 3607 1228 μὴ
3634 1158 3718 1210 θεο

2148 1236 2386 1306 λήσαντα
2409 1239 2787 1312 ἀκολουθῆσαι,
2823 1243 2958 1296 ἀλλὰ
2983 1245 3087 1298 ὑπὸ
3126 1246 3357 1301 πλούτου
3398 1251 3712 1320 ἡττηθέντα,

2148 1328 2283 1396 πρὸς
2309 1326 2371 1379 τὸ
2417 1329 2493 1399 μὴ
2529 1331 2729 1384 τέλειον
2760 1334 3010 1402 γενέσθαι
3039 1375 3056 1401 ,
3095 1339 3190 1390 καὶ
3224 1340 3412 1392 τοῦτον
3443 1341 3536 1394 τοῦ
3565 1343 3717 1414 ψυχι-

2147 1417 2244 1471 κοῦ
2273 1420 2460 1488 γένους
2488 1423 2765 1490 γεγονέναι
2798 1423 3027 1482 θέλουσι.
3055 1429 3127 1482 Τὸ
3163 1429 3217 1482 δὲ
3241 1434 3623 1502 πνευματικὸν,
3659 1436 3717 1489 ἐν

2146 1509 2223 1579 τῷ
2263 1511 2434 1565 εἰπεῖν
2455 1526 2467 1540 ·
2506 1515 2678 1581 Ἄφες
2713 1516 2854 1581 τοὺς
2894 1519 3144 1587 νεκροὺς
3179 1519 3364 1590 θάψαι
3401 1523 3546 1589 τοὺς
3580 1525 3712 1578 ἐαυ-

2147 1598 2266 1652 τῶν
2315 1604 2596 1670 νεκρούς·
2642 1604 2724 1658 σὺ
2779 1606 2847 1659 δὲ
2892 1611 3200 1676 πορευθεὶς
3248 1612 3564 1682 διάγγελλε
3604 1616 3716 1684 τὴν

2143 1690 2470 1754 βασιλείαν-
2504 1694 2608 1747 τοῦ
2641 1696 2787 1750 Θεοῦ
2809 1714 2822 1728 ⁸
2863 1698 2956 1750 κᾶὶ
2997 1699 3089 1753 ἐπὶ
3126 1703 3396 1772 Ζακχαίου
3426 1704 3521 1757 τοῦ
3551 1705 3717 1758 τελῶ-

461 1786 655 1855 triplex
708 1785 839 1838 illud
899 1801 1068 1855 genus
1122 1786 1383 1841 indicare.
1439 1785 1719 1856 Siquidem
1763 1789 2028 1844 mulierem

2143 1796 2234 1833 νου
2279 1780 2447 1836 εἰπών
2469 1798 2481 1812 ·
2513 1785 2794 1850 Σπεύσας
2834 1784 3119 1854 κατάϐηθι
3143 1827 3158 1851 ,
3209 1788 3297 1842 ὅτι
3352 1790 3619 1859 σήμερον
3648 1793 3716 1844 ἐν

460 1881 620 1936 istam
647 1880 976 1949 Sapientiam
1003 1899 1017 1948 ;
1051 1882 1239 1937 farina:
1279 1891 1395 1937 sata
1420 1923 1434 1947 ,
1477 1885 1580 1938 tria
1612 1885 1888 1940 hominum
1919 1901 2040 1942 esse

461 1986 658 2040 genera
689 2010 703 2034 ,
762 1971 1008 2039 spiritale
1033 2012 1048 2035 ,
1111 1972 1341 2027 animale
1366 2014 1380 2039 ,
1434 1979 1727 2028 terrenum.
1763 1972 2037 2028 Fermenti

458 2079 625 2134 porro
687 2063 906 2118 nomine
979 2061 1318 2119 Salvatorem
1374 2063 1552 2134 ipsum
1613 2065 1892 2135 appellari.
1949 2065 2041 2120 Sic

459 2155 621 2209 etiam
656 2163 930 2219 terrenos,
966 2154 1230 2210 animales
1263 2170 1326 2209 ac
1369 2155 1642 2225 spiritales
1669 2170 1698 2209 a
1731 2155 1898 2211 Paulo
1945 2156 2041 2211 ho-

459 2245 638 2299 mines
691 2261 814 2300 esse
872 2252 1363 2310 commemoratos,
1420 2245 1617 2316 partim
1679 2246 1764 2300 his
1813 2247 2034 2303 verbis:

463 2337 652 2403 Qualis
701 2347 970 2399 terrenus,
1017 2335 1145 2388 tales
1206 2346 1254 2388 et
1301 2337 1492 2389 terreni
1527 2337 1597 2400 ⁸;
1647 2338 1842 2406 partim
1879 2338 2033 2394 istis:

2145 1873 2224 1940 τῷ
2256 1876 2399 1939 οἴκῳ
2437 1891 2554 1930 σου
2595 1877 2692 1931 δεῖ
2713 1896 2788 1947 με
2811 1879 3011 1948 μεῖναι
3033 1898 3046 1912 ·
3082 1881 3304 1947 τούτους
3334 1884 3444 1954 γὰρ
3471 1902 3713 1956 πνευμα-

2144 1963 2298 2016 τικοῦ
2337 1965 2523 2033 γένους
2556 1967 2979 2036 καταγγέλλουσι
3006 1971 3304 2039 γεγονέναι.
3350 1972 3452 2026 Καὶ
3489 1974 3588 2044 τὴν
3619 1975 3714 2044 τῆς

2149 2053 2326 2124 ζύμης
2359 2056 2702 2128 παραϐολὴν,
2735 2058 2802 2127 ἢν
2830 2060 2863 2128 ἡ
2897 2060 3032 2130 γυνὴ
3068 2061 3462 2133 ἐγκεκρυφέναι
3500 2063 3714 2132 λέγεται

2148 2149 2227 2210 εἰς
2256 2147 2484 2220 ἀλεύρου
2517 2149 2650 2203 σάτα
2678 2150 2824 2222 τρία,
2850 2149 2919 2203 τὰ
2943 2150 3068 2222 τρία
3095 2151 3224 2222 γένη
3253 2151 3446 2222 δηλοῦν
3473 2153 3711 2222 λέγουσι.

2147 2239 2385 2293 Γυναῖκα
2421 2240 2519 2310 μὲν
2548 2239 2656 2312 γὰρ
2685 2241 2782 2312 τὴν
2827 2242 3023 2311 Σοφίαν
3051 2241 3301 2310 λέγεσθαι
3333 2243 3672 2300 διδάσκουσιν
3698 2266 3711 2278 υ

2147 2331 2374 2401 ἀλεύρου
2408 2332 2564 2396 σάτα,
2591 2331 2660 2385 τὰ
2680 2331 2806 2403 τρία
2834 2334 2965 2404 γένη
2985 2335 3092 2388 τῶν
3113 2335 3434 2407 ἀνθρώπων
3472 2355 3715 2409 πνευμα-

462 2425 725 2479 Animalis
755 2426 908 2478 homo
939 2441 1040 2477 non
1084 2425 1299 2493 percipit
1329 2442 1390 2478 ea
1427 2437 1543 2495 qua:
1569 2435 1688 2479 sunt
1722 2429 1940 2496 spiritus
1970 2430 1990 2460 ⁷
2021 2447 2028 2495 ;

2145 2423 2313 2485 τικὸν,
2339 2422 2585 2492 ψυχικὸν,
2621 2424 2819 2492 χοῖκόν.
2861 2423 3045 2495 Ζύμην
3077 2425 3132 2478 δὲ
3163 2426 3325 2480 αὐτὸν
3351 2427 3441 2479 τὸν
3488 2428 3716 2497 Σωτῆρα

458 2517 654 2586 partim
686 2514 1059 2585 deniquecum
1087 2515 1198 2568 ait:
1226 2515 1501 2584 Spiritalis
1527 2517 1701 2570 omnia
1723 2518 2028 2586 diiudicat".

2145 2511 2396 2582 εἰρῆσθαι
2425 2512 2772 2567 διδάσκουσι·
2813 2515 2904 2568 καὶ
2934 2514 3024 2568 τὸν
3067 2516 3276 2569 Παῦλον
3305 2517 3602 2590 διαρρήδην
3645 2523 3715 2572 εἰς

459 2609 536 2661 Ex
575 2609 775 2678 quibus
804 2609 1036 2678 primum
1069 2607 1226 2672 illud,
1278 2609 1539 2662 Animalia
1593 2628 1694 2665 non
1723 2613 1939 2680 percipit
1977 2631 2028 2668 ea

2149 2603 2372 2674 ρηκέναι
2423 2605 2639 2674 χοῖκοὺς
2669 2643 2684 2670 ,
2741 2605 3004 2676 ψυχικοὺς
3030 2645 3045 2669 .
3098 2609 3531 2679 πνευματικούς·
3584 2611 3715 2680 ὅπου

459 2716 575 2769 qua:
632 2708 752 2752 sunt
799 2700 1014 2766 spiritus
1043 2742 1056 2766 ,
1129 2699 1197 2754 ad
1254 2699 1602 2756 Conditorem
1648 2710 1836 2772 putant
1875 2693 2028 2774 perti‘

2149 2693 2268 2762 μὲν,
2301 2687 2435 2759 Οἶος
2463 2696 2495 2747 ὀ
2529 2694 2734 2762 χοϊκὸς
2758 2734 2773 2757 ,
2809 2694 3062 2749 τοιοῦτοι
3096 2697 3195 2750 καί
3221 2700 3275 2750 οἰ
3304 2701 3499 2765 χοϊκοί
3523 2718 3537 2729 ·
3583 2701 3715 2754 ὅπου

459 2807 618 2847 nere:
654 2791 744 2860 qui
775 2805 899 2844 cum
930 2790 1000 2844 sit
1046 2791 1297 2846 animalis
1324 2831 1338 2854 ,
1374 2807 1549 2862 neque
1584 2792 1805 2849 Matrem
1856 2802 2028 2864 utpote

2143 2783 2222 2848 δὲ,
2250 2783 2512 2853 Ψυχικὸς
2539 2784 2606 2838 δὲ
2629 2783 2936 2854 ἅνθρωπος
2962 2789 3034 2840 οὐ
3059 2787 3290 2857 δέχεται
3310 2789 3380 2841 τὰ
3404 2787 3511 2842 τοῦ
3540 2792 3710 2844 πνεύ-

459 2881 757 2950 spiritalem
798 2880 1118 2950 cognoscit,
1172 2894 1346 2949 neque
1400 2883 1624 2951 stirpem
1683 2883 1853 2952 ipsius
1882 2923 1896 2947 ,
1937 2899 2028 2939 nec

2137 2890 2356 2942 paroc'
2390 2875 2523 2928 ὅπου
2571 2875 2628 2929 δὲ
2651 2915 2666 2940 ,
2714 2878 3119 2946 Πνευματικός
3153 2878 3455 2948 ἀνακρίνει
3495 2881 3710 2935 πάντα.

457 2972 661 3026 ᾸΕοιιοε
685 2971 828 3036 illos,
875 2970 967 3038 qui
993 2969 1297 3024 Pleromate
1328 2973 1694 3026 continentur.
1739 2972 1895 3039 Quod
1944 2989 2028 3028 au-

2144 2966 2217 3019 Τὸ
2246 2967 2335 3033 δὲ,
2389 2968 2654 3035 Ψυχικὸς
2684 2969 2755 3022 οὐ
2803 2966 3037 3038 δέχεται
3080 2970 3152 3024 τὰ
3199 2971 3305 3024 τοῦ
3351 2972 3712 3040 πνεύματος,

457 3075 567 3118 tem
608 3078 829 3125 eorum,
862 3063 1061 3132 quibus
1089 3063 1317 3116 salutem
1353 3073 1471 3119 erat
1513 3066 1775 3121 allaturus
1799 3109 1813 3132 ,
1849 3067 2028 3138 primi-

2143 3057 2234 3109 ἐπὶ
2271 3056 2365 3109 τοῦ
2390 3057 2730 3128 Δημιουργοῦ
2766 3075 2927 3126 φασιν
2966 3060 3212 3131 εἰρῆσθαι
3237 3077 3251 3090 ο
3281 3061 3340 3113 ὃν
3368 3061 3604 3131 ψυχικὸν
3630 3064 3707 3115 ὅν-

458 3159 565 3211 tias
601 3153 851 3208 Salvator
898 3153 1234 3222 susceperit,
1267 3153 1335 3208 ob
1376 3154 1430 3209 id
1477 3158 1860 3224 pronuntiasse
1898 3158 2028 3213 Pau-

2141 3168 2209 3204 τα
2251 3153 2324 3221 μὴ
2353 3150 2651 3219 ἐγνωκέναι
2685 3151 2820 3222 μήτε
2853 3150 2950 3221 τὴν
2968 3152 3194 3223 Μητέρα
3219 3154 3594 3225 πνευματικὴν
3627 3151 3709 3208 οὖα

461 3248 595 3309 lum,
644 3243 713 3298 Et
739 3247 784 3298 si
809 3244 1059 3313 primitiw
1087 3253 1303 3308 sanctae,
1333 3255 1381 3298 et
1432 3263 1608 3300 massa
1637 3249 1658 3280 ⁹
1684 3265 1698 3314 ;
1735 3249 1823 3302 ubi
1850 3251 2028 3319 primi-

2144 3261 2259 3309 σαν,
2303 3244 2439 3314 μήτε
2474 3243 2534 3295 τὸ
2567 3243 2786 3314 σπέρμα
2818 3244 3017 3314 αὐτῆς,
3048 3244 3184 3314 μήτε
3225 3245 3351 3309 τοὺς
3376 3247 3434 3298 ἐν
3458 3247 3539 3317 τῷ
3564 3249 3708 3318 Πλη-

459 3336 564 3391 tias
611 3335 677 3389 ad
729 3335 781 3389 id
821 3334 963 3405 quod
993 3343 1076 3390 est
1110 3334 1354 3405 spiritale
1389 3336 1664 3392 referunt:
1697 3353 1933 3394 massam
1967 3342 2028 3397 ad

2141 3335 2351 3407 ρώματι
2376 3335 2604 3398 Αἰῶνας.
2639 3335 2760 3388 Ὅτι
2793 3333 2915 3387 ἰδὼν
2947 3333 2989 3365 ¹¹
3009 3335 3206 3406 ἦμελλε
3240 3337 3428 3400 σώζειν
3453 3339 3482 3390 ὁ
3521 3339 3708 3410 Σωτὴρ

459 3443 560 3482 nos
589 3466 604 3490 ,
633 3427 736 3480 hoc
781 3436 860 3480 est
907 3425 1194 3480 animalem
1230 3425 1527 3481 Ecclesiam
1556 3445 1570 3493 ;
1604 3428 1762 3498 cujus
1795 3445 2028 3487 massam

2137 3429 2338 3482 τούτων
2369 3425 2468 3490 τὰς
2501 3426 2751 3498 ἀπαρχὰς
2775 3425 3021 3490 ἀνέλαϐε,
3043 3425 3136 3479 τὸν
3165 3427 3372 3480 Παῦλον
3399 3429 3707 3499 εἰρηκέναι-

461 3519 641 3573 abillo
681 3525 990 3587 susceptam
1015 3559 1030 3584 ,
1065 3519 1118 3572 in
1150 3519 1349 3588 illoque
1377 3525 1710 3576 contractam
1734 3563 1750 3590 ,
1788 3525 2028 3594 quando-

2137 3521 2248 3577 Καὶ
2277 3521 2356 3589 ἢν
2379 3519 2418 3586 ή
2447 3518 2686 3587 ἀπαρχὴ
2720 3517 2890 3588 ἀνία,
2921 3517 3019 3570 καὶ
3053 3517 3118 3571 τὸ
3148 3519 3387 3588 φύραμα
3409 3539 3422 3552 ·
3455 3521 3708 3592 ἀπαρχὴν

461 3609 678 3680 quidem
708 3616 825 3664 erat
851 3609 966 3680 ipse
993 3608 1338 3665 fermentum.

2141 3614 2241 3684 μὲν
2279 3612 2339 3665 τὸ
2370 3609 2734 3681 πνευματικὸν
2779 3608 3026 3680 εἰρῆσθαι
3066 3609 3434 3675 διδάσκοντες,
3477 3612 3710 3684 φύραμα

459 3700 514 3754 δὲ
545 3701 720 3770 ἡμᾶς,
767 3699 1004 3752 τουτέστι
1044 3699 1141 3770 τὴν
1208 3699 1444 3771 ψυχικὴν
1483 3702 1806 3774 Ἐκκλησίαν
1834 3745 1849 3771 ,
1899 3701 1966 3777 ἧς
2008 3706 2068 3760 τὸ
2144 3706 2368 3775 φύραμα
2401 3699 2743 3771 ἀνειληφέναι
2784 3698 3022 3768 λέγουσιν
3069 3699 3260 3763 αὑτὸν,
3311 3701 3404 3754 καὶ
3452 3702 3513 3753 ὲν
3559 3702 3709 3770 αὐτῷ

461 3795 873 3849 συνεσταλκέναι
895 3837 908 3859 ,
943 3794 1127 3866 ἐπειδὴ
1160 3789 1228 3866 ἦν
1259 3795 1420 3860 αὐτὸς
1440 3794 1606 3868 ζύμη.

527 3885 716 3939 XXVI.
747 3886 821 3939 De
857 3885 1192 3940 Achamothe
1221 3901 1403 3955 porro,
1450 3903 1570 3943 eam
1600 3897 1752 3946 extra
1782 3890 2028 3948 Pleroma

2200 3888 2346 3953 Κῷ.
2385 3883 2494 3938 Καὶ
2526 3885 2603 3937 ὃτι
2664 3881 2938 3953 ἐπλανήθη
2995 3884 3028 3953 ἡ
3089 3883 3340 3953 Ἀχαμὼθ
3396 3885 3554 3947 ἐκτὸς
3611 3889 3706 3941 τοῦ

459 3981 798 4036 aberrantem
830 3993 860 4031 a
886 3977 1106 4032 Christo
1139 3976 1306 4032 fuisse
1329 3977 1637 4046 formatam,
1665 3990 1717 4037 et
1746 3984 1813 4038 ab
1841 3984 2028 4039 eodem

2137 3979 2531 4051 Πληρὼματος,
2564 3978 2660 4029 καὶ
2701 3973 2992 4045 ὲμορφώθη
3033 3974 3137 4027 ὑπὸ
3176 3974 3268 4027 τοῦ
3300 3977 3536 4046 Χριστοῦ
3558 4017 3576 4041 ,
3612 3981 3704 4033 καὶ

457 4073 761 4142 quzesitam,
799 4068 1087 4138 ipsummet
1116 4068 1441 4135 ostendisse,
1474 4085 1598 4124 cum
1628 4072 1786 4136 dixit,
1817 4073 2028 4128 venisse

2137 4069 2435 4142 ἀνεζητήθη
2468 4067 2572 4121 ὑπὸ
2611 4065 2704 4120 τοῦ
2747 4065 3028 4135 Σωτῆρος,
3062 4065 3282 4136 μηνύειν
3311 4067 3477 4120 αὑτὸν
3511 4068 3699 4137 λέγου-

373 4195 376 4198 ~
457 4176 517 4215 se
539 4159 606 4213 ad
651 4172 803 4211 ovem
849 4171 968 4226 qua:
1013 4157 1382 4210 erraverat”.
1418 4157 1550 4212 Esse
1571 4161 1716 4214 enim
1754 4172 2027 4216 errantem

2137 4177 2214 4212 σιν
2247 4161 2304 4211 ἐν
2333 4157 2410 4226 τῷ
2449 4159 2622 4209 εἰπεῖν
2655 4153 2814 4207 αὑτὸν
2842 4153 3156 4224 ἐληλυθέναι
3197 4155 3288 4206 ἐπὶ
3329 4155 3389 4208 τὸ
3419 4156 3698 4229 πεπλανη-

456 4265 610 4304 ovem
664 4247 887 4301 Matrem
932 4246 1078 4298 illam
1131 4260 1283 4300 suam
1327 4247 1788 4318 interpretantur,
1845 4268 1875 4307 a
1921 4268 2027 4322 qua

2137 4248 2294 4318 μένον
2327 4247 2390 4300 ¹³.
2419 4245 2692 4316 Πρόὸατον
2731 4245 2831 4315 μὲν
2857 4245 2964 4315 γὰρ
3007 4245 3414 4315 πεπλανημένον
3443 4247 3542 4318 τὴν
3571 4251 3696 4322 Μηι

456 4351 640 4395 nostra
674 4339 789 4393 haec
821 4336 1062 4391 Ecclesia
1095 4337 1305 4391 consita
1359 4336 1540 4392 fuerit.
1594 4339 1846 4396 Errorem
1878 4359 2022 4410 vero,

455 4429 601 4483 illius
630 4428 769 4480 inter
791 4423 1228 4495 perturbationes
1255 4425 1398 4494 ipsas
1426 4435 1577 4482 extra
1604 4427 1852 4484 Pleroma
1881 4446 2025 4485 com-

2129 4340 2262 4409 τέρα
2294 4338 2471 4393 αὐτῶν
2512 4335 2829 4406 ἐξηγοῦνται
2857 4333 3137 4401 λέγεσθαι,
3173 4335 3230 4402 ἐξ
3254 4331 3321 4406 ἧς
3350 4337 3448 4407 τὴν
3475 4332 3579 4392 ὦδε
3613 4341 3698 4394 θέ.

2128 4429 2310 4482 λουσιν
2356 4426 2622 4496 ὲσπάρθαι
2660 4423 3017 4493 Ἐκκλησίαν’
3070 4423 3276 4494 πλάνην
3311 4424 3367 4477 δὲ
3397 4425 3495 4495 τὴν
3541 4428 3696 4492 ἐκτὸς

453 4521 833 4580 morationem,
859 4517 1001 4572 unde
1017 4517 1256 4571 materiae
1277 4519 1541 4588 originem
1567 4531 1850 4576 arcessunt
1888 4522 2023 4578 Nam

2137 4517 2500 4589 Πληρώματος
2533 4517 2590 4568 ἐν
2621 4517 2734 4578 τοῖς
2764 4513 2959 4568 πάθεσι
2992 4513 3268 4584 διατριϐὴν
3291 4554 3306 4578 ,
3344 4514 3403 4578 ἐξ
3431 4509 3506 4568 ὧν
3537 4535 3696 4588 γεγοο

452 4613 733 4666 muliercm
771 4609 931 4678 196
954 4609 1098 4662 illam
1124 4622 1244 4677 quae
1275 4608 1493 4662 domum
1531 4609 1724 4663 everrit
1747 4649 1761 4674 ,
1804 4620 1856 4665 et
1893 4612 2021 4667 dra-

452 4703 662 4756 chmam
696 4701 900 4755 invenit
921 4699 987 4752 ad
1009 4699 1286 4753 ccelestcm
1312 4697 1641 4768 Sapientiam
1666 4701 2019 4769 transierunt,

451 4807 571 4860 quae
606 4790 956 4861 Enthymesin
993 4803 1158 4859 quam
1201 4789 1457 4844 amiserat
1498 4799 1685 4860 postea
1717 4798 2023 4864 repurgatis

449 4882 701 4934 omnibus
734 4897 827 4950 per
862 4880 1149 4934 adventum
1186 4879 1485 4937 Salvatoris
1526 4886 1900 4952 recuperavit:
1951 4887 2021 4940 oh

451 4969 610 5037 idque
632 4967 918 5022 Pleromati
946 4976 1171 5023 censent
1193 4984 1315 5024 esse
1339 4970 1665 5025 restitutam.
1708 4970 2017 5028 Simeonem

449 5060 598 5112 illum
655 5067 940 5127 praeterea,
978 5059 1070 5127 qui
1107 5061 1382 5114 Christum
1430 5062 1482 5114 in
1518 5062 1663 5116 ulnis
1705 5066 2014 5133 gestaverit,

447 5152 600 5218 eique
632 5150 835 5218 gratias
877 5149 959 5203 his
991 5151 1171 5204 verbis
1204 5153 1410 5221 egerit:
1446 5151 1602 5206 Nunc
1647 5154 1872 5210 dimittis
1902 5173 2012 5210 ser-

446 5258 561 5295 rum
617 5250 801 5306 tuum,
857 5240 1120 5304 Domine,
1169 5245 1451 5296 secundum
1500 5246 1706 5300 verbum
1754 5257 1902 5301 tuum
1957 5251 2009 5303 in

443 5349 570 5402 pace
603 5331 676 5384 "z
714 5330 1027 5387 Conditoris
1091 5333 1380 5400 imaginem
1414 5335 1616 5390 referre
1665 5337 1853 5391 dicunt
1890 5340 2004 5409 qui,

443 5422 759 5475 adveniente
773 5419 1078 5482 Salvatore,
1108 5420 1278 5490 ipsius
1309 5426 1823 5492 transportationem
1861 5429 2006 5482 didi-

511 5568 527 5598 ί
567 5564 698 5618 Luc.
734 5580 816 5628 ιχ,
837 5564 922 5618 61.

443 5653 503 5700 ιι,
534 5636 617 5690 15.
693 5635 715 5666 ⁸
753 5635 879 5689 ibid.
923 5634 1007 5687 Η.

445 5707 754 5777 πεπλανημ.
790 5705 1074 5776 πρόϐατον.
1101 5704 1268 5776 Πρόϐ.
1308 5703 1404 5774 μὲν
1439 5705 1566 5771 γάρ.

1022 5567 1040 5596 ²
1071 5565 1203 5617 ibid.
1237 5563 1324 5617 62.
1403 5564 1422 5594 ⁸
1453 5565 1583 5618 ibid.
1607 5569 1692 5623 60.
1772 5571 1791 5599 δ
1821 5569 1952 5624 Luc.
1983 5586 2094 5630 XIX.
2127 5570 2177 5622 5.

1128 5635 1150 5709 ξ
1182 5635 1449 5709 ἰξριηηιι,
1489 5634 1572 5709 ἰθ.
1657 5642 1698 5670 ¹⁰
1720 5638 1851 5694 Luc.
1885 5656 1972 5704 xv,
2010 5641 2042 5694 4
2082 5655 2203 5709 sqq.

2126 4612 2274 4664 νέναι
2299 4610 2395 4680 τὴν
2421 4609 2551 4678 ὓλην
2578 4608 2936 4661 ὑποτίθενται.
2966 4606 3075 4676 Τὴν
3109 4606 3166 4659 δὲ
3200 4609 3430 4673 γυναῖκα
3468 4609 3568 4678 τὴν
3603 4629 3694 4665 σα.

2127 4702 2326 4774 ροῦσαν
2378 4700 2476 4770 τὴν
2511 4699 2715 4764 οἰκίαν,
2749 4698 2843 4752 καὶ
2891 4697 3246 4768 εὑρίσκουσιν
3277 4697 3374 4768 τὴν
3419 4698 3693 4771 δραχμὴν,

2123 4794 2220 4860 τὴν
2254 4791 2365 4845 ἄνω
2397 4790 2592 4858 Σοφίαν
2633 4788 2941 4857 διηγοῦνται
2973 4789 3261 4857 λέγεσθαι,
3308 4790 3462 4858 ἥτις,
3494 4793 3691 4846 ἀπολέ-

2121 4896 2259 4931 σασα
2289 4879 2386 4950 τὴν
2444 4878 2770 4948 Ἐνθύμησιν
2798 4878 2966 4948 αὐτῆς
2991 4917 3006 4941 ,
3040 4876 3262 4948 ὕστερον
3281 4917 3298 4941 ,
3334 4876 3687 4948 καθαρισθέν-

2118 4987 2225 5023 των
2259 4971 2475 5023 πάντων
2500 4968 2588 5022 διὰ
2613 4971 2711 5039 τῆς
2739 4967 2832 5019 τοῦ
2883 4967 3131 5037 Σωτῆρος
3158 4965 3491 5035 παρουσίας,
3541 4967 3684 5038 εὑρί-

2120 5079 2236 5114 σκει
2261 5063 2427 5133 αὑτήν
2446 5080 2461 5095 ο
2488 5061 2568 5114 διὸ
2596 5061 2688 5113 καὶ⁵
2728 5057 2930 5128 ταύτην
2955 5055 3419 5111 ἀποκαθίστασθαι
3452 5059 3572 5111 κατ’
3596 5062 3688 5112 αύ-

2115 5155 2240 5217 τοὺς
2272 5153 2419 5215 ἐντὸς
2443 5151 2822 5222 πληρώματος.
2853 5150 3112 5219 Συμεῶνα
3139 5150 3230 5204 τὸν
3269 5153 3347 5214 εἰς
3378 5153 3478 5216 τὰς
3515 5155 3683 5222 ἁγκάο

2116 5247 2212 5308 λας
2245 5244 2473 5298 λαϐόντα
2503 5244 2593 5296 τὸν
2617 5242 2868 5313 Χριστὸν,
2901 5243 2992 5294 καὶ
3017 5242 3485 5312 εύχαριστήσαντα
3516 5245 3682 5314 αὐτῷ,

2115 5337 2206 5390 καὶ
2249 5336 2498 5389 εἰπόντα·
2534 5333 2662 5387 Νῦν
2689 5331 2976 5394 ἀπολύεις
3012 5329 3117 5382 τὸν
3146 5330 3371 5384 δοῦλόν
3407 5346 3558 5395 σου,
3590 5332 3683 5384 Δέ-

2113 5441 2309 5481 σποτα
2331 5469 2344 5494 ,
2371 5426 2519 5480 κατὰ
2550 5425 2614 5478 τὸ
2630 5423 2799 5493 ῥῆμά
2830 5438 2945 5477 σου
2978 5422 3048 5474 ἐν
3076 5421 3284 5490 εἰρήνῃ
3304 5439 3316 5451 ο
3346 5423 3518 5475 τύπον
3543 5421 3680 5477 εἶναι

3445 5563 3464 5593 ⁷
3506 5562 3522 5613 Ι
3553 5563 3678 5616 Cor.

2280 5571 2299 5601 ⁸
2326 5567 2512 5621 Matth.
2558 5584 2677 5631 xm,
2730 5567 2817 5621 5'5.
2894 5567 2914 5596 ⁶
2949 5564 3118 5619 lCor.
3149 5577 3237 5622 xv,
3265 5560 3351 5614 48.
3445 5563 3464 5593 ⁷
3506 5562 3654 5616 lCor

2309 5640 2348 5669 “
2387 5637 2521 5688 Luc.
2555 5652 2614 5688 ιι.
2642 5638 2732 5688 29.
2840 5635 3043 5688 “lren.
3067 5635 3149 5686 ὅτι
3171 5631 3226 5684 δὲ
3253 5625 3350 5685 ὧν.
3473 5633 3517 5663 ¹³
3541 5632 3654 5688 lren

2309 5640 2348 5669 “
2387 5637 2521 5693 Luc.
2555 5652 2614 5704 ll,
2642 5625 2732 5693 2'9.
2840 5637 2882 5667 “
2903 5635 3043 5692 lren.
3067 5635 3149 5686 ὅτι
3171 5631 3226 5684 δὲ
3253 5625 3350 5685 ὧν.
