3814 6304
157 285 258 342 5‘25

903 274 1274 334 ADVERSUS
1310 275 1653 332 HERESES
1688 272 1817 328 LIB.
1861 272 1898 329 I.
1940 273 2100 329 ΤΟΜ.
2146 273 2209 326 ll.
2234 303 2302 312 -—
2340 269 2610 326 ":ERES.
2645 268 2836 325 XXXI.

3296 261 3401 324 526

158 393 244 446 τοῦ
279 390 628 463 Δημιουργοῦ
663 389 912 458 λέγουσιν
937 429 951 451 ,
992 389 1066 452 ὼς
1094 391 1134 451 ι,
1168 389 1410 452 ὲλοόντος
1436 389 1528 441 τοῦ
1555 389 1733 458 Σωτῆ-

1852 385 1992 452 :erit,
2028 401 2092 440 ac
2123 384 2294 456 Bytho
2336 384 2538 454 gratias
2568 383 2755 454 egerit.
2798 381 2877 436 Ad
2910 381 3024 435 haec
3058 394 3152 450 per
3189 380 3398 435 Annam

159 500 264 553 ρος,
285 480 459 552 ἔμαθε
487 480 586 550 τὴν
612 479 900 550 μετάθεσιν
916 478 1109 541 αὑτοῦ,
1144 479 1236 530 καὶ
1262 478 1627 549 ηὐχαρίστησε
1655 479 1733 549 τῷ

160 572 324 642 Βυθῷ.
365 570 480 624 Καὶ
507 569 596 622 διὰ
627 570 725 639 τῆς
763 569 821 620 ὲν
859 566 936 637 τῷ
973 567 1289 637 Εὑαγγελίῳ
1321 567 1732 640 κηρυσσομένης

159 662 480 736 προφήτιδος
501 700 516 718 ,
549 659 688 712 ἑπτὰ
716 657 810 728 ἔτη
851 645 986 727 μετὰ
1014 658 1204 728 ἀνδρὸς
1231 656 1489 726 ὲξηκυίας
1507 696 1521 720 ,
1553 657 1642 710 τὸν
1675 658 1732 710 δὲ

157 752 332 803 λοιπὸν
355 751 574 804 ἅπαντα
604 748 790 818 χρόνον
822 748 996 818 χήρας
1036 745 1302 816 μενούσης
1329 787 1344 810 ,
1369 744 1525 815 ἄχρις
1553 741 1614 799 οὗ
1643 747 1730 799 τὸν

161 841 378 912 ἃοτῆρα
408 839 594 892 ἰδοῦσα
621 837 836 905 ἐπέγνω
863 837 1043 898 αὐτὸν,
1069 837 1161 888 καὶ
1190 835 1365 890 ἐλάλει
1403 838 1532 908 περὶ
1568 836 1730 889 αὑτοῦ

160 936 306 996 πᾶσι,
335 929 697 1000 φανερώτατα
730 929 828 999 τὴν
861 928 1114 999 Ἀχαμὼθ
1155 928 1450 998 μηνύεσθαι
1476 928 1733 999 διορίζον-

161 1042 243 1075 ται
271 1041 282 1053 '
335 1024 496 1091 ἥτις,
551 1021 685 1090 πρὸς
731 1019 908 1087 ὀλίγον
953 1018 1132 1071 ἰδοῦσα
1175 1019 1264 1072 τὸν
1308 1019 1535 1089 Σωτῆρα
1595 1018 1733 1088 μετὰ

159 1114 261 1167 τῶν
305 1114 612 1184 ἡλικιωτῶν
650 1111 840 1176 αὑτοῦ,
889 1111 966 1181 τῷ
1017 1110 1187 1180 λοιπῷ
1232 1111 1408 1182 χρόνῳ
1443 1113 1604 1165 παντὶ⁵
1636 1114 1732 1183 μὲν

158 1205 322 1262 οἷο-α’
343 1210 402 1258 ἐν
432 1209 496 1276 τῇ
532 1205 788 1276 μεσότητι
820 1203 1170 1274 προσεδέχετο
1193 1200 1373 1268 αὑτὸν,
1410 1205 1536 1256 πότε
1571 1206 1732 1258 πάλιν

161 1299 466 1358 ἐλεύσεται,
513 1299 606 1349 καὶ
639 1297 1081 1364 ἀποκαταστήσει
1130 1295 1305 1366 αὐτὴν¹
1328 1299 1393 1367 τῇ
1425 1296 1594 1365 αὐτῆς
1641 1314 1733 1348 συ-

161 1391 337 1460 ζυγίᾳ.
371 1390 484 1442 Καὶ
527 1388 588 1440 τὸ
621 1387 790 1456 ὄνομα
822 1387 878 1438 δὲ
913 1385 1082 1455 αὐτῆς
1124 1385 1465 1456 μεμηνῦσθαι
1505 1387 1608 1440 ὑπὸ
1639 1387 1730 1441 τοῦ

161 1481 408 1549 Σωτῆρος
437 1480 492 1529 ὲν
525 1477 604 1545 τῷ
639 1475 952 1547 εἰρηκέναι·
989 1477 1096 1528 Καὶ
1132 1474 1443 1544 ἐδικαιώθη
1473 1477 1510 1543 ἡ
1547 1478 1734 1546 σοφία

159 1570 272 1623 ἀπὸ
306 1567 425 1621 τῶν
452 1567 682 1621 τέκνων
719 1564 928 1632 αὐτῆς.
973 1566 1081 1618 Καὶ
1105 1566 1209 1617 ὑπὸ
1232 1566 1442 1619 Παύλου
1470 1566 1525 1619 δὲ
1551 1565 1694 1619 οὕτω
1717 1577 1732 1594 ⁸

162 1659 388 1724 Σοφίαν
425 1655 496 1708 δὲ
551 1655 860 1721 λαλοῦμεν
899 1654 969 1706 ἐν
998 1653 1121 1719 τοῖς
1152 1655 1426 1719 τελείοις.
1478 1655 1589 1707 Kal.
1635 1653 1734 1718 τὰς

1836 477 1982 530 illam
2011 517 2026 541 ,
2078 492 2200 547 quae
2240 476 2579 546 prophetissa
2631 475 2684 528 in
2724 473 3013 544 Evangelia
3057 471 3398 544 praedicatur,

1835 585 2064 640 qitzeque
2092 579 2298 640 septem
2333 582 2506 623 annos
2532 581 2655 621 cum
2680 567 2799 619 viro
2840 565 3068 628 vixisse,
3133 563 3399 632 reliquu

1833 676 1962 716 vero
1993 670 2206 730 tempus
2233 676 2393 716 omne
2425 661 2481 714 iu
2517 658 2779 712 viduitate
2825 656 3001 725 egisse
3033 654 3234 710 dicitur
3255 694 3270 718 ,
3302 654 3386 710 do-

1834 766 1935 806 nec
1977 752 2257 806 Salvatore
2307 757 2599 820 conspecto
2641 757 2697 803 et
2746 748 2924 817 ipsum
2973 746 3293 816 agnoverit,
3351 752 3399 799 et

1833 841 1976 910 apud
2004 855 2196 897 omnes
2221 841 2287 897 de
2315 856 2380 896 eo
2409 841 2588 895 locuta
2619 839 2711 904 sit,
2743 837 3192 893 manifestissime
3221 835 3402 889 Acha-

1833 933 2069 988 mothem
2105 932 2416 992 adumbrari
2445 932 2772 986 confirmant
2811 949 2822 984 :
2857 945 2977 1000 quae
3027 930 3115 983 ubi
3159 928 3400 983 Salvato-

1834 1039 1948 1078 rem
1977 1039 2099 1078 cum
2146 1024 2264 1092 ejus
2307 1023 2606 1092 aequalibus
2646 1023 2838 1090 raptim
2882 1022 3215 1089 aspexisset,
3249 1020 3403 1074 dein.

1833 1130 1961 1185 ceps
2013 1121 2129 1169 toto
2189 1115 2494 1184 insequenti
2546 1123 2786 1182 tempore
2839 1113 3013 1167 media
3074 1113 3128 1165 in
3184 1113 3402 1181 regione

1834 1207 2142 1260 consistens
2171 1206 2296 1259 dum
2324 1206 2517 1259 iterum
2550 1207 2752 1261 rediret
2790 1204 3216 1274 exspectaverit,
3261 1219 3322 1257 ac
3346 1217 3405 1259 se

1835 1299 2090 1368 conjugio
2113 1312 2213 1353 suo
2242 1297 2572 1351 restitueret.
2601 1297 2772 1363 Cujus
2802 1296 2964 1349 etiam
3000 1310 3197 1349 nomen
3227 1311 3255 1348 a
3282 1288 3404 1348 Sal-

1835 1399 2022 1444 vatore
2055 1389 2207 1443 hisce
2243 1387 2424 1441 verbis
2459 1401 2811 1455 expressum:
2869 1385 2936 1438 Et
2985 1386 3282 1454 iustiﬁcata
3331 1393 3406 1438 est

1837 1480 2097 1547 sapientia
2127 1495 2159 1531 a
2189 1477 2316 1545 ﬁliis
2341 1477 2452 1543 ejus
2486 1476 2527 1528 δ.
2556 1475 2712 1530 Velut
2737 1490 2765 1527 a
2791 1475 2962 1537 Paulo
2990 1491 3113 1530 cum
3153 1476 3407 1544 scripsit:

1839 1569 2164 1639 Sapientiam
2194 1569 2458 1637 loquimur
2486 1568 2623 1621 inter
2641 1567 2895 1635 perfectos
2923 1567 2966 1621 ⁸.
2990 1567 3156 1632 Quem
3189 1566 3406 1636 insuper

1839 1659 2215 1728 conjugiorum
2253 1671 2374 1726 quae
2429 1657 2571 1708 intra
2603 1655 2850 1710 Pleroma
2907 1665 3033 1710 sunt
3081 1659 3408 1710 mentionem

165 1748 418 1816 συζυγίας
460 1747 516 1798 δὲ
543 1745 640 1809 τὰς
671 1745 818 1809 ἐντὸς
843 1743 1212 1814 Πληρώματος
1241 1745 1331 1797 τὸν
1357 1744 1566 1798 Παῦλον
1594 1746 1741 1816 εἰρη-

1852 1745 1900 1798 ἱη
1934 1760 2042 1799 uno
2092 1744 2321 1807 fecisse,
2355 1759 2479 1798 cum
2514 1745 2582 1798 de
2612 1745 2890 1798 hominum
2922 1745 3059 1800 inter
3081 1760 3140 1799 se
3187 1746 3409 1814 copula-

161 1841 307 1892 κέναι
367 1838 669 1907 φάσκουσιν
717 1837 808 1889 ἐπὶ
859 1835 972 1897 ἑνὸς
1013 1834 1277 1900 δείξαντα.
1323 1836 1459 1913 Περὶ
1485 1835 1594 1907 γὰρ
1640 1837 1738 1904 τῆς

162 1935 285 2004 περὶ
311 1932 406 1985 τὸν
437 1930 551 2000 βίον
594 1928 852 1996 συζυγίας
875 1927 1100 1998 γράφων
1128 1925 1228 1999 ἔφη
1256 1944 1270 1957 '
1306 1927 1374 1980 Τὸ
1403 1926 1742 1996 μυστήριον

160 2025 334 2077 τοῦτο
369 2023 529 2091 μέγα
555 2020 727 2075 ἐστίν
751 2037 764 2050 ο
795 2019 909 2088 ἐγὼ
935 2019 1000 2072 δὲ
1038 2019 1192 2088 λέγω
1234 2021 1320 2085 εἰς
1347 2020 1603 2088 Χριστὸν
1644 2020 1743 2073 καὶ

166 2117 272 2181 τῖεν
308 2115 707 2181 Ἐκκιησιάν.

231 2210 358 2261 KZ'.
398 2207 522 2260 Ἔτι
567 2223 625 2258 τε
688 2206 939 2277 Ἰωάννην
988 2207 1077 2260 τὸν
1127 2206 1374 2278 μαθητὴν
1409 2205 1504 2260 τοῦ
1538 2207 1742 2280 Κυρίου

162 2298 471 2351 διδάσκουσι
503 2296 604 2368 τὴν
650 2296 872 2367 πρώτην
922 2298 1177 2366 Ὀγδοάδα
1232 2300 1604 2372 μεμηνυκέναι
1645 2301 1744 2353 αὺ-

161 2392 276 2451 ταῐς
310 2388 530 2453 λέξεσι,
585 2389 833 2456 λέγοντες
895 2389 1036 2442 οὕτω
1064 2405 1075 2417 ⁸
1137 2391 1388 2460 Ἰωάννης
1426 2393 1454 2444 ὁ
1496 2391 1745 2463 μαθητὴς

162 2481 254 2532 τοῦ
290 2479 525 2550 Κυρίου,
555 2479 872 2549 βουλόμενος
900 2482 1071 2532 εἰπεῖν
1097 2481 1194 2550 τὴν
1222 2481 1328 2534 τῶν
1355 2483 1488 2535 ὅλων
1513 2483 1742 2551 γένεσιν,

164 2571 282 2624 καθ’
315 2573 386 2640 ἢν
435 2571 504 2623 τὰ
535 2572 712 2624 πάντα
753 2569 1050 2642 προέϐαλεν
1091 2573 1119 2624 ὁ
1153 2573 1373 2643 Πατὴρ,
1409 2574 1582 2644 ἀρχήν
1627 2592 1748 2628 τινα

164 2661 482 2733 προτίθεται
511 2661 572 2713 τὸ
603 2659 815 2730 πρῶτον
846 2661 1100 2730 γεννηθὲν
1134 2662 1236 2714 ὑπὸ
1263 2662 1357 2714 τοῦ
1396 2663 1528 2715 Θεοῦ
1551 2703 1566 2726 ,
1598 2665 1656 2717 ὃν
1683 2665 1745 2736 δὴ

164 2755 258 2807 καὶ
300 2754 434 2806 Υἱὸν
476 2756 738 2824 μονογενῆ
800 2753 894 2806 καὶ
917 2753 1077 2806 ’Θεὸν
1131 2754 1428 2823 κέκληκεν,
1489 2757 1546 2808 ἐν
1679 2756 1747 2808 τὰ

165 2846 344 2900 πάντα
378 2847 408 2898 ό
433 2845 624 2915 Πατὴρ
643 2844 908 2915 προέϐαλε
933 2846 1338 2915 σπερματικῶς.
1381 2847 1514 2899 Ὑπὸ
1547 2848 1598 2899 δὲ
1628 2848 1750 2900 τού-

162 2955 257 2990 του
292 2938 430 3008 φησι
462 2936 555 2988 τὸν
583 2937 754 3004 Λόγον
794 2936 1220 3006 προϐεϐλῆσθαι,
1252 2938 1345 2990 καὶ
1382 2938 1439 2990 ὲν
1472 2937 1621 3006 αὐτῷ
1652 2938 1748 3010 τὴν

164 3029 292 3098 ὃλην
322 3026 437 3080 τῶν
469 3025 690 3080 Λίώνων
727 3027 944 3090 οὐσίαν,
995 3026 1060 3097 ἢν
1113 3028 1272 3091 αὐτὸς
1326 3028 1548 3099 ὕστερον
1586 3029 1750 3100 ὲμόρ-

165 3135 347 3186 φωσεν
402 3119 431 3170 ό
485 3116 676 3184 Λόγος.
727 3115 879 3168 Ἐπεὶ
917 3112 1009 3170 οῦν
1061 3115 1188 3187 περὶ
1217 3115 1438 3187 πρώτης
1485 3117 1750 3186 γενέσεως
1777 3104 1820 3162 C

164 3211 312 3278 λέγει
349 3206 533 3269 καλῶς
567 3205 675 3258 ἀπὸ
701 3205 800 3274 τῆς
832 3206 1042 3275 ἀρχῆς,
1082 3207 1327 3258 τουτέστι
1365 3207 1456 3259 τοῦ
1491 3207 1624 3261 Θεοῦ
1659 3208 1753 3261 καὶ

164 3301 258 3355 τοῦ
293 3300 477 3365 Λόγου
499 3339 514 3361 ,
547 3295 644 3366 τὴν
687 3295 1032 3349 διδασκαλίαν
1079 3298 1330 3350 ποιεῖται.
1366 3296 1526 3364 Λέγει
1555 3297 1611 3350 δὲ
1659 3297 1752 3351 οῦ-

165 3409 300 3454 τως’
354 3392 458 3442 Ἐν
490 3386 646 3456 ἀρχῇ
678 3383 757 3456 ἦν
787 3390 819 3440 ό
846 3388 1035 3456 Λόγος
1055 3427 1070 3449 ,
1098 3386 1195 3440 καὶ
1230 3390 1262 3440 ό
1291 3389 1482 3456 Λόγος
1503 3384 1580 3458 ἦν
1605 3388 1754 3456 πρὸς

164 3484 274 3537 τὸν
305 3480 461 3536 Θεὸν
490 3522 505 3545 ,
556 3480 656 3534 καὶ
707 3478 851 3544 Θεὸς
888 3473 966 3547 ἦν
995 3481 1029 3532 ό
1067 3479 1257 3548 Λόγος
1284 3496 1298 3510 °
1341 3479 1527 3544 οὕτως
1557 3475 1636 3548 ἦν
1685 3480 1754 3534 ἐν

167 3575 329 3644 ἀρχῇ
370 3573 522 3644 πρὸς
547 3573 652 3626 τὸν
674 3574 839 3626 Θεόν.
866 3573 1134 3644 Πρότερον
1169 3573 1473 3638 διαστείλας
1509 3574 1578 3628 τὰ
1605 3577 1751 3648 τρία,

169 3667 303 3719 Θεὸν
327 3707 344 3730 ,
392 3665 489 3719 καὶ
534 3664 727 3734 ἀρχὴν,
775 3665 870 3716 καὶ
902 3664 1094 3731 Λόγον,
1133 3664 1292 3718 πάλιν
1321 3665 1461 3718 αὐτὰ
1491 3666 1631 3730 ένοί,
1668 3667 1754 3720 ἵνα

171 3758 262 3808 καὶ
282 3757 387 3826 τὴν
408 3754 679 3825 προΰολὴν
702 3755 978 3824 ἑκατέρων
1004 3755 1182 3808 αὐτῶν
1205 3755 1374 3830 δείξῃ,
1405 3756 1498 3810 τοῦ
1515 3774 1572 3810 τε
1598 3757 1752 3822 Υἱοῦ,

173 3850 266 3902 καὶ
311 3847 407 3902 τοῦ
447 3847 655 3914 Λόγου,
709 3848 802 3899 καὶ
833 3847 931 3917 τὴν
986 3847 1121 3916 πρὸς
1171 3847 1430 3918 ἀλλήλους
1464 3848 1579 3919 ἅμα
1605 3887 1620 3910 .
1665 3851 1758 3902 καὶ

174 3941 269 4010 τὴν
322 3938 463 4008 πρὸς
512 3936 602 3989 τὸν
651 3936 870 4007 Πατέρα
906 3937 1119 3989 ἕνωσιν.
1163 3938 1272 4002 ¹Ἑν
1311 3938 1418 4009 γὰρ
1455 3937 1533 4007 τῷ
1560 3939 1755 4009 Πατρὶ,

174 4033 268 4084 καὶ
315 4032 385 4083 ὲκ
427 4028 521 4081 τοῦ
551 4029 764 4100 Πατρὸς
801 4029 834 4098 ἡ
875 4029 1051 4101 ἁρχὴ,
1084 4031 1177 4083 καὶ
1207 4032 1268 4082 ὲκ
1317 4030 1337 4061 ³
1386 4030 1485 4100 τῆς
1527 4031 1702 4101 ἀρχῆς
1728 4033 1757 4085 ὁ

173 4123 372 4190 Λόγος.
403 4121 600 4183 Καλῶς
631 4116 724 4173 οὖν
769 4116 952 4174 εἶπενο
1003 4122 1106 4176 Ἐν
1145 4119 1303 4192 ἀρχῇ
1335 4117 1413 4191 ἦν
1450 4125 1484 4176 d
1522 4125 1713 4193 Λόγος
1741 4139 1755 4152 ⁸

172 4212 240 4286 ἦν
298 4214 413 4284 γὰρ
465 4214 522 4265 ὲν
557 4211 632 4282 τῷ
671 4211 818 4284 Υὶῷο
877 4213 987 4268 Καὶ
1033 4217 1065 4266 ὁ
1111 4217 1301 4283 Λόγος
1332 4211 1410 4286 ἦν
1457 4215 1606 4284 πρὸς
1652 4215 1760 4270 τὸν

175 4308 331 4362 Θεόν
349 4322 363 4336 ·
396 4306 494 4358 καὶ
526 4306 633 4378 γὰρ
665 4309 697 4377 ἡ
728 4308 901 4377 ἀρχή’
932 4307 1043 4361 Καὶ
1071 4308 1215 4374 Θεὸς
1239 4303 1317 4378 ἦν
1346 4311 1378 4361 ό
1395 4308 1602 4377 Λόγος,
1631 4309 1759 4361 ἀκο-

177 4399 416 4462 λούθως·
441 4399 502 4452 τὸ
535 4400 646 4470 γὰρ
674 4401 738 4453 ἐκ
764 4399 898 4453 Θεοῦ
931 4399 1186 4470 γεννηθὲν
1230 4399 1361 4462 Θεός
1395 4403 1560 4454 ἐστιν.
1592 4396 1758 4465 Οὗτος

1846 1835 1994 1889 tione
2031 1835 2176 1888 hunc
2219 1833 2274 1887 in
2320 1834 2539 1888 modum
2579 1834 2829 1904 scripsit:
2881 1832 3279 1888 Sacramentum
3316 1834 3412 1888 hoc

1847 1942 2094 1996 magnum
2133 1936 2238 1981 est:
2269 1942 2362 1996 ego
2399 1941 2517 1980 vero
2541 1926 2658 1979 dico
2685 1927 2740 1979 iu
2778 1924 2989 1981 Christo
3020 1937 3068 1981 et
3103 1925 3337 1982 Ecclesia
3365 1929 3387 1960 °

1916 2197 2126 2255 XXVII.
2176 2197 2440 2256 Joannem
2493 2199 2704 2257 Domini
2782 2201 3109 2273 discipulum
3149 2201 3414 2261 afﬁrmant

1849 2293 2078 2362 primam
2129 2291 2438 2364 Ogdoadem
2491 2295 2810 2348 nominatim
2865 2296 3291 2352 demonstrasse.
3327 2298 3416 2353 Sic

1846 2383 1990 2438 enim
2021 2383 2320 2452 disputant.
2348 2381 2586 2439 Joannes
2611 2383 2825 2438 Domini
2848 2385 3146 2454 discipulus
3173 2387 3416 2442 omnium

1849 2489 2029 2528 rerum
2079 2474 2343 2544 originem
2382 2476 2651 2542 explicare
2697 2475 2961 2544 cupiens,
3013 2492 3117 2545 qua
3175 2492 3206 2531 a
3258 2477 3420 2534 Patre

1848 2565 2100 2620 universa
2131 2573 2415 2633 procreata
2445 2573 2572 2619 sunt
2597 2607 2611 2631 ,
2658 2567 2985 2636 principium
3029 2568 3218 2622 statuit
3246 2583 3277 2621 a
3313 2571 3420 2624 Deo

1849 2657 2111 2726 genitum,
2142 2672 2301 2726 quem
2335 2666 2387 2710 et
2418 2655 2613 2711 Filium
2661 2658 2998 2728 unigenitum
3028 2669 3082 2713 et
3112 2659 3279 2716 Deum
3321 2675 3420 2732 ap-

1850 2748 2044 2817 pellat,
2075 2763 2172 2816 per
2198 2762 2359 2815 quem
2391 2748 2571 2800 omnia
2603 2746 2763 2801 Pater
2798 2749 3033 2818 quodam
3081 2751 3246 2805 veluti
3299 2763 3422 2807 satu

1850 2841 2188 2910 propagavit.
2218 2841 2297 2895 Ab
2324 2841 2429 2895 hoc
2455 2842 2779 2911 productum
2804 2859 2924 2900 esse
2939 2844 3174 2900 Verbum
3201 2848 3419 2914 asserit;

1850 2948 1947 3004 per
1972 2936 2119 2988 istud
2150 2949 2280 2988 vero
2310 2943 2478 2989 totam
2503 2934 2738 2990 Eouum
2771 2946 3018 2992 naturam
3051 2955 3210 3009 quam
3244 2941 3421 3010 ipsum

1851 3035 2038 3095 postea
2079 3023 2314 3079 Verbum
2373 3025 2707 3080 informavit.
2742 3025 2877 3080 Cum
2935 3029 3099 3099 igitur
3137 3033 3201 3086 de
3249 3031 3424 3101 prima

1854 3117 2202 3188 generatione
2251 3133 2555 3172 sermonem
2601 3119 2896 3184 instituat,
2939 3129 3084 3177 recte
3135 3137 3165 3175 a
3213 3122 3426 3176 Princio

1854 3209 1965 3278 pio,
1992 3209 2093 3262 hoc
2125 3216 2209 3263 est
2245 3208 2387 3273 Deo,
2430 3207 2714 3280 Verboque
2751 3211 2980 3266 docendi
3020 3213 3236 3266 initium
3266 3211 3424 3284 197

1855 3297 2004 3352 fecit.
2047 3298 2123 3350 lta
2165 3314 2328 3368 porro
2365 3300 2558 3354 scribit
2590 3319 2603 3356 :
2641 3300 2705 3356 In
2735 3303 2994 3372 principio
3047 3313 3162 3358 erat
3201 3303 3424 3359 Verbum

1854 3399 1904 3442 et
1944 3389 2168 3443 Verbum
2197 3399 2312 3443 erat
2343 3391 2481 3458 apud
2516 3391 2710 3456 Deum,
2754 3401 2804 3446 et
2832 3393 2974 3447 Deus
3013 3404 3127 3448 erat
3177 3395 3419 3450 Verbum.

1856 3477 1946 3534 Sic
1974 3488 2086 3532 erat
2139 3481 2192 3533 in
2248 3482 2508 3552 principio
2543 3481 2684 3553 apud
2719 3483 2886 3537 Deum
2908 3483 2963 3538 ⁷.·
2995 3484 3287 3557 Postquam
3320 3489 3425 3543 tria

1857 3571 1946 3624 illa
1975 3571 2254 3637 discrevit,
2292 3571 2482 3636 Deum,
2523 3573 2855 3645 Principium
2886 3583 2940 3630 et
2971 3575 3204 3632 Verbum
3233 3619 3248 3642 ,
3306 3595 3426 3633 rur-

1857 3676 1954 3717 sus
1988 3662 2043 3716 in
2075 3677 2240 3716 unum
2270 3664 2574 3731 connectit,
2603 3675 2663 3720 ut
2694 3665 2981 3738 utriusque
3015 3668 3138 3723 Filii
3179 3671 3427 3727 videlicet

1858 3766 1922 3807 ac
1949 3750 2141 3817 Verbi,
2192 3753 2606 3823 productionem
2632 3795 2648 3820 ,
2685 3757 3078 3828 amborumque
3117 3775 3240 3815 cum
3281 3762 3428 3818 inter

1857 3857 1935 3909 se,
1976 3850 2090 3897 tum
2129 3859 2252 3898 cum
2279 3843 2440 3898 Patre
2477 3846 2916 3914 conjunctionem
2947 3849 3206 3905 declaret.
3241 3851 3425 3923 Siqui-

1857 3934 1978 3989 dem
2017 3935 2073 3989 in
2111 3933 2306 3999 Patre,
2353 3943 2515 4006 atque
2539 3951 2607 3992 ex
2639 3936 2800 3992 Patre
2833 3938 3166 4008 Principium
3210 3950 3321 3996 est:
3360 3958 3427 3997 ex

1857 4023 2132 4093 Principio
2163 4023 2419 4081 Verbum.
2453 4025 2718 4088 Praeclare
2745 4028 2909 4099 igitur
2936 4028 3072 4083 dixit
3097 4048 3111 4084 :
3144 4030 3209 4085 In
3239 4033 3426 4101 princi-

1858 4117 1944 4186 pio
1988 4127 2104 4170 erat
2143 4117 2410 4182 Verbum;
2453 4127 2570 4174 erat
2599 4119 2742 4175 enim
2787 4121 2843 4176 in
2873 4120 3010 4177 Filio
3045 4140 3059 4176 :
3100 4122 3166 4176 Et
3205 4123 3427 4177 Verbum

1858 4222 1973 4263 erat
2009 4212 2149 4278 apud
2173 4210 2372 4276 Deum;
2401 4219 2519 4268 erat
2539 4212 2683 4268 enim
2716 4222 2770 4270 et
2793 4215 3151 4287 principium:
3190 4216 3259 4270 Et
3288 4215 3427 4271 Deus

1859 4310 1973 4354 erat
2024 4299 2269 4356 Verbum.
2308 4305 2688 4360 Consentanee
2726 4308 2947 4362 omnino
2992 4309 3236 4363 dictum:
3284 4309 3426 4378 quod

1863 4392 2006 4446 enim
2058 4409 2088 4447 a
2130 4393 2237 4448 Deo
2275 4396 2514 4465 genitum
2552 4404 2674 4460 est,
2731 4397 2874 4454 Deus
2930 4408 3032 4455 est.
3077 4399 3168 4455 Sic
3211 4409 3326 4455 erat
3375 4401 3430 4453 in

177 4489 252 4561 ἦν
283 4493 359 4545 ἐν
381 4490 541 4560 ἀρχῇ
571 4491 721 4558 πρὸς
749 4492 856 4545 τὸν
895 4494 1044 4546 Θεόν
1066 4509 1082 4524 ο
1116 4491 1284 4558 ἔδειξε
1313 4490 1408 4563 τὴν
1433 4494 1531 4563 τῆς
1563 4494 1741 4562 προϐο

1863 4487 2117 4554 principio
2149 4487 2288 4555 apud
2324 4487 2488 4542 Deum
2516 4531 2530 4553 ,
2566 4489 2940 4559 productionis
2970 4491 3214 4545 ordinem
3244 4499 3428 4546 osten-

175 4584 273 4655 λῆς
296 4584 478 4650 τάξιν.
503 4582 706 4636 Πάντα
733 4583 808 4637 δι’
831 4581 1017 4636 αὐτοῦ
1044 4581 1299 4650 ἐγένετο.
1327 4583 1424 4637 καὶ
1450 4584 1628 4652 χωρὶς
1659 4587 1763 4639 αὺ-

178 4678 284 4730 τοῦ
317 4675 565 4744 ἐγένετο
610 4674 753 4727 οὐδὲ
795 4674 866 4728 ἓν
905 4692 917 4704 ·
976 4674 1108 4728 πᾶσι
1141 4673 1251 4745 γὰρ
1297 4677 1408 4738 τοῖς
1444 4677 1559 4746 μετ’
1601 4675 1762 4729 αὑτὸν

182 4767 351 4821 Λίὡσι
387 4766 605 4836 μορφῆς
640 4767 733 4818 καὶ
762 4766 1028 4834 γενέσεως
1060 4764 1233 4829 αἴτιος
1270 4769 1298 4820 ὁ
1338 4767 1506 4835 Λόγος
1524 4768 1758 4836 ἐγένετο.

189 4861 379 4924 Ἀλλὰ,
423 4863 494 4912 Ὃ
526 4859 1076 4929 τέγονενὲιναὺτῷ,
1103 4861 1263 4930 φησὶ,
1305 4861 1412 4926 ζωή
1446 4862 1649 4925 ἐστιν,
1684 4863 1763 4914 ὲν-

178 4952 307 5005 θαδε
345 4949 442 5002 καὶ
484 4948 744 5016 συζυγίαν
796 4949 1055 5018 ἐμήνυσε.
1099 4949 1179 5002 Τὰ
1201 4950 1319 5019 μὲν
1347 4951 1455 5021 γὰρ
1505 4951 1619 5005 ὅλα
1658 4951 1762 5022 ἔφη

176 5045 247 5095 δι’
291 5041 519 5094 ἑαυτοῦ
568 5039 927 5108 γεγενῆσθαι
953 5082 968 5100 ,
1014 5040 1128 5108 τὴν
1164 5041 1232 5094 δὲ
1267 5041 1420 5111 ζωὴν
1464 5043 1534 5096 ἐν
1582 5042 1762 5107 αὐτῷ.

179 5136 333 5204 Αὕτη
367 5128 464 5186 οὖν
505 5135 540 5202 ἡ
586 5133 644 5184 ὲν
674 5131 822 5201 αὐτῷ
848 5133 1113 5204 γενομένη
1158 5135 1464 5205 οἰκειοτέρα
1507 5135 1654 5186 ἐστὶν
1705 5135 1764 5186 ἐν

177 5223 330 5292 αὐτῷ
355 5221 468 5274 τῶν
487 5220 553 5274 δι’
578 5220 742 5274 αὐτοῦ
772 5221 1094 5291 γενομένων.

249 5317 480 5370 Σὺνεστι
532 5314 639 5386 γὰρ
696 5313 878 5383 αὐτῷ,
934 5315 1030 5368 καὶ
1075 5315 1142 5367 δι’
1184 5316 1348 5368 αὐτοῦ
1403 5317 1758 5384 καρποφορεῖ.

191 5407 418 5478 Ἐπειδὴ
445 5406 557 5477 γὰρ
581 5405 848 5476 ἐπιφέρει,
883 5405 992 5459 Καὶ
1020 5407 1059 5475 ἠ
1092 5403 1203 5474 ζωὴ
1247 5406 1314 5460 τὸ
1351 5404 1474 5476 φῶς
1509 5405 1624 5459 τῶν
1661 5407 1766 5459 ἀν-

1861 4576 1961 4631 dit.
1989 4575 2180 4630 Omnia
2212 4595 2303 4647 per
2331 4580 2501 4647 ipsum
2535 4579 2679 4648 facta
2711 4590 2852 4648 sunt,
2881 4591 2930 4636 et
2956 4583 3069 4636 sine
3095 4583 3205 4650 ipso
3229 4581 3428 4652 factum

1859 4678 1936 4722 est
1969 4667 2135 4733 nihil;
2157 4671 2356 4724 etenim
2377 4670 2606 4726 Verbum
2631 4673 2904 4737 omnibus,
2930 4675 3021 4744 qui
3049 4682 3171 4742 post
3195 4691 3254 4730 se
3282 4687 3427 4740 sunt,

1859 4759 2128 4815 IEonibus
2180 4761 2582 4820 informationis
2656 4778 2721 4817 ac
2787 4767 3194 4836 propagationis
3243 4777 3432 4822 auctor

1861 4853 2088 4907 exstitit.
2123 4851 2321 4909 Verum
2344 4894 2359 4917 ,
2395 4854 2548 4921 Quod
2579 4855 2781 4924 factum
2817 4867 2929 4923 est,
2971 4860 3180 4930 inquit,
3228 4861 3282 4914 in
3316 4863 3431 4930 ipso

1864 4945 1970 4997 vita
1999 4954 2147 5008 erat;
2191 4946 2281 5000 ubi
2318 4955 2372 5002 et
2427 4948 2743 5018 coniugium
2794 4948 3018 5003 indicat.
3077 4949 3212 5005 Nam
3256 4955 3434 5006 omnia

1863 5053 1955 5106 per
1997 5039 2166 5106 ipsum
2193 5039 2337 5107 facta
2368 5057 2478 5095 esse
2493 5041 2655 5106 dicit;
2682 5041 2841 5116 vitam
2865 5051 3038 5096 autem
3066 5045 3120 5096 in
3141 5045 3271 5112 ipso.
3309 5044 3436 5101 Haec

1867 5129 2028 5199 igitur
2060 5146 2179 5201 qua:
2222 5132 2275 5186 in
2316 5133 2409 5186 illo
2452 5133 2592 5188 facta
2632 5141 2715 5189 est
2745 5175 2760 5197 .
2814 5136 3037 5205 propius
3087 5137 3152 5191 ad
3188 5138 3340 5192 illum
3379 5139 3436 5193 in

1864 5221 1985 5290 ipso
2015 5223 2267 5290 pertinet,
2296 5237 2459 5292 quam
2489 5239 2551 5278 ea
2575 5241 2694 5295 qua:
2716 5241 2813 5295 per
2839 5227 3017 5297 ipsum
3051 5226 3193 5282 facta
3225 5239 3376 5283 sunt.

1935 5312 2069 5366 Cum
2114 5313 2206 5366 illo
2237 5314 2435 5384 quippe
2471 5324 2742 5378 versatur,
2783 5334 2846 5372 ac
2882 5333 2980 5388 per
3006 5320 3182 5388 ipsum
3223 5320 3437 5376 fructus

1865 5406 2082 5461 emittit.
2115 5405 2247 5460 Nam
2282 5408 2406 5478 quia
2444 5409 2624 5464 statim
2659 5411 2918 5481 subjicit:
2958 5412 3024 5466 Et
3054 5415 3161 5467 vita
3199 5424 3313 5468 erat
3343 5414 3438 5468 tua:

255 5591 272 5621 ¹
305 5587 448 5642 lrcn.
474 5588 553 5666 ῆς.
631 5589 652 5617 ¹
690 5585 847 5644 Forte
872 5587 1146 5658 μένουσα..
1225 5588 1244 5620 ’
1269 5587 1411 5644 Iren.
1435 5590 1491 5641 ἐν
1521 5589 1660 5659 ἀρχῇ
1697 5587 1741 5640 δὲ

1852 5587 1899 5640 ιὶ
1921 5588 2003 5642 ὲκ,
2086 5589 2102 5621 ⁵
2133 5588 2266 5645 Luc.
2294 5606 2390 5656 για,
2413 5592 2500 5646 '55.
2562 5593 2582 5623 '
2611 5592 2632 5645 l
2661 5591 2784 5648 Cor.
2811 5608 2873 5660 tt,
2905 5593 2959 5650 6.
3003 5595 3023 5625 ⁸
3056 5595 3255 5666 Ephcs.
3282 5594 3439 5662 $39.

184 5657 390 5713 ‘Joan.
423 5675 459 5720 I,
492 5659 513 5709 1
550 5673 674 5727 sqq.
