3772 6188
418 238 521 298 5‘27

1758 228 1817 286 s.
1856 227 2199 285 EPIPHANII
3542 206 3673 284 σις’

417 358 707 422 hominum,
757 370 823 412 eo
872 353 993 425 ipso
1035 351 1180 425 quod
1242 350 1529 408 Hominem
1580 360 1986 414 commemorat,

2098 351 2354 419 θρώπων,
2383 352 2699 423 Ἄνθρωπον
2719 351 2889 406 εἰπὼν
2916 352 3063 424 ἄρτι,
3092 350 3189 404 καὶ
3207 348 3307 420 τὴν
3342 348 3630 419 Ἐκκλησίαν

416 452 607 509 eadem
647 462 779 505 voce
811 456 865 503 et
896 445 1195 501 Ecclesiam
1228 443 1627 513 complectitur,
1661 449 1721 495 ut
1748 442 1987 512 coniugii

418 543 734 599 societatem
768 538 1059 608 intelligas.
1093 535 1227 589 Nam
1253 551 1319 591 ex
1353 534 1531 591 Verbo
1553 532 1786 604 Vitaque
1812 532 1989 587 Homo

419 644 584 706 atque
616 632 857 687 Ecclesia
892 637 1215 685 nascuntur.

488 811 756 865 Caeterum
800 810 976 863 lucem
1012 806 1295 861 hominum
1346 803 1552 858 idcirco
1596 802 1765 856 vitam
1815 801 1991 855 nomi-

419 896 589 961 navit,
624 896 767 965 quod
799 895 865 949 ab
897 909 959 948 ea
1009 893 1084 947 illi
1131 892 1435 947 collustrati
1484 890 1614 952 sint,
1655 889 1798 959 quod
1846 890 1987 943 idem

418 992 503 1041 est
548 1000 612 1039 ac
666 985 882 1056 ﬁgurari
918 992 971 1038 et
1013 966 1366 1037 manifestum
1419 981 1556 1036 ﬁeri.
1590 980 1744 1047 Quod
1786 980 1989 1037 Paulus

420 1079 537 1149 ipse
568 1086 829 1133 testatur:
867 1076 1052 1140 Omne,
1090 1075 1289 1145 inquit,
1336 1072 1471 1142 quod
1502 1072 1877 1141 manifestatur
1903 1072 1989 1125 lu-

420 1188 535 1225 men
567 1179 643 1225 est
678 1171 717 1224 ¹.
785 1168 965 1235 Quare
998 1182 1119 1221 cum
1149 1166 1444 1220 Hominem
1476 1175 1637 1234 atque
1688 1162 1987 1218 Ecclesiam

420 1261 542 1317 Vita
594 1260 913 1331 patefecerit
984 1273 1049 1313 ac
1103 1257 1371 1327 genuerit,
1423 1256 1619 1310 merito
1672 1256 1989 1311 eorumdem

419 1356 513 1409 lux
542 1369 665 1409 esse
710 1352 930 1407 dicitur.
969 1350 1236 1417 Quocirca
1284 1351 1570 1420 perspicue
1618 1347 1858 1405 Joannes
1902 1349 1989 1407 his

419 1447 601 1502 verbis
637 1460 764 1501 cum
813 1444 941 1506 alia,
976 1450 1091 1496 tum
1126 1440 1356 1496 alterum
1397 1440 1810 1510 quaternionem
1861 1454 1991 1510 ape-

419 1538 551 1600 ruit,
584 1536 821 1591 Verbum
851 1544 903 1589 et
928 1532 1131 1600 Vitam,
1163 1532 1445 1589 Hominem
1469 1539 1631 1601 atque
1662 1530 1987 1588 Ecelesiam.

420 1628 529 1684 Nec
566 1630 746 1683 minus
791 1636 971 1680 tamen
1011 1627 1246 1696 priorem
1299 1626 1711 1695 quaternionem
1765 1624 1986 1678 indicat.

2094 442 2397 513 ὁμωνύμως
2422 442 2499 513 τῷ
2523 444 2619 497 ἀνθ
2630 444 2793 516 ρώπῳ
2826 444 3117 514 ἐμήνυσεν,
3143 442 3290 503 ὅπως
3316 439 3400 492 διὰ
3425 440 3507 492 τοῦ
3536 442 3629 504 ἐνὸς

2094 532 2353 603 ὀνόματος
2386 533 2604 607 δηλώσῃ
2641 536 2738 605 τὴν
2769 535 2870 605 τῆς
2915 534 3177 601 συζυγίας
3223 530 3514 585 κοινωνίαν.
3554 533 3631 585 Ἐκ

2094 622 2202 693 γάρ
2238 622 2330 675 τοῦ
2354 625 2524 693 Λόγου
2548 625 2643 678 καὶ
2669 625 2767 695 τῆς
2794 624 2966 694 Ζωῆς,
2998 623 3317 694 Ἀνθρωπος
3347 620 3539 689 γίνεται
3557 623 3631 674 καὶ

2108 713 2421 784 Ἐκκλησία.

2164 805 2284 869 Φῶς
2308 806 2366 860 δὲ
2396 802 2515 860 εἷπε
2540 806 2647 860 τῶν
2677 805 2979 879 ἀνθρώπων
3018 805 3115 877 τὴν
3150 804 3312 875 ζωὴν,
3348 802 3436 857 διὰ
3476 801 3531 855 τὸ
3554 819 3631 854 πε-

2096 898 2360 967 φωτίσθαι
2396 900 2593 962 αὐτοὺς
2625 899 2715 952 ὑπ’
2752 899 2941 969 αὐτῆς,
2981 898 3010 951 δ
3035 898 3097 967 δή
3131 898 3246 949 ἐστι
3276 894 3632 967 μεμορφῶσθαι

2095 990 2191 1042 καὶ
2237 989 2675 1059 πεφανερῶσθαι.
2724 990 2893 1043 Τοῦτο
2940 988 2998 1043 δὲ
3047 988 3141 1041 καὶ
3181 989 3209 1040 ὁ
3256 987 3461 1049 Παῦλος
3493 986 3630 1053 λέγει·

2095 1079 2225 1135 Πᾶν
2286 1082 2396 1151 γὰρ
2455 1080 2521 1133 τὸ
2572 1082 3019 1149 φανερούμενον
3074 1078 3200 1148 φῶς
3262 1079 3450 1131 ἐστιν.
3507 1075 3635 1129 Ἐπεὶ

2095 1173 2271 1226 τοίνυν
2322 1172 2634 1243 έφανέρωσε
2682 1173 2777 1227 καὶ
2824 1172 3079 1243 ἐγέννησε
3126 1172 3216 1224 τόν
3256 1188 3315 1223 τε
3354 1169 3635 1239 Ἄνθρωπον

2095 1262 2189 1314 καὶ
2214 1260 2311 1331 τὴν
2357 1262 2686 1332 Ἐκκλησίαν
2734 1265 2768 1333 ή
2819 1262 2962 1334 Ζωὴ,
3002 1262 3117 1330 φῶς
3170 1259 3423 1332 εἰρῆσθαι
3466 1259 3634 1312 αὐτῶν.

2095 1352 2290 1421 Σαφῶς
2344 1348 2438 1406 οὖν
2475 1353 2855 1425 δεδήλωκενλό
2919 1352 3171 1422 Ἰωάννης
3202 1352 3289 1405 διὰ
3333 1352 3439 1403 τῶν
3493 1350 3637 1418 λόγων

2094 1444 2299 1497 τούτων
2330 1445 2399 1498 τά
2444 1461 2503 1496 τε
2536 1445 2670 1500 ἄλλα
2716 1445 2812 1499 καὶ
2843 1444 2939 1515 τὴν
2977 1443 3205 1516 τετράδα
3250 1442 3350 1513 τὴν
3390 1440 3636 1512 δευτέραν,

2094 1536 2264 1605 Λόγον
2307 1538 2402 1590 καὶ
2442 1536 2614 1607 Ζωὴν,
2648 1536 2964 1609 ’Ἄνθρωπον
2993 1537 3085 1590 καὶ
3120 1534 3463 1606 Ἐκκλησίαν.
3505 1533 3638 1585 Ἀλλᾶ

2100 1626 2206 1699 μὴν
2239 1628 2334 1680 καὶ
2365 1627 2461 1699 τὴν
2494 1628 2717 1699 πρώτην
2755 1629 2993 1699 ἐμήνυσε
3024 1626 3275 1697 τετράδα.
3308 1623 3640 1695 Διηγοὺμενος

420 1721 557 1776 Cum
593 1720 737 1774 enim
794 1719 862 1773 de
911 1719 1193 1773 Salvatore
1242 1716 1483 1779 disserit,
1534 1716 1824 1785 omniaque
1870 1730 1986 1785 quae

2098 1718 2200 1788 γὰρ
2232 1720 2361 1789 περὶ
2402 1719 2496 1772 τοῦ
2528 1719 2801 1789 Σωτῆρος,
2850 1720 2941 1772 καὶ
2988 1720 3161 1787 λέγων
3196 1718 3375 1771 πάντα
3417 1717 3482 1769 τά
3511 1717 3642 1777 sub;

420 1818 575 1866 extra
608 1808 855 1863 Pleroma
899 1814 1030 1862 sunt
1076 1807 1145 1862 ab
1175 1806 1293 1876 ipso
1341 1821 1463 1862 esse
1497 1805 1727 1860 formata
1779 1805 1989 1869 scribit,

424 1901 591 1956 totius
624 1900 776 1953 illum
808 1897 1129 1953 Pleromatis
1160 1896 1398 1950 fructum
1431 1911 1553 1951 esse
1575 1902 1989 1950 commonstrat.

424 1992 555 2046 Nam
593 1992 743 2045 illum
775 1991 948 2045 lucem
980 2005 1101 2044 esse
1133 1989 1290 2054 dixit,
1316 2004 1436 2058 quae
1468 1989 1611 2042 lucet
1636 1987 1691 2040 in
1729 1986 1991 2049 tenebris,

424 2099 525 2139 nec
549 2083 618 2138 ab
649 2082 785 2153 ipsis
813 2080 1325 2150 comprehenditur;
1372 2096 1436 2135 eo
1456 2078 1602 2151 quod
1635 2093 1758 2133 cum
1785 2078 1991 2141 omnia,

422 2189 544 2245 qua:
572 2189 639 2227 ex
676 2170 1041 2226 commotione
1073 2176 1255 2223 ortum
1288 2168 1613 2234 habuerant,
1650 2165 1994 2235 composuis-

421 2276 527 2331 set,
564 2267 631 2321 ab
662 2266 769 2322 illis
809 2277 1151 2333 nequaquam
1181 2271 1261 2317 est
1306 2261 1543 2331 agnitus.
1594 2259 1754 2329 198
1802 2258 1907 2313 Sed
1941 2269 1995 2313 et

378 2372 385 2382 '
423 2358 619 2412 Filium
652 2356 901 2412 eumdem
932 2368 997 2409 ac
1027 2351 1409 2415 Veritatem,et
1445 2350 1642 2417 Vitam,
1672 2359 1727 2405 et
1754 2348 1992 2404 Verbum

421 2449 568 2519 quod
585 2463 713 2503 caro
735 2447 933 2501 factum
956 2446 1024 2501 sit
1042 2444 1295 2514 appellat.
1321 2442 1508 2512 Cujus,
1539 2443 1736 2512 inquit,
1767 2442 1992 2511 gloriam

423 2540 647 2595 vidimus
675 2555 694 2592 :
715 2546 925 2608 eratque
948 2538 1119 2607 gloria
1151 2538 1261 2605 ejus
1286 2535 1439 2604 quasi
1476 2532 1742 2604 Unigeniti
1772 2533 1937 2587 eidem
1962 2550 1995 2586 a

427 2632 586 2687 Patre
619 2646 885 2693 concessa,
910 2629 1064 2699 plena
1092 2628 1282 2697 gratia:
1313 2635 1363 2679 et
1389 2626 1649 2681 veritatis.
1692 2624 1805 2679 Hoc
1834 2625 1981 2679 enim

422 2726 584 2781 modo
613 2724 805 2780 scribit
838 2739 856 2776 :
891 2721 959 2775 Et
1001 2720 1223 2775 Verbum
1269 2735 1391 2773 caro
1439 2718 1641 2787 factum
1666 2728 1781 2787 est,
1818 2725 1866 2771 et
1899 2717 1995 2770 ha-

423 2814 605 2867 bitavit
652 2814 706 2865 in
736 2810 905 2873 nobis,
944 2819 992 2863 et
1038 2810 1260 2862 vidimus
1308 2786 1535 2877 gloriam
1581 2786 1716 2875 eju‘s,
1763 2805 1989 2875 gloriam

422 2903 576 2971 quasi
611 2899 874 2971 Unigeniti
915 2916 947 2952 a
981 2897 1163 2963 Patre,
1194 2897 1405 2966 plenum
1433 2897 1621 2966 gratia:
1654 2905 1701 2949 et
1734 2896 1989 2950 veritatis.

423 2995 544 3059 Quo
584 2992 640 3046 in
689 2993 808 3046 loco
836 2990 1073 3060 primum
1118 2991 1536 3058 quaternionem
1580 2986 1994 3042 accuratissime

2095 1809 2191 1862 τοῦ
2218 1809 2591 1882 Πληρώματος
2619 1810 2685 1864 δι’
2716 1811 2881 1865 αὐτοῦ
2916 1809 3327 1881 μεμορφῶσθαι,
3365 1808 3563 1879 καρπὸν
3585 1805 3646 1859 εἷ-

2092 1902 2181 1955 ναί
2223 1918 2386 1972 φησιν
2416 1902 2577 1955 αὐτὸν
2616 1901 2811 1964 παντὸς
2842 1900 2934 1954 τοῦ
2976 1899 3369 1971 Πληρώματος.
3409 1899 3515 1952 Καὶ
3556 1900 3647 1969 γὰρ

2093 1991 2210 2060 φῶς
2240 1994 2461 2063 εἴρηκεν
2490 1992 2649 2046 αὑτὸν
2680 1992 2742 2057 τὸ
2777 1993 2833 2044 ὲν
2872 1993 2937 2063 τῇ
2966 1992 3155 2061 σκοτίᾳ
3193 1990 3534 2059 φαινόμενον,
3569 1987 3648 2040 καὶ

2096 2084 2171 2155 μὴ
2214 2083 2557 2151 καταληφθὲν
2597 2084 2687 2135 ὑπ’
2724 2083 2894 2153 αὐτῆς
2916 2100 2928 2112 ·
2981 2080 3168 2151 ἐπειδὴ
3201 2081 3382 2134 πάντα
3422 2080 3490 2131 τὰ.
3518 2080 3649 2147 γενό-

2097 2192 2232 2246 μενα
2273 2177 2338 2227 έκ
2385 2175 2479 2227 τοῦ
2527 2174 2730 2238 πάθους
2758 2175 3006 2246 ἁρμόσας
3059 2173 3297 2243 ὴγνοήθη
3340 2172 3433 2225 ὑπ’
3481 2171 3645 2239 αὐτῆς.

2094 2267 2206 2320 Καὶ
2239 2267 2365 2320 Υἱὺν
2406 2268 2483 2333 δὲ,
2519 2268 2612 2321 καὶ
2650 2266 2946 2339 Ἀλήθειαν,
2977 2267 3069 2319 καὶ
3118 2268 3271 2337 Ζωὴν
3301 2265 3451 2333 λέγει
3487 2263 3646 2326 αὑτὸν,

2094 2356 2187 2410 καὶ
2214 2357 2385 2423 Λόγον
2413 2357 2590 2426 σάρκα
2620 2358 2943 2427 γενόμενον·
2981 2352 3063 2412 Οὗ
3106 2354 3221 2423 τὴν
3274 2355 3469 2417 δόξαν
3507 2355 3649 2408 ἐθεα-

2094 2450 2345 2517 σάμεθα,
2381 2450 2549 2519 φησί·
2615 2450 2712 2503 καὶ
2760 2445 2841 2519 ἦν
2890 2448 2928 2516 ἡ
2972 2448 3121 2513 δόξα
3154 2448 3341 2502 αὐτοῦ
3396 2448 3486 2500 οἶα
3519 2442 3648 2515 ἦνῆ

2093 2540 2200 2594 τοῦ
2221 2540 2604 2610 Μονογενοῦς
2624 2541 2661 2609 ri
2696 2540 2813 2593 ὑπὸ
2836 2540 2939 2593 τοῦ
2964 2538 3193 2607 Πατρός
3217 2538 3463 2591 δοθεῖσα
3489 2536 3649 2600 αὐτῷ,

2095 2625 2333 2693 πλήρης
2380 2627 2620 2695 χάριτος
2664 2626 2764 2680 καὶ
2815 2627 3118 2693 ἀληθείας.
3165 2626 3331 2695 Λέγει
3379 2626 3436 2678 δὲ
3492 2624 3649 2678 οὔτιν’

2094 2715 2205 2767 Καὶ
2259 2718 2293 2768 ὀ
2346 2716 2537 2785 Λόγος
2573 2714 2729 2784 σὰρξ
2777 2714 3028 2783 ἐγένετο,
3071 2716 3168 2769 καὶ
3219 2714 3570 2780 ἐσκήνωσεν
3595 2714 3654 2767 έν

2094 2806 2271 2875 ἡμῖν’
2325 2807 2421 2859 καὶ
2469 2805 2836 2876 ἐθεασάμεθα
2869 2806 2983 2873 τὴν
3022 2806 3208 2871 δόξαν
3244 2807 3455 2871 αὑτοῦ,
3486 2806 3656 2869 δόξαν

2096 2898 2176 2964 ὡς
2218 2897 2598 2968 Μονογενοῦς
2641 2900 2800 2967 παρὰ
2837 2899 3102 2967 Πατρός,
3159 2900 3404 2967 πλήρης
3435 2898 3655 2967 χάριτος

2096 2989 2196 3042 καὶ
2226 2990 2533 3057 ἀληθείας.
2581 2990 2846 3062 Ἀκριὸῶς
2882 2986 2973 3043 οὖν
3016 2990 3107 3043 καὶ
3133 2989 3233 3060 τὴν
3272 2989 3497 3060 πρώτην
3532 2990 3655 3058 ἐμη-

423 3083 714 3154 descripsit
749 3102 762 3137 :
797 3097 920 3137 cum
954 3081 1173 3135 Patrem
1208 3080 1530 3143 nominavit,
1565 3089 1619 3134 et
1647 3079 1912 3144 Gratiam,
1943 3088 1986 3134 el

2098 3096 2223 3132 νυσε
2272 3051 2534 3151 τετράδαο
2593 3051 2840 3150 Πατέρα-
2865 3078 3032 3132 εἰπὼν
3075 3051 3407 3150 καὶ’Χάριν,
3442 3051 3532 3131 καὶ

431 3174 803 3246 Unigenitum,
836 3188 900 3227 ac
951 3170 1270 3227 Veritatem.
1324 3169 1400 3224 lta
1455 3171 1615 3241 plane
1646 3169 1885 3227 Joannes
1930 3172 1997 3228 de

431 3269 631 3338 prima,
663 3267 907 3336 adeoque
941 3272 1116 3320 matre
1152 3264 1396 3318 omnium
1446 3263 1681 3318 Eonum
1742 3262 1998 3335 Ogdoade

429 3360 645 3415 locutus
693 3364 798 3412 est.
842 3355 981 3411 Istos
1023 3354 1168 3411 enim
1214 3355 1537 3409 nominatim
1573 3354 1845 3424 concepit,
1892 3353 1995 3408 Pa-

427 3458 590 3517 trem,
621 3447 884 3511 Gratiam,
918 3444 1245 3516 Unigenam,
1277 3443 1589 3511 Veritatem,
1617 3442 1874 3509 Verbum,
1904 3442 1998 3498 Vi-

428 3549 560 3603 tam,
594 3537 901 3603 llominem,
939 3534 1261 3591 Ecclesiam.

499 3626 729 3684 XXVIII.
782 3626 962 3693 Vides,
988 3627 1342 3692 charissime,
1372 3637 1543 3681 artem
1580 3625 1725 3679 illam
1757 3639 1821 3678 ac
1854 3623 1998 3679 frau-

428 3718 572 3782 dem,
620 3731 730 3787 qua
761 3714 1120 3783 sibimetipsis
1151 3713 1388 3768 illudunt
1431 3713 1692 3777 haeretici,
1738 3712 1867 3766 dum
1916 3728 1999 3768 sa-

426 3807 540 3862 cris
570 3805 792 3863 Litteris
822 3820 919 3875 per
951 3804 1283 3860 calumniam
1331 3804 1648 3868 abutuntur,
1680 3813 1738 3858 ut
1779 3818 1845 3858 ex
1878 3804 1999 3857 illa-

426 3912 548 3952 rum
576 3896 885 3951 testimonio
915 3895 1112 3951 fabulis
1144 3896 1259 3951 suis
1290 3894 1503 3965 pondus
1534 3902 1586 3950 et
1616 3895 1995 3949 auctoritatem

426 3989 738 4044 concilient.
765 3987 1127 4054 Quamobrem
1150 3987 1402 4067 consulto
1422 3988 1639 4040 illorum
1671 3986 1725 4040 in
1760 3986 1995 4041 medium

423 4081 589 4137 verba
644 4080 865 4149 protuli,
919 4087 979 4133 ut
1038 4078 1332 4132 miriﬁcum
1386 4079 1629 4147 ipsorum
1682 4077 1996 4132 calliditatis

425 4172 713 4227 artiﬁcium
764 4179 928 4239 atque
945 4169 1148 4224 erroris
1171 4170 1489 4237 pravitatem
1513 4167 1992 4222 animadverteres.

423 4263 669 4317 Primum
717 4262 882 4325 enim,
915 4260 962 4315 si
1012 4258 1207 4314 Joanni
1240 4274 1549 4331 supremam
1595 4259 1741 4312 illam
1784 4257 1996 4329 Ogdoa-

2097 3173 2398 3243 Μονογενῆ,
2436 3174 2529 3226 καὶ
2591 3173 2893 3245 Ἀλήθειαν.
2940 3172 3124 3237 Οὕτως
3166 3178 3195 3227 ό
3242 3176 3495 3245 Ἰωάννης
3544 3177 3658 3245 περὶ

2095 3264 2195 3334 τῆς
2231 3263 2452 3334 πρώτης
2480 3264 2575 3317 καὶ
2605 3264 2809 3336 μητρὸς
2839 3265 2948 3318 τῶν
2973 3265 3107 3318 ὅλων
3132 3265 3353 3319 Αίώνων
3395 3268 3659 3335 Ὀγδοάδσς

2096 3356 2305 3425 εἴρηκε.
2362 3356 2581 3427 Πατέρα
2627 3355 2735 3427 γὰρ
2782 3356 2970 3428 εἴρηκε
3006 3358 3099 3409 καὶ
3131 3358 3328 3426 Χάριν,
3373 3360 3469 3411 καὶ
3501 3360 3659 3413 Μονο-

2095 3446 2252 3517 γενῆ,
2311 3448 2406 3499 καὶ
2463 3447 2765 3517 Ἀλήθειαν,
2815 3449 2909 3501 καὶ
2959 3449 3151 3517 Λόγον,
3208 3451 3301 3505 καὶ
3352 3450 3528 3520 Ζωην,
3580 3450 3660 3503 καὶ

2100 3537 2441 3609 Ἄνθρωπον,
2478 3539 2570 3591 καὶ
2614 3538 2960 3610 Ἐκκλησίαν.

2168 3630 2301 3690 ΚΗ’,
2348 3633 2527 3702 Ὁρᾷς,
2551 3630 2823 3703 άγαπητὲ,
2851 3630 2947 3701 τὴν
2979 3629 3221 3701 μέθοδον,
3324 3632 3373 3682 οἱ
3401 3629 3661 3701 χρώμενοι

2098 3720 2529 3791 φρεναπατοῦσιν
2577 3722 2820 3783 ἑαυτοὺς,
2854 3719 3252 3792 ἐπηρεάζοντες
3298 3720 3399 3782 τάς
3436 3719 3659 3789 Γραφὰς.

2095 3810 2157 3861 τὸ
2185 3807 2406 3878 πλάσμα
2443 3808 2621 3861 αὐτῶν
2654 3810 2711 3875 ἐξ
2739 3810 2916 3862 αὐτῶν
2952 3808 3288 3861 συνιστάνειν
3319 3806 3659 3878 πειρώμενοι.

2097 3901 2193 3953 Διὰ
2242 3900 2400 3953 τοῦτο
2448 3900 2556 3972 γὰρ
2598 3901 2694 3954 καὶ
2753 3901 2913 3963 αὐτὸς
2959 3899 3282 3970 παρεθέμην
3332 3896 3517 3950 αὐτῶν
3578 3898 3661 3956 τὰς

2096 3990 2285 4055 λέξεις,
2315 3991 2401 4042 ἵνα
2427 3990 2484 4054 ὲξ
2514 3990 2690 4045 αὐτῶν
2719 3993 3057 4061 κατανοήσῃς
3086 3989 3184 4056 τὴν
3210 3986 3555 4057 πανουργίαν
3577 3988 3663 4053 τῆς

2100 4080 2398 4151 μεθοδείας,
2430 4081 2522 4133 καὶ
2554 4079 2653 4150 τὴν
2704 4079 2968 4149 πονηρίαν
3017 4077 3115 4147 τῆς
3166 4076 3396 4146 πλάνης.
3457 4074 3663 4144 Πρῶτεν

2099 4174 2196 4244 μὲν
2246 4174 2355 4243 γάρ
2402 4174 2450 4225 εί
2499 4173 2783 4244 προέκειτο
2837 4171 3055 4241 Ἰωάννῃ
3097 4170 3195 4241 τὴν
3238 4169 3355 4222 ἄνω
3419 4165 3659 4233 Ὀγδοάδα

2100 4267 2377 4337 μηνύσειν,
2432 4264 2527 4335 τὴν
2584 4264 2736 4330 τάξιν
2770 4263 2834 4317 ἂν
2881 4265 3169 4333 τετηρήκει
3220 4262 3323 4331 τῆς
3380 4259 3659 4330 προὸολῆς.

424 4354 547 4409 diem
597 4352 875 4407 declarare
927 4352 1268 4422 propositum
1320 4351 1544 4415 fuisset,
1598 4351 1986 4419 procreationis

2098 4358 2190 4411 καὶ
2217 4357 2315 4428 τὴν
2338 4356 2558 4427 πρώτην
2590 4356 2833 4427 Τετράδα
2869 4354 3316 4424 σεόασμιωτάτην
3349 4346 3541 4413 οὖσαν,
3574 4366 3665 4399 καο

423 4446 668 4501 ordinem
704 4452 967 4509 servaret,
1012 4458 1077 4497 ac
1108 4442 1341 4513 priorem
1394 4443 1566 4507 illum,
1601 4440 1679 4495 uti
1710 4450 1984 4506 asserunt,

424 4540 984 4610 angustissimumque
1021 4536 1459 4607 quaternionem,
1499 4535 1551 4589 in
1597 4536 1773 4605 prima
1808 4535 1986 4590 nomi.

423 4648 553 4686 num
603 4633 742 4687 serie
792 4631 1118 4695 collocaret;
1171 4636 1285 4682 tum
1333 4627 1630 4683 secundum
1670 4628 1984 4697 subjiceret,

423 4729 483 4775 ut
532 4736 626 4791 per
673 4720 1062 4776 vocabulorum
1110 4718 1356 4773 ordinem
1408 4717 1681 4790 Ogdoadis
1728 4718 1864 4772 ordo
1897 4718 1989 4772 de~

423 4819 819 4865 monstraretur
848 4829 862 4865 :
897 4825 1073 4880 neque
1100 4817 1251 4863 tanto
1277 4808 1580 4873 intervallo,
1612 4807 1756 4862 velut
1785 4807 1988 4863 oblitus

424 4916 487 4957 ac
526 4901 703 4956 denuo
744 4900 1083 4965 recordatus,
1131 4898 1541 4970 quaternionem
1585 4899 1820 4969 primum
1857 4898 1987 4953 ulti-

424 5009 571 5048 mum
602 4994 657 5047 in
703 4994 880 5047 locum
914 4993 1228 5062 conjiceret.
1261 4990 1467 5047 Deinde
1514 4992 1561 5047 si
1605 4991 1985 5062 conjugiorum

422 5084 753 5139 mentionem
782 5083 957 5141 facere
986 5086 1159 5146 vellet.
1196 5100 1475 5155 nunquam
1502 5084 1758 5140 Ecclesia:
1787 5100 1987 5140 nomen

421 5178 876 5247 praetermitteret.
935 5175 1039 5230 Sed
1080 5176 1166 5230 vel
1211 5177 1421 5231 caneris
1453 5177 1617 5231 etiam
1663 5175 1719 5229 in
1762 5176 1988 5246 paribus

423 5268 771 5323 recensendis
822 5269 978 5323 solos
1029 5268 1290 5322 duntaxat
1348 5284 1527 5324 mares
1583 5270 1926 5324 nominasset
1973 5288 1986 5322 :

421 5374 545 5415 cum
590 5368 643 5415 et
685 5361 785 5430 ipsi
817 5360 1067 5415 similiter
1094 5376 1203 5415 una
1249 5361 1474 5431 intelligi
1526 5362 1777 5431 possint;
1836 5372 1893 5415 ut
1934 5362 1988 5415 in

420 5449 677 5505 omnibus
724 5449 1133 5503 similitudinem
1181 5450 1655 5518 aequalitatemque
1725 5460 1985 5505 servaret.

504 5650 520 5680 ¹
546 5650 741 5711 Ephcs.
776 5667 829 5713 v,
862 5651 946 5705 15.
1022 5654 1042 5683 ²
1077 5651 1199 5704 For.
1232 5650 1263 5714 ἢ
1298 5651 1367 5703 εί.

2094 4448 2201 4511 θὼς
2238 4449 2504 4515 λέγουσιν,
2538 4450 2594 4499 ὲν
2629 4446 2862 4517 πρώτοις
2896 4445 2963 4498 ἂν
2992 4444 3222 4498 τεθείκει
3263 4446 3379 4505 τοῖς
3412 4442 3659 4509 ὀνόμασι’

2094 4542 2188 4593 καὶ
2234 4538 2406 4603 οὕτως
2452 4539 2753 4609 ὲπεζεύχθη
2800 4540 2899 4609 τὴν
2957 4538 3247 4607 δευτέραν,
3302 4537 3390 4589 ἵνα
3435 4534 3525 4587 διὰ
3575 4532 3665 4598 τῆς

2093 4631 2298 4697 τάξεως
2331 4633 2436 4685 τῶν
2464 4632 2741 4702 ὀνομάτων
2766 4633 2799 4701 ἡ
2825 4630 2976 4695 τάξις
3002 4630 3183 4700 δειχθῇ
3215 4628 3316 4699 τῆς
3354 4626 3631 4695 meum
3648 4637 3660 4649 '

2093 4725 2187 4776 καὶ
2244 4726 2343 4777 οὐκ
2387 4724 2453 4777 ἂν
2509 4724 2643 4795 μετὰ
2697 4722 2944 4776 τοσοῦτον
2986 4723 3293 4791 διάστημα,
3345 4720 3424 4782 ὡς
3450 4716 3663 4781 ὲκλελη-

2096 4816 2310 4885 σμένος,
2342 4815 2531 4870 ἔπειτα
2561 4815 2923 4888 ἀναμνησθεὶς
2952 4815 3035 4867 ἐπ’
3058 4815 3265 4884 ἐσχάτῳ
3286 4812 3515 4883 πρώτης
3546 4808 3660 4875 ἐμὲ·

2099 4923 2265 4977 μνητο
2295 4907 2580 4978 Τετράδος.
2631 4908 2859 4960 Ἔπειτα
2899 4905 2955 4958 δὲ
3002 4905 3095 4957 καὶ
3140 4904 3238 4965 τάς
3272 4900 3541 4967 συζυγίας
3570 4912 3659 4963 ση-

2098 5000 2263 5068 μᾶναι
2312 4998 2496 5066 θέλων,
2530 4999 2622 5052 καὶ
2652 4999 2712 5052 τὸ
2744 4999 2843 5068 τῆς
2915 4995 3239 5065 Ἐκκλησίας
3286 4993 3384 5046 οὐκ
3425 4992 3495 5044 ἂν
3530 5004 3655 5054 παρ-

2097 5087 2280 5141 έλιπεν
2302 5088 2490 5159 ὄνομα.
2528 5089 2664 5141 Ἀλλ’
2698 5088 2730 5158 ἢ
2766 5088 2859 5141 καὶ
2900 5087 2991 5139 ἐπὶ
3023 5086 3131 5138 τῶν
3159 5084 3361 5137 λοιπῶν
3395 5077 3659 5146 comm

2095 5177 2334 5249 ἠρκέσθη
2365 5181 2430 5249 τῇ
2472 5177 2578 5230 τῶν
2605 5178 2849 5249 ἀρῤένων
2884 5174 3243 5245 προσηγορία,
3268 5171 3472 5241 ὁμοίως
3502 5169 3653 5219 δυνα-

2100 5270 2273 5339 μένων
2305 5269 2569 5323 κάκείνων
2593 5266 3078 5333 συνυπακούεσθαι,
3096 5266 3183 5317 ἵνα
3208 5262 3302 5333 τὴν
3324 5262 3554 5327 ἑνότητα
3581 5253 3662 5307 6:31

2096 5361 2311 5413 πάντων
2402 5358 2747 5429 πεφυλακὼς,
2777 5361 2825 5411 εἰ
2854 5361 2872 5390 ²
2901 5356 3007 5409 τῶν
3036 5354 3239 5409 λοιπῶν
3275 5354 3367 5415 τὰς
3396 5349 3663 5414 συζύγοκ

2097 5452 2371 5521 κατέλεγε,
2422 5453 2515 5505 καὶ
2570 5451 2666 5521 τὴν
2712 5450 2802 5504 τοῦ
2869 5447 3179 5503 Ἀνθρώπου
3234 5444 3297 5499 ἂν
3353 5437 3661 5513 μεμηνύιει
