3772 6188
111 273 126 303 ’
175 298 274 362 829

906 307 1276 366 ADVERSUS
1313 303 1656 365 HERESES
1692 300 1821 357 LIB.
1862 302 1906 359 1.
1945 302 2107 360 TOM.
2149 302 2216 358 ll.
2253 332 2324 345 -—
2360 302 2637 359 HERES.
2670 301 2864 357 XXXI.

3311 296 3417 355 ὅδε)

180 416 421 492 σύζυγον,
449 424 543 478 καὶ
575 426 676 480 οὐκ
708 426 777 480 ἂν
802 426 1011 499 ἀφῆκεν
1036 429 1103 483 ὲκ
1134 429 1389 499 μαντείας
1427 429 1572 498 ἡμᾶς
1598 426 1737 495 λαμ-

1875 421 1935 479 Γοι
1980 423 2027 478 si
2054 423 2384 494 reliquorum
2412 422 2671 492 conjuges
2701 426 3066 483 enumeraret,
3095 420 3256 474 etiam
3304 414 3416 473 llo-

178 514 354 567 ϐἀνειν
382 515 615 587 τοῦνομα
647 519 835 590 αὐτῆς.
866 521 1080 593 Φανερὰ
1111 516 1206 575 οὖν
1234 522 1266 591 ἡ
1293 520 1392 591 τῆς
1428 519 1739 589 ἐξηγήσεως

178 607 558 680 παραποίησις.

238 782 343 835 Τοῦ
372 782 480 854 γάρ
538 785 785 839 Ἰωάννου
826 786 923 840 ἕνα
974 788 1106 843 Θεὸν
1157 788 1589 860 παντοκράτορα,
1645 788 1738 842 καὶ

171 872 264 927 ἕνα
308 877 568 947 μονογενῆ
619 876 854 948 Χριστὸν
907 880 1111 949 Ἰησοῦν
1163 881 1546 952 κηρύσσοντος,
1577 881 1644 933 δι’
1676 874 1735 934 οὗ

168 961 233 1014 τὰ
263 964 437 1017 πάντα
468 966 746 1034 γεγονέναι
775 966 942 1035 λέγει,
972 969 1160 1023 τοῦτον
1194 970 1329 1025 Υἰὸν
1358 972 1529 1036 Θεοῦ,
1548 970 1737 1025 τοῦτον

168 1055 495 1124 Morari-:71"),
547 1057 732 1112 τοῦτον
779 1058 1022 1113 πάντων
1058 1061 1339 1131 ποιητὴν,
1383 1062 1569 1116 τοῦτον
1611 1062 1737 1132 φῶς

167 1146 487 1214 ἀληθινὸν,
537 1149 863 1218 φωτίζοντα
913 1152 1109 1207 πάντα
1159 1153 1492 1223 ἄνθρωπον,
1548 1154 1736 1208 τοῦτον

166 1237 398 1306 κόσμου
445 1241 723 1309 ποιητὴν,
759 1241 947 1296 τοῦτον
995 1244 1083 1309 εἰς
1114 1243 1189 1298 τὰ
1222 1244 1343 1298 ἴδια
1371 1246 1733 1316 ἐληλυθότα,

164 1328 349 1382 τοῦτον
389 1333 576 1385 αὐτόν
606 1333 804 1401 σάρκα
851 1337 1155 1405 γεγονότα,
1212 1337 1311 1389 καὶ
1349 1338 1736 1404 ἐσκηνωκότα

162 1416 229 1468 ἐν
259 1417 422 1485 ἡμῖν,
454 1414 619 1485 οὗτοι,
649 1423 1091 1494 παρατρέποντες
1124 1425 1264 1478 κατὰ
1297 1426 1356 1478 τὸ
1388 1426 1608 1480 πιθανὸν
1638 1428 1735 1497 τὴν

162 1509 442 1578 ἐξήγησιν.
479 1510 636 1564 ἄλλον
694 1512 791 1583 μὲν
838 1515 929 1567 τὸν
977 1516 1256 1587 Μονογενῆ
1305 1517 1546 1570 θέλουσιν
1598 1514 1735 1571 εἰναι

163 1597 305 1650 κατὰ
328 1600 425 1669 τὴν
446 1601 734 1673 προϐολὴν,
774 1603 831 1657 ὃν
861 1605 923 1677 δὴ
952 1607 1045 1659 καὶ
1088 1607 1281 1679 Ἀρχὴν
1305 1607 1579 1662 καλοῦσιν.
1611 1607 1738 1661 Ἀλ-

160 1689 248 1742 λον
283 1690 341 1742 δὲ
367 1690 458 1743 τὸν
488 1692 717 1764 Σωτῆρα
748 1696 1029 1763 γεγονέναι
1063 1697 1293 1763 θέλουσι,
1335 1700 1429 1753 καὶ
1456 1699 1612 1753 ἄλλον
1644 1700 1735 1754 τὸν

1843 515 2007 569 minis
2039 515 2339 585 attigisset;
2370 528 2548 583 neque
2569 511 2847 567 divinandi
2877 508 3025 566 illius
3050 509 3288 565 nominis
3316 524 3416 564 ηο·

1838 607 2153 661 cessitalem
2225 604 2385 659 nobis
2450 603 2745 665 attulisset.
2802 600 2900 656 Est
2964 600 3129 671 igitur
3190 599 3410 656 minime

1839 697 2076 752 obscura
2106 696 2254 751 illius
2293 694 2759 765 interpretationis
2788 693 3080 748 calumnia.

1908 788 2046 843 Cum
2080 789 2227 844 enim
2268 787 2508 843 Joannes
2546 802 2716 842 unum
2750 785 2917 840 Deum
2962 784 3409 853 omnipotentem,

1839 894 2117 949 unumque
2163 879 2444 935 Christum
2490 877 2677 934 Jesum
2724 877 2869 932 illius
2901 876 3238 946 unigenitum
3275 889 3413 945 pra:-

1837 969 2005 1035 dicet,
2034 985 2129 1040 per
2155 986 2317 1040 quem
2346 970 2488 1025 tacta
2516 984 2641 1025 esse
2678 968 2861 1024 omnia
2888 968 3176 1022 conﬁrmat
3202 985 3216 1022 :
3248 974 3413 1036 atque

1837 1062 1983 1117 hunc
2035 1078 2157 1119 esse
2223 1062 2323 1117 Dei
2378 1060 2602 1129 Filium,
2659 1061 2807 1114 hunc
2870 1058 3187 1130 Unigenam,
3264 1057 3413 1111 hunc

1836 1152 2173 1210 Conditorem
2212 1156 2467 1222 omnium,
2508 1153 2655 1207 hunc
2698 1169 2869 1207 veram
2901 1152 3088 1214 lucem,
3142 1166 3257 1219 qua:
3285 1149 3413 1204 illu-

1836 1249 2003 1300 minat
2038 1264 2239 1301 omnem
2270 1247 2551 1312 hominem,
2605 1246 2751 1300 hunc
2799 1244 2983 1298 mundi
3015 1243 3407 1312 fabricatorem,

1840 1336 2000 1407 199
2030 1337 2175 1392 hunc
2204 1338 2292 1407 qui
2321 1338 2373 1391 in
2398 1338 2613 1406 propria
2641 1336 2816 1400 venit;
2844 1335 2933 1406 qui
2955 1350 3079 1388 caro
3112 1334 3285 1403 factus
3309 1340 3408 1396 est,

1833 1437 1884 1481 et
1918 1427 2170 1482 habitavit
2212 1429 2269 1481 in
2317 1430 2485 1493 nobis,
2519 1443 2640 1483 esse
2684 1435 2949 1493 testetur;
2996 1426 3090 1481 isti
3124 1424 3318 1479 callida
3342 1437 3411 1478 ac

1835 1519 2105 1574 malitiosa
2138 1520 2589 1591 interpretatione
2627 1518 3041 1589 detorquentes,
3082 1517 3248 1571 alium
3280 1529 3409 1585 pro-

1836 1610 2095 1666 ductione
2118 1611 2330 1683 ﬁngunt
2353 1611 2650 1683 Unigenam
2682 1610 2974 1673 exstitisse,
3006 1607 3153 1678 quod
3180 1615 3234 1662 et
3252 1605 3412 1660 Prin-

1836 1703 2040 1773 cipium
2072 1713 2288 1768 vocant,
2321 1703 2488 1757 alium
2543 1703 2908 1765 Salvatorem,
2966 1699 3113 1754 aliud
3170 1698 3404 1753 Verbum

160 1780 334 1848 Λόγον
379 1782 492 1835 υἱὸν
524 1783 617 1836 τοῦ
646 1786 1006 1854 Μονογενοῦς,
1054 1789 1149 1842 καὶ
1190 1789 1348 1843 ἄλλον
1377 1790 1468 1843 τὸν
1501 1790 1734 1861 Χριστὸν

1875 1793 2097 1863 lnigenae
2145 1794 2338 1861 ﬁlium,
2369 1794 2535 1847 alium
2565 1792 2847 1848 Christum
2895 1788 3203 1860 corrigendi
3240 1802 3408 1843 causa

158 1873 237 1934 εἰς
285 1874 656 1945 ἐπανόρθωσιν
698 1877 793 1930 τοῦ
845 1879 1215 1950 Πληρώματος
1271 1880 1731 1952 προϐεϐλημένον.

158 1963 266 2015 Καὶ
321 1961 378 2015 ἓν
428 1963 656 2019 ἕκαστον
710 1968 817 2023 τῶν
868 1970 1172 2041 εἰρημένων
1215 1970 1445 2044 ἄραντες
1495 1973 1602 2026 ἀπὸ
1637 1972 1736 2043 τῆς

158 2052 439 2122 ἀληθείας,
493 2058 969 2130 καταχρησάμενοι
1016 2064 1128 2125 τοῖς
1174 2063 1451 2133 ὀνόμασιν,
1508 2065 1588 2127 εἰς
1637 2064 1735 2135 τὴν

164 2145 304 2197 ἰδίαν
358 2145 613 2200 ὑπόθεσιν
668 2150 1027 2219 μετήνεγκαν.
1063 2152 1223 2205 Ὥστε
1280 2155 1400 2207 κατ’
1455 2155 1647 2219 αὐτοὺς
1678 2157 1736 2209 ὲν

154 2238 266 2299 τοῖς
300 2236 572 2302 τοσούτοις
600 2240 690 2292 τὸν
733 2240 985 2314 Ἰωάννην
1017 2243 1112 2296 τοῦ
1148 2245 1351 2316 Κυρίου
1396 2247 1568 2317 Ἰησοῦ
1603 2248 1737 2318 Χρι-

160 2326 285 2379 στοῦ
324 2329 510 2397 μνείαν
541 2332 557 2361 ί
595 2332 882 2386 ποιεῖσθαι.
914 2335 975 2387 Εἰ
1009 2335 1116 2406 γὰρ
1147 2337 1366 2408 Πατέρα
1399 2338 1608 2409 εἴρηκε,
1642 2340 1736 2392 καὶ

158 2415 357 2487 Χάριν,
414 2418 506 2471 καὶ
555 2421 855 2493 Μονογενῆ,
907 2426 1000 2479 καὶ
1064 2426 1365 2496 Ἀλήθειαν,
1402 2429 1495 2481 καὶ
1542 2429 1733 2498 Λόγον,

155 2507 249 2559 καὶ
284 2507 461 2578 Ζωὴν,
520 2512 612 2563 καὶ
668 2514 1008 2585 Ἄνθρωπον,
1063 2519 1160 2571 καὶ
1202 2518 1546 2589 Ἐκκλησίαν,
1596 2522 1737 2577 κατὰ

152 2600 253 2669 τὴν
288 2600 517 2654 ἐκείνων
565 2602 841 2670 ὑπόθεσιν,
870 2608 997 2677 περὶ
1047 2609 1147 2679 τῆς
1195 2609 1417 2682 πρώτης
1455 2610 1737 2679 Ὀγδοάδος

156 2690 421 2761 εἴρηκεν,
469 2694 526 2745 ὲν
577 2687 610 2765 ᾖ
657 2695 867 2749 οὐδέπω
909 2699 1134 2768 Ἰησοῦς,
1184 2701 1394 2754 οὐδέπω
1441 2703 1671 2772 Χριστὸς
1709 2707 1738 2759 6

152 2782 247 2834 τοῦ
293 2784 544 2837 Ἰωάννου
584 2786 915 2851 διδάσκαλος.
952 2793 1071 2844 Ὅτι
1104 2791 1159 2844 δὲ
1187 2794 1247 2845 οὐ
1283 2795 1409 2865 περί
1439 2795 1547 2847 τῶν
1578 2796 1739 2860 συζυ-

153 2873 291 2941 γιῶν
322 2875 505 2928 αὐτῶν
537 2878 565 2929 6
624 2879 943 2945 ’Λπόστολος
989 2883 1231 2954 εἴρηκεν,
1282 2886 1417 2940 ἀλλὰ
1470 2888 1594 2959 περὶ
1643 2889 1737 2941 τοῦ

152 2964 369 3034 Κυρίου
424 2967 577 3037 ἡμῶν
639 2969 813 3038 Ἰησοῦ
866 2973 1123 3041 Χριστοῦ,
1171 2974 1229 3027 ὃν
1290 2976 1385 3028 καὶ
1421 2977 1593 3046 Λόγον
1629 2974 1737 3032 οἶδε

149 3055 244 3107 τοῦ
286 3056 452 3123 Θεοῦ,
492 3060 654 3123 αὐτὸς
692 3063 954 3134 πεποίηκε
991 3067 1239 3137 φανερόν.
1281 3068 1733 3139 Ἀνακεφαλαιούο

152 3164 323 3238 μενος
367 3149 478 3220 γὰρ
530 3153 781 3223 περὶτοῦ
815 3156 1106 3226 εἰρημένου
1152 3158 1298 3228 αὑτῴ
1342 3161 1452 3214 ἄνω
1499 3166 1556 3216 ὲν
1590 3166 1731 3238 ἀρχῇ

148 3236 317 3306 λόγου
375 3241 742 3313 ὲπεξηγεῖταιο
793 3246 903 3299 Καὶ
952 3250 984 3301 ὀ
1039 3249 1231 3317 Λόγος
1278 3251 1434 3318 σὰρξ
1478 3236 1734 3322 ἐγένετο,

151 3331 255 3383 καὶ
307 3333 672 3402 ἐσκήνωσεν
724 3337 793 3390 ἐκ
838 3337 1000 3406 ἡμῖν.
1054 3340 1210 3393 Κατὰ
1254 3341 1310 3394 δὲ
1363 3342 1460 3415 τὴν
1513 3346 1738 3401 ἐκείνων

146 3421 421 3476 ὑπόθεσιν
451 3425 547 3494 οὐχ
580 3428 608 3478 6
635 3426 805 3495 Λόγος
839 3428 975 3499 σὰρξ
1010 3431 1244 3497 ἐγένετο,
1276 3434 1333 3496 ὃς
1362 3451 1425 3501 γε
1464 3436 1582 3489 οὐδὲ
1607 3434 1737 3507 ἦλθέ

148 3529 287 3566 ποτε
326 3514 483 3578 ἐκτὸς
524 3517 914 3589 Πληρώματος,
948 3520 1083 3575 ἀλλὰ
1108 3523 1137 3574 6
1162 3524 1261 3594 τῆς
1289 3526 1602 3598 οἰκονομίας
1640 3545 1738 3598 με·

143 3607 551 3676 ταγενέστερος
594 3606 689 3659 τοῦ
725 3609 899 3677 Λόγου
937 3612 1148 3682 Σωτήρ.

213 3787 363 3841 ΚΘ’.
404 3788 621 3842 Μάθετε
652 3785 764 3855 οῦν,
793 3791 1031 3862 ἀνόητοι,
1078 3793 1283 3863 Ἰησοῦς
1307 3796 1335 3847 6
1365 3793 1551 3848 παθὼν
1599 3794 1739 3867 ὑπὲρ

142 3880 174 3947 ἡ
186 3878 339 3948 μῶν,
378 3880 408 3931 6
443 3882 870 3952 κατασκηνώσας
892 3886 947 3936 ἐν
981 3887 1132 3955 ἡμῖν,
1166 3880 1318 3949 οὗτος
1348 3886 1506 3950 αὐτός
1539 3887 1687 3940 ἐστιν
1714 3888 1742 3940 6

139 3969 327 4037 Λόγος
361 3969 459 4021 τοῦ
487 3971 645 4026 Θεοῦ.
699 3973 759 4026 Εἰ
792 3975 889 4044 μὲν
932 3977 1035 4049 γὰρ
1082 3978 1238 4042 ἄλλος
1269 3998 1351 4042 τις
1381 3980 1489 4033 τῶν
1521 3980 1741 4036 Λίώνων

141 4062 295 4132 ὑπὲρ
331 4065 440 4134 τῆς
468 4065 624 4134 ἡμῶν
653 4067 832 4125 αὐτῶν
863 4071 1135 4142 σωτηρίας
1167 4072 1305 4142 σὰρξ
1324 4072 1557 4141 ἐγένετο,
1596 4074 1742 4137 εἰκὸς

136 4149 209 4224 ἦν
246 4155 397 4225 περὶ
448 4156 607 4209 ἄλλου
661 4160 936 4230 εἰρηκέναι
980 4162 1070 4214 τὸν
1125 4164 1474 4217 Ἀπόστολον·
1533 4167 1582 4217 εἰ
1629 4166 1683 4218 δὲ
1713 4168 1741 4219 6

136 4248 329 4316 Λόγος
359 4250 393 4301 6
420 4248 517 4301 τοῦ
565 4251 775 4322 Πατρὸς
821 4254 849 4304 6
889 4254 1154 4318 καταϐὰς,
1206 4257 1368 4320 αὐτός
1416 4258 1531 4311 ἐστι
1576 4260 1671 4312 καὶ
1715 4261 1743 4313 6

136 4341 392 4405 ἀναϐὰς,
427 4344 456 4395 6
485 4342 576 4395 τοῦ
614 4344 776 4414 μόνου
805 4345 939 4398 Θεοῦ
960 4334 1263 4418 ⁵μονογενὴς
1294 4348 1421 4412 Υἱὸς
1466 4350 1605 4404 κατὰ
1644 4352 1743 4421 τὴν

1836 1883 2158 1940 Pleromatis
2188 1893 2459 1941 exortum.
2517 1883 2718 1955 Sicque
2768 1898 2957 1940 eorum
3001 1896 3122 1952 quae
3151 1880 3407 1935 dicuntur

1837 1977 2050 2047 singula
2094 1992 2127 2031 a
2162 1977 2395 2032 veritate
2441 1983 2779 2047 promentes,
2831 1990 2896 2029 ac
2940 1974 3254 2029 nominibus
3311 1972 3407 2025 ab-

1837 2076 2073 2135 utentes,
2105 2069 2172 2124 ad
2214 2085 2376 2126 usum
2416 2085 2576 2125 suum
2597 2069 3015 2139 Opinionemque
3045 2066 3405 2121 transferunt.

1836 2156 1912 2211 Ex
1953 2173 2060 2227 qua
2112 2159 2330 2213 illorum
2384 2159 2654 2214 sententia
2689 2157 2958 2226 sequitur,
2994 2163 3074 2210 tet
3123 2155 3178 2208 in
3223 2152 3407 2208 verbis

1834 2248 2099 2305 Joannem
2148 2248 2279 2305 Jesu
2331 2249 2536 2306 Christi
2588 2250 2921 2305 mentionem
2957 2262 3025 2303 ne
3057 2247 3235 2301 littera
3287 2242 3409 2315 qui-

1836 2341 1958 2396 dem
2017 2342 2284 2411 attigisse.
2340 2341 2492 2397 Licet
2541 2343 2685 2397 enim
2734 2340 2950 2397 Patrem
3002 2337 3318 2401 nominarit,
3353 2341 3409 2392 et

1836 2432 2102 2497 Gratiam,
2144 2431 2515 2502 Unigenitum,
2564 2442 2620 2488 et
2664 2430 2980 2498 Veritatem,
3029 2444 3093 2485 ac
3143 2428 3405 2491 Verbum,

1836 2521 2040 2586 Vitam,
2072 2521 2358 2577 Hominem
2413 2533 2465 2578 et
2501 2521 2838 2589 Ecclesiam;
2896 2522 3011 2577 haec
3062 2521 3138 2575 illi
3181 2524 3407 2574 censent

1837 2613 1903 2668 de
1940 2614 2115 2684 prima
2148 2612 2406 2683 Ogdoade
2441 2629 2562 2669 esse
2586 2612 2731 2667 dicta
2762 2633 2775 2668 :
2820 2614 2874 2667 in
2907 2628 3015 2684 qua
3046 2611 3284 2667 nondum
3315 2607 3407 2663 Je-

1839 2719 1953 2769 sus,
1990 2704 2230 2758 nondum
2259 2703 2512 2759 Christus
2537 2702 2770 2758 Joannis
2793 2703 3051 2774 magister
3072 2701 3401 2756 continetur.

1838 2794 2038 2851 Verum
2071 2796 2229 2866 longe
2258 2796 2451 2851 abesse
2482 2805 2541 2850 ut
2575 2797 2642 2851 de
2671 2796 2941 2866 conjugiis
2977 2795 3083 2849 illis
3111 2793 3407 2864 Apostolus

1838 2889 1988 2960 loqui
2033 2890 2286 2955 voluerit,
2318 2888 2493 2960 deque
2536 2889 2755 2945 Christo
2803 2888 2931 2944 Jesu
2966 2887 3194 2942 Domino
3220 2893 3407 2940 nostro

1839 2979 2250 3049 intelligendum
2281 2995 2423 3044 esse,
2448 2979 2595 3049 quod
2622 2988 2677 3034 et
2709 2978 2947 3033 Verbum
2977 2977 3109 3033 solet
3139 2975 3409 3045 appellare

1841 3069 1958 3136 Dei,
2004 3085 2113 3125 non
2164 3070 2396 3125 obscure
2442 3069 2559 3138 ipse
2605 3069 2863 3123 declarat.
2916 3066 3129 3121 Etenim
3171 3079 3294 3119 cum
3343 3065 3410 3120 de

1844 3158 2018 3213 Verbo
2070 3159 2185 3225 illo,
2220 3157 2366 3229 quod
2396 3168 2554 3213 antea
2582 3160 2637 3212 in
2676 3156 2947 3229 principio
2980 3155 3148 3210 fuisse
3177 3154 3407 3221 dixerat,

1839 3248 2153 3305 summatim
2217 3249 2493 3319 disputata
2541 3248 2853 3317 colligeret,
2920 3246 2991 3301 ita
3056 3245 3411 3315 pronuntiare

1838 3340 2048 3410 pergit:
2083 3337 2151 3392 Et
2198 3337 2418 3392 Verbum
2452 3354 2576 3391 caro
2609 3338 2809 3406 factum
2852 3345 2951 3401 est,
2981 3348 3026 3390 et
3055 3335 3308 3388 habitavit
3353 3334 3411 3387 in

1839 3429 2006 3484 nobis.
2040 3430 2108 3483 At
2139 3429 2367 3485 istorum
2393 3429 2651 3499 opinione
2684 3425 2924 3481 Verbum
2965 3441 3141 3495 neque
3174 3439 3303 3479 caro
3331 3423 3412 3478 fa-

1838 3527 1987 3575 ctum
2015 3528 2121 3585 est,
2174 3536 2353 3591 neque
2398 3535 2636 3590 unquam
2694 3534 2724 3572 a
2778 3517 3082 3572 Pleromate
3132 3515 3409 3579 discessit,

1841 3610 1936 3667 sed
1962 3610 2214 3667 Salvator
2238 3612 2461 3682 quidam
2488 3612 2629 3667 alius
2653 3610 3011 3682 procurandae
3028 3622 3196 3663 causa
3218 3606 3412 3663 salutis

1840 3705 2042 3769 editus,
2075 3704 2363 3775 Verboque
2393 3705 2683 3760 recentior.

1909 3794 2104 3849 XXIX.
2168 3794 2536 3861 Quamobrem
2570 3794 2765 3849 discite
2824 3792 3043 3848 tandem
3097 3789 3410 3861 aliquando,

1842 3888 2027 3944 stulti!
2064 3886 2258 3942 discite
2300 3886 2488 3942 Jesum
2524 3887 2675 3942 illum
2724 3887 2817 3956 qui
2868 3893 3056 3940 nostra
3090 3898 3255 3939 causa
3285 3899 3413 3954 pas-

1843 3995 1938 4035 sus
1972 3986 2076 4044 est,
2122 3980 2216 4048 qui
2264 3979 2528 4033 habitavit
2556 3979 2611 4032 in
2645 3978 2824 4044 nobis,
2860 3977 3110 4031 eumdem
3154 3975 3251 4030 Dei
3291 3990 3413 4031 esse

1845 4073 2105 4127 Verbum.
2150 4070 2285 4125 Nam
2316 4056 2365 4127 ‘si
2394 4071 2532 4126 alius
2562 4085 2628 4125 ex
2675 4068 2911 4123 1E0num
2956 4082 3185 4122 numero
3218 4067 3411 4121 salutis

1842 4169 2043 4217 nostra:
2088 4163 2263 4231 gratia
2301 4176 2523 4215 carnem
2578 4159 2865 4221 induisset,
2911 4172 3125 4228 mquam
3178 4163 3297 4211 erat
3344 4155 3414 4210 de

1842 4236 1949 4308 alio
1977 4267 2194 4322 quoque
2225 4252 2555 4307 mentionem
2592 4252 2659 4305 ah
2694 4251 2955 4321 Apostolo
2983 4249 3117 4305 ﬁeri.
3155 4247 3250 4303 Sin
3271 4248 3413 4302 idem

1844 4345 2021 4400 Patris
2050 4343 2311 4409 Verbum,
2347 4344 2494 4414 quod
2529 4359 2558 4399 e
2589 4345 2730 4399 cmlo
2758 4343 3040 4413 delapsum
3068 4349 3172 4406 est,
3221 4340 3413 4395 eodem

134 4434 236 4486 τοῦ
270 4434 504 4505 Πατρὸς
543 4435 788 4490 εὐδοκίαν
822 4438 1122 4508 σαρκωθεὶς
1153 4439 1293 4510 ὑπὲρ
1330 4440 1650 4511 ἀνθρώπων,
1679 4443 1737 4495 οὐ

1875 4438 2180 4493 ιοειιὶωἰηὶο
2230 4438 2413 4501 rediit,
2456 4437 2640 4503 unius,
2666 4438 2908 4506 inquam,
2941 4435 3032 4489 ille
3075 4432 3168 4487 Dei
3216 4432 3413 4486 unicus

134 4526 274 4597 περὶ
330 4524 502 4579 ἄλλου
536 4526 713 4589 τινος,
761 4526 880 4578 οὐδὲ
930 4528 1058 4597 περὶ
1118 4528 1399 4596 Ὀγδοάδος
1442 4530 1531 4582 τὸν
1583 4531 1740 4600 λόγον

133 4617 558 4687 ἑμπεποίηται,
594 4617 706 4669 ἀλλ’
829 4619 1077 4689 περὶτοῦ
1130 4622 1335 4691 Κυρίου
1397 4622 1570 4691 Ἰησοῦ
1604 4626 1739 4694 Χρι-

131 4709 293 4763 στοῦ.
365 4708 509 4762 Οὐδὲ
559 4708 667 4778 γὰρ
698 4710 727 4761 6
768 4710 937 4778 Λόγος
986 4711 1105 4763 κατ’
1161 4711 1355 4774 αὐτοὺς
1400 4715 1742 4784 προηγουμέ-

129 4823 244 4869 νως
298 4802 459 4873 σὰρξ
506 4803 716 4871 γέγονε.
764 4802 993 4869 Λέγουσι
1025 4803 1083 4856 δὲ
1120 4804 1209 4857 τὸν
1256 4806 1484 4877 Σωτῆρα
1516 4807 1740 4860 ἐνδύσα-

130 4898 267 4952 σθαι
300 4896 485 4966 σῶμα
507 4894 735 4963 ψυχικὸν
758 4894 822 4946 ὲκ
844 4894 943 4963 τῆς
969 4896 1279 4965 οἰκονομίας
1306 4900 1743 4969 κατεσκευασμέ-

128 5005 223 5039 νον
257 4987 512 5059 ἀρῤήτῳ
544 4982 789 5053 προνοίᾳ,
828 4982 964 5052 πρὸς
994 4984 1056 5036 τὸ
1099 4985 1289 5055 ὁρατὸν
1331 4987 1604 5053 γενέσθαι,
1653 4990 1747 5041 καὶ
1782 5051 1789 5056 ,

128 5076 511 5150 ψηλαφητόν.
546 5075 689 5145 Σὰρξ
714 5075 769 5129 δέ
800 5077 946 5128 ἐστιν
976 5076 1008 5145 ἡ
1041 5076 1241 5146 ἀρχαία
1268 5077 1332 5129 ἐκ
1358 5077 1450 5129 τοῦ
1482 5078 1576 5148 χοῦ
1604 5078 1745 5132 κατὰ

128 5172 224 5225 τὸν
268 5168 471 5237 Ἀδὰμ
500 5170 535 5237 ἡ
558 5168 809 5235 γεγονυῖα
840 5167 1037 5231 πλάσις
1072 5168 1176 5221 ὑπὸ
1205 5167 1300 5220 τοῦ
1333 5168 1488 5232 Θεοῦ,
1523 5172 1588 5239 ἢν
1614 5170 1746 5241 ἀληο

129 5264 246 5328 θὼς
304 5260 616 5331 γεγονέναι
662 5261 754 5313 τὸν
819 5261 990 5329 Λόγον
1050 5260 1145 5314 τοῦ
1208 5261 1342 5313 Θεοῦ
1404 5263 1670 5332 ἐμήνυσεν
1721 5266 1749 5318 6

140 5359 458 5423 Ἰωάννης.
515 5354 625 5405 Καὶ
671 5353 887 5406 λέλυται
940 5352 1184 5424 αὐτῶνή
1234 5352 1420 5423 πρώτη
1458 5354 1551 5406 καὶ
1585 5355 1750 5426 ἀρχέ-

128 5461 299 5515 γονος
350 5442 613 5509 Ὀγδοάς.
663 5442 811 5505 Ἑνὸς
844 5443 951 5515 γὰρ
980 5443 1070 5495 καὶ
1100 5442 1191 5495 τοῦ
1218 5440 1382 5495 αὐτοῦ
1405 5442 1750 5513 δεικνυμένου

1845 4531 2016 4585 Filius
2046 4546 2112 4584 ex
2146 4530 2406 4583 benevolo
2450 4528 2627 4583 Patris
2675 4530 2870 4582 adectu
2919 4526 3195 4581 hominum
3245 4537 3413 4579 causa

1846 4636 2011 4675 carne
2040 4621 2294 4682 vestitus,
2346 4634 2454 4673 non
2490 4618 2557 4673 de
2591 4618 2698 4672 alio
2730 4617 3009 4688 qu0piam,
3060 4632 3167 4670 non
3211 4616 3277 4669 de
3320 4615 3414 4668 illa

1843 4710 2032 4765 nescio
2064 4725 2170 4779 qua
2200 4707 2473 4777 Ogdoade,
2506 4708 2602 4763 sed
2646 4707 2713 4761 de
2757 4706 2886 4761 Jesu
2930 4706 3147 4760 Cnristo
3182 4705 3413 4760 Domino

1845 4812 2032 4857 nostro
2085 4816 2390 4856 sermonem
2435 4801 2696 4855 instituit.
2748 4798 2933 4867 Neque
2982 4800 3125 4853 enim
3173 4796 3411 4852 Verbum

1844 4895 1932 4948 isti
1987 4894 2260 4963 praecipue
2312 4898 2537 4948 censent
2588 4906 2808 4945 carnem
2855 4905 2977 4945 esse
3026 4888 3248 4942 factum.
3305 4887 3411 4943 Sed

1845 4986 2185 5040 Salvatorem
2220 4983 2401 5039 ferunt
2434 4982 2668 5037 animale
2708 4982 2981 5052 quoddam
3010 4980 3253 5035 induisse
3292 4995 3416 5034 cor-

1846 5092 1969 5146 pus,
2004 5076 2148 5146 quod
2182 5076 2557 5130 incarnatione
2600 5077 2717 5143 ipsa
2749 5072 3115 5142 inexplicabili
3147 5072 3416 5143 sapientia

1848 5168 2210 5223 constitutum
2270 5174 2376 5233 est,
2412 5173 2472 5220 ut
2517 5166 2689 5221 videri
2728 5169 3164 5235 contrectarique
3211 5172 3416 5234 possd.

1846 5261 2114 5317 Caeterum
2150 5275 2281 5316 caro
2327 5268 2482 5315 vetus
2511 5259 2642 5313 illud
2674 5274 2810 5329 opus
2865 5257 2959 5313 Dei
3010 5266 3115 5321 est,
3143 5258 3257 5327 jam
3305 5264 3421 5310 tum

1849 5352 1916 5406 ab
1966 5351 2156 5404 Adami
2214 5351 2549 5420 temporibus
2595 5366 2661 5403 ex
2713 5351 2878 5403 humo
2923 5349 3214 5402 formatum
3257 5361 3419 5416 quam

1855 5442 1946 5497 Dei
1982 5444 2212 5498 Verbum
2255 5443 2416 5513 200
2451 5442 2622 5499 fuisse
2651 5441 2935 5497 verissime
2959 5439 3196 5495 Joannes
3240 5435 3422 5508 prodi-

128 5539 351 5606 Λόγου,
397 5533 504 5585 καὶ
532 5533 894 5603 Μονογενοῦς,
945 5533 1040 5588 καὶ
1081 5533 1253 5604 Ζωῆς,
1299 5533 1393 5587 καὶ
1419 5534 1620 5602 Φωτὺς,
1660 5536 1737 5589 κα⁴

1875 5535 1948 5590 lit.
1992 5535 2071 5591 Ita
2117 5535 2292 5606 prima
2335 5536 2552 5590 illtrum
2595 5544 2649 5591 et
2696 5532 3079 5604 antiquissima
3107 5530 3325 5602 Ogdoas
3365 5528 3421 5582 in

187 5724 215 5737 σο
257 5690 451 5745 Deest
483 5685 566 5741 οὐ.
