3772 6188
410 313 504 369 531

1779 324 1837 377 S.
1879 318 2218 376 EPIPHANII
3555 316 3639 370 5.33.

405 429 637 485 nihilum
673 431 887 487 recidit.
924 433 1193 499 Quoniam
1226 436 1368 490 enim
1399 437 1491 491 uni
1522 438 1808 507 eidemque
1850 452 1877 491 c

2085 435 2355 506 Σωτῆρος,
2407 436 2499 488 xui
2534 434 2791 505 Χριστοῦ,
2830 434 2922 485 καὶ
2970 430 3097 483 Υἱοῦ
3148 429 3307 495 Θεοῦ,
3340 430 3438 483 καὶ
3472 430 3638 483 τούτου

403 520 588 574 venire
618 530 980 577 monstratum
1014 534 1119 589 est,
1168 534 1225 578 ut
1258 534 1312 579 et
1344 525 1687 597 Unigenitus,
1734 538 1787 583 et
1833 528 1974 591 Vita,

401 619 457 665 et
492 611 719 676 Lumen,
760 624 813 668 et
862 614 1133 680 Salvator,
1165 626 1219 672 et
1263 618 1534 683 Christus,
1569 629 1624 673 et
1672 620 1761 674 Dei
1810 619 1976 674 Filius

403 714 568 769 esset,
617 715 670 760 et
714 705 761 761 is
808 706 922 776 ipse
975 717 1164 763 nostra
1214 724 1380 763 causa
1425 725 1643 765 carnem
1701 711 1973 774 indueret,

404 804 517 848 tota
564 798 653 851 illa
701 798 975 868 Ogdoadis
1022 799 1203 853 fabula
1258 800 1467 871 dilapsa
1529 803 1799 856 concidet.
1857 801 1974 868 Qua

403 887 677 953 discussa,
710 891 1015 946 universam
1060 907 1219 946 ruere
1260 895 1464 962 pariter
1503 894 1816 963 dogmatum
1854 896 1974 949 illo-

404 996 523 1033 rum
568 989 900 1036 structuram
939 998 1163 1039 necesse
1207 991 1313 1048 est,
1356 1000 1518 1054 quam
1568 986 1644 1039 illi
1697 987 1801 1040 sibi
1830 988 1976 1042 velut

403 1086 499 1139 per
528 1072 803 1127 somnium
837 1073 1171 1144 ellingentes,
1198 1091 1383 1132 sacras
1403 1078 1637 1133 Litteras
1652 1079 1971 1149 depravaut,

400 1162 527 1215 dum
557 1178 651 1219 eas
685 1163 751 1217 ad
783 1176 1159 1235 argumentum
1190 1184 1353 1224 suum
1391 1173 1807 1228 accommodare
1854 1183 1973 1228 stu—

400 1254 549 1308 dent.
601 1254 804 1311 Deinde
836 1272 1055 1326 sparsas
1101 1260 1388 1325 dictiones,
1439 1277 1503 1316 ac
1536 1264 1801 1317 vocabula
1848 1279 1973 1333 pas-

400 1345 507 1398 sim
541 1358 753 1415 rcperta
784 1348 1125 1419 colligentes,
1171 1352 1239 1407 ab
1264 1352 1451 1407 nativo
1477 1369 1640 1409 sensu
1673 1362 1725 1408 et
1753 1356 1973 1424 proprio

400 1437 455 1489 in
514 1436 786 1501 alienum,
852 1447 912 1491 ut
977 1440 1248 1508 diximus,
1305 1458 1403 1511 per
1450 1443 1558 1496 vim
1610 1443 1969 1498 transferunt.

397 1525 866 1592 Quemadmodum
928 1529 964 1583 ii
1020 1529 1255 1595 faciunt,
1308 1533 1399 1601 qui
1445 1532 1687 1602 qualibet
1746 1534 1971 1588 materia

398 1620 696 1689 proposita,
719 1621 1052 1692 depromptis
1080 1628 1148 1676 ex
1179 1622 1412 1678 llomero
1441 1626 1710 1689 versibus,
1740 1626 1819 1680 sic
1852 1641 1970 1680 eam

398 1720 635 1766 tractant
669 1723 832 1781 atque
854 1714 1154 1783 expoliunt,
1188 1722 1246 1768 ut
1282 1716 1549 1784 imperitis
1584 1717 1966 1786 persuadeant,

394 1805 461 1857 de
490 1804 697 1857 recenti
727 1804 819 1857 illo
849 1820 948 1859 suo
978 1816 1299 1876 argumento
1342 1805 1636 1861 Homerum
1686 1808 1790 1862 ista
1826 1809 1969 1862 ceci-

394 1892 545 1947 nisse
576 1912 590 1947 :
634 1907 697 1947 ac
729 1893 1000 1964 plerisque
1045 1895 1217 1950 series
1248 1895 1365 1965 ipsa
1400 1897 1703 1949 carminum
1753 1911 1816 1951 ac
1842 1912 1972 1951 con-

394 1990 576 2037 textus
610 1982 873 2053 imponat,
904 1984 1060 2052 quasi
1098 1984 1213 2038 hagc
1261 1984 1319 2037 in
1359 2000 1483 2039 eum
1516 1986 1735 2040 modum
1769 1985 1973 2042 fuerint

394 2077 464 2131 ab
496 2074 731 2130 Homero
769 2076 998 2146 digesta.
1034 2075 1122 2131 Sic
1158 2077 1247 2132 ille
1287 2078 1474 2131 nescio
1507 2078 1651 2147 quis,
1702 2078 1793 2147 qui
1835 2078 1971 2134 Her-

392 2168 567 2221 culem
604 2167 675 2222 ab
704 2166 1009 2243 Eurystheo
1038 2167 1102 2220 ad
1138 2168 1411 2223 infernum
1445 2184 1634 2223 canem
1678 2171 1969 2225 extrahen-

393 2258 521 2313 dum
581 2258 810 2313 missum
866 2258 1169 2313 Homericis
1218 2260 1465 2315 versibus
1534 2261 1605 2314 ita
1680 2260 1972 2331 descripsit

393 2348 552 2417 (nihil
598 2349 744 2403 enim
791 2350 1023 2419 exempli
1069 2351 1242 2420 gratia
1286 2352 1538 2421 prohibet
1582 2352 1687 2407 ista
1735 2367 1971 2408 comme-

394 2441 620 2508 morari,
643 2457 765 2497 cum
794 2458 889 2515 par
912 2441 1165 2517 idemque
1192 2444 1263 2499 sit
1293 2445 1575 2500 amborum
1596 2446 1965 2517 institutum):

394 2635 483 2709 Sic
512 2638 607 2703 ait,
643 2645 693 2690 et
723 2639 870 2692 tectis
898 2640 1273 2709 gemebundnm
1308 2644 1533 2697 extrusit
1562 2648 1625 2697 ab
1660 2646 1783 2699 altis
1820 2649 1835 2677 ¹

394 2704 792 2781 ῌιιρηᾳῃίηιμηι
821 2704 1038 2781 Alciden
1072 2711 1334 2779 factorum
1379 2713 1533 2767 laude
1554 2726 1813 2781 potentem
1848 2720 1868 2749 ¹

395 2774 655 2853 ξαζδεὶάαε
687 2777 1009 2848 Eurystheus
1039 2774 1269 2835 Stheneli
1290 2774 1590 2839 clarissima
1619 2788 1792 2853 proles
1826 2788 1845 2818 ³
1877 2809 1894 2851 -,

392 2845 764 2922 infernunrut
800 2845 1016 2922 superas
1051 2854 1317 2905 custodem
1351 2855 1556 2922 e/ferret
1590 2845 1641 2907 in
1673 2874 1833 2912 auras
1866 2845 1887 2888 ί

393 2916 534 2985 Ergo
564 2919 652 2970 ille
677 2919 963 2985 intrepidus
989 2923 1224 2974 montani
1261 2916 1405 2975 more
1437 2925 1599 2978 leonis
1632 2927 1651 2957 ³

394 2984 530 3043 Urbe
562 3004 717 3043 ruens
749 2984 879 3055 tota,
913 2992 1068 3043 sociis
1099 2993 1470 3047 comitantibus
1502 2994 1631 3049 ibat.

391 3121 549 3200 Hunc
566 3123 801 3200 juvenes,
851 3126 1123 3200 miserique
1155 3144 1321 3193 senes,
1360 3141 1620 3200 castwque
1649 3132 1838 3197 puella:
1864 3134 1885 3163 °

393 3192 1096 3270 Ileducuntjongogemitu,
1121 3215 1212 3252 ceu
1252 3192 1417 3253 morte
1448 3192 1738 3270 propinqua
1772 3203 1815 3255 ".

394 3266 521 3343 tum
549 3280 603 3317 se
631 3263 926 3343 Mercurius
946 3270 1200 3343 _contitem
1231 3286 1361 3323 curn-
1390 3263 1616 3343 Pallade
1638 3263 1817 3343 jungit
1847 3273 1893 3326 ⁸.

394 3333 568 3399 Quam
600 3351 703 3389 non
730 3335 955 3404 fraterni
983 3354 1137 3393 casus
1164 3356 1402 3410 curwque
1424 3333 1655 3397 latebant
1686 3344 1729 3395 ’.

390 3514 560 3580 Quem
587 3531 696 3572 wn
727 3516 1028 3586 simplicem
1076 3520 1409 3592 minimeque
1444 3525 1643 3578 malum
1692 3527 1966 3584 hominem

391 3618 582 3659 versus
610 3606 696 3660 isti
737 3606 1031 3676 decipiant,
1086 3618 1145 3663 ut
1174 3624 1268 3665 eos
1299 3611 1757 3680 quemadmodum
1792 3615 1964 3679 audit,

389 3692 457 3748 de
483 3694 587 3749 hoc
618 3705 940 3766 argumento
976 3698 1042 3752 ab
1072 3696 1309 3753 Homero
1336 3702 1569 3771 scriptos
1598 3706 1968 3761 assentiatur?

389 3785 457 3840 At
495 3786 587 3856 qui
618 3786 837 3843 Homeri
872 3792 1107 3847 lectione
1141 3791 1303 3848 tritus
1332 3802 1437 3860 est,
1471 3794 1641 3857 ,l‘acile
1673 3797 1776 3852 ista
1805 3799 1961 3869 201

386 3876 697 3947 discernet;
781 3896 878 3936 nec
964 3883 1235 3953 ignorabit
1342 3886 1536 3941 horum
1621 3891 1816 3959 partim
1899 3891 1967 3945 de

390 3969 583 4041 Ulysse
627 3971 793 4038 dicta,
843 3976 1037 4043 partim
1074 3976 1141 4032 de
1174 3975 1426 4043 Hercule,
1478 3980 1669 4049 partim
1710 3981 1775 4035 ad
1807 3980 1964 4036 Pria-

386 4076 557 4126 mum,
591 4062 783 4130 partim
815 4063 882 4117 ad
914 4063 1215 4120 Menelaum
1268 4075 1322 4119 et
1352 4055 1811 4138 Agamemnonem
1841 4087 1965 4141 per-

386 4152 582 4207 tinere.
614 4152 823 4218 Quibus
859 4154 987 4210 inde
1019 4158 1300 4213 translatis
1353 4174 1415 4213 ac
1459 4176 1560 4215 suo
1586 4161 1706 4216 loco
1737 4164 1963 4217 restitu-

387 4240 480 4304 tis,
529 4248 706 4295 totum
746 4242 877 4296 illud
918 4258 1056 4313 opus
1109 4245 1390 4302 dissolvet.
1442 4246 1534 4302 Sic
1577 4252 1824 4316 omnino,
1869 4253 1963 4323 qui

388 4329 631 4384 veritatis
682 4332 924 4401 regulam
986 4342 1237 4389 neutram
1292 4335 1347 4389 in
1409 4345 1618 4406 partem
1676 4338 1961 4405 inﬂexam,

385 4438 550 4491 quam
580 4425 634 4477 in
667 4423 941 4492 baptismo
977 4427 1273 4496 acceperit,
1311 4428 1455 4497 apud
1498 4444 1557 4484 se
1584 4430 1835 4495 retineat,
1869 4432 1965 4487 de-

2079 525 2241 578 αύτοῦ
2304 525 2679 597 σαρκωθέντος
2750 525 2889 595 ὑπὲρ
2937 522 3135 593 ἡμῶν,
3195 522 3418 576 λέλυται
3474 526 3506 592 ἡ
3561 524 3639 593 τῆς

2092 616 2368 685 Ὀγδοάδος
2418 618 2779 687 σκηνοπηγία.
2832 617 3045 687 Ταύτης
3086 617 3143 669 δὲ
3189 617 3517 687 λελυμένης,
3545 618 3641 670 δια-

2082 708 2371 762 πέπτωκεν
2401 710 2581 762 αὑτῶν
2613 711 2762 762 πᾶσα
2790 712 2821 779 ἡ
2857 709 3131 773 ὑπόθεσις,
3178 711 3243 781 ἢν
3272 710 3487 780 ψευδῶς
3526 712 3641 764 em.

2082 799 2374 873 ρώττοντες
2402 801 2794 871 κατατρέχουσι
2815 801 2922 854 τῶν
2950 802 3203 873 Γραφῶν,
3232 802 3372 855 ἰδίαν
3396 801 3635 853 ὑπόθεσιν

2076 892 2539 962 άναπλασάμενοι.
2582 893 2813 945 Ἔπειτα
2842 891 3015 959 λέξεις
3044 893 3139 945 καὶ
3178 892 3424 962 ὀνόματα
3457 895 3639 963 σπορά-

2076 986 2172 1056 δην
2203 987 2429 1055 κείμενα
2462 984 2829 1053 συλλέγοντες,
2879 986 3264 1057 μεταφέρουσι,
3297 984 3489 1047 καθὼς
3529 1003 3640 1055 προ-

2078 1078 2402 1147 ειρήκαμεν,
2436 1076 2500 1128 ὲκ
2543 1075 2637 1128 τοῦ
2683 1075 2823 1129 κατὰ
2854 1076 3015 1144 φύσιν
3062 1078 3141 1139 είς
3170 1076 3232 1128 τὸ
3278 1076 3431 1146 παρὰ
3467 1075 3640 1144 φύσιν*

2076 1172 2235 1239 ὅμοια
2271 1168 2551 1231 ποιοῦντες
2576 1170 2689 1230 τοῖς
2728 1168 3012 1231 ὑποθέσεις
3040 1169 3137 1231 τὰς
3175 1170 3448 1239 τυχούσας
3482 1170 3643 1230 αὐτοῖς

2076 1259 2555 1331 προϐαλλομένοις,
2604 1259 2795 1312 ἔπειτα
2830 1260 3190 1331 πειρωμένοις
3234 1262 3297 1314 ὲκ
3343 1260 3457 1312 τῶν
3495 1260 3641 1330 Ὀμή-

2080 1366 2171 1419 ρου
2206 1348 2527 1418 ποιημάτων
2562 1348 2789 1419 μελετᾷν
2822 1350 3009 1413 αὑτὰς,
3040 1349 3182 1402 ὥστε
3218 1350 3348 1413 τοὺς
3379 1350 3643 1419 ἀπειροτέο

2078 1457 2202 1511 ρους
2246 1440 2421 1493 δοκεῖν
2454 1443 2539 1493 ἐπ’
2569 1441 2785 1512 ἐκείνης
2815 1443 2914 1512 τῆς
2960 1442 3019 1506 ἐξ
3056 1443 3317 1511 ὑπογυίου
3356 1442 3640 1512 μεμελετη-

2077 1533 2244 1602 μένης
2277 1531 2585 1595 ὑποθέσεως
2612 1533 2858 1603 Ὅμηρον
2880 1532 2948 1585 τὰ
2996 1532 3101 1603 ἔπη
3130 1533 3515 1603 πεποιηκέναι,
3566 1532 3644 1584 καὶ

2074 1624 2303 1687 πολλοὺς
2338 1624 2778 1695 συναρπάζεσθαι
2823 1624 2911 1677 διὰ
2954 1624 3054 1694 τῆς
3089 1626 3194 1678 τῶν
3226 1624 3378 1678 ἐπῶν
3408 1623 3642 1676 συνθέτου

2073 1714 2411 1778 ἀκολουθίας,
2447 1718 2520 1787 μὴ
2546 1716 2654 1787 ἄρα
2682 1716 2833 1769 ταῦθ’
2857 1716 3026 1779 οὑτως
3049 1718 3294 1788 ’Όμηρος
3317 1717 3406 1787 εἴη
3436 1734 3644 1784 aramq-

2076 1810 2219 1869 κως·
2276 1806 2351 1868 ὡς
2399 1808 2426 1858 ὁ
2470 1807 2560 1857 τὸν
2603 1804 2872 1876 Ἡρακλέα
2910 1806 3012 1861 ὑπὸ
3061 1806 3385 1876 Εὐρυσθέως
3434 1806 3528 1857 ἐπὶ
3568 1805 3645 1856 τὸν

2075 1897 2131 1948 ὲν
2156 1894 2234 1965 τῷ
2264 1895 2403 1968 ᾊδῃ
2457 1894 2593 1948 κύνα
2646 1896 2999 1966 πεμπόμενον
3039 1895 3127 1951 διὰ
3172 1897 3281 1951 τῶν
3345 1897 3646 1966 Ὁμηρικῶν

2076 1988 2272 2057 στίχων
2328 1986 2553 2058 γράφων
2622 1986 2795 2050 οὕτως
2839 1987 3010 2055 (οὐδὲν
3066 1988 3173 2059 γὰρ
3228 1987 3433 2040 κωλύει
3484 2005 3648 2057 παρα-

2072 2073 2361 2149 δείγματος
2411 2080 2569 2151 χάριν
2599 2078 3003 2149 ὲπιμνησθῆναι
3050 2081 3145 2132 καὶ
3193 2079 3425 2143 τούτων,
3472 2079 3649 2148 ὁμοίας

2075 2171 2168 2223 xui
2224 2171 2324 2241 τῆς
2381 2171 2551 2244 αὐτῆς
2615 2169 2782 2240 ούσης
2841 2171 3235 2243 ἐπιχειρήσεως
3300 2174 3417 2236 τοῖς
3487 2173 3649 2241 ἀμφο-

2074 2261 2270 2332 τέροις)
2292 2279 2305 2293 ·

2077 2649 2178 2712 Ὣς
2210 2647 2412 2711 εἰπὼν,
2459 2646 2772 2716 ἀπέπεμπε
2811 2646 3008 2715 δόμων
3044 2646 3240 2713 βαρέα
3267 2644 3647 2716 στενάχοντα

2072 2716 2218 2769 eoo“
2256 2717 2572 2783 Ἡρακλῆα,
2602 2715 2882 2785 μεγάλων
2908 2715 3470 2785 ἐπιίστορανέργωγ,

2067 2788 2437 2853 Εἰιρυσθεὺς,
2470 2784 2784 2841 Σθενέλοιο
2818 2786 2959 2850 πάϊς
2984 2784 3361 2853 Περσηιάδαο

2084 2852 2183 2920 Ἐξ
2226 2857 2480 2925 Ἐρέϐεος
2515 2857 2738 2920 ἄξοντα
2769 2858 2935 2925 κύνα
2958 2852 3251 2924 orm-spei}
3292 2852 3513 2925 ‘Aidao.

2073 2926 2156 3003 ζζῆ
2172 2929 2231 2993 ρ’
2263 2921 2413 3003 ἴμεν,
2432 2921 2586 3003 ὥστε
2600 2927 2759 3003 λέων
2774 2921 3157 3003 ὀρεσίτροφος
3172 2924 3313 3003 (aut
3337 2921 3643 3003 πεποιθὼς,

2070 2998 2464 3066 Καρπαλίμως
2509 2998 2625 3051 ἀνὰ
2674 2996 2864 3061 ἄστυ,
2916 2998 3078 3064 φίλοι
3104 2994 3157 3046 δ’
3191 2995 3233 3025 ¹⁰
3271 2994 3645 3133 afﬁgi?“

3344 3082 3372 3115 ε
3569 3102 3584 3123 ν

3344 3079 3584 3123 εποντο,

1995 3146 2036 3203 C
2069 3140 2307 3207 Νύμφαι
2344 3140 2391 3191 τ’
2430 3138 2617 3205 ἠΐθεοι
2655 3154 2738 3200 τε,
2773 3134 3141 3207 πολύτλητοί
3178 3151 3243 3207 τε
3285 3134 3583 3207 γέροντες,

2076 3204 2267 3275 Oikrp’
2313 3204 2770 3285 ὀλοφυρόμενοι,
2818 3207 2959 3285 ὡσεί
3009 3204 3267 3285 θάνατρν
3314 3220 3378 3256 τε
3411 3204 3644 3285 ῥεπέτω.

2084 3274 2353 3350 Ἑρμείας
2389 3274 2441 3330 δ’
2483 3274 2833 3350 ἀπέπεμπεν
2876 3275 2963 3350 ἰδέ
3006 3274 3381 3350 γλαοκῶπις-
3411 3274 3643 3350 Ἀθήγιμ

2074 3344 2250 3418 ’ᾙδεε
2300 3350 2411 3419 γὰρ
2464 3350 2612 3402 κατὰ
2656 3344 2846 3416 θυμὸν
2888 3344 3187 3413 ἀδελφεόν
3229 3346 3310 3409 ὡς
3357 3344 3645 3397 ἐπονεῖτο.

2070 3521 2164 3584 Τίς
2188 3522 2287 3575 οὐκ
2317 3521 2384 3575 ἂν
2417 3522 2523 3575 τῶν
2571 3521 2933 3592 ἀπανούργων
2978 3518 3359 3591 συναρπαγείη
3405 3519 3513 3571 ὑπὸ
3545 3516 3649 3570 τῶν

2069 3612 2217 3665 ἐπῶν
2258 3614 2487 3679 τούτων,
2535 3614 2628 3666 καὶ
2676 3614 2949 3682 νομίσειεν
2994 3611 3167 3674 οὕτως
3221 3612 3361 3664 αὐτὰ
3404 3612 3649 3680 Ὅμηρον

2069 3706 2160 3757 ἐπὶ
2194 3704 2395 3776 ταύτης
2433 3706 2532 3776 τῆς
2572 3704 2884 3767 ὑποθέσεως
2913 3704 3313 3776 πεποιηκέναι;
3378 3703 3439 3755 Ὀ
3472 3701 3515 3754 δ’
3559 3701 3647 3769 έμ-

2070 3811 2257 3865 πειρος
2313 3794 2414 3864 τῆς
2454 3794 2757 3865 Ὁμηρικῆς
2802 3793 3108 3855 ὑποθέσεως
3144 3791 3510 3860 ἐπιγνώσεται
3577 3792 3637 3851 υ,

2067 3884 2245 3949 εἰδὼς,
2285 3886 2366 3938 ὅτι
2394 3885 2454 3937 τὸ
2483 3886 2581 3954 μέν
2639 3903 2690 3938 τι
2720 3885 2899 3939 αὑτῶν
2925 3887 3040 3937 ἐστι
3072 3884 3195 3955 περὶ
3240 3883 3544 3943 Ὀδυσσέως
3578 3882 3647 3933 εξ-

2070 3976 2324 4048 ρημένον,
2366 3976 2428 4030 τὸ
2465 3976 2521 4029 δὲ
2566 3977 2695 4048 περὶ
2746 3977 2909 4029 αὑτοῦ
2961 3975 3055 4028 τοῦ
3120 3974 3438 4045 Ἡρακλέος,
3489 3972 3554 4025 τὸ
3594 3973 3645 4024 δὲ

2069 4069 2198 4137 περὶ
2228 4069 2499 4139 Πριάμου,
2553 4068 2614 4121 τὸ
2647 4069 2703 4120 δὲ
2735 4070 2862 4138 περὶ
2913 4067 3187 4121 Μενελάου
3226 4067 3324 4119 καὶ
3369 4066 3643 4135 Ἀγαμέμο

2067 4177 2236 4225 νονος.
2290 4162 2462 4231 Ἀρας
2490 4160 2546 4213 δὲ
2596 4160 2757 4224 αὐτὰ,
2794 4162 2887 4212 καὶ
2931 4160 2987 4212 ἓν
3028 4161 3255 4213 ἕκαστον
3309 4158 3543 4220 άποδοὺς
3581 4160 3641 4225 τῇ

2070 4253 2174 4324 ἰδίᾳ
2204 4255 2246 4284 ¹²
2280 4254 2521 4307 ἐκποδὼν
2548 4256 2759 4325 ποιήσει
2787 4254 2886 4323 τὴν
2926 4252 3198 4307 ὑπόθεσιν.
3236 4251 3397 4304 Οὕτω
3446 4251 3499 4303 δὲ
3556 4250 3644 4302 καὶ

2065 4348 2093 4398 ό
2125 4346 2217 4398 τὸν
2264 4346 2465 4399 κανόνα
2491 4346 2591 4416 τῆς
2632 4345 2890 4416 ἀληθείας
2942 4344 3133 4414 ἀκλινῆ
3192 4345 3249 4395 ὲν
3301 4342 3481 4411 ἑαυτῷ
3509 4357 3640 4393 xu:-

2068 4435 2229 4505 έχων,
2252 4437 2309 4489 ὃν
2336 4437 2423 4489 διὰ
2448 4436 2541 4490 τοῦ
2610 4437 2951 4506 απτίσματος
2984 4436 3194 4506 εἴληφε,
3213 4434 3283 4487 τὰ
3316 4434 3416 4505 μὲν
3445 4437 3507 4486 ὲκ
3540 4432 3642 4484 τῶν

388 4522 633 4582 prompta
678 4515 851 4568 sacris
872 4530 901 4569 e
934 4513 1153 4570 Litteris
1182 4518 1468 4582 vocabula,
1499 4533 1563 4572 ac
1592 4519 1878 4585 dictiones,

2085 4528 2298 4599 .‘pu'pc'bv
2325 4529 2584 4599 ὀνόματα,
2622 4528 2715 4581 καὶ
2754 4526 2852 4590 τὰς
2901 4526 3093 4593 λέξεις,
3126 4526 3218 4578 καὶ
3254 4526 3354 4585 τὰς
3402 4526 3643 4594 1:19:60-

386 4606 675 4673 parabolas
711 4614 1009 4676 agnoscat;
1062 4610 1520 4665 contumeliosum
1571 4611 1675 4665 hoc
1733 4629 1861 4669 vero

2085 4620 2160 4683 ιὰς
2191 4620 2575 4689 ἐπιγνώσεται,
2608 4619 2707 4689 τὴν
2732 4619 2788 4671 δὲ
2832 4618 3151 4688 βλάσφημον
3218 4615 3475 4668 ὑπόθεσιν
3512 4612 3643 4665 τιῄ.

386 4694 552 4749 Deum
602 4706 982 4766 argumentum
1041 4698 1316 4767 repudiet,
1365 4708 1529 4768 atque
1577 4701 1631 4755 in
1668 4710 1877 4758 tesseru

2085 4728 2160 4780 ῖην
2198 4713 2299 4764 οὐκ
2328 4710 2706 4780 ἐπιγνώσεται.
2735 4711 2845 4763 Καὶ
2878 4712 2986 4782 γὰρ
3013 4711 3061 4762 εἰ
3093 4708 3193 4771 τὰς
3236 4706 3473 4777 ψηφῖδας
3505 4722 3644 4771 γνω-

385 4786 799 4852 animadvertet,
847 4804 1127 4858 nunquam
1167 4798 1226 4842 ut
1257 4790 1597 4860 vulpeculam
1649 4808 1746 4861 pro
1793 4795 1878 4865 im]

2085 4803 2226 4865 >ίσει,
2258 4802 2396 4856 ἀλλὰ
2436 4803 2535 4873 τὴν
2565 4802 2825 4855 ἀλώπεκα
2852 4802 2972 4855 ἀντὶ
3001 4800 3098 4870 τῆς
3128 4798 3412 4868 βασιλικῆς
3437 4796 3641 4855 εἰκόνος

386 4878 585 4933 ratoris
612 4878 781 4947 elligie
816 4880 1034 4935 obtrudi
1070 4881 1173 4938 sibi
1211 4882 1469 4952 patiatur.
1522 4883 1721 4939 Verum
1765 4902 1875 4940 uuu

2085 4893 2128 4945 u'i
2160 4892 2543 4962 παραδέξεται.
2582 4892 2678 4943 Ἓν
2703 4890 2934 4943 ἕκαστον
2961 4890 3017 4942 δὲ
3038 4888 3145 4940 τῶν
3175 4886 3477 4957 εἰρημένων
3510 4885 3641 4935 ἀπο.

386 4972 637 5041 quodque
669 4988 855 5026 eorum
887 4990 1007 5043 quae
1035 4974 1180 5029 dicta
1208 4984 1336 5030 sunt
1362 4976 1543 5031 ordini
1578 4992 1678 5031 suo
1702 4978 1955 5045 reddens,

386 5079 448 5118 ac
493 5065 737 5119 veritatis
784 5066 931 5120 velut
969 5068 1187 5137 corpori
1236 5068 1678 5133 accommodans,
1736 5070 1954 5125 illorum

386 5169 553 5222 nugas
582 5154 796 5225 detegat
829 5165 991 5226 atque
1025 5158 1216 5214 inanes
1245 5175 1365 5215 esse
1394 5161 1752 5219 demonstret.

456 5241 620 5303 ΧΧΧ.
659 5242 939 5300 Postremo
961 5248 1087 5316 quia
1115 5249 1227 5319 jam
1264 5252 1409 5307 velut
1435 5252 1490 5309 in
1519 5268 1705 5320 scena,
1735 5264 1954 5325 peracto

452 5444 467 5475 ¹
503 5442 603 5516 Od.
640 5461 692 5505 κ,
715 5444 828 5516 76,
890 5447 909 5476 ²
935 5446 1034 5500 0d.
1061 5464 1119 5516 φ,
1147 5447 1235 5500 ‘26.

2065 4984 2187 5048 δοὺς
2231 4986 2295 5054 τῇ
2346 4982 2451 5053 ἰδίᾳ
2484 4980 2655 5049 τάξει,
2698 4982 2793 5033 καὶ
2834 4979 3221 5051 προσαρμόσας
3268 4977 3347 5046 τῷ
3384 4977 3476 5045 τῆς
3512 4976 3641 5043 ἀλη-

2065 5077 2213 5140 θείας
2246 5075 2532 5146 σωματείῳ
2556 5074 2599 5106 ⁸³
2645 5071 2941 5143 γυμνώσει,
2976 5073 3069 5126 καὶ
3109 5070 3473 5125 ἀνυπόστατον
3517 5070 3637 5119 ἐπι-

2061 5167 2220 5232 δείξει
2254 5168 2313 5220 τὸ
2342 5166 2567 5237 πλάσμα
2600 5163 2797 5219 αὐτῶν.

2134 5260 2212 5311 A'.
2254 5256 2471 5327 Ἐπειδὴ
2514 5255 2558 5287 ’⁸
2594 5257 2660 5325 τῇ
2694 5256 2866 5325 σκηνῇ
2896 5252 3069 5324 ταύτῃ
3103 5250 3215 5321 (8i)
3256 5249 3426 5302 λείπει
3452 5248 3637 5318 igua)-

1320 5450 1337 5481 ⁸
1364 5450 1433 5505 Il.
1470 5453 1677 5512 1,123.
1756 5457 1775 5486 ⁸
1805 5457 1867 5510 ΙιΔ

2085 5465 2110 5510 ι.
2185 5457 2207 5485 α
2240 5456 2342 5511 0d.
2366 5453 2417 5517 ξ.
2448 5455 2533 5509 15.
2612 5452 2756 5509 “Od.
2788 5452 2837 5515 λ,
2864 5452 2951 5507 58.
3026 5450 3045 5481 τ
3079 5446 3245 5520 11.ω,
3276 5440 3496 5520 s28.)
3532 5440 3634 5520 οιιτ

384 5515 579 5598 53,925-
812 5515 861 5585 βν
885 5516 1009 5598 ‘99-
1072 5510 1132 5548 ν¹⁰
1156 5517 1285 5598 [198;
1310 5510 1530 5598 ἆμαιηίι
1566 5526 1702 5585 lretl.
1737 5528 1833 5597 μὲν
1862 5546 1878 5580 τ

2100 5526 2196 5598 τὴν
2223 5510 2278 5580 δὲ
2306 5510 2559 5579 ὑπόθεσιν
2588 5525 2687 5578 οὑκ
2712 5510 2862 5590 ὲπιχ.
2920 5524 2960 5555 ¹¹
2992 5520 3119 5575 For.
3150 5519 3216 5586 τῇ
3251 5517 3355 5585 ἰδίᾳ
3384 5513 3531 5579 τάξει
3557 5510 3635 5563 vel

384 5584 566 5659 ϐίϐλῳ.
647 5584 837 5644 “For.
875 5586 1106 5657 σώματι.
1184 5584 1409 5651 “Deest
1433 5592 1509 5645 δέ.

448 5768 562 5847 (8!)
604 5771 842 5846 Ἐπειδὴ
869 5772 941 5843 τῇ
978 5773 1177 5845 σκηνῇ
1228 5775 1432 5844 ταύτῃ.
1484 5774 1878 5849 ’Λπολύτρωσιιι

2085 5773 2475 5848 πεάεηιριίοηεηι
2522 5788 2643 5830 csse
2673 5773 2841 5828 crcdit
2874 5770 3062 5826 Billius
3085 5812 3098 5838 ,
3147 5770 3213 5828 de
3246 5785 3349 5842 qua
3399 5766 3631 5823 [renuens
