3772 6188
62 246 259 334 ‘533

899 281 1273 340 ADVERSUS
1309 282 1654 339 HIERESES
1694 284 1712 338 l

1892 325 1907 339 .
1955 284 2121 341 TOM.
2162 284 2305 341 IL—
2344 285 2623 341 ΗίΕΒΕΞ.
2659 284 2848 339 XXXI.

3318 284 3425 342 55H

144 396 440 467 λύτρωσις,
496 398 583 451 ἴνα
629 414 713 461 τις
751 396 840 451 τὸν
886 402 1050 470 μῖμον
1088 402 1248 455 αὐτὸν
1290 400 1603 473 περαιώσας
1638 403 1712 455 τὸπ

1893 402 2032 457 bula:
2084 402 2301 468 exodio,
2343 399 2649 455 dimittendi
2700 408 2915 469 tempus
2961 408 3067 462 est,
3106 400 3416 459 consultum

147 494 593 559 ἀνασκευάζοντα
616 495 771 564 λόγον
802 498 1118 564 ἐπενεγκεῖν
1142 484 1391 562 ’,καλῶς
1449 500 1593 570 ἔχειν
1637 502 1737 553 ὑπ-

146 585 423 655 ελάϐομεν
448 584 707 648 ἐπιδεῖξαι
732 586 1017 656 πρότερον,
1054 587 1113 639 ὲν
1140 581 1219 649 οἷς
1250 590 1297 640 ot
1319 589 1557 659 πατέρες
1585 591 1739 645 αὐτοὶ

144 677 305 730 τοῦδε
340 676 433 731 τοῦ
470 676 641 746 θυμοῦ
670 680 689 708 ²
723 676 1070 747 διαφέρονται
1096 679 1233 748 πρὸς
1267 680 1545 750 ἀλλήλους,
1570 682 1646 743 ὡς
1675 682 1737 732 ἐκ

140 767 422 839 διαφόρων
446 766 772 837 πνευμάτων
792 766 891 835 τῆς
915 766 1121 836 πλάνης
1137 768 1306 830 ὄντες.
1334 769 1442 819 Καὶ
1463 770 1526 820 ὲκ
1548 767 1734 820 τούτου

143 858 261 930 γὰρ
295 858 539 928 ἀκριϐῶς
573 859 802 912 συνιδεῖν
826 858 997 925 ἔσται,
1023 862 1117 913 xui.
1147 860 1251 930 πρὸ
1276 860 1375 930 τῆς
1410 861 1736 926 ἀποδείξεως

144 950 375 1019 βεϐαίαν
392 950 489 1021 τὴν
515 949 621 1002 ὑπὸ
642 950 741 1020 τῆς
784 950 1111 1021 Ἐκκλησίας
1158 968 1227 1022 κη
1239 952 1577 1024 ρυσσομένην
1608 953 1736 1024 ἀλή-

140 1042 323 1106 θειαν,
353 1041 447 1095 καὶ
479 1041 577 1111 τὴν
605 1040 708 1093 ὑπὸ
741 1039 946 1094 τούτων
969 1058 1190 1113 παραπε
1202 1058 1323 1113 ποιη
1334 1043 1501 1113 μένην
1530 1042 1733 1114 ψευδη-

136 1134 358 1206 γορίαν.
392 1135 455 1187 Ἡ
496 1133 596 1204 μὲν
623 1132 731 1203 γὰρ
761 1132 1077 1204 Ἐκκλησία,
1110 1134 1309 1204 καίπερ
1332 1134 1452 1187 καθ’
1482 1135 1611 1205 ὅλης
1632 1136 1731 1206 τῆς

134 1226 471 1295 οἰκουμένης
500 1224 606 1287 ἕως
631 1223 882 1294 περάτων
908 1223 1007 1292 τῆς
1040 1224 1141 1291 γῆς
1161 1223 1557 1296 διεσπαρμένη,
1581 1226 1731 1296 παρά

130 1316 200 1368 δὲ
226 1316 336 1368 τῶν
377 1315 689 1368 ἀποστόλων
741 1318 835 1369 xui.
868 1315 976 1367 τῶν
1001 1314 1223 1367 ἐκείνων
1261 1316 1518 1387 μαθητῶν
1552 1334 1730 1388 παρα-

134 1408 389 1461 λαϐοῦσα
416 1408 513 1478 τὴν
541 1409 619 1470 είς
648 1407 745 1461 ἕνα
784 1408 916 1461 Θεὸν
958 1409 1177 1479 Πατέρα
1200 1409 1615 1480 παντοκράτορα
1640 1410 1728 1463 τὸν

132 1497 487 1569 πεποιηκότα
525 1497 614 1549 τὸν
667 1496 893 1568 οὐρανὸν
948 1497 1040 1549 καὶ
1084 1496 1182 1567 τὴν
1214 1496 1339 1565 γῆν,
1377 1496 1469 1548 καὶ
1509 1496 1607 1557 τὰς
1635 1494 1729 1548 Ou-

130 1589 373 1653 λάσσας,
408 1589 503 1641 καὶ
536 1587 712 1641 πάντα
740 1587 812 1639 τά
842 1588 899 1639 ὲν
926 1588 1128 1651 αὐτοῖς,
1166 1589 1369 1653 πίστιν,
1403 1588 1496 1640 xui.
1524 1590 1603 1650 είς
1632 1587 1727 1641 ἕνα

130 1680 379 1750 Χριστὸν
426 1677 633 1749 Ἰησοῦν
666 1678 754 1731 τὸν
797 1677 928 1730 Υίὸν
964 1677 1058 1731 τοῦ
1088 1677 1221 1731 Θεοῦ
1250 1678 1339 1730 τὸν
1375 1678 1727 1748 σαρκωθέντα

128 1771 285 1841 ὑπὲρ
313 1770 414 1839 τῆς
437 1768 710 1840 ἡμετέρας
742 1768 1036 1838 σωτηρίας,
1081 1768 1175 1821 καὶ
1219 1769 1298 1831 είς
1326 1767 1545 1838 Πνεῦμα
1571 1768 1724 1837 ἀγιον

124 1863 199 1915 τὸ
226 1863 318 1915 διὰ
347 1863 455 1915 τῶν
485 1859 781 1931 προφητῶν
810 1860 1113 1931 κεκηρυχὸς
1138 1860 1238 1923 τὰς
1270 1860 1599 1930 οἰκονομίας,
1628 1863 1723 1914 xui.

122 1955 237 2018 τὰς
270 1954 528 2017 ὲλεύσεις,
561 1954 656 2006 καὶ
693 1953 793 2023 τὴν
819 1953 884 2005 ἐκ
916 1952 1185 2023 παρθένου
1222 1952 1496 2023 γέννησιν,
1538 1953 1631 2007 καὶ
1662 1952 1722 2005 τὸ

124 2046 334 2113 πάθος,
360 2048 454 2099 καὶ
478 2046 575 2115 τὴν
602 2044 819 2114 ἔγερσιν
853 2046 916 2096 ὲκ
939 2042 1169 2114 νεκρῶν,
1207 2045 1301 2097 xui.
1332 2044 1430 2115 τὴν
1457 2043 1721 2115 ἕνσαρκον

122 2139 215 2201 εἰς
236 2139 365 2199 τοὺς
391 2136 650 2208 οὐρανοὺς
681 2134 943 2204 ἀνάληψιν
973 2133 1068 2186 τοῦ
1099 2135 1458 2205 ἠγαπημένοι)
1483 2133 1719 2205 Χριστοῦ

134 2228 325 2299 Ἰησοῦ
348 2228 441 2281 τοῦ
482 2228 684 2299 Κυρίου
714 2226 892 2297 ἡμῶν,
919 2225 1014 2279 καὶ
1046 2226 1142 2295 τὴν
1165 2229 1229 2279 ὲκ
1248 2228 1355 2279 τῶν
1387 2226 1631 2297 οὐρανῶν
1663 2227 1721 2281 ὲν

116 2330 194 2396 τῇ
222 2326 353 2395 δόξῃ
385 2323 476 2377 τοῦ
512 2323 722 2393 Πατρός
755 2324 1057 2393 παρουσίαν
1092 2321 1278 2383 αὐτοῦ,
1314 2322 1485 2374 anno
1518 2323 1718 2375 ἀνακε-

116 2417 548 2489 φαλαιώσασθαι
570 2417 637 2469 τά
674 2417 869 2479 πάντα,
897 2416 991 2470 καὶ
1013 2415 1312 2484 ἀναστῆσαι
1342 2416 1505 2468 πᾶσιν
1541 2416 1719 2485 σάρκα

114 2512 318 2581 πάσης
350 2508 788 2579 ἀνθρωπότητος,
832 2508 917 2560 ἵνα
962 2507 1184 2579 Χριστῷ
1214 2505 1389 2578 Ἰησοῦ
1420 2506 1495 2577 τῷ
1530 2508 1720 2578 Κυρίῳ

111 2604 316 2676 ἡμῶν,
345 2605 438 2657 καὶ
457 2602 575 2672 Θεῷ
599 2604 690 2655 xui.
720 2602 931 2672 Σωτῆρι
960 2601 1053 2654 xui.
1084 2600 1293 2670 βασιλεῖ
1328 2600 1469 2654 κατά
1507 2601 1605 2671 τὴν
1630 2602 1720 2653 εὑ⁸

112 2698 319 2751 δοκίαν
379 2694 470 2747 τοῦ
524 2695 735 2764 Πατρδς
773 2693 864 2747 τοῦ
896 2695 1128 2765 ἀοράτου
1170 2691 1292 2746 πᾶν
1326 2694 1473 2761 γόνυ
1509 2691 1716 2761 κάμψῃ

111 2788 525 2854 ἐποιφανίων,
561 2786 658 2837 καὶ
696 2786 995 2855 ἐπιγείων,
1023 2784 1122 2837 καὶ
1160 2785 1591 2851 καταχθονίων,
1619 2786 1715 2837 καὶ

112 2880 303 2935 πᾶσα
334 2877 587 2943 γλῶσσα
636 2875 1152 2946 ἐξομολογήσηται
1184 2874 1366 2940 αὐτῷ,
1416 2877 1509 2928 καὶ
1536 2876 1717 2945 κρίσιν

110 2972 343 3025 δικαίαν
376 2973 433 3023 ὲν
465 2973 576 3033 τοῖς
610 2971 743 3022 πᾶσι
783 2970 1107 3039 ποιήσηται·
1146 2968 1214 3021 τά
1244 2968 1340 3037 μὲν
1370 2969 1715 3037 πνευματικά

111 3064 215 3132 τῆς
244 3062 537 3133 πονηρίας,
567 3062 659 3115 xui.
687 3061 947 3129 ἀγγέλους
976 3062 1101 3123 τοὺς
1126 3058 1599 3129 παραϐεϐηκότας,
1621 3061 1715 3114 xui.

111 3158 172 3207 ἐν
197 3155 515 3225 ἀποστασία
543 3154 857 3222 γεγονότας,
909 3153 1002 3206 καὶ
1038 3152 1163 3215 τοὺς
1195 3152 1433 3216 ἀσεϐεῖς,
1470 3153 1563 3205 xui.
1597 3152 1713 3205 ἀδί-

110 3265 275 3309 κους,
313 3247 409 3299 καὶ
456 3246 709 3316 ἀνόμους,
762 3245 856 3298 xui.
888 3244 1241 3315 βλασφήμους
1268 3244 1375 3297 τῶν
1412 3243 1714 3315 ἀνθρώπων

108 3340 195 3401 είς
217 3339 286 3391 τὸ
314 3339 530 3390 αἰώνιον
553 3336 664 3406 πῦρ
682 3335 871 3407 πέμψῃ
897 3352 910 3366 ·
930 3339 1041 3399 τοῖς
1065 3336 1121 3387 δὲ
1147 3335 1393 3399 δικαίοις,
1414 3338 1507 3388 xui.
1524 3337 1711 3400 ὁσίοις,

109 3432 213 3483 xui.
241 3430 345 3493 τὰς
382 3429 601 3491 ὲντολάς
632 3425 795 3480 αὑτοῦ
838 3429 1190 3499 τετηρηκόσι,
1220 3430 1315 3483 xui.
1340 3430 1395 3480 ἐν
1427 3430 1493 3497 τῇ
1526 3428 1711 3499 ἀγάπῃ

108 3518 292 3573 αὑτοῦ
341 3518 771 3589 διαμεμενηκόσι
826 3520 939 3579 τοῖς
990 3517 1084 3570 ἀπ’
1135 3519 1332 3589 ἀρχῆς,
1382 3520 1493 3581 τοῖς
1532 3518 1589 3570 δὲ
1650 3521 1713 3571 ἐκ

111 3610 420 3679 μετανοίας
434 3610 454 3640 ³
474 3609 617 3674 ζωὴν
642 3608 1028 3679 χαρισάμενος,
1055 3608 1364 3680 ἀφθαρσίαν
1378 3609 1523 3680 δωρή
1534 3626 1711 3681 σηται,

108 3702 398 3766 καὶδόξαν
433 3700 657 3755 αἰωνίαν
690 3703 1044 3773 περιποιήσῃ.

182 3879 318 3931 AA'.
355 3875 529 3930 Τοῦτο
553 3875 614 3929 τὸ
654 3877 915 3948 κήρυγμα
954 3876 1346 3947 παρειληφυῖα,
1386 3877 1480 3929 xui.
1510 3876 1712 3947 ταύτην

105 3969 212 4040 τὴν
262 3968 472 4033 πίστιν,
506 3968 581 4031 ὡς
626 3968 964 4040 προέφαμεν,
1000 3970 1032 4039 ὴ
1073 3968 1386 4037 Ἐκκλησία,
1416 3968 1619 4040 καίπερ
1653 3969 1711 4021 ὲν

103 4062 221 4132 ὅλῳ
238 4060 323 4131 τῷ
356 4060 547 4131 κόσμῳ
571 4060 965 4130 διεσπαρμένη,
1010 4060 1288 4129 ἐπιμελῶς
1316 4061 1600 4130 φυλάσσει,
1635 4061 1711 4124 ὡς

101 4153 206 4206 ἕνα
246 4148 405 4227 οἶκον
429 4151 674 4206 οἰκοῦσα·
722 4153 815 4205 xui.
856 4151 1058 4221 ὁμοίως
1091 4152 1334 4205 πιστεύει
1381 4154 1608 4215 τούτοις,
1636 4152 1711 4216 ὡς

103 4245 244 4315 μίαν
266 4244 454 4315 ψυχὴν
479 4246 572 4297 καὶ
602 4245 702 4315 τὴν
723 4243 888 4315 αὐτὴν
927 4244 1126 4313 ἔχουσα
1160 4244 1406 4317 καρδίαν·
1444 4244 1538 4297 xui.
1574 4261 1710 4314 συμ-

101 4338 311 4406 φώνως
334 4336 512 4389 ταῦτα
538 4336 825 4408 κηρύσσει,
867 4337 961 4388 καὶ
984 4335 1245 4399 διδάσκει,
1281 4336 1375 4389 xui.
1406 4335 1711 4405 παραδίδω-

100 4447 216 4495 σιν,
278 4430 371 4493 ib;
413 4429 470 4481 ἒν
526 4430 698 4501 στόμα
728 4431 1060 4500 κεκτημένη.
1096 4430 1204 4481 Kui.
1234 4429 1341 4499 γάρ
1371 4431 1426 4481 αἱ
1450 4428 1591 4482 κατά
1617 4428 1706 4481 τὸν
1739 4462 1782 4516 D

100 4522 321 4590 κόσμον
349 4520 621 4573 διάλεκτοι
650 4522 890 4591 ἀνόμοιοι
910 4539 923 4551 ο
948 4520 1060 4574 ἀλλ’
1093 4522 1125 4590 η
1150 4520 1378 4591 δύναμις
1400 4521 1497 4590 τῆς
1524 4538 1703 4591 παρα-

98 4616 315 4677 δόσεως
368 4614 469 4683 μία
498 4614 593 4666 καὶ
632 4614 665 4683 ή
709 4615 845 4684 αὐτή
874 4630 886 4642 ⁸
924 4614 1019 4667 καὶ
1044 4613 1165 4666 οὔτε
1201 4617 1255 4667 αί
1292 4616 1347 4667 ὲν
1380 4614 1707 4684 Γερμανίαις

97 4704 407 4777 ἱδρυμέναι
447 4704 758 4774 Ἐκκλησίαι
793 4705 967 4768 ἄλλως
994 4705 1503 4775 πεπιστεύκασιν,ῆ
1533 4705 1707 4769 ἄλλως

99 4796 529 4867 παραδιδόασιν,
578 4794 701 4849 οὔτε
753 4800 810 4850 ὲν
859 4800 977 4861 ταῖς
1009 4796 1283 4868 Ἰϐερίαις,
1312 4796 1435 4850 οὕτε
1469 4799 1526 4850 ἐν
1566 4797 1706 4850 Κελ-

98 4893 238 4953 τοῖς,
270 4887 402 4942 οὔτε
433 4888 573 4942 κατά
591 4888 688 4953 τάς
711 4889 995 4955 ἀνατολάς,
1026 4890 1151 4944 οὔτε
1182 4890 1551 4961 ένἈίγύπτῳ,
1582 4888 1707 4942 οὔτε

98 4987 151 5035 ὲν
186 4980 406 5051 Λιϐύῃ,
436 4979 559 5032 οὔτε
589 4982 643 5033 ut
668 4982 809 5035 κατά
847 4981 988 5052 μέσα
1009 4982 1102 5035 τοῦ
1145 4984 1350 5052 κόσμου
1381 4982 1700 5053 ἱδρυμέναι·

96 5072 217 5127 ἀλλ’
255 5069 455 5141 ὥσπερ
479 5071 676 5139 όῆλιος
716 5072 778 5125 τὸ
804 5072 1009 5142 κτίσμα
1046 5073 1139 5126 τοῦ
1183 5074 1320 5126 Θεοῦ
1370 5076 1428 5126 ἐν
1477 5073 1582 5144 ὅλῳ
1626 5072 1704 5143 τῷ

90 5169 306 5237 κόσμῳ
337 5158 420 5228 εἷς
485 5164 581 5217 xui.
608 5166 636 5216 ὁ
684 5165 847 5228 αὑτός
873 5180 885 5193 ·
934 5165 1077 5218 οὕτω
1106 5166 1200 5218 καὶ
1233 5166 1293 5217 τὸ
1324 5166 1583 5236 κήρυγμα
1606 5166 1704 5236 τῆς

88 5256 377 5329 ἀληθείας
394 5258 642 5325 πανταχῆ
667 5256 865 5325 φαίνει,
895 5257 990 5309 xui.
1003 5255 1227 5325 φωτίζει
1255 5256 1463 5319 πάντας
1490 5251 1705 5325 ἀνθρὼ-

83 5367 240 5413 πους
294 5348 430 5410 τοὺς
469 5346 827 5418 βουλομένους
863 5350 943 5411 εἰς
991 5349 1286 5417 ἐπίγνωσιν
1317 5347 1575 5420 ἀληθείας
1616 5348 1703 5400 έλ-

162 5511 179 5540 ¹
214 5506 355 5561 For.
398 5520 691 5578 επενεγκῃ.
769 5509 787 5539 ²
816 5505 942 5563 For.
977 5507 1069 5561 τοῦ
1094 5508 1149 5562 δὲ
1184 5506 1376 5578 μύθου.

82 5635 219 5690 cap.
286 5616 383 5690 18_.
434 5614 546 5673 Nos
595 5609 777 5675 autem
828 5619 973 5674 aliud
1014 5634 1138 5676 esse
1183 5623 1286 5676 hoc
1323 5619 1539 5690 quidem
1577 5619 1696 5673 loco

81 5687 565 5757 suspicabamur,
601 5704 799 5757 nempe
828 5690 1115 5749 exordium
1149 5687 1367 5749 fabulai.
1406 5689 1525 5749 Non
1556 5690 1699 5748 enim

1840 496 1955 550 fore
1982 495 2258 559 duximus,
2298 496 2343 550 si
2375 494 2440 547 ad
2486 493 2701 548 illorum
2740 492 3141 545 confutandum
3176 506 3415 546 crroren'

1836 586 2041 657 aliquid
2094 587 2509 653 subjiceremus.
2544 581 2650 638 Sed
2686 582 2837 651 prius
2886 593 3067 636 tamen
3123 583 3412 637 ostenden-

1834 679 1963 733 dum
1998 678 2129 733 illud
2166 690 2267 743 est,
2307 677 2506 747 quibus
2552 677 2607 730 in
2638 677 2802 731 rebus
2833 674 3028 728 fabula:
3065 674 3214 729 illius
3238 684 3407 727 aucto
3488 737 3495 742 _

1836 785 1924 826 res
1953 786 1983 823 a
2018 786 2075 825 se
2110 770 2347 823 invicem
2389 768 2712 831 dissideant,
2741 780 2879 836 quos
2908 764 3108 819 diversi
3144 764 3291 818 velut
3320 761 3413 815 fal-
3438 759 3451 774 '
3492 770 3501 794 ι

1835 863 2011 917 sitatis
2043 862 2269 932 spiritus
2308 859 2615 915 contrarias
2655 859 2708 912 in
2754 866 2936 928 partes
2971 856 3267 925 abripiunt.
3305 852 3413 908 Hoc

1833 954 1975 1008 enim
2005 969 2069 1008 ex
2097 954 2275 1022 capite
2313 951 2395 1006 vel
2443 952 2576 1005 citra
2611 950 2983 1020 probationem
3016 948 3181 1002 ullam
3224 944 3408 1000 certis-

1836 1044 1972 1100 sime
2004 1044 2297 1109 constabit,
2332 1058 2453 1098 cum
2480 1042 2708 1097 solidam
2746 1055 2809 1095 ac
2839 1039 3089 1094 stabilem
3125 1052 3246 1093 esse
3275 1036 3409 1091 veri-

1832 1144 1996 1191 tatem
2038 1136 2207 1199 illam,
2242 1149 2405 1204 quam
2454 1132 2697 1189 Ecclesia
2730 1132 3009 1203 praedicat,
3057 1139 3169 1184 tum
3203 1129 3412 1185 adulte-

1833 1229 2007 1282 rinam
2037 1242 2101 1281 ac
2126 1225 2442 1281 mendacem
2471 1225 2687 1279 illorum
2725 1239 2846 1279 esse
2874 1222 3200 1278 doctrinam.
3235 1220 3400 1291 Siqui-

1831 1318 1953 1374 dem
1990 1317 2235 1373 Ecclesia
2298 1325 2413 1371 toto
2445 1316 2573 1370 licet
2627 1316 2760 1370 orbe
2816 1315 2885 1369 ad
2929 1322 3200 1370 extremos
3243 1331 3411 1385 usque

1832 1420 2103 1464 terrarum
2158 1408 2361 1463 limites
2412 1407 2685 1477 dispersa,
2725 1423 2848 1463 cum
2907 1406 2974 1460 ab
3021 1407 3282 1476 apostolis
3320 1422 3409 1461 eo-

1830 1516 2061 1571 rumque
2090 1500 2377 1570 discipulis
2436 1498 2594 1553 tidem
2645 1498 2917 1568 acceperit
2958 1499 3010 1552 in
3048 1515 3216 1552 unum
3248 1486 3410 1553 Deum

1828 1588 2046 1649 Patrem
2094 1593 2548 1664 omnipotentem,
2601 1593 2696 1662 qui
2744 1592 2967 1655 emtum,
3003 1598 3316 1661 terramque
3349 1606 3409 1645 at

1830 1685 2023 1749 maria,
2085 1700 2209 1739 cum
2270 1685 2541 1739 universis
2605 1699 2723 1753 quae
2780 1685 2833 1737 in
2878 1683 2985 1737 illis
3020 1683 3409 1752 comprehensa

1830 1787 1975 1843 sunt,
2014 1776 2298 1842 condidit;
2329 1786 2383 1830 et
2428 1776 2482 1829 in
2517 1791 2681 1830 unum
2718 1774 2903 1829 Jesum
2940 1773 3136 1827 Filium
3174 1776 3290 1839 Dei,
3322 1777 3409 1845 qui

1830 1887 1929 1941 pro
1964 1880 2151 1927 nostra
2182 1870 2359 1925 salute
2380 1884 2601 1923 carnem
2635 1867 2841 1932 induit;
2876 1868 3108 1937 atquein
3150 1867 3408 1937 Spiritum

1830 1972 2106 2028 sanctum,
2157 1962 2250 2032 qui
2282 1976 2498 2015 omnem
2563 1960 2711 2013 illam
2771 1960 2934 2015 unice
2982 1958 3166 2013 dilecti
3209 1958 3408 2014 Christi

1826 2054 1954 2110 Jesu
1988 2052 2203 2106 Domini
2234 2051 2408 2106 nostri
2433 2049 2990 2113 administrationem,
3020 2055 3073 2103 et
3094 2047 3409 2116 adventum,

1826 2156 2115 2215 ortumque
2156 2142 2223 2199 de
2258 2142 2483 2213 Virgine
2515 2157 2609 2213 per
2643 2142 2938 2212 prophetas
2986 2141 3409 2210 praenuntiavit;

1826 2253 2040 2293 necnon
2075 2243 2128 2291 et
2170 2234 2578 2305 perpessionem
2609 2248 2672 2288 ac
2708 2232 3207 2297 resurrectionem,
3270 2241 3324 2287 et
3359 2233 3409 2286 in

1826 2330 2023 2383 malum
2058 2326 2435 2382 ascensionem
2469 2338 2594 2379 cum
2615 2336 2879 2394 corpore;
2911 2323 3259 2394 futurumque
3281 2324 3409 2377 olim

1826 2420 2067 2475 indidem
2119 2428 2344 2488 paterna
2385 2432 2509 2471 cum
2558 2417 2845 2486 majestate
2875 2418 3221 2484 descensum,
3263 2427 3319 2473 ut
3356 2419 3408 2472 in

1826 2527 2095 2567 summam
2124 2511 2272 2565 velut
2311 2510 2564 2565 universa
2612 2510 2922 2575 contrahat,
2954 2518 3006 2566 et
3038 2512 3283 2567 omnium
3321 2514 3391 2568 ho

1825 2602 2031 2655 inimum
2061 2614 2292 2672 corpora
2326 2608 2546 2656 revocet
2570 2602 2635 2654 ad
2672 2602 2876 2663 vitam;
2906 2611 3069 2672 atque
3102 2612 3160 2657 ut
3192 2604 3408 2659 Christo

1823 2693 1953 2749 Jesu
1985 2692 2214 2747 Domino
2246 2700 2435 2748 nostro
2464 2707 2527 2747 ac
2559 2692 2670 2748 Deo
2700 2702 2755 2748 et
2785 2692 3055 2750 Salvatori
3090 2693 3315 2767 regique
3343 2698 3408 2753 de

1822 2786 1971 2840 illius
2004 2784 2096 2854 qui
2128 2783 2301 2838 videri
2335 2799 2442 2838 non
2474 2792 2674 2854 potest,
2707 2786 2993 2840 voluntate
3023 2787 3223 2853 Patris,
3252 2806 3406 2843 omne

1823 2874 1982 2943 202
2030 2890 2161 2943 genu
2208 2873 2453 2941 ﬂectatur
2493 2874 2813 2941 caelestium,
2865 2879 3193 2930 terrestrium
3250 2888 3297 2931 et
3326 2880 3407 2933 in-

1824 2966 2116 3033 fernarum,
2147 2972 2195 3018 et
2233 2965 2402 3017 omnis
2436 2965 2608 3032 ipsum
2647 2966 2827 3035 lingua
2858 2969 3174 3037 conﬁteatur
3204 2970 3262 3037 ⁸;
3300 2970 3406 3024 uti-

1822 3069 1927 3124 que
1961 3061 2170 3109 rectum
2204 3054 2257 3106 iu
2299 3068 2490 3108 omnes
2520 3053 2793 3122 judicium
2840 3066 3116 3122 exerceat,
3151 3073 3215 3112 ac
3246 3058 3406 3128 spiri-

1818 3146 1946 3199 talia
1993 3144 2269 3213 nequitiaz,
2307 3144 2409 3197 hoc
2463 3153 2550 3198 est
2582 3144 2893 3200 desertores
2940 3147 3163 3217 angelos
3225 3163 3289 3203 ac
3322 3164 3405 3204 re-

1817 3234 2008 3301 belles,
2043 3245 2096 3290 et
2130 3235 2326 3305 impios
2349 3250 2560 3299 omnes,
2592 3252 2655 3291 ac
2692 3238 3010 3303 sceleratos,
3047 3249 3099 3295 et
3132 3239 3405 3296 facinoro-

1818 3342 1931 3390 sos,
1971 3341 2033 3380 ac
2065 3327 2496 3382 contumeliosos
2522 3326 2575 3380 in
2615 3327 2784 3381 Deum
2828 3328 3079 3385 homines
3110 3332 3403 3402 sempiter-

1817 3421 1903 3473 nis
1950 3418 2184 3472 ﬂammis
2231 3418 2476 3484 addicat;
2509 3419 2679 3487 justis
2715 3435 2867 3483 vero,
2925 3423 3266 3493 sanctisque,
3298 3425 3394 3494 qui

1818 3511 2074 3566 mandata
2130 3525 2230 3566 sua
2279 3510 2571 3580 diligenter
2621 3511 3055 3577 observaverint,
3104 3525 3156 3568 et
3195 3515 3249 3569 in
3282 3515 3403 3584 ejus

1816 3601 2084 3658 charitate
2134 3602 2247 3657 sive
2292 3602 2407 3671 jam
2451 3600 2575 3657 inde
2623 3602 2692 3657 ab
2722 3603 2899 3667 initio,
2935 3604 3050 3660 sive
3084 3607 3403 3677 postpoeni-

1814 3695 2041 3750 tentiam
2076 3695 2584 3764 perseveraverint,
2622 3695 2789 3749 vitam
2827 3697 3403 3770 immortalitatemque

1816 3787 2102 3857 largiatur,
2155 3794 2320 3856 atque
2363 3793 2623 3841 aeternam
2674 3788 2782 3843 illis
2814 3788 3045 3860 gloriam
3096 3791 3395 3862 impertiat.

1885 3876 2077 3931 XXXI.
2109 3877 2243 3932 Cum
2274 3877 2440 3947 igitur
2471 3877 2721 3934 Ecclesia
2763 3880 3068 3935 doctrinam
3103 3885 3397 3953 ejusmodi,

1816 3965 2107 4036 ﬁdemque,
2176 3967 2255 4020 uti
2305 3966 2567 4033 diximus,
2624 3969 2917 4038 acceperit,
2971 3985 3088 4024 eam
3137 3973 3220 4027 vel
3267 3974 3401 4029 orbe

1814 4064 1930 4112 toto
1965 4055 2164 4112 ditTusa
2200 4056 2448 4113 studiose
2490 4065 2800 4123 conservat,
2835 4061 2992 4130 quasi
3027 4060 3083 4115 in
3125 4077 3229 4116 una
3262 4079 3397 4133 qua-

1815 4152 1939 4207 dam
1972 4152 2136 4205 domo
2162 4152 2440 4216 habitans,
2481 4168 2546 4207 ac
2584 4153 2837 4208 similiter
2870 4153 3126 4209 omnibus
3157 4156 3266 4212 illis
3306 4171 3399 4213 aee

1815 4245 2071 4308 sentitur,
2103 4254 2359 4316 tanquam
2383 4247 2565 4300 anima
2585 4262 2713 4313 una,
2746 4247 3047 4317 eodemque
3074 4248 3239 4304 corde
3260 4258 3396 4319 prte-

1815 4337 1963 4403 dita;
1994 4337 2293 4407 eademque
2332 4338 2769 4394 concordissime
2801 4339 2901 4407 sic,
2939 4340 3096 4409 quasi
3124 4356 3292 4394 unum
3331 4358 3394 4398 os

1814 4429 2032 4492 habeat,
2065 4430 2221 4484 docet
2245 4445 2308 4484 ac
2324 4430 2604 4499 praedicat.
2633 4429 2843 4484 Etenim
2876 4431 3092 4486 tametsi
3108 4431 3393 4487 hominum

1813 4522 2011 4591 lingua:
2030 4521 2139 4576 sint
2154 4522 2469 4586 dissimiles,
2494 4522 2681 4577 eadem
2699 4530 2878 4577 tamen
2902 4521 3113 4577 traditm
3132 4523 3393 4579 doctrinae

1804 4612 1889 4667 vis
1917 4620 1999 4667 est
2031 4612 2234 4681 ubique
2268 4630 2281 4663 :
2310 4628 2489 4682 neque
2531 4622 2624 4666 aut
2664 4612 2978 4667 constitutae
3004 4612 3060 4666 in
3099 4612 3392 4669 Germania

1806 4702 2063 4759 Ecclesiae
2116 4702 2347 4757 credunt
2396 4703 2573 4769 aliter,
2620 4717 2684 4756 ac
2728 4718 2858 4757 suos
2902 4702 3231 4772 perdocent;
3294 4712 3389 4759 aut

1807 4811 1926 4865 quae
1954 4794 2303 4865 inHispaniis
2330 4809 2394 4849 ac
2422 4794 2633 4860 Galliis,
2658 4805 2751 4849 aut
2774 4795 2841 4849 ad
2880 4793 3178 4860 Orientem,
3213 4803 3306 4849 aut
3334 4796 3390 4852 in

1808 4886 2065 4958 IEgypto,
2130 4887 2216 4941 vel
2249 4886 2443 4958 Lybia,
2501 4886 2749 4942 mediove
2796 4888 2930 4943 orbe
2970 4888 3244 4943 stabilitaa.
3281 4887 3390 4944 Sed

1808 4978 2272 5049 quemadmodum
2304 4979 2386 5035 sol
2422 4978 2829 5034 nobilissimum
2873 4978 2967 5035 Dei
2992 4994 3130 5049 Opus
3164 4996 3305 5035 unus
3334 4981 3387 5035 in

1804 5078 1918 5126 toto
1965 5070 2172 5125 mundo
2228 5079 2392 5141 atque
2443 5068 2583 5125 idem
2626 5077 2711 5126 est
2752 5086 3002 5142 semper;
3039 5072 3119 5127 sic
3148 5073 3387 5130 veritatis

1803 5164 2116 5234 praedicatio
2140 5163 2340 5233 ubique
2384 5170 2656 5217 terrarum
2694 5162 2966 5219 illucescit
3018 5178 3082 5218 ac
3131 5166 3386 5221 mortales

1803 5272 1992 5311 omnes
2020 5256 2277 5318 illustrat,
2308 5254 2399 5325 qui
2434 5255 2653 5325 quidem
2701 5255 2849 5311 illius
2878 5255 2946 5311 ad
2980 5256 3230 5312 notitiam
3268 5274 3381 5328 per-

1804 5347 1989 5402 venire
2021 5345 2313 5401 voluerint.
2335 5344 2485 5401 Adeo
2519 5353 2576 5401 ut
2612 5362 2787 5417 neque
2818 5347 2865 5403 is
2904 5348 2996 5418 qui
3025 5348 3166 5404 inter
3204 5347 3385 5406 Eccle-

1457 5506 1476 5537 ³
1512 5505 1638 5560 For.
1670 5506 1784 5570 τοῖς
1815 5504 1928 5576 μέν.
2012 5505 2034 5536 ⁸
2064 5503 2297 5575 Philipp.
2332 5521 2389 5575 ιι,
2425 5505 2511 5572 10,
2548 5506 2633 5561 Η.

1804 5616 2275 5743 (ιειάὶπολυτρώσει
2306 5622 2397 5675 illa
2429 5619 2811 5676 hzereticorum
2840 5619 3073 5676 aliorum
3108 5617 3275 5674 verba
3304 5617 3378 5672 fa-

1811 5706 1860 5743 Ct
1952 5704 2182 5743 renaeus.

1811 5704 1887 5745 Cll
1926 5704 2182 5745 tremens.
