3772 6188
358 189 463 244 535
1754 188 1811 244 S.
1857 188 1936 244 LP

2068 187 2199 245 ΑΝιί
3522 179 3625 236 535

360 309 567 364 siarum
624 308 902 366 antistites
935 307 1154 365 dicendi
1189 307 1448 365 facultate
1492 308 1678 378 pollet,
1722 309 1792 363 ab
1827 309 1936 365 illis

2068 313 2174 366 εἴν.
2213 310 2325 365 Καὶ
2375 308 2498 365 οὔτε
2527 313 2556 365 6
2597 309 2738 364 πάνυ
2762 308 2984 372 δυνατὸς
3009 308 3068 363 ἐν
3103 307 3247 378 λόγῳ
3269 304 3382 358 τῶν
3408 306 3468 358 ὲν
3505 309 3626 365 rei;

359 401 575 456 diversa
611 402 948 472 proﬁteatur.
979 399 1148 456 Nemo
1181 402 1326 457 enim
1357 409 1441 457 est
1472 408 1803 470 praeceptore
1830 416 1933 456 suo

2068 404 2390 475 Εκκλησίαις
2418 407 2776 476 προεστώτων
2824 402 2988 472 ἕτερα
3022 400 3229 454 τούτων
3262 400 3382 472 ἐρεῖ
3403 414 3416 427 ·
3448 397 3626 460 0665i;

362 494 630 563 superior.
659 492 848 564 Neque
879 496 974 565 qui
1004 493 1186 548 infans
1213 501 1297 548 est
1324 500 1378 547 et
1406 492 1704 548 indisertus
1726 490 1797 548 de
1825 500 1935 546 tra—

2068 501 2151 572 ’ἀρ
2178 501 2317 572 ὑπὲρ
2347 500 2436 554 τὸν
2467 499 2787 554 διδάσκαλον
2807 516 2820 530 ο
2853 496 2973 551 οὔτε
2998 500 3026 551 ὁ
3050 497 3281 568 ἀσθενὴς
3301 497 3360 548 ὲν
3377 493 3459 562 τῷ
3480 493 3626 560 λόγῳ

361 581 473 635 dita
519 582 623 636 sibi
663 583 951 653 disciplina
989 583 1285 653 quidquam
1335 581 1624 638 diminuat.
1658 580 1932 647 Quoniam

2068 591 2330 646 λαττώσει
2377 591 2478 661 τὴν
2511 590 2808 660 παράδοσιν
2833 606 2847 620 ο
2888 590 3017 659 μιᾶς
3044 586 3155 657 γὰρ
3183 585 3280 639 καὶ
3320 585 3422 654 τῆς
3455 583 3625 651 αὐτῆς

360 674 504 728 enim
536 689 640 727 una
668 682 751 728 est
784 675 1080 744 eademque
1116 675 1284 739 ﬁdes;
1316 690 1492 743 neque
1520 672 1614 744 qui
1653 671 1720 727 de
1751 688 1815 728 ea
1849 687 1936 727 co-

2068 687 2276 749 ιίστεως
2320 684 2505 755 οὔσης,
2535 682 2658 737 οὗτε
2701 684 2730 736 6
2768 681 2901 735 πολὺ
2947 681 3074 750 περὶ
3115 678 3288 748 αὐτῆς
3325 675 3626 745 δυνάμενος

361 765 513 832 piose
545 773 724 833 potest
748 765 930 820 dicere
961 766 1083 836 plus
1121 765 1325 836 aliquid
1358 764 1588 828 obtinet,
1621 779 1797 833 neque
1831 763 1936 818 mi-

2076 782 2217 833 ἱπεῖν
2259 777 2606 841 ἐπλεόνασεν,
2655 773 2777 829 οὔτε
2815 776 2844 826 6
2874 773 2934 826 τὸ
2956 772 3134 840 ὀλίγον
3158 769 3517 838 ἠλαττόνησε.
3555 765 3624 817 Τδ

361 871 485 918 nus,
518 857 608 926 qui
641 873 813 926 pauca
840 858 1102 912 duntaxat
1134 858 1315 928 eloqui
1347 865 1541 928 potest.
1566 855 1722 923 Quod
1754 862 1936 911 autem

2068 870 2099 922 ἑὲ
2140 869 2321 923 πλεῖον
2353 869 2386 940 ἢ
2421 867 2639 921 ἔλαττον
2669 863 2813 919 κατὰ
2858 863 3074 917 σύνεσιν
3104 860 3301 914 εἰδέναι
3331 858 3490 921 τινας
3526 857 3621 910 οὐκ

361 950 484 1018 plus
501 949 748 1005 minusve
781 952 1026 1006 nonnulli
1056 952 1417 1023 intelligentia
1457 967 1520 1005 ac
1550 951 1778 1006 scientia
1808 965 1941 1005 con-

363 1049 682 1111 sequantur,
735 1044 870 1098 nihil
917 1044 1020 1098 hoc
1070 1045 1137 1098 ad
1187 1041 1584 1098 immutandam
1631 1041 1938 1096 doctrinam

291 1133 296 1139 ’
363 1135 597 1204 pertinet
628 1151 640 1184 :
676 1151 853 1205 neque
882 1137 1088 1192 idcirco
1115 1136 1282 1191 Deum
1321 1136 1486 1189 alium
1517 1143 1713 1205 praeter
1746 1134 1939 1188 condi-

363 1233 534 1280 torem
549 1225 881 1295 excogitant,
899 1234 1060 1296 atque
1078 1227 1240 1296 hujus
1256 1224 1632 1279 universitatis
1651 1223 1937 1286 artiﬁcem,

361 1328 414 1373 ct
437 1319 684 1380 altorem.
713 1317 872 1386 quasi
912 1319 1136 1373 minime
1185 1319 1294 1374 sint
1324 1317 1498 1373 altero
1528 1315 1622 1371 illo
1653 1315 1896 1371 contenti
1924 1331 1940 1382 ;

363 1425 540 1479 neque
569 1424 733 1480 porro
763 1407 1114 1481 Unigenitum
1145 1409 1335 1465 alium.
1898 1458 1908 1467 .

433 1501 536 1555 Sed
563 1500 618 1554 in
648 1500 699 1554 id
729 1499 994 1555 duntaxat
1036 1501 1254 1555 illorum
1297 1497 1855 1562 elaboratindustria,
1885 1505 1945 1552 ut

2042 965 2101 1016 ἐν
2148 961 2225 1034 τῷ
2280 962 2379 1032 τὴν
2434 958 2690 1013 ὑπόθεσιν
2741 955 2908 1027 αὐτὴν
2940 953 3229 1008 ἀλλάσσειν
3257 952 3491 1020 γίνεται.
3531 951 3621 1002 καὶ

2037 1053 2199 1116 ⁴ἄλλον
2257 1052 2388 1105 Θεὸν
2429 1050 2778 1119 παρεπινοεῖν
2809 1046 2960 1118 παρὰ
2999 1045 3091 1097 τὸν
3134 1041 3489 1113 δημιουργὸν,
3531 1039 3620 1091 καὶ

2042 1147 2292 1218 ποιητὴν,
2321 1144 2413 1198 καὶ
2437 1142 2641 1215 τροφέα
2667 1141 2821 1195 τοῦδε
2851 1139 2944 1193 τοῦ
2966 1137 3185 1200 παντὸς,
3210 1136 3286 1198 ὼς
3315 1133 3392 1204 μὴ
3422 1134 3620 1203 ἀρκου-

2046 1240 2239 1310 μένους
2292 1236 2515 1300 τούτους
2538 1233 2642 1305 ⁸λῆ
2677 1233 2834 1287 ἄλλον
2877 1229 3134 1304 Χριστὸν,
3169 1228 3203 1282 ᾖ
3250 1225 3410 1280 ἄλλον
3456 1225 3619 1278 Μονο-

2041 1330 2193 1400 γενῆ.

2113 1507 2272 1562 Ἀλλὰ
2300 1508 2358 1562 ἐν
2382 1506 2462 1578 τῷ
2509 1505 2578 1560 τὰ
2608 1505 2707 1558 ὅσα
2736 1505 2794 1558 ἐν
2823 1499 3162 1574 παραϐολαῖς
3205 1498 3425 1568 εἴρηται
3453 1509 3615 1564 προσ-

360 1608 483 1663 qua:
502 1592 849 1664 aenigmatum
881 1593 1208 1664 quibusdam
1235 1594 1534 1648 involucris
1556 1593 1770 1648 obtecta
1795 1596 1936 1658 sunt,

2068 1597 2463 1669 ιπεργάζεσθαι,
2489 1598 2582 1650 καὶ
2613 1594 2846 1650 οίκειοῦν
2862 1597 2926 1664 τῇ
2959 1593 3058 1661 τῆς
3077 1591 3314 1650 πίστεως
3344 1584 3614 1638 ὑποθέσει·

361 1663 669 1756 exspoliant
699 1695 861 1757 atque
881 1663 1247 1757 explicent,et
1280 1686 1347 1741 ad
1377 1685 1685 1742 communis
1713 1683 1834 1738 ﬁdei
1861 1683 1936 1736 in-

2068 1663 2228 1745 ιαἰἐν
2259 1689 2336 1761 τῷ
2369 1691 2468 1761 τήν
2523 1706 2582 1742 τε
2631 1686 3010 1760 πραγματείαν
3042 1683 3136 1736 καὶ
3174 1678 3488 1748 οἰκονομίαν
3529 1675 3617 1728 τοῦ

363 1778 612 1833 stitutum
639 1777 1087 1843 accommodent;
1118 1779 1232 1833 sive
1259 1786 1318 1832 ut
1346 1777 1504 1847 203
1541 1775 1782 1830 divinum
1808 1772 1940 1827 illud

361 1871 419 1925 in
449 1870 734 1925 hominum
791 1871 967 1926 salute
998 1870 1342 1940 procuranda
1379 1869 1679 1940 negotium,
1708 1865 1944 1922 admini-

365 1964 797 2034 strationcmque
847 1979 1065 2018 omnem
1095 1972 1402 2033 exponant;
1445 1962 1609 2031 idque
1650 1961 1829 2032 ipsum
1852 1960 1944 2014 de-

365 2053 596 2118 clarent,
620 2053 890 2124 quomodo
941 2051 1089 2106 illam
1124 2051 1404 2106 rebellium
1451 2051 1743 2123 spirituum
1793 2049 1944 2106 defe-

365 2145 602 2200 ctionem
668 2145 1064 2214 hominumque
1121 2144 1522 2198 contumaciam
1553 2141 1695 2199 Deus
1735 2143 1944 2212 patien-

365 2237 578 2292 tissime
608 2236 792 2291 tulerit
823 2253 838 2300 ;
872 2234 1003 2305 quid
1042 2250 1223 2290 causae
1258 2236 1352 2301 sit,
1384 2246 1485 2290 cur
1520 2250 1664 2290 unus
1693 2233 1946 2304 idemque

368 2325 513 2382 Deus
567 2327 672 2380 alia
735 2325 1106 2396 temporaria,
1170 2326 1276 2379 alia
1332 2325 1665 2395 sempiterna
1717 2324 1940 2380 fecerit:

369 2417 606 2488 itemque
659 2418 902 2473 caelestia
945 2417 1215 2486 quaedam,
1271 2417 1376 2470 alia
1430 2427 1691 2482 terrena;
1729 2430 1827 2470 cur
1852 2415 1945 2484 qui

367 2509 544 2564 oculis
587 2509 758 2579 aspici
811 2508 1023 2578 nequit,
1056 2508 1337 2579 prophetis
1367 2523 1476 2562 non
1514 2522 1620 2561 una
1653 2506 1834 2576 specie
1862 2505 1945 2560 vi-

368 2601 597 2656 sendum
625 2616 684 2654 se
713 2601 1026 2671 praebuerit,
1045 2599 1138 2654 sed
1167 2601 1288 2655 aliis
1320 2600 1427 2655 alio
1453 2599 1612 2653 modo
1642 2613 1762 2668 quae
1787 2597 1948 2652 vellet

367 2692 773 2766 signiﬁcaverit.
801 2692 912 2747 Cur
943 2690 1291 2747 Testamenta
1315 2692 1469 2760 plura
1501 2691 1609 2746 sint
1632 2687 1946 2744 hominibus

365 2783 608 2847 condita,
650 2797 837 2852 quaeve
883 2781 1172 2850 utriusque
1222 2787 1366 2835 nota:
1420 2795 1484 2834 ac
1511 2778 1730 2848 propria
1778 2777 1945 2832 veluti

371 2877 696 2930 lineamenta
719 2875 849 2929 sint.
873 2870 940 2926 Ut
970 2871 1102 2926 illud
1121 2871 1283 2926 etiam
1318 2870 1622 2940 inquirant,
1641 2885 1737 2923 cur
1764 2867 1947 2923 omnia

2043 1780 2178 1834 Θεοῦ
2207 1780 2302 1851 τὴν
2325 1779 2416 1833 ἐπὶ
2435 1781 2500 1849 τῇ
2529 1773 3210 1849 άνθρωπότητιγινομένην
3230 1767 3618 1837 ἐκδιηγεῖσθαι,

2044 1874 2140 1927 καί
2165 1873 2246 1926 ὅτι
2285 1870 2742 1944 ἐμακροθύμησεν
2779 1871 2807 1922 6
2840 1868 2969 1932 Θεὸς
3003 1865 3094 1918 ἐπί
3122 1882 3182 1917 τε
3215 1866 3283 1934 τῇ
3306 1861 3418 1915 τῶν
3447 1876 3619 1930 παρα-

2045 1964 2358 2036 ϐεϐηκότων
2397 1963 2646 2033 ἀγγέλων
2672 1959 2999 2029 ἀποστασία,
3029 1957 3125 2012 καὶ
3155 1958 3247 2009 ἐπὶ
3274 1958 3340 2025 τῇ
3368 1955 3622 2025 παρακοῇ

2043 2057 2153 2112 τῶν
2207 2054 2508 2128 ἀνθρώπων
2537 2053 2852 2126 σαφηνίζειν
2871 2069 2882 2081 ·
2912 2050 3009 2104 κα)⁵
3038 2048 3125 2102 διὰ
3145 2047 3198 2101 τί
3227 2046 3295 2100 τὰ
3325 2045 3429 2116 μὲν
3457 2045 3619 2114 πρόιτε

2048 2167 2236 2222 καιρα,
2267 2149 2336 2202 τὰ
2373 2148 2430 2201 δὲ
2471 2146 2680 2210 αἰώνια,
2718 2145 2813 2198 καὶ
2838 2143 2907 2197 τὰ
2942 2142 3039 2213 μὲν
3071 2139 3320 2210 οὐράνια,
3352 2137 3450 2190 καὶ
3471 2136 3544 2187 τά
3570 2134 3622 2186 δὲ

2047 2243 2263 2313 ἐπίγεια
2285 2235 2364 2304 εἷς
2391 2242 2486 2295 καὶ¹
2509 2243 2537 2294 6
2564 2239 2724 2302 αὐτὸς
2745 2237 2876 2300 Θεὸς
2899 2233 3216 2304 πεποίηκεν,
3234 2227 3620 2297 ἀπαγγέλλειν

2046 2337 2142 2392 καὶ
2166 2336 2256 2390 διά
2282 2335 2334 2388 τί
2368 2335 2598 2405 ἀόρατος
2627 2331 2700 2384 ὢν
2735 2331 2906 2399 ἐφάνη
2939 2331 3052 2390 τοῖς
3073 2325 3380 2396 προφήταις
3408 2323 3438 2373 6
3467 2319 3620 2382 Θεὸς.

2044 2428 2144 2480 οὐκ
2176 2425 2360 2496 ἐν’μιᾷ
2391 2423 2520 2494 ἰδέᾳ,
2545 2421 2678 2476 ἀλλὰ
2703 2419 2876 2482 ἄλλως
2924 2416 3122 2479 ἄλλοις,
3150 2416 3374 2468 συνιεῖν⁶
3405 2413 3501 2464 καὶ
3541 2409 3623 2461 διὰ

2045 2519 2098 2576 τί
2129 2518 2392 2589 Διαθῆκαι
2430 2515 2647 2577 πλείους
2685 2513 2937 2581 γεγόνασι
2980 2513 3048 2580 τῇ
3087 2507 3487 2578 ἀνθρωπότητι,
3533 2522 3605 2573 μη

2046 2609 2214 2670 νύειν,
2259 2608 2354 2662 καὶ
2385 2605 2469 2669 τίς
2517 2603 2754 2672 ἑκάστης
2781 2600 2889 2654 τῶν
2935 2595 3218 2668 Διαθηκῶν
3246 2598 3276 2648 6
3317 2591 3620 2665 χαρακτὴρ,

2046 2701 2318 2755 διδάσκειν
2336 2715 2350 2732 ·
2388 2697 2486 2752 καὶ
2508 2695 2596 2750 διὰ
2621 2695 2672 2747 τί
2701 2693 3010 2748 συνέκλεισε
3035 2690 3212 2744 πάντα
3238 2691 3319 2751 είς
3341 2686 3622 2740 ἀπείθειαν.

2047 2794 2076 2846 6
2100 2791 2252 2856 Θεὸς,
2282 2789 2370 2842 ἵνα
2416 2788 2543 2850 τοῦς
2590 2785 2798 2848 πάντας
2824 2783 3043 2853 ἐλεήσῃ,
3071 2779 3382 2852 ἐξερευνᾷν,
3411 2778 3508 2828 καὶ
3544 2775 3623 2827 διὰ

2047 2883 2101 2936 τί
2128 2883 2157 2936 6
2203 2881 2376 2949 Λόγος
2406 2879 2501 2934 τοῦ
2534 2877 2670 2932 Θεοῦ
2719 2875 2853 2948 σὰρξ
2892 2875 3126 2942 ἐγένετο,
3157 2872 3252 2925 καὶ
3280 2867 3507 2929 ἔπαθεν,
3540 2867 3622 2918 εὖ·

371 2967 514 3023 Deus
582 2965 958 3037 perduellione
1009 2962 1366 3024 concluserit,
1399 2968 1460 3015 ut
1501 2960 1746 3014 omnium
1783 2958 1936 3014 mise‘

2068 2973 2352 3043 (αριστεῖψ
2414 2969 2506 3024 καὶ
2555 2968 2646 3021 διὰ
2677 2967 2731 3020 τί
2784 2967 2869 3018 ἐπ’
2919 2965 3162 3034 ἐσχάτων
3199 2960 3306 3012 τῶν
3349 2955 3557 3027 καιρῶν
3595 2959 3624 3023 ἡ

371 3059 476 3114 reri
504 3066 710 3130 posset;
735 3065 899 3128 atque
928 3057 998 3111 ob
1041 3055 1094 3109 id
1130 3055 1354 3123 insuper
1368 3053 1572 3124 gratias
1594 3058 1776 3122 agant,
1806 3049 1958 3120 quod

377 3147 610 3203 Verbum
636 3145 729 3202 Dei
761 3161 890 3201 caro
917 3143 1140 3207 factum,
1164 3158 1227 3197 ac
1259 3141 1531 3211 supplicio
1555 3147 1639 3195 est
1661 3138 1913 3194 allectum
1936 3157 1948 3192 :

374 3239 504 3293 illud
543 3239 707 3293 etiam
732 3237 1060 3301 edisseram,
1084 3251 1184 3289 cur
1208 3235 1260 3288 in
1291 3242 1535 3288 extrema
1567 3239 1810 3301 tempora
1830 3229 1953 3283 Filii

374 3332 468 3388 Dei
533 3331 799 3386 adventus
829 3329 1107 3391 inciderit,
1142 3328 1246 3381 hoc
1297 3333 1381 3381 est
1426 3339 1525 3380 cur
1554 3324 1800 3378 omnium
1833 3337 1954 3378 sese

376 3422 709 3492 Principium
761 3422 816 3476 in
876 3421 984 3476 ﬁne
1041 3419 1366 3491 prodiderit.
1409 3417 1489 3473 Ad
1517 3416 1631 3472 hate
1665 3417 1732 3472 de
1762 3414 1952 3470 mundi

375 3515 542 3579 exitu,
575 3513 881 3583 futurisque
905 3512 1071 3568 rebus
1108 3527 1446 3582 quaecunque
1477 3509 1650 3565 sacris
1673 3509 1952 3578 reperiun-

377 3616 468 3662 tur
499 3608 551 3661 in
577 3606 1106 3674 Libris,excutiant;
1135 3623 1234 3662 nec
1269 3605 1404 3661 illud
1439 3611 1677 3668 taceant,
1705 3619 1806 3657 cur
1858 3604 1954 3659 de-

377 3704 608 3767 sperata:
632 3697 782 3767 prius
797 3703 988 3768 gentes
1017 3698 1070 3751 in
1103 3697 1244 3753 idem
1276 3712 1399 3750 cum
1429 3697 1636 3751 sanctis
1656 3687 1754 3765 'jus
1784 3694 1955 3750 [iacre-

376 3785 587 3848 ditatis,
611 3801 673 3840 ac
699 3787 868 3842 veluti
899 3801 1103 3857 corpus
1128 3793 1182 3842 et
1203 3787 1520 3842 societatem
1554 3801 1583 3839 a
1611 3783 1723 3840 Deo
1754 3783 1956 3839 fuerint

378 3880 582 3932 ascitre.
618 3877 721 3944 Qui
761 3877 877 3932 ﬁeri
913 3879 1108 3946 possit,
1145 3886 1205 3931 ut
1237 3877 1485 3932 mortalis
1517 3877 1621 3931 ista
1657 3875 1956 3930 caruncula

380 3971 844 4025 immortalitatem
875 3979 929 4024 et
962 3970 1376 4040 incorruptibile
1428 3969 1532 4024 hoc
1585 3968 1955 4038 incorruptio-

379 4080 498 4119 nem
524 4063 716 4117 induat
746 4081 760 4129 ;
795 4070 888 4116 aut
919 4061 1380 4131 quemadruodum
1411 4062 1661 4116 dicturus
1683 4061 1792 4116 sit:
1831 4059 1957 4114 Non

377 4155 598 4224 populus
631 4153 855 4222 populus
885 4155 1009 4219 erit,
1049 4164 1100 4208 et
1136 4170 1238 4208 non
1272 4153 1488 4217 dilecta,
1514 4153 1706 4206 dilecta
1741 4155 1781 4220 ¹;
1821 4168 1958 4222 quo-

380 4249 542 4302 modo
570 4247 748 4318 plures
766 4245 1006 4312 desertae,
1035 4263 1192 4316 quam
1219 4247 1388 4299 virum
1410 4245 1645 4300 habentis
1661 4245 1764 4298 sint
1787 4245 1889 4314 lilii
1913 4248 1953 4300 ².

2055 3061 2326 3134 παρουσία
2353 3059 2447 3114 τοῦ
2476 3058 2606 3112 Υίοῦ
2640 3057 2734 3111 τοῦ
2777 3055 2932 3119 Θεοῦ,
2964 3054 3240 3108 τουτέστιν
3269 3055 3327 3106 ἐν
3359 3051 3439 3120 τῷ
3463 3050 3623 3108 τέλει,

2055 3154 2224 3224 ἐφάνη
2254 3155 2286 3223 ἡ
2309 3151 2508 3223 ἀρχὴ⁸,
2526 3148 2886 3218 ἀπαγγέλλειν
2905 3163 2920 3176 ·
2935 3147 3028 3200 καὶ
3055 3163 3121 3198 πε
3131 3144 3183 3216 ρὶ
3205 3143 3300 3196 τοῦ
3328 3143 3518 3204 τέλους
3541 3141 3627 3192 καὶ

2054 3245 2161 3298 τῶν
2194 3242 2515 3315 μελλόντων,
2537 3242 2635 3294 ὅσα
2669 3257 2726 3291 τε
2760 3241 2936 3291 κεῖται
2966 3238 3022 3289 ἐν
3055 3236 3175 3298 ταῖς
3206 3234 3471 3303 Γραφαίς,
3506 3233 3624 3284 ἀνα-

2055 3335 2316 3388 πτύσσειν
2342 3349 2356 3362 ’
2385 3331 2480 3385 καὶ
2509 3331 2562 3383 τί
2590 3331 2671 3382 ὅτι
2697 3329 2764 3382 τὰ
2794 3325 3192 3395 ἀπεγνωσμένα
3228 3323 3356 3393 ἔθνη
3394 3319 3620 3388 συγκλη-

2060 3426 2262 3500 ρονόμα
2291 3425 2385 3480 καὶ
2412 3423 2692 3493 σύσσωρα,
2725 3420 2820 3475 καὶ
2860 3417 3174 3490 συμμέτοχα
3201 3415 3310 3468 τῶν
3335 3415 3509 3482 ἁγίων
3540 3429 3624 3464 πε-

2057 3518 2284 3590 ποίηκεν
2308 3519 2336 3570 ό
2360 3516 2512 3590 Θεὸς,
2543 3514 2618 3586 μὴ
2649 3515 2860 3584 σιωπᾷν
2877 3529 2889 3543 ’
2922 3511 3015 3565 καὶ
3036 3509 3150 3572 πῶς
3172 3508 3230 3562 τὸ
3260 3507 3456 3576 θνητὸν
3475 3505 3626 3558 τοῦτο

2059 3588 2280 3683 σαρκίον
2302 3588 2579 3664 ἐνδύσεται
2611 3607 2930 3669 ἀθανασίαν,
2953 3604 3047 3659 καὶ
3075 3602 3134 3656 τὸ
3160 3600 3400 3672 φθαρτὸν
3424 3599 3624 3668 ἀφθαρ-

2059 3703 2196 3766 σίαν,
2226 3701 2586 3770 διαγγέλλεινο
2606 3699 2722 3762 πῶς
2755 3715 2814 3750 τε
2836 3698 2970 3767 ἐρεῖ,
3003 3696 3053 3748 '0
3081 3691 3503 3757 οὑλαὸςλαὸς,
3535 3689 3622 3741 καὶ

2056 3793 2096 3860 ἡ
2124 3794 2235 3846 οὐκ
2256 3789 2609 3866 ἠγαπημένη
2649 3786 3005 3858 ἠγαπημένη
3025 3802 3039 3815 υ
3071 3785 3165 3838 καὶ
3217 3784 3336 3845 πῶς
3383 3782 3623 3834 πλείοτή

2057 3882 2169 3951 τῆς
2217 3881 2439 3950 ἐρήμου
2465 3882 2536 3935 τὰ
2559 3879 2737 3934 τέκνα
2755 3876 2996 3947 μᾶλλον
3032 3875 3070 3942 ἢ
3118 3873 3228 3941 τῆς
3243 3875 3512 3942 ἐχούσης
3533 3871 3623 3922 τόν

2060 3975 2264 4042 ἄνδρα,
2285 3992 2356 4043 κη
2365 3973 2602 4045 ρύσσειν.
2621 3971 2744 4025 Ἐπὶ
2761 3969 2962 4024 τούτων
2980 3969 3089 4040 γὰρ
3101 3967 3194 4020 καὶ
3206 3967 3300 4019 ἐπὶ
3317 3964 3423 4017 τῶν
3437 3967 3464 4017 6
3472 3964 3623 4032 μαίων

2059 4068 2242 4132 αὐτοῖς
2282 4067 2577 4136 ἐπεϐόησεν
2613 4067 2642 4119 6
2682 4065 3001 4126 Ἀπόστολος
3027 4080 3042 4093 ο
3071 4064 3131 4114 Ὢ
3147 4059 3342 4126 ,βάθος
3370 4058 3622 4111 πλούτου

2061 4160 2156 4213 καί
2187 4159 2407 4229 σοφίας
2436 4158 2533 4212 καί
2573 4158 2847 4228 γνώσεως
2878 4155 3026 4210 Θεοῦ
3044 4156 3064 4209 .'
3095 4156 3176 4220 ὠς
3201 4151 3621 4219 ἀνεξερεύνητο

2061 4252 2132 4306 τὰ
2147 4255 2400 4322 κρίματα
2419 4252 2627 4318 αὑτοῦ,
2671 4252 2772 4305 καί
2813 4249 3262 4318 ἀνεξιχνίαστοι
3296 4248 3355 4298 αἱ
3388 4242 3515 4298 ὁδοί
3535 4243 3605 4293 αὑ

379 4337 512 4392 Nam
558 4340 626 4395 de
683 4339 769 4393 his
809 4352 873 4392 ac
902 4339 1178 4394 similibus
1218 4337 1490 4393 exclamat
1529 4337 1827 4407 Apostolus
1863 4358 1874 4391 :
1913 4337 1936 4393 (

2068 4345 2188 4398 τοῦ.
2225 4342 2386 4398 Ἀλλὰ
2415 4344 2514 4398 οὐκ
2541 4346 2597 4396 ἐν
2619 4342 2695 4413 τῷ
2725 4341 2864 4411 ὑπὲρ
2884 4341 2975 4393 τὸν
3003 4339 3226 4409 κτίστην
3255 4337 3352 4388 καὶ
3373 4337 3618 4404 Δημιουρ-

379 4427 608 4482 altitudo
660 4427 968 4480 divitiarum
1017 4443 1079 4481 ac
1137 4427 1432 4496 sapientiw,
1480 4436 1529 4481 et
1565 4428 1798 4482 scientia:
1828 4427 1960 4480 Dei'

378 4537 535 4588 quam
565 4518 1105 4587 incomprehensibilia
1151 4528 1275 4574 sunt
1312 4519 1524 4588 judicia
1565 4519 1704 4589 ejus,
1747 4531 1795 4574 et
1819 4521 1960 4575 inve-

380 4611 646 4681 stigabiles
675 4613 770 4666 vice
797 4611 910 4681 ejus
943 4611 994 4665 ’ί
1032 4610 1150 4666 Non
1165 4605 1237 4666 ‘id
1271 4620 1450 4667 autem
1490 4619 1676 4682 agunt,
1707 4622 1768 4668 ut
1793 4629 1958 4685 supra

379 4703 695 4759 Creatorem
745 4719 810 4758 ac
839 4705 1213 4769 Conditorem,
1243 4704 1440 4760 borum
1472 4704 1720 4772 Matrem,
1749 4722 1811 4761 ac
1836 4706 1957 4777 vagi

385 4793 579 4850 rEonis
605 4795 1170 4866 Cogitationem-male
1207 4798 1720 4862 comminiscantur,
1756 4814 1819 4854 ac
1851 4807 1959 4852 tam

384 4885 652 4955 insignem
690 4885 799 4940 Deo
851 4888 1238 4942 contumeliam
1276 4886 1512 4954 faciant;
1556 4903 1736 4959 neque
1765 4897 1822 4943 ut
1849 4889 1965 4945 Ple-

384 4991 536 5029 roma
576 4977 762 5031 nescio
788 4977 932 5046 quod
971 4978 1062 5032 illa
1098 4979 1353 5050 superius
1385 4979 1548 5035 modo
1569 4995 1676 5034 xxx
1697 4979 1964 5035 duntaxat

384 5069 653 5126 Aionibus
699 5070 981 5135 deﬁniant,
1023 5071 1186 5126 modo
1215 5071 1484 5126 inﬁnitam
1526 5070 1745 5124 illorum
1783 5073 1960 5125 natio.

2063 4437 2158 4505 γὸν
2189 4437 2416 4509 Μητέρα
2442 4437 2646 4490 τούτων
2680 4436 2723 4499 ⁵,
2754 4436 2850 4488 καὶ
2877 4431 3040 4487 αὐτοῦ
3067 4429 3403 4498 Ἐνθύμησιν
3442 4424 3620 4482 Αἱῶνος

2065 4528 2482 4600 πεπλανημένου
2529 4529 2904 4600 παρεπινοεῖν,
2958 4525 3052 4578 καὶ
3081 4523 3161 4585 είς
3208 4518 3465 4573 τοσοῦτον
3488 4519 3621 4586 ἥκω

2067 4617 2417 4689 βλασφημίας
2439 4633 2454 4650 ⁸
2482 4617 2603 4672 ούδέ
2632 4618 2693 4671 τὸ
2740 4617 2880 4688 ὑπὲρ
2911 4615 3113 4684 ταύτην
3149 4611 3314 4666 πάλιν
3347 4608 3610 4678 Πλήρωμα

2062 4707 2123 4760 τὸ
2165 4708 2262 4778 μὲν
2298 4708 2394 4761 ἕνα
2443 4708 2486 4772 ⁷,
2532 4706 2626 4760 νῦν
2659 4706 2717 4759 δὲ
2751 4703 3054 4776 ἀνήριθμον
3079 4699 3243 4770 φῦλον
3280 4697 3500 4750 Αἱώνων
3527 4695 3617 4744 ἐπι-

2062 4799 2373 4868 ψεύδεσθαι,
2408 4797 2588 4858 καθὼς
2643 4797 2893 4866 λέγουσιν
2937 4789 3082 4848 οὗτοι
3113 4792 3164 4844 οί
3213 4787 3433 4858 άληθῶς
3454 4786 3610 4856 ἐρημο

2064 4891 2213 4955 θείας
2259 4890 2530 4953 συνέσεως
2572 4887 2916 4950 διδάσκαλοι,
2963 4885 3061 4954 τῆς
3107 4881 3279 4951 οὔσης
3321 4874 3616 4943 Ἐκκλησξας

2065 4982 2248 5053 πάσης
2275 4982 2403 5053 μίαν
2439 4981 2535 5036 καὶ
2559 4979 2656 5051 τὴν
2693 4978 2863 5049 αὐτὴν
2885 4977 3068 5031 πίστιν
3102 4972 3336 5043 ἐχούσης
3364 4970 3446 5032 εἰς
3470 4964 3616 5019 πάντα

2064 5074 2156 5127 τὸν
2183 5074 2406 5145 κόσμον,
2435 5071 2616 5136 καθὼς
2647 5070 2986 5142 προέφαμεν.

387 5183 508 5222 ιιι-ιη
543 5167 902 5232 constituant,
939 5175 998 5221 ut
1023 5168 1225 5237 egregii
1275 5169 1353 5222 illi
1387 5167 1638 5239 magistri
1683 5183 1748 5222 ac
1772 5167 1956 5224 divina
1996 5171 2158 5241 plane
2190 5171 2417 5228 scientia
2446 5169 2692 5226 destituti
2716 5168 2928 5223 faciunt
2964 5181 2977 5218 :
3022 5179 3146 5219 cum
3180 5175 3292 5216 una
3347 5153 3610 5220 eademqm

387 5259 478 5323 sit,
515 5268 568 5312 ιιι
610 5259 873 5322 diximus,
909 5265 1026 5312 toto
1060 5250 1193 5314 orbe
1209 5273 1479 5326 germanae
1515 5258 1774 5314 Ecclesiae
1809 5257 1960 5314 ﬁdes.

457 5348 672 5404 XXXII.
735 5349 848 5419 Age
909 5365 1039 5404 vero
1088 5349 1369 5405 videamus
1420 5350 1585 5404 modo
1637 5339 1957 5420 quanta'sit

471 5524 634 5582 Ὀφ.
670 5543 710 5588 ι,
745 5525 832 5582 10.
912 5528 932 5558 ²
962 5525 1068 5580 lsa.
1111 5541 1221 5588 ιιν,
1255 5524 1305 5578 l.

393 5601 488 5652 καὶ
519 5597 716 5650 αὐτῶν.
791 5598 810 5626 "
849 5595 974 5653 For.
1009 5596 1130 5650 τότε
1166 5596 1261 5666 μὲν
1283 5597 1596 5666 τριάκοντα.

1383 5527 1403 5599 ἒ
1437 5525 1595 5578 Rom.
1626 5542 1703 5592 ιι,
1729 5526 1819 5583 55.
1898 5526 1918 5558 ⁸
1955 5525 2080 5582 For.
2105 5524 2302 5599 τούτῳ.

2135 5349 2260 5403 AB’.
2297 5349 2526 5418 Ἵδωμεν
2557 5347 2652 5401 νῦν
2684 5345 2779 5400 καὶ
2803 5345 2903 5415 τὴν
2935 5343 3139 5396 τούτοιν
3167 5340 3398 5395 ἄστατον
3420 5333 3611 5404 γνώμη

2378 5527 2398 5560 ⁵
2439 5525 2578 5582 lrcn.
2613 5525 2705 5579 καὶ
2739 5523 2838 5578 οὐκ
2871 5522 2928 5576 ἐν
2957 5520 3122 5594 ἀρχῇ.
3203 5517 3223 5550 ⁸
3254 5515 3390 5572 lrcn.
3420 5509 3598 5565 τούτου
