3772 6188
83 281 173 339 537

807 275 1176 334 ADVERSUS
1214 265 1558 338 amassss
1595 283 1728 344 LIB.
1764 284 1807 342 1.
1847 284 2012 342 TOM.
2054 283 2206 340 u.—
2247 280 2525 338 amans.
2557 279 2752 336 xxxr.

3213 275 3320 334 538

82 399 164 453 δύο
187 413 286 451 που
299 395 396 449 καὶ
424 392 588 466 τριῶν
617 393 809 455 ὄντων.
836 394 953 468 πῶς
987 396 1116 466 περὶ
1145 396 1256 450 τῶν
1279 399 1458 453 αὐτῶν
1484 401 1545 454 οὐ
1577 401 1644 455 τὰ

1829 419 1983 459 orum
2012 404 2098 459 vel
2151 401 2320 458 trium
2355 401 2583 456 istorum
2623 397 3015 476 inconstantia,
3056 402 3220 465 atque
3251 395 3322 449 de

83 487 208 541 αὐτὰ
235 484 506 554 λέγουσιν,
531 482 665 538 ἀλλὰ
691 484 804 547 τοῖς
825 484 1113 555 πράγμασι
1138 487 1234 540 καὶ
1254 491 1364 552 τοῖς
1387 489 1643 562 ὀνόμασιν

82 578 285 633 ἐναντία
326 575 740 645 ἀποφαίνονται.
781 577 840 630 '0
894 577 991 647 μὲν
1020 575 1130 649 γὰρ
1170 579 1384 650 πρῶτος
1417 582 1526 636 ἀπὸ
1545 585 1644 655 τῆς

81 669 366 739 λεγομένης
410 667 720 735 Γνωστικῆς
751 667 1018 738 αἱρέσεως
1048 669 1142 732 τὰς
1175 670 1348 740 ἀρχὰς
1393 673 1474 736 είς
1514 673 1643 727 ἴδιον

82 761 393 832 χαρακτῆρα
445 759 812 812 διδασκαλείου
844 759 859 788 ί
897 759 1249 831 μεθαρμόσας
1299 762 1644 830 Οὐαλεντῖνος

79 852 238 914 οὕτως
299 850 702 922 ὲξηροιρόρησεν
742 848 875 920 (82),
915 851 1241 922 ὁρισάμενος
1277 847 1417 906 εἶναι
1465 855 1644 909 Δυάδα

79 939 456 1009 ἀνονόμαστον,
503 933 570 1010 ἦς
618 939 678 991 τὸ
712 939 810 1009 μέν
846 956 900 992 τι
949 939 1231 994 καλεῖσθαι
1262 942 1554 1014 Ἀρῤητον,
1584 944 1644 998 τὸ

78 1032 126 1084 δὲ
153 1031 341 1102 Σιγήν.
371 1033 597 1084 Ἔπειτα
630 1032 693 1084 ἐκ
722 1030 925 1102 ταύτης
950 1031 1149 1094 Δυάδος
1179 1033 1441 1107 δευτέραν
1469 1037 1645 1090 Δυάδα

81 1123 494 1196 προϐεϐλῆσθαι,
528 1119 596 1197 ἦς
623 1124 684 1176 τὸ
723 1123 822 1194 μέν
855 1142 906 1176 τι
946 1126 1168 1196 Πατέρα
1197 1126 1472 1199 ὀνομάζει,
1500 1129 1563 1181 τὸ
1589 1129 1645 1182 δὲ

79 1215 373 1287 Ἀλήθειαν.
407 1217 504 1269 Ἐκ
546 1216 602 1269 δὲ
657 1215 755 1286 τῆς
801 1217 1067 1288 Τετράδος
1114 1218 1316 1290 ταύτης
1365 1238 1646 1292 καρποφο-

81 1307 283 1376 ρεῖσθαι
317 1307 488 1376 Λόγον
513 1307 606 1360 καὶ
627 1306 799 1376 Ζωὴν,
827 1307 1145 1378 ’Ἄνθρωπον
1169 1309 1264 1362 καὶ
1295 1311 1642 1382 Ἐκκλησίαν.

77 1397 219 1452 Εἶναί
258 1417 320 1452 τε
354 1399 552 1469 ταύτην
586 1399 842 1467 Ὀγδοάδα
875 1399 1118 1472 πρώτην.
1149 1402 1258 1454 Καὶ
1289 1403 1396 1456 ἀπὸ
1424 1402 1524 1472 μὲν
1551 1403 1644 1456 τοῦ

78 1490 243 1558 Λόγου
269 1490 484 1561 καὶτῆς
517 1490 669 1561 Ζωῆς
696 1491 827 1544 δέκα
866 1491 1123 1562 δυνάμεις
1154 1492 1303 1561 λέγει
1338 1494 1645 1565 προϐεϐλῆ-

78 1585 208 1649 σθαι,
243 1578 428 1650 καθὼς
457 1586 883 1657 ,προειρήκαμεν
909 1572 1069 1640 ’ἀπὸ
1100 1587 1158 1640 δὲ
1195 1587 1288 1640 τοῦ
1331 1587 1643 1658 Ἀνθρώπου

75 1675 161 1727 καὶ
188 1674 296 1744 τῆς
330 1674 657 1747 Ἐκκλησίας
685 1673 911 1740 δώδεκα,
941 1670 1016 1730 ὧν
1047 1677 1174 1747 μίαν
1206 1679 1519 1733 ἀποστᾶσαν
1547 1679 1645 1750 τὴν

74 1765 262 1836 λοιπὴν
294 1765 674 1837 πραγματείαν
700 1767 1049 1837 πεποιῆσθαι.
1077 1769 1278 1839 Ὄρους
1308 1787 1364 1822 τε
1407 1769 1500 1823 δύο
1541 1771 1644 1823 ὐπ-
1676 1753 1718 1806 Β

71 1856 240 1923 ἐθετο,
277 1857 371 1910 ἕνα
403 1857 499 1928 μὲν
556 1859 759 1929 μεταξῦ
803 1858 898 1914 τοῦ
951 1859 1125 1914 Βυθοῦ
1169 1862 1263 1914 καὶ
1315 1861 1410 1915 τοῦ
1454 1861 1643 1917 λοιποῦ

75 1947 460 2018 Πληρώματος,
489 1948 788 2020 διορίζοντα
812 1950 938 2015 τοὺς
980 1953 1268 2022 γεννητοὺς
1297 1953 1510 2016 Αίῶνας
1537 1953 1646 2006 ἀπὸ

68 2037 156 2090 τοῦ
197 2040 500 2109 ἁγεννήτου
553 2040 786 2111 Πατρδς,
834 2041 1018 2111 ἕτερον
1064 2042 1121 2096 δὲ
1168 2043 1262 2096 τὸν
1318 2043 1646 2115 ἀφορίζοντα

71 2130 211 2200 αύτῷ
248 2133 270 2162 ³
298 2130 395 2202 τὴν
449 2131 680 2203 Μητέρα
721 2133 828 2186 ἀπὸ
854 2131 949 2185 τοῦ
985 2132 1378 2205 Πληρώματος.
1413 2133 1521 2188 Καὶ
1551 2135 1644 2188 τὸν

69 2221 303 2292 Χριστὸν
330 2221 386 2275 δὲ
417 2223 517 2276 οὐκ
550 2223 656 2277 ἀπὸ
691 2223 799 2279 τῶν
848 2227 906 2278 ὲν
933 2224 1011 2295 τῷ
1061 2225 1396 2297 Πληρώματι
1435 2227 1644 2282 αἰώνων

70 2311 492 2383 προὸεὸλῆσθαι,
511 2312 644 2365 ἀλλὰ
675 2311 780 2365 ὑπὸ
813 2314 912 2384 τῆς
941 2314 1162 2386 Μητρὸς
1205 2315 1310 2381 ἔξω
1345 2316 1646 2387 γενομένης

67 2402 201 2456 κατὰ
218 2403 327 2474 τὴν
343 2401 567 2474 γνώμην
589 2404 694 2456 τῶν
718 2405 1044 2476 κρειττόνων
1065 2405 1477 2476 ἁποκεκυῆσθαι
1504 2406 1646 2477 μετὰ

69 2497 221 2558 σκιᾶς
256 2511 424 2558 τινος.
463 2495 572 2549 Καὶ
617 2494 776 2548 τοῦτο
807 2496 906 2566 μὲν
953 2495 1046 2550 ἆτε
1094 2499 1299 2570 ἄρρενα
1331 2498 1646 2569 ὑπάρχοντα

63 2585 419 2655 ἀποκόψαντα
445 2587 535 2656 ἀφ’
563 2586 754 2639 ἑαυτοῦ
783 2587 880 2658 τὴν
904 2589 1082 2652 σκιὰν,
1117 2590 1451 2660 ἀναδραμεῖν
1477 2590 1558 2653 είς
1583 2589 1645 2642 τὸ

67 2677 353 2748 Πλήρωμα
379 2695 390 2708 ·
425 2679 526 2750 τὴν
569 2679 626 2732 δὲ
676 2679 906 2750 Μητέρα
932 2681 1348 2750 ὑπολειφθεῖσαν
1387 2681 1524 2752 μετά
1544 2681 1645 2752 τῆς

66 2773 241 2835 σκιᾶς,
263 2771 648 2841 κεκενωμένην
666 2787 726 2823 τε
748 2771 846 2839 τῆς
873 2775 1246 2844 πνευματικῆς
1273 2773 1640 2838 ὑποστάσεως,

62 2864 246 2934 ξάρον
301 2863 414 2916 υἱὸν
465 2866 934 2935 προενέγκασθαι·
977 2866 1071 2920 καὶ
1117 2867 1304 2920 τοῦτον
1365 2862 1504 2919 εἶναι
1552 2865 1645 2919 τὸν

62 2957 432 3028 Δημιουργδν,
459 2957 518 3010 ὃν
546 2958 638 3012 καὶ
669 2959 1083 3032 παντοκράτορα
1121 2959 1270 3028 λέγει
1290 2959 1398 3014 τῶν
1419 2960 1644 3012 ὑποκει-

67 3048 242 3115 μένων
295 3049 334 3101 ³.
388 3049 911 3120 Συμπροϐεὸλῆσθαι
965 3050 1022 3103 δὲ
1049 3049 1198 3120 αὐτῷ
1235 3051 1328 3104 καλ⁵
1379 3049 1645 3122 ἄριιι-τονί⁵

64 3141 304 3208 ἄρχοντα
359 3139 718 3210 ἐδογμάτισεν
746 3141 948 3212 ὁμοίως
980 3144 1091 3204 τοῖς
1131 3142 1529 3213 ῥηθησομένοις
1557 3142 1646 3210 ὑφ’

62 3229 216 3299 ἡμῶν
242 3228 618 3300 ψευδωνύμως
646 3231 990 3294 Γνωστικοῖς,
1029 3232 1140 3284 Καὶ
1164 3231 1255 3284 τὸν
1288 3231 1493 3302 Ἰησοῦν
1519 3229 1649 3283 ποτὲ

63 3323 159 3390 μὶν
178 3322 292 3375 ἀπὸ
312 3324 409 3376 τοῦ
440 3324 791 3387 συσταλέντος
824 3324 932 3376 ἀπὸ
958 3323 1058 3393 τῆς
1077 3325 1298 3396 Μητρὸς
1324 3324 1502 3378 αὐτῶν
1527 3341 1653 3376 συν-

59 3411 428 3481 αναχυθέντος
451 3416 562 3475 τοῖς
588 3413 729 3478 ὅλοις
770 3413 1173 3486 προϐεϐλῆσθαί
1217 3432 1369 3484 φασι,
1405 3414 1652 3468 τουτέστι

58 3501 150 3553 τοῦ
184 3501 431 3572 Θελητοῦ
452 3519 465 3530 ·
518 3504 648 3557 ποτὲ
689 3504 744 3558 δὲ
790 3505 898 3559 ἀπὸ
930 3505 1023 3558 τοῦ
1056 3506 1460 3578 ἀναδραμόντος
1488 3507 1566 3570 είς
1592 3505 1654 3558 τὸ

60 3595 368 3666 Πλὴρωμα,
430 3596 680 3649 τουτέστι
718 3597 814 3650 τοῦ
846 3598 1082 3669 Χριστοῦ
1105 3615 1119 3630 ’
1153 3600 1283 3652 ποτὲ
1311 3599 1368 3652 δὲ
1406 3599 1514 3651 ἀπὸ
1554 3597 1647 3650 τοῦ

72 3685 393 3756 Ἀνθρώπου
425 3688 634 3758 καὶτῆς
675 3689 1020 3761 Ἐκκλησίας.
1041 3690 1146 3745 Kal
1174 3692 1234 3745 τὸ
1261 3690 1483 3760 Πνεῦμα
1504 3689 1560 3743 δὲ
1586 3688 1646 3741 τὸ

58 3776 212 3843 ἅγιον
270 3779 378 3832 ὑπὸ
428 3783 529 3850 τῆς
557 3781 883 3854 Ἐκκλησίας
938 3784 1072 3853 φησὶ
1112 3781 1515 3853 προϐεϐλῆσθαι
1565 3783 1646 3843 είς

1745 493 1937 550 iisdem
1983 507 2094 548 non
2121 491 2311 548 eadem
2357 487 2750 558 pronuntient;
2785 486 2878 542 sed
2907 494 2962 542 et
2995 485 3158 540 rebus
3182 484 3320 554 ipsis

1742 594 1798 642 et
1823 585 2106 642 vocabulis
2150 599 2181 638 a
2211 598 2271 640 se
2319 580 2552 635 invicem
2593 579 2947 636 dissentiant.
2981 576 3198 631 Etenim
3222 579 3318 649 qui

1742 692 1776 734 a
1825 677 2207 734 Gnosticorum
2257 670 2451 727 haeresi
2493 669 2810 740 deprompta
2865 667 3027 738 205
3073 666 3320 736 quaedam

1744 770 1899 826 initia
1925 769 2134 839 primus
2156 761 2450 837 peculiaris
2475 759 2544 815 ad
2575 765 2738 816 secta:
2755 758 2986 814 formam
3015 755 3319 820 transtulit,

1747 859 2070 917 Valentinus
2133 858 2211 913 ita
2257 853 2488 910 deﬁniit.
2542 849 2828 906 Binarium
2859 848 3154 920 quemdam
3201 847 3322 903 sine

1743 951 1966 1008 nomine
2003 947 2310 1012 constituit,
2337 960 2402 1000 ex
2429 943 2663 998 Arrheto
2703 949 2758 998 ct
2790 941 2917 1012 Sige
2953 946 3319 996 constantem.

1745 1044 1829 1099 Ab
1862 1043 1964 1098 hoc
1986 1041 2286 1098 secundum
2326 1043 2685 1108 propagatum
2723 1049 2847 1089 esse
2875 1032 3182 1098 Binarium,
3213 1046 3324 1101 quo

1745 1133 1928 1198 Pater,
1961 1146 2027 1187 ac
2079 1129 2294 1187 Veritas
2321 1127 2654 1184 continetur.
2687 1124 2827 1180 Tum
2864 1139 2934 1180 ex
2968 1123 3324 1194 quaternario

1746 1225 1984 1281 Verbum
2041 1232 2096 1280 et
2143 1222 2346 1289 Vitam,
2403 1220 2711 1286 Hominem,
2755 1217 3172 1286 Ecclesiamque
3195 1232 3324 1287 pro-

1746 1315 1912 1371 diisse
1937 1333 1951 1369 :
1984 1315 2126 1370 hanc
2149 1327 2272 1370 esse
2287 1311 2517 1383 primam
2547 1308 2877 1380 Ogdoadem.
2899 1306 3029 1363 Inde
3051 1323 3118 1362 ex
3146 1306 3326 1363 Verbo

1746 1425 1813 1464 ac
1855 1408 1978 1463 Vita
2041 1408 2229 1462 decem
2291 1403 2619 1476 proﬂuxisse
2669 1402 2923 1468 virtutes,
2974 1416 3111 1472 quas
3166 1409 3324 1456 antea

1746 1499 2056 1556 retulimus.
2079 1498 2160 1552 Ab
2190 1496 2419 1551 Homine
2443 1503 2496 1549 et
2519 1493 2764 1549 Ecclesia
2797 1491 3120 1559 duodecim;
3147 1507 3176 1546 a
3206 1493 3325 1563 qui-

1748 1590 1853 1645 bus
1891 1603 1999 1644 una
2025 1587 2306 1650 deticiens,
2342 1585 2701 1654 ordinemque
2743 1581 3005 1638 deserens
3051 1582 3323 1653 reliquum

1748 1693 1910 1732 omne
1930 1691 2068 1747 opus
2099 1674 2352 1731 absolvit.
2382 1670 2668 1742 Adjecitet
2694 1672 2871 1728 lloros
2885 1671 3060 1727 duos:
3092 1672 3323 1726 alterum

1747 1770 1841 1841 qui
1873 1768 2104 1839 Bythum
2143 1766 2285 1821 inter
2315 1780 2378 1819 ac
2402 1764 2652 1819 Pleroma
2695 1763 2964 1834 reliquum
3015 1763 3325 1828 intercedit,

1746 1868 1800 1917 et
1827 1859 2041 1930 genitos
2101 1857 2307 1912 Eonas
2336 1857 2404 1911 ab
2434 1855 2676 1926 ingenito
2707 1854 2867 1910 Patre
2903 1855 3134 1921 dirimit;
3191 1857 3326 1910 alte-

1744 1967 1867 2008 rum
1913 1949 2006 2020 qui
2070 1948 2296 2002 Matrem
2357 1948 2576 2000 illorum
2609 1961 2638 2000 a
2705 1945 3014 2001 Pleromate
3068 1946 3326 2002 secernit.

1745 2044 2024 2102 Christum
2058 2055 2222 2111 porro
2253 2055 2359 2093 non
2398 2054 2427 2092 a
2449 2038 2770 2094 Pleromatis
2799 2037 3068 2093 IEonibus
3099 2039 3326 2104 editum,

1746 2137 1842 2194 sed
1876 2135 1945 2190 ab
1972 2131 2176 2189 extorri
2206 2128 2376 2185 Matre
2394 2145 2460 2184 ex
2495 2129 2780 2184 meliorum
2808 2128 3182 2184 recordatione
3206 2143 3330 2184 cum

1745 2227 1979 2298 quadam
2004 2225 2193 2279 umbra
2225 2229 2594 2294 procreatum.
2621 2220 3014 2291 Eumdemque,
3043 2236 3168 2275 cum
3187 2233 3332 2275 esset

1746 2317 2046 2378 masculus,
2082 2315 2294 2384 ahjccta
2321 2330 2350 2369 a
2373 2319 2545 2370 semet
2571 2313 2762 2367 umbra
2783 2312 2850 2366 ad
2874 2310 3125 2367 Pleroma
3155 2327 3336 2367 recur-

1745 2407 1914 2472 risse;
1951 2405 2176 2460 Matrem
2222 2419 2351 2460 vero
2383 2419 2507 2458 cum
2541 2403 2735 2458 umbra
2773 2403 3041 2468 relictam,
3075 2418 3139 2458 ac
3169 2404 3334 2474 spiri-

1745 2500 1839 2553 tali
1865 2497 2174 2553 substantia
2204 2497 2552 2560 cxhaustam,
2585 2495 2749 2548 alium
2787 2509 3108 2564 procreasse
3137 2495 3330 2560 lilium,

1744 2587 1996 2642 videlicet
2039 2585 2414 2649 Conditorem,
2458 2584 2544 2639 cui
2596 2583 2652 2638 in
2705 2584 2912 2649 omnia,
2954 2599 3077 2654 qua:
3112 2584 3333 2653 quidem

1745 2679 1848 2750 ipsi
1863 2677 2103 2747 subjecta
2127 2687 2275 2740 sunt,
2289 2677 2624 2732 dominatum
2642 2690 2706 2731 ac
2727 2682 3044 2746 potestatem
3064 2676 3332 2731 tribuunt.

1746 2771 1880 2827 Cum
1911 2771 2014 2825 hoc
2044 2780 2098 2824 et
2126 2769 2292 2823 alium
2316 2771 2639 2840 productum
2669 2785 2793 2826 esse
2815 2770 3105 2846 sinistrunt
3133 2769 3335 2839 princi-

1747 2878 1867 2933 pem
1893 2863 2192 2918 arbitratus
2213 2868 2298 2917 cst
2317 2877 2332 2913 :
2353 2863 2579 2932 perinde
2611 2869 2670 2916 ut
2687 2861 2932 2916 Gnostici
2956 2863 3056 2928 illi,
3091 2861 3229 2916 falso
3259 2861 3334 2914 ita

1748 2955 1902 3019 dicti,
1933 2955 2001 3010 de
2035 2955 2234 3025 quibus
2262 2959 2451 3023 postea
2481 2953 2746 3009 dicemus.
2781 2953 2966 3008 Jesum
3000 2969 3164 3024 porro
3195 2970 3335 3009 non-

1750 3062 2033 3116 nunquam
2093 3061 2124 3099 a
2175 3044 2401 3098 Theleto
2436 3045 2530 3098 iIIo
2573 3045 2816 3115 genitum
2852 3044 3104 3108 allirmat,
3141 3045 3233 3114 qui
3267 3045 3338 3100 ab

1753 3143 1995 3212 ipsorum
2027 3139 2194 3193 Matre
2217 3144 2557 3200 contractus,
2589 3151 2806 3206 unaque
2831 3151 2953 3190 cum
2970 3134 3339 3191 Universitate

1755 3235 2014 3306 profusus
2049 3242 2164 3298 est;
2220 3230 2496 3286 interdum
2542 3231 2610 3286 ab
2640 3246 2725 3295 eo,
2760 3230 2851 3300 qui
2899 3245 2957 3286 se
2987 3231 3053 3284 ad
3087 3229 3338 3285 Pleroma

1755 3327 2048 3396 receperit,
2106 3323 2317 3379 scilicet
2373 3321 2618 3376 Christo.
2657 3321 2808 3376 Alias
2846 3337 2875 3374 a
2904 3321 3128 3375 Christo
3154 3328 3209 3376 et
3239 3323 3340 3378 Ec-

1759 3415 1944 3470 clesia.
1978 3413 2243 3484 Spiritum
2279 3411 2514 3481 denique
2555 3420 2809 3466 sanctum
2847 3410 2914 3464 ab
2947 3409 3195 3464 Ecclesia
3227 3409 3340 3463 ori-

1758 3507 1935 3576 ginem
1966 3505 2202 3559 traxisse
2235 3510 2408 3573 putat,
2435 3514 2487 3557 et
2521 3503 2587 3556 ad
2633 3500 3030 3558 examinandos
3061 3516 3124 3555 ac
3153 3501 3338 3555 fecun-

1757 3594 1928 3650 ditate
1973 3591 2262 3647 donandos
2315 3589 2525 3646 Aionas
2572 3591 2800 3655 editum,
2842 3606 2965 3646 cum
3005 3592 3062 3646 in
3109 3592 3232 3646 illos
3265 3592 3338 3644 ita

1753 3687 2036 3747 subiisset,
2067 3691 2126 3738 ut
2167 3682 2337 3752 aspici
2381 3683 2532 3737 nullo
2560 3683 2722 3737 modo
2755 3692 2976 3754 posset;
3009 3683 3168 3754 cujus
3202 3683 3339 3739 adeo

1751 3777 1853 3846 ipsi
1881 3775 2144 3832 beneﬁcio
2169 3774 2415 3830 veritatis
2445 3775 2645 3844 stirpes
2667 3778 2957 3844 .cmittunt.

57 3871 352 3942 ἀνάκρισιν
415 3873 505 3926 καὶ
562 3877 938 3948 καρποφορίαν
977 3876 1086 3930 τῶν
1123 3875 1366 3943 Αἰώνων,
1420 3875 1668 3946 ἀοράτως
1730 3873 1808 3934 εἰς
1864 3870 2058 3933 αὐτοὺς
2088 3868 2286 3922 είσιὸνο
2319 3867 2385 3920 δι’
2430 3859 2489 3920 οὗ
2542 3868 2669 3930 τοὺς
2717 3867 2932 3932 Αίῶνας
2973 3869 3341 3940 καρποφορεῖν

54 3968 120 4021 τὰ
155 3967 310 4036 φυτὰ
340 3968 442 4038 τῆς
470 3969 746 4039 ἀληθείας.

55 4084 499 4151 Πεπλήρωται
551 4083 624 4138 τὰ
650 4087 971 4155 Εἱρηναίου
1018 4089 1169 4142 κατὰ
1213 4087 1648 4141 Οὑαλεντίνων.

123 4192 255 4249 AI".
284 4196 397 4249 Καὶ
418 4195 591 4249 ταῦτα
614 4199 710 4268 μὲν
735 4199 830 4252 καὶ.
852 4198 918 4252 τὰ
937 4200 1161 4254 τοιαῦτα
1188 4201 1215 4254 ὁ
1247 4217 1478 4272 προειρη
1489 4198 1652 4268 μένος

54 4289 196 4360 ἀνὴρ
222 4288 545 4362 πρεσϐύτης
595 4292 902 4362 Εἰρηναῖος,
927 4295 954 4346 ὁ
979 4293 1120 4346 κατὰ
1165 4294 1344 4347 πάντα
1371 4294 1434 4345 ὲκ
1480 4290 1650 4345 Πνεύ-

1937 4066 2208 4123 "actenus
2237 4065 2262 4120 1
2273 4083 2476 4122 remeas
2505 4075 2690 4122 contra
2742 4067 3163 4125 Valentinianos.

1829 4185 2067 4242 XXXIII.
2104 4184 2228 4240 Haec
2251 4193 2418 4255 atque
2449 4184 2534 4240 his
2554 4184 2750 4239 similia
2793 4185 3032 4254 optimus
3063 4186 3152 4242 iIIe
3174 4202 3338 4242 senex

1759 4280 1996 4334 Irenzcus
2039 4279 2266 4333 totidem
2306 4277 2488 4332 verbis
2521 4277 2588 4331 de
2625 4277 2936 4340 vanissimis
2973 4277 3190 4332 illorum
3227 4282 3337 4349 Opi-

55 4395 229 4446 ματος
258 4378 419 4445 ἁγίου
442 4382 878 4452 κεκοσμημένος,
913 4381 988 4445 ὡς
1007 4384 1252 4450 γενναῖος
1276 4381 1514 4454 ἀθλητὴς
1545 4380 1644 4433 ὑπὸ

1829 4371 2015 4426 )nihus
2039 4371 2319 4435 disseruit,
2357 4369 2516 4439 205
2546 4371 2630 4424 vir
2653 4370 2878 4424 omnino
2904 4369 3140 4441 Spiritus
3167 4372 3339 4426 sancti

57 4466 146 4518 τοῦ
200 4467 422 4536 Κυρίου
474 4468 934 4540 προϐεϐλημένος,
994 4473 1088 4524 καὶ
1141 4471 1489 4541 έπαλειφθεὶς
1541 4473 1652 4545 τοῖς

52 4555 412 4626 ἐπουρανίοις
433 4558 734 4628 χαρίσμασι
757 4562 868 4623 τοῖς
895 4560 1034 4613 κατά
1055 4561 1152 4631 τὴν
1184 4561 1441 4632 ἀληθινὴν
1471 4561 1652 4614 πίστιν

54 4648 147 4700 καὶ
170 4647 410 4715 γνῶσιν,
461 4650 876 4713 καταπαλαίσας
907 4668 967 4703 τε
1007 4653 1102 4704 καὶ
1141 4653 1654 4722 καταγωνισάμενος

50 4742 147 4810 τὴν
178 4741 385 4793 πᾶσαν
441 4740 620 4794 αὐτῶν
655 4741 870 4814 ληρώδη
904 4743 1182 4810 ὑπόθεσιν,
1233 4743 1474 4815 διεξῆλθε
1511 4743 1655 4798 κατὰ

50 4833 209 4899 λόγον
233 4833 313 4886 τὰ
345 4831 442 4885 ὑπ’
469 4832 646 4886 αὐτῶν
701 4831 1175 4906 κενοξοωνούμενα.
1244 4836 1545 4908 ’Λκρότατα
1597 4837 1655 4890 δὲ

48 4926 251 4989 αὐτοὺς
270 4927 337 4979 ὲν
365 4924 448 4996 τῷ
469 4925 597 4996 ἑξῆς
618 4926 853 5000 δευτέρῳ
869 4929 1029 4983 αὐτοῦ
1063 4929 1205 5001 λόγῳ
1230 4931 1324 4983 καὶ
1346 4931 1459 4994 τοῖς
1479 4930 1657 4993 ἄλλοις

49 5015 313 5085 διήλεγξε
364 5016 786 5087 περιττοτέρως,
819 5018 1138 5090 βουλόμενός
1191 5037 1308 5082 πως
1345 5021 1436 5074 τὸν
1480 5023 1658 5092 χαμαὶ

46 5107 318 5177 ῥιφέντα,
354 5106 451 5160 καὶ
479 5108 558 5184 είς
576 5104 745 5180 ἧτταν
774 5111 1055 5180 τραπέντα
1089 5111 1271 5184 σῦραι,
1302 5113 1395 5165 καὶ
1427 5113 1656 5166 ἐνώπιον

46 5201 281 5253 πάντων
334 5183 706 5268 θριαμϐεῦσαι
764 5217 825 5252 τε
871 5202 967 5254 καὶ
992 5201 1244 5273 φωρᾶσαι
1285 5202 1384 5273 τὴν
1420 5203 1476 5255 ὲν
1510 5202 1658 5273 αὐτῷ

51 5290 118 5361 τῷ
171 5288 409 5361 ῥιφέντι
459 5289 813 5360 ἀναίσχυντον
845 5308 903 5343 τε
935 5292 1027 5344 καὶ
1072 5292 1272 5363 ἀσθενῆ
1325 5292 1659 5365 προύκλησιν

45 5379 574 5451 ματαιοφροσύνης.
631 5382 824 5452 Ἡμεῖς
887 5382 975 5447 δὲ,
1029 5382 1389 5454 ἀρκεσθέντες
1439 5387 1550 5449 τοῖς
1594 5401 1654 5437 τε

1757 4467 1917 4522 donis
1966 4465 2450 4528 instructissimus,
2502 4479 2566 4518 ac
2619 4471 2877 4533 tanquam
2927 4463 3083 4520 fortis
3141 4465 3340 4522 athleta

1758 4557 2061 4630 productus
2105 4553 2138 4610 a~
2172 4555 2424 4618 Domino,
2459 4561 2513 4608 et
2539 4554 2858 4610 cwlestihus
2889 4557 3247 4619 ornamentis,
3283 4565 3340 4610 ut

1758 4651 1830 4705 ita
1854 4649 2107 4712 dixerim,
2141 4647 2208 4702 ad
2264 4655 2543 4702 certamen
2585 4654 2912 4717 perunctus;
2961 4649 3053 4717 qui
3109 4649 3343 4704 sincera:

1761 4741 1883 4798 fidei
1912 4757 1976 4797 ac
2002 4739 2245 4797 scientiae
2284 4738 2554 4809 praesidiis
2587 4739 2810 4792 illorum
2841 4739 3140 4808 prostravit
3181 4754 3341 4794 ever-

1764 4838 1938 4907 titque
1966 4834 2271 4890 mendacia.
2308 4831 2464 4899 Quod
2488 4832 2542 4886 in
2567 4829 2811 4886 secundo
2843 4830 2984 4885 libro
3018 4846 3083 4886 ac
3109 4847 3340 4901 sequen-

1759 4919 1906 4985 tibus
1967 4927 2087 4983 aliis
2149 4925 2494 4998 potissimum
2523 4923 2772 4996 perfecit,
2808 4923 2901 4978 ubi
2947 4924 3071 4978 illos
3093 4924 3341 4980 uberiore

1760 5021 1900 5092 ston
1925 5019 2229 5074 confutavit
2259 5033 2274 5070 :
2308 5033 2432 5072 cum
2467 5017 2612 5072 velut
2638 5015 2790 5070 humi
2829 5015 3102 5086 abjectum
3163 5032 3227 5071 ac
3251 5033 3340 5072 su-

1760 5121 2008 5182 peratum
2073 5111 2455 5167 adversarium
2519 5109 2760 5173 trahere,
2819 5124 2882 5164 ac
2937 5109 3342 5179 quodammodo

1763 5203 2105 5273 triumphare
2156 5203 2310 5258 visus
2365 5208 2448 5256 est
2475 5202 2632 5266 velle,
2663 5209 2717 5256 et
2750 5201 3022 5272 proﬂigati
3063 5202 3342 5272 nugaloris

1765 5295 2135 5365 impudentem
2169 5299 2344 5364 magis
2397 5307 2558 5364 quam
2594 5292 2787 5348 fortem
2828 5294 2896 5349 ad
2941 5293 3342 5364 prdvocandum

1761 5384 2048 5440 audaciam
2071 5385 2252 5455 palam
2283 5383 2539 5440 omnibus
2564 5382 2836 5454 detegere.
2870 5380 2980 5438 Nos
3009 5390 3188 5438 autem
3213 5396 3342 5454 par~

114 5541 131 5568 ¹
158 5538 326 5593 lren.
351 5534 588 5606 ἀρχαίας
618 5536 990 5601 διδασκαλίας.
1069 5539 1088 5568 ¹
1115 5539 1258 5594 lren.
1294 5539 1493 5593 αὐτῶν.
1573 5540 1592 5571 ³
1626 5539 1644 5594 I

1829 5557 2068 5612 ιποκειμ.
2103 5539 2275 5612 αὐτῷ.
2355 5539 2537 5594 l’Iren.
2564 5539 2868 5611 ἀριστερόν.

115 5696 240 5767 (82)
290 5695 501 5762 Οὕτως
521 5694 990 5766 ἐξηροφόρησεν.
1011 5697 1280 5768 Corrupta
1309 5716 1432 5766 vox,
1466 5698 1516 5754 in
1542 5715 1644 5766 qua

1829 5700 2083 5755 tationem
2113 5699 2347 5764 experiri
2387 5715 2495 5755 non
2530 5707 2702 5752 vacat.
2789 5698 2802 5702 ’
