3772 6188
405 204 512 260 539

1793 210 1850 265 S.
1893 207 2237 266 EPIPHANII

3576 216 3674 272 550

407 311 504 364 tim
538 311 626 377 iis,
652 325 771 380 qum
798 326 825 365 a
864 311 1020 366 nobis
1050 313 1285 370 breviter
1315 325 1443 372 sunt
1464 319 1764 390 disputata,
1788 322 1984 392 partim

2111 325 2220 393 παρ’
2255 325 2415 394 ήμῶν
2447 323 2715 394 λεχθεῖσιν
2747 325 2968 395 ὀλίγοις,
3006 325 3103 380 καὶ
3151 327 3264 388 τοῖς
3297 323 3406 377 ὑπὸ
3439 324 3552 377 τῶν
3584 327 3670 393 τῆς

405 418 529 472 quae
569 402 639 457 ab
688 403 812 457 aliis
843 403 1078 458 sinceris
1112 405 1166 459 id
1201 422 1374 477 genus
1407 411 1773 481 scriptoribus
1802 416 1991 470 elucu-

409 495 560 547 brata
617 501 766 555 sunt,
813 494 1076 558 contenti,
1119 509 1244 550 cum
1300 501 1595 557 nonnullos
1636 518 1858 574 quoque
1901 505 1987 558 vi.

405 582 632 637 deamus
656 583 721 638 de
742 584 846 637 hoc
886 594 1208 654 argumento
1237 589 1552 658 scripsisse,
1578 595 1990 664 praescrtimque

405 674 756 739 Clementem,
785 676 1044 732 Irenaeum
1099 683 1152 732 ct
1177 677 1547 752 Hippolytum,
1567 684 1811 754 aliosque
1839 673 1990 742 coin-

406 768 615 837 plures,
668 768 761 837 qui
814 769 1120 824 admirabili
1162 771 1399 840 quadam
1454 774 1717 833 facultate
1769 779 1988 834 illorum

404 859 663 928 dogmata
711 859 1044 926 refutat-unt,
1077 877 1185 916 non
1218 864 1448 918 multum
1481 867 1535 920 in
1571 883 1659 931 eo,
1695 878 1756 924 ut
1781 870 1986 925 dictum

405 958 513 1014 est,
553 951 837 1005 elaborare
897 951 1232 1016 studuimus,
1262 954 1400 1008 satis
1445 971 1722 1027 superque
1769 959 1987 1014 illorum

404 1056 571 1111 opera
609 1039 810 1095 factum
841 1041 1084 1096 arbitrati
1114 1062 1126 1096 :
1159 1044 1322 1113 idque
1353 1045 1533 1115 ipsum
1569 1049 1712 1119 apud
1744 1066 1843 1106 nos
1874 1054 1990 1107 exi-

405 1133 712 1198 stimantes,
758 1133 1026 1187 neminem
1074 1149 1198 1189 csse
1252 1136 1531 1205 paululum
1575 1140 1985 1212 intelligentem,

404 1224 494 1280 cui
534 1223 617 1278 vel
643 1239 710 1278 ex
767 1222 902 1292 ipsis
936 1221 1154 1277 illorum
1204 1224 1361 1304 libris
1397 1241 1461 1280 ac
1495 1228 1843 1298 dogmatibus
1877 1247 1988 1286 non

403 1330 468 1369 ea
499 1313 655 1371 facile
679 1326 992 1384 occurrant,
1020 1332 1143 1386 qua:
1183 1314 1252 1368 ad
1283 1316 1404 1374 illos
1435 1318 1762 1377 refellendos
1793 1322 1989 1378 idonea

473 1497 715 1554 XXXIV.
753 1497 812 1554 ln
837 1501 1031 1572 primis
1063 1501 1207 1572 quod
1240 1503 1562 1573 opinionum
1596 1518 1627 1558 a
1657 1521 1716 1560 se
1749 1503 1986 1560 invicem

405 1594 668 1648 varietate
691 1595 1046 1659 dissentiant,
1071 1597 1322 1666 alterque
1356 1597 1584 1651 alterius
1609 1595 1830 1651 decreta
1853 1610 1984 1650 con-

407 1683 607 1738 vellere
657 1699 778 1738 sese
821 1686 1161 1752 profiteatur.
1214 1665 1420 1740 Deinde
1469 1686 1616 1755 quod
1673 1686 1810 1741 tales
1871 1686 1982 1742 sint
2016 1665 2055 1719 Β

405 1774 624 1827 illorum
671 1773 891 1839 fabulae,
922 1784 980 1828 ut
1027 1776 1304 1830 cohaerere
1360 1775 1510 1830 nullo
1543 1775 1704 1830 modo
1747 1775 1981 1846 possint,

401 1881 527 1919 cum
559 1882 736 1936 neque
774 1868 830 1921 in
878 1870 1053 1924 sacris
1094 1869 1344 1935 Litteris,
1389 1885 1492 1926 nec
1529 1871 1585 1924 in
1640 1869 1808 1926 Mosis
1845 1871 1979 1940 lege,

401 1973 579 2027 neque
635 1959 777 2028 apud
829 1958 978 2015 Mose
1022 1961 1360 2016 recentiores
1411 1962 1708 2030 prophetas
1764 1946 1981 2015 illarum

402 2057 583 2105 exstet
618 2051 727 2104 ulla
767 2052 1003 2116 mentio;
1051 2067 1228 2122 neque
1262 2067 1291 2105 a
1329 2051 1616 2107 Salvatore
1657 2051 1980 2122 quidquam,

400 2142 486 2196 vel
518 2141 640 2211 ejus
674 2143 1050 2213 evangelistis,
1077 2151 1172 2197 aut
1205 2142 1440 2212 denique
1467 2144 1730 2212 apostolis
1758 2144 1824 2197 de
1849 2143 1984 2198 iisce

401 2234 477 2288 sit
527 2233 838 2303 proditum:
899 2249 1025 2288 nam
1094 2235 1142 2290 si
1191 2234 1413 2289 veritati
1469 2234 1563 2288 illa
1615 2242 1983 2290 consentanea

403 2324 605 2390 forent,
632 2333 778 2379 certe
810 2323 1095 2389 Dominus,
1119 2324 1214 2394 qui
1244 2323 1310 2376 ad
1338 2323 1759 2378 illuminandum
1788 2318 1981 2378 Orbem

402 2425 648 2481 venerat,
677 2425 733 2472 ct
767 2425 893 2471 ante
927 2416 1081 2470 illum
1111 2414 1416 2485 prOphetze,
1450 2423 1565 2469 tum
1600 2415 1854 2484 apostoli,
1889 2415 1981 2486 qui

402 2507 699 2564 falsorum-
727 2506 956 2562 deorum
1008 2506 1482 2577 superstitionem,
1532 2521 1597 2560 ac
1645 2506 1980 2577 ﬂagitiorum

402 2600 785 2668 scelerumque
808 2614 980 2668 genus
1005 2612 1166 2651 omne
1191 2597 1609 2668 redarguerunt,
1631 2612 1731 2652 nec
1763 2598 1982 2668 impiam

401 2707 619 2746 omnem
650 2689 1100 2760 contrariamque
1126 2688 1432 2744 doctrinam
1459 2687 1682 2758 scriptis
1713 2689 1830 2742 suis
1859 2702 1984 2755 pro-

401 2783 584 2854 ﬂigare
619 2789 748 2837 sunt
773 2779 930 2834 veriti
963 2795 978 2844 ;
1010 2779 1111 2842 illi,
1162 2779 1408 2848 inquam,
1464 2784 1651 2845 aperte
1691 2775 1850 2831 nobis
1890 2776 1985 2829 illa

401 2870 848 2941 significassent,
903 2867 1208 2937 przeserlim
1259 2883 1383 2921 cum
1441 2863 1697 2919 Salvator
1746 2864 1819 2920 ita
1869 2865 1986 2935 ipse

398 2963 666 3018 dixisset:
702 2959 921 3017 Ca‘teris
953 2960 1159 3029 quidem
1199 2959 1252 3012 in
1285 2957 1582 3026 parabolis,
1618 2956 1760 3011 vobis
1809 2966 1985 3010 autem

395 3053 670 3115 parabolis
695 3054 762 3104 ad
794 3052 938 3122 regni
963 3049 1187 3110 caelestis
1218 3050 1611 3104 enarrationem
1635 3047 1982 3102 edisserendce

400 3155 522 3201 sunt
549 3144 882 3211 ‘.Quocirca
901 3156 1243 3213 quaecunque
1285 3141 1339 3195 in
1385 3140 1680 3210 Evangelio
1714 3139 1984 3210 parabolas

398 3238 468 3293 ab
495 3251 560 3292 eo
591 3236 887 3306 prOposita:
926 3241 1080 3299 sunt,
1108 3233 1293 3288 statim
1335 3233 1552 3287 illarum
1595 3247 1819 3287 sensum
1859 3247 1986 3301 ape-

401 3331 582 3384 ruisse
618 3328 854 3384 videtur.
892 3327 1056 3397 206
1085 3324 1220 3378 Nam
1251 3333 1307 3380 et
1339 3340 1570 3395 granum
1617 3324 1827 3393 sinapis
1853 3324 1984 3394 quid

400 3421 507 3477 sibi
538 3421 699 3475 vellct
731 3421 1008 3490 exposuit,
1033 3417 1165 3489 quid
1197 3417 1547 3482 fermentum,
1575 3433 1765 3487 quaeve
1789 3417 1985 3472 mulier

402 3523 549 3569 esset
577 3512 688 3576 illa,
713 3528 835 3582 qua:
864 3511 918 3565 in
948 3511 1054 3564 tria
1084 3509 1280 3564 farinae
1313 3518 1432 3563 sata
1457 3508 1783 3564 fermentum
1807 3508 1986 3562 immi-

402 3607 564 3673 serit;
598 3603 729 3674 quid
765 3604 858 3656 illa
895 3604 1044 3667 vitis,
1082 3617 1147 3656 ac
1181 3602 1357 3668 licus;
1407 3600 1536 3670 quis
1570 3600 1662 3655 ille
1689 3600 1782 3670 qui
1823 3599 1985 3654 semi-

402 3706 517 3761 nat,
567 3709 756 3765 quaeve
808 3692 1015 3764 optima
1078 3692 1150 3748 sit
1195 3699 1362 3746 terra.
1407 3691 1592 3759 Itaque
1640 3689 1848 3744 frustra
1904 3690 1983 3744 illi

401 3805 547 3844 caeco
572 3787 836 3843 daemonis
867 3787 1075 3856 impetu
1106 3785 1308 3840 conciti
1338 3783 1662 3852 rapiuntur;
1691 3783 1755 3836 de
1785 3781 1984 3851 quibus

405 3881 602 3935 merito
651 3890 875 3934 sanctus
924 3877 1128 3932 Paulus
1177 3877 1251 3931 ita
1298 3875 1543 3946 loquitur
1582 3894 1595 3928 :
1664 3872 1981 3928 Novissimis

402 3974 717 4042 temporibus
753 3979 984 4026 avertent
1012 3986 1065 4023 se
1099 3969 1314 4038 quidam
1351 3985 1383 4021 a
1409 3968 1677 4030 doctrina,
1712 3967 1984 4020 intenden-

403 4077 475 4120 tes
503 4066 702 4135 fabulis
742 4074 789 4118 et
825 4062 1082 4117 doctrinis
1127 4061 1425 4114 dwmonum
1451 4061 1494 4113 '.
1521 4057 1622 4112 Cui
1654 4068 1708 4113 et
1743 4056 1984 4112 Jacobus

403 4159 755 4227 astipulatur,
801 4156 869 4210 de
909 4153 1182 4224 ejusmodi
1219 4153 1568 4222 dogmatibus
1608 4152 1683 4205 ita
1721 4152 1980 4221 loquens:

403 4248 528 4303 Non
567 4259 644 4303 est
685 4249 822 4301 enim
866 4248 970 4300 ista
1013 4246 1274 4315 sapientia
1320 4245 1598 4298 desursum
1631 4243 1984 4309 descendens;

2091 411 2346 483 ἀληθείας
2391 416 2752 487 συγγραφέων
2809 417 3017 470 τούτων
3068 410 3306 486 λεχθείσί
3337 433 3401 468 τε
3438 415 3536 469 καὶ
3570 432 3668 470 συν-

2090 505 2350 575 ταχθεῖσι,
2382 509 2474 560 καὶ
2512 508 2765 579 ὁρῶντες,
2821 511 2902 563 ὅτι
2936 509 3082 563 ἄλλοι
3120 510 3491 579 πεπονήκασι,
3539 511 3668 577 φημὶ

2087 596 2145 648 δὲ
2177 597 2410 668 Κλήμης
2449 598 2546 652 καὶ
2577 599 2863 670 Εἰρηναῖος
2890 599 2987 653 καὶ
3032 600 3373 664 Ἱππόλυτος,
3414 600 3512 652 καὶ
3535 600 3667 651 ἄλλα

2090 688 2327 754 πλείους,
2374 690 2424 742 οἳ
2477 690 2572 743 καὶ
2619 688 2948 762 θαυμαστῶς
2999 690 3096 762 τὴν
3156 693 3278 745 κατ’
3337 691 3526 744 αὐτῶν
3583 710 3665 744 πε-

2089 781 2341 850 ποίηνται
2379 781 2714 853 ἀνατροπὴν,
2751 783 2813 835 οὐ
2867 781 3010 836 πάνυ
3055 799 3107 835 τι
3135 782 3213 852 τῷ
3243 781 3487 853 καμάτῳ
3517 798 3666 851 προτ-

2089 870 2282 936 Θεϊναι,
2314 873 2390 936 ὡς
2424 875 2705 943 προεῖπον,
2741 873 3110 945 ἠθελήσαμεν,
3167 873 3534 936 ἱκανωθέντες
3571 877 3667 935 toi;

2089 963 2508 1034 προειρημένοις
2536 965 2786 1036 ἀνδράσι,
2816 965 2910 1018 καὶ⁹
2936 965 3067 1018 αὐτὸ
3095 965 3252 1018 τοῦτο
3278 964 3664 1033 διανοηθέντες,

2086 1055 2168 1107 ὅτι
2207 1055 2372 1107 παντὶ
2402 1054 2607 1127 συνετῷ
2637 1056 2734 1110 καὶ
2764 1056 2820 1123 ἐξ
2851 1056 3031 1110 αὐτῶν
3056 1057 3166 1109 τῶν
3186 1058 3244 1110 ὲν
3272 1058 3388 1119 τοῖς
3417 1055 3662 1124 διδάγμα-

2090 1163 2174 1200 σιν
2203 1146 2382 1200 αὐτῶν
2411 1147 2584 1216 λόγων
2613 1149 2646 1218 ἡ
2685 1148 2966 1219 ἀνατροπὴ
3000 1147 3178 1202 αὐτῶν
3211 1150 3332 1202 κατ’
3362 1146 3544 1202 αὐτῶν
3572 1162 3662 1213 ςε-

2087 1235 2332 1305 νήσεται.

2157 1495 2276 1548 ΛΔ’.
2304 1493 2524 1566 Πρῶτον
2547 1494 2645 1565 μὲν
2665 1495 2746 1548 ὅτι
2769 1493 3000 1564 διάφορα
3023 1495 3152 1564 παρ’
3175 1493 3362 1557 αὐτοῖς
3383 1493 3453 1547 τά
3473 1496 3660 1565 φρονή-

2091 1602 2253 1656 ματα,
2278 1585 2373 1638 καὶ
2397 1585 2582 1655 ἕτερος
2603 1583 2673 1637 τά
2693 1583 2786 1637 τοῦ
2811 1584 2997 1654 ἐτέρου
3025 1583 3319 1637 καταλύειν
3339 1585 3662 1652 ἐπαγγέλλε-

2084 1693 2200 1730 ται·
2217 1677 2466 1748 δεύτερον
2484 1677 2561 1743 δὲ,
2575 1678 2658 1732 ὅτι
2678 1677 2957 1730 ἀσύστατα
2976 1676 3043 1729 τά
3062 1677 3193 1747 παρ’
3209 1676 3399 1739 αὐτοῖς
3420 1675 3665 1747 μυθοποι-

2085 1769 2292 1839 ήματα,
2310 1768 2434 1822 οὔτε
2459 1787 2562 1822 που
2592 1769 2814 1841 Γραφῆς
2837 1769 3116 1840 εἰπούσης,
3136 1767 3263 1821 οὔτε
3282 1768 3380 1821 τοῦ
3400 1770 3662 1830 Melissio;

2083 1860 2271 1929 νόμου,
2300 1859 2424 1914 οὔτε
2457 1861 2603 1925 τινὸς
2631 1863 2912 1933 προφήτου
2941 1861 3050 1914 τῶν
3100 1861 3241 1931 μετὰ
3268 1862 3536 1924 Meo-335:1,
3564 1863 3666 1913 ἀλλ’

2083 1948 2207 2002 οὔτε
2245 1949 2340 2004 τοῦ
2382 1953 2666 2022 Σωτῆρος,
2707 1951 2830 2004 οὔτε
2864 1952 2970 2005 τῶν
3013 1951 3178 2005 αὑτοῦ
3228 1951 3662 2020 εύαγγελιστῶν,

2083 2041 2198 2094 ἀλλ’
2226 2040 2349 2095 οὔτε
2387 2044 2494 2114 μὴν
2523 2043 2631 2097 τῶν
2661 2044 2992 2098 ἀποστόλων.
3020 2045 3082 2097 Ei
3110 2043 3220 2116 γάρ
3244 2045 3425 2098 ταῦτα
3447 2045 3662 2116 ἀληθινὰ

2084 2135 2350 2206 ὑπῆρχεν,
2389 2138 2418 2188 6
2462 2135 2629 2190 ἐλθὼν
2663 2136 2893 2206 φωτίσαι
2932 2135 3029 2208 τὴν
3075 2137 3405 2208 οἰκουμένην
3448 2136 3663 2208 Κύριος,

2084 2223 2180 2276 καὶ
2208 2225 2314 2296 πρὸ
2345 2225 2511 2279 αὑτοῦ
2543 2226 2593 2278 οἱ
2632 2226 2929 2298 προφῆται,
2965 2227 3157 2280 ἔπειτα
3203 2227 3262 2280 δὲ
3295 2227 3394 2280 καὶ
3440 2229 3493 2278 οἱ
3541 2229 3666 2280 ἀτώ-

2086 2315 2260 2370 στολοι
2303 2318 2352 2369 οἱ
2383 2316 2699 2386 ἐλέγξαντες
2742 2318 2842 2388 τὴν
2889 2318 3366 2390 εἰδωλολατρείαν,
3405 2319 3586 2372 πᾶσάν
3615 2337 3663 2372 τε

2084 2408 2402 2479 παράνομον
2424 2408 2645 2480 πρᾶξιν,
2669 2410 2762 2462 καὶ
2787 2409 2862 2480 μὴ
2884 2408 3251 2473 δειλιάσαντες
3273 2411 3515 2482 γράφειν
3539 2413 3668 2464 κατὰ

2084 2499 2266 2570 πάσης
2302 2501 2620 2571 παρανόμου
2655 2501 3001 2564 διδασκαλίας
3030 2505 3122 2554 καὶ
3151 2504 3556 2573 ἐναντιότητος,
3583 2521 3667 2555 σα-

2085 2590 2200 2659 φῶς
2233 2589 2299 2644 ἂν
2340 2591 2407 2644 τὰ
2446 2591 2670 2646 τοιαῦτα
2699 2593 2829 2662 ἡμῖν
2860 2593 3230 2662 κατήγγελλον
3250 2610 3264 2623 ·
3308 2594 3410 2648 καὶ
3442 2594 3666 2665 μάλιπα

2085 2682 2248 2736 αὐτοῦ
2284 2682 2378 2736 τοῦ
2409 2685 2660 2754 Σωτῆρος
2704 2683 2977 2752 λέγοντος,
3013 2685 3095 2737 ὅτι
3129 2684 3257 2751 Τοῖς
3295 2686 3420 2754 μὲν
3444 2686 3568 2750 ἔξω
3607 2687 3667 2738 ἐγ

2085 2774 2473 2843 παραϐολαῖς,
2507 2775 2651 2845 ὑμῖν
2679 2775 2747 2828 δὲ
2775 2776 2877 2842 τὰς
2901 2777 3246 2846 παραϐολὰς
3273 2780 3364 2843 είς
3386 2778 3666 2831 ἐπίλυσιν

2079 2868 2405 2933 ,ϐασιλείας
2434 2865 2708 2935 οὐρανῶν
2745 2867 2984 2936 ῥητέον.
3019 2869 3187 2931 Ὅσας
3217 2867 3354 2936 γοῦν
3399 2871 3459 2922 ὲν
3501 2869 3668 2936 Εὕα-ς-

2085 2957 2287 3027 γελίοις
2312 2958 2628 3030 παραϐολὰς
2656 2960 2896 3030 εἴρηκεν,
2919 2959 3080 3023 εὐθὺς
3108 2959 3370 3023 ὲπιλύσας
3402 2960 3665 3029 φαίνεται.

2011 3016 2067 3130 C.
2098 3050 2314 3120 Ἀμέλει
2341 3016 2435 3104 καὶ
2479 3050 2564 3114 τίς
2592 3052 2620 3104 6
2667 3016 2864 3114 κόκκος
2905 3051 2998 3104 τοῦ
3036 3051 3332 3116 σινάπεως,
3365 3016 3464 3105 καὶ
3511 3053 3596 3114 τίς
3639 3054 3665 3120 ἡ

2086 3142 2231 3213 ζύμη
2255 3159 2267 3171 ο
2305 3143 2397 3195 καὶ
2427 3142 2511 3206 τίς
2543 3141 2781 3212 βαλοῦσα
2805 3145 2904 3214 τὴν
2939 3141 3119 3214 ζύμην
3141 3143 3220 3206 είς
3249 3142 3319 3195 τά
3351 3143 3486 3215 τρία
3520 3144 3663 3202 σάτα,

2085 3235 2166 3298 τίς
2200 3238 2228 3288 6
2279 3233 2572 3306 ἀμπελὼν,
2615 3235 2700 3298 τίς
2734 3238 2767 3308 ή
2821 3236 2988 3306 συκῆ,
3031 3236 3114 3298 τίς
3150 3236 3178 3287 ὁ
3211 3236 3472 3307 empsim,
3528 3237 3666 3303 τὶςή

2085 3327 2345 3400 καλλίστη
2389 3329 2484 3398 γῆ.
2541 3329 2648 3380 Καὶ
2697 3329 2873 3400 μάτην
2927 3322 3076 3381 οὗτοι
3128 3326 3522 3380 ὲνθουσιῶνται
3576 3329 3667 3380 ὑπὸ

2084 3419 2354 3490 δαιμόνων
2388 3419 2770 3492 ἐλαυνόμενοι·
2826 3420 2955 3491 περὶ
2983 3414 3058 3474 ὧν
3097 3436 3263 3490 φησιν
3295 3421 3322 3473 6
3369 3421 3667 3488 ἁγιώτατος

2085 3510 2383 3574 ἀπόστολος
2417 3511 2660 3576 Παῦλος·
2695 3513 2800 3566 Ἐν
2825 3511 3109 3580 ὑστέροις
3141 3511 3372 3581 καιροῖς
3409 3513 3667 3577 ἀποστή-

2085 3603 2299 3656 σονταί
2329 3619 2488 3667 τινες
2520 3603 2631 3672 τῆς
2665 3602 3085 3670 διδασκαλίας,
3123 3603 3544 3673 προσέχοντες
3565 3606 3664 3674 μύ-

2085 3694 2211 3757 θοις
2263 3691 2361 3746 και
2417 3691 2836 3760 διδασκαλίαις
2885 3693 3205 3764 δαιμόνων.
3263 3695 3378 3748 Καὶ
3425 3695 3594 3749 πάλιν
3641 3696 3665 3747 ὁ

2086 3783 2240 3852 ἅγιος
2283 3784 2540 3848 Ἰάκωϐος
2590 3785 2764 3855 λέγων
2815 3787 2941 3858 περὶ
2986 3787 3086 3856 τῆς
3132 3785 3391 3856 τοιαύτης
3429 3786 3664 3839 διδασκα-

2086 3876 2225 3940 λίας,
2262 3877 2345 3930 ὅτι
2371 3879 2493 3931 Οὐκ
2527 3877 2698 3932 ἔστιν
2731 3878 2961 3934 ἄνωθεν
2990 3879 3028 3946 ἡ
3069 3879 3221 3946 αὐτὴ
3252 3880 3444 3947 σοφία
3466 3896 3662 3947 κατερ-

2085 3971 2338 4041 χομένη,
2375 3972 2514 4026 ἀλλ’
2540 3973 2822 4043 ἐπίγειος,
2859 3971 3118 4042 ψυχικὴ,
3145 3970 3564 4041 δαιμονιώδης.
3606 3970 3662 4025 ’Π

2085 4063 2154 4116 δὲ
2190 4065 2418 4120 ἄνωθεν
2435 4067 2621 4134 σοφία
2665 4066 2901 4134 πρῶτον
2921 4065 3037 4135 μὲν
3073 4065 3227 4135 ἁγνή
3248 4067 3442 4130 ἐστιν,
3470 4067 3662 4119 ἔπειτα

2085 4154 2392 4223 ειρηνικὴ,
2444 4155 2754 4224 εὐπειθὴς,
2797 4155 3156 4226 ἀδιάκριτος,
3194 4155 3396 4226 μεστὴ
3438 4156 3660 4220 ἐλέους,

2087 4247 2182 4300 καὶ
2230 4246 2476 4316 καρπῶν
2508 4246 2779 4317 ἀγαθῶν,
2825 4249 2918 4304 καὶ
2963 4248 3030 4302 τὰ
3087 4250 3235 4317 ἑξῆς.
3266 4242 3377 4312 Ἦς
3427 4249 3551 4302 οὐδὲ
3594 4244 3663 4308 εἷς

403 4342 493 4394 sed
525 4349 753 4401 terrena,
789 4337 1062 4404 animalis,
1091 4336 1378 4390 diabolica.
1426 4335 1558 4402 Quae
1588 4347 1763 4388 autem
1794 4335 1981 4388 desur-

2111 4339 2300 4410 ιαρπὸς
2339 4342 2396 4393 ἐν
2437 4342 2550 4404 τοῖς
2596 4341 3014 4412 προειρημένοις
3044 4342 3383 4413 εὑρίσκεται.
3415 4342 3554 4413 Παρ’
3583 4341 3661 4391 αὖ·

401 4445 519 4483 sum
539 4438 616 4482 est
646 4428 907 4495 sapientia
931 4428 1161 4495 primum
1195 4426 1406 4495 quidem
1430 4424 1624 4492 pudica
1657 4434 1756 4487 est,
1793 4423 1980 4478 deinde

407 4520 643 4588 suci/ica,
675 4519 935 4582 modesta,
956 4517 1261 4581 suadibilis,
1287 4516 1434 4570 bonis
1463 4517 1980 4584 consentiens,plena

421 4612 768 4670 uisericordia
831 4621 881 4666 et
943 4610 1204 4680 fructibus
1252 4609 1403 4662 bonis
1435 4609 1488 4674 ³,
1532 4617 1660 4673 etc.,
1716 4611 1874 4676 cujus
1914 4625 1982 4664 ne

413 4701 664 4763 ttinimus
716 4701 938 4772 quidem
991 4702 1047 4754 in
1098 4698 1185 4755 bis
1237 4714 1375 4768 quos
1433 4699 1984 4756 commemoravimus

407 4795 616 4848 iructus
671 4795 936 4849 cernitur.
984 4793 1198 4863 Quippe
1248 4791 1392 4862 apud
1446 4792 1570 4847 illos
1615 4793 1983 4847 inconstantia

403 4901 467 4940 ac
511 4885 720 4941 nefaria
763 4888 947 4942 omnia
999 4886 1277 4950 facinora,
1333 4887 1754 4956 dmmonumque
1801 4884 1980 4949 fetus,

2087 4435 2199 4495 τοῖς
2225 4433 2333 4503 γὰρ
2365 4432 2765 4497 ἀκαταστασία,
2798 4434 2894 4485 καὶ
2929 4434 3036 4486 πᾶν
3075 4433 3394 4504 παράνομον
3419 4434 3659 4503 πρᾶγμα.

2088 4522 2355 4592 δαιμόνων
2403 4540 2462 4576 τε
2495 4525 2780 4595 κυήματα,
2829 4525 2923 4578 καὶ
2969 4525 3286 4596 συρίγματα
3327 4525 3658 4596 δρακόντων,

2088 4614 2278 4669 ἄλλοτε
2322 4614 2498 4680 άλλως
2534 4617 2630 4670 xal.
2675 4617 2802 4671 ἄλλο
2859 4617 3090 4672 ἑκάστου
3134 4619 3315 4671 αὐτῶν
3364 4618 3655 4679 λαλοῦντος.

2091 4706 2226 4777 Παρ’
2259 4699 2339 4770 οἷς
2370 4707 2470 4760 οὐκ
2503 4707 2672 4773 ἔλεος,
2697 4710 2798 4762 οὐκ
2823 4707 3000 4773 οἶκτος
3025 4711 3369 4781 εὑρίσκεται,
3400 4711 3536 4764 ἀλλὰ
3559 4710 3638 4761 δια

2092 4798 2302 4869 κρίσεις
2331 4798 2426 4852 καὶ
2452 4799 2729 4871 διαφοραὶ,
2770 4800 2867 4854 καὶ
2895 4800 3132 4872 οὐδαμοῦ
3160 4803 3398 4871 ἁγνεῖαι,
3434 4797 3655 4870 οὐδαμοῖ.

2090 4890 2305 4962 εἰρήνη,
2347 4891 2584 4962 οὐδαμοῦ
2616 4892 2906 4947 ἐπιείκεια.

404 4986 457 5034 et
486 4987 796 5048 serpentum
833 4981 977 5035 sibili
1021 4981 1389 5052 reperiuntur.
1422 4979 1594 5034 Aliter
1621 4979 1742 5034 aliis
1771 4982 2132 5051 temporibus,
2169 4992 2336 5055 atque
2363 4986 2514 5041 aliud
2564 4985 2946 5057 unusquisque
2999 4987 3284 5056 prtedicat.
3345 4986 3506 5042 Nulla
3562 4985 3650 5039 illlt

407 5067 809 5133 misericordia,
880 5070 963 5124 vel
1005 5070 1328 5136 clementia,
1375 5070 1473 5126 sed
1518 5069 1894 5126 dissensiones
1947 5087 2010 5128 ac
2050 5074 2372 5145 discordiae;
2416 5079 2565 5133 nulla
2622 5094 2854 5150 usquam
2902 5079 3267 5145 castimonia,
3312 5080 3463 5134 nulla
3532 5090 3648 5153 pax:

407 5161 632 5233 aequitas
665 5162 832 5215 animi
867 5163 1039 5216 nulla.

477 5253 694 5309 XXXV.
712 5255 789 5309 Ac
807 5256 938 5310 mihi
957 5272 1092 5338 sane
1110 5257 1261 5322 libet,
1278 5259 1535 5328 quoniam
1553 5259 1619 5313 ad
1639 5259 1690 5314 id
1711 5261 1984 5316 sermonis

406 5353 456 5400 ct
473 5348 776 5416 argumenti
803 5363 888 5403 me
905 5350 1208 5405 necessitas
1229 5351 1474 5419 impellit,
1492 5352 1708 5406 tametsi
1733 5352 1895 5407 finem
1913 5353 1988 5406 fa-

407 5447 530 5489 cere
550 5436 965 5504 constitueram,
987 5453 1161 5509 pauca
1175 5455 1240 5494 ex
1265 5439 1482 5495 illorum
1498 5441 1734 5497 decretis
1754 5441 1821 5496 ad
1838 5440 1980 5498 refu-

486 5596 503 5627 ¹
528 5595 662 5655 Luc.
694 5615 812 5661 vtn.
852 5600 936 5655 l0.
1015 5604 1035 5634 ⁸
1060 5600 1080 5654 l
1106 5599 1223 5657 Tim
1272 5618 1344 5660 tv.
1377 5603 1425 5657 1.
1507 5604 1526 5634 ³
1549 5601 1666 5658 Jac.
1695 5617 1778 5663 nt.
1812 5601 1992 5659 l5-l7.

2157 5261 2281 5316 AE'.
2325 5261 2596 5333 Βούλομαι
2641 5261 2698 5317 δὲ
2743 5263 2904 5341 πάλιν
2956 5262 3399 5333 ἀναγκαζόμενος
3438 5262 3548 5314 ὑπὸ
3575 5258 3645 5313 cui

2085 5353 2270 5421 λόγου,
2308 5354 2355 5406 εί
2389 5354 2480 5407 καὶ
2531 5353 2845 5408 παύσασθαι
2889 5353 3240 5424 ὑπεσχόμην,
3290 5351 3486 5420 ὀλίγων
3538 5367 3638 5420 περ

2087 5445 2270 5509 αὐτοῖς
2313 5444 2621 5517 εἰρημένων
2659 5445 3040 5519 μνημονεύσας
3083 5445 3396 5517 ἀνατρέψαι.
3433 5444 3517 5497 υΰ
3561 5443 3644 5510 τάξ
