3814 6356
434 319 537 373 545

1817 325 1873 383 S.
1916 326 2259 383 EPlPHANlI

3649 324 3767 379 5H

433 447 565 486 seon
592 431 825 487 divortia
858 435 1119 505 paulatim
1153 414 1386 506 fecerint
1410 455 1423 503 ;
1447 438 1538 509 qui
1576 440 1795 509 quidem
1820 456 2010 498 omnes

2152 442 2261 495 ίνου
2292 459 2497 514 μεντοι.
2531 442 2608 506 ὼς
2641 441 2798 514 ἔφην,
2828 443 2924 497 καὶ
2951 441 3056 497 τῶν
3085 441 3191 512 πρὸ
3216 439 3384 494 αὐτοῦ
3414 439 3557 501 τᾶς
3608 454 3761 506 προ·

434 538 461 575 a
508 522 825 586 Valentino,
886 535 945 579 ut
984 526 1247 591 diximus,
1284 530 1462 601 iisque
1518 531 1763 601 insuper,
1813 532 1905 603 qui
1946 548 2012 588 eo

435 616 749 682 superiores
800 618 1155 682 exstiterant,
1206 619 1420 673 initium
1476 631 1825 691 acceperunt.
1855 620 2012 676 Nunc

437 703 706 756 universae
762 705 970 773 pariter
1019 707 1269 763 veritatis
1316 707 1567 762 doctrina
1618 719 1906 779 prostrata:
1949 726 2013 767 ac

437 790 764 860 proculcata:
796 794 1189 861 praetereunda?
1230 805 1381 861 sunt,
1414 814 1522 867 quo
1555 798 1746 854 eadem
1779 798 1873 856 Dei
1912 817 2015 873 ope

437 895 501 935 ac
533 880 735 937 virtute
768 880 889 936 freti
920 884 1164 954 reliquas
1192 894 1605 955 perscrutemur

669 995 835 1065 208
872 995 1242 1052 ADVERSUS
1282 997 1781 1067 SECUNDIANOS,

437 1107 521 1161 Ad
548 1125 675 1178 quos
707 1126 817 1162 sese
852 1107 1868 1185 Epiphanes__e_t_lsidorusfpplfcarunt,
1902 1130 2018 1185 qua:

777 1190 854 1231 est
886 1177 1100 1233 Iiwresis
1131 1179 1246 1234 XII
1276 1182 1381 1235 sive
1420 1177 1671 1236 XXXII.

508 1266 547 1320 ι.
568 1266 926 1338 Posteaquam
947 1267 1323 1327 Valentiniana
1341 1273 1534 1328 lueresi
1548 1274 1787 1329 defuncti
1806 1290 2017 1343 sumus,

438 1368 492 1414 et
530 1360 586 1414 in
616 1360 736 1431 ejus
767 1360 1003 1417 dumetis
1032 1377 1095 1416 ac
1135 1364 1395 1434 vepribus
1428 1380 1759 1436 magquere
1804 1367 2020 1422 labora-

438 1456 643 1516 vimus,
677 1451 935 1524 deinceps
973 1454 1283 1509 incredibili
1320 1471 1444 1511 cum
1489 1464 1690 1513 sudore
1728 1474 1792 1514 ac
1830 1460 2019 1529 cujus-

438 1544 564 1596 dam
617 1544 764 1598 velut
811 1547 1162 1615 agricultura:
1206 1548 1454 1604 molestia
1490 1549 1557 1603 ad
1597 1552 1839 1619 reliquas
1872 1552 2021 1607 illius

440 1635 751 1692 evellendas
780 1637 989 1706 spinas,
1024 1654 1089 1693 ac
1118 1647 1289 1695 tetras
1320 1649 1631 1710 serpentum
1661 1641 1863 1712 eﬂigies
1890 1658 2021 1712 pro-

441 1724 706 1795 ﬂigandas
750 1725 1055 1780 veniemus.
1103 1724 1207 1782 Sed
1252 1728 1522 1797 inprimis
1567 1726 1805 1797 Spiritus
1845 1729 2020 1783 sancti

441 1831 599 1886 opem
628 1833 657 1870 a
687 1816 910 1872 Christo
943 1819 1365 1887 postulabimus,
1391 1830 1452 1872 ut
1481 1821 1644 1887 hujus
1676 1819 1827 1873 illum
1856 1820 2026 1875 inter-
2054 1811 2097 1866 Β

443 1914 607 1961 ventu
649 1922 744 1976 per
784 1908 1064 1962 caalestem
1124 1906 1431 1963 doctrinam
1480 1910 1879 1979 religiososque
1912 1927 2027 1967 ser-

444 2014 634 2053 mones
681 1999 735 2052 in
764 1999 1048 2053 hominum
1088 2001 1305 2056 animos
1332 2002 1553 2065 elicere,
1590 2002 1657 2055 ab
1700 2003 1896 2072 iisque,
1930 2004 2024 2073 qui

446 2091 498 2143 id
526 2091 670 2145 ultro
697 2091 989 2158 voluerint,
1033 2092 1352 2163 pestiferum
1382 2094 1534 2148 virus
1565 2096 1855 2151 extrahere
1900 2112 2026 2166 pos-

445 2183 642 2237 simus.
676 2181 883 2252 Sequar
910 2197 1040 2238 vero
1075 2184 1129 2237 in
1164 2184 1231 2239 iis
1260 2185 1597 2255 exponendis
1630 2197 1848 2241 aetatum
1876 2187 2027 2243 ordi-

449 2288 595 2336 nem,
626 2289 689 2328 ac
731 2276 891 2345 cujus
920 2277 1153 2346 quisque
1182 2292 1478 2333 successor
1514 2279 1788 2334 exstiterit
1823 2279 1879 2333 in
1919 2279 2027 2335 illis

449 2367 800 2421 recensendis
834 2368 1096 2437 aperiam,
1133 2368 1226 2438 qui
1274 2369 1342 2423 ab
1390 2370 1483 2423 illo
1530 2369 1762 2440 profecti
1809 2368 2029 2425 diversa

448 2456 696 2525 quaedam
727 2458 991 2514 doctrina:
1023 2460 1233 2516 semina
1260 2468 1605 2529 sparserunt.

521 2549 726 2603 Horum
766 2550 933 2619 igitur
959 2566 989 2605 e
1037 2567 1270 2606 numero
1312 2551 1599 2607 Secundus
1646 2551 1864 2622 quidam
1900 2550 2026 2617 fuit,

449 2641 541 2711 qui
572 2643 692 2711 plus
742 2642 948 2711 aliquid
983 2658 1147 2712 quam
1193 2643 1371 2697 caeteri
1410 2658 1603 2712 sapere
1647 2643 1892 2706 studens,
1926 2643 2030 2698 etsi

450 2734 638 2788 eadem
666 2750 787 2809 qua:
809 2733 1133 2791 Valentinus
1182 2736 1380 2790 asserit
1412 2736 1617 2802 omnia,
1648 2736 1910 2805 ampliore
1948 2743 2032 2789 ta-

452 2842 575 2881 men
609 2827 791 2882 sonitu
844 2826 1185 2882 furiosorum
1214 2842 1377 2883 aures
1406 2827 1663 2898 Opplevit.
1710 2827 1809 2880 Hic
1838 2828 2029 2883 eodem

451 2932 561 2984 quo
594 2915 918 2997 Valentinus
952 2926 1197 2988 tempore
1230 2920 1484 2974 eumdem
1530 2920 1708 2988 ipsum
1756 2933 1897 2973 novo
1929 2918 2032 2971 ali-

450 3022 561 3077 quo
597 3008 820 3064 invento
861 3024 1123 3080 superare
1154 3011 1417 3080 gestiens,
1449 3009 1681 3080 primam
1719 3008 2029 3079 Ogdoadem

451 3117 520 3155 ex
550 3099 788 3155 Tctrade
822 3100 1016 3155 dextra
1056 3116 1120 3156 ac
1146 3102 1373 3157 sinistra
1405 3101 1633 3157 conflari
1663 3101 1871 3166 docuit,
1896 3117 2033 3172 qua-

459 3208 575 3246 rum
626 3193 853 3248 alteram
901 3192 1134 3261 Lumen,
1172 3193 1450 3248 Tenebras
1500 3194 1725 3248 alteram
1774 3193 2033 3263 appellari

454 3284 649 3339 voluit.
678 3284 797 3340 Jam
842 3300 969 3340 vero
1010 3284 1280 3340 Virtutem
1314 3286 1461 3340 illam
1504 3301 1625 3356 qua:
1655 3284 1946 3350 defecisse,
1983 3294 2037 3340 et

457 3378 524 3430 ad
558 3377 798 3446 inopiam
833 3374 1005 3432 fuisse
1043 3376 1268 3432 redacta
1311 3376 1535 3442 dicitur,
1578 3383 1741 3447 negat.
1780 3391 1847 3430 ex
1876 3375 2037 3430 trice-

459 3466 616 3519 nario
650 3466 743 3518 illo
773 3480 1001 3520 numero
1032 3464 1273 3519 Aionum
1303 3467 1598 3530 exstitisse,
1631 3465 1728 3520 sed
1756 3464 2036 3520 inferioris

459 3555 753 3626 cujusdam
784 3556 1019 3620 ordinis,
1052 3573 1114 3611 ex
1153 3572 1345 3611 eorum
1376 3557 1631 3612 videlicet
1653 3572 1814 3627 grege
1846 3557 2035 3620 fuisse,

459 3650 552 3719 qui
584 3648 726 3703 infra
765 3648 927 3702 aliam
966 3647 1280 3719 Ogdoadem
1311 3649 1670 3703 collocantur.
1714 3648 1788 3703 De
1818 3647 2039 3703 Christo

461 3742 692 3811 aliisque
732 3741 1080 3813 dogmatibus
1110 3742 1300 3798 eadem
1327 3758 1451 3797 cum
1486 3748 1709 3796 auctore
1734 3741 1926 3796 veneni
1953 3741 2040 3796 sui

462 3850 526 3890 ac
554 3836 932 3891 ministratore
958 3835 1245 3890 Valentino
1276 3834 1487 3889 statuit.
1520 3835 1702 3901 Quare
1730 3851 1852 3900 cum
1893 3834 2039 3888 haud

463 3928 537 3982 ita
573 3929 745 3983 multa
778 3928 888 3982 sint
916 3928 985 3982 ab
1029 3928 1135 3982 isto
1165 3926 1398 3982 diversis
1437 3942 1501 3981 ac
1534 3927 1834 3997 peregrinis
1868 3927 2041 3997 expli-

464 4028 584 4072 cata
636 4019 879 4084 vocibus,
910 4033 1083 4094 pauca
1129 4018 1243 4073 haec
1283 4032 1404 4087 qua:
1448 4017 1595 4071 dicta
1625 4026 1754 4073 sunt
1797 4017 2044 4073 sufﬁcere

465 4108 672 4180 putavi,
705 4123 826 4178 quae
862 4122 961 4177 per
999 4102 1178 4176 seipsa
1221 4106 1357 4161 satis
1393 4106 1459 4160 ad
1496 4105 1852 4161 refellendum
1886 4122 2045 4175 argu—

465 4208 773 4254 mentorum
806 4198 1175 4268 suppeditant.
1225 4196 1330 4250 Sed
1366 4196 1432 4249 de
1466 4196 1560 4249 illo
1588 4205 1765 4250 tamen
1806 4196 2043 4251 breviter

464 4307 681 4361 quoque
732 4289 1124 4360 disputandum
1174 4295 1288 4352 est,
1339 4302 1409 4343 ne
1462 4288 1622 4352 ideo,
1671 4290 1817 4357 quod
1855 4298 2044 4345 contra

466 4384 643 4451 ipsum
674 4381 867 4436 aﬂ‘erre
899 4381 1037 4435 nihil
1074 4394 1381 4449 possemus,
1412 4379 1828 4450 praetermisisse
1856 4382 2045 4435 videa-

2062 3146 2103 3201 C

2117 534 2311 602 φάσεις
2356 534 2677 604 εὶληφότες,
2731 534 2880 605 ὅμως
2925 533 2982 586 αἱ
3040 532 3437 604 προειρημέναι
3502 528 3635 582 σὺν
3694 528 3767 597 τῇ

2114 625 2306 678 τούτου
2336 624 2430 678 τοῦ
2462 625 2811 679 Οὐαλεντίνου
2844 627 2909 696 τῇ
2935 623 3035 694 τῆς
3078 623 3337 695 ἀληθείας
3375 620 3768 686 διδασκαλίᾳ

2119 718 2588 786 καταπατηθεὼαι
2621 719 2710 788 ὐφ’
2753 719 2908 790 ἡμῶν
2953 716 3354 789 παρείσθωσαν.
3399 716 3644 785 Ἡμεῖς
3705 712 3768 764 δὲ

2118 811 2217 874 τὰς
2246 810 2371 881 ἑξῆς
2396 812 2453 864 ὲν
2481 812 2545 863 τῆ
2576 809 2668 863 τοῦ
2697 809 2833 864 Θεοῦ
2862 809 3087 880 δυνάμει
3115 808 3637 879 διασκοπήσωμεν.

2506 1002 2698 1063 ΚΑΤΑ
2748 1001 3305 1068 ΣΕΚΟΥΝΔΙΛΝΩΝ,

2121 1109 2228 1181 Οἷς
2254 1112 2538 1183 συνῆφθη
2558 1113 2889 1184 Ἐπιςράνης
2913 1115 3009 1168 καὶ
3031 1115 3353 1182 Ἰσίδωρος,
3376 1112 3757 1181 δωδεκάτη,

2497 1187 2536 1253 ἡ
2572 1186 2669 1240 καὶ
2702 1186 3024 1254 τριακοστὴ
3057 1185 3325 1254 δευτέρα.

2192 1276 2270 1332 A'.
2324 1275 2695 1349 Παρελθόντες
2719 1277 2777 1329 δὲ
2802 1277 2902 1347 τὴν
2938 1278 3032 1330 τοῦ
3072 1276 3424 1330 Οὐαλεντίνου
3470 1277 3762 1345 αἵρεσιν,

2122 1368 2218 1423 καὶ
2278 1369 2447 1423 πολλὰ
2511 1368 2879 1439 μοχθήσαντες
2936 1371 2993 1421 ὲν
3052 1371 3119 1439 τῇ
3168 1367 3472 1422 ἀκανθῶδει
3558 1368 3757 1420 αὐτοῦ

2124 1462 2323 1531 σπορᾷ,
2351 1460 2440 1513 διὰ
2473 1458 2688 1523 πολλοῦ,
2725 1459 2799 1523 ὡς
2831 1458 3028 1522 εἰπεῖν,
3055 1458 3304 1528 καμάτου
3336 1458 3431 1511 καὶ
3465 1474 3759 1526 γεωργι-

2124 1553 2227 1622 κῆς
2270 1550 2641 1614 κακοπαθείας
2696 1551 2789 1603 ἐπὶ
2834 1550 2901 1604 τὰ
2951 1550 3179 1618 λείψανα
3227 1550 3326 1621 τῆς
3360 1548 3754 1608 ἀκανθώδους

2123 1642 2285 1696 αὐτοῦ
2322 1644 2529 1714 σπορᾶς
2580 1643 2676 1695 xui.
2719 1642 3056 1714 ἑρπετώδους
3095 1641 3258 1695 αὐτοῦ
3307 1641 3757 1715 θηριομορερίας

2127 1734 2500 1805 ἐλευσόμεθα,
2553 1734 2612 1787 τὸ
2658 1734 2810 1803 ἆγιον
2866 1733 3092 1805 Πνεῦμα
3137 1735 3505 1805 αἰτησάμενοι
3581 1734 3753 1803 παρά

2127 1827 2390 1900 Χριστοῦ,
2425 1829 2505 1890 είς
2543 1826 2604 1879 τὸ
2644 1827 2710 1879 δι’
2740 1826 2904 1880 αὐτοῦ
2928 1827 3228 1879 ὲπισπάσαι
3260 1828 3382 1889 ταῖς
3410 1825 3646 1894 ψυχαῖς
3680 1828 3752 1894 τῇ

2126 1925 2185 1975 ὲν
2217 1920 2335 1990 θεῷ
2366 1920 2686 1990 διδασκαλίᾳ
2733 1919 2828 1972 καὶ
2873 1918 3055 1989 σεμνῷ
3095 1918 3258 1988 λόγῳ,
3298 1919 3572 1981 καὶτοὺς
3627 1918 3753 1979 Ξοὺς

2128 2013 2439 2066 ἀνασπάσαι
2496 2011 2790 2081 δυνηθῆναι
2836 2010 2945 2064 ἀπὸ
3017 2010 3124 2064 τῶν
3180 2010 3323 2064 οὕτω
3370 2010 3751 2081 προειρημές

2127 2124 2234 2161 νων
2262 2105 2394 2175 (84).
2428 2105 2696 2175 ’Ᾱρξομαι
2727 2104 2783 2156 δὲ
2817 2103 2944 2175 περὶ
2977 2102 3182 2156 τούτων
3218 2103 3397 2172 λέγειν
3427 2102 3593 2155 κατὰ
3628 2102 3750 2154 δια-

2128 2196 2323 2266 δοχὴν,
2371 2195 2454 2257 τίς
2483 2195 2626 2257 τίνος
2656 2194 2895 2264 διάδοχος
2943 2194 3233 2264 γεγένηται
3278 2192 3386 2246 τῶν
3429 2193 3497 2258 ἐξ
3558 2190 3743 2245 αὐτοῦ

2128 2286 2485 2358 ὁρμωμένων,
2535 2287 2631 2340 καὶ
2671 2285 2862 2357 ἑτέραν
2915 2273 3065 2356 παρά
3107 2285 3206 2356 τὴν
3235 2284 3441 2337 ἐκείνου
3506 2282 3748 2352 σπορὰν

2128 2376 2508 2431 διδασκόντων.

2204 2552 2493 2615 Σεκοῦνδος
2522 2552 2698 2606 τοίνυν
2728 2568 2812 2617 τις
2842 2553 2900 2620 ἐξ
2929 2552 3107 2607 αὐτῶν
3136 2551 3230 2612 ῶν.
3258 2551 3352 2605 καὶ
3390 2554 3737 2625 περισσότε-

2138 2643 2227 2715 ρόν
2258 2660 2311 2697 τι
2339 2642 2657 2713 βουλόμενος
2686 2645 2972 2716 φρονῆσαι,
3010 2645 3187 2697 πάντα
3223 2644 3320 2713 μὲν
3353 2644 3421 2696 τὰ
3451 2644 3617 2697 κατά
3646 2644 3742 2695 τὸν

2132 2733 2485 2787 Οὐαλεντῖνον
2540 2734 2853 2804 ἐξηγεῖται,
2916 2733 3298 2804 περισσότερον
3344 2733 3402 2785 δὲ
3451 2728 3604 2802 ἦχον
3654 2734 3733 2794 είς

2136 2825 2304 2887 ἀκοὰς
2348 2824 2457 2877 τῶν
2489 2825 3009 2896 ὲμϐεὸροντημένων
3060 2824 3345 2895 ὲξήχησεν.
3390 2817 3579 2888 Οὗτος
3625 2824 3735 2893 γὰρ

2136 2916 2276 2969 κατὰ
2308 2915 2659 2968 Οὐαλεντῖνον
2692 2913 2786 2977 ὢν,
2813 2914 2887 2977 ὼς
2914 2917 3193 2985 προεῖπον,
3225 2915 3365 2984 ὑπὲρ
3389 2913 3446 2965 δὲ
3476 2912 3730 2966 Οὐαλεν-

2136 3010 2279 3061 τῖνον
2321 3006 2553 3077 φρονῶν,
2588 3006 2733 3073 λέγει
2766 3001 2906 3060 εἶναι
2940 3006 3038 3077 τὴν
3072 3004 3295 3076 πρώτην
3327 3005 3604 3073 Ὀγδοάδα
3634 3004 3732 3055 Τε-

2138 3099 2309 3171 τράδα
2335 3098 2539 3165 δεξιὰν,
2572 3098 2668 3152 καὶ
2697 3097 2942 3169 Τετρὰδα
2992 3096 3318 3168 ἀριστεράν·
3358 3095 3509 3150 οὕτω
3544 3112 3727 3165 παραο

2135 3194 2310 3257 διδοὺς
2345 3193 2626 3247 καλεῖσθαι
2657 3191 2756 3260 τὴν
2808 3191 2908 3262 μὲν
2941 3192 3071 3261 μίαν
3113 3190 3265 3253 Φῶς,
3312 3190 3413 3261 τὴν
3456 3190 3521 3243 δὲ
3560 3190 3727 3257 ἄλλην

2136 3286 2335 3348 Σκότος
2359 3303 2372 3316 ·
2416 3284 2517 3356 τὴν
2558 3284 2615 3336 δὲ
2648 3282 2964 3336 ἀποστᾶσαν
2988 3299 3048 3335 τε
3092 3283 3186 3336 καὶ
3220 3282 3613 3353 ὐστερήσασαν
3643 3279 3729 3332 δύ-

2138 3396 2301 3451 ναμιν
2358 3376 2431 3448 μὴ
2480 3371 2620 3429 εἷναι
2655 3374 2763 3428 ἀπὸ
2807 3373 2916 3427 τῶν
2949 3375 3238 3445 τριάκοντα
3280 3372 3548 3439 Δίώνων,
3594 3371 3725 3424 ἀλλά

2141 3473 2277 3545 μετά
2305 3472 2431 3533 τοὺς
2459 3468 2751 3540 τριάκοντα
2783 3468 3014 3530 Αίῶνας,
3038 3468 3113 3531 ὡς
3132 3462 3270 3520 εἶναι
3298 3466 3405 3522 ἀπὸ
3428 3466 3544 3519 τῶν
3589 3464 3726 3536 μετὰ

2137 3563 2236 3635 τὴν
2267 3562 2524 3631 Ὀγδοάδα
2548 3562 2649 3631 τὴν
2674 3559 2840 3630 ἄλλην
2873 3559 3166 3630 κατωτέρω
3192 3559 3526 3629 γενομένων.
3561 3558 3643 3611 Τά
3670 3556 3721 3607 δὲ

2140 3657 2317 3711 πάντα
2353 3655 2481 3727 περὶ
2503 3652 2740 3725 Χριστοῦ
2765 3653 2859 3707 καὶ
2891 3652 3001 3705 τῶν
3028 3652 3200 3705 ἄλλων
3226 3651 3516 3723 δογμάτων
3548 3648 3723 3703 ὡσαύ-

2139 3766 2247 3812 τως
2284 3747 2361 3819 τῷ
2399 3748 2513 3818 ίδίῳ
2542 3745 2764 3818 χορηγῷ
2801 3745 2877 3816 τῷ
2918 3744 2997 3798 ίοῦ
3046 3746 3138 3798 καὶ
3180 3745 3366 3815 δοτῆρι
3426 3744 3525 3797 τοῦ
3559 3744 3718 3813 δηλη·

2140 3843 2329 3913 τηρίου
2370 3839 2707 3909 Οὐαλεντίνῳ
2728 3837 3064 3909 δογματίζει.
3097 3838 3187 3906 Μὴ
3218 3836 3428 3890 πολλῶν
3460 3837 3523 3890 δὲ
3556 3837 3718 3889 ὄντων

2139 3934 2248 3987 τῶν
2298 3932 2404 3985 ὐπὸ
2450 3930 2638 3984 τούτου
2687 3930 2960 4000 διαφόρως
2996 3926 3510 3998 ξενολεκτουμένων,
3560 3929 3713 3998 ἀρκε-

2146 4025 2335 4095 σθῆναι
2366 4025 2463 4096 μὲν
2488 4024 2784 4096 ἡγησάμην
2810 4023 2918 4077 δεῖν
2940 4026 3053 4087 τοῖς
3076 4021 3517 4094 προειρημένοις,
3541 4021 3716 4090 ἔχουσι

2145 4115 2238 4167 καὶ
2261 4115 2353 4182 ἀφ’
2382 4115 2591 4168 ἑαυτῶν
2614 4116 2712 4184 τὴν
2742 4114 3073 4184 ἀνατροπὴν,
3103 4114 3253 4183 ὅμως
3277 4112 3322 4164 δ’
3353 4108 3444 4164 οὖν
3471 4113 3571 4164 καὶ
3598 4109 3713 4179 περὶ

2146 4205 2311 4259 αὐτοῦ
2357 4205 2512 4275 ὀλίγα
2558 4205 2717 4273 λέξω,
2754 4207 2839 4260 ἵνα
2895 4206 2968 4276 μὴ
3025 4205 3089 4257 δι’
3137 4204 3370 4274 ἀπορίαν
3418 4202 3713 4274 παρεληλυ-

2146 4295 2298 4349 θέναι
2331 4313 2383 4348 τι
2435 4297 2554 4349 κατ’
2590 4294 2751 4348 αὐτὸν
2799 4294 2954 4359 δόξω.
3004 4293 3067 4345 Εἰ
3102 4292 3211 4363 γὰρ
3254 4292 3524 4361 Τετράδες
3556 4286 3711 4352 δεξιαὶ

2149 4391 2244 4443 καὶ
2275 4388 2443 4441 εὐώνυ
2453 4405 2543 4458 μοι
2576 4389 2706 4458 παρ’
2734 4388 2918 4451 αὐτοῖς
2944 4386 3255 4447 τάσσονται,
3289 4381 3640 4456 εύρεθήσεταί
3668 4394 3712 4431 τι

467 4462 609 4529 mur.
649 4475 817 4545 Igitur
850 4474 895 4529 si
923 4472 1186 4529 Tetrades
1212 4489 1279 4528 ex
1312 4473 1527 4526 illorum
1562 4473 1818 4542 Opinione
1843 4474 2033 4528 dextra

2152 4477 2315 4548 ζητού
2325 4494 2483 4549 μενον
2504 4477 2666 4547 μέσον
2687 4475 2783 4529 τοῦ
2798 4492 2856 4528 τε
2873 4475 3047 4540 δεξιοῦ
3064 4476 3156 4528 καὶ
3173 4474 3263 4527 τοῦ
3282 4472 3596 4545 ἀριστεροῦ·
3619 4470 3713 4522 πᾶν

467 4575 597 4621 sunt
629 4581 691 4621 ac
738 4558 1011 4631 sinistrae,
1044 4566 1283 4620 medium
1317 4565 1460 4620 inter
1487 4580 1581 4619 eas
1611 4566 1868 4635 quiddam
1907 4567 2046 4620 assi-

466 4658 622 4729 gnari
678 4664 947 4726 oportet,
976 4664 1264 4726 propterea
1315 4653 1461 4726 quod
1503 4656 1769 4726 quidquid
1825 4656 2045 4711 dextros

468 4751 631 4805 habet
663 4766 725 4804 ac
761 4750 1021 4805 sinistros
1052 4747 1295 4812 ordines,
1336 4752 1392 4802 in
1430 4763 1619 4802 eorum
1654 4748 1836 4803 medio
1872 4750 2044 4803 collo-

476 4844 589 4895 cari
638 4857 860 4896 necesse
887 4849 1009 4908 est;
1058 4840 1221 4910 209
1250 4856 1423 4910 neque
1460 4839 1650 4895 dextra
1688 4840 1772 4895 vel
1819 4841 2040 4896 sinistra

469 4934 682 5003 uspiam
725 4949 848 4989 esse
898 4940 1161 5003 possunt,
1215 4932 1324 4986 nisi
1377 4948 1445 4987 ex
1490 4931 1777 5002 interjecto
1816 4948 2046 5002 corpore

473 5028 757 5096 utriusque
803 5027 977 5097 partis
1024 5025 1321 5080 discrimen
1372 5033 1607 5095 petatur.
1655 5024 2041 5091 Quamobrem,

472 5120 828 5176 stolidissime
867 5119 1179 5175 mortalium
1237 5117 1527 5186 Secunde,
1572 5133 1779 5188 vosque
1832 5118 2045 5175 Secun-

472 5214 616 5266 diaui
648 5227 860 5278 omnes,
896 5211 1133 5266 medium
1165 5213 1269 5266 erit
1304 5229 1471 5267 unum
1506 5213 1732 5283 aliquid,
1771 5214 1859 5268 cui
1911 5216 2046 5271 sini-

475 5314 585 5359 stra
620 5303 919 5373 dextraque
952 5318 1071 5372 qua:
1104 5302 1364 5359 dicuntur
1396 5306 1641 5375 subjecta
1682 5306 1834 5363 sint:
1870 5324 2047 5379 neque

475 5398 545 5451 ab
583 5412 692 5451 uno
725 5397 817 5451 illo
856 5396 1093 5450 alienum
1128 5396 1181 5449 id
1225 5412 1347 5452 esse
1394 5400 1619 5468 poterit,
1653 5399 1798 5470 quod
1834 5401 1882 5455 ei
1918 5400 2047 5456 sub-

476 5488 660 5556 jicitur
691 5486 944 5541 dextrum
983 5494 1076 5540 aut
1104 5486 1391 5543 sinistrum
1422 5509 1434 5543 :
1478 5500 1645 5559 atque
1680 5491 1756 5544 ita
1788 5489 1857 5544 ad
1886 5506 2051 5544 unam

475 5579 765 5651 quamdam
794 5587 1045 5635 naturam
1093 5580 1353 5637 universa
1393 5583 1722 5652 referentur,
1763 5600 1870 5655 qua
1915 5586 2053 5640 nihil

2148 4571 2256 4640 γὰρ
2300 4568 2479 4622 ὁτιοῦν
2513 4566 2692 4632 δεξιὰς
2726 4566 2847 4637 ἕχον
2876 4567 2972 4618 καὶ
3004 4564 3319 4634 εὐωνύμους
3348 4563 3533 4627 τάξεις
3566 4562 3709 4633 μέσον

2147 4663 2345 4730 ἕστηκε
2376 4661 2485 4713 τῶν
2516 4659 2813 4730 εὐωνύμων
2835 4657 3022 4712 οαύτοῦ
3060 4659 3153 4711 καὶ
3186 4655 3373 4722 δεξιῶν
3394 4670 3409 4685 ·
3440 4657 3536 4709 καὶ
3572 4654 3711 4708 0'56:-

2151 4750 2253 4823 μοῦ
2286 4751 2574 4821 δυνήσεται
2597 4746 2899 4812 εἷναιδεξιὰ
2926 4748 3259 4818 ἢάριστερὲ,
3291 4748 3340 4798 εί
3371 4748 3445 4817 μή
3475 4763 3531 4798 τι
3570 4747 3629 4799 ἂν
3650 4745 3704 4795 ἐκ

2153 4834 2579 4912 μεσολαϐοῦντος
2606 4838 2858 4910 σώματος
2888 4837 3149 4908 ἐκατέρου
3166 4837 3366 4909 μέρους
3383 4839 3416 4906 ἡ
3452 4837 3706 4908 διάκρισις

2150 4932 2393 5002 γένηται,
2434 4932 2575 5002 Ἀρα
2609 4926 2722 4997 οὖν,
2751 4929 2944 5000 ἀνόητε
2984 4926 3264 4992 Σεκοῦνδε,
3302 4929 3395 4980 καὶ
3416 4928 3465 4979 οἱ
3486 4928 3593 4981 ἀπὸ
3619 4921 3697 4976 σοῦ

2150 5026 2515 5099 ἠπατημένοι,
2546 5024 2607 5079 τὸ
2638 5024 2982 5095 μεσαίτατον,
3006 5023 3097 5091 ἀφ’
3122 5018 3295 5093 οὗπερ
3324 5023 3418 5074 καὶ
3462 5016 3703 5092 ἀριστερᾶ

2152 5120 2247 5172 καὶ
2284 5118 2434 5185 δεξιά
2475 5118 2895 5178 ὑποπίπτουσιν,
2930 5115 3081 5168 ἔσται
3130 5114 3189 5167 ἓν
3218 5130 3295 5174 τι,
3324 5114 3419 5167 καὶ
3460 5114 3522 5165 οὐ
3574 5109 3701 5179 δυνή-

2154 5230 2306 5266 σεται
2359 5211 2636 5282 ἀλλότριον
2684 5207 2822 5263 εἶναι
2866 5206 2961 5262 τοῦ
3001 5207 3118 5270 ἑνός
3159 5223 3303 5268 τινος
3344 5205 3405 5257 τὸ
3455 5205 3515 5270 ἐξ
3565 5201 3699 5258 αὐτοῦ

2153 5304 2458 5358 ὐποπίπτον
2483 5302 2655 5366 δεξιόν
2689 5318 2748 5355 τε
2793 5300 2887 5354 καὶ
2934 5297 3212 5368 εὐώνυμον
3235 5313 3249 5327 °
3282 5296 3376 5349 καὶ
3424 5297 3698 5361 ὲξανάγκης

2158 5397 2523 5468 ἀναχθήσεται
2564 5394 2626 5447 τὸ
2658 5395 2764 5447 πᾶν
2797 5394 2878 5455 είς
2908 5392 2969 5444 τὸ
3016 5390 3073 5442 ἓν
3106 5389 3186 5450 ὃν,
3213 5382 3272 5440 οῦ
3306 5386 3579 5442 ἀνώτατον
3606 5384 3697 5437 οὐδὲ

2156 5490 2215 5544 ἓν
2247 5491 2415 5553 ἐστιν,
2450 5487 2572 5541 οὔτε
2616 5484 2985 5556 ύποϐεϐηκὸς,
3033 5481 3157 5536 οὔτε
3193 5481 3525 5544 κατώτατον,
3562 5481 3603 5532 εἰ
3642 5475 3695 5543 μὴ

2160 5600 2227 5637 τα
2261 5583 2352 5636 ὐπ’
2378 5581 2544 5636 αὐτοῦ
2594 5578 2920 5651 ἐκτισμένα·
2956 5576 3052 5633 καὶ
3090 5574 3255 5629 ἔσται·
3290 5572 3450 5628 τοῦτο
3502 5567 3696 5641 cavam

550 5736 659 5806 (δι)
726 5737 852 5793 Λπὸ
898 5738 1014 5793 τῶν
1055 5740 1205 5796 οὕτω
1255 5744 1704 5812 προειρημὲνιιηκ
1742 5743 1863 5798 Cor.
1908 5740 2323 5816 προῃρημένων.
