  <div class='ocr_page' id='page_1' title='image "/cluster/home/n/w/nwhite01/storage/ocr_20150623/41/hvd.32044011753001/300.png"; bbox 0 0 3772 6188; ppageno 0'>
   <div class='ocr_carea' id='block_1_1' title="bbox 65 226 158 279">
    <p class='ocr_par' dir='ltr' id='par_1_1' title="bbox 65 226 158 279">
     <span class='ocr_line' id='line_1_1' title="bbox 65 226 158 279; baseline 0 0"><span class='ocrx_word' id='word_1_1' title='bbox 65 226 158 279; x_wconf 64' lang='grc'><strong>545</strong></span> 
     </span>
    </p>
   </div>
   <div class='ocr_carea' id='block_1_2' title="bbox 766 215 2742 279">
    <p class='ocr_par' dir='ltr' id='par_1_2' title="bbox 766 215 2742 279">
     <span class='ocr_line' id='line_1_2' title="bbox 766 215 2742 279; baseline -0.003 -2"><span class='ocrx_word' id='word_1_2' title='bbox 766 220 1137 279; x_wconf 79' lang='lat' dir='ltr'><strong>ADVERSUS</strong></span> <span class='ocrx_word' id='word_1_3' title='bbox 1174 218 1519 276; x_wconf 65' lang='lat' dir='ltr'><strong>HERESES</strong></span> <span class='ocrx_word' id='word_1_4' title='bbox 1558 217 1688 275; x_wconf 82' lang='lat' dir='ltr'><strong>LIB.</strong></span> <span class='ocrx_word' id='word_1_5' title='bbox 1730 217 1774 275; x_wconf 87' lang='grc'><strong>1.</strong></span> <span class='ocrx_word' id='word_1_6' title='bbox 1818 216 1983 274; x_wconf 81' lang='lat' dir='ltr'><strong>TOM.</strong></span> <span class='ocrx_word' id='word_1_7' title='bbox 2026 216 2179 272; x_wconf 83' lang='lat' dir='ltr'><strong>IL—</strong></span> <span class='ocrx_word' id='word_1_8' title='bbox 2218 215 2490 273; x_wconf 65' lang='lat' dir='ltr'><strong>&quot;ABRES.</strong></span> <span class='ocrx_word' id='word_1_9' title='bbox 2525 216 2742 274; x_wconf 74' lang='lat' dir='ltr'><strong>XXXII.</strong></span> 
     </span>
    </p>
   </div>
   <div class='ocr_carea' id='block_1_3' title="bbox 3194 218 3299 276">
    <p class='ocr_par' dir='ltr' id='par_1_3' title="bbox 3194 218 3299 276">
     <span class='ocr_line' id='line_1_3' title="bbox 3194 218 3299 276; baseline 0.019 -2"><span class='ocrx_word' id='word_1_10' title='bbox 3194 218 3299 276; x_wconf 60' lang='lat'><strong>556</strong></span> 
     </span>
    </p>
   </div>
   <div class='ocr_carea' id='block_1_4' title="bbox 64 328 1609 407">
    <p class='ocr_par' dir='ltr' id='par_1_4' title="bbox 64 328 1609 407">
     <span class='ocr_line' id='line_1_4' title="bbox 64 328 1609 407; baseline -0.002 -19"><span class='ocrx_word' id='word_1_11' title='bbox 64 340 159 399; x_wconf 81' lang='grc' dir='ltr'>τοῖς</span> <span class='ocrx_word' id='word_1_12' title='bbox 204 335 301 407; x_wconf 74' lang='grc' dir='ltr'><strong>τὴν</strong></span> <span class='ocrx_word' id='word_1_13' title='bbox 351 334 614 405; x_wconf 82' lang='grc' dir='ltr'>ἀλήθειαν</span> <span class='ocrx_word' id='word_1_14' title='bbox 660 335 1163 406; x_wconf 79' lang='grc' dir='ltr'><strong>καταμανθάνουσιν</strong></span> <span class='ocrx_word' id='word_1_15' title='bbox 1182 375 1196 399; x_wconf 96' lang='grc'><strong>,</strong></span> <span class='ocrx_word' id='word_1_16' title='bbox 1231 335 1313 388; x_wconf 86' lang='grc' dir='ltr'>δτι</span> <span class='ocrx_word' id='word_1_17' title='bbox 1359 328 1441 397; x_wconf 74' lang='grc' dir='ltr'>εἷς</span> <span class='ocrx_word' id='word_1_18' title='bbox 1488 333 1609 397; x_wconf 78' lang='grc' dir='ltr'>Θεός</span> 
     </span>
    </p>
   </div>
   <div class='ocr_carea' id='block_1_5' title="bbox 1768 328 3297 407">
    <p class='ocr_par' dir='ltr' id='par_1_5' title="bbox 1768 330 3297 402">
     <span class='ocr_line' id='line_1_5' title="bbox 1768 330 3297 402; baseline 0 -15"><span class='ocrx_word' id='word_1_19' title='bbox 1768 348 1900 402; x_wconf 85' lang='lat' dir='ltr'><strong>eque</strong></span> <span class='ocrx_word' id='word_1_20' title='bbox 1950 330 2210 401; x_wconf 85' lang='lat' dir='ltr'><strong>superius</strong></span> <span class='ocrx_word' id='word_1_21' title='bbox 2246 330 2354 395; x_wconf 87' lang='lat' dir='ltr'><strong>sit,</strong></span> <span class='ocrx_word' id='word_1_22' title='bbox 2410 346 2589 400; x_wconf 89' lang='lat' dir='ltr'><strong>neque</strong></span> <span class='ocrx_word' id='word_1_23' title='bbox 2653 331 2909 397; x_wconf 78' lang='lat' dir='ltr'><strong>inferius,</strong></span> <span class='ocrx_word' id='word_1_24' title='bbox 2960 332 3297 402; x_wconf 75' lang='lat' dir='ltr'><strong>intimumve,</strong></span> 
     </span>
    </p>
   </div>
   <div class='ocr_carea' id='block_1_6' title="bbox 61 425 1620 498">
    <p class='ocr_par' dir='ltr' id='par_1_6' title="bbox 61 425 1620 498">
     <span class='ocr_line' id='line_1_6' title="bbox 61 425 1620 498; baseline -0.003 -16"><span class='ocrx_word' id='word_1_25' title='bbox 61 432 213 491; x_wconf 73' lang='grc' dir='ltr'>ἐστιν,</span> <span class='ocrx_word' id='word_1_26' title='bbox 243 430 270 480; x_wconf 86' lang='grc' dir='ltr'>ὁ</span> <span class='ocrx_word' id='word_1_27' title='bbox 302 426 512 498; x_wconf 81' lang='grc' dir='ltr'>Πατὴρ,</span> <span class='ocrx_word' id='word_1_28' title='bbox 546 427 639 480; x_wconf 80' lang='grc' dir='ltr'><strong>καὶ</strong></span> <span class='ocrx_word' id='word_1_29' title='bbox 670 427 819 490; x_wconf 80' lang='grc' dir='ltr'>Υἱὸς,</span> <span class='ocrx_word' id='word_1_30' title='bbox 856 428 952 481; x_wconf 74' lang='grc' dir='ltr'><strong>καὶ</strong></span> <span class='ocrx_word' id='word_1_31' title='bbox 991 427 1145 494; x_wconf 74' lang='grc' dir='ltr'>ἅγιον</span> <span class='ocrx_word' id='word_1_32' title='bbox 1188 426 1433 496; x_wconf 90' lang='grc' dir='ltr'>Πνεῦμα.</span> <span class='ocrx_word' id='word_1_33' title='bbox 1470 427 1532 478; x_wconf 83' lang='lat' dir='ltr'><strong>El</strong></span> <span class='ocrx_word' id='word_1_34' title='bbox 1562 425 1620 478; x_wconf 80' lang='grc' dir='ltr'><strong>δὲ</strong></span> 
     </span>
    </p>
   </div>
   <div class='ocr_carea' id='block_1_7' title="bbox 60 500 1622 589">
    <p class='ocr_par' dir='ltr' id='par_1_7' title="bbox 60 500 1622 589">
     <span class='ocr_line' id='line_1_7' title="bbox 60 500 1622 589; baseline -0.003 -16"><span class='ocrx_word' id='word_1_35' title='bbox 60 517 131 583; x_wconf 74' lang='grc' dir='ltr'>εἷς</span> <span class='ocrx_word' id='word_1_36' title='bbox 167 520 295 582; x_wconf 84' lang='grc' dir='ltr'>Θεός</span> <span class='ocrx_word' id='word_1_37' title='bbox 340 521 510 579; x_wconf 78' lang='grc' dir='ltr'>ἐστιν,</span> <span class='ocrx_word' id='word_1_38' title='bbox 549 519 608 582; x_wconf 75' lang='grc' dir='ltr'><strong>ἐξ</strong></span> <span class='ocrx_word' id='word_1_39' title='bbox 648 511 711 571; x_wconf 74' lang='grc' dir='ltr'>οὗ</span> <span class='ocrx_word' id='word_1_40' title='bbox 756 519 826 571; x_wconf 85' lang='grc' dir='ltr'>τὰ</span> <span class='ocrx_word' id='word_1_41' title='bbox 868 500 1219 581; x_wconf 78' lang='grc' dir='ltr'>πάντα,ὀῦτε</span> <span class='ocrx_word' id='word_1_42' title='bbox 1255 535 1308 571; x_wconf 87' lang='grc' dir='ltr'><strong>τι</strong></span> <span class='ocrx_word' id='word_1_43' title='bbox 1336 517 1622 589; x_wconf 74' lang='grc' dir='ltr'>ἀριστερόν</span> 
     </span>
    </p>
   </div>
   <div class='ocr_carea' id='block_1_8' title="bbox 60 608 1625 681">
    <p class='ocr_par' dir='ltr' id='par_1_8' title="bbox 60 608 1625 681">
     <span class='ocr_line' id='line_1_8' title="bbox 60 608 1625 681; baseline -0.003 -16"><span class='ocrx_word' id='word_1_44' title='bbox 60 616 193 665; x_wconf 80' lang='grc' dir='ltr'>ἐστιν</span> <span class='ocrx_word' id='word_1_45' title='bbox 222 612 279 663; x_wconf 81' lang='grc' dir='ltr'>ὲν</span> <span class='ocrx_word' id='word_1_46' title='bbox 316 610 487 679; x_wconf 81' lang='grc' dir='ltr'>αὐτῷ,</span> <span class='ocrx_word' id='word_1_47' title='bbox 524 609 647 662; x_wconf 76' lang='grc' dir='ltr'>οὒτε</span> <span class='ocrx_word' id='word_1_48' title='bbox 687 610 975 679; x_wconf 77' lang='grc' dir='ltr'><strong>ἐλάττωμα</strong></span> <span class='ocrx_word' id='word_1_49' title='bbox 1008 611 1217 681; x_wconf 71' lang='grc' dir='ltr'>ἕτερον,</span> <span class='ocrx_word' id='word_1_50' title='bbox 1248 608 1371 662; x_wconf 75' lang='grc' dir='ltr'>οὔτε</span> <span class='ocrx_word' id='word_1_51' title='bbox 1407 626 1458 661; x_wconf 85' lang='grc' dir='ltr'><strong>τι</strong></span> <span class='ocrx_word' id='word_1_52' title='bbox 1492 609 1625 661; x_wconf 83' lang='grc' dir='ltr'>ὑπο-</span> 
     </span>
    </p>
   </div>
   <div class='ocr_carea' id='block_1_9' title="bbox 59 688 1624 779">
    <p class='ocr_par' dir='ltr' id='par_1_9' title="bbox 59 688 1624 779">
     <span class='ocr_line' id='line_1_9' title="bbox 59 688 1624 779; baseline -0.002 -24"><span class='ocrx_word' id='word_1_53' title='bbox 59 703 318 773; x_wconf 82' lang='grc' dir='ltr'>ϐεϐηκὸς,</span> <span class='ocrx_word' id='word_1_54' title='bbox 362 702 499 779; x_wconf 75' lang='grc' dir='ltr'>πλὴν</span> <span class='ocrx_word' id='word_1_55' title='bbox 553 702 660 755; x_wconf 85' lang='grc' dir='ltr'><strong>τῶν</strong></span> <span class='ocrx_word' id='word_1_56' title='bbox 706 702 798 755; x_wconf 82' lang='grc' dir='ltr'>ὑπ’</span> <span class='ocrx_word' id='word_1_57' title='bbox 840 702 1005 755; x_wconf 84' lang='grc' dir='ltr'>αὑτοῦ</span> <span class='ocrx_word' id='word_1_58' title='bbox 1052 688 1522 771; x_wconf 51' lang='grc' dir='ltr'>ὲκτισμένωνέΤά</span> <span class='ocrx_word' id='word_1_59' title='bbox 1567 698 1624 752; x_wconf 82' lang='grc' dir='ltr'><strong>δὲ</strong></span> 
     </span>
    </p>
   </div>
   <div class='ocr_carea' id='block_1_10' title="bbox 60 790 1625 865">
    <p class='ocr_par' dir='ltr' id='par_1_10' title="bbox 60 790 1625 865">
     <span class='ocr_line' id='line_1_10' title="bbox 60 790 1625 865; baseline -0.004 -19"><span class='ocrx_word' id='word_1_60' title='bbox 60 794 191 865; x_wconf 85' lang='grc' dir='ltr'><strong>μετά</strong></span> <span class='ocrx_word' id='word_1_61' title='bbox 237 794 475 864; x_wconf 83' lang='grc' dir='ltr'>Πατέρα,</span> <span class='ocrx_word' id='word_1_62' title='bbox 524 792 616 845; x_wconf 78' lang='grc' dir='ltr'>καὶ</span> <span class='ocrx_word' id='word_1_63' title='bbox 663 792 811 856; x_wconf 82' lang='grc' dir='ltr'>Υἱὸν,</span> <span class='ocrx_word' id='word_1_64' title='bbox 846 792 940 845; x_wconf 74' lang='grc' dir='ltr'>καὶ</span> <span class='ocrx_word' id='word_1_65' title='bbox 992 791 1144 860; x_wconf 74' lang='grc' dir='ltr'>ἅγιον</span> <span class='ocrx_word' id='word_1_66' title='bbox 1178 790 1402 860; x_wconf 81' lang='grc' dir='ltr'>Πνεῦμα</span> <span class='ocrx_word' id='word_1_67' title='bbox 1447 790 1625 842; x_wconf 86' lang='grc' dir='ltr'>πάντα</span> 
     </span>
    </p>
   </div>
   <div class='ocr_carea' id='block_1_11' title="bbox 58 880 1626 954">
    <p class='ocr_par' dir='ltr' id='par_1_11' title="bbox 58 880 1626 954">
     <span class='ocr_line' id='line_1_11' title="bbox 58 880 1626 954; baseline -0.003 -17"><span class='ocrx_word' id='word_1_68' title='bbox 58 885 228 948; x_wconf 83' lang='grc' dir='ltr'>καλῶς</span> <span class='ocrx_word' id='word_1_69' title='bbox 262 884 575 954; x_wconf 74' lang='grc' dir='ltr'><strong>ἐκτισμένα,</strong></span> <span class='ocrx_word' id='word_1_70' title='bbox 616 884 712 936; x_wconf 77' lang='grc' dir='ltr'><strong>καὶ</strong></span> <span class='ocrx_word' id='word_1_71' title='bbox 752 886 832 947; x_wconf 82' lang='grc' dir='ltr'><strong>είς</strong></span> <span class='ocrx_word' id='word_1_72' title='bbox 868 884 1126 938; x_wconf 83' lang='grc' dir='ltr'>σύστασιν</span> <span class='ocrx_word' id='word_1_73' title='bbox 1150 885 1240 937; x_wconf 77' lang='grc' dir='ltr'>ὑπ’</span> <span class='ocrx_word' id='word_1_74' title='bbox 1267 881 1431 935; x_wconf 84' lang='grc' dir='ltr'>αὐτοῦ</span> <span class='ocrx_word' id='word_1_75' title='bbox 1457 880 1626 950; x_wconf 86' lang='grc' dir='ltr'>ἀφθό-</span> 
     </span>
    </p>
   </div>
   <div class='ocr_carea' id='block_1_12' title="bbox 60 971 1554 1047">
    <p class='ocr_par' dir='ltr' id='par_1_12' title="bbox 60 971 1554 1047">
     <span class='ocr_line' id='line_1_12' title="bbox 60 971 1554 1047; baseline 0 -18"><span class='ocrx_word' id='word_1_76' title='bbox 60 993 157 1039; x_wconf 86' lang='grc' dir='ltr'><strong>νως</strong></span> <span class='ocrx_word' id='word_1_77' title='bbox 184 971 246 1029; x_wconf 86' lang='grc' dir='ltr'><strong>εὖ</strong></span> <span class='ocrx_word' id='word_1_78' title='bbox 276 974 703 1047; x_wconf 83' lang='grc' dir='ltr'>προεληλυθότα.</span> <span class='ocrx_word' id='word_1_79' title='bbox 1550 982 1554 985; x_wconf 88' lang='grc'><em>’</em></span> 
     </span>
    </p>
   </div>
   <div class='ocr_carea' id='block_1_13' title="bbox 117 1235 1621 1312">
    <p class='ocr_par' dir='ltr' id='par_1_13' title="bbox 117 1235 1621 1312">
     <span class='ocr_line' id='line_1_13' title="bbox 117 1235 1621 1312; baseline -0.005 -16"><span class='ocrx_word' id='word_1_80' title='bbox 117 1244 190 1298; x_wconf 86' lang='lat' dir='ltr'><strong>B‘.</strong></span> <span class='ocrx_word' id='word_1_81' title='bbox 236 1243 299 1295; x_wconf 83' lang='lat' dir='ltr'><strong>Ei.</strong></span> <span class='ocrx_word' id='word_1_82' title='bbox 331 1242 387 1294; x_wconf 81' lang='grc' dir='ltr'><strong>δὲ</strong></span> <span class='ocrx_word' id='word_1_83' title='bbox 420 1242 513 1295; x_wconf 74' lang='grc' dir='ltr'><strong>καὶ</strong></span> <span class='ocrx_word' id='word_1_84' title='bbox 546 1240 703 1294; x_wconf 87' lang='grc' dir='ltr'>πάλιν</span> <span class='ocrx_word' id='word_1_85' title='bbox 737 1240 852 1312; x_wconf 82' lang='grc' dir='ltr'>ὲρεῖ</span> <span class='ocrx_word' id='word_1_86' title='bbox 895 1239 924 1292; x_wconf 83' lang='grc' dir='ltr'>ὁ</span> <span class='ocrx_word' id='word_1_87' title='bbox 967 1235 1209 1300; x_wconf 84' lang='grc' dir='ltr'>τοιοῦτος</span> <span class='ocrx_word' id='word_1_88' title='bbox 1247 1238 1378 1307; x_wconf 81' lang='grc' dir='ltr'>ἡμῖν</span> <span class='ocrx_word' id='word_1_89' title='bbox 1424 1235 1621 1308; x_wconf 72' lang='grc' dir='ltr'>προελ-</span> 
     </span>
    </p>
   </div>
   <div class='ocr_carea' id='block_1_14' title="bbox 55 1327 1627 1405">
    <p class='ocr_par' dir='ltr' id='par_1_14' title="bbox 55 1327 1627 1405">
     <span class='ocr_line' id='line_1_14' title="bbox 55 1327 1627 1405; baseline -0.005 -17"><span class='ocrx_word' id='word_1_90' title='bbox 55 1336 151 1388; x_wconf 85' lang='grc' dir='ltr'>θὼν</span> <span class='ocrx_word' id='word_1_91' title='bbox 184 1337 372 1405; x_wconf 70' lang='grc' dir='ltr'>ἕτερος</span> <span class='ocrx_word' id='word_1_92' title='bbox 410 1333 552 1401; x_wconf 76' lang='grc' dir='ltr'>ὃφις,</span> <span class='ocrx_word' id='word_1_93' title='bbox 590 1333 672 1385; x_wconf 82' lang='grc' dir='ltr'>ὅτι</span> <span class='ocrx_word' id='word_1_94' title='bbox 716 1332 785 1389; x_wconf 82' lang='grc' dir='ltr'><strong>τά</strong></span> <span class='ocrx_word' id='word_1_95' title='bbox 819 1331 915 1401; x_wconf 84' lang='grc' dir='ltr'><strong>μὲν</strong></span> <span class='ocrx_word' id='word_1_96' title='bbox 948 1329 1095 1393; x_wconf 82' lang='grc' dir='ltr'>δεξιὰ</span> <span class='ocrx_word' id='word_1_97' title='bbox 1138 1329 1232 1382; x_wconf 76' lang='grc' dir='ltr'><strong>καὶ</strong></span> <span class='ocrx_word' id='word_1_98' title='bbox 1274 1327 1529 1397; x_wconf 84' lang='grc' dir='ltr'>εὐώνυμα</span> <span class='ocrx_word' id='word_1_99' title='bbox 1563 1330 1627 1380; x_wconf 77' lang='grc' dir='ltr'>ἐκ</span> 
     </span>
    </p>
   </div>
   <div class='ocr_carea' id='block_1_15' title="bbox 52 1417 1629 1494">
    <p class='ocr_par' dir='ltr' id='par_1_15' title="bbox 52 1417 1629 1494">
     <span class='ocr_line' id='line_1_15' title="bbox 52 1417 1629 1494; baseline -0.008 -14"><span class='ocrx_word' id='word_1_100' title='bbox 52 1425 136 1480; x_wconf 84' lang='grc' dir='ltr'><strong>τοῦ</strong></span> <span class='ocrx_word' id='word_1_101' title='bbox 171 1425 294 1488; x_wconf 77' lang='grc' dir='ltr'>ἐνὸς</span> <span class='ocrx_word' id='word_1_102' title='bbox 320 1425 575 1494; x_wconf 82' lang='grc' dir='ltr'><strong>ὑπάρχει,</strong></span> <span class='ocrx_word' id='word_1_103' title='bbox 607 1422 767 1484; x_wconf 84' lang='grc' dir='ltr'>αὐτὸς</span> <span class='ocrx_word' id='word_1_104' title='bbox 795 1420 852 1474; x_wconf 83' lang='grc' dir='ltr'><strong>δὲ</strong></span> <span class='ocrx_word' id='word_1_105' title='bbox 884 1418 1208 1490; x_wconf 79' lang='grc' dir='ltr'>μεσαίτατός</span> <span class='ocrx_word' id='word_1_106' title='bbox 1231 1420 1367 1480; x_wconf 76' lang='grc' dir='ltr'>ἐστι,</span> <span class='ocrx_word' id='word_1_107' title='bbox 1391 1417 1486 1471; x_wconf 73' lang='grc' dir='ltr'><strong>καὶ</strong></span> <span class='ocrx_word' id='word_1_108' title='bbox 1509 1418 1629 1469; x_wconf 83' lang='grc' dir='ltr'>ἑαυ-</span> 
     </span>
    </p>
   </div>
   <div class='ocr_carea' id='block_1_16' title="bbox 54 1509 1628 1590">
    <p class='ocr_par' dir='ltr' id='par_1_16' title="bbox 54 1509 1628 1590">
     <span class='ocr_line' id='line_1_16' title="bbox 54 1509 1628 1590; baseline -0.008 -17"><span class='ocrx_word' id='word_1_109' title='bbox 54 1522 124 1589; x_wconf 83' lang='grc' dir='ltr'>τῷ</span> <span class='ocrx_word' id='word_1_110' title='bbox 157 1521 260 1590; x_wconf 86' lang='grc' dir='ltr'><strong>μὲν</strong></span> <span class='ocrx_word' id='word_1_111' title='bbox 292 1519 623 1589; x_wconf 80' lang='grc' dir='ltr'>προσάγεται</span> <span class='ocrx_word' id='word_1_112' title='bbox 652 1515 721 1568; x_wconf 78' lang='grc' dir='ltr'>τὰ</span> <span class='ocrx_word' id='word_1_113' title='bbox 755 1513 925 1577; x_wconf 79' lang='grc' dir='ltr'>δεξιὰ,</span> <span class='ocrx_word' id='word_1_114' title='bbox 955 1513 1048 1566; x_wconf 77' lang='grc' dir='ltr'>καὶ</span> <span class='ocrx_word' id='word_1_115' title='bbox 1074 1512 1253 1582; x_wconf 82' lang='grc' dir='ltr'>χαίρει</span> <span class='ocrx_word' id='word_1_116' title='bbox 1289 1509 1519 1573; x_wconf 80' lang='grc' dir='ltr'>τούτοις,</span> <span class='ocrx_word' id='word_1_117' title='bbox 1542 1510 1628 1562; x_wconf 86' lang='grc' dir='ltr'><strong>δε-</strong></span> 
     </span>
    </p>
   </div>
   <div class='ocr_carea' id='block_1_17' title="bbox 54 1601 1628 1676">
    <p class='ocr_par' dir='ltr' id='par_1_17' title="bbox 54 1601 1628 1676">
     <span class='ocr_line' id='line_1_17' title="bbox 54 1601 1628 1676; baseline -0.006 -13"><span class='ocrx_word' id='word_1_118' title='bbox 54 1610 137 1675; x_wconf 78' lang='grc' dir='ltr'><strong>ξιά</strong></span> <span class='ocrx_word' id='word_1_119' title='bbox 164 1611 226 1662; x_wconf 77' lang='grc' dir='ltr'><strong>δὲ</strong></span> <span class='ocrx_word' id='word_1_120' title='bbox 263 1610 416 1662; x_wconf 84' lang='grc' dir='ltr'>καλεῖ</span> <span class='ocrx_word' id='word_1_121' title='bbox 456 1608 549 1661; x_wconf 74' lang='grc' dir='ltr'><strong>καὶ</strong></span> <span class='ocrx_word' id='word_1_122' title='bbox 583 1606 728 1676; x_wconf 84' lang='grc' dir='ltr'>φῶς·</span> <span class='ocrx_word' id='word_1_123' title='bbox 758 1604 827 1658; x_wconf 85' lang='grc' dir='ltr'>τὰ</span> <span class='ocrx_word' id='word_1_124' title='bbox 860 1604 917 1657; x_wconf 84' lang='grc' dir='ltr'>δὲ</span> <span class='ocrx_word' id='word_1_125' title='bbox 956 1601 1211 1673; x_wconf 83' lang='grc' dir='ltr'>εὐώνυμα</span> <span class='ocrx_word' id='word_1_126' title='bbox 1257 1602 1333 1665; x_wconf 85' lang='grc' dir='ltr'>ὡς</span> <span class='ocrx_word' id='word_1_127' title='bbox 1375 1602 1628 1671; x_wconf 82' lang='grc' dir='ltr'>ἀλλότρια</span> 
     </span>
    </p>
   </div>
   <div class='ocr_carea' id='block_1_18' title="bbox 1724 419 3300 493">
    <p class='ocr_par' dir='ltr' id='par_1_18' title="bbox 1724 419 3300 493">
     <span class='ocr_line' id='line_1_18' title="bbox 1724 419 3300 493; baseline 0.001 -17"><span class='ocrx_word' id='word_1_128' title='bbox 1724 430 2085 493; x_wconf 60' lang='lat' dir='ltr'><strong>praeterquam</strong></span> <span class='ocrx_word' id='word_1_129' title='bbox 2121 435 2241 490; x_wconf 74' lang='lat' dir='ltr'><strong>qua:</strong></span> <span class='ocrx_word' id='word_1_130' title='bbox 2270 421 2340 474; x_wconf 87' lang='lat' dir='ltr'><strong>ab</strong></span> <span class='ocrx_word' id='word_1_131' title='bbox 2364 435 2430 473; x_wconf 88' lang='lat' dir='ltr'><strong>eo</strong></span> <span class='ocrx_word' id='word_1_132' title='bbox 2470 419 2690 474; x_wconf 88' lang='lat' dir='ltr'><strong>condita</strong></span> <span class='ocrx_word' id='word_1_133' title='bbox 2716 429 2873 487; x_wconf 88' lang='lat' dir='ltr'><strong>sunt;</strong></span> <span class='ocrx_word' id='word_1_134' title='bbox 2913 422 3125 491; x_wconf 91' lang='lat' dir='ltr'><strong>eritque</strong></span> <span class='ocrx_word' id='word_1_135' title='bbox 3156 424 3300 477; x_wconf 76' lang='lat' dir='ltr'><strong>veri-</strong></span> 
     </span>
    </p>
   </div>
   <div class='ocr_carea' id='block_1_19' title="bbox 1723 511 3300 584">
    <p class='ocr_par' dir='ltr' id='par_1_19' title="bbox 1723 511 3300 584">
     <span class='ocr_line' id='line_1_19' title="bbox 1723 511 3300 584; baseline 0.001 -17"><span class='ocrx_word' id='word_1_136' title='bbox 1723 515 1853 569; x_wconf 89' lang='lat' dir='ltr'><strong>tatis</strong></span> <span class='ocrx_word' id='word_1_137' title='bbox 1911 514 2099 584; x_wconf 83' lang='lat' dir='ltr'><strong>gnaris</strong></span> <span class='ocrx_word' id='word_1_138' title='bbox 2156 511 2300 566; x_wconf 86' lang='lat' dir='ltr'><strong>haud</strong></span> <span class='ocrx_word' id='word_1_139' title='bbox 2359 512 2678 577; x_wconf 89' lang='lat' dir='ltr'><strong>obscurum,</strong></span> <span class='ocrx_word' id='word_1_140' title='bbox 2714 528 2881 565; x_wconf 87' lang='lat' dir='ltr'><strong>unum</strong></span> <span class='ocrx_word' id='word_1_141' title='bbox 2944 511 3111 567; x_wconf 83' lang='lat' dir='ltr'><strong>Deum</strong></span> <span class='ocrx_word' id='word_1_142' title='bbox 3157 529 3300 575; x_wconf 72' lang='lat' dir='ltr'><strong>esse,</strong></span> 
     </span>
    </p>
   </div>
   <div class='ocr_carea' id='block_1_20' title="bbox 1724 603 3300 674">
    <p class='ocr_par' dir='ltr' id='par_1_20' title="bbox 1724 603 3300 674">
     <span class='ocr_line' id='line_1_20' title="bbox 1724 603 3300 674; baseline 0.001 -16"><span class='ocrx_word' id='word_1_143' title='bbox 1724 603 1964 668; x_wconf 89' lang='lat' dir='ltr'><strong>Patrem,</strong></span> <span class='ocrx_word' id='word_1_144' title='bbox 2000 603 2200 658; x_wconf 86' lang='lat' dir='ltr'><strong>Filium</strong></span> <span class='ocrx_word' id='word_1_145' title='bbox 2234 612 2289 659; x_wconf 90' lang='lat' dir='ltr'><strong>et</strong></span> <span class='ocrx_word' id='word_1_146' title='bbox 2320 603 2591 674; x_wconf 82' lang='lat' dir='ltr'><strong>Spiritum</strong></span> <span class='ocrx_word' id='word_1_147' title='bbox 2624 612 2898 657; x_wconf 84' lang='lat' dir='ltr'><strong>sanctum.</strong></span> <span class='ocrx_word' id='word_1_148' title='bbox 2925 603 3045 657; x_wconf 80' lang='lat' dir='ltr'><strong>Jam</strong></span> <span class='ocrx_word' id='word_1_149' title='bbox 3079 604 3126 658; x_wconf 88' lang='lat' dir='ltr'><strong>si</strong></span> <span class='ocrx_word' id='word_1_150' title='bbox 3160 622 3300 659; x_wconf 79' lang='lat' dir='ltr'><strong>unus</strong></span> 
     </span>
    </p>
   </div>
   <div class='ocr_carea' id='block_1_21' title="bbox 1725 695 3297 766">
    <p class='ocr_par' dir='ltr' id='par_1_21' title="bbox 1725 695 3297 766">
     <span class='ocr_line' id='line_1_21' title="bbox 1725 695 3297 766; baseline 0.001 -18"><span class='ocrx_word' id='word_1_151' title='bbox 1725 695 1869 752; x_wconf 85' lang='lat' dir='ltr'><strong>Deus</strong></span> <span class='ocrx_word' id='word_1_152' title='bbox 1892 704 1995 759; x_wconf 86' lang='lat' dir='ltr'><strong>est,</strong></span> <span class='ocrx_word' id='word_1_153' title='bbox 2021 711 2051 749; x_wconf 90' lang='lat' dir='ltr'><strong>a</strong></span> <span class='ocrx_word' id='word_1_154' title='bbox 2083 710 2193 765; x_wconf 89' lang='lat' dir='ltr'><strong>quo</strong></span> <span class='ocrx_word' id='word_1_155' title='bbox 2218 705 2346 750; x_wconf 89' lang='lat' dir='ltr'><strong>sunt</strong></span> <span class='ocrx_word' id='word_1_156' title='bbox 2372 696 2588 749; x_wconf 85' lang='lat' dir='ltr'><strong>omnia:</strong></span> <span class='ocrx_word' id='word_1_157' title='bbox 2622 696 2754 749; x_wconf 86' lang='lat' dir='ltr'><strong>nihil</strong></span> <span class='ocrx_word' id='word_1_158' title='bbox 2781 710 2959 766; x_wconf 89' lang='lat' dir='ltr'><strong>neque</strong></span> <span class='ocrx_word' id='word_1_159' title='bbox 2993 696 3297 760; x_wconf 89' lang='lat' dir='ltr'><strong>sinistrum,</strong></span> 
     </span>
    </p>
   </div>
   <div class='ocr_carea' id='block_1_22' title="bbox 1725 786 3298 857">
    <p class='ocr_par' dir='ltr' id='par_1_22' title="bbox 1725 786 3298 857">
     <span class='ocr_line' id='line_1_22' title="bbox 1725 786 3298 857; baseline 0.003 -18"><span class='ocrx_word' id='word_1_160' title='bbox 1725 801 1903 856; x_wconf 90' lang='lat' dir='ltr'><strong>neque</strong></span> <span class='ocrx_word' id='word_1_161' title='bbox 1936 786 2042 839; x_wconf 90' lang='lat' dir='ltr'><strong>alia</strong></span> <span class='ocrx_word' id='word_1_162' title='bbox 2076 787 2288 840; x_wconf 83' lang='lat' dir='ltr'><strong>ratione</strong></span> <span class='ocrx_word' id='word_1_163' title='bbox 2311 786 2569 840; x_wconf 80' lang='lat' dir='ltr'><strong>deﬁciens</strong></span> <span class='ocrx_word' id='word_1_164' title='bbox 2599 786 2761 840; x_wconf 90' lang='lat' dir='ltr'><strong>inerit</strong></span> <span class='ocrx_word' id='word_1_165' title='bbox 2796 786 2922 857; x_wconf 88' lang='lat' dir='ltr'><strong>ipsi,</strong></span> <span class='ocrx_word' id='word_1_166' title='bbox 2948 803 3123 857; x_wconf 86' lang='lat' dir='ltr'><strong>neque</strong></span> <span class='ocrx_word' id='word_1_167' title='bbox 3164 789 3298 843; x_wconf 78' lang='lat' dir='ltr'><strong>infe-</strong></span> 
     </span>
    </p>
   </div>
   <div class='ocr_carea' id='block_1_23' title="bbox 1725 878 3283 950">
    <p class='ocr_par' dir='ltr' id='par_1_23' title="bbox 1725 878 3283 950">
     <span class='ocr_line' id='line_1_23' title="bbox 1725 878 3283 950; baseline 0.001 -19"><span class='ocrx_word' id='word_1_168' title='bbox 1725 878 1843 933; x_wconf 92' lang='lat' dir='ltr'><strong>rius</strong></span> <span class='ocrx_word' id='word_1_169' title='bbox 1892 888 2089 948; x_wconf 64' lang='lat' dir='ltr'><strong>praeter</strong></span> <span class='ocrx_word' id='word_1_170' title='bbox 2132 880 2223 933; x_wconf 92' lang='lat' dir='ltr'><strong>illa</strong></span> <span class='ocrx_word' id='word_1_171' title='bbox 2263 894 2383 947; x_wconf 71' lang='lat' dir='ltr'><strong>qua:</strong></span> <span class='ocrx_word' id='word_1_172' title='bbox 2425 880 2753 948; x_wconf 82' lang='lat' dir='ltr'><strong>procreavit.</strong></span> <span class='ocrx_word' id='word_1_173' title='bbox 2799 880 3007 935; x_wconf 65' lang='lat' dir='ltr'><strong>Cmtera</strong></span> <span class='ocrx_word' id='word_1_174' title='bbox 3042 891 3165 950; x_wconf 88' lang='lat' dir='ltr'><strong>post</strong></span> <span class='ocrx_word' id='word_1_175' title='bbox 3208 880 3283 934; x_wconf 85' lang='lat' dir='ltr'><strong>Pa</strong></span> 
     </span>
    </p>
   </div>
   <div class='ocr_carea' id='block_1_24' title="bbox 1726 970 3306 1043">
    <p class='ocr_par' dir='ltr' id='par_1_24' title="bbox 1726 970 3306 1043">
     <span class='ocr_line' id='line_1_24' title="bbox 1726 970 3306 1043; baseline 0 -19"><span class='ocrx_word' id='word_1_176' title='bbox 1726 980 1864 1025; x_wconf 90' lang='lat' dir='ltr'><strong>trem</strong></span> <span class='ocrx_word' id='word_1_177' title='bbox 1903 970 2138 1036; x_wconf 91' lang='lat' dir='ltr'><strong>Filium,</strong></span> <span class='ocrx_word' id='word_1_178' title='bbox 2189 970 2566 1041; x_wconf 89' lang='lat' dir='ltr'><strong>Spiritumque</strong></span> <span class='ocrx_word' id='word_1_179' title='bbox 2617 981 2868 1027; x_wconf 90' lang='lat' dir='ltr'><strong>sanctum</strong></span> <span class='ocrx_word' id='word_1_180' title='bbox 2920 974 3181 1043; x_wconf 83' lang='lat' dir='ltr'><strong>pra-clare</strong></span> <span class='ocrx_word' id='word_1_181' title='bbox 3235 975 3306 1027; x_wconf 84' lang='lat' dir='ltr'><strong>ab</strong></span> 
     </span>
    </p>
   </div>
   <div class='ocr_carea' id='block_1_25' title="bbox 1726 1060 3303 1135">
    <p class='ocr_par' dir='ltr' id='par_1_25' title="bbox 1726 1060 3303 1135">
     <span class='ocr_line' id='line_1_25' title="bbox 1726 1060 3303 1135; baseline 0.004 -22"><span class='ocrx_word' id='word_1_182' title='bbox 1726 1074 1791 1114; x_wconf 90' lang='lat' dir='ltr'><strong>eo</strong></span> <span class='ocrx_word' id='word_1_183' title='bbox 1827 1060 2093 1127; x_wconf 89' lang='lat' dir='ltr'><strong>producta</strong></span> <span class='ocrx_word' id='word_1_184' title='bbox 2133 1069 2283 1125; x_wconf 92' lang='lat' dir='ltr'><strong>sunt,</strong></span> <span class='ocrx_word' id='word_1_185' title='bbox 2318 1076 2381 1115; x_wconf 90' lang='lat' dir='ltr'><strong>ac</strong></span> <span class='ocrx_word' id='word_1_186' title='bbox 2428 1063 2566 1117; x_wconf 90' lang='lat' dir='ltr'><strong>citra</strong></span> <span class='ocrx_word' id='word_1_187' title='bbox 2594 1064 2760 1117; x_wconf 89' lang='lat' dir='ltr'><strong>ullam</strong></span> <span class='ocrx_word' id='word_1_188' title='bbox 2790 1064 3050 1118; x_wconf 85' lang='lat' dir='ltr'><strong>invidiam</strong></span> <span class='ocrx_word' id='word_1_189' title='bbox 3088 1064 3303 1135; x_wconf 80' lang='lat' dir='ltr'><strong>egregie</strong></span> 
     </span>
    </p>
   </div>
   <div class='ocr_carea' id='block_1_26' title="bbox 1727 1150 2049 1204">
    <p class='ocr_par' dir='ltr' id='par_1_26' title="bbox 1727 1150 2049 1204">
     <span class='ocr_line' id='line_1_26' title="bbox 1727 1150 2049 1204; baseline 0.006 -2"><span class='ocrx_word' id='word_1_190' title='bbox 1727 1150 2049 1204; x_wconf 88' lang='lat' dir='ltr'><strong>constituta.</strong></span> 
     </span>
    </p>
   </div>
   <div class='ocr_carea' id='block_1_27' title="bbox 1798 1239 3306 1311">
    <p class='ocr_par' dir='ltr' id='par_1_27' title="bbox 1798 1239 3306 1311">
     <span class='ocr_line' id='line_1_27' title="bbox 1798 1239 3306 1311; baseline 0.003 -18"><span class='ocrx_word' id='word_1_191' title='bbox 1798 1240 1862 1293; x_wconf 89' lang='lat' dir='ltr'><strong>ll.</strong></span> <span class='ocrx_word' id='word_1_192' title='bbox 1892 1239 2045 1304; x_wconf 90' lang='lat' dir='ltr'><strong>Quod</strong></span> <span class='ocrx_word' id='word_1_193' title='bbox 2076 1241 2121 1295; x_wconf 91' lang='lat' dir='ltr'><strong>si</strong></span> <span class='ocrx_word' id='word_1_194' title='bbox 2149 1241 2418 1309; x_wconf 89' lang='lat' dir='ltr'><strong>ejusmodi</strong></span> <span class='ocrx_word' id='word_1_195' title='bbox 2441 1242 2660 1311; x_wconf 89' lang='lat' dir='ltr'><strong>quidam</strong></span> <span class='ocrx_word' id='word_1_196' title='bbox 2693 1243 2851 1307; x_wconf 86' lang='lat' dir='ltr'><strong>nobis</strong></span> <span class='ocrx_word' id='word_1_197' title='bbox 2875 1260 2904 1297; x_wconf 92' lang='lat' dir='ltr'><strong>e</strong></span> <span class='ocrx_word' id='word_1_198' title='bbox 2923 1244 3146 1299; x_wconf 80' lang='lat' dir='ltr'><strong>latebris</strong></span> <span class='ocrx_word' id='word_1_199' title='bbox 3171 1244 3306 1298; x_wconf 75' lang='lat' dir='ltr'><strong>edu~</strong></span> 
     </span>
    </p>
   </div>
   <div class='ocr_carea' id='block_1_28' title="bbox 1727 1334 3305 1406">
    <p class='ocr_par' dir='ltr' id='par_1_28' title="bbox 1727 1334 3305 1406">
     <span class='ocr_line' id='line_1_28' title="bbox 1727 1334 3305 1406; baseline 0.001 -19"><span class='ocrx_word' id='word_1_200' title='bbox 1727 1344 1849 1387; x_wconf 88' lang='lat' dir='ltr'><strong>ctus</strong></span> <span class='ocrx_word' id='word_1_201' title='bbox 1880 1348 2106 1403; x_wconf 86' lang='lat' dir='ltr'><strong>serpens</strong></span> <span class='ocrx_word' id='word_1_202' title='bbox 2134 1334 2375 1403; x_wconf 87' lang='lat' dir='ltr'><strong>objiciat,</strong></span> <span class='ocrx_word' id='word_1_203' title='bbox 2408 1335 2476 1389; x_wconf 91' lang='lat' dir='ltr'><strong>ab</strong></span> <span class='ocrx_word' id='word_1_204' title='bbox 2506 1351 2614 1390; x_wconf 93' lang='lat' dir='ltr'><strong>uno</strong></span> <span class='ocrx_word' id='word_1_205' title='bbox 2644 1351 2766 1391; x_wconf 87' lang='lat' dir='ltr'><strong>esse</strong></span> <span class='ocrx_word' id='word_1_206' title='bbox 2794 1337 2983 1391; x_wconf 81' lang='lat' dir='ltr'><strong>dextra</strong></span> <span class='ocrx_word' id='word_1_207' title='bbox 3016 1337 3219 1406; x_wconf 87' lang='lat' dir='ltr'><strong>pariter</strong></span> <span class='ocrx_word' id='word_1_208' title='bbox 3251 1346 3305 1390; x_wconf 91' lang='lat' dir='ltr'><strong>et</strong></span> 
     </span>
    </p>
   </div>
   <div class='ocr_carea' id='block_1_29' title="bbox 1729 1423 3301 1495">
    <p class='ocr_par' dir='ltr' id='par_1_29' title="bbox 1729 1423 3301 1495">
     <span class='ocr_line' id='line_1_29' title="bbox 1729 1423 3301 1495; baseline 0.002 -18"><span class='ocrx_word' id='word_1_209' title='bbox 1729 1423 1976 1490; x_wconf 89' lang='lat' dir='ltr'><strong>sinistra,</strong></span> <span class='ocrx_word' id='word_1_210' title='bbox 2006 1426 2149 1494; x_wconf 89' lang='lat' dir='ltr'><strong>quod</strong></span> <span class='ocrx_word' id='word_1_211' title='bbox 2188 1426 2364 1495; x_wconf 86' lang='lat' dir='ltr'><strong>ipsum</strong></span> <span class='ocrx_word' id='word_1_212' title='bbox 2396 1426 2451 1480; x_wconf 94' lang='lat' dir='ltr'><strong>in</strong></span> <span class='ocrx_word' id='word_1_213' title='bbox 2487 1443 2676 1482; x_wconf 91' lang='lat' dir='ltr'><strong>eorum</strong></span> <span class='ocrx_word' id='word_1_214' title='bbox 2708 1429 2887 1484; x_wconf 88' lang='lat' dir='ltr'><strong>medio</strong></span> <span class='ocrx_word' id='word_1_215' title='bbox 2921 1438 3189 1495; x_wconf 74' lang='lat' dir='ltr'><strong>versetur,</strong></span> <span class='ocrx_word' id='word_1_216' title='bbox 3224 1430 3301 1484; x_wconf 83' lang='lat' dir='ltr'><strong>si-</strong></span> 
     </span>
    </p>
   </div>
   <div class='ocr_carea' id='block_1_30' title="bbox 1728 1511 3301 1589">
    <p class='ocr_par' dir='ltr' id='par_1_30' title="bbox 1728 1511 3301 1589">
     <span class='ocr_line' id='line_1_30' title="bbox 1728 1511 3301 1589; baseline 0.003 -24"><span class='ocrx_word' id='word_1_217' title='bbox 1728 1511 1893 1581; x_wconf 81' lang='lat' dir='ltr'><strong>hique</strong></span> <span class='ocrx_word' id='word_1_218' title='bbox 1925 1528 2045 1582; x_wconf 73' lang='lat' dir='ltr'><strong>qua:</strong></span> <span class='ocrx_word' id='word_1_219' title='bbox 2095 1514 2287 1568; x_wconf 83' lang='lat' dir='ltr'><strong>dextra</strong></span> <span class='ocrx_word' id='word_1_220' title='bbox 2333 1524 2461 1569; x_wconf 91' lang='lat' dir='ltr'><strong>sunt</strong></span> <span class='ocrx_word' id='word_1_221' title='bbox 2504 1517 2770 1581; x_wconf 90' lang='lat' dir='ltr'><strong>asciscat,</strong></span> <span class='ocrx_word' id='word_1_222' title='bbox 2833 1517 3007 1587; x_wconf 88' lang='lat' dir='ltr'><strong>iisque</strong></span> <span class='ocrx_word' id='word_1_223' title='bbox 3050 1519 3301 1589; x_wconf 80' lang='lat' dir='ltr'><strong>gaudeat,</strong></span> 
     </span>
    </p>
   </div>
   <div class='ocr_carea' id='block_1_31' title="bbox 1728 1603 3304 1677">
    <p class='ocr_par' dir='ltr' id='par_1_31' title="bbox 1728 1603 3304 1677">
     <span class='ocr_line' id='line_1_31' title="bbox 1728 1603 3304 1677; baseline 0.001 -18"><span class='ocrx_word' id='word_1_224' title='bbox 1728 1610 1783 1659; x_wconf 86' lang='lat' dir='ltr'><strong>et</strong></span> <span class='ocrx_word' id='word_1_225' title='bbox 1819 1604 2007 1658; x_wconf 87' lang='lat' dir='ltr'><strong>eadem</strong></span> <span class='ocrx_word' id='word_1_226' title='bbox 2048 1603 2365 1661; x_wconf 82' lang='lat' dir='ltr'><strong>dextrorum</strong></span> <span class='ocrx_word' id='word_1_227' title='bbox 2412 1619 2475 1659; x_wconf 92' lang='lat' dir='ltr'><strong>ac</strong></span> <span class='ocrx_word' id='word_1_228' title='bbox 2509 1607 2732 1661; x_wconf 91' lang='lat' dir='ltr'><strong>luminis</strong></span> <span class='ocrx_word' id='word_1_229' title='bbox 2771 1608 3005 1677; x_wconf 86' lang='lat' dir='ltr'><strong>appellet</strong></span> <span class='ocrx_word' id='word_1_230' title='bbox 3052 1608 3304 1668; x_wconf 90' lang='lat' dir='ltr'><strong>nomine,</strong></span> 
     </span>
    </p>
   </div>
   <div class='ocr_carea' id='block_1_32' title="bbox 54 1691 1609 1768">
    <p class='ocr_par' dir='ltr' id='par_1_32' title="bbox 54 1691 1609 1767">
     <span class='ocr_line' id='line_1_32' title="bbox 54 1691 1609 1767; baseline -0.007 -12"><span class='ocrx_word' id='word_1_231' title='bbox 54 1700 238 1755; x_wconf 80' lang='grc' dir='ltr'>αὐτοῦ.</span> <span class='ocrx_word' id='word_1_232' title='bbox 272 1701 365 1753; x_wconf 65' lang='grc' dir='ltr'><strong>κα)⁸</strong></span> <span class='ocrx_word' id='word_1_233' title='bbox 397 1699 490 1751; x_wconf 75' lang='grc' dir='ltr'><strong>ἐπὶ</strong></span> <span class='ocrx_word' id='word_1_234' title='bbox 515 1696 777 1767; x_wconf 81' lang='grc' dir='ltr'>ἀριστερά</span> <span class='ocrx_word' id='word_1_235' title='bbox 801 1694 1028 1764; x_wconf 88' lang='grc' dir='ltr'>κείμενα</span> <span class='ocrx_word' id='word_1_236' title='bbox 1059 1693 1361 1747; x_wconf 84' lang='grc' dir='ltr'>ἀπωθεῖται</span> <span class='ocrx_word' id='word_1_237' title='bbox 1384 1708 1396 1720; x_wconf 73' lang='grc' dir='ltr'><strong><em>ο</em></strong></span> <span class='ocrx_word' id='word_1_238' title='bbox 1423 1691 1609 1759; x_wconf 68' lang='grc' dir='ltr'>λεγέτω</span> 
     </span>
    </p>
   </div>
   <div class='ocr_carea' id='block_1_33' title="bbox 1768 1691 3308 1768">
    <p class='ocr_par' dir='ltr' id='par_1_33' title="bbox 1768 1694 3308 1765">
     <span class='ocr_line' id='line_1_33' title="bbox 1768 1694 3308 1765; baseline 0.001 -16"><span class='ocrx_word' id='word_1_239' title='bbox 1768 1702 1922 1749; x_wconf 86' lang='lat' dir='ltr'><strong>ontra</strong></span> <span class='ocrx_word' id='word_1_240' title='bbox 1954 1709 2084 1749; x_wconf 89' lang='lat' dir='ltr'><strong>vero</strong></span> <span class='ocrx_word' id='word_1_241' title='bbox 2116 1694 2339 1749; x_wconf 88' lang='lat' dir='ltr'><strong>sinistra</strong></span> <span class='ocrx_word' id='word_1_242' title='bbox 2367 1704 2625 1765; x_wconf 79' lang='lat' dir='ltr'><strong>tanquam</strong></span> <span class='ocrx_word' id='word_1_243' title='bbox 2659 1712 2689 1751; x_wconf 91' lang='lat' dir='ltr'><strong>a</strong></span> <span class='ocrx_word' id='word_1_244' title='bbox 2729 1712 2788 1752; x_wconf 89' lang='lat' dir='ltr'><strong>se</strong></span> <span class='ocrx_word' id='word_1_245' title='bbox 2820 1698 3015 1763; x_wconf 90' lang='lat' dir='ltr'><strong>aliena,</strong></span> <span class='ocrx_word' id='word_1_246' title='bbox 3055 1706 3108 1752; x_wconf 91' lang='lat' dir='ltr'><strong>et</strong></span> <span class='ocrx_word' id='word_1_247' title='bbox 3138 1698 3190 1750; x_wconf 94' lang='lat' dir='ltr'><strong>in</strong></span> <span class='ocrx_word' id='word_1_248' title='bbox 3218 1698 3308 1750; x_wconf 70' lang='lat' dir='ltr'><strong>Ire-</strong></span> 
     </span>
    </p>
   </div>
   <div class='ocr_carea' id='block_1_34' title="bbox 56 1783 1623 1862">
    <p class='ocr_par' dir='ltr' id='par_1_34' title="bbox 56 1783 1623 1862">
     <span class='ocr_line' id='line_1_34' title="bbox 56 1783 1623 1862; baseline -0.006 -18"><span class='ocrx_word' id='word_1_249' title='bbox 56 1810 139 1862; x_wconf 78' lang='grc' dir='ltr'><strong>μοι</strong></span> <span class='ocrx_word' id='word_1_250' title='bbox 167 1790 334 1844; x_wconf 83' lang='grc' dir='ltr'>πόθεν</span> <span class='ocrx_word' id='word_1_251' title='bbox 366 1788 629 1859; x_wconf 88' lang='grc' dir='ltr'>λαμϐάνει</span> <span class='ocrx_word' id='word_1_252' title='bbox 656 1786 859 1856; x_wconf 78' lang='grc' dir='ltr'>ταύτην</span> <span class='ocrx_word' id='word_1_253' title='bbox 886 1785 984 1855; x_wconf 80' lang='grc' dir='ltr'>τὴν</span> <span class='ocrx_word' id='word_1_254' title='bbox 1010 1784 1376 1855; x_wconf 83' lang='grc' dir='ltr'>γεωμετρίαν,</span> <span class='ocrx_word' id='word_1_255' title='bbox 1408 1783 1495 1837; x_wconf 80' lang='grc' dir='ltr'>ἵνα</span> <span class='ocrx_word' id='word_1_256' title='bbox 1524 1800 1623 1836; x_wconf 90' lang='grc' dir='ltr'>κα-</span> 
     </span>
    </p>
   </div>
   <div class='ocr_carea' id='block_1_35' title="bbox 52 1874 1620 1952">
    <p class='ocr_par' dir='ltr' id='par_1_35' title="bbox 52 1874 1620 1952">
     <span class='ocr_line' id='line_1_35' title="bbox 52 1874 1620 1952; baseline -0.006 -16"><span class='ocrx_word' id='word_1_257' title='bbox 52 1883 152 1945; x_wconf 81' lang='grc' dir='ltr'><strong>λῶς</strong></span> <span class='ocrx_word' id='word_1_258' title='bbox 200 1881 441 1952; x_wconf 75' lang='grc' dir='ltr'>ῥυθμίσῃ</span> <span class='ocrx_word' id='word_1_259' title='bbox 486 1879 858 1949; x_wconf 83' lang='grc' dir='ltr'>ἀμετάστατον</span> <span class='ocrx_word' id='word_1_260' title='bbox 886 1874 1063 1942; x_wconf 80' lang='grc' dir='ltr'>δεξιάν</span> <span class='ocrx_word' id='word_1_261' title='bbox 1094 1892 1154 1929; x_wconf 86' lang='grc' dir='ltr'><strong>τε</strong></span> <span class='ocrx_word' id='word_1_262' title='bbox 1184 1875 1277 1928; x_wconf 72' lang='grc' dir='ltr'><strong>καὶ</strong></span> <span class='ocrx_word' id='word_1_263' title='bbox 1322 1874 1620 1945; x_wconf 75' lang='grc' dir='ltr'>εὐώνυμον.</span> 
     </span>
    </p>
   </div>
   <div class='ocr_carea' id='block_1_36' title="bbox 52 1969 1626 2047">
    <p class='ocr_par' dir='ltr' id='par_1_36' title="bbox 52 1969 1626 2047">
     <span class='ocr_line' id='line_1_36' title="bbox 52 1969 1626 2047; baseline -0.006 -17"><span class='ocrx_word' id='word_1_264' title='bbox 52 1978 182 2047; x_wconf 83' lang='grc' dir='ltr'>Παρ⁹</span> <span class='ocrx_word' id='word_1_265' title='bbox 200 1979 337 2046; x_wconf 79' lang='grc' dir='ltr'>ἡμῖν</span> <span class='ocrx_word' id='word_1_266' title='bbox 360 1976 467 2044; x_wconf 78' lang='grc' dir='ltr'>γὰρ</span> <span class='ocrx_word' id='word_1_267' title='bbox 486 1972 635 2038; x_wconf 82' lang='grc' dir='ltr'>δεξιά</span> <span class='ocrx_word' id='word_1_268' title='bbox 655 1971 878 2034; x_wconf 81' lang='grc' dir='ltr'><strong>εἰκότως</strong></span> <span class='ocrx_word' id='word_1_269' title='bbox 902 1970 1245 2040; x_wconf 76' lang='grc' dir='ltr'>ὀνομάζεται,</span> <span class='ocrx_word' id='word_1_270' title='bbox 1272 1970 1389 2040; x_wconf 71' lang='grc' dir='ltr'>ἦτοι</span> <span class='ocrx_word' id='word_1_271' title='bbox 1411 1969 1626 2039; x_wconf 84' lang='grc' dir='ltr'>ἀριστε-</span> 
     </span>
    </p>
   </div>
   <div class='ocr_carea' id='block_1_37' title="bbox 55 2060 1626 2135">
    <p class='ocr_par' dir='ltr' id='par_1_37' title="bbox 55 2060 1626 2135">
     <span class='ocr_line' id='line_1_37' title="bbox 55 2060 1626 2135; baseline -0.006 -14"><span class='ocrx_word' id='word_1_272' title='bbox 55 2069 137 2135; x_wconf 62' lang='lat' dir='ltr'><strong>pi,</strong></span> <span class='ocrx_word' id='word_1_273' title='bbox 176 2068 292 2121; x_wconf 81' lang='grc' dir='ltr'>ἀπὸ</span> <span class='ocrx_word' id='word_1_274' title='bbox 332 2066 441 2119; x_wconf 87' lang='grc' dir='ltr'><strong>τῶν</strong></span> <span class='ocrx_word' id='word_1_275' title='bbox 470 2068 526 2119; x_wconf 82' lang='grc' dir='ltr'><strong>έν</strong></span> <span class='ocrx_word' id='word_1_276' title='bbox 559 2064 634 2135; x_wconf 84' lang='grc' dir='ltr'>τῷ</span> <span class='ocrx_word' id='word_1_277' title='bbox 664 2063 876 2134; x_wconf 85' lang='grc' dir='ltr'>σώματι</span> <span class='ocrx_word' id='word_1_278' title='bbox 926 2061 1292 2133; x_wconf 84' lang='grc' dir='ltr'>πεπηγμένων</span> <span class='ocrx_word' id='word_1_279' title='bbox 1341 2060 1537 2131; x_wconf 84' lang='grc' dir='ltr'>μελῶν,</span> <span class='ocrx_word' id='word_1_280' title='bbox 1568 2061 1626 2113; x_wconf 84' lang='grc' dir='ltr'>ὲν</span> 
     </span>
    </p>
   </div>
   <div class='ocr_carea' id='block_1_38' title="bbox 50 2150 1625 2226">
    <p class='ocr_par' dir='ltr' id='par_1_38' title="bbox 50 2150 1625 2226">
     <span class='ocr_line' id='line_1_38' title="bbox 50 2150 1625 2226; baseline -0.005 -15"><span class='ocrx_word' id='word_1_281' title='bbox 50 2155 123 2222; x_wconf 69' lang='grc' dir='ltr'>οἷς</span> <span class='ocrx_word' id='word_1_282' title='bbox 152 2158 408 2210; x_wconf 72' lang='grc' dir='ltr'>οὐδέποτε</span> <span class='ocrx_word' id='word_1_283' title='bbox 429 2154 693 2226; x_wconf 81' lang='grc' dir='ltr'>ἐναλλαγὴ</span> <span class='ocrx_word' id='word_1_284' title='bbox 714 2155 941 2223; x_wconf 88' lang='grc' dir='ltr'>γίνεται.</span> <span class='ocrx_word' id='word_1_285' title='bbox 973 2153 1053 2206; x_wconf 89' lang='grc' dir='ltr'><strong>Τὰ</strong></span> <span class='ocrx_word' id='word_1_286' title='bbox 1076 2153 1132 2206; x_wconf 81' lang='grc' dir='ltr'><strong>δὲ</strong></span> <span class='ocrx_word' id='word_1_287' title='bbox 1160 2152 1316 2215; x_wconf 74' lang='grc' dir='ltr'>ἐκτὸς</span> <span class='ocrx_word' id='word_1_288' title='bbox 1347 2150 1505 2222; x_wconf 82' lang='grc' dir='ltr'>ἡμῶν</span> <span class='ocrx_word' id='word_1_289' title='bbox 1536 2150 1625 2203; x_wconf 80' lang='grc' dir='ltr'><strong>δύ-</strong></span> 
     </span>
    </p>
   </div>
   <div class='ocr_carea' id='block_1_39' title="bbox 49 2242 1627 2318">
    <p class='ocr_par' dir='ltr' id='par_1_39' title="bbox 49 2242 1627 2318">
     <span class='ocr_line' id='line_1_39' title="bbox 49 2242 1627 2318; baseline -0.004 -17"><span class='ocrx_word' id='word_1_290' title='bbox 49 2267 199 2302; x_wconf 88' lang='grc' dir='ltr'>ναται</span> <span class='ocrx_word' id='word_1_291' title='bbox 230 2243 371 2301; x_wconf 74' lang='grc' dir='ltr'>εἶναι</span> <span class='ocrx_word' id='word_1_292' title='bbox 398 2248 525 2300; x_wconf 85' lang='grc' dir='ltr'>ποτὲ</span> <span class='ocrx_word' id='word_1_293' title='bbox 563 2248 661 2318; x_wconf 80' lang='grc' dir='ltr'><strong>μὲν</strong></span> <span class='ocrx_word' id='word_1_294' title='bbox 707 2246 873 2311; x_wconf 79' lang='grc' dir='ltr'>δεξιὰ,</span> <span class='ocrx_word' id='word_1_295' title='bbox 914 2246 1043 2299; x_wconf 82' lang='grc' dir='ltr'>ποτὲ</span> <span class='ocrx_word' id='word_1_296' title='bbox 1067 2245 1124 2298; x_wconf 86' lang='grc' dir='ltr'><strong>δὲ</strong></span> <span class='ocrx_word' id='word_1_297' title='bbox 1150 2242 1427 2314; x_wconf 77' lang='grc' dir='ltr'>εὐώνυμα.</span> <span class='ocrx_word' id='word_1_298' title='bbox 1460 2244 1627 2296; x_wconf 75' lang='grc' dir='ltr'>Παντὶ</span> 
     </span>
    </p>
   </div>
   <div class='ocr_carea' id='block_1_40' title="bbox 53 2332 1627 2412">
    <p class='ocr_par' dir='ltr' id='par_1_40' title="bbox 53 2332 1627 2412">
     <span class='ocr_line' id='line_1_40' title="bbox 53 2332 1627 2412; baseline -0.003 -19"><span class='ocrx_word' id='word_1_299' title='bbox 53 2342 146 2412; x_wconf 75' lang='grc' dir='ltr'><strong>μὲν</strong></span> <span class='ocrx_word' id='word_1_300' title='bbox 178 2341 291 2412; x_wconf 85' lang='grc' dir='ltr'><strong>γάρ</strong></span> <span class='ocrx_word' id='word_1_301' title='bbox 316 2340 392 2410; x_wconf 82' lang='grc' dir='ltr'><strong>τῷ</strong></span> <span class='ocrx_word' id='word_1_302' title='bbox 417 2340 610 2411; x_wconf 81' lang='grc' dir='ltr'>ὁρῶντι</span> <span class='ocrx_word' id='word_1_303' title='bbox 630 2340 770 2393; x_wconf 84' lang='grc' dir='ltr'><strong>κατά</strong></span> <span class='ocrx_word' id='word_1_304' title='bbox 791 2338 1054 2410; x_wconf 78' lang='grc' dir='ltr'>ἀνατολὴν</span> <span class='ocrx_word' id='word_1_305' title='bbox 1081 2337 1253 2401; x_wconf 85' lang='grc' dir='ltr'>νότος,</span> <span class='ocrx_word' id='word_1_306' title='bbox 1284 2337 1380 2389; x_wconf 79' lang='grc' dir='ltr'>εἴτ’</span> <span class='ocrx_word' id='word_1_307' title='bbox 1403 2332 1496 2389; x_wconf 80' lang='grc' dir='ltr'><strong>οὖν</strong></span> <span class='ocrx_word' id='word_1_308' title='bbox 1533 2353 1627 2406; x_wconf 83' lang='grc' dir='ltr'>με·</span> 
     </span>
    </p>
   </div>
   <div class='ocr_carea' id='block_1_41' title="bbox 50 2427 1624 2503">
    <p class='ocr_par' dir='ltr' id='par_1_41' title="bbox 50 2427 1624 2503">
     <span class='ocr_line' id='line_1_41' title="bbox 50 2427 1624 2503; baseline -0.004 -19"><span class='ocrx_word' id='word_1_309' title='bbox 50 2432 322 2503; x_wconf 80' lang='grc' dir='ltr'>σημϐρία,</span> <span class='ocrx_word' id='word_1_310' title='bbox 353 2431 504 2495; x_wconf 81' lang='grc' dir='ltr'>δεξιά</span> <span class='ocrx_word' id='word_1_311' title='bbox 532 2430 894 2501; x_wconf 77' lang='grc' dir='ltr'>κληθήσεταιο</span> <span class='ocrx_word' id='word_1_312' title='bbox 930 2430 990 2483; x_wconf 87' lang='grc' dir='ltr'><strong>τὸ</strong></span> <span class='ocrx_word' id='word_1_313' title='bbox 1016 2429 1187 2499; x_wconf 82' lang='grc' dir='ltr'>κλίμα</span> <span class='ocrx_word' id='word_1_314' title='bbox 1210 2428 1267 2482; x_wconf 83' lang='grc' dir='ltr'>δὲ</span> <span class='ocrx_word' id='word_1_315' title='bbox 1299 2428 1360 2480; x_wconf 79' lang='grc' dir='ltr'><strong>τὸ</strong></span> <span class='ocrx_word' id='word_1_316' title='bbox 1396 2427 1624 2498; x_wconf 85' lang='grc' dir='ltr'>βόρειον,</span> 
     </span>
    </p>
   </div>
   <div class='ocr_carea' id='block_1_42' title="bbox 48 2518 1629 2595">
    <p class='ocr_par' dir='ltr' id='par_1_42' title="bbox 48 2518 1629 2595">
     <span class='ocr_line' id='line_1_42' title="bbox 48 2518 1629 2595; baseline -0.003 -20"><span class='ocrx_word' id='word_1_317' title='bbox 48 2526 163 2595; x_wconf 64' lang='grc' dir='ltr'>ἤτοι</span> <span class='ocrx_word' id='word_1_318' title='bbox 194 2523 465 2595; x_wconf 81' lang='grc' dir='ltr'>ἀρκτῷον,</span> <span class='ocrx_word' id='word_1_319' title='bbox 498 2522 799 2593; x_wconf 84' lang='grc' dir='ltr'>ἀριστερόν.</span> <span class='ocrx_word' id='word_1_320' title='bbox 839 2522 912 2575; x_wconf 82' lang='grc' dir='ltr'><strong>Τὸ</strong></span> <span class='ocrx_word' id='word_1_321' title='bbox 937 2520 993 2574; x_wconf 82' lang='grc' dir='ltr'><strong>δὲ</strong></span> <span class='ocrx_word' id='word_1_322' title='bbox 1021 2520 1291 2574; x_wconf 83' lang='grc' dir='ltr'>ἀνάπαλιν</span> <span class='ocrx_word' id='word_1_323' title='bbox 1316 2520 1407 2573; x_wconf 76' lang='grc' dir='ltr'>ἐπὶ</span> <span class='ocrx_word' id='word_1_324' title='bbox 1447 2520 1515 2571; x_wconf 86' lang='grc' dir='ltr'><strong>τά</strong></span> <span class='ocrx_word' id='word_1_325' title='bbox 1538 2518 1629 2571; x_wconf 85' lang='grc' dir='ltr'><strong>δυ-</strong></span> 
     </span>
    </p>
   </div>
   <div class='ocr_carea' id='block_1_43' title="bbox 46 2610 1628 2686">
    <p class='ocr_par' dir='ltr' id='par_1_43' title="bbox 46 2610 1628 2686">
     <span class='ocr_line' id='line_1_43' title="bbox 46 2610 1628 2686; baseline -0.003 -19"><span class='ocrx_word' id='word_1_326' title='bbox 46 2615 171 2668; x_wconf 84' lang='grc' dir='ltr'><strong>τικά</strong></span> <span class='ocrx_word' id='word_1_327' title='bbox 208 2614 353 2685; x_wconf 81' lang='grc' dir='ltr'>μέρη</span> <span class='ocrx_word' id='word_1_328' title='bbox 382 2614 813 2686; x_wconf 80' lang='grc' dir='ltr'>ἀναστραφέντος</span> <span class='ocrx_word' id='word_1_329' title='bbox 838 2612 1126 2684; x_wconf 86' lang='grc' dir='ltr'>ἀνθρώπου</span> <span class='ocrx_word' id='word_1_330' title='bbox 1148 2611 1311 2674; x_wconf 79' lang='grc' dir='ltr'>τινὸς,</span> <span class='ocrx_word' id='word_1_331' title='bbox 1339 2610 1628 2681; x_wconf 83' lang='grc' dir='ltr'>εὑρεθήσε-</span> 
     </span>
    </p>
   </div>
   <div class='ocr_carea' id='block_1_44' title="bbox 47 2699 1628 2775">
    <p class='ocr_par' dir='ltr' id='par_1_44' title="bbox 47 2699 1628 2775">
     <span class='ocr_line' id='line_1_44' title="bbox 47 2699 1628 2775; baseline -0.003 -19"><span class='ocrx_word' id='word_1_332' title='bbox 47 2722 133 2758; x_wconf 78' lang='grc' dir='ltr'><strong>ται</strong></span> <span class='ocrx_word' id='word_1_333' title='bbox 166 2703 529 2775; x_wconf 77' lang='grc' dir='ltr'>ἐτερωνύμως</span> <span class='ocrx_word' id='word_1_334' title='bbox 554 2705 621 2757; x_wconf 89' lang='grc' dir='ltr'><strong>τά</strong></span> <span class='ocrx_word' id='word_1_335' title='bbox 649 2703 905 2773; x_wconf 83' lang='grc' dir='ltr'>κλίματα,</span> <span class='ocrx_word' id='word_1_336' title='bbox 937 2703 1073 2773; x_wconf 79' lang='grc' dir='ltr'>ὅπερ</span> <span class='ocrx_word' id='word_1_337' title='bbox 1118 2703 1225 2773; x_wconf 82' lang='grc' dir='ltr'><strong>πρὸ</strong></span> <span class='ocrx_word' id='word_1_338' title='bbox 1268 2702 1414 2772; x_wconf 83' lang='grc' dir='ltr'>ὥρας</span> <span class='ocrx_word' id='word_1_339' title='bbox 1457 2699 1628 2763; x_wconf 79' lang='grc' dir='ltr'>δεξιὸν</span> 
     </span>
    </p>
   </div>
   <div class='ocr_carea' id='block_1_45' title="bbox 47 2789 1629 2866">
    <p class='ocr_par' dir='ltr' id='par_1_45' title="bbox 47 2789 1629 2866">
     <span class='ocr_line' id='line_1_45' title="bbox 47 2789 1629 2866; baseline -0.003 -17"><span class='ocrx_word' id='word_1_340' title='bbox 47 2797 284 2866; x_wconf 77' lang='grc' dir='ltr'>ὑπῆρχε,</span> <span class='ocrx_word' id='word_1_341' title='bbox 311 2796 481 2849; x_wconf 80' lang='grc' dir='ltr'>νότιόν</span> <span class='ocrx_word' id='word_1_342' title='bbox 529 2812 588 2847; x_wconf 86' lang='grc' dir='ltr'><strong>τε</strong></span> <span class='ocrx_word' id='word_1_343' title='bbox 640 2794 1027 2865; x_wconf 87' lang='grc' dir='ltr'>μεσημϐρινὸν,</span> <span class='ocrx_word' id='word_1_344' title='bbox 1058 2796 1138 2857; x_wconf 88' lang='grc' dir='ltr'>εἰς</span> <span class='ocrx_word' id='word_1_345' title='bbox 1185 2792 1447 2865; x_wconf 88' lang='grc' dir='ltr'>ἀριστερά</span> <span class='ocrx_word' id='word_1_346' title='bbox 1475 2789 1629 2855; x_wconf 78' lang='grc' dir='ltr'>αὖθις</span> 
     </span>
    </p>
   </div>
   <div class='ocr_carea' id='block_1_46' title="bbox 52 2884 1629 2957">
    <p class='ocr_par' dir='ltr' id='par_1_46' title="bbox 52 2884 1629 2957">
     <span class='ocr_line' id='line_1_46' title="bbox 52 2884 1629 2957; baseline -0.001 -18"><span class='ocrx_word' id='word_1_347' title='bbox 52 2887 521 2957; x_wconf 81' lang='grc' dir='ltr'>μεταϐαλλόμενον</span> <span class='ocrx_word' id='word_1_348' title='bbox 542 2905 555 2916; x_wconf 73' lang='grc'><strong><em>⁸</em></strong></span> <span class='ocrx_word' id='word_1_349' title='bbox 587 2887 681 2940; x_wconf 79' lang='grc' dir='ltr'>καὶ</span> <span class='ocrx_word' id='word_1_350' title='bbox 723 2886 784 2939; x_wconf 85' lang='grc' dir='ltr'>τὸ</span> <span class='ocrx_word' id='word_1_351' title='bbox 818 2887 897 2949; x_wconf 84' lang='grc' dir='ltr'><strong>είς</strong></span> <span class='ocrx_word' id='word_1_352' title='bbox 930 2884 1193 2957; x_wconf 85' lang='grc' dir='ltr'>ἀριστερά</span> <span class='ocrx_word' id='word_1_353' title='bbox 1229 2884 1323 2938; x_wconf 89' lang='grc' dir='ltr'><strong>τοῦ</strong></span> <span class='ocrx_word' id='word_1_354' title='bbox 1366 2902 1509 2948; x_wconf 88' lang='grc' dir='ltr'>τινος</span> <span class='ocrx_word' id='word_1_355' title='bbox 1538 2903 1629 2938; x_wconf 68' lang='grc' dir='ltr'>κει</span> 
     </span>
    </p>
   </div>
   <div class='ocr_carea' id='block_1_47' title="bbox 49 2973 1660 3049">
    <p class='ocr_par' dir='ltr' id='par_1_47' title="bbox 49 2973 1660 3049">
     <span class='ocr_line' id='line_1_47' title="bbox 49 2973 1660 3049; baseline -0.002 -18"><span class='ocrx_word' id='word_1_356' title='bbox 49 2979 309 3049; x_wconf 84' lang='grc' dir='ltr'>κλιμένον</span> <span class='ocrx_word' id='word_1_357' title='bbox 359 2977 664 3048; x_wconf 83' lang='grc' dir='ltr'>ἀνθρώπου,</span> <span class='ocrx_word' id='word_1_358' title='bbox 695 2978 791 3031; x_wconf 78' lang='grc' dir='ltr'>εἴτ’</span> <span class='ocrx_word' id='word_1_359' title='bbox 820 2973 913 3031; x_wconf 84' lang='grc' dir='ltr'><strong>οῦν</strong></span> <span class='ocrx_word' id='word_1_360' title='bbox 963 2976 1231 3048; x_wconf 83' lang='grc' dir='ltr'>ἀρκτῷον,</span> <span class='ocrx_word' id='word_1_361' title='bbox 1278 2976 1376 3029; x_wconf 76' lang='grc' dir='ltr'>εἶτ’</span> <span class='ocrx_word' id='word_1_362' title='bbox 1410 2973 1503 3030; x_wconf 83' lang='grc' dir='ltr'><strong>οὖν</strong></span> <span class='ocrx_word' id='word_1_363' title='bbox 1538 2977 1660 3046; x_wconf 87' lang='grc' dir='ltr'><strong>βό-.</strong></span> 
     </span>
    </p>
   </div>
   <div class='ocr_carea' id='block_1_48' title="bbox 1725 1786 3304 1857">
    <p class='ocr_par' dir='ltr' id='par_1_48' title="bbox 1725 1786 3304 1857">
     <span class='ocr_line' id='line_1_48' title="bbox 1725 1786 3304 1857; baseline -0.001 -16"><span class='ocrx_word' id='word_1_364' title='bbox 1725 1802 1793 1841; x_wconf 89' lang='lat' dir='ltr'><strong>va</strong></span> <span class='ocrx_word' id='word_1_365' title='bbox 1810 1794 1960 1856; x_wconf 90' lang='lat' dir='ltr'><strong>parte</strong></span> <span class='ocrx_word' id='word_1_366' title='bbox 1980 1786 2243 1840; x_wconf 89' lang='lat' dir='ltr'><strong>collocata</strong></span> <span class='ocrx_word' id='word_1_367' title='bbox 2274 1786 2535 1855; x_wconf 90' lang='lat' dir='ltr'><strong>repudiet;</strong></span> <span class='ocrx_word' id='word_1_368' title='bbox 2558 1788 2724 1851; x_wconf 84' lang='lat' dir='ltr'><strong>dicat,</strong></span> <span class='ocrx_word' id='word_1_369' title='bbox 2754 1803 2957 1857; x_wconf 62' lang='lat' dir='ltr'><strong>quaso,</strong></span> <span class='ocrx_word' id='word_1_370' title='bbox 2987 1790 3130 1843; x_wconf 88' lang='lat' dir='ltr'><strong>unde</strong></span> <span class='ocrx_word' id='word_1_371' title='bbox 3156 1789 3304 1843; x_wconf 82' lang='lat' dir='ltr'><strong>illam</strong></span> 
     </span>
    </p>
   </div>
   <div class='ocr_carea' id='block_1_49' title="bbox 1728 1876 3307 1950">
    <p class='ocr_par' dir='ltr' id='par_1_49' title="bbox 1728 1876 3307 1950">
     <span class='ocr_line' id='line_1_49' title="bbox 1728 1876 3307 1950; baseline 0.002 -17"><span class='ocrx_word' id='word_1_372' title='bbox 1728 1877 2077 1948; x_wconf 79' lang='lat' dir='ltr'><strong>geometriam</strong></span> <span class='ocrx_word' id='word_1_373' title='bbox 2102 1876 2368 1943; x_wconf 76' lang='lat' dir='ltr'><strong>hauserit,</strong></span> <span class='ocrx_word' id='word_1_374' title='bbox 2397 1887 2455 1931; x_wconf 93' lang='lat' dir='ltr'><strong>ut</strong></span> <span class='ocrx_word' id='word_1_375' title='bbox 2483 1878 2728 1932; x_wconf 77' lang='lat' dir='ltr'><strong>dextram</strong></span> <span class='ocrx_word' id='word_1_376' title='bbox 2770 1880 3157 1950; x_wconf 81' lang='lat' dir='ltr'><strong>sinistramquc</strong></span> <span class='ocrx_word' id='word_1_377' title='bbox 3187 1882 3307 1936; x_wconf 78' lang='lat' dir='ltr'><strong>sine</strong></span> 
     </span>
    </p>
   </div>
   <div class='ocr_carea' id='block_1_50' title="bbox 1726 1969 3306 2026">
    <p class='ocr_par' dir='ltr' id='par_1_50' title="bbox 1726 1969 3306 2026">
     <span class='ocr_line' id='line_1_50' title="bbox 1726 1969 3306 2026; baseline 0.001 -3"><span class='ocrx_word' id='word_1_378' title='bbox 1726 1969 1835 2023; x_wconf 81' lang='lat' dir='ltr'><strong>ulla</strong></span> <span class='ocrx_word' id='word_1_379' title='bbox 1871 1969 2171 2023; x_wconf 85' lang='lat' dir='ltr'><strong>mutatione</strong></span> <span class='ocrx_word' id='word_1_380' title='bbox 2201 1976 2540 2023; x_wconf 86' lang='lat' dir='ltr'><strong>constantem</strong></span> <span class='ocrx_word' id='word_1_381' title='bbox 2561 1970 2846 2025; x_wconf 92' lang='lat' dir='ltr'><strong>commode</strong></span> <span class='ocrx_word' id='word_1_382' title='bbox 2867 1972 3138 2026; x_wconf 74' lang='lat' dir='ltr'><strong>metiatur.</strong></span> <span class='ocrx_word' id='word_1_383' title='bbox 3170 1971 3306 2025; x_wconf 82' lang='lat' dir='ltr'><strong>Nam</strong></span> 
     </span>
    </p>
   </div>
   <div class='ocr_carea' id='block_1_51' title="bbox 1727 2060 3307 2132">
    <p class='ocr_par' dir='ltr' id='par_1_51' title="bbox 1727 2060 3307 2132">
     <span class='ocr_line' id='line_1_51' title="bbox 1727 2060 3307 2132; baseline 0.004 -19"><span class='ocrx_word' id='word_1_384' title='bbox 1727 2060 1869 2130; x_wconf 89' lang='lat' dir='ltr'><strong>apud</strong></span> <span class='ocrx_word' id='word_1_385' title='bbox 1920 2076 2021 2115; x_wconf 93' lang='lat' dir='ltr'><strong>nos</strong></span> <span class='ocrx_word' id='word_1_386' title='bbox 2072 2061 2263 2114; x_wconf 77' lang='lat' dir='ltr'><strong>dextra</strong></span> <span class='ocrx_word' id='word_1_387' title='bbox 2318 2061 2613 2117; x_wconf 89' lang='lat' dir='ltr'><strong>sinistrave</strong></span> <span class='ocrx_word' id='word_1_388' title='bbox 2676 2065 3034 2132; x_wconf 88' lang='lat' dir='ltr'><strong>quorumdam</strong></span> <span class='ocrx_word' id='word_1_389' title='bbox 3093 2066 3307 2121; x_wconf 81' lang='lat' dir='ltr'><strong>ratione</strong></span> 
     </span>
    </p>
   </div>
   <div class='ocr_carea' id='block_1_52' title="bbox 1727 2152 3307 2227">
    <p class='ocr_par' dir='ltr' id='par_1_52' title="bbox 1727 2152 3307 2227">
     <span class='ocr_line' id='line_1_52' title="bbox 1727 2152 3307 2227; baseline 0.003 -20"><span class='ocrx_word' id='word_1_390' title='bbox 1727 2152 2119 2217; x_wconf 83' lang='lat' dir='ltr'><strong>membrorum,</strong></span> <span class='ocrx_word' id='word_1_391' title='bbox 2153 2169 2274 2222; x_wconf 79' lang='lat' dir='ltr'><strong>qua:</strong></span> <span class='ocrx_word' id='word_1_392' title='bbox 2309 2154 2413 2206; x_wconf 79' lang='lat' dir='ltr'><strong>lixa</strong></span> <span class='ocrx_word' id='word_1_393' title='bbox 2452 2161 2601 2218; x_wconf 85' lang='lat' dir='ltr'><strong>sunt,</strong></span> <span class='ocrx_word' id='word_1_394' title='bbox 2644 2156 2837 2209; x_wconf 87' lang='lat' dir='ltr'><strong>merito</strong></span> <span class='ocrx_word' id='word_1_395' title='bbox 2872 2165 3155 2222; x_wconf 86' lang='lat' dir='ltr'><strong>vocantur,</strong></span> <span class='ocrx_word' id='word_1_396' title='bbox 3187 2174 3307 2227; x_wconf 75' lang='lat' dir='ltr'><strong>qua:</strong></span> 
     </span>
    </p>
   </div>
   <div class='ocr_carea' id='block_1_53' title="bbox 1728 2243 3308 2313">
    <p class='ocr_par' dir='ltr' id='par_1_53' title="bbox 1728 2243 3308 2313">
     <span class='ocr_line' id='line_1_53' title="bbox 1728 2243 3308 2313; baseline 0.006 -17"><span class='ocrx_word' id='word_1_397' title='bbox 1728 2243 2025 2311; x_wconf 89' lang='lat' dir='ltr'><strong>permutari</strong></span> <span class='ocrx_word' id='word_1_398' title='bbox 2060 2243 2289 2297; x_wconf 89' lang='lat' dir='ltr'><strong>invicem</strong></span> <span class='ocrx_word' id='word_1_399' title='bbox 2344 2255 2640 2313; x_wconf 89' lang='lat' dir='ltr'><strong>nequeunt.</strong></span> <span class='ocrx_word' id='word_1_400' title='bbox 2685 2243 2816 2311; x_wconf 66' lang='lat' dir='ltr'><strong>Quae</strong></span> <span class='ocrx_word' id='word_1_401' title='bbox 2850 2262 2978 2303; x_wconf 86' lang='lat' dir='ltr'><strong>vero</strong></span> <span class='ocrx_word' id='word_1_402' title='bbox 3013 2258 3165 2303; x_wconf 80' lang='lat' dir='ltr'><strong>extra</strong></span> <span class='ocrx_word' id='word_1_403' title='bbox 3206 2266 3308 2305; x_wconf 81' lang='lat' dir='ltr'><strong>nos</strong></span> 
     </span>
    </p>
   </div>
   <div class='ocr_carea' id='block_1_54' title="bbox 1728 2334 3307 2410">
    <p class='ocr_par' dir='ltr' id='par_1_54' title="bbox 1728 2334 3307 2410">
     <span class='ocr_line' id='line_1_54' title="bbox 1728 2334 3307 2410; baseline 0.004 -21"><span class='ocrx_word' id='word_1_404' title='bbox 1728 2342 1878 2395; x_wconf 88' lang='lat' dir='ltr'><strong>sunt,</strong></span> <span class='ocrx_word' id='word_1_405' title='bbox 1911 2334 2048 2389; x_wconf 88' lang='lat' dir='ltr'><strong>alias</strong></span> <span class='ocrx_word' id='word_1_406' title='bbox 2080 2334 2270 2389; x_wconf 84' lang='lat' dir='ltr'><strong>dextra</strong></span> <span class='ocrx_word' id='word_1_407' title='bbox 2303 2334 2469 2400; x_wconf 83' lang='lat' dir='ltr'><strong>ﬁunt,</strong></span> <span class='ocrx_word' id='word_1_408' title='bbox 2515 2337 2650 2391; x_wconf 86' lang='lat' dir='ltr'><strong>alias</strong></span> <span class='ocrx_word' id='word_1_409' title='bbox 2691 2338 2933 2393; x_wconf 91' lang='lat' dir='ltr'><strong>sinistra.</strong></span> <span class='ocrx_word' id='word_1_410' title='bbox 2968 2339 3177 2393; x_wconf 85' lang='lat' dir='ltr'><strong>Etenim</strong></span> <span class='ocrx_word' id='word_1_411' title='bbox 3213 2344 3307 2410; x_wconf 89' lang='lat' dir='ltr'><strong>qui</strong></span> 
     </span>
    </p>
   </div>
   <div class='ocr_carea' id='block_1_55' title="bbox 1729 2426 3307 2491">
    <p class='ocr_par' dir='ltr' id='par_1_55' title="bbox 1729 2426 3307 2491">
     <span class='ocr_line' id='line_1_55' title="bbox 1729 2426 3307 2491; baseline 0.004 -10"><span class='ocrx_word' id='word_1_412' title='bbox 1729 2441 1786 2481; x_wconf 85' lang='lat' dir='ltr'><strong>se</strong></span> <span class='ocrx_word' id='word_1_413' title='bbox 1809 2426 1875 2479; x_wconf 86' lang='lat' dir='ltr'><strong>ad</strong></span> <span class='ocrx_word' id='word_1_414' title='bbox 1909 2426 2174 2481; x_wconf 89' lang='lat' dir='ltr'><strong>orientem</strong></span> <span class='ocrx_word' id='word_1_415' title='bbox 2206 2427 2522 2491; x_wconf 88' lang='lat' dir='ltr'><strong>obverterit,</strong></span> <span class='ocrx_word' id='word_1_416' title='bbox 2555 2428 2643 2482; x_wconf 89' lang='lat' dir='ltr'><strong>hic</strong></span> <span class='ocrx_word' id='word_1_417' title='bbox 2664 2429 2729 2483; x_wconf 91' lang='lat' dir='ltr'><strong>ad</strong></span> <span class='ocrx_word' id='word_1_418' title='bbox 2753 2428 3032 2484; x_wconf 78' lang='lat' dir='ltr'><strong>dexteram</strong></span> <span class='ocrx_word' id='word_1_419' title='bbox 3061 2442 3307 2487; x_wconf 89' lang='lat' dir='ltr'><strong>austrum</strong></span> 
     </span>
    </p>
   </div>
   <div class='ocr_carea' id='block_1_56' title="bbox 1727 2518 3300 2589">
    <p class='ocr_par' dir='ltr' id='par_1_56' title="bbox 1727 2518 3300 2589">
     <span class='ocr_line' id='line_1_56' title="bbox 1727 2518 3300 2589; baseline 0.004 -16"><span class='ocrx_word' id='word_1_420' title='bbox 1727 2518 1841 2573; x_wconf 83' lang='lat' dir='ltr'><strong>sive</strong></span> <span class='ocrx_word' id='word_1_421' title='bbox 1866 2520 2145 2573; x_wconf 88' lang='lat' dir='ltr'><strong>meridiem</strong></span> <span class='ocrx_word' id='word_1_422' title='bbox 2182 2519 2421 2582; x_wconf 90' lang='lat' dir='ltr'><strong>habebit,</strong></span> <span class='ocrx_word' id='word_1_423' title='bbox 2464 2522 2864 2589; x_wconf 84' lang='lat' dir='ltr'><strong>septentriones</strong></span> <span class='ocrx_word' id='word_1_424' title='bbox 2898 2522 2963 2575; x_wconf 90' lang='lat' dir='ltr'><strong>ad</strong></span> <span class='ocrx_word' id='word_1_425' title='bbox 2999 2524 3300 2579; x_wconf 86' lang='lat' dir='ltr'><strong>sinistram.</strong></span> 
     </span>
    </p>
   </div>
   <div class='ocr_carea' id='block_1_57' title="bbox 1730 2608 3307 2678">
    <p class='ocr_par' dir='ltr' id='par_1_57' title="bbox 1730 2608 3307 2678">
     <span class='ocr_line' id='line_1_57' title="bbox 1730 2608 3307 2678; baseline 0.004 -15"><span class='ocrx_word' id='word_1_426' title='bbox 1730 2608 1824 2664; x_wconf 92' lang='lat' dir='ltr'><strong>Sin</strong></span> <span class='ocrx_word' id='word_1_427' title='bbox 1856 2612 2194 2665; x_wconf 87' lang='lat' dir='ltr'><strong>occidentem</strong></span> <span class='ocrx_word' id='word_1_428' title='bbox 2236 2628 2429 2667; x_wconf 90' lang='lat' dir='ltr'><strong>versus</strong></span> <span class='ocrx_word' id='word_1_429' title='bbox 2458 2628 2579 2667; x_wconf 88' lang='lat' dir='ltr'><strong>sese</strong></span> <span class='ocrx_word' id='word_1_430' title='bbox 2630 2616 2974 2678; x_wconf 81' lang='lat' dir='ltr'><strong>converterit,</strong></span> <span class='ocrx_word' id='word_1_431' title='bbox 3004 2617 3192 2670; x_wconf 91' lang='lat' dir='ltr'><strong>mundi</strong></span> <span class='ocrx_word' id='word_1_432' title='bbox 3230 2618 3307 2671; x_wconf 85' lang='lat' dir='ltr'><strong>illi</strong></span> 
     </span>
    </p>
   </div>
   <div class='ocr_carea' id='block_1_58' title="bbox 1728 2701 3311 2778">
    <p class='ocr_par' dir='ltr' id='par_1_58' title="bbox 1728 2701 3311 2778">
     <span class='ocr_line' id='line_1_58' title="bbox 1728 2701 3311 2778; baseline 0.004 -23"><span class='ocrx_word' id='word_1_433' title='bbox 1728 2701 1982 2756; x_wconf 90' lang='lat' dir='ltr'><strong>cardines</strong></span> <span class='ocrx_word' id='word_1_434' title='bbox 2044 2701 2277 2757; x_wconf 89' lang='lat' dir='ltr'><strong>diversis</strong></span> <span class='ocrx_word' id='word_1_435' title='bbox 2335 2703 2649 2757; x_wconf 88' lang='lat' dir='ltr'><strong>nominibus</strong></span> <span class='ocrx_word' id='word_1_436' title='bbox 2702 2704 3034 2769; x_wconf 82' lang='lat' dir='ltr'><strong>aﬂicicutur;</strong></span> <span class='ocrx_word' id='word_1_437' title='bbox 3082 2723 3311 2778; x_wconf 65' lang='lat' dir='ltr'><strong>qumque</strong></span> 
     </span>
    </p>
   </div>
   <div class='ocr_carea' id='block_1_59' title="bbox 1728 2792 3307 2863">
    <p class='ocr_par' dir='ltr' id='par_1_59' title="bbox 1728 2792 3307 2863">
     <span class='ocr_line' id='line_1_59' title="bbox 1728 2792 3307 2863; baseline 0.004 -18"><span class='ocrx_word' id='word_1_438' title='bbox 1728 2793 1889 2863; x_wconf 90' lang='lat' dir='ltr'><strong>paulo</strong></span> <span class='ocrx_word' id='word_1_439' title='bbox 1911 2801 2036 2847; x_wconf 89' lang='lat' dir='ltr'><strong>ante</strong></span> <span class='ocrx_word' id='word_1_440' title='bbox 2064 2792 2253 2846; x_wconf 81' lang='lat' dir='ltr'><strong>dextra</strong></span> <span class='ocrx_word' id='word_1_441' title='bbox 2281 2793 2457 2847; x_wconf 84' lang='lat' dir='ltr'><strong>fuerat</strong></span> <span class='ocrx_word' id='word_1_442' title='bbox 2482 2794 2754 2859; x_wconf 88' lang='lat' dir='ltr'><strong>meridies,</strong></span> <span class='ocrx_word' id='word_1_443' title='bbox 2788 2795 2841 2848; x_wconf 93' lang='lat' dir='ltr'><strong>in</strong></span> <span class='ocrx_word' id='word_1_444' title='bbox 2878 2797 3156 2852; x_wconf 88' lang='lat' dir='ltr'><strong>sinistram</strong></span> <span class='ocrx_word' id='word_1_445' title='bbox 3183 2813 3307 2851; x_wconf 84' lang='lat' dir='ltr'><strong>mu-</strong></span> 
     </span>
    </p>
   </div>
   <div class='ocr_carea' id='block_1_60' title="bbox 1730 2885 3307 2957">
    <p class='ocr_par' dir='ltr' id='par_1_60' title="bbox 1730 2885 3307 2957">
     <span class='ocr_line' id='line_1_60' title="bbox 1730 2885 3307 2957; baseline 0.003 -19"><span class='ocrx_word' id='word_1_446' title='bbox 1730 2885 1980 2938; x_wconf 88' lang='lat' dir='ltr'><strong>tabitur:</strong></span> <span class='ocrx_word' id='word_1_447' title='bbox 2023 2898 2143 2953; x_wconf 72' lang='lat' dir='ltr'><strong>quae</strong></span> <span class='ocrx_word' id='word_1_448' title='bbox 2196 2885 2263 2937; x_wconf 90' lang='lat' dir='ltr'><strong>ad</strong></span> <span class='ocrx_word' id='word_1_449' title='bbox 2308 2885 2586 2939; x_wconf 89' lang='lat' dir='ltr'><strong>sinistram</strong></span> <span class='ocrx_word' id='word_1_450' title='bbox 2635 2902 2854 2957; x_wconf 75' lang='lat' dir='ltr'><strong>vergere</strong></span> <span class='ocrx_word' id='word_1_451' title='bbox 2888 2888 3172 2943; x_wconf 87' lang='lat' dir='ltr'><strong>dicebatur</strong></span> <span class='ocrx_word' id='word_1_452' title='bbox 3205 2890 3307 2943; x_wconf 61' lang='lat' dir='ltr'><strong>hoc</strong></span> 
     </span>
    </p>
   </div>
   <div class='ocr_carea' id='block_1_61' title="bbox 1732 2974 3305 3044">
    <p class='ocr_par' dir='ltr' id='par_1_61' title="bbox 1732 2974 3305 3044">
     <span class='ocr_line' id='line_1_61' title="bbox 1732 2974 3305 3044; baseline 0.008 -20"><span class='ocrx_word' id='word_1_453' title='bbox 1732 2974 1899 3028; x_wconf 86' lang='lat' dir='ltr'><strong>minis</strong></span> <span class='ocrx_word' id='word_1_454' title='bbox 1932 2974 2267 3042; x_wconf 86' lang='lat' dir='ltr'><strong>aquilonaris</strong></span> <span class='ocrx_word' id='word_1_455' title='bbox 2297 2975 2468 3044; x_wconf 76' lang='lat' dir='ltr'><strong>regio,</strong></span> <span class='ocrx_word' id='word_1_456' title='bbox 2505 2975 2570 3027; x_wconf 82' lang='lat' dir='ltr'><strong>ad</strong></span> <span class='ocrx_word' id='word_1_457' title='bbox 2610 2976 2888 3030; x_wconf 81' lang='lat' dir='ltr'><strong>dexteram</strong></span> <span class='ocrx_word' id='word_1_458' title='bbox 2920 2992 3042 3033; x_wconf 88' lang='lat' dir='ltr'><strong>esse</strong></span> <span class='ocrx_word' id='word_1_459' title='bbox 3074 2979 3305 3037; x_wconf 89' lang='lat' dir='ltr'><strong>dicetur.</strong></span> 
     </span>
    </p>
   </div>
   <div class='ocr_carea' id='block_1_62' title="bbox 53 3056 1609 3143">
    <p class='ocr_par' dir='ltr' id='par_1_62' title="bbox 53 3068 1609 3143">
     <span class='ocr_line' id='line_1_62' title="bbox 53 3068 1609 3143; baseline -0.003 -20"><span class='ocrx_word' id='word_1_460' title='bbox 53 3088 193 3143; x_wconf 79' lang='grc' dir='ltr'>ρειον</span> <span class='ocrx_word' id='word_1_461' title='bbox 247 3070 437 3140; x_wconf 90' lang='grc' dir='ltr'>κλίμα,</span> <span class='ocrx_word' id='word_1_462' title='bbox 471 3072 550 3133; x_wconf 85' lang='grc' dir='ltr'><strong>είς</strong></span> <span class='ocrx_word' id='word_1_463' title='bbox 583 3070 760 3137; x_wconf 81' lang='grc' dir='ltr'>δεξιὰν</span> <span class='ocrx_word' id='word_1_464' title='bbox 793 3068 959 3122; x_wconf 83' lang='grc' dir='ltr'>αὑτοῦ</span> <span class='ocrx_word' id='word_1_465' title='bbox 992 3068 1475 3139; x_wconf 88' lang='grc' dir='ltr'>μεταϐαλλόμενον.</span> <span class='ocrx_word' id='word_1_466' title='bbox 1518 3068 1609 3121; x_wconf 75' lang='grc' dir='ltr'>Ποξ</span> 
     </span>
    </p>
   </div>
   <div class='ocr_carea' id='block_1_63' title="bbox 1768 3056 3310 3143">
    <p class='ocr_par' dir='ltr' id='par_1_63' title="bbox 1768 3065 3310 3133">
     <span class='ocr_line' id='line_1_63' title="bbox 1768 3065 3310 3133; baseline 0.008 -17"><span class='ocrx_word' id='word_1_467' title='bbox 1768 3065 1962 3120; x_wconf 86' lang='lat' dir='ltr'><strong>lbinam</strong></span> <span class='ocrx_word' id='word_1_468' title='bbox 2003 3081 2133 3133; x_wconf 81' lang='lat' dir='ltr'><strong>ergo</strong></span> <span class='ocrx_word' id='word_1_469' title='bbox 2173 3075 2443 3121; x_wconf 83' lang='lat' dir='ltr'><strong>veterator</strong></span> <span class='ocrx_word' id='word_1_470' title='bbox 2470 3068 2571 3122; x_wconf 89' lang='lat' dir='ltr'><strong>istc</strong></span> <span class='ocrx_word' id='word_1_471' title='bbox 2601 3084 2755 3123; x_wconf 85' lang='lat' dir='ltr'><strong>suam</strong></span> <span class='ocrx_word' id='word_1_472' title='bbox 2800 3070 2945 3124; x_wconf 88' lang='lat' dir='ltr'><strong>illam</strong></span> <span class='ocrx_word' id='word_1_473' title='bbox 2980 3072 3310 3129; x_wconf 78' lang='lat' dir='ltr'><strong>modulanda</strong></span> 
     </span>
    </p>
   </div>
   <div class='ocr_carea' id='block_1_64' title="bbox 47 3158 1633 3230">
    <p class='ocr_par' dir='ltr' id='par_1_64' title="bbox 47 3158 1633 3230">
     <span class='ocr_line' id='line_1_64' title="bbox 47 3158 1633 3230; baseline -0.003 -15"><span class='ocrx_word' id='word_1_474' title='bbox 47 3160 225 3215; x_wconf 72' lang='grc' dir='ltr'>τοίνυν</span> <span class='ocrx_word' id='word_1_475' title='bbox 255 3163 282 3214; x_wconf 88' lang='grc' dir='ltr'><strong>ό</strong></span> <span class='ocrx_word' id='word_1_476' title='bbox 302 3160 555 3214; x_wconf 84' lang='grc' dir='ltr'>ἀπατεὼν</span> <span class='ocrx_word' id='word_1_477' title='bbox 586 3161 810 3230; x_wconf 77' lang='grc' dir='ltr'>ἐφεῦρεν</span> <span class='ocrx_word' id='word_1_478' title='bbox 844 3158 1022 3230; x_wconf 83' lang='grc' dir='ltr'>ἑαυτῴ</span> <span class='ocrx_word' id='word_1_479' title='bbox 1055 3159 1152 3230; x_wconf 82' lang='grc' dir='ltr'><strong>τὴν</strong></span> <span class='ocrx_word' id='word_1_480' title='bbox 1176 3159 1317 3213; x_wconf 85' lang='grc' dir='ltr'>κατὰ</span> <span class='ocrx_word' id='word_1_481' title='bbox 1342 3160 1473 3212; x_wconf 86' lang='grc' dir='ltr'>Θεὸν</span> <span class='ocrx_word' id='word_1_482' title='bbox 1496 3177 1633 3227; x_wconf 90' lang='grc' dir='ltr'>γεω-</span> 
     </span>
    </p>
   </div>
   <div class='ocr_carea' id='block_1_65' title="bbox 52 3253 1629 3326">
    <p class='ocr_par' dir='ltr' id='par_1_65' title="bbox 52 3253 1629 3326">
     <span class='ocr_line' id='line_1_65' title="bbox 52 3253 1629 3326; baseline -0.001 -19"><span class='ocrx_word' id='word_1_483' title='bbox 52 3255 323 3326; x_wconf 72' lang='grc' dir='ltr'>μετρίανς</span> <span class='ocrx_word' id='word_1_484' title='bbox 359 3255 467 3308; x_wconf 74' lang='grc' dir='ltr'><strong>Καὶ</strong></span> <span class='ocrx_word' id='word_1_485' title='bbox 513 3253 557 3307; x_wconf 85' lang='grc' dir='ltr'><strong>ὣ</strong></span> <span class='ocrx_word' id='word_1_486' title='bbox 600 3254 698 3325; x_wconf 85' lang='grc' dir='ltr'>τῆς</span> <span class='ocrx_word' id='word_1_487' title='bbox 742 3253 994 3322; x_wconf 84' lang='grc' dir='ltr'>τοιαύτης</span> <span class='ocrx_word' id='word_1_488' title='bbox 1042 3253 1243 3323; x_wconf 82' lang='grc' dir='ltr'>πολλῆς</span> <span class='ocrx_word' id='word_1_489' title='bbox 1291 3253 1629 3325; x_wconf 86' lang='grc' dir='ltr'>ληρολογίας,</span> 
     </span>
    </p>
   </div>
   <div class='ocr_carea' id='block_1_66' title="bbox 50 3344 1636 3418">
    <p class='ocr_par' dir='ltr' id='par_1_66' title="bbox 50 3344 1636 3418">
     <span class='ocr_line' id='line_1_66' title="bbox 50 3344 1636 3418; baseline -0.003 -18"><span class='ocrx_word' id='word_1_490' title='bbox 50 3349 148 3418; x_wconf 75' lang='grc' dir='ltr'>τῆς</span> <span class='ocrx_word' id='word_1_491' title='bbox 170 3347 241 3400; x_wconf 83' lang='grc' dir='ltr'>τὰ</span> <span class='ocrx_word' id='word_1_492' title='bbox 270 3346 449 3400; x_wconf 84' lang='grc' dir='ltr'>πάντα</span> <span class='ocrx_word' id='word_1_493' title='bbox 492 3346 851 3416; x_wconf 73' lang='grc' dir='ltr'>συγχεούσηςῑ</span> <span class='ocrx_word' id='word_1_494' title='bbox 887 3347 1087 3400; x_wconf 82' lang='grc' dir='ltr'>Φάσκει</span> <span class='ocrx_word' id='word_1_495' title='bbox 1125 3345 1180 3398; x_wconf 84' lang='grc' dir='ltr'><strong>δὲ</strong></span> <span class='ocrx_word' id='word_1_496' title='bbox 1215 3344 1350 3415; x_wconf 84' lang='grc' dir='ltr'>μετὰ</span> <span class='ocrx_word' id='word_1_497' title='bbox 1388 3344 1448 3397; x_wconf 79' lang='grc' dir='ltr'>τὸ</span> <span class='ocrx_word' id='word_1_498' title='bbox 1479 3344 1636 3397; x_wconf 83' lang='grc' dir='ltr'>ὑστέ-</span> 
     </span>
    </p>
   </div>
   <div class='ocr_carea' id='block_1_67' title="bbox 52 3436 1633 3509">
    <p class='ocr_par' dir='ltr' id='par_1_67' title="bbox 52 3436 1633 3509">
     <span class='ocr_line' id='line_1_67' title="bbox 52 3436 1633 3509; baseline 0.001 -21"><span class='ocrx_word' id='word_1_499' title='bbox 52 3455 208 3507; x_wconf 76' lang='grc' dir='ltr'>ρημα</span> <span class='ocrx_word' id='word_1_500' title='bbox 235 3436 351 3505; x_wconf 79' lang='grc'><strong>(85)</strong></span> <span class='ocrx_word' id='word_1_501' title='bbox 372 3436 473 3499; x_wconf 14' lang='grc' dir='ltr'>,τοῦ</span> <span class='ocrx_word' id='word_1_502' title='bbox 505 3437 794 3507; x_wconf 88' lang='grc' dir='ltr'>τριάκοντα</span> <span class='ocrx_word' id='word_1_503' title='bbox 816 3443 831 3471; x_wconf 72' lang='grc'>⁸</span> <span class='ocrx_word' id='word_1_504' title='bbox 865 3439 1068 3503; x_wconf 81' lang='grc' dir='ltr'>Δίὦνος</span> <span class='ocrx_word' id='word_1_505' title='bbox 1094 3437 1439 3509; x_wconf 76' lang='grc' dir='ltr'>γεγενῆσθαι.</span> <span class='ocrx_word' id='word_1_506' title='bbox 1463 3438 1633 3490; x_wconf 88' lang='grc' dir='ltr'>Πόθεν</span> 
     </span>
    </p>
   </div>
   <div class='ocr_carea' id='block_1_68' title="bbox 48 3527 1631 3604">
    <p class='ocr_par' dir='ltr' id='par_1_68' title="bbox 48 3527 1631 3604">
     <span class='ocr_line' id='line_1_68' title="bbox 48 3527 1631 3604; baseline -0.001 -17"><span class='ocrx_word' id='word_1_507' title='bbox 48 3532 159 3603; x_wconf 73' lang='grc' dir='ltr'>ἄρα</span> <span class='ocrx_word' id='word_1_508' title='bbox 186 3534 289 3603; x_wconf 84' lang='grc' dir='ltr'>τὴν</span> <span class='ocrx_word' id='word_1_509' title='bbox 319 3532 412 3584; x_wconf 83' lang='grc' dir='ltr'><strong>τοῦ</strong></span> <span class='ocrx_word' id='word_1_510' title='bbox 438 3534 811 3604; x_wconf 80' lang='grc' dir='ltr'>ὑστερήματος</span> <span class='ocrx_word' id='word_1_511' title='bbox 839 3534 997 3604; x_wconf 86' lang='grc' dir='ltr'>φύσιν</span> <span class='ocrx_word' id='word_1_512' title='bbox 1019 3534 1369 3604; x_wconf 82' lang='grc' dir='ltr'>κατείληφας,</span> <span class='ocrx_word' id='word_1_513' title='bbox 1391 3527 1435 3585; x_wconf 81' lang='grc' dir='ltr'><strong>ὦ</strong></span> <span class='ocrx_word' id='word_1_514' title='bbox 1454 3527 1631 3595; x_wconf 74' lang='grc' dir='ltr'>οὗτος,</span> 
     </span>
    </p>
   </div>
   <div class='ocr_carea' id='block_1_69' title="bbox 47 3616 1632 3697">
    <p class='ocr_par' dir='ltr' id='par_1_69' title="bbox 47 3616 1632 3697">
     <span class='ocr_line' id='line_1_69' title="bbox 47 3616 1632 3697; baseline -0.001 -20"><span class='ocrx_word' id='word_1_515' title='bbox 47 3626 81 3694; x_wconf 75' lang='grc' dir='ltr'><strong>ἢ</strong></span> <span class='ocrx_word' id='word_1_516' title='bbox 113 3626 440 3678; x_wconf 79' lang='grc' dir='ltr'>ἀποστᾶσαν</span> <span class='ocrx_word' id='word_1_517' title='bbox 462 3623 707 3695; x_wconf 83' lang='grc' dir='ltr'>δύναμιν,</span> <span class='ocrx_word' id='word_1_518' title='bbox 728 3626 853 3693; x_wconf 86' lang='grc' dir='ltr'>λέγε</span> <span class='ocrx_word' id='word_1_519' title='bbox 874 3642 888 3691; x_wconf 90' lang='grc'>;</span> <span class='ocrx_word' id='word_1_520' title='bbox 910 3627 972 3679; x_wconf 86' lang='grc' dir='ltr'><strong>Εἰ</strong></span> <span class='ocrx_word' id='word_1_521' title='bbox 997 3626 1095 3696; x_wconf 82' lang='grc' dir='ltr'><strong>μὲν</strong></span> <span class='ocrx_word' id='word_1_522' title='bbox 1124 3624 1233 3697; x_wconf 89' lang='grc' dir='ltr'><strong>γάρ</strong></span> <span class='ocrx_word' id='word_1_523' title='bbox 1256 3616 1415 3694; x_wconf 71' lang='grc' dir='ltr'>εὗρες</span> <span class='ocrx_word' id='word_1_524' title='bbox 1429 3624 1632 3694; x_wconf 84' lang='grc' dir='ltr'>ταύτην</span> 
     </span>
    </p>
   </div>
   <div class='ocr_carea' id='block_1_70' title="bbox 49 3711 1633 3784">
    <p class='ocr_par' dir='ltr' id='par_1_70' title="bbox 49 3711 1633 3784">
     <span class='ocr_line' id='line_1_70' title="bbox 49 3711 1633 3784; baseline -0.002 -19"><span class='ocrx_word' id='word_1_525' title='bbox 49 3714 159 3766; x_wconf 82' lang='grc' dir='ltr'>ἀπὸ</span> <span class='ocrx_word' id='word_1_526' title='bbox 196 3713 580 3784; x_wconf 84' lang='grc' dir='ltr'>βλαστήματος</span> <span class='ocrx_word' id='word_1_527' title='bbox 612 3713 720 3765; x_wconf 82' lang='grc' dir='ltr'><strong>τῶν</strong></span> <span class='ocrx_word' id='word_1_528' title='bbox 746 3714 877 3775; x_wconf 79' lang='grc' dir='ltr'>ἄνω,</span> <span class='ocrx_word' id='word_1_529' title='bbox 903 3714 963 3766; x_wconf 83' lang='grc' dir='ltr'><strong>οὐ</strong></span> <span class='ocrx_word' id='word_1_530' title='bbox 997 3713 1239 3782; x_wconf 80' lang='grc' dir='ltr'>κτιστὴν,</span> <span class='ocrx_word' id='word_1_531' title='bbox 1273 3711 1406 3764; x_wconf 85' lang='grc' dir='ltr'><strong>ἀλλά</strong></span> <span class='ocrx_word' id='word_1_532' title='bbox 1442 3728 1633 3780; x_wconf 85' lang='grc' dir='ltr'>γεννη-</span> 
     </span>
    </p>
   </div>
   <div class='ocr_carea' id='block_1_71' title="bbox 47 3800 1633 3876">
    <p class='ocr_par' dir='ltr' id='par_1_71' title="bbox 47 3800 1633 3876">
     <span class='ocr_line' id='line_1_71' title="bbox 47 3800 1633 3876; baseline -0.003 -19"><span class='ocrx_word' id='word_1_533' title='bbox 47 3806 169 3875; x_wconf 75' lang='grc' dir='ltr'>τὴν,</span> <span class='ocrx_word' id='word_1_534' title='bbox 208 3803 399 3873; x_wconf 79' lang='grc' dir='ltr'>ἐπειδὴ</span> <span class='ocrx_word' id='word_1_535' title='bbox 427 3805 506 3856; x_wconf 80' lang='grc' dir='ltr'><strong>σοί</strong></span> <span class='ocrx_word' id='word_1_536' title='bbox 539 3821 598 3856; x_wconf 89' lang='grc' dir='ltr'><strong>τε</strong></span> <span class='ocrx_word' id='word_1_537' title='bbox 628 3805 721 3857; x_wconf 71' lang='grc' dir='ltr'><strong>καὶ</strong></span> <span class='ocrx_word' id='word_1_538' title='bbox 740 3804 817 3874; x_wconf 80' lang='grc' dir='ltr'>τῷ</span> <span class='ocrx_word' id='word_1_539' title='bbox 845 3821 938 3856; x_wconf 91' lang='grc' dir='ltr'><strong>σου</strong></span> <span class='ocrx_word' id='word_1_540' title='bbox 972 3804 1235 3876; x_wconf 77' lang='grc' dir='ltr'>ἐπιστάτῃ</span> <span class='ocrx_word' id='word_1_541' title='bbox 1259 3803 1357 3855; x_wconf 84' lang='grc' dir='ltr'><strong>οὐκ</strong></span> <span class='ocrx_word' id='word_1_542' title='bbox 1381 3800 1633 3872; x_wconf 75' lang='grc' dir='ltr'>ἐκτισμέ-</span> 
     </span>
    </p>
   </div>
   <div class='ocr_carea' id='block_1_72' title="bbox 46 3894 1633 3967">
    <p class='ocr_par' dir='ltr' id='par_1_72' title="bbox 46 3894 1633 3967">
     <span class='ocr_line' id='line_1_72' title="bbox 46 3894 1633 3967; baseline -0.001 -18"><span class='ocrx_word' id='word_1_543' title='bbox 46 3913 113 3949; x_wconf 83' lang='grc' dir='ltr'><strong>να</strong></span> <span class='ocrx_word' id='word_1_544' title='bbox 139 3897 213 3949; x_wconf 84' lang='grc' dir='ltr'><strong>τά</strong></span> <span class='ocrx_word' id='word_1_545' title='bbox 243 3898 439 3950; x_wconf 81' lang='grc' dir='ltr'>κτιστά</span> <span class='ocrx_word' id='word_1_546' title='bbox 470 3898 732 3967; x_wconf 75' lang='grc' dir='ltr'>ὁρίζεται,</span> <span class='ocrx_word' id='word_1_547' title='bbox 758 3895 892 3949; x_wconf 89' lang='grc' dir='ltr'><strong>ἀλλά</strong></span> <span class='ocrx_word' id='word_1_548' title='bbox 920 3895 1180 3965; x_wconf 80' lang='grc' dir='ltr'>γεννητά’</span> <span class='ocrx_word' id='word_1_549' title='bbox 1213 3896 1306 3949; x_wconf 81' lang='grc' dir='ltr'><strong>καὶ</strong></span> <span class='ocrx_word' id='word_1_550' title='bbox 1351 3894 1458 3948; x_wconf 85' lang='grc' dir='ltr'><strong>ἀπὸ</strong></span> <span class='ocrx_word' id='word_1_551' title='bbox 1502 3912 1633 3965; x_wconf 86' lang='grc' dir='ltr'>μετ-</span> 
     </span>
    </p>
   </div>
   <div class='ocr_carea' id='block_1_73' title="bbox 44 3986 1633 4060">
    <p class='ocr_par' dir='ltr' id='par_1_73' title="bbox 44 3986 1633 4060">
     <span class='ocr_line' id='line_1_73' title="bbox 44 3986 1633 4060; baseline 0.001 -22"><span class='ocrx_word' id='word_1_552' title='bbox 44 3986 238 4050; x_wconf 85' lang='grc' dir='ltr'>ουσίας</span> <span class='ocrx_word' id='word_1_553' title='bbox 274 3988 513 4057; x_wconf 78' lang='grc' dir='ltr'>ἑκάστης</span> <span class='ocrx_word' id='word_1_554' title='bbox 556 3987 768 4057; x_wconf 77' lang='grc' dir='ltr'>φύσεως</span> <span class='ocrx_word' id='word_1_555' title='bbox 814 3990 940 4060; x_wconf 88' lang='grc' dir='ltr'>παρ’</span> <span class='ocrx_word' id='word_1_556' title='bbox 972 3988 1207 4056; x_wconf 79' lang='grc' dir='ltr'>ἑκάστης</span> <span class='ocrx_word' id='word_1_557' title='bbox 1255 3987 1523 4057; x_wconf 87' lang='grc' dir='ltr'>λαϐούσης</span> <span class='ocrx_word' id='word_1_558' title='bbox 1566 3987 1633 4040; x_wconf 78' lang='grc' dir='ltr'>τὰ</span> 
     </span>
    </p>
   </div>
   <div class='ocr_carea' id='block_1_74' title="bbox 47 4071 1632 4147">
    <p class='ocr_par' dir='ltr' id='par_1_74' title="bbox 47 4071 1632 4147">
     <span class='ocr_line' id='line_1_74' title="bbox 47 4071 1632 4147; baseline 0.003 -22"><span class='ocrx_word' id='word_1_559' title='bbox 47 4071 207 4137; x_wconf 76' lang='grc' dir='ltr'>αὖθις</span> <span class='ocrx_word' id='word_1_560' title='bbox 252 4076 569 4145; x_wconf 86' lang='grc' dir='ltr'>γεννώμενα</span> <span class='ocrx_word' id='word_1_561' title='bbox 614 4074 1056 4147; x_wconf 84' lang='grc' dir='ltr'>ἀναφῦναι.’¹Αρα</span> <span class='ocrx_word' id='word_1_562' title='bbox 1088 4092 1150 4143; x_wconf 88' lang='grc' dir='ltr'><strong>γε</strong></span> <span class='ocrx_word' id='word_1_563' title='bbox 1184 4077 1326 4129; x_wconf 87' lang='grc' dir='ltr'><strong>κατά</strong></span> <span class='ocrx_word' id='word_1_564' title='bbox 1352 4078 1440 4127; x_wconf 88' lang='grc' dir='ltr'><strong>τὸν</strong></span> <span class='ocrx_word' id='word_1_565' title='bbox 1470 4076 1632 4129; x_wconf 78' lang='grc' dir='ltr'>αὑτοῦ</span> 
     </span>
    </p>
   </div>
   <div class='ocr_carea' id='block_1_75' title="bbox 44 4166 1633 4239">
    <p class='ocr_par' dir='ltr' id='par_1_75' title="bbox 44 4166 1633 4239">
     <span class='ocr_line' id='line_1_75' title="bbox 44 4166 1633 4239; baseline 0.002 -21"><span class='ocrx_word' id='word_1_566' title='bbox 44 4166 209 4235; x_wconf 85' lang='grc' dir='ltr'>λόγον</span> <span class='ocrx_word' id='word_1_567' title='bbox 242 4168 388 4220; x_wconf 86' lang='grc' dir='ltr'><strong>κατά</strong></span> <span class='ocrx_word' id='word_1_568' title='bbox 419 4166 616 4219; x_wconf 83' lang='grc' dir='ltr'>σαυτοῦ</span> <span class='ocrx_word' id='word_1_569' title='bbox 643 4166 859 4239; x_wconf 77' lang='grc' dir='ltr'>ὁπλίζῃ.</span> <span class='ocrx_word' id='word_1_570' title='bbox 896 4168 959 4219; x_wconf 80' lang='lat' dir='ltr'><strong>El</strong></span> <span class='ocrx_word' id='word_1_571' title='bbox 991 4168 1098 4238; x_wconf 79' lang='grc' dir='ltr'>γὰρ</span> <span class='ocrx_word' id='word_1_572' title='bbox 1123 4167 1232 4220; x_wconf 86' lang='grc' dir='ltr'><strong>ἀπὸ</strong></span> <span class='ocrx_word' id='word_1_573' title='bbox 1258 4166 1364 4220; x_wconf 85' lang='grc' dir='ltr'><strong>τῶν</strong></span> <span class='ocrx_word' id='word_1_574' title='bbox 1395 4168 1505 4221; x_wconf 83' lang='grc' dir='ltr'>ἄνω</span> <span class='ocrx_word' id='word_1_575' title='bbox 1539 4166 1633 4221; x_wconf 74' lang='grc' dir='ltr'>καὶ</span> 
     </span>
    </p>
   </div>
   <div class='ocr_carea' id='block_1_76' title="bbox 44 4256 1632 4328">
    <p class='ocr_par' dir='ltr' id='par_1_76' title="bbox 44 4256 1632 4328">
     <span class='ocr_line' id='line_1_76' title="bbox 44 4256 1632 4328; baseline 0.001 -19"><span class='ocrx_word' id='word_1_576' title='bbox 44 4259 77 4325; x_wconf 82' lang='grc' dir='ltr'>ἡ</span> <span class='ocrx_word' id='word_1_577' title='bbox 114 4258 330 4328; x_wconf 81' lang='grc' dir='ltr'>ὑστέρα</span> <span class='ocrx_word' id='word_1_578' title='bbox 373 4257 619 4327; x_wconf 81' lang='grc' dir='ltr'>δύναμις,</span> <span class='ocrx_word' id='word_1_579' title='bbox 665 4258 760 4310; x_wconf 70' lang='grc' dir='ltr'><strong>καὶ</strong></span> <span class='ocrx_word' id='word_1_580' title='bbox 790 4259 823 4327; x_wconf 82' lang='grc' dir='ltr'><strong>ἡ</strong></span> <span class='ocrx_word' id='word_1_581' title='bbox 856 4257 1161 4311; x_wconf 83' lang='grc' dir='ltr'>ἀποστασία</span> <span class='ocrx_word' id='word_1_582' title='bbox 1190 4257 1497 4328; x_wconf 80' lang='grc' dir='ltr'>γεγένηται,</span> <span class='ocrx_word' id='word_1_583' title='bbox 1532 4256 1632 4326; x_wconf 80' lang='grc' dir='ltr'><strong>ἔφυ</strong></span> 
     </span>
    </p>
   </div>
   <div class='ocr_carea' id='block_1_77' title="bbox 43 4349 1631 4420">
    <p class='ocr_par' dir='ltr' id='par_1_77' title="bbox 43 4349 1631 4420">
     <span class='ocr_line' id='line_1_77' title="bbox 43 4349 1631 4420; baseline 0.001 -19"><span class='ocrx_word' id='word_1_584' title='bbox 43 4350 121 4413; x_wconf 82' lang='grc' dir='ltr'><strong>δὲ,</strong></span> <span class='ocrx_word' id='word_1_585' title='bbox 154 4351 237 4411; x_wconf 77' lang='grc' dir='ltr'>ὡς</span> <span class='ocrx_word' id='word_1_586' title='bbox 267 4352 467 4413; x_wconf 80' lang='grc' dir='ltr'>εἰπεῖν,</span> <span class='ocrx_word' id='word_1_587' title='bbox 496 4350 589 4402; x_wconf 81' lang='grc' dir='ltr'>καὶ</span> <span class='ocrx_word' id='word_1_588' title='bbox 632 4349 960 4420; x_wconf 78' lang='grc' dir='ltr'>ὲϐλάστησε’</span> <span class='ocrx_word' id='word_1_589' title='bbox 992 4350 1207 4419; x_wconf 78' lang='grc' dir='ltr'>μετέχει</span> <span class='ocrx_word' id='word_1_590' title='bbox 1248 4349 1355 4420; x_wconf 82' lang='grc' dir='ltr'>ἄρα</span> <span class='ocrx_word' id='word_1_591' title='bbox 1382 4350 1492 4404; x_wconf 82' lang='grc' dir='ltr'><strong>τῶν</strong></span> <span class='ocrx_word' id='word_1_592' title='bbox 1519 4350 1631 4405; x_wconf 77' lang='grc' dir='ltr'><strong>ἀνω</strong></span> 
     </span>
    </p>
   </div>
   <div class='ocr_carea' id='block_1_78' title="bbox 43 4440 1631 4512">
    <p class='ocr_par' dir='ltr' id='par_1_78' title="bbox 43 4440 1631 4512">
     <span class='ocr_line' id='line_1_78' title="bbox 43 4440 1631 4512; baseline 0.001 -19"><span class='ocrx_word' id='word_1_593' title='bbox 43 4441 443 4511; x_wconf 82' lang='grc' dir='ltr'>χαρισμάτων·</span> <span class='ocrx_word' id='word_1_594' title='bbox 490 4440 673 4511; x_wconf 78' lang='grc' dir='ltr'>ἐπειδὴ</span> <span class='ocrx_word' id='word_1_595' title='bbox 716 4443 1055 4493; x_wconf 82' lang='grc' dir='ltr'>ἐπικοινωνεῖ</span> <span class='ocrx_word' id='word_1_596' title='bbox 1097 4442 1173 4512; x_wconf 82' lang='grc' dir='ltr'>τῷ</span> <span class='ocrx_word' id='word_1_597' title='bbox 1221 4442 1554 4512; x_wconf 83' lang='grc' dir='ltr'>Πληρώματι</span> <span class='ocrx_word' id='word_1_598' title='bbox 1598 4443 1631 4512; x_wconf 81' lang='grc' dir='ltr'><strong>ἡ</strong></span> 
     </span>
    </p>
   </div>
   <div class='ocr_carea' id='block_1_79' title="bbox 43 4527 1633 4603">
    <p class='ocr_par' dir='ltr' id='par_1_79' title="bbox 43 4527 1633 4603">
     <span class='ocr_line' id='line_1_79' title="bbox 43 4527 1633 4603; baseline 0.004 -25"><span class='ocrx_word' id='word_1_599' title='bbox 43 4527 279 4599; x_wconf 78' lang='grc' dir='ltr'>ὑστέρα,</span> <span class='ocrx_word' id='word_1_600' title='bbox 308 4528 403 4579; x_wconf 74' lang='grc' dir='ltr'><strong>καὶ</strong></span> <span class='ocrx_word' id='word_1_601' title='bbox 431 4527 490 4580; x_wconf 82' lang='grc' dir='ltr'>τὸ</span> <span class='ocrx_word' id='word_1_602' title='bbox 517 4528 796 4600; x_wconf 73' lang='grc' dir='ltr'>Πλήρωμα</span> <span class='ocrx_word' id='word_1_603' title='bbox 822 4532 886 4600; x_wconf 83' lang='grc' dir='ltr'>τῇ</span> <span class='ocrx_word' id='word_1_604' title='bbox 914 4528 1141 4601; x_wconf 68' lang='grc' dir='ltr'>ὑστέρα·</span> <span class='ocrx_word' id='word_1_605' title='bbox 1174 4531 1267 4584; x_wconf 75' lang='grc' dir='ltr'>καὶ</span> <span class='ocrx_word' id='word_1_606' title='bbox 1287 4531 1438 4585; x_wconf 77' lang='grc' dir='ltr'>οὐδὲν</span> <span class='ocrx_word' id='word_1_607' title='bbox 1462 4549 1633 4603; x_wconf 87' lang='grc' dir='ltr'>προσ-</span> 
     </span>
    </p>
   </div>
   <div class='ocr_carea' id='block_1_80' title="bbox 44 4619 1630 4694">
    <p class='ocr_par' dir='ltr' id='par_1_80' title="bbox 44 4619 1630 4694">
     <span class='ocr_line' id='line_1_80' title="bbox 44 4619 1630 4694; baseline 0.004 -25"><span class='ocrx_word' id='word_1_608' title='bbox 44 4619 413 4688; x_wconf 79' lang='grc' dir='ltr'>ενεχθήσεται</span> <span class='ocrx_word' id='word_1_609' title='bbox 443 4620 595 4673; x_wconf 86' lang='grc' dir='ltr'>τοῦτο</span> <span class='ocrx_word' id='word_1_610' title='bbox 629 4621 766 4691; x_wconf 81' lang='grc' dir='ltr'>πρὸς</span> <span class='ocrx_word' id='word_1_611' title='bbox 794 4622 987 4686; x_wconf 80' lang='grc' dir='ltr'>ἐκεῖνο,</span> <span class='ocrx_word' id='word_1_612' title='bbox 1016 4620 1138 4675; x_wconf 77' lang='grc' dir='ltr'>οὔτε</span> <span class='ocrx_word' id='word_1_613' title='bbox 1160 4624 1332 4676; x_wconf 81' lang='grc' dir='ltr'>έκεῖνο</span> <span class='ocrx_word' id='word_1_614' title='bbox 1362 4622 1495 4694; x_wconf 78' lang='grc' dir='ltr'>πρὸς</span> <span class='ocrx_word' id='word_1_615' title='bbox 1515 4621 1630 4675; x_wconf 79' lang='grc' dir='ltr'>τοῦο</span> 
     </span>
    </p>
   </div>
   <div class='ocr_carea' id='block_1_81' title="bbox 42 4711 1636 4784">
    <p class='ocr_par' dir='ltr' id='par_1_81' title="bbox 42 4711 1636 4784">
     <span class='ocr_line' id='line_1_81' title="bbox 42 4711 1636 4784; baseline 0.003 -22"><span class='ocrx_word' id='word_1_616' title='bbox 42 4726 122 4772; x_wconf 88' lang='grc' dir='ltr'><strong>το,</strong></span> <span class='ocrx_word' id='word_1_617' title='bbox 153 4711 446 4781; x_wconf 78' lang='grc' dir='ltr'>ἑκατέρων</span> <span class='ocrx_word' id='word_1_618' title='bbox 478 4711 617 4764; x_wconf 86' lang='grc' dir='ltr'><strong>κατά</strong></span> <span class='ocrx_word' id='word_1_619' title='bbox 663 4712 731 4764; x_wconf 78' lang='grc' dir='ltr'>τὰ</span> <span class='ocrx_word' id='word_1_620' title='bbox 771 4713 1015 4783; x_wconf 84' lang='grc' dir='ltr'>τέρματα</span> <span class='ocrx_word' id='word_1_621' title='bbox 1057 4714 1306 4784; x_wconf 86' lang='grc' dir='ltr'>ἀλλήλοις</span> <span class='ocrx_word' id='word_1_622' title='bbox 1352 4715 1636 4767; x_wconf 81' lang='grc' dir='ltr'>ἐπικοινω-</span> 
     </span>
    </p>
   </div>
   <div class='ocr_carea' id='block_1_82' title="bbox 42 4800 1632 4877">
    <p class='ocr_par' dir='ltr' id='par_1_82' title="bbox 42 4800 1632 4877">
     <span class='ocr_line' id='line_1_82' title="bbox 42 4800 1632 4877; baseline 0.006 -27"><span class='ocrx_word' id='word_1_623' title='bbox 42 4800 312 4854; x_wconf 69' lang='grc' dir='ltr'>νούνιων.</span> <span class='ocrx_word' id='word_1_624' title='bbox 344 4802 454 4853; x_wconf 69' lang='grc' dir='ltr'>Καὶ</span> <span class='ocrx_word' id='word_1_625' title='bbox 504 4803 567 4853; x_wconf 81' lang='grc' dir='ltr'><strong>ἐκ</strong></span> <span class='ocrx_word' id='word_1_626' title='bbox 618 4803 817 4866; x_wconf 76' lang='grc' dir='ltr'>παντὸς</span> <span class='ocrx_word' id='word_1_627' title='bbox 848 4804 1007 4873; x_wconf 90' lang='grc' dir='ltr'>λόγου</span> <span class='ocrx_word' id='word_1_628' title='bbox 1036 4805 1390 4877; x_wconf 84' lang='grc' dir='ltr'>διελεγχθήσῃ</span> <span class='ocrx_word' id='word_1_629' title='bbox 1418 4805 1478 4871; x_wconf 78' lang='grc' dir='ltr'>ἐξ</span> <span class='ocrx_word' id='word_1_630' title='bbox 1510 4809 1632 4859; x_wconf 82' lang='grc' dir='ltr'>ἐπι-</span> 
     </span>
    </p>
   </div>
   <div class='ocr_carea' id='block_1_83' title="bbox 43 4892 1632 4970">
    <p class='ocr_par' dir='ltr' id='par_1_83' title="bbox 43 4892 1632 4970">
     <span class='ocr_line' id='line_1_83' title="bbox 43 4892 1632 4970; baseline 0.006 -27"><span class='ocrx_word' id='word_1_631' title='bbox 43 4895 263 4963; x_wconf 71' lang='grc' dir='ltr'>σπορᾶς</span> <span class='ocrx_word' id='word_1_632' title='bbox 294 4892 549 4963; x_wconf 83' lang='grc' dir='ltr'>δαίμονος</span> <span class='ocrx_word' id='word_1_633' title='bbox 572 4894 707 4963; x_wconf 78' lang='grc' dir='ltr'>ἔχων</span> <span class='ocrx_word' id='word_1_634' title='bbox 726 4896 825 4965; x_wconf 83' lang='grc' dir='ltr'>τὴν</span> <span class='ocrx_word' id='word_1_635' title='bbox 853 4897 950 4966; x_wconf 86' lang='grc' dir='ltr'>τῆς</span> <span class='ocrx_word' id='word_1_636' title='bbox 980 4896 1185 4969; x_wconf 85' lang='grc' dir='ltr'>πλάνης</span> <span class='ocrx_word' id='word_1_637' title='bbox 1216 4915 1306 4951; x_wconf 92' lang='grc' dir='ltr'><strong>σου</strong></span> <span class='ocrx_word' id='word_1_638' title='bbox 1341 4897 1632 4970; x_wconf 64' lang='grc' dir='ltr'>κόσμησιν,</span> 
     </span>
    </p>
   </div>
   <div class='ocr_carea' id='block_1_84' title="bbox 41 4980 945 5037">
    <p class='ocr_par' dir='ltr' id='par_1_84' title="bbox 41 4980 945 5037">
     <span class='ocr_line' id='line_1_84' title="bbox 41 4980 945 5037; baseline 0.004 -5"><span class='ocrx_word' id='word_1_639' title='bbox 41 4982 276 5034; x_wconf 83' lang='grc' dir='ltr'>πάντων</span> <span class='ocrx_word' id='word_1_640' title='bbox 310 4980 561 5035; x_wconf 79' lang='grc' dir='ltr'>ἐλεεινῶν</span> <span class='ocrx_word' id='word_1_641' title='bbox 590 4982 945 5037; x_wconf 80' lang='grc' dir='ltr'>έλεεινὸτατεί</span> 
     </span>
    </p>
   </div>
   <div class='ocr_carea' id='block_1_85' title="bbox 110 5157 1632 5232">
    <p class='ocr_par' dir='ltr' id='par_1_85' title="bbox 110 5157 1632 5232">
     <span class='ocr_line' id='line_1_85' title="bbox 110 5157 1632 5232; baseline 0.003 -22"><span class='ocrx_word' id='word_1_642' title='bbox 110 5159 189 5211; x_wconf 76' lang='lat' dir='ltr'><strong>I&quot;.</strong></span> <span class='ocrx_word' id='word_1_643' title='bbox 234 5158 365 5211; x_wconf 87' lang='grc' dir='ltr'>’Ίνα</span> <span class='ocrx_word' id='word_1_644' title='bbox 396 5157 453 5210; x_wconf 78' lang='grc' dir='ltr'><strong>δὲ</strong></span> <span class='ocrx_word' id='word_1_645' title='bbox 492 5158 563 5227; x_wconf 77' lang='grc' dir='ltr'><strong>μὴ</strong></span> <span class='ocrx_word' id='word_1_646' title='bbox 598 5159 1018 5230; x_wconf 61' lang='grc' dir='ltr'>παραλείψωμαί</span> <span class='ocrx_word' id='word_1_647' title='bbox 1042 5177 1093 5213; x_wconf 91' lang='grc' dir='ltr'><strong>τι</strong></span> <span class='ocrx_word' id='word_1_648' title='bbox 1117 5160 1223 5213; x_wconf 84' lang='grc' dir='ltr'>τῶν</span> <span class='ocrx_word' id='word_1_649' title='bbox 1250 5162 1398 5232; x_wconf 86' lang='grc' dir='ltr'>παρά</span> <span class='ocrx_word' id='word_1_650' title='bbox 1423 5179 1528 5215; x_wconf 83' lang='grc' dir='ltr'>τισι</span> <span class='ocrx_word' id='word_1_651' title='bbox 1549 5180 1632 5230; x_wconf 83' lang='grc' dir='ltr'>γι·</span> 
     </span>
    </p>
   </div>
   <div class='ocr_carea' id='block_1_86' title="bbox 40 5249 1634 5325">
    <p class='ocr_par' dir='ltr' id='par_1_86' title="bbox 40 5249 1634 5325">
     <span class='ocr_line' id='line_1_86' title="bbox 40 5249 1634 5325; baseline 0.004 -24"><span class='ocrx_word' id='word_1_652' title='bbox 40 5251 298 5321; x_wconf 76' lang='grc' dir='ltr'>νομένων</span> <span class='ocrx_word' id='word_1_653' title='bbox 324 5266 384 5302; x_wconf 90' lang='grc' dir='ltr'><strong>τε</strong></span> <span class='ocrx_word' id='word_1_654' title='bbox 419 5249 511 5301; x_wconf 79' lang='grc' dir='ltr'><strong>καὶ</strong></span> <span class='ocrx_word' id='word_1_655' title='bbox 540 5250 870 5321; x_wconf 76' lang='grc' dir='ltr'>λεγομένων,</span> <span class='ocrx_word' id='word_1_656' title='bbox 900 5251 1001 5305; x_wconf 80' lang='grc' dir='ltr'>κᾶν</span> <span class='ocrx_word' id='word_1_657' title='bbox 1031 5269 1089 5304; x_wconf 86' lang='grc' dir='ltr'><strong>τε</strong></span> <span class='ocrx_word' id='word_1_658' title='bbox 1127 5255 1184 5306; x_wconf 79' lang='grc' dir='ltr'>ὲν</span> <span class='ocrx_word' id='word_1_659' title='bbox 1217 5253 1419 5325; x_wconf 77' lang='grc' dir='ltr'>ἑκάστῃ</span> <span class='ocrx_word' id='word_1_660' title='bbox 1451 5254 1634 5308; x_wconf 54' lang='grc' dir='ltr'><strong>πολλοὶ⁸</strong></span> 
     </span>
    </p>
   </div>
   <div class='ocr_carea' id='block_1_87' title="bbox 111 5403 1202 5479">
    <p class='ocr_par' dir='ltr' id='par_1_87' title="bbox 111 5403 1202 5479">
     <span class='ocr_line' id='line_1_87' title="bbox 111 5403 1202 5479; baseline 0.006 -23"><span class='ocrx_word' id='word_1_661' title='bbox 111 5406 127 5435; x_wconf 84' lang='grc'>¹</span> <span class='ocrx_word' id='word_1_662' title='bbox 162 5404 303 5459; x_wconf 83' lang='lat' dir='ltr'><strong>For.</strong></span> <span class='ocrx_word' id='word_1_663' title='bbox 336 5403 515 5469; x_wconf 87' lang='grc' dir='ltr'>τοῦτο,</span> <span class='ocrx_word' id='word_1_664' title='bbox 551 5412 604 5459; x_wconf 89' lang='lat' dir='ltr'><strong>et</strong></span> <span class='ocrx_word' id='word_1_665' title='bbox 640 5424 653 5459; x_wconf 91' lang='lat'><strong>:</strong></span> <span class='ocrx_word' id='word_1_666' title='bbox 682 5404 774 5460; x_wconf 87' lang='grc' dir='ltr'><strong>τοῦ</strong></span> <span class='ocrx_word' id='word_1_667' title='bbox 797 5408 859 5460; x_wconf 79' lang='grc' dir='ltr'><strong>ἐκ</strong></span> <span class='ocrx_word' id='word_1_668' title='bbox 881 5407 988 5459; x_wconf 85' lang='grc' dir='ltr'><strong>τῶν</strong></span> <span class='ocrx_word' id='word_1_669' title='bbox 1020 5425 1202 5479; x_wconf 80' lang='grc' dir='ltr'>τριακ.</span> 
     </span>
    </p>
   </div>
   <div class='ocr_carea' id='block_1_88' title="bbox 1734 3156 3309 3229">
    <p class='ocr_par' dir='ltr' id='par_1_88' title="bbox 1734 3156 3309 3229">
     <span class='ocr_line' id='line_1_88' title="bbox 1734 3156 3309 3229; baseline 0.008 -20"><span class='ocrx_word' id='word_1_670' title='bbox 1734 3156 1844 3213; x_wconf 88' lang='lat' dir='ltr'><strong>Deo</strong></span> <span class='ocrx_word' id='word_1_671' title='bbox 1895 3159 2246 3227; x_wconf 80' lang='lat' dir='ltr'><strong>geometriam</strong></span> <span class='ocrx_word' id='word_1_672' title='bbox 2299 3160 2540 3229; x_wconf 86' lang='lat' dir='ltr'><strong>reperit?</strong></span> <span class='ocrx_word' id='word_1_673' title='bbox 2574 3159 2617 3215; x_wconf 93' lang='grc' dir='ltr'><strong>Ο</strong></span> <span class='ocrx_word' id='word_1_674' title='bbox 2652 3162 3025 3217; x_wconf 84' lang='lat' dir='ltr'><strong>incredibilem</strong></span> <span class='ocrx_word' id='word_1_675' title='bbox 3082 3164 3309 3221; x_wconf 66' lang='lat' dir='ltr'><strong>{utilita-</strong></span> 
     </span>
    </p>
   </div>
   <div class='ocr_carea' id='block_1_89' title="bbox 1733 3252 3307 3327">
    <p class='ocr_par' dir='ltr' id='par_1_89' title="bbox 1733 3252 3307 3327">
     <span class='ocr_line' id='line_1_89' title="bbox 1733 3252 3307 3327; baseline 0.005 -23"><span class='ocrx_word' id='word_1_676' title='bbox 1733 3257 1863 3311; x_wconf 85' lang='lat' dir='ltr'><strong>tem,</strong></span> <span class='ocrx_word' id='word_1_677' title='bbox 1884 3259 2046 3319; x_wconf 88' lang='lat' dir='ltr'><strong>atque</strong></span> <span class='ocrx_word' id='word_1_678' title='bbox 2065 3252 2316 3305; x_wconf 89' lang='lat' dir='ltr'><strong>universa</strong></span> <span class='ocrx_word' id='word_1_679' title='bbox 2346 3253 2660 3306; x_wconf 85' lang='lat' dir='ltr'><strong>miscentem</strong></span> <span class='ocrx_word' id='word_1_680' title='bbox 2684 3255 2696 3306; x_wconf 87' lang='lat'><strong>!</strong></span> <span class='ocrx_word' id='word_1_681' title='bbox 2726 3253 2880 3319; x_wconf 89' lang='lat' dir='ltr'><strong>Quod</strong></span> <span class='ocrx_word' id='word_1_682' title='bbox 2905 3271 3031 3310; x_wconf 87' lang='lat' dir='ltr'><strong>vero</strong></span> <span class='ocrx_word' id='word_1_683' title='bbox 3052 3266 3176 3327; x_wconf 88' lang='lat' dir='ltr'><strong>post</strong></span> <span class='ocrx_word' id='word_1_684' title='bbox 3203 3264 3307 3314; x_wconf 87' lang='lat' dir='ltr'><strong>tri-</strong></span> 
     </span>
    </p>
   </div>
   <div class='ocr_carea' id='block_1_90' title="bbox 1734 3342 3309 3413">
    <p class='ocr_par' dir='ltr' id='par_1_90' title="bbox 1734 3342 3309 3413">
     <span class='ocr_line' id='line_1_90' title="bbox 1734 3342 3309 3413; baseline 0.008 -18"><span class='ocrx_word' id='word_1_685' title='bbox 1734 3344 1882 3413; x_wconf 80' lang='lat' dir='ltr'><strong>ginta</strong></span> <span class='ocrx_word' id='word_1_686' title='bbox 1905 3343 2027 3396; x_wconf 90' lang='lat' dir='ltr'><strong>illos</strong></span> <span class='ocrx_word' id='word_1_687' title='bbox 2055 3342 2256 3397; x_wconf 57' lang='lat' dir='ltr'><strong>[Bonas</strong></span> <span class='ocrx_word' id='word_1_688' title='bbox 2276 3343 2545 3397; x_wconf 77' lang='lat' dir='ltr'><strong>defectum</strong></span> <span class='ocrx_word' id='word_1_689' title='bbox 2568 3347 2842 3401; x_wconf 83' lang='lat' dir='ltr'><strong>exstitisse</strong></span> <span class='ocrx_word' id='word_1_690' title='bbox 2861 3356 3066 3413; x_wconf 89' lang='lat' dir='ltr'><strong>narrat,</strong></span> <span class='ocrx_word' id='word_1_691' title='bbox 3095 3350 3225 3406; x_wconf 87' lang='lat' dir='ltr'><strong>libet</strong></span> <span class='ocrx_word' id='word_1_692' title='bbox 3242 3352 3309 3408; x_wconf 92' lang='lat' dir='ltr'><strong>de</strong></span> 
     </span>
    </p>
   </div>
   <div class='ocr_carea' id='block_1_91' title="bbox 1734 3434 3310 3505">
    <p class='ocr_par' dir='ltr' id='par_1_91' title="bbox 1734 3434 3310 3505">
     <span class='ocr_line' id='line_1_91' title="bbox 1734 3434 3310 3505; baseline 0.008 -18"><span class='ocrx_word' id='word_1_693' title='bbox 1734 3448 1800 3488; x_wconf 88' lang='lat' dir='ltr'><strong>eo</strong></span> <span class='ocrx_word' id='word_1_694' title='bbox 1828 3434 2095 3489; x_wconf 90' lang='lat' dir='ltr'><strong>sciscitari</strong></span> <span class='ocrx_word' id='word_1_695' title='bbox 2126 3451 2137 3485; x_wconf 88' lang='lat'><strong>:</strong></span> <span class='ocrx_word' id='word_1_696' title='bbox 2164 3436 2324 3505; x_wconf 77' lang='lat'><strong>210</strong></span> <span class='ocrx_word' id='word_1_697' title='bbox 2345 3434 2491 3491; x_wconf 83' lang='lat' dir='ltr'><strong>Heus</strong></span> <span class='ocrx_word' id='word_1_698' title='bbox 2511 3445 2566 3490; x_wconf 95' lang='lat' dir='ltr'><strong>tu</strong></span> <span class='ocrx_word' id='word_1_699' title='bbox 2588 3439 2599 3490; x_wconf 88' lang='lat'><strong>!</strong></span> <span class='ocrx_word' id='word_1_700' title='bbox 2623 3436 2784 3495; x_wconf 88' lang='lat' dir='ltr'><strong>Potes</strong></span> <span class='ocrx_word' id='word_1_701' title='bbox 2802 3440 2981 3495; x_wconf 84' lang='lat' dir='ltr'><strong>dicere</strong></span> <span class='ocrx_word' id='word_1_702' title='bbox 3002 3443 3144 3497; x_wconf 90' lang='lat' dir='ltr'><strong>unde</strong></span> <span class='ocrx_word' id='word_1_703' title='bbox 3160 3444 3310 3500; x_wconf 89' lang='lat' dir='ltr'><strong>illius</strong></span> 
     </span>
    </p>
   </div>
   <div class='ocr_carea' id='block_1_92' title="bbox 1734 3522 3311 3605">
    <p class='ocr_par' dir='ltr' id='par_1_92' title="bbox 1734 3522 3311 3605">
     <span class='ocr_line' id='line_1_92' title="bbox 1734 3522 3311 3605; baseline 0.008 -29"><span class='ocrx_word' id='word_1_704' title='bbox 1734 3522 1980 3578; x_wconf 80' lang='lat' dir='ltr'><strong>defectus</strong></span> <span class='ocrx_word' id='word_1_705' title='bbox 2012 3531 2261 3578; x_wconf 90' lang='lat' dir='ltr'><strong>naturam</strong></span> <span class='ocrx_word' id='word_1_706' title='bbox 2294 3540 2356 3579; x_wconf 90' lang='lat' dir='ltr'><strong>ac</strong></span> <span class='ocrx_word' id='word_1_707' title='bbox 2394 3526 2784 3583; x_wconf 86' lang='lat' dir='ltr'><strong>desciscentem</strong></span> <span class='ocrx_word' id='word_1_708' title='bbox 2820 3531 3072 3588; x_wconf 83' lang='lat' dir='ltr'><strong>virtutem</strong></span> <span class='ocrx_word' id='word_1_709' title='bbox 3107 3549 3311 3605; x_wconf 83' lang='lat' dir='ltr'><strong>cogno-</strong></span> 
     </span>
    </p>
   </div>
   <div class='ocr_carea' id='block_1_93' title="bbox 1732 3614 3351 3691">
    <p class='ocr_par' dir='ltr' id='par_1_93' title="bbox 1732 3614 3351 3691">
     <span class='ocr_line' id='line_1_93' title="bbox 1732 3614 3351 3691; baseline 0.009 -24"><span class='ocrx_word' id='word_1_710' title='bbox 1732 3614 1914 3669; x_wconf 83' lang='lat' dir='ltr'><strong>veris?</strong></span> <span class='ocrx_word' id='word_1_711' title='bbox 1939 3614 1995 3669; x_wconf 93' lang='lat' dir='ltr'><strong>Si</strong></span> <span class='ocrx_word' id='word_1_712' title='bbox 2023 3618 2167 3671; x_wconf 85' lang='lat' dir='ltr'><strong>enim</strong></span> <span class='ocrx_word' id='word_1_713' title='bbox 2201 3632 2230 3670; x_wconf 92' lang='lat' dir='ltr'><strong>a</strong></span> <span class='ocrx_word' id='word_1_714' title='bbox 2263 3620 2634 3687; x_wconf 87' lang='lat' dir='ltr'><strong>superioribus</strong></span> <span class='ocrx_word' id='word_1_715' title='bbox 2660 3622 2956 3690; x_wconf 89' lang='lat' dir='ltr'><strong>pullulasse</strong></span> <span class='ocrx_word' id='word_1_716' title='bbox 2989 3626 3161 3691; x_wconf 81' lang='lat' dir='ltr'><strong>dicas,</strong></span> <span class='ocrx_word' id='word_1_717' title='bbox 3199 3643 3306 3682; x_wconf 91' lang='lat' dir='ltr'><strong>non</strong></span> <span class='ocrx_word' id='word_1_718' title='bbox 3347 3620 3351 3625; x_wconf 74' lang='grc'><em>’</em></span> 
     </span>
    </p>
   </div>
   <div class='ocr_carea' id='block_1_94' title="bbox 1734 3709 3306 3788">
    <p class='ocr_par' dir='ltr' id='par_1_94' title="bbox 1734 3709 3306 3788">
     <span class='ocr_line' id='line_1_94' title="bbox 1734 3709 3306 3788; baseline 0.009 -28"><span class='ocrx_word' id='word_1_719' title='bbox 1734 3714 1993 3774; x_wconf 88' lang='lat' dir='ltr'><strong>creatam,</strong></span> <span class='ocrx_word' id='word_1_720' title='bbox 2022 3709 2116 3764; x_wconf 87' lang='lat' dir='ltr'><strong>sed</strong></span> <span class='ocrx_word' id='word_1_721' title='bbox 2144 3710 2378 3778; x_wconf 82' lang='lat' dir='ltr'><strong>genitam</strong></span> <span class='ocrx_word' id='word_1_722' title='bbox 2416 3729 2430 3765; x_wconf 93' lang='lat'><strong>:</strong></span> <span class='ocrx_word' id='word_1_723' title='bbox 2463 3726 2606 3776; x_wconf 91' lang='lat' dir='ltr'><strong>cum,</strong></span> <span class='ocrx_word' id='word_1_724' title='bbox 2640 3729 2704 3767; x_wconf 82' lang='lat' dir='ltr'><strong>ex</strong></span> <span class='ocrx_word' id='word_1_725' title='bbox 2731 3720 2821 3767; x_wconf 90' lang='lat' dir='ltr'><strong>tua</strong></span> <span class='ocrx_word' id='word_1_726' title='bbox 2850 3730 2913 3769; x_wconf 89' lang='lat' dir='ltr'><strong>ae</strong></span> <span class='ocrx_word' id='word_1_727' title='bbox 2950 3719 3195 3788; x_wconf 82' lang='lat' dir='ltr'><strong>magistri</strong></span> <span class='ocrx_word' id='word_1_728' title='bbox 3229 3718 3306 3774; x_wconf 84' lang='lat' dir='ltr'><strong>tu&#39;i</strong></span> 
     </span>
    </p>
   </div>
   <div class='ocr_carea' id='block_1_95' title="bbox 1735 3801 3305 3877">
    <p class='ocr_par' dir='ltr' id='par_1_95' title="bbox 1735 3801 3305 3877">
     <span class='ocr_line' id='line_1_95' title="bbox 1735 3801 3305 3877; baseline 0.006 -22"><span class='ocrx_word' id='word_1_729' title='bbox 1735 3801 2003 3855; x_wconf 87' lang='lat' dir='ltr'><strong>sententia</strong></span> <span class='ocrx_word' id='word_1_730' title='bbox 2032 3842 2045 3866; x_wconf 91' lang='lat'><strong>,</strong></span> <span class='ocrx_word' id='word_1_731' title='bbox 2082 3816 2202 3870; x_wconf 86' lang='lat' dir='ltr'><strong>quae</strong></span> <span class='ocrx_word' id='word_1_732' title='bbox 2247 3802 2464 3856; x_wconf 66' lang='lat' dir='ltr'><strong>condita</strong></span> <span class='ocrx_word' id='word_1_733' title='bbox 2508 3811 2657 3868; x_wconf 91' lang='lat' dir='ltr'><strong>sunt,</strong></span> <span class='ocrx_word' id='word_1_734' title='bbox 2699 3821 2806 3860; x_wconf 91' lang='lat' dir='ltr'><strong>non</strong></span> <span class='ocrx_word' id='word_1_735' title='bbox 2840 3816 3020 3861; x_wconf 88' lang='lat' dir='ltr'><strong>creata</strong></span> <span class='ocrx_word' id='word_1_736' title='bbox 3070 3808 3305 3877; x_wconf 79' lang='lat' dir='ltr'><strong>fuerint,</strong></span> 
     </span>
    </p>
   </div>
   <div class='ocr_carea' id='block_1_96' title="bbox 1735 3893 3304 3968">
    <p class='ocr_par' dir='ltr' id='par_1_96' title="bbox 1735 3893 3304 3968">
     <span class='ocr_line' id='line_1_96' title="bbox 1735 3893 3304 3968; baseline 0.007 -20"><span class='ocrx_word' id='word_1_737' title='bbox 1735 3893 1831 3949; x_wconf 89' lang='lat' dir='ltr'><strong>sed</strong></span> <span class='ocrx_word' id='word_1_738' title='bbox 1873 3894 2050 3963; x_wconf 78' lang='lat' dir='ltr'><strong>genita</strong></span> <span class='ocrx_word' id='word_1_739' title='bbox 2099 3913 2111 3947; x_wconf 89' lang='lat'><strong>:</strong></span> <span class='ocrx_word' id='word_1_740' title='bbox 2149 3907 2214 3948; x_wconf 90' lang='lat' dir='ltr'><strong>ac</strong></span> <span class='ocrx_word' id='word_1_741' title='bbox 2264 3895 2470 3963; x_wconf 65' lang='lat' dir='ltr'><strong>quaevis</strong></span> <span class='ocrx_word' id='word_1_742' title='bbox 2517 3902 2709 3950; x_wconf 90' lang='lat' dir='ltr'><strong>natura</strong></span> <span class='ocrx_word' id='word_1_743' title='bbox 2754 3900 2984 3968; x_wconf 85' lang='lat' dir='ltr'><strong>quadam</strong></span> <span class='ocrx_word' id='word_1_744' title='bbox 3034 3903 3101 3956; x_wconf 89' lang='lat' dir='ltr'><strong>ab</strong></span> <span class='ocrx_word' id='word_1_745' title='bbox 3139 3905 3304 3959; x_wconf 89' lang='lat' dir='ltr'><strong>altera</strong></span> 
     </span>
    </p>
   </div>
   <div class='ocr_carea' id='block_1_97' title="bbox 1734 3984 3307 4059">
    <p class='ocr_par' dir='ltr' id='par_1_97' title="bbox 1734 3984 3307 4059">
     <span class='ocr_line' id='line_1_97' title="bbox 1734 3984 3307 4059; baseline 0.009 -22"><span class='ocrx_word' id='word_1_746' title='bbox 1734 3984 2230 4040; x_wconf 90' lang='lat' dir='ltr'><strong>communicatione</strong></span> <span class='ocrx_word' id='word_1_747' title='bbox 2283 3986 2619 4041; x_wconf 76' lang='lat' dir='ltr'><strong>transfusum</strong></span> <span class='ocrx_word' id='word_1_748' title='bbox 2673 3988 2725 4043; x_wconf 90' lang='lat' dir='ltr'><strong>id</strong></span> <span class='ocrx_word' id='word_1_749' title='bbox 2773 3992 2916 4059; x_wconf 87' lang='lat' dir='ltr'><strong>quod</strong></span> <span class='ocrx_word' id='word_1_750' title='bbox 2951 3993 3109 4047; x_wconf 86' lang='lat' dir='ltr'><strong>habet</strong></span> <span class='ocrx_word' id='word_1_751' title='bbox 3148 4010 3307 4051; x_wconf 85' lang='lat' dir='ltr'><strong>acce-</strong></span> 
     </span>
    </p>
   </div>
   <div class='ocr_carea' id='block_1_98' title="bbox 1734 4076 3307 4154">
    <p class='ocr_par' dir='ltr' id='par_1_98' title="bbox 1734 4076 3307 4154">
     <span class='ocr_line' id='line_1_98' title="bbox 1734 4076 3307 4154; baseline 0.008 -24"><span class='ocrx_word' id='word_1_752' title='bbox 1734 4076 1898 4144; x_wconf 90' lang='lat' dir='ltr'><strong>perit,</strong></span> <span class='ocrx_word' id='word_1_753' title='bbox 1942 4085 2103 4146; x_wconf 89' lang='lat' dir='ltr'><strong>atqne</strong></span> <span class='ocrx_word' id='word_1_754' title='bbox 2158 4077 2213 4130; x_wconf 90' lang='lat' dir='ltr'><strong>in</strong></span> <span class='ocrx_word' id='word_1_755' title='bbox 2262 4077 2436 4131; x_wconf 89' lang='lat' dir='ltr'><strong>lucem</strong></span> <span class='ocrx_word' id='word_1_756' title='bbox 2475 4078 2769 4146; x_wconf 91' lang='lat' dir='ltr'><strong>prodierit;</strong></span> <span class='ocrx_word' id='word_1_757' title='bbox 2812 4082 2921 4151; x_wconf 88' lang='lat' dir='ltr'><strong>jam</strong></span> <span class='ocrx_word' id='word_1_758' title='bbox 2954 4084 3068 4154; x_wconf 87' lang='lat' dir='ltr'><strong>ipse</strong></span> <span class='ocrx_word' id='word_1_759' title='bbox 3096 4086 3307 4141; x_wconf 84' lang='lat' dir='ltr'><strong>confes-</strong></span> 
     </span>
    </p>
   </div>
   <div class='ocr_carea' id='block_1_99' title="bbox 1736 4167 3306 4246">
    <p class='ocr_par' dir='ltr' id='par_1_99' title="bbox 1736 4167 3306 4246">
     <span class='ocr_line' id='line_1_99' title="bbox 1736 4167 3306 4246; baseline 0.007 -26"><span class='ocrx_word' id='word_1_760' title='bbox 1736 4167 1890 4222; x_wconf 89' lang='lat' dir='ltr'><strong>sione</strong></span> <span class='ocrx_word' id='word_1_761' title='bbox 1929 4175 2023 4221; x_wconf 85' lang='lat' dir='ltr'><strong>tua</strong></span> <span class='ocrx_word' id='word_1_762' title='bbox 2073 4167 2320 4223; x_wconf 87' lang='lat' dir='ltr'><strong>induaris</strong></span> <span class='ocrx_word' id='word_1_763' title='bbox 2349 4176 2584 4238; x_wconf 90' lang='lat' dir='ltr'><strong>oportet.</strong></span> <span class='ocrx_word' id='word_1_764' title='bbox 2627 4170 2836 4225; x_wconf 87' lang='lat' dir='ltr'><strong>Etenim</strong></span> <span class='ocrx_word' id='word_1_765' title='bbox 2867 4174 2911 4227; x_wconf 74' lang='lat' dir='ltr'><strong>si</strong></span> <span class='ocrx_word' id='word_1_766' title='bbox 2946 4190 2973 4227; x_wconf 87' lang='lat' dir='ltr'><strong>a</strong></span> <span class='ocrx_word' id='word_1_767' title='bbox 3010 4179 3306 4246; x_wconf 89' lang='lat' dir='ltr'><strong>superiori-</strong></span> 
     </span>
    </p>
   </div>
   <div class='ocr_carea' id='block_1_100' title="bbox 1733 4257 3307 4329">
    <p class='ocr_par' dir='ltr' id='par_1_100' title="bbox 1733 4257 3307 4329">
     <span class='ocr_line' id='line_1_100' title="bbox 1733 4257 3307 4329; baseline 0.006 -17"><span class='ocrx_word' id='word_1_768' title='bbox 1733 4258 1837 4312; x_wconf 88' lang='lat' dir='ltr'><strong>bus</strong></span> <span class='ocrx_word' id='word_1_769' title='bbox 1868 4257 2134 4327; x_wconf 88' lang='lat' dir='ltr'><strong>posterior</strong></span> <span class='ocrx_word' id='word_1_770' title='bbox 2166 4257 2257 4311; x_wconf 90' lang='lat' dir='ltr'><strong>illa</strong></span> <span class='ocrx_word' id='word_1_771' title='bbox 2286 4257 2459 4313; x_wconf 88' lang='lat' dir='ltr'><strong>virtus</strong></span> <span class='ocrx_word' id='word_1_772' title='bbox 2481 4273 2543 4312; x_wconf 87' lang='lat' dir='ltr'><strong>ac</strong></span> <span class='ocrx_word' id='word_1_773' title='bbox 2573 4259 2823 4315; x_wconf 77' lang='lat' dir='ltr'><strong>defectus</strong></span> <span class='ocrx_word' id='word_1_774' title='bbox 2850 4263 3138 4329; x_wconf 78' lang='lat' dir='ltr'><strong>exstiterit,</strong></span> <span class='ocrx_word' id='word_1_775' title='bbox 3165 4266 3307 4321; x_wconf 90' lang='lat' dir='ltr'><strong>indc-</strong></span> 
     </span>
    </p>
   </div>
   <div class='ocr_carea' id='block_1_101' title="bbox 1735 4346 3308 4419">
    <p class='ocr_par' dir='ltr' id='par_1_101' title="bbox 1735 4346 3308 4419">
     <span class='ocr_line' id='line_1_101' title="bbox 1735 4346 3308 4419; baseline 0.006 -19"><span class='ocrx_word' id='word_1_776' title='bbox 1735 4360 1859 4417; x_wconf 89' lang='lat' dir='ltr'><strong>que,</strong></span> <span class='ocrx_word' id='word_1_777' title='bbox 1896 4356 1950 4399; x_wconf 92' lang='lat' dir='ltr'><strong>ut</strong></span> <span class='ocrx_word' id='word_1_778' title='bbox 1983 4347 2055 4400; x_wconf 89' lang='lat' dir='ltr'><strong>ita</strong></span> <span class='ocrx_word' id='word_1_779' title='bbox 2096 4346 2309 4416; x_wconf 84' lang='lat' dir='ltr'><strong>loquar,</strong></span> <span class='ocrx_word' id='word_1_780' title='bbox 2341 4347 2644 4417; x_wconf 89' lang='lat' dir='ltr'><strong>pullularit,</strong></span> <span class='ocrx_word' id='word_1_781' title='bbox 2700 4350 2801 4403; x_wconf 92' lang='lat' dir='ltr'><strong>erit</strong></span> <span class='ocrx_word' id='word_1_782' title='bbox 2820 4353 2977 4419; x_wconf 86' lang='lat' dir='ltr'><strong>plane</strong></span> <span class='ocrx_word' id='word_1_783' title='bbox 3007 4354 3308 4408; x_wconf 75' lang='lat' dir='ltr'><strong>cmlcstium</strong></span> 
     </span>
    </p>
   </div>
   <div class='ocr_carea' id='block_1_102' title="bbox 1739 4428 3309 4511">
    <p class='ocr_par' dir='ltr' id='par_1_102' title="bbox 1739 4428 3309 4511">
     <span class='ocr_line' id='line_1_102' title="bbox 1739 4428 3309 4511; baseline 0.006 -19"><span class='ocrx_word' id='word_1_784' title='bbox 1739 4428 2185 4492; x_wconf 72' lang='lat' dir='ltr'><strong>ornamentoi&#39;um</strong></span> <span class='ocrx_word' id='word_1_785' title='bbox 2218 4438 2522 4508; x_wconf 77' lang='lat' dir='ltr'><strong>particeps.</strong></span> <span class='ocrx_word' id='word_1_786' title='bbox 2555 4442 2992 4511; x_wconf 88' lang='lat' dir='ltr'><strong>quandoquidem</strong></span> <span class='ocrx_word' id='word_1_787' title='bbox 3025 4461 3309 4502; x_wconf 86' lang='lat' dir='ltr'><strong>commune</strong></span> 
     </span>
    </p>
   </div>
   <div class='ocr_carea' id='block_1_103' title="bbox 1740 4530 3307 4603">
    <p class='ocr_par' dir='ltr' id='par_1_103' title="bbox 1740 4530 3307 4603">
     <span class='ocr_line' id='line_1_103' title="bbox 1740 4530 3307 4603; baseline 0.006 -21"><span class='ocrx_word' id='word_1_788' title='bbox 1740 4530 1944 4599; x_wconf 89' lang='lat' dir='ltr'><strong>aliquid</strong></span> <span class='ocrx_word' id='word_1_789' title='bbox 1983 4544 2107 4584; x_wconf 90' lang='lat' dir='ltr'><strong>cum</strong></span> <span class='ocrx_word' id='word_1_790' title='bbox 2155 4530 2458 4586; x_wconf 85' lang='lat' dir='ltr'><strong>Pleromate</strong></span> <span class='ocrx_word' id='word_1_791' title='bbox 2484 4532 2645 4587; x_wconf 86' lang='lat' dir='ltr'><strong>habet</strong></span> <span class='ocrx_word' id='word_1_792' title='bbox 2674 4532 2763 4586; x_wconf 94' lang='lat' dir='ltr'><strong>illa</strong></span> <span class='ocrx_word' id='word_1_793' title='bbox 2791 4536 3080 4603; x_wconf 91' lang='lat' dir='ltr'><strong>posterior,</strong></span> <span class='ocrx_word' id='word_1_794' title='bbox 3110 4547 3307 4597; x_wconf 87' lang='lat' dir='ltr'><strong>etcum</strong></span> 
     </span>
    </p>
   </div>
   <div class='ocr_carea' id='block_1_104' title="bbox 1742 4621 3313 4694">
    <p class='ocr_par' dir='ltr' id='par_1_104' title="bbox 1742 4621 3313 4694">
     <span class='ocr_line' id='line_1_104' title="bbox 1742 4621 3313 4694; baseline 0.004 -17"><span class='ocrx_word' id='word_1_795' title='bbox 1742 4622 2045 4691; x_wconf 89' lang='lat' dir='ltr'><strong>posteriore</strong></span> <span class='ocrx_word' id='word_1_796' title='bbox 2088 4621 2383 4688; x_wconf 89' lang='lat' dir='ltr'><strong>Pleroma;</strong></span> <span class='ocrx_word' id='word_1_797' title='bbox 2420 4640 2593 4694; x_wconf 88' lang='lat' dir='ltr'><strong>neque</strong></span> <span class='ocrx_word' id='word_1_798' title='bbox 2638 4626 2783 4679; x_wconf 88' lang='lat' dir='ltr'><strong>aliud</strong></span> <span class='ocrx_word' id='word_1_799' title='bbox 2828 4627 2894 4680; x_wconf 89' lang='lat' dir='ltr'><strong>ab</strong></span> <span class='ocrx_word' id='word_1_800' title='bbox 2926 4628 3098 4682; x_wconf 88' lang='lat' dir='ltr'><strong>altero</strong></span> <span class='ocrx_word' id='word_1_801' title='bbox 3142 4629 3313 4684; x_wconf 60' lang='lat' dir='ltr'><strong>dissi~</strong></span> 
     </span>
    </p>
   </div>
   <div class='ocr_carea' id='block_1_105' title="bbox 1742 4712 3312 4784">
    <p class='ocr_par' dir='ltr' id='par_1_105' title="bbox 1742 4712 3312 4784">
     <span class='ocr_line' id='line_1_105' title="bbox 1742 4712 3312 4784; baseline 0.006 -18"><span class='ocrx_word' id='word_1_802' title='bbox 1742 4712 1912 4775; x_wconf 90' lang='lat' dir='ltr'><strong>debit,</strong></span> <span class='ocrx_word' id='word_1_803' title='bbox 1945 4728 2066 4767; x_wconf 91' lang='lat' dir='ltr'><strong>cum</strong></span> <span class='ocrx_word' id='word_1_804' title='bbox 2099 4722 2329 4784; x_wconf 90' lang='lat' dir='ltr'><strong>utraque</strong></span> <span class='ocrx_word' id='word_1_805' title='bbox 2360 4718 2741 4772; x_wconf 75' lang='lat' dir='ltr'><strong>communibus</strong></span> <span class='ocrx_word' id='word_1_806' title='bbox 2782 4718 3012 4773; x_wconf 85' lang='lat' dir='ltr'><strong>invicem</strong></span> <span class='ocrx_word' id='word_1_807' title='bbox 3062 4720 3312 4775; x_wconf 88' lang='lat' dir='ltr'><strong>terminis</strong></span> 
     </span>
    </p>
   </div>
   <div class='ocr_carea' id='block_1_106' title="bbox 1742 4803 3306 4871">
    <p class='ocr_par' dir='ltr' id='par_1_106' title="bbox 1742 4803 3306 4871">
     <span class='ocr_line' id='line_1_106' title="bbox 1742 4803 3306 4871; baseline 0.007 -16"><span class='ocrx_word' id='word_1_808' title='bbox 1742 4803 2086 4871; x_wconf 87' lang='lat' dir='ltr'><strong>copulentur.</strong></span> <span class='ocrx_word' id='word_1_809' title='bbox 2141 4804 2503 4869; x_wconf 85' lang='lat' dir='ltr'><strong>Quamobrem</strong></span> <span class='ocrx_word' id='word_1_810' title='bbox 2567 4806 2845 4861; x_wconf 90' lang='lat' dir='ltr'><strong>hominum</strong></span> <span class='ocrx_word' id='word_1_811' title='bbox 2902 4808 3306 4866; x_wconf 77' lang='lat' dir='ltr'><strong>infelicissimc!</strong></span> 
     </span>
    </p>
   </div>
   <div class='ocr_carea' id='block_1_107' title="bbox 1744 4892 3311 4963">
    <p class='ocr_par' dir='ltr' id='par_1_107' title="bbox 1744 4892 3311 4963">
     <span class='ocr_line' id='line_1_107' title="bbox 1744 4892 3311 4963; baseline 0.007 -18"><span class='ocrx_word' id='word_1_812' title='bbox 1744 4907 1851 4945; x_wconf 91' lang='lat' dir='ltr'><strong>non</strong></span> <span class='ocrx_word' id='word_1_813' title='bbox 1880 4892 2100 4946; x_wconf 90' lang='lat' dir='ltr'><strong>aliunde</strong></span> <span class='ocrx_word' id='word_1_814' title='bbox 2137 4908 2297 4963; x_wconf 89' lang='lat' dir='ltr'><strong>quam</strong></span> <span class='ocrx_word' id='word_1_815' title='bbox 2329 4910 2393 4949; x_wconf 79' lang='lat' dir='ltr'><strong>ex</strong></span> <span class='ocrx_word' id='word_1_816' title='bbox 2425 4896 2685 4949; x_wconf 73' lang='lat' dir='ltr'><strong>daemonis</strong></span> <span class='ocrx_word' id='word_1_817' title='bbox 2716 4898 2978 4953; x_wconf 88' lang='lat' dir='ltr'><strong>instinctu</strong></span> <span class='ocrx_word' id='word_1_818' title='bbox 3026 4909 3195 4954; x_wconf 88' lang='lat' dir='ltr'><strong>totam</strong></span> <span class='ocrx_word' id='word_1_819' title='bbox 3246 4902 3311 4955; x_wconf 63' lang='lat' dir='ltr'><strong>ilo</strong></span> 
     </span>
    </p>
   </div>
   <div class='ocr_carea' id='block_1_108' title="bbox 1743 4982 3316 5063">
    <p class='ocr_par' dir='ltr' id='par_1_108' title="bbox 1743 4982 3316 5063">
     <span class='ocr_line' id='line_1_108' title="bbox 1743 4982 3316 5063; baseline 0.01 -29"><span class='ocrx_word' id='word_1_820' title='bbox 1743 4982 1848 5035; x_wconf 92' lang='lat' dir='ltr'><strong>lam</strong></span> <span class='ocrx_word' id='word_1_821' title='bbox 1898 4998 2145 5037; x_wconf 88' lang='lat' dir='ltr'><strong>errorum</strong></span> <span class='ocrx_word' id='word_1_822' title='bbox 2208 4985 2459 5041; x_wconf 89' lang='lat' dir='ltr'><strong>hausisse</strong></span> <span class='ocrx_word' id='word_1_823' title='bbox 2507 4995 2837 5045; x_wconf 87' lang='lat' dir='ltr'><strong>structuram</strong></span> <span class='ocrx_word' id='word_1_824' title='bbox 2870 4992 3017 5045; x_wconf 89' lang='lat' dir='ltr'><strong>omni</strong></span> <span class='ocrx_word' id='word_1_825' title='bbox 3050 5007 3114 5046; x_wconf 76' lang='lat' dir='ltr'><strong>ex</strong></span> <span class='ocrx_word' id='word_1_826' title='bbox 3160 5002 3316 5063; x_wconf 85' lang='lat' dir='ltr'><strong>parte</strong></span> 
     </span>
    </p>
   </div>
   <div class='ocr_carea' id='block_1_109' title="bbox 1741 5087 2106 5129">
    <p class='ocr_par' dir='ltr' id='par_1_109' title="bbox 1741 5087 2106 5129">
     <span class='ocr_line' id='line_1_109' title="bbox 1741 5087 2106 5129; baseline 0.005 -3"><span class='ocrx_word' id='word_1_827' title='bbox 1741 5087 2106 5129; x_wconf 72' lang='lat' dir='ltr'><strong>COﬂVIHCBI&#39;lS.</strong></span> 
     </span>
    </p>
   </div>
   <div class='ocr_carea' id='block_1_110' title="bbox 1810 5164 3309 5245">
    <p class='ocr_par' dir='ltr' id='par_1_110' title="bbox 1810 5164 3309 5245">
     <span class='ocr_line' id='line_1_110' title="bbox 1810 5164 3309 5245; baseline 0.009 -27"><span class='ocrx_word' id='word_1_828' title='bbox 1810 5164 1901 5221; x_wconf 88' lang='lat' dir='ltr'><strong>Ill.</strong></span> <span class='ocrx_word' id='word_1_829' title='bbox 1959 5166 2063 5221; x_wconf 91' lang='lat' dir='ltr'><strong>Sed</strong></span> <span class='ocrx_word' id='word_1_830' title='bbox 2100 5184 2166 5222; x_wconf 91' lang='lat' dir='ltr'><strong>ne</strong></span> <span class='ocrx_word' id='word_1_831' title='bbox 2201 5170 2328 5239; x_wconf 90' lang='lat' dir='ltr'><strong>quid</strong></span> <span class='ocrx_word' id='word_1_832' title='bbox 2376 5187 2406 5224; x_wconf 90' lang='lat' dir='ltr'><strong>a</strong></span> <span class='ocrx_word' id='word_1_833' title='bbox 2446 5172 2603 5227; x_wconf 88' lang='lat' dir='ltr'><strong>nobis</strong></span> <span class='ocrx_word' id='word_1_834' title='bbox 2655 5176 3124 5244; x_wconf 65' lang='lat' dir='ltr'><strong>prmtermittatur,</strong></span> <span class='ocrx_word' id='word_1_835' title='bbox 3167 5179 3309 5245; x_wconf 83' lang='lat' dir='ltr'><strong>quod</strong></span> 
     </span>
    </p>
   </div>
   <div class='ocr_carea' id='block_1_111' title="bbox 1743 5261 3312 5339">
    <p class='ocr_par' dir='ltr' id='par_1_111' title="bbox 1743 5261 3312 5339">
     <span class='ocr_line' id='line_1_111' title="bbox 1743 5261 3312 5339; baseline 0.01 -29"><span class='ocrx_word' id='word_1_836' title='bbox 1743 5272 1772 5310; x_wconf 91' lang='lat' dir='ltr'><strong>a</strong></span> <span class='ocrx_word' id='word_1_837' title='bbox 1812 5274 2085 5329; x_wconf 89' lang='lat' dir='ltr'><strong>quoquam</strong></span> <span class='ocrx_word' id='word_1_838' title='bbox 2122 5261 2337 5317; x_wconf 78' lang='lat' dir='ltr'><strong>dicatur</strong></span> <span class='ocrx_word' id='word_1_839' title='bbox 2368 5274 2461 5318; x_wconf 88' lang='lat' dir='ltr'><strong>aut</strong></span> <span class='ocrx_word' id='word_1_840' title='bbox 2494 5264 2604 5333; x_wconf 85' lang='lat' dir='ltr'><strong>ﬂat,</strong></span> <span class='ocrx_word' id='word_1_841' title='bbox 2630 5282 2753 5321; x_wconf 91' lang='lat' dir='ltr'><strong>cum</strong></span> <span class='ocrx_word' id='word_1_842' title='bbox 2786 5271 3085 5333; x_wconf 64' lang='lat' dir='ltr'><strong>prmsertim</strong></span> <span class='ocrx_word' id='word_1_843' title='bbox 3131 5272 3312 5339; x_wconf 55' lang='lat' dir='ltr'><strong>piures</strong></span> 
     </span>
    </p>
   </div>
   <div class='ocr_carea' id='block_1_112' title="bbox 112 5560 1609 5648">
    <p class='ocr_par' dir='ltr' id='par_1_112' title="bbox 112 5560 1605 5648">
     <span class='ocr_line' id='line_1_112' title="bbox 112 5560 1605 5648; baseline 0.005 -37"><span class='ocrx_word' id='word_1_844' title='bbox 112 5562 230 5631; x_wconf 70' lang='lat'><strong>(85)</strong></span> <span class='ocrx_word' id='word_1_845' title='bbox 272 5562 502 5648; x_wconf 46' lang='lat' dir='ltr'><strong>dificia</strong></span> <span class='ocrx_word' id='word_1_846' title='bbox 528 5560 595 5612; x_wconf 84' lang='grc' dir='ltr'><strong>δὲ</strong></span> <span class='ocrx_word' id='word_1_847' title='bbox 612 5561 760 5648; x_wconf 62' lang='grc' dir='ltr'>,μεῖᾲ</span> <span class='ocrx_word' id='word_1_848' title='bbox 780 5562 848 5613; x_wconf 83' lang='grc' dir='ltr'>τὸ</span> <span class='ocrx_word' id='word_1_849' title='bbox 872 5562 1196 5643; x_wconf 72' lang='grc' dir='ltr'>ὑστέρημα.</span> <span class='ocrx_word' id='word_1_850' title='bbox 1258 5563 1402 5648; x_wconf 40' lang='grc' dir='ltr'><strong>μιᾳ..</strong></span> <span class='ocrx_word' id='word_1_851' title='bbox 1424 5568 1605 5648; x_wconf 78' lang='lat' dir='ltr'><strong>omnin</strong></span> 
     </span>
    </p>
   </div>
   <div class='ocr_carea' id='block_1_113' title="bbox 1768 5560 3303 5648">
    <p class='ocr_par' dir='ltr' id='par_1_113' title="bbox 1768 5573 3303 5648">
     <span class='ocr_line' id='line_1_113' title="bbox 1768 5573 3303 5648; baseline 0.004 -25"><span class='ocrx_word' id='word_1_852' title='bbox 1768 5573 1899 5626; x_wconf 65' lang='lat' dir='ltr'><strong>tS’XEt</strong></span> <span class='ocrx_word' id='word_1_853' title='bbox 1938 5576 1994 5627; x_wconf 75' lang='grc' dir='ltr'>δε</span> <span class='ocrx_word' id='word_1_854' title='bbox 2067 5574 2127 5628; x_wconf 72' lang='grc' dir='ltr'>τὸ</span> <span class='ocrx_word' id='word_1_855' title='bbox 2171 5573 2452 5645; x_wconf 60' lang='grc' dir='ltr'>ὑστέρημα</span> <span class='ocrx_word' id='word_1_856' title='bbox 2506 5576 2644 5645; x_wconf 80' lang='grc' dir='ltr'><strong>μετά</strong></span> <span class='ocrx_word' id='word_1_857' title='bbox 2694 5579 2819 5641; x_wconf 75' lang='grc' dir='ltr'>τοὺς</span> <span class='ocrx_word' id='word_1_858' title='bbox 2862 5577 3043 5648; x_wconf 77' lang='grc' dir='ltr'>τριάκ.</span> <span class='ocrx_word' id='word_1_859' title='bbox 3082 5574 3303 5636; x_wconf 75' lang='grc' dir='ltr'>αἰῶνας.</span> 
     </span>
    </p>
   </div>
   <div class='ocr_carea' id='block_1_114' title="bbox 40 5629 1625 5690">
    <p class='ocr_par' dir='ltr' id='par_1_114' title="bbox 40 5629 1625 5690">
     <span class='ocr_line' id='line_1_114' title="bbox 40 5629 1625 5690; baseline 0.005 -8"><span class='ocrx_word' id='word_1_860' title='bbox 40 5629 386 5685; x_wconf 68' lang='lat' dir='ltr'><strong>limeenim</strong></span> <span class='ocrx_word' id='word_1_861' title='bbox 420 5633 651 5685; x_wconf 77' lang='lat' dir='ltr'><strong>Secundi</strong></span> <span class='ocrx_word' id='word_1_862' title='bbox 685 5634 856 5688; x_wconf 78' lang='lat' dir='ltr'><strong>fuisse</strong></span> <span class='ocrx_word' id='word_1_863' title='bbox 892 5636 1214 5687; x_wconf 87' lang='lat' dir='ltr'><strong>sententiam</strong></span> <span class='ocrx_word' id='word_1_864' title='bbox 1244 5629 1430 5689; x_wconf 64' lang='lat' dir='ltr'><strong>docuit</strong></span> <span class='ocrx_word' id='word_1_865' title='bbox 1476 5656 1528 5690; x_wconf 85' lang='grc' dir='ltr'>ιι.</span> <span class='ocrx_word' id='word_1_866' title='bbox 1579 5641 1625 5690; x_wconf 79' lang='lat' dir='ltr'><strong>t.</strong></span> 
     </span>
    </p>
   </div>
  </div>
