3772 6188
424 182 522 238 547

1810 181 1867 237 S.
1910 178 2251 237 EPIPHANII

3586 174 3685 227 με

423 295 535 351 sint
563 295 617 350 in
649 294 835 351 eadem
869 304 1016 353 secta
1056 298 1358 369 principes,
1383 298 1475 369 qui
1502 299 1736 356 diversis
1767 302 1993 355 concin-

2160 318 2207 352 εν
2231 302 2277 353 οί
2300 298 2536 371 ἔξαρχοι,
2562 300 2656 352 καὶ
2676 295 2966 369 αὐχοῦντες
2992 296 3153 369 ἕτερα
3175 295 3292 350 ἀνθ’
3314 293 3526 364 ἑτέρων
3549 292 3685 362 ὑπὲρ

425 386 617 441 nandis
658 386 855 442 fabulis
878 389 1165 458 magistros
1194 390 1357 444 etiam
1402 390 1550 459 ipsos
1594 406 1853 461 superare
1876 407 1997 448 sese

423 475 746 544 gloriantur,
784 479 910 533 volo
940 479 995 533 in
1034 480 1103 535 iis
1140 482 1658 549 commemorandis,
1700 484 1793 553 qui
1821 485 1876 537 in
1906 499 1997 539 ea-

424 567 547 621 dem
588 568 777 624 haeresi
822 580 982 637 sunt,
1032 571 1126 628 sed
1178 574 1281 625 alia
1312 576 1558 642 quaedam
1592 575 1815 645 insuper
1847 591 1997 631 asse-

427 668 570 724 runt,
608 660 882 731 paulisper
914 664 1213 718 immorari.
1256 664 1594 736 Epiphanem
1642 667 1998 738 alquelsido-

424 766 542 803 rum
568 752 810 822 intelligo
847 772 859 806 :
901 753 993 822 qui
1019 754 1459 810 cohortationum
1496 771 1560 810 ac
1592 764 1991 826 praeceptorum

425 842 606 911 specie
637 842 686 896 in
723 843 1128 912 profundiorem
1158 861 1279 901 sese
1312 847 1651 903 infelicitatis
1679 848 1992 918 voraginem

425 934 712 988 immersit.
740 935 805 988 Et
840 950 964 989 cum
991 951 1022 989 a
1050 936 1383 1006 Carpocrate
1409 946 1636 1007 parente
1670 954 1770 994 suo
1811 954 1996 994 revera

426 1020 545 1076 falsi
579 1023 849 1093 dogmatis
880 1025 1096 1078 initium
1126 1028 1421 1096 acceperit,
1455 1029 1519 1082 ad
1547 1027 1784 1084 Secundi
1815 1037 1995 1084 tamen

422 1114 710 1183 Opiniones
768 1115 1025 1179 adhaasit,
1083 1124 1135 1172 et
1174 1118 1243 1171 ad
1294 1117 1673 1175 Secundianos
1724 1121 1997 1190 ascriptus

422 1213 523 1259 est.
559 1203 617 1257 In
643 1205 833 1275 primis
863 1208 1005 1269 enim
1035 1223 1229 1279 magna
1260 1216 1344 1264 est
1367 1211 1736 1265 aberrantium
1770 1212 1994 1265 istorum

422 1294 702 1348 hominum
733 1309 763 1348 a
800 1311 860 1351 se
890 1296 1118 1352 invicem
1151 1298 1445 1367 dissensio,
1478 1309 1533 1355 et
1559 1301 1893 1356 inanissima:
1927 1301 1999 1355 lo—

421 1386 717 1456 quacitatis
745 1385 1036 1455 :incondita
1076 1389 1321 1457 quaedam
1365 1404 1429 1444 ac
1462 1392 1779 1460 perturbata
1821 1392 1999 1446 varie-

422 1486 527 1532 tas.
568 1468 724 1543 Nam,
749 1485 809 1532 ut
849 1480 916 1533 ab
955 1478 1231 1550 Epiphane
1259 1481 1477 1546 ordiar,
1520 1480 1867 1551 Carpocratis
1897 1483 1999 1537 iste

421 1569 599 1633 ﬁlius,
633 1585 696 1623 ex
734 1570 1059 1625 Alexandria
1107 1582 1285 1629 matre
1312 1613 1327 1636 ,
1382 1573 1488 1627 hoc
1517 1573 1663 1627 enim
1714 1574 1763 1628 ei
1800 1588 1995 1628 nomen

2098 392 2223 454 τοὺς
2241 391 2419 445 αὐτῶν
2437 390 2789 453 διδασκάλους
2815 390 3244 460 μυθοποιεῖσθαι,
3266 388 3349 441 ἔτι
3370 386 3653 454 ἐπιμένων
3672 388 3679 413 ³

2099 480 2476 552 ὑφηγούμενος
2508 481 2635 543 τοὺς
2666 481 2724 533 ἐν
2752 480 2887 550 αὐτῇ
2945 482 3008 550 τῇ
3062 478 3273 549 αἱρέσει
3304 476 3489 537 ὄντας,
3521 474 3683 541 ἔτερα

2096 571 2153 625 δὲ
2198 572 2348 644 παρὰ
2391 572 2593 625 τούτων
2622 571 2897 639 λέγοντας,
2927 570 3069 639 φημὶ
3098 569 3153 622 δὲ
3197 568 3327 638 περὶ
3350 566 3680 633 Ἐπιφάνους

2096 662 2190 717 τοῦ
2219 662 2491 732 Ἰσιδώρου
2522 666 2585 715 ἐκ
2618 663 2944 733 προφάσεως
2974 659 3373 731 παραινετικῶν
3420 658 3679 727 ῥημάτων

2098 754 2286 807 ἑαυτὸν
2317 754 2396 806 ἔτι
2416 756 2495 817 εἰς
2518 759 2903 824 περισσότερον
2929 750 3085 820 βυθὸν
3130 734 3511 819 ταλαίπωρίας
3554 764 3677 798 κατι

2097 847 2414 914 αγαγόντος.
2449 845 2671 911 Τάλτ.θῆ
2705 846 2805 911 μὲν
2848 840 2962 908 οὖν,
2984 846 3091 896 ἀπὸ
3119 841 3565 915 Καρποκράτους
3591 838 3676 889 τοῦ

2101 939 2229 992 ἰδίου
2274 939 2481 1010 πατρὸς
2520 939 2660 992 κατὰ
2703 944 2879 1009 σάρκα
2913 938 3196 1007 εἰληφότος
3222 934 3322 997 τὰς
3352 935 3676 1004 προφάσεις.

2101 1029 2446 1099 συνημμένου
2481 1030 2537 1082 δὲ
2562 1032 2627 1099 τῇ
2658 1030 2866 1096 αἱρέσει
2896 1028 2988 1083 τοῦ
3019 1026 3421 1099 προειρημένου
3451 1024 3677 1076 Σεκούνο

2096 1116 2207 1183 δου,
2244 1119 2338 1171 καὶ
2369 1117 2533 1172 αὐτοῦ
2561 1118 2667 1171 τῶν
2693 1118 3088 1171 Σεκουνδιανῶν
3117 1117 3475 1186 ὑπάρχοντος.
3508 1114 3677 1181 Hom“,

2098 1210 2206 1279 γὰρ
2236 1210 2467 1262 ἑκάστου
2491 1209 2597 1262 τῶν
2628 1209 3057 1279 πεπλανημένων
3081 1211 3216 1279 πρὸς
3237 1208 3330 1260 τὸν
3353 1206 3547 1274 ἕτερον
3568 1204 3677 1255 διας

2100 1301 2260 1371 φορὰ,
2296 1301 2390 1353 καὶ
2424 1300 2797 1371 συρφετώδης,
2839 1302 2913 1363 ὡς
2955 1302 3146 1363 εἰπεῖν,
3181 1296 3479 1367 πολυμιξία
3525 1311 3676 1348 κενο-

2101 1391 2326 1461 φωνίας.
2360 1385 2524 1454 Οὗτος,
2572 1393 2679 1461 γὰρ
2705 1394 2734 1444 ὁ
2760 1392 3062 1462 Ἐπιφάνης
3094 1390 3228 1459 (86),
3260 1389 3337 1451 ὡς
3372 1389 3535 1456 ἔφην,
3570 1387 3677 1448 υἱός

2100 1482 2175 1535 ὢν
2220 1482 2673 1553 Καρποκράτους,
2730 1482 2936 1553 μητρὸς
2979 1482 3037 1534 δὲ
3082 1478 3495 1549 Ἀλεξανδρείας
3543 1476 3679 1527 οὕτω

2101 1574 2459 1643 καλουμένης,
2498 1572 2726 1637 τούτοις,
2761 1573 2834 1635 ὡς
2868 1576 3146 1643 προεῖπον,
3181 1571 3540 1629 συνάπτεται,
3578 1566 3679 1620 ἀπὸ

421 1661 544 1726 fuit,
575 1664 641 1717 ad
695 1664 837 1731 illos,
870 1666 946 1719 uti
976 1665 1236 1729 diximus,
1281 1674 1620 1737 aggregatur,
1648 1666 1739 1735 qui
1792 1682 1856 1719 ex
1893 1649 1997 1718 Ce-

2160 1665 2475 1735 εφαλληνίας
2506 1664 2606 1734 μὲν
2632 1664 2695 1717 τὸ
2726 1664 2860 1732 πρὸς
2884 1664 3089 1731 πατρὸς
3110 1663 3266 1731 γένος
3292 1661 3386 1721 ὢν,
3416 1662 3679 1712 £73121:-

421 1754 689 1822 phallenia
734 1765 960 1826 paterno
1012 1773 1209 1827 genere
1254 1758 1555 1822 oriundus,
1591 1772 1715 1810 cum
1763 1757 1830 1811 ad
1883 1771 1993 1809 xvu

420 1845 603 1900 artatis
634 1862 835 1901 annum
878 1850 1240 1917 pervenisset,
1268 1850 1557 1903 immatura
1589 1858 1762 1905 morte
1799 1864 1999 1919 praere-

426 1946 555 2006 ptus
586 1946 690 1992 est.
718 1937 985 1993 Nimirum
1016 1941 1320 1995 sceleratos
1345 1941 1590 1995 homines
1613 1941 1755 1997 Deus
1783 1942 1861 1996 sic
1878 1949 1999 1995 tan-

422 2043 583 2095 quam
617 2029 802 2098 spinas
832 2030 1058 2093 evulsit,
1086 2031 1430 2101 humanoque
1457 2032 1639 2102 generi
1677 2033 1869 2087 melius
1900 2032 2000 2086 ali-

421 2120 549 2188 quid
587 2120 843 2190 providit.
878 2120 1010 2175 Post
1045 2121 1191 2175 illius
1222 2121 1429 2175 obitum
1465 2121 1532 2175 iis
1570 2122 1663 2191 qui
1700 2122 1769 2175 ab
1801 2138 1867 2177 eo
1905 2122 2000 2177 de-

422 2213 562 2281 cepti
598 2211 811 2265 fuerant
841 2212 997 2282 plaga
1040 2211 1128 2266 illa
1158 2212 1333 2266 letalis
1372 2211 1620 2266 adhaesit.
1662 2210 1728 2265 Et
1764 2213 1819 2265 in
1859 2213 1999 2268 hanc

425 2319 596 2372 usque
610 2304 752 2357 diem
772 2304 825 2357 in
847 2304 1023 2358 insula
1044 2303 1206 2358 Samo
1224 2303 1421 2357 divinis
1438 2303 1736 2357 honoribus
1749 2303 1997 2358 allicitur.

425 2394 560 2449 Nam
598 2395 790 2450 incola:
830 2396 1087 2465 templum
1120 2394 1167 2449 ei
1201 2394 1601 2458 condiderunt,
1635 2395 1791 2462 211
1831 2402 1884 2449 et
1920 2396 2002 2448 in-

424 2498 586 2543 eunte
615 2505 800 2544 mense
835 2503 992 2543 sacra
1020 2487 1264 2557 quaedam
1291 2501 1353 2540 ac
1376 2488 1730 2541 caeremonias
1752 2487 1956 2541 obeunt
1984 2503 1997 2539 :

425 2594 525 2633 nec
558 2594 667 2633 non
704 2587 847 2634 artes
876 2586 929 2633 et
960 2593 1209 2632 muscum
1247 2576 1312 2629 ad
1354 2577 1663 2631 detestandi
1713 2576 1861 2630 illius
1910 2592 2004 2629 no-

425 2672 589 2727 minis
633 2671 948 2727 memoriam
994 2676 1430 2733 consecrarunt;
1467 2668 1765 2739 Epiphanis
1803 2668 2004 2738 quippe

426 2762 669 2818 Museum
711 2762 1006 2831 appellant.
1039 2758 1402 2829 Cephallenii,
1434 2758 1678 2827 inquam,
1709 2772 1773 2811 eo
1814 2770 2005 2810 vecor-

424 2854 525 2908 dia:
550 2851 825 2922 progressi
856 2860 1004 2914 sunt,
1042 2857 1103 2903 ut
1131 2858 1185 2903 et
1229 2849 1277 2903 ei
1309 2848 1578 2902 sacrificia
1611 2862 1675 2899 ac
1714 2847 2001 2901 libationes

2101 1756 2327 1827 δεκαέτη
2360 1756 2561 1826 βιώσας
2589 1757 2800 1827 χρόνον,
2833 1756 3025 1809 θᾶττον
3050 1756 3139 1807 τὸν
3175 1754 3290 1824 βίον
3319 1752 3679 1821 κατέπραξε,

2099 1847 2192 1900 τοῦ
2226 1846 2432 1916 Κυρίου
2467 1844 2657 1915 ὥσπερ
2684 1844 2927 1907 ἀκάνθας
2970 1845 3095 1906 τοὺς
3140 1843 3380 1912 φαύλους
3407 1841 3679 1894 ἀπαλλασ-

2102 1955 2301 2003 σοντος,
2325 1939 2570 2011 κρεῖττόν
2596 1957 2645 1992 τι
2674 1942 2803 2010 περὶ
2829 1941 2925 2008 τῆς
2947 1939 3271 2010 οἰκουμένης
3300 1936 3679 2010 προνοοῦντα.

2100 2030 2253 2083 Μετὰ
2284 2030 2340 2083 δὲ
2368 2031 2465 2101 τὴν
2499 2031 2662 2084 αὑτοῦ
2685 2032 2943 2102 τελευτὴν
2977 2032 3026 2083 οἱ
3058 2031 3193 2100 πρὸς
3213 2030 3379 2093 αὑτοῦ
3407 2028 3683 2095 7:57:th-

2105 2123 2256 2193 μένοι
2282 2125 2379 2194 τῆς
2402 2124 2497 2178 ἀπ’
2519 2124 2682 2177 αὐτοῦ
2714 2124 2926 2194 πληγῆς
2950 2125 3047 2177 οὐκ
3070 2124 3390 2192 ἀπέσχοντο.
3408 2120 3499 2173 Ἐν

2101 2213 2209 2283 γὰρ
2241 2212 2315 2275 ὡς
2356 2214 2475 2277 θεὸς
2507 2213 2618 2281 (87)
2649 2212 2727 2265 ἔτι
2756 2214 2848 2265 καὶ
2875 2215 2954 2277 είς
2980 2212 3137 2282 δεῦρο
3169 2212 3424 2280 τιμᾶται.
3446 2209 3683 2277 Τέμενος

2100 2305 2207 2374 γὰρ
2236 2303 2382 2369 αύτῷ
2418 2303 2731 2374 ἱδρύσαντες
2762 2304 2811 2356 οἰ
2844 2302 3146 2373 ἐπιχώριοι,
3178 2302 3368 2363 θυσίας
3412 2303 3514 2352 καὶ
3541 2300 3671 2351 τελεο

2100 2394 2199 2455 τὰς
2218 2394 2523 2446 ἐπιτελοῦσι
2548 2394 2686 2447 κατὰ
2708 2395 3016 2464 νεομηνίαν,
3044 2394 3260 2464 βωμοὺς
3279 2393 3333 2445 δὲ
3355 2391 3511 2460 αύτῷ
3534 2392 3685 2460 ἐστη-

2106 2499 2226 2547 σαν,
2252 2485 2346 2535 καὶ
2374 2487 2622 2554 μουσεῖον
2666 2487 2746 2548 είς
2782 2486 2952 2555 ὄνομα
2983 2485 3147 2539 αὑτοῦ
3178 2485 3554 2555 περίπτυστον
3597 2485 3686 2535 ἀν.

2104 2576 2421 2644 εστήσαντο,
2453 2576 2514 2628 τὸ
2558 2576 2620 2646 δὴ
2654 2576 2982 2644 Ἐπιφάνους
3033 2578 3281 2645 μουσεῖον
3324 2574 3685 2643 καλούμενον.

2103 2665 2300 2720 Θύουσι
2331 2667 2442 2747 γ.ὰρ
2474 2667 2620 2737 αὐτῷ
2654 2670 2700 2721 οἱ
2730 2668 3081 2737 Κεφαλλῆνες
3122 2670 3201 2731 εἰς
3231 2666 3508 2737 τοσαύτην
3558 2667 3685 2718 πὶὰο

2105 2773 2201 2826 νην
2248 2756 2588 2825 ἐληλακότες,
2620 2758 2713 2810 καὶ
2761 2758 3062 2824 σπένδουσι,
3100 2758 3195 2812 καὶ
3225 2761 3282 2810 ὲν
3304 2757 3384 2827 τῷ
3417 2759 3688 2828 ἱδρυμένῳ

2105 2851 2269 2903 αὐτοῦ
2317 2851 2534 2921 τεμένει
2581 2851 2940 2922 εὐωχοῦνταιο
2978 2850 3180 2921 ὕμνους
3203 2852 3259 2903 δὲ
3292 2849 3443 2919 αὐτῷ
3478 2850 3686 2919 ᾄδουσι.

424 2941 672 3003 offerant,
710 2948 763 2994 et
824 2939 880 2992 in
950 2938 1075 2992 fano
1137 2937 1282 2992 illius
1339 2938 1556 3006 epulum
1620 2936 1917 3005 prmbeant,
1952 2943 2000 2990 et

2160 2942 2186 2992 ι’
2216 2941 2518 3011 ὑπερὸολὴν
2551 2943 2607 2995 δὲ
2650 2942 2749 3012 τῆς
2793 2944 2999 2995 ἐκείνου
3033 2941 3280 3002 παιδείας
3301 2940 3606 3009 ἐγκυκλίου
3633 2956 3688 2990 τε

426 3030 656 3100 hymnos
684 3028 740 3082 in
779 3028 898 3097 ejus
930 3028 1189 3081 honorem
1222 3027 1534 3081 concinant.
1557 3024 1757 3079 Habuit
1780 3041 1908 3081 vero
1938 3026 2006 3080 ad

426 3121 675 3176 infelices
708 3121 831 3175 illos
855 3119 1241 3188 decipiendos,
1294 3132 1357 3172 ac
1407 3133 1516 3170 non
1572 3116 1733 3171 modo
1777 3116 1844 3170 ad
1883 3132 2002 3171 eam

426 3222 657 3279 sectam,
698 3212 793 3268 sed
841 3218 895 3267 et
929 3209 995 3263 ad
1036 3210 1183 3264 aliud
1212 3225 1385 3281 genus
1417 3209 1642 3271 erroris,
1676 3209 1779 3263 hoc
1823 3220 1906 3264 est
1934 3211 2004 3266 si-

427 3308 791 3360 mulacrorum
847 3301 1290 3371 superstitionem
1343 3299 1707 3354 traducendos
1747 3313 1997 3368 magnam

427 3398 738 3451 illecebram
769 3393 1037 3464 exquisita
1068 3392 1316 3463 quaedam
1364 3391 1602 3448 hominis
1640 3391 1875 3446 eruditio
1897 3433 1913 3458 ,
1946 3400 2001 3448 et

427 3503 552 3543 cum
577 3487 629 3540 in
654 3486 802 3540 omni
832 3485 1188 3538 humanitatis
1217 3496 1434 3552 genere,
1469 3491 1583 3534 tum
1615 3482 1669 3535 in
1705 3480 2000 3537 Platonicis

428 3579 775 3649 dogmatibus
806 3578 1048 3647 apprime
1089 3584 1326 3630 versata.
1362 3573 1462 3639 Qui
1504 3573 1722 3643 quidem
1767 3574 2001 3645 Epipha-

2111 3033 2203 3085 καὶ
2231 3033 2578 3103 Πλατωνικῆς
2615 3034 2648 3104 ή
2681 3035 2829 3087 πᾶσα
2860 3034 2971 3097 τοῖς
3004 3032 3428 3105 προειρημένοις
3454 3030 3608 3083 κατά
3634 3047 3687 3082 τε

2108 3122 2209 3193 τὴν
2238 3123 2446 3193 αἵρεσιν
2476 3125 2569 3177 καὶ¹
2597 3124 2737 3177 κατὰ
2762 3124 2858 3194 τὴν
2898 3124 3088 3195 ἑτέραν
3130 3123 3360 3193 πλάνην,
3402 3121 3557 3187 λέγω

2108 3216 2188 3277 είς
2218 3214 2605 3284 είδωλομανίαν
2636 3216 2763 3278 τοὺς
2793 3215 3117 3286 ἐπιχωρίους
3144 3214 3440 3285 τρέψασαν,
3466 3212 3691 3280 γέγονεν

2106 3306 2201 3359 ἀπ’
2227 3306 2389 3360 αὐτοῦ
2432 3308 2635 3377 ἀπάτη.
2666 3308 2954 3361 Συνείπετο
2982 3307 3111 3375 γοῦν
3138 3302 3288 3369 οὗτος
3317 3309 3347 3359 ὁ
3381 3304 3689 3373 Ἑπιφάνης

2106 3397 2384 3468 Σεκούνδῳ
2416 3398 2509 3452 καὶ
2541 3402 2651 3462 τοῖς
2680 3400 2815 3469 ἀμφ’
2839 3399 3020 3451 αὐτόν.
3054 3399 3165 3470 Τὴν
3198 3398 3304 3469 γὰρ
3342 3397 3521 3450 αὑτοῦ
3556 3396 3691 3449 ἰοϐο-

2105 3487 2225 3540 λίαν
2264 3488 2603 3558 ἀπεμάξατο,
2636 3489 2778 3558 λέγω
2800 3489 2901 3559 τὴν
2945 3488 3045 3559 τῆς
3094 3488 3430 3560 ἑρπετώδους
3484 3486 3691 3556 φθορᾶς

2108 3581 2536 3649 περιττολογίαν.

432 3691 526 3730 nes
552 3676 619 3730 ad
649 3672 957 3729 Secundum
988 3686 1046 3726 se
1071 3678 1233 3740 atque
1256 3670 1376 3737 ejus
1412 3668 1655 3725 fautores
1714 3670 2040 3739 applicavit;
2078 3673 2333 3746 illiusque
2381 3678 2437 3731 in
2486 3691 2546 3733 se
2586 3677 2759 3743 virus,
2782 3658 2911 3733 ’hoc
2953 3685 3038 3733 est
3084 3678 3349 3732 imbutam
3418 3682 3687 3730 venenata

429 3766 661 3838 quadam
694 3770 845 3833 peste
872 3760 1257 3830 loquacitatem
1288 3757 1577 3826 expressit.

496 3858 587 3913 1V.
637 3856 904 3913 lsidorum
944 3869 1074 3909 vero
1121 3858 1349 3907 narrant
1384 3851 1711 3922 quibusdam
1742 3852 2009 3909 Cohorta-

429 3953 636 4006 tionum
664 3949 819 4004 libris
847 3948 1105 4018 nequitia:
1126 3961 1238 4001 suae
1268 3944 1617 3999 fundamenta
1636 3945 1859 4014 jecisse.
1899 3946 2007 4002 Sed

431 4052 611 4097 utrum
652 4040 842 4096 eadem
885 4040 932 4095 is
972 4054 1035 4094 ex
1076 4045 1255 4100 secta,
1304 4044 1466 4105 atque
1509 4036 1703 4090 iisdem
1735 4037 2007 4105 opinioni-

431 4136 531 4187 bus
560 4129 855 4194 exstiterit,
886 4144 953 4182 an
986 4144 1052 4183 ex
1086 4127 1541 4198 philosophorum
1581 4126 1871 4196 disciplina
1914 4143 2007 4181 co-

430 4221 800 4276 hortationum
834 4216 1029 4271 artifex
1073 4230 1196 4271 esse
1225 4214 1516 4279 didicerit,
1562 4214 1698 4267 certi
1743 4215 1879 4268 nihil
1909 4230 2005 4270 ex-

432 4313 644 4382 plorare
672 4308 978 4363 docuimus.
1027 4304 1316 4376 Utcunque
1349 4321 1407 4361 se
1449 4322 1538 4362 res
1564 4306 1782 4371 habeat,
1815 4306 1869 4360 in
1903 4320 1999 4362 eo-

430 4404 550 4457 dem
591 4415 780 4456 omnes
809 4397 1130 4454 consuendo
1162 4397 1412 4466 dogmate
1443 4405 1757 4453 versantur.

501 4494 556 4548 In
583 4492 771 4563 primis
809 4489 1119 4560 Epiphanes
1145 4487 1291 4556 ,illud
1318 4503 1442 4542 cum
1473 4488 1634 4543 Patre
1654 4529 1669 4553 ,
1702 4488 2002 4558 eodemque

431 4586 653 4641 lztercsis
685 4584 969 4639 conditore
994 4582 1325 4650 Carpocrate
1358 4582 1622 4648 decrevit,
1658 4582 2000 4652 promiscuas

504 4739 668 4796 ‘For.
703 4738 965 4811 ὲπιμενῶ.
1001 4736 1157 4790 Addo
1191 4738 1285 4789 καὶ
1312 4737 1429 4791 τοῦ.

503 4904 613 4974 (86)
655 4901 840 4970 Οὗτος
870 4904 978 4974 γὰρ
1014 4905 1045 4955 ό
1079 4901 1421 4974 Ἐπιφάνης.
1452 4899 1526 4954 Ex
1555 4899 1819 4974 Clement.
1846 4900 1999 4953 Alex.

435 4970 724 5029 m'St'rom.
764 4970 885 5029 haec
919 4970 1195 5042 descripta
1229 4979 1357 5042 sunt
1386 4987 1399 5034 ;
1434 4970 1650 5025 tametsi
1683 4970 1757 5042 ab
1777 4979 2002 5042 auctore

436 5047 553 5114 ipso
602 5047 812 5100 diversa
860 5040 1465 5114 quzedam’traditlerit;
1498 5041 1797 5114 Clementis
1827 5040 2000 5114 verba

437 5105 748 5170 necessario
779 5105 1177 5168 hic'attexenda
1211 5119 1338 5182 sunt
1368 5130 1379 5163 :
1407 5110 1709 5182 Ἑπιφέινης
1742 5105 1915 5173 οὗτος,
1940 5105 2001 5182 οὗ

438 5186 526 5238 καὶ
550 5186 615 5238 τὰ
648 5186 1048 5256 συγγράμματα
1076 5181 1376 5256 κομίζεται,
1415 5182 1529 5256 υἱὸς
1550 5177 1634 5252 ῆν
1666 5177 1996 5256 Ϊςαρποκρᾴ-

442 5250 928 5335 ιςουςηκαλᾳξιιητρὸὲ,⁹
953 5250 1327 5335 ’ᾼλεξανδρίας
1350 5250 1706 5335 τοῦνομαὲντὰ
1868 5252 2001 5335 πρὸς

442 5273 575 5318 τους,
602 5269 694 5308 και
726 5269 928 5377 μητρος
971 5269 1327 5321 Αλεςανοριας
1350 5269 1606 5321 τουνομα,
1637 5269 1706 5302 τα
1736 5269 1835 5371 μεν
1868 5269 2000 5335 προς

438 5327 732 5406 πατρὸςζΑ
767 5323 1090 5406 εξανδρεὺςι
1110 5321 1227 5406 ἀπὸ⁹
1247 5322 1303 5373 δὲ
1340 5322 1541 5406 μητρὸς
1578 5323 1738 5406 Κεφα
1774 5320 2000 5406 λημευςο

437 5391 592 5466 Εζησε
634 5397 690 5449 δὲ
736 5395 804 5449 τὰ
846 5391 1024 5466 πάντα
1063 5391 1161 5466 ἔτη
1208 5391 1592 5466 ἑπτακαίδεκα,
1638 5391 1734 5466 καὶἶ
1773 5391 1893 5466 θεὸς
1944 5392 2001 5466 έν

437 5459 593 5537 Σάμῃ
624 5470 721 5536 τῆς
762 5459 1479 5537 Κεφαλληνίαςίτετίμηταν
1511 5461 1637 5537 ἔνθα
1670 5460 1822 5537 αύτιῖξ
1858 5459 1999 5537 ἱερὸν

437 5524 609 5606 ῥυτῶν
640 5524 821 5598 λίθων,
856 5524 1028 5604 βωμοὶ
1050 5574 1065 5595 ,
1098 5524 1300 5606 τεμένη
1324 5524 1359 5606 ,ξ
1384 5534 1628 5606 μουσεῖον
1654 5524 1999 5606 ιξρκοδόμηταί

438 5600 495 5659 τε
524 5608 615 5660 καὶ
664 5600 1021 5662 καθιέρωται·
1067 5600 1176 5657 καί
1204 5601 1477 5662 συνιόντες
1521 5604 1601 5660 εἰς
1643 5600 1703 5652 τὸ
1755 5601 1899 5665 ἱερὸν
1947 5601 1995 5651 οί

2181 3856 2253 3907 A'.
2296 3854 2565 3924 Ἰσίδωρον
2587 3853 2643 3906 δὲ
2670 3853 2968 3921 φάσκουσιν
2987 3852 3099 3923 (88)
3124 3853 3183 3906 ὲν
3207 3855 3578 3924 παραινέσεσι
3599 3858 3687 3927 τῆς

2109 3943 2276 3997 αὐτοῦ
2315 3942 2611 4013 μοχθηρίας
2641 3942 2809 3996 αἴτιον
2840 3942 3187 4012 γεγενῆσθαι.
3223 3944 3285 3997 Εἰ
3314 3944 3372 3996 δὲ
3402 3946 3503 3997 καὶ
3535 3947 3688 4009 αὐτὸς

2108 4036 2177 4090 τὰ
2203 4037 2291 4089 ἶσα
2320 4035 2553 4106 φρονῶν,
2590 4036 2683 4088 καὶ
2722 4034 2783 4099 ἐξ
2816 4034 2991 4088 αὐτῶν
3020 4033 3341 4105 ὁρμώμενος
3368 4035 3685 4106 ἐτύγχανεν,

2109 4129 2140 4198 ἦ
2179 4129 2243 4180 ὲκ
2274 4127 2579 4195 φιλοσόφων
2615 4125 2802 4197 μαθὼν
2836 4127 3221 4197 παραινετικός
3252 4144 3335 4189 τις
3388 4129 3488 4179 καὶ
3536 4130 3687 4192 αὐτὸς

2109 4218 2375 4288 ὑπῆρχεν,
2405 4216 2465 4268 ού
2513 4216 2655 4268 πάνυ
2687 4215 2873 4283 σαφῶς
2902 4215 3030 4284 περὶ
3057 4213 3151 4267 τοῦ
3183 4214 3459 4286 Ἱσιδώρου

2106 4304 2472 4376 ἠδυνήθημεν.
2503 4303 2649 4375 Πλὴν
2693 4298 2835 4357 οὗτοι
2872 4302 3073 4365 πάντες
3110 4303 3401 4357 καττύουσι
3434 4305 3544 4375 τὴν
3579 4308 3685 4375 ἴση.

2109 4397 2507 4469 πραγματείαν.

2178 4488 2400 4560 Πρῶτον
2446 4489 2543 4559 μὲν
2572 4488 2653 4540 ὅτι
2683 4486 2988 4558 ἐνομοθέτει
3010 4485 3171 4549 αὐτὸς
3194 4488 3222 4539 ὀ
3253 4486 3572 4558 Ἐπιφάνης
3608 4493 3686 4543 clx

2108 4580 2184 4651 τῷ
2243 4580 2407 4635 αὐτοῦ
2459 4580 2628 4649 πατρί
2674 4595 2735 4631 τε
2782 4578 2875 4633 καὶ
2900 4579 3254 4649 πρωτοστάτῃ
3290 4580 3392 4649 τῆς
3420 4582 3687 4651 αἱρέσεως,

2110 4899 2459 4971 Κεφαλλῆνες
2498 4897 2641 4971 κατὰ
2677 4900 3009 4971 νουμηνίαν,Δ
3055 4896 3329 4971 γενέθλιον
3366 4898 3685 4971 -ἀποθέωςιξ

2111 4967 2330 5023 θύουσιν
2355 4967 2675 5039 ”Επιφάνει,
2727 4967 3009 5039 σπένδουσί
3058 4984 3138 5029 τε,
3185 4967 3569 5039 εὐωχοῦνται,
3612 4968 3687 5019 καὶ

2112 5040 2271 5111 ὕμνοι
2302 5037 2549 5108 λέγονται
2571 5056 2584 5069 ’
2616 5037 2906 5106 ἐπαιδεύθη
2948 5038 3045 5106 μὲν
3082 5038 3231 5122 παρὰ
3279 5041 3358 5107 τῷ
3394 5042 3577 5109 πατρὶ
3610 5042 3687 5105 τήν.

2112 5128 2169 5161 τε
2214 5110 2501 5161 ἐγκύκλιον
2548 5108 2787 5161 παιδίαν.
2832 5107 3019 5159 καὶτὰ
3067 5108 3379 5161 Πλάτωνος.
3416 5118 3535 5161 etc.
3581 5108 3687 5161 [in

2110 5109 2169 5163 τε
2214 5110 2501 5178 ἐγκύκλιον
2548 5109 2787 5170 παιδίαν,
2832 5109 3019 5159 καὶτὰ
3067 5109 3379 5170 Πλάτωνος,
3416 5118 3535 5162 etc.
3581 5109 3687 5161 Ha

2112 5181 2221 5235 ille.
2266 5180 2335 5232 At
2386 5179 2734 5250 Epiphanius_
2775 5192 2803 5229 a
2845 5185 2999 5246 patre
3035 5178 3455 5246 Cephallenium
3506 5179 3687 5233 fuisse.

2104 5266 2212 5303 non
2246 5248 2674 5304 Alexandrinum
2704 5248 2883 5301 docet.

2142 5392 2151 5401 _
2178 5321 2291 5391 (87)
2341 5321 2446 5374 Ἐν
2471 5319 2645 5388 Σάμῳ
2675 5318 2787 5387 γὰρ
2812 5318 2894 5383 ὠς
2920 5319 3075 5381 θεός.
3127 5318 3265 5382 Qua:
3308 5328 3365 5372 et
3409 5317 3588 5373 Same
3618 5318 3689 5371 di-

2106 5402 2251 5444 Clllll'
2290 5408 2304 5443 :

2178 5460 2608 5530 Dulychiumque,
2641 5457 2897 5530 Sameque
2926 5466 2975 5509 et
3006 5453 3435 5530 Neritos‘ardua
3474 5459 3647 5512 saris.

2194 5526 2304 5601 (88)
2358 5526 2664 5597 Ἰσίδωρον
2696 5528 2778 5601 δὲΔ
2805 5526 3178 5601 φάσκουογν.
3221 5527 3544 5601 l)e~lsidoro
3594 5544 3685 5581 me

2105 5597 2259 5655 minit
2289 5597 2434 5657 idem
2474 5600 2725 5655 Clemens
2757 5598 3019 5653 Alexand.
3054 5597 3148 5651 lib.
3185 5615 3241 5653 vt
3276 5597 3483 5652 Strom.
