3772 6188
133 225 247 281 549

941 221 1310 280 ADVERSUS
1351 221 1692 278 IIIERESES
1729 221 1854 278 LIB.
1895 222 1938 277 l.
1979 221 2144 278 TOM.
2188 222 2251 278 ll.
2291 221 2654 279 —ll}ERES.
2692 223 2905 279 XXXII.

3307 225 3414 282 550

135 336 539 410 Καρποκράτει
588 335 680 390 καὶ
727 340 838 402 τοῖς
884 338 1022 410 ἀμφ’
1048 340 1212 393 αὐτὸν
1238 339 1422 402 κοινάς
1453 333 1593 392 εἶναι

1923 352 1957 392 ιε
2000 336 2259 407 conjuges
2296 345 2588 407 oportere;
2630 339 2828 407 partim
2859 339 3003 408 quod
3045 338 3118 392 ita
3171 337 3322 393 Plato
3357 341 3412 394 in

133 424 250 492 τῷν
277 425 582 499 ἀνθρώπων
611 430 899 496 γυναῖκας,
938 429 1001 482 ἐκ
1031 448 1090 483 τε
1122 429 1217 484 τοῦ
1247 431 1534 494 Πλάτωνος
1566 433 1736 484 Πολι.

135 516 320 570 τειῶν
375 518 648 590 πρόφασιν
692 519 874 574 λαϐὼν
900 560 914 584 ,
964 522 1061 574 καὶ
1105 521 1205 592 τὴν
1256 523 1392 577 ἰδίαν
1440 521 1734 593 ἐπιθυμίαν

139 607 402 662 ἐκτελῶν.
423 609 703 663 Ἐντεῦθεν
731 612 787 664 δὲ
814 612 914 682 τὴν
944 612 1118 683 ἀρχὴν
1146 604 1399 675 ποιεῖται,
1431 613 1624 681 λέγων,
1657 613 1734 676 ὡς

139 695 203 748 ὲν
234 698 314 768 τῷ
348 698 664 772 Εὐαγγελίῳ
690 701 990 772 ἐμφέρεται
1020 702 1115 756 τοῦ
1148 703 1398 774 Σωτῆρος
1435 704 1733 772 φάσκοντος

140 789 298 857 τρεῖς
322 789 419 858 μὲν
446 790 732 861 εὐνούχους
763 787 922 855 εἶναι,
943 791 1034 844 τόν
1056 809 1114 844 τε
1138 789 1197 856 ἐξ
1224 793 1524 864 ἀνθρώπων
1552 793 1734 846 εὐνου-

140 879 454 950 χιξόμενον,
491 883 584 935 καὶ
615 883 706 935 τὸν
731 884 794 936 ὲκ
816 883 1062 954 γενετῆς,
1093 884 1186 936 καὶ
1213 884 1306 936 τὸν
1339 884 1482 938 κατὰ
1509 883 1604 955 τὴν
1637 884 1732 953 βα-

141 970 355 1023 σιλείαν
385 971 493 1025 τῶν
521 973 765 1043 οὐρανῶν
790 973 982 1026 ἑαυτὸν
1013 975 1276 1038 ἑκουσίως
1321 975 1728 1046 εὐνουχίσαντα.

136 1062 257 1114 Καί
291 1081 454 1134 φησιν
478 1081 491 1094 ο
527 1065 592 1117 Oi
624 1064 804 1117 τοίνυν
841 1064 984 1118 κατὰ
1015 1066 1260 1136 ἀνάγκην
1288 1067 1348 1119 οὐ
1385 1068 1527 1120 κατὰ
1573 1067 1731 1136 λόγον

136 1154 392 1225 εὐνοῦχοι
420 1155 676 1222 γίνονται.
709 1157 770 1209 Oi
795 1156 852 1208 δὲ
880 1156 1043 1210 ἕνεκα
1069 1157 1169 1228 τῆς
1199 1157 1476 1228 βασιλείας
1505 1158 1615 1211 τῶν
1638 1158 1730 1211 οὐ·

138 1246 330 1316 ρανῶν
381 1248 607 1311 ἑαυτοὺς
653 1249 1061 1318 εὐνουχίσαντες
1090 1249 1178 1304 διὰ
1219 1250 1288 1303 τὰ
1333 1251 1398 1302 ἐκ
1429 1249 1523 1303 τοῦ
1550 1251 1729 1321 γάμου

139 1339 521 1410 συμϐαίνοντά
549 1356 681 1408 φασι
723 1339 815 1392 τὸν
840 1339 1194 1410 ἐπιλογισμὸν
1220 1339 1235 1370 ³
1266 1339 1373 1392 τῶν
1409 1339 1730 1406 ἐπιτηδείων

135 1430 404 1501 ἀσχολίαν
433 1430 682 1493 δεδιότες.
709 1429 961 1484 Βέλτιον
989 1428 1255 1499 γαμῆσαι
1290 1429 1328 1498 ἣ
1371 1430 1728 1496 πυροῦσθαι,

139 1522 223 1592 μὴ
251 1523 334 1584 είς
358 1520 468 1591 πῦρ
495 1520 738 1592 ἐμϐάλῃς
767 1521 866 1591 τὴν
899 1521 1078 1591 ψυχήν
1110 1538 1225 1584 σου,
1255 1523 1389 1592 φησὶ
1416 1521 1592 1597 λέγειν
1639 1523 1730 1576 τὸν

151 1614 505 1674 Ἀπόστολον,
536 1612 750 1683 ἡμέρας
778 1611 870 1665 καὶ
894 1611 1086 1675 νυκτὸς
1119 1612 1378 1682 ἀντέχων,
1413 1614 1504 1665 καὶ
1535 1613 1730 1681 φοϐού-

1837 427 1990 482 lihris
2025 427 2102 482 De
2141 429 2408 496 republica
2454 430 2777 494 statuisset,
2813 431 3010 499 partim
3049 438 3108 482 ut
3147 432 3412 499 privatam

1835 518 2118 574 libidinem
2153 519 2420 588 expleret.
2455 519 2560 576 Sed
2587 521 2714 576 inde
2743 521 3057 590 disputandi
3087 521 3301 575 initium
3335 523 3404 576 ία-

1835 609 1924 663 cit.
1967 609 2093 663 Tria
2122 610 2496 689 cunuchorum
2531 627 2655 667 esse
2706 625 2926 682 genera.
2973 613 3117 682 quod
3161 627 3190 666 a
3222 612 3414 667 Salva-

1837 707 1952 754 tore
1979 698 2184 753 dictum
2217 697 2508 769 Evangelia
2536 715 2690 755 sacra
2733 709 3005 756 testantur
3030 703 3050 732 ³
3079 719 3091 751 ;
3116 717 3240 755 nam
3275 704 3414 760 alios

1833 805 1956 847 esse
1989 791 2082 861 qui
2122 791 2190 845 ab
2217 791 2534 848 hominibus
2559 792 2764 848 exsecti
2797 802 2946 858 sunt,
2982 793 3118 846 alios
3151 793 3222 846 ita
3255 809 3284 846 a
3316 809 3414 848 na-

1836 892 1963 937 tura
1994 882 2193 950 factos,
2232 884 2369 939 alios
2407 887 2499 954 qui
2539 884 2781 940 caelestis
2821 886 2972 956 regni
3014 887 3187 956 gratia
3222 895 3415 956 sponte

1835 988 1957 1028 sese
1985 981 2325 1028 castrarunt.
2352 974 2456 1041 Qui
2483 976 2672 1046 igitur,
2709 976 2885 1042 aiunt,
2918 976 3055 1031 tales
3088 977 3415 1032 necessitate

1836 1073 1967 1120 sunt
2001 1065 2154 1130 iacti,
2182 1083 2292 1123 non
2325 1068 2377 1122 id
2417 1076 2569 1124 certo
2600 1069 2834 1124 consilio
2881 1083 2945 1122 ac
2979 1070 3190 1126 ratione
3217 1085 3411 1126 susce-

1833 1165 2050 1226 perunt.
2075 1157 2178 1224 Qui
2211 1174 2270 1214 se
2301 1174 2432 1214 vero
2461 1167 2682 1234 propter
2712 1161 2936 1217 caeleste
2959 1177 3181 1231 regnum
3207 1173 3413 1218 castra-

1831 1254 2067 1311 verunt,
2105 1246 2159 1300 id
2203 1247 2269 1301 ad
2304 1247 2661 1304 declinandas
2700 1250 2941 1320 conjugii
2973 1252 3255 1307 molestias
3287 1267 3412 1322 ege-

1833 1341 1982 1398 runt,
2025 1334 2170 1404 quod
2204 1335 2337 1390 illud
2389 1339 2745 1407 procurandae
2790 1341 2866 1395 rei
2915 1340 3410 1403 familiaris-onus,

1833 1440 1899 1480 ac
1924 1426 2350 1483 sollicitudinem
2375 1431 2652 1488 timerent.
2686 1429 2878 1486 Melius
2909 1444 2986 1486 est
3010 1433 3219 1494 nubere,
3254 1450 3410 1503 quam

1832 1520 1918 1572 uri
1951 1519 1971 1550 ³
1999 1535 2012 1572 :
2049 1521 2277 1590 proinde
2315 1536 2446 1577 cave
2479 1523 2716 1577 animam
2751 1531 2899 1578 tuam
2930 1526 2984 1579 in
3014 1529 3186 1596 ignem
3211 1524 3412 1578 immit-

1834 1618 1920 1666 tas
1950 1611 2051 1680 (sic
2081 1613 2226 1668 enim
2253 1614 2322 1667 ab
2352 1613 2616 1683 Apostolo
2656 1624 2986 1688 praeceptum
3014 1633 3138 1673 esse
3171 1617 3408 1686 dicunt),

138 1720 312 1772 μενος
361 1703 434 1773 μὴ
487 1705 584 1772 τῆς
631 1701 958 1772 ἐγκρατείας
991 1701 1294 1772 άποπέσῃς.
1330 1702 1472 1772 Πρὸς
1512 1702 1624 1774 γάρ

1923 1718 1962 1756 rn
1997 1711 2190 1762 noctes
2219 1705 2446 1775 diesque
2489 1707 2726 1773 resistis,
2763 1723 2827 1762 ac
2859 1725 2928 1764 ne
2952 1724 2981 1762 a
3000 1710 3252 1766 castitate
3273 1710 3412 1766 exci-

136 1795 394 1865 ἀντέχειν
423 1793 681 1864 γινομένη
711 1792 860 1863 ψυχὴ
902 1793 1186 1864 μερίζεται
1225 1793 1324 1863 τῆς
1361 1793 1592 1856 ἐλπίδος.
1611 1794 1729 1847 Ἄν-

134 1887 295 1955 ἐχου
323 1886 550 1953 τοίνυν,
585 1886 665 1952 ὠς
689 1881 805 1954 ἤδη
836 1885 1141 1953 προεῖπον,
1172 1884 1282 1952 τῆς
1303 1885 1726 1952 παραινέσεως,

135 1980 221 2040 εἰς
261 1977 426 2048 μέσον
458 1975 640 2047 φέρων
668 1974 758 2027 τὸν
787 1973 964 2042 λόγον,
995 1973 1128 2042 φησὶ
1179 1972 1321 2026 κατὰ
1362 1971 1507 2036 λέξιν
1543 1974 1572 2026 ὁ
1600 1973 1728 2025 Ἰσί-

132 2074 319 2142 δωρος
345 2071 404 2123 ἐν
431 2072 543 2132 τοῖς
579 2066 829 2132 Ἠθικοῖς
861 2107 874 2132 ,
897 2067 1163 2135 μαχΙμης
1197 2063 1498 2135 γυναικὸς,
1526 2064 1626 2117 ἵνα
1642 2064 1728 2133 μὴ

131 2158 555 2227 ἁποσπασθῇς
606 2157 717 2226 τῆς
770 2157 1011 2225 χάριτος
1057 2155 1163 2209 τοῦ
1213 2154 1381 2209 Θεοῦ.
1429 2155 1572 2209 Τότε
1610 2155 1728 2221 πῦρ

130 2252 683 2323 ἁποσπερματίσας
712 2247 1152 2314 εὐσυνειδήτως
1179 2247 1729 2316 προσεύχου.Ὄταν

129 2345 229 2407 δὲ,
281 2344 474 2415 φησὶν,
511 2344 548 2411 ή
578 2341 926 2411 εὐχαριστία
956 2355 1072 2393 σου
1099 2341 1184 2405 εἰς
1221 2339 1463 2406 αἴτησιν
1506 2339 1729 2393 ὑποπέ-

128 2452 261 2500 σοι,
293 2436 391 2489 καὶ
422 2433 576 2502 στῇς
597 2434 664 2487 τὸ
695 2433 931 2495 λοιπὸν,
957 2432 1029 2484 οὑ
1054 2417 1434 2498 κατορθώσας
1464 2431 1548 2501 μὴ
1575 2446 1728 2500 σφα-

127 2527 349 2595 λῆναι,
406 2525 698 2595 γὰμησον.
752 2519 882 2577 Εἶτα
916 2522 1077 2576 πάλιν
1112 2521 1302 2594 φησίν·
1365 2522 1540 2577 Ἀλλὰ
1591 2523 1728 2590 νέος

134 2639 231 2686 τις
259 2621 299 2688 ἦ
333 2619 521 2684 πένης
555 2617 745 2680 ἐστὶν,
772 2616 810 2684 ἣ
837 2615 1197 2684 καταφερὴς,
1223 2613 1535 2669 τουτέστιν
1554 2616 1728 2670 ἀσθε-

132 2713 278 2781 νὴς,
312 2712 411 2766 καὶ
454 2714 524 2766 οὐ
572 2711 725 2765 θέλει
765 2709 947 2781 γῆμαι
986 2709 1136 2762 κατὰ
1176 2707 1282 2761 τὸν
1318 2708 1523 2778 λόγον,
1551 2703 1727 2774 οὗτος

129 2805 248 2858 τοῦ
267 2803 535 2870 ἀδελφοῦ
555 2801 638 2872 μὴ
669 2800 997 2870 χωριζέσθω
1051 2797 1290 2869 Αίσχρὰς
1332 2798 1388 2850 δέ
1423 2816 1572 2860 τινας
1590 2799 1730 2851 ὐπο-

127 2897 290 2960 νοίας
343 2894 520 2965 ἑαυτῷ
579 2892 1078 2964 προσποριζόμενος
1103 2891 1500 2962 δραματουργεὶ
1553 2892 1582 2943 ὁ
1627 2891 1722 2945 τά-

126 2991 257 3052 λας.
307 2986 568 3057 Λεγέτω,
605 2985 737 3056 φησὶ
767 2983 987 3047 τοίνυν,
1041 2982 1130 3036 ὅτι
1179 2982 1565 3047 ΕΙσελ-ήλυθα
1612 2983 1726 3051 ἐγὼ

1827 1794 1926 1850 das
1975 1798 2340 1865 pertimescis.
2380 1798 2663 1868 Siquidem
2691 1801 2907 1856 animus
2943 1811 3151 1867 noster,
3181 1803 3311 1857 dum
3351 1803 3404 1856 in

1827 1887 2182 1956 repugnando
2209 1889 2639 1960 obsistendoque
2671 1899 2820 1947 totus
2851 1899 2935 1949 est
2970 1909 3000 1945 a
3041 1908 3140 1962 spe
3163 1909 3262 1948 sua
3295 1893 3408 1948 dis-

1827 1975 2066 2044 sipatus,
2097 1976 2460 2032 abstrahitur.
2488 1978 2763 2032 Patienter
2809 1979 2972 2048 igitur
3023 1980 3117 2032 tibi
3164 1989 3221 2032 ut
3250 1981 3409 2048 paulo

1829 2075 1949 2120 ante
1988 2066 2312 2122 cohortando
2340 2069 2501 2138 212
2530 2071 2709 2122 monui
2734 2069 2870 2141 (haec
2896 2069 2949 2124 in
2981 2069 3186 2123 Ethicis
3213 2069 3406 2126 lsidori

1826 2158 1990 2213 verba
2014 2159 2164 2228 sunt)
2186 2161 2508 2215 contumacis
2527 2163 2709 2216 uxoris
2731 2177 2900 2216 mores
2929 2162 3220 2215 sustinendi
3243 2171 3366 2216 sunt
3389 2205 3402 2227 ,

1827 2266 1890 2303 ne
1922 2248 2022 2303 Dei
2068 2252 2300 2320 gratiam
2345 2253 2563 2306 amittas
2609 2269 2627 2306 :
2659 2267 2878 2320 cumque
2923 2267 3027 2304 una
3065 2267 3182 2304 cum
3212 2253 3406 2305 semine

1829 2339 2064 2395 libidinis
2107 2342 2381 2410 ﬂammant
2437 2343 2682 2410 ejeceris,
2730 2353 2840 2395 tum
2892 2353 2940 2396 te
2991 2342 3189 2411 optima
3243 2343 3409 2410 fretus

1828 2432 2147 2485 conscientia
2182 2433 2251 2486 ad
2284 2433 2541 2487 orandum
2565 2442 2822 2486 converte.
2851 2431 2954 2486 Sed
2980 2448 3098 2485 cum
3144 2433 3201 2486 in
3231 2441 3411 2502 postu-

1829 2521 2077 2576 lationem
2108 2525 2399 2593 gratiarum
2433 2526 2570 2578 actio
2601 2533 2689 2577 tua
2729 2524 2944 2592 delapsa
2968 2523 3150 2590 fuerit,
3182 2541 3243 2577 ac
3269 2525 3411 2578 dein-

1826 2625 1942 2678 ceps
1971 2619 2112 2665 stare
2147 2614 2379 2676 coeperis,
2403 2630 2562 2683 neque
2592 2613 2644 2666 id
2671 2622 2842 2667 tamen
2865 2615 3176 2680 obtinueris,
3203 2624 3258 2667 ut
3291 2615 3402 2669 labi

1826 2715 2042 2768 prorsus
2092 2719 2154 2755 ac
2205 2705 2435 2757 titubare
2473 2705 2684 2758 desinas
2740 2707 2808 2756 ad
2861 2705 3073 2772 nuptias
3111 2704 3403 2775 confugite.

1826 2793 2008 2864 Pergit
2033 2795 2226 2850 deinde
2254 2813 2267 2850 :
2294 2795 2396 2849 Sed
2421 2796 2627 2864 juvenis
2652 2805 2742 2848 aut
2768 2811 2966 2864 pauper
2987 2806 3064 2850 est
3099 2795 3293 2866 aliquis
3316 2806 3408 2850 aut

1824 2886 2137 2953 proclivior,
2171 2886 2268 2939 hoc
2317 2897 2392 2941 est
2429 2887 2738 2948 imbecillus,
2773 2904 2934 2957 neque
2991 2903 3055 2941 ex
3112 2888 3404 2956 apostolico

1832 2986 2092 3044 pra'cepto
2130 2979 2318 3032 ducere
2344 2980 2392 3032 ei
2426 2979 2549 3032 libet
2584 2995 2799 3032 uxorem
2820 3019 2836 3044 ,
2871 2980 2955 3032 hic
2987 2996 3018 3032 a
3052 2979 3221 3047 fratre
3250 2981 3406 3033 mini-

125 3049 227 3146 εὶς
266 3079 333 3132 τὰ
361 3049 516 3146 ἅγια,
755 3075 1007 3143 δύναμαι
1059 3073 1438 3128 παθεῖν-,Ἐὰν
1472 3060 1545 3125 ’δὲ
1578 3075 1614 3127 ὑ

1953 3069 2212 3125 discedat.
2263 3070 2399 3124 Tum
2439 3071 2902 3126 exsecrandorum
2949 3071 3276 3142 ﬂagitiorum
3315 3088 3403 3127 es-

123 3187 312 3224 νοιαν
349 3168 484 3236 ἔχῃ,
519 3164 801 3221 εἰπάτω.·
848 3163 1109 3233 Ἀδελφὲ,
1139 3164 1341 3230 ἐπίθες
1382 3180 1485 3232 μοι
1533 3162 1719 3230 χεῖρα,

123 3266 235 3316 ἵνα
260 3261 346 3330 μὴ
383 3259 722 3330 ἁμαρτήσω,
751 3257 847 3311 καὶ
877 3257 1136 3326 λήψεται
1159 3256 1470 3323 βοήθειαν,
1506 3256 1604 3310 καὶ
1630 3257 1721 3308 al-

123 3352 399 3422 σθητὴν,
429 3351 526 3404 καὶ
554 3349 797 3418 νοητήν.
837 3346 1156 3415 Θελησάτω
1181 3347 1374 3415 μόνον
1396 3345 1722 3414 ἀπαρτίσαι

127 3444 199 3498 τὸ
235 3443 450 3507 καλὸν,
464 3442 562 3495 καί
585 3439 974 3503 ἐπιτεύξεται.
995 3432 1127 3490 Εἶτα
1155 3437 1315 3490 πάλιν
1350 3436 1542 3506 φησίν·
1590 3436 1720 3488 Ἐν..

124 3538 258 3588 iere
297 3535 378 3600 τῷ
400 3533 518 3604 μὲν
555 3533 805 3601 στόματι
837 3529 1112 3600 λέγομεν,
1143 3531 1216 3582 οὐ
1247 3528 1502 3596 θέλομεν
1537 3527 1722 3596 ἁμαρ-

123 3627 340 3695 τῆσαι,
369 3628 406 3694 ἠ
443 3627 511 3679 δὲ
547 3625 781 3679 διάνοια
819 3623 1077 3693 ἔγκειται
1118 3623 1207 3686 είς
1241 3619 1307 3674 τὸ
1337 3620 1720 3689 ἁμαρτάνειν.

136 3720 196 3771 ’0
234 3717 504 3781 τοιοῦτος
526 3716 624 3770 διὰ
651 3717 838 3784 φόϐον
873 3714 946 3767 οὐ
973 3711 1134 3765 ποιεῖ
1153 3710 1185 3764 ὃ
1223 3709 1404 3774 θέλει,
1439 3710 1540 3765 ἵνα
1563 3707 1650 3779 μὴ
1679 3710 1718 3778 ἡ

120 3811 393 3875 κόλασις
437 3807 597 3874 αὐτῷ
633 3802 981 3877 ἐλλογισθῇ·
1012 3804 1051 3870 ἡ
1083 3801 1151 3855 δὲ
1187 3801 1574 3869 ἀνθρωπότης
1593 3801 1716 3869 ἔχει

117 3901 433 3974 ἀναγκαῖά
465 3919 598 3956 τινα
638 3899 739 3954 καὶ
789 3897 1019 3966 φυσικὰ
1061 3893 1396 3964 μόναοέχει
1437 3891 1504 3946 τὸ
1553 3909 1715 3960 περι-

118 3996 467 4049 ϐάλλεσθαι
507 3992 573 4045 τὸ
607 3989 933 4060 ἀναγκαῖον
969 3987 1068 4042 καὶ
1102 3985 1396 4056 φυσικόνο
1449 3985 1716 4054 φυσικὸν

117 4087 192 4139 δὲ
227 4085 297 4138 τὸ
333 4084 450 4138 τῶν
473 4082 856 4152 ἀφροδισίων.

1828 3162 2094 3232 cogitatas
2121 3162 2360 3218 rationes
2396 3164 2651 3227 aﬂ‘erens,
2695 3165 2862 3217 miras
2895 3163 3080 3218 infelix
3109 3165 3407 3234 tragmdias

1826 3253 1976 3309 facit.
2009 3254 2186 3318 Dicat,
2219 3256 2396 3325 inquit
2423 3274 2434 3309 :
2479 3255 2752 3326 Ingressus
2786 3273 2903 3310 sum
2953 3258 3252 3322 in'sancta,
3284 3259 3401 3324 pati

1828 3346 1960 3399 nihil
1986 3361 2223 3414 possum.
2273 3347 2428 3412 Quod
2468 3349 2516 3402 si
2553 3347 2803 3417 cogitatio
2833 3364 2952 3401 eum
2974 3349 3165 3415 .aliqua
3200 3349 3404 3414 subeat,

1823 3437 1966 3491 dicat
2003 3455 2020 3491 :
2061 3438 2278 3504 Frater,
2311 3441 2516 3508 impone
2555 3440 2684 3492 mihi
2713 3456 2948 3504 manum,
2977 3456 3038 3492 ne
3087 3453 3322 3508 peccem;
3355 3450 3404 3495 et

1828 3530 2101 3597 confestim
2127 3540 2438 3600 prwsentem
2489 3546 2608 3582 cum
2659 3530 2712 3581 in
2764 3545 2980 3596 corpore
3020 3532 3133 3597 ipso
3157 3571 3172 3596 ,
3205 3541 3315 3583 tum
3353 3531 3405 3584 in

1827 3629 2000 3674 mente
2029 3637 2178 3689 opem
2226 3622 2540 3690 experietur.
2586 3620 2719 3674 Velit
2749 3621 2902 3675 modo
2948 3622 3085 3690 quod
3130 3623 3404 3676 honestum

1822 3720 1900 3766 est
1943 3714 2224 3780 perﬁcere.
2254 3723 2304 3766 et
2352 3714 2456 3767 uoti
2500 3729 2709 3780 compos
2737 3715 2974 3767 exsistet.
3015 3712 3146 3767 Post
3183 3713 3296 3767 haec
3329 3713 3403 3766 ita

1825 3803 2068 3874 loquitur
2106 3822 2120 3858 :
2157 3803 2552 3874 Nonnunquam
2595 3821 2681 3857 ore
2703 3814 2848 3858 tenus
2879 3805 3104 3858 dicimus
3129 3845 3144 3867 ,
3192 3821 3405 3872 peccare

1821 3895 2088 3959 nolumus,
2117 3895 2206 3950 sed
2236 3896 2444 3950 animus
2477 3896 2530 3949 in
2556 3907 2768 3965 peccata
2797 3897 3100 3963 propendct.
3139 3897 3243 3960 Qui
3262 3896 3402 3963 ejus-

1822 3985 1966 4040 modi
2001 3995 2102 4047 est,
2134 3987 2272 4057 quod
2315 3987 2422 4040 uult
2466 3999 2676 4055 propter
2714 3997 2907 4040 metum
2943 4003 3044 4039 non
3068 3986 3222 4054 facit,
3255 4003 3318 4039 ne
3355 3988 3404 4040 ei

1820 4092 1973 4145 pwna
2024 4078 2406 4130 constituatur.
2464 4078 2535 4130 At
2581 4077 2850 4130 hominum
2897 4078 3070 4147 generi
3105 4078 3402 4130 necessaria

116 4178 381 4246 qutt'dam
411 4185 534 4230 sunt
565 4191 626 4229 ac
674 4172 948 4228 naturalia
985 4170 1270 4225 duntaxat.
1312 4168 1455 4222 Nam
1486 4167 1712 4222 vestibus
1753 4172 1832 4225 uti
1883 4170 2130 4225 naturale
2159 4170 2319 4225 simul
2364 4188 2426 4225 ac
2475 4171 2831 4268 necessarigm
2875 4180 2992 4236 est;
3033 4169 3296 4224 naturalis
3323 4182 3400 4224 est

117 4287 353 4326 venerea
393 4269 654 4336 voluptas.

193 4363 628 4431 Ε’.Ἀναγκαίως
645 4361 700 4415 δὲ
713 4358 918 4423 ταύτας
935 4357 1046 4429 (89)
1063 4355 1380 4429 παρεθέμην
1397 4354 1498 4419 τὰς
1510 4354 1682 4425 φωνὰς

1907 4349 1958 4404 ιτ.
2003 4348 2129 4405 Haec
2178 4350 2394 4406 illorum
2453 4350 2507 4404 in
2568 4351 2808 4404 medium
2846 4351 3041 4405 ail‘erre
3073 4354 3235 4406 verba
3276 4370 3396 4410 sum

110 4458 144 4510 ὁ
171 4456 323 4510 κατὰ
357 4453 562 4506 τούτων
592 4453 806 4524 γράψας
851 4452 1091 4521 ἔλεγχον,
1130 4449 1203 4520 μὴ
1238 4447 1497 4518 βιούντων
1543 4445 1718 4516 ὀρθῶς

115 4549 220 4600 καὶ
270 4542 714 4607 Βασιλειδιανῶν,
764 4542 859 4595 καὶ
902 4535 1430 4611 Καρποκρατιανῶν,
1471 4535 1565 4589 καὶ
1611 4534 1718 4586 τῶν

115 4635 237 4689 ἀπὸ
269 4632 649 4693 Οὐαλεντίνου,
687 4631 780 4684 καὶ
808 4629 916 4683 τῶν
939 4629 1271 4697 Ἑπιφάνους
1300 4625 1654 4696 καλουμένου,
1674 4617 1717 4692 ᾧ

112 4728 184 4794 δὴ
225 4723 479 4794 συνὴφθη
504 4721 794 4784 Σεκοῦνδος
823 4721 852 4772 ὁ
882 4718 1336 4791 προτεταγμένος.
1355 4715 1446 4780 Ἐξ
1469 4715 1713 4785 ἀλλήλων

109 4820 234 4889 γὰρ
265 4818 499 4878 ἕκαστος
527 4815 644 4886 ἦτοι
685 4808 839 4876 οὗτος
872 4811 1064 4881 ἐκείνῳ
1101 4809 1380 4880 μεταδοὺς,
1424 4808 1456 4876 ἣ
1509 4809 1713 4869 ἐκεῖνος

105 4911 302 4979 τούτῳ
325 4907 396 4960 τὰ
423 4907 571 4960 δεινὰ
597 4904 1105 4975 άπεμπολήσαντες,
1143 4901 1236 4954 καὶ
1263 4901 1341 4963 εἷς
1370 4917 1423 4952 τι
1456 4899 1590 4970 πρὸς
1620 4897 1713 4950 άλ-

104 4999 324 5071 λήλους
370 4997 771 5067 διαφερόμενοι,
817 4997 966 5065 ὅμως
1003 4996 1060 5047 ὲν
1098 4993 1195 5062 μιᾷ
1232 4991 1442 5062 αἱρέσει
1486 4989 1714 5051 ἑαυτοὺς

108 5093 423 5149 κατέθεντο
445 5106 458 5121 ·
485 5088 624 5142 ὥστε
656 5089 750 5142 καὶ¹
776 5087 919 5158 ἔχειν
947 5085 1192 5151 ἐξουσίαν
1220 5083 1601 5153 ὲδογμάτισαν,
1621 5080 1714 5134 καὶ

188 5252 204 5279 ¹
250 5247 330 5299 Ex
388 5244 556 5299 Clein.
614 5244 850 5297 Alex.m
885 5241 1084 5297 Strom.
1148 5240 1218 5292 ita
1279 5236 1587 5308 legendum,
1639 5235 1729 5288 τὸν

101 5321 228 5375 τῶν
261 5320 413 5370 ἐπι-ε.
493 5317 512 5345 ²
548 5314 736 5368 Matth.
767 5329 880 5378 ιιι,
914 5313 1002 5366 12.
1081 5310 1101 5341 ⁸
1132 5310 1148 5363 l
1181 5311 1308 5364 Cor.
1337 5307 1433 5372 m,
1463 5307 1515 5360 9.

185 5476 307 5542 (89)
365 5474 717 5542 Ἀναγκαίως
745 5471 814 5523 δὲ
854 5471 1090 5535 ταύτας.
1139 5467 1294 5542 Apud
1329 5466 1499 5542 Clam.
1549 5464 1704 5518 Alex.

101 5537 232 5602 hy},
285 5537 443 5619 enni“
474 5537 924 5619 praecedentibus
967 5542 1223 5619 copulata
1276 5538 1350 5619 ita
1408 5537 1704 5619 ιεειξηιιιέζε

97 5616 360 5670 Φυσικὸν
399 5605 560 5666 δὲ’τὺ
600 5612 707 5665 τῶν
755 5605 1104 5682 ἀφροδισίων,
1146 5609 1246 5662 οὐκ
1286 5605 1585 5682 άναγκαζον
1622 5605 1701 5682 δέ.

97 5689 254 5742 Tum
306 5684 535 5746 subiicit
565 5701 577 5736 :
612 5677 848 5742 Ταύτας·⁷
878 5680 1195 5744 παρεθέμην
1242 5679 1340 5740 τὰς
1387 5677 1569 5744 φωνὰς
1627 5677 1705 5738 εἰς

1822 4452 2069 4507 coactus,
2108 4451 2168 4498 ut
2214 4459 2309 4499 eos
2339 4443 2720 4513 redarguerem
2753 4443 3050 4497 sceleratos
3077 4443 3324 4499 homines
3345 4453 3398 4499 et

1820 4536 2040 4606 impios,
2068 4536 2454 4599 Basilidiauos,
2480 4536 2726 4604 inquam,
2757 4540 2808 4587 et
2830 4532 3306 4601 Carpocratianos.
3333 4549 3397 4588 ac

1820 4626 2094 4682 Valentini
2121 4626 2527 4696 Epiphanisque
2555 4624 2876 4694 discipulos,
2903 4623 2973 4676 ad
3003 4639 3162 4692 quem
3196 4622 3398 4680 Secuna

1818 4718 1922 4773 dus
1956 4719 2160 4788 priusa
2208 4717 2367 4771 nobis
2405 4722 2865 4772 commemoratus
2922 4714 3260 4783 adjungitur.
3303 4714 3395 4768 Et-

1819 4809 1962 4863 enim
2003 4808 2078 4861 illi
2110 4822 2140 4861 a
2177 4823 2237 4863 se
2273 4808 2506 4863 invicem
2550 4805 2830 4876 propagati
2871 4820 2883 4856 :
2921 4805 3036 4860 sive
3068 4805 3170 4862 iste
3209 4807 3388 4869 alteri,

1819 4900 1934 4956 sive
1973 4899 2112 4954 alter
2163 4899 2252 4954 isti
2284 4899 2430 4954 velut
2480 4899 2651 4952 malas
2688 4911 2897 4950 merces
2921 4937 2934 4962 ,
2968 4897 3041 4950 ita
3077 4896 3390 4966 pestiferam

1818 4990 2127 5045 doctrinam
2165 4989 2708 5045 communicaverint.
2751 4988 2829 5043 Ac
2872 4989 2999 5043 licet
3033 4987 3211 5057 aliqua
3247 4987 3301 5041 in
3333 5003 3390 5040 re

1817 5079 2150 5144 dissideant,
2196 5081 2249 5134 in
2299 5079 2488 5135 eadem
2521 5087 2703 5133 tamen
2737 5079 2947 5134 laesere
2989 5085 3170 5144 secta;
3217 5087 3275 5132 ut
3307 5078 3387 5132 vel

1779 5235 1919 5288 ἐπιλ.
1962 5236 2150 5290 τοῦτον
2195 5236 2586 5307 λαμϐάνουσιν,
2654 5236 2754 5310 τὴν
2805 5239 2930 5310 περὶ
2981 5237 3071 5289 τὸν
3122 5236 3389 5308 πορισμὸν

1813 5463 2030 5532 ἔλεγχον
2054 5461 2162 5514 τῶν
2193 5460 2268 5532 μὴ
2303 5461 2561 5531 βιούντων
2589 5460 2764 5532 ὀρθῶς
2796 5457 3234 5532 Βασιλεινια-νῶνᾼ,
3279 5463 3384 5510 etc.

1814 5528 1998 5603 Neque
2045 5528 2226 5603 tamen
2257 5528 2484 5587 mutare
2515 5528 2812 5601 quidquam
2857 5532 2910 5584 in
2958 5528 3261 5603 Epiphanio
3291 5541 3388 5578 no-

1816 5597 1931 5659 stro
1960 5603 2124 5656 volui.
2179 5600 2318 5655 Fieri
2355 5597 2556 5672 quippe
2587 5597 2790 5672 potest,
2832 5608 2890 5654 ut
2941 5597 3146 5654 aliuuid
3179 5597 3245 5651 de
3283 5609 3386 5649 suo

1813 5676 1996 5729 sciens
2021 5689 2083 5728 ac
2113 5674 2302 5727 volens
2334 5673 2647 5729 inseruerit.
