3772 6188
376 159 475 215 551

1746 154 1804 211 s.
1848 135 2215 210 Eptpuaau'

3555 157 3660 211 $52

378 288 604 346 peccare
649 271 752 329 sibi
784 275 1018 342 fpropter
1059 268 1185 325 vita:
1221 268 1615 340 perfectionem
1659 269 1825 325 licere
1865 271 1951 325 di-

2151 269 2480 342 ἁμαρτάνειν
2504 266 2594 320 διὰ
2621 266 2718 336 τὴν
2752 258 3137 338 τελειότητα,ᾖ
3162 265 3383 318 πάντων
3413 281 3479 331 γε
3501 267 3517 296 ⁸
3553 283 3657 318 σω-

377 374 565 422 cereut
597 382 700 421 :ex
730 381 838 436 qua
874 364 951 430 lit,
985 372 1065 428 ut,
1097 365 1449 434 quantumvis
1497 364 1661 417 modo
1709 363 1956 432 delique-

378 457 511 520 rint,
537 465 718 511 tamen
749 455 897 526 quod
930 455 1248 510 naturaliter
1277 453 1344 508 ad
1377 452 1820 524 consequendam
1857 467 1958 506 sa-

381 549 548 602 lutem
600 545 795 602 delecti
849 546 996 608 sint,
1044 545 1210 598 insita
1249 543 1483 613 quadam
1526 543 1677 612 ipsos
1705 548 1960 612 oporteat

381 639 714 694 necessitate
765 636 996 692 servari.
1030 634 1218 705 Neque
1261 650 1392 688 vero
1439 633 1598 702 primi
1639 634 1957 702 dogmatum

381 729 667 784 architecti
715 728 1030 783 eorumdem
1077 727 1567 797 perpetrandorum
1613 726 1747 796 ipsis
1802 733 1958 794 pote.

381 827 574 877 statem
598 819 822 872 faciunt.

454 908 560 964 Sed
593 917 650 962 ut
680 909 745 961 ad
769 907 895 963 illos
920 914 1185 974 revertar,
1207 907 1336 961 dum
1369 921 1429 962 se
1455 906 1521 962 ad
1546 907 1601 960 id
1618 905 1765 977 quod
1789 905 1963 961 subli-

384 1004 526 1057 mius
553 1011 716 1071 alque
745 999 802 1054 in
838 999 1165 1069 Cognitione
1197 999 1288 1053 illa
1321 1014 1419 1053 sua
1465 999 1818 1069 praastantius
1856 1006 1960 1065 est,

382 1097 568 1152 acrius
599 1093 1030 1157 contenderunt,
1085 1090 1317 1160 primam
1365 1091 1620 1145 videlicet
1647 1088 1958 1154 Tetradem,

384 1188 458 1242 ita
511 1187 791 1256 diSputant
820 1202 834 1238 ι
869 1183 1004 1236 Ante
1031 1183 1209 1235 omnia
1239 1183 1470 1246 primunt
1503 1191 1612 1245 est,
1665 1182 1960 1251 inquiunt,

387 1275 715 1344 Principium
791 1272 1091 1343 quoddam,
1164 1272 1496 1341 primumque
1557 1273 1962 1342 intelligentiam

384 1350 585 1420 omnem
619 1379 893 1432 superans,
925 1361 1063 1432 quod
1106 1378 1197 1415 nee
1225 1361 1484 1430 explicari
1513 1363 1702 1426 verbis,
1738 1377 1829 1415 nec
1868 1377 1964 1430 ap-

385 1457 668 1525 pellatione
699 1455 964 1509 declarari
998 1461 1189 1522 potest,
1228 1469 1389 1523 quant
1433 1469 1525 1523 ego
1566 1453 1823 1506 unitatem
1865 1467 1964 1506 nu-

385 1561 545 1598 mero.
599 1543 731 1598 Cum
783 1543 876 1597 bac
919 1541 1099 1596 Virtus
1152 1542 1394 1612 qua'dam
1428 1543 1668 1609 exstitit,
1713 1558 1871 1612 quant
1913 1551 1963 1595 et

2067 362 2382 432 θησομένων
2423 359 2669 430 φυσικῶν
2690 359 2733 419 ⁵,
2758 356 2861 410 κᾶν
2902 373 2964 409 τε
2993 355 3089 409 νῦν
3118 357 3412 427 ἁμάρτωσι
3441 356 3535 408 διά
3559 359 3658 427 τὴν

2066 455 2308 526 ἔμφυτον
2348 452 2600 522 ἐκλογήν.
2627 449 2781 503 Ἐπεὶ
2814 449 2945 519 μηδὲ
2979 447 3048 501 τὰ
3074 447 3214 502 αὐτὰ
3250 448 3436 512 αὐτοῖς
3484 449 3658 517 πράτ-

2065 560 2178 597 τειν
2219 541 2591 613 συγχωροῦσιν
2614 541 2663 594 οἱ
2691 539 3037 611 προπάτορες
3071 538 3180 592 τῶν
3205 538 3502 610 δογμάτων
3536 539 3652 590 τού-

2066 651 2175 688 των
2182 674 2196 688 .

2139 900 2276 954 Φασὶ
2307 899 2366 954 δὲ
2396 900 2491 954 καὶ
2516 891 2661 954 οὗτοι
2693 899 2828 971 (90),
2855 900 2932 964 ὡς
2959 899 3052 954 ἐπὶ
3090 900 3153 954 τὸ
3193 900 3531 972 ὑψηλότερον
3563 905 3652 955 καὶ

2068 993 2514 1065 γνωστικώτερον
2539 993 2977 1064 ὲπεκτεινόμενοι
2997 993 3096 1064 τὴν
3125 993 3351 1065 πρώτην
3381 995 3651 1065 Tag-ﬁat,

2065 1088 2268 1152 οὕτως·
2304 1089 2471 1141 Ἔστι
2515 1104 2601 1152 τις
2628 1086 2739 1154 πρὸ
2766 1085 3006 1139 πάντων
3037 1085 3336 1154 προαρχῆ.
3357 1100 3653 1154 προσγεγ-

2068 1180 2305 1247 γόητος,
2354 1176 2612 1246 ἆρῤητός
2660 1193 2726 1230 τε
2774 1174 2874 1230 καὶ
2917 1176 3355 1245 ἁνονόμαστος,
3412 1175 3499 1243 ἦν
3544 1179 3657 1245 ἐγὼ

2063 1270 2368 1340 μονότητα
2399 1266 2641 1336 ἀριθμῶ.
2679 1267 2868 1334 Ίούτῃ
2903 1265 2978 1334 τῇ
3015 1269 3300 1336 μονότητι
3336 1267 3656 1336 συνυπάρ-

2070 1376 2160 1428 χει
2193 1359 2468 1427 δύναμις,
2502 1356 2582 1424 ἣν
2609 1356 2706 1411 καὶ
2737 1356 2932 1425 αὐτὴν
2960 1357 3220 1426 ὀνομάζω
3246 1358 3528 1425 ἑνότητα.
3552 1361 3660 1411 Αὖ-

2069 1469 2140 1519 τη
2175 1452 2212 1520 ἠ
2241 1452 2473 1518 ἑνότης,
2511 1448 2549 1517 ἣ
2583 1466 2649 1503 τε
2670 1449 2938 1519 μονότης
2959 1449 3024 1502 τὸ
3051 1449 3120 1503 ἓν
3142 1444 3325 1505 οὖσαι
3349 1450 3660 1518 προήκαν-

2071 1559 2158 1607 το,
2209 1542 2295 1612 μὴ
2345 1540 2663 1610 προέμεναι
2706 1540 2907 1610 ἀρχὴν
2969 1540 3069 1594 ἐπὶ
3137 1541 3384 1595 πάντων
3428 1542 3661 1609 νοητὴν

383 1637 812 1708 singularitatem
855 1637 1016 1705 213
1034 1652 1179 1690 voco.
1211 1635 1397 1690 Ambae
1444 1651 1604 1704 porro
1646 1651 1766 1688 cunt
1797 1649 1965 1687 unum

2151 1632 2402 1700 ἐννητόν
2451 1648 2516 1684 τε
2560 1631 2658 1684 καὶ
2693 1631 2972 1699 ἀόρατον,
3005 1629 3086 1698 ἢν
3125 1631 3341 1701 Ἀρχὴν
3382 1635 3416 1686 ὁ
3476 1633 3665 1700 λόγος

385 1741 541 1800 atque
561 1730 701 1782 idem
719 1730 845 1793 sint,
871 1726 1202 1795 Principium
1225 1725 1490 1795 quoddam
1510 1726 1744 1778 omnium
1762 1740 1960 1790 rerum,

383 1822 522 1892 quod
551 1820 897 1889 intelligentia
926 1819 1044 1872 sola
1069 1819 1370 1886 percipitur,
1413 1817 1573 1888 neque
1603 1819 1830 1887 genitum
1865 1827 1963 1881 est,

385 1923 478 1967 aut
501 1911 840 1981 aspectabile,
865 1910 999 1962 citra
1023 1906 1422 1978 productionem
1454 1906 1623 1960 ullam
1653 1905 1926 1959 ediderunt
1949 1921 1966 1960 :

388 2000 528 2073 quod
577 2000 906 2066 Principium
952 1999 1007 2050 in
1056 1997 1227 2050 sacris
1267 1994 1483 2049 Litteris
1520 1992 1708 2048 Unitas
1751 1995 1966 2048 dicitur.

387 2092 521 2148 Cum
550 2092 647 2144 hac
685 2091 888 2143 unitate
917 2089 1153 2158 ejusdem
1198 2087 1513 2141 substantia:
1545 2085 1656 2139 alia
1682 2087 1846 2139 virtus
1873 2100 1969 2138 ea:—

2070 1715 2317 1778 Μονᾶδα
2345 1721 2534 1776 καλεῖ.
2566 1722 2756 1788 Ταύτῃ
2775 1720 2851 1788 τῇ
2871 1721 3092 1790 μονάδι
3125 1721 3513 1790 συνυπάρχει
3565 1721 3662 1773 εὑ-

2071 1833 2250 1887 ναμις
2281 1817 2602 1885 όμοούσιος
2628 1815 2807 1883 αὐτῇ,
2835 1814 2918 1882 ἣν
2938 1815 3046 1884 καὶ,
3069 1815 3267 1883 αὐτὴν
3296 1815 3572 1884 ὀνομάζω
3599 1817 3665 1867 τὸ

2073 1908 2161 1962 ἓν.
2191 1903 2377 1963 Λῦται
2398 1911 2457 1960 αἱ
2479 1907 2784 1976 δυνάμεις,
2810 1906 2848 1974 ἥ
2887 1923 2953 1960 τε
2985 1908 3250 1976 por-dem:
3285 1906 3387 1961 καὶ
3420 1908 3666 1973 ἑνότης.

2071 1997 2264 2068 μονάς
2294 2015 2356 2050 τε
2382 1997 2479 2050 καὶ
2515 1996 2582 2050 τὸ
2605 1995 2675 2050 ἐν
2698 1993 3041 2066 προήκαντο
3081 1996 3188 2062 τὰς
3209 1996 3430 2063 λοιπὰς
3457 1997 3672 2064 προεδ-

2073 2089 2189 2155 λᾶς
2226 2087 2344 2140 τῶν
2375 2086 2635 2142 Αῑώνων.

389 2183 561 2247 stitit,
606 2197 763 2252 quant
795 2191 845 2235 et
879 2182 1052 2249 ipsam
1099 2195 1262 2233 unum
1308 2178 1538 2248 appella.
1577 2179 1709 2244 Quin
1755 2179 1962 2248 quidem
2002 2179 2241 2248 virtutes,
2297 2181 2499 2246 unitas,
2528 2180 2778 2250 inquam,
2822 2190 2875 2234 et
2929 2179 3312 2251 singularitas,
3347 2195 3567 2244 manas,
3623 2177 3672 2228 et

389 2290 552 2327 unum
593 2287 610 2324 :
637 2272 866 2340 reliquas
899 2267 1136 2322 {Eanum
1165 2269 1392 2338 origines
1419 2276 1800 2338 propagarunt.

459 2367 545 2423 Vl.
569 2369 762 2422 Verum
789 2380 952 2436 quam
982 2364 1095 2417 hzec
1117 2364 1387 2419 averitate
1404 2365 1736 2420 abhorreant
1761 2365 1966 2434 omnia,

389 2461 588 2532 egregii
615 2459 832 2530 quidam
866 2459 1164 2527 scriptores
1189 2456 1352 2512 editis
1403 2457 1668 2514 adversus
1705 2473 1800 2514 eos
1820 2473 1972 2512 com-

389 2546 672 2603 mentariis
725 2547 1195 2607 demonstrarunt,
1231 2547 1505 2618 praecipue
1550 2563 1680 2602 vero
1718 2548 1972 2603 Clemens

389 2636 808 2698 Alexandrinus,
841 2651 1003 2704 quem
1055 2635 1445 2692 Atheniensem
1496 2637 1589 2691 alii
1643 2638 1874 2704 faciunt,
1908 2653 1973 2693 ac

389 2736 618 2783 sanctus
675 2729 942 2782 Irenaaus:
976 2728 1067 2797 qui
1116 2735 1404 2797 postquam
1446 2728 1570 2784 illos
1603 2729 1815 2795 derisit,
1867 2738 1976 2784 tra-

389 2820 562 2891 gicam
605 2820 750 2872 illam
785 2819 1238 2873 exclamationem
1269 2819 1492 2886 subiicit
1525 2838 1539 2874 :

459 2911 609 2968 Heu!
645 2913 780 2966 heu!
817 2912 996 2966 Proh!
1031 2913 1193 2981 proli!
1224 2913 1420 2966 merito
1451 2913 1721 2983 siquidem
1746 2913 1878 2968 illud
1907 2915 1976 2969 de

2107 2365 2116 2376 '
2149 2364 2240 2429 ς’.
2274 2357 2406 2415 Εἶτα
2449 2358 2499 2415 οἱ
2531 2360 2713 2424 καλῶς
2751 2360 3217 2434 συγγραψάμενοι,
3263 2364 3360 2418 καὶ
3403 2363 3677 2434 ἀλήθειαν

2075 2452 2278 2507 τούτων
2307 2455 2363 2506 ὲν
2391 2455 2504 2516 τοῖς
2534 2440 2683 2522 σφῶν
2726 2453 2908 2507 αὐτῶν
2944 2455 3372 2525 συγγράμμασιν
3404 2454 3675 2525 ἧλεγξςπ,

2075 2545 2310 2616 Κλήμης
2337 2562 2417 2609 τε,
2458 2546 2517 2598 ὅν
2565 2544 2697 2614 φασί
2740 2563 2886 2609 τινες
2927 2546 3281 2618 Ἀλεξανδρέα
3306 2547 3445 2615 (91),
3490 2549 3676 2618 {cap/zz

2071 2637 2126 2690 δὲ
2170 2637 2447 2707 Ἂθηναῖον
2470 2652 2482 2665 ·
2507 2637 2644 2690 ἀλλὰ
2679 2638 2770 2690 καὶ
2797 2640 2824 2691 ὁ
2856 2637 3000 2708 ἱερὸς
3026 2639 3311 2708 Εἰρηναῖος
3339 2640 3678 2708 καταγελῶν

2074 2728 2255 2782 αὐτῶν
2287 2728 2347 2780 τὸ
2383 2728 2647 2799 τραγικὸν
2683 2730 2879 2793 ἐκεῖνο,
2912 2729 2940 2782 ὃ
2971 2729 3064 2782 ἐπὶ
3095 2731 3208 2802 τοῖς
3240 2733 3676 2802 προειρημένοις

2074 2821 2155 2884 εἰς
2190 2820 2353 2890 μέσον
2387 2819 2567 2889 φέρων
2599 2815 2734 2893 ἧκεν
2757 2835 2772 2851 ο
3097 2799 3110 2808 ’

2160 2914 2285 2975 Ἰοὺ,
2321 2912 2401 2964 ἰού
2420 2929 2433 2942 ·
2467 2913 2562 2966 καὶ
2586 2913 2709 2981 φεῦ,
2755 2912 2856 2982 φεῦ
2881 2912 2993 2984 (92)
3015 2929 3028 2942 ⁸
3061 2914 3120 2967 τὺ
3151 2913 3412 2985 τραγικὸν
3432 2915 3578 2984 γὰρ,
3602 2915 3677 2975 ιτς

391 3022 552 3060 scena
593 3006 975 3074 depromptum
1027 3005 1092 3057 ad
1124 3018 1244 3059 eam
1281 3006 1566 3060 transferri
1601 3007 1966 3062 calamitatem

2151 3005 2285 3078 ηθῶς
2316 3007 2562 3058 ἐπειπεῖν
2589 3004 2758 3068 ἐστιν,
2803 3005 2896 3058 ἐπὶ
2922 3008 2987 3076 τῇ
3017 3006 3239 3079 τοιαύτῃ
3274 3009 3543 3078 συμφορᾷ
3567 3006 3678 3057 τῶν

392 3105 589 3168 potest,
620 3112 780 3166 quam
818 3099 1151 3166 portentosis
1194 3097 1443 3160 vocibus,
1479 3110 1546 3151 ac
1579 3106 1687 3151 tam
1712 3097 1976 3153 effrenata

393 3190 618 3244 audacia
645 3203 912 3258 nugarum
934 3189 1008 3241 illi
1039 3189 1338 3258 scriptores
1372 3190 1666 3256 invehunt;
1699 3191 1791 3260 qui
1826 3205 1978 3245 men-

393 3281 565 3335 daciis
604 3283 717 3335 suis
751 3281 872 3333 ficta
901 3281 1146 3350 quaedam
1190 3281 1410 3335 nomina
1438 3280 1782 3350 impudenter
1810 3280 1978 3334 aliin-

394 3376 544 3437 gunt.
581 3367 715 3421 Nam
777 3384 902 3422 cum
967 3371 1042 3422 ita
1091 3371 1324 3424 scribit:
1359 3371 1494 3423 Ante
1535 3371 1715 3424 omnia
1746 3372 1977 3440 primunt

395 3457 659 3527 quoddam
685 3471 761 3512 est
797 3461 1136 3528 principium,
1171 3477 1232 3514 ac
1263 3463 1516 3529 primum,
1565 3461 1976 3529 intelligentiam

396 3567 600 3605 onmem
648 3567 924 3620 superans,
968 3551 1105 3622 quod
1165 3570 1257 3623 ego
1303 3554 1582 3608 monadem
1640 3554 1974 3623 appello;ac

400 3658 624 3697 rursum
663 3663 674 3698 :
713 3643 845 3696 tium
893 3646 992 3698 hac
1026 3646 1250 3700 monade
1277 3646 1441 3700 virtus
1465 3647 1693 3714 exsistit,
1738 3661 1896 3717 quam
1925 3655 1975 3702 et

400 3736 574 3803 ipsam
605 3736 1035 3806 singularitatem
1080 3753 1243 3801 voco;
1272 3739 1562 3795 manifeste
1601 3739 1822 3806 fatetur,
1854 3755 1977 3796 esse

399 3826 517 3881 hinc
562 3843 683 3896 qua:
721 3828 997 3898 proposita
1047 3837 1175 3883 sunt
1217 3829 1443 3884 omnino
1498 3829 1765 3894 conﬁcta,
1810 3845 1981 3900 seque

399 3918 598 3974 fabula:
632 3919 756 3974 huic
804 3919 1130 3989 imposuisse
1186 3923 1424 3998 nomina,
1466 3937 1588 3992 qua:
1633 3923 1704 3978 ab
1763 3923 1982 3978 nemine

399 4011 667 4068 hactenus
724 4022 986 4083 usurpata
1058 4014 1296 4069 fuerant.
1343 4015 1701 4085 LProiudeque
1776 4015 1992 4070 nentim

397 4103 624 4159 dubium
655 4115 759 4168 est,
792 4107 925 4175 quin
945 4107 1058 4182 haec
1091 4107 1181 4161 ille
1199 4108 1432 4175 primum
1462 4107 1740 4168 indiderit,
1777 4122 1842 4162 ac
1872 4106 1983 4163 nisi

402 4196 523 4266 ipse
577 4197 633 4250 in
690 4198 795 4250 vita
852 4198 1150 4254 exstitisset
1175 4198 1487 4268 aliquando,
1531 4200 1737 4254 veritas
1794 4201 1982 4272 utique

471 4349 489 4380 ⁸
525 4346 696 4404 Clem.
732 4347 764 4419 ἢ
794 4347 1033 4412 πάντως.
1105 4349 1313 4408 ὈΙθῐιι.
1350 4349 1532 4419 φύσει.

2075 3098 2144 3151 τὰ
2159 3094 2419 3166 γελοιώδη
2434 3095 2608 3148 ταῦτα
2629 3097 2983 3167 γεγραφότων
3005 3097 3107 3166 τῆς
3130 3097 3389 3167 τοιαύτης
3407 3097 3680 3166 ὀνοματο-

2076 3187 2257 3250 ποιίας
2285 3187 2380 3238 καὶ
2417 3188 2485 3255 τῇ
2513 3184 2755 3257 τοσαύτῃ
2801 3186 2998 3258 τόλμῃ,
3026 3186 3101 3251 ὡς
3147 3188 3572 3260 ἀπερυθριάσας
3601 3189 3682 3260 τῷ

2074 3281 2351 3354 ψεύσματι
2383 3280 2570 3346 αὐτοῦ,
2598 3280 2771 3352 δνομα
2799 3280 3065 3335 τέθεικεν.
3109 3282 3196 3336 Ἐν
3225 3283 3332 3354 γὰρ
3356 3281 3435 3352 τῷ
3463 3282 3679 3351 λέγειν,

2081 3371 2256 3426 Ἐστι
2284 3389 2374 3439 τις
2407 3371 2679 3441 προαρχὴ
2713 3370 2828 3440 πρὸ
2870 3371 3112 3426 πάντων
3152 3375 3680 3442 προανεννόητος,

2077 3462 2159 3532 ἢν
2191 3462 2307 3532 ἐγὼ
2340 3461 2574 3532 μονάδα
2617 3462 2805 3528 καλῶ,
2836 3464 2932 3517 καὶ
2977 3464 3170 3518 πάλιν·
3215 3465 3404 3532 Ταύτῃ
3437 3465 3524 3533 τῇ
3567 3483 3680 3534 μο-

2077 3556 2214 3610 νάδι
2244 3554 2624 3624 συνυπάρχει
2652 3555 2926 3625 δύναμις,
2956 3555 3036 3624 ἣν
3062 3556 3161 3610 καὶ
3186 3557 3380 3626 αὐτὴν
3409 3559 3680 3624 ἑνότητα

2080 3647 2371 3719 ὀνομάζωο
2404 3648 2738 3718 σαφέστατα,
2763 3648 2846 3701 ὄτι
2885 3664 2947 3700 τε
2989 3645 3213 3718 πλάσμα
3242 3645 3407 3700 αὑτοῦ
3444 3650 3574 3700 ἐστι
3613 3649 3680 3699 τὰ

2081 3741 2367 3813 εἰρημένα,
2392 3740 2736 3812 ὡμολόγηκε,
2764 3740 2860 3794 καὶ
2886 3739 2969 3792 ὅτι
2997 3739 3158 3802 αὐτὸς
3186 3739 3424 3808 ὀνόματα
3453 3739 3678 3792 τέθεικε

2078 3833 2160 3905 τῷ
2180 3833 2458 3904 πλάσματι
2481 3833 2586 3887 ὑπὸ
2611 3833 2838 3905 μηδενὸς
2871 3833 3136 3903 πρότερον
3160 3831 3318 3885 ἄλλου
3347 3831 3676 3902 τεθειμένα.

2080 3926 2191 3978 Καὶ
2226 3925 2396 3993 σαφές
2421 3926 2589 3990 ἐστιν,
2621 3926 2702 3977 ὅτι
2725 3923 2885 3986 αὐτὸς
2904 3922 3078 3976 ταῦτα
3103 3923 3433 3992 τετόλμηκεν
3470 3924 3672 3994 ὀνομα-

2080 4017 2366 4088 τοποιῆσαι
2385 4034 2398 4047 ·
2429 4018 2525 4070 καὶ
2553 4019 2601 4070 εἰ
2627 4014 2701 4087 μὴ
2740 4014 2924 4086 παρῆν
2947 4015 3026 4084 τῷ
3067 4013 3166 4086 βίῳ
3191 4014 3373 4078 αὐτὸς,
3412 4015 3528 4068 οὐκ
3554 4017 3622 4068 ἂν
3645 4019 3678 4084 ἡ

2080 4108 2308 4179 ἀλήθεια
2353 4102 2498 4178 εἶχεν
2545 4107 2737 4178 δνομα.
2787 4106 2954 4159 Οὐδὲν
2988 4101 3084 4159 οὖν
3132 4103 3326 4158 κωλύει
3370 4104 3470 4157 καὶ
3515 4105 3678 4159 ἄλλον

2081 4201 2205 4256 τινὰ
2237 4202 2330 4254 ἐπὶ
2355 4199 2454 4270 τῆς
2489 4197 2659 4268 αὐτῆς
2701 4195 3010 4260 ὑποθέσεως
3034 4195 3208 4259 οὕτως
3236 4194 3536 4267 ὁρίσασθαι
3562 4197 3680 4250 ἑνό-

474 4504 584 4576 (90)
624 4504 778 4559 Φασὶ
814 4505 882 4558 δὲ
915 4523 1012 4559 κα.
1039 4501 1225 4562 οὗτοι.
1262 4504 1492 4561 Tertull.
1527 4505 1618 4560 lib.
1652 4516 1836 4560 contra
1875 4506 1966 4561 Va-

2151 4523 2202 4562 m
2250 4506 2414 4560 etiam
2453 4505 2840 4562 Atheniensem
2887 4521 2918 4560 a
2967 4505 3267 4574 majoribus
3314 4508 3672 4560 nominatum

401 4577 528 4632 ient.
561 4591 611 4630 c.
653 4577 976 4644 57:Accipe
1036 4577 1146 4630 alia
1197 4579 1404 4645 ingenia
1452 4578 1652 4630 cicuria
1704 4577 1976 4642 Enniana,

400 4647 710 4716 insignioris
743 4650 881 4714 apud
913 4664 1004 4704 eos
1025 4649 1265 4717 magistri
1284 4663 1302 4711 ;
1332 4649 1421 4717 qui
1452 4663 1516 4700 ea:
1555 4649 1848 4717 pontiﬁcali
1883 4665 1983 4703 sua

405 4718 718 4770 auctoritate
743 4718 798 4770 in
824 4719 961 4770 hunc
994 4718 1206 4772 modum
1235 4720 1458 4783 censuit,
1483 4726 1591 4772 etc.

475 4787 876 4857 (Sullanum
911 4805 1003 4852 τε,
1053 4788 1125 4840 ὄν
1175 4788 1326 4857 φασί
1367 4806 1520 4854 τινες
1573 4785 1959 4854 Ἀλεξανδρέα

407 4850 509 4922 Qui
563 4850 892 4911 mentientem
947 4850 1118 4926 patria
1162 4850 1550 4913 Atheniensem
1596 4850 1724 4912 esse
1774 4850 1981 4912 dieeret

408 4933 606 4998 praeter
671 4927 1032 4994 Epipbanium
1082 4944 1149 4982 ex
1197 4930 1473 4983 veteribus
1521 4929 1629 4998 vidi
1681 4928 1979 4980 neminem.

409 4997 730 5064 Quanquam
773 5014 840 5050 ne
881 4999 926 5051 is
965 4998 1182 5068 quidem
1232 4999 1494 5062 allirmat;
1537 4997 1634 5054 sed
1674 5003 1981 5053 contrarias

409 5069 674 5138 duntaxat
718 5068 1004 5135 Opinioues
1052 5070 1227 5123 affert.
1273 5069 1470 5122 Mirum
1527 5069 1689 5138 igitur
1717 5075 1829 5131 est,
1871 5083 1980 5136 quo

410 5137 582 5190 fretus
634 5144 857 5190 auctore
914 5139 997 5191 vir
1047 5139 1295 5194 eruditus
1362 5137 1692 5194 Clementem
1749 5139 1980 5194 Athenis

410 5206 703 5260 oriundum
732 5247 746 5269 ,
779 5207 903 5278 sed‘
924 5208 1068 5276 quod
1101 5208 1440 5262 Alexandriae
1477 5209 1665 5278 perdiu
1711 5208 1979 5271 docuerit,

408 5278 834 5329 Alexandrinum
884 5275 1051 5331 fuisse
1109 5286 1220 5330 tam
1265 5275 1645 5333 asseveranter
1677 5278 1978 5346 scripserit.

409 5347 511 5411 Qui
550 5347 618 5400 ob
653 5361 771 5399 eam
807 5360 1028 5401 causam
1077 5347 1226 5402 addit
1276 5362 1304 5398 a
1347 5349 1645 5416 majoribus
1679 5351 1760 5416 (ut
1789 5357 1980 5402 auctor

408 5425 492 5471 est
543 5416 912 5487 Epiphanius)
961 5426 1073 5470 tum
1127 5417 1586 5483 Alexandrinum,
1645 5429 1758 5471 tum
1813 5420 1977 5472 etiam

409 5488 794 5541 Atheniensem
825 5502 947 5542 esse
990 5487 1352 5541 nominatum.
1404 5488 1565 5557 Atqui
1602 5503 1869 5557 nusquam
1901 5490 1976 5553 id,

411 5557 552 5618 quod
607 5559 695 5612 ille
742 5567 923 5626 putat,
976 5557 1312 5624 Epiphanius
1365 5568 1477 5612 tum
1527 5559 1976 5622 Alexandrinum,

2085 4592 2207 4633 esse
2271 4577 2606 4632 Clementem
2685 4578 2911 4646 asserit,
2971 4577 3117 4646 qttod
3180 4577 3404 4630 Athenis
3479 4588 3672 4638 ortus,

2080 4648 2426 4702 Alexandriae
2457 4647 2757 4702 docuisset.
2795 4645 2898 4700 Sed
2932 4645 3000 4702 de
3029 4647 3202 4716 patria
3225 4647 3502 4700 duntaxat
3525 4654 3675 4700 varie

2081 4719 2348 4774 auosdam
2381 4718 2621 4771 sensisse
2657 4723 2862 4770 narrat.

2155 4787 2264 4858 (99.)
2313 4785 2621 4858 Ἰοὺηὶοῂ,
2657 4787 2754 4858 καὶ
2787 4784 2935 4858 φεῦ,
2983 4785 3126 4858 φεῦ,
3174 4784 3255 4858 A_d
3299 4784 3416 4858 hgec
3445 4785 3671 4858 ilrenri

2079 4854 2254 4912 verba
2275 4855 2511 4926 respexit
2547 4855 2777 4912 Tertull.
2809 4875 2822 4909 :
2868 4854 2934 4908 In
2965 4855 3155 4908 scholis
3193 4854 3671 4926 Carthaginiensi-

2081 4928 2176 4982 bus
2219 4927 2321 4995 fuit
2357 4924 2970 4997 quidam_rigidissimus
2999 4927 3176 4978 rhetor
3216 4924 3673 4997 Latirtu.s,!’hnso

2079 4994 2272 5068 pltorus
2311 4994 2538 5051 nomine.
2564 4994 2698 5068 Cum
2730 4997 2899 5068 uirum
2925 4997 3112 5068 fortem
3136 5005 3446 5068 perforarat:
3483 4994 3668 5068 Veni-2,

2082 5065 2271 5139 inquit,
2309 5067 2377 5120 ad
2408 5083 2520 5139 vos,
2560 5067 2743 5135 optimi
2776 5067 2928 5130 cives,
2964 5065 3027 5118 de
3067 5065 3253 5139 prgt'lio
3291 5066 3670 5139 curnt-ictam

2082 5134 2234 5201 mea,
2286 5155 2405 5191 cum
2450 5134 2702 5206 felicitate
2751 5144 2958 5198 vestra,
3001 5134 3324 5206 ampliatus,
3357 5134 3668 5206 gloriosas,

2081 5203 2782 5278 fortunatus(maximus,
2828 5206 3188 5278 triumphalis.
3232 5203 3299 5255 Et
3345 5203 3670 5278 Scholastici

2081 5273 2264 5332 statim
2314 5278 2536 5347 familia:
2585 5275 2880 5347 Pltosphori
2928 5274 3051 5347 (9557
3076 5273 3420 5347 acclamantj
3445 5276 3668 5347 Audisti

2085 5341 2466 5414 Fortunatam,
2489 5358 2537 5401 et
2567 5341 2856 5408 Iledonem,
2877 5354 2924 5400 et
2943 5341 3264 5414 'Acinetum,’
3287 5355 3336 5397 et
3370 5341 3620 5414 Telettm:
3651 5360 3667 5395 :

2087 5423 2323 5472 acclama
2345 5412 2568 5488 familia:
2592 5416 2868 5488 Ptolemtei
2889 5415 3011 5488 (£93.
3035 5413 3362 5488 Quanquam
3394 5412 3504 5488 φεῖρ
3529 5414 3666 5482 apud

2087 5491 2226 5546 lren.
2266 5483 2687 5560 σχετλιαστικόν,
2715 5487 2859 5559 apud
2887 5483 3120 5542 Tertull.
3152 5483 3537 5555 θαυμαστικόν
3567 5500 3664 5539 εει.
