3772 6188
103 295 224 354 553
835 298 1210 357 ADVERSUS
1248 296 1598 355 HIERESES
1636 295 1766 352 LIB.
1808 294 1849 351 Ι.
1890 295 2055 355 ΤΟΜ.
2097 296 2163 354 ll.
2203 328 2272 340 --
2313 296 2589 355 "IERES.
2623 298 2840 355 XXXII.
3304 297 3414 356 555

107 429 285 483 ματα.
316 407 451 468 Εἶτα
474 413 660 470 λοιπὸν
688 415 771 479 είς
802 415 976 469 ταῦτα
1019 416 1183 480 αὐτὸς
1208 418 1239 470 ὁ
1272 415 1543 488 μακάριος
1581 415 1696 468 ἐπί-

1838 417 2038 488 u'oprio
2072 417 2296 472 nomine
2338 418 2583 473 caritura
2650 417 2834 473 fuerit.
2883 416 3028 483 Quid
3072 416 3238 485 igitur
3283 432 3413 488 ιιι-οη

106 522 319 570 σκοπος
346 507 663 579 Εἰρηναῖος,
702 506 780 572 ὦς
807 524 871 577 γε
918 508 1282 579 προείπαμεν,
1315 505 1577 577 γελοιώδη
1610 507 1696 578 ῥή-

1838 510 1968 566 iibet
2015 509 2184 565 alium
2237 511 2541 583 quemlibet
2596 511 2654 566 in
2703 510 2895 566 eadem
2963 510 3194 566 materia
3254 519 3411 566 certa

107 618 265 671 ματα
302 601 398 656 καὶ
438 602 603 666 αὐτὸς
638 604 923 674 προεῖπεν,
955 601 1331 673 ἐτερωνυμίαν
1358 599 1452 670 ἀφ’
1488 599 1696 665 ἑαυτοῦ,

1838 602 2080 657 Vocabula
2150 601 2530 658 constituere?
2582 601 2765 668 Quare
2833 608 3059 657 sanctus
3103 600 3413 672 lepisc0pus

98 692 183 757 ὡς
225 695 453 761 ἀντάξια
497 694 598 766 τῆς
647 693 828 748 αὐτῶν
881 693 1156 766 ληρῳδίας
1203 692 1696 764 χαριεντιζόμενος,

1839 710 2076 760 renaeus,
2102 703 2161 750 ut
2194 695 2459 763 diximus,
2488 696 2724 751 ridicula
2759 696 3011 767 quaedam
3068 694 3314 757 nomina,
3348 709 3413 748 ac

98 786 362 840 πεπόνων
392 787 545 857 γένη,
575 785 671 840 καὶ
701 785 926 852 σικύων,
960 786 1055 839 καὶ
1086 785 1450 850 κολοκυνθῶν,
1489 785 1564 849 ὡς
1608 787 1696 840 ἐπὶ

1838 786 2117 858 ierjocum
2158 804 2189 843 a
2234 789 2418 859 seipso
2466 787 2772 861 composita
2836 787 3084 858 subjicit,
3145 795 3411 858 tanquam

98 877 485 951 ὑποκειμένων
514 881 676 934 τινῶν
719 879 1183 951 ἐπιπλασάμενος,
1225 880 1302 944 ὼς
1336 882 1451 943 τοῖς
1491 879 1696 949 φιλολό-

1838 880 2028 936 llorum
2056 880 2219 951 nugis
2252 890 2664 937 consentanea:
2713 880 3024 950 cujusmodi
3076 889 3205 935 sunt
3244 896 3412 951 pepo-

96 988 223 1037 γοις
255 972 424 1043 σαφὲς
459 974 525 1028 ἂν
554 976 639 1046 εἴη
666 973 758 1043 ἀφ’
787 967 862 1027 ὧν
885 972 1331 1045 προανέγνωσαν.

1838 985 1937 1025 ium
1971 985 2035 1024 ac
2094 970 2530 1036 cucurbitarum,
2566 976 2661 1025 aut.
2699 971 3148 1042 colocyntharum
3182 985 3407 1042 genera,

94 1079 341 1135 quorum
398 1066 788 1136 aprellationes
827 1066 994 1122 certis
1062 1066 1227 1121 rebus
1266 1065 1546 1120 attribuit:
1600 1064 1653 1119 id
1684 1063 1831 1135 quod
1883 1062 2081 1119 eruditi
2106 1062 2360 1118 homines
2376 1061 2535 1119 facile
2568 1078 2635 1118 ex
2683 1062 2751 1119 iis
2791 1077 2913 1133 quae
2952 1070 3114 1118 antea
3148 1063 3408 1135 legerint.

94 1158 563 1215 animadverterit.

171 1274 247 1326 Z'.
284 1273 467 1326 Ἀλλοι
490 1272 547 1326 δὲ
582 1273 741 1328 πάλιν
765 1274 944 1331 αύτῶν
966 1274 1065 1347 τὴν
1098 1275 1324 1348 πρώτην
1347 1276 1441 1331 καὶ
1465 1277 1696 1348 ἀρχέγο-

1882 1272 1995 1329 \‘ll.
2030 1271 2302 1328 Caeterum
2357 1271 2605 1327 nonnulli
2660 1288 2727 1327 ex
2786 1270 2897 1328 illis
2949 1271 3183 1343 primam
3242 1280 3410 1343 atque

90 1383 193 1421 νον
236 1366 495 1434 Ὀγδοάδα
526 1366 737 1432 τούτοις
767 1371 879 1433 τοῖς
908 1368 1135 1441 ὀνόμασι
1177 1370 1483 1441 κεκλήκασι
1502 1387 1515 1399 °
1550 1370 1696 1443 πρῶ-

1844 1367 2249 1438 ntiquissimam
2311 1363 2624 1436 Ogdoadem
2668 1364 2804 1422 iisce
2872 1365 3194 1421 nominibus
3264 1366 3408 1423 insi-

90 1473 193 1511 τον
228 1458 540 1531 Προαρχὴν,
568 1458 762 1512 ἔπειτα
804 1460 1143 1531 Ἀνενόητον⁹
1174 1461 1273 1533 τὴν
1296 1461 1353 1515 δὲ
1386 1462 1577 1533 τρίτην
1602 1460 1696 1533 ἀρε

1844 1461 2022 1515 niunt.
2058 1457 2300 1513 Primam
2316 1458 2463 1512 enim
2497 1472 2621 1512 esse
2650 1463 2900 1513 statuunt
2928 1455 3268 1523 Proarchen,
3298 1458 3407 1514 hoc

93 1549 295 1618 ρητον,
335 1549 429 1601 καὶ
467 1548 567 1620 τὴν
607 1549 877 1622 τετάρτην
918 1551 1181 1622 ἀόρατον’
1230 1551 1325 1605 καὶ
1350 1551 1417 1605 ἐκ
1452 1551 1550 1623 μὲν
1599 1552 1696 1621 τῆς

1838 1565 1891 1612 ςει
1906 1556 2139 1625 primunt
2171 1553 2408 1607 omnium
2442 1551 2775 1621 Principium
2803 1567 2823 1617 ;
2859 1560 2975 1609 tum
2999 1553 3405 1620 Anennoetum,

90 1638 330 1713 πρώτης
361 1641 653 1713 Προαρχῆς
679 1641 1084 1714 προϐεϐλῆσθαι
1109 1642 1312 1716 πρώτῳ
1333 1643 1430 1697 καὶ
1464 1643 1696 1716 πέμπτῳ

1841 1648 1925 1702 ive
1975 1644 2115 1717 quod
2172 1644 2521 1716 intelligentia
2565 1645 2686 1714 capi
2737 1661 2839 1699 non
2890 1654 3117 1713 potest;
3179 1645 3406 1702 tertium

87 1731 280 1803 ἀρχὴν
312 1734 352 1798 ί,
387 1734 451 1788 ἐκ
478 1733 535 1787 δὲ
571 1736 692 1807 (τῆς
720 1735 898 1809 ἀρχῆς
918 1733 1061 1807 [95])
1090 1736 1190 1807 τῆς
1237 1736 1551 1808 Ἀνενοήτου
1578 1736 1696 1790 δευ-

1840 1737 2182 1810 rexplicabile
2212 1753 2226 1803 ;
2259 1745 2518 1808 quartum
2560 1737 2847 1803 Acratum,
2894 1737 2949 1791 id
2997 1748 3083 1796 est
3130 1750 3406 1808 aspectum

85 1823 247 1895 τέρῳ
260 1826 353 1878 καὶ
369 1824 513 1897 ἕκτῳ
536 1825 688 1899 τόπῳ
716 1828 1125 1899 ἀκατάληπτον.
1148 1828 1239 1882 Ἐκ
1259 1828 1315 1881 δὲ
1338 1828 1438 1900 τῆς
1462 1830 1707 1902 ἀρρήτου

87 1918 277 1990 τρίτῳ
321 1920 418 1974 καὶ
474 1920 690 1993 ἑϐδόμῳ
737 1921 892 1994 τόπῳ
941 1922 1341 1993 άνονόμαστον⁶
1391 1922 1456 1978 ἐκ
1498 1922 1557 1977 δὲ
1606 1924 1709 1996 τῆς

102 2010 375 2084 ’Δοράτου
393 2011 711 2084 ’Δγέννητον
767 2012 1041 2085 πλήρωμα
1064 2014 1162 2084 τῆς
1189 2012 1413 2085 πρώτης
1437 2016 1457 2046 ³
1486 2014 1709 2083 Ὀγδοά-

86 2100 210 2166 δος.
254 2101 474 2167 Ταύτας
524 2102 807 2174 βούλονται
858 2104 957 2168 τὰς
1010 2104 1270 2176 δυνάμεις
1326 2105 1705 2177 προϋπάρχειν

84 2194 192 2250 τοῦ
223 2194 400 2249 Βυθοῦ
427 2196 519 2250 καὶ
544 2197 643 2270 τῆς
672 2197 861 2269 Σιγῆς,
895 2198 983 2251 ἴνα
1007 2197 1230 2251 τελείων
1261 2199 1585 2272 τελειότεροι
1611 2217 1707 2270 φα-

85 2286 269 2340 νῶσιν
318 2286 489 2352 ὄντες,
535 2286 629 2341 καὶ
672 2285 991 2356 γνωστικῶν
1043 2285 1515 2359 γνωστικώτεροι·
1567 2288 1705 2361 πρὸς

83 2380 191 2446 οὓς
224 2380 454 2445 δικαίως
483 2379 551 2435 ἀν
592 2398 678 2445 τις
718 2382 1149 2453 ἐπιφωνήσειεψ
1187 2375 1257 2433 Ὦ
1289 2381 1572 2453 ληρολόγοι
1614 2398 1704 2434 σο-

85 2473 325 2544 φισταίί
360 2473 471 2528 Καὶ
510 2472 620 2546 γὰρ
660 2473 790 2547 περὶ¹
828 2473 996 2528 αύτοῦ
1026 2473 1121 2528 τοῦ
1165 2472 1342 2527 Βυθοῦ
1381 2473 1573 2528 πολλαὶ
1608 2474 1703 2528 καὶ

82 2566 349 2638 διάφοροι
371 2566 587 2637 γνῶμαι
615 2569 747 2638 παρ’
779 2567 963 2631 αὐτοῖς
986 2584 1001 2599 ο
1026 2567 1075 2620 οἱ
1109 2566 1208 2638 μὲν
1238 2565 1349 2638 γὰρ
1384 2566 1546 2621 αὐτὸν
1566 2566 1700 2631 ἄζυ-

82 2676 192 2729 γον
221 2658 467 2728 λέγουσι,
505 2660 644 2730 μήτε
677 2658 906 2732 ἄρρενα,
946 2659 1083 2731 μήτε
1116 2656 1359 2729 θήλειαν,
1394 2659 1533 2730 μήτε
1566 2658 1703 2724 ὅλως

82 2754 228 2807 ὄντα
255 2769 341 2806 τι·
372 2753 522 2808 ἄλλοι
562 2753 619 2808 δὲ
659 2752 1028 2825 ἁρῤενόθηλυν
1067 2752 1230 2805 αὑτὸν
1253 2751 1504 2821 λέγουσιν
1530 2745 1696 2817 εἶναι,

82 2843 504 2917 ἐρμαφροδίτου
552 2843 714 2915 φύσιν
760 2842 911 2914 αὑτῷ
955 2841 1373 2913 περιάπτοντες.
1424 2842 1589 2913 Σιγὴν
1641 2843 1700 2895 δὲ

82 2938 263 2992 πάλιν
294 2936 446 2991 ἄλλοι
482 2934 796 2989 συνευνέτιν
830 2933 981 3006 αὐτῷ
1017 2933 1444 3005 προσάπτουσιν,
1483 2932 1570 2987 ἵνα
1603 2931 1698 3003 γέσο

81 3048 260 3101 νηται
304 3028 497 3102 πρώτη
532 3027 785 3099 συζυγία,
813 3026 910 3080 καὶ
950 3027 1015 3079 ἐκ
1045 3024 1236 3079 τούτου
1275 3026 1370 3078 καὶ
1405 3027 1470 3078 ἐκ
1492 3024 1695 3097 ταύτης

1810 1831 2040 1903 fugiens.
2098 1828 2221 1884 Jam
2266 1845 2295 1883 a
2340 1827 2621 1886 Proarche
2667 1831 2881 1902 primo,
2925 1845 2990 1885 ac
3021 1831 3214 1902 quinto
3253 1832 3401 1898 loco,

1808 1921 1974 1995 2M.
2012 1921 2340 1993 principium
2375 1929 2650 1977 exortum.
2688 1922 3026 1995 Aprincipio
3060 1940 3213 1991 vero,
3250 1926 3400 1997 quod

1806 2012 2189 2068 Auennoetum
2221 2020 2442 2081 vocant,
2497 2013 2746 2069 secundo
2796 2024 3062 2087 sextoque
3101 2016 3228 2072 loco
3276 2033 3406 2089 pro-
3477 2078 3501 2103 χ

1806 2102 2033 2160 ductum
2063 2105 2465 2177 Acataleptum,
2502 2105 2608 2162 hoc
2631 2115 2717 2164 est
2745 2108 3297 2179 incomprcltensibile.
3318 2113 3404 2167 Ab

1805 2193 2175 2266 inexplicabili
2204 2194 2401 2251 deinde
2436 2197 2600 2252 tertio
2642 2196 2764 2252 loco
2793 2212 2858 2253 ac
2892 2199 3127 2271 septimo
3166 2200 3398 2256 Anono-

1803 2296 2081 2356 mastum,
2136 2291 2252 2345 sive
2318 2290 2721 2346 innominabite.
2768 2290 2997 2347 llemum
3067 2294 3136 2349 ab
3195 2297 3402 2351 Aorato

1803 2382 2170 2453 Agennetum,
2220 2382 2336 2438 sive
2369 2383 2678 2454 lngenitum
2720 2383 2996 2453 prodiisse
3028 2386 3217 2456 primae
3252 2388 3401 2444 illius

1803 2471 2079 2543 Ogdoadis
2144 2472 2628 2543 complementum.
2672 2471 2784 2527 Has
2844 2473 2922 2527 illi
2974 2474 3207 2531 virtutes
3267 2483 3397 2531 ante

1802 2563 2017 2637 Bython
2076 2578 2141 2619 ac
2196 2562 2361 2635 Sigen
2399 2563 2678 2619 exstitisse
2717 2572 2967 2630 censent,
3025 2573 3083 2619 ut
3135 2568 3399 2637 perfectis

1802 2655 2184 2725 perfectiores,
2248 2663 2413 2725 atque
2474 2654 2906 2726 intelligentihus
2946 2657 3398 2729 intelligentiores

1801 2762 1926 2803 esse
1978 2746 2287 2803 videantur.
2340 2745 2384 2802 Ο
2422 2748 2782 2819 nugacissimi
2843 2748 3245 2821 vanissimique
3305 2766 3399 2806 so.

1802 2840 2031 2911 phistzcl
2079 2839 2171 2894 Sic
2225 2839 2374 2895 enim
2450 2854 2547 2895 eos
2594 2823 2720 2910 jure
2766 2841 3044 2912 quispiam
3129 2844 3395 2914 appellet.

1798 2931 1935 2987 Nam
1960 2931 2107 3011 etde
2132 2930 2306 3003 Bytbo
2340 2930 2522 3001 plures
2557 2938 2686 2987 sunt
2713 2932 2856 3002 apud
2895 2933 3021 2989 illos
3073 2934 3301 3004 alioqui,
3330 2951 3397 2991 ac

1799 3023 2184 3095 discrepantes
2251 3023 2554 3079 sententiae.
2607 3022 2843 3091 Quidam
2921 3025 3069 3079 enim
3146 3027 3391 3098 mjugem

78 3126 163 3178 τὰ
192 3122 501 3178 κατάλοιπα
520 3119 669 3175 οὕτω
696 3120 1250 3192 δραματουργήσωσι.
1281 3118 1393 3172 Καὶ
1414 3117 1583 3189 πολλή
1614 3135 1696 3182 τις

1838 3119 1955 3174 lum
1994 3132 2118 3175 esse
2143 3116 2436 3183 definiunt,
2469 3132 2571 3173 nec
2604 3132 2812 3173 marem
2845 3118 3080 3179 scilicet,
3110 3134 3211 3174 nec
3235 3119 3390 3175 femi-

80 3218 152 3270 ἐν
179 3216 373 3279 αὐτοῖς
398 3216 430 3286 ή
461 3214 542 3279 είς
572 3212 740 3266 ὕπνον
770 3210 939 3282 βαθὺν
973 3211 1065 3264 τὸν
1092 3210 1216 3265 νοῦν
1241 3210 1420 3264 αὐτῶν
1454 3208 1696 3281 καταφέ-

82 3326 276 3383 ρουσα
300 3307 595 3381 ληρολόγος
625 3304 990 3379 ὸνειροπολία.

1804 3226 1955 3277 nam,
1974 3225 2152 3281 neque
2176 3208 2402 3265 omnino
2419 3208 2647 3263 alterius
2666 3210 2884 3280 generis
2904 3209 3051 3265 aliud
3068 3212 3390 3283 quidquam.

1806 3302 1915 3357 Alii
1949 3309 2246 3370 utrumque
2278 3299 2328 3355 ei
2363 3314 2557 3355 sexum
2599 3298 2943 3365 attribuunt,
3000 3307 3056 3355 et
3105 3300 3394 3372 Androgy-

79 3422 233 3462 num
254 3404 494 3461 faciunt.
534 3402 699 3474 Sigen
730 3418 895 3474 porro
933 3400 1024 3456 alii
1062 3399 1353 3471 coniugem
1380 3399 1528 3455 illius
1566 3413 1691 3453 esse
1728 3396 1939 3460 dicunt,
1974 3402 2032 3448 ut
2091 3394 2195 3449 hoc
2220 3407 2319 3465 par
2375 3392 2449 3449 sit
2486 3390 2735 3448 omnium
2803 3391 3284 3462 antiquissimum:
3324 3407 3393 3446 ex

75 3513 206 3570 quo
236 3505 437 3554 caetera
467 3496 537 3552 ad
569 3511 692 3551 eum
728 3494 952 3551 modum
1005 3495 1151 3548 velut
1209 3493 1485 3547 scenicam
1528 3489 1769 3545 fabulam
1835 3494 2149 3560 per-texunt.
2210 3486 2291 3541 ita
2343 3498 2560 3541 summa
2605 3489 2694 3539 est
2731 3483 2876 3554 apud
2930 3482 3079 3554 ipsos
3118 3499 3392 3554 nugarum

74 3609 159 3649 ac
183 3592 532 3651 somniorum
564 3590 807 3653 licentia,
829 3589 1031 3661 quibus
1069 3604 1259 3644 corum
1280 3602 1439 3643 mens
1480 3587 1753 3641 altissimo
1778 3584 2017 3657 quodam
2049 3589 2274 3639 veterno
2306 3596 2372 3636 ac
2401 3594 2600 3653 sopore
2626 3578 2919 3636 detinetur.

162 3704 283 3758 kal
304 3702 361 3757 τί
398 3719 490 3774 μοι
515 3700 608 3757 ἐπὶ
650 3700 712 3755 τὸ
752 3700 888 3755 πολὺ
933 3697 1385 3772 κατατρίϐεσθαι,
1432 3699 1696 3771 φωρατῆς

73 3793 266 3867 οὔσης
291 3795 394 3867 τῆς
421 3794 545 3847 κατ’
582 3792 781 3856 αὐτοὺς
809 3791 1141 3857 ὑποθέσεως,
1173 3790 1269 3846 καὶ
1304 3789 1399 3845 τοῦ
1446 3792 1567 3845 κατ’
1598 3792 1696 3845 αύ-

74 3888 220 3952 τοὺς
249 3885 480 3956 ἐλέγχου
506 3884 602 3939 καὶ
639 3881 955 3955 ἀνατροπῆς
990 3881 1098 3936 ἀπὸ
1125 3880 1234 3935 τῶν
1278 3879 1695 3953 προειρημένων

75 3980 263 4035 παντὶ
284 3979 366 4051 τῷ
396 3978 704 4051 βουλομένῳ
727 3978 827 4048 τῆς
850 3976 997 4047 ζωῆς
1024 3973 1192 4028 αὐτοῦ
1218 3973 1460 4045 ἔχεσθαι,
1491 3974 1587 4028 καὶ
1616 3972 1693 4046 μὴ

75 4071 416 4129 ἀπατᾶσθαι
436 4073 613 4134 κενοῖς
646 4069 834 4141 μύθοις
858 4085 874 4136 ;
918 4066 1078 4120 Ἀλλὰ
1102 4065 1278 4120 ταῦτά
1307 4082 1397 4137 μοι
1421 4065 1550 4136 περὶ
1569 4063 1694 4117 τού-

73 4184 198 4221 των
251 4164 519 4237 εἰρήσθω.
570 4160 867 4235 Παρελθὼν
911 4160 969 4215 δὲ
1011 4159 1238 4231 ταύτην,
1279 4158 1375 4212 ἐπὶ
1418 4158 1517 4224 τὰς
1564 4156 1692 4229 ἑξῆς

75 4247 473 4331 διασκοπήσω,
506 4256 626 4312 ὁδὸν
659 4253 885 4328 ἐμαυτῷ
916 4251 1135 4323 ἀσφαλῆ
1165 4252 1261 4306 καὶ
1297 4250 1485 4323 τρίϐον
1517 4250 1690 4317 λείαν,

74 4355 263 4419 ὅπως,
292 4352 398 4416 τάς
427 4351 633 4405 τούτων
664 4347 968 4423 μοχθηρίας
988 4345 1200 4412 διεξιών
1221 4363 1281 4398 τε
1305 4347 1401 4399 καὶ
1429 4344 1690 4415 ἐλέγχων,

1873 3696 2200 3768 Quanquam
2235 3694 2368 3767 quid
2415 3694 2506 3749 hic
2543 3706 2643 3764 ego
2681 3690 2893 3747 diutius
2925 3690 3219 3757 immoror;
3261 3702 3388 3743 cum

1801 3790 1983 3861 ipsum
2035 3804 2133 3860 per
2160 3802 2283 3844 sese
2324 3787 2547 3842 illorum
2594 3794 2978 3856 argumentum
3039 3797 3201 3837 omne
3231 3780 3391 3838 facile

1801 3880 2087 3952 prodatur,
2130 3885 2501 3949 appareatque
2539 3876 2629 3932 vel
2666 3890 2732 3930 ex
2793 3874 2862 3930 iis
2892 3888 3015 3945 quae
3071 3874 3218 3928 dicta
3259 3882 3390 3930 sunt

1800 3972 2263 4045 quemadmodum
2324 3970 2496 4027 everti
2535 3967 2906 4038 convincique
2958 3966 3170 4038 possit?
3216 3966 3299 4022 Sit
3341 3967 3389 4022 is

1799 4066 1966 4122 modo
2018 4065 2314 4136 quispiam,
2373 4062 2469 4135 qui
2514 4062 2781 4118 inhzerere
2831 4060 2958 4115 vitae
3007 4060 3224 4130 cupiat,
3285 4075 3388 4116 nec

1799 4160 2141 4217 inanissimis
2169 4158 2333 4228 nugis
2380 4171 2444 4212 ac
2470 4154 2778 4213 mendaciis
2813 4155 3014 4226 decipi.
3065 4152 3172 4209 Sed
3218 4153 3288 4209 de
3318 4153 3385 4207 iis

1799 4256 2089 4312 hactenus.
2127 4253 2239 4309 Nos
2277 4251 2380 4307 hac
2423 4250 2621 4306 haeresi
2671 4248 3062 4321 praetermissa,
3094 4253 3271 4300 tutum
3314 4245 3384 4300 ad

1800 4356 2027 4403 caeteras
2067 4346 2189 4409 iter,
2233 4358 2299 4398 ac
2337 4342 2561 4413 planum
2602 4339 3030 4411 prospiciemus,
3062 4345 3123 4391 ut
3162 4336 3217 4390 in
3265 4336 3386 4391 illo-

76 4445 335 4518 ἐμαυτόν
365 4461 427 4498 τε
456 4443 550 4498 καὶ
579 4444 705 4508 τοὺς
737 4440 1034 4504 ἀκούοντας
1058 4441 1116 4493 ἐν
1143 4440 1209 4511 τῇ
1248 4436 1345 4491 τοῦ
1369 4436 1504 4491 Θεοῦ
1531 4436 1686 4490 δυνάο

1838 4455 1923 4494 um
1993 4434 2331 4493 recensenda
2410 4433 2857 4502 confutandaque
2935 4429 3181 4500 nequitia
3253 4443 3381 4483 cum

78 4555 179 4611 μει
210 4534 479 4592 διασώσω
513 4534 601 4590 διὰ
642 4535 744 4606 τῆς
768 4533 864 4588 τοῦ
914 4532 1120 4604 Κυρίου
1156 4530 1316 4603 ἡμῶν
1346 4530 1694 4594 διδασκαλίας

74 4630 179 4685 καὶ
202 4627 483 4700 ἀληθινῆς
506 4627 758 4699 θεωρίας,
781 4625 859 4689 ὡς
904 4622 1171 4693 Μύαγρον
1213 4620 1417 4693 ταύτην
1448 4620 1547 4692 τὴν
1574 4618 1691 4691 ἐχι-

71 4723 237 4789 δναν,
277 4722 384 4794 τὴν
413 4720 635 4785 πολλαῖς
663 4719 879 4791 ἑτέραις
908 4717 1144 4789 ἐχίδναις
1160 4716 1423 4780 ἐοικυῖαν,
1447 4712 1526 4785 τῷ
1559 4714 1691 4767 ὑπο-

68 4812 353 4883 δείγματι
379 4812 402 4844 ⁸
422 4810 516 4865 τοῦ
546 4810 880 4881 Εὐαγγε).ῐου
910 4808 1023 4879 (94)
1053 4806 1559 4875 καταπατήσαντες,
1586 4802 1689 4868 τὰς

71 4904 215 4977 ἐξῆς
244 4904 737 4975 διασκοπήσωμεν.

1801 4530 2245 4602 nobismetipsis,
2287 4535 2405 4583 tum
2437 4527 2561 4581 aliis
2615 4539 2837 4595 quoque
2887 4523 3075 4578 divina
3125 4535 3228 4591 cpe
3258 4518 3384 4575 freti

1800 4623 2089 4682 consulere
2138 4622 2439 4693 possimus.
2471 4618 2647 4686 Quam
2681 4617 2750 4672 ad
2785 4631 2899 4671 rem
2945 4613 3160 4669 Domini
3202 4608 3383 4666 nostri

1798 4717 2107 4774 doctrinam
2137 4730 2202 4770 ac
2220 4715 2564 4771 notissimam
2589 4713 2838 4770 veritatis
2863 4707 3382 4779 contemplationem

1798 4808 2209 4874 adhibebimus,
2262 4814 2323 4863 ut
2381 4808 2529 4863 illam
2596 4805 2858 4878 Myagron
2918 4804 3203 4876 viperam,
3259 4818 3382 4874 quae

1797 4898 2157 4971 plurimarum
2205 4898 2439 4952 aliarum
2485 4897 2687 4953 similis
2721 4906 2828 4959 est,
2870 4896 3023 4951 velut
3062 4895 3380 4968 evangelico

1791 4990 1977 5046 calceo
1994 4989 2402 5061 proculcantes,
2422 4995 2653 5044 exteras
2687 4985 3094 5059 aggrediamur.

148 5203 337 5257 ιιι-θη.
370 5199 523 5271 τόπῳ
554 5199 676 5271 ἀρχ.
712 5196 843 5257 Haec
872 5205 1057 5253 autem
1082 5195 1205 5271 (τῆς
1227 5192 1424 5268 ἀρχῆς)
1456 5193 1558 5266 τῆς
1596 5194 1696 5248 ἀνελ

1838 5209 1920 5247 που
1970 5208 2080 5249 non
2115 5193 2303 5248 habet.
2384 5195 2403 5224 ¹
2431 5191 2575 5247 lren.
2594 5190 2860 5261 τετάρτῳ,
2891 5189 2985 5244 καὶ
3010 5187 3182 5261 ὀγδόῳ
3204 5186 3375 5259 τόπῳ.

66 5280 89 5311 ³
128 5275 199 5331 F.
235 5272 579 5344 ὑποδήματι.

141 5476 276 5549 (95)
329 5475 435 5530 Ἐκ
459 5472 528 5527 δὲ
548 5472 659 5544 τῆς
678 5472 894 5549 ἀρχῆς.
924 5471 1055 5549 Leg.
1087 5473 1152 5549 ἐκ
1173 5470 1358 5549 δὲμτῆς
1387 5469 1675 5549 ἀνενοητου

1838 5465 2062 5549 .unl‘egii.

58 5540 352 5631 eadem
382 5540 617 5631 δίεσιν(
635 5540 799 5631 mes
826 5540 951 5631 ille
984 5540 1676 5631 “citsﬁpxiiieé'ISPLh‘isé

60 5609 319 5677 inclusae
362 5617 617 5672 ascititiae
656 5615 966 5671 videantur.
1011 5609 1579 5682 Cujus"cont'rarium
1611 5609 1673 5666 ab

57 5691 273 5764 operis
303 5696 394 5773 est
431 5687 633 5773 factum
665 5695 774 5773 tam
815 5688 869 5741 in
901 5693 1185 5773 contextu‘
1217 5684 1401 5773 ipso,~
1419 5697 1584 5773 quam
1626 5682 1680 5773 in

59 5752 302 5837 pagina:
331 5759 529 5815 limite.
556 5756 613 5812 Si
645 5756 865 5829 quidem
899 5755 1137 5812 lrcnzeus
1167 5752 1316 5809 ἐκδὲ
1341 5755 1438 5826 τῆς
1463 5752 1688 5823 ἀνενοή-

460 5872 739 5937 Pauor“
770 5873 890 5937 Gn.
924 5871 1093 5935 XLI.

1853 5531 1992 5608 (94f
2012 5534 2096 5608 Τῷ
2122 5536 2509 5605 ὑποδείγματι
2543 5534 2657 5608 toﬁ
2678 5534 3070 5608 Euarrsdloy.
3098 5531 3371 5608 conjicief

1783 5601 1909 5663 bam
1946 5601 2265 5679 ’ὑποδήματι
2294 5601 2757 5679 γευῖιειίιιιθιιάυ-ιη
2804 5601 2946 5679 esse.
2992 5604 3147 5679 Quod
3189 5604 3233 5657 si
3264 5601 3370 5679 _cui

1784 5689 2001 5749 recepta
2030 5671 2147 5748 jam
2181 5678 2343 5733 lectio
2380 5678 2554 5747 magis
2598 5676 2879 5749 arriserit:
2910 5675 3222 5749 undosum
3263 5671 3370 5726 hoc

1789 5744 1927 5807 10οὰ
1946 5744 2045 5811 pro
2074 5750 2329 5807 mandato
2358 5754 2412 5806 et
2446 5744 2720 5822 praecepto
2750 5744 3131 5817 accipiendum
3168 5750 3276 5798 est.

2968 5858 3043 5921 18
