3772 6188
733 404 1104 464 ADVERSUS
1157 406 1672 477 PTOLEMAITAS,

619 541 753 610 Qua:
785 553 863 598 est
889 543 1103 599 hwresis
1141 544 1314 613 XIII,
1351 547 1456 600 sive
1487 544 1775 604 XXXIII.

473 654 516 712 1.
554 655 1022 728 Secundusigitur
1055 667 1219 728 atque
1246 657 1556 729 Epiphanes
1578 659 1770 716 lsidori
1800 661 1994 718 cohor-

404 750 641 806 tationes
664 751 731 823 ad
767 765 926 805 usum
967 758 1130 806 sectae
1161 767 1275 806 suae
1295 752 1685 823 Opinionisque
1735 761 1991 810 transtu-

406 842 609 897 lerunt.
647 839 926 897 Successit
979 842 1140 912 215
1189 844 1257 897 iis
1317 843 1674 914 Ptolaemcus,
1730 847 1826 918 qui
1864 848 1992 903 licet

405 933 795 992 Gnosticorum
830 933 922 1004 qui
963 935 1038 988 ita
1061 936 1338 1001 dicuntur,
1380 937 1614 994 haresin
1637 978 1652 1004 ,
1699 954 1761 994 ac
1791 938 1992 996 Valen-

408 1026 782 1093 tinianorum,
833 1040 1046 1080 necnon
1109 1035 1163 1081 et
1225 1026 1458 1082 aliorum
1520 1029 1879 1098 quorumdam
1920 1030 1992 1086 sit

407 1120 712 1190 amplexus,
770 1120 1032 1174 nonnulla
1063 1127 1247 1175 tamen
1284 1120 1351 1176 ad
1400 1137 1464 1177 ea
1493 1137 1614 1193 quae
1646 1139 1678 1178 a
1710 1124 1989 1196 magistris

404 1215 687 1280 hauserat,
729 1214 966 1285 adjecit;
1003 1214 1164 1285 cujus
1209 1215 1371 1270 etiam
1421 1217 1645 1273 nomine
1687 1225 1991 1273 sectatores

404 1305 625 1376 quidam
657 1304 777 1375 ejus
816 1305 1144 1376 gloriantur,
1167 1320 1307 1375 quos
1324 1303 1651 1362 Ptolemaeos
1674 1307 1982 1361 nominant.

476 1399 576 1456 llic
605 1399 694 1456 ille
726 1413 854 1454 cum
891 1399 1008 1455 suis
1042 1397 1370 1454 Ptolemaeus
1403 1399 1562 1469 longe
1583 1399 1651 1454 iis
1684 1414 1823 1470 quos
1854 1415 1989 1469 prae—

402 1503 652 1564 ceptores
699 1492 911 1557 habuit,
971 1491 1280 1547 eruditione
1342 1483 1621 1562 prmstitit,
1667 1498 1722 1546 et
1763 1492 1983 1546 illorum

402 1586 708 1642 doctrinam
742 1599 938 1656 magna
1007 1584 1329 1639 accessione
1385 1585 1708 1638 cumulavit.
1773 1583 1986 1640 Etenim

404 1681 534 1744 Deo,
569 1694 730 1750 quem
761 1679 836 1733 illi
871 1677 1084 1750 Bython
1103 1677 1398 1748 appellant,
1429 1677 1692 1748 conjuges
1706 1677 1843 1734 duas
1882 1693 1910 1732 a
1931 1693 1990 1735 se

400 1777 651 1831 inventas
711 1772 988 1839 attribuit,
1040 1787 1177 1843 quas
1233 1782 1287 1827 et
1348 1770 1676 1828 Allectiones
1741 1773 1986 1839 vocavit,

400 1865 799 1938 Cogitationem
885 1862 1139 1918 videlicet
1200 1878 1262 1916 ac
1319 1861 1688 1919 Voluntatem.
1747 1866 1988 1931 Quarum

402 1960 552 2031 prior
585 1959 641 2013 in
683 1957 778 2012 illo
819 1970 1035 2026 semper
1073 1955 1346 2012 exsistens
1391 1970 1455 2010 ac
1502 1956 1750 2027 cogitans
1785 1957 1991 2028 aliquid

400 2049 755 2123 produxerit;
790 2049 959 2104 altera
981 2063 1108 2102 vero
1139 2057 1330 2118 postea
1365 2050 1642 2104 recentior
1667 2051 1987 2106 accesserit.

399 2144 644 2200 Primum
694 2141 861 2205 enim,
919 2142 1129 2212 inquit,
1184 2139 1251 2196 de
1306 2139 1648 2211 procreando
1709 2142 1988 2214 cogitavit,

398 2237 596 2294 deinde
631 2235 821 2292 voluit.
846 2234 1115 2302 Quocirca
1170 2234 1384 2290 duabus
1453 2235 1520 2291 iis
1567 2232 1988 2300 Aﬂ‘ectionibus,

400 2331 518 2386 sive
546 2329 891 2394 Virtutibus,
952 2343 1077 2382 nam
1137 2335 1190 2382 et
1244 2327 1479 2383 Virtute:
1534 2327 1750 2384 easdem
1809 2339 1992 2398 vocat,

397 2421 740 2494 Cogitatione
773 2434 837 2474 ac
863 2416 1178 2483 Voluntate,
1221 2418 1369 2472 velut
1402 2418 1634 2474 invicem
1662 2420 1986 2488 commistis,

401 2517 662 2589 Uuigenaz
689 2512 1057 2582 Veritatisque
1102 2526 1200 2581 par
1239 2520 1322 2566 est
1365 2518 1637 2566 exortum.
1693 2510 1843 2578 Quas
1875 2515 1992 2584 qui-

397 2615 521 2671 dem
578 2613 808 2669 duarum
881 2616 1230 2681 paternarum
1293 2604 1667 2674 alfectionum,
1727 2615 1988 2676 tanquam

396 2722 520 2780 qurie
546 2704 719 2760 videri
749 2707 1050 2773 nequeunt,
1087 2699 1450 2770 aspectabiles
1483 2697 1684 2769 ﬁguras
1713 2712 1776 2752 ac
1813 2698 1988 2754 simu-

399 2803 550 2856 lacra
579 2796 852 2869 prodiisse
884 2793 1159 2848 sentiunt:
1223 2789 1532 2846 Voluntatis
1578 2789 1787 2845 scilicet
1834 2787 1990 2843 Veri-

398 2900 587 2957 tatem,
624 2887 985 2961 Cogitationis
1013 2901 1139 2940 vero
1183 2883 1436 2939 Mentem.
1492 2885 1568 2936 Ac
1598 2898 1693 2952 per
1724 2881 1990 2936 Volunta-

397 2994 508 3041 tcm
540 2981 759 3053 quidem
790 2974 1416 3050 in‘genitzeCogitationis
1437 2973 1732 3029 masculam
1756 2972 1984 3044 eﬂigicm

397 3075 700 3133 exstitisse:
723 3064 1469 3142 ipsiusmetveroVoluntatis
1486 3065 1771 3118 femineam
1795 3063 1982 3120 fuisse.

1768 289 1826 346 S.
1866 289 2164 348 EPIPHAN
2172 292 2212 348 ll

2021 450 2070 506 Α

2022 1812 2063 1870 Β

2518 415 2709 469 ΚΑΤΑ
2748 415 3243 471 ΠΤΟΛΕΜΑῘΤΩΝ
3253 459 3264 482 _.

2264 551 2748 620 Τρισκαιδεκάτη,
2781 552 2820 619 ἡ
2853 552 2951 605 καὶ
2978 550 3307 621 τριακοστὴ
3343 549 3534 618 τρίτη.

2162 665 2241 718 A'.
2267 661 2374 716 Τοῦ
2404 663 2534 734 περὶ
2563 662 2854 716 Σεκοῦνδον
2884 663 2979 717 καὶ
3009 667 3099 718 τὸν
3125 662 3501 736 ὀνομασθέντα
3537 663 3669 716 Ἐπι-

2094 755 2270 828 φάνην
2303 753 2361 822 ἐξ
2407 754 2678 827 Ἰσιδώρου
2715 755 2813 827 τὴν
2853 756 3174 828 παραίνεσιν
3198 759 3278 820 εἰς
3321 754 3531 809 ἐαυτῶν

2092 864 2242 901 νοιαν
2278 846 2794 918 ἀπεμπολήσαντος,
2844 847 3181 918 Πτολεμαῖος
3225 846 3552 918 διαδέχεται,
3583 846 3668 916 τῆς

2096 941 2195 1010 μὲν
2244 937 2425 993 αὐτῶν
2479 938 2588 992 τῶν
2639 939 2990 1010 καλουμένων
3042 939 3367 994 Γνωστικῶν
3429 939 3667 1010 ὑπάρχων

2092 1030 2377 1102 αἱρέσεως,
2411 1031 2505 1084 καὶ
2533 1031 2641 1084 τῶν
2670 1031 2810 1085 κατὰ
2841 1031 3193 1085 Ούαλεντῖνον
3230 1034 3329 1086 σὺν
3370 1031 3576 1103 ἑτέροις
3599 1048 3669 1083 τι-

2094 1125 2200 1189 σιν,
2228 1125 2390 1198 ἕτερα
2417 1125 2473 1178 δὲ
2510 1125 2661 1198 παρὰ
2685 1127 2812 1190 τοὺς
2848 1126 3013 1179 αὑτοῦ
3051 1126 3410 1191 διδασκάλους
3435 1125 3666 1179 ὑποτιθέ-

2095 1230 2276 1288 μενος,
2303 1212 2364 1272 οὗ
2393 1219 2488 1272 καὶ
2521 1220 2580 1272 τὸ
2606 1218 2776 1290 ὄνομα
2806 1216 3064 1289 αὐχοῦσιν
3093 1220 3140 1273 οἱ
3169 1218 3322 1290 αὐτῷ
3355 1218 3667 1290 πειθόμενοι,

2091 1308 2418 1381 Πτολεμαῖοι
2447 1310 2794 1382 καλούμενοι.

2163 1393 2332 1464 Οὗτος
2358 1400 2538 1453 τοίνυν
2568 1403 2596 1454 ὁ
2627 1401 2966 1473 Πτολεμαῖος
2995 1402 3130 1473 (95),
3171 1403 3268 1458 καὶ
3301 1404 3353 1456 οἱ
3389 1403 3488 1456 σὺν
3520 1403 3668 1475 αὐτῷ,

2093 1490 2173 1544 ἔτι
2212 1493 2604 1566 ἐμπειρότερος
2639 1495 2771 1565 ἡμῖν
2824 1494 2918 1548 τοῦ
2955 1494 3165 1548 ἑαυτῶν
3197 1494 3528 1548 διδασκάλου
3557 1512 3672 1566 προ-

2091 1583 2339 1655 ελήλυθε,
2365 1588 2430 1658 τῇ
2462 1585 2686 1640 ἐκείνων
2716 1587 2987 1659 ὕφηγήσει
3008 1586 3328 1660 προσθήκης
3349 1587 3498 1653 τινὸς
3527 1589 3675 1662 ὑπερ-

2093 1674 2256 1741 ϐολὰς
2299 1677 2556 1751 ἐξευρών.
2597 1678 2701 1733 Δύο
2733 1679 2844 1751 γὰρ
2874 1673 3030 1744 οὗτος
3068 1679 3339 1750 συζύγους
3370 1678 3451 1751 τῷ
3471 1680 3587 1751 Θεῷ
3609 1680 3676 1750 τῷ

2093 1770 2222 1838 παρ’
2253 1767 2435 1833 αὐτοῖς
2483 1769 2640 1841 Βυθῷ
2674 1770 2996 1842 καλουμένῳ
3034 1771 3296 1842 ἐπενόησέ
3342 1788 3404 1824 τε
3440 1771 3535 1825 καὶ
3569 1775 3676 1843 ἐχα·

2098 1859 2285 1930 ρίσατο
2305 1876 2319 1890 ο
2371 1861 2576 1926 ταύτας
2603 1863 2660 1917 δὲ
2709 1864 2804 1916 καὶ
2834 1862 3151 1917 Διαθέσεσιν
3197 1863 3467 1918 ἐκάλεσεν
3497 1867 3538 1929 ⁸,
3569 1867 3678 1919 Ἔν-

2091 1955 2238 2009 νοιάν
2274 1973 2333 2009 τε
2365 1957 2457 2010 καὶ
2486 1954 2708 2027 Θέλημα
2733 1970 2746 1984 ο
2776 1954 2870 2010 καὶ
2903 1955 3002 2028 τὴν
3045 1957 3148 2028 μὲν·
3172 1958 3428 2012 Ἔννοιαν
3461 1959 3548 2013 ἀεὶ
3571 1975 3679 2011 συνο

2096 2049 2412 2120 υπάρξασαν
2429 2049 2484 2102 ἐν
2501 2046 2667 2119 αύτῷ,
2685 2048 3044 2122 ἐννοουμένην
3057 2049 3144 2102 ἀεὶ
3153 2050 3214 2103 τό
3231 2068 3284 2104 τι
3299 2049 3675 2123 πῳϐαλέὢαι,

2089 2141 2150 2194 τὸ
2179 2142 2235 2195 δὲ
2285 2142 2509 2215 Θέλημα
2554 2143 2611 2196 ἐν
2645 2141 2795 2214 αὐτῷ
2847 2143 3248 2215 ἐπιγινόμενον.
3305 2144 3536 2217 Πρῶτον
3582 2146 3678 2215 γὰρ

2093 2236 2344 2308 ἐνενοήθη
2379 2236 2696 2308 προϐαλεῖν,
2746 2233 2886 2304 εἶτα,
2919 2238 3104 2308 φησιν,
3147 2237 3406 2310 ἠθέλησε.
3456 2239 3550 2292 Διὸ
3598 2239 3679 2292 καὶ

2089 2328 2199 2383 τῶν
2232 2329 2326 2384 δύο
2351 2329 2657 2384 Διαθέσεων
2703 2330 2930 2396 τούτων,
2961 2332 2993 2402 ἥ
3025 2333 3120 2386 καὶ
3154 2332 3459 2404 Δυνάμεων
3496 2334 3670 2404 (Δυνά-

2094 2440 2216 2492 μεις
2253 2421 2363 2494 γὰρ
2403 2424 2574 2488 αὐτὰς
2611 2423 2772 2478 πάλιν
2818 2423 3020 2494 καλεῖ),
3046 2425 3147 2494 τῆς
3183 2426 3436 2488 Ἐννοῐας
3470 2426 3680 2496 καὶτῆς

2089 2514 2393 2587 Θελήσεως,
2441 2516 2582 2570 ὥστε
2617 2516 3034 2589 συγκραθεισῶν
3073 2519 3152 2581 εἰς
3191 2517 3436 2591 ἀλλήλας
3460 2521 3529 2590 τῇ
3561 2536 3681 2589 προς

2090 2607 2220 2680 ϐολῇ
2240 2609 2260 2640 '
2278 2607 2371 2662 τοῦ
2398 2608 2741 2679 Μονογενοῦς
2768 2610 2862 2664 καὶ
2890 2610 2988 2682 τῆς
3025 2605 3330 2682 Ἀληθείας,
3355 2611 3504 2666 κατὰ
3528 2609 3679 2675 auiu-

2089 2702 2214 2770 γίαν
2245 2702 2481 2770 ἐγένετο.
2513 2702 2780 2767 Οῦστινας
2821 2702 3027 2767 τύπους
3067 2705 3160 2756 καὶ
3191 2703 3413 2768 εἰκόνας
3455 2703 3566 2756 τῶν
3600 2702 3683 2756 δύο

2090 2790 2393 2848 Διαθέσεων
2411 2792 2506 2846 τοῦ
2534 2793 2650 2846 Πατ
2659 2792 2750 2865 ρδς
2771 2791 3050 2865 προελθεῖν
3065 2792 3172 2846 τῶν
3195 2794 3450 2866 ἀοράτων
3465 2794 3679 2865 ὁρατὰς,

2087 2881 2184 2936 τοῦ
2222 2884 2321 2955 μὲν
2368 2884 2685 2957 Θελήματος
2717 2885 2818 2956 τὴν
2875 2885 3180 2956 Ἀλήθειαν,
3209 2887 3312 2960 τῆς
3349 2886 3410 2940 δὲ
3454 2887 3683 2951 Ἐννοιας

2088 2975 2179 3028 τὸν
2208 2976 2371 3039 Νοῦν,
2403 2976 2496 3030 καὶ
2518 2977 2607 3031 διὰ
2635 2975 2946 3032 τούτου·τοῦ
2979 2976 3119 3048 Θελή
3129 2995 3298 3048 ματος
3324 2979 3354 3031 ὁ
3382 2979 3487 3048 μὲν
3515 2980 3681 3048 ἄρῃ-ν

2089 3066 2252 3123 εἰκὼν
2281 3069 2380 3140 τῆς
2403 3070 2697 3142 ἀγεννήτου
2739 3071 2976 3136 Ἑννοίας
2998 3070 3240 3141 γέγονεν,
3264 3071 3294 3122 ό
3318 3069 3377 3122 δὲ
3403 3068 3575 3140 θῆλυς
3596 3068 3681 3122 τοῦ

404 3169 677 3225 Voluntas
731 3180 862 3236 ergo
929 3161 1293 3235 Cogitationis
1352 3159 1674 3214 administra
1727 3159 1811 3213 vis
1863 3157 1984 3213 fuit.

2165 3161 2427 3233 λήματος.
2470 3162 2545 3215 Τὸ
2583 3161 2807 3235 Θέλημα
2835 3163 3014 3217 τοίνυν
3061 3162 3292 3234 δύναμις
3331 3162 3553 3231 ἐγένετο
3591 3162 3682 3232 τῆς

403 3261 684 3334 Siquidem
740 3259 856 3314 hmc
913 3254 1130 3311 tametsi
1184 3253 1251 3309 de
1320 3250 1677 3322 productione
1728 3251 1869 3320 apud
1929 3264 1990 3305 se

401 3359 688 3426 cogitaret,
724 3350 951 3405 minime
999 3354 1179 3401 tamen
1229 3359 1327 3415 per
1386 3360 1444 3399 sc
1507 3344 1680 3413 ipsam
1747 3343 1992 3413 proferre

403 3449 641 3520 cogitata
674 3443 866 3514 potuit.
929 3437 1036 3494 Sed
1097 3444 1156 3491 ut
1218 3433 1526 3490 Voluntatis
1583 3434 1666 3488 vis
1732 3432 1988 3496 accessit,

404 3551 519 3595 tum
554 3536 700 3607 quod
739 3531 1011 3604 cogitabat
1041 3529 1318 3600 produxit.

475 3627 540 3683 ll.
571 3626 616 3682 Ο
648 3627 845 3684 stultas
880 3622 1160 3692 anilesque
1200 3619 1448 3674 fabulas!
1495 3615 1666 3672 Nemo
1717 3615 1860 3673 enim
1896 3614 1990 3687 qui

403 3719 685 3793 paululum
724 3715 919 3788 judicii
959 3713 1175 3775 habeat,
1229 3726 1298 3766 ne
1345 3709 1412 3764 de
1467 3709 1686 3763 homine
1743 3707 1986 3778 quidem,

403 3811 601 3866 nedum
622 3807 689 3864 de
713 3807 822 3862 Deo
848 3805 1148 3877 quidquam
1186 3801 1386 3856 audeat
1423 3799 1693 3870 ejusmodi
1729 3808 1988 3854 statuere.

400 3903 530 3960 Mihi
563 3917 690 3957 vero
732 3901 893 3955 etiam
961 3897 1232 3951 Homerus
1286 3893 1608 3964 prudentior
1669 3891 1762 3946 illo
1820 3889 1992 3946 fuisse

399 3998 634 4063 videtur,
665 3993 792 4048 dum
833 3989 1125 4049 sollicitum
1157 3986 1368 4052 Jovem,
1399 3986 1657 4055 curisque
1677 3982 1990 4039 confectum

342 4144 346 4149 _
397 4097 454 4145 et
480 4089 705 4152 iratum,
746 4087 1055 4140 insomnem
1098 4086 1317 4134 noctem
1350 4081 1528 4151 egisse
1555 4076 1882 4147 descripsit,
1919 4075 1989 4130 de

395 4181 712 4238 Grmcorum
744 4175 990 4247 pernicie
1033 4173 1398 4242 cOgitantem:
1433 4187 1558 4226 cum
1585 4178 1735 4226 esset
1764 4176 1990 4241 rogatus

398 4291 428 4329 a
467 4271 720 4336 Thetide,
757 4278 817 4324 ut
844 4267 913 4322 ad
943 4265 1316 4322 ulciscendam
1341 4264 1573 4319 Achillis
1602 4264 1859 4334 iujuriam
1879 4275 1988 4317 tam

396 4352 428 4423 a
459 4367 772 4421 Gra'corum
817 4358 1181 4432 principibus,
1209 4373 1370 4428 quam
1399 4356 1604 4412 Graecis
1642 4357 1776 4427 ipsis
1798 4370 1988 4427 poenas

395 4465 686 4532 repeteret.
752 4452 897 4507 Nihil
958 4451 1104 4507 enim
1178 4449 1508 4505 Ptolemaeus
1572 4448 1641 4505 de
1712 4449 1807 4506 illo
1883 4465 1986 4505 suo

2104 3254 2362 3318 Ἐννοίας.
2403 3254 2634 3308 Ἐνενὸει
2662 3255 2760 3326 μὲν
2787 3254 2898 3327 γὰρ
2929 3256 2963 3326 ἡ
2996 3255 3217 3309 Ἔννοια
3253 3255 3356 3325 τὴν
3386 3253 3679 3327 προϐολήν·

2089 3345 2148 3399 ού
2183 3345 2281 3417 μέν
2307 3363 2360 3398 τι
2391 3345 2684 3418 προϐαλεῖν
2713 3347 2851 3419 αὐτὴ
2881 3347 3002 3402 καθ’
3033 3345 3233 3418 ἑαυτὴν
3288 3345 3530 3416 ἠδύνατο
3550 3345 3588 3400 ἃ.
3607 3349 3677 3399 ἐνί

2090 3439 2250 3494 ενόει.
2291 3437 2420 3493 Ὅτε
2459 3439 2516 3492 δὲ
2559 3441 2594 3511 ἡ
2636 3438 2732 3492 τοῦ
2757 3439 3074 3512 Θελήματος
3109 3437 3342 3510 δύναμις
3379 3439 3682 3510 ἐπεγένετο,

2090 3531 2210 3585 τότε
2241 3529 2270 3582 ὃ
2303 3530 2505 3585 ἐνενόει
2543 3531 2836 3604 προέϐαλε.

2160 3625 2236 3678 B'.
2269 3625 2380 3678 Καὶ
2413 3623 2516 3694 φεῦ
2563 3625 2662 3696 τῆς
2697 3624 2956 3696 τοιαύτης
2986 3625 3080 3679 τοῦ
3119 3625 3526 3697 ματαιόφρονος
3568 3624 3685 3695 ληρ-

2090 3716 2288 3788 ῳδίαςῑ
2325 3717 2498 3770 Τοῦτο
2526 3717 2635 3789 γὰρ
2678 3718 2780 3772 οὐκ
2801 3716 2868 3772 ἂν
2883 3719 3005 3773 οὐδὲ
3033 3719 3127 3773 ἐπὶ
3155 3717 3452 3791 ἀνθρώπου
3486 3717 3683 3788 λαμϐά-

2090 3825 2233 3864 νοιτο
2257 3809 2413 3883 παρὰ
2434 3827 2540 3864 τινι
2565 3809 2672 3864 τῶν
2700 3811 2936 3882 ἐχόντων
2961 3811 3288 3884 ἐρρωμένην
3309 3810 3413 3882 τὴν
3434 3810 3682 3872 διάνοιαν,

2094 3902 2292 3974 μήτιγε
2330 3903 2424 3955 ἐπὶ
2475 3901 2632 3955 Θεοῦ.
2676 3903 2836 3956 Δοκεῖ
2864 3902 2922 3957 δέ
2960 3920 3050 3974 μοι
3078 3903 3500 3977 φρονιμώτερος
3530 3902 3682 3957 αὑτοῦ

2091 3995 2358 4065 ὑπάρχειν
2381 3994 2528 4065 ’Όμη
2538 4011 2649 4065 ρος,
2679 3995 2738 4049 ἐν
2765 3994 2845 4066 τῷ
2869 3995 2960 4050 τὸν
2979 3995 3079 4048 Δία
3108 3994 3368 4066 φροντίδα
3393 3997 3527 4067 παρ’
3548 3993 3686 4064 αὐτῷ

2092 4088 2414 4159 ποιούμενον
2453 4087 2888 4160 ἀναγράφεσθαι,
2926 4089 3282 4161 μεριμνῶν-τά
3309 4107 3369 4143 τε
3409 4091 3507 4144 καὶ
3536 4089 3687 4161 χαλε-

2090 4181 2356 4235 παίνοντα
2404 4179 2498 4234 καὶ
2544 4179 2750 4235 ἄϋπνον
2799 4181 3090 4253 παννύχως
3130 4181 3554 4236 διατετελεκότα
3575 4222 3592 4246 ,
3633 4181 3685 4232 τὸ

2090 4273 2208 4338 πῶς
2236 4277 2350 4338 τοῖς
2391 4274 2628 4343 Ἀχαιοῖς
2675 4273 3077 4339 ἐπιϐουλεύσει,
3126 4277 3229 4346 τῆς
3270 4273 3497 4338 Θέτιδος
3532 4274 3685 4328 αὐτὸν

2089 4366 2422 4438 ἀξιωσάσης,
2466 4370 2547 4433 εἱς
2583 4366 2645 4421 τὸ
2689 4365 2848 4437 δίκην
2897 4367 3048 4420 τῖσαι
3094 4367 3223 4429 τοὺς
3263 4363 3379 4419 τῶν
3427 4364 3686 4434 Ἑλλήνων

2090 4453 2352 4527 ἐξάρχους
2381 4473 2440 4509 τε
2479 4456 2574 4510 καὶ
2615 4456 2815 4519 αὐτοὺς
2832 4455 2960 4518 τοὺς
2984 4453 3276 4526 Ἕλληνας,
3300 4453 3396 4507 διὰ
3423 4454 3528 4524 τὴν
3559 4451 3685 4523 πρὸς

395 4551 642 4610 omnium
710 4553 956 4618 parente,
1012 4558 1175 4614 quem
1221 4541 1455 4615 Bythum
1503 4542 1772 4607 nominat,
1805 4542 1989 4613 aptius

2161 4568 2182 4602 ν
2211 4549 2457 4619 Ἀχιλλέα
2483 4549 2659 4622 ὕϐριν.
2685 4548 2851 4604 Οὐδὲν
2871 4547 2980 4620 γὰρ
3009 4539 3166 4612 οὗτος
3191 4548 3221 4600 ό
3237 4546 3584 4619 Πτολεμαῖος
3611 4546 3684 4607 ei;

394 4641 747 4716 excogitavit,
792 4653 957 4711 quam
999 4645 1084 4693 est
1126 4637 1196 4693 ab
1243 4635 1482 4693 Homero
1527 4636 1596 4691 de
1646 4635 1780 4690 Jove
1813 4635 1986 4691 conli-

2090 4641 2248 4708 δόξαν
2273 4641 2366 4696 τοῦ
2394 4643 2527 4716 παρ’
2560 4640 2726 4696 αὑτοῦ
2764 4640 2980 4712 Πατρὸς
3003 4641 3114 4696 τῶν
3145 4640 3308 4706 ὅλων,
3336 4640 3436 4694 τοῦ
3463 4641 3561 4693 καὶ
3587 4638 3680 4690 Bu-

393 4747 562 4793 ctum.
597 4734 704 4791 Sed
734 4732 885 4788 Jovis
929 4731 1094 4804 216
1121 4731 1316 4802 ipsius,
1374 4730 1590 4802 qualem
1635 4731 1704 4785 ab
1748 4727 1984 4786 Homero

2161 4732 2186 4786 ῦ
2221 4733 2579 4805 καλουμένου,
2614 4731 2980 4806 εὐλογώτερον
3007 4733 3116 4786 τῶν
3141 4733 3296 4804 παρὰ
3338 4732 3586 4803 Ὀμήρου
3613 4729 3681 4791 εἰς

393 4829 682 4894 didicerat,
715 4826 1005 4882 notionem
1048 4823 1377 4880 informasse
1437 4824 1671 4880 videtur.
1700 4824 1816 4878 lmo
1855 4839 1983 4880 vero

391 4930 598 4976 tantam
620 4920 686 4974 ad
713 4917 1140 4992 expromendam
1159 4917 1444 4973 audaciam
1464 4916 1812 4972 Homericum
1844 4916 1980 4971 illud

390 5013 459 5069 de
479 5011 634 5078 Jove,
672 5009 987 5081 Graecisque
1019 5017 1388 5065 commentum
1427 5007 1770 5063 tolerabilius
1817 5022 1979 5062 usur-

390 5113 581 5180 paret,
639 5119 802 5176 quam
866 5105 940 5159 ita
999 5104 1066 5158 de
1114 5102 1393 5158 communi
1446 5103 1692 5157 omnium
1746 5099 1979 5156 Domino

391 5199 720 5269 disputaret.
789 5195 892 5263 Qui
959 5196 1125 5250 simul
1209 5203 1375 5266 atque
1455 5196 1640 5250 animo
1729 5194 1981 5265 concepit

391 5290 620 5364 aliquid,
669 5290 852 5345 statim
912 5288 1179 5360 quidquid
1241 5289 1477 5344 voluerit
1517 5289 1710 5356 cllicit;
1759 5288 1977 5343 statim-

390 5401 499 5458 que
585 5398 648 5439 ac
732 5379 926 5446 voluit,
1001 5379 1189 5434 animo
1231 5379 1474 5450 concipit
1560 5381 1709 5451 quod
1753 5378 1972 5434 voluit:

2089 4829 2180 4883 τὸν
2206 4828 2304 4884 Δία
2331 4828 2634 4901 εἰρημένων
2657 4828 2969 4899 ἐπενόησεν.
3019 4826 3158 4880 Ἀλλ’
3187 4824 3351 4880 αὑτὸν
3394 4826 3680 4893 κατείληφε

2093 4921 2293 4993 μᾶλλον
2331 4920 2423 4974 τὸν
2472 4921 2590 4988 Δία,
2633 4919 2711 4984 ὡς
2756 4919 2908 4992 παρὰ
2940 4921 3186 4992 Ὁμήρου
3223 4917 3412 4972 λαϐὼν
3434 4919 3542 4989 τὴν
3566 4917 3681 4970 Ἔν-

2087 5031 2258 5068 νοιαν.
2293 5014 2513 5068 Μᾶλλον
2556 5019 2665 5084 γὰρ
2707 5012 2805 5084 τὴν
2851 5012 3158 5084 Ὁμηρικὴν
3197 5010 3513 5082 κατάληψιν
3563 5009 3679 5079 περὶ

2087 5103 2208 5168 Διὸς
2239 5104 2334 5158 καὶ
2378 5103 2612 5175 Ἀχαιῶν
2635 5104 2861 5168 εἰκότως
2900 5104 2966 5158 ἂν
3005 5104 3251 5174 φήσειεν,
3292 5103 3394 5174 τὴν
3417 5100 3676 5168 {summu

2086 5196 2251 5250 αὐτοῦ
2280 5196 2485 5268 τόλμαν
2518 5195 2805 5266 ἐξεμέσας,
2839 5195 2872 5266 ἥ
2906 5196 3035 5268 περὶ
3065 5195 3158 5249 τοῦ
3193 5195 3302 5249 τῶν
3327 5195 3470 5249 ὅλων
3491 5191 3678 5248 Δεσπό-

2085 5305 2178 5341 του
2199 5305 2212 5318 ο
2234 5288 2292 5352 ὃς
2327 5288 2444 5359 ἅμα
2479 5287 2558 5359 τῷ
2588 5286 2850 5359 νοηθῆναι
2881 5289 2975 5342 καὶ
3013 5287 3452 5341 ἐπιτετελεκέναι
3486 5286 3508 5317 ³
3540 5280 3675 5337 τοῦθ’

2084 5381 2222 5452 ὅπερ
2269 5379 2524 5451 ἠθέλησε,
2567 5380 2662 5434 καὶ
2711 5379 2828 5450 ἅμα
2873 5379 2951 5450 τῷ
2997 5380 3226 5451 θελῆσαι
3277 5380 3373 5433 καὶ
3417 5379 3673 5433 ἐννοεῖται

511 5586 603 5641 γρ.
633 5567 902 5644 Διάθεσιν.
936 5567 1079 5621 Iren.
1115 5562 1415 5628 Διαθέσεις.
1491 5564 1510 5595 ³
1541 5563 1678 5618 lren.
1773 5561 1991 5633 προϐολτ

2161 5557 2220 5613 F.
2251 5558 2601 5613 ἐπιτετέλεκε

457 5752 575 5827 (95)
619 5749 808 5821 Οὗτος
837 5753 1049 5810 τοίνυν
1075 5756 1108 5808 ό
1138 5749 1526 5822 Πτολεμαῖος.
1555 5748 1702 5823 {Haec
1738 5763 1806 5806 ex
1841 5749 1991 5824 .lren:

2182 5745 2722 5822 verbum‘descripta
2754 5750 2906 5815 sunt,
2937 5743 3033 5800 lib.
3069 5759 3110 5811 ι,
3141 5757 3264 5814 cap.
3295 5743 3350 5799 6.
