  <div class='ocr_page' id='page_1' title='image "/cluster/home/n/w/nwhite01/storage/ocr_20150623/41/hvd.32044011753001/306.png"; bbox 0 0 3772 6188; ppageno 0'>
   <div class='ocr_carea' id='block_1_1' title="bbox 159 238 267 297">
    <p class='ocr_par' dir='ltr' id='par_1_1' title="bbox 159 238 267 297">
     <span class='ocr_line' id='line_1_1' title="bbox 159 238 267 297; baseline -0.019 0"><span class='ocrx_word' id='word_1_1' title='bbox 159 238 267 297; x_wconf 70' lang='grc'><strong>557</strong></span> 
     </span>
    </p>
   </div>
   <div class='ocr_carea' id='block_1_2' title="bbox 876 232 2888 295">
    <p class='ocr_par' dir='ltr' id='par_1_2' title="bbox 876 232 2888 295">
     <span class='ocr_line' id='line_1_2' title="bbox 876 232 2888 295; baseline -0.001 -1"><span class='ocrx_word' id='word_1_2' title='bbox 876 236 1248 295; x_wconf 70' lang='lat' dir='ltr'><strong>ADVERSUS</strong></span> <span class='ocrx_word' id='word_1_3' title='bbox 1286 234 1636 294; x_wconf 61' lang='lat' dir='ltr'><strong>HERESES</strong></span> <span class='ocrx_word' id='word_1_4' title='bbox 1676 232 1804 289; x_wconf 80' lang='lat' dir='ltr'><strong>LIB.</strong></span> <span class='ocrx_word' id='word_1_5' title='bbox 1847 232 1889 288; x_wconf 85' lang='grc' dir='ltr'>Ι.</span> <span class='ocrx_word' id='word_1_6' title='bbox 1933 234 2099 290; x_wconf 85' lang='grc' dir='ltr'><strong>ΤΟΜ.</strong></span> <span class='ocrx_word' id='word_1_7' title='bbox 2145 236 2209 292; x_wconf 87' lang='lat' dir='ltr'><strong>ll.</strong></span> <span class='ocrx_word' id='word_1_8' title='bbox 2254 267 2320 276; x_wconf 94' lang='lat'><strong>-—</strong></span> <span class='ocrx_word' id='word_1_9' title='bbox 2348 235 2618 293; x_wconf 76' lang='lat' dir='ltr'><strong>IUERES.</strong></span> <span class='ocrx_word' id='word_1_10' title='bbox 2654 236 2888 292; x_wconf 74' lang='lat' dir='ltr'><strong>XXXIII.</strong></span> 
     </span>
    </p>
   </div>
   <div class='ocr_carea' id='block_1_3' title="bbox 3341 234 3446 293">
    <p class='ocr_par' dir='ltr' id='par_1_3' title="bbox 3341 234 3446 293">
     <span class='ocr_line' id='line_1_3' title="bbox 3341 234 3446 293; baseline 0.019 -3"><span class='ocrx_word' id='word_1_11' title='bbox 3341 234 3446 293; x_wconf 72' lang='lat'><strong>558</strong></span> 
     </span>
    </p>
   </div>
   <div class='ocr_carea' id='block_1_4' title="bbox 159 353 1743 428">
    <p class='ocr_par' dir='ltr' id='par_1_4' title="bbox 159 353 1743 428">
     <span class='ocr_line' id='line_1_4' title="bbox 159 353 1743 428; baseline -0.004 -16"><span class='ocrx_word' id='word_1_12' title='bbox 159 358 310 412; x_wconf 81' lang='grc' dir='ltr'>τοῦθ’</span> <span class='ocrx_word' id='word_1_13' title='bbox 342 357 479 428; x_wconf 81' lang='grc' dir='ltr'>ὅπερ</span> <span class='ocrx_word' id='word_1_14' title='bbox 505 356 600 410; x_wconf 83' lang='grc' dir='ltr'><strong>καί</strong></span> <span class='ocrx_word' id='word_1_15' title='bbox 634 356 888 428; x_wconf 77' lang='grc' dir='ltr'>ἠθέλησε,</span> <span class='ocrx_word' id='word_1_16' title='bbox 919 358 1080 411; x_wconf 87' lang='grc' dir='ltr'>τοῦτο</span> <span class='ocrx_word' id='word_1_17' title='bbox 1107 356 1455 428; x_wconf 77' lang='grc' dir='ltr'><strong>ἐννοούμενος</strong></span> <span class='ocrx_word' id='word_1_18' title='bbox 1486 356 1515 408; x_wconf 74' lang='grc' dir='ltr'><strong>ὃ</strong></span> <span class='ocrx_word' id='word_1_19' title='bbox 1543 355 1638 408; x_wconf 68' lang='grc' dir='ltr'><strong>καὶ</strong></span> <span class='ocrx_word' id='word_1_20' title='bbox 1669 353 1743 407; x_wconf 80' lang='grc' dir='ltr'>θέ‹</span> 
     </span>
    </p>
   </div>
   <div class='ocr_carea' id='block_1_5' title="bbox 1930 353 3445 428">
    <p class='ocr_par' dir='ltr' id='par_1_5' title="bbox 1954 354 3445 424">
     <span class='ocr_line' id='line_1_5' title="bbox 1954 354 3445 424; baseline 0.001 -19"><span class='ocrx_word' id='word_1_21' title='bbox 1954 359 2069 406; x_wconf 88' lang='lat' dir='ltr'><strong>tum</strong></span> <span class='ocrx_word' id='word_1_22' title='bbox 2096 354 2345 424; x_wconf 85' lang='lat' dir='ltr'><strong>cogitans</strong></span> <span class='ocrx_word' id='word_1_23' title='bbox 2374 369 2496 408; x_wconf 90' lang='lat' dir='ltr'><strong>cum</strong></span> <span class='ocrx_word' id='word_1_24' title='bbox 2550 355 2668 408; x_wconf 99' lang='lat' dir='ltr'><strong>vult</strong></span> <span class='ocrx_word' id='word_1_25' title='bbox 2710 355 3009 424; x_wconf 81' lang='lat' dir='ltr'><strong>volensque</strong></span> <span class='ocrx_word' id='word_1_26' title='bbox 3050 367 3176 407; x_wconf 90' lang='lat' dir='ltr'><strong>cum</strong></span> <span class='ocrx_word' id='word_1_27' title='bbox 3219 354 3445 423; x_wconf 75' lang='lat' dir='ltr'><strong>cogitat.</strong></span> 
     </span>
    </p>
   </div>
   <div class='ocr_carea' id='block_1_6' title="bbox 167 444 1758 513">
    <p class='ocr_par' dir='ltr' id='par_1_6' title="bbox 167 444 1758 513">
     <span class='ocr_line' id='line_1_6' title="bbox 167 444 1758 513; baseline -0.002 -13"><span class='ocrx_word' id='word_1_28' title='bbox 167 451 250 501; x_wconf 86' lang='grc' dir='ltr'><strong>λει</strong></span> <span class='ocrx_word' id='word_1_29' title='bbox 279 451 321 513; x_wconf 86' lang='grc'><strong>¹,</strong></span> <span class='ocrx_word' id='word_1_30' title='bbox 346 448 441 502; x_wconf 73' lang='grc' dir='ltr'><strong>καὶ</strong></span> <span class='ocrx_word' id='word_1_31' title='bbox 468 448 589 507; x_wconf 75' lang='grc' dir='ltr'>τότε</span> <span class='ocrx_word' id='word_1_32' title='bbox 635 447 805 502; x_wconf 86' lang='grc' dir='ltr'>θέλων</span> <span class='ocrx_word' id='word_1_33' title='bbox 830 448 919 501; x_wconf 85' lang='grc' dir='ltr'>ὅτε</span> <span class='ocrx_word' id='word_1_34' title='bbox 970 450 1254 512; x_wconf 76' lang='grc' dir='ltr'>ἐννοεῖται,</span> <span class='ocrx_word' id='word_1_35' title='bbox 1281 447 1401 511; x_wconf 82' lang='grc' dir='ltr'>ὅλος</span> <span class='ocrx_word' id='word_1_36' title='bbox 1435 447 1615 502; x_wconf 76' lang='grc' dir='ltr'>ἔννοια</span> <span class='ocrx_word' id='word_1_37' title='bbox 1660 444 1758 509; x_wconf 80' lang='grc' dir='ltr'><strong>ὢν,</strong></span> 
     </span>
    </p>
   </div>
   <div class='ocr_carea' id='block_1_7' title="bbox 165 534 1758 610">
    <p class='ocr_par' dir='ltr' id='par_1_7' title="bbox 165 534 1758 610">
     <span class='ocr_line' id='line_1_7' title="bbox 165 534 1758 610; baseline -0.002 -18"><span class='ocrx_word' id='word_1_38' title='bbox 165 539 287 605; x_wconf 79' lang='grc' dir='ltr'>ὅλος</span> <span class='ocrx_word' id='word_1_39' title='bbox 324 539 702 610; x_wconf 75' lang='grc' dir='ltr'>θέλημα,οὸλος</span> <span class='ocrx_word' id='word_1_40' title='bbox 738 539 884 604; x_wconf 86' lang='grc' dir='ltr'>νοῦς,</span> <span class='ocrx_word' id='word_1_41' title='bbox 931 540 1053 603; x_wconf 83' lang='grc' dir='ltr'>ὅλος</span> <span class='ocrx_word' id='word_1_42' title='bbox 1086 538 1387 610; x_wconf 82' lang='grc' dir='ltr'>ὀφθαλμὸς,</span> <span class='ocrx_word' id='word_1_43' title='bbox 1423 538 1545 601; x_wconf 78' lang='grc' dir='ltr'>ὅλος</span> <span class='ocrx_word' id='word_1_44' title='bbox 1598 534 1758 608; x_wconf 81' lang='grc' dir='ltr'>ἀκοὴ,</span> 
     </span>
    </p>
   </div>
   <div class='ocr_carea' id='block_1_8' title="bbox 163 630 1763 704">
    <p class='ocr_par' dir='ltr' id='par_1_8' title="bbox 163 630 1763 704">
     <span class='ocr_line' id='line_1_8' title="bbox 163 630 1763 704; baseline -0.004 -17"><span class='ocrx_word' id='word_1_45' title='bbox 163 633 287 697; x_wconf 70' lang='grc' dir='ltr'>ὅλος</span> <span class='ocrx_word' id='word_1_46' title='bbox 312 633 462 704; x_wconf 84' lang='grc' dir='ltr'>πηγὴ</span> <span class='ocrx_word' id='word_1_47' title='bbox 506 632 725 686; x_wconf 82' lang='grc' dir='ltr'>πάντων</span> <span class='ocrx_word' id='word_1_48' title='bbox 757 634 865 686; x_wconf 82' lang='grc' dir='ltr'><strong>τῶν</strong></span> <span class='ocrx_word' id='word_1_49' title='bbox 907 632 1149 701; x_wconf 80' lang='grc' dir='ltr'>ἀγαθῶν,</span> <span class='ocrx_word' id='word_1_50' title='bbox 1188 631 1283 684; x_wconf 78' lang='grc' dir='ltr'>καὶ</span> <span class='ocrx_word' id='word_1_51' title='bbox 1313 630 1528 693; x_wconf 78' lang='grc' dir='ltr'>οὐδενὸς</span> <span class='ocrx_word' id='word_1_52' title='bbox 1571 631 1763 683; x_wconf 84' lang='grc' dir='ltr'>ἰσοπα-</span> 
     </span>
    </p>
   </div>
   <div class='ocr_carea' id='block_1_9' title="bbox 166 722 1763 797">
    <p class='ocr_par' dir='ltr' id='par_1_9' title="bbox 166 722 1763 797">
     <span class='ocr_line' id='line_1_9' title="bbox 166 722 1763 797; baseline -0.002 -19"><span class='ocrx_word' id='word_1_53' title='bbox 166 724 295 789; x_wconf 89' lang='grc' dir='ltr'>θοῦς</span> <span class='ocrx_word' id='word_1_54' title='bbox 324 728 345 757; x_wconf 83' lang='grc'>¹</span> <span class='ocrx_word' id='word_1_55' title='bbox 375 726 709 797; x_wconf 82' lang='grc' dir='ltr'>περιέχεται.</span> <span class='ocrx_word' id='word_1_56' title='bbox 753 725 887 789; x_wconf 82' lang='grc' dir='ltr'>Θεὸς</span> <span class='ocrx_word' id='word_1_57' title='bbox 922 725 1053 795; x_wconf 80' lang='grc' dir='ltr'>γὰρ,</span> <span class='ocrx_word' id='word_1_58' title='bbox 1093 724 1189 778; x_wconf 78' lang='grc' dir='ltr'><strong>καὶ</strong></span> <span class='ocrx_word' id='word_1_59' title='bbox 1218 723 1279 777; x_wconf 80' lang='grc' dir='ltr'><strong>οὐ</strong></span> <span class='ocrx_word' id='word_1_60' title='bbox 1309 722 1630 795; x_wconf 76' lang='grc' dir='ltr'>φροντίζων,</span> <span class='ocrx_word' id='word_1_61' title='bbox 1668 722 1763 775; x_wconf 77' lang='grc' dir='ltr'><strong>καὶ</strong></span> 
     </span>
    </p>
   </div>
   <div class='ocr_carea' id='block_1_10' title="bbox 164 810 1762 890">
    <p class='ocr_par' dir='ltr' id='par_1_10' title="bbox 164 810 1762 890">
     <span class='ocr_line' id='line_1_10' title="bbox 164 810 1762 890; baseline -0.001 -19"><span class='ocrx_word' id='word_1_62' title='bbox 164 817 389 890; x_wconf 81' lang='grc' dir='ltr'>ἀπορῶν</span> <span class='ocrx_word' id='word_1_63' title='bbox 411 820 489 882; x_wconf 81' lang='grc' dir='ltr'><strong>ὡς</strong></span> <span class='ocrx_word' id='word_1_64' title='bbox 508 818 698 882; x_wconf 76' lang='grc' dir='ltr'>Βυθὺς,</span> <span class='ocrx_word' id='word_1_65' title='bbox 727 818 846 889; x_wconf 78' lang='grc' dir='ltr'>ῆτοι</span> <span class='ocrx_word' id='word_1_66' title='bbox 867 819 893 871; x_wconf 78' lang='grc' dir='ltr'>ὁ</span> <span class='ocrx_word' id='word_1_67' title='bbox 915 818 1071 882; x_wconf 82' lang='grc' dir='ltr'>Ζεὺς,</span> <span class='ocrx_word' id='word_1_68' title='bbox 1095 818 1224 888; x_wconf 87' lang='grc' dir='ltr'><strong>περί</strong></span> <span class='ocrx_word' id='word_1_69' title='bbox 1244 810 1552 884; x_wconf 71' lang='grc' dir='ltr'>οῦλέγοντα</span> <span class='ocrx_word' id='word_1_70' title='bbox 1581 812 1762 885; x_wconf 85' lang='grc' dir='ltr'>’Όμη-</span> 
     </span>
    </p>
   </div>
   <div class='ocr_carea' id='block_1_11' title="bbox 165 906 1761 982">
    <p class='ocr_par' dir='ltr' id='par_1_11' title="bbox 165 906 1761 982">
     <span class='ocr_line' id='line_1_11' title="bbox 165 906 1761 982; baseline -0.002 -20"><span class='ocrx_word' id='word_1_71' title='bbox 165 927 262 980; x_wconf 79' lang='grc' dir='ltr'><strong>ρον</strong></span> <span class='ocrx_word' id='word_1_72' title='bbox 294 911 627 981; x_wconf 83' lang='grc' dir='ltr'>Πτολεμαῖος</span> <span class='ocrx_word' id='word_1_73' title='bbox 653 912 783 982; x_wconf 74' lang='grc' dir='ltr'>περὶ</span> <span class='ocrx_word' id='word_1_74' title='bbox 809 910 983 963; x_wconf 88' lang='grc' dir='ltr'>Βυθοῦ</span> <span class='ocrx_word' id='word_1_75' title='bbox 1019 909 1195 977; x_wconf 85' lang='grc' dir='ltr'>λέγων</span> <span class='ocrx_word' id='word_1_76' title='bbox 1219 909 1549 980; x_wconf 78' lang='grc' dir='ltr'><strong>ἐμιμήσατο.</strong></span> <span class='ocrx_word' id='word_1_77' title='bbox 1588 907 1682 970; x_wconf 88' lang='grc' dir='ltr'>Εἰς</span> <span class='ocrx_word' id='word_1_78' title='bbox 1704 906 1761 959; x_wconf 87' lang='grc' dir='ltr'><strong>δὲ</strong></span> 
     </span>
    </p>
   </div>
   <div class='ocr_carea' id='block_1_12' title="bbox 166 999 1759 1075">
    <p class='ocr_par' dir='ltr' id='par_1_12' title="bbox 166 999 1759 1075">
     <span class='ocr_line' id='line_1_12' title="bbox 166 999 1759 1075; baseline -0.001 -20"><span class='ocrx_word' id='word_1_79' title='bbox 166 1003 557 1075; x_wconf 76' lang='grc' dir='ltr'>περισσότερον</span> <span class='ocrx_word' id='word_1_80' title='bbox 587 1003 808 1073; x_wconf 79' lang='grc' dir='ltr'>ἔλεγχον</span> <span class='ocrx_word' id='word_1_81' title='bbox 832 1002 927 1056; x_wconf 89' lang='grc' dir='ltr'><strong>τοῦ</strong></span> <span class='ocrx_word' id='word_1_82' title='bbox 956 1002 1269 1066; x_wconf 83' lang='grc' dir='ltr'>ἀπατεῶνος</span> <span class='ocrx_word' id='word_1_83' title='bbox 1306 999 1429 1055; x_wconf 83' lang='grc' dir='ltr'>καθ’</span> <span class='ocrx_word' id='word_1_84' title='bbox 1464 1000 1591 1070; x_wconf 78' lang='grc' dir='ltr'>ἑξῆς</span> <span class='ocrx_word' id='word_1_85' title='bbox 1623 1000 1759 1053; x_wconf 82' lang='grc' dir='ltr'>ὑπο-</span> 
     </span>
    </p>
   </div>
   <div class='ocr_carea' id='block_1_13' title="bbox 163 1091 1760 1167">
    <p class='ocr_par' dir='ltr' id='par_1_13' title="bbox 163 1091 1760 1167">
     <span class='ocr_line' id='line_1_13' title="bbox 163 1091 1760 1167; baseline -0.003 -20"><span class='ocrx_word' id='word_1_86' title='bbox 163 1096 357 1160; x_wconf 76' lang='grc' dir='ltr'>τάξας,</span> <span class='ocrx_word' id='word_1_87' title='bbox 391 1096 782 1167; x_wconf 81' lang='grc' dir='ltr'>παραθήσομαι</span> <span class='ocrx_word' id='word_1_88' title='bbox 813 1095 883 1149; x_wconf 77' lang='grc' dir='ltr'>τὰ</span> <span class='ocrx_word' id='word_1_89' title='bbox 912 1095 1003 1148; x_wconf 83' lang='grc' dir='ltr'>ὑπ’</span> <span class='ocrx_word' id='word_1_90' title='bbox 1031 1091 1197 1147; x_wconf 82' lang='grc' dir='ltr'>αὐτοῦ</span> <span class='ocrx_word' id='word_1_91' title='bbox 1237 1091 1398 1162; x_wconf 79' lang='grc' dir='ltr'>φύσει</span> <span class='ocrx_word' id='word_1_92' title='bbox 1423 1091 1760 1163; x_wconf 79' lang='grc' dir='ltr'>Πτολεμαίου</span> 
     </span>
    </p>
   </div>
   <div class='ocr_carea' id='block_1_14' title="bbox 164 1184 1760 1261">
    <p class='ocr_par' dir='ltr' id='par_1_14' title="bbox 164 1184 1760 1261">
     <span class='ocr_line' id='line_1_14' title="bbox 164 1184 1760 1261; baseline -0.004 -18"><span class='ocrx_word' id='word_1_93' title='bbox 164 1189 361 1261; x_wconf 72' lang='grc' dir='ltr'>Φλώρα</span> <span class='ocrx_word' id='word_1_94' title='bbox 385 1191 489 1242; x_wconf 77' lang='grc' dir='ltr'>τινὶ</span> <span class='ocrx_word' id='word_1_95' title='bbox 518 1189 737 1258; x_wconf 75' lang='grc' dir='ltr'>γυναικὶ</span> <span class='ocrx_word' id='word_1_96' title='bbox 766 1187 1068 1260; x_wconf 77' lang='grc' dir='ltr'><strong>γραφέντα,</strong></span> <span class='ocrx_word' id='word_1_97' title='bbox 1101 1185 1368 1257; x_wconf 78' lang='grc' dir='ltr'>ἐπαγωγά</span> <span class='ocrx_word' id='word_1_98' title='bbox 1386 1203 1446 1239; x_wconf 88' lang='grc' dir='ltr'><strong>τε</strong></span> <span class='ocrx_word' id='word_1_99' title='bbox 1480 1186 1574 1239; x_wconf 78' lang='grc' dir='ltr'><strong>καὶ</strong></span> <span class='ocrx_word' id='word_1_100' title='bbox 1598 1184 1760 1257; x_wconf 69' lang='grc' dir='ltr'>δηληο</span> 
     </span>
    </p>
   </div>
   <div class='ocr_carea' id='block_1_15' title="bbox 164 1276 1757 1355">
    <p class='ocr_par' dir='ltr' id='par_1_15' title="bbox 164 1276 1757 1355">
     <span class='ocr_line' id='line_1_15' title="bbox 164 1276 1757 1355; baseline -0.006 -18"><span class='ocrx_word' id='word_1_101' title='bbox 164 1283 333 1355; x_wconf 74' lang='grc' dir='ltr'>τήρια</span> <span class='ocrx_word' id='word_1_102' title='bbox 370 1283 611 1353; x_wconf 76' lang='grc' dir='ltr'>ῥήματα,</span> <span class='ocrx_word' id='word_1_103' title='bbox 654 1280 740 1334; x_wconf 84' lang='grc' dir='ltr'><strong>ἵνα</strong></span> <span class='ocrx_word' id='word_1_104' title='bbox 778 1281 850 1351; x_wconf 89' lang='grc' dir='ltr'>μή</span> <span class='ocrx_word' id='word_1_105' title='bbox 879 1297 965 1343; x_wconf 92' lang='grc' dir='ltr'><strong>τις</strong></span> <span class='ocrx_word' id='word_1_106' title='bbox 997 1279 1270 1350; x_wconf 81' lang='grc' dir='ltr'>νομίσειεν</span> <span class='ocrx_word' id='word_1_107' title='bbox 1316 1279 1464 1349; x_wconf 83' lang='grc' dir='ltr'>ἡμᾶς</span> <span class='ocrx_word' id='word_1_108' title='bbox 1492 1276 1550 1344; x_wconf 78' lang='grc' dir='ltr'>ἐξ</span> <span class='ocrx_word' id='word_1_109' title='bbox 1589 1277 1757 1346; x_wconf 87' lang='grc' dir='ltr'>ἀκοῆς</span> 
     </span>
    </p>
   </div>
   <div class='ocr_carea' id='block_1_16' title="bbox 167 1371 1758 1444">
    <p class='ocr_par' dir='ltr' id='par_1_16' title="bbox 167 1371 1758 1444">
     <span class='ocr_line' id='line_1_16' title="bbox 167 1371 1758 1444; baseline -0.004 -16"><span class='ocrx_word' id='word_1_110' title='bbox 167 1377 329 1444; x_wconf 76' lang='grc' dir='ltr'>μόνον</span> <span class='ocrx_word' id='word_1_111' title='bbox 357 1377 447 1428; x_wconf 73' lang='grc' dir='ltr'><strong>τὸν</strong></span> <span class='ocrx_word' id='word_1_112' title='bbox 471 1373 769 1429; x_wconf 73' lang='grc' dir='ltr'>ἀπατεῶνα</span> <span class='ocrx_word' id='word_1_113' title='bbox 803 1374 1070 1444; x_wconf 80' lang='grc' dir='ltr'>ἐλέγχειν,</span> <span class='ocrx_word' id='word_1_114' title='bbox 1106 1373 1180 1444; x_wconf 84' lang='grc' dir='ltr'>μὴ</span> <span class='ocrx_word' id='word_1_115' title='bbox 1217 1373 1483 1444; x_wconf 85' lang='grc' dir='ltr'>πρότερον</span> <span class='ocrx_word' id='word_1_116' title='bbox 1508 1371 1758 1440; x_wconf 79' lang='grc' dir='ltr'>ἐντυχόν-</span> 
     </span>
    </p>
   </div>
   <div class='ocr_carea' id='block_1_17' title="bbox 162 1461 1759 1540">
    <p class='ocr_par' dir='ltr' id='par_1_17' title="bbox 162 1461 1759 1540">
     <span class='ocr_line' id='line_1_17' title="bbox 162 1461 1759 1540; baseline -0.004 -20"><span class='ocrx_word' id='word_1_117' title='bbox 162 1486 265 1533; x_wconf 87' lang='grc' dir='ltr'><strong>τας</strong></span> <span class='ocrx_word' id='word_1_118' title='bbox 290 1472 356 1540; x_wconf 83' lang='grc' dir='ltr'>τῇ</span> <span class='ocrx_word' id='word_1_119' title='bbox 381 1469 511 1540; x_wconf 83' lang='grc' dir='ltr'>παρ’</span> <span class='ocrx_word' id='word_1_120' title='bbox 534 1468 698 1521; x_wconf 75' lang='grc' dir='ltr'>αὑτοῦ</span> <span class='ocrx_word' id='word_1_121' title='bbox 725 1465 1224 1539; x_wconf 79' lang='grc' dir='ltr'>παραπεποιημένῃ</span> <span class='ocrx_word' id='word_1_122' title='bbox 1251 1463 1588 1535; x_wconf 73' lang='grc' dir='ltr'>διδασκαλίᾳ.</span> <span class='ocrx_word' id='word_1_123' title='bbox 1614 1461 1759 1534; x_wconf 81' lang='grc' dir='ltr'>Πρὸς</span> 
     </span>
    </p>
   </div>
   <div class='ocr_carea' id='block_1_18' title="bbox 161 1555 1761 1633">
    <p class='ocr_par' dir='ltr' id='par_1_18' title="bbox 161 1555 1761 1633">
     <span class='ocr_line' id='line_1_18' title="bbox 161 1555 1761 1633; baseline -0.004 -19"><span class='ocrx_word' id='word_1_124' title='bbox 161 1562 278 1633; x_wconf 81' lang='grc' dir='ltr'>γὰρ</span> <span class='ocrx_word' id='word_1_125' title='bbox 309 1564 421 1624; x_wconf 88' lang='grc' dir='ltr'>τοῖς</span> <span class='ocrx_word' id='word_1_126' title='bbox 448 1560 763 1633; x_wconf 76' lang='grc' dir='ltr'>εἰρημένοις</span> <span class='ocrx_word' id='word_1_127' title='bbox 799 1559 892 1613; x_wconf 74' lang='grc' dir='ltr'>καὶ</span> <span class='ocrx_word' id='word_1_128' title='bbox 930 1557 1022 1612; x_wconf 82' lang='grc' dir='ltr'><strong>τὸν</strong></span> <span class='ocrx_word' id='word_1_129' title='bbox 1067 1558 1230 1629; x_wconf 90' lang='grc' dir='ltr'>νόμον</span> <span class='ocrx_word' id='word_1_130' title='bbox 1256 1556 1349 1610; x_wconf 85' lang='grc' dir='ltr'><strong>τοῦ</strong></span> <span class='ocrx_word' id='word_1_131' title='bbox 1384 1555 1519 1609; x_wconf 84' lang='grc' dir='ltr'>Θεοῦ</span> <span class='ocrx_word' id='word_1_132' title='bbox 1546 1556 1637 1609; x_wconf 84' lang='grc' dir='ltr'><strong>τὸν</strong></span> <span class='ocrx_word' id='word_1_133' title='bbox 1673 1555 1761 1609; x_wconf 84' lang='grc' dir='ltr'><strong>διά</strong></span> 
     </span>
    </p>
   </div>
   <div class='ocr_carea' id='block_1_19' title="bbox 162 1647 1758 1725">
    <p class='ocr_par' dir='ltr' id='par_1_19' title="bbox 162 1647 1758 1725">
     <span class='ocr_line' id='line_1_19' title="bbox 162 1647 1758 1725; baseline -0.004 -17"><span class='ocrx_word' id='word_1_134' title='bbox 162 1654 451 1719; x_wconf 79' lang='grc' dir='ltr'><strong>Μωῡσέως</strong></span> <span class='ocrx_word' id='word_1_135' title='bbox 504 1651 843 1725; x_wconf 77' lang='grc' dir='ltr'>βλασφημῶν</span> <span class='ocrx_word' id='word_1_136' title='bbox 878 1650 981 1704; x_wconf 74' lang='grc' dir='ltr'><strong>οὐκ</strong></span> <span class='ocrx_word' id='word_1_137' title='bbox 1020 1649 1373 1720; x_wconf 79' lang='grc' dir='ltr'>αἰσχύνεταιο</span> <span class='ocrx_word' id='word_1_138' title='bbox 1432 1648 1468 1703; x_wconf 77' lang='grc' dir='ltr'>ὃ.</span> <span class='ocrx_word' id='word_1_139' title='bbox 1498 1647 1591 1702; x_wconf 75' lang='grc' dir='ltr'>καὶ</span> <span class='ocrx_word' id='word_1_140' title='bbox 1643 1647 1758 1701; x_wconf 81' lang='grc' dir='ltr'>ἔστι</span> 
     </span>
    </p>
   </div>
   <div class='ocr_carea' id='block_1_20' title="bbox 161 1748 366 1802">
    <p class='ocr_par' dir='ltr' id='par_1_20' title="bbox 161 1748 366 1802">
     <span class='ocr_line' id='line_1_20' title="bbox 161 1748 366 1802; baseline 0 -1"><span class='ocrx_word' id='word_1_141' title='bbox 161 1748 366 1802; x_wconf 78' lang='grc' dir='ltr'>ταῦτα’</span> 
     </span>
    </p>
   </div>
   <div class='ocr_carea' id='block_1_21' title="bbox 535 1852 1381 1928">
    <p class='ocr_par' dir='ltr' id='par_1_21' title="bbox 535 1852 1381 1928">
     <span class='ocr_line' id='line_1_21' title="bbox 535 1852 1381 1928; baseline -0.007 -15"><span class='ocrx_word' id='word_1_142' title='bbox 535 1857 907 1928; x_wconf 76' lang='grc' dir='ltr'>Πτολεμαίου</span> <span class='ocrx_word' id='word_1_143' title='bbox 934 1855 1083 1925; x_wconf 71' lang='grc' dir='ltr'>πρὸς</span> <span class='ocrx_word' id='word_1_144' title='bbox 1111 1852 1381 1924; x_wconf 75' lang='grc' dir='ltr'>Φλώραν.</span> 
     </span>
    </p>
   </div>
   <div class='ocr_carea' id='block_1_22' title="bbox 237 1945 1759 2018">
    <p class='ocr_par' dir='ltr' id='par_1_22' title="bbox 237 1945 1759 2018">
     <span class='ocr_line' id='line_1_22' title="bbox 237 1945 1759 2018; baseline -0.004 -14"><span class='ocrx_word' id='word_1_145' title='bbox 237 1952 314 2006; x_wconf 85' lang='grc' dir='ltr'><strong>Γ’.</strong></span> <span class='ocrx_word' id='word_1_146' title='bbox 352 1950 456 2005; x_wconf 74' lang='grc' dir='ltr'><strong>Τὸν</strong></span> <span class='ocrx_word' id='word_1_147' title='bbox 484 1951 573 2005; x_wconf 85' lang='grc' dir='ltr'>διὰ</span> <span class='ocrx_word' id='word_1_148' title='bbox 605 1953 885 2013; x_wconf 80' lang='grc' dir='ltr'>Μωῡσέως</span> <span class='ocrx_word' id='word_1_149' title='bbox 926 1948 1147 2002; x_wconf 79' lang='grc' dir='ltr'>τεθέντα</span> <span class='ocrx_word' id='word_1_150' title='bbox 1186 1949 1370 2018; x_wconf 85' lang='grc' dir='ltr'>νόμον,</span> <span class='ocrx_word' id='word_1_151' title='bbox 1408 1945 1610 2018; x_wconf 86' lang='grc' dir='ltr'>ἀδελφή</span> <span class='ocrx_word' id='word_1_152' title='bbox 1657 1961 1759 2016; x_wconf 88' lang='grc' dir='ltr'><strong>μου</strong></span> 
     </span>
    </p>
   </div>
   <div class='ocr_carea' id='block_1_23' title="bbox 163 2040 1761 2117">
    <p class='ocr_par' dir='ltr' id='par_1_23' title="bbox 163 2040 1761 2117">
     <span class='ocr_line' id='line_1_23' title="bbox 163 2040 1761 2117; baseline -0.003 -20"><span class='ocrx_word' id='word_1_153' title='bbox 163 2045 308 2117; x_wconf 63' lang='grc' dir='ltr'>καλὴ</span> <span class='ocrx_word' id='word_1_154' title='bbox 362 2044 576 2113; x_wconf 79' lang='grc' dir='ltr'>Φλώρα,</span> <span class='ocrx_word' id='word_1_155' title='bbox 634 2045 717 2097; x_wconf 85' lang='grc' dir='ltr'><strong>ὅτι</strong></span> <span class='ocrx_word' id='word_1_156' title='bbox 754 2043 831 2113; x_wconf 86' lang='grc' dir='ltr'>μὴ</span> <span class='ocrx_word' id='word_1_157' title='bbox 857 2042 1040 2095; x_wconf 74' lang='grc' dir='ltr'>πολλοὶ</span> <span class='ocrx_word' id='word_1_158' title='bbox 1083 2040 1572 2113; x_wconf 78' lang='grc' dir='ltr'>προκατελάϐοντο,</span> <span class='ocrx_word' id='word_1_159' title='bbox 1624 2041 1761 2111; x_wconf 85' lang='grc' dir='ltr'>μήτε</span> 
     </span>
    </p>
   </div>
   <div class='ocr_carea' id='block_1_24' title="bbox 169 2130 1759 2206">
    <p class='ocr_par' dir='ltr' id='par_1_24' title="bbox 169 2130 1759 2206">
     <span class='ocr_line' id='line_1_24' title="bbox 169 2130 1759 2206; baseline -0.003 -18"><span class='ocrx_word' id='word_1_160' title='bbox 169 2136 257 2188; x_wconf 65' lang='grc' dir='ltr'>τὸν</span> <span class='ocrx_word' id='word_1_161' title='bbox 296 2135 547 2206; x_wconf 84' lang='grc' dir='ltr'>θεμέλιον</span> <span class='ocrx_word' id='word_1_162' title='bbox 575 2132 738 2189; x_wconf 77' lang='grc' dir='ltr'>αὑτὸν</span> <span class='ocrx_word' id='word_1_163' title='bbox 776 2132 1101 2202; x_wconf 78' lang='grc' dir='ltr'>ἐγνωκότες,</span> <span class='ocrx_word' id='word_1_164' title='bbox 1136 2134 1273 2204; x_wconf 85' lang='grc' dir='ltr'>μήτε</span> <span class='ocrx_word' id='word_1_165' title='bbox 1302 2131 1404 2197; x_wconf 82' lang='grc' dir='ltr'>τὰς</span> <span class='ocrx_word' id='word_1_166' title='bbox 1434 2130 1759 2203; x_wconf 83' lang='grc' dir='ltr'>προστάξεις</span> 
     </span>
    </p>
   </div>
   <div class='ocr_carea' id='block_1_25' title="bbox 163 2224 1759 2298">
    <p class='ocr_par' dir='ltr' id='par_1_25' title="bbox 163 2224 1759 2298">
     <span class='ocr_line' id='line_1_25' title="bbox 163 2224 1759 2298; baseline -0.002 -19"><span class='ocrx_word' id='word_1_167' title='bbox 163 2226 371 2291; x_wconf 73' lang='grc' dir='ltr'>αὐτῶν,</span> <span class='ocrx_word' id='word_1_168' title='bbox 402 2226 643 2298; x_wconf 75' lang='grc' dir='ltr'>ἀκριϐῶς</span> <span class='ocrx_word' id='word_1_169' title='bbox 668 2225 909 2297; x_wconf 81' lang='grc' dir='ltr'>ἡγοῦμαι</span> <span class='ocrx_word' id='word_1_170' title='bbox 936 2226 1030 2279; x_wconf 78' lang='grc' dir='ltr'>καὶ</span> <span class='ocrx_word' id='word_1_171' title='bbox 1068 2226 1152 2279; x_wconf 77' lang='grc' dir='ltr'><strong>σοὶ</strong></span> <span class='ocrx_word' id='word_1_172' title='bbox 1182 2224 1510 2278; x_wconf 81' lang='grc' dir='ltr'>εὐσύνοπτον</span> <span class='ocrx_word' id='word_1_173' title='bbox 1539 2224 1759 2277; x_wconf 77' lang='grc' dir='ltr'>ἔσεσθαι</span> 
     </span>
    </p>
   </div>
   <div class='ocr_carea' id='block_1_26' title="bbox 160 2321 1761 2395">
    <p class='ocr_par' dir='ltr' id='par_1_26' title="bbox 160 2321 1761 2395">
     <span class='ocr_line' id='line_1_26' title="bbox 160 2321 1761 2395; baseline -0.001 -20"><span class='ocrx_word' id='word_1_174' title='bbox 160 2322 450 2394; x_wconf 68' lang='grc' dir='ltr'>μαθούσης</span> <span class='ocrx_word' id='word_1_175' title='bbox 473 2323 493 2354; x_wconf 91' lang='grc'>³</span> <span class='ocrx_word' id='word_1_176' title='bbox 527 2324 627 2387; x_wconf 82' lang='grc' dir='ltr'>τὰς</span> <span class='ocrx_word' id='word_1_177' title='bbox 662 2322 1040 2393; x_wconf 77' lang='grc' dir='ltr'>διαφωνούσας</span> <span class='ocrx_word' id='word_1_178' title='bbox 1060 2321 1285 2394; x_wconf 84' lang='grc' dir='ltr'>γνώμας</span> <span class='ocrx_word' id='word_1_179' title='bbox 1313 2324 1444 2395; x_wconf 76' lang='grc' dir='ltr'>περὶ</span> <span class='ocrx_word' id='word_1_180' title='bbox 1471 2322 1659 2377; x_wconf 81' lang='grc' dir='ltr'>αὑτοῦ.</span> <span class='ocrx_word' id='word_1_181' title='bbox 1696 2322 1761 2375; x_wconf 73' lang='lat' dir='ltr'><strong>Ui</strong></span> 
     </span>
    </p>
   </div>
   <div class='ocr_carea' id='block_1_27' title="bbox 162 2412 1760 2486">
    <p class='ocr_par' dir='ltr' id='par_1_27' title="bbox 162 2412 1760 2486">
     <span class='ocr_line' id='line_1_27' title="bbox 162 2412 1760 2486; baseline 0 -20"><span class='ocrx_word' id='word_1_182' title='bbox 162 2414 271 2484; x_wconf 80' lang='grc' dir='ltr'><strong>μὲν</strong></span> <span class='ocrx_word' id='word_1_183' title='bbox 304 2415 415 2486; x_wconf 66' lang='grc' dir='ltr'>γὰρ</span> <span class='ocrx_word' id='word_1_184' title='bbox 444 2413 550 2467; x_wconf 75' lang='grc' dir='ltr'>ὑπὸ</span> <span class='ocrx_word' id='word_1_185' title='bbox 595 2412 690 2467; x_wconf 89' lang='grc' dir='ltr'><strong>τοῦ</strong></span> <span class='ocrx_word' id='word_1_186' title='bbox 735 2413 871 2467; x_wconf 79' lang='grc' dir='ltr'>θεοῦ</span> <span class='ocrx_word' id='word_1_187' title='bbox 908 2415 1002 2467; x_wconf 74' lang='grc' dir='ltr'>καὶ</span> <span class='ocrx_word' id='word_1_188' title='bbox 1042 2415 1256 2486; x_wconf 83' lang='grc' dir='ltr'>Πατρὸς</span> <span class='ocrx_word' id='word_1_189' title='bbox 1303 2413 1760 2485; x_wconf 76' lang='grc' dir='ltr'>νενομοθετῆσθαι</span> 
     </span>
    </p>
   </div>
   <div class='ocr_carea' id='block_1_28' title="bbox 155 2503 1760 2578">
    <p class='ocr_par' dir='ltr' id='par_1_28' title="bbox 155 2503 1760 2578">
     <span class='ocr_line' id='line_1_28' title="bbox 155 2503 1760 2578; baseline -0.002 -18"><span class='ocrx_word' id='word_1_190' title='bbox 155 2506 377 2569; x_wconf 75' lang='grc' dir='ltr'>τούτοις</span> <span class='ocrx_word' id='word_1_191' title='bbox 400 2506 677 2575; x_wconf 82' lang='grc' dir='ltr'>λέγουσιν’</span> <span class='ocrx_word' id='word_1_192' title='bbox 710 2505 886 2578; x_wconf 74' lang='grc' dir='ltr'>ἕτεροι</span> <span class='ocrx_word' id='word_1_193' title='bbox 918 2504 975 2559; x_wconf 80' lang='grc' dir='ltr'>δὲ</span> <span class='ocrx_word' id='word_1_194' title='bbox 1007 2504 1218 2569; x_wconf 86' lang='grc' dir='ltr'>τούτοις</span> <span class='ocrx_word' id='word_1_195' title='bbox 1250 2504 1347 2576; x_wconf 76' lang='grc' dir='ltr'>τὴν</span> <span class='ocrx_word' id='word_1_196' title='bbox 1374 2504 1621 2558; x_wconf 78' lang='grc' dir='ltr'>ἐναντίαν</span> <span class='ocrx_word' id='word_1_197' title='bbox 1645 2503 1760 2556; x_wconf 83' lang='grc' dir='ltr'>ὁδὸν</span> 
     </span>
    </p>
   </div>
   <div class='ocr_carea' id='block_1_29' title="bbox 155 2595 1762 2671">
    <p class='ocr_par' dir='ltr' id='par_1_29' title="bbox 155 2595 1762 2671">
     <span class='ocr_line' id='line_1_29' title="bbox 155 2595 1762 2671; baseline -0.003 -18"><span class='ocrx_word' id='word_1_198' title='bbox 155 2598 488 2671; x_wconf 78' lang='grc' dir='ltr'>τραπέντες,</span> <span class='ocrx_word' id='word_1_199' title='bbox 531 2599 636 2652; x_wconf 82' lang='grc' dir='ltr'>ὑπὸ</span> <span class='ocrx_word' id='word_1_200' title='bbox 665 2596 759 2651; x_wconf 91' lang='grc' dir='ltr'><strong>τοῦ</strong></span> <span class='ocrx_word' id='word_1_201' title='bbox 798 2597 1175 2667; x_wconf 80' lang='grc' dir='ltr'>ἀντικειμένου</span> <span class='ocrx_word' id='word_1_202' title='bbox 1223 2596 1543 2668; x_wconf 85' lang='grc' dir='ltr'>φθοροποιοῦ</span> <span class='ocrx_word' id='word_1_203' title='bbox 1574 2595 1762 2649; x_wconf 81' lang='grc' dir='ltr'>διαϐό-</span> 
     </span>
    </p>
   </div>
   <div class='ocr_carea' id='block_1_30' title="bbox 156 2686 1760 2760">
    <p class='ocr_par' dir='ltr' id='par_1_30' title="bbox 156 2686 1760 2760">
     <span class='ocr_line' id='line_1_30' title="bbox 156 2686 1760 2760; baseline -0.001 -17"><span class='ocrx_word' id='word_1_204' title='bbox 156 2693 259 2745; x_wconf 83' lang='grc' dir='ltr'><strong>λου</strong></span> <span class='ocrx_word' id='word_1_205' title='bbox 292 2690 564 2745; x_wconf 78' lang='grc' dir='ltr'>τεθεῖσθαι</span> <span class='ocrx_word' id='word_1_206' title='bbox 614 2688 803 2743; x_wconf 81' lang='grc' dir='ltr'>τοῦτον</span> <span class='ocrx_word' id='word_1_207' title='bbox 852 2688 1237 2760; x_wconf 79' lang='grc' dir='ltr'>ἰσχυρίζονται,</span> <span class='ocrx_word' id='word_1_208' title='bbox 1282 2688 1359 2752; x_wconf 82' lang='grc' dir='ltr'>ὡς</span> <span class='ocrx_word' id='word_1_209' title='bbox 1389 2688 1484 2742; x_wconf 74' lang='grc' dir='ltr'><strong>καὶ</strong></span> <span class='ocrx_word' id='word_1_210' title='bbox 1530 2687 1631 2759; x_wconf 88' lang='grc' dir='ltr'><strong>τὴν</strong></span> <span class='ocrx_word' id='word_1_211' title='bbox 1664 2686 1760 2742; x_wconf 89' lang='grc' dir='ltr'><strong>τοῦ</strong></span> 
     </span>
    </p>
   </div>
   <div class='ocr_carea' id='block_1_31' title="bbox 159 2780 1759 2854">
    <p class='ocr_par' dir='ltr' id='par_1_31' title="bbox 159 2780 1759 2854">
     <span class='ocr_line' id='line_1_31' title="bbox 159 2780 1759 2854; baseline -0.003 -17"><span class='ocrx_word' id='word_1_212' title='bbox 159 2786 378 2854; x_wconf 82' lang='grc' dir='ltr'>κόσμου</span> <span class='ocrx_word' id='word_1_213' title='bbox 428 2783 837 2852; x_wconf 82' lang='grc' dir='ltr'>προσάπτουσιν</span> <span class='ocrx_word' id='word_1_214' title='bbox 888 2782 1040 2852; x_wconf 83' lang='grc' dir='ltr'>αὐτῷ</span> <span class='ocrx_word' id='word_1_215' title='bbox 1087 2780 1484 2854; x_wconf 84' lang='grc' dir='ltr'>δημιουργίαν,</span> <span class='ocrx_word' id='word_1_216' title='bbox 1536 2780 1759 2852; x_wconf 83' lang='grc' dir='ltr'>Πατέρα</span> 
     </span>
    </p>
   </div>
   <div class='ocr_carea' id='block_1_32' title="bbox 158 2872 1759 2949">
    <p class='ocr_par' dir='ltr' id='par_1_32' title="bbox 158 2872 1759 2949">
     <span class='ocr_line' id='line_1_32' title="bbox 158 2872 1759 2949; baseline -0.002 -18"><span class='ocrx_word' id='word_1_217' title='bbox 158 2880 266 2931; x_wconf 70' lang='grc' dir='ltr'><strong>καὶ</strong></span> <span class='ocrx_word' id='word_1_218' title='bbox 322 2875 559 2949; x_wconf 79' lang='grc' dir='ltr'>Ποιητὴν</span> <span class='ocrx_word' id='word_1_219' title='bbox 602 2876 792 2931; x_wconf 88' lang='grc' dir='ltr'>τοῦτον</span> <span class='ocrx_word' id='word_1_220' title='bbox 848 2874 1099 2944; x_wconf 84' lang='grc' dir='ltr'>λέγοντες</span> <span class='ocrx_word' id='word_1_221' title='bbox 1150 2872 1308 2929; x_wconf 79' lang='grc' dir='ltr'>εἶναι.</span> <span class='ocrx_word' id='word_1_222' title='bbox 1349 2874 1520 2928; x_wconf 90' lang='grc' dir='ltr'>Τοῦτο</span> <span class='ocrx_word' id='word_1_223' title='bbox 1562 2874 1618 2927; x_wconf 84' lang='grc' dir='ltr'>δὲ</span> <span class='ocrx_word' id='word_1_224' title='bbox 1664 2873 1759 2927; x_wconf 91' lang='grc' dir='ltr'><strong>τοῦ</strong></span> 
     </span>
    </p>
   </div>
   <div class='ocr_carea' id='block_1_33' title="bbox 160 2955 1762 3034">
    <p class='ocr_par' dir='ltr' id='par_1_33' title="bbox 160 2955 1762 3034">
     <span class='ocr_line' id='line_1_33' title="bbox 160 2955 1762 3034; baseline -0.001 -17"><span class='ocrx_word' id='word_1_225' title='bbox 160 2964 375 3029; x_wconf 82' lang='grc' dir='ltr'>παντὸς</span> <span class='ocrx_word' id='word_1_226' title='bbox 394 2964 710 3018; x_wconf 79' lang='grc' dir='ltr'>διέπταισαν</span> <span class='ocrx_word' id='word_1_227' title='bbox 738 2955 885 3017; x_wconf 70' lang='grc' dir='ltr'>οὗτοι</span> <span class='ocrx_word' id='word_1_228' title='bbox 915 2963 1184 3027; x_wconf 86' lang='grc' dir='ltr'>διαδόντες</span> <span class='ocrx_word' id='word_1_229' title='bbox 1215 2962 1487 3034; x_wconf 80' lang='grc' dir='ltr'>ἀλλήλοις,</span> <span class='ocrx_word' id='word_1_230' title='bbox 1517 2964 1610 3016; x_wconf 77' lang='grc' dir='ltr'><strong>καὶ</strong></span> <span class='ocrx_word' id='word_1_231' title='bbox 1634 2962 1762 3016; x_wconf 83' lang='grc' dir='ltr'>ἑκά-</span> 
     </span>
    </p>
   </div>
   <div class='ocr_carea' id='block_1_34' title="bbox 1859 443 3443 518">
    <p class='ocr_par' dir='ltr' id='par_1_34' title="bbox 1859 443 3443 518">
     <span class='ocr_line' id='line_1_34' title="bbox 1859 443 3443 518; baseline 0.003 -21"><span class='ocrx_word' id='word_1_232' title='bbox 1859 443 2131 500; x_wconf 83' lang='lat' dir='ltr'><strong>Nimirum</strong></span> <span class='ocrx_word' id='word_1_233' title='bbox 2171 454 2321 502; x_wconf 91' lang='lat' dir='ltr'><strong>totus</strong></span> <span class='ocrx_word' id='word_1_234' title='bbox 2363 448 2480 518; x_wconf 91' lang='lat' dir='ltr'><strong>ipse</strong></span> <span class='ocrx_word' id='word_1_235' title='bbox 2517 448 2777 518; x_wconf 77' lang='lat' dir='ltr'><strong>cogitatio</strong></span> <span class='ocrx_word' id='word_1_236' title='bbox 2815 454 2922 515; x_wconf 77' lang='lat' dir='ltr'><strong>est,</strong></span> <span class='ocrx_word' id='word_1_237' title='bbox 2978 455 3128 503; x_wconf 92' lang='lat' dir='ltr'><strong>totus</strong></span> <span class='ocrx_word' id='word_1_238' title='bbox 3166 447 3443 509; x_wconf 89' lang='lat' dir='ltr'><strong>voluntas,</strong></span> 
     </span>
    </p>
   </div>
   <div class='ocr_carea' id='block_1_35' title="bbox 1860 536 3448 605">
    <p class='ocr_par' dir='ltr' id='par_1_35' title="bbox 1860 536 3448 605">
     <span class='ocr_line' id='line_1_35' title="bbox 1860 536 3448 605; baseline 0 -15"><span class='ocrx_word' id='word_1_239' title='bbox 1860 544 2012 592; x_wconf 87' lang='lat' dir='ltr'><strong>totus</strong></span> <span class='ocrx_word' id='word_1_240' title='bbox 2044 553 2222 601; x_wconf 89' lang='lat' dir='ltr'><strong>mens,</strong></span> <span class='ocrx_word' id='word_1_241' title='bbox 2255 545 2405 594; x_wconf 92' lang='lat' dir='ltr'><strong>totus</strong></span> <span class='ocrx_word' id='word_1_242' title='bbox 2433 539 2638 603; x_wconf 80' lang='lat' dir='ltr'><strong>lumen,</strong></span> <span class='ocrx_word' id='word_1_243' title='bbox 2674 547 2822 594; x_wconf 92' lang='lat' dir='ltr'><strong>totus</strong></span> <span class='ocrx_word' id='word_1_244' title='bbox 2861 540 3075 605; x_wconf 90' lang='lat' dir='ltr'><strong>oculus,</strong></span> <span class='ocrx_word' id='word_1_245' title='bbox 3101 546 3249 594; x_wconf 92' lang='lat' dir='ltr'><strong>totus</strong></span> <span class='ocrx_word' id='word_1_246' title='bbox 3289 536 3448 591; x_wconf 91' lang='lat' dir='ltr'><strong>audi-</strong></span> 
     </span>
    </p>
   </div>
   <div class='ocr_carea' id='block_1_36' title="bbox 1862 628 3446 702">
    <p class='ocr_par' dir='ltr' id='par_1_36' title="bbox 1862 628 3446 702">
     <span class='ocr_line' id='line_1_36' title="bbox 1862 628 3446 702; baseline 0 -19"><span class='ocrx_word' id='word_1_247' title='bbox 1862 638 1970 695; x_wconf 90' lang='lat' dir='ltr'><strong>tus,</strong></span> <span class='ocrx_word' id='word_1_248' title='bbox 2000 638 2148 687; x_wconf 89' lang='lat' dir='ltr'><strong>totus</strong></span> <span class='ocrx_word' id='word_1_249' title='bbox 2183 632 2453 685; x_wconf 87' lang='lat' dir='ltr'><strong>honorum</strong></span> <span class='ocrx_word' id='word_1_250' title='bbox 2498 633 2744 686; x_wconf 91' lang='lat' dir='ltr'><strong>omnium</strong></span> <span class='ocrx_word' id='word_1_251' title='bbox 2791 631 2936 696; x_wconf 91' lang='lat' dir='ltr'><strong>fons,</strong></span> <span class='ocrx_word' id='word_1_252' title='bbox 2990 644 3329 702; x_wconf 90' lang='lat' dir='ltr'><strong>prorsusque</strong></span> <span class='ocrx_word' id='word_1_253' title='bbox 3377 628 3446 683; x_wconf 88' lang='lat' dir='ltr'><strong>ab</strong></span> 
     </span>
    </p>
   </div>
   <div class='ocr_carea' id='block_1_37' title="bbox 1862 723 3445 793">
    <p class='ocr_par' dir='ltr' id='par_1_37' title="bbox 1862 723 3445 793">
     <span class='ocr_line' id='line_1_37' title="bbox 1862 723 3445 793; baseline -0.001 -17"><span class='ocrx_word' id='word_1_254' title='bbox 1862 723 2010 777; x_wconf 90' lang='lat' dir='ltr'><strong>omni</strong></span> <span class='ocrx_word' id='word_1_255' title='bbox 2055 724 2468 793; x_wconf 81' lang='lat' dir='ltr'><strong>perturbatione</strong></span> <span class='ocrx_word' id='word_1_256' title='bbox 2509 733 2787 790; x_wconf 88' lang='lat' dir='ltr'><strong>remotus;</strong></span> <span class='ocrx_word' id='word_1_257' title='bbox 2835 738 2944 779; x_wconf 94' lang='lat' dir='ltr'><strong>non</strong></span> <span class='ocrx_word' id='word_1_258' title='bbox 2997 723 3293 787; x_wconf 89' lang='lat' dir='ltr'><strong>sollicitus,</strong></span> <span class='ocrx_word' id='word_1_259' title='bbox 3331 736 3445 776; x_wconf 90' lang='lat' dir='ltr'><strong>non</strong></span> 
     </span>
    </p>
   </div>
   <div class='ocr_carea' id='block_1_38' title="bbox 1862 814 3445 887">
    <p class='ocr_par' dir='ltr' id='par_1_38' title="bbox 1862 814 3445 887">
     <span class='ocr_line' id='line_1_38' title="bbox 1862 814 3445 887; baseline 0.001 -21"><span class='ocrx_word' id='word_1_260' title='bbox 1862 814 2083 879; x_wconf 81' lang='lat' dir='ltr'><strong>anxius,</strong></span> <span class='ocrx_word' id='word_1_261' title='bbox 2129 816 2272 870; x_wconf 89' lang='lat' dir='ltr'><strong>velut</strong></span> <span class='ocrx_word' id='word_1_262' title='bbox 2302 814 2511 887; x_wconf 83' lang='lat' dir='ltr'><strong>Bytbus</strong></span> <span class='ocrx_word' id='word_1_263' title='bbox 2550 817 2662 883; x_wconf 90' lang='lat' dir='ltr'><strong>ille,</strong></span> <span class='ocrx_word' id='word_1_264' title='bbox 2703 817 2787 871; x_wconf 89' lang='lat' dir='ltr'><strong>vel</strong></span> <span class='ocrx_word' id='word_1_265' title='bbox 2830 814 3065 886; x_wconf 82' lang='lat' dir='ltr'><strong>Jupiter,</strong></span> <span class='ocrx_word' id='word_1_266' title='bbox 3086 814 3154 870; x_wconf 90' lang='lat' dir='ltr'><strong>de</strong></span> <span class='ocrx_word' id='word_1_267' title='bbox 3178 829 3287 887; x_wconf 91' lang='lat' dir='ltr'><strong>quo</strong></span> <span class='ocrx_word' id='word_1_268' title='bbox 3321 828 3445 884; x_wconf 68' lang='lat' dir='ltr'><strong>quae</strong></span> 
     </span>
    </p>
   </div>
   <div class='ocr_carea' id='block_1_39' title="bbox 1862 905 3441 978">
    <p class='ocr_par' dir='ltr' id='par_1_39' title="bbox 1862 905 3441 978">
     <span class='ocr_line' id='line_1_39' title="bbox 1862 905 3441 978; baseline -0.002 -17"><span class='ocrx_word' id='word_1_269' title='bbox 1862 907 1931 961; x_wconf 90' lang='lat' dir='ltr'><strong>ab</strong></span> <span class='ocrx_word' id='word_1_270' title='bbox 1963 906 2197 963; x_wconf 85' lang='lat' dir='ltr'><strong>Homero</strong></span> <span class='ocrx_word' id='word_1_271' title='bbox 2246 909 2451 978; x_wconf 90' lang='lat' dir='ltr'><strong>scripta</strong></span> <span class='ocrx_word' id='word_1_272' title='bbox 2498 917 2647 973; x_wconf 87' lang='lat' dir='ltr'><strong>sunt,</strong></span> <span class='ocrx_word' id='word_1_273' title='bbox 2698 906 3024 963; x_wconf 84' lang='lat' dir='ltr'><strong>Ptolemaeus</strong></span> <span class='ocrx_word' id='word_1_274' title='bbox 3088 906 3156 961; x_wconf 92' lang='lat' dir='ltr'><strong>ad</strong></span> <span class='ocrx_word' id='word_1_275' title='bbox 3210 905 3441 977; x_wconf 87' lang='lat' dir='ltr'><strong>Bythum</strong></span> 
     </span>
    </p>
   </div>
   <div class='ocr_carea' id='block_1_40' title="bbox 1861 997 3448 1070">
    <p class='ocr_par' dir='ltr' id='par_1_40' title="bbox 1861 997 3448 1070">
     <span class='ocr_line' id='line_1_40' title="bbox 1861 997 3448 1070; baseline -0.001 -17"><span class='ocrx_word' id='word_1_276' title='bbox 1861 999 2163 1053; x_wconf 89' lang='lat' dir='ltr'><strong>transtulit.</strong></span> <span class='ocrx_word' id='word_1_277' title='bbox 2185 999 2361 1070; x_wconf 87' lang='lat' dir='ltr'><strong>Atque</strong></span> <span class='ocrx_word' id='word_1_278' title='bbox 2380 1008 2437 1052; x_wconf 85' lang='lat' dir='ltr'><strong>ut</strong></span> <span class='ocrx_word' id='word_1_279' title='bbox 2467 998 2908 1069; x_wconf 89' lang='lat' dir='ltr'><strong>improbissimus</strong></span> <span class='ocrx_word' id='word_1_280' title='bbox 2939 998 3257 1070; x_wconf 90' lang='lat' dir='ltr'><strong>bieplanius</strong></span> <span class='ocrx_word' id='word_1_281' title='bbox 3273 997 3448 1067; x_wconf 82' lang='lat' dir='ltr'><strong>magis</strong></span> 
     </span>
    </p>
   </div>
   <div class='ocr_carea' id='block_1_41' title="bbox 1862 1090 3444 1162">
    <p class='ocr_par' dir='ltr' id='par_1_41' title="bbox 1862 1090 3444 1162">
     <span class='ocr_line' id='line_1_41' title="bbox 1862 1090 3444 1162; baseline -0.001 -18"><span class='ocrx_word' id='word_1_282' title='bbox 1862 1092 2146 1162; x_wconf 82' lang='lat' dir='ltr'><strong>magisque</strong></span> <span class='ocrx_word' id='word_1_283' title='bbox 2184 1091 2483 1157; x_wconf 84' lang='lat' dir='ltr'><strong>refellatur,</strong></span> <span class='ocrx_word' id='word_1_284' title='bbox 2520 1091 2675 1162; x_wconf 80' lang='lat' dir='ltr'><strong>juvat</strong></span> <span class='ocrx_word' id='word_1_285' title='bbox 2732 1092 2839 1147; x_wconf 82' lang='lat' dir='ltr'><strong>hoc</strong></span> <span class='ocrx_word' id='word_1_286' title='bbox 2887 1092 3010 1147; x_wconf 92' lang='lat' dir='ltr'><strong>loco</strong></span> <span class='ocrx_word' id='word_1_287' title='bbox 3058 1106 3121 1147; x_wconf 88' lang='lat' dir='ltr'><strong>ea</strong></span> <span class='ocrx_word' id='word_1_288' title='bbox 3148 1090 3444 1160; x_wconf 90' lang='lat' dir='ltr'><strong>subjicere,</strong></span> 
     </span>
    </p>
   </div>
   <div class='ocr_carea' id='block_1_42' title="bbox 1862 1181 3447 1256">
    <p class='ocr_par' dir='ltr' id='par_1_42' title="bbox 1862 1181 3447 1256">
     <span class='ocr_line' id='line_1_42' title="bbox 1862 1181 3447 1256; baseline -0.001 -20"><span class='ocrx_word' id='word_1_289' title='bbox 1862 1198 1985 1253; x_wconf 72' lang='lat' dir='ltr'><strong>qua:</strong></span> <span class='ocrx_word' id='word_1_290' title='bbox 2028 1182 2097 1237; x_wconf 89' lang='lat' dir='ltr'><strong>ad</strong></span> <span class='ocrx_word' id='word_1_291' title='bbox 2144 1181 2360 1238; x_wconf 88' lang='lat' dir='ltr'><strong>Floram</strong></span> <span class='ocrx_word' id='word_1_292' title='bbox 2421 1186 2710 1256; x_wconf 85' lang='lat' dir='ltr'><strong>quamdam</strong></span> <span class='ocrx_word' id='word_1_293' title='bbox 2776 1184 3154 1241; x_wconf 85' lang='lat' dir='ltr'><strong>mulierculam</strong></span> <span class='ocrx_word' id='word_1_294' title='bbox 3201 1182 3447 1253; x_wconf 86' lang='lat' dir='ltr'><strong>scripsit,</strong></span> 
     </span>
    </p>
   </div>
   <div class='ocr_carea' id='block_1_43' title="bbox 1865 1274 3447 1348">
    <p class='ocr_par' dir='ltr' id='par_1_43' title="bbox 1865 1274 3447 1348">
     <span class='ocr_line' id='line_1_43' title="bbox 1865 1274 3447 1348; baseline 0.001 -20"><span class='ocrx_word' id='word_1_295' title='bbox 1865 1274 2023 1345; x_wconf 89' lang='lat' dir='ltr'><strong>plena</strong></span> <span class='ocrx_word' id='word_1_296' title='bbox 2058 1274 2149 1329; x_wconf 88' lang='lat' dir='ltr'><strong>illa</strong></span> <span class='ocrx_word' id='word_1_297' title='bbox 2185 1275 2403 1346; x_wconf 87' lang='lat' dir='ltr'><strong>quidem</strong></span> <span class='ocrx_word' id='word_1_298' title='bbox 2470 1278 2739 1333; x_wconf 77' lang='lat' dir='ltr'><strong>illecebra:</strong></span> <span class='ocrx_word' id='word_1_299' title='bbox 2784 1276 2850 1331; x_wconf 88' lang='lat' dir='ltr'><strong>ad</strong></span> <span class='ocrx_word' id='word_1_300' title='bbox 2886 1274 3347 1348; x_wconf 86' lang='lat' dir='ltr'><strong>persuadendum,</strong></span> <span class='ocrx_word' id='word_1_301' title='bbox 3382 1290 3447 1329; x_wconf 89' lang='lat' dir='ltr'><strong>ac</strong></span> 
     </span>
    </p>
   </div>
   <div class='ocr_carea' id='block_1_44' title="bbox 1866 1366 3451 1441">
    <p class='ocr_par' dir='ltr' id='par_1_44' title="bbox 1866 1366 3451 1441">
     <span class='ocr_line' id='line_1_44' title="bbox 1866 1366 3451 1441; baseline 0.001 -19"><span class='ocrx_word' id='word_1_302' title='bbox 1866 1366 2147 1437; x_wconf 87' lang='lat' dir='ltr'><strong>pestifera,</strong></span> <span class='ocrx_word' id='word_1_303' title='bbox 2182 1383 2251 1423; x_wconf 90' lang='lat' dir='ltr'><strong>ne</strong></span> <span class='ocrx_word' id='word_1_304' title='bbox 2280 1369 2407 1439; x_wconf 89' lang='lat' dir='ltr'><strong>quis</strong></span> <span class='ocrx_word' id='word_1_305' title='bbox 2430 1368 2659 1425; x_wconf 80' lang='lat' dir='ltr'><strong>forsitan</strong></span> <span class='ocrx_word' id='word_1_306' title='bbox 2693 1377 2865 1441; x_wconf 88' lang='lat' dir='ltr'><strong>putet,</strong></span> <span class='ocrx_word' id='word_1_307' title='bbox 2902 1385 2987 1424; x_wconf 91' lang='lat' dir='ltr'><strong>me</strong></span> <span class='ocrx_word' id='word_1_308' title='bbox 3014 1385 3079 1424; x_wconf 77' lang='lat' dir='ltr'><strong>ex</strong></span> <span class='ocrx_word' id='word_1_309' title='bbox 3110 1369 3297 1423; x_wconf 87' lang='lat' dir='ltr'><strong>auditu</strong></span> <span class='ocrx_word' id='word_1_310' title='bbox 3331 1369 3451 1423; x_wconf 90' lang='lat' dir='ltr'><strong>solo</strong></span> 
     </span>
    </p>
   </div>
   <div class='ocr_carea' id='block_1_45' title="bbox 1864 1460 3446 1532">
    <p class='ocr_par' dir='ltr' id='par_1_45' title="bbox 1864 1460 3446 1532">
     <span class='ocr_line' id='line_1_45' title="bbox 1864 1460 3446 1532; baseline -0.001 -18"><span class='ocrx_word' id='word_1_311' title='bbox 1864 1468 2057 1514; x_wconf 82' lang='lat' dir='ltr'><strong>contra</strong></span> <span class='ocrx_word' id='word_1_312' title='bbox 2096 1460 2422 1517; x_wconf 87' lang='lat' dir='ltr'><strong>nebulonem</strong></span> <span class='ocrx_word' id='word_1_313' title='bbox 2468 1462 2616 1517; x_wconf 89' lang='lat' dir='ltr'><strong>hunc</strong></span> <span class='ocrx_word' id='word_1_314' title='bbox 2655 1463 2855 1532; x_wconf 83' lang='lat' dir='ltr'><strong>egisse,</strong></span> <span class='ocrx_word' id='word_1_315' title='bbox 2888 1462 3212 1532; x_wconf 89' lang='lat' dir='ltr'><strong>nullumque</strong></span> <span class='ocrx_word' id='word_1_316' title='bbox 3252 1461 3446 1530; x_wconf 83' lang='lat' dir='ltr'><strong>depra-</strong></span> 
     </span>
    </p>
   </div>
   <div class='ocr_carea' id='block_1_46' title="bbox 1862 1551 3450 1626">
    <p class='ocr_par' dir='ltr' id='par_1_46' title="bbox 1862 1551 3450 1626">
     <span class='ocr_line' id='line_1_46' title="bbox 1862 1551 3450 1626; baseline -0.001 -20"><span class='ocrx_word' id='word_1_317' title='bbox 1862 1562 1999 1607; x_wconf 82' lang='lat' dir='ltr'><strong>vatae</strong></span> <span class='ocrx_word' id='word_1_318' title='bbox 2028 1553 2149 1623; x_wconf 90' lang='lat' dir='ltr'><strong>ejus</strong></span> <span class='ocrx_word' id='word_1_319' title='bbox 2180 1554 2446 1609; x_wconf 73' lang='lat' dir='ltr'><strong>doctrina:</strong></span> <span class='ocrx_word' id='word_1_320' title='bbox 2479 1555 2770 1626; x_wconf 84' lang='lat' dir='ltr'><strong>vestigium</strong></span> <span class='ocrx_word' id='word_1_321' title='bbox 2814 1565 2975 1610; x_wconf 88' lang='lat' dir='ltr'><strong>antea</strong></span> <span class='ocrx_word' id='word_1_322' title='bbox 3028 1555 3352 1625; x_wconf 85' lang='lat' dir='ltr'><strong>pervidisse.</strong></span> <span class='ocrx_word' id='word_1_323' title='bbox 3386 1551 3450 1606; x_wconf 85' lang='lat' dir='ltr'><strong>Et</strong></span> 
     </span>
    </p>
   </div>
   <div class='ocr_carea' id='block_1_47' title="bbox 1861 1643 3450 1717">
    <p class='ocr_par' dir='ltr' id='par_1_47' title="bbox 1861 1643 3450 1717">
     <span class='ocr_line' id='line_1_47' title="bbox 1861 1643 3450 1717; baseline 0.002 -20"><span class='ocrx_word' id='word_1_324' title='bbox 1861 1643 2079 1714; x_wconf 88' lang='lat' dir='ltr'><strong>quidem</strong></span> <span class='ocrx_word' id='word_1_325' title='bbox 2098 1654 2293 1716; x_wconf 65' lang='lat' dir='ltr'><strong>prazter</strong></span> <span class='ocrx_word' id='word_1_326' title='bbox 2307 1661 2368 1701; x_wconf 90' lang='lat' dir='ltr'><strong>ea</strong></span> <span class='ocrx_word' id='word_1_327' title='bbox 2386 1662 2507 1717; x_wconf 70' lang='lat' dir='ltr'><strong>qua:</strong></span> <span class='ocrx_word' id='word_1_328' title='bbox 2522 1647 3081 1713; x_wconf 79' lang='lat' dir='ltr'><strong>diximus,Mosaieam</strong></span> <span class='ocrx_word' id='word_1_329' title='bbox 3099 1648 3262 1702; x_wconf 88' lang='lat' dir='ltr'><strong>etiam</strong></span> <span class='ocrx_word' id='word_1_330' title='bbox 3279 1648 3450 1717; x_wconf 84' lang='lat' dir='ltr'><strong>legem</strong></span> 
     </span>
    </p>
   </div>
   <div class='ocr_carea' id='block_1_48' title="bbox 1790 1718 3447 1811">
    <p class='ocr_par' dir='ltr' id='par_1_48' title="bbox 1790 1718 3447 1811">
     <span class='ocr_line' id='line_1_48' title="bbox 1790 1718 3447 1811; baseline 0.002 -21"><span class='ocrx_word' id='word_1_331' title='bbox 1790 1718 1832 1773; x_wconf 78' lang='grc' dir='ltr'><strong>Β</strong></span> <span class='ocrx_word' id='word_1_332' title='bbox 1862 1735 2166 1791; x_wconf 75' lang='lat' dir='ltr'><strong>maledictis</strong></span> <span class='ocrx_word' id='word_1_333' title='bbox 2184 1737 2428 1793; x_wconf 86' lang='lat' dir='ltr'><strong>incessit.</strong></span> <span class='ocrx_word' id='word_1_334' title='bbox 2450 1737 2543 1795; x_wconf 88' lang='lat' dir='ltr'><strong>Est</strong></span> <span class='ocrx_word' id='word_1_335' title='bbox 2566 1746 2746 1795; x_wconf 88' lang='lat' dir='ltr'><strong>autem</strong></span> <span class='ocrx_word' id='word_1_336' title='bbox 2774 1739 3044 1808; x_wconf 85' lang='lat' dir='ltr'><strong>ejusmodi</strong></span> <span class='ocrx_word' id='word_1_337' title='bbox 3066 1740 3178 1795; x_wconf 82' lang='lat' dir='ltr'><strong>haec</strong></span> <span class='ocrx_word' id='word_1_338' title='bbox 3195 1740 3447 1811; x_wconf 80' lang='lat' dir='ltr'><strong>epistola.</strong></span> 
     </span>
    </p>
   </div>
   <div class='ocr_carea' id='block_1_49' title="bbox 2208 1851 3140 1924">
    <p class='ocr_par' dir='ltr' id='par_1_49' title="bbox 2208 1851 3140 1924">
     <span class='ocr_line' id='line_1_49' title="bbox 2208 1851 3140 1924; baseline 0.004 -19"><span class='ocrx_word' id='word_1_339' title='bbox 2208 1851 2485 1909; x_wconf 76' lang='lat' dir='ltr'><strong>Ptolemwi</strong></span> <span class='ocrx_word' id='word_1_340' title='bbox 2530 1855 2600 1907; x_wconf 86' lang='lat' dir='ltr'><strong>ad</strong></span> <span class='ocrx_word' id='word_1_341' title='bbox 2638 1853 2857 1909; x_wconf 78' lang='lat' dir='ltr'><strong>Florum</strong></span> <span class='ocrx_word' id='word_1_342' title='bbox 2895 1857 3140 1924; x_wconf 76' lang='lat' dir='ltr'><strong>epistola.</strong></span> 
     </span>
    </p>
   </div>
   <div class='ocr_carea' id='block_1_50' title="bbox 1930 1940 3451 2016">
    <p class='ocr_par' dir='ltr' id='par_1_50' title="bbox 1930 1940 3451 2016">
     <span class='ocr_line' id='line_1_50' title="bbox 1930 1940 3451 2016; baseline 0.003 -21"><span class='ocrx_word' id='word_1_343' title='bbox 1930 1940 2017 1998; x_wconf 89' lang='lat' dir='ltr'><strong>lll.</strong></span> <span class='ocrx_word' id='word_1_344' title='bbox 2047 1942 2243 2015; x_wconf 80' lang='lat' dir='ltr'><strong>Legem</strong></span> <span class='ocrx_word' id='word_1_345' title='bbox 2285 1945 2433 1999; x_wconf 85' lang='lat' dir='ltr'><strong>illam</strong></span> <span class='ocrx_word' id='word_1_346' title='bbox 2469 1961 2592 2016; x_wconf 68' lang='lat' dir='ltr'><strong>quae</strong></span> <span class='ocrx_word' id='word_1_347' title='bbox 2627 1961 2657 1999; x_wconf 89' lang='lat' dir='ltr'><strong>a</strong></span> <span class='ocrx_word' id='word_1_348' title='bbox 2685 1945 2834 2002; x_wconf 87' lang='lat' dir='ltr'><strong>Mose</strong></span> <span class='ocrx_word' id='word_1_349' title='bbox 2892 1945 3093 2000; x_wconf 87' lang='lat' dir='ltr'><strong>tradita</strong></span> <span class='ocrx_word' id='word_1_350' title='bbox 3130 1955 3236 2010; x_wconf 89' lang='lat' dir='ltr'><strong>est,</strong></span> <span class='ocrx_word' id='word_1_351' title='bbox 3292 1944 3451 2001; x_wconf 87' lang='lat' dir='ltr'><strong>Flora</strong></span> 
     </span>
    </p>
   </div>
   <div class='ocr_carea' id='block_1_51' title="bbox 1863 2038 3453 2110">
    <p class='ocr_par' dir='ltr' id='par_1_51' title="bbox 1863 2038 3453 2110">
     <span class='ocr_line' id='line_1_51' title="bbox 1863 2038 3453 2110; baseline 0.002 -20"><span class='ocrx_word' id='word_1_352' title='bbox 1863 2050 2023 2101; x_wconf 86' lang='lat' dir='ltr'><strong>soror</strong></span> <span class='ocrx_word' id='word_1_353' title='bbox 2047 2038 2455 2105; x_wconf 89' lang='lat' dir='ltr'><strong>amantissima,</strong></span> <span class='ocrx_word' id='word_1_354' title='bbox 2476 2055 2653 2110; x_wconf 90' lang='lat' dir='ltr'><strong>neque</strong></span> <span class='ocrx_word' id='word_1_355' title='bbox 2687 2047 3029 2110; x_wconf 82' lang='lat' dir='ltr'><strong>perspectam</strong></span> <span class='ocrx_word' id='word_1_356' title='bbox 3058 2039 3242 2094; x_wconf 87' lang='lat' dir='ltr'><strong>haberi</strong></span> <span class='ocrx_word' id='word_1_357' title='bbox 3260 2054 3453 2110; x_wconf 84' lang='lat' dir='ltr'><strong>quam-</strong></span> 
     </span>
    </p>
   </div>
   <div class='ocr_carea' id='block_1_52' title="bbox 1861 2130 3451 2204">
    <p class='ocr_par' dir='ltr' id='par_1_52' title="bbox 1861 2130 3451 2204">
     <span class='ocr_line' id='line_1_52' title="bbox 1861 2130 3451 2204; baseline 0.004 -21"><span class='ocrx_word' id='word_1_358' title='bbox 1861 2130 2153 2200; x_wconf 90' lang='lat' dir='ltr'><strong>plurimos,</strong></span> <span class='ocrx_word' id='word_1_359' title='bbox 2190 2148 2369 2203; x_wconf 90' lang='lat' dir='ltr'><strong>neque</strong></span> <span class='ocrx_word' id='word_1_360' title='bbox 2416 2133 2539 2203; x_wconf 86' lang='lat' dir='ltr'><strong>ejus</strong></span> <span class='ocrx_word' id='word_1_361' title='bbox 2582 2135 2730 2189; x_wconf 90' lang='lat' dir='ltr'><strong>velut</strong></span> <span class='ocrx_word' id='word_1_362' title='bbox 2787 2133 3145 2188; x_wconf 88' lang='lat' dir='ltr'><strong>fundamenta</strong></span> <span class='ocrx_word' id='word_1_363' title='bbox 3180 2136 3263 2189; x_wconf 89' lang='lat' dir='ltr'><strong>vel</strong></span> <span class='ocrx_word' id='word_1_364' title='bbox 3313 2148 3451 2204; x_wconf 65' lang='lat' dir='ltr'><strong>prae-</strong></span> 
     </span>
    </p>
   </div>
   <div class='ocr_carea' id='block_1_53' title="bbox 1862 2224 3448 2294">
    <p class='ocr_par' dir='ltr' id='par_1_53' title="bbox 1862 2224 3448 2294">
     <span class='ocr_line' id='line_1_53' title="bbox 1862 2224 3448 2294; baseline 0.002 -17"><span class='ocrx_word' id='word_1_365' title='bbox 1862 2224 2066 2293; x_wconf 88' lang='lat' dir='ltr'><strong>scripta</strong></span> <span class='ocrx_word' id='word_1_366' title='bbox 2101 2238 2455 2294; x_wconf 88' lang='lat' dir='ltr'><strong>cognoscere,</strong></span> <span class='ocrx_word' id='word_1_367' title='bbox 2479 2225 2640 2281; x_wconf 81' lang='lat' dir='ltr'><strong>facile</strong></span> <span class='ocrx_word' id='word_1_368' title='bbox 2670 2234 2723 2281; x_wconf 89' lang='lat' dir='ltr'><strong>te</strong></span> <span class='ocrx_word' id='word_1_369' title='bbox 2745 2227 3448 2291; x_wconf 81' lang='lat' dir='ltr'><strong>intellecturamexistimo,</strong></span> 
     </span>
    </p>
   </div>
   <div class='ocr_carea' id='block_1_54' title="bbox 1861 2317 3453 2389">
    <p class='ocr_par' dir='ltr' id='par_1_54' title="bbox 1861 2317 3453 2389">
     <span class='ocr_line' id='line_1_54' title="bbox 1861 2317 3453 2389; baseline 0.001 -17"><span class='ocrx_word' id='word_1_370' title='bbox 1861 2318 1906 2372; x_wconf 88' lang='lat' dir='ltr'><strong>si</strong></span> <span class='ocrx_word' id='word_1_371' title='bbox 1937 2331 2101 2386; x_wconf 90' lang='lat' dir='ltr'><strong>quam</strong></span> <span class='ocrx_word' id='word_1_372' title='bbox 2132 2317 2296 2372; x_wconf 62' lang='lat' dir='ltr'><strong>variae</strong></span> <span class='ocrx_word' id='word_1_373' title='bbox 2330 2318 2397 2373; x_wconf 88' lang='lat' dir='ltr'><strong>de</strong></span> <span class='ocrx_word' id='word_1_374' title='bbox 2420 2318 2511 2372; x_wconf 87' lang='lat' dir='ltr'><strong>illa</strong></span> <span class='ocrx_word' id='word_1_375' title='bbox 2544 2319 2655 2373; x_wconf 89' lang='lat' dir='ltr'><strong>sint</strong></span> <span class='ocrx_word' id='word_1_376' title='bbox 2683 2320 2971 2389; x_wconf 76' lang='lat' dir='ltr'><strong>Opiniones</strong></span> <span class='ocrx_word' id='word_1_377' title='bbox 3000 2320 3283 2375; x_wconf 81' lang='lat' dir='ltr'><strong>didiceris.</strong></span> <span class='ocrx_word' id='word_1_378' title='bbox 3311 2317 3453 2374; x_wconf 83' lang='lat' dir='ltr'><strong>Sunt</strong></span> 
     </span>
    </p>
   </div>
   <div class='ocr_carea' id='block_1_55' title="bbox 1861 2407 3454 2480">
    <p class='ocr_par' dir='ltr' id='par_1_55' title="bbox 1861 2407 3454 2480">
     <span class='ocr_line' id='line_1_55' title="bbox 1861 2407 3454 2480; baseline 0.003 -18"><span class='ocrx_word' id='word_1_379' title='bbox 1861 2409 2008 2463; x_wconf 88' lang='lat' dir='ltr'><strong>enim</strong></span> <span class='ocrx_word' id='word_1_380' title='bbox 2030 2408 2125 2479; x_wconf 88' lang='lat' dir='ltr'><strong>qui</strong></span> <span class='ocrx_word' id='word_1_381' title='bbox 2158 2408 2305 2462; x_wconf 89' lang='lat' dir='ltr'><strong>illam</strong></span> <span class='ocrx_word' id='word_1_382' title='bbox 2335 2423 2365 2462; x_wconf 92' lang='lat' dir='ltr'><strong>a</strong></span> <span class='ocrx_word' id='word_1_383' title='bbox 2395 2407 2507 2463; x_wconf 89' lang='lat' dir='ltr'><strong>Deo</strong></span> <span class='ocrx_word' id='word_1_384' title='bbox 2551 2419 2743 2480; x_wconf 87' lang='lat' dir='ltr'><strong>putant</strong></span> <span class='ocrx_word' id='word_1_385' title='bbox 2773 2426 2838 2466; x_wconf 89' lang='lat' dir='ltr'><strong>ac</strong></span> <span class='ocrx_word' id='word_1_386' title='bbox 2864 2411 3024 2468; x_wconf 87' lang='lat' dir='ltr'><strong>Patre</strong></span> <span class='ocrx_word' id='word_1_387' title='bbox 3049 2412 3219 2469; x_wconf 91' lang='lat' dir='ltr'><strong>fuisse</strong></span> <span class='ocrx_word' id='word_1_388' title='bbox 3245 2412 3454 2468; x_wconf 89' lang='lat' dir='ltr'><strong>consti-</strong></span> 
     </span>
    </p>
   </div>
   <div class='ocr_carea' id='block_1_56' title="bbox 1863 2501 3453 2575">
    <p class='ocr_par' dir='ltr' id='par_1_56' title="bbox 1863 2501 3453 2575">
     <span class='ocr_line' id='line_1_56' title="bbox 1863 2501 3453 2575; baseline 0.004 -22"><span class='ocrx_word' id='word_1_389' title='bbox 1863 2507 2060 2557; x_wconf 90' lang='lat' dir='ltr'><strong>tutam.</strong></span> <span class='ocrx_word' id='word_1_390' title='bbox 2082 2501 2186 2554; x_wconf 92' lang='lat' dir='ltr'><strong>Alii</strong></span> <span class='ocrx_word' id='word_1_391' title='bbox 2205 2501 2540 2555; x_wconf 88' lang='lat' dir='ltr'><strong>contrariam</strong></span> <span class='ocrx_word' id='word_1_392' title='bbox 2577 2502 2717 2557; x_wconf 77' lang='lat' dir='ltr'><strong>viam</strong></span> <span class='ocrx_word' id='word_1_393' title='bbox 2745 2504 2999 2574; x_wconf 85' lang='lat' dir='ltr'><strong>ingressi,</strong></span> <span class='ocrx_word' id='word_1_394' title='bbox 3021 2505 3091 2559; x_wconf 86' lang='lat' dir='ltr'><strong>ab</strong></span> <span class='ocrx_word' id='word_1_395' title='bbox 3112 2506 3232 2575; x_wconf 89' lang='lat' dir='ltr'><strong>ejus</strong></span> <span class='ocrx_word' id='word_1_396' title='bbox 3253 2505 3453 2560; x_wconf 65' lang='lat' dir='ltr'><strong>aemulo</strong></span> 
     </span>
    </p>
   </div>
   <div class='ocr_carea' id='block_1_57' title="bbox 1861 2592 3451 2667">
    <p class='ocr_par' dir='ltr' id='par_1_57' title="bbox 1861 2592 3451 2667">
     <span class='ocr_line' id='line_1_57' title="bbox 1861 2592 3451 2667; baseline 0.003 -20"><span class='ocrx_word' id='word_1_397' title='bbox 1861 2592 2074 2648; x_wconf 86' lang='lat' dir='ltr'><strong>nefario</strong></span> <span class='ocrx_word' id='word_1_398' title='bbox 2096 2594 2345 2649; x_wconf 65' lang='lat' dir='ltr'><strong>daemone</strong></span> <span class='ocrx_word' id='word_1_399' title='bbox 2366 2594 2530 2649; x_wconf 90' lang='lat' dir='ltr'><strong>latam</strong></span> <span class='ocrx_word' id='word_1_400' title='bbox 2566 2594 2861 2658; x_wconf 78' lang='lat' dir='ltr'><strong>aﬂirmant,</strong></span> <span class='ocrx_word' id='word_1_401' title='bbox 2902 2611 2932 2650; x_wconf 87' lang='lat' dir='ltr'><strong>a</strong></span> <span class='ocrx_word' id='word_1_402' title='bbox 2965 2613 3075 2667; x_wconf 94' lang='lat' dir='ltr'><strong>quo</strong></span> <span class='ocrx_word' id='word_1_403' title='bbox 3099 2607 3151 2653; x_wconf 91' lang='lat' dir='ltr'><strong>et</strong></span> <span class='ocrx_word' id='word_1_404' title='bbox 3185 2597 3451 2653; x_wconf 89' lang='lat' dir='ltr'><strong>mundum</strong></span> 
     </span>
    </p>
   </div>
   <div class='ocr_carea' id='block_1_58' title="bbox 1863 2683 3451 2751">
    <p class='ocr_par' dir='ltr' id='par_1_58' title="bbox 1863 2683 3451 2751">
     <span class='ocr_line' id='line_1_58' title="bbox 1863 2683 3451 2751; baseline 0.006 -14"><span class='ocrx_word' id='word_1_405' title='bbox 1863 2683 2190 2739; x_wconf 81' lang='lat' dir='ltr'><strong>fabricatum</strong></span> <span class='ocrx_word' id='word_1_406' title='bbox 2243 2695 2521 2751; x_wconf 86' lang='lat' dir='ltr'><strong>asserunt,</strong></span> <span class='ocrx_word' id='word_1_407' title='bbox 2583 2694 2638 2741; x_wconf 84' lang='lat' dir='ltr'><strong>et</strong></span> <span class='ocrx_word' id='word_1_408' title='bbox 2686 2687 2935 2742; x_wconf 88' lang='lat' dir='ltr'><strong>eumdem</strong></span> <span class='ocrx_word' id='word_1_409' title='bbox 2992 2689 3343 2747; x_wconf 88' lang='lat' dir='ltr'><strong>Conditorem</strong></span> <span class='ocrx_word' id='word_1_410' title='bbox 3384 2706 3451 2746; x_wconf 90' lang='lat' dir='ltr'><strong>ac</strong></span> 
     </span>
    </p>
   </div>
   <div class='ocr_carea' id='block_1_59' title="bbox 1861 2775 3452 2854">
    <p class='ocr_par' dir='ltr' id='par_1_59' title="bbox 1861 2775 3452 2854">
     <span class='ocr_line' id='line_1_59' title="bbox 1861 2775 3452 2854; baseline 0.007 -25"><span class='ocrx_word' id='word_1_411' title='bbox 1861 2775 2080 2832; x_wconf 87' lang='lat' dir='ltr'><strong>Patrem</strong></span> <span class='ocrx_word' id='word_1_412' title='bbox 2132 2793 2257 2834; x_wconf 85' lang='lat' dir='ltr'><strong>esse</strong></span> <span class='ocrx_word' id='word_1_413' title='bbox 2313 2779 2595 2834; x_wconf 91' lang='lat' dir='ltr'><strong>dictitant.</strong></span> <span class='ocrx_word' id='word_1_414' title='bbox 2641 2779 2843 2836; x_wconf 86' lang='lat' dir='ltr'><strong>Verum</strong></span> <span class='ocrx_word' id='word_1_415' title='bbox 2891 2782 2991 2847; x_wconf 91' lang='lat' dir='ltr'><strong>illi,</strong></span> <span class='ocrx_word' id='word_1_416' title='bbox 3039 2784 3131 2854; x_wconf 91' lang='lat' dir='ltr'><strong>qui</strong></span> <span class='ocrx_word' id='word_1_417' title='bbox 3180 2784 3452 2854; x_wconf 87' lang='lat' dir='ltr'><strong>ejusmodi</strong></span> 
     </span>
    </p>
   </div>
   <div class='ocr_carea' id='block_1_60' title="bbox 1862 2870 3453 2942">
    <p class='ocr_par' dir='ltr' id='par_1_60' title="bbox 1862 2870 3453 2942">
     <span class='ocr_line' id='line_1_60' title="bbox 1862 2870 3453 2942; baseline 0.005 -18"><span class='ocrx_word' id='word_1_418' title='bbox 1862 2870 2117 2942; x_wconf 86' lang='lat' dir='ltr'><strong>dogmata</strong></span> <span class='ocrx_word' id='word_1_419' title='bbox 2145 2871 2250 2927; x_wconf 88' lang='lat' dir='ltr'><strong>sibi</strong></span> <span class='ocrx_word' id='word_1_420' title='bbox 2287 2872 2523 2928; x_wconf 85' lang='lat' dir='ltr'><strong>invicem</strong></span> <span class='ocrx_word' id='word_1_421' title='bbox 2564 2875 3065 2940; x_wconf 79' lang='lat' dir='ltr'><strong>commlmicarunt,</strong></span> <span class='ocrx_word' id='word_1_422' title='bbox 3100 2877 3453 2933; x_wconf 85' lang='lat' dir='ltr'><strong>vehementer</strong></span> 
     </span>
    </p>
   </div>
   <div class='ocr_carea' id='block_1_61' title="bbox 1864 2968 3448 3043">
    <p class='ocr_par' dir='ltr' id='par_1_61' title="bbox 1864 2968 3448 3043">
     <span class='ocr_line' id='line_1_61' title="bbox 1864 2968 3448 3043; baseline 0.004 -23"><span class='ocrx_word' id='word_1_423' title='bbox 1864 2968 2180 3023; x_wconf 86' lang='lat' dir='ltr'><strong>hallucinati</strong></span> <span class='ocrx_word' id='word_1_424' title='bbox 2216 2978 2364 3035; x_wconf 89' lang='lat' dir='ltr'><strong>sunt,</strong></span> <span class='ocrx_word' id='word_1_425' title='bbox 2409 2970 2551 3025; x_wconf 89' lang='lat' dir='ltr'><strong>etab</strong></span> <span class='ocrx_word' id='word_1_426' title='bbox 2584 2985 2649 3025; x_wconf 91' lang='lat' dir='ltr'><strong>eo</strong></span> <span class='ocrx_word' id='word_1_427' title='bbox 2688 2986 2850 3040; x_wconf 88' lang='lat' dir='ltr'><strong>quem</strong></span> <span class='ocrx_word' id='word_1_428' title='bbox 2877 2972 2979 3027; x_wconf 91' lang='lat' dir='ltr'><strong>sibi</strong></span> <span class='ocrx_word' id='word_1_429' title='bbox 3027 2981 3448 3043; x_wconf 88' lang='lat' dir='ltr'><strong>proposuerant,</strong></span> 
     </span>
    </p>
   </div>
   <div class='ocr_carea' id='block_1_62' title="bbox 153 3055 1743 3136">
    <p class='ocr_par' dir='ltr' id='par_1_62' title="bbox 153 3055 1743 3130">
     <span class='ocr_line' id='line_1_62' title="bbox 153 3055 1743 3130; baseline -0.002 -18"><span class='ocrx_word' id='word_1_430' title='bbox 153 3075 317 3130; x_wconf 85' lang='grc' dir='ltr'>τεροι</span> <span class='ocrx_word' id='word_1_431' title='bbox 363 3056 543 3110; x_wconf 81' lang='grc' dir='ltr'>αὐτῶν</span> <span class='ocrx_word' id='word_1_432' title='bbox 587 3055 981 3128; x_wconf 85' lang='grc' dir='ltr'>διαμαρτόντες</span> <span class='ocrx_word' id='word_1_433' title='bbox 1020 3056 1174 3129; x_wconf 88' lang='grc' dir='ltr'><strong>παρά</strong></span> <span class='ocrx_word' id='word_1_434' title='bbox 1215 3056 1396 3125; x_wconf 88' lang='grc' dir='ltr'>σφίσιν</span> <span class='ocrx_word' id='word_1_435' title='bbox 1441 3058 1626 3121; x_wconf 84' lang='grc' dir='ltr'>αὐτοῖς</span> <span class='ocrx_word' id='word_1_436' title='bbox 1660 3058 1743 3129; x_wconf 67' lang='grc' dir='ltr'>τῆς</span> 
     </span>
    </p>
   </div>
   <div class='ocr_carea' id='block_1_63' title="bbox 1930 3055 3450 3136">
    <p class='ocr_par' dir='ltr' id='par_1_63' title="bbox 1931 3061 3450 3136">
     <span class='ocr_line' id='line_1_63' title="bbox 1931 3061 3450 3136; baseline 0.007 -24"><span class='ocrx_word' id='word_1_437' title='bbox 1931 3074 2036 3130; x_wconf 93' lang='lat' dir='ltr'><strong>opo</strong></span> <span class='ocrx_word' id='word_1_438' title='bbox 2068 3061 2311 3117; x_wconf 86' lang='lat' dir='ltr'><strong>veritatis</strong></span> <span class='ocrx_word' id='word_1_439' title='bbox 2325 3062 2673 3118; x_wconf 85' lang='lat' dir='ltr'><strong>aberrarunt.</strong></span> <span class='ocrx_word' id='word_1_440' title='bbox 2704 3064 2836 3118; x_wconf 81' lang='lat' dir='ltr'><strong>Nam</strong></span> <span class='ocrx_word' id='word_1_441' title='bbox 2866 3080 2967 3121; x_wconf 87' lang='lat' dir='ltr'><strong>nec</strong></span> <span class='ocrx_word' id='word_1_442' title='bbox 2999 3080 3029 3119; x_wconf 90' lang='lat' dir='ltr'><strong>a</strong></span> <span class='ocrx_word' id='word_1_443' title='bbox 3065 3064 3310 3136; x_wconf 83' lang='lat' dir='ltr'><strong>perfecto</strong></span> <span class='ocrx_word' id='word_1_444' title='bbox 3339 3065 3450 3122; x_wconf 91' lang='lat' dir='ltr'><strong>Deo</strong></span> 
     </span>
    </p>
   </div>
   <div class='ocr_carea' id='block_1_64' title="bbox 153 3145 1763 3220">
    <p class='ocr_par' dir='ltr' id='par_1_64' title="bbox 153 3145 1763 3220">
     <span class='ocr_line' id='line_1_64' title="bbox 153 3145 1763 3220; baseline -0.001 -17"><span class='ocrx_word' id='word_1_445' title='bbox 153 3148 265 3204; x_wconf 82' lang='grc' dir='ltr'><strong>τοῦ</strong></span> <span class='ocrx_word' id='word_1_446' title='bbox 300 3148 663 3219; x_wconf 85' lang='grc' dir='ltr'>προκειμένου</span> <span class='ocrx_word' id='word_1_447' title='bbox 692 3147 953 3219; x_wconf 85' lang='grc' dir='ltr'>ἀληθείας</span> <span class='ocrx_word' id='word_1_448' title='bbox 972 3159 986 3174; x_wconf 79' lang='grc'><strong><em>⁸</em></strong></span> <span class='ocrx_word' id='word_1_449' title='bbox 1013 3145 1137 3201; x_wconf 71' lang='grc' dir='ltr'>οὔτε</span> <span class='ocrx_word' id='word_1_450' title='bbox 1168 3147 1278 3220; x_wconf 85' lang='grc' dir='ltr'><strong>γὰρ</strong></span> <span class='ocrx_word' id='word_1_451' title='bbox 1311 3148 1416 3202; x_wconf 83' lang='grc' dir='ltr'><strong>ὑπὸ</strong></span> <span class='ocrx_word' id='word_1_452' title='bbox 1442 3148 1536 3202; x_wconf 88' lang='grc' dir='ltr'><strong>τοῦ</strong></span> <span class='ocrx_word' id='word_1_453' title='bbox 1558 3148 1763 3202; x_wconf 87' lang='grc' dir='ltr'>τελείου</span> 
     </span>
    </p>
   </div>
   <div class='ocr_carea' id='block_1_65' title="bbox 153 3239 1765 3313">
    <p class='ocr_par' dir='ltr' id='par_1_65' title="bbox 153 3239 1765 3313">
     <span class='ocr_line' id='line_1_65' title="bbox 153 3239 1765 3313; baseline 0.002 -20"><span class='ocrx_word' id='word_1_454' title='bbox 153 3240 309 3295; x_wconf 73' lang='grc' dir='ltr'>Θεοῦ</span> <span class='ocrx_word' id='word_1_455' title='bbox 346 3241 441 3294; x_wconf 72' lang='grc' dir='ltr'><strong>καὶ</strong></span> <span class='ocrx_word' id='word_1_456' title='bbox 468 3240 682 3311; x_wconf 83' lang='grc' dir='ltr'>Πατρὸς</span> <span class='ocrx_word' id='word_1_457' title='bbox 717 3240 967 3310; x_wconf 87' lang='grc' dir='ltr'>φαίνεται</span> <span class='ocrx_word' id='word_1_458' title='bbox 1001 3239 1191 3294; x_wconf 84' lang='grc' dir='ltr'>τοῦτον</span> <span class='ocrx_word' id='word_1_459' title='bbox 1228 3240 1533 3295; x_wconf 85' lang='grc' dir='ltr'>τεθεῖσθαι·</span> <span class='ocrx_word' id='word_1_460' title='bbox 1564 3242 1765 3313; x_wconf 79' lang='grc' dir='ltr'>ἑπόμε-</span> 
     </span>
    </p>
   </div>
   <div class='ocr_carea' id='block_1_66' title="bbox 153 3332 1764 3406">
    <p class='ocr_par' dir='ltr' id='par_1_66' title="bbox 153 3332 1764 3406">
     <span class='ocr_line' id='line_1_66' title="bbox 153 3332 1764 3406; baseline 0.002 -21"><span class='ocrx_word' id='word_1_461' title='bbox 153 3351 261 3399; x_wconf 80' lang='grc' dir='ltr'><strong>νος</strong></span> <span class='ocrx_word' id='word_1_462' title='bbox 296 3334 317 3365; x_wconf 71' lang='grc'>⁸</span> <span class='ocrx_word' id='word_1_463' title='bbox 342 3333 452 3405; x_wconf 87' lang='grc' dir='ltr'>γάρ</span> <span class='ocrx_word' id='word_1_464' title='bbox 499 3335 678 3386; x_wconf 81' lang='grc' dir='ltr'>ἐστιν’</span> <span class='ocrx_word' id='word_1_465' title='bbox 709 3332 873 3404; x_wconf 84' lang='grc' dir='ltr'>ἀτελῆ</span> <span class='ocrx_word' id='word_1_466' title='bbox 906 3350 966 3386; x_wconf 91' lang='grc' dir='ltr'><strong>τε</strong></span> <span class='ocrx_word' id='word_1_467' title='bbox 1019 3332 1169 3399; x_wconf 73' lang='grc' dir='ltr'>ὄντα,</span> <span class='ocrx_word' id='word_1_468' title='bbox 1212 3334 1308 3387; x_wconf 73' lang='grc' dir='ltr'><strong>καὶ</strong></span> <span class='ocrx_word' id='word_1_469' title='bbox 1353 3334 1448 3387; x_wconf 89' lang='grc' dir='ltr'><strong>τοῦ</strong></span> <span class='ocrx_word' id='word_1_470' title='bbox 1500 3334 1764 3406; x_wconf 79' lang='grc' dir='ltr'>σφετέρου</span> 
     </span>
    </p>
   </div>
   <div class='ocr_carea' id='block_1_67' title="bbox 153 3425 1765 3499">
    <p class='ocr_par' dir='ltr' id='par_1_67' title="bbox 153 3425 1765 3499">
     <span class='ocr_line' id='line_1_67' title="bbox 153 3425 1765 3499; baseline 0.001 -18"><span class='ocrx_word' id='word_1_471' title='bbox 153 3427 531 3499; x_wconf 81' lang='grc' dir='ltr'>πληρωθῆναι</span> <span class='ocrx_word' id='word_1_472' title='bbox 564 3426 676 3497; x_wconf 83' lang='lat'><strong>(96)</strong></span> <span class='ocrx_word' id='word_1_473' title='bbox 708 3425 883 3496; x_wconf 80' lang='grc' dir='ltr'>ἐνδεῆ,</span> <span class='ocrx_word' id='word_1_474' title='bbox 925 3426 1119 3498; x_wconf 77' lang='grc' dir='ltr'>ἔχοντά</span> <span class='ocrx_word' id='word_1_475' title='bbox 1150 3444 1213 3480; x_wconf 90' lang='grc' dir='ltr'><strong>τε</strong></span> <span class='ocrx_word' id='word_1_476' title='bbox 1260 3428 1585 3499; x_wconf 83' lang='grc' dir='ltr'>προστάξεις</span> <span class='ocrx_word' id='word_1_477' title='bbox 1618 3429 1765 3483; x_wconf 67' lang='grc' dir='ltr'>ἀνοια</span> 
     </span>
    </p>
   </div>
   <div class='ocr_carea' id='block_1_68' title="bbox 155 3518 1764 3593">
    <p class='ocr_par' dir='ltr' id='par_1_68' title="bbox 155 3518 1764 3593">
     <span class='ocr_line' id='line_1_68' title="bbox 155 3518 1764 3593; baseline 0.001 -20"><span class='ocrx_word' id='word_1_478' title='bbox 155 3522 325 3585; x_wconf 81' lang='grc' dir='ltr'>κείας</span> <span class='ocrx_word' id='word_1_479' title='bbox 348 3523 413 3592; x_wconf 80' lang='grc' dir='ltr'>τῇ</span> <span class='ocrx_word' id='word_1_480' title='bbox 443 3518 538 3573; x_wconf 92' lang='grc' dir='ltr'><strong>τοῦ</strong></span> <span class='ocrx_word' id='word_1_481' title='bbox 563 3518 806 3573; x_wconf 78' lang='grc' dir='ltr'>τοιούτου</span> <span class='ocrx_word' id='word_1_482' title='bbox 832 3519 968 3572; x_wconf 83' lang='grc' dir='ltr'>Θεοῦ</span> <span class='ocrx_word' id='word_1_483' title='bbox 1001 3520 1161 3590; x_wconf 86' lang='grc' dir='ltr'>φύσει</span> <span class='ocrx_word' id='word_1_484' title='bbox 1189 3537 1250 3573; x_wconf 89' lang='grc' dir='ltr'><strong>τε</strong></span> <span class='ocrx_word' id='word_1_485' title='bbox 1282 3521 1376 3574; x_wconf 82' lang='grc' dir='ltr'>καὶ</span> <span class='ocrx_word' id='word_1_486' title='bbox 1397 3520 1618 3593; x_wconf 73' lang='grc' dir='ltr'>γνὼμῃο</span> <span class='ocrx_word' id='word_1_487' title='bbox 1653 3519 1764 3574; x_wconf 76' lang='grc' dir='ltr'>οὐτ’</span> 
     </span>
    </p>
   </div>
   <div class='ocr_carea' id='block_1_69' title="bbox 156 3610 1765 3685">
    <p class='ocr_par' dir='ltr' id='par_1_69' title="bbox 156 3610 1765 3685">
     <span class='ocr_line' id='line_1_69' title="bbox 156 3610 1765 3685; baseline -0.002 -16"><span class='ocrx_word' id='word_1_488' title='bbox 156 3610 234 3669; x_wconf 79' lang='grc' dir='ltr'><strong>αὖ</strong></span> <span class='ocrx_word' id='word_1_489' title='bbox 280 3613 444 3667; x_wconf 82' lang='grc' dir='ltr'>πάλιν</span> <span class='ocrx_word' id='word_1_490' title='bbox 470 3613 537 3683; x_wconf 77' lang='grc' dir='ltr'>τῇ</span> <span class='ocrx_word' id='word_1_491' title='bbox 585 3611 682 3665; x_wconf 88' lang='grc' dir='ltr'><strong>τοῦ</strong></span> <span class='ocrx_word' id='word_1_492' title='bbox 734 3612 1115 3682; x_wconf 86' lang='grc' dir='ltr'>ἀντικειμένου</span> <span class='ocrx_word' id='word_1_493' title='bbox 1161 3613 1348 3684; x_wconf 70' lang='grc' dir='ltr'>ἀδικίᾳ</span> <span class='ocrx_word' id='word_1_494' title='bbox 1390 3612 1554 3684; x_wconf 81' lang='grc' dir='ltr'>νόμον</span> <span class='ocrx_word' id='word_1_495' title='bbox 1593 3630 1765 3685; x_wconf 85' lang='grc' dir='ltr'>προσ-</span> 
     </span>
    </p>
   </div>
   <div class='ocr_carea' id='block_1_70' title="bbox 158 3705 1766 3779">
    <p class='ocr_par' dir='ltr' id='par_1_70' title="bbox 158 3705 1766 3779">
     <span class='ocr_line' id='line_1_70' title="bbox 158 3705 1766 3779; baseline -0.001 -17"><span class='ocrx_word' id='word_1_496' title='bbox 158 3710 366 3762; x_wconf 79' lang='grc' dir='ltr'>άπτειν</span> <span class='ocrx_word' id='word_1_497' title='bbox 397 3707 418 3738; x_wconf 83' lang='grc'><strong><em>⁸</em></strong></span> <span class='ocrx_word' id='word_1_498' title='bbox 450 3705 655 3761; x_wconf 86' lang='grc' dir='ltr'>ἀδικεῖν</span> <span class='ocrx_word' id='word_1_499' title='bbox 694 3705 999 3778; x_wconf 78' lang='grc' dir='ltr'>αἱροῦντος,</span> <span class='ocrx_word' id='word_1_500' title='bbox 1056 3706 1165 3760; x_wconf 83' lang='grc' dir='ltr'>τῶν</span> <span class='ocrx_word' id='word_1_501' title='bbox 1193 3723 1253 3759; x_wconf 89' lang='grc' dir='ltr'><strong>τε</strong></span> <span class='ocrx_word' id='word_1_502' title='bbox 1288 3707 1418 3778; x_wconf 81' lang='grc' dir='ltr'>ἑξῆς</span> <span class='ocrx_word' id='word_1_503' title='bbox 1448 3707 1500 3760; x_wconf 88' lang='grc' dir='ltr'><strong>τί</strong></span> <span class='ocrx_word' id='word_1_504' title='bbox 1533 3706 1609 3779; x_wconf 82' lang='grc' dir='ltr'><strong>μὴ</strong></span> <span class='ocrx_word' id='word_1_505' title='bbox 1642 3723 1766 3760; x_wconf 87' lang='grc' dir='ltr'>συν-</span> 
     </span>
    </p>
   </div>
   <div class='ocr_carea' id='block_1_71' title="bbox 160 3798 1764 3872">
    <p class='ocr_par' dir='ltr' id='par_1_71' title="bbox 160 3798 1764 3872">
     <span class='ocr_line' id='line_1_71' title="bbox 160 3798 1764 3872; baseline 0.001 -19"><span class='ocrx_word' id='word_1_506' title='bbox 160 3800 430 3872; x_wconf 83' lang='grc' dir='ltr'>ορώντων</span> <span class='ocrx_word' id='word_1_507' title='bbox 462 3799 533 3853; x_wconf 83' lang='grc' dir='ltr'>τὰ</span> <span class='ocrx_word' id='word_1_508' title='bbox 556 3798 662 3853; x_wconf 81' lang='grc' dir='ltr'><strong>ὑπὸ</strong></span> <span class='ocrx_word' id='word_1_509' title='bbox 682 3798 777 3853; x_wconf 80' lang='grc' dir='ltr'><strong>τοῦ</strong></span> <span class='ocrx_word' id='word_1_510' title='bbox 797 3800 1049 3871; x_wconf 85' lang='grc' dir='ltr'>Σωτῆρος</span> <span class='ocrx_word' id='word_1_511' title='bbox 1081 3798 1366 3871; x_wconf 85' lang='grc' dir='ltr'>εἰρημένα.</span> <span class='ocrx_word' id='word_1_512' title='bbox 1403 3800 1564 3854; x_wconf 82' lang='grc' dir='ltr'>Οἰκία</span> <span class='ocrx_word' id='word_1_513' title='bbox 1584 3801 1694 3872; x_wconf 88' lang='grc' dir='ltr'>γὰρ</span> <span class='ocrx_word' id='word_1_514' title='bbox 1730 3799 1764 3872; x_wconf 76' lang='grc' dir='ltr'>ἢ</span> 
     </span>
    </p>
   </div>
   <div class='ocr_carea' id='block_1_72' title="bbox 157 3888 1764 3964">
    <p class='ocr_par' dir='ltr' id='par_1_72' title="bbox 157 3888 1764 3964">
     <span class='ocr_line' id='line_1_72' title="bbox 157 3888 1764 3964; baseline -0.001 -18"><span class='ocrx_word' id='word_1_515' title='bbox 157 3892 327 3954; x_wconf 82' lang='grc' dir='ltr'>πόλις</span> <span class='ocrx_word' id='word_1_516' title='bbox 361 3888 686 3961; x_wconf 86' lang='grc' dir='ltr'>μερισθεῖσα</span> <span class='ocrx_word' id='word_1_517' title='bbox 709 3889 794 3960; x_wconf 77' lang='grc' dir='ltr'><strong>ἐφ’</strong></span> <span class='ocrx_word' id='word_1_518' title='bbox 821 3890 1043 3961; x_wconf 80' lang='grc' dir='ltr'>ἑαυτὴν,</span> <span class='ocrx_word' id='word_1_519' title='bbox 1073 3891 1157 3943; x_wconf 82' lang='grc' dir='ltr'><strong>ὅτι</strong></span> <span class='ocrx_word' id='word_1_520' title='bbox 1189 3892 1265 3962; x_wconf 84' lang='grc' dir='ltr'>μὴ</span> <span class='ocrx_word' id='word_1_521' title='bbox 1294 3890 1518 3946; x_wconf 81' lang='grc' dir='ltr'>δύναται</span> <span class='ocrx_word' id='word_1_522' title='bbox 1550 3892 1764 3964; x_wconf 88' lang='grc' dir='ltr'>στῆναι,</span> 
     </span>
    </p>
   </div>
   <div class='ocr_carea' id='block_1_73' title="bbox 158 3981 1764 4055">
    <p class='ocr_par' dir='ltr' id='par_1_73' title="bbox 158 3981 1764 4055">
     <span class='ocr_line' id='line_1_73' title="bbox 158 3981 1764 4055; baseline -0.001 -17"><span class='ocrx_word' id='word_1_523' title='bbox 158 3987 190 4038; x_wconf 79' lang='grc' dir='ltr'>ὁ</span> <span class='ocrx_word' id='word_1_524' title='bbox 223 3982 422 4054; x_wconf 82' lang='grc' dir='ltr'>Σωτὴρ</span> <span class='ocrx_word' id='word_1_525' title='bbox 468 3981 629 4053; x_wconf 78' lang='grc' dir='ltr'>ἡμῶν</span> <span class='ocrx_word' id='word_1_526' title='bbox 664 3982 1000 4054; x_wconf 78' lang='grc' dir='ltr'>ἀπεφήνατο.</span> <span class='ocrx_word' id='word_1_527' title='bbox 1032 3983 1153 4036; x_wconf 88' lang='grc' dir='ltr'>Ἔτι</span> <span class='ocrx_word' id='word_1_528' title='bbox 1187 3999 1251 4052; x_wconf 90' lang='grc' dir='ltr'><strong>γε</strong></span> <span class='ocrx_word' id='word_1_529' title='bbox 1291 3982 1390 4054; x_wconf 85' lang='grc' dir='ltr'><strong>τὴν</strong></span> <span class='ocrx_word' id='word_1_530' title='bbox 1422 3984 1517 4037; x_wconf 89' lang='grc' dir='ltr'><strong>τοῦ</strong></span> <span class='ocrx_word' id='word_1_531' title='bbox 1556 3984 1764 4055; x_wconf 87' lang='grc' dir='ltr'>κόσμου</span> 
     </span>
    </p>
   </div>
   <div class='ocr_carea' id='block_1_74' title="bbox 157 4067 1765 4145">
    <p class='ocr_par' dir='ltr' id='par_1_74' title="bbox 157 4067 1765 4145">
     <span class='ocr_line' id='line_1_74' title="bbox 157 4067 1765 4145; baseline 0 -17"><span class='ocrx_word' id='word_1_532' title='bbox 157 4072 533 4145; x_wconf 80' lang='grc' dir='ltr'>δημιουργίαν</span> <span class='ocrx_word' id='word_1_533' title='bbox 556 4072 692 4126; x_wconf 81' lang='grc' dir='ltr'>ἰδίαν</span> <span class='ocrx_word' id='word_1_534' title='bbox 741 4073 890 4140; x_wconf 89' lang='grc' dir='ltr'>λέγει</span> <span class='ocrx_word' id='word_1_535' title='bbox 924 4067 1061 4125; x_wconf 78' lang='grc' dir='ltr'>εἶναι</span> <span class='ocrx_word' id='word_1_536' title='bbox 1094 4073 1129 4126; x_wconf 81' lang='grc' dir='ltr'><strong>ἆ</strong></span> <span class='ocrx_word' id='word_1_537' title='bbox 1153 4089 1211 4125; x_wconf 86' lang='grc' dir='ltr'><strong>τε</strong></span> <span class='ocrx_word' id='word_1_538' title='bbox 1246 4072 1267 4103; x_wconf 77' lang='grc'>⁸</span> <span class='ocrx_word' id='word_1_539' title='bbox 1294 4074 1471 4127; x_wconf 86' lang='grc' dir='ltr'>πάντα</span> <span class='ocrx_word' id='word_1_540' title='bbox 1491 4072 1558 4127; x_wconf 78' lang='grc' dir='ltr'>δι’</span> <span class='ocrx_word' id='word_1_541' title='bbox 1600 4075 1765 4128; x_wconf 83' lang='grc' dir='ltr'>αὐτοῦ</span> 
     </span>
    </p>
   </div>
   <div class='ocr_carea' id='block_1_75' title="bbox 159 4165 1765 4237">
    <p class='ocr_par' dir='ltr' id='par_1_75' title="bbox 159 4165 1765 4237">
     <span class='ocr_line' id='line_1_75' title="bbox 159 4165 1765 4237; baseline 0 -17"><span class='ocrx_word' id='word_1_542' title='bbox 159 4167 480 4236; x_wconf 87' lang='grc' dir='ltr'>γεγονέναι,</span> <span class='ocrx_word' id='word_1_543' title='bbox 529 4167 626 4219; x_wconf 84' lang='grc' dir='ltr'>καὶ</span> <span class='ocrx_word' id='word_1_544' title='bbox 666 4167 836 4237; x_wconf 70' lang='grc' dir='ltr'>χωρὶς</span> <span class='ocrx_word' id='word_1_545' title='bbox 887 4165 1052 4220; x_wconf 81' lang='grc' dir='ltr'>αὑτοῦ</span> <span class='ocrx_word' id='word_1_546' title='bbox 1094 4167 1315 4235; x_wconf 87' lang='grc' dir='ltr'>γέγονεν</span> <span class='ocrx_word' id='word_1_547' title='bbox 1358 4167 1528 4233; x_wconf 77' lang='grc' dir='ltr'>οὐδὲν,</span> <span class='ocrx_word' id='word_1_548' title='bbox 1570 4169 1599 4222; x_wconf 84' lang='grc' dir='ltr'><strong>ό</strong></span> <span class='ocrx_word' id='word_1_549' title='bbox 1628 4168 1765 4221; x_wconf 81' lang='grc' dir='ltr'>ἀπό-</span> 
     </span>
    </p>
   </div>
   <div class='ocr_carea' id='block_1_76' title="bbox 164 4258 1769 4332">
    <p class='ocr_par' dir='ltr' id='par_1_76' title="bbox 164 4258 1769 4332">
     <span class='ocr_line' id='line_1_76' title="bbox 164 4258 1769 4332; baseline -0.001 -17"><span class='ocrx_word' id='word_1_550' title='bbox 164 4261 363 4324; x_wconf 80' lang='grc' dir='ltr'>στολος</span> <span class='ocrx_word' id='word_1_551' title='bbox 390 4262 879 4330; x_wconf 84' lang='grc' dir='ltr'>προαποστερήσας</span> <span class='ocrx_word' id='word_1_552' title='bbox 901 4258 1014 4329; x_wconf 88' lang='lat'><strong>(97)</strong></span> <span class='ocrx_word' id='word_1_553' title='bbox 1037 4259 1135 4329; x_wconf 82' lang='grc' dir='ltr'><strong>τὴν</strong></span> <span class='ocrx_word' id='word_1_554' title='bbox 1156 4259 1264 4312; x_wconf 84' lang='grc' dir='ltr'><strong>τῶν</strong></span> <span class='ocrx_word' id='word_1_555' title='bbox 1284 4260 1769 4332; x_wconf 73' lang='grc' dir='ltr'>ψευδηγορούντων</span> 
     </span>
    </p>
   </div>
   <div class='ocr_carea' id='block_1_77' title="bbox 159 4351 1766 4423">
    <p class='ocr_par' dir='ltr' id='par_1_77' title="bbox 159 4351 1766 4423">
     <span class='ocr_line' id='line_1_77' title="bbox 159 4351 1766 4423; baseline 0 -16"><span class='ocrx_word' id='word_1_556' title='bbox 159 4353 550 4408; x_wconf 76' lang='grc' dir='ltr'>ἀνυπόστατον</span> <span class='ocrx_word' id='word_1_557' title='bbox 592 4352 807 4422; x_wconf 81' lang='grc' dir='ltr'>σοφίαν,</span> <span class='ocrx_word' id='word_1_558' title='bbox 844 4352 939 4405; x_wconf 72' lang='grc' dir='ltr'>καὶ</span> <span class='ocrx_word' id='word_1_559' title='bbox 965 4352 1025 4404; x_wconf 83' lang='grc' dir='ltr'><strong>οὐ</strong></span> <span class='ocrx_word' id='word_1_560' title='bbox 1071 4351 1396 4423; x_wconf 82' lang='grc' dir='ltr'>φθοροποιοῦ</span> <span class='ocrx_word' id='word_1_561' title='bbox 1432 4351 1591 4417; x_wconf 88' lang='grc' dir='ltr'>Θεοῦ,</span> <span class='ocrx_word' id='word_1_562' title='bbox 1629 4353 1766 4408; x_wconf 82' lang='grc' dir='ltr'>ἀλλὰ</span> 
     </span>
    </p>
   </div>
   <div class='ocr_carea' id='block_1_78' title="bbox 158 4444 1765 4516">
    <p class='ocr_par' dir='ltr' id='par_1_78' title="bbox 158 4444 1765 4516">
     <span class='ocr_line' id='line_1_78' title="bbox 158 4444 1765 4516; baseline 0.001 -17"><span class='ocrx_word' id='word_1_563' title='bbox 158 4444 383 4500; x_wconf 83' lang='grc' dir='ltr'>δικαίου</span> <span class='ocrx_word' id='word_1_564' title='bbox 410 4445 506 4498; x_wconf 80' lang='grc' dir='ltr'>καὶ</span> <span class='ocrx_word' id='word_1_565' title='bbox 548 4445 937 4516; x_wconf 89' lang='grc' dir='ltr'>μισοπονήρου.</span> <span class='ocrx_word' id='word_1_566' title='bbox 985 4444 1363 4516; x_wconf 81' lang='grc' dir='ltr'>Ἀπρονοήτων</span> <span class='ocrx_word' id='word_1_567' title='bbox 1400 4444 1457 4498; x_wconf 86' lang='grc' dir='ltr'><strong>δέ</strong></span> <span class='ocrx_word' id='word_1_568' title='bbox 1496 4448 1643 4500; x_wconf 80' lang='grc' dir='ltr'>ἐστιν</span> <span class='ocrx_word' id='word_1_569' title='bbox 1672 4448 1765 4501; x_wconf 83' lang='grc' dir='ltr'>ἀν-</span> 
     </span>
    </p>
   </div>
   <div class='ocr_carea' id='block_1_79' title="bbox 162 4534 1765 4610">
    <p class='ocr_par' dir='ltr' id='par_1_79' title="bbox 162 4534 1765 4610">
     <span class='ocr_line' id='line_1_79' title="bbox 162 4534 1765 4610; baseline 0.002 -21"><span class='ocrx_word' id='word_1_570' title='bbox 162 4534 412 4606; x_wconf 86' lang='grc' dir='ltr'>θρώπων</span> <span class='ocrx_word' id='word_1_571' title='bbox 456 4536 555 4607; x_wconf 83' lang='grc' dir='ltr'><strong>τῆς</strong></span> <span class='ocrx_word' id='word_1_572' title='bbox 600 4536 857 4607; x_wconf 88' lang='grc' dir='ltr'>προνοίας</span> <span class='ocrx_word' id='word_1_573' title='bbox 905 4534 1000 4589; x_wconf 89' lang='grc' dir='ltr'><strong>τοῦ</strong></span> <span class='ocrx_word' id='word_1_574' title='bbox 1054 4536 1401 4607; x_wconf 82' lang='grc' dir='ltr'>Δημιουργοῦ</span> <span class='ocrx_word' id='word_1_575' title='bbox 1458 4536 1533 4610; x_wconf 85' lang='grc' dir='ltr'>μὴ</span> <span class='ocrx_word' id='word_1_576' title='bbox 1585 4540 1765 4593; x_wconf 86' lang='grc' dir='ltr'>αἰτίαν</span> 
     </span>
    </p>
   </div>
   <div class='ocr_carea' id='block_1_80' title="bbox 160 4628 1763 4704">
    <p class='ocr_par' dir='ltr' id='par_1_80' title="bbox 160 4628 1763 4704">
     <span class='ocr_line' id='line_1_80' title="bbox 160 4628 1763 4704; baseline 0.002 -21"><span class='ocrx_word' id='word_1_577' title='bbox 160 4629 627 4699; x_wconf 74' lang='grc' dir='ltr'>λαμϐανομένων,</span> <span class='ocrx_word' id='word_1_578' title='bbox 674 4630 770 4684; x_wconf 78' lang='grc' dir='ltr'><strong>καὶ</strong></span> <span class='ocrx_word' id='word_1_579' title='bbox 806 4628 881 4701; x_wconf 83' lang='grc' dir='ltr'><strong>μὴ</strong></span> <span class='ocrx_word' id='word_1_580' title='bbox 918 4628 1076 4700; x_wconf 86' lang='grc' dir='ltr'>μόνον</span> <span class='ocrx_word' id='word_1_581' title='bbox 1115 4629 1175 4684; x_wconf 85' lang='grc' dir='ltr'><strong>τὸ</strong></span> <span class='ocrx_word' id='word_1_582' title='bbox 1208 4630 1309 4700; x_wconf 89' lang='grc' dir='ltr'><strong>τῆς</strong></span> <span class='ocrx_word' id='word_1_583' title='bbox 1353 4630 1532 4703; x_wconf 78' lang='grc' dir='ltr'>ψυχῆς</span> <span class='ocrx_word' id='word_1_584' title='bbox 1587 4633 1763 4704; x_wconf 78' lang='grc' dir='ltr'>ὄμμα,</span> 
     </span>
    </p>
   </div>
   <div class='ocr_carea' id='block_1_81' title="bbox 161 4716 1766 4795">
    <p class='ocr_par' dir='ltr' id='par_1_81' title="bbox 161 4716 1766 4795">
     <span class='ocr_line' id='line_1_81' title="bbox 161 4716 1766 4795; baseline 0.002 -20"><span class='ocrx_word' id='word_1_585' title='bbox 161 4719 313 4775; x_wconf 85' lang='grc' dir='ltr'><strong>ἀλλά</strong></span> <span class='ocrx_word' id='word_1_586' title='bbox 349 4721 445 4773; x_wconf 78' lang='grc' dir='ltr'><strong>καὶ</strong></span> <span class='ocrx_word' id='word_1_587' title='bbox 478 4720 540 4773; x_wconf 84' lang='grc' dir='ltr'><strong>τὸ</strong></span> <span class='ocrx_word' id='word_1_588' title='bbox 570 4719 665 4773; x_wconf 88' lang='grc' dir='ltr'><strong>τοῦ</strong></span> <span class='ocrx_word' id='word_1_589' title='bbox 701 4718 955 4791; x_wconf 84' lang='grc' dir='ltr'>σώματος</span> <span class='ocrx_word' id='word_1_590' title='bbox 998 4722 1436 4793; x_wconf 86' lang='grc' dir='ltr'>πεπηρωμένων.</span> <span class='ocrx_word' id='word_1_591' title='bbox 1476 4716 1634 4777; x_wconf 79' lang='grc' dir='ltr'>Οὗτοι</span> <span class='ocrx_word' id='word_1_592' title='bbox 1668 4726 1766 4795; x_wconf 82' lang='grc' dir='ltr'><strong>μὲν</strong></span> 
     </span>
    </p>
   </div>
   <div class='ocr_carea' id='block_1_82' title="bbox 160 4808 1767 4889">
    <p class='ocr_par' dir='ltr' id='par_1_82' title="bbox 160 4808 1767 4889">
     <span class='ocr_line' id='line_1_82' title="bbox 160 4808 1767 4889; baseline 0.004 -22"><span class='ocrx_word' id='word_1_593' title='bbox 160 4808 268 4867; x_wconf 75' lang='grc' dir='ltr'><strong>οὖν</strong></span> <span class='ocrx_word' id='word_1_594' title='bbox 303 4813 385 4876; x_wconf 84' lang='grc' dir='ltr'>ὡς</span> <span class='ocrx_word' id='word_1_595' title='bbox 425 4812 833 4887; x_wconf 86' lang='grc' dir='ltr'>διημαρτήκασι</span> <span class='ocrx_word' id='word_1_596' title='bbox 864 4815 965 4885; x_wconf 85' lang='grc' dir='ltr'><strong>τῆς</strong></span> <span class='ocrx_word' id='word_1_597' title='bbox 1004 4815 1283 4887; x_wconf 89' lang='grc' dir='ltr'>ἀληθείας,</span> <span class='ocrx_word' id='word_1_598' title='bbox 1314 4816 1473 4889; x_wconf 87' lang='grc' dir='ltr'>δῆλόν</span> <span class='ocrx_word' id='word_1_599' title='bbox 1504 4818 1587 4871; x_wconf 89' lang='grc' dir='ltr'><strong>σοί</strong></span> <span class='ocrx_word' id='word_1_600' title='bbox 1620 4821 1767 4873; x_wconf 77' lang='grc' dir='ltr'>ἐστιν</span> 
     </span>
    </p>
   </div>
   <div class='ocr_carea' id='block_1_83' title="bbox 161 4903 1764 4977">
    <p class='ocr_par' dir='ltr' id='par_1_83' title="bbox 161 4903 1764 4977">
     <span class='ocr_line' id='line_1_83' title="bbox 161 4903 1764 4977; baseline 0.002 -18"><span class='ocrx_word' id='word_1_601' title='bbox 161 4908 237 4959; x_wconf 79' lang='grc' dir='ltr'>ὲκ</span> <span class='ocrx_word' id='word_1_602' title='bbox 263 4903 379 4957; x_wconf 84' lang='grc' dir='ltr'>τῶν</span> <span class='ocrx_word' id='word_1_603' title='bbox 406 4906 732 4977; x_wconf 73' lang='grc' dir='ltr'>εἰρημένων.</span> <span class='ocrx_word' id='word_1_604' title='bbox 771 4906 1078 4962; x_wconf 87' lang='grc' dir='ltr'>Πεπόνθασι</span> <span class='ocrx_word' id='word_1_605' title='bbox 1110 4907 1167 4960; x_wconf 82' lang='grc' dir='ltr'>δὲ</span> <span class='ocrx_word' id='word_1_606' title='bbox 1195 4907 1352 4962; x_wconf 87' lang='grc' dir='ltr'>τοῦτο</span> <span class='ocrx_word' id='word_1_607' title='bbox 1399 4908 1543 4973; x_wconf 86' lang='grc' dir='ltr'>ἰδίως</span> <span class='ocrx_word' id='word_1_608' title='bbox 1571 4911 1764 4965; x_wconf 75' lang='grc' dir='ltr'>ἑκάτε-</span> 
     </span>
    </p>
   </div>
   <div class='ocr_carea' id='block_1_84' title="bbox 166 4997 1764 5076">
    <p class='ocr_par' dir='ltr' id='par_1_84' title="bbox 166 4997 1764 5076">
     <span class='ocr_line' id='line_1_84' title="bbox 166 4997 1764 5076; baseline 0.004 -25"><span class='ocrx_word' id='word_1_609' title='bbox 166 5015 269 5071; x_wconf 80' lang='grc' dir='ltr'><strong>ρος</strong></span> <span class='ocrx_word' id='word_1_610' title='bbox 294 4997 502 5063; x_wconf 81' lang='grc' dir='ltr'>αὐτῶν,</span> <span class='ocrx_word' id='word_1_611' title='bbox 534 4998 583 5051; x_wconf 89' lang='grc' dir='ltr'><strong>οἰ</strong></span> <span class='ocrx_word' id='word_1_612' title='bbox 609 4998 709 5069; x_wconf 82' lang='grc' dir='ltr'>μὲν</span> <span class='ocrx_word' id='word_1_613' title='bbox 732 4998 821 5053; x_wconf 85' lang='grc' dir='ltr'><strong>διὰ</strong></span> <span class='ocrx_word' id='word_1_614' title='bbox 848 4999 910 5051; x_wconf 85' lang='grc' dir='ltr'>τὸ</span> <span class='ocrx_word' id='word_1_615' title='bbox 937 5000 1153 5068; x_wconf 88' lang='grc' dir='ltr'>ἀγνοεῖν</span> <span class='ocrx_word' id='word_1_616' title='bbox 1177 5000 1269 5056; x_wconf 86' lang='grc' dir='ltr'><strong>τὸν</strong></span> <span class='ocrx_word' id='word_1_617' title='bbox 1297 4999 1396 5071; x_wconf 90' lang='grc' dir='ltr'><strong>τῆς</strong></span> <span class='ocrx_word' id='word_1_618' title='bbox 1416 5002 1764 5076; x_wconf 80' lang='grc' dir='ltr'>δικαιοσύνης</span> 
     </span>
    </p>
   </div>
   <div class='ocr_carea' id='block_1_85' title="bbox 247 5151 1687 5223">
    <p class='ocr_par' dir='ltr' id='par_1_85' title="bbox 247 5151 1687 5223">
     <span class='ocr_line' id='line_1_85' title="bbox 247 5151 1687 5223; baseline 0.005 -16"><span class='ocrx_word' id='word_1_619' title='bbox 247 5156 265 5185; x_wconf 83' lang='grc'>¹</span> <span class='ocrx_word' id='word_1_620' title='bbox 297 5151 444 5208; x_wconf 89' lang='lat' dir='ltr'><strong>lrcn.</strong></span> <span class='ocrx_word' id='word_1_621' title='bbox 472 5153 592 5207; x_wconf 87' lang='grc' dir='ltr'>τότε</span> <span class='ocrx_word' id='word_1_622' title='bbox 624 5156 759 5208; x_wconf 85' lang='grc' dir='ltr'>ὲννο.</span> <span class='ocrx_word' id='word_1_623' title='bbox 791 5154 879 5207; x_wconf 82' lang='grc' dir='ltr'><strong>ὅτε</strong></span> <span class='ocrx_word' id='word_1_624' title='bbox 915 5152 1073 5208; x_wconf 83' lang='grc' dir='ltr'>θέλει.</span> <span class='ocrx_word' id='word_1_625' title='bbox 1155 5157 1175 5186; x_wconf 81' lang='grc'>²</span> <span class='ocrx_word' id='word_1_626' title='bbox 1207 5153 1264 5208; x_wconf 87' lang='lat' dir='ltr'><strong>F.</strong></span> <span class='ocrx_word' id='word_1_627' title='bbox 1300 5155 1431 5209; x_wconf 74' lang='grc' dir='ltr'>εἴσω</span> <span class='ocrx_word' id='word_1_628' title='bbox 1461 5156 1687 5223; x_wconf 82' lang='grc' dir='ltr'>πάθους.</span> 
     </span>
    </p>
   </div>
   <div class='ocr_carea' id='block_1_86' title="bbox 163 5224 1370 5291">
    <p class='ocr_par' dir='ltr' id='par_1_86' title="bbox 163 5224 1370 5291">
     <span class='ocr_line' id='line_1_86' title="bbox 163 5224 1370 5291; baseline 0.001 -12"><span class='ocrx_word' id='word_1_629' title='bbox 163 5226 243 5279; x_wconf 76' lang='grc' dir='ltr'>τά</span> <span class='ocrx_word' id='word_1_630' title='bbox 275 5243 363 5279; x_wconf 87' lang='grc' dir='ltr'><strong>τε.</strong></span> <span class='ocrx_word' id='word_1_631' title='bbox 440 5225 461 5256; x_wconf 90' lang='grc'><strong>⁷</strong></span> <span class='ocrx_word' id='word_1_632' title='bbox 493 5224 679 5279; x_wconf 82' lang='lat' dir='ltr'><strong>Matth.</strong></span> <span class='ocrx_word' id='word_1_633' title='bbox 714 5242 809 5291; x_wconf 83' lang='lat' dir='ltr'><strong>xu,</strong></span> <span class='ocrx_word' id='word_1_634' title='bbox 840 5225 928 5279; x_wconf 73' lang='lat'><strong>25.</strong></span> <span class='ocrx_word' id='word_1_635' title='bbox 1009 5228 1030 5258; x_wconf 81' lang='grc'><strong>⁸</strong></span> <span class='ocrx_word' id='word_1_636' title='bbox 1061 5224 1217 5281; x_wconf 82' lang='lat' dir='ltr'><strong>Joau.</strong></span> <span class='ocrx_word' id='word_1_637' title='bbox 1253 5244 1289 5291; x_wconf 86' lang='grc' dir='ltr'><strong>ι,</strong></span> <span class='ocrx_word' id='word_1_638' title='bbox 1318 5228 1370 5281; x_wconf 82' lang='grc'>5.</span> 
     </span>
    </p>
   </div>
   <div class='ocr_carea' id='block_1_87' title="bbox 1792 5161 2757 5241">
    <p class='ocr_par' dir='ltr' id='par_1_87' title="bbox 1792 5161 2757 5241">
     <span class='ocr_line' id='line_1_87' title="bbox 1792 5161 2757 5241; baseline 0.009 -25"><span class='ocrx_word' id='word_1_639' title='bbox 1792 5161 1813 5193; x_wconf 84' lang='grc'>⁸</span> <span class='ocrx_word' id='word_1_640' title='bbox 1838 5161 1901 5218; x_wconf 91' lang='lat' dir='ltr'><strong>F.</strong></span> <span class='ocrx_word' id='word_1_641' title='bbox 1943 5164 2214 5239; x_wconf 76' lang='grc' dir='ltr'>μαθούσῃ.</span> <span class='ocrx_word' id='word_1_642' title='bbox 2316 5167 2338 5201; x_wconf 71' lang='grc'><strong>⁴</strong></span> <span class='ocrx_word' id='word_1_643' title='bbox 2370 5167 2432 5224; x_wconf 85' lang='lat' dir='ltr'><strong>F.</strong></span> <span class='ocrx_word' id='word_1_644' title='bbox 2470 5168 2757 5241; x_wconf 79' lang='grc' dir='ltr'>ἑπόμενον.</span> 
     </span>
    </p>
   </div>
   <div class='ocr_carea' id='block_1_88' title="bbox 1869 3153 3450 3233">
    <p class='ocr_par' dir='ltr' id='par_1_88' title="bbox 1869 3153 3450 3233">
     <span class='ocr_line' id='line_1_88' title="bbox 1869 3153 3450 3233; baseline 0.004 -25"><span class='ocrx_word' id='word_1_645' title='bbox 1869 3168 1933 3208; x_wconf 91' lang='lat' dir='ltr'><strong>ac</strong></span> <span class='ocrx_word' id='word_1_646' title='bbox 1960 3153 2124 3209; x_wconf 89' lang='lat' dir='ltr'><strong>Patre</strong></span> <span class='ocrx_word' id='word_1_647' title='bbox 2168 3155 2412 3211; x_wconf 89' lang='lat' dir='ltr'><strong>stabilita</strong></span> <span class='ocrx_word' id='word_1_648' title='bbox 2445 3158 2690 3224; x_wconf 86' lang='lat' dir='ltr'><strong>videtur,</strong></span> <span class='ocrx_word' id='word_1_649' title='bbox 2734 3168 2925 3231; x_wconf 91' lang='lat' dir='ltr'><strong>utpote</strong></span> <span class='ocrx_word' id='word_1_650' title='bbox 2976 3163 3162 3217; x_wconf 91' lang='lat' dir='ltr'><strong>minus</strong></span> <span class='ocrx_word' id='word_1_651' title='bbox 3186 3161 3450 3233; x_wconf 88' lang='lat' dir='ltr'><strong>perfecta,</strong></span> 
     </span>
    </p>
   </div>
   <div class='ocr_carea' id='block_1_89' title="bbox 1866 3246 3456 3323">
    <p class='ocr_par' dir='ltr' id='par_1_89' title="bbox 1866 3246 3456 3323">
     <span class='ocr_line' id='line_1_89' title="bbox 1866 3246 3456 3323; baseline 0.004 -21"><span class='ocrx_word' id='word_1_652' title='bbox 1866 3254 1921 3302; x_wconf 91' lang='lat' dir='ltr'><strong>et</strong></span> <span class='ocrx_word' id='word_1_653' title='bbox 1953 3246 2022 3302; x_wconf 92' lang='lat' dir='ltr'><strong>ad</strong></span> <span class='ocrx_word' id='word_1_654' title='bbox 2047 3247 2135 3304; x_wconf 90' lang='lat' dir='ltr'><strong>sui</strong></span> <span class='ocrx_word' id='word_1_655' title='bbox 2163 3249 2564 3307; x_wconf 88' lang='lat' dir='ltr'><strong>absolutionem</strong></span> <span class='ocrx_word' id='word_1_656' title='bbox 2622 3254 2782 3323; x_wconf 92' lang='lat' dir='ltr'><strong>plura</strong></span> <span class='ocrx_word' id='word_1_657' title='bbox 2839 3253 3162 3310; x_wconf 90' lang='lat' dir='ltr'><strong>desiderans</strong></span> <span class='ocrx_word' id='word_1_658' title='bbox 3196 3268 3261 3309; x_wconf 89' lang='lat' dir='ltr'><strong>ac</strong></span> <span class='ocrx_word' id='word_1_659' title='bbox 3297 3270 3456 3310; x_wconf 84' lang='lat' dir='ltr'><strong>man-</strong></span> 
     </span>
    </p>
   </div>
   <div class='ocr_carea' id='block_1_90' title="bbox 1866 3340 3456 3415">
    <p class='ocr_par' dir='ltr' id='par_1_90' title="bbox 1866 3340 3456 3415">
     <span class='ocr_line' id='line_1_90' title="bbox 1866 3340 3456 3415; baseline 0.006 -22"><span class='ocrx_word' id='word_1_660' title='bbox 1866 3340 1994 3395; x_wconf 91' lang='lat' dir='ltr'><strong>data</strong></span> <span class='ocrx_word' id='word_1_661' title='bbox 2026 3342 2274 3411; x_wconf 61' lang='lat' dir='ltr'><strong>quaedam</strong></span> <span class='ocrx_word' id='word_1_662' title='bbox 2311 3345 2627 3409; x_wconf 84' lang='lat' dir='ltr'><strong>continens,</strong></span> <span class='ocrx_word' id='word_1_663' title='bbox 2658 3362 2780 3415; x_wconf 68' lang='lat' dir='ltr'><strong>quae</strong></span> <span class='ocrx_word' id='word_1_664' title='bbox 2810 3346 2901 3402; x_wconf 91' lang='lat' dir='ltr'><strong>Dei</strong></span> <span class='ocrx_word' id='word_1_665' title='bbox 2925 3355 3121 3402; x_wconf 88' lang='lat' dir='ltr'><strong>natura</strong></span> <span class='ocrx_word' id='word_1_666' title='bbox 3146 3362 3211 3403; x_wconf 90' lang='lat' dir='ltr'><strong>ac</strong></span> <span class='ocrx_word' id='word_1_667' title='bbox 3233 3347 3456 3404; x_wconf 88' lang='lat' dir='ltr'><strong>decreto</strong></span> 
     </span>
    </p>
   </div>
   <div class='ocr_carea' id='block_1_91' title="bbox 1868 3434 3454 3512">
    <p class='ocr_par' dir='ltr' id='par_1_91' title="bbox 1868 3434 3454 3512">
     <span class='ocr_line' id='line_1_91' title="bbox 1868 3434 3454 3512; baseline 0.004 -24"><span class='ocrx_word' id='word_1_668' title='bbox 1868 3442 1997 3488; x_wconf 90' lang='lat' dir='ltr'><strong>sunt</strong></span> <span class='ocrx_word' id='word_1_669' title='bbox 2036 3434 2236 3490; x_wconf 83' lang='lat' dir='ltr'><strong>aliena.</strong></span> <span class='ocrx_word' id='word_1_670' title='bbox 2268 3434 2455 3507; x_wconf 87' lang='lat' dir='ltr'><strong>Neque</strong></span> <span class='ocrx_word' id='word_1_671' title='bbox 2486 3454 2617 3494; x_wconf 86' lang='lat' dir='ltr'><strong>vero</strong></span> <span class='ocrx_word' id='word_1_672' title='bbox 2641 3440 2942 3496; x_wconf 87' lang='lat' dir='ltr'><strong>adversarii</strong></span> <span class='ocrx_word' id='word_1_673' title='bbox 2979 3440 3142 3511; x_wconf 79' lang='lat'><strong>217</strong></span> <span class='ocrx_word' id='word_1_674' title='bbox 3189 3441 3454 3512; x_wconf 88' lang='lat' dir='ltr'><strong>improbi-</strong></span> 
     </span>
    </p>
   </div>
   <div class='ocr_carea' id='block_1_92' title="bbox 1864 3525 3456 3604">
    <p class='ocr_par' dir='ltr' id='par_1_92' title="bbox 1864 3525 3456 3604">
     <span class='ocr_line' id='line_1_92' title="bbox 1864 3525 3456 3604; baseline 0.006 -26"><span class='ocrx_word' id='word_1_675' title='bbox 1864 3525 1962 3580; x_wconf 90' lang='lat' dir='ltr'><strong>tati</strong></span> <span class='ocrx_word' id='word_1_676' title='bbox 1988 3526 2281 3582; x_wconf 87' lang='lat' dir='ltr'><strong>tribuenda</strong></span> <span class='ocrx_word' id='word_1_677' title='bbox 2311 3529 2397 3584; x_wconf 84' lang='lat' dir='ltr'><strong>lex</strong></span> <span class='ocrx_word' id='word_1_678' title='bbox 2433 3538 2539 3595; x_wconf 90' lang='lat' dir='ltr'><strong>est,</strong></span> <span class='ocrx_word' id='word_1_679' title='bbox 2572 3532 2735 3602; x_wconf 89' lang='lat' dir='ltr'><strong>cujus</strong></span> <span class='ocrx_word' id='word_1_680' title='bbox 2797 3534 3086 3603; x_wconf 85' lang='lat' dir='ltr'><strong>proprium</strong></span> <span class='ocrx_word' id='word_1_681' title='bbox 3145 3534 3219 3589; x_wconf 91' lang='lat' dir='ltr'><strong>sit</strong></span> <span class='ocrx_word' id='word_1_682' title='bbox 3265 3533 3456 3604; x_wconf 89' lang='lat' dir='ltr'><strong>inique</strong></span> 
     </span>
    </p>
   </div>
   <div class='ocr_carea' id='block_1_93' title="bbox 1866 3617 3455 3696">
    <p class='ocr_par' dir='ltr' id='par_1_93' title="bbox 1866 3617 3455 3696">
     <span class='ocr_line' id='line_1_93' title="bbox 1866 3617 3455 3696; baseline 0.005 -25"><span class='ocrx_word' id='word_1_683' title='bbox 1866 3617 2082 3686; x_wconf 84' lang='lat' dir='ltr'><strong>facere;</strong></span> <span class='ocrx_word' id='word_1_684' title='bbox 2106 3621 2311 3691; x_wconf 91' lang='lat' dir='ltr'><strong>quique</strong></span> <span class='ocrx_word' id='word_1_685' title='bbox 2340 3624 2413 3676; x_wconf 91' lang='lat' dir='ltr'><strong>ita</strong></span> <span class='ocrx_word' id='word_1_686' title='bbox 2460 3631 2733 3689; x_wconf 89' lang='lat' dir='ltr'><strong>statuunt,</strong></span> <span class='ocrx_word' id='word_1_687' title='bbox 2756 3640 2877 3696; x_wconf 65' lang='lat' dir='ltr'><strong>quae</strong></span> <span class='ocrx_word' id='word_1_688' title='bbox 2912 3640 2941 3679; x_wconf 92' lang='lat' dir='ltr'><strong>a</strong></span> <span class='ocrx_word' id='word_1_689' title='bbox 2989 3626 3273 3682; x_wconf 82' lang='lat' dir='ltr'><strong>Salvatore</strong></span> <span class='ocrx_word' id='word_1_690' title='bbox 3305 3625 3455 3680; x_wconf 87' lang='lat' dir='ltr'><strong>dicta</strong></span> 
     </span>
    </p>
   </div>
   <div class='ocr_carea' id='block_1_94' title="bbox 1867 3716 3457 3787">
    <p class='ocr_par' dir='ltr' id='par_1_94' title="bbox 1867 3716 3457 3787">
     <span class='ocr_line' id='line_1_94' title="bbox 1867 3716 3457 3787; baseline 0.003 -19"><span class='ocrx_word' id='word_1_691' title='bbox 1867 3720 2001 3768; x_wconf 91' lang='lat' dir='ltr'><strong>sunt</strong></span> <span class='ocrx_word' id='word_1_692' title='bbox 2052 3728 2403 3784; x_wconf 88' lang='lat' dir='ltr'><strong>nequaquam</strong></span> <span class='ocrx_word' id='word_1_693' title='bbox 2440 3716 2903 3773; x_wconf 88' lang='lat' dir='ltr'><strong>animadvertunt.</strong></span> <span class='ocrx_word' id='word_1_694' title='bbox 2945 3716 3021 3771; x_wconf 90' lang='lat' dir='ltr'><strong>Ita</strong></span> <span class='ocrx_word' id='word_1_695' title='bbox 3050 3719 3194 3773; x_wconf 91' lang='lat' dir='ltr'><strong>enim</strong></span> <span class='ocrx_word' id='word_1_696' title='bbox 3223 3718 3312 3773; x_wconf 94' lang='lat' dir='ltr'><strong>ille</strong></span> <span class='ocrx_word' id='word_1_697' title='bbox 3328 3734 3457 3787; x_wconf 86' lang='lat' dir='ltr'><strong>pro-</strong></span> 
     </span>
    </p>
   </div>
   <div class='ocr_carea' id='block_1_95' title="bbox 1868 3804 3453 3880">
    <p class='ocr_par' dir='ltr' id='par_1_95' title="bbox 1868 3804 3453 3880">
     <span class='ocr_line' id='line_1_95' title="bbox 1868 3804 3453 3880; baseline 0.007 -23"><span class='ocrx_word' id='word_1_698' title='bbox 1868 3804 2173 3871; x_wconf 88' lang='lat' dir='ltr'><strong>nuntiavit,</strong></span> <span class='ocrx_word' id='word_1_699' title='bbox 2208 3812 2358 3862; x_wconf 87' lang='lat' dir='ltr'><strong>stare</strong></span> <span class='ocrx_word' id='word_1_700' title='bbox 2396 3806 2621 3862; x_wconf 84' lang='lat' dir='ltr'><strong>domum</strong></span> <span class='ocrx_word' id='word_1_701' title='bbox 2652 3809 2739 3864; x_wconf 89' lang='lat' dir='ltr'><strong>vel</strong></span> <span class='ocrx_word' id='word_1_702' title='bbox 2773 3808 3055 3863; x_wconf 90' lang='lat' dir='ltr'><strong>civitatem</strong></span> <span class='ocrx_word' id='word_1_703' title='bbox 3104 3824 3213 3863; x_wconf 91' lang='lat' dir='ltr'><strong>non</strong></span> <span class='ocrx_word' id='word_1_704' title='bbox 3269 3824 3453 3880; x_wconf 85' lang='lat' dir='ltr'><strong>posse.</strong></span> 
     </span>
    </p>
   </div>
   <div class='ocr_carea' id='block_1_96' title="bbox 1868 3897 3455 3969">
    <p class='ocr_par' dir='ltr' id='par_1_96' title="bbox 1868 3897 3455 3969">
     <span class='ocr_line' id='line_1_96' title="bbox 1868 3897 3455 3969; baseline 0.004 -17"><span class='ocrx_word' id='word_1_705' title='bbox 1868 3913 1991 3968; x_wconf 73' lang='lat' dir='ltr'><strong>qua:</strong></span> <span class='ocrx_word' id='word_1_706' title='bbox 2032 3897 2088 3953; x_wconf 92' lang='lat' dir='ltr'><strong>in</strong></span> <span class='ocrx_word' id='word_1_707' title='bbox 2122 3899 2360 3969; x_wconf 90' lang='lat' dir='ltr'><strong>seipsam</strong></span> <span class='ocrx_word' id='word_1_708' title='bbox 2414 3899 2591 3956; x_wconf 89' lang='lat' dir='ltr'><strong>divisa</strong></span> <span class='ocrx_word' id='word_1_709' title='bbox 2651 3901 2724 3957; x_wconf 91' lang='lat' dir='ltr'><strong>sit</strong></span> <span class='ocrx_word' id='word_1_710' title='bbox 2752 3901 2795 3956; x_wconf 86' lang='lat'><strong>&quot;.</strong></span> <span class='ocrx_word' id='word_1_711' title='bbox 2832 3899 3101 3956; x_wconf 79' lang='lat' dir='ltr'><strong>Praeterea</strong></span> <span class='ocrx_word' id='word_1_712' title='bbox 3129 3903 3392 3957; x_wconf 91' lang='lat' dir='ltr'><strong>mundum</strong></span> <span class='ocrx_word' id='word_1_713' title='bbox 3425 3919 3455 3958; x_wconf 93' lang='lat' dir='ltr'><strong>a</strong></span> 
     </span>
    </p>
   </div>
   <div class='ocr_carea' id='block_1_97' title="bbox 1868 3990 3453 4066">
    <p class='ocr_par' dir='ltr' id='par_1_97' title="bbox 1868 3990 3453 4066">
     <span class='ocr_line' id='line_1_97' title="bbox 1868 3990 3453 4066; baseline 0.006 -21"><span class='ocrx_word' id='word_1_714' title='bbox 1868 4005 1929 4045; x_wconf 90' lang='lat' dir='ltr'><strong>se</strong></span> <span class='ocrx_word' id='word_1_715' title='bbox 1955 3990 2282 4046; x_wconf 87' lang='lat' dir='ltr'><strong>fabricatum</strong></span> <span class='ocrx_word' id='word_1_716' title='bbox 2317 3994 2556 4060; x_wconf 88' lang='lat' dir='ltr'><strong>asserit;</strong></span> <span class='ocrx_word' id='word_1_717' title='bbox 2608 3994 2905 4066; x_wconf 88' lang='lat' dir='ltr'><strong>omniaque</strong></span> <span class='ocrx_word' id='word_1_718' title='bbox 2938 4009 3033 4065; x_wconf 90' lang='lat' dir='ltr'><strong>per</strong></span> <span class='ocrx_word' id='word_1_719' title='bbox 3074 3994 3251 4065; x_wconf 91' lang='lat' dir='ltr'><strong>ipsum</strong></span> <span class='ocrx_word' id='word_1_720' title='bbox 3291 3995 3453 4056; x_wconf 88' lang='lat' dir='ltr'><strong>facta.</strong></span> 
     </span>
    </p>
   </div>
   <div class='ocr_carea' id='block_1_98' title="bbox 1866 4084 3456 4155">
    <p class='ocr_par' dir='ltr' id='par_1_98' title="bbox 1866 4084 3456 4155">
     <span class='ocr_line' id='line_1_98' title="bbox 1866 4084 3456 4155; baseline 0.001 -16"><span class='ocrx_word' id='word_1_721' title='bbox 1866 4090 1921 4139; x_wconf 86' lang='lat' dir='ltr'><strong>et</strong></span> <span class='ocrx_word' id='word_1_722' title='bbox 1948 4084 2067 4139; x_wconf 91' lang='lat' dir='ltr'><strong>sine</strong></span> <span class='ocrx_word' id='word_1_723' title='bbox 2099 4084 2219 4155; x_wconf 92' lang='lat' dir='ltr'><strong>ipso</strong></span> <span class='ocrx_word' id='word_1_724' title='bbox 2256 4085 2392 4139; x_wconf 85' lang='lat' dir='ltr'><strong>nihil</strong></span> <span class='ocrx_word' id='word_1_725' title='bbox 2433 4101 2556 4142; x_wconf 89' lang='lat' dir='ltr'><strong>esse</strong></span> <span class='ocrx_word' id='word_1_726' title='bbox 2576 4085 2828 4141; x_wconf 73' lang='lat' dir='ltr'><strong>factum&quot;.</strong></span> <span class='ocrx_word' id='word_1_727' title='bbox 2864 4084 3077 4153; x_wconf 88' lang='lat' dir='ltr'><strong>Quibus</strong></span> <span class='ocrx_word' id='word_1_728' title='bbox 3109 4086 3291 4141; x_wconf 88' lang='lat' dir='ltr'><strong>verbis</strong></span> <span class='ocrx_word' id='word_1_729' title='bbox 3324 4102 3456 4155; x_wconf 78' lang='lat' dir='ltr'><strong>apo-</strong></span> 
     </span>
    </p>
   </div>
   <div class='ocr_carea' id='block_1_99' title="bbox 1868 4174 3457 4233">
    <p class='ocr_par' dir='ltr' id='par_1_99' title="bbox 1868 4174 3457 4233">
     <span class='ocr_line' id='line_1_99' title="bbox 1868 4174 3457 4233; baseline 0.001 -3"><span class='ocrx_word' id='word_1_730' title='bbox 1868 4174 2046 4231; x_wconf 87' lang='lat' dir='ltr'><strong>stolus</strong></span> <span class='ocrx_word' id='word_1_731' title='bbox 2070 4176 2623 4231; x_wconf 89' lang='lat' dir='ltr'><strong>mendacissimorum</strong></span> <span class='ocrx_word' id='word_1_732' title='bbox 2655 4178 2936 4233; x_wconf 90' lang='lat' dir='ltr'><strong>hominum</strong></span> <span class='ocrx_word' id='word_1_733' title='bbox 2970 4178 3196 4233; x_wconf 91' lang='lat' dir='ltr'><strong>minime</strong></span> <span class='ocrx_word' id='word_1_734' title='bbox 3225 4178 3457 4233; x_wconf 89' lang='lat' dir='ltr'><strong>solidam</strong></span> 
     </span>
    </p>
   </div>
   <div class='ocr_carea' id='block_1_100' title="bbox 1869 4267 3455 4341">
    <p class='ocr_par' dir='ltr' id='par_1_100' title="bbox 1869 4267 3455 4341">
     <span class='ocr_line' id='line_1_100' title="bbox 1869 4267 3455 4341; baseline 0.003 -20"><span class='ocrx_word' id='word_1_735' title='bbox 1869 4267 2193 4337; x_wconf 86' lang='lat' dir='ltr'><strong>sapientiam</strong></span> <span class='ocrx_word' id='word_1_736' title='bbox 2222 4267 2441 4334; x_wconf 90' lang='lat' dir='ltr'><strong>refellit,</strong></span> <span class='ocrx_word' id='word_1_737' title='bbox 2508 4284 2610 4325; x_wconf 91' lang='lat' dir='ltr'><strong>nec</strong></span> <span class='ocrx_word' id='word_1_738' title='bbox 2658 4269 2921 4341; x_wconf 90' lang='lat' dir='ltr'><strong>pestifero</strong></span> <span class='ocrx_word' id='word_1_739' title='bbox 2978 4271 3139 4325; x_wconf 91' lang='lat' dir='ltr'><strong>alicui</strong></span> <span class='ocrx_word' id='word_1_740' title='bbox 3197 4268 3327 4337; x_wconf 91' lang='lat' dir='ltr'><strong>Deo,</strong></span> <span class='ocrx_word' id='word_1_741' title='bbox 3360 4272 3455 4326; x_wconf 90' lang='lat' dir='ltr'><strong>sed</strong></span> 
     </span>
    </p>
   </div>
   <div class='ocr_carea' id='block_1_101' title="bbox 1866 4348 3456 4431">
    <p class='ocr_par' dir='ltr' id='par_1_101' title="bbox 1866 4348 3456 4431">
     <span class='ocr_line' id='line_1_101' title="bbox 1866 4348 3456 4431; baseline 0.003 -18"><span class='ocrx_word' id='word_1_742' title='bbox 1866 4360 2037 4429; x_wconf 91' lang='lat' dir='ltr'><strong>justo,</strong></span> <span class='ocrx_word' id='word_1_743' title='bbox 2071 4367 2125 4415; x_wconf 91' lang='lat' dir='ltr'><strong>et</strong></span> <span class='ocrx_word' id='word_1_744' title='bbox 2160 4348 2525 4431; x_wconf 74' lang='lat' dir='ltr'><strong>improbitatis</strong></span> <span class='ocrx_word' id='word_1_745' title='bbox 2567 4361 2746 4417; x_wconf 85' lang='lat' dir='ltr'><strong>omnis</strong></span> <span class='ocrx_word' id='word_1_746' title='bbox 2779 4361 3001 4417; x_wconf 89' lang='lat' dir='ltr'><strong>inimico</strong></span> <span class='ocrx_word' id='word_1_747' title='bbox 3030 4362 3244 4417; x_wconf 89' lang='lat' dir='ltr'><strong>illarum</strong></span> <span class='ocrx_word' id='word_1_748' title='bbox 3273 4378 3456 4419; x_wconf 90' lang='lat' dir='ltr'><strong>rerum</strong></span> 
     </span>
    </p>
   </div>
   <div class='ocr_carea' id='block_1_102' title="bbox 1871 4452 3459 4510">
    <p class='ocr_par' dir='ltr' id='par_1_102' title="bbox 1871 4452 3459 4510">
     <span class='ocr_line' id='line_1_102' title="bbox 1871 4452 3459 4510; baseline 0.001 -3"><span class='ocrx_word' id='word_1_749' title='bbox 1871 4452 2249 4508; x_wconf 88' lang='lat' dir='ltr'><strong>auctoritatem</strong></span> <span class='ocrx_word' id='word_1_750' title='bbox 2300 4454 2567 4509; x_wconf 88' lang='lat' dir='ltr'><strong>concedit.</strong></span> <span class='ocrx_word' id='word_1_751' title='bbox 2597 4453 2701 4509; x_wconf 88' lang='lat' dir='ltr'><strong>Sed</strong></span> <span class='ocrx_word' id='word_1_752' title='bbox 2736 4455 3146 4510; x_wconf 88' lang='lat' dir='ltr'><strong>temerariorum</strong></span> <span class='ocrx_word' id='word_1_753' title='bbox 3175 4454 3459 4510; x_wconf 92' lang='lat' dir='ltr'><strong>hominum</strong></span> 
     </span>
    </p>
   </div>
   <div class='ocr_carea' id='block_1_103' title="bbox 1870 4544 3462 4618">
    <p class='ocr_par' dir='ltr' id='par_1_103' title="bbox 1870 4544 3462 4618">
     <span class='ocr_line' id='line_1_103' title="bbox 1870 4544 3462 4618; baseline 0.004 -22"><span class='ocrx_word' id='word_1_754' title='bbox 1870 4544 1962 4596; x_wconf 90' lang='lat' dir='ltr'><strong>illa</strong></span> <span class='ocrx_word' id='word_1_755' title='bbox 2010 4544 2217 4613; x_wconf 90' lang='lat' dir='ltr'><strong>judicia</strong></span> <span class='ocrx_word' id='word_1_756' title='bbox 2273 4554 2435 4610; x_wconf 89' lang='lat' dir='ltr'><strong>sunt,</strong></span> <span class='ocrx_word' id='word_1_757' title='bbox 2492 4562 2671 4618; x_wconf 84' lang='lat' dir='ltr'><strong>neque</strong></span> <span class='ocrx_word' id='word_1_758' title='bbox 2738 4545 3055 4603; x_wconf 86' lang='lat' dir='ltr'><strong>Conditoris</strong></span> <span class='ocrx_word' id='word_1_759' title='bbox 3104 4548 3462 4618; x_wconf 70' lang='lat' dir='ltr'><strong>providentiae</strong></span> 
     </span>
    </p>
   </div>
   <div class='ocr_carea' id='block_1_104' title="bbox 1872 4639 3459 4712">
    <p class='ocr_par' dir='ltr' id='par_1_104' title="bbox 1872 4639 3459 4712">
     <span class='ocr_line' id='line_1_104' title="bbox 1872 4639 3459 4712; baseline 0.003 -18"><span class='ocrx_word' id='word_1_760' title='bbox 1872 4653 2070 4695; x_wconf 83' lang='lat' dir='ltr'><strong>causas</strong></span> <span class='ocrx_word' id='word_1_761' title='bbox 2106 4639 2545 4711; x_wconf 88' lang='lat' dir='ltr'><strong>intelligentium,</strong></span> <span class='ocrx_word' id='word_1_762' title='bbox 2578 4642 2780 4712; x_wconf 89' lang='lat' dir='ltr'><strong>quique</strong></span> <span class='ocrx_word' id='word_1_763' title='bbox 2802 4656 2911 4697; x_wconf 92' lang='lat' dir='ltr'><strong>non</strong></span> <span class='ocrx_word' id='word_1_764' title='bbox 2944 4642 3326 4709; x_wconf 86' lang='lat' dir='ltr'><strong>animisolum,</strong></span> <span class='ocrx_word' id='word_1_765' title='bbox 3364 4645 3459 4699; x_wconf 91' lang='lat' dir='ltr'><strong>sed</strong></span> 
     </span>
    </p>
   </div>
   <div class='ocr_carea' id='block_1_105' title="bbox 1871 4730 3459 4805">
    <p class='ocr_par' dir='ltr' id='par_1_105' title="bbox 1871 4730 3459 4805">
     <span class='ocr_line' id='line_1_105' title="bbox 1871 4730 3459 4805; baseline 0.004 -19"><span class='ocrx_word' id='word_1_766' title='bbox 1871 4730 2033 4786; x_wconf 89' lang='lat' dir='ltr'><strong>etiam</strong></span> <span class='ocrx_word' id='word_1_767' title='bbox 2053 4732 2301 4802; x_wconf 86' lang='lat' dir='ltr'><strong>corporis</strong></span> <span class='ocrx_word' id='word_1_768' title='bbox 2332 4734 2508 4789; x_wconf 87' lang='lat' dir='ltr'><strong>oculis</strong></span> <span class='ocrx_word' id='word_1_769' title='bbox 2542 4734 2831 4789; x_wconf 86' lang='lat' dir='ltr'><strong>videantur</strong></span> <span class='ocrx_word' id='word_1_770' title='bbox 2868 4750 2989 4790; x_wconf 91' lang='lat' dir='ltr'><strong>esse</strong></span> <span class='ocrx_word' id='word_1_771' title='bbox 3023 4736 3186 4805; x_wconf 90' lang='lat' dir='ltr'><strong>capti.</strong></span> <span class='ocrx_word' id='word_1_772' title='bbox 3215 4737 3459 4801; x_wconf 87' lang='lat' dir='ltr'><strong>Quanto-</strong></span> 
     </span>
    </p>
   </div>
   <div class='ocr_carea' id='block_1_106' title="bbox 1875 4812 3464 4900">
    <p class='ocr_par' dir='ltr' id='par_1_106' title="bbox 1875 4812 3464 4900">
     <span class='ocr_line' id='line_1_106' title="bbox 1875 4812 3464 4900; baseline 0.006 -24"><span class='ocrx_word' id='word_1_773' title='bbox 1875 4836 2004 4890; x_wconf 88' lang='lat' dir='ltr'><strong>pere</strong></span> <span class='ocrx_word' id='word_1_774' title='bbox 2035 4822 2203 4892; x_wconf 84' lang='lat' dir='ltr'><strong>igitur</strong></span> <span class='ocrx_word' id='word_1_775' title='bbox 2258 4823 2334 4877; x_wconf 89' lang='lat' dir='ltr'><strong>illi</strong></span> <span class='ocrx_word' id='word_1_776' title='bbox 2378 4839 2408 4878; x_wconf 92' lang='lat' dir='ltr'><strong>a</strong></span> <span class='ocrx_word' id='word_1_777' title='bbox 2443 4812 2674 4880; x_wconf 86' lang='lat' dir='ltr'><strong>veritate</strong></span> <span class='ocrx_word' id='word_1_778' title='bbox 2733 4823 3057 4895; x_wconf 89' lang='lat' dir='ltr'><strong>dissideant,</strong></span> <span class='ocrx_word' id='word_1_779' title='bbox 3096 4843 3163 4882; x_wconf 84' lang='lat' dir='ltr'><strong>ex</strong></span> <span class='ocrx_word' id='word_1_780' title='bbox 3226 4829 3294 4884; x_wconf 93' lang='lat' dir='ltr'><strong>iis</strong></span> <span class='ocrx_word' id='word_1_781' title='bbox 3342 4844 3464 4900; x_wconf 67' lang='lat' dir='ltr'><strong>qua:</strong></span> 
     </span>
    </p>
   </div>
   <div class='ocr_carea' id='block_1_107' title="bbox 1877 4914 3465 4993">
    <p class='ocr_par' dir='ltr' id='par_1_107' title="bbox 1877 4914 3465 4993">
     <span class='ocr_line' id='line_1_107' title="bbox 1877 4914 3465 4993; baseline 0.005 -24"><span class='ocrx_word' id='word_1_782' title='bbox 1877 4914 2022 4969; x_wconf 88' lang='lat' dir='ltr'><strong>dicta</strong></span> <span class='ocrx_word' id='word_1_783' title='bbox 2050 4924 2180 4971; x_wconf 90' lang='lat' dir='ltr'><strong>sunt</strong></span> <span class='ocrx_word' id='word_1_784' title='bbox 2211 4916 2426 4974; x_wconf 88' lang='lat' dir='ltr'><strong>abunde</strong></span> <span class='ocrx_word' id='word_1_785' title='bbox 2469 4926 2623 4988; x_wconf 87' lang='lat' dir='ltr'><strong>potes</strong></span> <span class='ocrx_word' id='word_1_786' title='bbox 2683 4932 3033 4989; x_wconf 86' lang='lat' dir='ltr'><strong>cognoscere.</strong></span> <span class='ocrx_word' id='word_1_787' title='bbox 3072 4920 3178 4976; x_wconf 90' lang='lat' dir='ltr'><strong>Sed</strong></span> <span class='ocrx_word' id='word_1_788' title='bbox 3202 4930 3465 4993; x_wconf 90' lang='lat' dir='ltr'><strong>utrosque</strong></span> 
     </span>
    </p>
   </div>
   <div class='ocr_carea' id='block_1_108' title="bbox 1877 5009 3460 5083">
    <p class='ocr_par' dir='ltr' id='par_1_108' title="bbox 1877 5009 3460 5083">
     <span class='ocr_line' id='line_1_108' title="bbox 1877 5009 3460 5083; baseline 0.005 -21"><span class='ocrx_word' id='word_1_789' title='bbox 1877 5009 2159 5079; x_wconf 88' lang='lat' dir='ltr'><strong>proprium</strong></span> <span class='ocrx_word' id='word_1_790' title='bbox 2192 5010 2450 5082; x_wconf 90' lang='lat' dir='ltr'><strong>quiddam</strong></span> <span class='ocrx_word' id='word_1_791' title='bbox 2488 5028 2551 5067; x_wconf 93' lang='lat' dir='ltr'><strong>ac</strong></span> <span class='ocrx_word' id='word_1_792' title='bbox 2581 5013 2855 5083; x_wconf 89' lang='lat' dir='ltr'><strong>peculiare</strong></span> <span class='ocrx_word' id='word_1_793' title='bbox 2893 5012 2961 5068; x_wconf 90' lang='lat' dir='ltr'><strong>ad</strong></span> <span class='ocrx_word' id='word_1_794' title='bbox 3007 5014 3079 5068; x_wconf 87' lang='lat' dir='ltr'><strong>ita</strong></span> <span class='ocrx_word' id='word_1_795' title='bbox 3116 5015 3460 5071; x_wconf 87' lang='lat' dir='ltr'><strong>sentiendum</strong></span> 
     </span>
    </p>
   </div>
   <div class='ocr_carea' id='block_1_109' title="bbox 2876 5169 3460 5245">
    <p class='ocr_par' dir='ltr' id='par_1_109' title="bbox 2876 5169 3460 5245">
     <span class='ocr_line' id='line_1_109' title="bbox 2876 5169 3460 5245; baseline 0.007 -20"><span class='ocrx_word' id='word_1_796' title='bbox 2876 5170 2900 5204; x_wconf 84' lang='grc'>⁸</span> <span class='ocrx_word' id='word_1_797' title='bbox 2934 5169 3098 5229; x_wconf 89' lang='lat' dir='ltr'><strong>Deest</strong></span> <span class='ocrx_word' id='word_1_798' title='bbox 3136 5173 3267 5245; x_wconf 81' lang='grc' dir='ltr'>χρή.</span> <span class='ocrx_word' id='word_1_799' title='bbox 3348 5174 3370 5206; x_wconf 78' lang='grc'>⁸</span> <span class='ocrx_word' id='word_1_800' title='bbox 3394 5171 3460 5229; x_wconf 91' lang='lat' dir='ltr'><strong>F.</strong></span> 
     </span>
    </p>
   </div>
   <div class='ocr_carea' id='block_1_110' title="bbox 248 5383 1743 5467">
    <p class='ocr_par' dir='ltr' id='par_1_110' title="bbox 248 5383 1743 5467">
     <span class='ocr_line' id='line_1_110' title="bbox 248 5383 1743 5467; baseline 0.005 -28"><span class='ocrx_word' id='word_1_801' title='bbox 248 5383 367 5455; x_wconf 84' lang='lat'><strong>(96)</strong></span> <span class='ocrx_word' id='word_1_802' title='bbox 408 5383 518 5466; x_wconf 75' lang='grc' dir='ltr'>1ςαί</span> <span class='ocrx_word' id='word_1_803' title='bbox 558 5384 665 5439; x_wconf 87' lang='grc' dir='ltr'><strong>τοῦ</strong></span> <span class='ocrx_word' id='word_1_804' title='bbox 707 5384 1002 5467; x_wconf 67' lang='grc' dir='ltr'>οςςξετέρου</span> <span class='ocrx_word' id='word_1_805' title='bbox 1032 5387 1441 5467; x_wconf 72' lang='grc' dir='ltr'>πληρωθῆναι.</span> <span class='ocrx_word' id='word_1_806' title='bbox 1480 5387 1743 5467; x_wconf 79' lang='lat' dir='ltr'><strong>Utcunqu</strong></span> 
     </span>
    </p>
   </div>
   <div class='ocr_carea' id='block_1_111' title="bbox 1930 5383 3463 5467">
    <p class='ocr_par' dir='ltr' id='par_1_111' title="bbox 1930 5394 3463 5467">
     <span class='ocr_line' id='line_1_111' title="bbox 1930 5394 3463 5467; baseline 0.003 -19"><span class='ocrx_word' id='word_1_807' title='bbox 1930 5394 2096 5450; x_wconf 79' lang='lat' dir='ltr'><strong>)mine</strong></span> <span class='ocrx_word' id='word_1_808' title='bbox 2139 5394 2406 5450; x_wconf 82' lang='lat' dir='ltr'><strong>Joannem</strong></span> <span class='ocrx_word' id='word_1_809' title='bbox 2460 5396 2764 5467; x_wconf 88' lang='lat' dir='ltr'><strong>intelligere</strong></span> <span class='ocrx_word' id='word_1_810' title='bbox 2814 5396 3054 5462; x_wconf 87' lang='lat' dir='ltr'><strong>videtur,</strong></span> <span class='ocrx_word' id='word_1_811' title='bbox 3106 5404 3166 5452; x_wconf 92' lang='lat' dir='ltr'><strong>ut</strong></span> <span class='ocrx_word' id='word_1_812' title='bbox 3213 5396 3280 5451; x_wconf 91' lang='lat' dir='ltr'><strong>ad</strong></span> <span class='ocrx_word' id='word_1_813' title='bbox 3313 5397 3463 5467; x_wconf 82' lang='grc' dir='ltr'>λέγει</span> 
     </span>
    </p>
   </div>
   <div class='ocr_carea' id='block_1_112' title="bbox 166 5456 1774 5528">
    <p class='ocr_par' dir='ltr' id='par_1_112' title="bbox 166 5456 1774 5528">
     <span class='ocr_line' id='line_1_112' title="bbox 166 5456 1774 5528; baseline 0.002 -15"><span class='ocrx_word' id='word_1_814' title='bbox 166 5471 387 5513; x_wconf 79' lang='lat' dir='ltr'><strong>sensus</strong></span> <span class='ocrx_word' id='word_1_815' title='bbox 422 5456 500 5528; x_wconf 75' lang='lat' dir='ltr'><strong>iis</strong></span> <span class='ocrx_word' id='word_1_816' title='bbox 527 5472 595 5511; x_wconf 85' lang='lat' dir='ltr'><strong>ex</strong></span> <span class='ocrx_word' id='word_1_817' title='bbox 635 5458 967 5528; x_wconf 10' lang='lat' dir='ltr'><strong>verbisrerui</strong></span> <span class='ocrx_word' id='word_1_818' title='bbox 998 5460 1193 5528; x_wconf 86' lang='lat' dir='ltr'><strong>possit,</strong></span> <span class='ocrx_word' id='word_1_819' title='bbox 1230 5461 1377 5528; x_wconf 87' lang='lat' dir='ltr'><strong>quod</strong></span> <span class='ocrx_word' id='word_1_820' title='bbox 1410 5462 1631 5517; x_wconf 87' lang='lat' dir='ltr'><strong>nonnisi</strong></span> <span class='ocrx_word' id='word_1_821' title='bbox 1656 5456 1774 5517; x_wconf 69' lang='lat' dir='ltr'><strong>v&#39;io-</strong></span> 
     </span>
    </p>
   </div>
   <div class='ocr_carea' id='block_1_113' title="bbox 1873 5467 3461 5536">
    <p class='ocr_par' dir='ltr' id='par_1_113' title="bbox 1873 5467 3461 5536">
     <span class='ocr_line' id='line_1_113' title="bbox 1873 5467 3461 5536; baseline 0.003 -19"><span class='ocrx_word' id='word_1_822' title='bbox 1873 5467 2040 5536; x_wconf 90' lang='lat' dir='ltr'><strong>paulo</strong></span> <span class='ocrx_word' id='word_1_823' title='bbox 2066 5474 2189 5520; x_wconf 88' lang='lat' dir='ltr'><strong>ante</strong></span> <span class='ocrx_word' id='word_1_824' title='bbox 2220 5467 2455 5535; x_wconf 89' lang='lat' dir='ltr'><strong>positum</strong></span> <span class='ocrx_word' id='word_1_825' title='bbox 2492 5468 2780 5535; x_wconf 83' lang='lat' dir='ltr'><strong>referatur,</strong></span> <span class='ocrx_word' id='word_1_826' title='bbox 2814 5468 2916 5522; x_wconf 87' lang='lat' dir='ltr'><strong>hoc</strong></span> <span class='ocrx_word' id='word_1_827' title='bbox 2942 5485 3106 5524; x_wconf 88' lang='lat' dir='ltr'><strong>sensu</strong></span> <span class='ocrx_word' id='word_1_828' title='bbox 3141 5488 3153 5522; x_wconf 88' lang='lat'><strong>:</strong></span> <span class='ocrx_word' id='word_1_829' title='bbox 3190 5467 3461 5522; x_wconf 81' lang='lat' dir='ltr'><strong>Pra’terea</strong></span> 
     </span>
    </p>
   </div>
   <div class='ocr_carea' id='block_1_114' title="bbox 166 5526 3457 5609">
    <p class='ocr_par' dir='ltr' id='par_1_114' title="bbox 166 5526 3457 5609">
     <span class='ocr_line' id='line_1_114' title="bbox 166 5526 3457 5609; baseline 0.004 -29"><span class='ocrx_word' id='word_1_830' title='bbox 166 5531 362 5609; x_wconf 70' lang='lat' dir='ltr'><strong>tenter</strong></span> <span class='ocrx_word' id='word_1_831' title='bbox 403 5526 767 5609; x_wconf 36' lang='lat' dir='ltr'><strong>.lieripotest‘.</strong></span> <span class='ocrx_word' id='word_1_832' title='bbox 816 5526 1165 5609; x_wconf 44' lang='lat' dir='ltr'><strong>Longe—milli</strong></span> <span class='ocrx_word' id='word_1_833' title='bbox 1203 5526 1395 5609; x_wconf 71' lang='lat' dir='ltr'><strong>aptius</strong></span> <span class='ocrx_word' id='word_1_834' title='bbox 1414 5532 1629 5609; x_wconf 80' lang='lat' dir='ltr'><strong>videtur</strong></span> <span class='ocrx_word' id='word_1_835' title='bbox 1676 5536 1777 5609; x_wconf 52' lang='lat' dir='ltr'><strong>aut</strong></span> <span class='ocrx_word' id='word_1_836' title='bbox 1875 5526 2137 5609; x_wconf 50' lang='lat' dir='ltr'><strong>inundant</strong></span> <span class='ocrx_word' id='word_1_837' title='bbox 2187 5526 2251 5591; x_wconf 68' lang='lat' dir='ltr'><strong>ab</strong></span> <span class='ocrx_word' id='word_1_838' title='bbox 2298 5541 2409 5606; x_wconf 80' lang='lat' dir='ltr'><strong>ipso</strong></span> <span class='ocrx_word' id='word_1_839' title='bbox 2453 5526 2805 5607; x_wconf 62' lang='lat' dir='ltr'><strong>fabricatum;</strong></span> <span class='ocrx_word' id='word_1_840' title='bbox 2857 5541 3136 5609; x_wconf 79' lang='lat' dir='ltr'><strong>omniaque</strong></span> <span class='ocrx_word' id='word_1_841' title='bbox 3165 5554 3256 5607; x_wconf 78' lang='lat' dir='ltr'><strong>per</strong></span> <span class='ocrx_word' id='word_1_842' title='bbox 3284 5539 3457 5607; x_wconf 78' lang='lat' dir='ltr'><strong>ipsum</strong></span> 
     </span>
    </p>
   </div>
   <div class='ocr_carea' id='block_1_115' title="bbox 164 5598 1743 5677">
    <p class='ocr_par' dir='ltr' id='par_1_115' title="bbox 164 5598 1743 5677">
     <span class='ocr_line' id='line_1_115' title="bbox 164 5598 1743 5677; baseline 0.004 -26"><span class='ocrx_word' id='word_1_843' title='bbox 164 5598 277 5677; x_wconf 55' lang='grc' dir='ltr'>ἰοῦ</span> <span class='ocrx_word' id='word_1_844' title='bbox 324 5598 417 5677; x_wconf 66' lang='grc' dir='ltr'>ῦφ’</span> <span class='ocrx_word' id='word_1_845' title='bbox 446 5598 673 5677; x_wconf 24' lang='grc' dir='ltr'>’ἑτέροιο</span> <span class='ocrx_word' id='word_1_846' title='bbox 697 5598 1070 5677; x_wconf 83' lang='grc' dir='ltr'>πληρωθῆναι.</span> <span class='ocrx_word' id='word_1_847' title='bbox 1110 5598 1460 5659; x_wconf 71' lang='grc' dir='ltr'>Νοοίἰυὺίιο</span> <span class='ocrx_word' id='word_1_848' title='bbox 1503 5603 1636 5674; x_wconf 83' lang='lat' dir='ltr'><strong>quin</strong></span> <span class='ocrx_word' id='word_1_849' title='bbox 1676 5604 1743 5658; x_wconf 90' lang='lat' dir='ltr'><strong>ho</strong></span> 
     </span>
    </p>
   </div>
   <div class='ocr_carea' id='block_1_116' title="bbox 1930 5598 3459 5677">
    <p class='ocr_par' dir='ltr' id='par_1_116' title="bbox 1930 5598 3459 5677">
     <span class='ocr_line' id='line_1_116' title="bbox 1930 5598 3459 5677; baseline 0.003 -18"><span class='ocrx_word' id='word_1_850' title='bbox 1930 5618 2048 5674; x_wconf 70' lang='lat' dir='ltr'><strong>rcta,</strong></span> <span class='ocrx_word' id='word_1_851' title='bbox 2074 5618 2119 5660; x_wconf 84' lang='lat' dir='ltr'><strong>et</strong></span> <span class='ocrx_word' id='word_1_852' title='bbox 2149 5610 2260 5661; x_wconf 77' lang='lat' dir='ltr'><strong>sine</strong></span> <span class='ocrx_word' id='word_1_853' title='bbox 2288 5598 2401 5676; x_wconf 68' lang='lat' dir='ltr'><strong>ipso</strong></span> <span class='ocrx_word' id='word_1_854' title='bbox 2433 5598 2563 5662; x_wconf 66' lang='lat' dir='ltr'><strong>nihil</strong></span> <span class='ocrx_word' id='word_1_855' title='bbox 2593 5628 2704 5663; x_wconf 75' lang='lat' dir='ltr'><strong>esse</strong></span> <span class='ocrx_word' id='word_1_856' title='bbox 2742 5598 2942 5677; x_wconf 66' lang='lat' dir='ltr'><strong>factum</strong></span> <span class='ocrx_word' id='word_1_857' title='bbox 2979 5598 3206 5663; x_wconf 51' lang='lat' dir='ltr'><strong>(cs&#39;tatu&#39;r</strong></span> <span class='ocrx_word' id='word_1_858' title='bbox 3235 5598 3459 5677; x_wconf 63' lang='lat' dir='ltr'><strong>Aposto-</strong></span> 
     </span>
    </p>
   </div>
   <div class='ocr_carea' id='block_1_117' title="bbox 168 5668 873 5740">
    <p class='ocr_par' dir='ltr' id='par_1_117' title="bbox 168 5668 873 5740">
     <span class='ocr_line' id='line_1_117' title="bbox 168 5668 873 5740; baseline 0 -15"><span class='ocrx_word' id='word_1_859' title='bbox 168 5668 550 5740; x_wconf 12' lang='lat' dir='ltr'><strong>Epiphanius,</strong></span> <span class='ocrx_word' id='word_1_860' title='bbox 568 5668 873 5739; x_wconf 84' lang='lat' dir='ltr'><strong>scripserit.</strong></span> 
     </span>
    </p>
   </div>
   <div class='ocr_carea' id='block_1_118' title="bbox 251 5739 1784 5815">
    <p class='ocr_par' dir='ltr' id='par_1_118' title="bbox 251 5739 1784 5815">
     <span class='ocr_line' id='line_1_118' title="bbox 251 5739 1784 5815; baseline 0.004 -21"><span class='ocrx_word' id='word_1_861' title='bbox 251 5739 366 5810; x_wconf 77' lang='lat'><strong>(97)</strong></span> <span class='ocrx_word' id='word_1_862' title='bbox 421 5739 475 5791; x_wconf 90' lang='lat'><strong>&#39;0</strong></span> <span class='ocrx_word' id='word_1_863' title='bbox 522 5739 880 5807; x_wconf 76' lang='grc' dir='ltr'>ἀπόσπολος</span> <span class='ocrx_word' id='word_1_864' title='bbox 926 5745 1487 5815; x_wconf 76' lang='grc' dir='ltr'>προαποστερήσας.</span> <span class='ocrx_word' id='word_1_865' title='bbox 1538 5744 1784 5815; x_wconf 79' lang='lat' dir='ltr'><strong>Apostoii</strong></span> 
     </span>
    </p>
   </div>
   <div class='ocr_carea' id='block_1_119' title="bbox 1883 5678 3093 5745">
    <p class='ocr_par' dir='ltr' id='par_1_119' title="bbox 1883 5678 3093 5745">
     <span class='ocr_line' id='line_1_119' title="bbox 1883 5678 3093 5745; baseline 0.003 -14"><span class='ocrx_word' id='word_1_866' title='bbox 1883 5678 1996 5745; x_wconf 83' lang='lat' dir='ltr'><strong>lus;</strong></span> <span class='ocrx_word' id='word_1_867' title='bbox 2024 5695 2085 5732; x_wconf 88' lang='lat' dir='ltr'><strong>ac</strong></span> <span class='ocrx_word' id='word_1_868' title='bbox 2117 5680 2638 5734; x_wconf 74' lang='lat' dir='ltr'><strong>mendacissiuwrum</strong></span> <span class='ocrx_word' id='word_1_869' title='bbox 2671 5681 2959 5745; x_wconf 79' lang='lat' dir='ltr'><strong>hominum,</strong></span> <span class='ocrx_word' id='word_1_870' title='bbox 2988 5688 3093 5735; x_wconf 88' lang='lat' dir='ltr'><strong>etc.</strong></span> 
     </span>
    </p>
   </div>
  </div>
